3940 6168
276 293 410 351 1265

1483 297 1847 356 ΕΡΙΜὈΕᾸΞ
1887 299 1976 356 ΕΤ
2016 299 2326 357 DECRETA
2338 339 2351 354 .

3408 303 3543 360 1⁵266

279 413 531 477 paveant,
561 414 616 461 et
638 405 818 474 iacula
843 415 1019 463 vestra
1048 409 1100 464 bi
1126 408 1217 479 qui
1253 410 1369 464 sine
1394 409 1503 466 Deo
1539 419 1667 466 sunt
1688 419 1845 465 acuta
1880 415 1925 473 Α
1955 422 2009 466 et
2034 430 2133 483 pro
2162 413 2508 471 simulatione
2559 416 2753 486 potiori
2814 431 2954 472 nexu
3012 416 3283 489 ligabcris.
3330 418 3539 474 Etenim

280 497 572 567 reperiant.
604 496 742 563 Quin
766 497 1001 568 penitus,
1036 501 1328 555 secundum
1354 501 1696 571 Apostolum,
1752 516 1856 555 non

278 589 349 644 sit
373 588 528 643 vobis
555 589 860 645 colluctatio
886 592 1146 647 adversus
1170 607 1389 647 carnem
1426 601 1481 647 et
1514 592 1857 663 sanguinem,

280 680 332 735 id
360 687 445 735 est
473 680 743 741 homines,
774 680 868 735 sed
896 682 1155 737 adversus
1175 682 1445 752 principes
1465 692 1518 736 et
1537 691 1858 752 potestates,

279 771 540 827 adversus
564 771 748 826 mundi
777 780 1015 827 rectores
1043 774 1391 828 tenebrarum
1424 775 1640 837 harum,
1670 782 1856 829 contra

277 859 543 930 spiritalia
568 861 823 930 nequitiae
844 861 897 915 in
921 861 1230 918 cmlestibns
1248 861 1464 932 (Epltes.
1486 861 1585 935 vt).
1608 863 1859 932 Alioquin

280 967 504 1006 manum
551 950 861 1022 apostolicae
895 953 1041 1008 sedis
1067 968 1191 1009 cum
1220 955 1410 1009 eodem
1434 954 1681 1025 piissimo
1712 955 1861 1023 prin-

275 1044 399 1113 cipe
424 1041 637 1099 fortiter
657 1058 777 1099 esse
796 1046 1126 1116 cognoscite,
1152 1053 1208 1100 et
1237 1061 1388 1100 arma
1418 1055 1603 1100 nostra
1635 1045 1709 1099 illi
1742 1062 1861 1100 mn-

274 1134 485 1189 nimina
513 1134 846 1189 validissima
882 1135 1249 1199 conferentia,
1282 1153 1495 1192 summo
1537 1138 1861 1207 agonotheta

271 1224 434 1281 nobis
461 1236 809 1281 concertante
826 1266 840 1291 ,
860 1236 915 1281 et
942 1227 1223 1283 beatorum
1246 1229 1550 1299 principum
1582 1228 1855 1299 apostolo-

272 1330 399 1371 rum
429 1316 815 1371 intercessione
843 1327 1189 1386 cooperante,
1230 1328 1529 1390 praeparata
1556 1320 1673 1374 sine
1702 1334 1862 1374 cunc-
1902 1344 1905 1347 -

276 1406 485 1461 tatione
509 1408 850 1477 prmnoscite.
883 1408 1151 1479 Optamus
1199 1410 1430 1480 gloriam
1453 1421 1692 1468 vestram
1720 1428 1866 1468 nunc

272 1508 332 1553 et
354 1513 574 1567 semper
617 1498 671 1553 in
711 1498 928 1555 Christo
966 1501 1179 1566 valere,
1210 1502 1561 1558 dilectissime
1586 1501 1683 1557 ﬁli.
1726 1503 1860 1558 Data

273 1591 451 1661 pridie
463 1589 586 1647 ldus
611 1590 956 1658 Februarias,
981 1592 1278 1649 indictione
1303 1593 1501 1664 prima.

834 1854 899 1892 AD
937 1856 1293 1896 WALDRADAM.

883 1951 1058 2023 (Anno
1107 1953 1257 2027 868.)

277 2058 653 2134 Waldradam,
676 2064 800 2134 quia
838 2066 1114 2133 resipuisse
1158 2065 1445 2129 dicebatur,
1481 2066 1734 2122 Ludovici
1764 2068 1863 2121 im-

348 2133 605 2205 peratoris
671 2133 879 2205 rogatu,
935 2137 1285 2189 communioni
1335 2135 1584 2191 Ecclesia:
1617 2139 1863 2205 restituit,

348 2199 411 2253 ea
453 2199 560 2271 lege
587 2212 645 2255 ut
675 2199 743 2256 ad
774 2203 1011 2257 Lotharii
1036 2205 1335 2260 societatem
1369 2222 1471 2260 non
1502 2208 1697 2261 redeat.

1961 505 2142 560 divino
2171 505 2344 560 fertur
2398 506 2622 562 oraculo
2646 506 2700 579 (1
2725 506 2854 579 Reg.
2896 507 3034 579 xw),
3061 508 3184 578 quia
3215 510 3374 563 homo
3402 510 3546 565 videt

1960 596 2015 651 in
2072 597 2284 659 faciem,
2318 598 2460 654 Deus
2490 606 2671 654 autem
2698 587 2795 654 cor
2843 597 3103 653 intuetur.
3132 598 3276 671 Ergo
3300 612 3369 653 ne
3395 599 3543 654 dele-

1960 689 2125 744 cteris
2147 689 2201 744 in
2230 688 2449 754 inlimis,
2478 690 2574 744 sed
2605 704 2835 760 superna
2858 689 3039 744 cordis
3073 688 3284 745 intuere
3330 704 3547 759 semper

1960 781 2254 836 obtutibus.
2315 781 2527 838 Caduca
2578 791 2704 837 sunt
2753 796 2874 852 qua:
2918 790 3233 846 cernuntur,
3266 796 3387 850 quae
3414 794 3546 837 vero

1960 888 2066 927 non
2096 874 2350 930 videntur
2368 882 2569 929 teterna
2596 874 2917 929 consistunt.
2949 873 3069 927 Noli
3100 889 3228 945 rogo
3254 889 3351 943 pro
3377 882 3549 929 terre-

1960 965 2047 1019 nis
2075 964 2339 1031 cmlestia,
2368 981 2468 1036 pro
2493 965 2795 1020 visibilibus
2825 964 3036 1034 gaudiis
3057 963 3283 1032 perdere
3310 965 3526 1034 gaudia,

1960 1069 2081 1123 quae
2101 1055 2317 1124 quidem
2343 1069 2444 1109 nec
2465 1053 2693 1122 cogitari
2726 1051 3017 1107 sufﬁciunt.
3049 1051 3242 1106 Nullus
3269 1052 3366 1107 tibi
3396 1052 3546 1107 blan-

1962 1143 2174 1210 diatur;
2215 1143 2306 1212 qui
2359 1142 2502 1197 enim
2557 1150 2609 1197 te
2659 1142 2996 1205 beatificant,
3025 1141 3124 1212 ipsi
3157 1149 3208 1196 te
3251 1141 3546 1209 decipiunt.

1965 1233 2207 1303 Denique
2231 1234 2661 1303 quantiscunque
2712 1232 3069 1289 velaminibus
3093 1233 3305 1301 justitia
3327 1241 3382 1287 et
3408 1234 3551 1287 veri-

1965 1330 2048 1377 tas
2074 1322 2395 1389 occultetur,
2425 1323 2749 1394 quandoque
2777 1331 2957 1377 tamen
3009 1324 3354 1394 splendorem
3404 1321 3550 1379 foras

1964 1428 2076 1469 sua:
2128 1412 2392 1469 claritatis
2445 1413 2676 1475 emittet,
2706 1426 2807 1468 nec
2855 1414 3052 1483 poterit
3080 1414 3302 1468 omnino
3346 1413 3552 1469 diutius

1966 1502 2149 1557 nubilo
2172 1517 2329 1557 smvte
2351 1491 2683 1559 delensionis
2707 1502 2923 1558 obduci.
2949 1501 3125 1569 Quod,
3154 1501 3369 1557 favente
3415 1502 3548 1567 Deo,

1967 1599 2079 1648 tam
2109 1592 2253 1651 sedis
2278 1590 2589 1662 apostolica:
2618 1592 2816 1657 studio,
2839 1607 3002 1662 quam
3033 1593 3318 1648 rectissimi
3344 1592 3549 1662 princi-

1967 1682 2073 1753 pis,
2122 1682 2426 1738 cbarissimi
2473 1681 2723 1737 videlicet
2768 1681 2861 1736 lilii
2912 1683 3103 1745 nostri,
3152 1683 3237 1737 cui
3273 1698 3550 1753 nunquam

1895 1751 1942 1809 Β
1972 1751 2229 1829 tortitudo
2257 1773 2509 1843 quaelibet
2532 1773 3060 1843 aliquandogplacuit,
3096 1775 3188 1829 sed
3215 1791 3312 1829 nec
3336 1751 3550 1846 placere

1967 1880 2179 1935 quoquo
2227 1866 2389 1921 modo
2438 1867 2663 1936 poterit,
2696 1865 3081 1932 sollicitudine,
3116 1867 3297 1923 radios
3325 1883 3452 1922 suos
3492 1876 3552 1922 ut

1966 1956 2095 2013 solis
2124 1958 2327 2012 candor
2351 1958 2624 2013 extendet.

2723 2092 2808 2148 Ἦ.

2398 2224 2466 2264 AD
2505 2224 2784 2265 EPISCOPOS
2825 2224 3132 2265 GERMANIE.

359 2313 526 2368 Nemo
554 2315 710 2383 plane
730 2316 939 2370 dubitat
976 2317 1175 2371 nullum
1204 2318 1413 2375 facinus
1436 2336 1578 2393 esse,
1602 2322 1744 2391 quod
1772 2321 1870 2377 Ec-
1939 2320 2236 2375 Absolutum
2267 2337 2298 2374 a
2325 2337 2379 2374 se
2401 2319 2772 2393 Waldmdam,
2813 2330 2861 2375 et
2908 2323 3311 2393 congruentibus
3338 2324 3552 2378 monitis

274 2405 447 2459 elesia
474 2404 595 2458 data
621 2405 723 2459 sibi
751 2406 1009 2461 divinitus
1036 2415 1302 2476 potestate
1348 2410 1417 2462 ab
1445 2423 1510 2463 eo
1547 2409 1862 2465 desistenti-

272 2496 383 2551 bus
418 2512 523 2550 non
545 2496 715 2566 possit
744 2497 1045 2561 absolvere,
1076 2508 1132 2552 et
1177 2499 1564 2569 paenitentibus
1597 2500 1864 2566 relaxare,

273 2587 368 2642 cui
391 2587 590 2642 dicitur
623 2605 635 2639 :
664 2587 1002 2658 Qurrcunque
1027 2589 1333 2645 dimiserilis
1358 2578 1515 2660 super
1555 2602 1768 2657 terram,
1788 2592 1870 2644 di-

273 2679 446 2732 missa
465 2687 616 2733 erunt
640 2689 688 2733 et
724 2680 780 2733 in
809 2679 949 2733 cadis
972 2697 990 2734 :
1010 2689 1056 2734 et
1090 2698 1412 2752 qumcunque
1437 2682 1692 2737 solveritis
1714 2700 1871 2753 super

275 2781 500 2837 terram,
524 2770 696 2825 soluta
720 2781 870 2826 erunt
892 2782 939 2826 et
963 2773 1017 2826 in
1046 2774 1185 2828 cwlis
1217 2773 1235 2846 (
1269 2772 1462 2828 Matth.
1507 2790 1667 2838 xvm,
1706 2773 1867 2830 Joan.

279 2859 404 2930 20).
434 2859 493 2914 ln
542 2859 949 2929 quibuseunque
982 2861 1162 2916 omnia
1194 2871 1338 2927 sunt,
1370 2870 1787 2933 quantacunque
1816 2870 1872 2918 et

278 2951 681 3022 qualiacunque
728 2952 855 3008 sint.
884 2952 1036 3021 Quod
1065 2954 1228 3008 etiam
1282 2954 1336 3008 ia
1363 2955 1632 3010 sententia
1663 2965 1751 3011 tua
1780 2970 1867 3009 ra-

277 3041 616 3096 tionabiliter
665 3043 1061 3097 observandum
1089 3052 1192 3109 est,
1223 3059 1330 3114 qua
1388 3044 1514 3099 licet
1538 3043 1699 3100 fuerit
1729 3045 1866 3101 obli-

279 3143 437 3205 gata,
461 3135 585 3203 quia
618 3143 821 3201 tamen,
851 3135 992 3190 sicut
1018 3136 1330 3201 multorum,
1357 3137 1452 3192 sed
1494 3135 1762 3207 prazcipue
1786 3135 1880 3192 di--

278 3225 566 3282 lectissimi
592 3227 685 3282 lilii
709 3229 878 3284 nostri
906 3228 1161 3284 Ludovici
1185 3230 1592 3285 clementissimi
1618 3229 1864 3302 Augusti,

281 3317 375 3373 cui
408 3317 539 3372 fides
562 3318 616 3371 in
639 3319 891 3374 omnibus
918 3319 1219 3375 adhibenda
1246 3328 1349 3385 est,
1384 3321 1648 3378 relatione
1681 3320 1870 3377 didici-

280 3428 433 3478 mus,
462 3429 492 3468 a
516 3428 686 3479 naevo,
709 3430 817 3484 quo
842 3415 1116 3471 tenebaris
1147 3415 1429 3479 obstricta,
1463 3416 1755 3485 resipuisse
1783 3414 1867 3470 di-

282 3505 451 3567 ceris,
478 3512 536 3559 et
562 3506 631 3559 ab
659 3505 1039 3570 obstinatione,
1065 3521 1168 3576 qua
1188 3498 1462 3561 videbaris
1510 3521 1739 3571 annexa,
1763 3505 1872 3562 dis-

281 3598 517 3652 cessisse
545 3597 805 3663 narraris,
833 3597 1050 3668 pietatis
1076 3597 1171 3652 tibi
1188 3597 1397 3653 viscera
1423 3597 1639 3652 noveris
1665 3605 1722 3652 et
1741 3611 1873 3667 apo-

283 3686 496 3742 stolicae
538 3686 682 3742 sedis
712 3695 915 3757 aperta,
947 3694 1001 3743 et
1026 3695 1133 3741 tam
1166 3686 1392 3742 vinculis
1425 3687 1792 3753 anathematis
1817 3695 1874 3742 et

284 3775 867 3832 excommunicationis
888 3784 1130 3840 exutam,
1157 3791 1314 3845 quam
1348 3783 1665 3831 cunctorum
1713 3775 1873 3833 Chri-

283 3866 615 3932 Stiauorum,
648 3866 741 3921 Dei
768 3874 823 3921 et
855 3868 1133 3922 beatorum
1162 3866 1462 3938 primorum
1500 3866 1866 3938 apostolorum

282 3956 632 4023 auctoritate,
665 3957 909 4012 societati
965 3957 1248 4024 redditam,
1303 3967 1467 4028 atque
1507 3958 1871 4014 communioni

284 4058 341 4104 te
361 4048 536 4120 gaude
562 4049 838 4105 reductam
867 4066 879 4102 :
909 4048 983 4107 ita
1015 4057 1076 4104 ut
1104 4049 1358 4118 deinceps
1386 4048 1673 4105 ecclesiam
1697 4049 1874 4120 ingre-

285 4137 491 4201 diendi,
523 4145 578 4193 et
623 4138 832 4202 orandi,
890 4138 1338 4209 convivandique,
1369 4154 1465 4194 seu
1491 4155 1612 4195 cum
1661 4140 1875 4206 caeteris

283 4226 614 4282 Christianis
645 4226 916 4297 loquendi,
949 4227 1021 4282 sit
1045 4228 1139 4283 tibi
1167 4238 1391 4284 auctore
1415 4229 1526 4285 Deo
1549 4230 1673 4284 data
1700 4229 1863 4285 licen-

284 4317 361 4373 tia
388 4335 402 4371 :
432 4315 640 4387 praefati
663 4317 926 4374 duntaxat
950 4319 1093 4390 regis
1118 4319 1385 4385 societati,
1410 4328 1628 4391 propter
1669 4321 1874 4391 antiqui

286 4408 466 4463 hostis
509 4409 800 4476 versutias,
848 4409 994 4464 nullo
1040 4418 1201 4479 pacto
1251 4410 1466 4479 penitus
1539 4410 1867 4466 adltterendi.

284 4501 441 4568 Quod
470 4510 649 4558 tamen
695 4502 1037 4569 beneﬁcium,
1070 4519 1377 4575 quanquam
1414 4505 1518 4562 hoc
1570 4506 1870 4562 moderatio

282 4591 587 4662 ﬂagitasset
637 4592 1024 4658 ecclesiastica,
1055 4610 1174 4664 qua:
1200 4596 1340 4651 sicut
1372 4596 1692 4651 incorrectis
1718 4595 1873 4651 intle-

284 4684 492 4749 xibilis,
516 4687 591 4739 ita
612 4685 874 4741 correctis
902 4699 1118 4756 semper
1142 4685 1301 4742 debet
1339 4701 1459 4742 esse
1494 4686 1763 4753 ﬂexibilis,
1791 4688 1873 4743 in-

285 4774 544 4828 stantiam
571 4788 789 4844 precum
820 4781 877 4829 et
903 4772 1381 4845 incomparabilem
1411 4774 1751 4831 dilectionem
1781 4776 1873 4831 de-

287 4865 331 4919 si
358 4864 597 4919 ferabilis
626 4872 680 4919 et
706 4863 1002 4935 spiritualis
1034 4863 1128 4919 lilii
1155 4865 1327 4920 nostri
1346 4864 1459 4933 jam
1512 4866 1794 4921 memorati
1819 4874 1875 4921 et

284 4955 488 5027 iugiter
517 4956 855 5011 memorandi
883 4955 1132 5027 Augusti,
1156 4964 1267 5011 tam
1305 4957 1401 5013 tibi
1426 4956 1678 5013 celeriter
1705 4957 1873 5027 impe-

288 5055 467 5101 trasse
491 5060 777 5117 cognosce.
802 5045 968 5118 Cujus
1011 5047 1220 5104 scilicet
1254 5048 1566 5119 postulatio,
1595 5049 1738 5104 sicut
1765 5064 1872 5104 non

285 5138 393 5192 nisi
417 5137 563 5207 justa
592 5137 849 5204 creditur,
903 5138 975 5194 ita
1024 5155 1241 5211 quoque
1297 5141 1459 5196 modo
1503 5141 1876 5211 postponenda

287 5245 403 5284 non
426 5227 663 5283 ducitur.
695 5227 894 5285 Verum
923 5241 979 5285 tu
1010 5231 1089 5288 sic
1112 5240 1165 5287 te
1190 5231 1258 5287 de
1307 5240 1507 5288 caetero
1555 5232 1713 5288 stude
1738 5248 1878 5307 .mu-
1914 5242 1919 5249 ‘

289 5322 429 5386 nire,
452 5329 513 5377 ut
539 5323 738 5379 donum
777 5325 1081 5393 solutionis,
1135 5325 1279 5396 quod
1333 5327 1387 5381 in
1424 5334 1569 5381 terra
1596 5325 1878 5395 percipere

289 5412 555 5475 cerneris,
581 5412 635 5467 in
654 5413 796 5468 cmlo
822 5412 931 5470 Deo
954 5424 1178 5472 auctore
1201 5417 1475 5472 veraciter
1529 5430 1725 5486 capere
1758 5429 1876 5470 me-

288 5500 484 5554 rearis.
508 5499 646 5555 Nam
672 5501 720 5557 si
752 5510 806 5557 te
830 5517 1010 5558 coram
1032 5504 1283 5560 humanis
1306 5504 1476 5560 oculis
1498 5503 1876 5559 absolvendam

289 5588 541 5657 exhibes,
564 5600 621 5646 et
645 5602 828 5647 coram
859 5593 955 5648 Dei
981 5595 1359 5665 conspectibus
1411 5594 1647 5666 obligata
1698 5595 1876 5651 consi-

294 5681 416 5747 stis,
449 5696 552 5738 nec
577 5682 721 5739 nodo
746 5698 921 5753 cares,
953 5701 1056 5743 nec
1084 5687 1297 5743 veniam
1326 5686 1606 5755 impetras,
1632 5687 1876 5755 quinimo

2447 2391 2756 2444 instructam
2792 2391 3071 2462 signi/ient.

2036 2500 2313 2556 ADRIANUS
2366 2500 2673 2571 episcopus,
2703 2516 2892 2556 servus
2922 2516 3201 2556 servorum
3247 2502 3362 2566 Dei,
3395 2517 3553 2558 reve-

1968 2591 2295 2645 rentissimis
2338 2597 2394 2645 et
2432 2591 2786 2646 sanctissimis
2830 2590 3194 2649 confratribus
3233 2592 3434 2647 nostris
3465 2609 3554 2647 ar-

1969 2682 2323 2752 chiepiscopis
2352 2692 2407 2737 et
2443 2682 2709 2753 episcopis
2737 2684 2790 2738 in
2826 2698 2992 2754 regno
3036 2682 3289 2739 Ludovici
3336 2683 3552 2756 gloriosi

1973 2774 2112 2844 regis
2138 2774 2467 2828 constitutis.

2042 2860 2196 2918 Sicut
2223 2863 2509 2919 obstinatis
2530 2872 2585 2919 et
2614 2863 3068 2935 iucorrigibilibus
3114 2865 3339 2921 debetur
3381 2864 3555 2920 vindi-

1971 2962 2079 3016 cta,
2124 2953 2194 3005 ita
2227 2967 2256 3004 a
2284 2954 2560 3009 conversis
2587 2962 2748 3023 atque
2805 2954 3071 3009 correctis
3126 2953 3425 3008 amovenda
3470 2962 3555 3009 est

1973 3044 2104 3099 ultio
2131 3052 2183 3099 et
2211 3043 2512 3099 adhibenda
2542 3045 2771 3099 curatio.
2800 3044 3144 3116 Quapropter
3165 3062 3265 3100 nos
3305 3045 3556 3100 Waldra—

1971 3138 2075 3202 dte,
2104 3151 2222 3205 qua:
2245 3135 2536 3190 multorum
2578 3145 2638 3190 ut
2682 3136 2915 3192 refertur
2942 3140 3285 3193 attestatione
3308 3153 3337 3191 a
3364 3139 3553 3208 pristi-

1969 3228 2054 3283 nis
2072 3237 2126 3283 et
2154 3227 2355 3282 illicitis
2384 3227 2667 3284 affectibus
2711 3228 2778 3283 ad
2819 3229 3154 3284 salutiferum
3201 3230 3555 3286 correctionis

1968 3322 2071 3377 iter
2109 3336 2365 3377 conversa
2396 3330 2502 3387 est,
2543 3321 2778 3376 remedia
2838 3322 3200 3377 miserationis
3250 3322 3555 3393 apostolicae

1968 3414 2114 3469 sedis
2144 3413 2401 3468 exhibere
2424 3413 2784 3476 consensisse,
2815 3411 3072 3483 illamque
3100 3411 3313 3467 vinculo
3338 3426 3550 3467 excom-

1970 3502 2349 3559 municationis
2396 3501 2480 3557 vel
2554 3502 2915 3557 anatltematis
2973 3502 3296 3557 auctoritate
3348 3500 3442 3556 Dei
3496 3511 3554 3557 et

1968 3594 2268 3664 principum
2297 3591 2659 3664 apostolorum
2687 3592 2983 3648 absolvisse
3011 3592 3320 3663 cognoscite
3346 3609 3359 3646 :
3390 3594 3462 3647 ita
3489 3599 3555 3645 ut

1971 3685 2225 3755 deinceps
2248 3682 2461 3739 Domini
2490 3683 2789 3739 Ecclesiam
2819 3683 3174 3754 ingrediendi,
3222 3691 3276 3738 et
3330 3683 3552 3748 orandi;

1971 3772 2422 3843 convivandique,
2450 3789 2542 3829 seu
2567 3789 2688 3843 cum
2718 3775 2928 3830 caeteris
2948 3773 3274 3831 Christianis
3299 3773 3554 3844 loquendi

1971 3864 2040 3918 sit
2076 3862 2125 3918 ei
2156 3868 2376 3917 auctore
2421 3863 2528 3917 Deo
2572 3877 2828 3917 concessa
2857 3862 3091 3917 licentia.
3119 3862 3218 3917 Cui
3251 3861 3555 3916 Waldradae

1973 3953 2220 4009 videlicet
2244 3952 2607 4024 competentia
2636 3952 2837 4008 monita
2864 3951 3272 4017 destinavimus,
3327 3960 3382 4006 et
3438 3966 3557 4021 qua:

1973 4045 2366 4101 conveniebant
2393 4043 2589 4098 litteris
2634 4041 2952 4098 inculcanda
3011 4042 3394 4112 praevidimus;
3424 4057 3556 4111 qua-

1973 4152 2092 4192 rum
2134 4135 2340 4191 scilicet
2386 4133 2688 4188 litterarum
2719 4141 2925 4187 textum
2953 4132 3054 4188 sibi
3076 4139 3256 4187 vestra
3280 4130 3558 4187 {fraterni-

1974 4237 2057 4282 tas
2101 4225 2353 4282 exhiberi
2409 4240 2752 4295 summopere
2798 4223 3054 4295 postulet.
3083 4224 3150 4278 Et
3202 4223 3456 4293 quoniam
3485 4224 3556 4276 ita

1973 4318 2246 4383 convenit,
2271 4334 2301 4372 a
2329 4316 2478 4372 vobis
2502 4315 2825 4385 exigendum
2850 4322 2906 4368 et
2936 4312 3332 4384 agnoscendum
3363 4312 3547 4367 decer.

1976 4411 2173 4471 nimus,
2196 4416 2460 4478 quatenus
2513 4420 2611 4475 per
2643 4405 2746 4460 hoc
2768 4404 2909 4459 scire
2939 4403 3115 4457 valeat
3145 4410 3326 4456 vestra
3354 4401 3558 4457 sancti-

1979 4510 2061 4567 tas
2087 4498 2394 4569 apostolicae
2436 4498 2581 4554 sedis
2627 4496 2959 4552 austeritatis
2999 4503 3054 4551 et
3107 4494 3533 4549 mansuetudinis

1979 4591 2311 4647 remissionis
2334 4598 2389 4645 et
2413 4588 2792 4644 refrenatiouis
2822 4586 3042 4651 iudicia,
3103 4593 3160 4640 et
3207 4584 3567 4642 moderantis-

1976 4684 2127 4739 simte
2152 4680 2492 4738 discretionis
2517 4695 2741 4750 prorsus
2768 4677 3019 4750 insignia.
3049 4675 3313 4748 Optamus
3359 4677 3559 4733 sancti—

1979 4781 2146 4827 tatem
2194 4780 2429 4826 vestram
2461 4770 2514 4825 in
2541 4767 2759 4825 Christo
2804 4768 2944 4823 bene
2995 4765 3197 4822 valere.
3226 4765 3362 4822 Data
3387 4765 3562 4838 pridie

1980 4868 2104 4925 ldus
2124 4866 2472 4932 Februarias,
2503 4864 2794 4920 indictione
2823 4862 3018 4933 prima.

2717 4971 2828 5027 VII.

2354 5083 2421 5122 AD
2457 5080 2702 5122 (ιλιιοιωι
2739 5080 2952 5121 CALVUI

2591 5157 2770 5231 (Anno
2802 5157 2954 5229 868.)

1982 5249 2271 5320 Respondet
2308 5249 2493 5321 litteris
2519 5265 2659 5321 quas
2684 5248 2753 5321 ad
2781 5247 3063 5321 Nicolaum
3087 5245 3150 5299 de
3179 5241 3388 5321 @bbone
3422 5244 3558 5321 seri—

2055 5312 2263 5390 pserat;
2288 5318 2509 5390 pallium
2530 5312 2759 5390 'Wlfado
2799 5316 3066 5390 concedit;
3105 5316 3229 5390 petit
3252 5322 3306 5366 ut
3329 5312 3559 5369 Aetardo

2057 5383 2227 5459 faveat
2245 5383 2319 5443 ad
2344 5399 2609 5445 vacantem
2634 5383 2905 5443 ecclesiam
2925 5383 3334 5457 adipiscendam.

2995 5079 3188 5121 REGEI.

2054 5503 2330 5560 Acamans
2355 5502 2663 5573 episcopus,
2691 5514 2879 5557 servus
2912 5511 3190 5554 servorum
3218 5495 3335 5564 Dei,
3367 5495 3561 5553 dilecto

1986 5593 2099 5649 filio
2122 5593 2341 5650 Canono
2365 5593 2596 5665 glorioso
2619 5590 2752 5661 regi.

2052 5685 2322 5743 Actardus
2366 5682 2687 5743 venerabilis
2721 5684 2994 5753 quondam
3039 5678 3367 5737 Namnetica‘.
3412 5680 3561 5735 urbis
