3978 6160
460 296 597 352 rem
668 364 675 369 κ

1712 324 1727 333 ι
1773 295 2053 352 ADRIANI
2087 296 2290 354 ΡΑΡᾹΞ
2328 300 2369 356 ll

3581 269 3712 366 nos

467 408 769 477 episcopus,
815 406 881 463 ad
916 408 1205 477 apostolica
1242 409 1558 479 perveniens
1596 410 1801 477 limina,
1848 421 2040 469 vestra:
2070 417 2113 474 A
2143 416 2504 485 apostolorum
2532 460 2545 483 ,
2604 433 2811 476 necnon
2858 428 2909 476 et
2961 422 3217 478 honorem
3260 420 3404 476 sedis
3441 420 3707 490 ipsorum,

467 497 799 553 celsitudinis
832 498 1110 568 epistolam
1138 500 1344 565 detulit,
1368 516 1528 570 quam
1556 502 1769 570 quidem
1795 518 1892 557 vos
1914 519 2040 558 san-

467 598 567 643 ctrr
591 589 861 644 memoriae
900 589 1167 644 decessori
1210 605 1330 646 meo
1373 606 1524 660 papae
1557 591 1776 648 Nicolao
1801 593 2040 648 destina-

465 679 593 743 stis;
633 679 724 733 sed
755 693 853 732 nos
872 679 984 747 jam
1009 680 1126 735 vice
1151 680 1290 735 illius
1313 683 1364 735 in
1394 682 1684 752 apostolica
1709 684 1835 738 sede
1850 684 2038 754 digna-

464 770 609 823 tione
658 785 722 824 ac
765 771 1109 825 miseratione
1149 772 1343 827 divinas
1385 775 1767 844 magnitudinis
1799 775 2036 830 ordinati

461 857 813 927 suscepimus.
847 857 1000 914 Unde
1027 875 1146 928 quae
1169 862 1236 916 ab
1263 861 1352 915 illo
1378 861 1611 935 ﬂagitata
1641 873 1785 929 sunt,
1815 880 1913 918 nos
1939 881 2036 935 pro

460 948 688 1012 viribus,
706 950 908 1019 indigni
936 950 1061 1005 licet
1081 951 1342 1016 haeredes,
1373 953 1640 1023 supplere,
1665 962 1721 1009 et
1738 955 2036 1024 opitulante

457 1038 697 1105 Christo,
725 1039 864 1095 forte
907 1050 1159 1112 tanquam
1212 1058 1319 1098 non
1366 1044 1558 1114 ingrati
1608 1044 1699 1099 filii
1752 1054 2033 1115 paternum

457 1131 693 1200 debitum
755 1132 1060 1201 persolvere
1120 1134 1531 1188 maturavimus.
1588 1134 1832 1201 Quandiu
1889 1137 2033 1192 enim

454 1222 650 1276 merita
698 1223 838 1277 beati
877 1222 1020 1277 Petri
1064 1225 1291 1293 apostoli
1335 1225 1464 1289 Deo,
1504 1225 1588 1279 cui
1618 1225 1798 1279 omnia
1826 1226 2032 1291 vivunt,

454 1326 560 1365 non
590 1312 909 1373 moriuntur.
937 1328 1273 1383 nequaquam
1305 1312 1425 1369 ﬁdei
1456 1329 1566 1368 sua:
1601 1314 1683 1369 vel
1715 1313 2030 1371 sollicitudi-

451 1399 538 1455 nis
576 1401 818 1456 haeredes
856 1402 1137 1468 deficient;
1181 1419 1280 1459 nec
1323 1404 1549 1458 deerunt
1579 1420 1799 1473 prorsus
1827 1407 1915 1476 qui
1947 1421 2033 1461 re-

451 1489 651 1561 gulam,
695 1506 855 1560 quam
900 1491 1043 1546 circa
1089 1493 1257 1547 Deum
1299 1492 1709 1549 ferventissimze
1750 1494 2029 1551 cbaritatis

450 1583 703 1648 ostendit,
752 1598 849 1651 pro
887 1586 1191 1654 quantitate
1238 1586 1451 1653 virium,
1485 1602 1691 1656 proque
1729 1587 2029 1657 capacitate

450 1670 706 1727 divinitus
743 1673 921 1727 collati
960 1674 1081 1729 doni
1116 1687 1426 1744 sequantur.
1465 1677 1580 1746 ipse
1616 1690 1846 1746 namque
1874 1677 2029 1746 quid-

2142 524 2358 563 manum
2394 511 2671 583 porrigere
2716 512 2880 566 alacri
2928 514 3104 569 studio
3146 512 3469 583 procuravit.
3516 511 3709 580 Quam-

2140 597 2324 652 obrem
2356 599 2750 668 postulantibus
2778 600 2891 668 jam
2930 602 3113 667 vobis,
3158 611 3218 655 ut
3256 601 3464 670 primus
3501 614 3707 661 eorum,

2141 684 2387 761 Wlfadus
2433 687 2642 743 scilicet
2661 679 2849 743 frater
2874 699 2927 744 et
2953 690 3300 761 coepiscopus
3328 698 3536 753 uoster,
3563 687 3707 759 pallii

2140 790 2237 829 usu
2288 791 2439 831 more
2485 778 2829 833 decessorum
2864 794 3084 834 suorum
3130 788 3328 834 nostra
3378 778 3710 833 auctoritatis

2140 861 2419 932 largitione
2482 865 2727 921 decorari
2784 868 3046 936 potuisset
3073 907 3088 932 ,
3140 867 3335 922 merito
3383 865 3710 921 condescen.

2139 954 2306 1010 sionis
2346 972 2504 1011 aures
2547 956 3090 1012 accommodavimus.
3130 957 3197 1010 Et
3238 956 3490 1024 quoniam
3526 954 3579 1008 in
3626 969 3707 1008 re-

2136 1043 2420 1098 stituendis
2464 1046 2550 1099 his
2603 1060 2727 1100 cum
2779 1045 2922 1100 sedis
2978 1044 3282 1114 apostolica:
3341 1044 3533 1098 studiis
3581 1059 3706 1098 cono

2135 1135 2400 1189 cordastis
2437 1142 2492 1190 et
2532 1136 2883 1191 concertastis
2934 1136 3001 1189 ad
3050 1134 3452 1206 percipiendum
3496 1147 3706 1203 quoque

2135 1226 2278 1294 quod
2304 1226 2512 1292 deerat,
2540 1236 2773 1282 vestram
2806 1226 3193 1298 ﬂoccipendere
3220 1226 3559 1282 dilectionem
3583 1225 3708 1280 satis

2136 1315 2522 1372 inconveniens
2568 1317 2841 1372 duximus.
2877 1316 3191 1372 Innumeras
3222 1314 3570 1374 nihilominus
3602 1315 3706 1385 pie-

2136 1409 2230 1463 tati
2261 1417 2453 1463 vestra:
2481 1408 2682 1476 gratias
2711 1408 3071 1478 rependimus,
3097 1407 3348 1477 quoniam
3384 1415 3533 1460 tanta
3561 1421 3705 1461 com-

2132 1496 2398 1566 passionis
2434 1495 2640 1550 viscera
2671 1495 2812 1551 circa
2850 1495 3163 1565 pratdictum
3204 1493 3425 1547 fratrem
3464 1503 3704 1547 nostrum

2131 1588 2505 1657 coepiscopum
2535 1587 3019 1652 Actardum,sicut
3049 1602 3114 1642 ex
3143 1585 3400 1641 relatione
3439 1586 3629 1657 ipsius,
3655 1595 3705 1640 ct

2131 1694 2197 1734 ex
2220 1678 2457 1748 epistolae
2475 1687 2668 1732 vestra:
2682 1678 2771 1748 pio
2792 1675 2986 1731 affectu
3010 1678 3167 1730 datur
3187 1676 3431 1746 intelligi,
3454 1675 3702 1729 exhibere

447 1760 575 1829 quid
611 1762 679 1816 ab
724 1762 955 1833 indignis
998 1764 1260 1820 ministris
1301 1765 1634 1836 negligenter
1672 1766 1871 1835 agitur,
1900 1782 2027 1837 sup—
2058 1754 2101 1813 Β
2128 1769 2420 1835 contendit,
2444 1778 2504 1823 ut
2523 1767 2761 1823 dolorum
2782 1774 3206 1822 etmrumnarum
3226 1766 3392 1835 ipsius
3413 1766 3698 1820 maximam

447 1852 557 1921 plet
599 1870 611 1904 :
653 1852 767 1922 ipse
812 1853 1023 1918 locum,
1072 1870 1233 1924 quem
1287 1856 1416 1911 olim
1462 1857 1784 1914 delibatione
1825 1858 2026 1928 proprii

447 1942 689 2011 corporis
718 1943 944 1998 Domino
973 1944 1332 2013 consecravit,
1355 1947 1760 2016 quibuscunque
1786 1948 1868 2000 \el
1896 1962 2027 2017 qna-

446 2029 728 2101 liscunque
767 2033 1001 2088 vicarius
1044 2042 1239 2097 exstet,
1288 2050 1397 2089 suae
1436 2045 1613 2091 tamen
1650 2037 1910 2091 claritatis
1946 2038 2026 2090 lu-

446 2122 588 2176 mine
615 2122 878 2192 hodieque
905 2124 1277 2180 indeiicienter
1301 2126 1553 2181 illustrat.
1586 2127 1681 2181 Cui
1704 2127 1804 2181 etsi
1831 2128 2027 2181 desunt

444 2213 634 2268 merita
664 2215 1010 2278 successoris,
1045 2216 1138 2269 sed
1174 2215 1370 2270 adsunt
1406 2216 1663 2271 beneﬁcia
1701 2217 2020 2279 decessoris,

443 2318 507 2357 ac
536 2303 694 2373 primi
734 2303 878 2358 sedis
925 2303 1162 2372 ejusdem
1199 2306 1447 2360 sessoris.
1476 2307 1659 2377 itaque
1683 2308 1747 2362 de
1790 2306 2024 2363 Ebbonis
2068 2356 2072 2361 .

444 2393 717 2458 quondam
748 2392 1071 2448 Rliemensis
1108 2395 1493 2464 archiepiscopi
1524 2396 1911 2465 qualiscunque
1935 2411 2024 2451 re-

441 2481 738 2535 stitutionis
764 2486 980 2553 negotio
1028 2481 1376 2553 benignitatis
1421 2493 1612 2538 vestra:
1658 2483 1855 2538 litteris
1889 2483 2023 2539 satis

440 2576 638 2639 cdocti,
671 2577 1025 2631 obedientiam
1047 2585 1101 2631 et
1126 2577 1384 2641 studium,
1406 2577 1547 2645 quod
1572 2577 1864 2646 hincjuxta
1892 2576 2022 2631 deii-

440 2666 698 2719 nitionem
721 2665 1024 2733 apostolicae
1046 2666 1188 2720 sedis
1215 2666 1555 2730 exhibuistis,
1580 2666 2019 2735 approbavimus,

439 2762 493 2807 et
520 2753 747 2817 auctori,
778 2769 807 2806 a
846 2768 950 2821 quo
985 2763 1176 2809 cuncta
1208 2756 1344 2809 bona
1382 2756 1695 2824 procedunt,
1731 2755 2021 2810 immensas

439 2842 734 2913 gratiarum
757 2842 996 2898 actiones
1017 2844 1390 2913 persolvimus.
1413 2841 1605 2899 Verum
1632 2844 1719 2899 illa
1742 2846 1787 2900 si
1812 2855 2018 2911 essent,

438 2933 730 3003 apostolica
778 2934 931 2989 sedes
972 2934 1039 2989 de
1096 2935 1315 2990 Ebbone
1358 2936 1427 2990 ad
1476 2935 1735 3005 liquidum
1777 2936 2019 2993 invenire

437 3021 740 3092 satagebat,
783 3037 903 3092 quae
949 3023 1296 3078 restituendis
1336 3038 1366 3078 a
1404 3022 1572 3079 fratre
1607 3032 1663 3079 et
1702 3025 2017 3096 coepiscopo

2125 1866 2343 1926 partem
2395 1872 2492 1911 vos
2522 1864 2736 1926 gestare
2765 1856 2883 1910 luce
2917 1854 3115 1909 clarius
3147 1854 3474 1909 innotescat.
3504 1851 3695 1906 Verum

2127 1960 2225 1999 nos
2251 1944 2391 1999 votis
2410 1942 2739 1999 excellentiae
2768 1952 2960 1998 vestrae
2994 1951 3346 1997 consonantes
3372 1982 3387 2005 ,
3417 1957 3525 1995 non
3555 1942 3694 1995 duci-

2125 2050 2247 2089 mus
2276 2042 2486 2088 tantum
2521 2034 2696 2088 virum
2714 2073 2729 2098 ,
2758 2041 2811 2087 et
2847 2031 3101 2087 Ecclesiae
3123 2030 3319 2086 Christi
3346 2046 3691 2100 pernecessa-

2123 2125 2288 2190 rium,
2304 2123 2500 2179 debere
2514 2123 2676 2178 tantis
2693 2121 2887 2177 involvi
2909 2121 3158 2185 miseriis,
3174 2120 3257 2176 vel
3276 2120 3443 2174 tantis
3466 2120 3692 2190 gravari,
3727 2108 3742 2123 ’

2124 2230 2245 2270 cum
2273 2214 2345 2270 sit
2368 2215 2531 2269 etiam
2575 2213 2752 2268 aetatis
2795 2213 3105 2267 maturitate
3143 2221 3471 2276 maceratus,
3506 2213 3694 2266 incom-

2124 2306 2317 2371 modis,
2339 2304 2639 2376 prtesertim
2690 2319 2814 2359 cum
2840 2310 2896 2358 et
2925 2303 3151 2358 scientia
3177 2319 3280 2356 non
3306 2302 3690 2356 contemnenda

2122 2395 2338 2465 polleat,
2382 2403 2439 2449 et
2477 2395 2622 2449 hunc
2653 2393 2816 2448 vestri
2847 2391 2998 2462 regni
3026 2389 3380 2447 ecclesiarum
3408 2390 3688 2460 prmsulnm

2124 2487 2312 2541 relatio
2356 2502 2462 2541 non
2520 2484 2951 2555 parvipendenda
2988 2486 3345 2539 commendet.
3379 2482 3497 2549 Qua
3523 2484 3586 2536 de
3613 2496 3683 2546 re,

2122 2576 2166 2632 si
2190 2576 2308 2645 ejus
2329 2574 2590 2639 Ecclesia,
2619 2582 2678 2628 ut
2717 2573 2903 2643 ipsius,
2929 2579 2985 2627 et
3025 2571 3423 2641 metropolitani
3469 2571 3683 2641 proprii,

2123 2683 2187 2722 ac
2210 2664 2500 2722 multorum
2550 2664 2874 2728 antistitum,
2922 2676 3129 2717 necnon
3171 2670 3224 2714 et
3265 2660 3572 2715 litterarum
3605 2676 3685 2713 ve-

2121 2750 2354 2814 strarum
2398 2752 2798 2810 circumstantia
2857 2751 3055 2816 innuit,
3108 2749 3350 2805 funditus
3400 2749 3606 2813 diruta,
3636 2756 3683 2801 et

2120 2862 2218 2918 per
2244 2843 2499 2901 nonnulla
2543 2842 2809 2899 curricula
2843 2841 2957 2910 jam
3004 2841 3060 2896 in
3095 2840 3438 2896 solitudinem
3478 2841 3683 2893 redacta

2121 2949 2242 2991 esse
2269 2934 2627 3005 dignoscitur;
2652 2931 2877 3003 paganis
2902 2930 3153 2986 videlicet
3178 2944 3282 2983 non
3316 2928 3490 2983 solum
3523 2936 3688 2982 trans-

2123 3028 2282 3091 itum,
2320 3024 2417 3081 sed
2460 3023 2624 3081 etiam
2666 3023 2952 3079 stationem
2994 3021 3191 3077 ibidem
3240 3019 3581 3081 facientibus,
3624 3033 3682 3073 ac

437 3120 623 3167 nostro
659 3112 951 3169 llincmaro
984 3113 1111 3169 olim
1149 3113 1370 3185 dejectis
1415 3114 1625 3173 clericis
1663 3126 1883 3188 possent
1917 3095 2018 3172 ali-
2046 3095 2091 3158 Ο
2122 3132 2220 3187 per
2252 3116 2353 3171 hoc
2381 3113 2715 3185 depopulatis
2751 3113 2985 3182 undique
3014 3111 3145 3168 locis
3171 3111 3480 3166 habitatore
3504 3126 3682 3166 caten-

436 3203 564 3269 quid
591 3219 850 3278 generare
892 3204 1239 3261 discriminis.
1287 3205 1360 3261 At
1402 3220 1531 3261 vero
1572 3223 1696 3263 cum
1743 3223 1842 3264 nec
1873 3208 2015 3263 idem

434 3293 587 3348 Ebbo
614 3296 813 3350 erroris
844 3295 1069 3364 alicujus
1095 3296 1416 3361 defensioni,
1456 3314 1564 3368 quo
1589 3299 1873 3355 haereticus
1898 3300 2019 3370 quis

435 3382 685 3449 eﬂieitur,
713 3384 916 3440 dederit
959 3402 1199 3455 operam,
1242 3404 1340 3445 nec
1371 3387 1483 3457 jam
1515 3391 1796 3445 memorati
1835 3390 2017 3447 clerici

434 3475 577 3530 aliud
608 3476 661 3530 in
710 3477 815 3532 hoc
853 3478 956 3533 nisi
996 3478 1352 3535 humilitatem
1392 3488 1448 3534 et
1474 3481 1833 3536 obedientiam
1860 3482 2016 3537 exhi-

433 3567 669 3631 buerint,
717 3567 804 3621 illa
844 3583 964 3637 quae
999 3569 1065 3624 de
1104 3568 1321 3625 Ebbone
1359 3572 1463 3626 dici
1503 3553 1747 3641 possunt,
1783 3572 1931 3643 quia,
1957 3582 2019 3629 ut

426 3655 742 3724 opinamur,
768 3655 899 3709 nihil
941 3657 1008 3711 ad
1048 3657 1334 3712 utilitatem
1361 3658 1666 3727 proficiunt,
1689 3660 2017 3733 jamjamque

428 3741 652 3798 silentio
678 3750 1033 3813 contegantur
1061 3761 1075 3797 :
1102 3744 1334 3801 maxime
1356 3760 1476 3801 cum
1506 3755 1560 3803 et
1583 3747 1719 3817 ipse,
1751 3758 1804 3805 et
1828 3765 2017 3809 omnes

424 3831 694 3901 episcopi,
716 3840 913 3902 praeter
930 3832 1258 3899 Rothadum,
1289 3835 1379 3901 qui
1411 3851 1583 3891 causae
1604 3837 1746 3893 illius
1768 3840 2014 3896 notitiam

435 3920 695 3987 habuere,
719 3922 1067 3989 decesserint,
1091 3931 1146 3978 et
1172 3940 1283 3994 prae
1312 3925 1641 3996 longitudine
1668 3931 1927 3998 temporis
1947 3931 2015 3986 ad

433 4009 696 4081 liquidum
719 4011 955 4079 indubie,
974 4028 1092 4083 qua:
1116 4027 1242 4070 tunc
1265 4024 1383 4070 acta
1405 4031 1565 4087 super
1581 4017 1681 4073 hoc
1706 4027 1831 4073 sunt
1854 4034 2016 4091 nego-

438 4103 533 4167 tio,
547 4103 675 4158 sciri
698 4118 801 4158 non
827 4104 1050 4172 possint,
1069 4113 1231 4175 atque
1247 4106 1312 4160 de
1332 4107 1416 4161 bis
1432 4107 1523 4177 qui
1538 4108 1603 4161 ad
1616 4107 1899 4164 Dominum
1914 4109 2017 4164 mi-

433 4202 726 4263 graverunt
743 4194 896 4249 nobis
911 4193 1067 4249 facile
1079 4194 1323 4265 judicare
1339 4212 1443 4251 non
1459 4196 1636 4253 liceat.
1655 4197 1786 4253 Cum
1801 4201 1942 4254 enim
1959 4201 2013 4255 in

434 4298 596 4337 manu
619 4282 808 4351 judicii
841 4283 935 4338 Dei
966 4284 1286 4351 consistant,
1316 4285 1360 4340 si
1396 4286 1646 4341 humanis
1681 4287 2012 4343 difﬁnitioni-

434 4374 535 4428 bus
563 4373 856 4444 quidquam
886 4375 952 4430 de
979 4375 1065 4430 his
1090 4374 1376 4441 tribuatur,
1407 4392 1513 4431 non
1543 4377 1712 4433 solum
1748 4393 2010 4448 praesum-

432 4463 654 4533 ptionis,
684 4465 777 4519 sed
800 4472 855 4519 et
883 4463 1242 4519 damnationis
1264 4473 1347 4519 est
1374 4479 1595 4533 prorsus
1621 4466 1895 4522 indicium.
1920 4467 2013 4523 ille

431 4553 632 4623 quippe
663 4552 814 4608 Ebbo
842 4566 939 4607 suo
961 4551 1075 4623 jam
1105 4552 1329 4608 Domino
1368 4564 1459 4608 aut
1485 4562 1609 4621 stat,
1645 4563 1738 4610 aut
1767 4556 1961 4612 cecidit
1994 4574 2009 4611 :

432 4642 577 4711 quod
624 4642 669 4696 si
721 4650 847 4708 stat,
897 4642 1021 4712 quis
1060 4642 1204 4698 hunc
1237 4654 1460 4698 conetur
1502 4643 1769 4712 dejicere?
1800 4646 1845 4701 si
1885 4659 2014 4703 vero

429 4733 652 4799 cecidit,
687 4735 809 4802 quis
849 4735 1051 4790 nitatur
1087 4736 1329 4807 erigere?
1370 4736 1472 4791 nisi
1505 4735 1641 4793 forte
1686 4737 1732 4793 is
1777 4738 1868 4808 qui
1914 4753 2013 4793 sua

436 4826 620 4880 divino
639 4825 840 4895 judicio
864 4842 1175 4896 prmponere
1205 4827 1366 4897 impia
1397 4827 1701 4882 temeritate
1726 4827 2009 4883 deliberat.

435 4914 796 4984 Relinquatur
838 4929 967 4985 ergo
1002 4915 1301 4985 hujusmodi
1347 4916 1440 4971 Dei
1484 4925 1802 4971 cunctarum
1837 4917 2014 4972 inten-

429 5007 643 5060 tionum
673 5005 991 5060 scrutatoris
1022 5005 1224 5074 judicio
1252 5025 1265 5060 :
1295 5006 1548 5061 nimirum
1579 5006 1692 5075 qui,
1722 5008 2016 5062 secundum

433 5096 775 5169 Apostolum,
815 5098 1140 5154 constitutus
1175 5108 1258 5155 est
1285 5115 1316 5153 a
1348 5099 1460 5155 Deo
1493 5100 1653 5171 judex
1687 5099 1932 5155 vivorum
1962 5108 2019 5155 et

435 5198 792 5255 mortuorum,
822 5191 1021 5259 quique
1042 5190 1194 5261 juxta
1226 5190 1346 5245 lidei
1374 5200 1576 5246 nostra:
1603 5191 1796 5247 stabile
1823 5190 2013 5247 funda-

437 5291 674 5336 mentum
705 5279 1046 5350 iudicaturus
1088 5290 1173 5337 est
1207 5281 1358 5336 vivos
1394 5288 1448 5335 et
1493 5291 1734 5337 mortuos
1764 5280 1899 5354 (Act.
1930 5280 2007 5350 κ).

432 5371 703 5429 Praeterea
732 5387 838 5428 non
865 5374 1105 5429 modicas
1133 5373 1336 5444 gratias
1364 5381 1555 5428 vestrae
1584 5373 1901 5444 benignitati
1928 5389 2014 5429 re-

435 5465 679 5531 ferimus,
706 5467 959 5536 quoniam
987 5468 1223 5536 prmlatis
1249 5467 1596 5522 restituendis
1625 5467 1862 5531 clericis,
1890 5469 2009 5538 qui-

432 5554 536 5609 bus
558 5555 906 5624 apostolicam
931 5557 1110 5611 sedem
1141 5572 1354 5611 manum
1379 5556 1653 5627 porrigere
1680 5557 1869 5623 sensit,
1894 5557 2009 5628 ipsa

435 5656 647 5712 quoque.
695 5645 761 5700 ad
803 5646 1013 5705 laudem
1062 5647 1174 5713 Dei,
1218 5656 1269 5702 et
1313 5646 1668 5702 reverentiam
1707 5647 2006 5717 principum

2123 3208 2288 3273 tibus,
2318 3205 2545 3261 sublatis
2575 3205 2736 3259 etiam
2768 3219 2799 3258 a
2830 3203 3137 3259 Britonibus
3165 3243 3180 3269 ,
3204 3202 3250 3259 si
3273 3218 3393 3273 quae
3422 3215 3679 3258 remanse-

2119 3308 2258 3365 rant,
2283 3298 2475 3363 rebus,
2506 3294 2666 3351 aliam
2712 3294 2761 3350 ei
2791 3303 3067 3349 vacantem
3099 3294 3360 3348 duntaxat
3394 3292 3679 3347 conceden-

2119 3389 2241 3445 dam
2264 3386 2618 3444 deerevimus.
2665 3383 2831 3454 Cujus
2874 3382 3078 3440 decreti
3116 3382 3427 3438 necessario
3450 3382 3681 3437 instituto

2120 3481 2348 3536 libenter
2378 3492 2594 3546 aequum
2627 3492 2778 3532 more
2793 3475 2966 3552 solito
2994 3475 3231 3545 praebete
3260 3488 3357 3544 pro
3385 3472 3582 3527 Christi
3606 3473 3677 3527 di-

2116 3575 2345 3631 lectione
2374 3575 2631 3629 favorem.
2659 3568 2770 3625 Nec
2790 3569 2840 3624 ei
2870 3567 3160 3632 minorem,
3183 3579 3343 3636 quam
3371 3580 3467 3620 sua
3494 3564 3673 3628 fuerat,

2117 3664 2234 3721 dari
2258 3664 2525 3727 volumus,
2576 3674 2698 3715 cum
2733 3659 2862 3714 licet
2888 3659 2993 3713 hoc
3030 3656 3144 3727 ipse
3185 3653 3407 3709 minime
3433 3651 3672 3724 postulet,

2116 3772 2186 3813 ne
2214 3771 2246 3811 v
2267 3755 2460 3812 delicet
2493 3750 2723 3820 alicujus
2757 3749 3070 3806 ambitionis
3110 3747 3252 3815 fama
3293 3756 3529 3809 notetur,
3557 3760 3675 3801 con-

2114 3848 2297 3903 veniat
2322 3844 2576 3915 consequi
2602 3842 2889 3913 potiorem.
2913 3839 3177 3895 Nimirum
3198 3838 3290 3908 qui
3317 3837 3461 3891 inter
3491 3846 3673 3892 caetera

2115 3938 2372 3993 virtutum
2403 3948 2621 3991 suarum
2653 3930 2885 4001 insignia
2916 3929 3269 3985 barbarorum
3301 3926 3513 3981 rabiem
3542 3939 3671 3994 saepe

2112 4040 2423 4098 perpessus,
2465 4022 2741 4079 Christum
2789 4018 3055 4084 conﬁteri,
3112 4033 3217 4073 non
3280 4016 3452 4071 solum
3498 4028 3669 4070 coram

2116 4119 2445 4183 hominibus,
2473 4131 2658 4172 verum
2685 4114 2849 4169 etiam
2884 4128 3066 4169 coram
3102 4111 3326 4183 paganis
3353 4119 3409 4166 et
3446 4107 3670 4164 inﬁdeli-

2113 4207 2217 4265 bus
2238 4223 2345 4263 non
2373 4206 2609 4262 erubuit.
2641 4204 2702 4260 Ei
2728 4219 2855 4276 ergo
2873 4243 2887 4261 .
2918 4203 3283 4274 cujuscunque
3302 4201 3414 4255 sint
3450 4199 3668 4263 uulneri,

2117 4300 2313 4354 merito
2354 4305 2579 4369 possunt
2632 4310 2760 4350 oves
2799 4293 2998 4349 Christi
3046 4291 3331 4354 committi,
3360 4291 3453 4360 qui
3503 4291 3665 4358 ipsum

2120 4389 2392 4445 Christum
2421 4388 2584 4442 etiam
2612 4387 2755 4441 inter
2781 4382 2987 4455 gladios
3022 4390 3076 4437 et
3118 4376 3331 4435 vincula
3361 4380 3666 4446 diversaque

2119 4475 2357 4549 pericula
2401 4475 2694 4546 prasdicare
2745 4488 2851 4527 non
2899 4471 3098 4525 renuit.
3148 4469 3299 4525 Unde
3325 4478 3380 4522 et
3411 4482 3507 4523 nos
3536 4466 3663 4520 illius

2120 4563 2401 4634 multiplici
2441 4562 2694 4626 miserim,
2726 4570 2781 4616 et
2811 4560 3028 4616 diutinae
3056 4556 3499 4630 peregrinationi,
3522 4564 3662 4622 atque

2121 4654 2374 4711 continuo
2405 4653 2623 4708 mmrori
2662 4651 3069 4721 compatientes,
3109 4647 3271 4703 decus
3305 4646 3379 4702 illi
3403 4646 3542 4717 pallii
3563 4643 3660 4698 solo

2120 4746 2481 4803 miserationis
2528 4743 2718 4799 affectu
2766 4742 3130 4807 contulimus;
3186 4740 3327 4810 quod
3372 4756 3479 4793 non
3522 4737 3661 4791 aliter

2120 4837 2220 4903 illi,
2250 4850 2349 4892 nec.
2379 4836 2596 4891 cuilibet
2632 4833 2833 4903 absque
2861 4829 3215 4901 metropolitis
3239 4830 3657 4888 concederemus,

2120 4928 2223 4982 nisi
2256 4926 2527 4982 multoties
2570 4926 2714 4981 hunc
2760 4924 2971 4988 exsilia,
3003 4937 3173 4986 mare,
3201 4921 3417 4976 vincula
3444 4932 3661 4991 passum,

2117 5019 2281 5074 etiam
2313 5016 2381 5072 ad
2422 5016 2709 5086 capitalem
2759 5014 3082 5071 sententiam
3114 5012 3425 5080 frequenter
3451 5018 3661 5065 tractum

2116 5108 2283 5162 fuisse
2333 5105 2814 5175 comperissemus;
2858 5112 2913 5158 et
2943 5102 3045 5157 nisi
3071 5102 3174 5156 hoc
3212 5100 3327 5171 ipse
3365 5100 3478 5155 suis
3519 5095 3663 5151 tantis

2114 5209 2178 5251 ac
2209 5193 2403 5249 talibus
2448 5192 2786 5248 detrimentis
2807 5230 2821 5257 ,
2851 5190 2978 5260 quin
3005 5189 3183 5259 potius
3208 5188 3438 5252 meritis,
3464 5201 3559 5257 pro
3578 5198 3661 5240 ce-

2114 5285 2351 5340 lerrimae
2394 5282 2777 5339 consolationis
2817 5280 3006 5335 solatio
3037 5280 3328 5335 meruisset
3354 5297 3370 5332 :
3395 5286 3453 5332 ut
3479 5276 3665 5332 scilicet

2116 5375 2314 5431 habeat
2345 5388 2444 5442 pro
2470 5372 2662 5427 exsilio
2705 5372 2755 5427 ei
2794 5381 2981 5426 catena
3012 5368 3156 5438 pallii
3201 5375 3541 5430 ornamenta,
3567 5379 3664 5420 non

2119 5464 2186 5520 ad
2216 5463 2459 5519 ecclesizc
2479 5463 2564 5517 cui
2602 5461 3016 5516 incardinandus
3056 5468 3137 5514 est
3162 5469 3481 5529 perpetuum
3513 5457 3660 5513 insti-

2117 5565 2313 5618 tutum,
2347 5554 2439 5611 sed
2488 5553 2555 5608 ad
2599 5570 2752 5609 sumn
2805 5552 3094 5621 specialem
3135 5551 3379 5620 certique
3423 5548 3665 5619 temporis

2117 5663 2301 5702 usuin.
2330 5645 2572 5700 Potiatur
2606 5644 2763 5713 igitur
2787 5644 2917 5698 tanti
2946 5641 3156 5698 decoris
3177 5649 3394 5706 ornatu,
3422 5639 3511 5711 qui
3535 5638 3665 5693 inter
