3978 6160
306 369 436 426 ίέξῖθ

1497 364 1857 428 ΕΡΙδΤΟΙηιΕ
1895 362 1984 418 ΕΤ
2020 360 2355 418 DECRETA.

3391 370 3523 426 12ῖο

308 500 649 560 sacerdotum
679 494 875 551 infulas
899 495 1227 566 prmcipuum
1273 498 1457 544 tenere
1487 487 1661 540 locum
1685 482 1876 551 digno-
1906 484 1952 540 Α
1982 476 2234 532 aerumnis
2267 474 2598 546 vagabundis
2632 472 2907 538 incedens,
2937 472 3092 527 valde
3117 471 3376 535 dolemus,
3413 484 3465 525 et
3498 486 3549 527 et

308 598 495 657 scitur,
523 597 787 660 quatenus
820 587 979 641 etiam
1003 600 1099 654 per
1123 580 1448 650 hociusiguc
1487 584 1661 631 vestra
1692 570 1874 627 excel—

312 686 433 740 lens
461 683 813 737 admoneatur
838 675 1126 740 industria,
1148 681 1202 728 et
1232 672 1391 741 hujus
1415 668 1611 724 sacrati
1634 663 1875 719 muneris

309 771 611 832 reverentia
640 768 787 840 pium
811 781 905 821 cor
937 773 1177 821 vestrum
1208 760 1493 817 sollicitius
1515 772 1577 813 ac
1602 755 1873 811 salubrius

309 871 607 935 urgeatur,
655 871 761 927 quo
814 863 995 909 tantus
1049 854 1132 908 vir
1187 860 1369 905 vestro
1428 862 1643 919 quoque
1696 844 1878 935 favore

311 934 576 1014 vacantis,
627 944 838 1002 etiamsi
879 959 937 999 se
967 942 1279 1012 metropolis
1311 938 1590 1001 obtulerit,
1617 934 1873 991 Ecclesia:

310 1038 678 1097 moderamina
709 1043 1070 1105 consequatur
1104 1050 1117 1085 :
1163 1033 1229 1087 ad
1268 1030 1599 1111 excludenda
1628 1026 1879 1082 videlicet

310 1137 502 1187 cuneta
528 1136 714 1182 contra
766 1138 825 1180 se
874 1124 1069 1193 injecta
1110 1120 1386 1177 obstacula
1413 1159 1428 1184 ,
1476 1127 1531 1174 et
1572 1115 1877 1188 peragenda

309 1222 568 1279 divinitus
610 1218 712 1273 sibi
750 1216 943 1273 collata
986 1213 1310 1285 episeopaiia
1344 1210 1666 1267 ministeria.
1698 1209 1876 1277 Siqui-

310 1313 434 1367 dem
483 1308 756 1378 indignum
797 1305 1042 1360 ducimus
1077 1317 1401 1373 quemquam
1435 1301 1502 1355 ad
1529 1299 1879 1370 apostolicam

310 1400 516 1464 sedem,
534 1399 624 1453 ubi
651 1411 864 1466 semper
892 1395 1173 1451 catholicis
1199 1393 1536 1458 subvenitur,
1568 1391 1879 1448 tribulatutn

312 1489 593 1551 accedere,
633 1494 688 1541 et
730 1500 835 1539 non
871 1484 1206 1539 consolatum
1252 1483 1506 1539 recedere
1537 1499 1550 1536 :
1579 1477 1876 1552 praesertim

312 1597 433 1635 cum
456 1577 738 1649 quemdam
783 1575 1146 1630 Romanorum
1179 1574 1504 1645 principum,
1536 1575 1697 1631 etiam
1725 1590 1753 1629 a
1780 1573 1884 1628 fide

310 1670 509 1728 Christi
534 1676 872 1730 extraneum,
920 1681 1024 1721 non
1054 1665 1249 1720 debere
1280 1666 1589 1736 quempiam
1613 1666 1680 1720 ab
1711 1666 1882 1735 impe-

313 1768 493 1815 ratore
519 1758 727 1811 tristem
752 1754 1029 1818 discedere
1054 1754 1391 1825 perbibuisse
1414 1755 1659 1824 quzedam
1676 1753 1884 1810 fatean-

1980 569 2215 623 fraterna
2241 569 2404 622 vincti
2436 567 2699 623 charitate
2729 566 3086 636 compatimur
3122 583 3135 619 :
3165 564 3399 619 maxime
3426 580 3551 619 cum

1978 657 2267 726 apostolice
2294 658 2494 712 dictum
2524 656 2596 710 sit
2627 670 2642 709 :
2675 655 2777 721 Qui
2807 656 2987 709 viderit
3019 655 3234 723 fratrem
3271 670 3426 709 suum
3456 669 3548 708 ηε-
3631 706 3637 721 ,

1977 747 2262 801 cessitatem
2292 747 2501 810 habere,
2537 757 2583 800 et
2610 745 2851 799 clauserit
2882 746 3075 799 viscera
3097 761 3194 797 sua
3222 744 3286 798 ab
3314 761 3393 809 eo,
3420 759 3553 815 quo-

1978 839 2131 893 modo
2170 840 2397 892 Charitas
2437 836 2534 891 Dei
2576 847 2749 890 manet
2771 837 2827 889 in
2872 837 2972 889 eo.’
3002 835 3051 907 (1
3081 834 3243 891 Joan.
3284 834 3390 905 tu.)
3421 834 3552 889 Illud

1979 944 2107 984 sane
2142 929 2410 998 praecipue
2440 926 2627 982 ﬂentes
2654 928 2796 997 quod
2828 936 2990 983 tanta:
3019 928 3258 982 scientia:
3288 938 3554 997 tantaeque

1980 1033 2190 1073 morum
2241 1016 2523 1086 probitatis
2569 1016 2686 1071 viro
2724 1016 2825 1070 sub
2868 1015 3236 1085 hujuscemodi
3288 1024 3555 1085 praetextu

1978 1116 2208 1179 vagante
2239 1106 2533 1161 maximum
2560 1105 2896 1176 dispendium
2922 1106 3212 1161 Dominicis
3245 1106 3434 1162 ovibus
3466 1122 3558 1174 ge-

1981 1205 2237 1251 neretur:
2268 1196 2392 1250 dum
2417 1195 2621 1250 scilicet
2646 1196 2863 1258 utilitas,
2884 1211 3002 1264 quae
3024 1210 3119 1265 per
3141 1196 3281 1251 hunc
3307 1195 3559 1253 Ecciesun

1982 1284 2182 1340 Christi
2227 1285 2511 1354 provenire
2560 1291 2804 1354 poterat,
2861 1285 3023 1339 tantis
3063 1286 3173 1355 jam
3231 1287 3560 1355 temporibus

1982 1374 2317 1430 excludatur.
2346 1374 2461 1439 Qua
2491 1374 2557 1428 de
2580 1389 2635 1430 re
2656 1375 2824 1428 secuti
2854 1375 3306 1444 praedecessorum
3337 1376 3560 1432 Patrum

1985 1471 2253 1534 instituta,
2300 1481 2353 1525 et
2396 1468 2703 1539 apostolica:
2738 1469 2883 1524 sedis
2926 1470 3170 1539 exempla
3223 1471 3560 1541 pontificum,

1983 1564 2357 1635 praecipueque
2403 1562 2545 1617 beati
2580 1576 2730 1631 papae
2763 1559 3030 1632 Gregorii,
3064 1564 3154 1631 qui
3193 1562 3337 1617 circa
3380 1564 3563 1633 luijus-

1985 1654 2150 1720 modi,
2177 1669 2297 1723 quae
2328 1668 2425 1708 nos
2454 1666 2596 1710 nunc
2623 1666 2748 1722 erga
2789 1652 3069 1723 praefatum
3113 1654 3407 1708 antistitem
3454 1654 3565 1709 Deo

1986 1744 2200 1799 favente
2225 1743 2531 1808 statuimus,
2556 1757 2696 1811 saepe
2722 1743 2976 1798 statuisse
3001 1742 3351 1813 dignoscitur,
3381 1744 3567 1799 decer-

313 1858 404 1904 ιιιι·
440 1848 695 1903 historia.
721 1843 889 1899 Debet
917 1844 1062 1899 enim
1093 1853 1274 1899 nostra
1314 1844 1676 1913 compaliendi
1708 1843 1881 1899 abun.
1918 1824 1963 1887 Β
1989 1835 2166 1889 nimus
2193 1833 2338 1889 hunc
2367 1833 2766 1888 sanctissimum
2801 1832 2995 1888 crebro
3039 1830 3155 1900 jam
3203 1833 3403 1888 dictum
3458 1832 3570 1888 fra-

313 1940 496 1994 dantia
537 1938 760 1993 aliorum
819 1934 1053 2006 suppleri
1100 1934 1277 2006 inopia
1316 1953 1330 1992 :
1377 1950 1484 2005 quo
1537 1934 1715 1989 valeat
1764 1950 1885 1990 esse

314 2043 549 2083 mmrens
584 2041 705 2080 cum
733 2023 1104 2088 mmrcntibus,
1128 2035 1184 2079 et
1213 2039 1335 2078 cum
1361 2023 1724 2093 gaudentibus
1752 2038 1884 2093 gau-

316 2116 471 2180 dens,
502 2124 557 2170 et
608 2129 716 2169 non
767 2112 821 2166 in
872 2111 1164 2167 scabelium
1204 2112 1402 2182 pedum
1451 2112 1503 2166 in
1535 2127 1887 2181 personarum

317 2206 629 2275 acceptione
668 2216 920 2267 cernuus,
965 2202 1058 2257 sed
1088 2202 1398 2257 consolatus
1426 2209 1590 2272 queat
1625 2203 1737 2272 jam
1780 2201 1891 2257 Deo

319 2308 539 2352 auctore
577 2295 843 2351 consolari
891 2309 987 2350 eos
1023 2294 1113 2363 qui
1154 2294 1205 2348 in
1251 2294 1397 2348 omni
1441 2301 1692 2364 pres-sora
1741 2300 1890 2358 sunt,

319 2402 416 2458 per
460 2384 641 2440 Jesum
690 2383 966 2438 Christum
1015 2382 1301 2437 Dominum
1338 2393 1601 2436 nostrum.
1653 2372 1885 2437 Oramus

318 2475 543 2545 gloriam
601 2484 840 2527 nostram
885 2474 1028 2527 nunc
1064 2480 1120 2527 et
1167 2486 1381 2542 semper
1409 2471 1463 2525 in
1494 2470 1714 2526 Christo
1758 2473 1893 2525 bene

320 2566 521 2628 valere,
551 2563 902 2619 dilectissime
939 2562 1031 2616 ﬁli.
1064 2561 1196 2616 Data
1242 2578 1314 2617 vu
1344 2560 1611 2617 Kalendas
1648 2560 1891 2627 Martias,

319 2657 616 2713 indictione
647 2656 843 2726 prima.

1040 2759 1170 2815 Vill.

587 2870 653 2909 AD
690 2868 965 2909 EPISCOPOS
1002 2867 1187 2907 SYNODI
1223 2864 1638 2907 SUESSIONENSIS.

939 2943 1113 3014 (Anno
1139 2941 1287 3010 868.)

328 3038 612 3093 Artardum
653 3037 967 3106 episcopum,
1016 3051 1109 3103 pro
1154 3051 1255 3106 quo
1295 3031 1628 3106 scripserant,
1668 3029 1897 3106 ecclesia:

395 3125 511 3179 quia
531 3100 933 3179 vacalr'itljet'iam
957 3100 1704 3179 metropolitanwincardinari
1726 3100 1893 3179 jubet,

1993 1933 2128 1980 trem
2145 1932 2383 1979 nostrum
2403 1932 2460 1978 et
2478 1923 2852 1992 coepiscopum
2864 1924 3157 1978 Actardum
3170 1924 3438 1992 ecciesiaz,
3451 1939 3572 1994 quae

1994 2015 2131 2071 forte
2154 2029 2253 2069 suo
2284 2011 2445 2068 fuerit
2466 2013 2681 2067 viduata
2709 2023 2938 2076 rectore.
2962 2015 3176 2083 penitus
3198 2013 3523 2069 incardinari
3554 2033 3567 2067 :

1993 2112 2261 2175 quatenus
2282 2105 2333 2157 in
2358 2119 2421 2157 ea
2448 2103 2775 2157 constitutus
2804 2110 2858 2158 et
2882 2102 3058 2157 cilicia
3085 2101 3431 2173 episcopalia,
3454 2118 3575 2172 qum

1992 2212 2091 2267 per
2124 2195 2520 2265 impositionem
2548 2209 2739 2249 manus
2765 2195 2994 2264 accepit,
3024 2202 3295 2263 exerceat,
3320 2203 3377 2249 et
3393 2205 3577 2264 pasto-

1994 2287 2108 2342 rale
2139 2286 2496 2341 ministerium
2535 2285 2849 2340 solemniter
2888 2300 3071 2355 agens,
3111 2300 3242 2341 oves
3272 2285 3577 2340 Dominicas

1995 2375 2268 2445 sapientiae
2297 2374 2399 2427 sibi
2430 2372 2687 2427 divinitus
2713 2373 2986 2427 attributze
3023 2373 3132 2428 sale
3159 2374 3399 2442 condiat,
3428 2384 3482 2429 et
3510 2373 3579 2430 de

1996 2467 2099 2520 hac
2135 2463 2340 2517 lucrum
2367 2462 2630 2517 conditori
2661 2479 2758 2518 suo
2786 2464 2904 2518 sine
2933 2463 3172 2534 quolibet
3196 2466 3580 2535 impedimento

1996 2564 2252 2626 reportet.
2303 2556 2362 2611 Si
2409 2564 2589 2612 tamen
2622 2556 2739 2627 ejus
2766 2557 3012 2621 ecclesia,
3044 2566 3103 2612 ut
3143 2544 3329 2629 ipsius,
3372 2568 3428 2613 et
3467 2573 3581 2614 me—

1998 2650 2306 2719 tropolitani
2338 2649 2562 2719 proprii,
2593 2662 2658 2703 ac
2687 2648 2990 2703 litterarum
3020 2659 3319 2705 vestrarum
3348 2651 3581 2706 cireum-

1996 2740 2194 2794 stantia
2226 2740 2421 2803 innuit,
2462 2738 2700 2794 funditus
2729 2740 2927 2806 diruta,
2956 2748 3011 2794 et
3037 2756 3136 2811 per
3163 2741 3419 2796 nonnulla
3449 2755 3580 2797 cur-

2000 2830 2166 2883 rieula
2191 2830 2306 2900 jam
2348 2829 2400 2883 in
2434 2828 2779 2884 solitudinem
2809 2830 3023 2884 redacta
3069 2846 3191 2885 esse
3227 2831 3581 2901 dignoscitur,

2005 2923 2229 2993 paganis
2260 2921 2507 2977 videlicet
2552 2936 2658 2975 non
2702 2920 2874 2976 solum
2931 2921 3238 2987 transitum,
3284 2922 3379 2977 sed
3420 2922 3583 2977 etiam

2002 3014 2287 3069 stationem
2320 3011 2518 3066 ibidem
2545 3010 2884 3076 facientibus,
2915 3025 2979 3067 ac
3009 3025 3105 3082 per
3126 3011 3229 3068 hoc
3251 3011 3585 3083 depopulatis

2001 3109 2239 3177 undique
2267 3107 2400 3163 locis
2433 3106 2736 3162 habitatore
2782 3106 3110 3173 carentibus,
3157 3106 3382 3162 sublatis
3421 3107 3584 3163 etiam

394 3170 544 3248 eique
570 3178 637 3231 ad
666 3176 1001 3247 aﬂlictionum
1028 3170 1273 3226 solatium
1298 3171 1445 3241 pallii
1469 3186 1621 3225 usum
1642 3170 1896 3224 concedit.
1924 3188 1971 3251 ρ
2004 3216 2034 3254 a
2066 3170 2377 3254 Bri'wnibus
2421 3197 2524 3253 sibi
2575 3212 2694 3267 qua,
2736 3170 3116 3252 mmansemn"
3156 3195 3337 3261 rebus,
3390 3211 3491 3252 nec
3533 3195 3583 3251 ei

396 3285 869 3344 Reverentissimis
918 3293 973 3339 et
1025 3282 1380 3338 sanctissimis
1433 3280 1793 3336 confratribus
1847 3289 1903 3335 et

329 3374 657 3445 coepisc0pis
680 3372 901 3437 nostris,
920 3372 1009 3441 qui
1033 3371 1304 3441 przeterito
1324 3384 1466 3425 anno
1494 3370 1632 3441 apud
1658 3368 1903 3425 Suessio-

327 3469 502 3522 nicam
531 3466 718 3519 urbem
749 3469 1134 3517 convenerunt.

398 3555 544 3611 Inter
570 3562 762 3609 caetera
798 3567 918 3621 quae
951 3550 1259 3620 apostolica:
1305 3549 1449 3605 sedis
1490 3547 1809 3603 auctoritate
1848 3548 1901 3603 in

328 3647 561 3715 idipsnm
608 3642 1010 3706 convenientes,
1047 3640 1113 3694 de
1154 3639 1324 3693 fratre
1358 3638 1470 3708 jam
1504 3646 1559 3692 et
1587 3636 1904 3707 coepiscopo

330 3747 519 3793 nostro
557 3734 830 3799 Wuifsdo,
873 3742 928 3789 et
973 3732 1196 3803 collegis
1242 3732 1409 3802 ipsius
1450 3730 1722 3801 praeterito
1764 3744 1905 3785 anno

328 3829 583 3901 synodiee
630 3827 913 3892 deﬁnistis,
956 3826 1119 3880 etiam
1175 3823 1480 3895 apostolicae
1529 3823 1641 3878 sedi
1684 3837 1903 3877 causam

332 3918 655 3974 venerabilis
682 3916 868 3972 fratris
901 3914 1074 3971 nostri
1102 3914 1340 3978 Actardi,
1373 3912 1700 3967 Namneticaz
1732 3927 1903 3982 quon-

333 4009 456 4065 dam
507 4006 658 4061 urbis
694 4005 964 4076 episcopi,
995 4012 1091 4059 seu
1131 4003 1507 4058 tribulationes
1540 4002 1904 4073 exposuistis:

332 4097 493 4154 simul
525 4098 688 4151 etiam
724 4096 867 4151 hunc
893 4095 1121 4150 mirifice
1145 4094 1603 4159 commendantes,
1637 4109 1744 4164 quo
1773 4093 1848 4148 illi
1875 4108 1906 4148 a

337 4196 486 4244 tanta
518 4188 644 4242 sede
684 4186 1083 4251 subveniretur,
1131 4185 1457 4239 unanimiter
1492 4199 1556 4239 ac
1588 4198 1909 4255 magnopere

336 4279 664 4352 postulastis.
695 4276 931 4345 Quorum
961 4276 1301 4341 relationem,
1338 4276 1451 4331 sive
1486 4276 1907 4345 suggestionem,

338 4379 488 4426 tanto
513 4378 789 4439 gratanter
821 4375 971 4422 tanto
1007 4366 1238 4421 libenter
1264 4380 1384 4429 nos,
1409 4363 1523 4433 jam
1555 4365 1664 4421 Deo
1691 4372 1912 4419 auctore

339 4460 481 4513 illius
505 4458 649 4514 sedis
684 4456 811 4512 licet
837 4454 1110 4510 immerito
1134 4453 1505 4508 moderamine
1524 4452 1699 4523 potiti,
1731 4467 1915 4508 susce-

2000 3289 2264 3343 minorem
2293 3301 2454 3357 quam
2493 3301 2589 3341 sua
2637 3285 2814 3341 fuerat
2842 3285 2959 3340 dari
2986 3285 3232 3341 volumus
3260 3302 3274 3340 :
3305 3300 3427 3341 cum
3458 3285 3587 3342 licet

2002 3380 2106 3435 hoc
2135 3379 2355 3433 minime
2394 3376 2649 3448 postulet,
2683 3392 2750 3433 ne
2784 3376 3035 3432 videlicet
3074 3375 3304 3446 alicujus
3336 3376 3586 3432 ambitio-

2003 3469 2089 3523 nis
2132 3468 2271 3522 fama
2322 3476 2561 3532 notetur,
2617 3465 2829 3521 etiamsi
2874 3480 2933 3520 se
2979 3464 3294 3535 metropolis
3341 3463 3587 3519 fortassis

2003 3561 2279 3625 obtulerit,
2332 3558 2617 3615 conveniat
2666 3557 2922 3627 consequi
2978 3557 3263 3627 potiorem.
3317 3556 3583 3611 Nimirum

2005 3653 2095 3722 qui
2128 3652 2271 3707 inter
2298 3660 2492 3706 cmtera
2519 3650 2778 3704 virtutum
2809 3663 3026 3704 suarum
3061 3648 3286 3719 insignia
3320 3647 3585 3703 barbaro-

2006 3759 2124 3797 rum
2155 3742 2360 3796 rabiem
2380 3756 2523 3811 s:epe
2547 3754 2856 3811 perpessus,
2879 3739 3263 3810 Christumque
3284 3740 3561 3794 confessus

2000 3832 2113 3903 jam
2152 3848 2292 3887 nunc
2322 3833 2433 3887 Deo
2455 3830 2577 3900 jure
2602 3832 2780 3885 dicere
2806 3830 3000 3885 debeat
3035 3844 3050 3883 :
3077 3830 3376 3885 Secundum
3402 3829 3583 3883 multi-

2006 3924 2236 3979 tudinem
2263 3921 2503 3976 dolorum
2531 3934 2765 3973 meorum
2791 3919 2845 3972 in
2880 3918 3036 3972 corde
3064 3934 3178 3972 meo
3207 3916 3585 3972 consolationes

2009 4025 2114 4069 tua:
2156 4011 2547 4081 lartiﬁcaeerunt
2596 4010 2825 4061 animum
2862 4023 3030 4061 meam
3068 4005 3237 4074 (Psal.
3267 4005 3443 4079 xcm).
3481 4005 3588 4062 Pro

2009 4103 2162 4173 cujus
2211 4101 2286 4155 rei
2334 4098 2628 4154 obtinendo
2677 4112 2899 4168 prorsus
2955 4095 3179 4163 effectu,
3227 4097 3424 4153 dilecto
3476 4095 3590 4152 lilio

2010 4201 2197 4248 nostro
2220 4190 2413 4246 Carolo
2437 4189 2667 4260 glorioso
2691 4188 2801 4258 regi
2826 4201 3012 4256 preces
3039 4187 3352 4253 direximus,
3380 4197 3437 4242 et
3460 4201 3596 4242 ecce

2012 4295 2249 4340 vestram
2295 4282 2602 4337 unanimem
2652 4280 3005 4344 charitatem,
3034 4294 3141 4348 quo
3188 4278 3404 4348 pietatis
3431 4276 3601 4347 hujus

2014 4376 2195 4446 aperis
2221 4376 2457 4429 favorem
2492 4379 2548 4427 et
2583 4371 2819 4426 studium
2857 4369 3057 4425 curetis
3105 4367 3416 4424 indeticieus
3456 4383 3595 4439 prie-

2018 4474 2183 4529 stare,
2209 4462 2562 4534 praesentibus
2583 4462 2864 4515 hortamur
2884 4457 3150 4513 affatibus.
3182 4458 3248 4513 Et
3269 4467 3327 4513 ut
3353 4466 3597 4514 nostram

338 4554 533 4623 pimus,
573 4558 775 4620 quanto
812 4549 953 4603 hanc
994 4563 1060 4602 ex
1100 4546 1354 4602 fraterna:
1389 4545 1692 4602 dilectionis
1723 4544 1911 4602 aﬂ‘ectu
1942 4540 1992 4599 D
2022 4553 2182 4609 vultis
2206 4567 2333 4623 erga
2374 4566 2472 4606 vos
2510 4552 2563 4605 in
2596 4549 3085 4621 opportunitatibus
3125 4562 3246 4605 esse
3274 4548 3599 4605 benevolen-

339 4647 602 4717 prodiisse
628 4647 748 4700 luce
770 4643 968 4722 clarius
996 4641 1376 4697 intelleximus.
1408 4636 1682 4713 Prmcipue
1711 4658 1833 4697 cum
1862 4650 1917 4697 et

343 4736 616 4790 vobiscum
646 4746 1034 4803 prrecessorum
1080 4746 1344 4796 meorum,
1382 4731 1580 4787 Leonis
1619 4732 1826 4787 scilicet
1860 4741 1917 4787 et

342 4825 542 4880 Nicolai
582 4824 1046 4878 sanctissimorum
1075 4821 1384 4892 praesulem,
1412 4823 1679 4877 recensita
1713 4824 1914 4892 scripta

343 4934 448 4973 non
476 4918 967 4987 parvip‘endeudnm
992 4917 1313 4986 perbiheant
1337 4917 1723 4972 testimonium.
1752 4918 1919 4988 igitur

342 5007 421 5062 illi
451 5007 690 5063 omnium
717 5006 809 5077 qui
855 5007 910 5062 in
947 5006 1174 5061 aemilio
1212 5006 1517 5062 Tricassino
1547 5007 1749 5062 inventi
1794 5014 1923 5061 sunt

342 5096 612 5166 legatione
653 5096 919 5168 iungenti,
948 5104 1005 5150 et
1040 5095 1334 5151 instantius
1372 5110 1471 5165 pro
1509 5096 1610 5149 hoc
1639 5094 1925 5166 satagenti,

284 5209 289 5213 θ
344 5188 568 5258 pallium
599 5187 755 5242 fratri
795 5196 853 5242 et
888 5188 1209 5257 coepiscopo
1238 5195 1425 5243 nostro
1448 5186 1700 5243 Wulfado
1729 5197 1930 5243 saneta

345 5277 700 5333 Bituricensis
756 5278 1019 5344 ecclesiae,
1066 5277 1223 5332 sicuti
1254 5276 1367 5347 jam
1416 5292 1516 5348 per
1569 5277 1673 5332 alia
1730 5278 1931 5349 scripta

349 5367 793 5435 significavimus,
831 5365 1179 5422 deferendum
1214 5369 1602 5423 commisimus.
1646 5367 1752 5424 Sed
1802 5370 1927 5438 quia

352 5457 492 5512 idem
517 5457 847 5514 reverendus
872 5459 1118 5524 antistes,
1150 5467 1209 5513 ut
1245 5467 1423 5515 vestra
1470 5459 1661 5515 relatio
1700 5459 1927 5515 manife-

353 5557 482 5610 stat,
509 5563 539 5602 a
565 5550 780 5620 propria
808 5551 1035 5606 ecclesia
1064 5552 1273 5607 diutino
1288 5552 1399 5620 jam
1428 5561 1669 5623 tempore
1691 5569 1927 5626 pagano-

357 5653 476 5692 rmn
521 5642 896 5706 persecutione
938 5643 1237 5714 propulsus,
1292 5644 1396 5699 hac
1443 5644 1669 5713 iliacqne
1707 5660 1930 5717 peregre

361 5727 738 5795 proﬁciscitur,
793 5732 896 5788 huc
944 5740 1103 5804 atque
1150 5734 1275 5790 illuc
1324 5734 1544 5792 multam
1596 5736 1709 5804 jam
1758 5736 1931 5792 fessus

2023 4644 2173 4708 tiam,
2206 4642 2274 4695 ita
2307 4649 2486 4696 vestra
2511 4654 2639 4710 erga
2664 4640 2810 4694 hunc
2836 4638 3079 4705 fratrem,
3107 4639 3193 4694 cui
3222 4653 3439 4694 manum
3467 4654 3601 4710 por-

2021 4737 2264 4808 rigimus,
2296 4736 2446 4790 vobis
2486 4750 2698 4805 quoque
2736 4750 2953 4789 manum
2983 4735 3398 4806 porrigentibus,
3426 4735 3605 4793 donec

2021 4829 2165 4898 quod
2201 4826 2538 4881 decrevimus
2568 4825 2820 4881 effectum
2853 4827 3052 4896 capiat,
3077 4828 3475 4898 promptissima
3504 4843 3603 4898 pa-

2023 4927 2195 4975 tescat
2233 4916 2517 4972 industria.
2551 4915 2827 4986 Siquidem
2870 4927 2926 4973 et
2971 4934 3091 4983 nos,
3143 4918 3287 4976 illius
3325 4918 3607 4990 multiplici

2029 5009 2280 5074 miseriae,
2312 5017 2368 5063 et
2406 5008 2627 5062 diutina:
2661 5007 3101 5079 peregrinationi,
3128 5018 3306 5089 ‘atque
3350 5009 3607 5065 continue

2030 5098 2698 5171 mmrorieompatientes,
2743 5098 2907 5155 decus
2933 5098 3008 5154 illi
3036 5098 3183 5170 pallii
3223 5099 3338 5155 solo
3384 5098 3609 5155 misera-

2033 5191 2195 5247 tionis
2225 5190 2417 5246 aﬂ'ectu
2460 5189 2803 5246 contulimus.
2849 5190 3001 5259 Quod
3043 5206 3147 5245 non
3188 5189 3344 5245 aliter
3381 5189 3478 5256 illi,
3505 5202 3612 5246 nec

2035 5281 2255 5338 cuilibet
2281 5281 2481 5351 absque
2511 5281 2865 5352 metropolitis
2889 5282 3325 5348 concederemus,
3351 5281 3453 5336 nisi
3477 5280 3618 5337 mul-
3692 5300 3699 5313 ι

2038 5373 2197 5429 toties
2232 5372 2375 5426 hunc
2398 5371 2609 5437 exsilia,
2638 5387 2808 5437 mare,
2834 5372 3048 5427 vincula
3078 5385 3316 5441 passum,
3350 5372 3512 5427 etiam
3543 5371 3617 5428 ad

2039 5459 2321 5531 capitalem
2343 5462 2666 5515 sententiam
2694 5461 3004 5530 frequenter
3028 5469 3258 5516 tractum
3285 5461 3448 5517 fuisse
3467 5476 3613 5516 com-

2036 5554 2393 5626 perissemus;
2439 5567 2494 5606 et
2542 5553 2645 5608 nisi
2688 5552 2788 5607 hoc
2824 5552 2938 5622 ipse
2978 5553 3092 5607 suis
3128 5552 3294 5608 tantis
3323 5567 3386 5607 ac
3420 5550 3623 5607 talibus

2035 5642 2392 5706 detrimentis,
2424 5642 2550 5710 quin
2577 5642 2754 5711 potius
2780 5642 3006 5708 meritis,
3039 5659 3137 5714 pro
3176 5644 3469 5699 celerrimae
3488 5658 3617 5698 con-

2036 5731 2313 5789 solationis
2351 5731 2540 5787 solatio
2579 5733 2886 5801 meruisset,
2932 5742 2989 5788 ut
3038 5735 3241 5791 scilicet
3293 5737 3481 5790 habeat
3520 5749 3633 5803 pro
