3978 6160
340 341 470 401 1271

1687 349 1965 404 ADRIANI
2003 349 2201 404 ΡΑΡΑΞ
2242 350 2285 405 ll

3454 345 3601 401 ΕΗ

343 460 536 515 exsilio
573 465 626 513 et
661 442 848 512 catena
877 455 1019 526 pallii
1050 464 1382 521 ornamenta,
1406 470 1513 512 non
1553 457 1619 511 ad
1651 459 1912 523 ecclesiae,
1946 468 1991 523 Α
2020 460 2327 529 apostolica
2361 444 2677 529 praesul-ibus
2701 460 2940 530 ingratus
2967 464 3261 528 exstiteris,
3291 476 3597 537 praenotata

343 549 429 602 cui
468 547 883 602 incardinandus
910 556 1012 612 est,
1044 556 1358 617 perpetuum
1385 547 1710 611 institutum,
1733 550 1825 602 sed
1848 550 1914 601 ad

343 654 498 693 suum
543 638 828 707 specialem
877 639 1117 707 certique
1147 638 1404 707 temporis
1436 653 1611 692 usum.
1641 636 1916 706 Siquidem

343 727 616 797 indignum
641 727 906 790 ducimus,
931 743 1253 799 quemquam
1278 730 1343 781 ad
1365 728 1712 797 apostolicam
1737 730 1916 782 sedem

344 816 431 870 ubi
463 831 676 885 semper
707 817 995 871 catholici?
1022 819 1355 884 subvenitur,
1399 818 1657 873 accedere
1697 818 1918 872 tribula-

344 914 479 967 tum,
512 915 564 959 et
600 922 705 960 non
744 922 807 961 ex
849 909 1038 976 quavis
1079 918 1230 975 parte
1270 907 1602 962 consulatum
1645 909 1916 963 recedere.

343 998 509 1051 Debet
537 997 680 1051 enim
714 1007 894 1052 nostra
932 998 1292 1065 compatiendi
1335 998 1659 1052 abundantia
1690 998 1917 1052 aliorum

342 1086 577 1156 suppleri
618 1088 817 1157 inopia,
857 1103 963 1156 quo
1000 1088 1177 1143 valeat
1210 1103 1330 1143 esse
1365 1104 1599 1144 mcerens
1635 1105 1754 1143 cum
1787 1103 1917 1144 mm-

343 1178 603 1241 rentibus,
635 1188 829 1233 etcum
862 1181 1216 1250 gaudentibus
1244 1183 1500 1252 gaudens,
1534 1192 1587 1237 et
1612 1182 1919 1238 consolatus

339 1266 446 1335 iam
478 1278 643 1337 queat
685 1270 794 1324 Deo
830 1281 1050 1326 auctore
1089 1273 1354 1327 consolari
1405 1289 1497 1328 eos
1539 1275 1630 1343 qui
1677 1274 1729 1328 in
1770 1274 1916 1328 omni

339 1373 589 1426 pressura
627 1369 773 1425 sunt,
809 1375 906 1429 per
951 1360 1133 1416 Jesum
1177 1362 1453 1417 Christum
1492 1362 1777 1418 Dominum
1823 1378 1918 1416 no-

338 1456 510 1501 strum
532 1448 725 1504 Amen.

1082 1541 1171 1597 IX.

756 1669 823 1708 ΔΙ)
862 1668 1146 1710 ACTARDUH
1181 1670 1492 1713 EPISCOPUI.

939 1766 1126 1835 (Anno
1153 1765 1314 1836 868.)

379 1914 390 1923 .
411 1873 574 1927 Pallii
598 1891 744 1929 usum
768 1875 994 1929 Actardo
1016 1877 1382 1932 consolationis
1404 1895 1562 1933 causa
1589 1879 1842 1933 concedit.

412 2003 684 2059 ADIIIANUS
720 2005 1002 2074 episcopus
1026 2046 1042 2070 ,
1090 2022 1277 2062 servus
1304 2022 1585 2063 servorum
1616 2008 1729 2073 Dei,
1769 2026 1918 2065 reve-

343 2095 649 2149 rentissimo
677 2105 731 2150 et
771 2097 1116 2151 sanctissimo
1151 2101 1636 2159 Acraaoosanctm
1664 2103 1918 2158 Ecclesiae

340 2182 669 2238 Namuctica:
699 2185 886 2240 diebus
917 2187 1041 2241 vitae
1075 2196 1176 2241 tute
1207 2192 1599 2246 tantummodo.

412 2274 467 2329 Si
493 2276 785 2329 secundum
830 2278 1021 2331 divinae
1051 2279 1264 2346 pietatis
1293 2280 1500 2334 viscera
1547 2283 1693 2337 circa
1737 2282 1911 2337 nemi-

341 2378 464 2416 nem
505 2364 753 2418 consistit
778 2366 1221 2434 reprehensibilis
1246 2378 1663 2441 quantacunque
1689 2372 1914 2427 misera-

342 2454 448 2516 tio,
498 2464 698 2523 quanto
746 2456 924 2525 potius
967 2471 1095 2527 erga
1144 2457 1262 2513 illos
1287 2460 1591 2515 exhibenda
1619 2471 1703 2516 est
1750 2463 1916 2518 totius

342 2543 624 2597 charitatis
651 2543 885 2609 affectio,
909 2545 998 2614 qui
1025 2548 1169 2602 circa
1194 2548 1433 2604 divinum
1459 2549 1662 2605 cultum
1688 2552 1917 2620 irrepre-

345 2634 638 2689 heusibiles
668 2645 1008 2704 apparentes,
1048 2637 1382 2692 diversarum
1408 2639 1530 2693 dein
1557 2628 1911 2695 tentationum

342 2726 604 2780 exercitia
649 2727 1017 2795 pertulerunt,
1061 2743 1162 2783 nec
1198 2736 1377 2784 tamen
1426 2731 1479 2783 in
1532 2731 1916 2787 tentationibus

326 2818 538 2872 Christo
556 2817 785 2886 prepitio
813 2816 1159 2873 defecerunt?
1189 2819 1302 2886 Qua
1352 2822 1416 2875 de
1459 2836 1517 2876 re
1545 2820 1915 2877 benedicimus

344 2907 457 2960 Deo
491 2905 639 2961 Patri
680 2907 892 2962 Domini
920 2909 1090 2963 nostri
1131 2908 1256 2965 Jesu
1296 2910 1529 2977 Christi,
1576 2913 1685 2969 Deo
1712 2913 1916 2969 scilicet

346 2999 510 3053 totius
533 2999 941 3066 consolationis,
973 3002 1064 3071 qui
1093 3002 1406 3057 consolatur
1436 3020 1534 3059 nos
1556 3005 1610 3059 in
1638 3007 1785 3060 omni
1814 3006 1912 3061 tri-

342 3088 616 3144 bulatione
644 3099 847 3155 nostra,
890 3100 946 3146 ut
987 3093 1258 3162 possimus
1284 3102 1337 3148 et
1378 3094 1479 3164 ipsi
1526 3096 1793 3153 consolari
1821 3112 1916 3154 eos

262 3170 265 3171 ⁷
340 3183 432 3250 qui
459 3181 510 3234 in
534 3182 679 3236 omni
705 3197 960 3252 pressura
989 3192 1135 3239 sunt.
1168 3184 1429 3254 Tibique,
1460 3184 1628 3241 frater
1655 3187 1911 3255 Actarde,

343 3271 437 3340 qui
475 3270 593 3326 dira
635 3270 914 3343 fatigatus,
960 3283 1016 3328 et
1049 3275 1297 3330 diuturna
1327 3277 1658 3345 captivitatis
1696 3279 1915 3334 miseria

342 3369 647 3429 quassatus,
672 3376 772 3416 nec
804 3363 945 3416 inter
969 3378 1128 3420 enses
1159 3365 1453 3421 infidelium
1483 3366 1750 3435 deiecisti,
1779 3369 1913 3438 quin

343 3454 503 3512 etiam
530 3454 622 3508 Dei
645 3455 980 3524 providentia
1010 3456 1327 3511 mirabiliter
1340 3466 1528 3512 erutus
1554 3466 1608 3513 et
1632 3458 1910 3525 liberatus,

342 3544 764 3615 circumquaque
790 3546 1188 3616 peregrinando
1214 3546 1401 3615 procul
1426 3563 1455 3600 a
1484 3548 1703 3617 propria
1730 3549 1915 3605 Eccle—

343 3640 446 3703 sia,
491 3640 678 3709 procul
714 3656 742 3694 a
785 3640 928 3694 notis
957 3650 1010 3694 et
1040 3641 1327 3709 proximis,
1358 3650 1578 3711 propter
1601 3644 1914 3698 eorumdem

342 3728 548 3783 rabiem
571 3729 943 3795 barbarorum,
974 3737 1031 3785 et
1061 3730 1369 3786 continuam
1391 3731 1671 3787 Britonum
1696 3748 1917 3804 Oppres-

345 3820 575 3887 sionem,
605 3820 819 3889 quibus,
846 3821 980 3875 heu!
1013 3820 1241 3877 nimium
1269 3823 1478 3878 vicinus
1504 3838 1623 3879 esse
1651 3825 1914 3891 posceris,

343 3918 549 3980 etpene
569 3910 728 3981 pejus
749 3911 816 3967 ab
837 3911 916 3966 eis
938 3926 1102 3982 quam
1126 3926 1157 3966 a
1187 3912 1382 3982 piratis
1407 3913 1795 3970 insecutionem
1822 3930 1915 3986 pa-

347 4001 480 4057 teris
496 4042 511 4066 ,
542 4000 830 4057 curriculis
847 3999 965 4069 jam
989 4001 1173 4056 multis
1204 4002 1429 4070 incedis,
1453 4003 1621 4059 decus
1641 4003 1788 4073 pallii
1818 4020 1919 4074 pro

346 4092 441 4148 Dei
476 4091 645 4148 solius
671 4106 878 4158 amore,
905 4107 1067 4162 quem
1094 4092 1234 4147 inter
1264 4092 1558 4149 furentium
1582 4109 1915 4166 paganorum

346 4200 540 4240 manus
573 4192 630 4239 et
676 4183 883 4254 gladios
913 4183 1195 4241 confessus
1233 4199 1316 4251 es,
1351 4185 1695 4256 praevidimus
1725 4201 1919 4242 conce-

346 4273 601 4329 dendum.
653 4272 769 4339 Quo
797 4273 1050 4328 videlicet
1086 4272 1249 4343 pallio
1271 4313 1287 4338 ,
1337 4290 1458 4328 cum
1502 4274 1669 4331 fueris
1695 4283 1919 4330 auctore

347 4361 457 4417 Deo
491 4368 784 4430 nostroque
825 4360 1044 4417 decreto
1085 4361 1317 4432 aliquem
1364 4371 1645 4417 vacantem
1693 4362 1918 4432 adeptus

347 4454 738 4525 episcopatum,
765 4454 906 4510 scias
935 4469 966 4509 a
996 4455 1153 4511 nobis
1177 4454 1352 4510 eidem
1375 4462 1429 4509 te
1449 4454 1719 4510 stabiliter
1740 4455 1920 4510 incar-

349 4546 623 4609 dinatum;
657 4545 741 4599 vel
775 4547 819 4600 si
847 4546 1134 4617 contigerit
1160 4546 1347 4602 forsan
1377 4545 1432 4601 in
1472 4545 1712 4616 proprio,
1755 4545 1920 4602 certis

346 4635 529 4690 valcas
557 4645 636 4689 uti
668 4635 1021 4706 temporibus.
1050 4634 1206 4703 Quod
1229 4650 1336 4690 non
1359 4636 1516 4690 aliter
1544 4635 1661 4701 tibi,
1690 4649 1789 4690 nec
1807 4634 1920 4690 cui-

350 4725 483 4780 libet
510 4724 714 4794 absque
745 4725 1102 4796 metropolitis
1128 4726 1570 4791 concederemus,
1599 4725 1701 4782 nisi
1727 4725 1919 4781 multo-

349 4814 450 4867 tics
467 4813 678 4878 exsilia,
697 4829 867 4879 mare,
899 4815 1108 4870 vincula
1132 4830 1310 4885 passo,
1355 4815 1518 4870 etiam
1540 4815 1608 4870 ad
1634 4815 1917 4885 capitalem

350 4903 678 4959 sententiam
724 4904 1035 4975 frequenter
1078 4916 1251 4962 tracto
1271 4948 1286 4973 ,
1320 4914 1455 4961 teste
1487 4914 1579 4961 tuo
1608 4905 1920 4975 metropoli-

353 5002 502 5059 tano,
528 4991 617 5063 qui
648 5000 703 5049 et
746 4993 800 5048 id
827 4993 982 5049 nobis
1027 4994 1222 5052 litteris
1254 4995 1505 5061 innotuit,
1535 5002 1589 5049 et
1634 4993 1730 5049 tibi
1769 5009 1919 5063 spem

353 5085 407 5140 in
440 5086 566 5142 sede
591 5085 807 5158 pr0pria
833 5100 940 5141 non
967 5102 1252 5157 superesse
1293 5086 1649 5159 significavit,
1695 5086 1800 5140 hoc
1831 5093 1920 5140 tua

354 5180 421 5235 ad
478 5179 774 5235 celerrimae
809 5178 1196 5235 consolationis
1221 5179 1412 5235 solatia
1460 5186 1607 5233 tanta
1645 5177 1923 5247 exigerent

355 5275 702 5339 detrimenta,
735 5275 864 5346 quin
887 5274 1066 5344 potius
1093 5274 1285 5328 merita
1315 5291 1328 5327 :
1360 5281 1419 5327 ut
1444 5271 1692 5327 videlicet
1723 5270 1923 5325 habeas

354 5381 454 5436 pro
486 5364 676 5421 exsilio
704 5374 760 5420 et
793 5374 983 5421 catena
1027 5362 1177 5434 pallii
1214 5371 1555 5427 ornamenta,
1581 5375 1688 5416 non
1723 5361 1777 5415 in
1821 5368 1925 5413 tuae

358 5455 599 5510 ecclesiae
626 5468 861 5525 perenne
891 5456 1189 5518 decretum,
1221 5453 1315 5508 sed
1347 5452 1425 5507 ad'
1443 5460 1596 5506 tuum
1617 5460 1767 5506 certo
1793 5458 1928 5504 tem-

357 5560 488 5615 pore
523 5546 750 5614 vitaeque
773 5544 1054 5614 praesentis
1067 5543 1387 5614 specialiter
1415 5557 1591 5598 usum.
1634 5542 1795 5599 Utere
1826 5540 1927 5612 igi-

362 5642 466 5695 tur,
498 5642 766 5688 annuente
798 5634 926 5698 Deo,
978 5633 1140 5703 pallio
1174 5648 1204 5688 a
1241 5633 1394 5689 nobis
1425 5633 1521 5688 tibi
1549 5631 1663 5687 solo
1703 5631 1928 5685 misera—

363 5725 527 5781 tionis
555 5734 604 5780 ct
631 5706 1008 5783 consolationis
1042 5725 1235 5783 affectu
1277 5726 1504 5782 collato:
1540 5734 1612 5789 et,
1647 5723 1748 5778 nisi
1780 5723 1925 5779 sedis

2025 563 2212 605 tenore
2233 552 2395 616 illius,
2413 552 2537 605 dum
2554 553 2772 617 vixeris,
2787 570 2981 609 ornare
2993 556 3205 611 decore.
3228 556 3380 624 Quod
3402 566 3591 613 tamen

2022 631 2342 694 fraternitati
2384 650 2486 695 tua:
2517 643 2583 694 ad
2608 642 2891 701 missarum
2918 644 3178 699 solemnia
3203 655 3410 700 tantum
3449 648 3598 703 cele-

2021 729 2226 784 branda
2256 733 2602 787 concedimus
2627 751 2640 787 :
2680 734 2732 787 in
2761 735 2848 788 die
2878 736 3138 790 duntaxat
3172 746 3375 792 sanctae
3402 754 3468 792 ac
3497 754 3596 792 ve-

2022 824 2274 876 neranda:
2313 823 2522 878 Domini
2556 827 2724 879 nostri
2755 825 2881 880 Jesu
2921 826 3119 881 Christi
3175 829 3600 884 resurrectionis

2023 925 2087 964 ac
2119 911 2437 978 nativitatis,
2457 929 2550 967 seu
2579 916 2908 971 ascensionis
2930 917 3035 979 die,
3058 927 3114 971 et
3143 917 3194 971 in
3226 919 3603 988 assumptione

2021 1001 2190 1055 beatm
2223 1000 2313 1056 Dei
2344 1004 2621 1072 genitricis
2655 1019 2868 1073 semper
2907 1006 3125 1075 virginis
3161 1006 3369 1071 Μαι-ὴν,
3403 1021 3500 1061 seu
3540 1008 3601 1061 in

2023 1091 2282 1147 natalitiis
2324 1092 2604 1147 beatorum
2651 1094 3036 1163 apostolorum,
3085 1095 3198 1149 sive
3227 1096 3280 1148 in
3312 1095 3603 1150 nativitatc

2022 1183 2195 1236 sancti
2223 1181 2445 1236 Joannis
2467 1182 2719 1251 Baptista:
2775 1199 2977 1238 menon
3025 1194 3079 1238 et
3125 1186 3176 1237 in
3218 1185 3380 1238 natali
3413 1185 3602 1240 sancti

2020 1272 2218 1328 Christi
2248 1274 2575 1328 confessoris
2597 1273 2808 1327 Martini
2837 1274 2946 1339 die,
2980 1276 3287 1343 pariterque
3322 1275 3376 1328 in
3398 1275 3605 1329 sulem-

2021 1363 2204 1417 nitatis
2243 1365 2487 1419 ecclesia:
2519 1375 2623 1419 tuae
2647 1365 2757 1430 die,
2790 1380 2973 1420 verum
3001 1367 3162 1422 etiam
3203 1377 3258 1421 et
3292 1368 3346 1421 in
3374 1367 3606 1421 ordina—

2022 1454 2182 1535 tionis
2213 1462 2315 1508 tuae
2350 1454 2593 1509 natalitio
2622 1456 2965 1511 concedimus
3005 1457 3112 1522 die,
3143 1457 3300 1512 sicuti
3334 1474 3364 1511 a
3389 1457 3605 1513 beatis-

2020 1545 2158 1598 simo
2190 1546 2583 1613 prtedecessore
2608 1556 2794 1600 nostro
2815 1546 3075 1625 Gregorio
3101 1548 3257 1615 hujus
3282 1547 3607 1617 apostolica:

2022 1633 2166 1687 sedis
2212 1635 2435 1703 pratsule
2479 1637 2744 1690 sancitum
2786 1646 2888 1691 est.
2931 1638 2987 1691 In
3021 1638 3326 1694 Secretario
3356 1654 3488 1693 vero
3510 1640 3607 1693 in-

2024 1726 2188 1779 duere
2213 1735 2300 1779 tua
2331 1725 2640 1782 fraternitas
2666 1727 2880 1797 pallium
2897 1728 3111 1792 debeat,
3140 1731 3282 1783 etita
3306 1730 3372 1782 ad
3396 1731 3601 1784 missa-

1954 1799 1999 1858 Β
2028 1833 2145 1871 rum
2187 1817 2443 1871 solemnia
2474 1818 2743 1887 proficisci
2767 1836 2783 1882 ;
2829 1826 2887 1873 et
2911 1820 3044 1873 nihil
3073 1818 3173 1875 sibi
3202 1821 3432 1890 amplius
3461 1837 3605 1876 ausu

2023 1911 2326 1963 temeraria:
2348 1910 2783 1980 prtesumptionis
2811 1926 3103 1982 arrogare:
3135 1927 3225 1975 ne,
3256 1913 3380 1967 dum
3414 1913 3472 1966 in
3504 1930 3611 1967 ex-

2022 1997 2207 2051 teriori
2251 1998 2444 2052 habitu
2473 1998 2774 2054 inordinate
2803 1998 3000 2068 aliquid
3025 2000 3299 2068 arripitur,
3348 2001 3609 2055 ordinate

2019 2090 2181 2142 etiam
2210 2106 2328 2160 quae
2362 2090 2524 2144 licere
2569 2099 2824 2159 poterant
2856 2091 3194 2145 amittantur.
3225 2090 3285 2146 Si
3313 2091 3445 2160 quid
3497 2107 3600 2145 au-

2022 2184 2128 2230 tem
2151 2178 2217 2233 de
2248 2180 2410 2233 rebus
2446 2179 2774 2235 Namnctieae
2801 2181 3097 2236 dimcesens
3122 2188 3228 2234 tam
3252 2197 3281 2234 a
3311 2182 3605 2250 depopula-

2021 2268 2168 2322 tione
2192 2269 2437 2324 nefandze
2464 2271 2638 2339 gentis
2660 2269 3119 2335 Northmannicte,
3147 2286 3309 2340 quam
3331 2287 3361 2324 a
3387 2271 3608 2325 Britan-

2022 2376 2212 2415 norum
2251 2361 2594 2431 subreptione
2641 2362 2939 2428 remansit,
2979 2362 3047 2416 ad
3077 2369 3222 2415 tuam
3251 2361 3605 2415 decernimus

2020 2448 2460 2503 sollicitudinem.
2489 2449 2657 2504 Porro
2681 2464 2985 2526 censemus,
3010 2449 3418 2519 apostolicaeque
3441 2451 3604 2504 inst?-

2020 2536 2245 2591 tutionis
2272 2537 2597 2591 auctoritate
2634 2537 2943 2601 definimus,
2990 2544 3049 2591 ut
3078 2537 3256 2592 nullus
3280 2539 3601 2608 metropoli-

2020 2634 2270 2680 tanorum
2301 2625 2628 2691 antistitum,
2657 2626 2741 2681 vel
2767 2636 3081 2683 caeterorum
3112 2629 3510 2699 episcOporum,
3540 2632 3603 2685 in

2019 2715 2392 2769 controversia
2424 2715 2688 2781 criminis,
2712 2716 2757 2770 si
2786 2717 2968 2771 sedem
2997 2717 3346 2787 appellaveris
3370 2728 3597 2787 aposto-

2018 2803 2195 2868 licam,
2241 2804 2326 2859 vel
2356 2803 2471 2873 ejus
2495 2806 2713 2876 speciali
2740 2808 3030 2877 expeticris
3058 2808 3234 2864 audiri
3282 2809 3365 2862 vel
3392 2810 3601 2864 discuti

2017 2892 2267 2949 fortassis
2295 2894 2564 2961 examine,
2598 2906 2889 2965 przesumat
2913 2898 2981 2953 de
3009 2907 3058 2953 te
3088 2898 3331 2968 proferre
3356 2915 3463 2953 non
3498 2915 3605 2953 no-

2017 2995 2132 3041 stro
2175 2988 2455 3057 praemisso
2509 2989 2766 3054 decreto,
2804 2988 3097 3058 judicium;
3148 2991 3243 3045 sed
3287 2991 3602 3061 apostolica

2019 3075 2160 3130 sedis
2194 3083 2402 3130 tantum
2433 3078 2726 3132 reserveris
2750 3079 3141 3134 examinandas
3162 3078 3245 3133 vel
3265 3080 3595 3148 judicandus

1942 3153 1987 3214 C
2021 3167 2398 3223 incunctanter
2444 3169 2669 3224 arbitrio
2705 3186 2720 3224 :
2774 3168 2928 3237 cujus
2954 3170 3204 3225 videlicet
3250 3171 3467 3225 decreto
3508 3171 3597 3225 vel

2014 3257 2263 3331 largitate
2306 3259 2520 3314 vacanti
2549 3259 2807 3315 Ecclesiae
2850 3262 3222 3316 incardinatus
3256 3271 3310 3316 et
3337 3262 3599 3331 palliatus

2013 3365 2134 3404 esse
2181 3350 2533 3419 dignosceris.
2584 3350 2855 3421 Scriptum
2903 3368 3000 3423 per
3045 3368 3266 3407 manum
3315 3353 3594 3409 Zachariae

2014 3441 2245 3507 notarii,
2292 3451 2347 3496 et
2373 3442 2865 3498 seriniariisancta:
2906 3443 3163 3499 Romana:
3190 3444 3480 3508 Ecclesiae.
3535 3448 3587 3500 in

2013 3546 2200 3586 mense
2222 3530 2518 3588 Februario
2538 3532 2829 3588 indictione
2850 3533 3040 3602 prima.
3063 3534 3205 3588 Bene
3224 3533 3364 3588 vale.
3388 3532 3590 3601 Quinto

2016 3621 2283 3679 Kalendas
2304 3622 2546 3690 Martias,
2569 3638 2668 3695 per
2686 3640 2878 3680 manus
2896 3625 3167 3681 Anastasii
3196 3626 3591 3683 bibliothecarii

2016 3722 2218 3769 sanctae
2254 3729 2477 3770 summae
2506 3715 2653 3772 sedis
2676 3715 3017 3785 apostolica);
3049 3716 3351 3787 imperante
3373 3717 3595 3774 domino

2017 3810 2204 3856 nostro
2249 3802 2494 3872 piissimo
2520 3813 2782 3874 perpetuo
2824 3802 3066 3874 Augusto
3095 3803 3368 3860 Ludovico
3395 3820 3592 3875 magno

2016 3897 2344 3969 imperatore
2369 3912 2510 3953 anno
2536 3914 2650 3964 nx,
2675 3906 2730 3953 et
2754 3907 2876 3968 post
2913 3898 3251 3955 consulatum
3293 3898 3411 3968 ejus
3443 3914 3595 3956 anno

2018 4004 2174 4054 xvni,
2208 3988 2496 4044 indictione
2523 3988 2717 4059 prima.

2550 4195 2570 4209 Ι
2763 4123 2832 4177 Χ.

2085 4246 2089 4251 ’
2161 4250 2230 4288 ΑΙ)
2276 4249 2590 4291 BINCIARDI
2631 4250 3076 4292 ABCBIEPISCOPUII
3109 4249 3442 4291 ιιιιευεκεει.

2667 4347 2823 4403 Anno
2852 4345 2975 4404 868.

2023 4458 2227 4512 Laudat
2269 4458 2614 4530 Hincmarum
2640 4499 2656 4525 ,
2699 4475 2918 4530 cumque
2952 4462 3195 4530 hortatur
3240 4465 3298 4530 τι]
3344 4458 3602 4530 Carolu-

2096 4544 2265 4597 regem
2289 4528 2359 4581 ad
2379 4530 2726 4597 constantia!»
2753 4526 2937 4583 excitet
2979 4529 3034 4582 in
3064 4544 3226 4582 causa
3254 4526 3516 4593 Lothau'r',
3551 4538 3602 4583 cl

2097 4595 2407 4652 ut'Actardo
2441 4615 2634 4653 vacans
2657 4595 2896 4653 Ecclesia
2920 4598 3203 4652 tribuatur.

2098 4727 2559 4783 Reverentissimo
2608 4735 2666 4783 et
2719 4727 3062 4784 sanctissimo
3110 4725 3368 4783 confratri
3410 4736 3613 4783 nostro

2028 4819 2309 4874 HINCIABO
2334 4817 2740 4886 archiepiscopo
2766 4815 3080 4871 Rhemensi.

2102 4910 2257 4965 Licet
2281 4907 2535 4979 frequens
2551 4907 2855 4963 sanctitatis
2873 4918 2977 4963 tua:
2996 4905 3163 4973 fama,
3182 4921 3304 4975 qua:
3326 4922 3613 4975 nunquam

2025 5001 2130 5056 nisi
2153 5015 2275 5056 cum
2313 4999 2470 5055 laude
2494 5013 2708 5068 semper
2737 4998 2946 5063 existit,
2974 5006 3025 5051 te
3044 4996 3200 5052 nobis
3225 4996 3426 5051 dudum
3456 4994 3616 5051 fece-

2025 5091 2097 5146 rit
2120 5087 2492 5153 manifeslum;
2532 5095 2714 5142 tamen
2752 5093 2813 5141 ut
2852 5086 3111 5140 virtutum
3132 5082 3617 5153 probabiliumque

2026 5195 2233 5237 morum
2275 5187 2490 5235 tuorum
2536 5177 2951 5247 praedicamenta
2991 5176 3245 5246 liquidius
3282 5187 3615 5244 agnoscere-

2031 5286 2170 5337 mus,
2193 5269 2420 5325 fratrum
2466 5278 2796 5331 nostrorum,
2827 5266 3081 5323 videlicet
3120 5264 3336 5320 Arsenii
3382 5278 3619 5318 venera-

2031 5363 2156 5418 bilis
2185 5362 2516 5432 apocrisiarii
2551 5361 2696 5417 sedis
2723 5368 2944 5424 nostrae,
2973 5358 3102 5428 quin
3129 5365 3185 5411 et
3208 5356 3460 5418 Actardi,
3486 5371 3626 5411 san-

2031 5453 2398 5509 etissimorum
2422 5452 2733 5522 prtesulum,
2770 5464 2978 5505 necnon
3024 5458 3082 5503 et
3125 5444 3467 5502 dilectissimi
3509 5445 3619 5502 ﬁlii

2033 5542 2171 5605 mei,
2207 5548 2407 5596 sanctae
2455 5539 2599 5595 sedis
2645 5538 2951 5607 apostolicae
2994 5535 3424 5599 bibliothecarii,
3475 5534 3619 5591 fecit

2030 5630 2300 5684 Anastasii
2339 5629 2520 5684 multis
2545 5627 2829 5698 pmeoniis
2856 5626 3011 5698 plena
3047 5625 3491 5694 delectabilisque
3515 5639 3617 5678 re-

2031 5718 2179 5775 latio.
2219 5719 2333 5784 Qua
2379 5719 2443 5773 de
2474 5732 2535 5773 re
2579 5717 2656 5774 sic
2691 5717 2925 5774 animam
2954 5731 3125 5771 meam
3156 5723 3258 5769 tua:
3299 5714 3617 5769 dilectionis
