3978 6160
404 246 538 302 1975

397 454 598 508 mutuis
626 452 929 508 fruerentur
951 453 1217 524 alloquiis.
1255 455 1459 510 Habeto
1499 473 1629 528 ergo
1660 468 1858 513 nostr-.e
1888 477 1975 514 re-

394 546 772 616 promissionis
793 547 1010 617 pignus,
1054 548 1182 601 etin
1215 548 1392 612 nobis,
1427 557 1488 602 ut
1511 550 1563 602 in
1593 552 1796 605 nostris
1826 563 1972 607 ante-

396 636 721 699 cessoribus,
772 636 964 690 ﬁducia
1011 645 1118 691 tota
1163 652 1385 707 prorsus
1418 637 1671 692 inuitere.
1705 638 1974 695 Prmterea

396 727 660 781 sanctitas
685 736 772 780 tua
801 727 936 780 bene
959 727 1124 789 novit,
1156 736 1356 796 quanta
1387 728 1543 783 sedes
1566 729 1816 784 habuerit
1847 746 1977 800 apo-

396 819 581 873 stolica
626 820 679 872 in
728 834 891 873 causa
939 819 1181 873 Lotharii
1228 821 1372 895 reg-is
1414 823 1746 888 certamina,
1778 833 1833 878 et
1878 839 1977 893 per

396 910 652 978 praesules
697 927 823 965 suos
849 950 865 975 ,
916 910 1265 966 Benedictum
1316 913 1525 969 scilicet
1565 923 1621 969 et
1656 916 1973 982 Nicolaum,

393 1012 527 1071 quot
550 1003 678 1057 hinc
706 1003 923 1058 labores
950 1005 1325 1074 assumpserit.
1365 1004 1516 1061 Unde
1537 1016 1591 1062 et
1616 1024 1730 1067 nos,
1765 1008 1971 1063 baben-

395 1104 477 1147 tes
506 1094 753 1148 eumdem
787 1095 1054 1169 Spiritum,
1106 1112 1268 1165 quem
1308 1105 1364 1151 et
1406 1098 1567 1153 iidem
1594 1109 1778 1169 patres
1802 1102 1972 1155 nostri

395 1183 648 1239 habuisse
676 1186 886 1254 probati
917 1197 1064 1251 sunt,
1087 1187 1274 1241 eadem
1300 1187 1427 1242 hinc
1453 1204 1572 1257 quae
1592 1189 1665 1242 illi
1696 1191 1974 1260 sequimur

393 1282 449 1327 et
475 1273 833 1328 decernimus.
877 1274 1236 1341 Quamobrem
1282 1286 1384 1331 tua:
1421 1276 1774 1333 fraternitatis
1820 1281 1975 1335 indu-

395 1363 586 1417 striam
632 1363 936 1433 specialiter
970 1365 1325 1421 admonemus
1347 1407 1363 1431 ,
1405 1368 1480 1421 uti
1511 1369 1650 1436 quod
1679 1384 1841 1439 super
1870 1371 1973 1426 hoc

395 1457 524 1511 olim
570 1459 784 1526 negotio
822 1457 1035 1527 gessisti
1084 1459 1321 1512 studium
1373 1460 1681 1517 nullatenus
1723 1464 1973 1518 enervari

394 1549 740 1613 consentias;
796 1548 888 1601 sed
918 1548 1035 1602 vice
1065 1556 1246 1603 nostra
1291 1548 1460 1604 fretus
1483 1590 1498 1614 ,
1537 1567 1718 1607 coram
1759 1553 1974 1623 regibus

391 1647 447 1691 et
475 1638 789 1705 priesidibus
813 1637 878 1691 de
900 1637 1218 1692 testimoniis
1239 1638 1605 1709 Dominiloqui
1625 1657 1727 1695 non
1754 1656 1966 1696 cesses:

1612 256 1965 315 EPISTOLE
2003 261 2087 316 ET
2128 261 2443 318 DECRETA

398 366 646 419 ardorem
690 364 1001 434 concepisse
1044 377 1307 434 cognosce
1334 408 1347 428 ,
1401 376 1655 437 tanquam
1700 371 1744 424 si
1779 372 1973 427 millies
2002 380 2052 436 Α

3536 263 3556 318 l
3572 266 3663 323 274

2147 376 2262 450 eius
2305 376 2510 450 ἄξαι-εει
2552 392 2675 430 0.1m
2720 380 2910 450 tenuit.
2960 380 3071 435 Sibi
3114 398 3255 436 cura:
3288 382 3548 450 futurum,
3603 396 3657 439 ut

2144 444 2451 568 Britop‘ibus
2492 458 2674 500 contra
2711 448 2873 517 ipsius
2919 452 3150 506 ecclesia:
3204 444 3478 522 privilegia
3531 444 3660 509 nihil

2149 532 2303 568 conce
2345 525 2417 568 at.

2149 525 2417 570 concedat.

2144 667 2421 725 ADRIANUS
2450 670 2754 743 episcopus,
2777 688 2966 729 servus
2993 690 3272 731 servorum
3300 677 3414 743 Dei,
3444 676 3663 732 Heum-

2077 776 2147 816 νο
2175 763 2583 834 archiepiscopo
2616 766 2937 821 Turonensi.

2147 849 2391 906 Miserias
2442 862 2496 907 et
2538 856 2685 910 diras
2714 857 3049 915 calamitates
3079 859 3297 915 Actardi
3348 865 3654 919 communis

2075 937 2259 995 fratris
2301 951 2356 996 et
2389 944 2690 1014 coepisc0pi
2724 962 2830 1000 non
2879 957 2960 1002 est
3004 952 3309 1020 exponendi
3363 963 3466 1008 tua:
3507 970 3655 1010 reve-

2075 1033 2273 1087 rentiae
2312 1032 2406 1088 illa
2438 1038 2749 1092 necessitas.
2783 1038 2991 1109 Quippe
3043 1058 3164 1096 cum
3210 1042 3349 1113 ipsa,
3381 1054 3568 1116 utpote
3606 1048 3659 1101 in

2076 1121 2160 1176 his
2187 1123 2355 1187 socia,
2382 1131 2433 1178 et
2458 1140 2591 1192 pene
2620 1141 2832 1196 semper
2869 1130 3140 1199 contigua,
3184 1147 3372 1187 earum
3403 1134 3661 1203 liquidius

2074 1213 2229 1267 nobis
2259 1214 2647 1282 experientiam
2675 1217 2908 1274 habeat:
2942 1229 3001 1274 ut
3032 1221 3187 1276 sicuti
3211 1224 3276 1277 de
3300 1225 3661 1282 sanctimonia

2076 1318 2171 1358 sua
2217 1306 2545 1360 credendum
2573 1314 2693 1372 est,
2735 1307 2843 1362 imo
2872 1318 2932 1363 ut
2969 1310 3085 1379 ipso
3115 1313 3355 1368 antistite
3388 1315 3661 1371 referente

2075 1396 2477 1464 comperimus,
2529 1397 2644 1467 ejus
2688 1399 2960 1455 continuis
3000 1403 3257 1456 aerumnis
3300 1418 3408 1458 non
3447 1406 3659 1460 modice

2076 1496 2355 1553 compassa
2389 1486 2461 1540 sit
2483 1495 2537 1541 et
2570 1488 2808 1542 miserta.
2842 1490 3041 1543 Verum
3065 1492 3187 1560 quia
3212 1493 3410 1548 nostris
3435 1509 3574 1563 srepe
3606 1502 3662 1551 et

2076 1573 2216 1640 apud
2247 1574 2583 1628 dilectionem
2613 1586 2757 1630 tuam
2787 1575 2984 1633 litteris
3013 1579 3282 1648 adjuvari,
3313 1591 3365 1636 et
3383 1583 3659 1651 apostolo-

2077 1677 2195 1715 rum
2219 1662 2543 1733 principum,
2569 1680 2799 1735 quorum
2826 1669 3073 1736 praesidia
3125 1678 3276 1726 tanto
3322 1671 3505 1726 labore
3536 1681 3659 1727 tan-

392 1726 467 1779 ita
497 1734 556 1779 ut
580 1726 721 1795 quod
749 1735 969 1780 auctore
989 1726 1098 1781 Deo
1126 1728 1457 1782 destructum
1487 1738 1590 1794 est,
1618 1729 1776 1785 nullis
1792 1730 1968 1786 dolose

2084 1726 2241 1820 teque
2271 1726 2450 1807 studio
2481 1726 2784 1824 requisivit,
2810 1726 3220 1815 amorisintuitu
3242 1761 3342 1816 sibi
3370 1764 3661 1831 quamdam

391 1816 815 1871 machinantium
843 1815 1163 1872 remdiﬁcari
1193 1818 1370 1885 valeat
1393 1821 1746 1889 argumentis.
1776 1821 1831 1875 ln
1863 1836 1971 1890 quo

390 1907 639 1961 videlicet
663 1908 876 1976 pietatis
898 1924 1080 1979 opere,
1103 1910 1231 1979 quia
1257 1911 1322 1964 de
1347 1912 1560 1979 regibus
1581 1912 1720 1966 idem
1744 1913 1973 1968 dilectus

390 1998 532 2052 tilias
565 2008 747 2053 noster
773 1999 1017 2062 Carolus,
1062 2000 1129 2054 de
1156 2001 1527 2056 sacerdotibus
1556 2018 1682 2057 vero
1727 2012 1780 2056 tu
1813 2005 1973 2072 potis-

390 2090 584 2143 simum
622 2089 733 2143 sedi
768 2089 1077 2157 apostolicae
1119 2091 1304 2145 sedule
1333 2091 1585 2146 laborant
1613 2094 1969 2149 concurristis

389 2189 443 2232 et
490 2179 876 2244 conecrtastis,
911 2188 1056 2233 tuam
1087 2181 1301 2250 proprie
1329 2182 1679 2237 cohortamur
1703 2184 1968 2254 insignem

391 2273 688 2337 solertiam,
716 2289 823 2343 quo
848 2283 905 2329 et
933 2274 1045 2344 ipsa
1068 2274 1252 2343 pravis
1291 2275 1521 2330 viriliter
1548 2276 1729 2330 obviet
1754 2290 1808 2329 et
1836 2292 1971 2346 prae-

308 2416 325 2421 ,
390 2363 590 2417 dictum
642 2362 939 2433 piissimum
981 2377 1204 2432 regem,
1254 2363 1334 2417 uti
1387 2374 1726 2419 consummet
1771 2366 1969 2419 bonum

388 2454 530 2522 quod
561 2453 932 2518 inchoaverat,
960 2453 1329 2508 indesinenter
1366 2464 1745 2510 commoneat:
1778 2466 1969 2525 quate-

390 2558 491 2597 nus
533 2553 588 2597 et
619 2544 893 2596 variarum
926 2543 1190 2597 virtutum
1224 2554 1525 2597 vestrarum
1571 2545 1748 2599 tunica
1800 2561 1969 2615 usque

389 2632 454 2685 ad
507 2632 642 2685 talos
668 2632 955 2700 pertingat,
984 2640 1037 2685 et
1071 2632 1398 2687 sacrificium
1438 2634 1566 2687 boni
1595 2634 1758 2688 vestri
1786 2636 1969 2703 operis

388 2720 499 2775 Deo
537 2737 659 2776 cum
697 2721 867 2776 cauda
905 2721 1143 2777 oblatum
1182 2722 1552 2777 holocaustum
1581 2722 1719 2779 ellici
1763 2741 1970 2780 merea-

389 2821 515 2878 tur;
548 2828 756 2867 necnon
790 2822 844 2867 et
887 2812 1017 2867 illud
1042 2814 1106 2868 de
1132 2814 1284 2869 vobis
1324 2814 1564 2879 dicatur,
1602 2816 1744 2884 quod
1774 2816 1839 2870 de
1867 2815 1967 2871 Job

386 2912 596 2968 sancto,
621 2906 745 2957 dum
770 2918 799 2957 a
815 2902 1010 2957 divinis
1032 2919 1139 2957 non
1170 2912 1409 2959 cessaret
1427 2906 1725 2975 obsequiis,
1752 2908 1968 2976 scriptis

388 2999 689 3054 asseritur:
721 2999 969 3054 videlicet
1000 3000 1096 3054 ubi
1140 3014 1246 3053 non
1275 2998 1503 3069 legitur:
1546 3000 1682 3066 Quia
1731 3002 1810 3056 sic
1842 3001 1968 3056 fecit

384 3088 485 3144 Job
529 3104 625 3159 per
669 3089 867 3159 aliquot
898 3091 1041 3152 dies;
1083 3089 1207 3154 sed,
1242 3088 1331 3143 Sic
1370 3090 1595 3159 faciebat
1623 3089 1724 3144 Job
1767 3093 1967 3145 cunctis
1996 3085 2039 3146 C

384 3178 566 3234 diebu's
598 3179 717 3251 (Job
747 3178 809 3251 ι).
844 3178 977 3234 Nam
1006 3188 1060 3234 et
1079 3189 1265 3234 sancta
1294 3179 1548 3233 animalia
1593 3197 1698 3236 non
1733 3193 1855 3251 post
1885 3197 1963 3247 se,

387 3269 481 3322 sed
503 3277 627 3323 ante
652 3270 874 3340 segradi
891 3270 1003 3323 visa
1027 3276 1168 3331 sunt,
1186 3284 1306 3323 cum
1331 3268 1641 3323 incederent
1663 3268 1876 3339 thec/r.
1901 3275 1964 3339 ι).

390 3357 558 3412 Porro
602 3358 895 3413 Actardum
942 3357 1303 3412 venerabilem
1343 3357 1659 3427 episcopum
1713 3356 1968 3411 fraterna:

387 3448 784 3504 caritatisulnis
812 3449 1156 3518 amplectere,
1187 3459 1241 3504 et
1262 3450 1312 3502 in
1341 3449 1837 3519 opportunitatibus
1868 3465 1968 3518 pro

388 3543 671 3596 beatorum
721 3542 1021 3612 principum
1079 3541 1442 3611 apostolorum
1509 3555 1693 3596 amore
1752 3557 1970 3609 semper

389 3637 638 3691 auxiliari
677 3646 965 3691 memento.
1016 3637 1214 3691 Verum
1265 3653 1371 3690 non
1402 3637 1513 3691 base
1564 3638 1684 3691 ideo
1712 3638 1963 3703 dicimus,

388 3729 540 3797 quasi
575 3738 625 3782 te
654 3727 742 3782 ille
768 3728 867 3781 sibi
904 3744 1244 3797 compassum
1274 3736 1329 3783 et
1359 3729 1639 3782 misertum
1670 3728 1836 3783 fuisse
1860 3746 1965 3785 non

388 3820 649 3891 praadicet
680 3837 695 3885 ;
725 3822 817 3875 sed
861 3831 921 3875 ut
964 3821 1106 3890 quod
1137 3836 1279 3875 nunc
1310 3836 1477 3889 usque
1517 3823 1758 3890 proxime
1791 3822 1964 3876 fecisti

385 3912 667 3967 cbaritatis
687 3913 903 3977 intuitu,
922 3928 1062 3966 nunc
1080 3913 1239 3965 etiam
1258 3912 1551 3980 primorum
1575 3914 1822 3983 pcrﬁcias
1842 3927 1970 3982 apo-

387 4006 668 4070 stolorum,
697 4006 763 4060 ad
790 4022 1017 4077 quorum
1042 4006 1224 4060 limina
1250 4005 1545 4069 festinavit,
1570 4020 1633 4059 ac
1658 4005 1966 4074 pnesidium

387 4098 701 4167 postulavit,
733 4099 1035 4153 dilectionis
1052 4098 1270 4153 affectu.
1292 4098 1436 4153 insta
1461 4099 1624 4166 igitur
1644 4106 1963 4166 opportune,

387 4186 711 4255 importune,
735 4188 937 4263 et_quia
960 4189 1174 4258 propria
1198 4198 1365 4252 caret,
1396 4188 1533 4256 apud
1557 4186 1964 4240 dilectissimum

381 4277 493 4344 jam
536 4275 701 4331 fatum
749 4275 915 4330 ﬁliuni
959 4288 1202 4331 nostrum
1241 4276 1751 4330 excellentissimum
1785 4290 1965 4344 regem

294 4406 311 4411 -
386 4368 640 4422 Carolum
669 4378 851 4423 nostra
881 4370 999 4424 vice
1020 4364 1311 4439 impetrare
1343 4368 1574 4432 studeto,
1601 4368 1675 4420 uti
1703 4384 1801 4423 suo
1830 4384 1962 4438 quo-

388 4475 494 4529 que
523 4460 708 4516 favore
756 4478 954 4517 vacans
982 4465 1030 4517 ei
1059 4465 1395 4535 episc0palis,
1427 4465 1639 4520 etiamsi
1668 4481 1724 4521 se
1760 4477 1959 4521 metro-

386 4550 523 4620 polis
557 4551 849 4615 obtulerit,
902 4554 1128 4609 ecclesia
1170 4555 1456 4609 tribuatur.
1491 4554 1669 4610 Fortis
1694 4558 1837 4611 enim
1869 4559 1961 4611 do-

388 4640 518 4693 mini
551 4640 648 4693 bos
679 4640 794 4709 ipso
821 4653 1041 4697 auctore
1068 4644 1333 4704 consistit,
1372 4654 1425 4698 et
1454 4645 1574 4698 ideo
1599 4645 1846 4714 plurimae
1875 4661 1964 4699 se-

386 4739 537 4797 getes
578 4731 629 4784 ei
658 4734 725 4787 ad
756 4734 1004 4786 trituram
1049 4733 1234 4802 procul
1273 4734 1432 4787 dubio
1476 4735 1719 4788 connniti
1746 4736 1959 4789 debent.

385 4815 519 4870 Nam
551 4821 807 4889 scriptum
831 4831 952 4877 est:
984 4822 1085 4875 Ubi
1112 4822 1354 4893 plurima:
1412 4837 1606 4893 segetes
1631 4865 1645 4890 ,
1683 4825 1753 4877 ibi
1795 4828 1964 4879 mani-

386 4906 518 4975 festa
552 4907 803 4976 fortitudo
840 4911 993 4965 boum
1036 4910 1216 4984 (Prov.
1243 4914 1325 4986 ll).
1367 4913 1628 4984 Optamus
1654 4915 1965 4972 fraternita-

389 5006 493 5051 tem
529 5007 684 5052 tuam'
714 5016 855 5055 nunc
883 5011 938 5057 et
964 5018 1177 5073 semper
1220 5006 1272 5059 in
1310 5006 1531 5063 Christo
1578 5009 1716 5065 bene
1764 5011 1961 5066 valere.

389 5087 518 5146 Data
547 5105 642 5144 vnt
671 5090 793 5146 Idus
813 5091 1015 5160 Martii,
1048 5095 1342 5152 indictione
1373 5100 1570 5168 prima.

1128 5228 1218 5285 XI.

526 5376 594 5414 ΔΙ)
640 5377 926 5421 BEIMRDUI
970 5380 1419 5425 ARCBIEPISCOPUI
1450 5388 1818 5429 TURONENSEI.

1020 5503 1198 5570 (Anno
1247 5502 1396 5577 868.)

387 5598 451 5655 Ut
496 5604 725 5663 Actardo
772 5614 1007 5683 episcopo
1054 5619 1300 5673 concedat
1329 5625 1703 5680 monasterium
1741 5628 1881 5697 quod
1912 5629 1965 5683 in

1993 4432 2042 4491 Β

2075 1843 2294 1913 proprie
2342 1845 2513 1900 voluit
2551 1848 2985 1911 consolationem
3020 1851 3288 1919 conferri,
3338 1855 3662 1910 cbaritatem

2076 1942 2223 1988 tuam
2259 1936 2342 1991 bis
2367 1938 2650 1992 hortamur
2668 1949 2718 1994 et
2752 1943 3106 2011 deprecamur
3130 1946 3396 2015 apicibus,
3427 1957 3486 2001 ut
3518 1949 3662 2004 inter

2074 2022 2178 2076 alia
2222 2024 2605 2080 beneﬁciorum
2647 2036 2860 2084 tuorum
2901 2032 3004 2087 sibi
3040 2022 3359 2090 collatorum
3402 2039 3658 2107 insignia,

2073 2118 2463 2172 monasterium
2490 2119 2639 2186 illud,
2667 2123 2811 2191 quod
2839 2125 2967 2179 olim
2999 2127 3050 2181 in
3066 2129 3282 2184 dioecesi
3301 2147 3396 2184 sua
3418 2135 3661 2187 tenuisse

2076 2204 2435 2275 dignoscitur,
2467 2217 2557 2262 tua
2587 2227 2729 2265 nunc
2759 2226 3121 2284 consequatur
3149 2219 3219 2272 ob
3257 2235 3495 2275 amorem
3539 2220 3656 2290 jam

2072 2306 2494 2351 memoratorum
2525 2300 2891 2366 apostolorum
2942 2304 3205 2376 largiente
3246 2309 3613 2366 benevolentia
3642 2331 3656 2367 :

2072 2394 2338 2453 quatenus
2376 2390 2466 2457 qui
2497 2391 2611 2445 suis
2643 2391 2799 2447 valde
2837 2394 3129 2451 destitutus
3157 2407 3274 2452 esse
3304 2404 3657 2470 comperitur,

2073 2476 2203 2530 hinc
2242 2478 2436 2532 saltem
2472 2480 2664 2535 alienis
2712 2486 3196 2542 sustentationibus
3228 2490 3452 2560 adipisci
3495 2505 3657 2562 queat

2072 2581 2181 2621 sua:
2208 2568 2328 2621 vitae
2349 2570 2670 2625 subsidium.
2697 2574 2847 2639 Quod
2875 2584 2925 2630 te
2948 2587 3263 2645 negaturum
3285 2580 3527 2648 profecto
3551 2597 3659 2638 non

2074 2657 2370 2722 credimus,
2404 2660 2447 2714 si
2478 2676 2639 2730 quam
2663 2663 2730 2716 sit
2758 2680 2789 2718 a
2817 2665 2984 2721 fratre
3019 2669 3189 2723 frater
3211 2670 3545 2738 adjuvandus
3576 2675 3658 2727 in-

1993 2797 2000 2804 .
2072 2755 2217 2801 tenta
2249 2759 2430 2804 mente
2462 2754 2803 2819 tonsideres;
2835 2757 2878 2810 si
2908 2772 3070 2826 quam
3106 2761 3176 2814 sit
3227 2762 3502 2833 indignum
3530 2804 3545 2829 ,
3597 2774 3659 2820 ut

2071 2838 2217 2907 quod
2245 2855 2274 2891 a
2303 2840 2632 2911 benignitate
2655 2852 2743 2897 tua
2772 2845 2965 2900 intuitu
2997 2858 3266 2906 tantorum
3291 2854 3655 2922 apostolorum

2074 2931 2383 2987 dilectionis
2414 2934 2744 3002 deposcitur,
2776 2938 2991 3006 petitor
3019 2941 3239 2995 minime
3266 2954 3653 3013 consequatur,

2072 3020 2279 3086 solerti,
2299 3023 2438 3077 sicut
2463 3026 2635 3090 decet,
2666 3029 2959 3096 perpendet
2982 3031 3265 3086 industria.
3297 3036 3368 3089 De
3393 3037 3475 3089 his
3501 3052 3654 3105 vero,

2071 3126 2192 3180 quae
2220 3112 2286 3166 de
2314 3113 2555 3169 ecclesia:
2595 3125 2719 3181 tum,
2747 3118 2831 3171 vel
2862 3120 3158 3176 ditecescos
3188 3124 3485 3194 privilegiis
3514 3127 3656 3182 idem

2072 3203 2402 3258 venerabilis
2437 3205 2705 3261 Actardus
2733 3210 3003 3278 praecipue
3041 3213 3307 3281 suggessit
3333 3254 3346 3276 ,
3378 3214 3655 3272 Salomoni

2072 3294 2193 3348 duci
2240 3303 2293 3348 et
2334 3296 2530 3365 populo
2573 3298 2954 3353 Britannorum
2997 3301 3324 3358 sufﬁcienter
3368 3306 3658 3376 descripsi-

2072 3400 2233 3437 mus:
2264 3388 2404 3454 quod
2443 3387 2605 3441 etiam
2648 3389 2700 3443 in
2729 3391 3064 3460 exemplari,
3112 3393 3253 3460 quod
3286 3378 3471 3450 secum
3513 3397 3656 3453 idem

2072 3478 2302 3531 antistes
2330 3477 2577 3545 deferet,
2617 3482 2951 3550 experientia
2984 3493 3071 3538 tua
3107 3487 3279 3554 quibit
3306 3504 3600 3557 agnoscere
3634 3506 3650 3545 τ

2072 3570 2315 3640 nihilque
2356 3572 2500 3640 quod
2528 3583 2714 3627 contra
2763 3577 3026 3630 rationem
3055 3579 3424 3647 postulabunt,
3457 3583 3500 3635 si
3535 3583 3656 3639 for-

2071 3664 2232 3718 lassis
2258 3664 2324 3719 ad
2354 3681 2453 3720 nos
2490 3681 2676 3721 eorum
2711 3669 2876 3738 aliqui
2921 3671 3200 3736 venerint,
3236 3677 3525 3744 agnuveris
3561 3693 3657 3733 eos

2072 3771 2101 3809 a
2130 3755 2310 3821 nobis,
2355 3758 2652 3827 opitulante
2681 3761 2925 3825 Domino,
2958 3762 3071 3818 fore
3102 3766 3315 3833 penitus
3344 3768 3654 3838 adepturos.

2071 3844 2333 3913 Optamus
2358 3846 2753 3904 fraternitatem
2781 3859 2927 3904 tuam
2952 3853 3003 3906 in
3035 3853 3250 3910 Christo
3284 3860 3420 3914 bene
3450 3861 3653 3916 valere.

2075 3935 2206 3991 Data
2234 3951 2326 3990 vui
2359 3937 2482 3993 Idus
2505 3938 2744 4007 Martias,
2776 3941 3070 3999 indictione
3094 3947 3291 4014 prima.

2804 4102 2917 4159 XII.

2265 4248 2333 4286 AD
2373 4249 2583 4289 ADONEM
2626 4251 2952 4294 VIENNENSEI
2988 4256 3459 4299 ARCHIEI’ISCOPL'H.

2677 4396 2854 4466 (Auno
2887 4398 3038 4471 868.)

2071 4541 2354 4597 Nicolaum
2405 4546 2735 4626 decessorem
2756 4566 2909 4604 suum
2930 4554 3109 4626 miris
3130 4554 3374 4610 laudibus
3416 4560 3652 4626 cumulat

2139 4630 2293 4689 seque
2341 4629 2556 4671 excusat
2598 4620 2735 4687 quod
2785 4623 3025 4689 qua'dam
3059 4624 3121 4677 ab
3165 4642 3224 4678 eo
3271 4630 3496 4682 severius
3540 4620 3652 4685 zelo

2131 4683 2368 4768 justitim
2394 4683 2711 4749 pertractata
2750 4683 3001 4761 magistra
3044 4697 3288 4766 (equitate
3329 4683 3650 4755 moderando

2140 4764 2410 4823 miltgarit.

2137 4904 2412 4962 ADRIANUS
2440 4911 2723 4982 episcopus
2747 4954 2760 4977 ,
2798 4928 2987 4970 servus
3028 4931 3310 4974 servorum
3341 4920 3458 4985 Det,
3497 4938 3653 4978 reve-

2067 4996 2379 5052 rentissimo
2406 5001 2666 5056 confratri
2694 5003 2865 5059 Anom
2889 5007 3298 5080 archiepiscopo
3336 5013 3648 5068 Viennensi.

2140 5084 2431 5154 Epistolam
2458 5090 2760 5148 sanctitatis
2787 5102 2890 5149 tua:
2913 5111 3105 5167 magna
3129 5114 3250 5153 eum
3290 5100 3652 5155 exsultatione

2070 5178 2320 5247 suscepi,
2367 5188 2422 5233 et
2472 5182 2713 5252 relegens
2773 5186 3088 5244 innumeras
3137 5190 3492 5258 omnipotenti
3542 5192 3652 5245 Deo

2071 5276 2250 5336 grates
2272 5269 2510 5336 exsolvi,
2565 5273 2690 5342 quia
2729 5278 2949 5333 creditae
2998 5278 3380 5348 speculationis
3415 5279 3649 5335 cilicium

2068 5372 2175 5412 non
2220 5361 2421 5430 torpori
2453 5364 2666 5420 tradere
2709 5371 3011 5433 censentis,
3043 5370 3135 5424 sed
3179 5378 3401 5425 strenue
3438 5376 3650 5428 cunctis

2068 5464 2230 5517 quam
2272 5452 2341 5507 sit
2386 5453 2441 5507 in
2487 5465 2690 5511 sanetae
2733 5457 2985 5513 Ecclesia:
3029 5462 3329 5516 rectoribus
3368 5462 3650 5519 sollicitius

2069 5546 2461 5610 exercendum,
2491 5550 2669 5605 studio
2710 5565 2816 5604 non
2848 5556 3240 5609 contemnendo
3286 5556 3646 5614 demonstras.

2073 5632 2209 5688 Ecce
2252 5638 2394 5692 enim
2425 5652 2522 5708 pro
2560 5639 2719 5695 domo
2764 5638 2854 5694 Dei
2884 5655 2991 5695 non
3031 5646 3209 5715 segnis
3260 5652 3649 5717 paterfamilias
