3978 6160
505 164 641 221 ίῖῖῦ

516 291 736 361 satagis,
768 291 919 360 cujus
949 293 1201 350 nimirum
1227 296 1343 350 zelo
1367 299 1686 353 comederis.
1717 300 1856 356 Ecce
1885 318 1984 373 pro
2015 304 2090 359 ci-

515 382 685 436 vitate
729 381 825 438 Dei
854 393 913 439 ιιι
956 383 1112 442 fortis
1157 397 1522 458 propugnator
1562 390 1904 458 sollicitaris,
1937 393 2089 462 cujus

513 470 757 543 profecto
784 488 904 542 quae
930 475 996 529 ad
1025 491 1213 546 pacem
1236 486 1361 532 sunt
1388 494 1581 549 rogare
1606 496 1711 535 non
1736 482 1960 537 desinis.
1990 484 2090 553 lgi-

514 568 750 629 turuute
800 575 900 630 pro
945 564 1241 637 privilegiis
1282 565 1535 623 Ecclesia:
1576 567 1831 626 Romana:
1867 571 1953 625 vel
1998 572 2087 626 de-

511 650 679 705 cretis
699 651 998 711 decessoris
1041 656 1145 711 mei
1174 658 1483 727 apostolica:
1511 661 1788 716 memoriae
1810 677 1963 732 papae
1998 662 2088 717 Ni-

511 740 647 795 colai
676 741 796 797 sine
820 744 1156 802 mutilatione
1180 749 1457 806 servandis
1491 752 1747 816 hortaris,
1780 753 2082 819 laudamus,

510 843 631 897 qua:
665 834 857 888 suades
895 836 1250 904 admittimus,
1288 848 1343 894 et
1365 856 1484 912 qua:
1526 858 1716 899 mones
1748 846 1962 914 penitus
1991 862 2085 918 ap-

506 924 812 993 prohamus.
847 923 1122 997 Siquidem
1151 940 1274 986 acta
1311 933 1516 1002 praefati
1556 937 1826 1005 pontificis
1861 948 2012 994 tanto
2053 958 2083 999 a

505 1013 652 1067 nullo
692 1015 931 1085 patimur
956 1020 1197 1089 quolibet
1236 1033 1393 1092 pacto
1428 1027 1685 1091 convelli,
1722 1039 1925 1101 quanto
1968 1032 2085 1100 ipse

503 1109 660 1165 nobis
703 1119 825 1180 post
882 1111 1039 1185 longa
1089 1124 1329 1186 tempora
1382 1119 1520 1173 inter
1568 1122 1748 1177 nubila
1801 1127 2082 1195 praesentis

502 1201 627 1257 vitae
666 1202 820 1272 quasi
849 1205 1116 1274 quoddam
1148 1224 1345 1264 novum
1377 1210 1525 1264 sidus
1554 1228 1839 1283 apparens,
1880 1224 1935 1271 et
1960 1217 2081 1272 vitae

502 1291 588 1344 vel
614 1291 871 1348 doctrina:
896 1308 1007 1348 sua:
1027 1294 1233 1367 fulgore
1256 1308 1475 1354 auctore
1506 1300 1615 1356 Deo
1642 1318 1888 1359 errorum
1934 1315 2080 1362 tene-

500 1379 627 1435 bras
661 1380 916 1451 abigens,
942 1398 1049 1438 non
1089 1386 1233 1454 quod
1267 1386 1620 1455 abolendum,
1658 1391 1749 1446 sed
1786 1394 1927 1462 quod
1959 1395 2079 1448 imi-

500 1473 721 1525 tandum
751 1481 822 1527 srt
851 1481 905 1528 et
944 1473 1072 1529 fecit
1107 1485 1163 1530 et
1202 1476 1398 1531 docuit.
1433 1479 1673 1549 Denique
1703 1482 1825 1552 quis
1863 1484 2076 1540 etiamsi

498 1560 635 1615 nihil
662 1561 805 1617 aliud
836 1565 1063 1620 rationis
1090 1565 1331 1623 obstaret
1359 1566 1475 1637 ejus
1500 1571 1679 1640 aliqua
1716 1575 1918 1629 cassari
1959 1590 2076 1644 per-

496 1651 756 1716 mitteret,
783 1653 888 1708 nisi
911 1654 1004 1724 qui
1039 1671 1136 1710 sua
1169 1659 1495 1732 quandoque
1536 1661 1855 1718 infirmanda
1882 1666 2076 1721 docere

495 1740 772 1798 voluisset.
802 1742 935 1800 Nam
971 1755 1030 1801 ut
1057 1747 1247 1804 beatus
1274 1765 1413 1820 papa
1448 1753 1609 1810 docet
1637 1754 1926 1826 Gregorius
1948 1798 1961 1821 ,
1992 1758 2074 1812 ni-

496 1832 602 1887 mis
629 1841 710 1888 cst
729 1848 1002 1905 asperum,
1028 1847 1082 1892 et
1107 1841 1377 1909 praecipue
1401 1843 1561 1899 bonis
1588 1847 1932 1901 sacerdotum
1962 1864 2074 1904 mo-

498 1923 651 1979 ribus
687 1925 990 1991 inimicum,
1026 1930 1130 1983 nisi
1156 1932 1462 2001 quempiam
1492 1949 1814 2005 quacunque
1850 1939 2075 1996 rationis

494 2016 844 2072 excusatione
876 2027 926 2073 et
962 2034 1083 2088 quae
1119 2020 1258 2076 bene
1286 2035 1414 2078 sunt
1450 2008 1699 2081 ordinata
1732 2029 2068 2098 rescindere,

493 2117 549 2164 et
575 2109 825 2180 exemplo
844 2126 944 2166 suo
979 2112 1173 2168 docere
1201 2122 1425 2170 caeteros
1459 2131 1555 2171 sua
1593 2119 1916 2190 quandoque
1950 2130 2073 2193 post

493 2217 553 2259 se
574 2206 867 2277 constituta
899 2205 1214 2272 dissolvere,
1242 2222 1372 2263 sane
1392 2209 1437 2264 si
1461 2209 1600 2266 forte
1621 2221 1749 2267 sunt
1783 2228 1902 2283 quae
1927 2214 2072 2270 idem

491 2295 894 2355 sacratissimus
924 2306 981 2352 et
1004 2312 1128 2353 vere
1166 2299 1277 2354 Deo
1307 2299 1499 2369 plenus
1544 2302 1770 2358 antistes
1801 2318 1902 2373 pro
1943 2314 2070 2360 tem-

490 2386 641 2459 poris
697 2386 782 2442 vel
829 2401 1117 2443 causarum
1177 2390 1439 2460 qualitate
1500 2394 1758 2465 magistra
1814 2397 2070 2466 aequitate

490 2475 684 2546 gessit,
711 2476 878 2532 veluti
916 2479 962 2533 si
987 2493 1310 2551 quemquam
1332 2482 1451 2539 zelo
1483 2481 1710 2552 justitiae
1731 2485 1909 2541 studio
1948 2501 2070 2543 cor-

490 2571 699 2642 rigendi
752 2574 1053 2643 percussit,
1096 2582 1151 2629 et
1190 2589 1290 2630 nos
1326 2589 1388 2631 ea
1431 2591 1622 2631 rursus
1668 2593 1766 2648 pro
1812 2580 2069 2649 temporis

488 2678 642 2732 teque
693 2664 780 2718 vel
835 2651 1122 2720 causarum
1178 2665 1481 2722 imitatione
1534 2666 1691 2723 aliter
1741 2669 2068 2727 moderando

488 2754 823 2825 mitigamus,
854 2771 960 2810 non
994 2755 1081 2811 illa
1106 2771 1347 2825 cassare,
1375 2758 1471 2813 sed
1488 2774 1610 2828 quae
1630 2760 1744 2830 ipse
1764 2761 2067 2831 cmpitcon-

490 2856 768 2900 summare
812 2838 1201 2914 dignoscitnur.
1250 2845 1385 2901 Nam
1407 2848 1509 2903 etsi
1551 2848 1641 2904 ille
1686 2849 1876 2906 vulnus
1912 2866 2065 2921 aspe-

491 2947 552 2986 ro
580 2933 829 2990 medendi
856 2950 1054 3005 genere
1074 2951 1269 2992 curare
1293 2936 1477 3007 cmpit,
1502 2949 1557 2993 et
1582 2954 1679 2995 nos
1700 2939 1806 2995 leui
1827 2938 2064 2997 fomento

487 3025 617 3081 illud
669 3026 739 3080 ad
789 3026 1077 3081 sanitatem
1139 3027 1439 3098 perducere
1484 3029 1801 3101 satagimus,
1850 3032 2066 3102 utrique

486 3132 594 3172 non
640 3117 913 3172 diversum
956 3117 1050 3172 sed
1082 3133 1246 3172 unum
1279 3118 1515 3177 studium
1563 3122 1820 3191 gerimus.
1850 3120 1985 3188 Quia
2012 3132 2068 3178 et

483 3210 575 3266 ille
600 3225 723 3280 quae
746 3219 873 3265 tunc
911 3224 1211 3282 congruere
1253 3212 1531 3283 prospexit
1559 3212 1826 3279 adhibuit,
1870 3222 1928 3268 at
1967 3229 2066 3270 nos

483 3300 627 3371 quod
654 3314 800 3356 nunc
842 3308 1028 3370 aptum
1056 3300 1171 3358 fore
1197 3302 1607 3361 consideramus
1646 3318 1915 3374 apponere
1959 3319 2064 3361 nou

483 3392 788 3448 renuimus.
847 3390 907 3447 Si
946 3392 1112 3463 igitur
1164 3392 1252 3449 ille
1305 3408 1338 3448 a
1394 3393 1606 3449 lenibus
1651 3394 1934 3465 inciperet,
1959 3410 2065 3451 non

480 3492 703 3539 sanaret
728 3503 742 3538 :
776 3484 823 3540 si
846 3499 974 3539 vero
1010 3485 1220 3554 asperis
1245 3500 1344 3540 nos
1381 3484 1613 3540 dandam
1636 3485 1728 3541 illo
1750 3493 1910 3540 tenus
1937 3501 2067 3555 ope—

482 3587 598 3629 ram
615 3571 1006 3641 judicaremus,
1032 3571 1389 3627 nihilominus
1415 3573 1483 3628 ad
1505 3572 1755 3628 sanitatis
1783 3583 1907 3629 vota
1942 3574 2064 3629 nul-

484 3662 699 3718 lomodo
748 3661 1196 3733 pertingeremus.
1250 3661 1310 3717 Si
1361 3677 1492 3735 ergo
1526 3669 1579 3718 te
1608 3663 1938 3720 scandalizat
1991 3665 2067 3718 di-

484 3755 714 3809 versitas
739 3754 1281 3820 medicamentorum,
1330 3768 1453 3810 cum
1491 3757 1663 3828 magis
1703 3758 1897 3814 debeat
1932 3759 2064 3814 aedi—

483 3842 649 3898 ficare
676 3858 780 3898 una
829 3844 1130 3916 eademque
1168 3844 1407 3900 inventio
1438 3846 1768 3902 medicorum
1789 3888 1806 3912 ,
1837 3847 1946 3905 imo
1978 3864 2065 3904 sa-

484 3936 628 3991 nitas
670 3945 1017 4007 tegrotorum.
1045 3937 1180 4004 Quia
1209 3946 1265 3993 et
1312 3937 1426 4008 ipse
1468 3938 1514 3992 si
1559 3939 1769 3994 curatio
1803 3938 2062 4010 languen-

490 4027 624 4080 tium
676 4027 1203 4082 accessisset-inter”
1227 4043 1387 4083 sanos
1418 4037 1473 4083 et
1499 4029 1839 4098 providentia
1881 4031 2062 4085 divina

480 4122 701 4170 curatos
776 4117 877 4170 bos
945 4115 1186 4186 recipere
1252 4116 1558 4172 nullatenus
1623 4118 2059 4188 contempsisset.

480 4203 708 4274 Legerat
744 4205 888 4259 enim
939 4214 995 4260 et
1048 4206 1188 4260 inter
1231 4206 1335 4260 alia
1383 4205 1689 4274 hujusmodi
1733 4209 2058 4265 documenta

479 4293 711 4363 pleniter
737 4303 962 4349 noverat
1003 4295 1217 4350 dicente
1257 4295 1529 4350 Domino:
1572 4294 1761 4352 Videte
1806 4299 2058 4367 quoniam

478 4400 577 4454 ego
604 4401 721 4440 sum
749 4386 909 4440 Deus.
957 4385 1070 4456 Ego
1095 4385 1340 4441 occidam
1374 4394 1430 4441 et
1456 4388 1641 4442 vivere
1675 4386 1871 4443 faciam
1901 4406 1914 4443 :
1938 4404 2061 4459 per-

474 4478 702 4541 cutiam,
731 4485 782 4531 et
828 4491 929 4547 ego
969 4478 1194 4533 sanabo.
1247 4476 1315 4532 Et
1342 4487 1491 4534 certe
1539 4477 1797 4549 praefatus
1835 4480 2061 4552 Magnus

479 4569 712 4625 antistes
736 4569 1031 4641 Gregorius
1061 4572 1252 4627 scribit
1277 4590 1290 4626 :
1323 4572 1496 4640 Sicut,
1516 4574 1786 4645 inquiens,
1812 4591 2061 4646 perseve-

478 4658 620 4713 ranti
645 4659 816 4731 culpae
844 4660 1069 4716 debetur
1091 4663 1214 4735 jure
1260 4664 1533 4729 vindicta,
1573 4665 1650 4720 ita
1696 4665 2058 4736 resipiscenti-

475 4749 576 4805 bus
596 4760 680 4806 est
704 4753 859 4807 venia
906 4756 1276 4812 concedenda.
1313 4755 1513 4813 Verum
1546 4757 1674 4813 hinc
1715 4758 1817 4812 hoc
1857 4760 2059 4814 dixisse

468 4840 729 4896 sufficiat.
761 4842 1030 4899 Caeterum
1060 4862 1342 4904 monemus
1390 4848 1737 4903 dilectionem
1785 4857 1957 4909 tuam.
1998 4856 2059 4904 ut

467 4930 518 4984 si
555 4945 662 5000 qua
703 4939 852 4997 sunt,
884 4947 1003 5002 qua!
1041 4934 1109 4988 ad
1146 4949 1485 4991 communem
1512 4936 1758 4992 ecclesiae
1786 4935 2057 5006 pertinent

471 5022 791 5088 utilitatem,
819 5023 903 5077 vel
951 5038 1072 5093 qua:
1103 5035 1304 5083 nostra:
1336 5027 1451 5082 sedi
1482 5027 1711 5098 spiritali
1740 5028 1899 5099 genio
1927 5043 2056 5083 con-

472 5112 657 5165 venire
688 5112 1045 5183 perspexerit,
1082 5114 1288 5171 intente
1316 5126 1636 5185 pertractet,
1663 5127 1718 5172 et
1741 5116 2052 5187 przcsulatui

467 5210 656 5257 nostro
710 5211 952 5258 actutum
1002 5205 1221 5260 scienda
1265 5205 1566 5261 denuntiet.
1623 5205 1900 5273 Quatenus
1952 5219 2053 5275 per

464 5293 600 5358 hoc,
653 5304 918 5364 quantum
969 5295 1112 5351 beati
1170 5295 1316 5352 Petri
1367 5297 1684 5352 memoriam
1726 5295 1814 5350 vel
1866 5298 2050 5351 sedem

461 5385 672 5455 diligat,
695 5395 751 5441 et
774 5396 1036 5457 quantum
1064 5387 1140 5443 illi
1166 5388 1373 5443 haerere
1417 5396 1648 5459 satagat,
1688 5388 1811 5443 luce
1849 5389 2051 5444 clarius

462 5474 783 5532 innotescat.
809 5478 1007 5548 Sicque
1028 5478 1245 5534 demum
1297 5478 1351 5533 in
1401 5478 1519 5548 ejus
1557 5478 1829 5535 soliditate
1876 5479 2049 5548 persi-

460 5574 632 5627 stens,
686 5568 883 5625 nullius
906 5579 1129 5626 auctore
1176 5570 1284 5625 Deo
1313 5570 1504 5625 fluctus
1560 5577 1753 5636 paveat
1796 5583 2048 5639 superve-

1860 182 2138 241 ADRIANI
2178 189 2376 248 ΡΑΡΑΞ
2417 193 2457 250 ll

3552 210 3654 270 i270

2122 312 2167 370 Α
2199 307 2396 363 nientis
2457 311 2755 366 incursum.
2799 314 3056 384 Optamus
3102 320 3406 377 sanctitatem
3457 337 3573 382 tuam
3614 332 3655 389 in

2192 397 2408 453 Christo
2430 417 2569 455 nunc.
2591 410 2646 456 et
2678 418 2896 474 semper
2931 406 3064 462 bene
3094 409 3277 467 valere.
3316 412 3429 469 Data
3461 432 3533 474 vni
3566 418 3657 479 ldus

2193 488 2336 555 Maii,
2364 490 2657 549 indictione
2676 494 2871 564 prima.

2584 753 2651 790 AD
2690 752 2934 795 BASILIUI
2974 755 3092 793 lﬂPE
3100 756 3348 798 BATOREII.

2797 868 2978 939 (Anno
3002 869 3146 939 868.)

2306 996 2522 1051 Gratias
2545 1008 2652 1068 agit
2675 999 2738 1053 de
2758 997 2956 1083 lgnatii
2976 1003 3027 1082 in
3050 1004 3421 1071 patriarclmlem
3438 1008 3574 1062 sedent

2803 1082 2942 1124 restat
2951 1084 3139 1126 unone.

2248 1197 2522 1254 ADRIANUS
2558 1201 2862 1270 episcopus,
2911 1217 3101 1257 servus
3144 1219 3400 1261 servorum
3435 1207 3532 1273 Dei,
3565 1210 3663 1264 dile.

2179 1289 2420 1344 ctissime
2455 1291 2587 1356 ﬁlio,
2620 1301 2676 1346 et
2702 1294 3150 1349 cbristianissimo
3186 1297 3466 1367 imperatori
3496 1299 3659 1355 Bitsruo

2179 1394 2210 1433 a
2239 1380 2348 1435 Deo
2374 1391 2640 1450 protecta,
2669 1399 2885 1453 semper
2906 1385 3166 1456 Augusto.

2248 1471 2538 1540 Quoniam,
2583 1477 3027 1547 tranquillissime
3072 1479 3368 1549 imperator,
3405 1482 3565 1536 audisti
3596 1498 3663 1538 ro-

2177 1578 2294 1618 cem
2326 1563 2443 1628 Dei,
2476 1580 2573 1636 per
2599 1567 2908 1636 apostolicae
2935 1569 3079 1624 sedis
3107 1568 3323 1625 officium
3360 1572 3442 1625 tibi
3466 1572 3663 1636 delatam.

2106 1655 2150 1715 Β
2178 1662 2233 1707 et
2271 1654 2549 1710 bonorasti
2595 1656 2823 1712 eximios
2871 1656 2987 1727 ejus
3032 1660 3313 1729 apostolos,
3359 1670 3410 1714 et
3445 1661 3662 1715 restituisti

2177 1743 2433 1800 Ecclesia:
2468 1747 3079 1818 Constantinopolitanae
3114 1751 3299 1805 throno
3334 1752 3566 1821 proprium
3596 1767 3659 1820 pa-

2176 1845 2411 1899 storem,
2472 1839 2736 1910 repellens
2792 1840 3128 1909 adulterum,
3184 1842 3467 1899 benedictus
3513 1843 3573 1897 sis
3616 1843 3663 1895 alt

2174 1929 2545 1999 Omnipotente
2575 1931 2704 1996 Deo,
2747 1940 2802 1987 et
2836 1934 3025 1988 videas
3073 1934 3435 2004 subjectionem
3477 1935 3664 1990 inimita-

2173 2034 2316 2083 rum,
2360 2027 2415 2075 et
2455 2021 2714 2090 temporis
2751 2022 3172 2094 longitudinem,
3202 2040 3262 2079 ac
3302 2025 3349 2078 in
3386 2025 3502 2080 solio
3529 2032 3597 2077 tuo
3618 2024 3664 2074 de

2172 2108 2368 2166 lumbis
2402 2111 2508 2166 tuis
2536 2112 2827 2179 haeredem,
2867 2123 3035 2186 atque
3071 2117 3125 2170 in
3163 2116 3336 2172 futuro
3360 2120 3500 2171 vitam
3522 2131 3657 2187 perae.

2173 2209 2351 2266 tuam;
2392 2203 2437 2258 si
2463 2212 2640 2258 tamen
2684 2206 2754 2260 ab
2791 2207 2859 2261 iis
2903 2222 3025 2276 quae.
3065 2209 3201 2265 bene
3245 2209 3434 2279 cepisti
3475 2225 3559 2261 non
3585 2209 3665 2262 dis-

2169 2297 2433 2361 cesseris,
2481 2298 2575 2351 sed
2611 2313 2779 2367 usque
2818 2299 2871 2353 iu
2905 2299 3070 2355 finem
3112 2301 3167 2356 in
3195 2302 3273 2356 eis
3297 2300 3667 2371 perseveraveris

2169 2401 2203 2443 ο
2227 2387 2487 2456 spiritalis
2523 2397 2580 2443 et
2615 2389 2963 2446 dilectissime
3001 2392 3115 2458 fili;
3159 2372 3297 2458 licet,
3324 2392 3459 2446 vobis
3489 2390 3666 2458 quolibet

2169 2479 2329 2533 modo
2360 2480 2665 2546 agentibus,
2697 2495 2726 2533 a
2758 2481 2991 2538 decretis
3025 2491 3229 2539 sanctae
3259 2482 3502 2539 memoria:
3525 2481 3667 2552 preci-

2167 2568 2258 2637 pui
2287 2569 2588 2625 decessoris
2618 2570 2721 2625 mei
2756 2585 2908 2641 papa:
2933 2571 3166 2640 Nicolai,
3196 2589 3312 2641 quae
3342 2576 3401 2628 de
3424 2571 3566 2626 Photii
3599 2570 3667 2622 dc-

2167 2658 2454 2729 positione,
2471 2668 2526 2716 et
2546 2671 2952 2730 recuperauone
2972 2663 3166 2735 lgnatii
3194 2663 3369 2720 fratris
3384 2674 3431 2719 et
3446 2676 3667 2718 cansam-

2167 2750 2308 2807 dotis
2323 2750 2495 2805 nostri
2525 2751 2904 2822 promulgavit,
2939 2770 3215 2825 nunquam
3231 2755 3564 2826 quoquomodo
3588 2751 3671 2805 dis-

2166 2839 2441 2895 cedamus.
2500 2838 2678 2895 Tanto
2706 2842 2851 2896 enim
2885 2843 3137 2901 volumus
3174 2847 3315 2902 illius
3346 2843 3549 2900 decretis
3576 2858 3671 2896 coa-

2165 2928 2414 2994 cordare,
2445 2936 2647 3000 quanto
2674 2929 2809 2998 ipse,
2838 2945 2961 2987 cum
3001 2932 3125 2990 lucc
3160 2944 3358 3006 ageret,
3385 2932 3549 2989 divinis
3566 2946 3671 3000 pne-

2094 3015 2137 3075 C
2168 3020 2337 3086 ceptis
2373 3021 2707 3076 concordare
2741 3022 3014 3078 studebat.
3072 3024 3204 3080 Nam
3247 3035 3300 3081 et
3334 3026 3427 3080 hoc
3474 3036 3671 3078 necessa-

2170 3109 2308 3163 rium
2335 3118 2420 3165 est
2455 3118 2530 3174 ut,
2565 3111 2874 3166 custodiens
2895 3115 3351 3183 praedecessorum
3378 3128 3580 3169 meorum
3599 3112 3671 3163 de.

2166 3208 2335 3263 creta,
2366 3201 2586 3256 doceam
2617 3211 2738 3271 post
2767 3202 3051 3259 decessum
3081 3222 3257 3263 meum
3300 3216 3352 3260 et
3377 3222 3479 3260 mea
3508 3215 3673 3273 quoque

2113 3300 2132 3319 ‘
2169 3292 2237 3346 ab
2276 3292 2342 3346 iis
2382 3292 2475 3362 qui
2514 3300 2636 3362 post
2684 3307 2773 3348 me
2813 3292 3019 3349 fuerint
3073 3297 3221 3353 nullo
3278 3300 3426 3352 modo
3461 3294 3672 3347 violanda.

2166 3380 2457 3449 Postquam
2495 3391 2678 3438 autem
2715 3384 3071 3454 cognovimus
3094 3389 3238 3458 quod
3264 3388 3542 3445 misericors
3570 3383 3673 3435 Deus

2169 3471 2452 3540 imperium
2474 3482 2711 3528 vestrum
2739 3473 2898 3529 simul
2923 3485 2978 3530 et
2995 3477 3251 3534 affectum
3280 3479 3342 3533 ad
3363 3479 3455 3532 hoc
3478 3472 3673 3531 erexerit,

2168 3569 2227 3614 ut
2257 3562 2498 3631 dispersa
2534 3572 2846 3634 congreget,
2874 3574 2930 3620 et
2958 3582 3085 3638 quae
3121 3570 3418 3624 ceciderant
3451 3567 3607 3635 erigat,
3635 3568 3674 3613 et

2166 3653 2399 3706 contrita
2422 3652 2705 3718 resolidet;
2731 3651 3371 3728 ﬁducialiterpossumus,
3395 3659 3490 3711 Deo
3506 3652 3674 3725 gratias,
3712 3731 3723 3746 Ι

2167 3742 2479 3811 deposcere,
2508 3755 2568 3799 ut
2599 3744 2634 3799 ii
2671 3746 2760 3814 qui
2797 3747 2991 3817 abjecti
3034 3760 3183 3814 sunt,
3213 3750 3279 3805 ab
3307 3747 3511 3817 imperio
3541 3752 3675 3796 vestro

2167 3835 2522 3905 recipiantur,
2562 3847 2619 3893 et
2667 3841 2701 3894 ii
2742 3842 2833 3913 qui
2874 3843 3106 3913 dispersi
3148 3850 3532 3912 congregemur.
3565 3834 3677 3902 0""

2164 3937 2385 3998 propter
2412 3930 2889 4000 prudentissimum
2917 3935 3096 3989 virum
3131 3934 3173 3988 Τ
3179 3936 3507 4005 heognostum
3540 3927 3672 3978 hono-

2167 4019 2548 4075 rabilissimum
2586 4025 2880 4079 exarchum
2921 4034 3118 4081 vestrm
3157 4024 3362 4080 fiduciae
3407 4020 3680 4076 remittentes

2164 4112 2633 4181 commendamus;
2684 4116 2777 4186 qui
2826 4115 3121 4187 legatione,
3174 4125 3282 4170 tam
3334 4129 3425 4185 pro
3463 4110 3602 4165 fratre
3637 4112 3679 4156 et

2164 4202 2535 4259 eomministro
2563 4212 2750 4262 nostro
2784 4205 3013 4279 lgnatio,
3042 4222 3209 4278 quam
3244 4219 3341 4277 pro
3368 4200 3555 4259 caneris
3578 4210 3678 4251 cono

2165 4294 2434 4351 tribulatis
2474 4296 2721 4363 functus,
2762 4313 2862 4368 per
2905 4299 3250 4370 septennium
3300 4294 3431 4366 apud
3474 4285 3681 4382 principis

2090 4359 2138 4419 θ
2163 4387 2526 4456 apostolorum
2576 4359 2782 4443 limina.
2811 4396 2869 4442 ut
2912 4359 3238 4457 peregrinus
3283 4394 3337 4440 et
3373 4379 3532 4437 incola
3554 4374 3679 4432 vixit.

2160 4488 2218 4535 et
2243 4494 2432 4535 eorum
2457 4477 2885 4535 confessionibus
2913 4478 3237 4533 memoriam
3265 4483 3485 4530 vestram
3511 4466 3681 4521 assidue

2161 4568 2585 4636 commendavit;
2616 4578 2672 4625 et
2708 4584 2739 4624 a
2769 4570 2855 4625 die
2882 4569 3151 4624 adventus
3189 4567 3274 4624 sui
3305 4579 3463 4635 usque
3490 4558 3549 4614 ad
3572 4567 3680 4626 υττε-

2161 4676 2288 4715 sens
2325 4660 2546 4730 pietatis
2570 4668 2766 4716 vestrae
2801 4661 3071 4732 praeconia
3099 4675 3379 4722 enarrare,
3406 4666 3458 4710 et
3480 4648 3684 4709 Ecclesiae

2161 4751 2514 4806 manifestare
2564 4750 2815 4816 vulnera,
2863 4760 2919 4806 et
2955 4752 3153 4808 borum
3212 4749 3467 4806 medelam
3512 4742 3686 4810 exigere

2160 4855 2269 4897 non
2295 4840 2522 4895 destitit.
2570 4839 2725 4896 Nunc
2759 4855 2909 4914 ergo,
2940 4842 3201 4912 quoniam
3248 4850 3304 4897 et
3346 4841 3442 4894 iste
3484 4847 3604 4888 unus
3632 4842 3682 4879 ex

2159 4929 2264 4986 illis
2292 4937 2376 4986 est
2410 4931 2503 5002 qui
2535 4939 2821 5001 postquam
2854 4931 3012 5002 lupus
3052 4930 3236 4990 factus
3263 4939 3346 4988 est
3374 4935 3560 5001 pastor,
3581 4934 3684 4976 (ξοη-

2160 5021 2308 5077 tinuo
2334 5020 2588 5090 dispersi,
2618 5031 2674 5077 et
2708 5037 2739 5076 a
2771 5023 2923 5078 vobis
2949 5023 3038 5092 pie
3070 5024 3258 5078 omnia
3290 5018 3575 5092 regentibus
3605 5013 3684 5064 ite—

2155 5126 2276 5168 rum
2322 5114 2633 5185 congregati
2683 5124 2843 5180 sunt,
2898 5125 3188 5169 revocetur
3225 5123 3281 5169 et
3324 5115 3435 5183 ipse
3474 5106 3684 5179 petimus.

2155 5213 2213 5260 et
2249 5204 2301 5258 in
2339 5204 2569 5259 mandra
2611 5203 2848 5260 fidelium
2894 5206 3140 5260 omnium
3181 5221 3214 5260 a
3243 5202 3516 5262 clementia
3542 5203 3686 5249 vestra

2156 5300 2381 5365 locetur,
2411 5307 2467 5355 et
2494 5298 2637 5355 inter
2672 5298 2919 5355 laetantes
2953 5300 3075 5371 pios
3108 5298 3252 5356 ﬁlios
3275 5306 3495 5371 paterno
3528 5286 3686 5382 affectu

2153 5397 2277 5458 post
2320 5388 2493 5459 longte
2540 5387 2871 5457 captivitatis
2930 5389 3306 5445 reversionem
3357 5388 3689 5442 connumerat'l

2156 5489 2458 5544 mereatur;
2488 5488 2544 5534 et
2568 5478 2638 5533 ob
2662 5494 2902 5534 amorem
2931 5479 3024 5535 Dei
3052 5488 3112 5533 et
3138 5488 3497 5549 protectorum
3523 5475 3692 5524 vestro-

2157 5586 2274 5624 rum
2319 5568 2621 5639 principum
2669 5570 3033 5637 apostolorum
3087 5570 3383 5634 honorent,
3434 5583 3464 5620 a
3499 5569 3692 5633 quorum
