3978 6160
416 340 547 397 ΙΞἹἹ

1588 309 1942 365 ΕΡὶὸΊΟΗΕ
1982 308 2067 364 ΕΤ
2109 307 2446 364 DECRETA.
2502 316 2506 323 ‘

3397 266 3421 285 ’
3488 288 3622 347 ists

385 432 645 503 regimine
693 429 1079 500 proﬁciscitur,
1137 429 1564 484 mansuetudinis
1608 436 1803 483 vestra:
1857 441 1950 480 au-
1974 434 2025 497 Α
2053 424 2193 493 apud
2232 422 2523 476 memorias
2558 419 2922 490 apostolorum
2958 435 3053 490 per
3090 428 3292 490 septem
3324 424 3493 475 ferme
3524 437 3622 475 an-

384 523 513 577 xilia
554 522 768 585 sentiat,
812 535 879 574 ex
920 529 1041 589 post
1082 520 1442 574 turbationem
1490 518 1857 578 serenitatem,
1895 525 1950 569 et

382 621 755 684 tempestatem
794 610 1254 680 tranquillitatem,
1287 618 1340 664 et
1370 618 1488 679 post
1525 608 1689 661 multa
1727 608 1949 660 adversa

381 713 578 774 optatae
607 700 982 772 prosperitatis
1017 699 1288 764 eii‘eetmn,
1335 708 1599 769 quatenus
1639 714 1735 767 per
1772 706 1951 767 patro-

382 808 573 847 norum
612 800 916 846 vestrorum
958 791 1393 854 intercessiones,
1427 789 1732 859 principum
1758 787 1948 841 videli-

380 894 482 947 cet,
514 900 545 938 a
577 898 806 953 quorum
846 883 972 938 sede
1013 883 1339 947 remittitur;
1384 890 1440 936 et
1480 895 1710 951 quorum
1752 878 1950 949 princi-

378 986 560 1046 patum
605 990 701 1046 pro
727 974 965 1029 Ecclesia
995 980 1193 1037 vestra,
1235 987 1353 1042 qua:
1398 973 1551 1027 valde
1582 971 1823 1034 fluctuat,
1857 969 1945 1023 die

379 1083 441 1122 ac
465 1075 619 1121 nocte
635 1064 973 1134 interpellare
986 1080 1082 1134 per
1096 1063 1259 1117 multa
1280 1062 1542 1118 curricula
1565 1078 1668 1116 non
1684 1061 1944 1125 cessavit;

379 1170 412 1209 a
444 1154 791 1208 misericorde
816 1155 945 1216 Deo,
977 1167 1136 1222 quem
1170 1152 1224 1206 in
1261 1151 1477 1206 famulis
1504 1151 1622 1220 ejus
1648 1150 1946 1212 honoratis,

379 1255 435 1299 et
458 1246 546 1300 hic
568 1245 720 1299 vobis
750 1243 977 1299 felicitas
1013 1244 1281 1309 continua,
1314 1252 1369 1298 et
1398 1243 1736 1298 inimicorum
1766 1242 1948 1312 subje-

380 1336 488 1389 ctio
531 1346 584 1389 et
625 1335 677 1388 in
718 1332 901 1387 futuro
937 1342 1138 1388 aeterna
1176 1333 1343 1404 gloria
1370 1342 1425 1388 et
1468 1333 1676 1387 infinita
1704 1334 1947 1402 praemia,

381 1428 603 1495 insuper
654 1434 710 1481 et
751 1440 976 1495 regnum
1036 1424 1255 1480 cteleSte
1300 1440 1422 1480 cum
1470 1425 1796 1495 sempiterna
1837 1423 1948 1477 vita

379 1527 688 1592 praestetur.
732 1517 995 1588 Optamus
1040 1517 1325 1586 imperium
1367 1523 1606 1571 vestrum
1650 1514 1704 1569 in
1733 1513 1949 1569 Christo

384 1624 525 1665 nunc
563 1618 617 1661 et
651 1622 864 1677 semper
901 1606 1103 1671 valere,
1141 1621 1174 1661 ο
1202 1605 1497 1676 spiritualis
1523 1614 1579 1660 et
1603 1604 1948 1659 dilectissime

379 1699 475 1754 'ﬁli.
510 1698 640 1752 Data
672 1695 925 1751 Kalendis
948 1696 1195 1766 Augusti,
1228 1695 1518 1750 indictione
1550 1694 1745 1763 prima.

1099 1828 1238 1883 XIV.

389 1956 456 1996 AD
482 1956 736 1997 IGNATIUI
774 1956 1220 1997 ARCHIEPISCOPUII
1257 1955 1944 1996 CONS‘I'ANTINOPOLI‘I’ANUI.

979 2052 1157 2122 (Anno
1184 2049 1333 2122 ses.)

377 2162 725 2236 Conqueritur
760 2181 897 2234 papa
928 2163 1069 2235 quod
1104 2180 1207 2236 non
1237 2164 1621 2236 quamprimum
1655 2164 1725 2236 ag
1738 2163 1861 2236 ipso
1884 2162 1949 2217 de

446 2232 684 2288 restituta
725 2232 975 2302 dignitate
1023 2234 1214 2288 certior
1249 2232 1421 2302 factus
1457 2234 1651 2302 fuerit;
1684 2232 1949 2302 Theogna-

442 2313 580 2359 stum
604 2304 684 2358 illi
710 2305 1061 2358 commendat.

444 2418 719 2473 Διιιιωωε
752 2417 1053 2487 episcopus,
1085 2431 1274 2472 servus
1312 2431 1592 2471 servorum
1621 2415 1737 2480 Dei,
1772 2416 1946 2470 hono-

376 2508 699 2564 rabilissimo
754 2508 911 2564 fratri
956 2517 1012 2564 et
1056 2508 1431 2565 consacerdoti
1482 2515 1667 2563 nostro
1694 2508 1947 2573 IGNLTIO,

375 2600 714 2657 sanctissimo
741 2600 1061 2672 patriarcha:
1085 2597 1699 2669 anstantinopolitano.

446 2691 808 2757 Convenerat,
855 2694 1197 2749 sanctitatem
1251 2702 1420 2759 tuam,
1462 2690 1588 2746 licet
1628 2706 1726 2746 nos
1762 2690 1830 2745 ad
1865 2690 1948 2745 sui

376 2784 700 2854 adjutorium
743 2783 978 2852 primum
1027 2784 1247 2840 minime
1291 2782 1700 2855 provocaverit,
1748 2783 1942 2839 saltem

374 2889 514 2929 nunc
539 2888 702 2944 super
727 2873 1069 2929 restitutione
1096 2889 1214 2938 sua,
1245 2889 1364 2945 quae
1396 2874 1537 2930 facta
1560 2873 1781 2941 dicitur,
1808 2873 1946 2930 lzeti-

376 2965 537 3019 ficare
558 2978 679 3028 nos,
707 2962 1045 3018 anhelantem
1082 2965 1327 3034 proprias
1361 2964 1515 3019 nobis
1548 2963 1757 3019 litteras
1785 2963 1950 3021 desti-

376 3067 526 3107 nare.
553 3050 773 3115 Verum,
807 3051 931 3106 licet
966 3052 1069 3107 hoc
1108 3053 1285 3107 minus
1326 3050 1590 3108 studuerit
1626 3067 1804 3124 agere,
1839 3053 1946 3107 sal-

2052 503 2552 566 norum'curricula
2596 519 2654 564 ut
2701 512 2898 580 hospes
2945 519 3001 566 et
3045 511 3250 564 advena
3295 510 3621 575 demoratus.

2051 616 2154 655 non
2184 610 2389 654 tantum
2414 600 2685 669 propriam
2712 600 3007 663 miseriam,
3035 609 3296 668 quantum
3323 599 3627 654 sanctitatis

2050 698 2152 745 tute
2176 705 2505 760 pressuram,
2541 701 2596 745 et
2624 690 3236 758 Constantinopolitana:
3264 690 3515 745 Ecclesim
3539 705 3620 744 ca-

2048 780 2315 834 lamitates
2349 794 2487 850 pene
2525 779 2859 834 incessanter
2889 779 3159 845 deﬂebat;
3204 779 3278 833 ita
3311 788 3367 833 ut
3400 794 3505 834 non
3533 793 3624 835 so-

2048 868 2156 923 lum
2212 879 2368 924 antea
2415 869 2525 937 jam
2574 870 2777 924 dictum
2823 870 3162 925 decessorem
3212 884 3411 934 meum,
3440 869 3534 925 sed
3569 880 3627 925 et

2048 974 2134 1014 me
2160 969 2344 1028 postea
2374 970 2530 1014 nocte
2556 973 2621 1013 ac
2647 960 2733 1014 die
2778 958 3146 1014 indelicienter
3183 959 3413 1029 erigere,
3436 969 3490 1014 et
3521 974 3623 1030 pro

2049 1058 2189 1104 statu
2242 1058 2402 1104 tantm
2442 1050 2716 1115 Ecclesiae,
2769 1058 2825 1105 et
2874 1050 3147 1106 erectione
3195 1060 3375 1106 vestra
3420 1052 3632 1107 crebris

2049 1138 2358 1193 suasionum
2395 1139 2627 1194 stimulis
2655 1139 2823 1193 latera
2853 1151 3167 1209 percutere;
3199 1149 3255 1195 et
3281 1143 3622 1210 quemadmo-

2050 1228 2177 1283 dum
2206 1230 2431 1299 angelus
2459 1229 2732 1300 quondam
2758 1248 2771 1284 :
2801 1229 2994 1300 Surge,
3020 1229 3191 1296 Petre,
3217 1232 3392 1303 accipe
3413 1234 3628 1303 fortitu-

2050 1320 2223 1373 dinem
2245 1321 2317 1373 ad
2339 1320 2624 1375 salvandas
2650 1331 2823 1390 gentes
2846 1323 2984 1391 (Act.
3014 1320 3091 1392 v),
3121 1339 3217 1393 per
3252 1324 3490 1394 singulos
3515 1327 3629 1382 dies

2051 1411 2205 1464 nobis
2242 1411 2423 1465 dicere
2460 1426 2565 1465 non
2603 1421 2873 1477 cessaret;
2918 1427 3196 1482 quousque
3221 1415 3483 1481 auditum,
3518 1416 3645 1470 Deo'

2049 1509 2363 1571 pnestante,
2406 1501 2661 1571 suscepit,
2708 1503 2850 1571 quod
2882 1504 3136 1559 ardenter
3182 1519 3396 1573 semper
3438 1506 3491 1560 in
3530 1522 3625 1576 pe-

2051 1599 2204 1646 ctore
2233 1590 2527 1658 bajulabat.

2119 1682 2234 1748 Qua
2257 1682 2324 1736 de
2353 1697 2434 1747 re,
2463 1681 2630 1737 frater
2657 1682 3027 1748 dilectissime,
3058 1684 3331 1739 sanctitati
3361 1694 3463 1741 tuae
3483 1685 3629 1742 hunc

1977 1773 2026 1832 B
2053 1774 2526 1839 commendantes,
2568 1784 2819 1842 rogamus
2856 1781 2911 1828 et
2949 1774 3324 1843 deprecamur,
3361 1784 3628 1845 quatenus

2048 1860 2190 1915 circa
2222 1876 2281 1915 se
2307 1861 2504 1916 sentiat
2542 1861 2789 1917 beneﬁcii
2828 1862 2906 1916 tui
2952 1864 3285 1932 propositum
3325 1882 3340 1918 :
3382 1872 3438 1919 et
3486 1864 3630 1920 sicut

2048 1964 2242 2008 vestrae
2282 1951 2457 2008 factus
2482 1961 2567 2008 est
2596 1954 3023 2010 communicator
3048 1958 3337 2025 passionis,
3377 1958 3451 2013 ita
3482 1960 3551 2014 sit
3574 1967 3635 2015 et

2049 2043 2468 2109 consolationis;
2517 2044 2717 2098 etenim
2755 2045 2944 2114 dignus
2978 2056 3052 2100 est
3090 2049 3360 2114 operarius
3397 2048 3630 2102 mercede

2046 2151 2144 2189 sua
2181 2132 2232 2205 (1
2258 2132 2394 2189 Tim.
2421 2134 2512 2205 v);
2545 2149 2651 2189 non
2691 2143 2892 2199 autem,
2922 2145 2982 2189 ut
3014 2134 3296 2191 familiaris
3324 2145 3507 2191 noster
3545 2136 3626 2192 fa-

2047 2232 2187 2288 ctus,
2217 2223 2312 2278 sed
2341 2231 2395 2277 et
2424 2231 2484 2276 ut
2520 2238 2552 2277 a
2582 2221 2708 2278 sede
2734 2222 2995 2293 principis
3036 2223 3401 2292 apostolorum
3441 2240 3624 2281 susce—

2046 2323 2194 2384 ptus,
2226 2313 2315 2367 hic
2345 2313 2505 2368 debet
2526 2311 2597 2367 ob
2626 2327 2864 2367 amorem
2894 2313 3031 2382 ejus,
3066 2328 3170 2367 non
3198 2313 3629 2384 qualemcunque

2048 2406 2102 2459 in
2141 2412 2435 2471 conspectu
2481 2403 2789 2457 sanctitatis
2850 2411 3044 2457 vestra:
3090 2403 3315 2473 gratiam
3364 2404 3626 2459 invenire.

2046 2495 2116 2548 At
2147 2510 2299 2559 vero,
2329 2494 2372 2547 si
2412 2494 2479 2549 ad
2515 2494 2863 2564 apostolicam
2905 2495 3087 2550 sedem
3117 2495 3378 2564 quosdam
3411 2498 3627 2551 mittere

2049 2584 2398 2653 disposueris,
2442 2585 2584 2638 hunc
2632 2583 2940 2653 specialiter
2977 2583 3222 2638 volumus
3259 2599 3369 2653 pra:
3415 2586 3628 2640 caeteris

2049 2675 2219 2738 mitti;
2257 2681 2314 2728 ut
2342 2683 2394 2728 et
2425 2674 2490 2729 de
2523 2675 2887 2744 prosperitate
2930 2684 3043 2738 tua,
3081 2675 3530 2743 quemadmodum
3568 2686 3625 2730 et

2047 2773 2314 2834 optamus,
2368 2765 2682 2834 gratiﬁcari,
2735 2765 3140 2836 dispositionem
3187 2776 3242 2822 et
3286 2767 3530 2822 ordinem
3561 2777 3623 2823 et

2048 2871 2268 2911 causam
2317 2856 2573 2913 Ecclesia:
2624 2858 3263 2930 Constantinopolitanat,
3318 2859 3618 2915 secundum

2050 2948 2378 3019 diligentiam
2408 2963 2571 3019 quam
2601 2948 2668 3003 de
2704 2950 2954 3011 omnibus
2989 2965 3087 3005 nos
3120 2950 3504 3006 ecclesiasticis
3531 2966 3629 3005 nc-

2048 3041 2211 3111 gotiis
2250 3040 2556 3095 certissime
2605 3040 2746 3097 scire
2775 3042 2912 3096 velle
2960 3042 3256 3112 cognoscit,
3300 3042 3625 3112 aposwlatui

377 3102 524 3107 πη---
808 3102 930 3106 η---
966 3102 1067 3107 --η
1110 3102 1280 3107 ------_-
1327 3102 1589 3108 ηη-η---
1630 3102 1804 3124 ᾖον-.
1840 3102 1918 3107 η-
2050 3102 2078 3111 ν
3026 3102 3055 3112 ν
3242 3102 3251 3106 -
3336 3102 3349 3112 .

374 3152 481 3195 tem
512 3143 739 3212 gratiam
774 3141 967 3197 divinae
1003 3142 1395 3206 miserationis,
1438 3156 1559 3211 quae
1596 3142 1649 3196 in
1691 3153 1743 3198 le
1776 3143 1945 3197 mira-
1972 3102 2018 3164 Ο
2048 3139 2234 3186 nostro
2263 3128 2468 3185 referre
2500 3139 2753 3185 maturet.
2801 3129 3254 3187 Commendamus
3281 3140 3462 3186 autem
3491 3145 3624 3186 san-

373 3233 806 3303 biliter‘operata
838 3240 940 3296 est,
974 3247 1080 3286 non
1121 3242 1349 3288 taceres.
1390 3231 1657 3287 Secretum
1686 3234 1823 3287 enim
1860 3250 1943 3287 re-

373 3325 471 3394 gis,
500 3323 792 3378 secuudum
821 3323 963 3394 quod
994 3325 1062 3378 ab
1093 3324 1284 3393 angelo
1309 3323 1490 3379 Tobiae
1516 3324 1733 3389 dicitur,
1776 3324 1946 3379 celare

374 3416 562 3467 bonum
595 3423 689 3477 est,
722 3430 875 3483 opera
898 3430 1020 3468 vero
1048 3413 1138 3468 Dei
1165 3430 1433 3477 enarrare,
1471 3414 1753 3483 miriﬁcum
1787 3414 1939 3486 (Τοῦ.

373 3500 491 3571 xu).
524 3502 905 3557 Verumtamen
935 3503 1245 3558 consolatur
1269 3519 1406 3559 nos:
1436 3503 1790 3569 conscientia,
1822 3519 1942 3575 quae
2009 3557 2016 3564 _

372 3605 479 3643 non
520 3598 727 3643 tantum
758 3605 872 3652 nos,
900 3600 1161 3661 quantum
1201 3592 1509 3661 aposmlicte
1546 3593 1818 3647 memoria:
1845 3594 1941 3648 de-

368 3692 639 3732 cessorem
671 3693 851 3733 meum
878 3679 1248 3735 beatissimum
1286 3695 1478 3751 papam
1503 3679 1806 3746 Nicolaum,
1834 3697 1940 3737 non

372 3777 479 3820 tam
529 3784 627 3838 pro
669 3776 721 3823 te
771 3784 932 3839 quam
982 3786 1080 3840 pro
1128 3772 1411 3827 charitatis
1465 3773 1706 3827 custodia
1758 3773 1945 3829 decer-

373 3869 514 3915 tasse
549 3870 792 3916 testatur.
822 3861 879 3917 Si
904 3864 1068 3928 enim,
1094 3865 1182 3933 qui
1211 3863 1436 3933 diligunt
1465 3880 1558 3918 nos
1585 3874 1785 3919 tantum
1814 3866 1945 3920 dite-

371 3950 619 4014 a'erimus,
652 3968 809 4020 quam
838 3952 1122 4006 mercedem
1150 3952 1492 4007 habebimus?
1522 3954 1737 4026 (Matth.
1771 3956 1826 4029 v)
1874 3956 1944 4010 At

370 4043 622 4110 quoniam
665 4041 831 4097 frater
856 4051 1040 4098 noster
1063 4058 1146 4108 es,
1173 4044 1218 4099 si
1244 4044 1538 4101 viderimus
1575 4054 1625 4101 te
1650 4048 1943 4103 necessita-

370 4143 478 4185 tem
526 4132 761 4196 habere,
808 4140 863 4186 et
909 4131 1263 4188 clauserimus
1309 4134 1518 4190 viscera
1564 4147 1747 4190 nostra
1788 4152 1820 4191 a
1869 4146 1944 4202 te,

367 4224 637 4289 quomodo
663 4222 903 4277 cbaritas
929 4223 1022 4276 Dei
1053 4233 1237 4279 manet
1282 4224 1338 4280 in
1363 4224 1554 4280 nobis?
1599 4226 1651 4297 (1
1672 4227 1832 4281 Joan.
1860 4227 1943 4300 tu)

365 4308 534 4381 igitur
571 4311 705 4365 scito
743 4311 869 4380 quia
911 4312 961 4366 in
1005 4313 1073 4367 iis
1108 4328 1227 4383 quae
1261 4313 1517 4369 decessor
1554 4331 1707 4371 meus
1744 4327 1947 4372 sanctae

368 4406 641 4460 memoriae
684 4421 821 4474 papa
866 4403 1116 4461 Nicolaus
1159 4421 1258 4474 pro
1298 4422 1524 4477 persona
1556 4416 1646 4462 tua
1671 4417 1728 4463 et
1760 4409 1825 4463 iis
1850 4408 1939 4478 qui
1968 4434 2020 4496 υ
2045 4415 2303 4471 Allocutio

368 4505 543 4552 tecum
585 4497 638 4550 in
669 4496 1102 4552 tribulationibus
1136 4513 1244 4553 non
1274 4496 1611 4563 defecerunt,
1649 4499 1867 4568 insuper
1890 4509 1944 4555 et

365 4602 465 4657 pro
485 4586 721 4642 Ecclesia
746 4585 1339 4657 Constantinopolitana
1369 4588 1660 4658 plurimum
1689 4589 1942 4644 laborans

366 4679 557 4731 statuit
596 4685 655 4730 et
698 4676 977 4741 definivit,
1022 4686 1079 4732 et
1124 4692 1223 4731 nos
1273 4678 1525 4733 similiter
1569 4693 1849 4734 manemus
1890 4686 1944 4733 ct

364 4766 833 4836 permanebimus;
865 4776 920 4822 ct
950 4768 1091 4822 sicut
1129 4767 1245 4837 ipse
1276 4769 1343 4823 ad
1374 4767 1567 4823 horam
1603 4770 1793 4824 mortis
1831 4784 1943 4825 sua:

365 4877 556 4930 usque,
586 4870 694 4916 tam
718 4878 816 4932 pro
846 4871 918 4928 te,
945 4876 1106 4933 quam
1140 4878 1238 4935 pro
1274 4864 1340 4919 iis
1376 4864 1469 4934 qui
1501 4873 1674 4919 tecum
1702 4875 1847 4931 sunt,
1885 4865 1939 4920 in

365 4952 587 5021 praefata
610 4953 866 5009 Eccltesia
895 4970 1229 5025 nequaquam
1256 4957 1486 5011 cessavit
1518 4970 1835 5026 procurans,
1867 4956 1939 5009 ita

365 5051 419 5095 et
446 5057 564 5107 nos,
587 5052 807 5098 auctore
830 5046 959 5109 Deo,
988 5061 1157 5114 usque
1183 5046 1236 5100 in
1265 5047 1426 5101 finem
1452 5046 1509 5101 in
1535 5061 1696 5117 opere
1725 5046 1943 5115 pietatis

365 5130 525 5199 hujus
549 5131 681 5185 nulli
713 5133 915 5202 torpori
939 5134 1189 5190 dabimus
1216 5150 1471 5206 operam;
1508 5137 1765 5192 debemus
1793 5137 1936 5192 enim

365 5219 535 5289 ipsius
562 5220 714 5289 sequi
741 5220 1001 5287 laborem,
1027 5223 1116 5278 cui
1149 5225 1322 5294 gratia
1354 5223 1470 5289 Dei,
1497 5226 1852 5281 successimus
1882 5226 1936 5280 in

364 5307 589 5366 hmore.
631 5310 899 5365 Praeterea
938 5325 1279 5366 communem
1316 5312 1484 5367 filium
1513 5313 1930 5383 Theognostum,

366 5399 873 5454 revereudissimum
900 5402 1214 5467 exarchum,
1241 5410 1297 5455 et
1324 5401 1574 5457 dilectum
1603 5402 1785 5469 nobis,
1808 5417 1935 5457 ecce

365 5489 433 5542 ad
463 5503 557 5543 vos
586 5491 1002 5555 transmisimus,
1036 5493 1128 5563 qui
1150 5508 1215 5547 ex
1244 5492 1693 5563 persequentibus
1718 5494 1936 5547 aemula-

366 5580 575 5636 toribus
619 5582 725 5637 tuis
774 5582 918 5637 illinc
956 5584 1131 5639 nudus
1165 5584 1425 5647 salvatus,
1462 5583 1591 5652 quin
1631 5593 1687 5638 et
1730 5595 1937 5640 mutato

367 5670 551 5725 habitu
576 5673 662 5726 vix
690 5673 795 5727 huc
824 5673 1132 5739 pertingens
1159 5675 1321 5730 vitam
1353 5675 1588 5729 lucratus
1613 5682 1714 5739 est,
1745 5676 1937 5732 deinde

2048 3223 2220 3278 ctitati
2250 3231 2445 3278 vestrae
2474 3230 2529 3277 et
2555 3222 2901 3293 Euthymium
2928 3222 3372 3294 gloriosissimum
3404 3223 3625 3293 spatha-

2047 3314 2210 3377 rium,
2255 3313 2346 3382 qui
2386 3311 2613 3367 Romam
2669 3313 3000 3382 imperialem
3049 3312 3230 3368 ferens
3278 3313 3625 3385 legationem,

2045 3404 2256 3473 primus
2289 3402 2444 3458 nobis
2470 3409 2526 3470 et
2552 3402 2804 3459 Ecclesiae
2838 3412 3035 3459 nostrae
3067 3404 3134 3457 de
3166 3403 3507 3461 fraternitate
3535 3419 3629 3459 ve-

2051 3504 2163 3549 stra
2193 3493 2334 3563 quod
2356 3508 2569 3563 semper
2592 3493 2895 3562 optavimus
2924 3494 3276 3558 annuntiavit,
3305 3502 3360 3547 et
3387 3493 3622 3547 divinam

2045 3584 2189 3638 circa
2235 3590 2287 3639 te
2326 3582 2774 3648 misericordiam,
2806 3591 2863 3637 et
2895 3582 3144 3637 sanitatis
3195 3590 3298 3635 tute
3338 3594 3625 3650 recupera-

2045 3674 2245 3727 tionem
2300 3672 2662 3737 innotescens,
2717 3687 2905 3727 omnes
2950 3670 3372 3743 gratulabundos
3420 3670 3620 3726 effecit.

2045 3762 2148 3817 Pro
2176 3777 2291 3831 quo
2315 3770 2587 3834 rogamus,
2620 3774 2679 3818 ut
2708 3771 2762 3818 et
2791 3764 2891 3817 iste
2917 3763 3113 3817 sentiat
3148 3762 3201 3816 in
3225 3762 3626 3832 opportunitate

2046 3851 2357 3920 praesidium
2395 3860 2654 3916 vestrum,
2692 3859 2747 3905 et
2777 3850 2970 3905 aﬁ‘ectu
3007 3852 3207 3905 amoris
3245 3852 3413 3906 nostri
3445 3860 3625 3921 prote-

2046 3941 2240 3995 ction'ts
2299 3948 2493 3995 vestra:
2550 3937 2810 3994 solamina
2842 3929 3257 4008 'consequatur.
3357 3938 3623 4009 Optamus

2045 4041 2191 4086 tuam
2227 4031 2567 4086 sanctitatem
2607 4046 2750 4084 nunc
2778 4038 2832 4082 et
2856 4044 3068 4098 semper
3093 4029 3227 4084 bene
3254 4028 3455 4093 valere,
3483 4029 3622 4084 dile-

2044 4122 2283 4177 ctissime
2307 4119 2477 4175 frater
2510 4128 2565 4174 et
2587 4119 2975 4173 oomminister.
3005 4118 3138 4174 Data
3162 4116 3417 4173 Kalendis
3438 4117 3623 4189 Augu-

2046 4213 2137 4278 sti,
2170 4210 2466 4266 indictione
2494 4210 2686 4280 prima.

2772 4318 2888 4375 XV.

2378 4430 2490 4482 apte
2511 4411 2733 4482 Adriani
2777 4412 2846 4463 ad
2886 4409 3163 4482 concilium
3205 4408 3622 4482 quodconrem't

2113 4431 2303 4471 locutio
2378 4431 2490 4482 apte
2511 4431 2733 4465 Annam
2777 4431 2843 4463 aa
2886 4431 3163 4464 εοησηπωη
3205 4431 3342 4480 quoa
3385 4431 3618 4465 σοηῑειυι

2113 4497 2293 4540 contra
2321 4431 2592 4546 ﬁliolium,
2622 4481 2754 4534 lecta
2777 4496 2870 4550 per
2889 4479 3147 4533 Joannem
3189 4480 3618 4534 archidiacouuut

2118 4565 2312 4609 sanctis
2334 4552 2588 4607 Romana:
2610 4549 2880 4604 Ecclesiae.

2113 4673 2246 4728 Cum
2277 4672 2588 4734 debeamus,
2628 4684 2662 4723 ο
2697 4668 2898 4724 fratres
2920 4677 2975 4722 et
3002 4668 3094 4723 lilii
3125 4668 3481 4733 dilectissimi,
3518 4671 3622 4725 Do-

2044 4763 2230 4818 minici
2261 4761 2375 4831 agri
2412 4759 2617 4814 strenui
2658 4768 2713 4814 et
2738 4759 2973 4831 solertes‘
2990 4772 3113 4814 esse
3139 4759 3396 4826 cultores,
3420 4770 3477 4816 et
3505 4764 3617 4831 spi-

2044 4850 2329 4906 ritualibus
2364 4847 2432 4902 ad
2465 4848 2840 4918 purgationem
2883 4847 3054 4917 ipsius
3083 4847 3387 4903 cmlestium
3420 4865 3620 4920 praece-

2043 4953 2258 5014 ptorum
2287 4942 2361 4996 uti
2394 4942 2690 5013 ligonibus,
2731 4952 2966 5013 oportet,
3000 4952 3059 4997 ut
3090 4942 3135 4998 si
3163 4958 3301 5013 quas
3329 4945 3382 4999 in
3410 4960 3476 5001 eo
3504 4947 3619 5014 spi-

2039 5052 2158 5100 nas,
2197 5037 2242 5091 si
2281 5050 2388 5105 qua
2419 5035 2724 5104 germinare
2766 5049 3037 5092 venenosa
3082 5036 3469 5105 conspicimus,
3498 5038 3618 5104 pari

2041 5127 2226 5181 labore
2286 5125 2633 5193 unanimique
2691 5124 2807 5178 zelo
2855 5125 2969 5179 hate
3012 5125 3273 5181 radicitus
3319 5125 3621 5193 exstirpare

2040 5218 2340 5279 studentes,
2386 5214 2707 5283 arripiamus
2744 5215 3009 5269 examinis
3047 5223 3307 5275 rastrum.
3336 5222 3390 5268 et
3425 5213 3619 5270 falcem

2034 5307 2224 5377 judicii
2252 5304 2507 5361 concordi
2544 5306 2841 5360 certamine
2862 5306 3221 5374 proferamus,
3250 5320 3318 5359 ne
3346 5320 3528 5374 quaeso
3563 5306 3616 5360 ir

2041 5419 2140 5457 nos
2182 5399 2563 5471 exprobrantis
2624 5399 2817 5454 all‘ectu
2866 5400 3078 5453 dicatur
3120 5416 3133 5452 :
3178 5399 3364 5453 Hessic
3409 5400 3618 5470 quidem

2040 5494 2239 5560 multa;
2268 5491 2490 5563 operarii
2537 5501 2711 5545 autem
2750 5492 2903 5560 pauci
2930 5488 3145 5560 (Matth.
3174 5491 3274 5560 ιε).
3306 5489 3621 5546 Consonan-

2044 5595 2124 5641 ter
2154 5594 2358 5649 autem,
2387 5581 2717 5645 cbarissimi,
2741 5581 3068 5644 laboremus,
3099 5590 3156 5635 et
3195 5583 3247 5634 in
3282 5598 3410 5652 agro
3436 5581 3618 5635 Domi-

2046 5678 2165 5732 nico
2207 5676 2408 5745 jugiter
2446 5672 2683 5742 quidem,
2725 5670 2818 5725 sed
2857 5686 2997 5726 nunc
3047 5680 3384 5755 potissimum
3432 5688 3621 5742 opere.
