  <div class='ocr_page' id='page_1' title='image "/cluster/home/n/w/nwhite01/storage/ocr_20150623/122/hvd.32044054759840/677.png"; bbox 0 0 3978 6160; ppageno 0'>
   <div class='ocr_carea' id='block_1_1' title="bbox 370 554 385 681">
    <p class='ocr_par' dir='ltr' id='par_1_1' title="bbox 370 554 385 681">
     <span class='ocr_line' id='line_1_1' title="bbox 370 554 385 681; baseline 0 0"><span class='ocrx_word' id='word_1_1' title='bbox 370 554 385 681; x_wconf 84' lang='grc'>&gt;</span> 
     </span>
    </p>
   </div>
   <div class='ocr_carea' id='block_1_2' title="bbox 462 205 591 263">
    <p class='ocr_par' dir='ltr' id='par_1_2' title="bbox 462 205 591 263">
     <span class='ocr_line' id='line_1_2' title="bbox 462 205 591 263; baseline 0.008 -4"><span class='ocrx_word' id='word_1_2' title='bbox 462 205 591 263; x_wconf 63' lang='grc'><strong>1273</strong></span> 
     </span>
    </p>
   </div>
   <div class='ocr_carea' id='block_1_3' title="bbox 1698 223 2358 312">
    <p class='ocr_par' dir='ltr' id='par_1_3' title="bbox 1698 223 2358 312">
     <span class='ocr_line' id='line_1_3' title="bbox 1698 223 2358 312; baseline -0.002 -33"><span class='ocrx_word' id='word_1_3' title='bbox 1698 227 1979 284; x_wconf 55' lang='lat' dir='ltr'><strong>sumam</strong></span> <span class='ocrx_word' id='word_1_4' title='bbox 2019 226 2217 283; x_wconf 65' lang='lat' dir='ltr'><strong>eam</strong></span> <span class='ocrx_word' id='word_1_5' title='bbox 2256 223 2297 280; x_wconf 91' lang='grc' dir='ltr'><strong>ιι</strong></span> <span class='ocrx_word' id='word_1_6' title='bbox 2352 306 2358 312; x_wconf 89' lang='lat'><em>_</em></span> 
     </span>
    </p>
   </div>
   <div class='ocr_carea' id='block_1_4' title="bbox 3515 212 3651 268">
    <p class='ocr_par' dir='ltr' id='par_1_4' title="bbox 3515 212 3651 268">
     <span class='ocr_line' id='line_1_4' title="bbox 3515 212 3651 268; baseline 0 0"><span class='ocrx_word' id='word_1_7' title='bbox 3515 212 3651 268; x_wconf 66' lang='lat'><strong>1280</strong></span> 
     </span>
    </p>
   </div>
   <div class='ocr_carea' id='block_1_5' title="bbox 400 338 3648 419">
    <p class='ocr_par' dir='ltr' id='par_1_5' title="bbox 400 338 3648 419">
     <span class='ocr_line' id='line_1_5' title="bbox 400 338 3648 419; baseline -0.003 -15"><span class='ocrx_word' id='word_1_8' title='bbox 400 364 540 410; x_wconf 79' lang='lat' dir='ltr'><strong>mur.</strong></span> <span class='ocrx_word' id='word_1_9' title='bbox 576 350 787 419; x_wconf 83' lang='lat' dir='ltr'><strong>quando</strong></span> <span class='ocrx_word' id='word_1_10' title='bbox 817 348 1062 403; x_wconf 92' lang='lat' dir='ltr'><strong>videlicet</strong></span> <span class='ocrx_word' id='word_1_11' title='bbox 1099 346 1150 401; x_wconf 93' lang='lat' dir='ltr'><strong>in</strong></span> <span class='ocrx_word' id='word_1_12' title='bbox 1181 344 1414 401; x_wconf 81' lang='lat' dir='ltr'><strong>Ecclesia</strong></span> <span class='ocrx_word' id='word_1_13' title='bbox 1436 384 1451 411; x_wconf 96' lang='lat'><strong>,</strong></span> <span class='ocrx_word' id='word_1_14' title='bbox 1482 359 1600 415; x_wconf 68' lang='lat' dir='ltr'><strong>quae.</strong></span> <span class='ocrx_word' id='word_1_15' title='bbox 1626 342 1967 414; x_wconf 71' lang='lat' dir='ltr'><strong>apertissime</strong></span> <span class='ocrx_word' id='word_1_16' title='bbox 1997 348 2041 404; x_wconf 76' lang='grc' dir='ltr'><strong>Α</strong></span> <span class='ocrx_word' id='word_1_17' title='bbox 2070 340 2187 409; x_wconf 90' lang='lat' dir='ltr'><strong>ejus</strong></span> <span class='ocrx_word' id='word_1_18' title='bbox 2222 341 2436 395; x_wconf 90' lang='lat' dir='ltr'><strong>transiit</strong></span> <span class='ocrx_word' id='word_1_19' title='bbox 2463 355 2623 409; x_wconf 82' lang='lat' dir='ltr'><strong>super</strong></span> <span class='ocrx_word' id='word_1_20' title='bbox 2659 348 2875 401; x_wconf 82' lang='lat' dir='ltr'><strong>terram,</strong></span> <span class='ocrx_word' id='word_1_21' title='bbox 2908 339 3032 392; x_wconf 87' lang='lat' dir='ltr'><strong>dum</strong></span> <span class='ocrx_word' id='word_1_22' title='bbox 3065 338 3309 395; x_wconf 86' lang='lat' dir='ltr'><strong>videlicet</strong></span> <span class='ocrx_word' id='word_1_23' title='bbox 3342 348 3533 394; x_wconf 89' lang='lat' dir='ltr'><strong>contra</strong></span> <span class='ocrx_word' id='word_1_24' title='bbox 3564 341 3648 394; x_wconf 82' lang='lat' dir='ltr'><strong>dl-</strong></span> 
     </span>
    </p>
   </div>
   <div class='ocr_carea' id='block_1_6' title="bbox 402 433 1967 508">
    <p class='ocr_par' dir='ltr' id='par_1_6' title="bbox 402 433 1967 508">
     <span class='ocr_line' id='line_1_6' title="bbox 402 433 1967 508; baseline -0.007 -13"><span class='ocrx_word' id='word_1_25' title='bbox 402 440 711 495; x_wconf 86' lang='lat' dir='ltr'><strong>Domiuicus</strong></span> <span class='ocrx_word' id='word_1_26' title='bbox 756 453 887 508; x_wconf 88' lang='lat' dir='ltr'><strong>ager</strong></span> <span class='ocrx_word' id='word_1_27' title='bbox 934 437 1272 508; x_wconf 75' lang='lat' dir='ltr'><strong>appellatur,</strong></span> <span class='ocrx_word' id='word_1_28' title='bbox 1320 446 1541 490; x_wconf 89' lang='lat' dir='ltr'><strong>auctore</strong></span> <span class='ocrx_word' id='word_1_29' title='bbox 1584 433 1794 495; x_wconf 86' lang='lat' dir='ltr'><strong>Photio,</strong></span> <span class='ocrx_word' id='word_1_30' title='bbox 1830 448 1967 486; x_wconf 87' lang='lat' dir='ltr'><strong>nova</strong></span> 
     </span>
    </p>
   </div>
   <div class='ocr_carea' id='block_1_7' title="bbox 400 522 1969 600">
    <p class='ocr_par' dir='ltr' id='par_1_7' title="bbox 400 522 1969 600">
     <span class='ocr_line' id='line_1_7' title="bbox 400 522 1969 600; baseline -0.006 -15"><span class='ocrx_word' id='word_1_31' title='bbox 400 530 744 600; x_wconf 71' lang='lat' dir='ltr'><strong>praesumptio</strong></span> <span class='ocrx_word' id='word_1_32' title='bbox 769 538 826 583; x_wconf 91' lang='lat' dir='ltr'><strong>et</strong></span> <span class='ocrx_word' id='word_1_33' title='bbox 851 528 1088 582; x_wconf 83' lang='lat' dir='ltr'><strong>inaudita</strong></span> <span class='ocrx_word' id='word_1_34' title='bbox 1114 536 1196 582; x_wconf 87' lang='lat' dir='ltr'><strong>est</strong></span> <span class='ocrx_word' id='word_1_35' title='bbox 1224 537 1341 581; x_wconf 93' lang='lat' dir='ltr'><strong>orta</strong></span> <span class='ocrx_word' id='word_1_36' title='bbox 1367 526 1660 581; x_wconf 85' lang='lat' dir='ltr'><strong>temeritas.</strong></span> <span class='ocrx_word' id='word_1_37' title='bbox 1692 522 1969 593; x_wconf 85' lang='lat' dir='ltr'><strong>Siquidem</strong></span> 
     </span>
    </p>
   </div>
   <div class='ocr_carea' id='block_1_8' title="bbox 401 618 1969 687">
    <p class='ocr_par' dir='ltr' id='par_1_8' title="bbox 401 618 1969 687">
     <span class='ocr_line' id='line_1_8' title="bbox 401 618 1969 687; baseline -0.004 -10"><span class='ocrx_word' id='word_1_38' title='bbox 401 623 488 677; x_wconf 83' lang='lat' dir='ltr'><strong>hic</strong></span> <span class='ocrx_word' id='word_1_39' title='bbox 516 623 758 687; x_wconf 91' lang='lat' dir='ltr'><strong>Photius,</strong></span> <span class='ocrx_word' id='word_1_40' title='bbox 799 637 924 676; x_wconf 92' lang='lat' dir='ltr'><strong>cum</strong></span> <span class='ocrx_word' id='word_1_41' title='bbox 964 622 1141 676; x_wconf 91' lang='lat' dir='ltr'><strong>adhuc</strong></span> <span class='ocrx_word' id='word_1_42' title='bbox 1175 621 1480 675; x_wconf 88' lang='lat' dir='ltr'><strong>mundanus</strong></span> <span class='ocrx_word' id='word_1_43' title='bbox 1521 618 1766 673; x_wconf 88' lang='lat' dir='ltr'><strong>minister</strong></span> <span class='ocrx_word' id='word_1_44' title='bbox 1807 624 1969 681; x_wconf 85' lang='lat' dir='ltr'><strong>esset,</strong></span> 
     </span>
    </p>
   </div>
   <div class='ocr_carea' id='block_1_9' title="bbox 401 802 1975 874">
    <p class='ocr_par' dir='ltr' id='par_1_9' title="bbox 401 802 1975 874">
     <span class='ocr_line' id='line_1_9' title="bbox 401 802 1975 874; baseline -0.002 -17"><span class='ocrx_word' id='word_1_45' title='bbox 401 804 625 859; x_wconf 75' lang='lat' dir='ltr'><strong>fratrem</strong></span> <span class='ocrx_word' id='word_1_46' title='bbox 656 815 712 859; x_wconf 91' lang='lat' dir='ltr'><strong>et</strong></span> <span class='ocrx_word' id='word_1_47' title='bbox 741 806 1115 873; x_wconf 70' lang='lat' dir='ltr'><strong>coepiscopum</strong></span> <span class='ocrx_word' id='word_1_48' title='bbox 1145 813 1388 859; x_wconf 90' lang='lat' dir='ltr'><strong>nostrum</strong></span> <span class='ocrx_word' id='word_1_49' title='bbox 1422 804 1683 874; x_wconf 81' lang='lat' dir='ltr'><strong>[gnatium</strong></span> <span class='ocrx_word' id='word_1_50' title='bbox 1709 802 1975 857; x_wconf 77' lang='lat' dir='ltr'><strong>Constan-</strong></span> 
     </span>
    </p>
   </div>
   <div class='ocr_carea' id='block_1_10' title="bbox 401 893 1976 963">
    <p class='ocr_par' dir='ltr' id='par_1_10' title="bbox 401 893 1976 963">
     <span class='ocr_line' id='line_1_10' title="bbox 401 893 1976 963; baseline -0.001 -17"><span class='ocrx_word' id='word_1_51' title='bbox 401 893 813 962; x_wconf 87' lang='lat' dir='ltr'><strong>tinopolitanmn</strong></span> <span class='ocrx_word' id='word_1_52' title='bbox 863 895 1228 963; x_wconf 87' lang='lat' dir='ltr'><strong>patriarcham</strong></span> <span class='ocrx_word' id='word_1_53' title='bbox 1280 895 1335 948; x_wconf 92' lang='lat' dir='ltr'><strong>in</strong></span> <span class='ocrx_word' id='word_1_54' title='bbox 1377 904 1597 963; x_wconf 89' lang='lat' dir='ltr'><strong>pectore</strong></span> <span class='ocrx_word' id='word_1_55' title='bbox 1637 903 1889 963; x_wconf 82' lang='lat' dir='ltr'><strong>gestans;</strong></span> <span class='ocrx_word' id='word_1_56' title='bbox 1920 899 1976 945; x_wconf 91' lang='lat' dir='ltr'><strong>et</strong></span> 
     </span>
    </p>
   </div>
   <div class='ocr_carea' id='block_1_11' title="bbox 436 983 1974 1055">
    <p class='ocr_par' dir='ltr' id='par_1_11' title="bbox 436 983 1974 1055">
     <span class='ocr_line' id='line_1_11' title="bbox 436 983 1974 1055; baseline -0.002 -17"><span class='ocrx_word' id='word_1_57' title='bbox 436 984 466 1037; x_wconf 90' lang='lat' dir='ltr'><strong>d</strong></span> <span class='ocrx_word' id='word_1_58' title='bbox 512 984 831 1053; x_wconf 74' lang='lat' dir='ltr'><strong>przesulatus</strong></span> <span class='ocrx_word' id='word_1_59' title='bbox 882 984 1092 1038; x_wconf 86' lang='lat' dir='ltr'><strong>culmen</strong></span> <span class='ocrx_word' id='word_1_60' title='bbox 1151 999 1256 1038; x_wconf 92' lang='lat' dir='ltr'><strong>non</strong></span> <span class='ocrx_word' id='word_1_61' title='bbox 1300 985 1599 1055; x_wconf 78' lang='lat' dir='ltr'><strong>gradatim,</strong></span> <span class='ocrx_word' id='word_1_62' title='bbox 1646 984 1728 1037; x_wconf 89' lang='lat' dir='ltr'><strong>vel</strong></span> <span class='ocrx_word' id='word_1_63' title='bbox 1774 983 1974 1038; x_wconf 89' lang='lat' dir='ltr'><strong>sensim</strong></span> 
     </span>
    </p>
   </div>
   <div class='ocr_carea' id='block_1_12' title="bbox 401 1075 1978 1146">
    <p class='ocr_par' dir='ltr' id='par_1_12' title="bbox 401 1075 1978 1146">
     <span class='ocr_line' id='line_1_12' title="bbox 401 1075 1978 1146; baseline -0.001 -16"><span class='ocrx_word' id='word_1_64' title='bbox 401 1076 784 1139; x_wconf 85' lang='lat' dir='ltr'><strong>conscendere,</strong></span> <span class='ocrx_word' id='word_1_65' title='bbox 814 1076 906 1130; x_wconf 92' lang='lat' dir='ltr'><strong>sed</strong></span> <span class='ocrx_word' id='word_1_66' title='bbox 936 1076 1300 1145; x_wconf 56' lang='lat' dir='ltr'><strong>pracipitibus</strong></span> <span class='ocrx_word' id='word_1_67' title='bbox 1328 1091 1393 1130; x_wconf 92' lang='lat' dir='ltr'><strong>eo</strong></span> <span class='ocrx_word' id='word_1_68' title='bbox 1419 1076 1706 1146; x_wconf 83' lang='lat' dir='ltr'><strong>supersﬁtc</strong></span> <span class='ocrx_word' id='word_1_69' title='bbox 1732 1075 1978 1145; x_wconf 80' lang='lat' dir='ltr'><strong>passibus</strong></span> 
     </span>
    </p>
   </div>
   <div class='ocr_carea' id='block_1_13' title="bbox 402 1164 1974 1235">
    <p class='ocr_par' dir='ltr' id='par_1_13' title="bbox 402 1164 1974 1235">
     <span class='ocr_line' id='line_1_13' title="bbox 402 1164 1974 1235; baseline 0 -16"><span class='ocrx_word' id='word_1_70' title='bbox 402 1166 677 1219; x_wconf 88' lang='lat' dir='ltr'><strong>transilire</strong></span> <span class='ocrx_word' id='word_1_71' title='bbox 722 1166 982 1233; x_wconf 78' lang='lat' dir='ltr'><strong>gestiens,</strong></span> <span class='ocrx_word' id='word_1_72' title='bbox 1013 1166 1364 1235; x_wconf 82' lang='lat' dir='ltr'><strong>semetipsum</strong></span> <span class='ocrx_word' id='word_1_73' title='bbox 1397 1166 1465 1220; x_wconf 90' lang='lat' dir='ltr'><strong>ab</strong></span> <span class='ocrx_word' id='word_1_74' title='bbox 1500 1165 1739 1235; x_wconf 85' lang='lat' dir='ltr'><strong>ejusdem</strong></span> <span class='ocrx_word' id='word_1_75' title='bbox 1775 1164 1974 1219; x_wconf 86' lang='lat' dir='ltr'><strong>beatis-</strong></span> 
     </span>
    </p>
   </div>
   <div class='ocr_carea' id='block_1_14' title="bbox 361 684 1973 1036">
    <p class='ocr_par' dir='ltr' id='par_1_14' title="bbox 401 708 1973 1036">
     <span class='ocr_line' id='line_1_14' title="bbox 402 708 1973 782; baseline -0.003 -17"><span class='ocrx_word' id='word_1_76' title='bbox 402 712 686 782; x_wconf 89' lang='lat' dir='ltr'><strong>genuinam</strong></span> <span class='ocrx_word' id='word_1_77' title='bbox 731 710 1125 780; x_wconf 89' lang='lat' dir='ltr'><strong>quodammodo</strong></span> <span class='ocrx_word' id='word_1_78' title='bbox 1168 725 1383 780; x_wconf 88' lang='lat' dir='ltr'><strong>semper</strong></span> <span class='ocrx_word' id='word_1_79' title='bbox 1420 708 1674 763; x_wconf 82' lang='lat' dir='ltr'><strong>invidiam</strong></span> <span class='ocrx_word' id='word_1_80' title='bbox 1715 708 1973 761; x_wconf 89' lang='lat' dir='ltr'><strong>adversus</strong></span> 
     </span>
     <span class='ocr_line' id='line_1_15' title="bbox 401 802 1973 874; baseline -0.002 -17"><span class='ocrx_word' id='word_1_81' title='bbox 401 804 625 859; x_wconf 75' lang='lat' dir='ltr'><strong>fratrem</strong></span> <span class='ocrx_word' id='word_1_82' title='bbox 656 815 712 859; x_wconf 91' lang='lat' dir='ltr'><strong>et</strong></span> <span class='ocrx_word' id='word_1_83' title='bbox 741 806 1115 873; x_wconf 70' lang='lat' dir='ltr'><strong>coepiscopum</strong></span> <span class='ocrx_word' id='word_1_84' title='bbox 1145 813 1388 859; x_wconf 90' lang='lat' dir='ltr'><strong>nostrum</strong></span> <span class='ocrx_word' id='word_1_85' title='bbox 1422 804 1683 874; x_wconf 81' lang='lat' dir='ltr'><strong>[gnatium</strong></span> <span class='ocrx_word' id='word_1_86' title='bbox 1709 802 1973 857; x_wconf 83' lang='lat' dir='ltr'><strong>Constan—</strong></span> 
     </span>
     <span class='ocr_line' id='line_1_16' title="bbox 401 893 1973 963; baseline -0.001 -17"><span class='ocrx_word' id='word_1_87' title='bbox 401 893 813 962; x_wconf 87' lang='lat' dir='ltr'><strong>tinopolitanmn</strong></span> <span class='ocrx_word' id='word_1_88' title='bbox 863 895 1228 963; x_wconf 87' lang='lat' dir='ltr'><strong>patriarcham</strong></span> <span class='ocrx_word' id='word_1_89' title='bbox 1280 895 1335 948; x_wconf 92' lang='lat' dir='ltr'><strong>in</strong></span> <span class='ocrx_word' id='word_1_90' title='bbox 1377 904 1597 963; x_wconf 89' lang='lat' dir='ltr'><strong>pectore</strong></span> <span class='ocrx_word' id='word_1_91' title='bbox 1637 903 1889 963; x_wconf 82' lang='lat' dir='ltr'><strong>gestans;</strong></span> <span class='ocrx_word' id='word_1_92' title='bbox 1920 899 1973 945; x_wconf 92' lang='lat' dir='ltr'><strong>et</strong></span> 
     </span>
     <span class='ocr_line' id='line_1_17' title="bbox 436 983 1973 1036; baseline 0 0"><span class='ocrx_word' id='word_1_93' title='bbox 436 984 466 1036; x_wconf 90' lang='lat' dir='ltr'><strong>d</strong></span> <span class='ocrx_word' id='word_1_94' title='bbox 513 984 831 1036; x_wconf 75' lang='lat' dir='ltr'><strong>nrzesulalus</strong></span> <span class='ocrx_word' id='word_1_95' title='bbox 882 984 1092 1036; x_wconf 89' lang='lat' dir='ltr'><strong>culmen</strong></span> <span class='ocrx_word' id='word_1_96' title='bbox 1151 999 1256 1036; x_wconf 93' lang='lat' dir='ltr'><strong>non</strong></span> <span class='ocrx_word' id='word_1_97' title='bbox 1300 985 1599 1036; x_wconf 67' lang='lat' dir='ltr'><strong>gradatim.</strong></span> <span class='ocrx_word' id='word_1_98' title='bbox 1646 984 1728 1036; x_wconf 89' lang='lat' dir='ltr'><strong>vel</strong></span> <span class='ocrx_word' id='word_1_99' title='bbox 1774 983 1973 1036; x_wconf 89' lang='lat' dir='ltr'><strong>sensim</strong></span> 
     </span>
    </p>
   </div>
   <div class='ocr_carea' id='block_1_15' title="bbox 353 1253 1999 1323">
    <p class='ocr_par' dir='ltr' id='par_1_15' title="bbox 353 1253 1999 1323">
     <span class='ocr_line' id='line_1_18' title="bbox 353 1253 1999 1323; baseline -0.002 -15"><span class='ocrx_word' id='word_1_100' title='bbox 353 1254 361 1260; x_wconf 85' lang='grc'><strong>’</strong></span> <span class='ocrx_word' id='word_1_101' title='bbox 401 1254 523 1308; x_wconf 89' lang='lat' dir='ltr'><strong>simi</strong></span> <span class='ocrx_word' id='word_1_102' title='bbox 566 1254 810 1323; x_wconf 65' lang='lat' dir='ltr'><strong>praesulis</strong></span> <span class='ocrx_word' id='word_1_103' title='bbox 847 1255 1223 1308; x_wconf 87' lang='lat' dir='ltr'><strong>communione</strong></span> <span class='ocrx_word' id='word_1_104' title='bbox 1264 1253 1393 1310; x_wconf 87' lang='lat' dir='ltr'><strong>fecit</strong></span> <span class='ocrx_word' id='word_1_105' title='bbox 1419 1265 1734 1309; x_wconf 80' lang='lat' dir='ltr'><strong>extraneum</strong></span> <span class='ocrx_word' id='word_1_106' title='bbox 1762 1273 1775 1307; x_wconf 88' lang='lat'><strong>:</strong></span> <span class='ocrx_word' id='word_1_107' title='bbox 1801 1264 1856 1309; x_wconf 90' lang='lat' dir='ltr'><strong>et</strong></span> <span class='ocrx_word' id='word_1_108' title='bbox 1883 1270 1999 1323; x_wconf 86' lang='lat' dir='ltr'><strong>per.</strong></span> 
     </span>
    </p>
   </div>
   <div class='ocr_carea' id='block_1_16' title="bbox 401 1342 1979 1412">
    <p class='ocr_par' dir='ltr' id='par_1_16' title="bbox 401 1342 1979 1412">
     <span class='ocr_line' id='line_1_19' title="bbox 401 1342 1979 1412; baseline 0.001 -16"><span class='ocrx_word' id='word_1_109' title='bbox 401 1343 506 1396; x_wconf 89' lang='lat' dir='ltr'><strong>hoc</strong></span> <span class='ocrx_word' id='word_1_110' title='bbox 540 1342 607 1396; x_wconf 89' lang='lat' dir='ltr'><strong>ab</strong></span> <span class='ocrx_word' id='word_1_111' title='bbox 633 1343 923 1397; x_wconf 78' lang='lat' dir='ltr'><strong>universali</strong></span> <span class='ocrx_word' id='word_1_112' title='bbox 951 1343 1215 1406; x_wconf 87' lang='lat' dir='ltr'><strong>Ecclesia,</strong></span> <span class='ocrx_word' id='word_1_113' title='bbox 1245 1359 1363 1410; x_wconf 62' lang='lat' dir='ltr'><strong>qua}</strong></span> <span class='ocrx_word' id='word_1_114' title='bbox 1408 1344 1505 1412; x_wconf 86' lang='lat' dir='ltr'><strong>ipsi</strong></span> <span class='ocrx_word' id='word_1_115' title='bbox 1536 1344 1853 1398; x_wconf 89' lang='lat' dir='ltr'><strong>beatissimo</strong></span> <span class='ocrx_word' id='word_1_116' title='bbox 1885 1358 1979 1412; x_wconf 85' lang='lat' dir='ltr'><strong>pa-</strong></span> 
     </span>
    </p>
   </div>
   <div class='ocr_carea' id='block_1_17' title="bbox 402 1432 1980 1504">
    <p class='ocr_par' dir='ltr' id='par_1_17' title="bbox 402 1432 1980 1504">
     <span class='ocr_line' id='line_1_20' title="bbox 402 1432 1980 1504; baseline 0.001 -18"><span class='ocrx_word' id='word_1_117' title='bbox 402 1432 655 1487; x_wconf 64' lang='lat' dir='ltr'><strong>triarchae</strong></span> <span class='ocrx_word' id='word_1_118' title='bbox 692 1434 1155 1498; x_wconf 86' lang='lat' dir='ltr'><strong>communicabat,</strong></span> <span class='ocrx_word' id='word_1_119' title='bbox 1185 1450 1244 1488; x_wconf 91' lang='lat' dir='ltr'><strong>se</strong></span> <span class='ocrx_word' id='word_1_120' title='bbox 1282 1434 1511 1488; x_wconf 88' lang='lat' dir='ltr'><strong>reddidit</strong></span> <span class='ocrx_word' id='word_1_121' title='bbox 1543 1449 1762 1504; x_wconf 84' lang='lat' dir='ltr'><strong>prorsus</strong></span> <span class='ocrx_word' id='word_1_122' title='bbox 1793 1449 1980 1489; x_wconf 81' lang='lat' dir='ltr'><strong>exsor-</strong></span> 
     </span>
    </p>
   </div>
   <div class='ocr_carea' id='block_1_18' title="bbox 405 1525 1977 1596">
    <p class='ocr_par' dir='ltr' id='par_1_18' title="bbox 405 1525 1977 1596">
     <span class='ocr_line' id='line_1_21' title="bbox 405 1525 1977 1596; baseline 0.001 -18"><span class='ocrx_word' id='word_1_123' title='bbox 405 1532 537 1591; x_wconf 87' lang='lat' dir='ltr'><strong>tem,</strong></span> <span class='ocrx_word' id='word_1_124' title='bbox 569 1533 732 1594; x_wconf 89' lang='lat' dir='ltr'><strong>atque</strong></span> <span class='ocrx_word' id='word_1_125' title='bbox 762 1525 906 1578; x_wconf 89' lang='lat' dir='ltr'><strong>inter</strong></span> <span class='ocrx_word' id='word_1_126' title='bbox 938 1525 1314 1580; x_wconf 88' lang='lat' dir='ltr'><strong>schismaticos</strong></span> <span class='ocrx_word' id='word_1_127' title='bbox 1346 1526 1533 1596; x_wconf 85' lang='lat' dir='ltr'><strong>procul</strong></span> <span class='ocrx_word' id='word_1_128' title='bbox 1564 1526 1727 1581; x_wconf 89' lang='lat' dir='ltr'><strong>dubio</strong></span> <span class='ocrx_word' id='word_1_129' title='bbox 1773 1525 1977 1581; x_wconf 89' lang='lat' dir='ltr'><strong>consti-</strong></span> 
     </span>
    </p>
   </div>
   <div class='ocr_carea' id='block_1_19' title="bbox 404 1615 1979 1685">
    <p class='ocr_par' dir='ltr' id='par_1_19' title="bbox 404 1615 1979 1685">
     <span class='ocr_line' id='line_1_22' title="bbox 404 1615 1979 1685; baseline 0 -16"><span class='ocrx_word' id='word_1_130' title='bbox 404 1624 575 1680; x_wconf 91' lang='lat' dir='ltr'><strong>tutus,</strong></span> <span class='ocrx_word' id='word_1_131' title='bbox 617 1623 806 1670; x_wconf 88' lang='lat' dir='ltr'><strong>contra</strong></span> <span class='ocrx_word' id='word_1_132' title='bbox 845 1629 1031 1670; x_wconf 86' lang='lat' dir='ltr'><strong>sacros</strong></span> <span class='ocrx_word' id='word_1_133' title='bbox 1079 1615 1402 1685; x_wconf 88' lang='lat' dir='ltr'><strong>apostolicos</strong></span> <span class='ocrx_word' id='word_1_134' title='bbox 1432 1631 1669 1671; x_wconf 88' lang='lat' dir='ltr'><strong>canones</strong></span> <span class='ocrx_word' id='word_1_135' title='bbox 1706 1616 1979 1670; x_wconf 65' lang='lat' dir='ltr'><strong>saeculari-</strong></span> 
     </span>
    </p>
   </div>
   <div class='ocr_carea' id='block_1_20' title="bbox 401 1707 1980 1778">
    <p class='ocr_par' dir='ltr' id='par_1_20' title="bbox 401 1707 1980 1778">
     <span class='ocr_line' id='line_1_23' title="bbox 401 1707 1980 1778; baseline -0.001 -16"><span class='ocrx_word' id='word_1_136' title='bbox 401 1707 505 1763; x_wconf 85' lang='lat' dir='ltr'><strong>bus</strong></span> <span class='ocrx_word' id='word_1_137' title='bbox 531 1723 660 1761; x_wconf 89' lang='lat' dir='ltr'><strong>usus</strong></span> <span class='ocrx_word' id='word_1_138' title='bbox 686 1708 1038 1777; x_wconf 86' lang='lat' dir='ltr'><strong>potestatibus</strong></span> <span class='ocrx_word' id='word_1_139' title='bbox 1059 1747 1075 1772; x_wconf 94' lang='lat'><strong>,</strong></span> <span class='ocrx_word' id='word_1_140' title='bbox 1103 1707 1400 1762; x_wconf 85' lang='lat' dir='ltr'><strong>Ecclesiam</strong></span> <span class='ocrx_word' id='word_1_141' title='bbox 1436 1707 1980 1778; x_wconf 86' lang='lat' dir='ltr'><strong>Constantinopolita-</strong></span> 
     </span>
    </p>
   </div>
   <div class='ocr_carea' id='block_1_21' title="bbox 401 1798 1982 1869">
    <p class='ocr_par' dir='ltr' id='par_1_21' title="bbox 401 1798 1982 1869">
     <span class='ocr_line' id='line_1_24' title="bbox 401 1798 1982 1869; baseline -0.002 -17"><span class='ocrx_word' id='word_1_142' title='bbox 401 1813 528 1852; x_wconf 85' lang='lat' dir='ltr'><strong>nam</strong></span> <span class='ocrx_word' id='word_1_143' title='bbox 559 1798 836 1869; x_wconf 83' lang='lat' dir='ltr'><strong>tyrannica</strong></span> <span class='ocrx_word' id='word_1_144' title='bbox 863 1808 918 1852; x_wconf 92' lang='lat' dir='ltr'><strong>et</strong></span> <span class='ocrx_word' id='word_1_145' title='bbox 944 1798 1242 1853; x_wconf 87' lang='lat' dir='ltr'><strong>adulterina</strong></span> <span class='ocrx_word' id='word_1_146' title='bbox 1274 1798 1575 1853; x_wconf 87' lang='lat' dir='ltr'><strong>temeritate</strong></span> <span class='ocrx_word' id='word_1_147' title='bbox 1599 1798 1834 1866; x_wconf 87' lang='lat' dir='ltr'><strong>pervasit</strong></span> <span class='ocrx_word' id='word_1_148' title='bbox 1864 1806 1982 1849; x_wconf 89' lang='lat' dir='ltr'><strong>tan-</strong></span> 
     </span>
    </p>
   </div>
   <div class='ocr_carea' id='block_1_22' title="bbox 402 1886 1978 1957">
    <p class='ocr_par' dir='ltr' id='par_1_22' title="bbox 402 1886 1978 1957">
     <span class='ocr_line' id='line_1_25' title="bbox 402 1886 1978 1957; baseline -0.001 -15"><span class='ocrx_word' id='word_1_149' title='bbox 402 1888 549 1951; x_wconf 85' lang='lat' dir='ltr'><strong>dem,</strong></span> <span class='ocrx_word' id='word_1_150' title='bbox 581 1886 829 1942; x_wconf 86' lang='lat' dir='ltr'><strong>videlicet</strong></span> <span class='ocrx_word' id='word_1_151' title='bbox 863 1887 1099 1942; x_wconf 85' lang='lat' dir='ltr'><strong>indebita</strong></span> <span class='ocrx_word' id='word_1_152' title='bbox 1138 1889 1468 1957; x_wconf 89' lang='lat' dir='ltr'><strong>usurpando,</strong></span> <span class='ocrx_word' id='word_1_153' title='bbox 1499 1887 1644 1941; x_wconf 88' lang='lat' dir='ltr'><strong>foras</strong></span> <span class='ocrx_word' id='word_1_154' title='bbox 1668 1887 1978 1949; x_wconf 88' lang='lat' dir='ltr'><strong>ostendens,</strong></span> 
     </span>
    </p>
   </div>
   <div class='ocr_carea' id='block_1_23' title="bbox 404 1975 1983 2046">
    <p class='ocr_par' dir='ltr' id='par_1_23' title="bbox 404 1975 1983 2046">
     <span class='ocr_line' id='line_1_26' title="bbox 404 1975 1983 2046; baseline -0.003 -15"><span class='ocrx_word' id='word_1_155' title='bbox 404 1978 546 2046; x_wconf 89' lang='lat' dir='ltr'><strong>quod</strong></span> <span class='ocrx_word' id='word_1_156' title='bbox 594 1977 741 2031; x_wconf 91' lang='lat' dir='ltr'><strong>intus</strong></span> <span class='ocrx_word' id='word_1_157' title='bbox 784 1976 1056 2046; x_wconf 88' lang='lat' dir='ltr'><strong>prohibita</strong></span> <span class='ocrx_word' id='word_1_158' title='bbox 1106 1975 1556 2045; x_wconf 89' lang='lat' dir='ltr'><strong>concupiscendo,</strong></span> <span class='ocrx_word' id='word_1_159' title='bbox 1605 1976 1785 2029; x_wconf 90' lang='lat' dir='ltr'><strong>cordis</strong></span> <span class='ocrx_word' id='word_1_160' title='bbox 1824 1983 1983 2028; x_wconf 89' lang='lat' dir='ltr'><strong>antro</strong></span> 
     </span>
    </p>
   </div>
   <div class='ocr_carea' id='block_1_24' title="bbox 404 2065 1983 2138">
    <p class='ocr_par' dir='ltr' id='par_1_24' title="bbox 404 2065 1983 2138">
     <span class='ocr_line' id='line_1_27' title="bbox 404 2065 1983 2138; baseline -0.003 -16"><span class='ocrx_word' id='word_1_161' title='bbox 404 2069 666 2138; x_wconf 82' lang='lat' dir='ltr'><strong>gerebat,</strong></span> <span class='ocrx_word' id='word_1_162' title='bbox 709 2076 765 2121; x_wconf 92' lang='lat' dir='ltr'><strong>et</strong></span> <span class='ocrx_word' id='word_1_163' title='bbox 809 2066 1167 2123; x_wconf 87' lang='lat' dir='ltr'><strong>simulationis</strong></span> <span class='ocrx_word' id='word_1_164' title='bbox 1205 2066 1474 2121; x_wconf 88' lang='lat' dir='ltr'><strong>velamine</strong></span> <span class='ocrx_word' id='word_1_165' title='bbox 1523 2067 1863 2136; x_wconf 83' lang='lat' dir='ltr'><strong>contegebat,</strong></span> <span class='ocrx_word' id='word_1_166' title='bbox 1908 2065 1983 2119; x_wconf 86' lang='lat' dir='ltr'><strong>nil</strong></span> 
     </span>
    </p>
   </div>
   <div class='ocr_carea' id='block_1_25' title="bbox 403 2155 1984 2228">
    <p class='ocr_par' dir='ltr' id='par_1_25' title="bbox 403 2155 1984 2228">
     <span class='ocr_line' id='line_1_28' title="bbox 403 2155 1984 2228; baseline -0.003 -15"><span class='ocrx_word' id='word_1_167' title='bbox 403 2173 525 2213; x_wconf 89' lang='lat' dir='ltr'><strong>esse</strong></span> <span class='ocrx_word' id='word_1_168' title='bbox 573 2155 817 2228; x_wconf 87' lang='lat' dir='ltr'><strong>profecto</strong></span> <span class='ocrx_word' id='word_1_169' title='bbox 877 2156 1101 2227; x_wconf 85' lang='lat' dir='ltr'><strong>intelligi</strong></span> <span class='ocrx_word' id='word_1_170' title='bbox 1152 2156 1290 2211; x_wconf 89' lang='lat' dir='ltr'><strong>dans</strong></span> <span class='ocrx_word' id='word_1_171' title='bbox 1337 2171 1556 2211; x_wconf 87' lang='lat' dir='ltr'><strong>causam</strong></span> <span class='ocrx_word' id='word_1_172' title='bbox 1619 2155 1896 2210; x_wconf 90' lang='lat' dir='ltr'><strong>scissionis</strong></span> <span class='ocrx_word' id='word_1_173' title='bbox 1951 2170 1984 2209; x_wconf 88' lang='lat' dir='ltr'><strong>a</strong></span> 
     </span>
    </p>
   </div>
   <div class='ocr_carea' id='block_1_26' title="bbox 402 2248 1983 2321">
    <p class='ocr_par' dir='ltr' id='par_1_26' title="bbox 402 2248 1983 2321">
     <span class='ocr_line' id='line_1_29' title="bbox 402 2248 1983 2321; baseline -0.001 -18"><span class='ocrx_word' id='word_1_174' title='bbox 402 2251 707 2321; x_wconf 79' lang='lat' dir='ltr'><strong>patriarcha</strong></span> <span class='ocrx_word' id='word_1_175' title='bbox 752 2264 849 2303; x_wconf 93' lang='lat' dir='ltr'><strong>suo</strong></span> <span class='ocrx_word' id='word_1_176' title='bbox 876 2290 889 2314; x_wconf 93' lang='lat'><strong>,</strong></span> <span class='ocrx_word' id='word_1_177' title='bbox 940 2248 1023 2303; x_wconf 86' lang='lat' dir='ltr'><strong>vel</strong></span> <span class='ocrx_word' id='word_1_178' title='bbox 1082 2249 1309 2304; x_wconf 77' lang='lat' dir='ltr'><strong>desertze</strong></span> <span class='ocrx_word' id='word_1_179' title='bbox 1351 2248 1745 2303; x_wconf 89' lang='lat' dir='ltr'><strong>communionis</strong></span> <span class='ocrx_word' id='word_1_180' title='bbox 1792 2262 1824 2301; x_wconf 84' lang='lat' dir='ltr'><strong>a</strong></span> <span class='ocrx_word' id='word_1_181' title='bbox 1872 2257 1983 2302; x_wconf 78' lang='lat' dir='ltr'><strong>tota</strong></span> 
     </span>
    </p>
   </div>
   <div class='ocr_carea' id='block_1_27' title="bbox 404 2340 1985 2412">
    <p class='ocr_par' dir='ltr' id='par_1_27' title="bbox 404 2340 1985 2412">
     <span class='ocr_line' id='line_1_30' title="bbox 404 2340 1985 2412; baseline -0.002 -15"><span class='ocrx_word' id='word_1_182' title='bbox 404 2342 666 2402; x_wconf 81' lang='lat' dir='ltr'><strong>Ecclesia,</strong></span> <span class='ocrx_word' id='word_1_183' title='bbox 715 2342 817 2395; x_wconf 91' lang='lat' dir='ltr'><strong>nisi</strong></span> <span class='ocrx_word' id='word_1_184' title='bbox 863 2342 1128 2412; x_wconf 90' lang='lat' dir='ltr'><strong>pessimos</strong></span> <span class='ocrx_word' id='word_1_185' title='bbox 1176 2340 1444 2395; x_wconf 86' lang='lat' dir='ltr'><strong>anhelitus</strong></span> <span class='ocrx_word' id='word_1_186' title='bbox 1491 2340 1763 2395; x_wconf 88' lang='lat' dir='ltr'><strong>ambiendi</strong></span> <span class='ocrx_word' id='word_1_187' title='bbox 1805 2342 1985 2410; x_wconf 87' lang='lat' dir='ltr'><strong>ponti-</strong></span> 
     </span>
    </p>
   </div>
   <div class='ocr_carea' id='block_1_28' title="bbox 308 2431 1986 2502">
    <p class='ocr_par' dir='ltr' id='par_1_28' title="bbox 308 2431 1986 2502">
     <span class='ocr_line' id='line_1_31' title="bbox 308 2431 1986 2502; baseline 0.001 -18"><span class='ocrx_word' id='word_1_188' title='bbox 308 2475 317 2484; x_wconf 93' lang='lat'><strong>.</strong></span> <span class='ocrx_word' id='word_1_189' title='bbox 405 2434 597 2489; x_wconf 88' lang='lat' dir='ltr'><strong>ﬁcatus</strong></span> <span class='ocrx_word' id='word_1_190' title='bbox 638 2432 865 2497; x_wconf 81' lang='lat' dir='ltr'><strong>infulas,</strong></span> <span class='ocrx_word' id='word_1_191' title='bbox 912 2441 966 2486; x_wconf 92' lang='lat' dir='ltr'><strong>et</strong></span> <span class='ocrx_word' id='word_1_192' title='bbox 1012 2432 1342 2487; x_wconf 89' lang='lat' dir='ltr'><strong>sublimioris</strong></span> <span class='ocrx_word' id='word_1_193' title='bbox 1383 2431 1660 2486; x_wconf 79' lang='lat' dir='ltr'><strong>obtinendi</strong></span> <span class='ocrx_word' id='word_1_194' title='bbox 1709 2432 1986 2502; x_wconf 87' lang='lat' dir='ltr'><strong>dignitatis</strong></span> 
     </span>
    </p>
   </div>
   <div class='ocr_carea' id='block_1_29' title="bbox 403 2525 1983 2595">
    <p class='ocr_par' dir='ltr' id='par_1_29' title="bbox 403 2525 1983 2595">
     <span class='ocr_line' id='line_1_32' title="bbox 403 2525 1983 2595; baseline -0.001 -15"><span class='ocrx_word' id='word_1_195' title='bbox 403 2535 459 2580; x_wconf 94' lang='lat' dir='ltr'><strong>et</strong></span> <span class='ocrx_word' id='word_1_196' title='bbox 509 2526 791 2595; x_wconf 89' lang='lat' dir='ltr'><strong>potestatis</strong></span> <span class='ocrx_word' id='word_1_197' title='bbox 841 2525 1118 2590; x_wconf 90' lang='lat' dir='ltr'><strong>habenas;</strong></span> <span class='ocrx_word' id='word_1_198' title='bbox 1181 2525 1377 2594; x_wconf 78' lang='lat' dir='ltr'><strong>quibus</strong></span> <span class='ocrx_word' id='word_1_199' title='bbox 1421 2526 1679 2580; x_wconf 88' lang='lat' dir='ltr'><strong>nimirum</strong></span> <span class='ocrx_word' id='word_1_200' title='bbox 1730 2525 1983 2595; x_wconf 88' lang='lat' dir='ltr'><strong>deinceps</strong></span> 
     </span>
    </p>
   </div>
   <div class='ocr_carea' id='block_1_30' title="bbox 406 2618 1985 2686">
    <p class='ocr_par' dir='ltr' id='par_1_30' title="bbox 406 2618 1985 2686">
     <span class='ocr_line' id='line_1_33' title="bbox 406 2618 1985 2686; baseline 0 -15"><span class='ocrx_word' id='word_1_201' title='bbox 406 2619 644 2681; x_wconf 88' lang='lat' dir='ltr'><strong>abusus,</strong></span> <span class='ocrx_word' id='word_1_202' title='bbox 686 2625 743 2670; x_wconf 90' lang='lat' dir='ltr'><strong>et</strong></span> <span class='ocrx_word' id='word_1_203' title='bbox 785 2625 1008 2686; x_wconf 89' lang='lat' dir='ltr'><strong>repente</strong></span> <span class='ocrx_word' id='word_1_204' title='bbox 1052 2631 1158 2670; x_wconf 91' lang='lat' dir='ltr'><strong>non</strong></span> <span class='ocrx_word' id='word_1_205' title='bbox 1209 2626 1388 2672; x_wconf 84' lang='lat' dir='ltr'><strong>mente</strong></span> <span class='ocrx_word' id='word_1_206' title='bbox 1434 2618 1527 2671; x_wconf 85' lang='lat' dir='ltr'><strong>sed</strong></span> <span class='ocrx_word' id='word_1_207' title='bbox 1577 2618 1761 2672; x_wconf 89' lang='lat' dir='ltr'><strong>habitu</strong></span> <span class='ocrx_word' id='word_1_208' title='bbox 1809 2626 1985 2671; x_wconf 86' lang='lat' dir='ltr'><strong>muta-</strong></span> 
     </span>
    </p>
   </div>
   <div class='ocr_carea' id='block_1_31' title="bbox 405 2707 1982 2781">
    <p class='ocr_par' dir='ltr' id='par_1_31' title="bbox 405 2707 1982 2781">
     <span class='ocr_line' id='line_1_34' title="bbox 405 2707 1982 2781; baseline 0 -20"><span class='ocrx_word' id='word_1_209' title='bbox 405 2718 513 2770; x_wconf 89' lang='lat' dir='ltr'><strong>tus,</strong></span> <span class='ocrx_word' id='word_1_210' title='bbox 554 2708 743 2762; x_wconf 76' lang='lat' dir='ltr'><strong>exsilia</strong></span> <span class='ocrx_word' id='word_1_211' title='bbox 791 2716 844 2761; x_wconf 87' lang='lat' dir='ltr'><strong>et</strong></span> <span class='ocrx_word' id='word_1_212' title='bbox 873 2707 1084 2761; x_wconf 83' lang='lat' dir='ltr'><strong>diversa</strong></span> <span class='ocrx_word' id='word_1_213' title='bbox 1113 2707 1451 2781; x_wconf 87' lang='lat' dir='ltr'><strong>discrimina,</strong></span> <span class='ocrx_word' id='word_1_214' title='bbox 1492 2708 1585 2761; x_wconf 88' lang='lat' dir='ltr'><strong>sed</strong></span> <span class='ocrx_word' id='word_1_215' title='bbox 1612 2716 1668 2761; x_wconf 90' lang='lat' dir='ltr'><strong>et</strong></span> <span class='ocrx_word' id='word_1_216' title='bbox 1696 2717 1894 2761; x_wconf 86' lang='lat' dir='ltr'><strong>mortes</strong></span> <span class='ocrx_word' id='word_1_217' title='bbox 1929 2707 1982 2762; x_wconf 91' lang='lat' dir='ltr'><strong>in</strong></span> 
     </span>
    </p>
   </div>
   <div class='ocr_carea' id='block_1_32' title="bbox 403 2797 1983 2858">
    <p class='ocr_par' dir='ltr' id='par_1_32' title="bbox 403 2797 1983 2858">
     <span class='ocr_line' id='line_1_35' title="bbox 403 2797 1983 2858; baseline 0.001 -7"><span class='ocrx_word' id='word_1_218' title='bbox 403 2797 607 2851; x_wconf 86' lang='lat' dir='ltr'><strong>Christi</strong></span> <span class='ocrx_word' id='word_1_219' title='bbox 652 2797 962 2852; x_wconf 72' lang='lat' dir='ltr'><strong>sacerdotes</strong></span> <span class='ocrx_word' id='word_1_220' title='bbox 1002 2805 1058 2849; x_wconf 91' lang='lat' dir='ltr'><strong>et</strong></span> <span class='ocrx_word' id='word_1_221' title='bbox 1095 2805 1320 2850; x_wconf 65' lang='lat' dir='ltr'><strong>caeteros</strong></span> <span class='ocrx_word' id='word_1_222' title='bbox 1360 2797 1566 2858; x_wconf 88' lang='lat' dir='ltr'><strong>ﬁdeles,</strong></span> <span class='ocrx_word' id='word_1_223' title='bbox 1598 2805 1675 2851; x_wconf 92' lang='lat' dir='ltr'><strong>tot</strong></span> <span class='ocrx_word' id='word_1_224' title='bbox 1703 2812 1767 2851; x_wconf 89' lang='lat' dir='ltr'><strong>ac</strong></span> <span class='ocrx_word' id='word_1_225' title='bbox 1802 2806 1983 2853; x_wconf 87' lang='lat' dir='ltr'><strong>tantas</strong></span> 
     </span>
    </p>
   </div>
   <div class='ocr_carea' id='block_1_33' title="bbox 404 2886 1982 2957">
    <p class='ocr_par' dir='ltr' id='par_1_33' title="bbox 404 2886 1982 2957">
     <span class='ocr_line' id='line_1_36' title="bbox 404 2886 1982 2957; baseline 0.001 -18"><span class='ocrx_word' id='word_1_226' title='bbox 404 2886 603 2950; x_wconf 89' lang='lat' dir='ltr'><strong>intulit,</strong></span> <span class='ocrx_word' id='word_1_227' title='bbox 646 2896 703 2940; x_wconf 92' lang='lat' dir='ltr'><strong>ut</strong></span> <span class='ocrx_word' id='word_1_228' title='bbox 732 2887 1052 2941; x_wconf 84' lang='lat' dir='ltr'><strong>Diocletiani</strong></span> <span class='ocrx_word' id='word_1_229' title='bbox 1090 2888 1351 2943; x_wconf 57' lang='lat' dir='ltr'><strong>saevitiam</strong></span> <span class='ocrx_word' id='word_1_230' title='bbox 1403 2889 1600 2942; x_wconf 89' lang='lat' dir='ltr'><strong>imitari</strong></span> <span class='ocrx_word' id='word_1_231' title='bbox 1652 2904 1747 2957; x_wconf 90' lang='lat' dir='ltr'><strong>per</strong></span> <span class='ocrx_word' id='word_1_232' title='bbox 1775 2889 1982 2942; x_wconf 42' lang='lat' dir='ltr'><strong>&#39;omnia</strong></span> 
     </span>
    </p>
   </div>
   <div class='ocr_carea' id='block_1_34' title="bbox 401 2975 1983 3046">
    <p class='ocr_par' dir='ltr' id='par_1_34' title="bbox 401 2975 1983 3046">
     <span class='ocr_line' id='line_1_37' title="bbox 401 2975 1983 3046; baseline 0.001 -17"><span class='ocrx_word' id='word_1_233' title='bbox 401 2976 699 3031; x_wconf 80' lang='lat' dir='ltr'><strong>videretur.</strong></span> <span class='ocrx_word' id='word_1_234' title='bbox 746 2975 975 3046; x_wconf 77' lang='lat' dir='ltr'><strong>Propter</strong></span> <span class='ocrx_word' id='word_1_235' title='bbox 1003 2992 1123 3046; x_wconf 71' lang='lat' dir='ltr'><strong>qua:</strong></span> <span class='ocrx_word' id='word_1_236' title='bbox 1158 2976 1239 3030; x_wconf 88' lang='lat' dir='ltr'><strong>vel</strong></span> <span class='ocrx_word' id='word_1_237' title='bbox 1270 2977 1353 3031; x_wconf 87' lang='lat' dir='ltr'><strong>his</strong></span> <span class='ocrx_word' id='word_1_238' title='bbox 1384 2977 1580 3031; x_wconf 87' lang='lat' dir='ltr'><strong>similia</strong></span> <span class='ocrx_word' id='word_1_239' title='bbox 1621 2986 1821 3031; x_wconf 65' lang='lat' dir='ltr'><strong>sanctae</strong></span> <span class='ocrx_word' id='word_1_240' title='bbox 1872 2992 1983 3030; x_wconf 90' lang='lat' dir='ltr'><strong>me-</strong></span> 
     </span>
    </p>
   </div>
   <div class='ocr_carea' id='block_1_35' title="bbox 403 3048 2054 3136">
    <p class='ocr_par' dir='ltr' id='par_1_35' title="bbox 403 3048 2054 3136">
     <span class='ocr_line' id='line_1_38' title="bbox 403 3048 2054 3136; baseline 0.002 -17"><span class='ocrx_word' id='word_1_241' title='bbox 403 3068 592 3121; x_wconf 68' lang='lat' dir='ltr'><strong>moria:</strong></span> <span class='ocrx_word' id='word_1_242' title='bbox 624 3067 879 3122; x_wconf 86' lang='lat' dir='ltr'><strong>decessor</strong></span> <span class='ocrx_word' id='word_1_243' title='bbox 913 3082 1066 3121; x_wconf 90' lang='lat' dir='ltr'><strong>meus</strong></span> <span class='ocrx_word' id='word_1_244' title='bbox 1094 3066 1347 3121; x_wconf 87' lang='lat' dir='ltr'><strong>Nicolaus</strong></span> <span class='ocrx_word' id='word_1_245' title='bbox 1373 3068 1532 3135; x_wconf 87' lang='lat' dir='ltr'><strong>hujus</strong></span> <span class='ocrx_word' id='word_1_246' title='bbox 1560 3069 1867 3136; x_wconf 57' lang='lat' dir='ltr'><strong>apostolica:</strong></span> <span class='ocrx_word' id='word_1_247' title='bbox 1899 3085 1983 3122; x_wconf 88' lang='lat' dir='ltr'><strong>se-</strong></span> <span class='ocrx_word' id='word_1_248' title='bbox 2009 3048 2054 3109; x_wconf 66' lang='grc' dir='ltr'><strong>(ἶ</strong></span> 
     </span>
    </p>
   </div>
   <div class='ocr_carea' id='block_1_36' title="bbox 401 3157 1983 3229">
    <p class='ocr_par' dir='ltr' id='par_1_36' title="bbox 401 3157 1983 3229">
     <span class='ocr_line' id='line_1_39' title="bbox 401 3157 1983 3229; baseline 0 -16"><span class='ocrx_word' id='word_1_249' title='bbox 401 3158 485 3213; x_wconf 86' lang='lat' dir='ltr'><strong>dis</strong></span> <span class='ocrx_word' id='word_1_250' title='bbox 512 3159 759 3224; x_wconf 89' lang='lat' dir='ltr'><strong>antistes,</strong></span> <span class='ocrx_word' id='word_1_251' title='bbox 786 3157 1021 3212; x_wconf 79' lang='lat' dir='ltr'><strong>fraterna</strong></span> <span class='ocrx_word' id='word_1_252' title='bbox 1055 3159 1227 3213; x_wconf 88' lang='lat' dir='ltr'><strong>victus</strong></span> <span class='ocrx_word' id='word_1_253' title='bbox 1253 3160 1533 3221; x_wconf 87' lang='lat' dir='ltr'><strong>charitate,</strong></span> <span class='ocrx_word' id='word_1_254' title='bbox 1566 3161 1741 3229; x_wconf 90' lang='lat' dir='ltr'><strong>primo</strong></span> <span class='ocrx_word' id='word_1_255' title='bbox 1767 3160 1983 3229; x_wconf 87' lang='lat' dir='ltr'><strong>quidem</strong></span> 
     </span>
    </p>
   </div>
   <div class='ocr_carea' id='block_1_37' title="bbox 402 3252 1982 3321">
    <p class='ocr_par' dir='ltr' id='par_1_37' title="bbox 402 3252 1982 3321">
     <span class='ocr_line' id='line_1_40' title="bbox 402 3252 1982 3321; baseline -0.003 -13"><span class='ocrx_word' id='word_1_256' title='bbox 402 3268 508 3308; x_wconf 90' lang='lat' dir='ltr'><strong>non</strong></span> <span class='ocrx_word' id='word_1_257' title='bbox 557 3253 727 3307; x_wconf 88' lang='lat' dir='ltr'><strong>solum</strong></span> <span class='ocrx_word' id='word_1_258' title='bbox 776 3268 871 3321; x_wconf 87' lang='lat' dir='ltr'><strong>per</strong></span> <span class='ocrx_word' id='word_1_259' title='bbox 915 3254 1147 3317; x_wconf 87' lang='lat' dir='ltr'><strong>missos,</strong></span> <span class='ocrx_word' id='word_1_260' title='bbox 1209 3253 1301 3307; x_wconf 86' lang='lat' dir='ltr'><strong>sed</strong></span> <span class='ocrx_word' id='word_1_261' title='bbox 1341 3262 1394 3306; x_wconf 91' lang='lat' dir='ltr'><strong>et</strong></span> <span class='ocrx_word' id='word_1_262' title='bbox 1440 3267 1534 3321; x_wconf 88' lang='lat' dir='ltr'><strong>per</strong></span> <span class='ocrx_word' id='word_1_263' title='bbox 1580 3252 1787 3306; x_wconf 88' lang='lat' dir='ltr'><strong>litteras</strong></span> <span class='ocrx_word' id='word_1_264' title='bbox 1836 3252 1982 3305; x_wconf 90' lang='lat' dir='ltr'><strong>illum</strong></span> 
     </span>
    </p>
   </div>
   <div class='ocr_carea' id='block_1_38' title="bbox 403 3346 1985 3419">
    <p class='ocr_par' dir='ltr' id='par_1_38' title="bbox 403 3346 1985 3419">
     <span class='ocr_line' id='line_1_41' title="bbox 403 3346 1985 3419; baseline -0.001 -20"><span class='ocrx_word' id='word_1_265' title='bbox 403 3346 597 3401; x_wconf 83' lang='lat' dir='ltr'><strong>merito</strong></span> <span class='ocrx_word' id='word_1_266' title='bbox 651 3346 1084 3419; x_wconf 83' lang='lat' dir='ltr'><strong>reprehendens,</strong></span> <span class='ocrx_word' id='word_1_267' title='bbox 1143 3354 1512 3413; x_wconf 89' lang='lat' dir='ltr'><strong>competenter</strong></span> <span class='ocrx_word' id='word_1_268' title='bbox 1560 3346 1880 3408; x_wconf 87' lang='lat' dir='ltr'><strong>admonuit,</strong></span> <span class='ocrx_word' id='word_1_269' title='bbox 1930 3355 1985 3398; x_wconf 87' lang='lat' dir='ltr'><strong>et</strong></span> 
     </span>
    </p>
   </div>
   <div class='ocr_carea' id='block_1_39' title="bbox 402 3437 1985 3507">
    <p class='ocr_par' dir='ltr' id='par_1_39' title="bbox 402 3437 1985 3507">
     <span class='ocr_line' id='line_1_42' title="bbox 402 3437 1985 3507; baseline 0.001 -16"><span class='ocrx_word' id='word_1_270' title='bbox 402 3438 550 3492; x_wconf 91' lang='lat' dir='ltr'><strong>nullo</strong></span> <span class='ocrx_word' id='word_1_271' title='bbox 598 3453 657 3493; x_wconf 74' lang='lat' dir='ltr'><strong>se</strong></span> <span class='ocrx_word' id='word_1_272' title='bbox 709 3447 867 3507; x_wconf 76' lang='lat' dir='ltr'><strong>pacto</strong></span> <span class='ocrx_word' id='word_1_273' title='bbox 902 3438 956 3490; x_wconf 90' lang='lat' dir='ltr'><strong>in</strong></span> <span class='ocrx_word' id='word_1_274' title='bbox 988 3437 1105 3507; x_wconf 85' lang='lat' dir='ltr'><strong>ejus</strong></span> <span class='ocrx_word' id='word_1_275' title='bbox 1156 3453 1316 3505; x_wconf 88' lang='lat' dir='ltr'><strong>posse</strong></span> <span class='ocrx_word' id='word_1_276' title='bbox 1359 3440 1697 3506; x_wconf 89' lang='lat' dir='ltr'><strong>promotione</strong></span> <span class='ocrx_word' id='word_1_277' title='bbox 1745 3440 1985 3507; x_wconf 65' lang='lat' dir='ltr'><strong>praebere</strong></span> 
     </span>
    </p>
   </div>
   <div class='ocr_carea' id='block_1_40' title="bbox 401 3524 1983 3593">
    <p class='ocr_par' dir='ltr' id='par_1_40' title="bbox 401 3524 1983 3593">
     <span class='ocr_line' id='line_1_43' title="bbox 401 3524 1983 3593; baseline -0.001 -13"><span class='ocrx_word' id='word_1_278' title='bbox 401 3541 752 3587; x_wconf 86' lang='lat' dir='ltr'><strong>consensum,</strong></span> <span class='ocrx_word' id='word_1_279' title='bbox 787 3526 1003 3593; x_wconf 87' lang='lat' dir='ltr'><strong>scriptis</strong></span> <span class='ocrx_word' id='word_1_280' title='bbox 1053 3525 1260 3579; x_wconf 86' lang='lat' dir='ltr'><strong>idoneis</strong></span> <span class='ocrx_word' id='word_1_281' title='bbox 1306 3524 1579 3593; x_wconf 81' lang='lat' dir='ltr'><strong>patefecit.</strong></span> <span class='ocrx_word' id='word_1_282' title='bbox 1632 3525 1831 3578; x_wconf 83' lang='lat' dir='ltr'><strong>Deinde</strong></span> <span class='ocrx_word' id='word_1_283' title='bbox 1859 3540 1983 3579; x_wconf 88' lang='lat' dir='ltr'><strong>vero</strong></span> 
     </span>
    </p>
   </div>
   <div class='ocr_carea' id='block_1_41' title="bbox 403 3613 1983 3686">
    <p class='ocr_par' dir='ltr' id='par_1_41' title="bbox 403 3613 1983 3686">
     <span class='ocr_line' id='line_1_44' title="bbox 403 3613 1983 3686; baseline 0.002 -18"><span class='ocrx_word' id='word_1_284' title='bbox 403 3616 617 3669; x_wconf 89' lang='lat' dir='ltr'><strong>intuens</strong></span> <span class='ocrx_word' id='word_1_285' title='bbox 658 3616 792 3669; x_wconf 88' lang='lat' dir='ltr'><strong>nihil</strong></span> <span class='ocrx_word' id='word_1_286' title='bbox 838 3630 896 3668; x_wconf 92' lang='lat' dir='ltr'><strong>se</strong></span> <span class='ocrx_word' id='word_1_287' title='bbox 935 3613 1229 3682; x_wconf 89' lang='lat' dir='ltr'><strong>proﬁcere,</strong></span> <span class='ocrx_word' id='word_1_288' title='bbox 1275 3616 1367 3668; x_wconf 91' lang='lat' dir='ltr'><strong>sed</strong></span> <span class='ocrx_word' id='word_1_289' title='bbox 1398 3617 1568 3684; x_wconf 89' lang='lat' dir='ltr'><strong>magis</strong></span> <span class='ocrx_word' id='word_1_290' title='bbox 1608 3631 1671 3669; x_wconf 89' lang='lat' dir='ltr'><strong>ac</strong></span> <span class='ocrx_word' id='word_1_291' title='bbox 1712 3617 1882 3686; x_wconf 86' lang='lat' dir='ltr'><strong>magis</strong></span> <span class='ocrx_word' id='word_1_292' title='bbox 1916 3618 1983 3671; x_wconf 88' lang='lat' dir='ltr'><strong>ad</strong></span> 
     </span>
    </p>
   </div>
   <div class='ocr_carea' id='block_1_42' title="bbox 400 3703 1979 3773">
    <p class='ocr_par' dir='ltr' id='par_1_42' title="bbox 400 3703 1979 3773">
     <span class='ocr_line' id='line_1_45' title="bbox 400 3703 1979 3773; baseline 0.001 -16"><span class='ocrx_word' id='word_1_293' title='bbox 400 3704 659 3759; x_wconf 88' lang='lat' dir='ltr'><strong>ulteriora</strong></span> <span class='ocrx_word' id='word_1_294' title='bbox 684 3703 801 3773; x_wconf 77' lang='lat' dir='ltr'><strong>ejus</strong></span> <span class='ocrx_word' id='word_1_295' title='bbox 827 3703 1045 3757; x_wconf 81' lang='lat' dir='ltr'><strong>extendi</strong></span> <span class='ocrx_word' id='word_1_296' title='bbox 1074 3703 1436 3773; x_wconf 85' lang='lat' dir='ltr'><strong>tyrannidem,</strong></span> <span class='ocrx_word' id='word_1_297' title='bbox 1464 3705 1789 3759; x_wconf 84' lang='lat' dir='ltr'><strong>auctoritate</strong></span> <span class='ocrx_word' id='word_1_298' title='bbox 1818 3705 1979 3760; x_wconf 90' lang='lat' dir='ltr'><strong>simul</strong></span> 
     </span>
    </p>
   </div>
   <div class='ocr_carea' id='block_1_43' title="bbox 401 3791 1981 3862">
    <p class='ocr_par' dir='ltr' id='par_1_43' title="bbox 401 3791 1981 3862">
     <span class='ocr_line' id='line_1_46' title="bbox 401 3791 1981 3862; baseline 0.001 -16"><span class='ocrx_word' id='word_1_299' title='bbox 401 3794 583 3847; x_wconf 90' lang='lat' dir='ltr'><strong>divina</strong></span> <span class='ocrx_word' id='word_1_300' title='bbox 628 3800 684 3847; x_wconf 91' lang='lat' dir='ltr'><strong>et</strong></span> <span class='ocrx_word' id='word_1_301' title='bbox 730 3791 1022 3861; x_wconf 88' lang='lat' dir='ltr'><strong>apostolica</strong></span> <span class='ocrx_word' id='word_1_302' title='bbox 1076 3792 1277 3855; x_wconf 88' lang='lat' dir='ltr'><strong>fretus,</strong></span> <span class='ocrx_word' id='word_1_303' title='bbox 1328 3793 1471 3846; x_wconf 90' lang='lat' dir='ltr'><strong>sedis</strong></span> <span class='ocrx_word' id='word_1_304' title='bbox 1519 3792 1847 3862; x_wconf 64' lang='lat' dir='ltr'><strong>apostolicae,</strong></span> <span class='ocrx_word' id='word_1_305' title='bbox 1897 3795 1981 3848; x_wconf 92' lang='lat' dir='ltr'><strong>cui</strong></span> 
     </span>
    </p>
   </div>
   <div class='ocr_carea' id='block_1_44' title="bbox 400 3879 1981 3954">
    <p class='ocr_par' dir='ltr' id='par_1_44' title="bbox 400 3879 1981 3954">
     <span class='ocr_line' id='line_1_47' title="bbox 400 3879 1981 3954; baseline 0.002 -20"><span class='ocrx_word' id='word_1_306' title='bbox 400 3879 743 3951; x_wconf 65' lang='lat' dir='ltr'><strong>praesidebat,</strong></span> <span class='ocrx_word' id='word_1_307' title='bbox 784 3880 1099 3951; x_wconf 88' lang='lat' dir='ltr'><strong>pontiﬁcum</strong></span> <span class='ocrx_word' id='word_1_308' title='bbox 1142 3895 1346 3935; x_wconf 91' lang='lat' dir='ltr'><strong>morem</strong></span> <span class='ocrx_word' id='word_1_309' title='bbox 1391 3891 1629 3945; x_wconf 89' lang='lat' dir='ltr'><strong>secutus,</strong></span> <span class='ocrx_word' id='word_1_310' title='bbox 1661 3883 1716 3936; x_wconf 85' lang='lat' dir='ltr'><strong>in</strong></span> <span class='ocrx_word' id='word_1_311' title='bbox 1741 3895 1981 3954; x_wconf 87' lang='lat' dir='ltr'><strong>promptu</strong></span> 
     </span>
    </p>
   </div>
   <div class='ocr_carea' id='block_1_45' title="bbox 401 3971 1982 4043">
    <p class='ocr_par' dir='ltr' id='par_1_45' title="bbox 401 3971 1982 4043">
     <span class='ocr_line' id='line_1_48' title="bbox 401 3971 1982 4043; baseline 0.001 -16"><span class='ocrx_word' id='word_1_312' title='bbox 401 3973 616 4037; x_wconf 63' lang='lat' dir='ltr'><strong>habens,</strong></span> <span class='ocrx_word' id='word_1_313' title='bbox 645 3973 937 4028; x_wconf 90' lang='lat' dir='ltr'><strong>secundum</strong></span> <span class='ocrx_word' id='word_1_314' title='bbox 958 3971 1293 4042; x_wconf 90' lang='lat' dir='ltr'><strong>Apostolum,</strong></span> <span class='ocrx_word' id='word_1_315' title='bbox 1321 3989 1522 4025; x_wconf 82' lang='lat' dir='ltr'><strong>omnem</strong></span> <span class='ocrx_word' id='word_1_316' title='bbox 1554 3972 1736 4026; x_wconf 81' lang='lat' dir='ltr'><strong>ulcisci</strong></span> <span class='ocrx_word' id='word_1_317' title='bbox 1767 3991 1982 4043; x_wconf 76' lang='lat' dir='ltr'><strong>prorsus</strong></span> 
     </span>
    </p>
   </div>
   <div class='ocr_carea' id='block_1_46' title="bbox 400 4062 1982 4136">
    <p class='ocr_par' dir='ltr' id='par_1_46' title="bbox 400 4062 1982 4136">
     <span class='ocr_line' id='line_1_49' title="bbox 400 4062 1982 4136; baseline 0.003 -19"><span class='ocrx_word' id='word_1_318' title='bbox 400 4065 806 4119; x_wconf 74' lang='lat' dir='ltr'><strong>inoberlientiam</strong></span> <span class='ocrx_word' id='word_1_319' title='bbox 837 4064 922 4136; x_wconf 82' lang='grc'><strong>(11</strong></span> <span class='ocrx_word' id='word_1_320' title='bbox 958 4062 1082 4119; x_wconf 86' lang='lat' dir='ltr'><strong>Cor.</strong></span> <span class='ocrx_word' id='word_1_321' title='bbox 1122 4064 1217 4134; x_wconf 83' lang='lat' dir='ltr'><strong>x);</strong></span> <span class='ocrx_word' id='word_1_322' title='bbox 1265 4066 1406 4120; x_wconf 88' lang='lat' dir='ltr'><strong>hunc</strong></span> <span class='ocrx_word' id='word_1_323' title='bbox 1446 4066 1511 4120; x_wconf 88' lang='lat' dir='ltr'><strong>ad</strong></span> <span class='ocrx_word' id='word_1_324' title='bbox 1546 4066 1872 4121; x_wconf 87' lang='lat' dir='ltr'><strong>erectionem</strong></span> <span class='ocrx_word' id='word_1_325' title='bbox 1914 4068 1982 4123; x_wconf 88' lang='lat' dir='ltr'><strong>ab</strong></span> 
     </span>
    </p>
   </div>
   <div class='ocr_carea' id='block_1_47' title="bbox 401 4153 1982 4225">
    <p class='ocr_par' dir='ltr' id='par_1_47' title="bbox 401 4153 1982 4225">
     <span class='ocr_line' id='line_1_50' title="bbox 401 4153 1982 4225; baseline 0.002 -17"><span class='ocrx_word' id='word_1_326' title='bbox 401 4172 468 4209; x_wconf 89' lang='lat' dir='ltr'><strong>eo</strong></span> <span class='ocrx_word' id='word_1_327' title='bbox 491 4156 768 4220; x_wconf 90' lang='lat' dir='ltr'><strong>elisorum,</strong></span> <span class='ocrx_word' id='word_1_328' title='bbox 800 4163 852 4210; x_wconf 89' lang='lat' dir='ltr'><strong>et</strong></span> <span class='ocrx_word' id='word_1_329' title='bbox 884 4154 1352 4209; x_wconf 88' lang='lat' dir='ltr'><strong>innumerabilium</strong></span> <span class='ocrx_word' id='word_1_330' title='bbox 1393 4153 1731 4225; x_wconf 82' lang='lat' dir='ltr'><strong>refrigeriqu</strong></span> <span class='ocrx_word' id='word_1_331' title='bbox 1760 4155 1982 4211; x_wconf 77' lang='lat' dir='ltr'><strong>afﬂicto-</strong></span> 
     </span>
    </p>
   </div>
   <div class='ocr_carea' id='block_1_48' title="bbox 403 4245 1982 4317">
    <p class='ocr_par' dir='ltr' id='par_1_48' title="bbox 403 4245 1982 4317">
     <span class='ocr_line' id='line_1_51' title="bbox 403 4245 1982 4317; baseline -0.001 -17"><span class='ocrx_word' id='word_1_332' title='bbox 403 4264 544 4311; x_wconf 92' lang='lat' dir='ltr'><strong>rum,</strong></span> <span class='ocrx_word' id='word_1_333' title='bbox 573 4246 805 4317; x_wconf 81' lang='lat' dir='ltr'><strong>regulari</strong></span> <span class='ocrx_word' id='word_1_334' title='bbox 845 4245 1133 4308; x_wconf 88' lang='lat' dir='ltr'><strong>sententia,</strong></span> <span class='ocrx_word' id='word_1_335' title='bbox 1159 4245 1304 4313; x_wconf 86' lang='lat' dir='ltr'><strong>quia,</strong></span> <span class='ocrx_word' id='word_1_336' title='bbox 1333 4245 1473 4297; x_wconf 91' lang='lat' dir='ltr'><strong>sicut</strong></span> <span class='ocrx_word' id='word_1_337' title='bbox 1515 4245 1614 4312; x_wconf 91' lang='lat' dir='ltr'><strong>ipsi</strong></span> <span class='ocrx_word' id='word_1_338' title='bbox 1645 4246 1835 4308; x_wconf 89' lang='lat' dir='ltr'><strong>nostis,</strong></span> <span class='ocrx_word' id='word_1_339' title='bbox 1862 4262 1982 4299; x_wconf 86' lang='lat' dir='ltr'><strong>cor-</strong></span> 
     </span>
    </p>
   </div>
   <div class='ocr_carea' id='block_1_49' title="bbox 406 4334 1981 4408">
    <p class='ocr_par' dir='ltr' id='par_1_49' title="bbox 406 4334 1981 4408">
     <span class='ocr_line' id='line_1_52' title="bbox 406 4334 1981 4408; baseline -0.001 -17"><span class='ocrx_word' id='word_1_340' title='bbox 406 4339 581 4408; x_wconf 81' lang='lat' dir='ltr'><strong>rigere</strong></span> <span class='ocrx_word' id='word_1_341' title='bbox 619 4352 723 4391; x_wconf 87' lang='lat' dir='ltr'><strong>non</strong></span> <span class='ocrx_word' id='word_1_342' title='bbox 750 4336 945 4405; x_wconf 88' lang='lat' dir='ltr'><strong>potuit.</strong></span> <span class='ocrx_word' id='word_1_343' title='bbox 975 4334 1294 4403; x_wconf 86' lang='lat' dir='ltr'><strong>deponendo</strong></span> <span class='ocrx_word' id='word_1_344' title='bbox 1331 4335 1639 4403; x_wconf 87' lang='lat' dir='ltr'><strong>prostravit,</strong></span> <span class='ocrx_word' id='word_1_345' title='bbox 1670 4348 1723 4388; x_wconf 91' lang='lat' dir='ltr'><strong>et</strong></span> <span class='ocrx_word' id='word_1_346' title='bbox 1758 4336 1981 4391; x_wconf 90' lang='lat' dir='ltr'><strong>anathe-</strong></span> 
     </span>
    </p>
   </div>
   <div class='ocr_carea' id='block_1_50' title="bbox 403 4423 1981 4493">
    <p class='ocr_par' dir='ltr' id='par_1_50' title="bbox 403 4423 1981 4493">
     <span class='ocr_line' id='line_1_53' title="bbox 403 4423 1981 4493; baseline -0.001 -12"><span class='ocrx_word' id='word_1_347' title='bbox 403 4427 710 4481; x_wconf 85' lang='lat' dir='ltr'><strong>matizando</strong></span> <span class='ocrx_word' id='word_1_348' title='bbox 746 4427 812 4479; x_wconf 88' lang='lat' dir='ltr'><strong>ab</strong></span> <span class='ocrx_word' id='word_1_349' title='bbox 843 4425 1053 4489; x_wconf 89' lang='lat' dir='ltr'><strong>ordine,</strong></span> <span class='ocrx_word' id='word_1_350' title='bbox 1102 4439 1261 4493; x_wconf 86' lang='lat' dir='ltr'><strong>quem</strong></span> <span class='ocrx_word' id='word_1_351' title='bbox 1301 4423 1524 4477; x_wconf 84' lang='lat' dir='ltr'><strong>latronis</strong></span> <span class='ocrx_word' id='word_1_352' title='bbox 1568 4439 1718 4478; x_wconf 88' lang='lat' dir='ltr'><strong>more</strong></span> <span class='ocrx_word' id='word_1_353' title='bbox 1759 4426 1981 4481; x_wconf 90' lang='lat' dir='ltr'><strong>sortitus</strong></span> 
     </span>
    </p>
   </div>
   <div class='ocr_carea' id='block_1_51' title="bbox 404 4514 1981 4586">
    <p class='ocr_par' dir='ltr' id='par_1_51' title="bbox 404 4514 1981 4586">
     <span class='ocr_line' id='line_1_54' title="bbox 404 4514 1981 4586; baseline 0 -15"><span class='ocrx_word' id='word_1_354' title='bbox 404 4519 598 4583; x_wconf 85' lang='lat' dir='ltr'><strong>fuerat,</strong></span> <span class='ocrx_word' id='word_1_355' title='bbox 646 4516 1022 4586; x_wconf 81' lang='lat' dir='ltr'><strong>scquestravit.</strong></span> <span class='ocrx_word' id='word_1_356' title='bbox 1061 4514 1224 4584; x_wconf 84' lang='lat' dir='ltr'><strong>Cujus</strong></span> <span class='ocrx_word' id='word_1_357' title='bbox 1254 4514 1330 4568; x_wconf 91' lang='lat' dir='ltr'><strong>rei</strong></span> <span class='ocrx_word' id='word_1_358' title='bbox 1360 4515 1535 4582; x_wconf 83' lang='lat' dir='ltr'><strong>gratia</strong></span> <span class='ocrx_word' id='word_1_359' title='bbox 1585 4514 1725 4569; x_wconf 91' lang='lat' dir='ltr'><strong>idem</strong></span> <span class='ocrx_word' id='word_1_360' title='bbox 1756 4514 1981 4571; x_wconf 89' lang='lat' dir='ltr'><strong>Photius</strong></span> 
     </span>
    </p>
   </div>
   <div class='ocr_carea' id='block_1_52' title="bbox 405 4607 1982 4675">
    <p class='ocr_par' dir='ltr' id='par_1_52' title="bbox 405 4607 1982 4675">
     <span class='ocr_line' id='line_1_55' title="bbox 405 4607 1982 4675; baseline -0.001 -12"><span class='ocrx_word' id='word_1_361' title='bbox 405 4610 786 4673; x_wconf 88' lang='lat' dir='ltr'><strong>inﬁaunnatus,</strong></span> <span class='ocrx_word' id='word_1_362' title='bbox 820 4624 924 4660; x_wconf 90' lang='lat' dir='ltr'><strong>non</strong></span> <span class='ocrx_word' id='word_1_363' title='bbox 954 4607 1127 4661; x_wconf 91' lang='lat' dir='ltr'><strong>solum</strong></span> <span class='ocrx_word' id='word_1_364' title='bbox 1161 4621 1264 4658; x_wconf 88' lang='lat' dir='ltr'><strong>non</strong></span> <span class='ocrx_word' id='word_1_365' title='bbox 1292 4614 1375 4659; x_wconf 88' lang='lat' dir='ltr'><strong>est</strong></span> <span class='ocrx_word' id='word_1_366' title='bbox 1422 4620 1674 4660; x_wconf 86' lang='lat' dir='ltr'><strong>reversus</strong></span> <span class='ocrx_word' id='word_1_367' title='bbox 1696 4608 1761 4660; x_wconf 90' lang='lat' dir='ltr'><strong>ad</strong></span> <span class='ocrx_word' id='word_1_368' title='bbox 1793 4623 1982 4675; x_wconf 85' lang='lat' dir='ltr'><strong>percu-</strong></span> 
     </span>
    </p>
   </div>
   <div class='ocr_carea' id='block_1_53' title="bbox 407 4694 1982 4769">
    <p class='ocr_par' dir='ltr' id='par_1_53' title="bbox 407 4694 1982 4769">
     <span class='ocr_line' id='line_1_56' title="bbox 407 4694 1982 4769; baseline -0.003 -15"><span class='ocrx_word' id='word_1_369' title='bbox 407 4701 627 4754; x_wconf 89' lang='lat' dir='ltr'><strong>tientem</strong></span> <span class='ocrx_word' id='word_1_370' title='bbox 659 4712 737 4762; x_wconf 90' lang='lat' dir='ltr'><strong>se,</strong></span> <span class='ocrx_word' id='word_1_371' title='bbox 768 4697 1022 4769; x_wconf 85' lang='lat' dir='ltr'><strong>nimirum</strong></span> <span class='ocrx_word' id='word_1_372' title='bbox 1053 4694 1142 4764; x_wconf 86' lang='lat' dir='ltr'><strong>qui</strong></span> <span class='ocrx_word' id='word_1_373' title='bbox 1172 4694 1356 4748; x_wconf 89' lang='lat' dir='ltr'><strong>durior</strong></span> <span class='ocrx_word' id='word_1_374' title='bbox 1384 4694 1532 4749; x_wconf 90' lang='lat' dir='ltr'><strong>silice</strong></span> <span class='ocrx_word' id='word_1_375' title='bbox 1568 4710 1667 4749; x_wconf 87' lang='lat' dir='ltr'><strong>nec</strong></span> <span class='ocrx_word' id='word_1_376' title='bbox 1698 4695 1830 4749; x_wconf 91' lang='lat' dir='ltr'><strong>dura</strong></span> <span class='ocrx_word' id='word_1_377' title='bbox 1864 4712 1982 4751; x_wconf 84' lang='lat' dir='ltr'><strong>vcr-</strong></span> 
     </span>
    </p>
   </div>
   <div class='ocr_carea' id='block_1_54' title="bbox 405 4786 1982 4856">
    <p class='ocr_par' dir='ltr' id='par_1_54' title="bbox 405 4786 1982 4856">
     <span class='ocr_line' id='line_1_57' title="bbox 405 4786 1982 4856; baseline -0.002 -11"><span class='ocrx_word' id='word_1_378' title='bbox 405 4792 532 4845; x_wconf 85' lang='lat' dir='ltr'><strong>bera</strong></span> <span class='ocrx_word' id='word_1_379' title='bbox 565 4790 756 4853; x_wconf 87' lang='lat' dir='ltr'><strong>sensit,</strong></span> <span class='ocrx_word' id='word_1_380' title='bbox 800 4796 856 4843; x_wconf 87' lang='lat' dir='ltr'><strong>et</strong></span> <span class='ocrx_word' id='word_1_381' title='bbox 898 4788 1138 4841; x_wconf 86' lang='lat' dir='ltr'><strong>imitatus</strong></span> <span class='ocrx_word' id='word_1_382' title='bbox 1183 4786 1475 4849; x_wconf 88' lang='lat' dir='ltr'><strong>diabolum,</strong></span> <span class='ocrx_word' id='word_1_383' title='bbox 1507 4801 1607 4839; x_wconf 89' lang='lat' dir='ltr'><strong>nec</strong></span> <span class='ocrx_word' id='word_1_384' title='bbox 1639 4796 1921 4856; x_wconf 88' lang='lat' dir='ltr'><strong>postquam</strong></span> <span class='ocrx_word' id='word_1_385' title='bbox 1951 4802 1982 4842; x_wconf 90' lang='lat' dir='ltr'><strong>e</strong></span> 
     </span>
    </p>
   </div>
   <div class='ocr_carea' id='block_1_55' title="bbox 404 4878 1983 4948">
    <p class='ocr_par' dir='ltr' id='par_1_55' title="bbox 404 4878 1983 4948">
     <span class='ocr_line' id='line_1_58' title="bbox 404 4878 1983 4948; baseline -0.003 -11"><span class='ocrx_word' id='word_1_386' title='bbox 404 4882 545 4937; x_wconf 66' lang='lat' dir='ltr'><strong>coelo</strong></span> <span class='ocrx_word' id='word_1_387' title='bbox 583 4878 799 4943; x_wconf 87' lang='lat' dir='ltr'><strong>cecidit,</strong></span> <span class='ocrx_word' id='word_1_388' title='bbox 841 4879 1125 4948; x_wconf 86' lang='lat' dir='ltr'><strong>superbire</strong></span> <span class='ocrx_word' id='word_1_389' title='bbox 1167 4878 1419 4941; x_wconf 85' lang='lat' dir='ltr'><strong>cessavit,</strong></span> <span class='ocrx_word' id='word_1_390' title='bbox 1450 4886 1633 4931; x_wconf 87' lang='lat' dir='ltr'><strong>verum</strong></span> <span class='ocrx_word' id='word_1_391' title='bbox 1664 4879 1825 4932; x_wconf 76' lang='lat' dir='ltr'><strong>etiam</strong></span> <span class='ocrx_word' id='word_1_392' title='bbox 1854 4895 1983 4933; x_wconf 87' lang='lat' dir='ltr'><strong>con-</strong></span> 
     </span>
    </p>
   </div>
   <div class='ocr_carea' id='block_1_56' title="bbox 406 4970 1981 5041">
    <p class='ocr_par' dir='ltr' id='par_1_56' title="bbox 406 4970 1981 5041">
     <span class='ocr_line' id='line_1_59' title="bbox 406 4970 1981 5041; baseline -0.001 -15"><span class='ocrx_word' id='word_1_393' title='bbox 406 4971 670 5029; x_wconf 85' lang='lat' dir='ltr'><strong>venticula</strong></span> <span class='ocrx_word' id='word_1_394' title='bbox 706 4970 1059 5040; x_wconf 85' lang='lat' dir='ltr'><strong>malignorum</strong></span> <span class='ocrx_word' id='word_1_395' title='bbox 1091 4983 1232 5037; x_wconf 63' lang='lat' dir='ltr'><strong>saepe</strong></span> <span class='ocrx_word' id='word_1_396' title='bbox 1266 4984 1618 5040; x_wconf 88' lang='lat' dir='ltr'><strong>congregans,</strong></span> <span class='ocrx_word' id='word_1_397' title='bbox 1651 4985 1981 5041; x_wconf 83' lang='lat' dir='ltr'><strong>synagogam</strong></span> 
     </span>
    </p>
   </div>
   <div class='ocr_carea' id='block_1_57' title="bbox 404 5057 1978 5133">
    <p class='ocr_par' dir='ltr' id='par_1_57' title="bbox 404 5057 1978 5133">
     <span class='ocr_line' id='line_1_60' title="bbox 404 5057 1978 5133; baseline -0.003 -14"><span class='ocrx_word' id='word_1_398' title='bbox 404 5064 748 5133; x_wconf 85' lang='lat' dir='ltr'><strong>sanguinnm,</strong></span> <span class='ocrx_word' id='word_1_399' title='bbox 772 5060 858 5114; x_wconf 88' lang='lat' dir='ltr'><strong>cui</strong></span> <span class='ocrx_word' id='word_1_400' title='bbox 892 5068 949 5112; x_wconf 94' lang='lat' dir='ltr'><strong>ut</strong></span> <span class='ocrx_word' id='word_1_401' title='bbox 977 5060 1225 5127; x_wconf 87' lang='lat' dir='ltr'><strong>princeps</strong></span> <span class='ocrx_word' id='word_1_402' title='bbox 1265 5057 1531 5113; x_wconf 88' lang='lat' dir='ltr'><strong>latronum</strong></span> <span class='ocrx_word' id='word_1_403' title='bbox 1564 5058 1678 5127; x_wconf 91' lang='lat' dir='ltr'><strong>ipse</strong></span> <span class='ocrx_word' id='word_1_404' title='bbox 1708 5061 1978 5127; x_wconf 75' lang='lat' dir='ltr'><strong>pmcsedit,</strong></span> 
     </span>
    </p>
   </div>
   <div class='ocr_carea' id='block_1_58' title="bbox 403 5152 1977 5227">
    <p class='ocr_par' dir='ltr' id='par_1_58' title="bbox 403 5152 1977 5227">
     <span class='ocr_line' id='line_1_61' title="bbox 403 5152 1977 5227; baseline -0.004 -15"><span class='ocrx_word' id='word_1_405' title='bbox 403 5157 734 5227; x_wconf 76' lang='lat' dir='ltr'><strong>collegitzet</strong></span> <span class='ocrx_word' id='word_1_406' title='bbox 782 5162 909 5207; x_wconf 89' lang='lat' dir='ltr'><strong>ante</strong></span> <span class='ocrx_word' id='word_1_407' title='bbox 954 5153 1193 5221; x_wconf 86' lang='lat' dir='ltr'><strong>quidem,</strong></span> <span class='ocrx_word' id='word_1_408' title='bbox 1227 5162 1286 5206; x_wconf 91' lang='lat' dir='ltr'><strong>ut</strong></span> <span class='ocrx_word' id='word_1_409' title='bbox 1321 5152 1648 5206; x_wconf 68' lang='lat' dir='ltr'><strong>stevissimus</strong></span> <span class='ocrx_word' id='word_1_410' title='bbox 1693 5152 1977 5220; x_wconf 81' lang='lat' dir='ltr'><strong>patricida,</strong></span> 
     </span>
    </p>
   </div>
   <div class='ocr_carea' id='block_1_59' title="bbox 405 5241 1979 5318">
    <p class='ocr_par' dir='ltr' id='par_1_59' title="bbox 405 5241 1979 5318">
     <span class='ocr_line' id='line_1_62' title="bbox 405 5241 1979 5318; baseline -0.002 -19"><span class='ocrx_word' id='word_1_411' title='bbox 405 5257 612 5318; x_wconf 81' lang='lat' dir='ltr'><strong>patrem</strong></span> <span class='ocrx_word' id='word_1_412' title='bbox 659 5260 816 5299; x_wconf 88' lang='lat' dir='ltr'><strong>suum</strong></span> <span class='ocrx_word' id='word_1_413' title='bbox 857 5244 1121 5313; x_wconf 85' lang='lat' dir='ltr'><strong>lgnatium</strong></span> <span class='ocrx_word' id='word_1_414' title='bbox 1188 5241 1697 5296; x_wconf 87' lang='lat' dir='ltr'><strong>reverendissimum</strong></span> <span class='ocrx_word' id='word_1_415' title='bbox 1750 5243 1979 5311; x_wconf 84' lang='lat' dir='ltr'><strong>patriar-</strong></span> 
     </span>
    </p>
   </div>
   <div class='ocr_carea' id='block_1_60' title="bbox 402 5333 1978 5408">
    <p class='ocr_par' dir='ltr' id='par_1_60' title="bbox 402 5333 1978 5408">
     <span class='ocr_line' id='line_1_63' title="bbox 402 5333 1978 5408; baseline -0.004 -14"><span class='ocrx_word' id='word_1_416' title='bbox 402 5341 559 5395; x_wconf 81' lang='lat' dir='ltr'><strong>cltam</strong></span> <span class='ocrx_word' id='word_1_417' title='bbox 586 5336 862 5408; x_wconf 79' lang='lat' dir='ltr'><strong>preprium</strong></span> <span class='ocrx_word' id='word_1_418' title='bbox 898 5335 1143 5405; x_wconf 86' lang='lat' dir='ltr'><strong>perculit,</strong></span> <span class='ocrx_word' id='word_1_419' title='bbox 1170 5343 1223 5389; x_wconf 92' lang='lat' dir='ltr'><strong>et</strong></span> <span class='ocrx_word' id='word_1_420' title='bbox 1248 5333 1313 5387; x_wconf 91' lang='lat' dir='ltr'><strong>ad</strong></span> <span class='ocrx_word' id='word_1_421' title='bbox 1342 5333 1514 5388; x_wconf 90' lang='lat' dir='ltr'><strong>lucem</strong></span> <span class='ocrx_word' id='word_1_422' title='bbox 1542 5334 1844 5403; x_wconf 89' lang='lat' dir='ltr'><strong>pervenire,</strong></span> <span class='ocrx_word' id='word_1_423' title='bbox 1877 5335 1978 5389; x_wconf 89' lang='lat' dir='ltr'><strong>nisi</strong></span> 
     </span>
    </p>
   </div>
   <div class='ocr_carea' id='block_1_61' title="bbox 401 5426 1980 5498">
    <p class='ocr_par' dir='ltr' id='par_1_61' title="bbox 401 5426 1980 5498">
     <span class='ocr_line' id='line_1_64' title="bbox 401 5426 1980 5498; baseline -0.003 -13"><span class='ocrx_word' id='word_1_424' title='bbox 401 5432 760 5486; x_wconf 81' lang='lat' dir='ltr'><strong>cxstinetione</strong></span> <span class='ocrx_word' id='word_1_425' title='bbox 797 5430 1059 5498; x_wconf 89' lang='lat' dir='ltr'><strong>parentis,</strong></span> <span class='ocrx_word' id='word_1_426' title='bbox 1094 5441 1250 5498; x_wconf 90' lang='lat' dir='ltr'><strong>posse</strong></span> <span class='ocrx_word' id='word_1_427' title='bbox 1277 5426 1591 5496; x_wconf 91' lang='lat' dir='ltr'><strong>desperans,</strong></span> <span class='ocrx_word' id='word_1_428' title='bbox 1623 5427 1766 5481; x_wconf 89' lang='lat' dir='ltr'><strong>hunc</strong></span> <span class='ocrx_word' id='word_1_429' title='bbox 1810 5427 1980 5482; x_wconf 87' lang='lat' dir='ltr'><strong>instar</strong></span> 
     </span>
    </p>
   </div>
   <div class='ocr_carea' id='block_1_62' title="bbox 401 5517 1976 5590">
    <p class='ocr_par' dir='ltr' id='par_1_62' title="bbox 401 5517 1976 5590">
     <span class='ocr_line' id='line_1_65' title="bbox 401 5517 1976 5590; baseline -0.003 -14"><span class='ocrx_word' id='word_1_430' title='bbox 401 5523 602 5576; x_wconf 85' lang='lat' dir='ltr'><strong>atrocis</strong></span> <span class='ocrx_word' id='word_1_431' title='bbox 635 5524 831 5590; x_wconf 64' lang='lat' dir='ltr'><strong>vipera:</strong></span> <span class='ocrx_word' id='word_1_432' title='bbox 871 5521 1138 5589; x_wconf 86' lang='lat' dir='ltr'><strong>perimere</strong></span> <span class='ocrx_word' id='word_1_433' title='bbox 1173 5517 1377 5572; x_wconf 85' lang='lat' dir='ltr'><strong>crudeli</strong></span> <span class='ocrx_word' id='word_1_434' title='bbox 1414 5532 1591 5571; x_wconf 91' lang='lat' dir='ltr'><strong>morsu</strong></span> <span class='ocrx_word' id='word_1_435' title='bbox 1634 5534 1736 5572; x_wconf 92' lang='lat' dir='ltr'><strong>non</strong></span> <span class='ocrx_word' id='word_1_436' title='bbox 1767 5520 1976 5573; x_wconf 90' lang='lat' dir='ltr'><strong>metuit.</strong></span> 
     </span>
    </p>
   </div>
   <div class='ocr_carea' id='block_1_63' title="bbox 402 5608 1975 5679">
    <p class='ocr_par' dir='ltr' id='par_1_63' title="bbox 402 5608 1975 5679">
     <span class='ocr_line' id='line_1_66' title="bbox 402 5608 1975 5679; baseline -0.001 -14"><span class='ocrx_word' id='word_1_437' title='bbox 402 5609 528 5665; x_wconf 74' lang='lat' dir='ltr'><strong>Post</strong></span> <span class='ocrx_word' id='word_1_438' title='bbox 573 5612 685 5664; x_wconf 70' lang='lat' dir='ltr'><strong>hmc</strong></span> <span class='ocrx_word' id='word_1_439' title='bbox 728 5625 854 5679; x_wconf 62' lang='lat' dir='ltr'><strong>vero</strong></span> <span class='ocrx_word' id='word_1_440' title='bbox 892 5610 1068 5679; x_wconf 83' lang='lat' dir='ltr'><strong>posuit</strong></span> <span class='ocrx_word' id='word_1_441' title='bbox 1112 5611 1165 5663; x_wconf 88' lang='lat' dir='ltr'><strong>in</strong></span> <span class='ocrx_word' id='word_1_442' title='bbox 1191 5608 1388 5664; x_wconf 58' lang='lat' dir='ltr'><strong>coelum</strong></span> <span class='ocrx_word' id='word_1_443' title='bbox 1416 5622 1477 5663; x_wconf 91' lang='lat' dir='ltr'><strong>os</strong></span> <span class='ocrx_word' id='word_1_444' title='bbox 1506 5623 1681 5672; x_wconf 88' lang='lat' dir='ltr'><strong>suum,</strong></span> <span class='ocrx_word' id='word_1_445' title='bbox 1712 5623 1765 5662; x_wconf 86' lang='lat' dir='ltr'><strong>et</strong></span> <span class='ocrx_word' id='word_1_446' title='bbox 1798 5608 1975 5679; x_wconf 81' lang='lat' dir='ltr'><strong>lingua</strong></span> 
     </span>
    </p>
   </div>
   <div class='ocr_carea' id='block_1_64' title="bbox 2012 4388 2060 4447">
    <p class='ocr_par' dir='ltr' id='par_1_64' title="bbox 2012 4388 2060 4447">
     <span class='ocr_line' id='line_1_67' title="bbox 2012 4388 2060 4447; baseline 0 0"><span class='ocrx_word' id='word_1_447' title='bbox 2012 4388 2060 4447; x_wconf 94' lang='lat' dir='ltr'><strong>D</strong></span> 
     </span>
    </p>
   </div>
   <div class='ocr_carea' id='block_1_65' title="bbox 2071 430 3649 500">
    <p class='ocr_par' dir='ltr' id='par_1_65' title="bbox 2071 430 3649 500">
     <span class='ocr_line' id='line_1_68' title="bbox 2071 430 3649 500; baseline 0 -15"><span class='ocrx_word' id='word_1_448' title='bbox 2071 433 2251 486; x_wconf 90' lang='lat' dir='ltr'><strong>viuam</strong></span> <span class='ocrx_word' id='word_1_449' title='bbox 2279 432 2690 496; x_wconf 81' lang='lat' dir='ltr'><strong>ordinationem,</strong></span> <span class='ocrx_word' id='word_1_450' title='bbox 2722 431 2933 486; x_wconf 73' lang='lat' dir='ltr'><strong>coditus</strong></span> <span class='ocrx_word' id='word_1_451' title='bbox 2971 431 3022 484; x_wconf 89' lang='lat' dir='ltr'><strong>in</strong></span> <span class='ocrx_word' id='word_1_452' title='bbox 3051 430 3189 485; x_wconf 87' lang='lat' dir='ltr'><strong>beati</strong></span> <span class='ocrx_word' id='word_1_453' title='bbox 3218 430 3359 484; x_wconf 83' lang='lat' dir='ltr'><strong>Petri</strong></span> <span class='ocrx_word' id='word_1_454' title='bbox 3388 430 3649 500; x_wconf 89' lang='lat' dir='ltr'><strong>principis</strong></span> 
     </span>
    </p>
   </div>
   <div class='ocr_carea' id='block_1_66' title="bbox 2073 523 3648 594">
    <p class='ocr_par' dir='ltr' id='par_1_66' title="bbox 2073 523 3648 594">
     <span class='ocr_line' id='line_1_69' title="bbox 2073 523 3648 594; baseline 0 -16"><span class='ocrx_word' id='word_1_455' title='bbox 2073 526 2435 594; x_wconf 88' lang='lat' dir='ltr'><strong>apostolorum</strong></span> <span class='ocrx_word' id='word_1_456' title='bbox 2486 535 2717 594; x_wconf 86' lang='lat' dir='ltr'><strong>prnnatu</strong></span> <span class='ocrx_word' id='word_1_457' title='bbox 2767 523 3124 593; x_wconf 84' lang='lat' dir='ltr'><strong>dispositam,</strong></span> <span class='ocrx_word' id='word_1_458' title='bbox 3175 523 3375 592; x_wconf 86' lang='lat' dir='ltr'><strong>putridi</strong></span> <span class='ocrx_word' id='word_1_459' title='bbox 3420 524 3648 594; x_wconf 85' lang='lat' dir='ltr'><strong>gurgitis</strong></span> 
     </span>
    </p>
   </div>
   <div class='ocr_carea' id='block_1_67' title="bbox 2073 615 3649 688">
    <p class='ocr_par' dir='ltr' id='par_1_67' title="bbox 2073 615 3649 688">
     <span class='ocr_line' id='line_1_70' title="bbox 2073 615 3649 688; baseline 0 -19"><span class='ocrx_word' id='word_1_460' title='bbox 2073 626 2259 685; x_wconf 81' lang='lat' dir='ltr'><strong>guttur</strong></span> <span class='ocrx_word' id='word_1_461' title='bbox 2288 618 2527 687; x_wconf 86' lang='lat' dir='ltr'><strong>aperuit,</strong></span> <span class='ocrx_word' id='word_1_462' title='bbox 2570 627 2624 671; x_wconf 91' lang='lat' dir='ltr'><strong>et</strong></span> <span class='ocrx_word' id='word_1_463' title='bbox 2653 617 2910 670; x_wconf 88' lang='lat' dir='ltr'><strong>adversus</strong></span> <span class='ocrx_word' id='word_1_464' title='bbox 2943 616 3185 686; x_wconf 89' lang='lat' dir='ltr'><strong>ejusdem</strong></span> <span class='ocrx_word' id='word_1_465' title='bbox 3222 616 3371 688; x_wconf 85' lang='lat' dir='ltr'><strong>regni</strong></span> <span class='ocrx_word' id='word_1_466' title='bbox 3410 615 3649 671; x_wconf 72' lang='lat' dir='ltr'><strong>cmlestis</strong></span> 
     </span>
    </p>
   </div>
   <div class='ocr_carea' id='block_1_68' title="bbox 2075 706 3656 778">
    <p class='ocr_par' dir='ltr' id='par_1_68' title="bbox 2075 706 3656 778">
     <span class='ocr_line' id='line_1_71' title="bbox 2075 706 3656 778; baseline 0.001 -17"><span class='ocrx_word' id='word_1_467' title='bbox 2075 706 2326 777; x_wconf 88' lang='lat' dir='ltr'><strong>clavigeri</strong></span> <span class='ocrx_word' id='word_1_468' title='bbox 2360 708 2707 778; x_wconf 86' lang='lat' dir='ltr'><strong>apostolicam</strong></span> <span class='ocrx_word' id='word_1_469' title='bbox 2746 708 2949 772; x_wconf 89' lang='lat' dir='ltr'><strong>sedem,</strong></span> <span class='ocrx_word' id='word_1_470' title='bbox 2978 715 3033 762; x_wconf 93' lang='lat' dir='ltr'><strong>et</strong></span> <span class='ocrx_word' id='word_1_471' title='bbox 3061 709 3384 777; x_wconf 65' lang='lat' dir='ltr'><strong>prazcipuam</strong></span> <span class='ocrx_word' id='word_1_472' title='bbox 3414 724 3477 762; x_wconf 86' lang='lat' dir='ltr'><strong>ac</strong></span> <span class='ocrx_word' id='word_1_473' title='bbox 3503 724 3656 763; x_wconf 84' lang='lat' dir='ltr'><strong>sum-</strong></span> 
     </span>
    </p>
   </div>
   <div class='ocr_carea' id='block_1_69' title="bbox 2078 799 3658 870">
    <p class='ocr_par' dir='ltr' id='par_1_69' title="bbox 2078 799 3658 870">
     <span class='ocr_line' id='line_1_72' title="bbox 2078 799 3658 870; baseline 0.001 -17"><span class='ocrx_word' id='word_1_474' title='bbox 2078 815 2220 853; x_wconf 86' lang='lat' dir='ltr'><strong>mam</strong></span> <span class='ocrx_word' id='word_1_475' title='bbox 2248 800 2562 870; x_wconf 86' lang='lat' dir='ltr'><strong>dignitatem</strong></span> <span class='ocrx_word' id='word_1_476' title='bbox 2591 808 2645 853; x_wconf 90' lang='lat' dir='ltr'><strong>et</strong></span> <span class='ocrx_word' id='word_1_477' title='bbox 2671 807 3014 868; x_wconf 85' lang='lat' dir='ltr'><strong>potestatem,</strong></span> <span class='ocrx_word' id='word_1_478' title='bbox 3052 799 3289 869; x_wconf 89' lang='lat' dir='ltr'><strong>linguam</strong></span> <span class='ocrx_word' id='word_1_479' title='bbox 3319 815 3471 853; x_wconf 90' lang='lat' dir='ltr'><strong>suam</strong></span> <span class='ocrx_word' id='word_1_480' title='bbox 3502 816 3658 854; x_wconf 86' lang='lat' dir='ltr'><strong>more</strong></span> 
     </span>
    </p>
   </div>
   <div class='ocr_carea' id='block_1_70' title="bbox 2077 888 3656 960">
    <p class='ocr_par' dir='ltr' id='par_1_70' title="bbox 2077 888 3656 960">
     <span class='ocr_line' id='line_1_73' title="bbox 2077 888 3656 960; baseline -0.001 -15"><span class='ocrx_word' id='word_1_481' title='bbox 2077 891 2344 960; x_wconf 87' lang='lat' dir='ltr'><strong>serpentis</strong></span> <span class='ocrx_word' id='word_1_482' title='bbox 2404 890 2649 955; x_wconf 80' lang='lat' dir='ltr'><strong>exacuit;</strong></span> <span class='ocrx_word' id='word_1_483' title='bbox 2697 890 2864 943; x_wconf 89' lang='lat' dir='ltr'><strong>vitam</strong></span> <span class='ocrx_word' id='word_1_484' title='bbox 2928 888 3129 943; x_wconf 88' lang='lat' dir='ltr'><strong>scilicet</strong></span> <span class='ocrx_word' id='word_1_485' title='bbox 3179 890 3478 945; x_wconf 86' lang='lat' dir='ltr'><strong>decessoris</strong></span> <span class='ocrx_word' id='word_1_486' title='bbox 3543 891 3656 943; x_wconf 91' lang='lat' dir='ltr'><strong>mei</strong></span> 
     </span>
    </p>
   </div>
   <div class='ocr_carea' id='block_1_71' title="bbox 2079 979 3658 1049">
    <p class='ocr_par' dir='ltr' id='par_1_71' title="bbox 2079 979 3658 1049">
     <span class='ocr_line' id='line_1_74' title="bbox 2079 979 3658 1049; baseline 0 -13"><span class='ocrx_word' id='word_1_487' title='bbox 2079 982 2249 1036; x_wconf 72' lang='lat' dir='ltr'><strong>beata:</strong></span> <span class='ocrx_word' id='word_1_488' title='bbox 2299 981 2686 1036; x_wconf 75' lang='lat' dir='ltr'><strong>recordationis</strong></span> <span class='ocrx_word' id='word_1_489' title='bbox 2734 996 2882 1049; x_wconf 66' lang='lat' dir='ltr'><strong>papae</strong></span> <span class='ocrx_word' id='word_1_490' title='bbox 2930 979 3136 1035; x_wconf 87' lang='lat' dir='ltr'><strong>Nicolai</strong></span> <span class='ocrx_word' id='word_1_491' title='bbox 3185 980 3451 1036; x_wconf 87' lang='lat' dir='ltr'><strong>lacessere</strong></span> <span class='ocrx_word' id='word_1_492' title='bbox 3505 982 3658 1036; x_wconf 86' lang='lat' dir='ltr'><strong>nullo</strong></span> 
     </span>
    </p>
   </div>
   <div class='ocr_carea' id='block_1_72' title="bbox 2078 1072 3660 1144">
    <p class='ocr_par' dir='ltr' id='par_1_72' title="bbox 2078 1072 3660 1144">
     <span class='ocr_line' id='line_1_75' title="bbox 2078 1072 3660 1144; baseline 0.001 -18"><span class='ocrx_word' id='word_1_493' title='bbox 2078 1074 2241 1127; x_wconf 91' lang='lat' dir='ltr'><strong>modo</strong></span> <span class='ocrx_word' id='word_1_494' title='bbox 2268 1080 2534 1136; x_wconf 90' lang='lat' dir='ltr'><strong>metuens,</strong></span> <span class='ocrx_word' id='word_1_495' title='bbox 2565 1088 2664 1127; x_wconf 91' lang='lat' dir='ltr'><strong>nec</strong></span> <span class='ocrx_word' id='word_1_496' title='bbox 2691 1073 2867 1136; x_wconf 90' lang='lat' dir='ltr'><strong>nobis,</strong></span> <span class='ocrx_word' id='word_1_497' title='bbox 2891 1074 2982 1142; x_wconf 90' lang='lat' dir='ltr'><strong>qui</strong></span> <span class='ocrx_word' id='word_1_498' title='bbox 3011 1072 3128 1141; x_wconf 91' lang='lat' dir='ltr'><strong>ejus</strong></span> <span class='ocrx_word' id='word_1_499' title='bbox 3150 1074 3239 1127; x_wconf 79' lang='lat' dir='ltr'><strong>vix</strong></span> <span class='ocrx_word' id='word_1_500' title='bbox 3268 1073 3412 1144; x_wconf 86' lang='lat' dir='ltr'><strong>digni</strong></span> <span class='ocrx_word' id='word_1_501' title='bbox 3444 1072 3660 1140; x_wconf 87' lang='lat' dir='ltr'><strong>famuli,</strong></span> 
     </span>
    </p>
   </div>
   <div class='ocr_carea' id='block_1_73' title="bbox 2078 1164 3666 1233">
    <p class='ocr_par' dir='ltr' id='par_1_73' title="bbox 2078 1164 3666 1233">
     <span class='ocr_line' id='line_1_76' title="bbox 2078 1164 3666 1233; baseline 0.001 -16"><span class='ocrx_word' id='word_1_502' title='bbox 2078 1172 2139 1217; x_wconf 90' lang='lat' dir='ltr'><strong>ut</strong></span> <span class='ocrx_word' id='word_1_503' title='bbox 2165 1179 2271 1218; x_wconf 89' lang='lat' dir='ltr'><strong>non</strong></span> <span class='ocrx_word' id='word_1_504' title='bbox 2312 1164 2488 1217; x_wconf 90' lang='lat' dir='ltr'><strong>dicam</strong></span> <span class='ocrx_word' id='word_1_505' title='bbox 2529 1179 2810 1233; x_wconf 89' lang='lat' dir='ltr'><strong>sequaces,</strong></span> <span class='ocrx_word' id='word_1_506' title='bbox 2848 1165 3175 1224; x_wconf 78' lang='lat' dir='ltr'><strong>exstitimus,</strong></span> <span class='ocrx_word' id='word_1_507' title='bbox 3209 1180 3429 1233; x_wconf 91' lang='lat' dir='ltr'><strong>parcere</strong></span> <span class='ocrx_word' id='word_1_508' title='bbox 3463 1175 3666 1221; x_wconf 72' lang='lat' dir='ltr'><strong>utcun-</strong></span> 
     </span>
    </p>
   </div>
   <div class='ocr_carea' id='block_1_74' title="bbox 2079 1254 3662 1325">
    <p class='ocr_par' dir='ltr' id='par_1_74' title="bbox 2079 1254 3662 1325">
     <span class='ocr_line' id='line_1_77' title="bbox 2079 1254 3662 1325; baseline 0.003 -20"><span class='ocrx_word' id='word_1_509' title='bbox 2079 1269 2185 1323; x_wconf 87' lang='lat' dir='ltr'><strong>que</strong></span> <span class='ocrx_word' id='word_1_510' title='bbox 2215 1254 2577 1318; x_wconf 88' lang='lat' dir='ltr'><strong>consentiens,</strong></span> <span class='ocrx_word' id='word_1_511' title='bbox 2616 1254 2709 1308; x_wconf 89' lang='lat' dir='ltr'><strong>sed</strong></span> <span class='ocrx_word' id='word_1_512' title='bbox 2742 1263 2995 1324; x_wconf 91' lang='lat' dir='ltr'><strong>utrosque</strong></span> <span class='ocrx_word' id='word_1_513' title='bbox 3037 1254 3336 1310; x_wconf 86' lang='lat' dir='ltr'><strong>maledictis</strong></span> <span class='ocrx_word' id='word_1_514' title='bbox 3376 1256 3662 1325; x_wconf 82' lang='lat' dir='ltr'><strong>impetere,</strong></span> 
     </span>
    </p>
   </div>
   <div class='ocr_carea' id='block_1_75' title="bbox 2079 1343 3667 1415">
    <p class='ocr_par' dir='ltr' id='par_1_75' title="bbox 2079 1343 3667 1415">
     <span class='ocr_line' id='line_1_78' title="bbox 2079 1343 3667 1415; baseline 0.004 -19"><span class='ocrx_word' id='word_1_515' title='bbox 2079 1354 2337 1413; x_wconf 86' lang='lat' dir='ltr'><strong>quantum</strong></span> <span class='ocrx_word' id='word_1_516' title='bbox 2387 1344 2441 1397; x_wconf 91' lang='lat' dir='ltr'><strong>in</strong></span> <span class='ocrx_word' id='word_1_517' title='bbox 2486 1360 2544 1399; x_wconf 93' lang='lat' dir='ltr'><strong>se</strong></span> <span class='ocrx_word' id='word_1_518' title='bbox 2568 1343 2687 1409; x_wconf 90' lang='lat' dir='ltr'><strong>fuit,</strong></span> <span class='ocrx_word' id='word_1_519' title='bbox 2734 1353 2788 1399; x_wconf 90' lang='lat' dir='ltr'><strong>et</strong></span> <span class='ocrx_word' id='word_1_520' title='bbox 2829 1344 3159 1415; x_wconf 85' lang='lat' dir='ltr'><strong>blasphemis</strong></span> <span class='ocrx_word' id='word_1_521' title='bbox 3209 1346 3428 1401; x_wconf 88' lang='lat' dir='ltr'><strong>inlicere</strong></span> <span class='ocrx_word' id='word_1_522' title='bbox 3478 1350 3667 1402; x_wconf 77' lang='lat' dir='ltr'><strong>verbis</strong></span> 
     </span>
    </p>
   </div>
   <div class='ocr_carea' id='block_1_76' title="bbox 2080 1431 3668 1504">
    <p class='ocr_par' dir='ltr' id='par_1_76' title="bbox 2080 1431 3668 1504">
     <span class='ocr_line' id='line_1_79' title="bbox 2080 1431 3668 1504; baseline 0.003 -18"><span class='ocrx_word' id='word_1_523' title='bbox 2080 1433 2417 1497; x_wconf 83' lang='lat' dir='ltr'><strong>existimans,</strong></span> <span class='ocrx_word' id='word_1_524' title='bbox 2467 1431 2717 1487; x_wconf 78' lang='lat' dir='ltr'><strong>falsitatis</strong></span> <span class='ocrx_word' id='word_1_525' title='bbox 2761 1435 3030 1503; x_wconf 67' lang='lat' dir='ltr'><strong>praestigia</strong></span> <span class='ocrx_word' id='word_1_526' title='bbox 3067 1434 3267 1504; x_wconf 87' lang='lat' dir='ltr'><strong>ﬁngere</strong></span> <span class='ocrx_word' id='word_1_527' title='bbox 3304 1446 3565 1500; x_wconf 85' lang='lat' dir='ltr'><strong>conatus;</strong></span> <span class='ocrx_word' id='word_1_528' title='bbox 3608 1447 3668 1493; x_wconf 84' lang='lat' dir='ltr'><strong>et</strong></span> 
     </span>
    </p>
   </div>
   <div class='ocr_carea' id='block_1_77' title="bbox 2080 1521 3663 1594">
    <p class='ocr_par' dir='ltr' id='par_1_77' title="bbox 2080 1521 3663 1594">
     <span class='ocr_line' id='line_1_80' title="bbox 2080 1521 3663 1594; baseline 0.004 -20"><span class='ocrx_word' id='word_1_529' title='bbox 2080 1521 2265 1575; x_wconf 90' lang='lat' dir='ltr'><strong>nescio</strong></span> <span class='ocrx_word' id='word_1_530' title='bbox 2310 1537 2431 1590; x_wconf 75' lang='lat' dir='ltr'><strong>quae.</strong></span> <span class='ocrx_word' id='word_1_531' title='bbox 2471 1521 2767 1592; x_wconf 82' lang='lat' dir='ltr'><strong>Pythonica</strong></span> <span class='ocrx_word' id='word_1_532' title='bbox 2813 1532 2896 1576; x_wconf 90' lang='lat' dir='ltr'><strong>cst</strong></span> <span class='ocrx_word' id='word_1_533' title='bbox 2940 1525 3147 1577; x_wconf 90' lang='lat' dir='ltr'><strong>somnia</strong></span> <span class='ocrx_word' id='word_1_534' title='bbox 3188 1523 3270 1578; x_wconf 86' lang='lat' dir='ltr'><strong>vel</strong></span> <span class='ocrx_word' id='word_1_535' title='bbox 3318 1536 3663 1594; x_wconf 82' lang='lat' dir='ltr'><strong>argumenta,</strong></span> 
     </span>
    </p>
   </div>
   <div class='ocr_carea' id='block_1_78' title="bbox 2083 1610 3671 1680">
    <p class='ocr_par' dir='ltr' id='par_1_78' title="bbox 2083 1610 3671 1680">
     <span class='ocr_line' id='line_1_81' title="bbox 2083 1610 3671 1680; baseline 0.005 -17"><span class='ocrx_word' id='word_1_536' title='bbox 2083 1610 2423 1677; x_wconf 89' lang='lat' dir='ltr'><strong>compilando</strong></span> <span class='ocrx_word' id='word_1_537' title='bbox 2471 1610 2658 1680; x_wconf 90' lang='lat' dir='ltr'><strong>procul</strong></span> <span class='ocrx_word' id='word_1_538' title='bbox 2702 1611 2881 1676; x_wconf 88' lang='lat' dir='ltr'><strong>dubio,</strong></span> <span class='ocrx_word' id='word_1_539' title='bbox 2934 1622 3349 1669; x_wconf 86' lang='lat' dir='ltr'><strong>commentatus.</strong></span> <span class='ocrx_word' id='word_1_540' title='bbox 3401 1614 3464 1668; x_wconf 85' lang='lat' dir='ltr'><strong>Et</strong></span> <span class='ocrx_word' id='word_1_541' title='bbox 3512 1625 3671 1671; x_wconf 82' lang='lat' dir='ltr'><strong>certe</strong></span> 
     </span>
    </p>
   </div>
   <div class='ocr_carea' id='block_1_79' title="bbox 2014 1698 3671 1770">
    <p class='ocr_par' dir='ltr' id='par_1_79' title="bbox 2014 1698 3671 1770">
     <span class='ocr_line' id='line_1_82' title="bbox 2014 1698 3671 1770; baseline 0.005 -20"><span class='ocrx_word' id='word_1_542' title='bbox 2014 1699 2055 1757; x_wconf 86' lang='grc' dir='ltr'><strong>Β</strong></span> <span class='ocrx_word' id='word_1_543' title='bbox 2084 1699 2205 1769; x_wconf 92' lang='lat' dir='ltr'><strong>quis</strong></span> <span class='ocrx_word' id='word_1_544' title='bbox 2235 1699 2324 1753; x_wconf 91' lang='lat' dir='ltr'><strong>ille</strong></span> <span class='ocrx_word' id='word_1_545' title='bbox 2348 1698 2510 1753; x_wconf 88' lang='lat' dir='ltr'><strong>Pater</strong></span> <span class='ocrx_word' id='word_1_546' title='bbox 2540 1710 2742 1764; x_wconf 88' lang='lat' dir='ltr'><strong>noster,</strong></span> <span class='ocrx_word' id='word_1_547' title='bbox 2771 1700 2854 1753; x_wconf 84' lang='lat' dir='ltr'><strong>vel</strong></span> <span class='ocrx_word' id='word_1_548' title='bbox 2891 1709 3125 1770; x_wconf 88' lang='lat' dir='ltr'><strong>quantus</strong></span> <span class='ocrx_word' id='word_1_549' title='bbox 3163 1710 3255 1754; x_wconf 89' lang='lat' dir='ltr'><strong>aut</strong></span> <span class='ocrx_word' id='word_1_550' title='bbox 3282 1702 3456 1770; x_wconf 89' lang='lat' dir='ltr'><strong>qualis</strong></span> <span class='ocrx_word' id='word_1_551' title='bbox 3493 1706 3671 1758; x_wconf 76' lang='lat' dir='ltr'><strong>exsti-</strong></span> 
     </span>
    </p>
   </div>
   <div class='ocr_carea' id='block_1_80' title="bbox 2085 1792 3665 1863">
    <p class='ocr_par' dir='ltr' id='par_1_80' title="bbox 2085 1792 3665 1863">
     <span class='ocr_line' id='line_1_83' title="bbox 2085 1792 3665 1863; baseline 0.003 -18"><span class='ocrx_word' id='word_1_552' title='bbox 2085 1793 2228 1855; x_wconf 88' lang='lat' dir='ltr'><strong>terit,</strong></span> <span class='ocrx_word' id='word_1_553' title='bbox 2267 1807 2456 1847; x_wconf 84' lang='lat' dir='ltr'><strong>omnes</strong></span> <span class='ocrx_word' id='word_1_554' title='bbox 2490 1792 2582 1861; x_wconf 92' lang='lat' dir='ltr'><strong>qui</strong></span> <span class='ocrx_word' id='word_1_555' title='bbox 2614 1807 2824 1845; x_wconf 92' lang='lat' dir='ltr'><strong>morum</strong></span> <span class='ocrx_word' id='word_1_556' title='bbox 2859 1792 2975 1862; x_wconf 88' lang='lat' dir='ltr'><strong>ejus</strong></span> <span class='ocrx_word' id='word_1_557' title='bbox 3005 1792 3255 1863; x_wconf 87' lang='lat' dir='ltr'><strong>insignia,</strong></span> <span class='ocrx_word' id='word_1_558' title='bbox 3284 1794 3367 1847; x_wconf 90' lang='lat' dir='ltr'><strong>vel</strong></span> <span class='ocrx_word' id='word_1_559' title='bbox 3399 1795 3665 1849; x_wconf 80' lang='lat' dir='ltr'><strong>virtutum</strong></span> 
     </span>
    </p>
   </div>
   <div class='ocr_carea' id='block_1_81' title="bbox 2087 1881 3666 1953">
    <p class='ocr_par' dir='ltr' id='par_1_81' title="bbox 2087 1881 3666 1953">
     <span class='ocr_line' id='line_1_84' title="bbox 2087 1881 3666 1953; baseline 0.004 -18"><span class='ocrx_word' id='word_1_560' title='bbox 2087 1890 2282 1951; x_wconf 65' lang='lat' dir='ltr'><strong>tropaea</strong></span> <span class='ocrx_word' id='word_1_561' title='bbox 2316 1881 2574 1943; x_wconf 68' lang='lat' dir='ltr'><strong>recolitis;</strong></span> <span class='ocrx_word' id='word_1_562' title='bbox 2602 1882 2812 1952; x_wconf 88' lang='lat' dir='ltr'><strong>plenius</strong></span> <span class='ocrx_word' id='word_1_563' title='bbox 2841 1884 3161 1951; x_wconf 86' lang='lat' dir='ltr'><strong>agnovistis;</strong></span> <span class='ocrx_word' id='word_1_564' title='bbox 3206 1886 3476 1953; x_wconf 87' lang='lat' dir='ltr'><strong>quomodo</strong></span> <span class='ocrx_word' id='word_1_565' title='bbox 3510 1888 3666 1941; x_wconf 82' lang='lat' dir='ltr'><strong>scili-</strong></span> 
     </span>
    </p>
   </div>
   <div class='ocr_carea' id='block_1_82' title="bbox 2082 1971 3670 2043">
    <p class='ocr_par' dir='ltr' id='par_1_82' title="bbox 2082 1971 3670 2043">
     <span class='ocr_line' id='line_1_85' title="bbox 2082 1971 3670 2043; baseline 0.003 -16"><span class='ocrx_word' id='word_1_566' title='bbox 2082 1982 2171 2027; x_wconf 89' lang='lat' dir='ltr'><strong>cet</strong></span> <span class='ocrx_word' id='word_1_567' title='bbox 2208 1973 2259 2025; x_wconf 93' lang='lat' dir='ltr'><strong>in</strong></span> <span class='ocrx_word' id='word_1_568' title='bbox 2288 1971 2447 2042; x_wconf 83' lang='lat' dir='ltr'><strong>hujus</strong></span> <span class='ocrx_word' id='word_1_569' title='bbox 2485 1974 2607 2028; x_wconf 88' lang='lat' dir='ltr'><strong>tetri</strong></span> <span class='ocrx_word' id='word_1_570' title='bbox 2641 1972 2937 2043; x_wconf 86' lang='lat' dir='ltr'><strong>caliginoso</strong></span> <span class='ocrx_word' id='word_1_571' title='bbox 2975 1976 3155 2029; x_wconf 73' lang='lat' dir='ltr'><strong>smculi</strong></span> <span class='ocrx_word' id='word_1_572' title='bbox 3187 1991 3346 2031; x_wconf 91' lang='lat' dir='ltr'><strong>cursu</strong></span> <span class='ocrx_word' id='word_1_573' title='bbox 3387 1993 3509 2033; x_wconf 89' lang='lat' dir='ltr'><strong>sero</strong></span> <span class='ocrx_word' id='word_1_574' title='bbox 3546 1987 3670 2032; x_wconf 79' lang='lat' dir='ltr'><strong>tan—</strong></span> 
     </span>
    </p>
   </div>
   <div class='ocr_carea' id='block_1_83' title="bbox 2084 2066 3665 2142">
    <p class='ocr_par' dir='ltr' id='par_1_83' title="bbox 2084 2066 3665 2142">
     <span class='ocr_line' id='line_1_86' title="bbox 2084 2066 3665 2142; baseline 0.005 -23"><span class='ocrx_word' id='word_1_575' title='bbox 2084 2066 2206 2120; x_wconf 88' lang='lat' dir='ltr'><strong>dem</strong></span> <span class='ocrx_word' id='word_1_576' title='bbox 2248 2067 2386 2121; x_wconf 89' lang='lat' dir='ltr'><strong>sicut</strong></span> <span class='ocrx_word' id='word_1_577' title='bbox 2427 2083 2623 2121; x_wconf 87' lang='lat' dir='ltr'><strong>novum</strong></span> <span class='ocrx_word' id='word_1_578' title='bbox 2672 2068 2822 2124; x_wconf 90' lang='lat' dir='ltr'><strong>sidus</strong></span> <span class='ocrx_word' id='word_1_579' title='bbox 2860 2070 3188 2139; x_wconf 89' lang='lat' dir='ltr'><strong>apparuerit,</strong></span> <span class='ocrx_word' id='word_1_580' title='bbox 3228 2072 3472 2140; x_wconf 90' lang='lat' dir='ltr'><strong>quinimo</strong></span> <span class='ocrx_word' id='word_1_581' title='bbox 3503 2075 3665 2142; x_wconf 87' lang='lat' dir='ltr'><strong>quasi</strong></span> 
     </span>
    </p>
   </div>
   <div class='ocr_carea' id='block_1_84' title="bbox 2084 2154 3661 2227">
    <p class='ocr_par' dir='ltr' id='par_1_84' title="bbox 2084 2154 3661 2227">
     <span class='ocr_line' id='line_1_87' title="bbox 2084 2154 3661 2227; baseline 0.004 -19"><span class='ocrx_word' id='word_1_582' title='bbox 2084 2154 2320 2211; x_wconf 57' lang='lat' dir='ltr'><strong>Phoebus</strong></span> <span class='ocrx_word' id='word_1_583' title='bbox 2374 2157 2424 2210; x_wconf 90' lang='lat' dir='ltr'><strong>in</strong></span> <span class='ocrx_word' id='word_1_584' title='bbox 2472 2157 2671 2212; x_wconf 74' lang='lat' dir='ltr'><strong>:cthere</strong></span> <span class='ocrx_word' id='word_1_585' title='bbox 2716 2174 2827 2227; x_wconf 63' lang='lat' dir='ltr'><strong>pra:</strong></span> <span class='ocrx_word' id='word_1_586' title='bbox 2875 2159 3081 2215; x_wconf 92' lang='lat' dir='ltr'><strong>cunctis</strong></span> <span class='ocrx_word' id='word_1_587' title='bbox 3137 2161 3301 2216; x_wconf 88' lang='lat' dir='ltr'><strong>astris</strong></span> <span class='ocrx_word' id='word_1_588' title='bbox 3363 2162 3661 2222; x_wconf 77' lang='lat' dir='ltr'><strong>effulserit;</strong></span> 
     </span>
    </p>
   </div>
   <div class='ocr_carea' id='block_1_85' title="bbox 2084 2246 3666 2322">
    <p class='ocr_par' dir='ltr' id='par_1_85' title="bbox 2084 2246 3666 2322">
     <span class='ocr_line' id='line_1_88' title="bbox 2084 2246 3666 2322; baseline 0.008 -26"><span class='ocrx_word' id='word_1_589' title='bbox 2084 2247 2353 2315; x_wconf 89' lang='lat' dir='ltr'><strong>quomodo</strong></span> <span class='ocrx_word' id='word_1_590' title='bbox 2379 2246 2522 2302; x_wconf 90' lang='lat' dir='ltr'><strong>hunc</strong></span> <span class='ocrx_word' id='word_1_591' title='bbox 2561 2262 2660 2301; x_wconf 90' lang='lat' dir='ltr'><strong>nec</strong></span> <span class='ocrx_word' id='word_1_592' title='bbox 2698 2247 2893 2302; x_wconf 83' lang='lat' dir='ltr'><strong>blanda</strong></span> <span class='ocrx_word' id='word_1_593' title='bbox 2921 2266 3146 2319; x_wconf 70' lang='lat' dir='ltr'><strong>quaeque</strong></span> <span class='ocrx_word' id='word_1_594' title='bbox 3189 2249 3438 2321; x_wconf 88' lang='lat' dir='ltr'><strong>frangere</strong></span> <span class='ocrx_word' id='word_1_595' title='bbox 3477 2262 3666 2322; x_wconf 84' lang='lat' dir='ltr'><strong>potue-</strong></span> 
     </span>
    </p>
   </div>
   <div class='ocr_carea' id='block_1_86' title="bbox 2085 2335 3663 2408">
    <p class='ocr_par' dir='ltr' id='par_1_86' title="bbox 2085 2335 3663 2408">
     <span class='ocr_line' id='line_1_89' title="bbox 2085 2335 3663 2408; baseline 0.006 -20"><span class='ocrx_word' id='word_1_596' title='bbox 2085 2335 2217 2396; x_wconf 85' lang='lat' dir='ltr'><strong>rint,</strong></span> <span class='ocrx_word' id='word_1_597' title='bbox 2259 2351 2358 2390; x_wconf 91' lang='lat' dir='ltr'><strong>nec</strong></span> <span class='ocrx_word' id='word_1_598' title='bbox 2395 2351 2587 2404; x_wconf 91' lang='lat' dir='ltr'><strong>aspera</strong></span> <span class='ocrx_word' id='word_1_599' title='bbox 2636 2340 2983 2407; x_wconf 89' lang='lat' dir='ltr'><strong>perturbare;</strong></span> <span class='ocrx_word' id='word_1_600' title='bbox 3034 2341 3303 2408; x_wconf 89' lang='lat' dir='ltr'><strong>quomodo</strong></span> <span class='ocrx_word' id='word_1_601' title='bbox 3345 2344 3513 2397; x_wconf 89' lang='lat' dir='ltr'><strong>etiam</strong></span> <span class='ocrx_word' id='word_1_602' title='bbox 3562 2360 3663 2398; x_wconf 85' lang='lat' dir='ltr'><strong>nec</strong></span> 
     </span>
    </p>
   </div>
   <div class='ocr_carea' id='block_1_87' title="bbox 2086 2427 3666 2501">
    <p class='ocr_par' dir='ltr' id='par_1_87' title="bbox 2086 2427 3666 2501">
     <span class='ocr_line' id='line_1_90' title="bbox 2086 2427 3666 2501; baseline 0.006 -22"><span class='ocrx_word' id='word_1_603' title='bbox 2086 2427 2267 2501; x_wconf 85' lang='lat' dir='ltr'><strong>mundi</strong></span> <span class='ocrx_word' id='word_1_604' title='bbox 2293 2427 2647 2497; x_wconf 88' lang='lat' dir='ltr'><strong>principibus,</strong></span> <span class='ocrx_word' id='word_1_605' title='bbox 2673 2428 2914 2483; x_wconf 81' lang='lat' dir='ltr'><strong>Michaeli</strong></span> <span class='ocrx_word' id='word_1_606' title='bbox 2942 2431 3146 2486; x_wconf 89' lang='lat' dir='ltr'><strong>scilicet</strong></span> <span class='ocrx_word' id='word_1_607' title='bbox 3176 2440 3229 2489; x_wconf 88' lang='lat' dir='ltr'><strong>et</strong></span> <span class='ocrx_word' id='word_1_608' title='bbox 3252 2431 3441 2487; x_wconf 74' lang='lat' dir='ltr'><strong>Bardze</strong></span> <span class='ocrx_word' id='word_1_609' title='bbox 3470 2444 3666 2489; x_wconf 88' lang='lat' dir='ltr'><strong>contra</strong></span> 
     </span>
    </p>
   </div>
   <div class='ocr_carea' id='block_1_88' title="bbox 2081 2513 3663 2595">
    <p class='ocr_par' dir='ltr' id='par_1_88' title="bbox 2081 2513 3663 2595">
     <span class='ocr_line' id='line_1_91' title="bbox 2081 2513 3663 2595; baseline 0.006 -26"><span class='ocrx_word' id='word_1_610' title='bbox 2081 2513 2347 2583; x_wconf 84' lang='lat' dir='ltr'><strong>justitiam</strong></span> <span class='ocrx_word' id='word_1_611' title='bbox 2390 2516 2611 2581; x_wconf 80' lang='lat' dir='ltr'><strong>faverit;</strong></span> <span class='ocrx_word' id='word_1_612' title='bbox 2655 2533 2790 2586; x_wconf 89' lang='lat' dir='ltr'><strong>quos</strong></span> <span class='ocrx_word' id='word_1_613' title='bbox 2831 2520 3107 2584; x_wconf 90' lang='lat' dir='ltr'><strong>nimirum,</strong></span> <span class='ocrx_word' id='word_1_614' title='bbox 3141 2537 3200 2577; x_wconf 88' lang='lat' dir='ltr'><strong>se</strong></span> <span class='ocrx_word' id='word_1_615' title='bbox 3238 2538 3451 2577; x_wconf 90' lang='lat' dir='ltr'><strong>murum</strong></span> <span class='ocrx_word' id='word_1_616' title='bbox 3489 2540 3663 2595; x_wconf 86' lang='lat' dir='ltr'><strong>oppo-</strong></span> 
     </span>
    </p>
   </div>
   <div class='ocr_carea' id='block_1_89' title="bbox 2086 2606 3664 2682">
    <p class='ocr_par' dir='ltr' id='par_1_89' title="bbox 2086 2606 3664 2682">
     <span class='ocr_line' id='line_1_92' title="bbox 2086 2606 3664 2682; baseline 0.008 -25"><span class='ocrx_word' id='word_1_617' title='bbox 2086 2620 2219 2659; x_wconf 89' lang='lat' dir='ltr'><strong>nens</strong></span> <span class='ocrx_word' id='word_1_618' title='bbox 2247 2620 2344 2674; x_wconf 92' lang='lat' dir='ltr'><strong>pro</strong></span> <span class='ocrx_word' id='word_1_619' title='bbox 2374 2606 2534 2660; x_wconf 88' lang='lat' dir='ltr'><strong>domo</strong></span> <span class='ocrx_word' id='word_1_620' title='bbox 2563 2606 2795 2669; x_wconf 88' lang='lat' dir='ltr'><strong>Domini,</strong></span> <span class='ocrx_word' id='word_1_621' title='bbox 2834 2623 2973 2677; x_wconf 71' lang='lat' dir='ltr'><strong>smpe</strong></span> <span class='ocrx_word' id='word_1_622' title='bbox 3014 2611 3313 2682; x_wconf 87' lang='lat' dir='ltr'><strong>redarguit,</strong></span> <span class='ocrx_word' id='word_1_623' title='bbox 3344 2622 3400 2667; x_wconf 90' lang='lat' dir='ltr'><strong>et</strong></span> <span class='ocrx_word' id='word_1_624' title='bbox 3435 2615 3519 2668; x_wconf 89' lang='lat' dir='ltr'><strong>his</strong></span> <span class='ocrx_word' id='word_1_625' title='bbox 3552 2617 3664 2669; x_wconf 90' lang='lat' dir='ltr'><strong>ini-</strong></span> 
     </span>
    </p>
   </div>
   <div class='ocr_carea' id='block_1_90' title="bbox 2084 2696 3663 2776">
    <p class='ocr_par' dir='ltr' id='par_1_90' title="bbox 2084 2696 3663 2776">
     <span class='ocr_line' id='line_1_93' title="bbox 2084 2696 3663 2776; baseline 0.007 -29"><span class='ocrx_word' id='word_1_626' title='bbox 2084 2710 2189 2763; x_wconf 91' lang='lat' dir='ltr'><strong>que</strong></span> <span class='ocrx_word' id='word_1_627' title='bbox 2236 2696 2518 2766; x_wconf 88' lang='lat' dir='ltr'><strong>agentibus</strong></span> <span class='ocrx_word' id='word_1_628' title='bbox 2564 2696 2872 2766; x_wconf 85' lang='lat' dir='ltr'><strong>frequenter</strong></span> <span class='ocrx_word' id='word_1_629' title='bbox 2919 2700 3182 2769; x_wconf 88' lang='lat' dir='ltr'><strong>intrepide</strong></span> <span class='ocrx_word' id='word_1_630' title='bbox 3224 2702 3440 2756; x_wconf 85' lang='lat' dir='ltr'><strong>restitit.</strong></span> <span class='ocrx_word' id='word_1_631' title='bbox 3494 2703 3663 2776; x_wconf 86' lang='lat' dir='ltr'><strong>Ergo,</strong></span> 
     </span>
    </p>
   </div>
   <div class='ocr_carea' id='block_1_91' title="bbox 2085 2784 3665 2865">
    <p class='ocr_par' dir='ltr' id='par_1_91' title="bbox 2085 2784 3665 2865">
     <span class='ocr_line' id='line_1_94' title="bbox 2085 2784 3665 2865; baseline 0.006 -26"><span class='ocrx_word' id='word_1_632' title='bbox 2085 2784 2416 2840; x_wconf 81' lang='lat' dir='ltr'><strong>dilectissimi</strong></span> <span class='ocrx_word' id='word_1_633' title='bbox 2460 2786 2656 2841; x_wconf 86' lang='lat' dir='ltr'><strong>fratres</strong></span> <span class='ocrx_word' id='word_1_634' title='bbox 2690 2797 2744 2841; x_wconf 92' lang='lat' dir='ltr'><strong>et</strong></span> <span class='ocrx_word' id='word_1_635' title='bbox 2782 2788 2907 2850; x_wconf 90' lang='lat' dir='ltr'><strong>ﬁlii,</strong></span> <span class='ocrx_word' id='word_1_636' title='bbox 2964 2792 3303 2847; x_wconf 85' lang='lat' dir='ltr'><strong>considerate</strong></span> <span class='ocrx_word' id='word_1_637' title='bbox 3339 2795 3464 2863; x_wconf 86' lang='lat' dir='ltr'><strong>quid</strong></span> <span class='ocrx_word' id='word_1_638' title='bbox 3493 2811 3665 2865; x_wconf 85' lang='lat' dir='ltr'><strong>super</strong></span> 
     </span>
    </p>
   </div>
   <div class='ocr_carea' id='block_1_92' title="bbox 2086 2874 3667 2954">
    <p class='ocr_par' dir='ltr' id='par_1_92' title="bbox 2086 2874 3667 2954">
     <span class='ocr_line' id='line_1_95' title="bbox 2086 2874 3667 2954; baseline 0.008 -27"><span class='ocrx_word' id='word_1_639' title='bbox 2086 2874 2388 2944; x_wconf 82' lang='lat' dir='ltr'><strong>hujusmodi</strong></span> <span class='ocrx_word' id='word_1_640' title='bbox 2432 2878 2734 2931; x_wconf 83' lang='lat' dir='ltr'><strong>temeritate</strong></span> <span class='ocrx_word' id='word_1_641' title='bbox 2768 2879 2835 2932; x_wconf 89' lang='lat' dir='ltr'><strong>sit</strong></span> <span class='ocrx_word' id='word_1_642' title='bbox 2874 2880 3027 2934; x_wconf 91' lang='lat' dir='ltr'><strong>nobis</strong></span> <span class='ocrx_word' id='word_1_643' title='bbox 3070 2883 3355 2949; x_wconf 86' lang='lat' dir='ltr'><strong>agendum,</strong></span> <span class='ocrx_word' id='word_1_644' title='bbox 3382 2884 3487 2949; x_wconf 76' lang='lat' dir='ltr'><strong>vel,</strong></span> <span class='ocrx_word' id='word_1_645' title='bbox 3528 2886 3667 2954; x_wconf 85' lang='lat' dir='ltr'><strong>quid</strong></span> 
     </span>
    </p>
   </div>
   <div class='ocr_carea' id='block_1_93' title="bbox 2086 2968 3667 3044">
    <p class='ocr_par' dir='ltr' id='par_1_93' title="bbox 2086 2968 3667 3044">
     <span class='ocr_line' id='line_1_96' title="bbox 2086 2968 3667 3044; baseline 0.006 -24"><span class='ocrx_word' id='word_1_646' title='bbox 2086 2968 2152 3021; x_wconf 88' lang='lat' dir='ltr'><strong>de</strong></span> <span class='ocrx_word' id='word_1_647' title='bbox 2183 2969 2536 3024; x_wconf 77' lang='lat' dir='ltr'><strong>conciliabula</strong></span> <span class='ocrx_word' id='word_1_648' title='bbox 2563 2970 2672 3034; x_wconf 91' lang='lat' dir='ltr'><strong>illo,</strong></span> <span class='ocrx_word' id='word_1_649' title='bbox 2700 2970 2781 3025; x_wconf 90' lang='lat' dir='ltr'><strong>vel</strong></span> <span class='ocrx_word' id='word_1_650' title='bbox 2811 2971 3052 3040; x_wconf 83' lang='lat' dir='ltr'><strong>profanis</strong></span> <span class='ocrx_word' id='word_1_651' title='bbox 3078 2974 3245 3042; x_wconf 89' lang='lat' dir='ltr'><strong>ipsius</strong></span> <span class='ocrx_word' id='word_1_652' title='bbox 3275 2976 3407 3030; x_wconf 89' lang='lat' dir='ltr'><strong>actis</strong></span> <span class='ocrx_word' id='word_1_653' title='bbox 3432 2991 3531 3044; x_wconf 85' lang='lat' dir='ltr'><strong>per</strong></span> <span class='ocrx_word' id='word_1_654' title='bbox 3560 2978 3667 3030; x_wconf 75' lang='lat' dir='ltr'><strong>nti-</strong></span> 
     </span>
    </p>
   </div>
   <div class='ocr_carea' id='block_1_94' title="bbox 2087 3065 3666 3141">
    <p class='ocr_par' dir='ltr' id='par_1_94' title="bbox 2087 3065 3666 3141">
     <span class='ocr_line' id='line_1_97' title="bbox 2087 3065 3666 3141; baseline 0.006 -23"><span class='ocrx_word' id='word_1_655' title='bbox 2087 3065 2368 3119; x_wconf 80' lang='lat' dir='ltr'><strong>nisterium</strong></span> <span class='ocrx_word' id='word_1_656' title='bbox 2396 3076 2638 3121; x_wconf 86' lang='lat' dir='ltr'><strong>nostrum</strong></span> <span class='ocrx_word' id='word_1_657' title='bbox 2676 3068 2895 3132; x_wconf 78' lang='lat' dir='ltr'><strong>existat,</strong></span> <span class='ocrx_word' id='word_1_658' title='bbox 2930 3068 3043 3124; x_wconf 89' lang='lat' dir='ltr'><strong>fore</strong></span> <span class='ocrx_word' id='word_1_659' title='bbox 3071 3070 3491 3135; x_wconf 80' lang='lat' dir='ltr'><strong>deliberandum,</strong></span> <span class='ocrx_word' id='word_1_660' title='bbox 3527 3072 3666 3141; x_wconf 87' lang='lat' dir='ltr'><strong>quid</strong></span> 
     </span>
    </p>
   </div>
   <div class='ocr_carea' id='block_1_95' title="bbox 2086 3156 3670 3230">
    <p class='ocr_par' dir='ltr' id='par_1_95' title="bbox 2086 3156 3670 3230">
     <span class='ocr_line' id='line_1_98' title="bbox 2086 3156 3670 3230; baseline 0.005 -24"><span class='ocrx_word' id='word_1_661' title='bbox 2086 3156 2248 3209; x_wconf 88' lang='lat' dir='ltr'><strong>etiam</strong></span> <span class='ocrx_word' id='word_1_662' title='bbox 2278 3157 2343 3208; x_wconf 87' lang='lat' dir='ltr'><strong>de</strong></span> <span class='ocrx_word' id='word_1_663' title='bbox 2375 3156 2441 3210; x_wconf 88' lang='lat' dir='ltr'><strong>iis</strong></span> <span class='ocrx_word' id='word_1_664' title='bbox 2466 3157 2554 3226; x_wconf 86' lang='lat' dir='ltr'><strong>qui</strong></span> <span class='ocrx_word' id='word_1_665' title='bbox 2588 3158 2966 3223; x_wconf 86' lang='lat' dir='ltr'><strong>interfuerunt,</strong></span> <span class='ocrx_word' id='word_1_666' title='bbox 2999 3159 3083 3213; x_wconf 92' lang='lat' dir='ltr'><strong>vel</strong></span> <span class='ocrx_word' id='word_1_667' title='bbox 3109 3176 3267 3214; x_wconf 87' lang='lat' dir='ltr'><strong>manu</strong></span> <span class='ocrx_word' id='word_1_668' title='bbox 3295 3162 3504 3230; x_wconf 84' lang='lat' dir='ltr'><strong>propria</strong></span> <span class='ocrx_word' id='word_1_669' title='bbox 3533 3163 3670 3216; x_wconf 83' lang='lat' dir='ltr'><strong>sub-</strong></span> 
     </span>
    </p>
   </div>
   <div class='ocr_carea' id='block_1_96' title="bbox 2085 3247 3665 3313">
    <p class='ocr_par' dir='ltr' id='par_1_96' title="bbox 2085 3247 3665 3313">
     <span class='ocr_line' id='line_1_99' title="bbox 2085 3247 3665 3313; baseline 0.005 -14"><span class='ocrx_word' id='word_1_670' title='bbox 2085 3247 2446 3313; x_wconf 59' lang='lat' dir='ltr'><strong>SLripseruut,</strong></span> <span class='ocrx_word' id='word_1_671' title='bbox 2493 3248 2573 3302; x_wconf 87' lang='lat' dir='ltr'><strong>sic</strong></span> <span class='ocrx_word' id='word_1_672' title='bbox 2622 3250 2689 3302; x_wconf 80' lang='lat' dir='ltr'><strong>ab</strong></span> <span class='ocrx_word' id='word_1_673' title='bbox 2739 3250 3089 3303; x_wconf 60' lang='lat' dir='ltr'><strong>unanimitate</strong></span> <span class='ocrx_word' id='word_1_674' title='bbox 3135 3252 3373 3306; x_wconf 89' lang='lat' dir='ltr'><strong>omnium</strong></span> <span class='ocrx_word' id='word_1_675' title='bbox 3415 3262 3665 3307; x_wconf 79' lang='lat' dir='ltr'><strong>nostrum</strong></span> 
     </span>
    </p>
   </div>
   <div class='ocr_carea' id='block_1_97' title="bbox 2085 3336 3667 3414">
    <p class='ocr_par' dir='ltr' id='par_1_97' title="bbox 2085 3336 3667 3414">
     <span class='ocr_line' id='line_1_100' title="bbox 2085 3336 3667 3414; baseline 0.006 -25"><span class='ocrx_word' id='word_1_676' title='bbox 2085 3336 2466 3402; x_wconf 79' lang='lat' dir='ltr'><strong>deﬁniendum,</strong></span> <span class='ocrx_word' id='word_1_677' title='bbox 2510 3340 2714 3393; x_wconf 89' lang='lat' dir='ltr'><strong>intente</strong></span> <span class='ocrx_word' id='word_1_678' title='bbox 2754 3348 3000 3404; x_wconf 85' lang='lat' dir='ltr'><strong>tractate,</strong></span> <span class='ocrx_word' id='word_1_679' title='bbox 3030 3350 3085 3396; x_wconf 91' lang='lat' dir='ltr'><strong>et</strong></span> <span class='ocrx_word' id='word_1_680' title='bbox 3110 3342 3277 3396; x_wconf 89' lang='lat' dir='ltr'><strong>libere</strong></span> <span class='ocrx_word' id='word_1_681' title='bbox 3313 3342 3502 3414; x_wconf 88' lang='lat' dir='ltr'><strong>singuli</strong></span> <span class='ocrx_word' id='word_1_682' title='bbox 3539 3360 3667 3411; x_wconf 73' lang='lat' dir='ltr'><strong>qua:</strong></span> 
     </span>
    </p>
   </div>
   <div class='ocr_carea' id='block_1_98' title="bbox 2085 3427 3666 3502">
    <p class='ocr_par' dir='ltr' id='par_1_98' title="bbox 2085 3427 3666 3502">
     <span class='ocr_line' id='line_1_101' title="bbox 2085 3427 3666 3502; baseline 0.005 -23"><span class='ocrx_word' id='word_1_683' title='bbox 2085 3427 2295 3480; x_wconf 88' lang='lat' dir='ltr'><strong>sentitis</strong></span> <span class='ocrx_word' id='word_1_684' title='bbox 2334 3428 2549 3481; x_wconf 85' lang='lat' dir='ltr'><strong>edicite.</strong></span> <span class='ocrx_word' id='word_1_685' title='bbox 2588 3429 2699 3498; x_wconf 87' lang='lat' dir='ltr'><strong>Ego</strong></span> <span class='ocrx_word' id='word_1_686' title='bbox 2736 3440 2913 3484; x_wconf 90' lang='lat' dir='ltr'><strong>tamen</strong></span> <span class='ocrx_word' id='word_1_687' title='bbox 2940 3446 3038 3500; x_wconf 91' lang='lat' dir='ltr'><strong>pro</strong></span> <span class='ocrx_word' id='word_1_688' title='bbox 3075 3431 3189 3501; x_wconf 87' lang='lat' dir='ltr'><strong>lege</strong></span> <span class='ocrx_word' id='word_1_689' title='bbox 3218 3433 3331 3495; x_wconf 90' lang='lat' dir='ltr'><strong>Dei,</strong></span> <span class='ocrx_word' id='word_1_690' title='bbox 3359 3448 3453 3501; x_wconf 91' lang='lat' dir='ltr'><strong>pro</strong></span> <span class='ocrx_word' id='word_1_691' title='bbox 3478 3443 3666 3502; x_wconf 80' lang='lat' dir='ltr'><strong>pater-</strong></span> 
     </span>
    </p>
   </div>
   <div class='ocr_carea' id='block_1_99' title="bbox 2085 3516 3669 3595">
    <p class='ocr_par' dir='ltr' id='par_1_99' title="bbox 2085 3516 3669 3595">
     <span class='ocr_line' id='line_1_102' title="bbox 2085 3516 3669 3595; baseline 0.008 -28"><span class='ocrx_word' id='word_1_692' title='bbox 2085 3516 2169 3570; x_wconf 92' lang='lat' dir='ltr'><strong>nis</strong></span> <span class='ocrx_word' id='word_1_693' title='bbox 2214 3520 2598 3573; x_wconf 87' lang='lat' dir='ltr'><strong>conservandis</strong></span> <span class='ocrx_word' id='word_1_694' title='bbox 2643 3521 2961 3586; x_wconf 88' lang='lat' dir='ltr'><strong>eauonibus,</strong></span> <span class='ocrx_word' id='word_1_695' title='bbox 3011 3538 3109 3591; x_wconf 90' lang='lat' dir='ltr'><strong>pro</strong></span> <span class='ocrx_word' id='word_1_696' title='bbox 3138 3526 3475 3579; x_wconf 86' lang='lat' dir='ltr'><strong>veneratione</strong></span> <span class='ocrx_word' id='word_1_697' title='bbox 3524 3541 3669 3595; x_wconf 86' lang='lat' dir='ltr'><strong>apo-</strong></span> 
     </span>
    </p>
   </div>
   <div class='ocr_carea' id='block_1_100' title="bbox 2083 3608 3665 3685">
    <p class='ocr_par' dir='ltr' id='par_1_100' title="bbox 2083 3608 3665 3685">
     <span class='ocr_line' id='line_1_103' title="bbox 2083 3608 3665 3685; baseline 0.004 -23"><span class='ocrx_word' id='word_1_698' title='bbox 2083 3608 2363 3674; x_wconf 91' lang='lat' dir='ltr'><strong>stolorum,</strong></span> <span class='ocrx_word' id='word_1_699' title='bbox 2395 3625 2491 3679; x_wconf 89' lang='lat' dir='ltr'><strong>pro</strong></span> <span class='ocrx_word' id='word_1_700' title='bbox 2518 3611 2813 3681; x_wconf 87' lang='lat' dir='ltr'><strong>privilegiis</strong></span> <span class='ocrx_word' id='word_1_701' title='bbox 2842 3612 3191 3668; x_wconf 85' lang='lat' dir='ltr'><strong>defendendis</strong></span> <span class='ocrx_word' id='word_1_702' title='bbox 3224 3616 3364 3669; x_wconf 81' lang='lat' dir='ltr'><strong>selis</strong></span> <span class='ocrx_word' id='word_1_703' title='bbox 3396 3616 3665 3685; x_wconf 84' lang='lat' dir='ltr'><strong>ipsorum,</strong></span> 
     </span>
    </p>
   </div>
   <div class='ocr_carea' id='block_1_101' title="bbox 2083 3704 3671 3777">
    <p class='ocr_par' dir='ltr' id='par_1_101' title="bbox 2083 3704 3671 3777">
     <span class='ocr_line' id='line_1_104' title="bbox 2083 3704 3671 3777; baseline 0.006 -24"><span class='ocrx_word' id='word_1_704' title='bbox 2083 3715 2287 3769; x_wconf 90' lang='lat' dir='ltr'><strong>proque</strong></span> <span class='ocrx_word' id='word_1_705' title='bbox 2334 3710 2535 3756; x_wconf 66' lang='lat' dir='ltr'><strong>sancta:</strong></span> <span class='ocrx_word' id='word_1_706' title='bbox 2574 3704 2863 3759; x_wconf 84' lang='lat' dir='ltr'><strong>mentionis</strong></span> <span class='ocrx_word' id='word_1_707' title='bbox 2899 3706 3203 3761; x_wconf 89' lang='lat' dir='ltr'><strong>decessoris</strong></span> <span class='ocrx_word' id='word_1_708' title='bbox 3243 3710 3347 3761; x_wconf 87' lang='lat' dir='ltr'><strong>mei</strong></span> <span class='ocrx_word' id='word_1_709' title='bbox 3394 3724 3545 3777; x_wconf 73' lang='lat' dir='ltr'><strong>papa:</strong></span> <span class='ocrx_word' id='word_1_710' title='bbox 3572 3708 3671 3762; x_wconf 59' lang='lat' dir='ltr'><strong>Ni-</strong></span> 
     </span>
    </p>
   </div>
   <div class='ocr_carea' id='block_1_102' title="bbox 2083 3790 3665 3867">
    <p class='ocr_par' dir='ltr' id='par_1_102' title="bbox 2083 3790 3665 3867">
     <span class='ocr_line' id='line_1_105' title="bbox 2083 3790 3665 3867; baseline 0.006 -23"><span class='ocrx_word' id='word_1_711' title='bbox 2083 3790 2220 3844; x_wconf 87' lang='lat' dir='ltr'><strong>colai</strong></span> <span class='ocrx_word' id='word_1_712' title='bbox 2256 3793 2595 3860; x_wconf 68' lang='lat' dir='ltr'><strong>praedicanda</strong></span> <span class='ocrx_word' id='word_1_713' title='bbox 2644 3796 2926 3859; x_wconf 89' lang='lat' dir='ltr'><strong>memoria,</strong></span> <span class='ocrx_word' id='word_1_714' title='bbox 2958 3805 3012 3851; x_wconf 92' lang='lat' dir='ltr'><strong>et</strong></span> <span class='ocrx_word' id='word_1_715' title='bbox 3044 3799 3392 3867; x_wconf 88' lang='lat' dir='ltr'><strong>sequentibus</strong></span> <span class='ocrx_word' id='word_1_716' title='bbox 3428 3800 3665 3863; x_wconf 90' lang='lat' dir='ltr'><strong>actibus,</strong></span> 
     </span>
    </p>
   </div>
   <div class='ocr_carea' id='block_1_103' title="bbox 2082 3879 3667 3951">
    <p class='ocr_par' dir='ltr' id='par_1_103' title="bbox 2082 3879 3667 3951">
     <span class='ocr_line' id='line_1_106' title="bbox 2082 3879 3667 3951; baseline 0.008 -20"><span class='ocrx_word' id='word_1_717' title='bbox 2082 3886 2244 3947; x_wconf 89' lang='lat' dir='ltr'><strong>atque</strong></span> <span class='ocrx_word' id='word_1_718' title='bbox 2284 3879 2620 3937; x_wconf 88' lang='lat' dir='ltr'><strong>celebrandis</strong></span> <span class='ocrx_word' id='word_1_719' title='bbox 2667 3884 3088 3951; x_wconf 87' lang='lat' dir='ltr'><strong>deﬁnitionibus,</strong></span> <span class='ocrx_word' id='word_1_720' title='bbox 3134 3903 3240 3941; x_wconf 89' lang='lat' dir='ltr'><strong>non</strong></span> <span class='ocrx_word' id='word_1_721' title='bbox 3284 3887 3453 3942; x_wconf 89' lang='lat' dir='ltr'><strong>solum</strong></span> <span class='ocrx_word' id='word_1_722' title='bbox 3504 3891 3667 3943; x_wconf 83' lang='lat' dir='ltr'><strong>varia</strong></span> 
     </span>
    </p>
   </div>
   <div class='ocr_carea' id='block_1_104' title="bbox 2082 3970 3668 4050">
    <p class='ocr_par' dir='ltr' id='par_1_104' title="bbox 2082 3970 3668 4050">
     <span class='ocr_line' id='line_1_107' title="bbox 2082 3970 3668 4050; baseline 0.008 -27"><span class='ocrx_word' id='word_1_723' title='bbox 2082 3970 2419 4026; x_wconf 88' lang='lat' dir='ltr'><strong>incommoda</strong></span> <span class='ocrx_word' id='word_1_724' title='bbox 2464 3975 2689 4050; x_wconf 84' lang='lat' dir='ltr'><strong>perpeti,</strong></span> <span class='ocrx_word' id='word_1_725' title='bbox 2733 3992 2917 4030; x_wconf 85' lang='lat' dir='ltr'><strong>verum</strong></span> <span class='ocrx_word' id='word_1_726' title='bbox 2959 3979 3120 4032; x_wconf 89' lang='lat' dir='ltr'><strong>etiam</strong></span> <span class='ocrx_word' id='word_1_727' title='bbox 3164 3996 3313 4034; x_wconf 87' lang='lat' dir='ltr'><strong>more</strong></span> <span class='ocrx_word' id='word_1_728' title='bbox 3352 3992 3668 4035; x_wconf 86' lang='lat' dir='ltr'><strong>sanctorum</strong></span> 
     </span>
    </p>
   </div>
   <div class='ocr_carea' id='block_1_105' title="bbox 2080 4063 3667 4139">
    <p class='ocr_par' dir='ltr' id='par_1_105' title="bbox 2080 4063 3667 4139">
     <span class='ocr_line' id='line_1_108' title="bbox 2080 4063 3667 4139; baseline 0.007 -25"><span class='ocrx_word' id='word_1_729' title='bbox 2080 4063 2535 4129; x_wconf 64' lang='lat' dir='ltr'><strong>praedecessorum</strong></span> <span class='ocrx_word' id='word_1_730' title='bbox 2574 4080 2816 4120; x_wconf 89' lang='lat' dir='ltr'><strong>meorum</strong></span> <span class='ocrx_word' id='word_1_731' title='bbox 2848 4066 3161 4134; x_wconf 85' lang='lat' dir='ltr'><strong>pontiﬁcum</strong></span> <span class='ocrx_word' id='word_1_732' title='bbox 3200 4069 3253 4121; x_wconf 90' lang='lat' dir='ltr'><strong>in</strong></span> <span class='ocrx_word' id='word_1_733' title='bbox 3282 4080 3530 4139; x_wconf 89' lang='lat' dir='ltr'><strong>promptu</strong></span> <span class='ocrx_word' id='word_1_734' title='bbox 3564 4072 3667 4125; x_wconf 78' lang='lat' dir='ltr'><strong>ha-</strong></span> 
     </span>
    </p>
   </div>
   <div class='ocr_carea' id='block_1_106' title="bbox 2082 4151 3498 4219">
    <p class='ocr_par' dir='ltr' id='par_1_106' title="bbox 2082 4151 3498 4219">
     <span class='ocr_line' id='line_1_109' title="bbox 2082 4151 3498 4219; baseline 0.004 -14"><span class='ocrx_word' id='word_1_735' title='bbox 2082 4151 2204 4216; x_wconf 84' lang='lat' dir='ltr'><strong>beo,</strong></span> <span class='ocrx_word' id='word_1_736' title='bbox 2234 4152 2278 4206; x_wconf 90' lang='lat' dir='ltr'><strong>si</strong></span> <span class='ocrx_word' id='word_1_737' title='bbox 2307 4167 2531 4208; x_wconf 87' lang='lat' dir='ltr'><strong>necesse</strong></span> <span class='ocrx_word' id='word_1_738' title='bbox 2559 4154 2650 4219; x_wconf 91' lang='lat' dir='ltr'><strong>sit,</strong></span> <span class='ocrx_word' id='word_1_739' title='bbox 2679 4155 2869 4209; x_wconf 86' lang='lat' dir='ltr'><strong>mortis</strong></span> <span class='ocrx_word' id='word_1_740' title='bbox 2899 4156 3168 4210; x_wconf 87' lang='lat' dir='ltr'><strong>sustinere</strong></span> <span class='ocrx_word' id='word_1_741' title='bbox 3196 4157 3498 4212; x_wconf 87' lang='lat' dir='ltr'><strong>discrimen.</strong></span> 
     </span>
    </p>
   </div>
   <div class='ocr_carea' id='block_1_107' title="bbox 2792 4266 2929 4320">
    <p class='ocr_par' dir='ltr' id='par_1_107' title="bbox 2792 4266 2929 4320">
     <span class='ocr_line' id='line_1_110' title="bbox 2792 4266 2929 4320; baseline 0.007 -1"><span class='ocrx_word' id='word_1_742' title='bbox 2792 4266 2929 4320; x_wconf 75' lang='lat' dir='ltr'><strong>XVI.</strong></span> 
     </span>
    </p>
   </div>
   <div class='ocr_carea' id='block_1_108' title="bbox 2225 4371 3511 4417">
    <p class='ocr_par' dir='ltr' id='par_1_108' title="bbox 2225 4371 3511 4417">
     <span class='ocr_line' id='line_1_111' title="bbox 2225 4371 3511 4417; baseline 0.006 -9"><span class='ocrx_word' id='word_1_743' title='bbox 2225 4371 2292 4409; x_wconf 80' lang='grc' dir='ltr'><strong>Αι)</strong></span> <span class='ocrx_word' id='word_1_744' title='bbox 2322 4372 2628 4414; x_wconf 63' lang='grc' dir='ltr'><strong>ιιικοιιλιιωι</strong></span> <span class='ocrx_word' id='word_1_745' title='bbox 2674 4374 3123 4414; x_wconf 69' lang='grc' dir='ltr'><strong>λιιοιιιεριδεοιδωι</strong></span> <span class='ocrx_word' id='word_1_746' title='bbox 3175 4376 3511 4417; x_wconf 69' lang='grc' dir='ltr'><strong>ιιιιειιειεεειι.</strong></span> 
     </span>
    </p>
   </div>
   <div class='ocr_carea' id='block_1_109' title="bbox 2583 4450 2944 4520">
    <p class='ocr_par' dir='ltr' id='par_1_109' title="bbox 2583 4450 2944 4520">
     <span class='ocr_line' id='line_1_112' title="bbox 2583 4450 2944 4520; baseline 0.006 -17"><span class='ocrx_word' id='word_1_747' title='bbox 2583 4450 2758 4518; x_wconf 88' lang='lat' dir='ltr'><strong>(Anno</strong></span> <span class='ocrx_word' id='word_1_748' title='bbox 2797 4450 2944 4520; x_wconf 84' lang='lat'><strong>868.)</strong></span> 
     </span>
    </p>
   </div>
   <div class='ocr_carea' id='block_1_110' title="bbox 2082 4539 3664 4610">
    <p class='ocr_par' dir='ltr' id='par_1_110' title="bbox 2082 4539 3664 4610">
     <span class='ocr_line' id='line_1_113' title="bbox 2082 4539 3664 4610; baseline 0.006 -15"><span class='ocrx_word' id='word_1_749' title='bbox 2082 4539 2421 4596; x_wconf 83' lang='lat' dir='ltr'><strong>Commendat</strong></span> <span class='ocrx_word' id='word_1_750' title='bbox 2457 4543 2538 4596; x_wconf 88' lang='lat' dir='ltr'><strong>illi</strong></span> <span class='ocrx_word' id='word_1_751' title='bbox 2575 4544 2843 4599; x_wconf 78' lang='lat' dir='ltr'><strong>ecclesiam</strong></span> <span class='ocrx_word' id='word_1_752' title='bbox 2885 4545 3306 4610; x_wconf 82' lang='lat' dir='ltr'><strong>Laudunensem,</strong></span> <span class='ocrx_word' id='word_1_753' title='bbox 3336 4547 3461 4600; x_wconf 83' lang='lat' dir='ltr'><strong>dum</strong></span> <span class='ocrx_word' id='word_1_754' title='bbox 3489 4547 3664 4603; x_wconf 59' lang='lat' dir='ltr'><strong>Hinc-</strong></span> 
     </span>
    </p>
   </div>
   <div class='ocr_carea' id='block_1_111' title="bbox 2153 4614 3661 4681">
    <p class='ocr_par' dir='ltr' id='par_1_111' title="bbox 2153 4614 3661 4681">
     <span class='ocr_line' id='line_1_114' title="bbox 2153 4614 3661 4681; baseline 0.005 -17"><span class='ocrx_word' id='word_1_755' title='bbox 2153 4628 2334 4665; x_wconf 83' lang='lat' dir='ltr'><strong>murus</strong></span> <span class='ocrx_word' id='word_1_756' title='bbox 2380 4614 2650 4681; x_wconf 81' lang='lat' dir='ltr'><strong>episcopus</strong></span> <span class='ocrx_word' id='word_1_757' title='bbox 2711 4614 2932 4668; x_wconf 82' lang='lat' dir='ltr'><strong>Romam</strong></span> <span class='ocrx_word' id='word_1_758' title='bbox 2999 4618 3133 4669; x_wconf 80' lang='lat' dir='ltr'><strong>venit</strong></span> <span class='ocrx_word' id='word_1_759' title='bbox 3180 4630 3199 4667; x_wconf 91' lang='lat'><strong><em>:</em></strong></span> <span class='ocrx_word' id='word_1_760' title='bbox 3230 4616 3661 4672; x_wconf 73' lang='lat' dir='ltr'><strong>Northmannum</strong></span> 
     </span>
    </p>
   </div>
   <div class='ocr_carea' id='block_1_112' title="bbox 2156 4683 3663 4758">
    <p class='ocr_par' dir='ltr' id='par_1_112' title="bbox 2156 4683 3663 4758">
     <span class='ocr_line' id='line_1_115' title="bbox 2156 4683 3663 4758; baseline 0.004 -22"><span class='ocrx_word' id='word_1_761' title='bbox 2156 4698 2293 4747; x_wconf 83' lang='lat' dir='ltr'><strong>vero,</strong></span> <span class='ocrx_word' id='word_1_762' title='bbox 2327 4683 2428 4736; x_wconf 81' lang='lat' dir='ltr'><strong>nisi</strong></span> <span class='ocrx_word' id='word_1_763' title='bbox 2475 4683 2653 4738; x_wconf 84' lang='lat' dir='ltr'><strong>ablata</strong></span> <span class='ocrx_word' id='word_1_764' title='bbox 2705 4686 2965 4750; x_wconf 80' lang='lat' dir='ltr'><strong>restituat,</strong></span> <span class='ocrx_word' id='word_1_765' title='bbox 3012 4688 3455 4741; x_wconf 74' lang='lat' dir='ltr'><strong>excommunicari</strong></span> <span class='ocrx_word' id='word_1_766' title='bbox 3484 4689 3663 4758; x_wconf 68' lang='lat' dir='ltr'><strong>jubet.</strong></span> 
     </span>
    </p>
   </div>
   <div class='ocr_carea' id='block_1_113' title="bbox 2155 4792 3719 4863">
    <p class='ocr_par' dir='ltr' id='par_1_113' title="bbox 2155 4792 3719 4863">
     <span class='ocr_line' id='line_1_116' title="bbox 2155 4792 3719 4863; baseline 0.003 -17"><span class='ocrx_word' id='word_1_767' title='bbox 2155 4793 2430 4848; x_wconf 73' lang='lat' dir='ltr'><strong>ADRIANUS</strong></span> <span class='ocrx_word' id='word_1_768' title='bbox 2459 4794 2764 4863; x_wconf 89' lang='lat' dir='ltr'><strong>episcopus,</strong></span> <span class='ocrx_word' id='word_1_769' title='bbox 2807 4811 2999 4851; x_wconf 87' lang='lat' dir='ltr'><strong>servus</strong></span> <span class='ocrx_word' id='word_1_770' title='bbox 3053 4811 3330 4851; x_wconf 76' lang='lat' dir='ltr'><strong>servorum</strong></span> <span class='ocrx_word' id='word_1_771' title='bbox 3368 4797 3484 4863; x_wconf 90' lang='lat' dir='ltr'><strong>Dei,</strong></span> <span class='ocrx_word' id='word_1_772' title='bbox 3510 4812 3667 4852; x_wconf 77' lang='lat' dir='ltr'><strong>reve—</strong></span> <span class='ocrx_word' id='word_1_773' title='bbox 3718 4792 3719 4795; x_wconf 50' lang='grc'><em>“</em></span> 
     </span>
    </p>
   </div>
   <div class='ocr_carea' id='block_1_114' title="bbox 2086 4885 3666 4946">
    <p class='ocr_par' dir='ltr' id='par_1_114' title="bbox 2086 4885 3666 4946">
     <span class='ocr_line' id='line_1_117' title="bbox 2086 4885 3666 4946; baseline 0.006 -9"><span class='ocrx_word' id='word_1_774' title='bbox 2086 4885 2395 4939; x_wconf 88' lang='lat' dir='ltr'><strong>rentissimo</strong></span> <span class='ocrx_word' id='word_1_775' title='bbox 2418 4893 2474 4940; x_wconf 91' lang='lat' dir='ltr'><strong>et</strong></span> <span class='ocrx_word' id='word_1_776' title='bbox 2498 4888 2840 4942; x_wconf 88' lang='lat' dir='ltr'><strong>sanctissimo</strong></span> <span class='ocrx_word' id='word_1_777' title='bbox 2863 4887 3121 4943; x_wconf 88' lang='lat' dir='ltr'><strong>confratri</strong></span> <span class='ocrx_word' id='word_1_778' title='bbox 3169 4897 3355 4944; x_wconf 88' lang='lat' dir='ltr'><strong>nostro</strong></span> <span class='ocrx_word' id='word_1_779' title='bbox 3377 4887 3666 4946; x_wconf 72' lang='lat' dir='ltr'><strong>Hmcuuo</strong></span> 
     </span>
    </p>
   </div>
   <div class='ocr_carea' id='block_1_115' title="bbox 2084 4976 2806 5047">
    <p class='ocr_par' dir='ltr' id='par_1_115' title="bbox 2084 4976 2806 5047">
     <span class='ocr_line' id='line_1_118' title="bbox 2084 4976 2806 5047; baseline 0.006 -18"><span class='ocrx_word' id='word_1_780' title='bbox 2084 4976 2488 5047; x_wconf 85' lang='lat' dir='ltr'><strong>archiepisc0po</strong></span> <span class='ocrx_word' id='word_1_781' title='bbox 2514 4977 2806 5033; x_wconf 80' lang='lat' dir='ltr'><strong>Rhemensi</strong></span> 
     </span>
    </p>
   </div>
   <div class='ocr_carea' id='block_1_116' title="bbox 2150 5065 3661 5140">
    <p class='ocr_par' dir='ltr' id='par_1_116' title="bbox 2150 5065 3661 5140">
     <span class='ocr_line' id='line_1_119' title="bbox 2150 5065 3661 5140; baseline 0.005 -23"><span class='ocrx_word' id='word_1_782' title='bbox 2150 5065 2413 5120; x_wconf 84' lang='lat' dir='ltr'><strong>Illustrem</strong></span> <span class='ocrx_word' id='word_1_783' title='bbox 2469 5066 2812 5122; x_wconf 81' lang='lat' dir='ltr'><strong>Hincmarum</strong></span> <span class='ocrx_word' id='word_1_784' title='bbox 2864 5067 3273 5139; x_wconf 89' lang='lat' dir='ltr'><strong>Lugdunensem</strong></span> <span class='ocrx_word' id='word_1_785' title='bbox 3325 5070 3661 5140; x_wconf 68' lang='lat' dir='ltr'><strong>episcopum.</strong></span> 
     </span>
    </p>
   </div>
   <div class='ocr_carea' id='block_1_117' title="bbox 2082 5155 3661 5228">
    <p class='ocr_par' dir='ltr' id='par_1_117' title="bbox 2082 5155 3661 5228">
     <span class='ocr_line' id='line_1_120' title="bbox 2082 5155 3661 5228; baseline 0.001 -18"><span class='ocrx_word' id='word_1_786' title='bbox 2082 5155 2347 5211; x_wconf 89' lang='lat' dir='ltr'><strong>desiderio</strong></span> <span class='ocrx_word' id='word_1_787' title='bbox 2394 5156 2730 5212; x_wconf 88' lang='lat' dir='ltr'><strong>visendorum</strong></span> <span class='ocrx_word' id='word_1_788' title='bbox 2759 5168 3066 5213; x_wconf 88' lang='lat' dir='ltr'><strong>sanctorum</strong></span> <span class='ocrx_word' id='word_1_789' title='bbox 3097 5159 3459 5228; x_wconf 84' lang='lat' dir='ltr'><strong>apostolorum</strong></span> <span class='ocrx_word' id='word_1_790' title='bbox 3512 5158 3661 5212; x_wconf 83' lang='lat' dir='ltr'><strong>limi-</strong></span> 
     </span>
    </p>
   </div>
   <div class='ocr_carea' id='block_1_118' title="bbox 2084 5248 3657 5321">
    <p class='ocr_par' dir='ltr' id='par_1_118' title="bbox 2084 5248 3657 5321">
     <span class='ocr_line' id='line_1_121' title="bbox 2084 5248 3657 5321; baseline 0.002 -20"><span class='ocrx_word' id='word_1_791' title='bbox 2084 5265 2211 5302; x_wconf 90' lang='lat' dir='ltr'><strong>num</strong></span> <span class='ocrx_word' id='word_1_792' title='bbox 2266 5248 2633 5313; x_wconf 87' lang='lat' dir='ltr'><strong>anhelantem,</strong></span> <span class='ocrx_word' id='word_1_793' title='bbox 2666 5261 2722 5304; x_wconf 89' lang='lat' dir='ltr'><strong>et</strong></span> <span class='ocrx_word' id='word_1_794' title='bbox 2773 5251 3007 5307; x_wconf 88' lang='lat' dir='ltr'><strong>libenter</strong></span> <span class='ocrx_word' id='word_1_795' title='bbox 3050 5252 3454 5321; x_wconf 85' lang='lat' dir='ltr'><strong>amplectimur,</strong></span> <span class='ocrx_word' id='word_1_796' title='bbox 3479 5262 3535 5307; x_wconf 89' lang='lat' dir='ltr'><strong>et</strong></span> <span class='ocrx_word' id='word_1_797' title='bbox 3560 5253 3657 5305; x_wconf 83' lang='lat' dir='ltr'><strong>ad-</strong></span> 
     </span>
    </p>
   </div>
   <div class='ocr_carea' id='block_1_119' title="bbox 2081 5340 3655 5405">
    <p class='ocr_par' dir='ltr' id='par_1_119' title="bbox 2081 5340 3655 5405">
     <span class='ocr_line' id='line_1_122' title="bbox 2081 5340 3655 5405; baseline 0.003 -14"><span class='ocrx_word' id='word_1_798' title='bbox 2081 5348 2300 5394; x_wconf 90' lang='lat' dir='ltr'><strong>ventum</strong></span> <span class='ocrx_word' id='word_1_799' title='bbox 2330 5340 2472 5396; x_wconf 88' lang='lat' dir='ltr'><strong>illius</strong></span> <span class='ocrx_word' id='word_1_800' title='bbox 2491 5357 2596 5395; x_wconf 91' lang='lat' dir='ltr'><strong>non</strong></span> <span class='ocrx_word' id='word_1_801' title='bbox 2619 5342 2789 5396; x_wconf 90' lang='lat' dir='ltr'><strong>solum</strong></span> <span class='ocrx_word' id='word_1_802' title='bbox 2815 5358 2921 5397; x_wconf 91' lang='lat' dir='ltr'><strong>non</strong></span> <span class='ocrx_word' id='word_1_803' title='bbox 2934 5340 3253 5405; x_wconf 79' lang='lat' dir='ltr'><strong>differimus,</strong></span> <span class='ocrx_word' id='word_1_804' title='bbox 3276 5357 3464 5397; x_wconf 87' lang='lat' dir='ltr'><strong>verum</strong></span> <span class='ocrx_word' id='word_1_805' title='bbox 3489 5343 3655 5396; x_wconf 84' lang='lat' dir='ltr'><strong>etiam</strong></span> 
     </span>
    </p>
   </div>
   <div class='ocr_carea' id='block_1_120' title="bbox 2079 5430 3658 5503">
    <p class='ocr_par' dir='ltr' id='par_1_120' title="bbox 2079 5430 3658 5503">
     <span class='ocr_line' id='line_1_123' title="bbox 2079 5430 3658 5503; baseline -0.001 -19"><span class='ocrx_word' id='word_1_806' title='bbox 2079 5446 2148 5484; x_wconf 91' lang='lat' dir='ltr'><strong>ne</strong></span> <span class='ocrx_word' id='word_1_807' title='bbox 2174 5430 2309 5485; x_wconf 76' lang='lat' dir='ltr'><strong>ultra</strong></span> <span class='ocrx_word' id='word_1_808' title='bbox 2361 5431 2624 5487; x_wconf 81' lang='lat' dir='ltr'><strong>Kalendas</strong></span> <span class='ocrx_word' id='word_1_809' title='bbox 2671 5433 2893 5503; x_wconf 76' lang='lat' dir='ltr'><strong>Augusti</strong></span> <span class='ocrx_word' id='word_1_810' title='bbox 2925 5441 3072 5487; x_wconf 89' lang='lat' dir='ltr'><strong>stare</strong></span> <span class='ocrx_word' id='word_1_811' title='bbox 3120 5434 3345 5499; x_wconf 84' lang='lat' dir='ltr'><strong>audeat,</strong></span> <span class='ocrx_word' id='word_1_812' title='bbox 3390 5432 3658 5500; x_wconf 79' lang='lat' dir='ltr'><strong>gravitate</strong></span> 
     </span>
    </p>
   </div>
   <div class='ocr_carea' id='block_1_121' title="bbox 2081 5521 3656 5591">
    <p class='ocr_par' dir='ltr' id='par_1_121' title="bbox 2081 5521 3656 5591">
     <span class='ocr_line' id='line_1_124' title="bbox 2081 5521 3656 5591; baseline -0.002 -17"><span class='ocrx_word' id='word_1_813' title='bbox 2081 5521 2394 5590; x_wconf 88' lang='lat' dir='ltr'><strong>apostolica,</strong></span> <span class='ocrx_word' id='word_1_814' title='bbox 2420 5522 2654 5578; x_wconf 89' lang='lat' dir='ltr'><strong>scientes</strong></span> <span class='ocrx_word' id='word_1_815' title='bbox 2684 5523 2830 5577; x_wconf 89' lang='lat' dir='ltr'><strong>illum</strong></span> <span class='ocrx_word' id='word_1_816' title='bbox 2863 5524 2953 5576; x_wconf 88' lang='lat' dir='ltr'><strong>tali</strong></span> <span class='ocrx_word' id='word_1_817' title='bbox 2985 5533 3112 5578; x_wconf 89' lang='lat' dir='ltr'><strong>voto</strong></span> <span class='ocrx_word' id='word_1_818' title='bbox 3133 5522 3447 5591; x_wconf 78' lang='lat' dir='ltr'><strong>spiritaliter</strong></span> <span class='ocrx_word' id='word_1_819' title='bbox 3498 5536 3656 5590; x_wconf 78' lang='lat' dir='ltr'><strong>posse</strong></span> 
     </span>
    </p>
   </div>
   <div class='ocr_carea' id='block_1_122' title="bbox 2080 5611 3656 5682">
    <p class='ocr_par' dir='ltr' id='par_1_122' title="bbox 2080 5611 3656 5682">
     <span class='ocr_line' id='line_1_125' title="bbox 2080 5611 3656 5682; baseline 0.001 -20"><span class='ocrx_word' id='word_1_820' title='bbox 2080 5611 2364 5680; x_wconf 78' lang='lat' dir='ltr'><strong>prolicere,</strong></span> <span class='ocrx_word' id='word_1_821' title='bbox 2394 5612 2760 5681; x_wconf 83' lang='lat' dir='ltr'><strong>prohibemus.</strong></span> <span class='ocrx_word' id='word_1_822' title='bbox 2793 5612 2927 5667; x_wconf 87' lang='lat' dir='ltr'><strong>Huic</strong></span> <span class='ocrx_word' id='word_1_823' title='bbox 2958 5627 3086 5682; x_wconf 86' lang='lat' dir='ltr'><strong>ergo</strong></span> <span class='ocrx_word' id='word_1_824' title='bbox 3109 5613 3161 5666; x_wconf 91' lang='lat' dir='ltr'><strong>in</strong></span> <span class='ocrx_word' id='word_1_825' title='bbox 3194 5611 3481 5674; x_wconf 68' lang='lat' dir='ltr'><strong>veniendo,</strong></span> <span class='ocrx_word' id='word_1_826' title='bbox 3514 5611 3656 5664; x_wconf 84' lang='lat' dir='ltr'><strong>sicut</strong></span> 
     </span>
    </p>
   </div>
  </div>
