3978 6160
333 282 461 337 1281

1538 285 1892 341 ertsrom;
1932 286 2019 341 ET
2060 270 2398 341 usuusu.

3469 283 3609 341 1282

337 399 631 455 auctoritas
660 398 972 468 apostolica,
997 400 1077 456 sic
1118 398 1298 454 faveat
1347 405 1401 454 et
1451 397 1770 468 episcopalis
1806 399 1911 452 hu-
1939 406 1982 461 Α
2016 406 2276 462 mentum,
2330 395 2583 466 quoniam
2634 396 3002 466 episcopatum
3039 394 3156 465 ejus
3201 395 3384 468 gloriae
3414 408 3606 455 vestrae

335 491 910 560 mat.itas:'quatenus
959 491 1304 561 episcopatus
1356 490 1475 560 ejus
1524 490 1671 544 oumi
1729 496 1911 544 careat

336 598 432 654 per
452 592 691 637 vestram
720 581 1138 637 sollicitudinem
1159 581 1505 643 detrimento,
1544 580 1669 635 dum
1692 578 1916 649 praedio-

336 682 457 728 rum
501 688 743 737 suorum,
772 686 1027 741 perverse
1068 687 1100 726 a
1144 670 1477 725 Nortmanno
1520 684 1914 740 possessorum,

336 762 657 817 liberalitate
683 769 863 816 vestra
891 776 987 830 per
1010 760 1450 815 intercessionem
1482 768 1723 814 nostram
1756 757 1918 812 fuerit

337 852 542 922 potitus
583 859 892 919 augmento.
922 847 1260 919 Quapmpter
1282 856 1335 904 et
1357 847 1750 902 Nortmannum
1781 846 1918 901 scito

338 944 660 997 auctoritate
685 942 978 1011 apostolica
1006 941 1262 995 continuo
1288 941 1356 995 ab
1379 940 1746 995 ecclesiastica
1771 954 1919 995 com—

338 1032 611 1097 munione,
635 1033 736 1086 nisi
766 1031 1175 1101 praesentialiter
1199 1047 1258 1085 se
1277 1031 1525 1085 omnibus
1550 1028 1921 1098 Lugdunensis

335 1122 592 1179 Ecclesiae
627 1124 788 1178 rebus
809 1122 1038 1185 exuerit,
1087 1135 1184 1191 per
1215 1122 1289 1176 tui
1324 1120 1439 1175 oris
1462 1119 1696 1175 cilicium
1751 1118 1928 1203 repel:

339 1213 577 1277 tendum,
607 1222 662 1268 et
712 1211 1071 1267 venerabilem
1114 1212 1295 1265 virum
1338 1209 1683 1265 Hincmarum
1712 1210 1921 1279 episco-

337 1322 486 1376 pum,
515 1307 560 1361 si
597 1306 873 1376 proposito
930 1302 1161 1358 Romam
1209 1303 1455 1359 veniendi
1507 1304 1725 1363 abusus,
1778 1303 1923 1371 quod

341 1398 477 1450 bene
525 1397 691 1460 vovit,
735 1395 964 1450 reddere
1012 1410 1119 1449 non
1165 1395 1451 1459 studuerit,
1504 1395 1924 1464 transgressoris

331 1483 552 1554 judicio,
583 1485 724 1555 quod
744 1485 889 1540 Deus
917 1485 1198 1548 averterit,
1218 1484 1567 1555 puniendum.
1601 1483 1923 1554 Quicunque

338 1578 505 1646 igitur
532 1592 561 1630 a
594 1587 834 1646 tempore
866 1590 973 1645 quo
1008 1576 1232 1630 Romam
1261 1576 1447 1631 venire
1480 1576 1727 1644 emperit,
1755 1590 1926 1645 usque

337 1669 393 1723 in
416 1669 469 1723 id
501 1685 629 1738 quo,
682 1668 900 1728 Christo
946 1667 1105 1732 duce,
1139 1667 1204 1721 ad
1235 1667 1452 1737 propria
1487 1665 1827 1727 remeaverit,
1866 1665 1923 1719 in

2014 488 2319 559 specialiter
2377 487 2703 544 servandum
2754 488 3166 553 committimus,
3209 490 3394 544 tandiu
3428 507 3607 546 seno-

2014 580 2156 634 verit
2183 586 2525 635 sacramento
2564 578 2807 649 corporis
2835 586 2891 634 et
2918 580 3200 650 sanguinis
3242 579 3451 634 Domini
3492 580 3608 636 fore

2014 656 2354 740 privandum,
2379 669 2618 739 quandiu
2649 677 2851 725 sancta:
2878 668 3221 740 Lugdunensi
3242 669 3519 736 Ecclesiae,
3534 680 3609 725 ’et

2015 759 2191 825 vobis,
2243 759 2524 830 ipsiusque
2575 758 2819 830 pontifici
2867 758 3125 831 legitime,
3176 761 3285 815 imo
3345 760 3608 816 canonice

2017 848 2181 903 fuerit
2231 848 2588 904 satisfactum.
2639 846 2901 917 Optamus
2976 849 3180 918 regiam
3234 849 3608 905 excellentiam

2016 953 2254 996 vestram
2286 926 2660 996 sanctae'sedis
2711 938 3019 1010 apostolicae
3069 940 3204 995 scita
3253 941 3606 997 consuetudi-

2017 1030 2212 1086 naliter
2232 1029 2608 1087 observantem
2628 1031 2682 1086 in
2704 1029 2921 1086 Christo
2948 1044 3162 1100 semper
3185 1030 3385 1085 valere.

2720 1163 2906 1219 XVIII.

2021 1275 2089 1312 AD
2123 1270 2385 1313 ιοιυιτιωι
2411 1269 2865 1313 ARCBIEPISCOPUI
2894 1268 3594 1311 CONSTANTINOPOLITANUM.

2617 1370 2795 1441 (Anno
2838 1364 2991 1439 869.)

2028 1480 2316 1553 Utggradu
2371 1483 2691 1553 deﬁciamur
2741 1482 2973 1553 episcopi
3026 1496 3059 1534 a
3114 1480 3304 1553 Pltotio
3355 1481 3605 1535 ordinati.

2095 1549 2358 1608 Joannem
2407 1549 2791 1623 metropolitani
2827 1549 2976 1606 Silaai
3001 1550 3353 1605 commendat.

2096 1662 2372 1719 ADRIANUS
2399 1662 2703 1734 episcopus,
2747 1677 2937 1718 servus
2977 1677 3258 1718 servorum
3307 1663 3426 1729 Dei,
3454 1679 3608 1718 reve—

337 1760 665 1829 quibuslibet
694 1762 853 1816 rebus
883 1760 1025 1815 illius
1055 1757 1331 1814 Ecclesia?
1357 1758 1632 1828 quodlibet
1670 1766 1925 1829 operatus
1955 1760 2003 1822 Β
2029 1754 2355 1810 rendissimo
2387 1762 2445 1811 et
2469 1754 2813 1810 sanctissimo
2845 1752 3105 1810 confratri
3132 1762 3188 1809 et
3235 1756 3609 1811 comministro

338 1850 502 1905 fuerit
551 1852 960 1915 detrimentum,
1040 1840 1296 1921 quoniam
1370 1850 1739 1920 episcopatum
1806 1847 1922 1917 ejus

337 1943 611 1997 sanctitati
662 1952 768 1998 tua;
820 1942 1129 2012 specialiter
1183 1949 1306 2012 post
1348 1956 1528 2011 regem
1597 1940 1921 1995 servandum

337 2033 747 2097 committimus,
783 2034 970 2089 tandiu
991 2048 1051 2088 se
1073 2033 1285 2088 noverit
1311 2042 1652 2087 sacramento
1679 2029 1923 2101 corporis

335 2130 391 2178 et
412 2123 691 2194 sanguinis
713 2123 926 2179 Domini
955 2124 1071 2180 fore
1109 2123 1451 2195 privandum,
1499 2122 1738 2192 quandiu
1798 2136 1923 2176 san-

336 2224 437 2270 ctae
458 2214 803 2287 Lugdunensi
832 2214 1107 2282 Ecclesiae,
1132 2224 1188 2271 et
1210 2215 1331 2281 tibi,
1360 2214 1640 2285 ipsiusque
1655 2212 1919 2284 pontifici,

284 2300 299 2309 ’
336 2305 596 2377 legitime,
630 2306 738 2361 imo
763 2306 1025 2361 canonice
1060 2306 1223 2361 fuerit
1250 2303 1609 2360 satisfactum.
1655 2301 1924 2373 Optamus

335 2396 680 2451 sanctitatem
705 2404 852 2451 tuam
882 2396 939 2451 in
967 2393 1188 2451 Christo
1215 2393 1354 2450 bene
1376 2393 1573 2447 valere.

1050 2526 1211 2583 XVII.

709 2633 779 2673 AD
807 2634 1055 2676 CAROLUI
1099 2634 1311 2675 ςλιγυιι
1341 2634 1541 2681 REGE“,

866 2724 869 2729 ’
954 2728 1132 2801 (Anno
1150 2727 1302 2800 868.)

338 2838 682 2896 Commendat
727 2840 837 2910 regi
888 2836 1178 2910 Ecclesigm
1205 2837 1626 2910 Laudunenserit,
1657 2835 1783 2889 dum
1811 2835 1923 2906 ejus

774 2906 1044 2980 cpiscopus
1083 2906 1298 2962 Romam
1325 2909 1483 2962 venit.

410 3024 685 3078 ADRIANUS
712 3021 1020 3092 episcopus,
1050 3034 1238 3075 servus
1259 3033 1542 3075 servorum
1580 3017 1700 3083 Dei,
1730 3015 1927 3074 dilecto

341 3113 454 3169 lilio
479 3111 695 3169 Cauete
716 3109 1176 3167 excellentissimo
1205 3108 1341 3179 regi.

410 3201 676 3257 illustrem
725 3198 1075 3254 Hincmarum
1120 3195 1530 3267 Lugdunensem
1592 3196 1924 3267 episcopum,

340 3293 613 3349 desiderio
642 3292 985 3348 visendorum
1017 3297 1327 3345 sanctorum
1367 3287 1738 3357 apostolorum
1784 3287 1927 3342 limi-

341 3393 469 3436 num
511 3382 872 3447 anhelantem,
904 3387 959 3434 et
981 3378 1212 3434 libenter
1238 3378 1626 3448 amplectimur,
1652 3387 1707 3433 et
1729 3378 1929 3434 adven-

338 3480 456 3528 tum
477 3472 619 3530 illius
642 3489 747 3528 non
773 3471 945 3533 solum
972 3485 1080 3525 non
1107 3467 1428 3533 differimus,
1451 3482 1641 3541 verum
1663 3469 1826 3523 etiam
1856 3483 1928 3523 ne

337 3566 481 3621 ultra
506 3566 775 3623 Kalendas
822 3563 1049 3637 Augusti
1079 3570 1227 3637 stare
1265 3562 1479 3625 audeat,
1507 3560 1774 3632 gravitate
1800 3575 1929 3632 apo-

338 3654 551 3721 stolica,
582 3655 820 3712 scientes
845 3655 997 3708 illum
1026 3652 1117 3708 tali
1137 3661 1264 3708 voto
1291 3651 1607 3722 Spiritaliter
1626 3665 1783 3721 posse
1795 3666 1925 3721 pro-

338 3742 535 3811 ficere,
587 3743 955 3814 prohibemus.
987 3741 1125 3797 Huic
1177 3755 1307 3814 ergo
1352 3741 1407 3795 in
1462 3741 1745 3806 veniendo,
1785 3740 1928 3795 sicut

344 3836 644 3890 auctoritas
668 3834 982 3905 apostolica,
1013 3834 1091 3888 sic
1118 3832 1296 3887 faveat
1323 3839 1377 3887 et
1407 3830 1719 3887 humanitas
1734 3832 1879 3903 regia
1907 3852 1921 3886 :

338 3936 606 3996 quatenus
631 3926 973 3997 episcopatus
992 3923 1110 3993 ejus
1143 3923 1292 3979 omni
1322 3931 1511 3979 careat
1556 3938 1657 3991 per
1680 3932 1921 3979 vestram

337 4017 753 4072 sollicitudinem
784 4017 1111 4085 detrimento
1135 4033 1148 4069 :
1177 4014 1305 4069 dum
1331 4014 1656 4086 praediorum
1673 4030 1921 4081 suorum,

335 4119 593 4179 perVerse
622 4124 651 4164 a
674 4108 1009 4164 Nortmanno
1033 4122 1430 4178 possessorum,
1480 4107 1806 4164 liberalitate
1832 4123 1922 4163 ve-

337 4208 451 4255 stra
482 4216 578 4269 per
606 4200 1051 4255 intercessionem
1101 4208 1342 4255 nostram
1387 4199 1551 4254 fuerit
1598 4200 1802 4270 potitus
1827 4217 1923 4259 au-

335 4286 574 4363 gmento.
603 4292 756 4347 Sicut
779 4292 921 4347 enim
936 4294 1232 4361 gaudemus
1252 4306 1374 4346 cum
1396 4291 1746 4349 serenitatem
1772 4301 1919 4348 tuam

336 4400 466 4456 erga
514 4394 714 4439 statum
762 4384 1211 4447 ecclesiasticum,
1267 4397 1416 4438 more
1463 4383 1916 4452 praedecessorum

2027 1855 2215 1901 nostro
2246 1844 2468 1901 [canto
2494 1844 2814 1915 patriarchae
2842 1842 3458 1914 Constantinopolitano.

2096 1934 2210 1991 Nec
2231 1935 2499 2006 scriptura
2521 1935 2779 2005 pandere,
2823 1949 2924 1990 nec
2969 1934 3209 2005 profecto
3238 1935 3420 2006 lingua
3451 1935 3605 1990 sum-

2026 2028 2102 2083 cit
2126 2041 2406 2093 enarrare,
2439 2036 2696 2097 quantas,
2726 2042 2760 2082 ο
2782 2026 3134 2082 dilectissime
3161 2026 3346 2093 frater,
3383 2044 3483 2098 pro
3505 2029 3610 2084 Ec-

2025 2117 2205 2174 clesia:
2234 2115 2844 2187 Constantinopolitanae
2866 2124 3031 2183 statu,
3056 2124 3219 2187 atque
3241 2132 3339 2189 pro
3366 2129 3455 2173 tua
3484 2133 3610 2188 spc-

2024 2208 2238 2265 cialiter
2278 2209 2576 2274 erectione,
2608 2208 2969 2264 certaminum
3022 2208 3305 2278 palmstras
3353 2210 3610 2265 decessor

2026 2314 2180 2354 meus
2224 2305 2427 2354 sanctae
2446 2286 2723 2353 memoria:
2741 2312 2881 2368 papa
2905 2297 3162 2354 Nicolaus
3208 2315 3332 2355 cum
3362 2299 3607 2369 subjecta

2026 2389 2131 2445 sibi
2160 2387 2401 2445 Ecclesia
2424 2388 2794 2445 indesinenter
2817 2388 3087 2456 exercuit,
3115 2397 3171 2445 et
3201 2404 3373 2460 usque
3400 2391 3467 2444 ad
3496 2407 3608 2446 mc-

2025 2481 2177 2538 lioris
2202 2480 2327 2536 vitae
2371 2481 2659 2536 transitum
2688 2479 2955 2546 toleravit,
2989 2481 3124 2537 adeo
3158 2474 3301 2537 utin
3350 2482 3468 2552 ipso
3495 2498 3607 2539 sua:

2026 2571 2366 2644 migrationis
2396 2569 2625 2627 articulo
2669 2586 2771 2640 pro
2817 2573 3245 2627 commendanda
3273 2586 3438 2627 causa
3485 2581 3602 2634 tua,

2025 2662 2111 2718 vel
2135 2659 2390 2718 Ecclesiae
2420 2651 2517 2716 tibi
2539 2660 2798 2717 divinitus
2826 2660 3156 2727 commissae,
3184 2675 3287 2717 nec
3315 2662 3608 2718 scribendo

2026 2753 2128 2809 sibi
2156 2751 2417 2824 pepercit,
2440 2766 2540 2807 nec
2566 2766 2666 2822 pro
2690 2750 2815 2817 hac,
2859 2752 3042 2808 sinon
3092 2752 3382 2823 loquendo,
3413 2752 3607 2810 saltem

2026 2843 2318 2909 innuendo,
2362 2842 2686 2909 cessaverit;
2721 2842 2894 2899 donec
2914 2841 3146 2899 cilicium
3192 2845 3457 2900 duntaxat
3496 2846 3610 2901 oris
3654 2912 3659 2915 _

2025 2934 2321 3001 amitteret,
2367 2942 2422 2989 et
2447 2931 2631 2989 oculos
2671 2933 2885 3004 penitus
2915 2930 3224 2989 ‘obseraret.
3271 2933 3436 3003 Cujus
3480 2931 3619 2990 affe-

2025 3034 2175 3081 ctum
2193 3033 2250 3080 et
2280 3039 2381 3080 nos
2406 3038 2622 3094 quoque
2647 3031 2946 3089 sumentes,
2974 3023 3116 3078 sicut
3137 3022 3320 3078 divina
3356 3025 3529 3096 gratia
3556 3027 3607 3081 ei

1952 3107 1998 3171 C
2029 3112 2389 3170 successimus
2412 3113 2466 3168 in
2493 3112 2717 3177 honore,
2747 3112 2821 3166 ita
2865 3121 2921 3167 et
2945 3112 3141 3167 merito
3164 3114 3528 3168 successimus
3553 3112 3611 3168 iu

2028 3200 2233 3268 labore,
2261 3209 2318 3257 et
2339 3201 2483 3258 sicut
2504 3201 2761 3256 sudorum
2799 3200 2918 3273 ejus
2946 3207 3002 3257 et
3028 3200 3448 3270 dispositionum
3484 3210 3610 3257 tunc

2029 3292 2333 3350 exstitimus
2354 3292 2870 3357 communicatores,
2886 3291 2960 3346 ita
2976 3305 3189 3361 quoque
3203 3306 3348 3347 nunc
3361 3300 3610 3361 optamus
3671 3303 3679 3309 '

2028 3392 2084 3438 et
2107 3383 2400 3454 satagimus
2438 3397 2557 3438 esse
2583 3382 2638 3437 in
2668 3381 2881 3438 cunctis
2936 3381 3334 3439 observatores.
3396 3382 3612 3448 Quanto

2028 3488 2158 3529 vero
2201 3473 2398 3545 gaudio
2427 3480 2739 3542 quantaque
2767 3472 2939 3527 simus
2985 3470 3352 3526 exsultatione
3392 3469 3609 3541 repleti,

2030 3566 2390 3636 percipientes
2416 3564 2625 3629 auditu,
2649 3563 2793 3633 quod
2823 3563 2890 3617 de
2915 3561 3162 3617 sanitatis
3190 3569 3295 3616 tute
3323 3577 3613 3631 recupera-

2032 3658 2177 3714 tione
2195 3655 2311 3727 jugi
2338 3655 2687 3728 gestabamus
2706 3652 2926 3719 affectu,
2956 3667 3058 3708 nec
3085 3666 3147 3708 os
3176 3652 3484 3722 esprimere
3511 3667 3612 3707 nec

2029 3750 2270 3805 calamus
2316 3748 2575 3819 praevalet
2618 3761 2868 3802 exarare.
2897 3744 3051 3802 Unde
3075 3745 3450 3802 benediximus
3476 3745 3607 3812 Deo,

2030 3849 2085 3895 et
2104 3840 2271 3896 totius
2296 3839 2478 3894 cordis
2507 3838 2833 3908 jubilatione
2856 3837 3215 3902 laudavimus,
3240 3837 3500 3893 excitanti
3525 3837 3606 3890 vi-

2027 3931 2222 3988 delicet
2247 3930 2428 3993 dilecti
2459 3929 2554 3983 filii
2580 3928 2752 3984 nostri
2781 3927 2965 3983 Basilii
2993 3927 3254 3998 principis
3281 3936 3335 3984 et
3377 3929 3605 4001 Augusti

2027 4019 2489 4075 ferventissimam
2531 4016 2803 4087 spiritum,
2849 4030 2955 4071 non
2997 4016 3173 4071 solum
3217 4017 3285 4071 ad
3313 4017 3609 4072 vindictam

2026 4108 2461 4172 malefactorum,
2518 4120 2707 4168 verum
2753 4106 2919 4161 etiam
2969 4106 3038 4158 ad
3086 4104 3301 4159 laudem
3334 4104 3606 4161 bonorum

2027 4200 2231 4257 scilicet
2258 4199 2349 4270 qui
2395 4198 2595 4267 eripuit
2647 4194 2949 4251 Ecclesium
2998 4195 3113 4260 Dei,
3165 4195 3292 4250 dum
3337 4196 3605 4266 quotidie,

2025 4293 2153 4363 quia
2183 4307 2289 4347 non
2312 4289 2585 4346 consensit
2619 4287 2886 4352 adultero,
2920 4286 3226 4341 traheretur
3258 4294 3365 4339 tam
3394 4285 3460 4339 ad
3487 4299 3609 4340 cor—
3694 4278 3703 4285 ⁷

2028 4382 2177 4453 poris
2220 4396 2384 4451 quam
2421 4380 2490 4434 ad
2547 4379 2742 4434 anima:
2787 4386 3042 4442 mortem,
3091 4376 3261 4432 instar
3287 4377 3473 4447 utique
3503 4375 3607 4430 Da-

335 4474 665 4545 principum,
693 4473 968 4529 liberalem
992 4484 1101 4528 tam
1126 4472 1325 4528 litteris
1363 4472 1614 4529 audimus
1645 4489 1806 4543 quam
1831 4490 1922 4529 vo-
1951 4486 2000 4545 ι)
2026 4476 2184 4533 nielis
2213 4476 2609 4531 sanctissimam
2633 4473 2914 4544 eripientis
2942 4472 3248 4528 Susannam
3276 4490 3307 4527 a
3338 4472 3606 4528 sententia

334 4566 531 4620 cibus:
574 4568 653 4622 sic
705 4567 980 4629 nimirum,
1013 4580 1134 4620 cum
1159 4579 1279 4618 eam
1312 4565 1365 4619 in
1392 4564 1574 4635 aliquo
1621 4565 1928 4621 distrahen-

334 4668 450 4711 tem
505 4667 655 4712 extra
709 4658 1151 4712 consuetudinem
1208 4672 1361 4712 suam
1389 4656 1779 4727 comperimus,
1813 4667 1925 4713 tota

333 4750 643 4804 valetudine
664 4750 1067 4805 contristamur.
1098 4749 1439 4819 Quapropter
1458 4757 1515 4804 et
1532 4748 1925 4804 Nortmannum

333 4844 476 4900 scito
513 4843 833 4897 auctoritate
859 4843 1150 4912 apostolica
1180 4842 1438 4897 continuo
1464 4843 1534 4897 ab
1559 4841 1928 4898 ecclesiastica

335 4932 736 4997 communione,
772 4933 875 4987 nisi
907 4948 966 4987 se
986 4932 1403 5002 praesentialiter
1431 4932 1683 4988 omnibus
1712 4933 1920 5007 Lugdu-

332 5022 523 5077 nensis
549 5022 794 5076 ecclesiae
822 5022 984 5077 rebus
1000 5023 1236 5087 exuerit,
1261 5022 1661 5093 repellendum;
1689 5033 1745 5078 et
1765 5038 1926 5077 vene-

334 5112 563 5168 rabilem
620 5114 793 5166 virum
839 5112 1190 5169 Hincmaruni
1219 5114 1551 5184 episcopum,
1580 5113 1626 5169 si
1651 5114 1925 5184 proposito

333 5205 569 5259 Romam
598 5205 844 5258 veniendi
878 5206 1100 5271 abusus,
1149 5207 1292 5276 quod
1321 5207 1458 5261 bene
1502 5206 1668 5269 vovit,
1700 5208 1925 5263 reddere

332 5313 444 5354 non
506 5298 794 5361 studuerit,
830 5292 1265 5368 'transgressoris
1312 5298 1546 5367 judicio,
1598 5300 1739 5368 quod
1784 5298 1924 5355 Deus

334 5389 618 5454 averterit,
675 5388 1022 5458 puniendum.
1053 5388 1372 5461 Quicunque
1411 5391 1576 5461 igitur
1596 5405 1627 5445 a
1657 5401 1920 5461 tempore,

334 5495 445 5550 quo
470 5478 695 5533 Romam
745 5480 932 5535 venire
966 5482 1213 5552 coeperit,
1241 5497 1416 5551 usque
1440 5483 1493 5536 in
1518 5482 1571 5537 id
1598 5496 1732 5552 quo,
1759 5481 1920 5538 Chri—

333 5577 422 5621 sto
448 5567 603 5633 duce,
641 5567 706 5623 ad
732 5570 949 5637 propria
979 5571 1322 5633 remeaverit,
1356 5572 1410 5625 in
1437 5571 1774 5641 quibuslibet
1827 5588 1920 5628 re-

335 5660 437 5713 bus
462 5657 604 5712 illius
642 5658 883 5715 ecclesire
924 5661 1198 5728 quodlibet
1246 5671 1501 5730 cperatus
1542 5661 1706 5718 fuerit
1750 5663 1921 5718 detri-

742 5768 1009 5827 Pn‘uon.
1040 5755 1312 5847 CXXI].

2031 4567 2241 4631 mortis,
2271 4582 2434 4635 quam
2460 4565 2718 4636 impudici
2765 4564 3092 4636 presbyteri,
3146 4565 3237 4633 qui
3285 4560 3609 4620 videbantur

2032 4672 2220 4729 regere
2267 4657 2525 4727 populum
2569 4657 2804 4721 Domini,
2843 4671 2950 4710 non
2974 4663 3152 4710 autem
3182 4656 3464 4726 regebant,
3515 4658 3608 4712 sed

2030 4750 2209 4819 potius
2230 4749 2410 4805 Photii
2436 4765 2589 4806 more
2610 4750 2927 4821 perdebant,
2952 4751 3205 4819 nequiter
3233 4759 3605 4807 extorserunt.

2030 4839 2299 4896 Praeterea
2350 4856 2472 4912 qua:
2530 4840 2785 4911 przefatus
2851 4840 3157 4910 apostolicae
3208 4837 3610 4897 recordationis

2031 4931 2272 5001 pontifex
2301 4932 2623 5003 regulariter
2647 4947 2711 4987 ac
2746 4932 3003 5003 synodico
3028 4936 3141 4987 tam'
3169 4933 3236 4988 de
3258 4934 3607 4989 schismatico

2030 5033 2086 5078 et
2114 5024 2327 5079 mazcho
2353 5023 2570 5087 Photio,
2598 5033 2655 5078 et
2699 5025 3061 5092 ordinatione,
3086 5026 3196 5083 imo
3226 5026 3603 5081 exsecratione

2028 5115 2220 5186 ipsius,
2248 5124 2408 5187 atque
2454 5114 2796 5185 Syracusano
2823 5114 3105 5187 Gregorio,
3154 5131 3314 5186 quam
3345 5116 3508 5171 etiam
3538 5115 3606 5170 de

2029 5215 2082 5260 te
2105 5205 2413 5275 specialiter
2456 5215 2513 5260 et
2545 5206 2610 5261 de
2631 5207 3087 5276 compatientibus
3133 5205 3229 5258 tibi
3282 5206 3522 5260 sanxerit
3548 5215 3604 5260 et

2027 5294 2317 5359 delmierit,
2363 5306 2551 5352 tenore
2575 5295 2782 5351 valebis
2805 5294 2921 5364 ejus
2951 5292 3318 5365 epistularum,
3347 5309 3484 5365 quas
3512 5311 3603 5349 διι-

2025 5400 2123 5454 per
2145 5384 2232 5440 bis
2252 5384 2468 5441 diverso
2492 5394 2730 5457 tempore
2745 5383 3265 5454 Constantinopolim
3285 5385 3597 5444 destinavit.

2024 5484 2274 5546 patenter
2299 5475 2562 5530 ediscere.
2596 5474 2796 5530 Verum
2823 5474 2869 5529 si
2896 5475 2962 5527 ad
2989 5473 3233 5527 notitiam
3278 5484 3381 5527 tuae
3426 5473 3595 5529 beati-

2027 5566 2230 5625 tudinis
2257 5582 2363 5622 non
2391 5574 2779 5638 pervenerunt,
2804 5580 2834 5618 a
2865 5562 3049 5619 missis
3075 5568 3278 5619 nostris
3306 5565 3404 5621 has
3451 5570 3600 5619 acci-

2028 5662 2199 5731 piens,
2241 5659 2310 5716 ad
2335 5658 2745 5716 instructionem
2786 5663 2933 5711 tuam
2978 5666 3034 5712 et
3070 5666 3479 5714 monumentum
3522 5648 3600 5710 fu-

3158 5756 3255 5821 Μ.
