3978 6160
355 264 499 320 ηδδ

1704 224 1982 313 aanimi
2022 251 2221 308 eam;
2259 254 2299 308 tt

3481 263 3622 317 l‘if‘ii

360 378 605 421 tnrorum
635 378 883 431 reserva;
914 366 1243 437 Cognoscens
1274 367 1510 433 interim,
1540 375 1593 421 et
1631 367 1932 423 certissime
1961 375 2010 431 Α
2039 367 2218 421 monia
2249 377 2336 421 tua
2372 370 2671 425 consecrati
2719 381 2865 436 sunt,
2902 384 3014 428 haec
3058 375 3231 429 forma
3286 379 3615 445 servabitur,

356 459 536 512 sciens
566 472 665 512 nos
714 473 744 511 a
778 458 1007 513 decretis
1034 458 1152 528 ejus
1184 457 1329 513 nullo
1376 458 1536 513 modo
1573 457 1928 520 discessuros,

358 548 453 600 sed
491 545 606 614 ejus
628 545 767 600 sicut
794 546 986 608 locum,
1015 547 1085 599 ita
1112 555 1165 602 et
1191 547 1426 601 studium
1459 546 1814 615 possidentes,
1852 546 1931 615 ip-

359 640 491 703 sius,
516 648 777 708 quantum
806 639 1019 693 ratione
1060 641 1318 712 magistra
1356 655 1660 711 possumus,
1704 638 1931 709 vestigia

356 738 636 784 secuturos
662 747 675 781 :
708 737 974 798 quatenus
1004 731 1070 785 ad
1100 730 1372 786 lucernam
1406 732 1782 785 mandatorum
1812 729 1931 798 ejus

331 809 408 873 ~in
437 818 594 887 hujus
624 819 900 889 caliginosi
929 820 1107 874 seculi
1141 820 1258 875 loco
1286 821 1618 889 gradientes,
1652 818 1932 874 inoffensis

353 910 600 979 pedibus,
628 904 737 963 Deo
775 910 931 975 duce,
958 910 1207 965 incedere
1230 911 1525 965 valeamus.
1567 910 1930 976 Quamobrem

353 1010 407 1051 et
436 999 486 1051 in
534 999 638 1062 his,
668 1013 830 1068 super
855 999 1050 1068 quibus
1099 1016 1130 1052 a
1162 999 1315 1054 nobis
1343 1000 1720 1068 dispositiones
1742 1009 1797 1054 et
1824 998 1932 1053 dis-

352 1093 618 1145 cretioncs
646 1093 835 1162 exigis,
860 1092 932 1146 nil
958 1095 1288 1164 sequendum
1318 1104 1514 1163 praeter
1538 1091 1654 1160 ejus
1674 1091 1931 1146 divinitus

353 1183 611 1253 inspirata
649 1184 863 1238 decreta
914 1186 1304 1255 conSpicimns;
1332 1177 1450 1255 prae
1476 1184 1729 1240 omnibus
1753 1193 1808 1238 et
1835 1198 1927 1238 sn-

350 1290 448 1343 per
493 1275 674 1329 omnia
706 1275 1026 1346 Gregorium
1083 1275 1513 1347 Syracusanum;
1562 1282 1628 1330 ‘et
1676 1274 1928 1329 Photium

353 1377 638 1436 tyrannum
667 1375 720 1421 et
741 1383 876 1437 quos
897 1368 1037 1423 idem
1068 1366 1359 1422 Photiusin
1387 1367 1556 1437 gradu
1581 1365 1821 1436 quolibet
1841 1380 1929 1420 or-

351 1460 567 1515 dinasse
598 1468 816 1530 putatus
846 1468 949 1525 est,
974 1460 1042 1514 ab
1083 1458 1461 1529 episcoporum
1487 1472 1712 1513 numero
1733 1455 1821 1511 vel
1850 1456 1929 1510 di-

349 1554 575 1622 gnitate,
628 1568 789 1622 quam
823 1552 1133 1621 usurpative
1160 1566 1225 1605 ac
1253 1549 1376 1605 ﬁcte
1397 1549 1563 1613 dedit,
1612 1547 1807 1603 merito
1837 1562 1924 1603 se—

349 1652 710 1713 questrantes.
740 1641 943 1706 Primo,
992 1642 1119 1711 quia
1150 1639 1393 1695 -Photius
1420 1638 1671 1702 Maximo,
1700 1635 1755 1693 et
1780 1637 1928 1692 ordi-

2035 468 2091 509 ιιι
2107 458 2372 533 siquidem
2395 470 2521 514 sunt
2544 462 2685 515 inter
2700 476 2793 517 eos
2813 464 2924 533 qui,
2942 467 3111 534 gratia
3130 466 3251 533 Dei,
3268 470 3617 527 confortantc

2033 548 2268 603 invasori
2302 548 2493 605 Photio
2537 554 2873 615 restiterunt,
2925 571 3021 624 per
3051 557 3367 628 nullumque
3396 562 3616 616 modum

2032 638 2427 695 inhonorantia:
2475 642 2556 696 vel
2580 645 2922 698 contumelize
2946 645 3304 703 fraternitatis
3337 659 3467 714 ιιιεε,
3517 663 3614 705 ant

2029 729 2284 798 putativae
2307 729 2629 800 depositioni
2651 736 3207 801 communicaverunt,
3233 739 3326 793 sed
3347 750 3404 795 et
3433 743 3615 797 varias

2033 825 2207 872 tecum
2236 819 2305 873 ob
2338 820 2441 874 hoc
2466 820 2841 877 tribulationes
2870 832 2925 877 et
2961 826 3172 891 exsilia,
3207 829 3336 896 quin
3365 840 3422 884 et
3448 832 3617 901 depo-

2030 910 2252 964 sitiones
2279 911 2648 979 pertulerunt;
2704 915 2805 969 hos
2853 916 3058 981 beatos,
3092 928 3147 971 et
3192 925 3277 973 ter
3302 921 3488 977 beatos
3536 925 3617 977 di-

2029 1001 2222 1065 xerim,
2251 1010 2306 1056 et
2340 1002 2482 1058 inter
2510 1004 2710 1059 Christi
2763 1006 3108 1061 confessores
3136 1015 3613 1067 connumerandos

2030 1092 2395 1158 decreverim;
2453 1095 2588 1150 adeo
2620 1104 2676 1149 ut
2711 1096 2944 1150 habeant
2996 1097 3263 1167 insignem
3291 1099 3345 1154 in
3372 1117 3458 1164 ea,
3490 1118 3613 1171 qua:

2029 1180 2169 1251 apud
2191 1197 2284 1237 vos
2310 1190 2413 1247 est,
2439 1183 2681 1238 Ecclesia
2705 1184 2904 1249 locum,
2954 1196 3007 1241 et
3033 1189 3303 1258 praecipua
3348 1192 3495 1245 circa
3526 1194 3604 1246 di-

2028 1268 2314 1325 lectionem
2338 1278 2482 1325 tuam
2511 1272 2708 1327 fiducia
2732 1273 3114 1343 perfruantur;
3134 1277 3205 1331 ita
3232 1288 3290 1331 ut
3313 1282 3608 1334 secundum

2029 1362 2428 1418 multitudinem
2476 1364 2722 1419 dolorum
2750 1367 3012 1436 ipsorum,
3063 1370 3464 1425 consolationes
3512 1383 3614 1426 tu:e

2030 1453 2244 1507 animas
2269 1466 2458 1508 eorum
2485 1453 2781 1519 leetificent,
2808 1471 2959 1510 more
2986 1457 3194 1513 scilicet
3244 1461 3335 1514 Dei
3370 1464 3462 1529 qui
3495 1464 3617 1516 red—

2031 1543 2122 1598 det
2141 1543 2367 1612 singulis
2395 1545 2695 1599 secundum
2724 1561 2887 1615 opera
2912 1548 3171 1617 ipsorum.
3199 1550 3370 1606 Porro
3401 1555 3615 1608 cazteris

2030 1632 2123 1702 qui
2152 1647 2218 1687 ex
2245 1634 2659 1689 consecratione
2699 1633 3058 1692 fraternitatis
3086 1646 3189 1691 tuae
3235 1649 3387 1705 sunt,
3417 1651 3471 1695 et
3496 1644 3613 1696 sive

350 1712 496 1791 natio
537 1734 676 1804 ejus,
714 1735 795 1787 vel
825 1734 1002 1805 potius
1052 1732 1374 1796 exsecratio,
1402 1730 1558 1785 istius
1602 1727 1929 1785 Ordinationi
1961 1712 2008 1773 Β
2035 1732 2228 1793 sponte
2249 1723 2364 1779 sive
2389 1724 2439 1778 vi
2460 1738 2518 1779 se
2545 1724 2614 1778 ad
2645 1723 2896 1807 Photium
2924 1726 3293 1790 contulerunt,
3318 1730 3363 1782 si
3398 1732 3499 1784 sub
3525 1747 3616 1783 sa-

350 1840 486 1895 pene
513 1826 564 1879 in
590 1824 797 1879 cunctis
814 1824 1025 1879 videtur
1048 1838 1167 1878 esse
1181 1820 1472 1879 simillima.
1507 1818 1775 1884 Secundo,
1798 1817 1926 1888 quia

348 1918 426 1971 sic
458 1932 516 1971 se
546 1916 705 1969 habet
732 1930 826 1984 per
856 1916 1196 1969 decessorem
1228 1926 1407 1966 meum
1437 1910 1747 1980 apostolicae
1776 1908 1925 1964 sedis
1956 1978 1959 1981 ν

348 2012 646 2072 decretum,
671 2006 822 2076 cujus
846 2006 1108 2077 judicium
1139 2019 1403 2074 nusquam
1431 2002 1752 2072 przecipiunt
1783 1998 1928 2055 sacri

348 2114 583 2153 canones
608 2097 915 2161 retractari,
945 2097 1073 2150 dum
1095 2103 1273 2149 tamen
1301 2100 1557 2147 censeant
1581 2106 1701 2145 eam
1723 2090 1778 2144 in
1802 2088 1930 2143 alio-

351 2204 468 2241 rum
492 2202 718 2257 quaeque
747 2185 1055 2241 renovanda
1101 2199 1194 2238 sett
1225 2181 1529 2237 definienda
1557 2179 1770 2251 negotia
1800 2193 1927 2249 per-

348 2280 581 2335 scrutari
613 2298 626 2334 :
661 2293 865 2347 nosque
894 2276 1166 2338 convenit,
1200 2284 1259 2329 ut
1306 2272 1660 2344 prtetulimus,
1701 2269 1818 2339 ejus
1872 2269 1927 2323 in

348 2370 597 2425 omnibus
625 2370 917 2425 constituta
947 2365 1164 2421 sectari.
1191 2364 1396 2429 Tertio,
1425 2362 1551 2433 quia
1595 2360 1818 2416 Pbotius
1845 2358 1928 2413 vir

350 2462 601 2528 forensis,
651 2448 892 2525 curialis,
944 2459 1265 2528 neophytus,
1301 2455 1536 2518 invasor,
1582 2461 1746 2522 atque
1773 2448 1927 2503 adul-

350 2566 453 2619 ter,
507 2569 607 2609 nec
637 2568 743 2607 non
791 2550 846 2607 et
882 2549 1224 2605 anathemate
1252 2546 1640 2601 condemnatus
1666 2540 1924 2607 existens,

350 2642 484 2697 nihil
528 2642 715 2697 habuit
743 2656 801 2695 se
829 2639 934 2712 [[2,
975 2654 1134 2708 quam
1184 2634 1266 2710 se]
1295 2635 1646 2705 sequentibus
1670 2631 1925 2702 propina-

349 2734 509 2789 verit.
539 2732 732 2788 Photio
763 2741 928 2797 certe,
975 2729 1293 2799 praesidente
1323 2737 1561 2789 auctore,
1593 2724 1799 2779 dictum
1842 2730 1928 2778 est

350 2824 419 2879 ab
448 2819 956 2876 anathemati'zatis:
988 2819 1347 2873 Consecratus
1368 2832 1473 2870 non
1500 2813 1674 2870 solum
1705 2829 1811 2869 non
1835 2827 1925 2868 ac-

350 2912 479 2981 cipit
510 2909 768 2981 Spiritum
817 2918 1084 2974 sanctum,
1136 2907 1230 2962 sed
1277 2914 1333 2961 et
1374 2904 1519 2976 quod
1547 2912 1703 2958 antea
1737 2901 1927 2958 habuit

319 3004 544 3061 .tlamen
575 2999 820 3055 aufertur
848 2999 914 3054 ab
939 3014 1004 3055 eo
1029 3016 1042 3052 :
1066 3012 1252 3052 verum
1276 2995 1527 3066 quamvis
1570 2995 1675 3049 hoc
1707 2992 1921 3066 tyranni

2031 1817 2340 1872 tisfactione
2362 1817 2550 1883 libelli,
2565 1817 2719 1888 cujus
2742 1818 3021 1888 exemplar
3043 1820 3221 1875 missis
3242 1823 3443 1877 nostris
3459 1840 3613 1877 com-

1991 1922 1999 1929 '
2030 1909 2298 1974 misimus,
2328 1909 2396 1984 ad
2420 1917 2471 1963 te
2502 1910 2883 1975 remeaverint,
2907 1912 3155 1980 quamvis
3176 1924 3367 1968 contra
3407 1915 3617 1984 protes-

2028 1998 2235 2054 sionem
2263 1998 2347 2053 vel
2374 1999 2826 2068 subscriptionem
2872 2016 3027 2055 snam
3055 2004 3286 2073 egerint,
3337 2020 3403 2058 ac
3433 2005 3615 2057 multi-

2004 2088 2241 2159 pliciter
2267 2089 2529 2146 adversus
2554 2106 2828 2146 summum
2856 2091 3221 2148 sacerdotium
3260 2105 3434 2160 tuum,
3463 2106 3518 2150 et
3553 2100 3610 2151 in

2029 2187 2398 2249 contemptum
2437 2180 2581 2235 sedis
2611 2181 2918 2250 apostolica:
2949 2185 3283 2248 exarserint,
3316 2200 3410 2240 eos
3439 2203 3609 2257 gene-

2029 2268 2217 2323 raliter
2268 2269 2323 2323 in
2352 2269 2465 2325 suis
2501 2270 2757 2340 gradibus
2781 2272 3184 2338 continuantes,
3219 2276 3611 2345 ignoscendum

2028 2358 2385 2415 decrevimus.
2421 2360 2675 2429 Discipuli
2704 2361 2847 2416 enim
2900 2377 3087 2418 sumus
3114 2365 3261 2419 mitis
3305 2374 3362 2419 et
3396 2368 3610 2420 miseri-

2026 2451 2209 2505 cordis
2262 2442 2525 2522 Magistri,
2566 2454 2676 2523 qui,
2743 2453 3106 2522 apostolorum
3157 2456 3400 2527 principe
3450 2467 3609 2519 teste,

2026 2557 2211 2610 passus
2241 2557 2332 2609 pro
2358 2541 2526 2607 nobis,
2559 2542 2705 2596 nobis
2740 2542 2945 2614 reliquit
2973 2546 3263 2615 exemplum
3301 2558 3355 2600 ut
3384 2564 3545 2620 sequo
3588 2580 3612 2589 -

2027 2647 2149 2684 mur
2168 2630 2381 2701 vestigia
2406 2630 2544 2701 ejus,
2584 2633 2677 2703 qui
2711 2645 2981 2702 peccatum
3007 2652 3111 2690 non
3139 2636 3284 2705 fecit,
3316 2647 3371 2691 ut
3399 2656 3493 2693 nos
3515 2642 3619 2692 sri-

2027 2719 2145 2776 licet
2174 2721 2523 2792 lucrifaceret,
2552 2740 2645 2778 nec
2668 2726 2907 2779 inventus
2932 2736 3005 2780 est
3028 2727 3180 2781 dotus
3201 2728 3256 2782 in
3284 2745 3375 2783 ore
3397 2731 3562 2799 ipsius
3588 2749 3609 2789 :

2026 2819 2074 2863 et
2096 2820 2266 2865 tamen
2281 2827 2396 2865 cum
2411 2811 2830 2879 malediceretur,
2844 2830 2947 2867 non
2972 2814 3390 2881 remaledicebat,
3409 2829 3459 2872 et
3487 2837 3612 2873 cum

2025 2910 2310 2971 pateretur,
2346 2919 2449 2956 non
2470 2902 2968 2973 comminabatur“
2993 2902 3137 2959 Petr.
3158 2906 3250 2976 tt).
3286 2905 3344 2960 Si
3374 2909 3468 2976 qui
3506 2924 3612 2961 an-

2029 2998 2139 3044 tem
2168 3005 2234 3045 ex
2265 2991 2330 3046 iis
2359 3001 2484 3046 sunt
2507 2994 2599 3063 qui
2637 2993 2795 3048 aliter
2821 2993 2903 3049 vel
2939 2995 2990 3048 in
3015 2994 3209 3061 Deum,
3234 2996 3315 3051 vel
3345 2999 3618 3055 adversus

352 3085 528 3147 Ριιόιῆ
564 3093 767 3146 dictum
797 3089 1000 3155 favore,
1032 3090 1252 3160 ipseque
1279 3103 1440 3159 super
1466 3084 1771 3154 hujusmodi
1795 3099 1924 3138 sen-
1953 3070 1999 3132 C
2029 3081 2321 3135 constituta
2371 3081 2619 3148 Patrum,
2648 3084 2773 3153 quia
2805 3092 2860 3139 et
2902 3085 3014 3154 ipsa
3046 3085 3139 3140 Dei
3165 3083 3369 3155 Spiritu
3397 3088 3619 3158 prolata

349 3184 523 3238 tentia
568 3183 885 3246 delectatus,
911 3196 1033 3236 cum
1067 3178 1204 3234 male
1229 3195 1258 3232 a
1303 3195 1360 3234 se
1386 3176 1672 3249 promotis,
1704 3175 1754 3230 ei
1798 3190 1927 3229 con-
1970 3248 1980 3253 _

333 3291 571 3331 sensum
598 3274 906 3345 praebuerit,
927 3271 1175 3343 quamvis
1197 3269 1363 3325 etiam
1403 3284 1509 3323 non
1532 3267 1618 3330 iis,
1648 3266 1712 3320 de
1734 3264 1927 3335 quibus

340 3367 456 3420 .hoc
477 3364 676 3421 frustra
702 3356 903 3419 dictum
926 3373 1009 3419 est
1037 3362 1215 3418 valeat
1243 3360 1482 3431 coaptari
1518 3377 1530 3413 :
1560 3359 1685 3429 quia
1743 3366 1925 3412 tamen

353 3457 618 3511 veraciter
640 3456 841 3510 dictum
888 3463 989 3520 est,
1022 3468 1208 3510 eorum
1246 3452 1418 3521 magis
1446 3449 1775 3505 damnationi
1805 3464 1929 3518 pro-

334 3547 439 3602 cui
468 3546 631 3601 dubio
662 3545 933 3616 congruit,
963 3544 1053 3613 qui
1100 3544 1166 3597 ab
1196 3540 1655 3596 anathematizato
1690 3546 1745 3591 et
1772 3536 1927 3590 dam-

333 3650 483 3696 nato
507 3638 724 3703 Photio,
757 3653 855 3707 per
884 3635 1278 3705 impositionem
1310 3647 1524 3697 manus,
1559 3645 1662 3684 non
1692 3630 1922 3695 lucrum,

352 3732 447 3787 sed
469 3731 662 3785 vulnus
687 3731 738 3784 in
769 3729 948 3798 capite
970 3733 1338 3795 susceperunt.
1364 3723 1420 3777 In
1451 3738 1556 3792 qtto
1579 3737 1708 3793 ergo
1726 3721 1930 3791 judicio

351 3823 745 3895 judicaverunt,
768 3819 1059 3876 secundum
1081 3816 1424 3886 Evangelium
1455 3814 1670 3885 (Matth.
1701 3816 1822 3885 vn),
1843 3814 1931 3884 jn-

354 3917 642 3971 dicandum
675 3922 760 3970 est
802 3904 888 3967 de
910 3911 1009 3975 eis,
1046 3918 1100 3963 et
1133 3910 1184 3963 in
1213 3923 1320 3977 qua
1352 3922 1605 3962 mensura
1632 3905 1929 3961 mensurati

334 4015 509 4067 sunt,“
525 4013 606 4061 est
626 4004 705 4059 eis
730 4003 914 4072 utique
955 4000 1370 4063 remeticndum,
1404 4005 1567 4069 atque
1596 4010 1694 4066 pro
1734 4011 1930 4066 magno

356 4097 461 4151 illis
485 4095 811 4154 habendum,
838 4093 881 4147 si
911 4090 1100 4145 saltem
1128 4104 1248 4144 sero
1277 4089 1343 4142 ad
1376 4097 1425 4142 te
1450 4095 1721 4157 pastorem
1748 4101 1927 4150 suum,

356 4203 518 4260 quem
546 4195 669 4256 post
695 4182 970 4240 Christum
999 4180 1128 4236 olim
1149 4178 1283 4247 jam,
1315 4188 1368 4231 et
1392 4192 1485 4247 per
1510 4176 1791 4231 Christum
1820 4175 1929 4227 nti-

356 4298 462 4351 que
487 4276 763 4334 consecuti
785 4280 930 4336 sunt,
957 4269 1299 4340 repedantes,
1334 4282 1397 4322 ac
1428 4267 1544 4320 sine
1570 4265 1758 4335 majori
1800 4273 1933 4337 tem-

336 4368 642 4440 .poralque
666 4364 1026 4435 promotione,
1051 4358 1286 4414 Domino
1315 4357 1545 4411 contrito
1567 4355 1731 4409 corde
1755 4353 1931 4407 humi-

338 4462 592 4530 ~li..toque
623 4457 819 4527 spiritu
845 4451 1187 4511 famulantes.
1220 4450 1358 4503 bona
1402 4447 1709 4501 studuerint
1735 4459 1926 4512 exspe-

338 4561 509 4605 «etare
540 4548 740 4602 futura.
777 4544 1043 4600 thterum
1065 4541 1131 4594 de
1159 4538 1324 4595 Paulo
1352 4535 1691 4598 Caesariensi,
1727 4533 1792 4589 de
1828 4547 1934 4603 quo

338 4653 541 4694 εδει-πω
567 4654 595 4692 a
626 4646 677 4691 te
716 4634 915 4690 multus
938 4643 1021 4688 est
1046 4631 1280 4695 habitus,
1311 4628 1549 4693 interim,
1577 4626 1718 4696 quod
1742 4626 1808 4680 de
1832 4640 1936 4679 cae-

362 4726 494 4795 teris
514 4725 605 4794 qui
656 4739 686 4777 a
712 4722 905 4777 Photio
952 4718 1182 4792 promoti
1212 4726 1359 4782 sunt,
1388 4715 1723 4771 decrevimus
1752 4714 1936 4768 obser—

362 4818 635 4882 vandnm,
643 4815 764 4886 jure
779 4814 1082 4872 statuimus.
1107 4810 1375 4865 Prmterea
1398 4806 1834 4878 persecutionum
1858 4813 1937 4859 to-

367 4907 621 4973 lerantia,
649 4905 1018 4975 vel-palaestrae
1043 4900 1396 4956 certaminum
1411 4913 1548 4969 quas
1576 4898 1835 4951 adversus
1863 4904 1939 4965 ty-

369 5014 598 5058 ranuum
622 4995 705 5050 vel
733 4996 1002 5050 mmchum
1029 5009 1127 5064 pro
1147 4993 1374 5046 veritate
1404 4986 1939 5058 multiplicitcr‘exer-

367 5093 546 5148 cuisse
570 5086 806 5151 testaris,
840 5100 993 5141 suam
1015 5085 1217 5141 habent
1240 5080 1485 5152 profecto
1526 5077 1855 5140 mercedem,
1887 5083 1942 5129 et

369 5176 870 5236 immarccscibilem
894 5174 1271 5247 prastolantur
1292 5187 1322 5226 a
1351 5170 1650 5227 caelestium
1674 5167 1939 5223 bonormn

369 5273 623 5344 largitore
649 5284 925 5328 coronam.
978 5266 1120 5322 Sane
1152 5273 1346 5320 cmtera
1378 5262 1631 5318 Ecclesia:
1678 5259 1940 5315 beneficia

374 5364 679 5436 largissime
708 5370 1090 5430 consequatur,
1123 5366 1177 5410 et
1206 5356 1412 5411 honore
1458 5349 1802 5423 competenti,
1834 5360 1940 5403 tam

372 5455 512 5524 apud
539 5463 950 5507 sanctimoniam
983 5458 1127 5502 tuam
1151 5459 1313 5515 penes
1343 5455 1551 5504 omnes,
1601 5440 1793 5494 merito
1822 5454 1944 5508 per-

373 5545 598 5599 fruatur.
636 5546 709 5599 De
739 5552 821 5597 his
845 5539 1022 5595 autem
1052 5535 1424 5593 sacerdotibus
1452 5532 1534 5586 vel
1557 5531 1768 5587 clericis
1798 5531 1887 5599 qui
1913 5546 1943 5584 a

370 5634 543 5692 beatae
572 5632 842 5689 memorize
873 5627 1174 5703 patriarcha
1222 5622 1512 5689 Methodio,
1553 5621 1637 5675 vel
1684 5637 1711 5674 a
1744 5620 1945 5677 sancti-

2032 3169 2358 3234 consistunt,
2395 3170 2687 3240 deliquisse
2718 3171 2804 3225 vel
2831 3174 3130 3228 excessisse
3158 3176 3481 3243 probantur,
3514 3179 3623 3231 hos

2027 3259 2294 3324 volumus,
2323 3260 2560 3315 adhibita
2591 3261 2692 3315 sibi
2743 3271 2927 3317 nostra
2957 3270 3170 3333 quoque
3193 3268 3544 3331 auctoritate,
3579 3286 3615 3323 a

2029 3350 2305 3418 pentificio
2333 3360 2424 3405 tuo
2444 3351 2760 3422 regulariter
2798 3355 3119 3422 examinari,
3147 3365 3201 3411 et
3251 3361 3492 3427 paternis
3515 3362 3618 3414 de-

2030 3442 2371 3499 finitionibus
2387 3446 2580 3498 amodo
2599 3453 2653 3498 et
2671 3445 2923 3515 deinceps
2939 3448 3157 3502 omnino
3179 3448 3443 3504 submitti.
3473 3453 3615 3506 Cum

2031 3533 2173 3587 enim
2200 3532 2391 3586 beatus
2417 3532 2608 3588 Petrus
2634 3534 2859 3589 Domino
2895 3551 2999 3590 non
3029 3527 3210 3592 diéat:
3240 3539 3302 3593 Si
3322 3546 3620 3609 peccaverit

2030 3622 2084 3676 in
2117 3632 2187 3684 te,
2221 3623 2314 3677 sed
2340 3623 2396 3676 in
2428 3639 2529 3687 me,
2559 3624 2723 3693 frafer
2749 3641 2913 3690 meus,
2963 3626 3223 3682 dimittam
3256 3631 3303 3684 ei
3346 3647 3511 3699 usque
3536 3649 3620 3683 se-

2033 3713 2200 3777 pties?
2249 3711 2464 3782 (Matth.
2501 3711 2657 3783 xvm)
2693 3724 2816 3783 apte
2841 3713 3001 3769 datur
3034 3716 3256 3787 intelligi
3284 3734 3348 3773 ea
3379 3736 3480 3775 nos
3507 3721 3620 3774 ira-

2032 3800 2205 3854 tribus
2260 3800 2518 3869 impunita
2558 3816 2716 3871 posse
2777 3802 3071 3869 dimittere,
3103 3821 3223 3875 quae
3273 3808 3327 3861 in
3358 3823 3475 3873 nos,
3507 3828 3621 3863 non

2030 3904 2149 3958 qua:
2172 3890 2223 3942 in
2254 3891 2558 3955 Dominum,
2579 3891 2663 3945 vel
2684 3893 2735 3945 in
2761 3892 3035 3949 Dominica
3057 3878 3371 3962 constituta,
3393 3909 3623 3967 patran-

2034 3986 2136 4032 tur.
2172 3976 2311 4032 Dicit
2337 3980 2479 4032 enim
2512 3978 2830 4048 Scriptura:
2860 3983 2922 4036 Si
2944 3987 3230 4053 peccaverit
3254 3986 3407 4040 homo
3448 3988 3504 4041 in
3527 3990 3628 4041 Iw-

2030 4070 2244 4136 minem,
2295 4072 2494 4141 rogabit
2524 4089 2616 4141 pro
2648 4088 2707 4125 eo
2746 4073 3031 4139 sacerdos;
3062 4076 3108 4127 si
3144 4086 3320 4130 autem
3350 4081 3406 4129 in
3436 4078 3613 4130 Deum

2028 4163 2333 4232 peccaverit,
2364 4164 2479 4234 quis
2507 4164 2705 4231 rogabit
2733 4180 2827 4231 pro
2857 4166 2956 4217 eo?
2981 4164 3032 4235 (I
3063 4164 3187 4234 Reg.
3218 4166 3303 4238 tt.)
3336 4166 3479 4221 Sane
3512 4168 3620 4222 hos

2031 4253 2123 4322 qui
2149 4253 2202 4306 in
2227 4251 2456 4307 nefando
2483 4252 2856 4314 conciliabula,
2886 4255 3029 4324 quod
3060 4256 3115 4309 in
3147 4257 3395 4327 injuriam
3427 4265 3485 4311 et
3512 4258 3617 4311 de—

2033 4342 2369 4410 rogationem
2412 4342 2555 4396 sedis
2581 4343 2888 4411 apostolica:
2913 4344 3371 4416 Constantinopoli
3394 4345 3618 4402 factum

1961 4406 2009 4465 D
2036 4441 2139 4496 est,
2164 4435 2462 4489 voluntarie
2483 4435 2867 4503 subscripsisse
2894 4438 3207 4506 probantur,
3235 4438 3619 4508 cujuscunque

2036 4525 2145 4578 sint
2163 4524 2371 4578 ordinis
2396 4523 2476 4579 vel
2503 4523 2872 4594 professionis,
2902 4526 3044 4579 nulla
3066 4527 3221 4581 venia
3250 4528 3442 4598 dignos
3470 4545 3613 4595 esse,

2038 4617 2139 4671 nisi
2168 4615 2332 4670 multa
2355 4616 2630 4670 miseratio
2655 4614 2915 4683 ejusdem,
2941 4634 3100 4687 quam
3122 4618 3313 4674 ltedcre
3335 4621 3437 4674 nisi
3461 4632 3610 4685 sunt,

2040 4706 2349 4777 apostolica:
2401 4707 2544 4761 sedis
2571 4715 2840 4770 occurrat,
2890 4708 3288 4763 evidentissima
3335 4710 3475 4763 ratio
3522 4711 3617 4764 (ξος

2040 4805 2159 4861 εει,
2206 4803 2263 4850 et
2309 4794 2599 4849 multifaria
2632 4796 2896 4866 majorum
2950 4799 3156 4853 sanctio
3204 4797 3488 4854 manifeste
3518 4803 3620 4853 de~

2042 4896 2327 4945 monstrat.

2112 4980 2252 5046 Quin
2308 4988 2362 5035 et
2395 4980 2714 5034 universalis
2746 4980 3082 5035 Chalcedone
3133 4980 3316 5036 habita
3376 4982 3625 5051 synodus

2043 5074 2177 5128 adeo
2206 5071 2509 5140 hujusmodi
2534 5072 2892 5127 temeritatem
2914 5072 3177 5127 detestata
3199 5082 3301 5137 est,
3324 5083 3385 5126 ut
3403 5074 3456 5129 in
3486 5090 3624 5129 scn-

2048 5163 2211 5219 tentia
2242 5179 2404 5232 quam
2435 5163 2493 5216 in‘
2520 5163 2836 5217 Dioscorum
2866 5162 3107 5232 protulit,
3131 5163 3231 5216 hoc
3250 5163 3485 5215 maxime
3514 5178 3629 5215 me-

2045 5272 2257 5310 morare
2285 5254 2547 5319 videatur,
2578 5271 2698 5309 cum
2722 5255 2788 5309 de
2821 5255 2936 5324 ipso
2961 5256 3109 5309 dicit.
3134 5258 3303 5326 (conc.
3347 5253 3625 5315 Chalced.,

2048 5359 2151 5402 act.
2183 5350 2301 5417 tu):
2335 5347 2597 5401 Secundis
2645 5349 2959 5401 excessibus
3013 5347 3249 5415 priorem
3275 5345 3625 5415 iniquitatem

2050 5442 2201 5494 valde
2248 5438 2580 5492 transcendit
2610 5458 2621 5490 :
2656 5438 2996 5506 prmsumpsit
3024 5437 3166 5491 enim
3205 5445 3258 5490 et
3308 5450 3632 5490 excommu-

2050 5531 2371 5585 nicationem
2399 5530 2604 5583 dictare
2629 5529 2886 5583 adversus
2916 5528 3311 5584 sanctissimum
3342 5535 3399 5580 et
3422 5526 3635 5581 beatis-

2051 5619 2246 5675 simam
2274 5617 2734 5688 archiepiscopum
2762 5632 2967 5688 magna:
2990 5614 3169 5671 liomte
3191 5615 3450 5673 Leonem.
3472 5615 3633 5672 Prio-
