3978 6160
381 248 517 305 Ιίὃθὶ

380 382 493 420 rem
530 374 711 420 autem
746 363 1099 433 iniquitatem,
1131 360 1451 431 pravitatem
1476 358 1661 426 utique
1696 355 1826 410 dicit
1855 355 1957 407 lues
1988 358 2036 414 Α

379 461 624 514 reticam.
661 457 816 514 Unde
843 466 970 511 nota
1001 455 1143 524 quod
1175 454 1465 507 Dioscorus
1489 449 1741 504 secundis
1767 461 1958 502 exces-

379 552 549 615 sibus,
579 565 715 620 quos
742 550 796 602 in
825 545 1385 622 excommunicatione
1431 540 1661 598 Romani
1690 553 1840 610 papae
1868 536 1958 591 di-

383 648 528 695 ctata
581 639 835 709 patravit,
892 637 1056 692 etiam
1084 635 1333 690 hzeresim
1369 631 1757 704 Entychianam
1812 628 1963 682 valde
2042 672 2043 677 η

384 730 783 785 transcendisse
843 728 1145 783 referatur:
1192 726 1322 779 hinc
1390 733 1446 777 et
1517 720 1797 776 Anatolius
1847 719 1957 772 ait:

385 820 610 895 Propter
656 821 815 874 fidem
865 834 968 872 non
1025 825 1109 871 est
1157 815 1443 868 damnatus
1486 812 1816 873 Dioscorus,
1864 808 1958 862 sed

386 904 518 982 quia
537 908 1148 968 excommunicationem
1168 905 1299 960 fecit
1318 903 1536 961 domino
1557 901 1964 969 archiepiscopo

385 1000 574 1056 Leoni.

453 1091 587 1145 Nam
617 1100 673 1146 et
696 1090 964 1144 adversus
1004 1087 1364 1143 reverentiam
1400 1069 1545 1140 tu‘am
1590 1084 1734 1137 inter
1770 1091 1966 1136 caztcra

380 1182 522 1239 hanc
545 1197 706 1235 unam
736 1179 1129 1235 calumniarum
1158 1177 1212 1231 in
1239 1185 1292 1231 te
1313 1176 1605 1236 illatarum,
1628 1170 1783 1241 quasi
1808 1185 1968 1224 accu-

380 1272 644 1327 sationem
676 1276 966 1324 texuerunt
1011 1267 1190 1322 aemuli
1243 1266 1342 1331 tui,
1374 1264 1659 1334 opinantes
1690 1259 1965 1320 videlicet,

381 1374 638 1434 tanquam
666 1363 717 1416 in
744 1367 1114 1429 contemptum
1148 1357 1460 1413 reverendae
1487 1352 1778 1408 mentionis
1818 1365 1969 1420 papa:

380 1452 655 1508 Benedicti
681 1458 919 1514 erectus,
948 1449 1000 1502 in
1031 1445 1419 1503 contumeliam
1447 1442 1611 1505 illius,
1646 1455 1745 1495 nec
1770 1439 1970 1508 episto-

379 1544 487 1598 lam
512 1543 628 1612 ejus
654 1541 947 1611 suscipere,
973 1538 1105 1594 dicti
1131 1534 1378 1592 Dioscori
1411 1548 1583 1598 more,
1602 1529 1966 1587 consenseris.

381 1635 517 1702 Quia
545 1648 676 1702 ergo
699 1633 751 1687 in
779 1645 965 1695 causa,
991 1644 1152 1699 quam
1184 1628 1238 1681 in
1268 1636 1320 1680 te
1351 1624 1652 1694 impingere
1682 1620 1970 1675 fallacibus

1591 226 1947 297 srtsroLm
1989 238 2076 294 ET
2117 230 2457 294 DECRETA.

3504 226 3636 279 12ἓῖ6

2129 353 2479 419 schismatico.
2497 348 2743 419 Capitula
2763 348 3004 419 Romana
3021 355 3203 419 contra
3222 342 3400 396 P/totii
3420 344 3643 419 pseudo-

2056 482 2059 485 _
2136 423 2391 492 synodum
2422 412 2875 492 Constantinopoli
2890 419 2950 492 in
2961 418 3168 492 synodmo
3189 412 3496 492 cunctor-tun
3519 412 3641 467 sub-

2134 482 2428 561 scriptione
2446 482 2783 561 roborentur;
2799 482 3090 561 Basiliam”
3112 485 3348 561 Petrum,
3376 482 3646 560 Zosimum

2133 572 2179 614 et
2206 553 2371 614 alium
2399 559 2658 613 Basiliam
2680 556 2804 628 petit
2827 557 2926 611 sibi
2951 557 3111 610 tradi.
3147 555 3189 606 A
3215 555 3348 607 bona
3377 553 3645 622 proposito

2137 632 2269 685 nolit
2301 631 2553 684 recedere.

2132 808 2407 863 Aunuxus
2447 807 2756 877 episcopus,
2803 820 2993 861 servus
3043 818 3321 861 servorum
3374 804 3502 867 Dei,
3537 802 3648 857 Deo

2064 899 2280 953 amabili
2304 915 2367 952 ac
2389 899 2630 969 piissimo
2655 898 2965 967 imperatori
2991 896 3207 951 Basmo
3228 896 3472 965 Augusto
3496 893 3644 947 Chii

2065 989 2395 1043 stianissimo
2423 999 2478 1042 et
2504 988 3023 1043 desiderabilissimo
3052 988 3183 1041 filio.

2137 1079 2446 1150 Legationis
2481 1079 2814 1134 excellentia:
2852 1089 2955 1133 tua:
2981 1077 3457 1149 praestantissimos
3485 1092 3651 1145 geru-

2066 1175 2147 1228 los
2173 1175 2239 1227 ad
2268 1182 2669 1228 antecessorem
2700 1186 2880 1227 meum
2912 1171 3223 1241 apostolicae
3255 1167 3650 1224 recordationis

2068 1281 2258 1337 papam
2303 1263 2582 1318 Nicolaum
2615 1263 2935 1327 destinatos,
2970 1279 3070 1317 nos
3100 1263 3230 1317 licet
3259 1260 3486 1332 indigni,
3517 1276 3651 1329 quo-

2066 1356 2210 1410 niam
2233 1355 2305 1409 ita
2333 1355 2592 1409 Dominus
2611 1354 2913 1424 imperavit,
2945 1354 3088 1408 vices
3119 1351 3235 1421 ejus
3257 1353 3438 1422 adepti
3462 1368 3650 1408 susce-

2068 1445 2246 1515 pimus
2274 1445 2694 1514 innumerasque
2744 1444 2932 1499 laudes
2960 1454 3017 1499 et
3061 1445 3359 1515 gratiarum
3406 1445 3652 1498 actiones

2070 1543 2179 1591 tota
2209 1542 2387 1589 mente
2424 1542 2641 1604 totaque
2676 1550 2900 1604 prorsus
2927 1534 3229 1588 intentione
3258 1536 3365 1591 Deo
3392 1536 3655 1603 persohic

2070 1638 2220 1688 mus;
2269 1622 2548 1687 nimirum,
2583 1623 2674 1691 qui
2730 1622 2861 1677 facit
2892 1638 3109 1693 magna,
3154 1633 3208 1677 et
3255 1624 3684 1686 inscrutabilia,.

381 1725 821 1780 accusationibus
858 1730 1226 1785 tentaverunt,
1260 1719 1333 1773 illi
1362 1716 1647 1771 veracibus
1691 1711 1966 1781 probatio-
1998 1701 2041 1759 Β
2071 1722 2126 1769 et
2156 1714 2441 1777 mirabilia,
2473 1728 2704 1783 quorum
2735 1729 2841 1770 non
2871 1723 2955 1769 est
2998 1728 3275 1780 numerus,
3308 1715 3509 1785 quique
3534 1732 3652 1770 cm-

378 1816 541 1871 nibus
565 1815 913 1870 inveuiuntur
941 1811 1180 1873 obnoxii,
1216 1810 1419 1864 idcirco
1468 1807 1568 1877 ipsi
1604 1806 1783 1876 potius
1819 1804 1970 1875 judi-

382 1907 527 1961 cium
557 1901 1097 1975 quodjudicaverunt
1120 1899 1322 1963 subire,
1372 1906 1427 1951 et
1455 1894 1779 1951 sententiam
1808 1904 1971 1962 quam

380 1993 721 2064 protulerunt
786 1991 1084 2053 incurrere,
1167 1985 1406 2040 Simonis
1457 1983 1687 2038 nexibus
1751 1980 1969 2044 irretiti,

378 2085 499 2154 iure
521 2085 738 2141 debent.
772 2083 911 2153 Ergo
941 2079 1258 2135 fraternitas
1280 2086 1370 2131 tua
1392 2083 1545 2131 curet
1590 2086 1811 2128 necesse
1865 2080 1967 2135 est,

382 2187 446 2233 ut
475 2176 865 2233 sententiarum
890 2171 1145 2242 capitula,
1189 2183 1311 2240 quae
1354 2166 1610 2238 synodice
1645 2164 1697 2219 in
1729 2162 1971 2218 Ecclesia

383 2272 505 2334 Dei,
537 2269 625 2323 ubi
671 2274 919 2323 sanctum
949 2278 1146 2334 corpus
1173 2259 1538 2331 apostolorum
1569 2258 1842 2329 principis
1869 2256 1969 2312 Pe-

386 2362 457 2414 tri
491 2356 805 2428 requiescit,
830 2368 930 2425 pro
963 2351 1254 2413 abolendis
1271 2348 1514 2420 profanis
1537 2347 1800 2411 conciliis,
1824 2344 1971 2401 Con-

385 2448 733 2520 stantinopoli
763 2464 794 2502 a
822 2447 1038 2514 Photio,
1070 2455 1181 2501 tam
1205 2445 1466 2499 adversus
1488 2442 1633 2497 sedis
1660 2439 1971 2510 apostolicae

385 2543 769 2609 reverentiam,
825 2556 990 2611 quam
1046 2539 1308 2595 adversus
1342 2533 1761 2591 sanctimoniam
1825 2541 1972 2587 tuam

387 2636 747 2707 congregatis,
780 2633 1057 2691 communi
1103 2629 1457 2688 consonantia
1483 2625 1971 2698 promulgavimus,

387 2725 530 2795 apud
568 2740 666 2780 vos
692 2724 747 2779 in
795 2724 1002 2797 synodo
1033 2729 1350 2778 cunctorum
1394 2716 1790 2787 subscriptione
1815 2716 1975 2770 robo-

387 2826 599 2881 rentur,
623 2824 679 2871 et
721 2817 777 2871 in
805 2815 1142 2886 singularum
1167 2880 1171 2886 .
1193 2810 1428 2867 archivis
1454 2808 1813 2864 ecclesiarum
1842 2822 1973 2877 pro-

386 2911 512 2965 vide
561 2908 944 2965 recondantur.
1021 2905 1302 2960 Postremo
1353 2898 1866 2956 reverendissimum
1920 2905 1977 2953 et

387 2997 792 3054 sanctissimum
817 3008 1164 3052 communem
1189 2992 1414 3046 fratrem
1435 2996 1680 3044 nostrum
1710 2987 1974 3043 Joannem

388 3089 790 3161 metropolitam
821 3086 983 3159 Sylmi
1007 3082 1328 3140 beatitudini
1360 3089 1463 3135 tute
1484 3093 1809 3149 magnopere
1829 3092 1976 3132 com-
2001 3056 2047 3117 (ἶ

391 3182 714 3237 mendamus
744 3198 758 3235 :
791 3181 858 3236 de
882 3194 991 3249 quo
1016 3175 1269 3232 videlicet
1288 3172 1681 3227 fraternitatem
1705 3180 1853 3223 tuam
1877 3183 1977 3223 no-

393 3273 575 3328 lumus
605 3273 886 3344 ignorare,
931 3267 1187 3337 quoniam
1215 3264 1628 3335 quibuscunque
1657 3259 1980 3314 maeroribus

390 3359 477 3417 vel
502 3360 766 3416 molestiis
793 3374 862 3414 ex
893 3368 972 3415 tot
996 3353 1368 3412 accidentibus
1423 3349 1577 3406 vobis
1625 3347 1980 3404 incommodis

390 3467 488 3507 cor
508 3460 756 3507 nostrum
784 3448 946 3503 fuerit
970 3447 1318 3502 vulneratum
1345 3460 1359 3497 :
1385 3441 1512 3511 quia
1546 3440 1690 3496 sicut
1716 3438 1980 3508 scriptum

391 3550 514 3597 est:
549 3539 775 3608 Legatus
803 3539 978 3607 ﬁdelis
1028 3537 1230 3592 sanitas
1266 3528 1460 3605 (Prov.
1514 3531 1667 3599 xm);
1701 3531 1775 3585 ita
1803 3529 1978 3584 medi-

393 3642 646 3689 camento
677 3631 844 3701 ipsius
869 3628 1042 3685 ﬁdelis
1073 3625 1391 3698 legationis,
1420 3622 1565 3693 quod
1595 3622 1649 3675 in
1677 3620 1831 3675 vobis
1855 3619 1980 3673 hinc

398 3725 614 3782 turbide
635 3724 889 3779 diuturna
917 3722 1193 3788 hucusque
1215 3714 1476 3771 mmstitia
1505 3711 1869 3774 sauciaverat,
1899 3717 1982 3764 est

403 3830 693 3876 sanatum:
723 3826 783 3871 ut
810 3803 946 3886 pene
970 3813 1045 3868 nil
1068 3812 1365 3874 residuum,
1415 3808 1560 3877 quod
1599 3805 1795 3861 exinde
1840 3803 1982 3857 sani-

398 3918 513 3964 tate
543 3909 805 3980 indigeat,
854 3906 996 3961 idem
1033 3904 1117 3958 vir
1168 3898 1618 3973 prudentissimus
1664 3898 1718 3950 in
1763 3904 1983 3966 pectore

397 4008 585 4054 nostro
642 3997 940 4066 reliquerit.
998 3993 1362 4062 Quamobrem
1414 3988 1784 4044 consolatione
1812 3986 1982 4040 multa

396 4091 592 4159 dignus
621 4087 920 4151 habendus,
947 4095 1003 4140 et
1039 4101 1068 4138 a
1094 4091 1279 4138 sancta
1298 4079 1641 4135 fraternitate
1663 4085 1756 4131 tua
1777 4075 1980 4146 quiete,

401 4179 708 4249 refrigerio,
754 4184 810 4230 et
840 4174 986 4230 omni
1015 4181 1097 4228 est
1122 4166 1774 4229 veneratione-ditandus,
1819 4172 1983 4233 atque

400 4271 455 4324 in
485 4266 870 4324 ecclesiasticis
913 4264 1144 4335 negotiis
1191 4259 1600 4331 diligentissime
1640 4256 1985 4312 moderandis

402 4361 661 4414 irremote
685 4357 975 4420 tenendus;
1013 4362 1233 4424 propter
1256 4366 1375 4420 qua:
1395 4349 1650 4403 videlicet
1696 4348 1810 4417 ipse
1834 4346 1979 4417 peri-

401 4451 521 4506 cula
564 4449 794 4512 infinita,
826 4465 932 4503 non
956 4448 1127 4501 solum
1155 4460 1248 4515 per
1277 4458 1444 4505 mare,
1464 4442 1558 4496 sed
1584 4450 1637 4495 et
1660 4456 1757 4510 per
1777 4440 1983 4494 aridam

405 4542 699 4614 gradiendo
750 4540 1035 4604 sustinuit;
1066 4538 1195 4608 quin
1221 4536 1403 4605 potius
1437 4549 1604 4605 penes
1648 4549 1746 4588 nos
1798 4533 1984 4587 demo-

409 4648 557 4698 rans,
588 4641 642 4687 et
668 4646 830 4686 causa
859 4628 1154 4699 tuijugiter
1182 4626 1425 4696 pulsans,
1454 4633 1510 4678 et
1559 4623 1848 4677 continuas
1896 4637 1989 4676 ηοξ

408 4725 507 4780 his.
546 4724 825 4779 molestias
854 4723 1120 4791 irrogans,
1190 4732 1367 4787 neque
1395 4714 1664 4786 quaslibet
1689 4714 1789 4767 sibi
1825 4712 1988 4767 ferias

408 4807 658 4881 contulit,
683 4831 781 4871 nec
803 4814 964 4867 ullam
996 4812 1311 4882 quotidiano
1337 4808 1506 4862 labori
1536 4814 1721 4861 nostro
1748 4806 1987 4875 requiem

409 4908 574 4962 dedit.
593 4906 848 4960 Sanctam
880 4902 1272 4956 fraternitatem
1294 4907 1527 4951 vestram
1556 4906 1806 4965 Optamus
1830 4911 1990 4957 nunc,

413 5009 470 5053 et
499 5013 734 5067 semper,
759 5005 815 5049 et
840 4996 891 5048 in
922 4993 1139 5048 Christo
1170 4990 1307 5044 bene
1327 4987 1530 5051 valere,
1560 4987 1906 5041 dilectissime
1934 5002 1994 5039 ac

412 5086 781 5142 sacratissime
809 5081 1196 5149 comminister.
1229 5079 1361 5133 Data
1392 5085 1591 5145 quarto
1648 5075 1771 5130 ldus
1822 5074 1989 5136 Junii,

415 5178 714 5232 indictione
736 5175 992 5229 secunda.

1134 5257 1255 5314 XIX

807 5369 876 5408 an
911 5366 1161 5408 nasum):
1197 5354 1600 5405 tlpsnuonsu.

1031 5466 1208 5538 (Anno
1244 5465 1394 5535 869.)

421 5587 637 5643 Gratias
665 5584 770 5654 agit
788 5583 849 5634 ob
881 5582 994 5650 ejus
1023 5581 1260 5654 pietatem
1283 5595 1406 5647 erga
1437 5578 1608 5630 sedem
1636 5573 1995 5654 apostolicam.

492 5641 921 5723 Deliitqtientiltus
966 5641 1274 5720 indulgeat,
1319 5641 1528 5716 (accepto
1578 5641 1750 5698 tamen
1808 5641 1999 5698 Piton

2047 1805 2162 1859 ;nia
2185 1806 2307 1876 jura
2352 1821 2668 1877 regnorum,
2695 1806 3044 1877 omniumque
3088 1807 3373 1862 continens
3398 1816 3653 1882 potesta-

2073 1906 2208 1960 tem,
2238 1897 2323 1952 his
2369 1906 2518 1951 tuum
2543 1897 2733 1952 diebus
2762 1897 3048 1952 suscitavit
3082 1897 3296 1953 etelitus
3348 1907 3652 1967 protectum

2074 1990 2382 2060 imperium,
2411 2004 2509 2059 per
2553 1989 2696 2057 quod
2744 1989 3040 2059 apostolica
3080 1991 3236 2044 sedes
3268 1990 3383 2059 ipso
3432 2000 3654 2045 auctore

2074 2088 2308 2150 coeptum
2353 2096 2452 2150 pro
2504 2078 2743 2134 Ecclesia
2795 2068 3391 2150 Constantinopolitana
3442 2079 3657 2149 pietatis

2073 2186 2210 2241 opus
2241 2179 2663 2235 consummaret,
2697 2177 2753 2224 et
2803 2167 2920 2238 ejus
2963 2168 3077 2237 jam
3116 2168 3336 2239 jam1uc
3372 2186 3659 2226 removens

2074 2261 2315 2318 funditus
2361 2277 2546 2318 casum
2575 2262 2921 2326 instauraret,
2953 2261 3169 2323 tandem
3218 2262 3509 2332 aliquando
3535 2281 3659 2334 gra-

2074 2354 2386 2417 tulabunda,
2421 2353 2515 2423 qui
2563 2351 2703 2407 male
2750 2352 3044 2419 ceciderat,
3093 2360 3319 2418 statum,
3349 2362 3404 2409 et
3449 2371 3658 2410 merce-

2074 2448 2250 2515 nario,
2280 2448 2525 2520 quinimo
2552 2447 2676 2518 lupo
2701 2463 2899 2519 rapace
2942 2466 3050 2506 non
3082 2448 3330 2520 parcenti
3358 2451 3533 2521 gregi,
3566 2466 3660 2518 pe-

2075 2540 2225 2595 nitus
2271 2548 2634 2610 sequestrato,
2667 2548 2935 2596 rectorem
2979 2541 3030 2595 ei
3058 2542 3304 2598 redderet
3355 2543 3658 2613 proprium,

2075 2639 2131 2686 ct
2166 2637 2443 2701 pastorem
2473 2628 2800 2686 reformaret
2845 2630 3166 2702 legitimum.
3215 2632 3400 2704 Igitur,
3426 2648 3460 2687 ι)
3495 2649 3659 2703 quam

2074 2725 2228 2780 vobis
2248 2733 2331 2779 est
2356 2724 2445 2779 illa
2470 2723 2755 2780 laudabilis
2776 2731 2831 2779 et
2853 2725 3105 2780 omnibus
3118 2727 3446 2790 veneranda,
3469 2741 3655 2795 quam,

2075 2816 2314 2886 inquam,
2346 2825 2429 2872 est
2456 2816 2612 2872 sedes
2641 2817 2938 2886 apostolica
2968 2816 3276 2883 laudabilis,
3302 2825 3357 2872 ct
3384 2820 3601 2880 merito.
3626 2836 3654 2872 a

2076 2907 2286 2962 cunctis
2311 2906 2628 2961 mortalibus
2669 2906 2966 2973 efferenda,
2991 2923 3112 2977 qua:
3144 2918 3359 2978 semper
3383 2909 3665 2964 catholicis

2077 2997 2368 3054 subvenire
2394 2996 2696 3061 consuevit,
2728 3012 2848 3067 qum
2879 3012 3094 3068 semper
3121 2997 3359 3068 gaudere
3381 3013 3502 3051 cum
3535 3016 3665 3068 gau-

2078 3089 2354 3150 dentibus,
2385 3096 2441 3143 ct
2485 3086 2614 3141 flere
2644 3103 2768 3142 cum
2799 3078 3053 3143 ﬂentibus
3098 3103 3207 3142 non
3238 3088 3501 3143 cessavit!
3558 3089 3663 3144 Sed

2077 3191 2131 3237 et
2164 3191 2243 3245 tu,
2273 3179 2403 3236 felix
2448 3181 2763 3250 imperator,
2793 3188 2848 3235 et
2895 3176 3081 3235 multis
3123 3181 3410 3250 praiconiis
3447 3181 3663 3251 dignus.

2026 3288 2037 3294 ο
2078 3270 2170 3339 qui
2192 3270 2481 3324 verborum
2506 3269 2713 3323 semina
2745 3269 3074 3334 divinorum,
3106 3285 3214 3324 non
3240 3279 3297 3324 ut
3321 3285 3450 3341 ager
3475 3270 3664 3341 petris,

2079 3371 2173 3415 aut
2221 3360 2427 3431 Spinis,
2459 3369 2553 3414 aut
2598 3360 2853 3430 vepribus
2900 3368 3231 3429 occupatus,
3278 3362 3374 3415 sed
3415 3371 3474 3415 ut
3521 3369 3667 3415 terra

2080 3451 2218 3506 bona
2267 3450 2431 3504 corde
2478 3450 2620 3504 bono
2661 3450 2998 3519 suscipiens,
3039 3448 3273 3509 fructum
3319 3450 3666 3520 multiplicem

2080 3541 2340 3607 attulisti,
2365 3549 2419 3595 et
2449 3541 2605 3610 quasi
2637 3556 2801 3595 verus
2838 3540 3214 3607 Ecclesiastes,
3244 3556 3369 3596 mox
3400 3543 3670 3612 perceptis

2082 3633 2309 3688 habenis
2384 3632 2637 3703 imperii,
2678 3631 2935 3687 Ecclesiae
2974 3633 3092 3702 paci
3160 3633 3444 3688 consulere
3496 3635 3673 3707 magis

2083 3737 2244 3792 quam
2272 3723 2339 3777 ad
2372 3731 2598 3777 caeteras
2629 3738 2719 3777 res
2744 3724 3008 3780 humanas
3033 3724 3312 3779 attendere
3339 3727 3668 3795 procurasti,

2084 3829 2149 3868 ac
2192 3829 2287 3883 per
2318 3813 2370 3867 id
2400 3813 2539 3868 alter
2578 3814 2977 3884 quodammodo
3003 3813 3281 3881 Salomon,
3314 3815 3366 3869 id
3413 3824 3499 3870 est
3525 3818 3672 3885 paci-

2082 3905 2238 3974 ﬁcus,
2270 3906 2599 3974 temporibus
2627 3904 2832 3959 nostris
2866 3905 3164 3973 apparuisti
3198 3923 3211 3957 :
3243 3905 3439 3959 audisti
3473 3907 3671 3975 quippe

2083 4000 2247 4053 verba
2279 3999 2374 4052 Dei
2406 3998 2582 4053 Patris
2623 3998 2724 4062 tui,
2755 4007 2810 4053 et
2839 4014 2946 4052 non
2985 3997 3239 4051 dimisisti
3270 3997 3445 4067 legem
3488 3997 3674 4060 Eccle-

2085 4094 2178 4147 sia:
2220 4091 2412 4146 matris
2438 4099 2577 4155 ture;
2606 4091 2742 4145 adeo
2770 4098 2848 4155 ut,
2880 4090 3022 4160 quod
3064 4089 3337 4144 decessori
3366 4098 3454 4143 tuo
3482 4105 3580 4160 pro
3609 4104 3672 4143 ea

2087 4182 2509 4252 suggerebatur,
2542 4180 2654 4250 ipse
2697 4177 3011 4250 perfeceris.
3063 4179 3131 4233 Et
3183 4180 3344 4248 quia,
3376 4179 3671 4234 secundum

2088 4274 2451 4345 Seripturam,
2483 4289 2634 4326 nemo
2669 4283 2742 4325 est
2767 4272 2855 4342 qui
2884 4271 3044 4339 possit
3074 4271 3330 4339 corrigere
3354 4286 3504 4340 quem
3532 4269 3673 4323 Deus

2012 4405 2065 4465 Β
2089 4365 2378 4435 despexerit
2430 4362 2628 4432 (Eccle.
2655 4350 2777 4430 vn),
2801 4377 2866 4416 eo
2900 4361 3221 4441 incorrecto,
3246 4360 3426 4414 divina
3448 4361 3676 4430 permis-

2092 4460 2247 4513 sione
2288 4455 2594 4517 deﬁciente,
2622 4455 2736 4523 ipse
2763 4453 3126 4531 cut-rectiones
3164 4450 3403 4520 ejusdem
3434 4451 3676 4506 ecclesia:

2094 4548 2308 4619 operari
2338 4547 2558 4616 satagis.
2579 4544 2895 4600 Intellexisti
2918 4543 3082 4605 enim,
3106 4552 3166 4597 ut
3189 4541 3383 4597 litterae
3400 4552 3503 4597 tuae
3526 4558 3677 4596 man-

2096 4637 2397 4695 suetudinis
2442 4636 2695 4701 innuunt,
2729 4634 2926 4704 quibus
2971 4631 3287 4687 vulneribus
3331 4631 3591 4695 sauciata,
3626 4640 3678 4685 te

2098 4729 2313 4785 coalitus
2334 4735 2627 4783 consecuto
2659 4726 2967 4796 imperium,
2997 4741 3117 4796 quae
3142 4724 3284 4795 apud
3311 4739 3406 4779 vos
3432 4732 3537 4789 est,
3564 4738 3680 4778 ma-

2101 4822 2265 4878 nebat
2292 4819 2565 4883 Ecclesia;
2596 4826 2653 4873 et
2679 4818 2822 4886 quod
2845 4817 2959 4871 haec
2985 4814 3141 4871 sedes
3169 4814 3539 4884 hujuscemodi
3570 4827 3678 4867 me-

2103 4913 2219 4967 deri
2254 4918 2439 4981 posset
2462 4908 2804 4974 vulneribus,
2826 4907 3103 4977 magistris
3143 4905 3264 4962 fidei
3295 4914 3495 4962 nostra:
3524 4918 3679 4956 scru-

2103 5003 2250 5066 tatis,
2267 5002 2469 5071 liquido
2496 5001 2751 5056 didicisti.
2775 5000 2949 5068 Atque
2972 4999 3093 5053 ideo
3114 4998 3229 5052 haec
3250 4995 3681 5062 curarecupiens

2104 5093 2413 5165 apostolica:
2438 5093 2583 5147 sedis
2618 5091 2818 5145 decreti
2854 5089 3149 5145 remedium
3180 5084 3469 5141 sanissime
3503 5083 3681 5149 requi-

2107 5184 2268 5248 sisti;
2305 5184 2457 5250 cujus
2498 5182 2752 5236 nimirum
2797 5178 3208 5235 medicamentis
3254 5172 3494 5228 Ecclesia
3536 5172 3680 5226 Con-

2104 5274 2599 5345 stantinopolitana,
2629 5288 2769 5343 saepe
2795 5271 3114 5341 praesulibus
3145 5267 3261 5336 ejus
3285 5263 3679 5334 languentibus,

2108 5366 2406 5425 infirmata,
2428 5362 2711 5433 pristinam
2743 5360 3058 5428 sospitatem
3086 5353 3437 5423 vigoremque
3467 5365 3682 5406 resum-

2104 5460 2229 5530 psit.
2272 5456 2406 5510 Nam
2437 5455 2756 5525 quibusdam
2800 5452 3038 5520 ipsorum
3083 5435 3470 5512 nonnunquam
3501 5458 3685 5498 erran-

2108 5551 2291 5613 tibus,
2344 5548 2665 5618 quihusdam
2728 5559 2857 5598 vero
2914 5541 3245 5595 imminentis
3293 5539 3688 5610 persecutionis

2110 5637 2808 5717 injuriam’sustinentibus,
2839 5635 2953 5688 lucc
2995 5647 3206 5703 semper
3247 5634 3533 5689 subvenire
3582 5644 3689 5685 non
