3978 6160
324 213 489 275 ’ἩΒἺ

1714 249 1998 307 ADRIANI
2041 253 2241 310 PAPaE
2284 250 2325 311 ll

3488 243 3623 300 128

360 352 589 420 destitit,
615 353 722 412 illis
746 357 952 414 scilicet
985 361 1255 416 tramitem
1279 361 1593 420 directionis
1617 364 1933 431 ostendens,
1965 373 2009 430 Α
2039 368 2166 422 dum
2223 371 2367 439 quod
2418 382 2522 425 non
2586 371 2846 427 doceatur
2888 370 3061 427 fuisse
3104 373 3398 428 collatura?
3444 372 3626 440 Neque

360 441 482 500 istis
509 445 726 516 pietatis
754 465 972 504 manum
1005 465 1218 522 semper
1243 454 1561 508 extendens.

430 535 634 607 Itaque,
666 539 739 593 fili
781 538 1103 599 eharissime
1142 554 1197 599 et
1225 546 1553 601 venerabilis
1591 561 1804 615 semper
1831 547 1941 600 Au-

358 635 532 694 guste,
564 631 797 694 noveris,
830 633 1089 703 quidquid
1112 649 1239 705 erga
1276 637 1681 692 sanctissimum
1717 637 1939 692 fratrem

324 727 413 771 ~et
459 721 832 791 coepiscOpum
868 734 1115 780 nostrum
1153 726 1437 797 lgnatium,
1467 728 1552 782 vel
1604 730 1749 783 circa
1790 730 1938 784 schi-

336 809 639 864 smatieum
676 810 947 878 Pbotium,
976 815 1232 871 divinitus
1257 818 1577 888 inspiratam
1626 830 1682 877 et
1712 820 1939 891 iustitia:

358 895 474 951 zelo
517 913 835 955 succensum
868 910 920 958 te
957 903 1159 960 litteris
1203 907 1422 963 intimas
1463 909 1754 980 peregisse,
1784 909 1939 964 nobis

354 994 409 1039 et
436 987 700 1044 universae
721 990 1156 1049 Deculentalium
1204 996 1457 1052 Ecclesiae
1482 1012 1580 1067 per
1619 997 1800 1053 omnia
1826 997 1942 1065 pla-

353 1077 560 1144 coisse;
589 1082 887 1148 praesertim
922 1100 1043 1139 cum
1069 1084 1141 1139 nil
1171 1088 1349 1157 egeris
1376 1098 1570 1157 praeter
1598 1089 1737 1156 quod
1762 1085 1935 1159 [{ort.,

352 1178 553 1236 przeter
578 1184 641 1223 ea
666 1171 807 1244 quze]
831 1175 1123 1244 apostolica
1146 1176 1301 1232 sedes
1319 1194 1439 1233 cum
1468 1178 1634 1234 totius
1658 1179 1935 1250 lleSperia)

354 1257 672 1326 praesulibus
712 1259 1030 1328 jamdudum
1074 1265 1342 1335 agendum
1373 1265 1627 1339 [agenda]
1672 1269 1935 1333 decrevit,

352 1358 428 1410 et,
460 1350 604 1404 nulla
630 1367 778 1407 mora
808 1354 1224 1421 interveniente,
1253 1359 1586 1428 perficiendo
1614 1359 1888 1414 mandavit
1921 1374 1936 1412 :
1960 1352 1966 1357 ’

351 1455 473 1509 qua:
513 1441 764 1499 videlicet
810 1460 934 1500 cum
981 1447 1067 1502 bis
1112 1449 1364 1504 omnibus
1392 1458 1611 1519 propter
1640 1450 1692 1504 id
1724 1449 1939 1505 coalitus

353 1539 601 1600 protecto
645 1533 877 1604 imperio
908 1544 999 1591 tuo
1028 1546 1211 1608 grates
1238 1539 1564 1595 multifarias
1610 1540 1860 1605 reddunt,
1887 1546 1944 1595 et

354 1623 669 1679 humillima:
690 1626 1010 1683 obedientite
1036 1638 1137 1684 tua:
1163 1631 1431 1700 praeconia
1454 1631 1701 1687 laudibus
1725 1628 1939 1686 eximiis

2040 459 2183 513 enim
2212 460 2351 514 inter
2375 459 2620 514 Photium
2647 462 2920 515 mmcltum
2944 471 2999 516 et
3026 460 3318 516 Maximum
3339 461 3623 533 Cynicum.

2016 557 2071 603 ~'a
2101 550 2305 620 synodo
2333 552 2568 605 secunda
2598 550 2933 612 damnatum,
2962 552 3041 605 vel
3076 552 3215 606 inter
3252 551 3623 606 ordinationes

2039 637 2198 707 hujus
2225 653 2279 695 et
2311 641 2453 695 illius
2498 642 2862 698 distinctionis
2891 643 3093 712 aliquid
3120 659 3241 698 esse
3284 643 3621 708 conjiciums.

2038 729 2214 800 Atque
2242 731 2359 785 ideo
2388 732 2503 801 pari
2538 731 2644 786 fine
2685 734 2982 803 constringi
3017 734 3213 788 debere
3237 734 3509 797 videntur,
3534 733 3627 801 qni

2041 835 2139 888 par
2188 822 2438 877 habuisse
2479 834 2603 876 cum
2656 838 2722 877 eo
2762 823 3085 893 principium
3142 824 3319 877 modis
3373 824 3632 879 omnibus

2039 913 2479 979 comprobantdr.
2534 911 2814 981 Siquidem
2872 923 2928 967 et
2969 913 3123 981 juxta
3182 915 3323 983 quod
3373 914 3628 983 pnefatus

2040 1001 2417 1073 magniloquus
2470 1003 2711 1072 pontifex
2770 1003 3037 1058 universis
3091 1020 3193 1073 per
3233 1003 3623 1060 Caesariensem

2040 1091 2417 1145 Mauritaniam
2437 1091 2747 1147 constitutis
2768 1094 3034 1162 episcopis
3067 1094 3256 1148 scribit
3284 1094 3458 1163 (epist.
3495 1092 3623 1161 9l):

2038 1180 2260 1236 DilIicile
2279 1189 2363 1236 est
2388 1189 2447 1234 ut
2470 1183 2611 1238 bono
2633 1192 2959 1253 peregantur
2978 1184 3150 1242 exitu.
3174 1200 3295 1252 qua:
3325 1183 3468 1237 malo
3497 1194 3625 1236 sunt

2038 1270 2293 1324 inchoata
2321 1270 2609 1340 principio.
2640 1271 2707 1326 Et
2729 1271 2867 1325 infra
2898 1290 2911 1325 :
2936 1271 3052 1327 Non
3074 1286 3203 1342 ergo
3234 1274 3286 1327 in
3311 1272 3628 1342 cujusquam

2037 1376 2269 1430 persona
2296 1361 2811 1429 praetermittendum
2836 1371 2940 1427 est,
2968 1362 3165 1432 inquit,
3195 1364 3341 1431 quod
3374 1364 3426 1415 iu
3446 1360 3627 1417 slain-

2040 1451 2108 1506 tis
2139 1452 2480 1522 generalibus
2508 1453 2837 1517 continetur,
2869 1469 2967 1508 nec
3008 1455 3281 1523 putandus
3323 1463 3408 1508 est
3458 1455 3631 1507 honor

2038 1539 2129 1595 ille
2168 1540 2466 1612 legitimus,
2495 1542 2587 1611 qui
2616 1540 2795 1597 fuerat
2819 1552 3010 1597 contra
3040 1543 3238 1597 divina:
3267 1542 3404 1613 legis
3430 1558 3631 1611 praece—

2039 1638 2133 1701 pta
2162 1631 2410 1687 collatus.
2440 1633 2509 1687 Et
2543 1642 2693 1688 certe
2723 1632 3630 1704 fidelissimus’etprudentis:imas

354 1712 611 1782 indagare
639 1708 978 1788 [inclamare]
1007 1732 1115 1771 non
1144 1718 1414 1774 desinunt.
1449 1718 1617 1775 Porro
1649 1718 1717 1774 de
1760 1734 1942 1775 sacer-
1967 1715 2129 1777 B‘vir
2167 1719 2401 1777 Basilius
2438 1721 2737 1791 imperialis
2764 1724 3074 1791 spatharius
3108 1733 3161 1777 et
3204 1737 3395 1792 preces
3424 1734 3631 1778 vestras

353 1802 569 1858 dotibus
601 1804 684 1860 vel
728 1814 939 1861 caeteris
971 1808 1061 1877 qui
1111 1819 1300 1864 contra
1346 1823 1535 1880 pacem
1573 1810 1829 1865 Ecclesiae
1858 1809 1938 1865 fa-

352 1893 576 1959 cientes,
625 1895 885 1951 unitatem
914 1897 1032 1966 ejus
1084 1900 1333 1955 scindere
1374 1910 1856 1972 prmsumpserunt,
1883 1910 1939 1957 et

354 1983 408 2038 in
457 1982 681 2040 fratrem
741 1996 796 2040 et
839 1987 1222 2058 coepiscopum
1288 1999 1534 2045 nostrum
1585 1992 1939 2048 multifariam

353 2074 697 2130 commisisse
742 2078 1068 2145 probantur;
1102 2094 1265 2149 super
1310 2082 1507 2150 quibus
1539 2083 1704 2137 etiam
1749 2082 1939 2138 decre-

357 2174 468 2220 tum
500 2167 569 2223 ab
610 2170 903 2238 apostolica
944 2172 1073 2228 sede
1092 2172 1379 2229 clementia
1417 2180 1506 2230 tua
1532 2190 1684 2230 more
1724 2175 1939 2246 prisco-

354 2276 475 2315 rum
518 2263 822 2334 principum
866 2266 1104 2334 postulat
1150 2284 1165 2321 :
1219 2266 1359 2323 sciat
1403 2266 1623 2323 dilectio
1672 2276 1764 2322 tua
1812 2267 1939 2336 quia

354 2354 727 2414 sicutdiverso
751 2358 911 2415 modo
934 2360 1227 2431 deliquisse
1257 2360 1585 2427 referuntur,
1610 2363 1683 2417 ita
1711 2364 1940 2420 diversis

354 2459 450 2500 eos
480 2444 886 2504 definitionibus
913 2448 1109 2516 subjici
1163 2466 1269 2506 non
1315 2451 1759 2509 inconvenienter
1783 2468 1941 2522 opor-

355 2542 473 2588 tere
504 2536 907 2605 perpendimus.
953 2538 1189 2606 Quorum
1222 2548 1404 2595 tamen
1449 2538 1785 2597 differentias
1812 2556 1941 2611 apo-

355 2624 559 2680 stolicae
585 2626 727 2682 sedis
757 2627 966 2698 legatis,
1000 2644 1107 2684 una
1134 2645 1256 2685 cum
1284 2631 1451 2685 fratre
1476 2638 1532 2686 et
1564 2632 1941 2689 comministro

353 2724 541 2772 nostro
564 2716 770 2789 lguatio
798 2720 1264 2787 convenientibus,
1294 2722 1748 2794 quemadmodum
1776 2724 1932 2779 nobis

355 2808 590 2878 desuper
606 2810 790 2865 datum
812 2821 918 2878 est,
941 2812 1299 2885 moderandas
1323 2814 1718 2870 commisimus.
1736 2813 1937 2871 Verum

354 2900 481 2969 quia
526 2900 701 2971 pietas
728 2907 817 2957 tua
849 2918 974 2958 cum
1020 2904 1391 2960 ecclesiastica
1439 2904 1813 2961 misericordia
1842 2919 1941 2961 nos

355 2990 501 3054 circa
543 2991 664 3047 illos
707 2992 776 3048 ad
807 2994 857 3047 id
884 2995 1032 3065 quod
1079 2994 1368 3050 humanius
1403 3002 1487 3050 est
1516 2995 1855 3061 exhortatur,
1887 3003 1940 3051 te

2040 1808 2198 1864 nobis
2214 1824 2313 1879 pro
2342 1808 2428 1864 his
2453 1810 2507 1864 in
2533 1812 2803 1881 perceptis
2823 1811 3108 1865 ordinibus
3143 1812 3470 1881 recipiendis
3497 1811 3632 1863 mul-

2041 1899 2253 1970 tiplices
2278 1900 2490 1965 detulit,
2512 1908 2569 1955 et
2597 1902 2732 1955 adeo
2757 1911 3015 1956 constans
3043 1910 3100 1955 et
3139 1901 3434 1955 continuus
3462 1915 3631 1969 penes

2039 2006 2141 2047 nos
2169 1993 2223 2045 in
2256 1990 2509 2061 precibus
2537 1990 2796 2060 perstitit,
2828 2000 2887 2045 ut
2912 1992 2960 2045 si
3007 2007 3113 2045 non
3163 1991 3408 2061 legitime
3462 1989 3629 2058 recipi

2038 2095 2200 2153 posse
2232 2080 2609 2151 quoquomodo
2658 2081 3038 2143 crederentur,
3067 2081 3254 2148 ipsius,
3282 2088 3344 2132 ut
3375 2079 3451 2132 ita
3481 2079 3629 2132 dica-

2040 2188 2185 2238 mus,
2213 2171 2499 2228 insolentia
2538 2172 2691 2237 victi,
2722 2171 3061 2241 recipiendos
3089 2185 3211 2225 esse
3235 2168 3483 2240 profecto
3513 2178 3627 2221 sta-

2040 2271 2337 2319 tueremus.

2111 2354 2315 2411 Verum
2354 2362 2411 2409 et
2445 2353 2594 2409 circa
2624 2352 2881 2423 bospost
2926 2351 3292 2407 reversionem
3341 2350 3628 2404 missorum

2039 2452 2622 2514 nostrorum,,postque
2650 2457 2834 2498 rerum
2857 2452 3131 2513 gestarum
3160 2440 3320 2496 nobis
3350 2439 3632 2508 expositas

2040 2533 2393 2601 differentias,
2420 2543 2476 2591 et
2504 2535 2787 2604 iudagatas
2822 2532 3076 2603 liquidius
3100 2547 3484 2603 personarum,
3512 2530 3630 2585 cul-

2020 2643 2230 2700 parum
2259 2634 2315 2682 et
2338 2627 2745 2698 provectionum
2777 2626 3086 2696 qualitates,
3114 2635 3276 2694 atque
3304 2624 3620 2687 distantias,

2038 2720 2086 2776 si
2134 2718 2263 2789 quid
2308 2719 2679 2777 miserationis.
2714 2718 3168 2787 impertiendum,
3199 2718 3429 2771 docente
3478 2716 3631 2780 Deo,

2036 2810 2181 2881 apud
2208 2826 2367 2881 quem
2395 2811 2579 2866 omnia
2608 2809 2883 2880 possibilia
2910 2819 3055 2872 sunt.
3092 2807 3249 2865 nobis
3274 2806 3440 2862 fuerit
3482 2822 3636 2862 rese~

2039 2915 2219 2962 ratum
2247 2946 2263 2973 ,
2296 2921 2404 2961 non
2451 2906 2657 2961 erimus
2705 2905 2921 2975 penitus
2964 2902 3322 2967 inﬂexibiles;
3371 2901 3634 2956 nimirum

2039 2998 2131 3067 qui
2161 3011 2377 3067 semper
2404 2996 2474 3052 ad
2497 3010 2659 3051 omne
2684 2996 2883 3051 bonum
2910 2996 3159 3067 cupimus
3186 2996 3423 3049 existere
3450 2994 3635 3047 suasi-

356 3081 606 3137 nolumus
647 3064 898 3155 ignorare
914 3064 1188 3157 quoniam
1232 3084 1373 3140 ultra
1419 3100 1583 3156 quam
1611 3085 1715 3140 dici
1768 3084 1940 3155 possit
1964 3076 2010 3140 C
2040 3064 2196 3143 biles.
2235 3064 2496 3143 volumus
2514 3102 2664 3158 ergo,
2693 3102 2791 3157 per
2813 3064 3007 3141 vestrae
3034 3087 3253 3157 pietatis
3281 3085 3631 3147 industriam,

357 3170 502 3234 hinc,
522 3169 715 3236 fateor,
747 3187 981 3229 mmrore
998 3174 1410 3245 comprimimur
1442 3174 1812 3245 immensoque
1837 3173 1937 3228 do-

358 3260 475 3315 lore
515 3263 960 3335 constringiuiur,
990 3280 1085 3320 eos
1130 3265 1386 3320 nimirum
1419 3280 1526 3319 non
1555 3264 1729 3319 solum
1767 3264 1938 3320 beata:

357 3356 635 3410 memoriae
681 3356 984 3415 decessoris
1031 3358 1135 3413 mei
1184 3373 1337 3429 papae
1380 3357 1609 3424 Nicolai,
1640 3359 1838 3429 quibus
1885 3368 1941 3415 et

340 3443 474 3512 "ipse
500 3446 818 3516 subscripsi,
841 3448 1003 3519 justis
1030 3449 1404 3505 sanctionibus
1443 3449 1775 3504 creberrime
1819 3464 1941 3519 per-

336 3536 700 3602 i-cellentibus,
729 3553 915 3595 verum
942 3541 1107 3595 etiam
1138 3549 1455 3597 sanctorum
1483 3540 1707 3595 Patrum
1742 3540 1941 3611 regulis

354 3628 724 3692 severissime,
754 3644 849 3684 seu
880 3631 1278 3699 quodammodo
1320 3632 1682 3703 peremptorie
1721 3633 1941 3703 punien-

364 3718 525 3771 tibus.
558 3716 944 3775 Verumtamen
972 3727 1193 3790 propter
1233 3735 1420 3792 pacem
1445 3721 1701 3778 Ecclesiae
1730 3722 1941 3779 facilius

360 3807 739 3873 obtinendam,
788 3819 1114 3882 propterque
1160 3820 1364 3869 tantam
1414 3813 1845 3879 multitudinem,
1892 3815 1939 3871 si

360 3909 544 3955 tamen
602 3902 960 3972 resipuerint,
1006 3905 1429 3961 misericorditer
1474 3905 1837 3972 liberandam,
1882 3916 1942 3962 ut

343 4007 485 4046 .cum
520 4002 710 4050 sancto
735 3992 952 4051 Gelasio
978 4012 1115 4067 papa
1144 3998 1389 4053 dicamus
1415 3997 1667 4069 (epist._6)
1705 4017 1717 4052 :
1742 3998 1942 4056 Neces-

359 4087 504 4141 saria
532 4103 714 4144 rerum
740 4089 1140 4160 dispensatione
1164 4092 1616 4163 constringimur,
1643 4102 1697 4148 et
1723 4102 1942 4163 aposto-

359 4178 478 4235 lica:
528 4180 674 4236 sedis
719 4182 1089 4238 moderamine
1128 4185 1512 4250 convenimur,
1544 4185 1623 4239 sic
1672 4201 1939 4241 canonum

344 4280 710 4339 ipaternorum
739 4272 955 4328 decreta
984 4273 1206 4340 librare,
1234 4284 1290 4330 et
1320 4284 1470 4330 retro
1491 4276 1778 4345 prazsulum
1807 4292 1942 4347 pre

362 4360 815 4433 decessorumque
843 4371 1154 4421 nostrorum
1201 4374 1468 4436 praicepta
1503 4367 1706 4432 metiri,
1737 4376 1796 4421 ut
1821 4382 1942 4439 qua:

358 4452 1026 4519 praesentium-necessitas
1054 4462 1356 4525 temporum
1381 4456 1750 4511 restaurandis
1771 4456 1945 4513 eccle:

361 4540 458 4595 siis
490 4541 778 4599 relaxanda
824 4544 1084 4615 deposcit,
1119 4546 1359 4601 adhibita
1385 4546 1819 4603 consideratione
1863 4548 1945 4602 di-

361 4630 572 4701 ligenti,
600 4643 860 4704 quantum
896 4644 1075 4706 potest
1104 4634 1243 4701 fieri,
1277 4645 1672 4706 temperemus;
1705 4638 1846 4707 quod
1876 4647 1946 4693 et

362 4738 463 4777 nos
486 4737 638 4794 aequa
668 4740 951 4797 possumus
977 4742 1076 4795 pro
1105 4726 1376 4781 lucrandis
1420 4727 1686 4782 fratribus
1730 4730 1942 4784 ratione

363 4813 638 4883 prosequi,
672 4825 727 4867 et
756 4824 1053 4885 temporum
1088 4816 1395 4873 necessitati
1441 4817 1771 4873 consulendo
1795 4820 1945 4888 peni-

364 4912 452 4959 tus
486 4902 726 4967 imitari;
757 4904 939 4969 Pbotii,
962 4908 1223 4961 duntaxat
1265 4908 1659 4963 ordinationem
1688 4908 1757 4963 ab
1786 4909 1946 4979 bujus

365 4994 733 5050 moderamine
782 4994 997 5064 pietatis
1050 4998 1267 5052 interim
1317 4979 1536 5068 prorsus
1582 4998 1940 5067 excipientes,

361 5101 600 5157 eamque
628 5085 803 5158 Horn,
840 5086 1093 5159 eumque]
1141 5088 1339 5157 passim
1367 5097 1422 5143 ct
1469 5097 1666 5158 praeter
1712 5103 1941 5143 examen

364 5177 670 5234 nullatenus
694 5176 1057 5233 admittentes.
1085 5177 1225 5233 Dicit
1259 5179 1402 5233 enim
1424 5178 1653 5233 altisona
1684 5178 1941 5233 Ecclesia:

364 5270 516 5333 tuba,
542 5280 765 5327 sanctus
812 5268 1066 5324 videlicet
1097 5270 1241 5325 sedis
1284 5270 1594 5339 apostolicae
1637 5286 1770 5340 papa
1807 5270 1939 5335 Leo,

364 5359 521 5428 cujus
565 5360 894 5416 sententiam
930 5358 1189 5430 quidquid
1234 5360 1428 5429 ubique
1458 5360 1781 5415 catholicum
1835 5369 1941 5425 est,

364 5453 514 5507 velut
540 5452 762 5508 caeleste
788 5453 1038 5517 miratur,
1068 5451 1328 5516 celebrat,
1353 5460 1409 5505 et
1436 5461 1724 5525 veneratur
1747 5467 1939 5506 oraeuo

364 5545 476 5598 lum
509 5561 522 5596 :
554 5543 687 5599 Cum
732 5560 875 5614 saepe
921 5545 1147 5615 quaestio
1188 5543 1256 5599 de
1286 5542 1424 5597 male
1470 5552 1691 5611 accepto
1738 5545 1942 5599 honore

363 5644 639 5698 nascatur,
667 5636 785 5702 quis
806 5636 1040 5701 ambigat
1065 5650 1404 5701 nequaquam
1428 5634 1545 5689 istis
1566 5649 1685 5689 esse
1710 5635 1942 5688 tribuen-

2043 3177 2153 3233 illic
2178 3192 2524 3233 numerosum
2552 3176 2816 3231 celebrari
2840 3177 3149 3240 concilium,
3177 3177 3265 3231 cui
3298 3175 3470 3229 nostri
3494 3190 3634 3243 quo-

2041 3284 2147 3338 que
2169 3269 2321 3324 missi
2358 3270 2731 3339 prmsidentes,
2762 3279 2819 3324 et
2865 3268 3143 3338 culparum
3168 3279 3638 3338 personarumque

2043 3357 2371 3415 differentias
2394 3359 2598 3429 liquido
2617 3368 3024 3430 cognoscentes,
3045 3359 3199 3428 juxta
3227 3358 3373 3427 quod
3399 3358 3453 3410 in
3476 3374 3634 3410 man—

2042 3449 2185 3505 datis
2204 3460 2548 3521 acceperunt,
2564 3451 2896 3521 singulorum
2909 3450 3078 3504 libere
3098 3450 3457 3504 discretiones
3476 3464 3634 3503 exer-

2042 3550 2205 3595 ceant
2234 3558 2247 3593 :
2277 3541 2330 3595 iu
2359 3556 2465 3610 quo
2482 3542 2732 3596 videlicet
2753 3557 2909 3596 sacro
2936 3550 3080 3596 coetu
3109 3543 3448 3596 exsecranda
3477 3543 3634 3595 vani-

2046 3640 2187 3687 tates
2211 3633 2447 3697 concilii,
2472 3634 2618 3703 quod
2647 3632 2909 3688 adversus
2951 3634 3097 3689 sedis
3125 3632 3286 3702 hujus
3314 3642 3501 3687 actum
3544 3643 3633 3688 est

2042 3737 2267 3797 prorsus
2316 3722 2599 3793 iujuriatn.
2640 3733 2833 3779 cuncta
2877 3724 3218 3778 decernimus
3262 3725 3633 3793 exemplaria.

2043 3828 2267 3891 prorsus
2296 3830 2327 3867 a
2364 3816 2770 3884 possessoribus
2798 3816 2911 3870 suis
2946 3814 3128 3869 ablata
3151 3856 3166 3878 ,
3187 3816 3249 3868 in
3284 3816 3636 3883 mediumque

2044 3905 2243 3970 delata,
2271 3905 2763 3975 contemplantibus
2801 3906 3033 3969 cunctis,
3074 3906 3183 3976 igni
3224 3907 3502 3970 cremari;
3535 3921 3639 3958 nec

2043 4014 2330 4069 superesse
2377 4000 2516 4069 apud
2562 3999 2859 4069 quemlibet
2898 4014 2964 4053 ex
3020 3999 3103 4053 bis
3151 3998 3403 4051 omnibus
3436 3996 3634 4050 saltem

2043 4108 2211 4148 unum
2257 4093 2385 4157 iota,
2417 4094 2497 4149 vel
2529 4111 2691 4148 unum
2720 4095 2952 4164 apicem,
2983 4095 3081 4149 nisi
3128 4093 3270 4149 forte
3308 4095 3432 4162 quis
3465 4094 3637 4145 totius

2046 4183 2364 4248 clericatus,
2395 4185 2504 4238 imo
2554 4186 2719 4241 totius
2751 4186 2985 4240 nominis
3014 4185 3305 4239 Christiani
3344 4184 3635 4252 dignitate,

2044 4277 2391 4331 anathemate
2416 4277 2922 4346 perculsus,carere
2948 4277 3193 4331 voluerit.
3220 4275 3335 4329 Non
3361 4275 3507 4328 enim
3536 4289 3641 4328 nos

2048 4373 2161 4419 tam
2207 4366 2579 4421 detestandum
2634 4366 2958 4437 collegium,
3004 4366 3107 4419 nisi
3152 4363 3485 4417 Ariminensi
3534 4364 3639 4417 sub

1970 4433 2367 4511 D(Jortstantio
2394 4495 2408 4520 ,
2457 4455 2541 4509 vel
2590 4433 2864 4525 Ephesino
2913 4469 2943 4507 a
2988 4455 3246 4510 Dioscoro
3306 4460 3639 4523 congregato

2044 4546 2332 4602 latrocinio
2379 4545 2802 4614 comparandum
2856 4544 3217 4599 decernimus.
3290 4540 3638 4595 Accendatur

2040 4637 2192 4692 circa
2234 4643 2603 4706 protectorum
2653 4643 2867 4689 tuorum
2911 4632 3297 4694 reverentiam,
3344 4631 3637 4684 beatorum

2039 4726 2296 4787 videlicet
2342 4724 2706 4794 apostolorum
2754 4723 3057 4793 principum
3082 4763 3096 4784 ,
3126 4721 3196 4774 fili
3241 4720 3595 4775 dilectissime
3617 4758 3636 4781 ,

2046 4827 2151 4872 tua:
2175 4816 2324 4872 zelus
2353 4816 2591 4884 pietatis,
2621 4824 2676 4869 et
2706 4822 2978 4867 tantorum
3006 4814 3129 4867 ficta
3158 4821 3463 4867 commenta
3493 4796 3638 4879 prm-

2046 4909 2326 4978 stigiorum
2359 4922 2639 4961 remanere
2686 4904 2832 4960 nullo
2879 4906 3037 4959 modo
3064 4919 3230 4973 penes
3269 4902 3506 4971 aliquem
3536 4915 3638 4970 pa-

2047 5000 2211 5053 tiatur
2241 5016 2253 5051 :
2284 4999 2375 5053 sed
2423 5007 2479 5052 et
2510 5014 2554 5052 Sl
2591 4998 2879 5066 quisquam
2915 4997 3029 5050 lucc
3071 4993 3381 5055 defendere,
3411 4992 3498 5047 vel
3540 5007 3636 5046 oc-

2044 5089 2275 5153 cultare,
2304 5087 2514 5157 sibique
2544 5088 2598 5140 in
2642 5096 2917 5157 posterum
2943 5085 3177 5141 fortasse
3207 5100 3489 5139 reservare
3511 5092 3635 5136 teu-

2046 5180 2280 5242 taverit,
2332 5188 2422 5231 tua
2470 5178 2703 5247 publicis
2747 5177 2955 5246 legibus
2997 5176 3302 5246 promulget
3349 5174 3637 5243 multiplex

2044 5269 2344 5339 sapientia,
2373 5269 2501 5336 quid
2547 5266 2853 5336 hujusmodi
2902 5282 3134 5338 persona
3185 5274 3308 5336 post
3352 5264 3639 5333 imperiale

2044 5360 2237 5413 debeat
2259 5359 2494 5413 edictum
2518 5340 2915 5430 redargutiouis
2936 5359 3236 5421 incurrere,
3260 5356 3343 5410 vel
3362 5365 3637 5424 quantum

2043 5454 2347 5512 conveniat,
2374 5450 2420 5505 si
2466 5467 2570 5506 non
2600 5451 2986 5515 correctionis,
3028 5450 3220 5505 saltem
3272 5450 3639 5517 correptionis

2043 5539 2314 5607 incidere;
2341 5548 2605 5610 quatenus
2625 5554 2721 5609 per
2745 5539 2863 5603 hoc,
2891 5555 3022 5609 pura
3045 5539 3110 5593 de
3134 5547 3331 5593 caetero
3354 5539 3640 5592 conscien-

2045 5630 2137 5696 tia,
2166 5645 2286 5684 cum
2329 5628 2610 5699 Psalinista
2662 5628 2931 5684 veraciter
2976 5643 3172 5683 cauere
3214 5626 3442 5681 valeas:
3479 5626 3637 5681 Odiri
