3978 6160
289 429 312 483 ι
329 428 431 485 289

1516 430 1875 487 EPlS-TOLJE
1918 430 2007 486 ΕΤ
2047 432 2385 491 DECRETA.

3434 426 3572 484 ίιξυυ

301 541 729 613 congregatione:
755 542 1125 614 malignorum,
1153 551 1199 597 et
1221 558 1337 595 cum
1360 542 1531 611 impiis
1556 559 1657 595 non
1679 543 1882 596 sedebo.
1919 543 2256 604 A'lumitatis
2303 555 2407 599 tute
2458 559 2720 599 concesso
2768 542 3025 597 divinitus
3059 542 3223 607 dono,
3256 556 3470 612 semper
3518 545 3577 598 iu

299 631 510 688 Lavabo
536 633 676 687 inter
698 633 996 687 innocentes
1016 649 1201 687 manus
1224 648 1389 697 meus,
1408 640 1513 686 etc.
1532 631 1704 703 (Paul.
1730 635 1881 700 xxv).

302 725 526 795 insuper
553 725 926 789 exhortamur,
961 733 1013 780 et
1050 724 1250 779 salubri
1278 725 1510 779 suadere
1538 725 1884 793 studio—pro-

307 830 593 877 curamus,
620 823 678 869 ut
710 815 1077 883 imperatoriae
1112 816 1383 869 instantiae
1434 825 1625 871 vestra:
1672 815 1886 877 annisu,

311 909 702 962 sententiarum
724 908 979 977 capitula,
1005 923 1125 976 qua:
1155 908 1413 979 synodice
1439 907 1491 961 in
1517 906 1748 963 ecclesia
1773 907 1885 967 Dei,

308 1000 398 1053 ubi
424 1006 670 1054 sanctum
698 1013 895 1068 corpus
928 999 1293 1068 apostolorum
1321 998 1466 1053 Petri
1503 996 1761 1067 principis
1806 1010 1891 1050 re-

302 1088 558 1158 quiescit,
583 1103 681 1157 pro
707 1087 985 1142 abolendis
1019 1086 1259 1157 profanis
1282 1087 1545 1151 concilzis,
1575 1085 1891 1141 Constanti-

306 1178 486 1247 n0poli
529 1193 558 1231 a
601 1178 817 1243 Photio,
853 1187 959 1231 tam
987 1178 1248 1231 adversus
1277 1177 1422 1231 sedis
1449 1178 1762 1246 apostolica:
1809 1189 1893 1229 re-

304 1268 629 1329 verentiam,
658 1282 818 1335 quam
856 1275 1053 1321 contra
1084 1266 1271 1319 fratris
1301 1274 1358 1320 et
1398 1264 1757 1319 comministri
1789 1265 1893 1319 mei

305 1359 497 1429 lgualii
526 1358 863 1427 pontificium
889 1358 1249 1426 coagregatis,
1283 1356 1556 1412 communi
1591 1370 1895 1410 consonan-

317 1451 389 1503 tia
434 1449 919 1519 promulgavimus,
953 1449 1093 1518 apud
1131 1463 1224 1501 vos
1253 1449 1304 1501 in
1336 1449 1545 1519 synodo
1575 1457 1893 1501 cunctorum

306 1538 705 1607 subscriptione
728 1538 1070 1601 roborentur,
1097 1546 1156 1592 et
1199 1538 1253 1589 iu
1289 1537 1625 1607 singularum
1657 1536 1896 1591 arcbivis

308 1630 664 1685 ecclesiarum
713 1628 938 1697 provide
980 1626 1366 1687 recondantur.
1420 1628 1591 1682 Porro
1638 1627 1899 1682 divinitus

306 1729 612 1790 protectum
665 1719 951 1787 imperium
989 1726 1138 1771 tuum
1186 1732 1494 1787 precamur,
1522 1725 1582 1771 ut
1618 1716 1895 1780 Basiliutn,

304 1808 552 1875 Petrum,
586 1808 881 1873 Zosimum,
911 1817 966 1863 et
996 1809 1225 1863 alterum
1272 1807 1554 1874 Basilium,
1578 1809 1671 1878 qui
1720 1806 1899 1863 scele-

1992 636 2212 691 domino
2235 636 2527 706 gratulari;
2560 650 2624 689 ac
2657 650 2753 705 per
2785 629 3052 707 [prepler]
3085 633 3186 689 hoc
3214 634 3497 688 hortamur
3522 643 3579 688 et

1990 727 2349 796 deprecamur
2375 768 2390 794 ,
2424 737 2479 790 ut
2510 729 2651 797 apud
2691 741 2787 781 vos
2816 725 3016 780 nullam
3054 740 3262 780 moram
3310 724 3579 779 sustinuere

1992 816 2229 883 faciatis,
2257 820 2352 873 sed
2385 828 2488 873 tute
2515 817 2867 886 benignitatis
2910 816 3105 871 solatio
3147 815 3271 869 freti
3317 814 3581 868 velociter

1992 909 2058 963 de
2080 910 2351 975 omnibus,
2379 925 2501 978 quae
2527 909 2639 964 illic
2662 909 2957 964 secundum
2988 909 3156 963 Deum
3184 915 3466 979 geruntur,
3484 920 3582 961 nos

1994 1000 2229 1053 adventu
2257 1015 2355 1055 suo
2381 1002 2718 1056 constituant
2748 1000 3001 1055 laetiores.
3530 999 3540 1006 ’

2064 1087 2518 1144 Commendamus
2562 1090 2725 1143 etiam
2776 1090 3081 1145 clementiae
3126 1098 3231 1145 tua:
3266 1096 3379 1143 tam
3422 1103 3584 1142 reveo

1994 1180 2374 1235 reudissimum
2398 1188 2453 1234 et
2475 1182 2876 1236 sanctissimum
2900 1181 3123 1236 fratrem
3147 1188 3391 1237 nostrum
3419 1178 3584 1234 Joan-

1994 1288 2119 1328 nem
2171 1272 2651 1343 metmpolitanum
2683 1272 2865 1344 Sylaei,
2900 1274 2992 1342 qui
3038 1288 3069 1327 a
3097 1273 3271 1327 fratre
3305 1283 3362 1327 et
3406 1273 3584 1340 coepi-

1995 1380 2161 1435 scopo
2187 1375 2372 1419 nostro
2420 1364 2629 1434 lgnatio
2660 1363 2726 1418 ad
2755 1364 2936 1418 sedem
2973 1363 3325 1433 apostolicam
3349 1362 3585 1417 directus

1996 1464 2110 1519 est,
2140 1470 2302 1524 quam
2351 1455 2513 1509 etiam
2563 1454 2857 1525 gloriosum
2903 1460 2959 1507 et
3002 1452 3353 1522 spectabilem
3398 1452 3581 1506 virum

1996 1544 2252 1598 Basiliam
2285 1542 2616 1613 imperialem
2650 1541 3006 1611 spatharium,
3036 1540 3129 1610 qui
3156 1556 3282 1595 cum
3310 1555 3376 1595 eo
3401 1555 3431 1593 a
3476 1538 3586 1595 Deo

1978 1635 2372 1702 conservando
2422 1632 2830 1702 tranquillitatis
2860 1638 2967 1685 tute
3012 1629 3244 1699 imperio
3286 1628 3590 1683 destinatus

1996 1735 2100 1789 est,
2131 1725 2223 1793 qui
2257 1731 2428 1790 tanta,
2459 1732 2749 1792 postquam
2799 1720 2946 1775 illinc
2972 1718 3202 1790 profecti
3233 1726 3385 1783 sunt,
3415 1716 3586 1773 offen-

1999 1815 2178 1872 dicula
2201 1816 2283 1887 (ut
2309 1814 2623 1877 didicimus,
2653 1811 3013 1882 pertulerunt,
3041 1819 3100 1864 ut
3139 1807 3344 1863 nullum
3395 1821 3590 1877 prope-

318 1913 441 1953 rum
491 1898 967 1964 suorum-conscii,
1001 1907 1055 1953 et
1083 1896 1395 1969 Cupiditatis
1425 1899 1618 1952 ardore
1649 1898 1897 1953 succensi
1919 1895 1976 1953 Β
2005 1913 2189 1960 rantes
2242 1918 2378 1974 pene
2422 1902 2783 1973 periculorum
2808 1942 2825 1967 ,
2854 1916 2973 1970 quae
3002 1899 3200 1954 Paulus
3248 1899 3303 1954 in
3336 1896 3593 1968 Epistolis

311 1991 647 2060 propositum
669 1990 1049 2055 deseruerunt,
1072 1999 1126 2045 et
1147 1990 1263 2044 sine
1285 1990 1744 2044 commendatitiis
1766 1990 1905 2045 litte-

312 2081 392 2135 ris
410 2080 941 2150 .Constantinopolim
964 2088 1408 2149 properaverunt,
1434 2079 1501 2133 ad
1524 2095 1621 2135 nos
1648 2094 1746 2149 per
1770 2095 1910 2149 pra:-

313 2180 501 2226 sentes
548 2171 860 2240 apostolicae
887 2172 1031 2226 sedis
1074 2172 1269 2226 missos
1317 2172 1592 2237 remittat;
1636 2181 1905 2241 quatenus

312 2261 440 2316 dum
472 2262 892 2331 professionem,
935 2271 991 2315 et
1017 2261 1155 2328 loca,
1185 2276 1305 2332 quae
1333 2272 1556 2333 propter
1586 2264 1753 2318 Deum
1796 2264 1905 2334 pri-

311 2354 478 2409 mitus
524 2355 824 2423 elegerunt,
854 2356 1190 2425 repetierint,
1231 2363 1288 2410 et
1337 2356 1433 2410 tibi
1479 2356 1708 2412 caeleste
1763 2371 1902 2427 prae-

319 2444 487 2498 mium
511 2445 844 2512 conferatur,
867 2454 924 2500 et
954 2445 1061 2500 illis
1087 2461 1305 2500 suarum
1331 2446 1540 2501 lucrum
1571 2448 1901 2512 animarum,

315 2534 597 2590 divinitate
628 2537 881 2607 propitia,
906 2537 1235 2592 concedatur
1262 2552 1278 2591 :
1304 2537 1438 2592 alias
1468 2548 1672 2602 autem,
1706 2538 1751 2593 si
1780 2552 1908 2593 san-

312 2631 520 2678 ctorum
545 2624 767 2680 Patrum
791 2626 989 2699 regulae
1010 2626 1211 2683 calcari
1246 2628 1487 2692 minime,
1513 2627 1596 2683 vel
1621 2626 1900 2682 contemni

319 2722 619 2780 tentantur,
647 2730 742 2771 eos
771 2717 991 2787 impune
1015 2716 1262 2787 profecto
1291 2717 1471 2772 nullus
1493 2733 1661 2787 penes
1689 2733 1747 2773 se
1775 2718 1905 2773 relic

319 2821 453 2862 nere
476 2823 699 2877 prorsus
728 2809 948 2864 audebit
981 2828 993 2863 :
1031 2810 1172 2879 apud
1200 2825 1300 2865 nos
1327 2810 1527 2882 quippe
1566 2827 1597 2865 a
1618 2788 1911 2866 .rudimen:

318 2898 390 2952 tis
419 2898 693 2964 ablactati,
726 2908 783 2955 et
806 2908 1005 2955 sanctas
1033 2911 1162 2955 sunt
1187 2902 1619 2957 conversationis
1664 2901 1910 2956 habitum

322 2995 618 3061 consecuti,
663 2996 799 3065 quin
845 3004 902 3051 et
944 2995 999 3052 in
1043 2998 1387 3054 monasteriis
1437 2998 1639 3065 nostris
1676 2995 1909 3051 cilicium

320 3086 727 3159 presbyteratus
758 3087 940 3158 adepti
978 3102 991 3141 :
1022 3088 1239 3145 interim
1277 3100 1456 3146 tamen
1484 3108 1599 3157 eos,
1631 3092 1774 3161 quod
1804 3090 1911 3145 sint

319 3184 808 3249 excommunicati,
837 3184 1010 3239 donec
1060 3185 1127 3239 ad
1178 3201 1277 3241 nos
1343 3187 1604 3240 redierint
1651 3195 1907 3254 tanquam
1944 3242 1984 3261 η

316 3289 602 3331 sacrorum
660 3275 949 3331 violatores
1013 3290 1322 3342 canonum,
1367 3291 1698 3346 cognoscere
1758 3276 1907 3331 volu-

325 3382 469 3424 mus.

399 3460 496 3516 llis
518 3462 590 3515 ita
616 3459 928 3531 prmlibatis,
953 3459 1302 3515 obsecramus
1323 3457 1580 3513 divinitus
1602 3457 1908 3513 redimitum

327 3552 733 3623 tranquillitatis
778 3560 884 3607 tua:
932 3561 1126 3622 caput,
1159 3551 1212 3605 in
1262 3559 1444 3622 empto
1486 3550 1701 3621 pietatis
1747 3564 1910 3619 opere

327 3643 475 3696 circa
524 3640 749 3695 fratrem
810 3648 868 3695 et
917 3640 1357 3695 consacerdoteut
1409 3654 1589 3693 incum
1646 3638 1908 3709 lguatium

333 3732 645 3803 persistere,
678 3739 843 3801 atque
864 3746 890 3783 a
911 3729 1143 3784 decretis
1174 3730 1483 3799 apostolica:
1509 3728 1653 3783 sedis
1678 3730 1730 3782 in
1764 3726 1912 3782 nullo

329 3819 708 3891 quoquomodo
770 3820 1025 3882 deviare,
1075 3818 1167 3873 sed
1222 3816 1741 3888 pt‘mttulgatiouibus
1796 3815 1912 3884 ejus

328 3914 535 3967 arctius
568 3913 799 3976 haerens,
832 3926 862 3965 a
902 3911 1179 3980 proposito
1225 3909 1333 3963 noli
1376 3909 1630 3962 recedere
1650 3947 1665 3971 ,
1695 3917 1749 3961 et
1778 3923 1913 3975 quo-

325 4018 497 4073 usque
527 4003 706 4059 unitas
751 4003 843 4056 fiat
883 4000 1155 4064 Ecclesiae,
1190 3999 1323 4055 nulli
1373 3999 1549 4064 stude,
1581 4012 1910 4068 quaesumus,

328 4094 547 4149 desidiae
578 4093 790 4147 cedere.
820 4090 1031 4147 Nemini
1060 4092 1257 4162 quippe
1284 4088 1487 4162 profuit
1528 4105 1769 4159 unquam
1817 4089 1915 4143 bo-

331 4200 458 4240 num
484 4170 550 4238 ut
593 4183 846 4251 coepisse,
890 4192 943 4236 et
974 4182 1198 4236 minime
1237 4197 1666 4237 consummasse.
1710 4180 1914 4247 Quam-

329 4278 460 4331 olare
483 4294 535 4339 ις,
567 4291 790 4346 regnum
827 4276 970 4344 quod
996 4274 1363 4344 temporaliter
1391 4284 1674 4331 assecutus
1705 4290 1786 4338 es,
1816 4289 1913 4343 pe-

333 4370 577 4423 renniter
630 4367 947 4438 alipiscaris
997 4382 1360 4437 coronamque
1418 4384 1519 4437 pro
1572 4366 1911 4436 corruptibili

330 4459 515 4527 capias
543 4459 935 4527 incorruptam,
966 4457 1071 4512 hoc
1111 4457 1325 4527 pietatis
1353 4474 1488 4528 opus
1514 4457 1777 4528 perlicere
1807 4466 1915 4513 sat-

330 4566 448 4621 age,
506 4550 911 4619 perfectumque
938 4564 1122 4603 coram
1155 4564 1370 4606 suntme
1408 4552 1731 4621 agonOtheta
1757 4548 1914 4604 Chri-
1945 4588 1993 4646 ι)

331 4649 419 4693 sto
445 4646 833 4707 rt-prazsentare
866 4638 1103 4692 decerta.
1139 4637 1423 4695 Postremo
1446 4639 1673 4695 dilectos
1717 4638 1915 4693 fratres

333 4745 508 4793 meos,
544 4729 810 4783 Donatum
854 4728 1061 4783 scilicet
1101 4737 1303 4784 sancta:
1347 4729 1601 4785 Ecclesia:
1627 4715 1915 4794 Ostiensis,

230 4874 239 4882 .
276 4890 281 4893 _
332 4834 387 4878 et
418 4822 752 4891 Stephanum
782 4829 982 4876 sancta:
1004 4820 1260 4875 Ecclesiae
1282 4819 1565 4891 Nepesina:
1585 4821 1922 4876 reverendis-

332 4916 503 4970 simos
528 4923 582 4968 et
607 4913 978 4969 sanctissimos
1006 4914 1307 4984 episcopos,
1339 4923 1503 4983 atque
1546 4914 1710 4967 filium
1741 4928 1917 4967 meum

324 5007 601 5081 Lblariuum
652 4988 957 5076 apostolica!
1003 5006 1147 5061 sedis
1195 5006 1480 5061 diaconum
1508 5047 1523 5070 ,
1585 5006 1923 5061 consiliarios

338 5108 571 5163 nostros,
601 5108 705 5152 tua:
728 5098 1169 5152 commendantes
1195 5098 1404 5168 pietati,
1427 5113 1713 5168 precamur
1738 5107 1795 5151 ut
1824 5112 1920 5153 eos

336 5190 406 5263 ob
429 5203 667 5243 amorem
691 5188 1083 5257 pra:cipuorum
1107 5186 1476 5257 apostolorum
1502 5186 1646 5241 Petri
1671 5196 1724 5241 et
1743 5186 1918 5252 Pauli,

339 5299 369 5337 a
402 5298 631 5353 quorum
660 5281 785 5337 sede
813 5282 1119 5347 mittuntur,
1145 5268 1372 5350 benigne
1402 5280 1687 5351 suscipias,
1709 5289 1766 5336 et
1806 5291 1922 5336 tan-

338 5390 501 5444 quam
526 5373 930 5442 nobismetipsis
955 5387 1116 5427 aures
1143 5370 1480 5426 credulitatis
1505 5372 1916 5435 accommodes;

340 5465 727 5520 familiaritatis
766 5463 1014 5518 videlicet
1043 5473 1145 5519 tute
1172 5462 1421 5518 fiduciam
1449 5462 1555 5518 illis
1585 5461 1917 5532 impendens,

338 5562 395 5609 et
440 5554 694 5624 praefatos
718 5554 770 5607 in
799 5554 879 5608 eis
925 5553 1155 5609 eximios
1198 5553 1586 5609 intercessores
1622 5562 1743 5607 tuos
1788 5565 1919 5621 apo-

342 5644 509 5699 stclos
534 5637 848 5698 reverenter
869 5643 1173 5706 attendens,
1201 5657 1339 5712 quos
1364 5652 1425 5697 ut
1452 5642 1701 5698 celeriter
1730 5641 1797 5694 ad
1820 5655 1920 5695 nos

345 5736 587 5789 remittas
626 5735 826 5789 obnivc
851 5733 1214 5803 deposcimus.
1247 5733 1507 5803 Cupimus
1536 5731 1678 5785 cnim
1714 5740 1820 5784 tam
1854 5729 1920 5785 de

345 5835 544 5879 SilllCltD
577 5825 828 5881 Ecclesia:
871 5825 1233 5896 redintegrato
1281 5834 1447 5889 statu,
1480 5840 1639 5893 quam
1669 5824 1731 5876 de
1774 5824 1919 5878 inco-

2007 1996 2121 2051 suis
2176 1996 2485 2049 dinumerat
2535 1991 2621 2063 (11
2669 1990 2795 2046 Cor.
2848 1990 3232 2055 xt),evasisse
3283 1988 3590 2043 videantur.

2005 2088 2345 2160 Quapropter
2367 2085 2544 2155 dignis
2574 2091 2697 2137 sunt
2724 2079 3187 2137 vicissitudinibus
3213 2093 3243 2132 a
3272 2079 3475 2149 pietate
3502 2092 3595 2147 ve?

2006 2190 2118 2235 stra
2153 2175 2553 2236 remunerandi,
2588 2174 2679 2244 qui
2712 2188 2814 2244 pro
2846 2170 3079 2227 ecclesia
3123 2169 3352 2233 Christi,
3385 2182 3595 2238 proque

1972 2329 1979 2335 δ
2006 2269 2246 2337 injuncta
2277 2266 2378 2322 sibi
2409 2281 2440 2319 a
2467 2266 2668 2335 pietate
2698 2272 2787 2318 tua
2813 2260 3101 2332 legatidnis
3122 2261 3595 2316 consummatione

2008 2366 2089 2411 tot
2117 2372 2182 2411 ac
2213 2355 2339 2411 talia
2371 2355 2555 2411 subire
2595 2353 3001 2424 promptissime
3030 2360 3445 2407 consenserunt.
3494 2350 3592 2405 Al-

2009 2456 2183 2502 terum
2208 2460 2337 2501 vero
2359 2446 2694 2500 nominatum
2721 2444 2774 2499 in
2799 2443 3016 2514 scriptis
3043 2442 3150 2497 tuis
3170 2442 3593 2513 metropolitam,
3629 2498 3638 2505 _

2014 2537 2244 2591 Domino
2275 2536 2646 2606 dispensante,
2673 2551 2779 2591 non
2811 2535 3078 2601 vidimus;
3110 2533 3237 2604 quia
3260 2534 3429 2600 enim,
3454 2532 3598 2589 sicut

2011 2626 2114 2683 iste
2146 2640 2176 2680 a
2201 2627 2501 2681 reverendo
2529 2623 3093 2696 patriarchalgnatio,
3121 2624 3196 2680 ita
3228 2638 3474 2680 seorsum
3506 2622 3631 2679 illa.

2011 2734 2039 2771 a
2066 2716 2259 2773 Photio
2291 2725 2522 2787 tyranno
2543 2716 2879 2770 mittebatur.
2913 2715 3106 2771 Valens
3132 2713 3279 2769 Deus
3306 2715 3595 2771 ostendere

2012 2825 2120 2864 non
2157 2807 2211 2863 iu
2256 2807 2362 2863 duo
2389 2806 2682 2862 Ecclesium
2714 2822 2868 2861 suam
2900 2804 3017 2861 fore
3056 2805 3435 2879 scindendam,
3453 2804 3597 2875 quod

2012 2897 2261 2953 videlicet
2312 2896 2514 2951 malum
2565 2894 2851 2951 Jeroboam
2884 2895 3156 2964 quondam
3203 2896 3255 2949 in
3290 2893 3456 2950 Israel
3500 2910 3597 2949 rex

2014 2989 2209 3058 impius
2228 2988 2337 3058 egit
2366 2985 2485 3058 (III
2508 2985 2638 3056 Reg.
2665 2987 2783 3057 xu).
2815 2983 3013 3041 Nolens
3039 2985 3205 3039 etiam
3230 3000 3330 3040 nos
3357 2985 3597 3041 anetoris

2015 3080 2321 3151 hujusmodi
2365 3079 2671 3135 schismatis
2719 3092 2821 3132 nec
2853 3077 3022 3146 ipsam
3073 3089 3289 3146 quoque
3332 3075 3597 3130 visionem

2015 3170 2318 3241 percipere,
2348 3176 2635 3237 antequam
2668 3167 2733 3220 ad
2764 3181 2863 3221 nos
2886 3165 3210 3236 perveniret,
3228 3164 3374 3232 justo
3393 3162 3599 3233 judicio
3632 3201 3643 3219 ε

2019 3278 2115 3315 suo
2139 3259 2356 3331 pelagus
2378 3258 2653 3328 cooperuit
2674 3272 2829 3322 cum;
2857 3265 2910 3310 et
2932 3256 3020 3325 qui
3047 3253 3299 3325 populum
3320 3253 3597 3316 diviserat,
3629 3311 3635 3318 ,

2017 3351 2113 3406 Dci
2147 3351 2317 3405 divisa
2348 3358 2433 3404 est
2460 3363 2622 3419 super
2650 3362 2773 3402 eum
2812 3361 2970 3415 aqua,
3004 3344 3329 3415 devenitque
3379 3343 3433 3398 in
3476 3357 3602 3412 pro-

2017 3439 2241 3495 fumium
2291 3446 2547 3508 tan‘quam
2576 3435 2729 3504 lapis.
2763 3435 2967 3489 Verum
3013 3433 3056 3488 si
3089 3432 3227 3486 forte
3275 3440 3523 3487 movetur
3568 3445 3601 3483 a

2015 3531 2126 3585 Ι)υο
2169 3529 2477 3585 redimitum
2509 3526 2794 3597 imperium
2824 3533 3084 3588 vestrum,
3132 3523 3258 3593 quia
3286 3521 3494 3593 praefati
3526 3522 3605 3577 le-

2016 3638 2049 3692 g
2070 3621 2125 3675 «ιί
2154 3634 2319 3691 penes
2346 3634 2444 3673 nos
2467 3615 2769 3672 diutissime
2798 3614 2994 3670 morati
3024 3624 3170 3678 sunt,
3213 3627 3522 3682 precamur,
3548 3619 3604 3665 et

2013 3711 2211 3766 obnixe
2253 3709 2577 3781 ﬂagitamus,
2606 3723 2713 3762 non
2745 3708 2826 3763 eis
2853 3706 3172 3777 imputetur,
3196 3703 3455 3759 nimirum
3484 3702 3601 3773 qui,

2016 3810 2078 3855 ut
2123 3800 2554 3864 dimitterentur,
2581 3814 2687 3854 non
2737 3798 2915 3863 horis,
2952 3812 3059 3853 non
3108 3795 3400 3852 momentis
3432 3836 3449 3859 ,
3495 3810 3602 3850 nua

2016 3891 2252 3959 denique
2285 3888 2583 3944 clamantes
2625 3896 2787 3956 atque
2814 3885 3096 3957 pulsantes
3142 3886 3265 3940 ullis
3304 3883 3605 3939 intervallis

2015 3995 2239 4052 parcere
2274 3980 2705 4046 consentiebant,
2729 3978 2825 4039 sed
2875 3976 3201 4055 instantibus
3226 3986 3282 4031 et
3330 3975 3607 4030 irremotis

2018 4072 2312 4136 laboribus,
2350 4081 2405 4126 et
2442 4068 2897 4129 sollicitudinibus
2951 4066 3194 4123 onmium
3253 4064 3606 4120 ecclesiarum

2017 4166 2130 4229 Dei,
2162 4181 2295 4235 quas
2347 4163 2643 4220 secundum
2682 4159 2996 4233 Apostolum
3035 4153 3469 4214 circum‘ferimus
3519 4156 3630 4227 (ΙΙ⁴

2017 4257 2142 4313 Cor.
2166 4258 2267 4327 xt),
2294 4255 2615 4311 ascribatur.

2087 4350 2203 4405 Non
2231 4348 2373 4402 enim
2404 4345 2618 4415 requies
2643 4344 2749 4398 ulla
2781 4341 2935 4400 nobis
2966 4356 3066 4397 nec
3094 4342 3264 4397 otium
3294 4339 3411 4403 fuit,
3442 4354 3471 4392 a
3519 4338 3608 4392 die

2018 4441 2387 4515 perventionis
2440 4453 2660 4503 eorum,
2692 4445 2821 4491 tunc
2877 4435 3124 4490 videlicet
3172 4431 3454 4495 Ecclesiae,
3486 4447 3609 4500 qua:

2021 4534 2162 4604 apud
2213 4549 2310 4587 vos
2342 4540 2462 4595 est,
2491 4544 2709 4583 causam
2760 4527 3156 4588 tractantibus;
3192 4537 3335 4577 nunc
3380 4520 3608 4573 aliarum

2021 4640 2236 4697 quoque
2261 4622 2497 4694 partium
2527 4620 2709 4674 mundi
2742 4619 2957 4689 negotia
2990 4631 3139 4672 more
3166 4611 3365 4687 [motu]
3395 4613 3608 4684 perpeti

2020 4716 2459 4788 disponentibus;
2497 4711 2799 4782 praesertim
2831 4723 2953 4763 cum
2984 4706 3052 4761 ad
3104 4707 3245 4760 hanc
3273 4704 3446 4760 solam
3484 4719 3610 4758 cou-

2023 4808 2382 4874 troversiam,
2413 4821 2519 4877 qua
2553 4819 2652 4875 pro
2696 4800 2950 4856 Ecclesia:
2995 4797 3610 4867 Constantinopolitanic

2025 4901 2389 4958 commotione
2442 4898 2705 4968 petimur,
2756 4894 2918 4963 digne
2976 4890 3436 4954 modificandam,
3487 4888 3612 4941 licet

2027 4995 2295 5066 prolixum
2349 4991 2528 5054 fuerit,
2562 4990 2734 5059 ipsum
2770 4995 2980 5054 tempus
3003 4999 3109 5038 non
3141 4981 3387 5039 subicere
3426 4980 3609 5035 crede-

2027 5097 2178 5140 retur
2208 5097 2413 5142 revera,
2445 5095 2605 5149 quatu
2654 5076 2902 5140 interius,
2932 5083 2987 5129 et
3013 5074 3160 5131 uului
3190 5069 3464 5143 diligentia
3513 5083 3611 5119 nos

2027 5176 2313 5246 oportebat
2343 5170 2769 5235 examinarc,ac
2817 5184 3006 5223 eorum
3056 5179 3269 5235 quoque
3316 5159 3407 5229 qui
3455 5157 3611 5225 longe

2028 5276 2156 5324 sunt
2184 5267 2412 5319 fratrum
2442 5271 2498 5316 et
2526 5261 2964 5331 coepiscoporum
2996 5265 3304 5311 nostrorum
3327 5266 3489 5320 super
3511 5250 3613 5303 hoc

2028 5375 2345 5422 consensus,
2374 5357 2482 5412 imo
2507 5355 2730 5411 consilia
2756 5351 3076 5424 praestolari.
3108 5346 3269 5402 Salus
3291 5344 3453 5407 enim,
3478 5351 3615 5396 teste

2029 5454 2336 5513 Salomone,
2361 5449 2449 5503 ubi
2490 5448 2657 5501 multa
2703 5445 2921 5501 consilia
2951 5440 3134 5512 (Prov.
3168 5439 3263 5510 Xl).
3306 5437 3421 5492 Non
3469 5435 3612 5488 rnim

2029 5547 2082 5601 in
2108 5545 2347 5615 aliquem
2375 5543 2568 5597 horum
2601 5540 2727 5595 hinc
2771 5537 3079 5607 indignetur
3106 5543 3285 5587 vestra
3315 5528 3614 5597 tramptilti-

2028 5648 2141 5701 tas,
2175 5649 2274 5690 nos
2322 5648 2431 5688 non
2483 5630 2714 5701 propriae
2764 5626 3057 5683 voluntatis
3111 5622 3390 5694 impedivit
3437 5620 3615 5688 aliqua

2029 5725 2271 5787 tarditas,
2288 5725 2382 5780 sed
2412 5720 2686 5790 multiplex
2711 5717 2987 5788 prohibuit
3008 5730 3418 5770 lttttltcl'OS:tl'lltlt
3444 5712 3619 5766 eccle-

2027 5818 2231 5872 siarum
2262 5834 2355 5887 per
2384 5812 2702 5870 industriam
2732 5818 2969 5863 nostram
3005 5807 3457 5861 sublctamlarum
3492 5819 3624 5872 pro-

2549 5970 2626 5984 ss.’
