3978 6160
349 306 473 363 1‘2."

1743 306 2021 363 AlllllANl
2062 306 2191 361 l’Al’
2205 306 2262 371 ,Ε
2299 306 2344 361 ιι

3526 310 3665 366 ίὶὲἐ

384 442 576 492 pcrare
634 424 950 478 necessitas.
1012 422 1318 476 Piissimum
1381 422 1665 491 imperium
1729 428 1965 473 vestrum
1999 426 2041 479 Α
2072 419 2362 474 Sollicitare
2390 421 2727 483 consentiat;
2750 437 2936 474 eorum
2962 419 3227 481 videlicet,
3251 435 3371 488 quae
3398 433 3517 472 eun:
3548 421 3658 473 sint

384 519 558 589 gratia
592 532 822 584 superna
870 514 1160 578 custodiat,
1190 514 1348 583 eique
1391 513 1631 568 omnium
1666 510 1959 564 inﬁdelium

384 607 625 677 gentium
650 605 959 661 ferocitates
987 606 1052 660 ad
1075 605 1456 661 exaltationcm
1484 614 1685 660 sanctae
1715 602 1969 657 Ecclesia:

387 698 590 766 potenti
614 699 816 754 virtute
848 696 1193 762 substernat.

677 955 744 994 AD
779 959 1043 998 PROCEllES
1079 960 1233 999 RECNI
1268 960 1456 998 CABOLI
1494 959 1668 999 CALVI.

984 1055 1180 1126 (Anno
1208 1053 1330 1109 869.
1357 1055 1374 1124 )

391 1165 648 1219 "artatur
678 1177 733 1219 ut
775 1166 1024 1220 Caro/um
1062 1183 1228 1235 regem
1294 1167 1587 1220 deterreant
1654 1184 1717 1219 ne
1756 1168 1970 1220 invadat

458 1252 669 1305 regnum
713 1235 977 1294 Lat/curii.
1010 1248 1055 1288 et
1093 1248 1145 1288 ut
1186 1235 1410 1289 Paulum
1438 1253 1499 1288 ac
1528 1235 1751 1289 Leonem
1775 1236 1972 1306 legatos

454 1323 575 1359 suos
612 1306 829 1376 benigne
851 1308 1159 1374 suscipiunt.

359 1414 364 1419 ’
454 1421 727 1473 ADRIANUS
749 1418 1051 1488 episcopus,
1079 1432 1267 1473 servus
1288 1434 1564 1473 servorum
1588 1419 1703 1483 Dei,
1725 1419 1974 1474 omnibus

383 1509 633 1580 gloriosis
660 1508 905 1572 ducibus,
931 1509 1233 1571 comitibus,
1266 1519 1319 1563 ct
1347 1509 1556 1564 caeteris
1576 1509 1898 1579 primatibus
1919 1509 1973 1563 in

384 1614 551 1665 regno
578 1596 762 1652 Caroli
786 1598 1227 1653 excellentiSsimi
1258 1600 1401 1669 regis
1428 1599 1756 1653 constitutis.

454 1689 655 1743 Omnes
683 1689 899 1760 quidem
915 1676 1140 1745 virtutes
1161 1689 1361 1745 Christi
1389 1689 1685 1745 cultoribus
1709 1689 1976 1745 sectandre

2013 540 2021 547 -
2072 510 2123 563 in
2154 526 2318 579 regno
2357 510 2601 580 gloriosa:
2647 511 2921 565 memoria:
2948 509 3190 564 Lotharii
3221 514 3492 579 quondam
3519 511 3659 579 regis

2069 602 2308 672 germani
2336 602 2419 655 sui
2448 641 2462 664 ,
2509 603 2573 656 ad
2604 614 2662 655 se
2697 600 3113 669 suifragantibus
3155 600 3369 653 cunctis
3415 598 3620 668 legibus
3642 641 3655 659 ,

2070 708 2177 747 non
2212 701 2319 746 tam
2340 708 2439 762 pro
2465 691 2704 746 fraterna
2733 692 3101 752 successione,
3130 706 3291 759 quam
3314 705 3415 760 pro
3437 700 3658 757 paterna

2071 786 2452 853 dispositione,
2502 784 2847 840 haereditario
2883 782 3005 850 jure
3040 783 3313 851 pertinere
3340 782 3658 851 probantur.

2072 876 2170 943 Qui
2199 876 2342 930 enim
2366 876 2604 930 concutit
2626 874 2779 947 ﬁnes,
2807 883 2861 928 et
2885 873 3140 929 sollicitat
3157 872 3422 930 homines.
3445 872 3534 939 qui
3561 871 3663 923 sub

2074 966 2440 1021 moderamine
2478 968 2746 1036 quondam
2767 963 2879 1032 jam
2908 963 3167 1020 nominati
3196 963 3339 1031 regis
3364 972 3539 1024 erant,
3571 962 3660 1015 illa

2073 1070 2193 1124 quae
2218 1054 2312 1110 Dei
2342 1063 2489 1119 sunt,
2517 1062 2571 1108 et
2605 1053 2862 1109 Ecclesia:
2892 1052 3114 1108 utilitati
3146 1052 3495 1106 conveniunt.
3526 1067 3658 1105 con-

2074 1146 2212 1200 cutit
2238 1164 2249 1200 :
2272 1155 2324 1200 et
2342 1146 2433 1216 qui
2456 1147 2598 1200 hunc
2624 1146 2848 1199 avaritia
2870 1146 3046 1198 victus
3068 1154 3390 1203 commovet,
3410 1157 3661 1213 magnum

2074 1238 2259 1307 procul
2288 1238 2450 1294 dubio
2470 1236 2728 1292 Ecclesiae
2745 1235 3003 1305 diSpergit
3023 1242 3389 1304 augmentum.
3416 1231 3660 1299 iniquum

2078 1337 2336 1397 prmterea
2365 1335 2450 1381 est
2476 1334 2535 1380 ut
2562 1325 2704 1395 quod
2732 1324 2933 1379 fratres
2962 1324 3063 1379 sibi
3091 1333 3298 1388 nmtuo,
3326 1340 3425 1393 pro
3455 1323 3664 1393 integra

2078 1420 2217 1475 inter
2239 1434 2297 1474 se
2318 1434 2380 1473 ac
2401 1426 2623 1487 nepotes
2649 1433 2777 1472 suos
2798 1416 3149 1471 custodienda
3171 1425 3321 1484 parte
3349 1431 3661 1484 regnorum,

2077 1528 2238 1582 quam
2268 1500 2462 1580 singuli
2494 1511 2742 1565 distincta
2768 1519 2915 1563 sorte
2938 1518 3316 1578 perceperant,
3341 1507 3666 1574 juralnentis

2080 1600 2410 1657 terribilibus
2438 1600 2857 1670 spoponderant,
2891 1599 3054 1667 impia
3083 1597 3530 1668 pnet'aricazioue
3555 1598 3665 1649 vio-

2079 1692 2252 1758 letur,
2299 1692 2381 1745 vel
2425 1691 2741 1760 cujusquam
2788 1688 3054 1758 cupidinis
3101 1686 3289 1741 fomite
3329 1696 3661 1739 temeretur:

379 1791 528 1846 sunt,
575 1781 668 1836 sed
716 1780 862 1835 nulla
912 1781 1096 1837 utilius
1142 1797 1303 1857 quam
1356 1797 1461 1850 pax
1510 1797 1633 1837 eum
1691 1782 1975 1837 dilectione
2008 1771 2051 1831 Β
2079 1800 2200 1839 cum
2231 1782 2408 1855 potius
2438 1782 2525 1851 pio
2560 1782 2846 1836 conveniat
2884 1779 3075 1834 affectu
3110 1778 3331 1832 fratrem
3361 1776 3554 1841 fratri,
3603 1793 3665 1831 ac

382 1881 567 1925 mutua
600 1870 739 1926 inter
760 1885 966 1935 omnes,
1000 1880 1053 1926 et
1077 1870 1310 1927 maxime
1333 1872 1472 1925 inter
1493 1871 1835 1926 sublimiores
1852 1886 1975 1940 per—

381 1975 544 2014 sonas
570 2001 585 2026 ,
625 1961 928 2015 custoditur
962 1969 1015 2014 et
1042 1959 1256 2015 colitur.
1293 1962 1504 2027 Quanto
1548 1962 1692 2015 enim
1723 1960 1845 2029 quis
1884 1975 1975 2014 su-

382 2046 615 2115 Elimior,
663 2059 813 2106 tanto
860 2051 927 2105 ad
973 2066 1151 2107 mores
1194 2067 1320 2107 suos
1366 2068 1607 2122 quosque
1653 2053 1972 2107 trahendum

384 2147 606 2193 constat
645 2154 767 2195 esse
810 2138 1041 2195 facilior.
1081 2140 1311 2211 Ideoque
1351 2135 1451 2196 his'
1482 2142 1839 2211 prmsentibus
1881 2156 1977 2210 op-

382 2238 612 2299 portune
650 2245 876 2298 moneo,
907 2231 1134 2297 suadeo,
1167 2216 1511 2287 et’exhortor
1545 2230 1785 2301 apicibus
1806 2272 1820 2297 ,
1868 2245 1975 2300 quo

384 2319 535 2388 pacis
561 2320 761 2376 bonum
789 2321 842 2375 'm
874 2337 1082 2388 omnes,
1114 2321 1206 2377 sed
1230 2322 1495 2393 praecipue
1526 2322 1666 2377 inter
1694 2322 1975 2395 sublimio-_

383 2427 472 2465 res
502 2411 686 2466 mundi
714 2412 986 2482 principes
1011 2454 1023 2475 ,
1062 2415 1333 2469 aediﬁcare
1372 2423 1428 2471 et
1475 2422 1755 2469 construer
1832 2425 1976 2471 sata-

382 2498 543 2570 g’atis.
569 2500 627 2554 in
650 2501 752 2555 hoc
775 2503 919 2556 enim
942 2504 1121 2558 dilecti
1146 2504 1241 2557 ﬁlii
1266 2504 1369 2557 mei
1394 2504 1537 2575 regis
1561 2503 1727 2560 vestri
1750 2519 1975 2578 regnum

382 2592 544 2652 cilius
570 2593 769 2662 poterit
813 2593 1079 2650 incolume
1122 2610 1474 2666 permanere,
1517 2597 1563 2651 si
1591 2595 1862 2653 neminem
1889 2596 1977 2652 ille

385 2682 721 2748 concutiens,
756 2697 786 2736 a
813 2682 956 2739 nullo
985 2686 1345 2743 concutiatur.
1376 2685 1492 2739 Non
1515 2695 1695 2741 autem
1725 2688 1975 2756 ignorare

384 2788 483 2828 vos
508 2774 689 2851 credo,
722 2775 954 2844 qualiter
982 2777 1523 2835 desiderabilissimus
1544 2787 1599 2835 et
1621 2779 1878 2852 spiritalis
1909 2781 1973 2835 fi—

384 2863 492 2918 lius
522 2878 674 2919 meus
702 2862 1037 2933 Ludovicus,
1068 2869 1343 2938 piissimus
1387 2878 1440 2926 ct
1482 2886 1513 2924 a
1554 2871 1663 2929 Deo
1700 2880 1977 2941 protectus

369 2956 701 3025 imperator,
733 2973 841 3013 non
874 2967 931 3013 ut
949 2960 1167 3030 quidam
1194 2962 1453 3018 adversus
1480 2970 1679 3018 sanctae
1703 2963 1977 3034 religionis

386 3048 547 3114 filios,
590 3065 695 3105 non
733 3057 920 3104 contra
965 3038 1089 3105 ﬁdei
1133 3050 1456 3107 Christianae
1499 3053 1846 3116 domesticos,
1882 3052 1978 3107 sed

2073 1885 2297 1947 patruos
2340 1873 2660 1943 nepotibus,
2701 1873 2866 1926 totius
2893 1870 3201 1941 praesidium
3230 1870 3483 1925 conferre
3505 1868 3664 1936 juva-

2076 1966 2237 2021 rninis
2262 2008 2275 2031 ,
2316 1974 2373 2020 et
2412 1964 2708 2020 secundum
2738 1963 3059 2033 promissam
3099 1963 3330 2017 invicem
3355 1961 3666 2029 juramento

2077 2058 2257 2121 ﬁdem,
2285 2059 2461 2113 omnis
2480 2056 2738 2111 auxilium
2762 2063 3016 2125 pra-stare
3037 2054 3235 2109 solatii.
3260 2053 3539 2120 Praecipue
3553 2050 3664 2118 jam

2075 2149 2245 2205 fatum
2290 2148 2550 2220 inclytum
2589 2161 2770 2216 regem
2801 2154 3076 2208 vestrum,
3106 2144 3197 2213 qui
3230 2144 3374 2197 hunc
3416 2152 3665 2215 nepotem

2076 2257 2255 2306 suum,
2284 2254 2534 2309 maguum
2564 2237 2771 2292 scilicet
2798 2236 3122 2307 Augustum,
3154 2236 3219 2288 de
3262 2234 3436 2301 patris
3464 2232 3663 2301 proprii

2076 2330 2264 2385 dextra
2287 2370 2301 2395 ,
2346 2345 2469 2385 cunt
2501 2327 2752 2382 omnibus
2779 2342 2899 2395 qua:
2934 2325 3003 2379 ad
3043 2339 3165 2378 eum
3204 2324 3479 2392 pertinere
3520 2324 3666 2376 vide-

2076 2431 2301 2487 rentur,
2344 2420 2410 2474 ad
2462 2418 2752 2473 fovendum
2796 2417 3267 2485 roborandumque
3317 2432 3417 2485 pro
3464 2416 3668 2468 viribus

2075 2513 2241 2568 veluti
2266 2512 2534 2567 secundus
2553 2518 2707 2580 pater
2727 2508 2998 2577 accepisse
3019 2508 3374 2577 dignoscitur.
3420 2507 3669 2577 Iniquum

2077 2612 2259 2658 autem
2287 2609 2340 2657 et
2368 2602 2539 2655 instar
2566 2597 2839 2668 sacrilegii
2861 2604 2966 2662 est,
2996 2605 3057 2671 ut
3082 2597 3174 2667 qui
3205 2613 3264 2650 se
3292 2596 3436 2650 ultro
3463 2612 3561 2665 pm
3583 2614 3671 2650 sa—

2074 2694 2126 2749 lu
2136 2704 2185 2748 te
2209 2692 2442 2748 fidelium
2455 2733 2468 2757 ,
2487 2700 2540 2745 et
2562 2690 2794 2745 maxime
2808 2704 2906 2759 pro
2927 2697 3127 2743 sancta:
3143 2687 3398 2742 Romamn
3416 2687 3672 2741 Ecclesia:

2075 2786 2267 2842 matris
2292 2801 2402 2840 sure
2433 2784 2748 2841 defensione
2770 2823 2785 2849 ,
2817 2792 2897 2837 tot
2926 2782 3182 2851 periculis
3208 2780 3368 2836 offert
3390 2822 3405 2845 ,
3435 2798 3467 2833 a
3490 2791 3673 2850 empto

2076 2878 2294 2948 pietatis
2321 2874 2548 2944 alicujus
2575 2874 2810 2930 factione
2855 2872 3164 2929 stimulatus
3207 2874 3423 2927 recedat
3468 2888 3672 2942 opere,

2077 2976 2242 3039 atque
2294 2967 2371 3021 ad
2415 2967 2647 3037 patriam
2703 2973 2926 3020 coactus
2980 2964 3360 3019 vindicandam
3412 2965 3677 3034 procedat

2078 3059 2467 3116 hatreditatem.
2498 3058 2696 3114 Verum
2736 3058 2981 3129 quisquis
3021 3073 3120 3113 suo
3165 3058 3296 3111 vitio
3338 3066 3448 3109 tam
3483 3066 3679 3111 sancto

388 3139 652 3195 adversus
698 3139 837 3209 ﬁ“95
876 3139 1041 3194 Belial
1067 3181 1082 3206 9
1131 3141 1393 3196 adversus
1438 3142 1641 3196 Clll‘iSli
1695 3141 1973 3206 ίηίῐηῖοοδι
2004 3121 2048 3183 C
2083 3151 2277 3216 labori,
2304 3149 2611 3221 cupiditatis
2635 3121 2855 3203 aastibus
2875 3121 3170 3211 accensus,
3197 3144 3414 3215 aliquod
3447 3145 3678 3213 impedi-

388 3232 660 3301 prrecipue
686 3248 784 3303 pro
809 3242 992 3288 nostra
1020 3235 1332 3300 securitate,
1363 3250 1566 3306 proque
1596 3233 1887 3289 multorum
1915 3232 1979 3304 li-

391 3324 673 3380 beratione
700 3325 959 3395 ﬁdelium,
991 3326 1083 3395 qui
1113 3326 1377 3382 ﬁnetenus
1411 3327 1552 3397 apud
1582 3325 1883 3391 Samnium,
1926 3334 1981 3379 et

391 3418 816 3489 circumquaque
844 3418 1113 3489 regiones,
1137 3418 1249 3489 jam
1270 3419 1493 3489 jamque
1513 3416 1980 3487 periclitabantur,
2018 3427 2052 3440 °

391 3507 469 3560 ita
524 3516 581 3561 ut
647 3508 812 3564 etiam
858 3507 993 3563 ﬁnes
1028 3516 1243 3563 nostros
1283 3506 1557 3561 infestatio
1594 3506 1983 3576 propemodum

395 3599 822 3653 Sarracenorum
853 3598 1172 3677 invaderet,
1218 3612 1468 3669 egressus
1507 3614 1537 3651 a
1567 3614 1779 3654 summo
1819 3598 1986 3654 subli-

394 3688 604 3745 mitatis
629 3690 860 3762 propria:
896 3688 1031 3745 solio
1054 3728 1070 3753 ,
1116 3696 1173 3744 et
1197 3704 1227 3743 a
1256 3689 1617 3759 pacatissimm
1646 3690 1847 3761 requiei
1875 3706 1987 3747 sua:

393 3780 731 3846 fundamine,
757 3796 865 3847 non
896 3780 1110 3867 corpori
1134 3789 1340 3850 parcat,
1374 3797 1479 3836 non
1507 3782 1748 3848 aastibus,
1772 3799 1879 3838 non
1911 3781 1989 3836 al-

397 3870 639 3941 goribus,
668 3886 774 3926 non
805 3870 1039 3944 denique
1066 3869 1189 3926 ullis
1209 3871 1492 3927 eventibus
1516 3870 1672 3926 cedat
1700 3888 1714 3925 :
1747 3872 1841 3927 sed
1867 3886 1988 3927 om-

397 3962 488 4015 nia
518 3962 878 4028 incommoda,
927 3962 1109 4017 omnia
1152 3962 1467 4018 discrimina
1511 3978 1608 4033 pro
1644 3961 1847 4018 Christi
1894 3978 1991 4016 no-

398 4052 546 4107 mine
588 4052 867 4123 tolerans,
918 4052 1052 4107 nihil
1096 4062 1182 4107 est
1229 4052 1373 4127 quod
1420 4068 1517 4122 pro
1560 4052 1991 4108 Christianorum

398 4141 676 4211 ereptione
699 4148 914 4196 recuset
932 4141 1193 4210 arripere,
1210 4140 1343 4195 nihil
1365 4142 1609 4211 estquod
1631 4157 1730 4211 pro
1753 4140 1991 4196 ﬁdelium

396 4231 578 4299 quiete
609 4245 672 4285 ac
701 4245 834 4308 pace
862 4229 1094 4285 declinet
1118 4245 1415 4285 assumere.
1448 4230 1687 4302 Denique
1720 4247 1825 4286 non
1871 4247 1993 4290 mo-

402 4323 583 4377 dicam
614 4322 868 4383 Ecclesia:
897 4330 1097 4379 sancta:
1122 4323 1356 4392 quietem
1387 4338 1483 4393 per
1511 4339 1635 4378 eum
1662 4323 1841 4378 divina
1873 4324 1990 4395 pie-

405 4420 489 4463 tas
517 4419 736 4482 operata
778 4421 881 4477 est;
914 4427 1013 4467 nec
1040 4412 1265 4475 modicae
1307 4428 1638 4482 paganorum
1670 4413 1814 4467 vires
1841 4411 1993 4466 forti-

408 4504 593 4558 tudine
618 4519 850 4574 snperna
878 4512 1161 4575 prostrata:
1193 4515 1335 4560 sunt.
1372 4504 1649 4573 Siquidem
1676 4504 1871 4574 smpius
1898 4504 1994 4559 ho-

407 4604 519 4647 stes
544 4634 557 4658 ,
592 4602 847 4664 tanquam
884 4608 1063 4648 mures
1089 4595 1336 4647 cavernis
1367 4595 1480 4649 suis
1506 4609 1771 4664 egressos,
1809 4593 1874 4648 ad
1896 4609 1992 4647 sua

406 4683 629 4737 latibula
681 4694 829 4754 terga
876 4694 1089 4741 vertere
1131 4684 1408 4754 compulit,
1457 4692 1512 4738 et
1551 4684 1773 4739 brachia
1804 4692 1995 4739 contra

409 4785 625 4830 nostros
651 4786 835 4830 exerta
867 4777 1069 4847 potenti
1094 4776 1291 4831 virtute
1315 4775 1580 4831 dissolvit.
1605 4774 1746 4842 Quin
1766 4784 1821 4830 et
1843 4774 1997 4830 nobis

410 4869 684 4934 onmibus,
718 4869 807 4938 qui
845 4869 998 4943 longe
1031 4870 1230 4925 fuimus
1254 4882 1310 4925 et
1332 4869 1420 4940 qui
1446 4884 1644 4939 prope,
1677 4884 1885 4940 magna:
1913 4884 1998 4923 se-

413 4962 664 5015 curitatis
708 4961 956 5031 praesidia
986 4962 1213 5016 contulit
1255 4977 1269 5015 :
1318 4962 1445 5016 dum
1483 4960 1689 5015 scilicet
1715 4959 1999 5015 nonnullos

414 5070 602 5109 eorum
634 5052 915 5126 postravit,
940 5054 1223 5108 nonnullos
1249 5054 1413 5108 etiam
1442 5054 1511 5109 ab
1531 5068 1715 5108 eorum
1741 5052 2001 5122 supersti-

418 5149 563 5202 tione
607 5156 968 5206 convertens.
1024 5145 1225 5200 Christi
1274 5145 1398 5199 ﬁdei
1439 5154 1493 5199 et
1540 5160 1681 5199 verre
1731 5143 2004 5214 religionis

419 5242 616 5293 niuera
643 5238 841 5295 sectari
870 5236 1169 5308 perdocuit.
1201 5236 1315 5301 Qua
1346 5236 1411 5290 tle
1440 5252 1499 5291 re
1528 5248 1701 5291 ratum
1732 5236 2002 5299 ducimus,

418 5342 655 5385 Vestram
698 5344 1043 5385 commoncre
1086 5326 1461 5386 dilectionem.
1495 5345 1601 5398 quo
1632 5327 1854 5398 praefato
1893 5327 2005 5397 glo-

419 5423 566 5474 rioso
588 5421 697 5490 regi
720 5428 923 5484 vestro,
956 5431 1011 5475 et
1054 5418 1178 5473 ﬁliis
1213 5417 1327 5488 ejus
1357 5433 1642 5487 suggerere
1668 5426 1877 5489 satagat
1902 5458 1915 5482 ,
1957 5426 2013 5471 et

424 5512 671 5582 prudenti
712 5512 938 5566 consilio
988 5512 1216 5564 suadere
1259 5509 1579 5571 contendat,
1610 5517 1876 5577 quatenus
1910 5525 2011 5563 ncc

425 5604 537 5658 suis
561 5606 692 5657 mori
736 5622 819 5665 ns,
850 5622 947 5659 nrc
976 5605 1201 5658 aliorum
1224 5603 1563 5657 suasionilms
1586 5602 1867 5669 impulsus,
1892 5619 2010 5670 qua:

432 5698 560 5765 tanti
590 5697 849 5773 principis
879 5709 929 5751 et
964 5707 1070 5751 tam
1107 5696 1176 5768 pii
1212 5694 1429 5766 Augusti
1457 5702 1609 5760 sunt,
1644 5693 1893 5746 invadere
1930 5695 2010 5747 vel

2020 4460 2071 4519 D

2082 3251 2325 3299 utentum
2358 3240 2690 3310 pnestiterit,
2722 3239 3045 3308 condignam
3075 3236 3341 3307 profecto,
3376 3233 3677 3304 apostolica

2084 3335 2213 3389 sede
2250 3332 2561 3394 sanciente,
2600 3330 2714 3385 luet
2742 3345 2866 3385 eum
2898 3328 3011 3383 suis
3044 3326 3346 3383 fautoribus
3392 3325 3677 3378 ultionem.

2086 3422 2240 3484 Unde
2277 3421 2321 3477 si
2364 3422 2669 3492 quisquam‘
2689 3428 2928 3474 vestrum
2971 3418 3135 3489 hujus
3171 3415 3453 3473 diabolica:
3499 3414 3678 3467 ambi-

2087 3511 2249 3569 tionis
2286 3520 2562 3567 auctorem
2603 3519 2841 3567 sectatus
2869 3511 3068 3575 fuerit,
3101 3508 3184 3564 vel
3212 3509 3260 3563 ei
3296 3507 3681 3577 quoquomodo

2087 3601 2142 3656 in
2170 3601 2377 3671 rapinis
2397 3601 2797 3671 concupiscenti
2830 3599 3072 3654 favorem
3103 3598 3416 3662 contulerit,
3448 3599 3677 3651 anathe-

2089 3693 2250 3749 matis
2282 3692 2513 3748 vinculis
2551 3690 2931 3755 innodabitur,
2974 3704 3039 3744 ac
3068 3704 3166 3759 pro
3192 3690 3294 3743 hoc
3321 3702 3356 3742 ε
3384 3703 3550 3757 regno
3583 3688 3684 3741 Do-

2089 3783 2222 3839 mini
2244 3790 2545 3853 separatus.
2580 3796 2703 3843 cum
2725 3780 3016 3850 impiorum
3041 3780 3283 3834 omnium
3308 3779 3507 3847 capite,
3536 3776 3683 3845 quod

2090 3882 2174 3931 est
2198 3872 2476 3938 diabolus,
2513 3872 2709 3927 merito
2737 3871 3102 3940 deputabitur.
3131 3867 3394 3922 Attendat
3419 3881 3554 3934 ergo
3588 3878 3685 3918 rex

2089 3965 2565 4038 prudentissimus,
2589 3964 2788 4019 vestris
2808 3978 3024 4034 quoque
3048 3959 3416 4032 probabilibus
3438 3956 3688 4012 consiliis

2092 4060 2433 4123 adhortatus,
2468 4073 2537 4112 ne
2564 4056 2875 4126 iniquorum
2906 4054 3245 4109 suasionibus
3273 4052 3448 4111 cedat,
3486 4067 3589 4107 nec
3616 4050 3690 4103 si-

2092 4148 2264 4203 nistra
2309 4144 2746 4200 machinantibus
2776 4157 2936 4196 aures
2969 4139 3339 4195 accommodet
3374 4152 3388 4189 :
3421 4137 3520 4191 sed
3563 4152 3691 4207 pro-

2092 4236 2213 4308 prio
2234 4235 2357 4306 jure
2384 4242 2694 4298 contentus,
2721 4246 2843 4303 qum
2874 4245 2969 4285 sua
2994 4245 3102 4285 non
3132 4237 3258 4284 sunt
3286 4241 3554 4294 usurpare
3579 4242 3688 4279 non

2095 4335 2298 4393 tentet,
2336 4341 2435 4381 nec
2471 4324 2727 4380 invadere
2752 4336 3075 4393 quocunque
3106 4321 3263 4375 modo
3288 4320 3525 4383 nitatur,
3554 4334 3693 4387 (μιοο

2096 4418 2259 4475 modo
2280 4419 2525 4472 invasum
2544 4432 2650 4470 non
2673 4415 2943 4470 modicum
2964 4420 3142 4485 potest
3163 4411 3399 4465 invasuri
3422 4423 3692 4479 generare

2098 4509 2410 4565 discrimen.
2436 4506 2514 4563 Ne
2538 4509 2722 4576 itaque
2740 4505 2850 4576 jam
2878 4512 3181 4559 memorato
3203 4501 3558 4557 dilectissimo
3581 4500 3691 4555 tilio

2099 4615 2222 4654 meo
2246 4640 2260 4664 ,
2314 4599 2535 4654 domino
2570 4614 2783 4667 semper
2811 4598 3053 4667 Augusto
3076 4637 3091 4662 ,
3132 4606 3349 4651 causam
3393 4595 3491 4649 Dei
3535 4611 3694 4649 exse-

2100 4690 2320 4760 quenti,
2362 4689 2737 4744 hazreditatem
2784 4686 2994 4741 Domini
3038 4685 3362 4748 vindicanti,
3414 4701 3480 4740 ac
3522 4686 3694 4753 ipsius

2102 4780 2240 4836 bella
2279 4779 2581 4848 praelianti,
2629 4777 2907 4848 quodlibet
2949 4774 3328 4830 offendiculum
3378 4787 3693 4844 praeparet,

2106 4887 2211 4941 quo
2239 4879 2439 4925 sancta:
2466 4869 2564 4924 Dei
2594 4868 2850 4923 Ecclesia;
2876 4867 3067 4935 quavis
3094 4882 3159 4921 ex
3184 4875 3335 4936 parte
3365 4866 3698 4941 impediatur

2101 4962 2329 5029 utilitas,
2360 4962 2445 5016 vel
2486 4959 2762 5031 profectus
2795 4958 3031 5013 ﬁdelium
3061 4956 3402 5012 excludatur.
3431 4956 3696 5025 Alioquin

2102 5066 2322 5107 manum
2345 5048 2653 5120 apostolica:
2674 5046 2817 5103 sedis
2840 5062 2962 5102 cum
2985 5046 3173 5101 eodem
3191 5045 3699 5115 piissimo'principe

2106 5145 2319 5199 fortiter
2339 5158 2456 5198 esse
2476 5142 2794 5211 comperiat,
2817 5149 2872 5194 et
2896 5154 3046 5193 arma
3074 5154 3145 5192 no
3179 5147 3258 5191 tra
3285 5137 3358 5192 illi
3390 5136 3698 5189 munimina

2106 5233 2433 5287 validissima
2476 5230 2836 5293 conferentia,
2885 5243 3095 5283 summo
3146 5226 3474 5296 agonotheta
3535 5224 3701 5278 nobis

2112 5331 2483 5384 concertaute,
2511 5329 2567 5375 et
2596 5320 2874 5373 beatorum
2898 5318 3198 5387 principum
3224 5314 3595 5385 apostolorum
3622 5315 3703 5367 in-

2115 5414 2444 5471 tereessione
2473 5419 2827 5481 cooperante,
2872 5418 3169 5480 praeparata
3203 5409 3320 5462 sine
3351 5408 3705 5461 cunctatione

2115 5514 2432 5577 prasnoscat.
2466 5503 2577 5559 Hos
2612 5511 2869 5573 prieterea
2911 5501 3105 5555 missos
3144 5497 3454 5569 apostolij
3498 5506 3706 5550 nonne

2114 5601 2280 5664 Sedis,
2305 5599 2528 5653 Pandunt
2554 5608 2607 5653 et
2633 5596 2868 5653 Leonem
2892 5593 3226 5650 venerabiles
3245 5592 3545 5661 episcopo-,
3576 5590 3691 5645 dite.

2116 5704 2230 5749 ctus
2260 5692 2593 5748 consiliarios
2620 5699 2850 5756 nostros,
2881 5703 3015 5759 quos
3042 5703 3137 5758 pro
3168 5702 3299 5756 pace
3327 5692 3381 5737 ct
3411 5682 3702 5737 concordia
