3978 6160
341 355 363 412 l
376 352 488 411 291

1533 365 1889 426 EPISTOLJS
1929 363 2015 420 ET
2056 363 2393 420 DECRETA.

2754 286 2860 318 ,ηδ’

3477 352 3576 410 129
3590 353 3614 409 τι

347 493 548 538 sauctze
577 483 666 538 Dei
692 482 951 539 Ecclesia:
978 484 1106 540 illuc
1134 485 1546 548 destinavimus,
1579 485 1649 538 ab
1677 497 1924 538 reveren-
1951 485 2000 544 Α
2028 479 2170 532 enim
2198 478 2358 530 debet
2379 482 2658 545 paternam
2683 474 3047 528 haereditatcm
3071 472 3156 526 ille
3178 471 3466 529 dimittere.
3491 474 3606 538 qui,

350 575 481 628 tiam
512 573 812 644 principum
843 575 1209 644 apostolorum
1241 575 1384 630 Petri
1425 584 1483 629 et
1519 574 1668 629 Pauli
1701 575 1928 640 benigne

347 663 714 732 suscipiteﬁt
738 677 799 716 ea
823 679 944 732 qua:
967 665 1116 718 vobis
1142 681 1238 734 pro
1269 665 1587 719 utilitatibus
1610 664 1929 718 Christiana:

351 752 472 806 hdci
505 763 665 820 atque
689 751 958 821 religionis
978 751 1236 819 dixerint,
1267 770 1396 808 aure
1424 755 1602 808 cordis
1630 753 1930 824 pcreipien:

353 853 454 906 tes,
488 843 557 897 ad
581 841 828 896 elfectum
859 843 1156 913 perducere
1200 843 1474 899 festinate.
1513 843 1776 914 Optaruus
1818 842 1931 913 glo-

356 936 492 988 riam
528 944 762 988 vestram
809 935 862 988 in
909 935 1126 991 Christo
1166 936 1303 991 bene
1341 935 1542 992 valere.
1589 935 1723 990 Data
1766 934 1932 992 Nonis

355 1026 716 1098 Septembris,
747 1027 1039 1082 indictione
1071 1044 1150 1081 ιιι.

1086 1142 1222 1196 XXI.

388 1266 456 1305 AD
491 1265 770 1305 EPlSCOl'GS
805 1268 856 1305 IN
897 1268 1066 1306 BECNO
1099 1268 1288 1306 CAN)“
1329 1269 1478 1307 C.\L\'l
1505 1262 1898 1308 ἵιιικδτιτιἺ-υδ.

967 1365 1145 1436 (Anno
1171 1367 1274 1420 869
1300 1369 1319 1436 )

356 1477 424 1533 Ut
445 1477 694 1552 Carolina
725 1496 892 1552 [egent
919 1482 1210 1552 deterreant
1245 1482 1308 1534 ab
1347 1483 1636 1535 inmittenda
1663 1500 1815 1552 regno
1842 1481 1938 1535 ιο-

423 1550 610 1623 tltarii,
647 1561 692 1602 et
729 1547 960 1623 Paulum
987 1566 1053 1603 ac
1089 1550 1312 1604 Leonem
1351 1554 1533 1606 missos
1574 1571 1606 1606 ιι
1647 1547 1934 1623 relegatos

431 1620 646 1690 benigne
673 1619 981 1690 suscipiant.

423 1733 700 1786 ADRIANUS
727 1731 1043 1802 episcopus,
1074 1747 1264 1792 servus
1287 1750 1568 1788 servorum
1609 1733 1737 1798 Dei,
1783 1750 1935 1788 reve-

2033 569 2143 624 Deo
2170 569 2408 640 gratias,
2445 582 2550 621 non
2584 567 2796 636 ignorat
2831 563 3042 619 Naboth
3084 561 3468 619 Jezrahelitam
3511 578 3609 630 pro

2031 663 2141 718 sola
2169 669 2394 731 paterna
2424 660 2578 714 vinea
2598 699 2612 724 ,
2645 658 2806 712 etiarn
2843 666 3029 711 contra
3059 670 3238 724 regem
3267 653 3488 723 impium
3519 654 3611 707 dc-

2031 752 2316 815 fendenda.
2342 765 2512 820 usque
2537 751 2602 806 ad
2634 757 2860 803 mortem
2892 748 3124 816 lapidum
3151 746 3462 816 pervenisse
3489 743 3538 814 (1
3547 743 3573 798 l
3583 743 3609 797 ι

2032 843 2157 914 Reg.
2186 858 2276 898 χχι
2299 841 2340 913 ).
2372 840 2572 896 Verum
2606 841 2652 895 si
2678 848 2733 894 et
2757 839 2910 894 labor
2938 838 3164 908 alicujus
3185 837 3480 890 ambitione
3510 837 3611 888 im-

2031 935 2320 1005 pediatur,
2367 933 2620 1003 quoniam
2671 939 2957 1000 paternum
3005 931 3180 985 deseri
3230 929 3611 998 patrimonium

2032 1023 2458 1094 subripientibus
2487 1037 2591 1076 non
2617 1030 2846 1092 oportet,
2881 1036 2976 1090 per
3005 1036 3161 1090 quem
3195 1020 3322 1090 quid
3348 1019 3454 1073 tale
3483 1037 3615 1073 con-

2037 1115 2232 1184 tigerit,
2265 1129 2366 1167 una
2395 1128 2518 1168 cum
2549 1112 2850 1166 fautoribus
2883 1122 2935 1164 et
2961 1112 3314 1166 sectatoribus
3353 1111 3464 1166 suis
3485 1151 3498 1172 ,
3527 1111 3610 1164 di—

2033 1222 2194 1276 gnam
2243 1221 2536 1276 paremque
2583 1203 3105 1261 animadversio:rem
3151 1207 3412 1260 exsolvet.
3461 1205 3526 1259 Et
3567 1206 3614 1258 si

2033 1299 2157 1369 quis
2179 1308 2416 1354 vestrurrr
2455 1307 2562 1352 tam
2600 1296 2818 1352 nefariae
2849 1299 3168 1352 temeritatis
3211 1307 3486 1352 auctorem
3533 1297 3615 1350 vel

2039 1389 2263 1446 tacendo
2290 1389 2501 1460 fugerit,
2527 1387 2614 1442 vel
2639 1404 2746 1442 non
2778 1388 3080 1442 resistendo
3105 1389 3473 1450 consenserit,
3507 1404 3614 1441 non

2029 1477 2141 1547 jam
2169 1480 2423 1550 pastoris,
2455 1479 2548 1533 sed
2573 1478 2894 1534 mercenarii
2925 1478 3139 1532 nomine
3168 1494 3226 1532 se
3257 1479 3468 1532 noverit
3501 1478 3618 1531 fore

2037 1570 2363 1624 censendum
2391 1587 2403 1622 :
2443 1577 2498 1623 et
2533 1568 2657 1638 quia
2681 1567 2794 1635 jam
2827 1583 2930 1622 non
2963 1567 3252 1636 pertinebit
3299 1567 3366 1621 ad
3395 1581 3516 1620 eum
3549 1567 3617 1621 de

2037 1659 2247 1724 ovibus,
2284 1674 2390 1714 non
2426 1657 2717 1728 pertinebit
2745 1665 3138 1726 consequenter
3166 1656 3231 1711 de
3259 1655 3618 1725 pastoralibus

2037 1752 2415 1823 dignitatibus.
2443 1749 2552 1808 Hos
2577 1758 2834 1819 prieterea
2863 1750 3058 1805 missos
3087 1749 3395 1820 apostolica:
3419 1757 3618 1804 nostrae

353 1821 682 1878 rentissimis
721 1830 786 1878 et.
809 1821 1170 1881 sanctissimis
1209 1822 1467 1879 fratribus
1513 1833 1568 1880 et
1604 1826 1936 1896 coepiscopis

2046 1821 2203 1905 sedis,
2246 1839 2466 1894 Paulum
2492 1847 2547 1893 et
2575 1837 2810 1894 Leonem
2846 1837 3177 1893 venerabiles
3206 1838 3510 1908 episcopos,
3539 1838 3618 1891 di-

353 1915 559 1970 nostris
587 1915 644 1970 in
677 1931 841 1987 regno
875 1916 1054 1972 Caroli
1083 1916 1300 1990 gloriosi
1326 1919 1467 1989 regis
1491 1917 1785 1974 Ecclesiam
1827 1919 1934 1973 Do-

353 2007 487 2062 mini
525 2007 974 2078 gubernantibus.

425 2098 574 2152 luter
601 2098 820 2156 exordia
851 2098 1195 2168 pontiﬁcatus
1239 2101 1344 2156 mei
1385 2101 1532 2171 pacis
1563 2101 1799 2156 studium
1829 2116 1939 2170 pne

357 2193 572 2248 caeteris
600 2191 890 2246 virtutibus
918 2191 1230 2262 praedicanti
1254 2193 1621 2260 suadendique
1646 2192 1940 2262 arripuisse

358 2281 603 2338 memini.
641 2280 848 2351 Quippe
873 2282 966 2352 qui
997 2283 1245 2337 noverint
1273 2283 1415 2352 quod
1445 2284 1496 2336 iu
1522 2282 1812 2342 Dominica;
1849 2298 1938 2334 na-

359 2375 587 2430 tivitatis
607 2375 872 2446 principio
898 2375 1135 2430 caelestis
1159 2375 1363 2433 militiae
1383 2375 1530 2430 visus
1550 2375 1621 2429 sit
1644 2375 1938 2440 exercitus,

358 2466 450 2536 qui
484 2465 773 2520 clamavit:
807 2463 988 2520 Gloeia
1015 2467 1068 2520 in
1096 2465 1314 2520 excelsis
1335 2465 1478 2531 Deo,
1516 2477 1564 2520 et
1589 2468 1643 2520 in
1671 2476 1810 2522 terra
1837 2483 1943 2537 pax

357 2555 657 2612 hominibus
685 2555 832 2610 bona;-
859 2555 1140 2611 eoluntatis
1165 2555 1315 2626 (Luc.
1348 2557 1424 2628 ιι).
1459 2556 1559 2612 Ubi
1587 2555 1828 2627 profecto
1857 2574 1944 2613 so-

358 2646 528 2701 lerter
549 2645 940 2702 attendendum
968 2655 1070 2711 est,
1102 2648 1227 2718 quia
1255 2647 1398 2702 sicut
1425 2656 1691 2718 pastores,
1725 2651 1814 2719 qui
1849 2666 1940 2703 su-

359 2752 458 2807 per
492 2751 708 2807 gregem
753 2752 910 2795 suum
956 2752 1066 2805 pne
1108 2738 1321 2793 eteteris
1368 2737 1718 2808 vigilaverunt
1747 2780 1760 2805 ,
1809 2739 1944 2793 tanti

364 2829 581 2898 tripudii
618 2829 800 2886 videre
829 2843 939 2898 pra:
976 2829 1188 2884 caeteris
1216 2830 1407 2900 gaudia
1449 2840 1758 2885 ruerncruut
1804 2849 1816 2884 :
1869 2831 1943 2884 ita

360 2936 462 2977 uos
499 2922 591 2990 qui
623 2931 866 2992 pastores
889 2922 1137 2984 dicimur.
1181 2932 1306 2978 tunc
1339 2923 1639 2979 cmlestium
1680 2925 1944 2980 bonorum

361 3012 602 3072 laetitiam
630 3013 853 3082 adipisci
878 3014 1228 3086 merebimur,
1252 3015 1295 3070 si
1319 3030 1480 3086 super
1497 3031 1624 3070 oves
1638 3014 1944 3071 Dominicas

359 3103 588 3161 sollicite
625 3102 906 3174 vigilemus
938 3121 953 3168 ;
989 3119 1055 3159 ne
1077 3105 1327 3160 videlicet
1354 3106 1455 3160 bas
1481 3106 1564 3162 vel
1597 3122 1692 3176 per
1722 3107 1944 3162 insidias

359 3193 468 3246 odii
499 3208 593 3248 seu
619 3192 900 3248 discordiae
923 3209 1087 3248 vorax
1117 3193 1275 3264 lupus
1303 3195 1553 3261 invadat,
1586 3197 1670 3252 vel
1710 3213 1806 3266 per
1842 3213 1940 3253 cu-
1968 3209 2014 3268 ε

364 3283 644 3357 piditatem
675 3285 862 3340 avidus
899 3285 987 3341 ille
1021 3286 1105 3341 leo
1133 3287 1420 3357 deglutiat,
1449 3289 1572 3358 qui,
1613 3298 1672 3344 ut
1695 3291 1947 3360 princeps

362 3375 730 3444 apostolorum
765 3375 989 3440 scribit,
1019 3377 1236 3448 rugiens
1271 3379 1462 3434 circuit
1505 3397 1754 3450 qurereus
1783 3399 1944 3452 quem

361 3470 577 3525 devoret
611 3468 664 3543 (1
689 3467 832 3524 Petr.
851 3470 910 3542 ι).
939 3471 1188 3542 ιτέθοῳιθ,
1213 3471 1408 3529 fratres
1455 3475 1780 3540 charissimi,
1806 3492 1946 3532 nunc

361 3565 529 3620 etiam
559 3565 610 3619 id
640 3565 813 3634 ipsum
840 3574 1042 3634 repeto,
1075 3566 1126 3620 id
1158 3566 1332 3634 ipsum
1355 3576 1619 3636 oportune
1643 3569 1726 3623 vel
1751 3570 1945 3639 impor-

366 3664 496 3706 tune
529 3653 748 3716 suadeo,
780 3669 1004 3723 prorsus
1033 3653 1286 3725 elllagito.
1319 3656 1680 3722 Quamobrem
1710 3667 1766 3712 ut
1795 3660 1946 3730 pacis

363 3757 460 3795 seu
485 3741 784 3796 dilectionis
812 3741 1106 3804 vinculum,
1131 3759 1251 3812 qua:
1276 3744 1446 3814 major
1467 3755 1550 3800 est
1567 3746 1818 3802 omnibus
1837 3749 1945 3802 vir-

363 3831 570 3886 tutibus
592 3839 646 3885 et
667 3831 1205 3901 bolocarrtomatibus,
1237 3843 1415 3889 vestra
1444 3851 1658 3906 quoque
1685 3838 1944 3902 sanctitas

341 3919 722 3975 ‘insoluhilitcr
745 3922 884 3975 inter
903 3937 1107 3988 omnes,
1131 3923 1223 3977 sed
1239 3925 1944 3994 praecipueintersublimio-

364 4027 454 4066 res
473 4026 729 4087 personas
749 4013 1022 4070 observari
1047 4015 1254 4080 doceat,
1278 4015 1643 4072 indesinenter
1663 4018 1939 4078 adhortor.

365 4105 706 4173 Quapropter
729 4104 856 4158 illud
880 4121 910 4158 a
937 4106 1087 4161 vobis
1105 4107 1285 4178 exigo,
1310 4116 1369 4162 ut
1389 4109 1602 4163 solliciti
1626 4111 1938 4175 existentes,

361 4198 407 4249 si
441 4212 576 4265 quos
605 4197 884 4251 seuseritis
913 4197 1044 4252 velle
1069 4199 1161 4253 lilii
1184 4201 1354 4254 nostri
1378 4200 1594 4270 gloriosi
1617 4202 1760 4272 ιρις
1781 4203 1940 4257 vestri

363 4289 538 4344 Caroli
561 4287 810 4344 fortassis
831 4289 1040 4344 animos
1058 4289 1122 4344 ad
1143 4285 1502 4347 invadendum
1527 4308 1771 4360 regnum,
1799 4295 1942 4364 quod

361 4383 616 4438 defuncto
637 4382 908 4455 quondam
923 4382 1119 4454 inclyto
1132 4399 1257 4455 rege
1277 4383 1551 4450 Lnthariu,
1577 4386 1642 4439 ad
1664 4386 1940 4440 dominum

360 4477 916 4533 desiderantissimum
950 4477 1116 4532 tilium
1147 4487 1388 4534 nostrrnn
1416 4480 1724 4549 piiss'mum
1769 4480 1938 4554 impe-

2038 1931 2206 1991 lcctos
2235 1930 2570 1986 consiliarios
2595 1937 2808 1984 nostros
2826 1970 2840 1993 ,
2871 1944 3007 1998 qrros
3036 1945 3132 1998 pro
3163 1945 3290 2000 pace
3315 1940 3368 1986 et
3398 1945 3622 1985 concor-

2039 2024 2124 2078 dia
2160 2023 2252 2077 Dei
2283 2021 2536 2077 Ecclesia:
2563 2019 2688 2076 illuc
2718 2020 3124 2084 destinavimus,
3155 2020 3226 2075 ob
3261 2023 3618 2088 reverentiam

2038 2115 2341 2186 principum
2371 2112 2735 2183 apostolorum
2761 2111 2905 2166 l’etri
2933 2123 2984 2167 et
3014 2112 3163 2167 Pauli
3196 2112 3426 2183 benigne
3441 2113 3622 2179 susci-

2040 2207 2168 2278 pite,
2199 2219 2252 2261 et
2279 2223 2342 2260 ea
2367 2222 2486 2274 qum
2506 2206 2659 2260 vobis
2687 2220 2782 2274 pro
2805 2205 3123 2258 utilitatibus
3147 2204 3474 2269 Christiana;
3499 2203 3618 2262 lrclei

2041 2308 2205 2366 atque
2243 2296 2513 2366 religionis
2541 2296 2809 2359 dixerint,
2839 2311 2969 2349 aure
3003 2295 3182 2349 cordis
3223 2294 3584 2362 percipientrs
3605 2331 3619 2354 ,

2042 2389 2107 2444 ad
2139 2390 2390 2444 ell’ectmn
2424 2389 2621 2442 ducere
2653 2387 2922 2441 festinate.
2953 2385 3212 2455 Optamus
3239 2394 3480 2440 Sanctam
3515 2384 3621 2436 ἴγδις

2043 2479 2351 2532 ternitatem
2403 2487 2639 2531 vestram
2691 2477 2744 2531 in
2789 2476 3004 2532 Christo
3055 2478 3192 2530 bene
3223 2474 3438 2532 .valere.
3491 2475 3620 2527 Data

2043 2570 2208 2625 Nonis
2233 2569 2588 2640 Septembris,
2623 2568 2915 2624 indictione
2935 2583 3022 2632 ιιι.

2203 2811 2271 2850 ΔΙ)
2303 2810 2612 2850 ιιιΝωιΑιιιιιι
2650 2809 3103 2849 ΑΒΩΗΙΕΙῚΞΕΘΙἯἉ
3142 2807 3485 2856 ιιιιειιιεκεειια

2649 2906 2665 2974 (
2683 2904 2836 2958 Anno
2869 2902 2990 2958 869.
3009 2903 3026 2971 )

2045 3017 2464 3082 Benevolentium
2511 3033 2663 3071 suam
2715 3014 3001 3068 Iliucmaro
3051 3014 3344 3084 pollicetur,
3405 3030 3624 3080 eumque

2115 3091 2358 3142 hortatur
2401 3097 2456 3140 ut
2495 3103 2705 3156 operam
2738 3103 2889 3138 suam
2931 3086 3259 3156 interponat,
3295 3101 3358 3136 ne
3409 3099 3623 3156 regnant

2114 3158 2353 3227 Lat/rarit:
2395 3151 2666 3227 quisquam
2698 3157 2928 3227 invadat.
2979 3153 3198 3223 Legatos
3227 3155 3448 3224 denique
3479 3151 3625 3206 Pau-

2115 3229 2223 3282 lum
2247 3239 2293 3282 et
2321 3224 2546 3283 Leolrent
2567 3224 2936 3282 commendat.

2115 3341 2388 3396 Anaurth
2415 3339 2732 3408 episcopus,
2775 3352 3272 3393 servusvservorum
3304 3336 3427 3408 Dei,
3471 3351 3622 3388 reve-

2048 3412 2362 3467 rentissimo
2392 3421 2446 3466 et
2471 3409 2816 3463 sanctissimo
2841 3408 3099 3463 eoufratri
3126 3417 3312 3463 nostro
3340 3407 3622 3460 llracuano
3646 3460 3652 3466 ,

2045 3482 2453 3552 archiepiscopo
2483 3478 2796 3542 ltlremcnsi.

2117 3572 2487 3628 Sauctimonia
2517 3581 2606 3626 tua
2636 3587 2798 3641 quam
2829 3569 2989 3626 fuerit
3011 3568 3318 3640 apostolicae
3347 3569 3623 3623 memoriae

2045 3678 2194 3740 papa:
2239 3662 2444 3722 Nicolai
2479 3661 2796 3726 familiaris,
2843 3677 2949 3716 non
2981 3660 3118 3714 forte
3156 3659 3300 3714 dedit
3343 3658 3618 3713 oblivioni.

2043 3754 2100 3810 lu
2145 3755 2296 3825 cujus
2325 3753 2570 3808 videlicet
2606 3752 2989 3808 familiaritatis
3026 3753 3146 3805 sinu
3195 3766 3292 3805 nos
3326 3764 3539 3820 quoque
3571 3757 3622 3801 te

2046 3845 2398 3914 rceipiéutes,
2455 3834 2714 3898 ﬁduciam
2769 3857 2933 3912 penes
2977 3840 3331 3910 apostolatum
3379 3849 3620 3903 nostrum

2044 3934 2370 3990 fraternitati
2402 3943 2505 3987 ture
2535 3931 2768 4003 gratauti
2802 3941 2979 3986 mente
3007 3931 3302 3985 oll'crimus.
3331 3930 3616 3993 Praeterea

2045 4025 2262 4080 noveris
2290 4024 2504 4078 misisse
2534 4037 2629 4077 uos
2659 4021 2915 4092 epistolas
2947 4020 3206 4090 quasdam
3225 4021 3295 4086 in
3321 4019 3620 4073 Gallicana-

2044 4132 2162 4170 rum
2189 4115 2422 4184 partiurn
2450 4113 2724 4184 regiones,
2757 4122 2863 4165 tam
2910 4126 3060 4180 rcges
3081 4151 3095 4174 ,
3134 4125 3294 4178 quam
3328 4107 3582 4178 praesules
3604 4148 3616 4167 ,

2043 4214 2099 4260 et
2136 4220 2326 4259 orrrrres
2367 4202 2588 4257 omnino
2633 4217 2924 4272 regnorum
2951 4199 3242 4270 primates,
3291 4198 3356 4251 ad
3386 4198 3618 4266 compri-

2043 4295 2296 4350 mendum
2341 4293 2622 4357 ambitum,
2663 4291 3024 4364 ctunicuiqup
3041 4289 3130 4359 jus
3152 4286 3621 4359 propriumrcser-

2045 4388 2274 4441 vandum
2298 4425 2313 4451 ,
2371 4391 2738 4454 competenter
2782 4382 3133 4436 admonentes
3154 4420 3168 4443 ,
3237 4379 3582 4432 cohortantes
3603 4416 3618 4440 ,

2045 4479 2353 4541 suadentes,
2377 4473 3158 4544 contestantes,,prohibentes,
3185 4482 3239 4526 et
3263 4460 3614 4525 deterrenteu

361 4579 596 4622 ratorem
655 4567 843 4634 rediit,
895 4569 1123 4638 jureque
1178 4569 1508 4633 hereditario
1574 4570 1648 4624 illi
1691 4550 1935 4634 debetur,
1968 4550 2017 4608 D
2045 4567 2210 4638 Cujus
2254 4567 2332 4622 rei
2361 4565 2780 4621 sollicitudinem
2815 4563 3076 4625 sanctitas
3117 4571 3202 4616 tua
3242 4560 3458 4632 speciali
3489 4577 3619 4630 quu-

361 4658 612 4727 nequiter
651 4657 907 4723 incitare;
949 4673 1064 4723 vos,
1094 4658 1187 4727 qui
1215 4659 1525 4728 spirituales
1551 4660 1703 4725 estis,
1747 4661 1936 4716 horum

359 4748 608 4803 carnales
625 4763 805 4814 voces,
827 4749 955 4818 quin
974 4749 1150 4818 potius
1165 4756 1218 4806 et
1236 4749 1408 4819 ipsnm
1429 4750 1936 4806 excellentissimum

361 4854 541 4908 regem
559 4879 574 4904 ,
603 4854 668 4894 ae
697 4840 836 4895 filios
864 4839 978 4908 ejus
1007 4850 1260 4910 tanquam
1288 4841 1400 4895 veri
1432 4841 1702 4910 episcopi,
1729 4861 1756 4894 a
1788 4851 1936 4897 tanto

357 4945 704 4999 compescere
746 4932 1272 5000 piaeulostudeatis.
1320 4931 1571 4999 Quinimo
1599 4934 1664 4986 ad
1697 4933 1932 4988 favorem

357 5029 412 5074 et
446 5035 605 5089 opem
632 5021 750 5092 ejus
779 5021 920 5075 hunc
962 5020 1356 5083 irrllammantes
1403 5021 1688 5077 hortemiui
1716 5065 1730 5087 ,
1777 5036 1939 5094 atque

357 5112 498 5165 sicut
517 5126 641 5166 eum
663 5111 716 5164 in
743 5109 847 5165 lide
867 5127 960 5166 sua
979 5121 1234 5180 tanquam
1254 5099 1390 5167 alter
1409 5121 1562 5182 pater
1581 5115 1834 5183 suscepit,
1861 5115 1934 5170 ita

359 5201 568 5268 foveat,
599 5210 654 5256 et
699 5201 842 5257 hunc
883 5212 941 5256 ut
982 5204 1259 5273 proprium
1289 5204 1526 5274 genitum
1559 5205 1931 5273 amplectatur.

357 5290 603 5360 Iniquum
631 5291 806 5354 enim,
836 5299 890 5346 et
913 5292 1086 5346 instar
1107 5293 1373 5364 sacrilegii
1403 5301 1504 5355 est,
1532 5294 1695 5364 utqui
1721 5311 1778 5349 se
1799 5295 1936 5350 ultro

358 5378 457 5449 pro
483 5381 653 5435 salute
680 5381 941 5446 ﬁdelium,
970 5391 1025 5437 et
1054 5383 1286 5437 maxime
1313 5392 1514 5438 sancta!
1545 5384 1797 5437 Romanae
1839 5385 1937 5438 Ec-

357 5474 554 5538 r-lesia2,
591 5475 782 5529 matris
809 5475 1015 5530 scilicet
1047 5475 1285 5530 ormrinm
1318 5475 1410 5529 Dei
1439 5474 1813 5541 ecclesiarum,
1848 5476 1938 5530 dc-

357 5563 601 5618 fcnsione
620 5604 636 5628 ,
667 5573 744 5618 tot
775 5565 964 5619 mortis
989 5565 1206 5620 casibus
1231 5565 1416 5628 oll'ert,
1447 5563 1672 5632 alicujus
1704 5567 1936 5621 factione

356 5655 686 5717 stimulatus,
717 5672 744 5708 a
777 5665 953 5724 emptu
980 5656 1193 5726 pictatis
1222 5658 1434 5712 recedat
1461 5672 1644 5725 opere,
1682 5667 1842 5728 atque
1868 5659 1934 5714 ad

356 5747 588 5815 patriam
647 5747 1019 5802 vindicandam
1075 5748 1320 5816 procctlat
1379 5746 1764 5806 lucri-ditatem.
1819 5750 1931 5805 Non

2043 4658 2332 4713 dummodo
2374 4656 2672 4712 certamine
2719 4654 3052 4724 suscipiens,
3102 4654 3220 4707 vice
3273 4663 3451 4707 nostra
3510 4663 3616 4704 tarn

2044 4765 2198 4821 reges
2221 4765 2383 4819 quam
2411 4757 2634 4803 crete'ros
2663 4746 2756 4801 Dei
2783 4745 2865 4805 vel
2892 4745 3074 4798 nmndi
3113 4745 3406 4807 ministros,
3435 4745 3620 4797 admo-

2043 4841 2242 4905 nctrdo,
2256 4841 2552 4903 suadendo,
2567 4852 2621 4893 et
2643 4837 2994 4909 prolribcu'lo,
3020 4853 3049 4890 a
3065 4836 3374 4907 cupiditatis
3392 4835 3472 4890 vel
3497 4851 3618 4887 ava-

2043 4935 2180 5000 ritiae
2230 4933 2374 4987 vitio.
2402 4932 2724 5002 conrprimat
2779 4939 2833 4986 et
2899 4940 3206 4999 compescat
3251 4948 3264 4986 :
3306 4937 3364 4982 ut
3411 4929 3621 4982 scilicet

2046 5026 2415 5096 unusquisque
2458 5023 2570 5078 suis
2605 5031 2894 5079 conterrtns
2930 5022 3164 5076 alienum
3197 5037 3301 5074 non
3331 5005 3617 5086 subripiat,

2043 5137 2150 5175 non
2173 5117 2456 5182 sollicitet,
2504 5132 2608 5171 non
2655 5123 2896 5186 usurpet.
2965 5114 3239 5182 Przccipue
3289 5120 3348 5163 ut
3395 5125 3616 5180 regnum

2043 5210 2312 5280 quondam
2343 5208 2483 5278 regis
2511 5206 2738 5270 Lotarii,
2764 5207 2906 5276 quod
2929 5205 3254 5261 elrarissirno
3283 5201 3391 5254 lilio
3432 5211 3618 5255 nostro

2043 5298 2266 5354 domino
2289 5296 2595 5367 imperatori
2633 5294 2756 5365 jure
2789 5297 3032 5356 debetur,
3083 5294 3162 5346 vel
3192 5291 3435 5346 homines
3467 5291 3518 5345 in
3553 5308 3618 5346 eo

2045 5390 2319 5458 degentes,
2348 5387 2652 5441 mortalium
2682 5386 2860 5440 nullus
2887 5385 3125 5449 invadat,
3172 5383 3350 5452 nullus
3382 5400 3618 5438 commo-

2045 5486 2198 5542 veat,
2247 5477 2424 5532 nullus
2463 5478 2529 5531 ad
2573 5493 2630 5532 Se
2675 5486 2901 5531 conetur
2935 5476 3230 5534 inflectere.
3263 5475 3527 5542 Quoniam
3573 5476 3615 5529 si

2042 5585 2140 5638 per
2169 5566 2532 5636 hujuscemodi
2583 5567 2937 5621 temeritatem
2981 5566 3304 5621 charitateru
3335 5567 3582 5621 scindere
3602 5607 3616 5627 ,

2042 5661 2387 5714 concordiam
2425 5661 2724 5721 'divialerc,
2800 5659 3106 5714 invidenti-.c
3155 5659 3359 5714 facibus
3407 5661 3618 5714 inarde-

2041 5767 2194 5806 scere
2215 5789 2228 5816 ,
2279 5753 2544 5822 c'lpiJatis
2588 5751 2803 5806 testibus
2833 5751 3125 5818 anhelare,
3158 5753 3612 5825 ιιιυνίιιψιίιιιιυιιι
3685 5783 3701 5790 ~
