3978 6160
394 326 531 386 1295

1786 321 2064 378 ADRIANI
2104 323 2305 380 ΡΑΡᾸΞ
2342 324 2385 380 II

3541 295 3564 349 1
3578 294 3683 350 ἰθίι

408 449 518 503 telo
556 444 892 501 crudelitatis
917 441 1211 513 pereellere
1229 481 1246 506 ,
1290 438 1607 496 scandalum
1649 439 1703 492 in
1747 437 1986 494 Ecclesia
2015 440 2062 499 Α
2092 440 2230 503 vice,
2253 441 2602 511 omniumque
2622 439 2975 494 ecclesiarum
3005 438 3099 493 Dei
3128 451 3313 492 curam
3338 445 3394 489 et
3420 434 3683 489 sollicita.

405 537 502 592 Dei
531 548 792 606 generare
811 549 918 589 non
944 530 1303 603 pertimescit,
1332 545 1437 586 non
1462 529 1633 585 solum
1656 544 1758 599 per
1785 529 1988 584 medio-

406 625 618 681 critatis
656 631 856 679 nostrae
901 622 1295 687 ministerium,
1336 620 1445 675 Deo
1481 631 1734 686 auctore,
1779 621 1989 675 viribus

404 698 1005 781 inﬁrmabitur,.verum
1029 715 1193 769 etiam
1220 714 1445 768 vinculis
1469 712 1832 767 anathematis
1857 712 1989 767 obli-

403 815 578 875 gatus,
606 807 828 861 nomine
849 804 1280 861 Christianitatis
1303 804 1568 873 privatus,
1594 817 1714 856 cum
1747 802 1983 867 diabolo,

402 913 562 967 quem
604 911 767 965 super
811 898 914 951 hoc
963 895 1227 959 imitatur,
1272 894 1493 948 omnino
1534 892 1823 947 Iocabitur.
1870 892 1986 947 Tua

400 1003 530 1043 vero
559 988 886 1051 reverentia,
939 988 985 1042 si
1012 988 1066 1041 in
1098 986 1204 1041 hoc
1237 994 1456 1043 strenue
1483 984 1778 1039 secundum
1803 984 1986 1039 datam

401 1079 506 1134 sibi
530 1079 785 1135 divinitus
810 1078 1130 1148 sapientiam
1160 1076 1504 1140 laborat-erit,
1546 1083 1745 1130 nostrm
1774 1074 1896 1139 sibi,
1929 1082 1988 1129 ut

404 1169 765 1239 praetulimus,
811 1168 1196 1223 familiaritatis
1226 1167 1476 1222 ﬁduciam
1503 1182 1612 1221 non
1645 1165 1850 1220 dubitet
1875 1180 1988 1219 mo-

400 1242 491 1313 (ἰίέ
508 1258 760 1315 omnibus
789 1258 1165 1325 tribuendam,
1212 1272 1311 1313 nec
1360 1257 1567 1313 ditlidat
1594 1256 1985 1321 benevolentia:

398 1359 599 1406 nostrae
628 1351 1015 1421 benignitatem
1035 1390 1049 1413 ,
1091 1364 1212 1403 cum
1243 1348 1538 1403 necessitas
1564 1347 1835 1417 exegerit,
1872 1347 1985 1402 suis

398 1442 891 1512 opportunitatibus
934 1441 1266 1495 adfuturam.
1324 1437 1437 1495 Hoc
1482 1447 1742 1508 praeterea
1788 1439 1984 1494 missos

396 1535 707 1604 apostolicae
736 1543 937 1589 nostra:
961 1534 1125 1597 sedis,
1157 1531 1383 1587 Paulum
1410 1539 1465 1585 et
1486 1529 1726 1586 Leonem
1760 1544 1985 1584 venera-

394 1626 534 1683 biles
562 1629 874 1698 episcopos,
924 1626 1149 1682 dilectos
1176 1624 1516 1681 consiliarios
1547 1632 1795 1688 nostros,
1848 1637 1983 1692 quos

396 1732 495 1787 pro
528 1732 660 1788 pace
685 1728 739 1774 et
765 1718 1058 1774 concordia
1092 1716 1183 1772 Dei
1230 1715 1487 1772 Ecclesia:
1532 1715 1663 1771 illuc
1693 1714 1984 1771 destinavi-

396 1786 546 1871 mus,
597 1810 666 1864 ob
702 1808 1058 1864 reverentiam
1090 1808 1393 1878 principum
1420 1806 1784 1878 apostolorum
1834 1804 1980 1860 Petri
2014 1786 2060 1846 Β

393 1908 449 1954 et
474 1898 624 1954 Pauli
653 1899 885 1968 benigne
910 1900 1145 1971 suscipe,
1190 1908 1246 1955 et
1291 1915 1357 1954 ea
1394 1914 1515 1970 quae
1543 1899 1635 1955 tibi
1664 1898 1763 1969 pro
1785 1896 1983 1953 utilita-

392 1990 538 2046 tibus
563 1990 886 2046 Christianae
922 1991 1046 2046 ﬁdei
1078 1999 1239 2060 atque
1270 1990 1547 2061 religionis
1583 1990 1852 2055 dixerint,
1887 2004 1982 2045 ore

394 2082 576 2137 cordis
599 2083 929 2159 percipiens,
973 2082 1040 2136 ad
1064 2081 1312 2138 eﬁ‘ectum
1343 2082 1541 2138 ducere
1572 2082 1785 2139 festina.
1817 2082 1984 2153 Opta-

391 2186 516 2226 mus
543 2171 886 2228 sanctitatem
913 2181 1056 2227 tuam
1104 2174 1158 2228 iu
1201 2173 1418 2229 Christo
1440 2175 1579 2230 bene
1603 2174 1797 2231 valere.
1848 2175 1981 2231 Data

395 2259 565 2317 Nonis
590 2260 951 2331 Septembris,
980 2263 1277 2320 indictione
1302 2280 1383 2320 ιιι.

1100 2393 1284 2450 XXIII.

746 2526 814 2564 AD
840 2524 1106 2566 ιίιτιςιιειιεε
1144 2526 1302 2566 REGNI
1343 2527 1619 2569 LOTIMR".

1005 2620 1185 2688 (Anno
1226 2621 1375 2692 869.)

395 2723 528 2807 Po_st
569 2738 787 2807 mortem
831 2730 1280 2807 Lotltariigregis,
1306 2735 1552 2807 hortatur
1575 2748 1633 2790 ut
1659 2739 1840 2807 fideles
1878 2745 1983 2797 sint

459 2796 727 2877 [sudopico
751 2801 1053 2877 imperatori
1073 2796 1215 2858 illius
1253 2796 1430 2873 fratri,
1454 2808 1541 2860 cui
1568 2796 1785 2877 regnum
1814 2796 1981 2868 luere-

462 2869 657 2922 ditario
674 2870 802 2941 jure
826 2869 1097 2925 debeatur.
1253 2869 1262 2873 ⁷
1418 2869 1447 2905 λ

460 2977 1061 3053 Anatasusepiscopus,
1101 2998 1292 3042 servus
1342 3002 1624 3045 servorum
1668 2990 1782 3059 Dei,
1814 2995 1988 3049 omni-

390 3070 491 3125 bus
517 3070 836 3141 primatibus
864 3082 919 3128 et
940 3073 1190 3145 gloriosis
1214 3076 1504 3134 comitibus
1558 3082 1985 3140 consistentibus

2088 531 2267 586 dinem
2310 530 2466 585 nobis
2493 546 2524 584 a
2554 530 2784 584 Domino
2810 544 2922 599 pra:
2977 528 3192 585 caeteris
3238 526 3539 596 delegatam
3582 526 3682 578 ha-

2086 620 2294 684 bentes,
2330 627 2617 689 antequam
2649 619 2906 687 antiquus
2929 627 3117 672 noster
3151 615 3496 669 adversarius
3523 629 3675 667 men-

2088 717 2170 763 tes
2191 717 2400 763 vestras
2421 708 2650 763 occultis
2683 717 2738 762 ct
2766 707 2947 777 impiis
2975 705 3231 775 nequitiae
3261 718 3371 758 sine
3417 703 3675 756 versutiis

2086 810 2414 871 corrumpat,
2447 808 2502 854 ct
2529 800 2717 854 morbo
2757 798 3044 853 insanabili
3071 796 3297 856 sanciet,
3335 795 3503 848 armis
3539 809 3683 862 pne-

2085 894 2249 948 cincti
2308 892 2524 957 divinis,
2556 906 2867 954 occurrere,
2900 889 3320 957 salubribusque
3367 900 3463 938 vos
3517 884 3685 938 infor-

2084 1000 2236 1040 mare
2266 985 2549 1054 praeceptis
2570 983 2865 1039 debemus:
2898 981 3093 1051 quibus
3124 977 3676 1033 humiliterobedien-

2085 1086 2190 1145 tes,
2216 1078 2357 1135 sicut
2399 1093 2589 1133 omnes
2635 1077 2726 1148 qui
2753 1077 2821 1130 ab
2849 1075 3004 1130 initio
3032 1076 3145 1130 Deo
3165 1071 3507 1141 placuerunt,
3541 1068 3680 1123 salvi

2083 1188 2205 1229 esse
2226 1171 2467 1243 possitis,
2497 1172 2711 1226 dicente
2738 1169 2968 1224 Domino
2998 1167 3051 1222 in
3082 1164 3374 1235 Evangelia
3405 1182 3419 1218 :
3449 1162 3508 1217 Si
3559 1162 3682 1231 quis

2083 1262 2252 1332 diligit
2281 1278 2385 1327 me,
2410 1277 2700 1317 sermonem
2742 1275 2913 1313 meum
2943 1257 3187 1317 servabit,
3238 1264 3285 1308 et
3340 1253 3497 1307 Pater
3531 1267 3683 1305 meus

2083 1353 2261 1422 diliget
2300 1369 2439 1413 eum,
2476 1360 2525 1406 et
2554 1351 2623 1403 ad
2654 1367 2769 1404 eum
2812 1350 3089 1403 veniemus.
3123 1355 3169 1399 et
3193 1342 3514 1399 mansionem
3539 1342 3682 1409 apud

2082 1460 2201 1497 eum
2251 1442 2505 1512 faciemus
2559 1439 2742 1511 (Joan.
2784 1440 2919 1506 xxv).
2946 1437 3283 1505 Quapropter
3342 1434 3669 1495 charitatom

2083 1541 2342 1600 vestram,
2370 1547 2404 1587 ο
2422 1530 2731 1587 charissimi
2757 1530 2809 1587 in
2839 1529 3070 1583 Domino
3092 1527 3206 1590 ﬁlii,
3232 1523 3525 1595 apostolica
3555 1524 3682 1576 tuba

2083 1640 2387 1688 monemus,
2415 1634 2471 1679 et
2509 1624 2714 1679 caelesti
2762 1621 3074 1692 magisterio
3119 1633 3428 1681 exoramus,
3478 1624 3535 1671 ut
3585 1632 3684 1685 pro

2083 1714 2236 1785 regni
2267 1714 2587 1779 stabilitate,
2618 1728 2715 1768 vos
2742 1728 2886 1767 nunc
2916 1713 2970 1766 in
2994 1711 3183 1767 eadem
3219 1709 3344 1773 ﬁde,
3373 1710 3683 1778 mentisque

2086 1807 2422 1869 sinceritate.
2461 1806 2785 1878 generaliter
2830 1820 3023 1861 omnes
3058 1804 3324 1873 satagatis
3376 1803 3683 1858 consistere

2084 1898 2229 1953 circa
2280 1897 2691 1953 dilectissimum
2723 1912 2786 1952 ac
2837 1896 3134 1967 spiritalem
3190 1895 3358 1950 ﬁlium
3412 1904 3681 1960 nostrum,

2085 1989 2342 2044 domuum
2370 1989 2703 2044 Ludovicum
2735 1991 3117 2059 imperatorem
3154 1988 3476 2057 Augustum,
3514 2000 3683 2055 quant

2084 2082 2228 2137 circa
2261 2081 2399 2136 diva:
2425 2081 2697 2136 memoriae
2722 2081 2994 2152 quondam
3044 2079 3356 2134 Lotharium
3389 2079 3684 2148 imperato-

2084 2188 2198 2228 rem
2225 2180 2434 2242 patrem
2487 2171 2631 2226 illins
2656 2170 2858 2226 mundo
2905 2178 3125 2240 pectore
3170 2168 3535 2224 conservastis
3570 2185 3585 2220 :
3619 2176 3679 2221 ut

2085 2263 2260 2320 nullus
2313 2263 2660 2325 mortalium,
2715 2262 3087 2333 cujuscunque
3155 2261 3227 2317 sit
3279 2261 3564 2333 dignitatis
3624 2270 3683 2316 et

2084 2353 2288 2424 gloriae,
2312 2368 2413 2409 vos
2436 2353 2505 2408 ab
2527 2352 2843 2425 apostolica:
2864 2352 3008 2407 sedis
3045 2360 3318 2422 praecepto
3361 2352 3682 2421 monituque

2084 2445 2285 2501 salubri
2306 2446 2478 2516 possit
2505 2445 2679 2500 modis
2699 2453 2793 2500 aut
2825 2444 3156 2514 argumentis
3206 2442 3540 2513 quibuslibet
3589 2459 3681 2498 re-

2083 2550 2299 2601 vocare,
2357 2534 2608 2590 velaria
2644 2536 2892 2591 veritatis
2944 2535 2999 2589 in
3056 2532 3334 2603 obliquum
3365 2531 3678 2591 deﬂectere.

2086 2641 2185 2681 nec
2214 2626 2375 2681 ullius
2404 2635 2672 2697 prmccpta
2699 2625 2872 2697 magis
2897 2639 3058 2695 quam
3083 2623 3226 2679 beati
3248 2622 3394 2677 Petri
3426 2623 3682 2691 apostoli,

2086 2730 2185 2785 per
2211 2730 2272 2771 os
2300 2724 2543 2772 nostrum
2569 2716 2799 2787 prolata,
2828 2716 3092 2785 vobisque
3137 2713 3378 2779 utiliora,
3421 2713 3683 2781 jncnndis

2088 2809 2365 2879 percipere
2392 2808 2613 2863 auribus
2642 2808 2923 2863 studentis.
2948 2808 3212 2875 Quoniam
3242 2808 3340 2876 ipsi
3369 2815 3423 2861 et
3448 2815 3685 2876 paterno

2088 2907 2142 2955 et
2174 2898 2516 2954 hereditario
2548 2898 2673 2968 jure
2729 2898 3022 2953 secundum
3082 2897 3255 2968 legem
3298 2904 3353 2951 et
3411 2896 3685 2957 rationem

2087 2990 2191 3047 hoc
2217 3006 2443 3060 regnum
2473 2990 2716 3054 debetur,
2741 3000 2796 3045 et
2816 3005 2911 3060 per
2938 2998 3175 3060 paternae
3196 2989 3529 3043 hacreditatis
3553 3004 3687 3044 suc-

2090 3081 2390 3139 cessionem
2431 3095 2775 3151 summopere
2828 3081 3060 3151 pertinet
3096 3098 3109 3134 :
3142 3080 3340 3150 quippe
3379 3095 3501 3134 cum
3552 3095 3682 3134 eum

388 3160 445 3216 in
469 3176 635 3233 regno
663 3163 847 3219 domui
876 3164 1136 3230 Lotharii,
1166 3168 1436 3236 quondam
1483 3171 1664 3240 magni
1697 3172 1983 3242 impcrato-
2009 3152 2056 3213 ο
2086 3172 2343 3244 praefatus
2372 3172 2587 3243 genitor
2617 3171 2783 3234 illius,
2809 3172 3081 3241 quondam
3107 3172 3423 3243 imperator,
3474 3173 3684 3227 consti-

390 3255 487 3319 ris,
519 3264 573 3310 et
605 3257 865 3326 genitoris
888 3257 1069 3313 domui
1098 3258 1355 3315 Ludovici
1397 3260 1763 3332 imperatoris.

457 3348 719 3405 Perfecta:
763 3351 951 3421 procul
993 3352 1157 3408 dubio
1194 3353 1479 3409 charitatis
1522 3364 1606 3411 est
1639 3355 1862 3423 bonum,
1897 3374 1981 3414 sc-

387 3439 622 3496 cuudum
670 3439 1007 3510 Apostolum,
1032 3442 1268 3513 gaudere
1322 3459 1446 3499 cum
1492 3445 1879 3516 gaudentibus,
1924 3456 1983 3504 et

385 3526 516 3584 ﬁcre
544 3543 667 3584 cum
694 3527 944 3585 ﬂentibus
980 3530 1152 3599 (Rom.
1192 3529 1315 3601 xu).
1349 3530 1503 3588 Unde
1536 3533 1660 3603 quia
1691 3534 1982 3593 Lotbarius

385 3620 654 3687 quondam
687 3635 782 3675 rex
808 3630 989 3676 vester
1031 3622 1213 3676 divina
1266 3623 1335 3677 de
1387 3623 1493 3678 hoc
1514 3624 1712 3679 saeculo
1734 3625 1979 3695 iussione

382 3709 656 3780 migravit,
682 3724 778 3764 vos
802 3711 868 3766 de
893 3709 1041 3770 obitu
1075 3711 1243 3780 ipsius
1263 3710 1420 3770 valde
1439 3711 1624 3770 tristes
1648 3713 1893 3785 eﬁ'ectos,
1920 3726 1978 3774 et

379 3801 595 3871 lugubri
653 3800 851 3857 doloris
899 3801 1135 3873 iungentis
1163 3800 1544 3873 amaritudine,
1601 3812 1786 3875 utpote
1826 3808 1973 3865 viros

380 3890 587 3958 ﬁdeles,
623 3892 858 3963 repletos
885 3908 1005 3949 esse
1030 3893 1425 3964 cognoscimus,
1448 3896 1759 3968 camalique
1779 3897 1976 3956 aﬂ‘ectu

376 3983 493 4053 ejus
512 4000 658 4041 nunc
686 3985 974 4039 transitum
999 3984 1131 4041 flere
1163 4002 1177 4039 :
1211 3994 1398 4041 noster
1416 4001 1525 4042 non
1555 3988 1736 4045 minus
1755 4000 1975 4060 aposto-

375 4075 513 4131 licus
556 4077 770 4132 animus
824 4076 979 4132 vobis
1028 4078 1366 4146 compatiens
1394 4086 1451 4133 et
1500 4078 1813 4146 condolens,
1862 4099 1970 4140 non

376 4166 552 4221 solum
575 4181 673 4237 pro
700 4174 900 4221 aeterna
924 4166 1065 4221 illius
1080 4168 1267 4237 requie
1293 4169 1658 4238 atqnesalute,
1685 4172 1779 4228 sed
1809 4174 1970 4230 etiam

332 4312 335 4315 _
372 4271 475 4327 pro
500 4257 750 4327 praesenti
771 4255 1140 4312 consolatione
1155 4265 1352 4320 vestra,
1371 4272 1469 4327 pro
1481 4273 1633 4329 pace.
1650 4263 1965 4329 concordia,

370 4355 430 4403 et
452 4346 677 4413 unitate,
724 4361 885 4415 quam
922 4362 1019 4402 vos
1049 4361 1115 4402 ex
1157 4354 1271 4402 toto
1297 4347 1460 4403 corde
1496 4350 1672 4420 sequi,
1720 4360 1775 4406 et
1822 4352 1965 4409 ﬁdeli

371 4441 595 4495 omnino
618 4440 904 4495 devotione
928 4440 1177 4510 amplecti
1206 4455 1303 4496 ceu
1330 4441 1530 4498 Christi
1558 4445 1802 4501 membra
1843 4447 1964 4502 nul-

370 4530 479 4585 1am
504 4532 756 4588 habentia
782 4531 1071 4596 maculam,
1102 4546 1221 4601 quae
1262 4532 1552 4589 instantem
1578 4543 1671 4591 aut
1729 4535 1964 4594 futuram

370 4624 562 4679 mortis
619 4625 915 4693 perniciem
941 4624 1093 4680 vobis
1113 4625 1286 4695 possit
1308 4624 1530 4691 inferre,
1555 4626 1959 4695 incunctanter,

368 4725 430 4770 ut
453 4725 685 4787 oportet,
716 4716 1292 4776 ﬂebilibusbominum
1321 4718 1575 4788 precibus
1616 4721 1824 4788 precati
1867 4736 1962 4776 su-

367 4822 507 4863 mus.
539 4807 609 4861 Et
624 4808 865 4877 quotidie
893 4807 1211 4880 suppliciter
1254 4822 1545 4864 exoramus
1576 4817 1714 4865 utet
1738 4809 1835 4874 illi,
1865 4813 1959 4882 qui

366 4899 571 4956 carnali
608 4901 744 4956 obiit
791 4902 1119 4966 conditione,
1151 4903 1318 4958 vitam
1356 4888 1778 4973 perpetuam,°et
1803 4905 1959 4961 vobis

366 4993 754 5049 misericordia:
778 4993 1027 5065 largitate
1050 4996 1461 5063 consolationis,
1490 4999 1662 5068 pacis,
1685 5005 1743 5053 et
1769 4998 1961 5053 unani-

365 5088 573 5143 mitatis
596 5086 845 5143 aﬁ'ectum
878 5096 933 5142 et
957 5088 1284 5144 desiderium
1335 5071 1607 5161 inspirare
1651 5090 1962 5160 donareqne

366 5179 633 5250 dignetur.
678 5178 945 5247 Quoniam
983 5178 1096 5248 ipse
1129 5189 1233 5245 est,
1289 5180 1379 5250 qui
1432 5195 1530 5235 nos
1554 5189 1782 5250 paterno
1810 5196 1961 5237 more

366 5269 517 5342 virga
541 5269 766 5342 iustitia:
787 5268 1035 5339 corripit,
1060 5283 1127 5324 ac
1153 5270 1494 5341 purgationis
1515 5286 1750 5327 maerore
1772 5270 1961 5343 afﬂigit

364 5371 421 5415 et
448 5360 562 5432 ipse
587 5377 687 5417 nos
712 5361 767 5417 in
809 5361 959 5417 omni
1015 5359 1365 5416 tribulatione
1420 5369 1607 5417 nostra
1663 5362 1961 5419 clementer

327 5467 335 5474 ’
365 5452 632 5507 consolari
655 5454 929 5523 dignatur,
963 5460 1023 5507 ut
1047 5452 1317 5522 possimus
1337 5452 1631 5518 sustinere,
1652 5469 1959 5524 nunquam-

366 5559 472 5614 quc
492 5541 743 5600 deﬁcere.
777 5541 1159 5612 Quamobrem,
1187 5542 1279 5598 ﬁlii
1308 5541 1634 5605 charissimi,
1652 5543 1961 5613 apostolico

366 5635 511 5690 sedis
546 5635 857 5705 magisterio
909 5635 1198 5704 plurimum
1249 5633 1530 5697 debentes,
1586 5648 1703 5696 nos,
1744 5635 1836 5703 qui
1863 5649 1962 5704 per

368 5739 656 5794 supernam
691 5726 917 5795 gratiam
970 5723 1331 5794 apostolorum
1365 5722 1626 5792 principis
1682 5721 1959 5793 fungimur

2083 3264 2249 3321 tuerit
2273 3263 2680 3333 imperatorem,
2713 3263 2971 3333 regnique
3020 3263 3188 3319 totius
3242 3263 3518 3320 btcredem
3564 3278 3683 3333 pra:

2083 3353 2296 3410 caeteris
2318 3352 2688 3409 sublimaverit
2712 3354 2874 3408 natis.
2905 3352 3058 3408 Sicut
3089 3352 3239 3407 Isaac
3281 3353 3557 3423 quondam
3589 3352 3683 3408 Ja-

2082 3444 2184 3500 cob
2210 3444 2321 3499 ﬁlio
2351 3459 2451 3500 suo
2479 3444 2823 3508 benedicens,
2877 3444 3155 3506 dominum
3190 3444 3340 3499 illum
3374 3443 3516 3499 Esau
3544 3460 3679 3501 con-

2081 3533 2257 3589 stituit
2287 3532 2439 3603 (Gen.
2491 3533 2669 3602 xxvn)
2701 3548 2717 3587 :
2742 3534 2815 3588 ita
2839 3542 2896 3589 et
2937 3534 3065 3589 huic
3095 3534 3306 3589 caeteris
3340 3534 3569 3604 praelato
3595 3544 3679 3591 to-

2081 3632 2195 3679 tum
2222 3624 2444 3679 omnino
2466 3632 2550 3679 est
2582 3638 2613 3678 a
2639 3632 2792 3693 patre
2816 3638 3135 3680 concessum
3165 3624 3473 3694 imperium.
3493 3624 3667 3691 Quem

2083 3714 2198 3787 ipse
2223 3715 2399 3771 adhuc
2422 3714 2613 3770 vivens
2653 3713 2921 3785 imperiali
2974 3713 3145 3769 voluit
3176 3724 3231 3768 et
3262 3716 3539 3770 consensit
3567 3732 3677 3771 una

2079 3807 2361 3863 vobiscum
2405 3807 2474 3862 ab
2525 3807 2824 3876 apostolica
2873 3807 3001 3862 sede
3047 3807 3351 3864 diademate
3395 3810 3675 3873 coronari,

2078 3907 2398 3969 sceptroque
2459 3899 2623 3969 potiri
2666 3899 2785 3954 sine
2834 3899 2998 3955 dubio
3049 3899 3320 3973 augustali
3391 3902 3673 3971 permisit.

2079 3987 2203 4044 Ideo
2255 3987 2589 4064 nobilitatem
2647 3995 2886 4044 vestram
2934 4004 3219 4045 monemus
3251 3997 3307 4045 et
3333 3989 3678 4045 obtestamur

2079 4077 2134 4144 in
2196 4078 2442 4142 Domino,
2488 4086 2551 4132 ut
2598 4077 2909 4135 nullatenus
2959 4078 3029 4133 ab
3084 4081 3274 4135 eodem
3306 4094 3405 4135 vos
3435 4080 3675 4149 spiritali

2078 4167 2190 4223 tilio
2215 4176 2406 4223 nostro
2458 4166 2704 4240 Augusto
2746 4168 3080 4238 quibuslibet
3108 4170 3558 4241 promissionibus
3586 4174 3676 4228 vel

2075 4258 2239 4314 minis
2287 4258 2518 4329 alicujus
2564 4273 2842 4329 separare,
2897 4255 3248 4330 dividereqtie
3287 4261 3540 4326 tentetis;
3574 4263 3675 4317 sed

2074 4354 2149 4410 illi
2171 4355 2409 4425 quandiu
2438 4369 2674 4425 superna
2727 4355 2921 4411 vixerit
2952 4354 3248 4420 voluntate,
3309 4356 3365 4409 in
3402 4355 3676 4411 omnibus

2072 4443 2235 4497 veluti
2267 4443 2486 4514 proprio
2512 4444 2733 4509 seniori,
2765 4444 2985 4515 proprio
3044 4444 3380 4514 imperatori,
3404 4442 3671 4514 iustoque

2068 4532 2268 4589 haeredi
2300 4533 2449 4603 regni
2472 4533 2716 4599 obedire,
2747 4531 3018 4602 ﬁdemque
3038 4532 3263 4588 illmsam
3314 4548 3470 4589 more
3500 4532 3670 4587 solito

2068 4641 2416 4691 conservare,
2465 4627 2752 4697 studioque
2797 4625 2979 4697 sagaci
3030 4640 3245 4696 semper
3291 4626 3575 4684 attendite.
3604 4633 3670 4680 ut

2066 4719 2161 4774 Dei
2196 4718 2582 4787 omnipotentis
2606 4726 2662 4772 et
2689 4716 2861 4772 sancti
2920 4715 3067 4771 Petri
3103 4716 3352 4786 gratiam,
3388 4724 3667 4771 nostram-

2061 4828 2166 4883 que
2187 4811 2489 4883 plenariam
2516 4812 2718 4867 habere
2745 4809 3064 4866 mereamiui
3119 4807 3574 4869 benedictionem,
3610 4816 3670 4863 et

2065 4903 2379 4973 apostolica
2403 4901 2801 4958 communionis
2840 4900 3206 4971 consortium.
3233 4896 3372 4951 Nam
3399 4912 3560 4966 quem
3594 4912 3668 4952 ex

2066 4996 2222 5051 vobis
2268 4993 2545 5049 contraria
2596 5001 2808 5049 tentare
2835 4992 3116 5053 nitentem,
3144 4998 3308 5059 atque
3355 4986 3668 5060 apostolica:

2068 5086 2213 5141 sedis
2245 5086 2465 5141 monitis
2514 5085 2566 5140 in
2614 5092 2983 5152 contemptum
3047 5081 3191 5136 beati
3238 5080 3386 5135 Petri
3429 5080 3665 5150 apostoli

2066 5178 2307 5234 caelestis
2340 5176 2493 5248 regni
2516 5174 2768 5246 clavigeri
2799 5174 3022 5244 spretis,
3049 5173 3118 5226 ad
3147 5171 3308 5224 aliam
3339 5185 3399 5226 se
3444 5178 3661 5240 partem

2066 5268 2317 5325 conferre
2341 5266 2773 5338 cognoverimus,
2806 5263 2948 5318 velut
2981 5261 3274 5324 inﬁdelem.
3308 5269 3365 5317 et
3393 5260 3663 5316 ecclesia-

2065 5362 2218 5417 sticae
2242 5359 2361 5430 paci
2386 5374 2451 5414 ac
2480 5357 2638 5414 saluti
2658 5356 3014 5420 contrarium,
3042 5369 3071 5409 a
3100 5353 3271 5408 nostri
3327 5352 3665 5422 apostolatus

2066 5448 2449 5505 communione
2498 5461 2602 5501 non
2656 5444 2831 5501 solum
2874 5442 3110 5498 alienum
3157 5441 3497 5501 habebimus,
3558 5440 3661 5496 sed

2065 5540 2229 5595 etiam
2266 5533 2631 5591 anathematis
2681 5531 2900 5587 vinculo
2950 5531 3073 5601 jure
3105 5530 3407 5599 meritoque
3432 5528 3663 5597 alligare

2062 5628 2286 5683 omnino
2306 5626 2638 5689 curabimus,
2664 5631 2721 5677 et
2740 5637 2839 5677 nos
2867 5622 3163 5677 secundum
3193 5619 3507 5691 apostolica:
3546 5618 3661 5688 pri-

2059 5719 2312 5789 vilegium
2343 5714 2621 5786 dignitatis
2646 5723 2700 5769 et
2730 5712 3035 5782 potestatis,
3060 5712 3235 5783 ipsum
3255 5709 3654 5765 excellentissi-
