3978 6160
415 368 548 424 iam
613 435 616 438 δ

1652 369 2009 425 EPISTULA)
2053 372 2140 426 ΕΤ
2183 350 2520 431 DECRETA.

3468 338 3473 343 “
3550 357 3688 420 1ἐο3

421 495 564 534 mum
594 495 657 534 ac
682 480 978 550 spiritalem
1013 482 1178 537 ﬁlium
1203 492 1470 547 nostrum,
1524 483 1779 538 domuum
1826 485 2000 539 Ludo-
2029 490 2074 547 Α
2104 496 2159 539 et
2185 487 2237 540 in
2269 488 2489 543 archivo
2517 497 2701 543 nostro
2730 489 2888 546 hodie
2920 488 3003 544 illa
3036 490 3309 546 recondita
3339 493 3679 550 retinemus?

420 573 595 628 vietum
627 572 1008 642 imperatorem
1039 576 1358 645 Augustum,
1408 575 1556 645 regni
1584 574 1740 643 hujus
1779 577 1998 646 provin-

421 668 536 732 cite,
570 667 775 722 scilicet
821 666 1007 722 Gallia:
1055 668 1241 731 totius,
1275 684 1473 739 regem,
1509 668 1786 723 dominum
1816 679 1871 723 et
1901 670 2000 722 im-

422 770 746 829 peratorem,
803 760 962 814 siculi
1010 758 1123 829 jam
1174 760 1299 813 olim
1332 776 1360 814 a
1409 759 1518 815 Deo
1577 760 1997 828 przeordinatutn

421 866 542 904 esse
568 859 799 913 constat,
825 857 880 905 et
909 852 976 903 ab
1000 851 1437 905 antecessoribus
1490 853 1688 906 nostris
1733 851 1999 921 pontiﬁci-

421 942 520 996 bus
565 951 826 997 statutum
869 943 1052 996 multis
1080 944 1290 997 videtur
1337 944 1569 1007 indiciis,
1612 944 1895 1009 habemus,
1945 953 2000 998 et

420 1046 700 1101 quousque
725 1031 1046 1101 superfuerit
1074 1034 1210 1103 ipse,
1240 1049 1362 1088 eum
1392 1035 1592 1090 habere
1641 1036 1992 1090 studebimus.

420 1123 570 1189 Quod
608 1139 737 1178 sane
763 1140 984 1195 regnum
1024 1126 1067 1180 si
1100 1134 1357 1196 tyrannus
1387 1126 1602 1195 aliquis,
1636 1135 1823 1182 contra
1856 1128 1995 1182 divi-

421 1227 545 1265 nam
574 1224 628 1265 et
658 1214 1003 1282 apostolicam
1036 1215 1389 1280 voluntatem,
1437 1216 1690 1272 invadere
1740 1234 2000 1288 praesum-

419 1302 605 1371 pserit,
631 1303 935 1372 apostolica:
964 1305 1081 1359 sine
1112 1321 1261 1360 mora
1293 1307 1581 1363 sustinebit
1608 1309 1829 1364 ultionis
1874 1326 2000 1365 cen-

417 1408 621 1448 suram.
651 1393 911 1465 Optamus
942 1397 1275 1451 nobilitatem
1316 1409 1550 1453 vestram
1610 1401 1854 1455 unanimi
1907 1403 1999 1455 de-

417 1484 632 1538 votione
660 1486 978 1549 consistere,
1010 1497 1065 1542 et
1100 1489 1150 1542 in
1179 1488 1449 1543 insolubili
1480 1491 1997 1547 charitatisvineulo

417 1588 639 1629 manere
664 1574 998 1645 conjunctos.

1126 1688 1313 1746 XXIV.

790 1818 859 1857 AD
894 1817 1141 1859 CABOLUI
1178 1820 1390 1860 CALVUI
1428 1820 1623 1860 REGI-2H.

1013 1912 1203 1985 (Anno
1238 1914 1400 1985 870.)

418 2025 603 2100 Regem
651 2027 1047 2100 increpatquod
1096 2027 1333 2083 Lotharii
1362 2047 1574 2100 regnum
1619 2032 1899 2094 invaserit,
1943 2044 1992 2088 et

488 2098 627 2151 sedis
674 2097 975 2172 apostolica’
1007 2099 1201 2172 legatos
1236 2097 1637 2172 contempserit:
1676 2104 1992 2172 mandatque

488 2176 543 2239 ut
570 2183 725 2239 regno
747 2166 840 2219 illo
868 2166 1109 2239 excedat,
1134 2178 1181 2221 et
1209 2168 1341 2239 alios
1368 2166 1564 2238 legatos
1587 2171 1802 2239 benigne
1822 2166 1989 2226 susci-

484 2237 621 2305 piat,
676 2235 933 2289 Joannem
977 2238 1241 2300 videlicet,
1291 2235 1544 2303 Petrum,
1587 2235 1903 2295 Wib'bodum
1928 2259 1991 2296 ac

480 2305 743 2380 Joannem
773 2306 1038 2376 episcopos
1058 2347 1072 2369 ,
1102 2318 1149 2360 et
1191 2306 1408 2362 Petrum
1428 2310 1780 2380 presbyterum
1810 2314 1989 2365 cardi-

483 2374 673 2428 ualent.

482 2488 757 2540 ADRIANUS
784 2486 1091 2558 episcopus.
1120 2502 1309 2542 servus
1336 2502 1615 2543 servorum
1647 2488 1763 2555 Dei,
1793 2490 1990 2547 dilecto

410 2577 521 2631 ﬁlio
548 2577 764 2634 Canem
790 2577 1020 2647 glorioso
1053 2579 1185 2649 regi.

481 2680 507 2709 ι
538 2667 827 2723 Sacrorum
857 2668 1036 2737 itaque
1080 2669 1389 2738 dogmatum
1440 2670 1861 2726 cvidentissimis
1891 2673 1989 2727 do-

409 2758 671 2812 eumentis
695 2766 751 2811 et
772 2757 1081 2826 apostolicis
1113 2758 1471 2813 informamur
1499 2762 1779 2830 exemplis,
1809 2772 1867 2817 ut
1890 2765 1989 2818 mi-

412 2848 515 2901 tius
546 2861 706 2916 agere
737 2847 1029 2902 debeamus
1060 2864 1182 2902 cum
1225 2849 1480 2913 mitibus,
1528 2860 1583 2904 et
1624 2853 1865 2907 severius
1895 2869 1991 2924 per

402 2938 670 3007 justitiam
717 2938 1092 3007 delinquentes
1135 2940 1512 3010 corripiamus.
1548 2941 1653 2996 Sed
1691 2958 1865 3013 neque
1894 2962 1992 3001 nos

408 3029 521 3082 Deo
567 3028 780 3096 placere
828 3044 1152 3097 possumus,
1230 3030 1274 3085 si
1321 3031 1558 3100 pastoris
1602 3032 1774 3109 vicem
1819 3035 1990 3089 susci-

405 3120 636 3188 pientes,
669 3134 775 3173 nou
806 3134 939 3189 opus
968 3120 1234 3189 pastoris,
1288 3122 1381 3175 sed
1427 3124 1741 3177 mercenarii
1768 3125 1985 3179 latibula

2101 577 2253 642 Quod
2284 578 2328 631 si
2354 594 2452 635 nec
2482 579 2578 635 tibi
2609 580 2711 635 ista
2746 580 3041 646 sufﬁciunt,
3090 590 3216 636 tunc
3246 583 3310 635 ad
3342 582 3562 650 majoris
3594 600 3680 637 re-

2099 670 2479 737 prehensionis
2511 679 2614 726 tua:
2641 672 2914 726 cumulum
2958 672 3065 727 tuis
3113 682 3163 727 te
3208 673 3531 741 specialibus
3557 690 3681 728 sen-

2100 760 2281 813 teutiis
2328 762 2714 824 convenimus,
2744 772 2801 817 et
2842 770 2901 816 ut
2928 763 2993 816 ad
3024 777 3121 817 cor
3166 772 3315 816 tntnn
3363 764 3577 825 redeas,
3612 780 3678 817 cs

2097 850 2209 904 oris
2260 848 2336 904 tul
2390 850 2821 921 professionibus
2870 853 3176 907 incitamus.
3246 854 3469 920 Quando
3521 854 3682 923 igitur

2098 938 2373 1003 Ludovici,
2407 941 2592 995 fratris
2624 943 2697 995 tui
2727 943 2844 1007 lilii,
2868 954 3154 1013 superatus
3194 944 3423 1008 viribus,
3454 959 3679 1012 regnum

2098 1033 2413 1102 perdidisti,
2465 1033 2708 1104 nunquid
2743 1049 2848 1087 non
2880 1034 3160 1103 epistolam
3181 1074 3196 1099 ,
3228 1050 3389 1104 quam
3420 1035 3681 1089 habemus

2097 1138 2209 1192 pra:
2236 1124 2507 1183 manibus.
2540 1124 2654 1178 sedi
2682 1125 2991 1193 apostolica:
3017 1123 3258 1178 direxisti
3283 1125 3307 1177 ?
3334 1125 3385 1179 in
3411 1140 3515 1193 qua
3541 1125 3681 1178 inter

2097 1227 2288 1270 etetera
2346 1215 2632 1272 confessus
2666 1217 2815 1271 fuisti
2864 1217 3084 1279 dicens:
3120 1216 3252 1270 Cum
3295 1216 3555 1271 fratribus
3581 1230 3680 1269 uo-

2098 1307 2226 1361 stris
2251 1316 2375 1377 post
2402 1307 2757 1361 Foutanicum
2787 1307 2984 1361 bellum
3021 1307 3073 1360 in
3108 1322 3270 1360 unum
3300 1306 3680 1369 convenimus,

2096 1408 2171 1455 et,
2202 1396 2341 1450 inter
2376 1413 2473 1451 nos
2503 1398 2767 1452 divisione
2792 1412 3080 1466 regnorum
3108 1396 3252 1451 facta
3277 1437 3291 1461 ,
3331 1412 3517 1466 pacem
3552 1396 3681 1451 feci-

2097 1504 2237 1552 mus,
2262 1499 2315 1543 et
2336 1487 2694 1560 jurejurando
2718 1489 3042 1559 juravimus,
3076 1488 3220 1557 quod
3247 1504 3403 1542 nemo
3432 1499 3678 1543 nostrum

2097 1581 2245 1649 regni
2291 1579 2516 1634 alterius
2567 1588 2742 1634 metas
2774 1579 3076 1634 invaderet.
3126 1577 3277 1634 Nunc
3309 1589 3485 1634 autem
3514 1596 3681 1651 regno

2095 1687 2217 1727 meo
2239 1670 2565 1741 iuramentis
2609 1672 2806 1742 spretis
2835 1672 3024 1727 invaso
3051 1683 3212 1743 atque
3242 1672 3487 1738 sublato,
3522 1675 3684 1730 mise-
3720 1698 3729 1701 -

2098 1769 2280 1816 reatur
2306 1770 2488 1816 vester
2515 1761 2873 1831 apostolatus,
2906 1768 2960 1816 et
2991 1776 3059 1815 ne
3084 1777 3281 1816 nomen
3310 1762 3510 1817 Christi
3539 1762 3684 1819 blas-

2020 1849 2068 1908 B
2097 1852 2383 1921 phemetnr
2431 1853 2483 1907 in
2515 1852 2787 1924 gentibus,
2833 1852 2952 1907 sine
2996 1852 3307 1908 vindicante
3335 1851 3542 1908 facinus
3574 1869 3682 1907 non

2097 1942 2450 2013 reiinquatur.
2506 1943 2646 1998 Ecce
2674 1943 2905 2012 qualiter
2936 1943 3112 1998 aliena
3152 1944 3248 1998 tibi
3299 1945 3682 2013 concupiscere

2096 2034 2316 2088 minime
2345 2035 2595 2090 convenit
2628 2053 2641 2088 :
2672 2050 2801 2090 ecce
2836 2035 2929 2089 tibi
2956 2043 3233 2091 ostensum
3263 2043 3376 2100 est,
3427 2037 3567 2104 quod
3594 2035 3683 2104 ju-

2095 2133 2340 2181 ramenta
2371 2126 2583 2195 publice
2623 2125 2762 2181 facta
2794 2134 3102 2196 contempta
3128 2135 3274 2181 sunt.
3307 2126 3587 2181 Postremo
3613 2128 3679 2181 ad

2095 2214 2336 2287 fortioris
2367 2226 2472 2271 tum
2499 2217 2939 2287 reprehensionis
2970 2217 3258 2281 indicium,
3295 2216 3683 2289 aliquantisper

2098 2315 2457 2361 monstratum
2507 2316 2624 2369 est,
2673 2307 2817 2375 quod
2864 2316 2918 2361 et
2951 2317 3001 2360 te
3040 2307 3361 2377 impunitum
3407 2306 3682 2363 dimittere

2098 2410 2202 2447 non
2235 2396 2513 2451 debemus.
2552 2396 2654 2463 Qui
2686 2397 2827 2466 quod
2854 2397 2942 2452 alii
2974 2395 3149 2451 facere
3170 2398 3503 2468 preca'utris,
3536 2414 3681 2453 nunc

2098 2485 2150 2538 iu
2180 2485 2341 2540 simili
2384 2501 2547 2556 opere
2578 2487 2672 2540 tibi
2699 2485 2879 2542 facere
2904 2487 3050 2557 justo
3079 2503 3179 2542 nos
3204 2496 3418 2557 oportet
3440 2488 3666 2559 judicio.

2098 2584 2153 2631 et
2183 2584 2236 2629 te
2263 2575 2330 2631 de
2357 2578 2461 2632 tuis
2497 2576 2707 2632 actibus
2733 2577 3010 2649 increpare
3037 2597 3048 2630 :
3084 2579 3354 2647 pnecipue
3379 2593 3502 2633 cum
3530 2593 3681 2649 aper-

2102 2668 2208 2723 tius
2233 2669 2642 2732 demonstraris,
2668 2669 2809 2737 quod
2838 2669 2994 2723 labiis
3026 2677 3255 2733 tantum,
3282 2677 3336 2723 et
3359 2684 3464 2723 non
3493 2668 3679 2734 corde,

2099 2761 2352 2815 devotum
2382 2769 2586 2815 sanctae
2625 2760 2884 2816 Romana:
2911 2761 3186 2826 Ecclesia),
3214 2760 3373 2814 veluti
3404 2761 3455 2815 in
3482 2761 3680 2830 episto-

2098 2849 2166 2904 lis
2192 2850 2257 2904 ad
2289 2850 2604 2905 decessores
2631 2859 2848 2906 nostros
2882 2859 2937 2904 ct
2967 2851 3121 2909 nobis
3158 2867 3187 2904 a
3237 2859 3290 2905 te
3314 2851 3533 2906 directis
3557 2867 3682 2906 cou-

2096 2940 2317 3007 tinetur,
2349 2950 2401 2997 te
2423 2939 2708 3009 jactitares
2739 2957 2858 2997 esse
2886 2943 3077 2996 tilium.
3105 2943 3171 2996 Et
3193 2958 3336 2997 nunc
3364 2943 3497 2997 adeo
3522 2942 3680 2998 devd

2098 3034 2170 3088 tio
2197 3034 2314 3088 fidei
2341 3041 2444 3087 tute
2466 3042 2676 3088 cassata
2710 3042 2811 3094 est,
2840 3042 2895 3087 ut
2919 3034 3058 3103 jam,
3084 3033 3208 3103 quia
3237 3033 3680 3088 convenientibus

2096 3125 2370 3194 responsis
2393 3125 2590 3180 missos
2618 3133 2834 3179 nostros
2863 3140 2893 3178 a
2925 3133 2976 3178 te
3009 3124 3233 3178 minime
3260 3123 3550 3188 dimisisti,
3585 3140 3680 3177 no-

406 3214 803 3283 przestolamur,
831 3223 886 3269 et
916 3215 1165 3271 veniente
1209 3214 1333 3285 lupo
1360 3214 1616 3285 fugimus,
1646 3230 1714 3270 ne
1739 3215 1989 3271 solatium
2018 3195 2064 3257 Ο
2095 3215 2287 3284 bisque
2330 3215 2631 3269 rescribere
2680 3213 2874 3269 callide
2919 3213 3180 3276 omisisti,
3227 3214 3423 3267 missos
3450 3220 3570 3268 tuos
3596 3212 3679 3267 vel

407 3305 771 3361 conferamus.
821 3305 995 3377 Super
1035 3308 1231 3378 quibus
1282 3308 1411 3363 illud
1455 3323 1651 3364 cavere
1700 3310 1991 3376 debemus,

408 3396 552 3465 quod
602 3397 861 3452 Dominus
914 3413 1013 3467 per
1069 3399 1389 3471 prephetam
1453 3398 1715 3470 loquitur,
1758 3401 1987 3456 dicens:

408 3481 576 3538 Canes
601 3486 754 3549 muti,
802 3502 907 3540 non
953 3486 1179 3542 valentes
1205 3488 1401 3543 latrare
1429 3489 1585 3561 (Isai.
1618 3491 1761 3562 LVI);
1794 3499 1848 3545 et
1873 3508 1994 3546 rur-

407 3590 526 3628 sum
553 3592 567 3628 :
607 3574 700 3629 Vae
726 3577 1045 3646 pastoribus,
1078 3578 1277 3649 inquit,
1307 3580 1396 3649 qui
1428 3580 1707 3648 pascebant
1748 3583 1990 3652 sentetip-

410 3681 492 3718 sos
517 3662 747 3735 (ΕΜ-[ι.
775 3666 977 3733 xxxiv)
1003 3706 1017 3731 ,
1050 3677 1109 3721 et
1143 3668 1369 3738 reliqua.
1403 3669 1555 3737 Quod
1587 3671 1630 3724 si
1662 3673 1871 3727 cunctis
1897 3688 1991 3741 pa-

411 3754 648 3809 storibus
691 3755 957 3810 Dominici
990 3758 1167 3826 greng
1214 3759 1473 3812 Dominus
1518 3775 1616 3829 pro
1666 3760 1870 3816 desidia
1910 3778 1990 3816 vxe

408 3845 735 3915 generaliter
763 3846 932 3910 dicit,
970 3855 1121 3902 tanto
1158 3849 1327 3918 magis
1365 3864 1461 3903 nos
1492 3848 1637 3903 illam
1667 3850 1989 3912 sententiam

410 3934 705 3989 formidare
754 3935 1037 4000 debemus,
1085 3947 1289 4006 quanto
1335 3954 1445 4009 prae
1500 3938 1750 3994 omnibus
1795 3950 1849 3994 et
1894 3956 1993 4010 pro

409 4024 688 4087 omnibus,
737 4039 844 4080 non
891 4026 1063 4079 solum
1096 4027 1353 4092 honoris,
1398 4028 1492 4083 sed
1520 4028 1684 4083 etiam
1725 4031 1906 4086 oneris
1938 4032 1990 4085 in

411 4115 651 4170 humeris
679 4116 881 4173 nostris
913 4118 1149 4187 pondera
1181 4134 1394 4188 quoque
1422 4129 1713 4191 gestamus.
1761 4122 1843 4177 An
1885 4140 1990 4178 nou

409 4218 507 4272 pro
537 4214 621 4269 te.
655 4222 747 4260 rex
771 4247 785 4271 ,
838 4209 1102 4262 rationem
1135 4225 1319 4264 coram
1350 4211 1578 4266 Domino
1609 4228 1810 4283 ponere
1840 4228 1988 4268 eom-

410 4294 704 4362 pellemur?
739 4296 805 4361 si,
831 4305 890 4351 ut
918 4297 1045 4351 illud
1076 4299 1292 4354 interim
1319 4300 1595 4364 sileamus,
1626 4302 1769 4372 quod
1798 4302 1991 4357 missos

411 4385 718 4452 apostolicae
747 4386 889 4441 sedis
917 4402 1066 4441 more
1096 4388 1261 4458 regali
1306 4389 1547 4459 recipere
1576 4383 1947 4461 contempsisti
1972 4431 1987 4455 ,

413 4482 660 4528 sanctum
694 4483 843 4528 tuum
872 4491 976 4529 non
1009 4478 1451 4546 reprehendimus
1472 4518 1487 4544 ,
1533 4488 1588 4533 et
1614 4480 1837 4549 spiritali
1871 4481 1986 4538 zelo

410 4564 734 4635 redarguere
790 4565 1134 4629 desistimus,
1205 4568 1420 4636 quando
1482 4579 1669 4623 contra
1717 4570 1983 4635 divinam,

407 4665 827 4727 sanctorumque
873 4657 1095 4712 Patrum
1139 4661 1551 4727 auctoritatem,
1596 4670 1757 4732 atque
1800 4671 1987 4717 contra

405 4745 635 4814 propria:
663 4744 784 4800 ﬁdei
812 4746 1181 4816 sponsionem,
1212 4763 1315 4816 qua
1339 4747 1691 4817 jurejurando
1720 4750 1989 4821 pollicitus

406 4850 500 4898 es,
534 4851 602 4890 ne
646 4835 855 4901 aliena,
904 4848 958 4892 et
983 4838 1251 4909 praecipue
1295 4841 1522 4897 fratrum
1566 4850 1778 4908 tuorum
1822 4859 1987 4913 regna

406 4927 837 4994 concupisceres,
864 4937 955 4983 aut
983 4929 1282 4996 invaderes,
1313 4947 1535 5002 regnum
1558 4931 1832 5001 quondam
1883 4933 1987 4988 Lo-

408 5016 565 5069 tharii
594 5016 956 5085 imperatoris,
990 5020 1132 5087 quod
1159 5021 1388 5091 spiritali
1418 5022 1527 5076 lilio
1550 5032 1756 5088 nostro,
1785 5025 1981 5079 domno

407 5104 681 5161 Ludovico
708 5108 953 5177 Augusto
1008 5110 1116 5165 ﬁlio
1145 5111 1279 5180 ejus,
1308 5109 1461 5180 juxta
1486 5112 1695 5168 divinas
1723 5122 1777 5168 et
1800 5113 1984 5168 Imma-

406 5212 503 5250 nas
529 5197 672 5265 leges
702 5199 946 5262 debetur,
978 5203 1367 5272 praesumpsisti
1399 5203 1671 5266 invadere,
1700 5213 1755 5259 et
1785 5206 1837 5259 in
1864 5221 1982 5260 rea-

406 5297 518 5341 tum
564 5289 786 5358 perjurii
830 5291 1069 5347 incidere
1115 5308 1221 5347 non
1262 5294 1583 5348 formidasti.
1624 5292 1901 5366 Wuuquid
1949 5311 1977 5349 a

404 5389 585 5434 mente
611 5381 834 5446 excidit,
862 5383 1005 5451 quod
1032 5393 1210 5439 vestra
1236 5395 1649 5456 vestrorumque
1668 5386 1977 5457 jnramcnta

405 5470 517 5524 sedi
546 5472 855 5541 apostolica:
885 5474 1149 5529 destinata
1180 5476 1553 5542 discussimus,
1586 5477 1977 5545 roboravimus,

475 5614 500 5681 ξ
539 5601 827 5681 Sacrorum
856 5606 1029 5681 itaque
1067 5606 1391 5681 dogmatunt.
1437 5607 1614 5681 Caroli
1663 5611 1730 5664 ad
1771 5611 1976 5681 singula

405 5672 564 5747 hujus
588 5676 827 5747 epistolae
852 5672 1094 5747 membra
1124 5672 1488 5747 responsionis
1517 5681 1763 5733 meminit
1791 5672 1982 5735 Adria-

409 5758 506 5796 nus
552 5746 602 5797 in
643 5746 867 5812 epistola
899 5746 986 5802 ‘29.
1038 5746 1263 5817 Legatus
1290 5757 1470 5802 autem
1544 5765 1680 5817 quos
1721 5767 1747 5802 a
1791 5752 1982 5805 Carnla

2094 3305 2383 3376 epistolas,
2434 3321 2570 3375 quas
2599 3317 2649 3357 te
2680 3306 2972 3359 missurum
3002 3304 3252 3359 indicasti
3277 3345 3290 3369 ,
3324 3305 3589 3359 hactenus
3611 3304 3678 3358 ad

2093 3405 2457 3465 contemptum
2484 3395 2793 3465 apostolica:
2836 3395 2981 3449 sedis
3006 3410 3110 3448 non
3144 3394 3410 3448 direxisti.
3455 3392 3607 3460 Quod
3631 3394 3678 3449 si

2092 3487 2213 3556 quis
2243 3485 2379 3540 alius
2423 3485 2527 3540 tale
2570 3485 2663 3539 tibi
2697 3485 2844 3539 dedit
2883 3484 3201 3549 consilium,
3250 3484 3410 3539 ﬁdem
3452 3485 3596 3539 circa
3624 3492 3680 3539 te

2092 3576 2317 3631 minimc
2340 3591 2521 3630 veram
2551 3575 2823 3629 servavit:
2855 3575 2901 3628 si
2926 3582 3106 3628 autem
3130 3574 3183 3627 in
3206 3574 3309 3628 hoc
3339 3582 3432 3628 tuo
3460 3581 3673 3627 tantum

2094 3666 2322 3721 consilio
2349 3682 2478 3721 usus
2504 3680 2583 3728 es,
2613 3666 2792 3749 minus
2816 3663 3014 3735 regalis
3043 3663 3361 3718 excellentia
3389 3678 3549 3733 quam
3579 3662 3677 3717 de-

2091 3755 2205 3809 buit
2229 3756 2374 3811 fecit.
2406 3756 2481 3809 De
2509 3756 2660 3825 pacis
2689 3770 2817 3809 vero
2843 3763 2899 3809 et
2928 3753 3232 3809 concordia:
3258 3754 3488 3817 unitate,
3521 3751 3679 3820 cujus

2094 3864 2191 3900 nos
2223 3849 2363 3901 inter
2400 3848 2701 3917 piissimum
2730 3847 3000 3902 Caesarem
3028 3856 3081 3900 et
3113 3854 3165 3900 te
3193 3846 3520 3901 mediatores
3558 3859 3680 3900 esse

2092 3937 2290 3991 debere
2334 3934 2713 4005 suggesseras,
2773 3934 3129 3989 libentissime
3191 3935 3562 4003 suscepimus,
3623 3942 3678 3988 ct

2092 4041 2252 4096 agere
2309 4026 2593 4097 coepimus.
2645 4024 2751 4079 Sed
2796 4024 2869 4079 illi
2915 4033 3101 4078 contra
3152 4024 3335 4080 hostes
3376 4025 3674 4080 Christiani

2092 4116 2327 4171 nominis
2362 4115 2664 4177 dimieanti,
2697 4129 2794 4183 pro
2840 4113 3159 4169 liberatione
3193 4113 3377 4184 pepuli
3416 4114 3509 4168 Dci
3539 4115 3677 4168 mul-

2092 4207 2161 4261 tis
2190 4206 2467 4261 laboribus
2492 4203 2763 4259 insistenti
2783 4243 2797 4269 ,
2844 4214 2898 4258 et
2921 4203 3059 4258 bella
3090 4204 3305 4258 Domini
3332 4203 3629 4273 prmliando
3649 4246 3666 4270 ,

2093 4297 2516 4352 Sarracenorum
2543 4294 2938 4349 multitudinem
2963 4294 3262 4363 superanti,
3288 4302 3347 4346 ut
3371 4283 3473 4363 pax
3500 4292 3675 4354 ﬁeret,

2091 4386 2284 4441 cedere
2313 4383 2531 4439 noluisti
2578 4400 2593 4437 :
2627 4382 2756 4452 quin
2786 4384 2966 4452 potius
2995 4398 3102 4436 non
3143 4391 3200 4435 ut
3246 4383 3396 4451 pacis
3438 4391 3673 4446 amator,

2092 4479 2185 4533 sed
2215 4486 2271 4530 ut
2301 4474 2536 4531 scandali
2567 4474 2889 4537 concitator,
2924 4474 3087 4527 etiam
3132 4481 3184 4527 et
3225 4473 3527 4544 tyrannidis
3555 4489 3672 4527 ma-

2094 4567 2475 4624 nifestissimus
2501 4573 2809 4629 exsecutor,
2832 4564 2981 4633 pacis
3005 4572 3215 4631 tempus
3245 4578 3348 4617 non
3372 4577 3431 4616 ss
3460 4573 3677 4633 przesto-

2096 4659 2276 4712 latus:
2311 4657 2438 4725 quia
2474 4667 2761 4725 postquam
2794 4655 2907 4708 haec
2953 4653 3024 4707 illi
3072 4652 3266 4707 callide
3297 4653 3550 4706 mandare
3576 4668 3673 4707 cu-

2094 4748 2263 4810 rasti,
2310 4746 2491 4800 domui
2525 4745 2871 4815 imperatoris
2917 4758 3140 4812 regnum
3181 4743 3355 4813 magis
3395 4758 3459 4797 ac
3502 4745 3677 4813 magis

2095 4838 2377 4902 invasisti,
2423 4836 2755 4898 sollicitasti,
2799 4835 3084 4895 ordiuasti,
3128 4843 3179 4889 ct
3219 4834 3461 4889 homines
3506 4835 3674 4903 ipsius

2092 4929 2244 5001 regni
2275 4928 2343 4982 ad
2390 4935 2534 4981 tuam
2580 4925 2890 4980 ﬁdelitatem
2931 4923 3119 4992 jurare
3165 4923 3367 4981 fecisti.
3413 4925 3510 4980 Cui
3549 4926 3673 4979 talia

2088 5022 2268 5078 facere
2307 5023 2750 5092 pertimesceres,
2799 5020 2901 5074 nisi
2940 5020 3053 5090 ipse
3099 5020 3264 5074 tantis
3295 5018 3568 5073 laboribus
3604 5016 3671 5070 ad

2080 5123 2398 5185 perpetuam
2426 5129 2615 5186 pacem
2651 5121 2852 5167 sancta:
2875 5110 3130 5167 Ecclesiae
3157 5110 3246 5165 diu
3274 5117 3541 5177 noctuque
3573 5122 3673 5176 pro

2078 5210 2277 5265 Christi
2305 5224 2491 5264 amore
2519 5208 2746 5262 ﬁdenter
2774 5208 3020 5261 hatreret.
3053 5203 3153 5271 Qui
3197 5219 3226 5255 a
3250 5188 3441 5270 emptis
3471 5200 3661 5264 bonis,

2081 5302 2133 5356 iu
2159 5302 2354 5372 quibus
2388 5301 2465 5355 illi
2499 5310 2549 5355 te
2577 5300 2835 5355 solamina
2864 5300 3148 5370 Oportebat
3176 5294 3423 5350 conferre
3455 5292 3626 5362 magis
3645 5333 3661 5357 ,

2087 5408 2249 5464 quam
2296 5390 2662 5447 Christianum
2710 5390 2960 5463 populum
3011 5394 3199 5441 contra
3247 5384 3404 5439 ﬁdem
3434 5383 3669 5439 debitam

2085 5484 2374 5556 persequi,
2421 5499 2638 5538 manum
2667 5491 2879 5550 etopus
2906 5494 3010 5532 non
3039 5476 3394 5539 subtrahens,
3444 5472 3665 5527 dubium

2087 5632 2213 5688 rege
2242 5624 2577 5688 contemples
2606 5616 2701 5682 ait,
2732 5614 2957 5669 Paulum
2998 5620 3054 5667 ct
3095 5607 3355 5665 Joannem
3385 5605 3669 5677 episcopos

2089 5687 2353 5759 intelligit.
2388 5687 2541 5742 Stuu.
