3978 6160
427 389 563 448 1299

1777 395 1937 451 Αιιιιι
1964 395 2057 449 κΝι
2099 396 2299 453 ΡᾹΡᾸΕ
2339 397 2383 452 ll

3550 395 3682 447 ιῖιιι

429 531 537 568 non
565 523 648 569 est
674 516 814 583 quod
840 514 1259 583 omnipotentem
1296 515 1582 568 Dominum
1613 512 1674 568 a.l
1728 514 1841 566 haec
1886 526 2006 580 per-
2036 515 2082 571 A
2112 514 2515 583 vobismetipsis
2540 513 2914 581 consuleretis,
2944 500 3270 581 monuimus,
3296 516 3514 584 etjuxta
3538 524 3681 589 quod

430 605 636 673 agenda
660 604 758 658 sibi
780 604 1065 672 propitium
1086 602 1267 669 faciet,
1286 604 1425 659 etde
1446 605 1693 659 hostibus
1713 603 2005 657 Clnistiani

430 694 666 750 nominis
691 694 1019 764 triumphum
1042 696 1149 748 cito
1179 696 1453 765 percipiet.
1485 694 1593 750 Sed
1620 695 1705 749 his
1736 694 2010 748 succincte

427 784 682 853 prolatis,
720 786 1014 853 quoniam,
1069 793 1128 838 ιιι
1171 785 1549 853 praediximus,
1595 785 1735 838 sicut
1768 784 2009 838 omnium

426 874 667 943 pondera
713 874 765 927 in
798 875 1037 929 humeris
1068 877 1273 957 nostris
1307 886 1615 945 gestamus,
1666 876 1740 929 ita
1768 877 2008 929 omnium

428 974 580 1020 actus
609 966 906 1035 praevidere
934 966 1212 1032 debemus,
1239 983 1306 1021 ne
1336 982 1433 1036 pro
1458 967 1707 1021 humanis
1737 966 2011 1021 favoribus

428 1072 528 1111 nos
557 1056 670 1111 haec
698 1057 877 1112 dicere
918 1057 1039 1127 quis
1067 1058 1374 1121 existimet,
1415 1058 1459 1112 si
1494 1057 1632 1113 forte
1658 1059 1929 1112 accideret
1954 1064 2012 1110 ut

340 1166 346 1171 ο
425 1148 699 1217 principes
724 1149 915 1214 nostri,
947 1149 1141 1219 quibus
1183 1166 1213 1203 a
1248 1136 1298 1203 te
1324 1165 1611 1220 pervasum
1642 1164 1866 1219 regnum
1890 1149 2013 1218 jure

429 1239 672 1304 debetur,
719 1240 818 1294 sibi
855 1239 1031 1294 illatas
1066 1239 1291 1307 injurias
1336 1256 1442 1296 non
1488 1241 1863 1305 vindicarent;
1914 1253 2012 1293 nos

430 1344 600 1399 usque
628 1329 694 1384 ad
726 1344 913 1383 veram
954 1330 1413 1395 emendationem,
1439 1331 1565 1399 quia
1588 1346 1775 1385 onmes
1803 1329 2014 1383 salvare

428 1418 696 1484 volumus,
731 1419 966 1489 perjuria
994 1419 1108 1484 illa,
1138 1427 1301 1489 atque
1329 1420 1667 1477 invasionum
1702 1419 2011 1492 tyrannides

430 1508 722 1578 impunitas
749 1507 895 1563 nullo
924 1517 1081 1578 pacto
1110 1509 1506 1565 dimitteremus
1536 1528 1548 1564 :
1579 1510 1704 1578 quia
1748 1524 1854 1563 non
1899 1524 2014 1563 am-

429 1599 633 1654 bitione
662 1601 833 1670 regni,
861 1603 954 1657 sed
974 1600 1186 1669 justitia
1216 1617 1643 1667 commovemur,
1687 1611 1743 1657 et
1773 1618 1879 1658 non
1908 1611 2016 1655 ter-

432 1707 614 1745 rarum
649 1692 823 1762 spatia
849 1693 1164 1763 quaerimus,
1188 1694 1283 1749 sed
1306 1709 1372 1748 ex
1400 1694 1583 1749 debito
1627 1694 1771 1748 vitiis
1798 1706 1863 1748 ac
1889 1708 2017 1762 pra-

428 1785 686 1840 vitatibus
728 1786 1141 1855 quibuscunque
1192 1786 1447 1842 resistere
1493 1786 1799 1857 vigilamus.
1848 1785 2016 1854 Igitur

2110 620 2205 658 vos
2233 607 2489 674 oportuit,
2523 604 2876 661 fraternitatis
2907 605 3101 662 affectu
3133 624 3237 661 non
3269 608 3534 662 immerito
3560 624 3681 663 cor-

2110 692 2392 765 ripuimus.
2427 696 2536 751 Sed
2572 704 2779 750 tantum
2806 697 3100 767 apostolica
3132 698 3330 750 monita
3357 699 3682 768 contempsi-

2109 786 2229 850 stis,
2256 795 2515 855 quantum
2546 802 2647 842 nee
2682 786 3165 858 'nostrisepistolis
3194 789 3557 856 respondistis,
3586 804 3683 842 nec

2113 895 2292 951 regem
2321 888 2563 935 vestrum
2605 880 2856 936 Carolum
2885 897 3048 952 grave
3075 881 3284 936 facinus
3326 882 3688 935 incurrentem

2110 970 2296 1039 procnl
2326 969 2487 1025 dubio
2515 970 2781 1024 doluistis.
2812 970 2892 1024 An
2917 985 3022 1025 non
3049 986 3214 1041 grave
3236 970 3412 1025 scelus
3438 968 3683 1031 incurrit,

2111 1059 2328 1129 quando
2347 1100 2361 1125 ,
2392 1059 2531 1114 sicut
2556 1060 2710 1114 multi
2737 1068 2974 1115 vestrum
3005 1070 3299 1124 noverunt,
3347 1060 3428 1114 sui
3456 1058 3687 1122 oblitus,

2104 1147 2482 1216 jusjurandum
2504 1189 2518 1212 ,
2549 1148 2693 1218 quod
2719 1149 2846 1204 olim
2875 1164 2996 1203 cum
3038 1148 3296 1202 fratribus
3323 1149 3435 1203 suis
3459 1149 3688 1218 pepigit,

2113 1254 2221 1309 quo
2271 1254 2430 1294 nemo
2476 1239 2687 1294 illorum
2735 1254 2959 1309 regnum
3015 1239 3240 1294 alterius
3292 1239 3570 1293 invaderet
3610 1238 3692 1292 vel

2116 1337 2422 1398 usurparet,
2453 1336 2511 1382 ut
2543 1328 2951 1383 evidentissima
2978 1328 3308 1397 patefactum
3338 1339 3441 1392 est,
3471 1345 3693 1398 regnum

2116 1421 2387 1490 quondam
2438 1420 2684 1476 Lotharii
2729 1421 3095 1492 imperatoris,
3125 1420 3266 1492 quod
3301 1420 3423 1490 jure
3449 1420 3576 1476 divo
3600 1420 3695 1475 im-

2116 1512 2357 1582 peratori
2383 1513 2582 1567 donmo
2624 1511 2903 1567 Ludovico
2931 1511 3041 1566 filio
3070 1511 3191 1580 ejus
3217 1526 3429 1581 semper
3453 1513 3697 1582 Augusto

2117 1602 2360 1665 debetur,
2390 1602 2588 1671 spretis
2631 1602 2957 1671 juramentis
2983 1602 3200 1667 invasit,
3228 1610 3283 1657 et
3306 1602 3529 1671 perjurii
3560 1601 3696 1656 inci—

2118 1692 2198 1746 dit
2222 1693 2472 1747 crimen?
2510 1692 2664 1748 Unde
2709 1692 2866 1747 valde
2907 1694 3191 1758 miramur,
3229 1693 3696 1763 obstupescimus,

2119 1791 2176 1838 et
2202 1783 2475 1849 dolemus,
2528 1790 2589 1837 ut
2632 1782 2677 1837 si
2704 1797 2802 1838 vos
2827 1782 2986 1837 fidem
3017 1782 3093 1837 illi
3118 1782 3443 1853 promisistis
3466 1824 3481 1848 ,
3533 1796 3698 1852 quare

427 1886 489 1931 ut
534 1876 752 1931 interim
802 1878 1086 1946 perpaucis
1132 1877 1355 1948 gloriam
1400 1886 1548 1932 tuam
1593 1878 2008 1939 conveniamus,
2040 1857 2086 1916 Β
2116 1875 2464 1944 vosmetipsos
2484 1873 2740 1945 perditis,
2786 1882 2842 1928 et
2870 1889 2977 1929 non
3003 1889 3128 1929 eum
3156 1874 3315 1928 modo
3335 1876 3693 1945 suggerendo,

429 1981 732 2031 monemus,
759 1975 815 2021 et
843 1967 1164 2022 auctoritate
1189 1968 1484 2037 apostolica
1510 1968 1705 2037 quibus
1727 1982 2016 2037 possumus

431 2057 606 2112 modis
675 2058 990 2127 spiritaliter
1051 2060 1375 2126 suademus,
1439 2069 1771 2130 paterneque
1821 2058 2013 2113 affectu

430 2148 810 2219 praecipimus,
875 2160 936 2203 ut
987 2148 1099 2217 jam
1149 2152 1306 2206 tertio
1350 2154 1586 2207 monitus
1625 2154 1693 2207 ab
1740 2151 2016 2205 invasione

432 2237 583 2306 regni
633 2238 893 2307 spiritalis
936 2237 1031 2293 filii
1060 2242 1229 2295 nostri
1269 2241 1719 2296 Cbristlanissimi
1755 2240 2016 2311 principis

431 2338 486 2381 te
514 2328 727 2396 penitus
754 2328 1042 2384 subtrahas
1072 2339 1127 2384 et
1148 2344 1461 2400 compescas
1481 2370 1494 2395 ,
1537 2329 1712 2384 aliena
1741 2344 1850 2382 non
1879 2313 2015 2383 con-

430 2420 696 2489 cnpiscas,
724 2431 778 2476 et
807 2422 948 2490 quod
990 2422 1086 2476 tibi
1118 2437 1226 2476 non
1250 2423 1332 2476 vis
1355 2422 1469 2477 fieri
1495 2462 1510 2487 ,
1564 2421 1639 2476 illi
1686 2436 1793 2475 non
1824 2419 2010 2474 facias.

430 2509 550 2566 Noli
591 2509 750 2579 iustis
777 2512 883 2567 tuis
909 2513 1446 2583 competentibusque
1487 2512 1585 2567 tibi
1632 2511 1794 2587 rebus
1820 2510 2017 2580 injuste

431 2613 619 2675 captas
643 2606 922 2677 tyrannica
948 2606 1177 2671 sociare,
1210 2622 1277 2661 ne
1303 2616 1357 2660 et
1377 2604 1523 2673 juste
1549 2619 1829 2674 possessas
1857 2602 2015 2656 amit—

432 2708 536 2763 tas,
570 2706 622 2752 et
648 2697 844 2767 injuste
874 2710 1134 2767 pervasas
1155 2698 1301 2768 justo
1340 2696 1433 2751 Dei
1470 2696 1673 2767 judicio
1703 2703 1754 2750 te
1781 2695 2016 2750 ambissc

434 2787 710 2858 pmniteat.
741 2786 850 2842 Nos
878 2788 1101 2866 etenim,
1128 2787 1381 2858 quoniam
1409 2776 1613 2841 salvum
1644 2794 1698 2841 te
1720 2785 2016 2841 consistere

434 2880 712 2950 cupimus,
777 2889 831 2934 et
877 2888 938 2934 ut
972 2881 1151 2935 anima
1194 2895 1528 2950 corporeque
1573 2878 1716 2934 felici
1760 2892 2014 2933 successu

432 2970 636 3039 polleas
666 2969 1000 3037 anhelamus,
1034 2971 1137 3028 nisi
1167 2971 1357 3026 saltem
1384 2986 1527 3026 nunc
1552 2970 1786 3034 nostris,
1829 2968 2016 3022 aliisve

435 3061 741 3117 salubribus
780 3062 1027 3132 parueris
1057 3064 1308 3128 monitis,
1358 3073 1417 3117 ut
1447 3073 1498 3117 et
1524 3064 1672 3133 prius
1703 3062 2015 3118 inohediens

433 3162 633 3209 nostrae
677 3153 908 3224 spiritali
952 3170 1197 3210 censura:
1232 3154 1573 3219 constiteris,
1640 3154 1785 3208 nullo
1824 3163 2013 3223 pacto,

436 3242 689 3312 nulloque
737 3245 1211 3314 praetermittemus
1253 3246 1503 3314 ingenio,
1541 3244 1860 3315 quominus,
1907 3245 2018 3298 Deo

431 3332 682 3402 juvante,
732 3343 916 3403 partes
958 3334 1077 3389 illas
1119 3335 1432 3404 nosmetipsi
1465 3343 1738 3404 petamus,
1785 3342 1839 3389 et
1877 3333 2022 3403 quod

440 3424 609 3478 nostri
651 3432 734 3479 est
774 3424 1060 3493 ministerii
1091 3424 1307 3495 penitus
1343 3439 1687 3494 peragamus.
1740 3423 2021 3479 Postremo

440 3529 765 3584 magnopere
794 3529 1204 3569 commonemus
1225 3555 1240 3579 ,
1284 3521 1343 3567 ut
1367 3515 1464 3568 hos
1492 3512 1824 3582 apostolatus
1849 3511 2021 3565 nostri

438 3605 739 3672 prazcipnos
766 3603 978 3666 missos,
1004 3601 1265 3656 Joannem
1294 3601 1562 3665 videlicet,
1589 3609 1750 3666 atque
1776 3598 2019 3665 Petrum,

446 3694 792 3760 \Vibbodum,
820 3703 875 3747 et
900 3693 1187 3758 Joannem,
1222 3695 1545 3751 rcverondos
1585 3694 1889 3764 episcopos,
1922 3708 2023 3748 nee

442 3800 547 3838 ron
598 3790 653 3838 et.
706 3781 927 3838 Petrum
990 3782 1297 3851 religiosum
1350 3784 1723 3854 presbyterum
1786 3783 2024 3838 cardinis

441 3875 641 3940 nostri,
685 3874 1048 3944 dilectumque
1092 3874 1410 3928 familiarem
1442 3883 1709 3939 nostrum,
1741 3890 1839 3944 pro
1866 3875 2020 3943 prin-

439 3964 618 4035 cipum
678 3964 1041 4034 apostolorum
1091 3964 1159 4018 ab
1197 3963 1449 4021 omnibus
1494 3962 1829 4034 praaferenda
1873 3979 2026 4017 reve-

443 4055 617 4109 rentia
644 4063 699 4109 ct
724 4068 925 4118 amore,
953 4054 1185 4123 benigne
1210 4052 1496 4122 suscipias,
1524 4060 1580 4107 et
1606 4059 1792 4120 utpote
1819 4065 1848 4104 a
1878 4059 2024 4105 tanta

443 4145 570 4199 sede
604 4145 893 4213 digressos,
918 4142 1215 4197 honorifice
1239 4149 1484 4210 receptos
1505 4140 1672 4195 colas.
1696 4138 1833 4209 Ipsis
1858 4139 2022 4204 enim,

442 4251 563 4304 qua:
609 4235 802 4304 pagina
848 4234 1090 4295 reticuit,
1146 4232 1242 4287 tibi
1290 4231 1516 4287 dicenda
1558 4229 1929 4298 injunximus:
1973 4236 2051 4283 et’

446 4329 567 4383 ideo
598 4324 859 4395 quidquid
882 4324 1207 4378 verbotenus
1231 4320 1599 4390 exposuerint,
1628 4321 1746 4374 sine
1772 4317 2028 4402 scrupulo

441 4431 669 4485 prorsus
694 4413 955 4469 admitte:
982 4421 1035 4466 et
1075 4420 1133 4468 ut
1172 4410 1416 4466 efficaces
1450 4411 1519 4464 ad
1564 4425 1661 4464 nos
1693 4408 1889 4463 reverti
1939 4423 2029 4462 va.

446 4506 611 4568 leam,
659 4502 984 4558 omnimodis
1017 4500 1203 4571 vigila.
1249 4499 1512 4569 Optamus
1537 4499 1762 4570 gloriam
1797 4506 1943 4551 tuam
1972 4497 2023 4549 in

2115 1965 2275 2019 modo
2319 1964 2447 2018 illud
2473 1972 2565 2018 aut
2607 1964 2736 2018 illud
2780 1965 3129 2034 opponendo,
3178 1973 3236 2018 ut
3270 1964 3556 2033 resipiscat
3596 1964 3698 2017 cir-

2115 2055 2438 2110 cumvenitis
2464 2073 2478 2109 :
2508 2054 2636 2124 quin
2666 2055 2846 2124 potius
2873 2054 3026 2110 vobis
3061 2054 3482 2120 eonsentiendo,
3521 2064 3578 2109 et
3601 2054 3694 2118 illi,

2116 2158 2226 2203 tam
2255 2147 2593 2203 detestabilia
2639 2146 2920 2211 faciendo,
2971 2148 3114 2215 quod
3154 2146 3321 2202 vestri
3367 2163 3477 2201 non
3525 2146 3698 2202 fecere

2113 2247 2388 2311 parentes,
2419 2240 2717 2310 gehennam
2746 2238 2968 2308 paratis.
3015 2237 3273 2293 Praefatur.
3296 2239 3566 2308 siquidem
3603 2239 3698 2290 im-

2114 2339 2355 2401 perator,
2388 2339 2601 2385 terrena
2630 2344 2794 2398 regna
2818 2344 2923 2383 non
2949 2330 3212 2404 ambiens,
3255 2342 3351 2398 pro
3381 2327 3700 2406 liberatione

2118 2419 2297 2489 populi
2327 2418 2421 2473 Dei
2450 2417 2635 2472 multis
2657 2417 2935 2473 laboribus
2962 2417 3235 2489 fatigatus,
3263 2416 3622 2486 triumphales
3647 2416 3697 2468 in

2118 2511 2546 2566 Sarracenorum
2575 2510 2818 2565 cervices
2847 2508 3028 2580 potius
3057 2523 3272 2573 manus,
3300 2523 3459 2577 quam
3491 2508 3545 2561 in
3576 2523 3696 2560 eum

2119 2612 2341 2670 regnum
2384 2615 2542 2653 suum
2586 2598 2857 2654 tollentem
2902 2598 3169 2653 extendit.
3223 2597 3415 2651 Redite
3460 2611 3597 2667 ergo
3634 2596 3699 2649 ad

2117 2705 2232 2753 vos,
2263 2687 2634 2752 dilectissimi,
2677 2697 2733 2742 et
2777 2696 2837 2742 ut
2867 2687 2994 2742 olim
3023 2687 3225 2741 hedera
3264 2687 3406 2741 inter
3431 2688 3701 2740 seniorem

2119 2790 2380 2846 vestrum,
2414 2779 2721 2849 fratresque
2746 2779 2923 2844 illius,
2972 2793 3097 2833 cum
3137 2776 3459 2847 iuramentis
3486 2778 3701 2840 habita,

2119 2872 2212 2927 sed
2244 2871 2402 2927 modo
2427 2880 2681 2942 corrupta
2711 2873 3073 2926 reformentur
3099 2911 3114 2934 ,
3165 2870 3280 2924 sine
3305 2870 3705 2924 cessationibns

2119 2964 2381 3018 labora‘te.
2429 2962 3021 3031 Commonete‘jugiter
3072 2961 3220 3015 illum
3263 2961 3417 3031 juxta
3460 2971 3704 3014 vestrum

2119 3054 2509 3114 ministerium.
2558 3062 2614 3107 et
2659 3062 2718 3107 ut
2761 3051 3082 3122 episcopalis
3130 3051 3181 3104 in
3206 3051 3359 3105 vobis
3404 3066 3511 3104 non
3547 3049 3705 3102 refri-

2120 3152 2304 3213 gescat
2329 3142 2590 3206 charitas,
2619 3141 2916 3211 providete.
2956 3139 3026 3194 Et
3051 3140 3095 3193 si
3122 3155 3243 3193 eum
3286 3138 3497 3192 salvum
3526 3139 3706 3191 consi-

2126 3242 2271 3287 stere
2296 3231 2477 3295 vultis,
2508 3239 2566 3284 ut
2599 3230 2747 3301 regni
2784 3226 2907 3297 jura
2932 3228 2999 3281 ad
3043 3244 3099 3282 se
3121 3231 3234 3281 non
3259 3227 3588 3296 pertinentia
3620 3227 3707 3278 de—

2127 3327 2284 3380 sistat
2351 3324 2642 3387 invadere,
2724 3330 3023 3393 opportune
3082 3319 3388 3389 importune
3452 3318 3704 3372 insistite.

2124 3416 2315 3471 Aliena
2344 3431 2451 3469 non
2475 3414 2844 3482 concupiscat,
2893 3410 3065 3465 aliena
3092 3426 3200 3464 non
3230 3409 3433 3477 rapiat,
3479 3420 3539 3463 et
3569 3408 3707 3477 quod

2124 3509 2224 3565 sibi
2253 3524 2357 3562 non
2402 3506 2517 3560 vult
2544 3505 2657 3559 fieri
2679 3546 2693 3570 ,
2738 3504 2827 3559 alii
2853 3517 3075 3574 prorsus
3103 3517 3211 3556 non
3248 3500 3429 3555 faciat.
3466 3499 3705 3554 Reminiv

2108 3609 2313 3655 [scatur
2372 3596 2667 3669 Scripturae
2712 3594 2942 3649 dicentis
2984 3610 2997 3646 :
3051 3592 3173 3673 Non
3220 3590 3554 3658 concupisces
3604 3605 3705 3641 mn

2124 3689 2352 3761 proximi
2376 3689 2453 3742 tui
2484 3687 2679 3758 (Exod.
2707 3686 2798 3758 xx)
2827 3703 2841 3753 ;
2872 3693 2925 3741 et
2957 3698 3207 3739 rursum:
3241 3681 3433 3736 Omnia
3453 3697 3703 3752 qna-cun-

2123 3797 2223 3851 que
2252 3778 2405 3833 t’uftis
2429 3788 2483 3831 ut
2511 3778 2710 3846 faciant
2740 3776 2879 3829 vobis
2908 3775 3168 3837 homines,
3216 3771 3398 3825 eadem
3435 3779 3481 3823 et
3508 3787 3598 3824 eos
3623 3769 3698 3835 fa-

2126 3873 2225 3927 cite
2247 3871 2354 3925 illis
2383 3868 2597 3940 (Matth.
2627 3866 2747 3938 vn).
2800 3866 2907 3921 Nos
2936 3866 3077 3919 enim
3108 3879 3213 3918 non
3238 3872 3445 3917 tantum
3482 3875 3707 3931 regnum

2126 3963 2428 4029 cuicunque
2458 3958 2722 4029 augendo,
2749 3972 2912 4026 quam
2939 3953 3202 4025 justitiam
3233 3952 3583 4021 requirendo,
3609 3950 3709 4003 ista

2126 4053 2527 4124 prosequimur,
2572 4059 2627 4105 ct
2652 4066 2719 4104 ne
2758 4050 2880 4118 quis
2904 4063 2999 4119 pro
3029 4045 3309 4115 temporali
3342 4048 3571 4113 regnum
3594 4056 3711 4119 per-

2128 4146 2225 4200 dat
2254 4153 2536 4207 aeternum,
2565 4158 2674 4196 non
2702 4140 2941 4195 indebite
2971 4148 3360 4194 contestamur.
3402 4133 3557 4200 Quod
3587 4132 3632 4185 si
3658 4140 3713 4184 et

2131 4250 2279 4290 nunc
2309 4234 2394 4290 nis
2439 4224 2746 4288 salubribus
2792 4229 2995 4284 nostris
3035 4223 3502 4281 exhortationibus
3552 4232 3713 4288 atque

2125 4323 2516 4380 monitionibus
2558 4331 2666 4376 tam
2710 4319 2824 4389 jam
2870 4319 3011 4373 fatus
3056 4332 3148 4371 rex
3185 4331 3345 4383 quam
3388 4328 3486 4368 vos
3520 4325 3713 4383 parcre

2126 4412 2598 4482 contempseritis;
2648 4411 2842 4467 scitote
2883 4410 3009 4480 quia
3040 4407 3185 4462 ducti
3227 4416 3450 4476 paterno
3478 4402 3673 4459 affectu
3697 4443 3711 4467 ,

2129 4504 2641 4571 ferventissimoque
2672 4501 2790 4556 zelo
2809 4499 3054 4570 justitiie,
3094 4498 3302 4561 statim,
3346 4494 3566 4550 Christo
3593 4496 3707 4563 opi-

444 4595 661 4648 Christo
694 4609 835 4647 nunc
880 4600 932 4647 et
966 4607 1181 4661 semper
1212 4590 1350 4645 bene
1380 4589 1579 4645 valere.
1610 4588 1744 4643 Data
1777 4604 1806 4641 v
1833 4586 2026 4640 Kalcn-
2057 4566 2103 4623 Ῑ)
2130 4595 2232 4650 ﬁce
2252 4635 2266 4660 ,
2311 4602 2494 4664 partes
2525 4592 2643 4647 illas
2664 4591 3066 4662 penetrabimus
3089 4629 3102 4652 ,
3148 4599 3203 4641 ct.
3232 4588 3285 4640 in
3312 4594 3712 4654 contemptores

447 4690 542 4743 das
563 4687 710 4753 Julii,
742 4688 1034 4743 indictione
1062 4703 1143 4741 ιιι.

1156 4821 1324 4876 XXV.

573 4952 643 4992 an
678 4950 957 4993 senseoros
992 4953 1044 4991 IN
1082 4951 1257 4992 asoso
1288 4933 1478 4991 εΑιιοιί
1514 4948 1903 4991 consrrruros.

1053 5052 1244 5122 (Anno
1276 5051 1400 5107 870.
1419 5050 1438 5123 )

452 5149 517 5222 Ut
547 5184 715 5239 regem
752 5174 994 5239 moneant
1016 5205 1031 5229 ,
1069 5174 1133 5239 Διιι
1158 5181 1189 5239 ᾳ
1222 5181 1378 5234 regno
1405 5164 1640 5239 Letharii
1666 5163 1949 5227 abstineat,
1982 5172 2029 5217 et

837 5236 1034 5305 legatos
1062 5233 1605 5304 benigne'suscipiant.

522 5367 799 5421 ADRIANUS
823 5366 1144 5434 episcopus.
1189 5361 1385 5418 servus
1402 5379 1678 5419 servorum
1709 5365 1824 5429 Dei,
1873 5380 2030 5420 reve-

452 5437 775 5490 l'eulissimis
815 5446 866 5488 et
900 5434 1257 5489 sanctissimis
1304 5434 1670 5488 confratribus
1713 5436 1915 5489 nostris
1944 5450 2031 5489 ar-

450 5506 806 5575 Cizicpiscupis
854 5514 909 5575 et
954 5504 1221 5575 episcopis
1267 5504 1319 5558 in
1373 5518 1537 5574 regno
1590 5502 1767 5559 Caroli
1812 5504 2026 5575 gloriosi

454 5571 595 5645 regis
623 5571 954 5631 conStitutis.

526 5668 706 5757 Nuper
750 5689 1080 5757 apostolatus
1143 5689 1311 5744 nostri
1360 5688 1542 5743 missis
1584 5698 1743 5757 atque
1794 5688 2032 5758 epistolis

459 5781 813 5857 reverentiam
849 5791 1083 5837 vestram
1124 5772 1416 5840 salutiferis
1448 5783 1942 5849 exhortationilms,
1978 5790 2033 5834 ut

2132 4676 2347 4757 dignam
2406 4683 2654 4739 dabimus
2699 4681 2976 4736 ultionem.
3039 4679 3320 4733 Postremo
3382 4688 3711 4745 magnopere

2129 4790 2539 4831 commonemus
2587 4781 2646 4827 ut
2689 4773 2788 4827 hos
2818 4771 3149 4841 apostolatus
3196 4767 3365 4821 nostri
3410 4767 3713 4836 praecipuos

2132 4881 2349 4931 missos,
2376 4864 2636 4920 Joannem
2679 4861 2948 4926 videlicet,
2981 4870 3139 4929 atque
3165 4859 3407 4921 Petrum,
3438 4871 3532 4911 seu
3562 4854 3710 4907 Will-

2131 4958 2328 5013 bodum
2354 4966 2409 5011 et
2435 4954 2697 5010 Joannem
2720 4952 3044 5008 reverendos
3065 4951 3369 5020 episcopos,
3399 4962 3497 5001 nec
3524 4962 3632 4998 non
3660 4953 3713 4996 et

2132 5046 2350 5104 Petrum
2376 5047 2683 5115 religiosum
2712 5044 3084 5115 presbyterum
3118 5040 3356 5097 cardinis
3384 5038 3586 5099 nostri,
3634 5035 3712 5088 di-

2133 5137 2441 5206 lectumque
2477 5144 2720 5190 nostrum
2747 5133 3089 5196 familiarem,
3120 5146 3219 5202 pro
3246 5128 3548 5200 principum
3580 5140 3710 5193 apo-

2134 5229 2395 5285 stolorum
2457 5228 2525 5282 ab
2586 5226 2836 5282 onmibus
2886 5223 3218 5293 praeferenda
3286 5216 3587 5274 reverentia
3658 5225 3709 5268 et

2136 5335 2344 5384 amore,
2390 5319 2622 5389 benigne
2648 5315 2953 5385 suscipiatis
2973 5355 2987 5380 ,
3036 5323 3090 5367 et
3127 5320 3311 5381 utpote
3336 5326 3365 5363 a
3394 5316 3541 5362 tanta
3584 5305 3713 5360 sede

2137 5413 2440 5482 digressos,
2498 5407 2795 5462 honorifice
2844 5413 3088 5475 receptos
3136 5402 3341 5457 colatis.
3386 5398 3521 5469 Ipsis
3561 5396 3708 5450 enim

2134 5524 2253 5578 quae
2287 5507 2481 5578 pagina
2511 5503 2756 5566 reticuit,
2805 5501 2958 5563 vobis
2998 5498 3219 5553 dicenda
3248 5494 3594 5565 injunximus.
3646 5489 3702 5542 Et

2137 5598 2256 5651 ideo
2281 5594 2540 5665 quidquid
2568 5592 2894 5647 verbotenus
2922 5587 3284 5657 exposucrint,
3315 5584 3429 5635 sine
3458 5578 3708 5648 scrupulo

2136 5706 2355 5759 prorsus
2389 5687 2685 5749 admittite,
2729 5694 2782 5739 et
2814 5692 2871 5735 ut
2898 5680 3143 5735 ellicaces
3180 5678 3245 5730 ad
3273 5691 3369 5727 nus
3395 5671 3588 5727 reverti
3622 5684 3711 5719 va-

2139 5787 2313 5847 leant,
2383 5778 2706 5834 omnimodis
2750 5776 2985 5845 vigilate.
3060 5770 3318 5840 Optamus
3372 5764 3709 5819 sanctitatem
