3978 6160
403 374 532 429 1501

1610 381 1966 441 ΕΡΙΞΤΟΙηΕ
2009 382 2095 436 ΕΤ
2136 383 2474 467 υιξΟΒΕΤᾹ.

3526 383 3665 435 ιῆιιὲ

404 510 639 556 vestram
689 501 741 555 in
790 501 1006 558 Christo
1051 503 1188 559 bene
1244 502 1442 557 valere.
1496 503 1625 555 Data
1653 517 1683 554 v
1726 498 1990 553 Kalendas
2019 502 2065 557 A
2096 513 2201 553 non
2233 500 2466 563 feriaris,
2494 513 2760 568 praecave.
2787 500 2920 566 Quia
2945 516 3117 570 neque
3154 510 3226 566 tn,
3260 502 3348 571 qui
3376 501 3583 558 honore
3610 515 3665 559 et

405 588 554 656 Julii,
585 590 875 646 indictione
904 607 985 645 ιιι.

1096 681 1287 736 XXVI.

548 811 615 853 Αἰ)
644 810 956 849 ΒίΝΟΜΑΒΙῙΜ
992 808 1442 849 Αιιοιιιειιιδοορωι
1493 808 1831 851 RHEMENSEM.

1002 907 1180 979 (Anno
1215 906 1364 978 870.)

403 1007 590 1089 Arguit
629 1018 975 1073 Hincmarum
996 1020 1135 1088 quod
1170 1017 1420 1073 Carolum
1444 1036 1612 1086 regem
1650 1037 1680 1072 (ι
1709 1020 1850 1087 regni
1882 1017 1984 1070 Lo-

481 1090 641 1159 tltart'i
671 1090 975 1159 pervasione
998 1104 1102 1141 non
1135 1089 1419 1159 revocarit,
1454 1090 1741 1157 litterisque
1783 1100 1984 1157 aposto-

476 1158 590 1211 licis
613 1156 715 1210 non
743 1159 1085 1223 rescripserit.
1126 1156 1391 1210 Hortatur
1418 1169 1473 1210 ut
1499 1156 1665 1227 regem
1690 1159 1753 1210 ab
1778 1176 1836 1211 eo
1863 1174 1986 1227 eone

478 1228 595 1280 silio
622 1228 898 1292 deterreat,
924 1238 972 1280 et
1009 1227 1143 1281 alios
1165 1228 1360 1297 legatos
1383 1244 1445 1281 ea
1466 1229 1530 1281 de
1556 1226 1715 1282 causa
1733 1230 1917 1280 missos
1938 1226 1985 1279 ei

471 1298 825 1350 commendat.

473 1407 750 1461 Anniasus
777 1406 1086 1477 episcopus,
1143 1422 1336 1462 servus
1373 1423 1654 1463 servorum
1688 1407 1801 1470 Dei,
1829 1422 1985 1462 reve-

403 1498 714 1552 rentissimo
739 1506 795 1551 et
825 1499 1171 1553 sanctissimo
1196 1500 1458 1554 confratri
1481 1509 1671 1554 nostro
1697 1499 1984 1555 HINCMABO

404 1590 694 1644 Rhemensi
721 1591 1146 1661 archiepiscopo.

474 1679 531 1734 Si
556 1681 941 1735 beneliciorum
967 1679 1200 1744 Domini,
1227 1695 1346 1747 quae
1382 1680 1526 1735 sedis
1554 1680 1867 1751 apostolicae
1898 1681 1981 1733 in-

400 1762 598 1827 stantia
639 1780 962 1826 consecutus
1009 1786 1088 1834 es,
1138 1786 1347 1825 memor
1389 1786 1580 1836 esses;
1621 1782 1716 1826 aut
1744 1772 1788 1827 si
1818 1772 1889 1825 ita
1917 1772 1983 1825 de

1998 662 2008 672 .
2088 589 2355 658 dignitate
2384 591 2593 645 c:eteris
2622 590 2761 646 illius
2802 593 2953 662 regni
2984 595 3250 664 episcopis
3274 612 3330 651 es
3356 596 3662 662 sublimior,

2088 680 2315 736 silentiis
2343 684 2570 751 opprimi
2625 684 2829 739 debes:
2870 701 3069 754 neque,
3120 688 3163 741 si
3213 705 3318 742 non
3362 690 3472 759 regi
3501 704 3665 758 prave

2086 771 2264 839 agenti
2297 774 2581 837 restiteris,
2604 789 2789 828 coram
2821 775 2974 830 nobis
2993 778 3320 833 excusabilis
3354 780 3557 847 poteris
3581 780 3664 832 in-

2086 863 2280 916 veniri.
2320 863 2476 917 Mone
2511 864 2675 934 igitur
2718 874 2923 920 eumut
2958 882 3015 920 se
3044 868 3298 938 corrigat,
3335 886 3665 940 regnumque

2087 956 2356 1023 quondam
2411 956 2651 1010 Lotharii
2706 958 3068 1027 imperatoris,
3113 960 3255 1029 quod
3294 963 3360 1015 ad
3404 980 3525 1016 eum
3556 974 3662 1017 non

2086 1049 2344 1118 pertinet,
2377 1050 2630 1103 invadere
2654 1050 2767 1119 jam
2798 1051 3041 1105 desistat.
3073 1052 3192 1124 Jatu
3229 1070 3377 1117 vero,
3410 1056 3453 1108 si
3482 1056 3531 1109 in
3565 1058 3663 1109 ob-

2087 1140 2394 1194 stinationis
2422 1158 2533 1194 sua:
2569 1142 2792 1209 perﬁdia
2843 1152 2964 1212 post
2994 1152 3226 1196 vestram
3253 1147 3665 1199 conventionem

2086 1229 2379 1298 persistere
2410 1230 2680 1291 tnaluerit,
2713 1246 2872 1298 quam
2915 1231 3069 1298 juxta
3097 1242 3278 1287 nostra
3311 1236 3511 1288 monita
3538 1238 3669 1291 resi-

2086 1321 2313 1390 piscere,
2339 1323 2406 1376 ab
2444 1323 2584 1376 illius
2612 1338 2707 1377 vos
2750 1326 3131 1378 connnunione
3176 1336 3338 1394 atque
3387 1329 3666 1382 consortio

2088 1421 2448 1479 sequestrate,
2497 1422 2552 1466 et
2600 1415 2890 1467 secundum
2932 1414 3268 1484 Apostolum,
3316 1432 3417 1471 nec
3463 1418 3575 1472 Ave
3616 1420 3663 1473 ei

2087 1500 2329 1556 dicentes
2357 1502 2441 1569 (II
2468 1502 2626 1556 Joan.
2655 1506 2733 1568 xi,
2764 1504 2809 1558 si
2847 1516 3044 1558 nostra:
3074 1508 3473 1562 communionis
3504 1509 3666 1564 vultis

2086 1605 2206 1645 esse
2253 1593 2568 1662 participes,
2620 1596 2958 1664 pra-sentiam
3006 1596 3122 1663 ejus
3179 1599 3355 1653 modis
3413 1602 3666 1657 omnibus

2087 1680 2342 1737 devitate.
2377 1684 2510 1737 Nam
2562 1694 2617 1739 et
2666 1702 2763 1741 nos
2815 1687 2889 1741 ita
2927 1689 3349 1759 uniuscujusque
3398 1690 3663 1754 justitiam

2088 1770 2336 1826 volumus
2365 1781 2420 1827 et
2446 1775 2800 1844 exquirimus,
2844 1786 2901 1831 ut
2932 1778 2975 1832 si
3008 1779 3147 1833 idem
3184 1795 3275 1833 rex
3315 1782 3514 1834 nostris
3538 1798 3668 1850 apo-

401 1863 653 1932 proximi,
688 1863 833 1917 sicut
859 1861 927 1916 de
956 1863 1210 1932 prepriis,
1250 1863 1467 1918 casibus
1490 1861 1644 1930 juxta
1672 1864 1816 1932 quod
1847 1864 1979 1917 scri-
2012 1840 2057 1898 Β
2086 1863 2290 1919 stolicis
2342 1867 2814 1922 exhortationibus
2843 1910 2857 1933 ,
2909 1869 3323 1942 salubribusque
3373 1875 3661 1943 praeceptis

401 1962 548 2023 ptum
576 1963 660 2007 est
688 1953 1023 2018 condoleres,
1057 1953 1302 2022 profecto
1329 1960 1423 2007 aut
1464 1969 1620 2008 amor
1650 1954 1765 2019 Dei,
1800 1946 1892 2007 aut
1921 1954 1981 2007 tio

399 2058 521 2098 mor
549 2044 830 2112 gehennae,
870 2043 937 2097 ad
968 2043 1256 2112 pastoralis
1285 2058 1429 2097 cura:
1470 2043 1828 2097 ministerium
1852 2059 1979 2112 pcr-

398 2137 672 2206 agendum
715 2151 743 2187 a
792 2150 982 2189 somno
1009 2134 1226 2189 desidia:
1257 2134 1541 2197 excitaret,
1574 2142 1629 2188 et
1671 2133 1737 2187 ad
1767 2150 1981 2187 annun-

398 2226 640 2291 tiandum
687 2226 872 2297 iniquo
939 2226 1280 2295 iniquitatem
1338 2241 1493 2279 suam
1550 2225 1634 2280 vel
1706 2226 1979 2280 modicum

398 2318 677 2373 invitaret.
705 2316 812 2371 Sed
835 2326 893 2371 ut
919 2316 973 2372 in
1002 2315 1186 2371 multis
1212 2317 1506 2376 cernimus.
1530 2315 1755 2370 etoculo
1785 2316 1983 2370 mentis

400 2417 598 2463 nostra:
627 2405 992 2476 conspicimus
1021 2444 1035 2470 ,
1070 2406 1381 2460 abundante
1410 2405 1721 2474 iniquitate,
1750 2413 1805 2459 et
1837 2405 1979 2458 mul-

402 2506 577 2551 torum
610 2496 877 2551 charitate
924 2494 1300 2566 refrigerante,
1345 2496 1446 2565 ipsi
1493 2504 1740 2564 pastores
1769 2511 1981 2550 merce-

396 2588 676 2644 nariorum
700 2603 905 2642 morem
958 2596 1280 2657 sequuntur,
1319 2587 1412 2657 qui
1452 2587 1639 2641 vident
1672 2586 1857 2655 lupum
1886 2600 1979 2640 ve—

399 2678 662 2742 nientem,
710 2686 766 2730 et
807 2677 1086 2731 dimittunt
1134 2691 1295 2742 oves,
1349 2687 1404 2731 et
1448 2676 1676 2746 fugiunt.
1728 2674 1976 2730 Primum

400 2780 583 2825 tamen
616 2770 894 2826 reminisci
932 2770 1115 2834 debes,
1167 2771 1210 2826 si
1260 2785 1498 2839 unquam
1527 2768 1841 2840 apostolicis
1862 2770 1979 2840 epi-

399 2860 555 2916 stolis
574 2875 680 2915 non
704 2862 1027 2931 rescriptum
1044 2863 1138 2927 sit,
1152 2871 1207 2917 et
1229 2846 1678 2917 convenientibus
1706 2862 1982 2931 responsis

398 2954 466 3008 de
495 2955 725 3024 negotiis
763 2954 905 3010 unde
935 2956 1197 3027 agebatur
1223 2995 1239 3019 ,
1283 2953 1592 3024 apostolicae
1634 2955 1751 3009 sedi
1790 2955 1981 3010 remis-

397 3057 518 3097 sum
543 3061 556 3097 :
583 3044 742 3098 sicuti
775 3053 921 3099 tuam
946 3045 1304 3103 reverentiam
1328 3060 1429 3115 pro
1451 3053 1639 3099 nostro
1661 3053 1979 3114 contemptu

396 3136 591 3190 fecisse
638 3138 851 3206 penitus
896 3146 1132 3201 constat,
1173 3138 1389 3208 quando
1424 3152 1595 3208 nuper
1624 3152 1721 3208 per
1762 3146 1978 3192 nostros

398 3225 597 3280 missos
630 3225 681 3278 in
712 3224 1009 3281 Galliarum
1037 3235 1219 3296 partes
1241 3226 1498 3294 epistolas
1543 3235 1653 3280 tam
1686 3227 1782 3281 tibi
1812 3242 1976 3296 quam

397 3318 522 3372 aliis
552 3318 964 3383 destinavimus,
997 3326 1053 3372 et
1085 3317 1290 3372 nullum
1320 3318 1446 3373 inde
1475 3334 1795 3389 responsum
1825 3335 1981 3374 rece-

399 3399 595 3478 pimus.
621 3407 728 3463 Sed
754 3408 880 3478 quia
903 3408 1075 3463 dehis
1103 3408 1210 3463 alio
1232 3408 1353 3463 loco
1372 3408 1658 3464 dicendum
1680 3419 1783 3475 est,
1811 3419 1982 3466 restat

402 3509 463 3558 ut
489 3500 555 3555 de
588 3500 693 3558 tuis
722 3500 934 3554 actibus
964 3514 1059 3569 per
1075 3499 1367 3568 justitiam,
1391 3514 1457 3554 ex
1480 3501 1745 3555 charitate
1775 3510 1979 3568 tamen,

404 3590 804 3658 reprehendere
833 3604 940 3643 non
980 3588 1314 3644 omittamus.
1352 3589 1484 3656 Quis
1514 3590 1676 3660 igitur
1709 3591 1900 3647 melius
1931 3603 1982 3648 te

400 3681 570 3745 novit,
599 3680 742 3750 quod
791 3679 884 3735 lilii
917 3680 1191 3749 quondam
1219 3680 1481 3734 Ludovici
1526 3681 1893 3750 imperatoris,
1927 3683 1980 3736 in

401 3788 568 3828 unum
615 3773 999 3831 convenientes
1060 3787 1284 3842 regnum
1338 3772 1481 3827 inter
1532 3787 1591 3827 se
1640 3773 1980 3840 diviserunt,

396 3857 621 3930 iureque
635 3861 869 3931 jurando
889 3861 992 3916 sibi
1021 3860 1256 3915 invicem
1306 3860 1691 3929 promiserunt,
1717 3871 1776 3914 ut
1803 3861 1983 3917 nullus

400 3968 589 4007 eorum
645 3968 869 4024 regnum
918 3952 1141 4009 alterius
1191 3952 1380 4008 fratris
1416 3954 1518 4008 sibi
1554 3963 1863 4024 usurparet,
1893 3964 1985 4010 aut

401 4045 622 4101 omnino
643 4032 995 4114 pervaderet?
1021 4053 1076 4099 et
1109 4053 1236 4100 tunc
1265 4044 1492 4099 Carolus
1515 4061 1629 4108 rex,
1666 4061 1980 4100 sacramen-

404 4134 474 4187 tis
509 4134 613 4187 illis
639 4135 983 4204 contemptis,
1026 4150 1269 4205 regnum,
1318 4135 1482 4204 quod,
1520 4134 1779 4190 Lothario
1812 4136 1983 4204 impe-

403 4229 584 4278 ratore
606 4223 880 4289 defuncto,
907 4224 1126 4278 domino
1149 4225 1500 4282 serenissimo
1527 4225 1841 4296 imperatori
1870 4227 1983 4282 filio

402 4312 520 4381 ejus
545 4315 788 4380 debetur,
824 4316 1049 4382 invasit,
1078 4324 1133 4370 et
1172 4315 1333 4371 ﬁdem
1364 4316 1599 4372 debitam
1631 4318 1872 4373 violavit.
1902 4318 1983 4373 Tu

402 4422 556 4470 vero,
584 4408 709 4477 quia
761 4407 977 4472 siluisti,
1009 4417 1063 4463 et
1086 4418 1276 4464 contra
1306 4409 1412 4463 tale
1440 4408 1650 4465 facinus
1680 4410 1872 4466 saltem
1900 4410 1980 4465 le-

2084 1969 2212 2008 mox
2236 1956 2504 2024 susceptis
2540 1957 2626 2011 his
2666 1957 2861 2012 litteris
2907 1976 3012 2013 non
3049 1961 3337 2025 obedierit,
3362 1970 3416 2015 et
3445 1978 3473 2015 a
3500 1964 3666 2018 tantis

2086 2046 2384 2114 tyraunieis
2413 2045 2744 2102 factionibus
2795 2064 2900 2104 non
2950 2051 3325 2117 declinaverit,
3377 2052 3667 2119 adjuvante

2083 2132 2215 2197 Deo,
2244 2150 2344 2188 nec
2373 2150 2544 2200 mora,
2576 2135 2833 2190 continuo
2875 2137 2979 2191 iter
3024 2149 3269 2192 nostrum
3300 2151 3517 2195 nostros
3538 2142 3668 2195 sub-

2084 2234 2340 2294 sequctur
2393 2226 2619 2297 legatos,
2662 2236 2715 2282 et
2756 2226 3018 2297 quidquid
3066 2230 3134 2283 de
3174 2231 3367 2286 talibus
3397 2234 3669 2301 tantisque

2081 2316 2241 2382 viris,
2272 2316 2439 2381 Deum
2493 2332 2592 2386 per
2628 2334 2726 2373 nos
2754 2319 2977 2372 omnino
3016 2321 3417 2389 spernentibus,
3452 2331 3667 2391 oportet

2082 2421 2364 2476 peragere,
2399 2407 2760 2475 praeveniente
2798 2409 2972 2478 gratia
3015 2410 3189 2462 sancti
3233 2410 3492 2478 Spiritus,
3518 2425 3660 2480 pra:-

2082 2493 2389 2549 sentialiter
2438 2510 2780 2567 peragemus,
2814 2497 2964 2551 nullo
3007 2506 3183 2567 pacto,
3217 2499 3471 2568 nulloque
3494 2511 3668 2555 retra-

2083 2582 2341 2638 ctationis
2363 2584 2768 2654 impedimento,
2806 2586 2933 2641 talia
2961 2588 3077 2642 sine
3102 2588 3305 2643 ultione
3332 2590 3491 2660 digna
3523 2607 3664 2661 prae-

2083 2675 2462 2730 termittentes.
2496 2675 2779 2731 Postremo
2812 2694 3137 2749 magnopere
3178 2696 3586 2737 commonemus
3610 2692 3668 2737 ut

2082 2763 2183 2819 hos
2214 2765 2545 2834 apostolatus
2570 2767 2744 2821 nostri
2787 2769 3087 2838 prmcipuos
3137 2770 3352 2835 missos,
3402 2770 3668 2826 Joannem

2079 2855 2352 2921 videlicet,
2386 2867 2546 2928 atque
2595 2857 2813 2913 Petrum
2840 2899 2855 2925 ,
2909 2875 3003 2914 seu
3036 2860 3385 2929 Wibbodum,
3414 2873 3472 2917 et
3500 2863 3662 2919 Joan-

2080 2963 2227 3011 nem,
2251 2950 2574 3005 reverendos
2594 2951 2894 3021 episcopos,
2922 2967 3021 3007 nec
3053 2968 3159 3007 non
3192 2963 3246 3008 et
3277 2953 3497 3009 Petrum
3531 2954 3661 3008 reli-

2078 3037 2286 3110 giosum
2334 3040 2712 3110 presbyterum
2764 3042 3004 3097 cardinis
3048 3045 3238 3106 nostri,
3295 3044 3659 3115 dilectumque

2081 3139 2325 3184 nostrum
2355 3130 2699 3197 familiarem,
2731 3149 2830 3203 pro
2867 3135 3169 3204 principum
3196 3136 3564 3205 apostolorum
3591 3138 3661 3192 ab

2084 3224 2334 3279 erunibus
2371 3224 2704 3294 praeferenda
2761 3230 3062 3298 reverentia
3102 3238 3156 3282 et
3186 3243 3390 3293 arnore,
3437 3230 3669 3299 benigne

2083 3315 2369 3385 suscipias,
2387 3324 2443 3370 et
2465 3326 2650 3385 utpote
2670 3332 2700 3371 a
2726 3326 2871 3372 tanta
2899 3322 3024 3373 sede
3048 3318 3338 3387 digressos,
3367 3320 3666 3374 honorifice

2084 3415 2332 3475 receptos
2359 3407 2525 3461 colas.
2555 3407 2690 3477 Ipsis
2717 3409 2861 3463 enim
2904 3422 3024 3478 quae
3064 3410 3258 3479 pagina
3290 3410 3530 3474 reticuit,
3566 3410 3662 3464 tibi

2085 3497 2311 3552 dicenda
2358 3497 2711 3566 injunximus.
2763 3498 2831 3552 Et
2879 3499 2997 3553 ideo
3036 3500 3296 3569 quidquid
3342 3499 3666 3554 verbotenus

2084 3587 2448 3656 esposuerint,
2499 3589 2618 3643 sine
2663 3587 2918 3657 scrupulo
2957 3603 3185 3658 prorsus
3230 3588 3474 3651 admitte,
3507 3594 3562 3641 et
3601 3596 3662 3641 ιιι

2083 3675 2325 3732 elIicaces
2361 3677 2430 3731 ad
2466 3692 2563 3731 nos
2594 3678 2793 3731 reverti
2848 3678 3082 3740 valeant,
3124 3676 3451 3730 omnimodis
3476 3674 3658 3745 vigila.

2085 3764 2348 3833 Optamus
2392 3766 2733 3820 sanctitatem
2769 3774 2915 3821 tuam
2967 3765 3022 3819 in
3050 3765 3267 3821 Christo
3299 3766 3435 3821 bene
3460 3765 3662 3820 valere.

2086 3855 2221 3910 Data
2242 3872 2274 3909 v
2296 3856 2564 3911 Kalendas
2586 3854 2736 3922 Julii,
2769 3856 3060 3911 indictione
3086 3873 3168 3912 ιιι.

2777 3967 2990 4023 XXVII.

2369 4076 2437 4113 ΔΙ)
2478 4074 2748 4115 I‘ROCERES
2793 4074 2950 4114 Ill-3081
2977 4074 3168 4114 CAROLI
3211 4075 3386 4115 CALVI.

2695 4172 2874 4246 (Anno
2912 4172 3062 4242 870.)

2298 4292 2498 4346 Eodem
2519 4308 2636 4361 qua:
2664 4291 2718 4344 in
2739 4289 2956 4361 epistola
2970 4288 3041 4342 25
3067 4288 3136 4342 ad
3168 4287 3449 4357 ρμὶδεοροε.

2157 4408 2433 4462 Annuxus
2466 4406 2775 4476 episc0pus,
2810 4420 2998 4460 servus
3029 4417 3308 4458 servorum
3338 4401 3453 4466 Dei,
3485 4401 3665 4456 oxnni«

320 4524 323 4525 ν
401 4498 543 4550 viter
567 4512 672 4553 non
691 4498 1056 4563 iusurrexisti,
1081 4514 1189 4553 non
1215 4498 1388 4553 solum
1415 4502 1768 4566 consors,sed
1793 4503 1981 4569 etiam,
2012 4530 2062 4590 υ
2087 4499 2187 4553 bus
2216 4498 2563 4566 eptimatibus
2588 4496 2737 4565 regni
2766 4494 2942 4550 Caroli
2966 4493 3184 4564 gloriosi
3218 4492 3379 4561 regis.

403 4586 547 4655 quod
570 4594 654 4640 est
676 4586 932 4650 deterius,
962 4585 1120 4653 hujus
1146 4587 1447 4656 tyrannidis
1472 4598 1662 4643 auctor
1683 4605 1805 4645 esse
1823 4592 1969 4646 vide-

405 4678 500 4731 ris.
533 4676 602 4730 Et
632 4677 771 4741 ideo,
808 4692 876 4732 ne
895 4686 950 4731 et
976 4678 1177 4745 nosipsi
1204 4693 1302 4746 pro
1345 4680 1733 4733 taciturnitatis
1763 4681 1981 4737 silentio

404 4767 545 4834 apud
573 4766 742 4819 Deum
771 4766 1096 4821 redditorem
1126 4767 1416 4837 unicuique
1445 4768 1602 4835 juxta
1637 4784 1774 4838 opus
1798 4786 1979 4836 suum,

407 4856 859 4924 reprehensibiles
903 4873 1022 4911 esse
1072 4857 1373 4921 videamur,
1417 4859 1726 4928 apostolicis
1754 4876 1979 4916 somno-

402 4948 625 5002 lentiam
673 4957 907 5003 vestram
962 4949 1264 5004 excitamus
1299 4949 1568 5011 affatibus,
1610 4960 1664 5004 et
1703 4951 1792 5019 qui
1818 4952 1981 5005 aliter

408 5054 514 5091 non
552 5038 842 5102 debemus,
876 5048 933 5093 ut
964 5040 1030 5092 ad
1062 5047 1112 5092 te
1145 5040 1432 5094 revertaris
1474 5041 1836 5110 prazcipin‘tus.
1879 5042 1991 5097 Me-

406 5136 590 5180 mento
619 5127 760 5195 quod
794 5127 1053 5183 Dominus
1090 5128 1223 5182 tales
1260 5143 1357 5197 per
1389 5129 1711 5198 prophetam
1740 5129 1988 5199 increpet

406 5216 595 5271 dicens
623 5234 636 5270 :
669 5217 793 5272 Non
831 5218 1139 5272 ascendistis
1184 5235 1250 5271 ea:
1278 5212 1515 5280 adverso,
1547 5234 1709 5286 neque
1738 5218 1985 5287 opposui-

406 5309 502 5364 sti:
530 5326 737 5363 ntumm
764 5326 859 5380 pro
889 5310 1043 5365 domo
1069 5310 1260 5375 Israel,
1306 5320 1360 5363 ut
1407 5310 1613 5363 starelis
1650 5311 1701 5362 in
1728 5310 1912 5378 pra'lio
1933 5310 1986 5364 in

411 5402 497 5455 die
529 5401 737 5455 Domini
763 5401 981 5471 (Ezeclt.
1014 5404 1158 5472 xm).
1192 5392 1456 5468 Quocirca
1495 5410 1553 5454 ut
1591 5402 1659 5455 ab
1705 5402 1987 5457 invasione

412 5493 565 5562 regni
613 5493 873 5563 spiritalis
918 5494 1015 5548 lilii
1062 5494 1248 5573 nostri.
1275 5493 1534 5548 Ludovici
1574 5493 1835 5562 principis
1890 5509 1987 5547 rex

411 5595 592 5640 vester
632 5586 744 5655 jam
786 5587 946 5642 tertio
981 5588 1215 5642 monitus
1261 5586 1448 5655 procul
1487 5585 1723 5648 recedat,
1762 5585 1982 5648 insiste;

414 5686 472 5729 ut
501 5676 731 5745 amplius
780 5675 1075 5745 perjurium
1115 5678 1520 5737 ιιοιι,ἱιιοιιιϊ;ιι,
1570 5675 1808 5743 invigila,
1846 5683 1987 5727 etut

412 5784 513 5838 pro
546 5777 690 5821 retro
742 5769 910 5837 culpis
954 5769 1183 5837 peractis
1213 5768 1542 5838 apostolatus
1584 5766 1750 5819 tiostt‘i
1792 5766 1987 5835 jacttlis

2158 4587 2340 4657 Nuper
2386 4587 2718 4658 apostolatus
2768 4586 2937 4641 nostri
2995 4584 3177 4639 missis
3218 4591 3380 4651 atque
3428 4580 3671 4649 epistolis

2088 4680 2451 4734 reverentiam
2491 4688 2727 4731 vestram
2758 4675 3054 4730 salutiferis
3081 4673 3572 4734 exbortationilnts,
3610 4679 3668 4724 ut

2086 4766 2488 4835 vobismetipsis
2514 4765 2867 4820 consulerctis
2906 4764 3231 4825 monuimus,
3261 4761 3486 4831 etjuxta
3518 4760 3665 4828 quod

2090 4872 2184 4912 vos
2213 4857 2472 4925 oportuit,
2499 4855 2839 4923 paternitatis
2870 4852 3064 4909 aﬂ‘ectu
3104 4868 3209 4905 non
3247 4852 3519 4905 immerito
3541 4866 3665 4904 cor-

2095 4947 2374 5015 ripuimus.
2421 4943 2527 4998 Sed
2581 4953 2784 4998 tantum
2840 4941 3130 5013 apostolica
3172 4941 3373 4995 monita
3416 4947 3665 4995 contem-

2093 5039 2291 5106 psistis,
2339 5046 2599 5108 quantum
2646 5050 2747 5088 nec
2776 5033 2976 5087 nostris
3014 5031 3256 5100 epistolis
3291 5028 3663 5097 respondistis,

2094 5144 2192 5184 nec
2219 5144 2398 5199 regem
2430 5135 2670 5180 vestrum
2695 5122 2940 5177 Carolum
2965 5137 3125 5193 grave
3148 5120 3357 5173 facinus
3390 5118 3666 5179 incurren-

2095 5230 2202 5275 tem
2230 5218 2418 5289 procul
2453 5216 2617 5270 dubio
2662 5214 2929 5269 doluistis.
2982 5214 3063 5265 An
3116 5226 3221 5264 non
3280 5220 3444 5276 grave
3493 5207 3669 5281 scelus

2093 5312 2344 5375 incurrit,
2372 5309 2609 5377 quando,
2637 5307 2775 5362 sicut
2813 5306 2967 5359 multi
3000 5313 3235 5357 vestrum
3261 5307 3549 5362 noverunt,
3582 5299 3663 5352 sui

2090 5403 2321 5467 oblitus,
2346 5398 2741 5471 jusjurandum,
2787 5396 2928 5466 quod
2961 5394 3087 5448 olim
3120 5408 3241 5446 cum
3273 5391 3531 5445 fratribus
3553 5404 3665 5443 suis

2090 5494 2312 5564 pepigit,
2344 5507 2450 5561 quo
2500 5505 2660 5544 nemo
2688 5488 2902 5542 illorum
2953 5498 3174 5553 regnum
3222 5481 3404 5536 fratris
3443 5480 3668 5534 alterius

2091 5585 2372 5638 invaderet
2415 5580 2497 5635 vel
2551 5584 2857 5647 usurparet,
2900 5584 2959 5628 ut
2990 5572 3396 5628 evidentissime
3430 5576 3669 5640 patelac-

2095 5685 2204 5726 tum
2258 5681 2358 5736 est,
2416 5685 2636 5739 regnum
2691 5665 2960 5735 quondam
3010 5663 3249 5716 Lotltarii
3307 5661 3669 5730 llt’lpCl'ttlt)l‘.S,

2095 5765 2235 5836 quod
2285 5762 2405 5833 jure
2460 5763 2582 5817 divo
2636 5759 2949 5828 imperatori
2999 5757 3195 5810 domno
3253 5755 3520 5809 Ludovico
3567 5754 3674 5806 tilio
