3940 6168
319 387 461 444 1503

1667 379 1949 436 ΑῡιιιΑΝι
1988 376 2070 434 PA
2082 378 2193 435 ΡᾹΞ
2233 375 2273 433 Il

3478 361 3626 420 ISOJ

323 505 441 572 ejus
489 515 701 571 semper
742 500 985 570 Augusto
1035 498 1285 560 debetur,
1340 495 1538 565 spretis
1575 492 1901 563 juramentis
1931 496 1975 554 Α
2005 489 2271 545 laudanda
2293 497 2379 545 est
2407 488 2562 559 plane
2587 494 2768 543 vestra
2818 487 3149 554 constantia,
3180 503 3328 560 quae,
3366 489 3452 544 sui
3484 504 3601 545 non

325 594 545 657 invasit,
594 602 650 647 et
680 590 899 661 perjurii
936 589 1125 644 incidit
1151 587 1399 643 crimen?
1438 585 1592 642 Unde
1620 584 1777 639 valde
1807 585 1911 637 mi-

324 701 530 749 ramur,
578 681 1028 752 obstupescimns,
1062 688 1119 734 et
1143 678 1408 743 dolemus,
1438 686 1499 731 ut
1530 677 1577 731 si
1618 690 1717 730 vos
1747 674 1906 729 ﬁdem

326 777 403 831 illi
440 773 788 846 promisistis,
818 786 998 843 quare
1044 771 1404 839 vosmetipsos
1447 768 1671 839 perditis
1703 773 1760 821 et
1800 778 1906 818 non

324 881 449 921 eum
493 863 652 919 modo
681 862 1039 934 suggerendo,
1073 861 1235 916 modo
1279 859 1406 915 illud
1439 866 1535 913 aut
1564 857 1693 911 illud
1741 870 1909 926 oppo-

323 953 523 1019 nentm,
554 965 616 1008 ut
637 954 927 1023 resipiscat
953 951 1363 1007 circumvenitis
1392 963 1407 1004 :
1446 949 1578 1019 quin
1606 947 1787 1019 potius
1815 961 1909 1001 vo-

324 1045 409 1100 bis
428 1043 843 1109 cousentiendo,
871 1050 928 1098 et
966 1042 1041 1097 illi
1087 1050 1198 1096 tam
1242 1039 1587 1096 detestabilia
1629 1037 1905 1104 faciendo,

325 1135 469 1206 quod
491 1134 659 1190 vestri
690 1148 796 1188 non
828 1131 1008 1189 fecere
1036 1141 1312 1203 parentes,
1340 1132 1650 1202 gehennam
1676 1128 1906 1199 paratis.

323 1223 592 1280 Praefatur;
643 1224 910 1296 siquidem
953 1223 1272 1292 imperator,
1326 1231 1539 1277 terrena
1596 1233 1759 1289 regna
1801 1234 1908 1273 non

323 1314 592 1379 ambiens,
644 1330 744 1386 pro
774 1313 1095 1369 liberatione
1138 1311 1319 1383 pepuli
1369 1310 1463 1366 Dei
1496 1309 1681 1365 multis
1710 1308 1910 1363 labori-

322 1408 427 1464 bus
448 1407 728 1479 fatigatus,
756 1404 1112 1476 triumphales
1132 1405 1186 1459 in
1211 1404 1638 1458 Sarracenorum
1667 1400 1910 1456 cervices

320 1498 504 1569 potius
530 1512 746 1562 manus,
775 1510 938 1566 quam
981 1495 1037 1549 in
1081 1509 1205 1549 eum
1256 1508 1482 1565 regnum
1530 1506 1690 1548 suum
1718 1490 1909 1546 tollen-

324 1598 434 1644 tem
462 1587 724 1645 extendit.
758 1585 952 1642 Redite
977 1599 1109 1657 ergo
1129 1585 1196 1640 ad
1226 1600 1341 1647 vos,
1365 1582 1725 1648 dilectissimi,
1757 1590 1813 1637 et
1848 1590 1909 1636 ut

320 1678 454 1735 olim
499 1677 705 1734 fmdera
755 1677 898 1733 inter
951 1677 1220 1732 seniorem
1277 1683 1545 1740 vestrum,
1601 1674 1911 1743 fratresque

322 1769 492 1835 illius,
531 1783 656 1824 cum
678 1767 1006 1837 iuramentis
1037 1766 1243 1832 habita,
1286 1766 1381 1822 sed
1428 1766 1589 1821 modo
1623 1774 1904 1837 corrupta,

2010 581 2314 646 immemor,
2366 581 2523 636 ﬁdem
2574 579 2898 649 promissam
2952 579 3152 635 merito
3190 581 3511 648 custodivit,
3540 592 3605 638 et

2008 671 2155 725 velut
2184 672 2356 726 frater
2382 679 2567 726 vester
2587 669 2832 737 Carolus,
2859 669 3088 726 alterius
3125 673 3279 743 regni
3298 671 3451 741 jura,
3486 673 3605 729 Lo-

2009 760 2169 814 tharii
2201 761 2469 829 quondam
2494 759 2706 815 scilicet
2730 760 3098 830 imperatoris.
3132 777 3253 832 quas
3270 762 3431 831 juxta
3454 763 3605 818 divi-

2007 865 2109 905 nas
2141 859 2304 920 atque
2344 852 2612 907 humanas
2637 850 2787 921 leges
2837 852 3015 907 eidem
3053 853 3301 923 piissimo
3358 855 3609 925 impera-

2010 942 2112 996 tori
2144 941 2253 998 ﬁlio
2286 942 2402 1012 ejus
2429 942 2717 1008 debentur,
2754 958 2856 998 nec
2877 943 3103 1009 invasit,
3128 959 3231 1000 nec
3258 946 3601 1016 concupivit.

2006 1031 2114 1087 Pro
2139 1032 2336 1102 quibus
2380 1033 2589 1089 scilicet
2614 1034 2974 1104 iniquissimis
3012 1036 3246 1099 actibus,
3277 1052 3417 1108 quos
3446 1038 3601 1093 idem

2007 1123 2256 1191 Carolus,
2286 1126 2397 1180 Deo
2422 1132 2757 1196 contempto,
2786 1126 3017 1197 peregit,
3047 1136 3104 1181 et
3126 1142 3227 1197 pro
3263 1126 3604 1197 iuramentis

2008 1229 2128 1285 qua:
2142 1229 2491 1285 corrumpere
2516 1230 2624 1270 nou
2646 1216 2958 1286 trepidavit,
2984 1216 3144 1272 valde
3160 1219 3605 1289 obstupeseinrus

2008 1312 2063 1357 et
2103 1302 2384 1357 miramur.
2409 1302 2547 1370 Quia
2599 1311 2655 1359 et
2701 1303 2942 1371 illorum,
2972 1320 3110 1375 quos
3137 1306 3361 1363 deviare
3386 1324 3603 1381 cognoo

2009 1396 2233 1459 scimus,
2264 1403 2472 1450 tantum
2514 1396 2820 1450 animarum
2855 1398 3097 1467 pericula
3127 1399 3395 1468 gemimus
3424 1412 3483 1456 et
3508 1403 3609 1456 do—

2010 1484 2207 1552 lemus,
2244 1494 2509 1557 quantum
2534 1501 2635 1557 pro
2657 1487 2910 1543 omnibus
2945 1487 3042 1554 illi,
3070 1489 3163 1560 qui
3192 1505 3292 1546 nos
3317 1506 3421 1546 suo
3450 1493 3605 1562 gregi

2009 1590 2243 1647 praeesse
2278 1578 2530 1648 dignatus
2567 1587 2671 1643 est,
2716 1579 2956 1636 rationes
2985 1595 3189 1650 ponere
3216 1582 3409 1652 procul
3439 1584 3607 1640 dubio

2011 1666 2418 1737 compellemur.
2451 1668 2838 1725 Verumtamen
2890 1672 3085 1727 missos
3113 1674 3287 1727 nostri
3333 1676 3607 1744 apostola—

2013 1768 2120 1824 tus,
2147 1774 2272 1815 cum
2295 1759 2541 1830 ejusdem
2586 1761 2851 1832 spiritalis
2880 1761 2975 1817 ﬁlii
3006 1764 3178 1818 nostri
3203 1764 3433 1836 Augusti
3457 1766 3607 1838 lega-

322 1836 711 1925 rcformentur,
743 1858 863 1914 sine
889 1856 1290 1913 cessationibus
1317 1856 1577 1911 laborate.
1602 1855 1668 1910 Et
1701 1856 1747 1911 si
1775 1870 1900 1911 eum
1935 1836 1983 1897 Β
2010 1853 2106 1921 tis,
2145 1862 2252 1910 tam
2300 1856 2366 1910 ad
2390 1870 2488 1911 vos
2513 1869 2676 1926 quam
2724 1854 2793 1910 ad
2832 1854 3085 1910 eumdem
3139 1855 3416 1923 Carolnm,
3460 1836 3603 1915 sicut

322 1950 533 2007 salvum
582 1950 882 2007 consistere
925 1949 1105 2013 vultis,
1154 1957 1214 2003 ut
1262 1949 1413 2020 regni
1455 1948 1580 2020 jura
1619 1948 1767 2004 adse
1799 1962 1907 2004 non

322 2042 653 2113 pertinentia
693 2041 923 2098 desistat
973 2041 1252 2108 invadere,
1296 2048 1597 2111 Opportune
1654 2039 1908 2096 insistite.

322 2134 514 2189 Aliena
556 2146 664 2188 non
691 2132 1062 2202 concupiscat,
1091 2126 1414 2187 aliena'non
1460 2130 1659 2202 rapiat,
1683 2139 1740 2186 et
1766 2129 1911 2201 quod

324 2223 429 2279 sibi
445 2237 556 2277 non
577 2220 690 2277 vult
712 2221 849 2285 ﬁeri,
874 2221 966 2276 alii
990 2236 1217 2293 prorsus
1242 2236 1347 2276 non
1376 2219 1558 2276 faciat.
1582 2219 1915 2276 Beminisca-

324 2321 415 2369 tur
441 2312 736 2384 Scriptura:
755 2313 985 2369 dicentis
1010 2330 1023 2367 :
1049 2312 1174 2367 Non
1196 2312 1533 2383 concupiscas
1556 2328 1663 2367 rem
1686 2298 1929 2383 pronuntiI

324 2404 406 2458 tui
424 2401 621 2476 (Exod.
652 2404 769 2473 xx).
796 2403 865 2458 Et
890 2417 1105 2459 rursum
1132 2422 1145 2457 :
1175 2400 1368 2458 Omnia
1394 2418 1717 2474 quincuon
1754 2404 1915 2457 uultis

324 2500 383 2544 ut
424 2489 626 2560 faciant
684 2490 825 2544 vobis
871 2490 1128 2555 lacinia“,
1174 2488 1357 2543 eadem
1400 2498 1449 2542 et
1491 2505 1578 2543 vos
1616 2487 1774 2557 facile
1806 2489 1913 2544 illis

323 2578 544 2651 (Matth.
585 2578 704 2652 vn).
756 2578 875 2634 Non
924 2578 1068 2633 enim
1098 2586 1305 2632 tantum
1342 2592 1565 2648 regnum
1611 2579 1915 2649 cuicunque

326 2669 747 2740 augmentando,
776 2684 940 2740 quam
965 2668 1236 2738 justitiam
1274 2669 1623 2739 acquirendo,
1658 2670 1757 2725 ista
1791 2685 1915 2741 pro-

328 2760 628 2830 sequimur,
659 2767 714 2815 et
764 2776 833 2815 ne
873 2760 996 2831 quis
1024 2776 1124 2831 pro
1152 2760 1433 2831 temporali
1476 2777 1701 2833 regnum
1724 2763 1917 2832 perdat

327 2860 639 2918 teternum,
681 2867 789 2907 non
845 2852 1081 2907 indebite
1131 2861 1520 2907 contestamur.
1573 2852 1726 2919 Quod
1781 2854 1826 2909 si
1860 2862 1917 2909 et

329 2961 475 3001 nunc
503 2945 590 3001 his
636 2945 947 3001 salubribus
995 2946 1196 3001 nostris
1235 2946 1708 3003 exhortationibus
1753 2957 1917 3019 atque

329 3035 722 3093 monitionibus
765 3046 875 3091 tam
909 3037 1023 3108 jam
1060 3036 1205 3092 fatus
1248 3051 1367 3102 rex,
1397 3052 1560 3108 quam
1594 3054 1689 3094 vos
1721 3053 1918 3109 parere

328 3126 801 3198 contempseritis;
849 3128 1044 3183 scitote
1091 3127 1218 3198 quia
1254 3128 1400 3183 ducti
1432 3137 1661 3198 paterno
1689 3127 1909 3196 affectu,

331 3215 838 3287 ferventissimoque
887 3217 1004 3272 zelo
1029 3216 1287 3288 justitim,
1317 3219 1525 3285 statim,
1552 3218 1770 3275 Christo
1792 3222 1911 3291 opi-

332 3307 469 3375 ﬁce,
511 3317 695 3377 partes
732 3308 850 3363 illas
884 3307 1309 3378 penetrabimus,
1343 3318 1400 3364 et
1433 3309 1487 3364 in
1513 3319 1922 3380 contemptores

333 3401 551 3470 dignam
613 3400 862 3455 dabimus
924 3400 1207 3455 ultionem.
1261 3401 1545 3457 Postremo
1593 3418 1921 3475 magnopere

332 3504 760 3556 commonemus,
792 3500 851 3545 ut
899 3491 999 3547 hos
1033 3490 1368 3561 apostolatus
1410 3495 1581 3549 nostri
1623 3496 1921 3566 praecipuos

333 3581 553 3646 missos,
577 3580 840 3638 Joannem
875 3583 1144 3648 videlicet,
1178 3593 1325 3651 etc.;
1354 3602 1522 3657 usque
1556 3589 1626 3640 ad
1649 3588 1828 3657 finem,
1864 3599 1921 3644 at

332 3670 391 3725 in
416 3671 633 3740 epistola
672 3673 745 3726 25
781 3673 850 3725 ad
886 3675 1171 3741 episcopos.
1196 3672 1459 3742 Optamus
1482 3675 1804 3733 industriam
1831 3693 1923 3734 ve-

335 3769 505 3813 stram
536 3761 588 3814 in
619 3761 837 3817 Christo
858 3763 994 3817 bene
1014 3762 1213 3817 valere.
1257 3763 1390 3818 Data
1418 3780 1450 3820 v
1476 3762 1747 3823 Kalendas
1770 3766 1919 3836 Julii,

339 3849 633 3906 indictione
656 3867 739 3907 ιιι.

1003 3943 1240 4000 XXVIII.

649 4050 719 4091 Αι)
740 4049 1047 4094 ιυιωνιουιι
1076 4053 1254 4094 ιιεαειί
1280 4053 1594 4096 ϐΕΙιΙᾹΝΙΒ.

950 4144 1128 4217 (Anno
1149 4146 1301 4219 870.)

339 4255 682 4333 Commendat
728 4256 923 4333 legatos
970 4274 1115 4321 suos,
1168 4257 1517 4333 et__Lud_ov_ici
1567 4261 1922 4333 imperatoris,

409 4341 621 4408 propter
645 4326 884 4408 Lotltu‘rii
912 4344 1126 4408 regnant
1161 4345 1194 4380 a
1221 4326 1413 4383 Carolo
1437 4326 1679 4408 inausum
1705 4326 1921 4408 missos.

413 4396 727 4467 Episcopum
779 4396 1014 4452 Colonia:
1054 4400 1168 4451 sine
1198 4415 1295 4453 suo
1340 4400 1585 4455 consultu
1618 4401 1924 4457 ordinatum

411 4468 575 4527 fuisse
595 4469 951 4538 conqueritur.

411 4583 685 4638 ADBIANUS
714 4583 1019 4654 episcopus,
1046 4597 1237 4638 servus
1271 4598 1555 4639 servorum
1580 4584 1700 4652 Dei,
1730 4586 1927 4644 dilecto

343 4669 456 4725 ﬁlio
492 4671 761 4728 Lunovtco
787 4672 1022 4745 glorioso
1049 4674 1180 4744 regi.

414 4764 567 4819 Sicut
591 4780 733 4833 saepe
762 4781 858 4835 per
885 4765 1078 4820 missos
1098 4777 1153 4820 et
1173 4767 1431 4836 epistolas
1462 4779 1675 4825 vestras
1712 4785 1925 4841 compe-

344 4859 535 4922 rimus,
566 4859 633 4912 de
659 4858 983 4915 exaltatione
1009 4861 1203 4915 matris
1225 4871 1419 4918 vestra:
1448 4863 1707 4919 Romanu:
1735 4864 1927 4921 Eccle-

344 4950 440 5005 siae
460 4949 834 5019 jucundamini
863 4990 878 5015 ,
927 4960 983 5004 et
1035 4966 1159 5006 cum
1202 4954 1529 5010 charissimo
1577 4954 1691 5010 ﬁlio
1745 4964 1932 5011 nostro

343 5042 564 5097 domino
588 5040 860 5096 Ludovico
897 5041 1140 5113 Augusto
1160 5059 1378 5100 omnem
1405 5046 1774 5111 concordiam,
1807 5061 1927 5101 om-

347 5150 578 5204 nemque
614 5133 765 5205 pacis
799 5132 1140 5191 dilectionem
1170 5149 1227 5193 et
1256 5138 1379 5193 fidei
1420 5139 1731 5210 possidetis,
1760 5148 1818 5194 et
1845 5140 1928 5195 in-

347 5224 666 5288 solubiliter.
705 5225 1164 5296 quemadmodum
1194 5229 1334 5284 idem
1357 5231 1739 5286 serenissimus
1763 5230 1932 5301 impe-

350 5326 499 5369 rator
527 5315 680 5370 nobis
710 5315 967 5380 innotuit,
996 5331 1094 5372 vos
1130 5318 1366 5376 retinere
1410 5321 1596 5378 multis
1620 5337 1805 5378 coram
1827 5336 1929 5393 po-

349 5406 471 5460 sitis
499 5407 844 5475 proﬁtemini.
896 5407 1048 5465 Unde
1100 5407 1348 5481 gloriosa:
1394 5421 1593 5469 vestra:
1645 5412 1929 5470 serenitati

351 5496 636 5551 nonnullas
661 5508 841 5568 grates
886 5498 1191 5567 referimus,
1226 5508 1283 5555 et
1327 5510 1386 5556 ut
1433 5503 1486 5557 in
1533 5505 1728 5575 emptis
1775 5505 1935 5561 bonis

350 5590 733 5655 perseveretis,
774 5592 1087 5662 apostolicis
1134 5591 1410 5661 aﬂ‘atibus,
1460 5595 1534 5651 ﬁli
1585 5598 1931 5664 charissime,

356 5678 682 5736 incitamus:
726 5685 981 5754 quoniam
1026 5687 1286 5758 scriptum
1328 5697 1458 5745 est:
1500 5688 1603 5756 Qui
1645 5707 1938 5761 persevcra-

356 5771 483 5823 vci'il
508 5786 667 5835 usque
682 5773 733 5825 in
756 5774 937 5841 ﬁnem,
967 5777 1048 5830 hic
1086 5779 1259 5834 salvus
1283 5782 1378 5833 eri!
1402 5780 1616 5853 (Matth.
1646 5781 1720 5851 κ).
1751 5782 1857 5835 Sel
1883 5792 1935 5835 rt

2011 1959 2111 2001 nos
2130 1960 2303 2017 nuper
2331 1945 2513 2001 facere
2532 1945 2935 2017 proposuimus,
2960 1960 3092 2001 ecce
3110 1947 3433 2004 direximus.
3458 1948 3607 2016 Quos

2012 2035 2243 2107 benigne
2272 2050 2339 2091 ac
2367 2035 2664 2091 honoriﬁce
2693 2049 2793 2104 pro
2816 2050 3004 2091 amore
3029 2036 3399 2105 apostolorum
3428 2040 3606 2094 susci-

2010 2127 2247 2196 pientes,
2276 2140 2469 2181 omnes
2496 2125 2760 2191 utilitates
2780 2134 2837 2181 et
2861 2135 3169 2197 opportuna
3194 2127 3249 2183 in
3275 2143 3441 2199 opere
3464 2144 3607 2199 prae-

2013 2217 2153 2272 senti
2187 2217 2400 2289 negotia
2414 2232 2544 2271 cum
2565 2217 2649 2271 eis
2681 2217 2926 2273 tractetis
2947 2235 2962 2271 :
2991 2227 3281 2299 quatenus,
3302 2220 3391 2275 his
3410 2237 3607 2291 perac-

2016 2308 2104 2371 tis,
2154 2308 2299 2363 sicut
2342 2322 2443 2363 nos
2492 2315 2549 2361 et
2592 2321 2737 2377 stepe
2778 2306 2958 2363 dictus
2989 2307 3271 2378 Augustus
3295 2323 3605 2379 speramus,

2016 2398 2178 2454 iidem
2209 2396 2363 2452 missi
2393 2396 2532 2452 salvi
2564 2405 2727 2467 atque
2778 2397 2883 2453 illa:
2914 2397 2958 2452 si
2996 2413 3097 2468 per
3122 2409 3365 2456 vestrum
3396 2403 3609 2474 adjuto-

2015 2488 2179 2553 rium,
2224 2487 2294 2542 ad
2338 2487 2655 2556 praadictutn
2702 2502 2908 2558 regem,
2935 2489 3071 2543 duce
3102 2487 3236 2555 Deo,
3263 2493 3607 2560 perveniant,

2016 2587 2072 2635 et
2098 2577 2311 2650 regredi
2342 2578 2578 2633 valeant.
2618 2576 2741 2632 Jam
2774 2593 2903 2633 vero
2954 2578 3000 2633 si
3047 2579 3190 2634 idem
3227 2596 3325 2635 rex
3364 2582 3612 2637 abinva-

2016 2672 2171 2728 sione
2192 2671 2281 2727 illa
2307 2673 2625 2739 cessaverit,
2662 2681 2719 2729 et
2761 2688 2873 2730 suae
2895 2675 3169 2745 tyrannidi
3190 2678 3442 2742 cesserit,
3471 2692 3607 2734 ecce

2016 2763 2174 2818 bene.
2216 2761 2312 2818 Sin
2338 2772 2545 2827 autem,
2584 2764 2777 2818 scitote
2805 2765 2933 2834 quia
2959 2779 3058 2833 per
3095 2779 3200 2822 nos
3226 2766 3351 2822 illuc
3376 2768 3486 2823 iter
3504 2784 3605 2823 ve-

2017 2851 2201 2917 nicndi
2232 2853 2681 2919 accelerabimus,
2704 2862 2761 2910 et
2786 2854 3003 2911 velutin
3025 2866 3454 2929 contemptorem
3486 2860 3613 2927 Dei,

2018 2958 2082 3000 ac
2109 2943 2528 3013 apostolicarum
2558 2945 2940 3011 monitionum,
2968 2947 3233 3003 ultionem
3256 2948 3495 3005 debitam
3527 2951 3615 3006 in-

2020 3032 2298 3090 feremus:
2348 3050 2417 3090 ne
2455 3035 2611 3091 nobis
2637 3035 2953 3106 imputetur,
2995 3037 3040 3092 si
3081 3036 3172 3095 ille
3201 3039 3502 3109 impunitus
3524 3055 3619 3095 re-

2022 3124 2306 3190 manserit,
2333 3133 2391 3179 et
2414 3124 2459 3180 si
2487 3139 2546 3179 se
2571 3140 2603 3179 a
2650 3126 2832 3197 pravis
2860 3126 3097 3191 actibus,
3123 3128 3382 3199 perjuriis
3399 3129 3617 3185 scilicet

2022 3230 2087 3270 ac
2108 3215 2585 3287 concupiscentiis,
2615 3216 2846 3288 aliisque
2876 3217 3128 3274 nefandis
3170 3218 3476 3276 sceleribus
3497 3237 3607 3276 non

2020 3309 2277 3374 correxit,
2326 3317 2588 3365 venturus
2624 3309 2791 3379 iudex
2838 3326 2964 3367 eum
3005 3312 3075 3368 de
3117 3314 3369 3369 manibus
3404 3316 3612 3371 nostris

2020 3400 2283 3470 requirat,
2315 3409 2372 3457 et
2408 3417 2506 3473 pro
2536 3402 2740 3458 desidia
2777 3403 2976 3459 merito
3017 3406 3397 3476 reprehendat.
3438 3406 3607 3462 Hira-

2020 3507 2144 3547 mur
2166 3501 2429 3563 praeterea
2453 3492 2681 3563 gloriam
2728 3500 2963 3549 vestram
3008 3494 3065 3548 iu
3117 3494 3469 3564 praeﬁciendo
3494 3498 3607 3567 epi-

2021 3598 2190 3654 sc0po
2213 3583 2526 3654 Agrippinm
2571 3582 2810 3640 Coloniae
2850 3592 2962 3639 tam
2993 3585 3290 3642 indiscrete
3311 3588 3614 3658 praebuisse

2022 3688 2344 3731 consensum
2392 3692 2406 3729 :
2442 3690 2565 3731 cum
2586 3675 2993 3732 evidentissima
3017 3676 3189 3732 scires
3216 3678 3365 3748 quod
3399 3688 3615 3749 aposto-

2023 3768 2141 3824 lica:
2187 3768 2333 3824 sedis
2371 3768 2580 3839 judicio
2627 3779 2791 3839 atque
2823 3769 3073 3824 consultu
3116 3769 3316 3825 ibidem
3365 3772 3616 3827 debuerit

2023 3857 2262 3912 ordinari
2285 3859 2533 3924 antistes,
2569 3857 2725 3928 cujus
2754 3873 2985 3915 censura
3016 3874 3189 3930 nuper
3222 3858 3404 3915 fuerat
3421 3863 3613 3917 eadem

2023 3946 2268 4003 Ecclesia
2314 3964 2415 4004 suo
2452 3949 2663 4019 privata
2700 3958 2935 4005 rectore.
2974 3949 3045 4004 Et
3068 3950 3287 4021 quidem
3323 3953 3469 4020 quod
3498 3960 3620 4022 post

2022 4037 2281 4108 judicium
2325 4040 2470 4096 sedis
2511 4040 2822 4112 apostolica:
2856 4040 3059 4097 factum
3085 4050 3189 4106 est,
3212 4042 3351 4098 dure
3370 4045 3616 4114 suscepi-

2027 4143 2150 4184 mus
2180 4147 2194 4183 :
2235 4130 2331 4184 sed
2361 4130 2503 4201 quod
2531 4139 2619 4185 tua
2648 4144 2813 4201 super
2842 4130 2946 4186 hoc
2988 4131 3229 4197 devotio,
3268 4148 3431 4202 quam
3470 4134 3618 4189 circa

2025 4236 2128 4277 nos
2152 4222 2355 4299 habere
2383 4221 2656 4292 probaris,
2687 4222 3018 4277 omnimodis
3036 4224 3225 4287 tacuit,
3256 4223 3449 4279 durius
3476 4225 3622 4279 testi-

2027 4324 2262 4367 mamus.
2315 4311 2592 4382 Praecipue
2645 4313 2771 4382 quia
2822 4312 3110 4368 Cuntharii
3164 4315 3369 4368 dudum
3434 4316 3619 4371 archi-

2028 4401 2272 4472 episcopi
2300 4416 2544 4467 causam,
2571 4413 2862 4474 antequam
2889 4404 2943 4458 in
2972 4403 3149 4459 locum
3167 4404 3309 4460 illius
3330 4405 3623 4462 substitue.

1955 4524 2006 4585 Β
2032 4502 2183 4548 retur
2229 4494 2536 4565 episcopus,
2577 4510 2676 4550 nos
2728 4495 2927 4550 iterum
2969 4496 3287 4562 audituros,
3342 4508 3401 4551 et
3431 4512 3617 4552 vocem

2031 4580 2150 4650 ejus
2170 4582 2503 4638 admissuros
2534 4582 2653 4639 fore
2672 4583 3081 4654 spopondimus.
3104 4582 3398 4638 Prazl'atam
3425 4586 3622 4655 quippe

2029 4677 2423 4732 ordinationem
2483 4691 2584 4731 nec
2621 4676 3032 4741 conﬁrmamus,
3074 4691 3178 4732 nec
3203 4684 3383 4731 ratam
3416 4677 3618 4732 habere

2031 4768 2395 4834 decernimus,
2424 4784 2706 4840 quousque
2734 4769 2825 4823 ille
2845 4769 2937 4838 qui
2964 4770 3248 4824 ordinatus
3276 4779 3383 4833 est,
3422 4779 3619 4825 nostra

2031 4859 2354 4915 exhibeatur
2383 4858 2704 4928 praesentire,
2727 4866 2783 4913 et
2810 4866 3041 4929 utraque
3083 4873 3209 4926 pars
3236 4872 3428 4912 coram
3465 4857 3623 4912 nobis

2036 4949 2304 5014 discussa,
2353 4956 2652 5004 conventus
2697 4947 2973 5020 synodalis
3004 4946 3371 5018 perpendetur
3400 4947 3623 5001 audien-

2034 5042 2129 5098 tia.
2158 5040 2438 5096 Postremo
2464 5054 2793 5111 magnopere
2817 5053 3245 5104 commonemus,
3274 5048 3335 5092 ut
3358 5038 3461 5094 hos
3490 5053 3623 5107 apo-

2033 5129 2264 5186 stolatus
2291 5129 2460 5185 nostri
2490 5129 2793 5199 praecipuos
2818 5128 3036 5194 missos,
3057 5125 3325 5182 Joannem
3347 5127 3622 5191 videlicet,

2034 5234 2197 5296 atque
2215 5225 2455 5289 Petrum,
2487 5238 2580 5279 seu
2606 5221 2959 5287 Wibbodum,
2982 5230 3039 5276 et
3062 5219 3347 5287 Joannem,
3374 5235 3625 5275 reveren-

2037 5319 2137 5375 dos
2161 5317 2462 5386 episc0pos,
2495 5330 2597 5370 nec
2631 5329 2737 5370 non
2783 5322 2840 5369 et
2889 5313 3111 5368 Petrum
3155 5312 3468 5384 religiosum
3494 5326 3623 5382 pre-

2039 5411 2315 5482 shyterum
2343 5409 2582 5464 cardinis
2620 5407 2817 5473 nostri,
2865 5406 3234 5476 dilectumque
3268 5414 3516 5459 nostrum
3546 5404 3624 5458 fa-

2041 5502 2332 5567 miliarem,
2359 5516 2460 5572 pro
2488 5499 2792 5572 principum
2840 5497 3205 5569 apostolorum
3254 5500 3325 5550 ab
3370 5496 3627 5581 omnibus

2040 5592 2373 5666 prazfercnda
2411 5592 2710 5647 reverentia
2759 5599 2815 5647 ct
2859 5605 3069 5656 amore,
3110 5589 3340 5660 benigne
3362 5586 3626 5657 suscipia-

2040 5690 2130 5752 tis,
2166 5696 2220 5742 et
2249 5696 2436 5757 utpote
2476 5702 2505 5740 τι
2556 5695 2704 5740 tanta
2743 5685 3196 5755 scde~digressos,
3220 5680 3522 5735 honoriﬁrr
3542 5696 3627 5734 re-

2043 5791 2225 5853 captos
2260 5780 2470 5835 colatis.
2503 5778 2638 5849 Ipsis
2662 5778 2804 5833 enim
2839 5792 2959 5848 quae
2984 5775 3176 5848 pagina
3204 5775 3445 5835 reticuit,
3470 5772 3627 5828 vobis
