3978 6160
429 251 564 304 1303

1599 255 1956 311 ΕΡΙΞΤΟΙΑΕ
1998 253 2084 309 ΕΤ
2126 254 2469 311 DECRETA.

3544 242 3680 297 1506

414 368 638 423 dicenda
677 366 1023 435 iniunximus.
1076 368 1139 423 Et
1195 367 1316 423 ideo
1361 368 1620 439 quidquid
1666 369 1991 423 verbotcnus
2018 373 2066 431 Α
2094 366 2186 421 sed
2224 384 2368 423 nunc
2397 368 2590 424 melius
2616 369 2890 434 faceretis,
2920 368 2963 427 si
2988 374 3130 442 quod
3161 374 3214 428 in
3257 373 3402 429 civili
3446 377 3679 431 concilio

415 460 779 527 exposuerint,
813 458 932 513 sine
970 459 1225 530 scrupulo
1264 474 1485 529 prorsus
1528 459 1817 523 admittite,
1845 466 1900 512 et
1935 468 1994 512 ut

414 546 660 603 efﬁcaces
685 550 752 602 ad
784 563 882 603 nos
907 550 1104 605 reverti
1134 549 1369 614 valeant,
1401 548 1727 604 omnimodis
1752 548 1989 618 vigilate.

421 640 688 709 Optamus
719 639 950 710 gloriam
982 648 1127 694 tuam
1178 640 1232 695 in
1258 638 1479 694 Christo
1520 654 1671 693 nunc
1696 647 1751 692 et
1778 652 1993 708 semper

414 718 549 786 laede
596 729 796 785 valere.
840 732 976 785 Data
1000 747 1034 786 ν
1075 730 1345 786 Kalendas
1387 727 1536 794 Julii,
1573 728 1867 783 indictione
1904 743 1987 783 ut.

1100 841 1294 898 XXIX.

511 949 579 989 Διὶ
611 949 885 991 EPISCOPOS
921 950 973 989 IN
1012 948 1184 989 REGNO
1216 947 1464 988 LUDOVJCI
1504 945 1892 988 CONSTITUTOS.

1018 1028 1195 1099 (Anno
1233 1025 1384 1097 870.)

407 1119 750 1174 Commendat
776 1119 993 1190 legatos,
1016 1128 1297 1193 monetque
1328 1128 1383 1170 ut
1425 1117 1533 1188 regi
1548 1132 1658 1193 suo
1688 1125 1988 1185 perpetuam

705 1187 882 1259 pacem
910 1188 1028 1243 cuni
1067 1187 1383 1259 imperatore
1422 1187 1704 1242 suadeant.

478 1281 749 1336 ADRIANUS
780 1283 1063 1352 episcopus
1088 1321 1102 1346 ,
1149 1295 1337 1336 servus
1365 1294 1643 1335 servorum
1674 1278 1790 1343 Dei,
1817 1279 1989 1334 omni-

400 1372 506 1428 bus
558 1372 1006 1427 reverentissimis
1030 1379 1085 1425 et
1108 1370 1466 1426 sanctissimis
1482 1367 1865 1425 ‘confratribus
1892 1383 1989 1422 no-

405 1466 556 1527 stris,
586 1464 1006 1534 archiepiscopis
1037 1472 1091 1518 et
1119 1462 1386 1533 episcopis
1428 1461 1484 1516 in
1532 1475 1700 1532 regno
1730 1459 1987 1516 Ludovici

400 1556 621 1627 gloriosi
653 1556 797 1625 regis
821 1554 1152 1619 constitutis,
1172 1553 1423 1608 salutem.

471 1648 689 1703 Gratias
717 1646 924 1717 agimus
958 1646 1068 1700 Deo
1098 1643 1454 1715 omnipotenti
1503 1657 1603 1714 pro
1636 1641 1791 1697 vobis
1819 1640 1983 1712 quod,

2092 457 2231 526 apud
2263 473 2420 512 suum
2449 458 2762 529 episcopum
2800 475 3083 531 perperam
3111 471 3322 533 gestum
3352 471 3456 528 est,
3482 464 3534 517 in
3564 480 3682 533 pro-

2092 550 2308 606 vinciali
2369 551 2576 623 synodo
2630 552 2772 621 apud
2825 568 2923 608 vos
2975 538 3391 620 rationabiliter,
3438 563 3494 610 et
3536 557 3680 624 apud

2090 637 2311 694 fratrem
2338 647 2576 695 nostrum
2604 640 2956 697 llincmarnm
2984 642 3449 711 archiepiscopum
3483 660 3671 698 cassa-

2089 737 2259 783 retur.
2288 728 2626 799 Quapropter
2648 731 2940 803 apostolica
2979 730 3267 787 dilectione
3326 732 3554 802 gloriam
3590 750 3679 788 ve-

2091 827 2258 873 stram
2284 820 2584 885 hortamur,
2613 830 2672 875 ut
2723 829 2817 875 aut
2868 823 3282 892 praesentialiter
3331 825 3458 878 huic
3486 824 3677 879 lletle-

2090 910 2231 965 frido
2260 912 2577 982 presbytero
2603 928 2756 967 suam
2783 914 3068 969 ecclesiam
3097 930 3219 969 cum
3250 916 3505 971 omnibus
3534 917 3672 979 suis,

2091 1016 2259 1069 usque
2316 1003 2383 1055 ad
2437 1009 2649 1073 tempus
2704 1004 3053 1073 provincialis
3099 1006 3289 1076 synodi
3343 1006 3679 1061 hancliLcre

2092 1108 2426 1162 possessnro,
2447 1111 2544 1164 pro
2573 1105 2813 1165 tempore
2834 1099 2974 1166 quod
3003 1100 3142 1152 sacri
3158 1114 3396 1152 canones
3420 1099 3680 1154 deﬁniere

2094 1184 2412 1239 solemniter
2438 1186 2665 1241 reddere
2692 1187 2923 1252 faciatis,
2954 1189 3680 1260 autErpuinum'episcopum

2090 1292 2245 1330 suum
2278 1276 2509 1348 legatum
2538 1278 2716 1342 nobis,
2748 1280 2836 1348 qui
2864 1280 2979 1334 hate
3035 1281 3243 1348 plenius
3273 1283 3563 1351 veriusque
3594 1298 3680 1336 rc-

2087 1365 2323 1430 nuntiet,
2383 1367 2799 1435 prtesentialiter
2861 1370 3076 1423 mittere
3129 1372 3334 1442 cogatis
3370 1382 3679 1441 :quatenus

2088 1456 2216 1509 dum
2274 1455 2397 1511 luce
2437 1457 2634 1513 clarius
2683 1469 2875 1514 cuncta
2948 1463 3279 1526 noverimus,
3339 1465 3576 1518 sciamus
3625 1465 3677 1517 in

2085 1560 2248 1614 quem
2272 1546 2581 1615 apostolica:
2603 1549 3094 1607 animadversionis
3144 1555 3468 1608 sententiam
3497 1553 3677 1623 profe—

2090 1653 2293 1693 ramus.
2319 1637 2463 1694 Deus
2515 1655 2611 1695 vos
2661 1640 2958 1725 incolumes
3004 1645 3294 1711 custodiat,
3328 1644 3676 1701 dilectissime

402 1737 545 1792 sicut
569 1735 804 1791 ﬁdelium
836 1734 1096 1789 relatione
1120 1732 1503 1804 comperimus,
1542 1741 1603 1786 ut
1642 1729 1786 1786 inter
1833 1746 1984 1786 sere-
2018 1721 2060 1780 Β
2089 1730 2183 1784 ﬁli.

398 1828 684 1882 nissimum
736 1826 1034 1896 principem
1088 1832 1333 1880 nostrum
1363 1822 1621 1879 domuum
1654 1821 1984 1877 Ludovicum

399 1917 699 1988 Augustum
718 1956 732 1981 ,
764 1924 817 1970 et
845 1916 1137 1986 gloriosum
1169 1928 1351 1986 regem
1389 1913 1725 1983 aequivocum
1753 1913 1869 1983 ejus
1889 1952 1903 1977 ,
1932 1920 1989 1965 et

397 2018 684 2079 patruum,
718 2009 987 2062 seniorem
1029 2007 1235 2063 scilicet
1265 2014 1528 2073 vestrum,
1563 2006 1718 2061 ﬁrma
1748 2005 1987 2061 Charitas

397 2108 453 2153 et
481 2113 582 2168 pax
609 2108 869 2168 perpetua
916 2105 1152 2163 maneat,
1205 2106 1390 2167 utpote
1438 2097 1562 2152 ﬁdei
1612 2096 1864 2151 custodes
1904 2095 1987 2149 in-

396 2188 653 2259 vigilatis,
694 2195 749 2243 et
801 2195 859 2241 ut
900 2187 1103 2242 foedera
1139 2188 1282 2243 inter
1316 2203 1411 2244 eos
1451 2188 1634 2243 habita
1670 2186 1984 2242 inconvulsa

397 2281 717 2345 consistant,
765 2280 998 2334 suadere
1041 2280 1267 2335 curatis.
1298 2279 1589 2347 Quocirca,
1618 2279 1979 2343 dilectissimi,

397 2374 596 2428 nostris
617 2389 710 2427 vos
730 2372 1037 2442 apostolicis
1063 2372 1282 2427 monitis
1311 2372 1678 2435 exhortamur,
1710 2380 1771 2425 ut
1804 2372 1856 2425 in
1878 2373 1985 2427 hoc

395 2478 612 2534 semper
639 2462 1022 2534 perseveretis,
1076 2472 1132 2519 et
1186 2462 1418 2533 idipsurn
1473 2463 1524 2519 ei
1569 2464 1795 2519 suadere
1848 2478 1983 2534 puro

395 2565 615 2626 pectore
643 2555 924 2609 studentis.
942 2553 1075 2609 Tam
1093 2554 1331 2610 estenim
1352 2554 1426 2608 illi
1451 2554 1683 2609 invictus
1708 2556 1983 2626 Augustus

395 2647 709 2708 benevolus,
743 2655 1003 2717 quantum
1037 2660 1164 2714 erga
1196 2660 1385 2701 omnes
1409 2645 1670 2715 probatur
1706 2660 1824 2700 esse
1854 2646 1984 2715 piis—

392 2739 584 2793 simus.
616 2730 767 2791 State
807 2751 935 2806 ergo
967 2736 1021 2790 in
1055 2734 1158 2791 iide
1185 2775 1201 2801 ,
1256 2734 1489 2790 viriliter
1536 2736 1680 2805 agite
1706 2775 1721 2801 ,
1767 2744 1824 2790 et
1870 2737 1982 2791 Deo

391 2826 670 2883 odibilinzn
704 2826 844 2880 facta
880 2825 1150 2880 declinate
1180 2842 1192 2877 :
1223 2825 1348 2894 quia
1373 2838 1479 2878 non
1513 2823 1668 2879 decet
1692 2839 1789 2879 vos
1818 2823 1979 2878 ﬁdem

392 2930 630 2977 vestram
682 2935 1065 2990 corrumpere,
1122 2920 1264 2975 sicut
1302 2918 1450 2984 illos,
1506 2918 1601 2988 qui
1644 2915 1836 2972 Carolo
1865 2915 1980 2986 regi

390 3011 591 3066 seniori
639 3026 737 3066 suo
790 3026 887 3081 pro
941 3012 1178 3066 humano
1223 3009 1411 3065 favore
1447 3015 1869 3072 consenserunt,
1920 3015 1981 3061 ut

393 3121 618 3176 regnum
672 3106 840 3175 ipsius
882 3104 1146 3174 principis
1173 3104 1343 3159 nostri
1376 3102 1734 3173 pervaderet,
1776 3108 1831 3154 et
1857 3114 1979 3169 per-

385 3196 516 3266 jnrii
568 3212 768 3250 noxam
810 3196 1134 3251 incurreret.
1165 3194 1271 3249 Pro
1305 3195 1499 3264 quibus
1529 3208 1624 3248 vos
1650 3192 1842 3246 merito
1870 3190 1981 3245 col—

387 3286 692 3344 laudamus.
738 3296 791 3340 et
820 3295 878 3341 ut
910 3286 963 3340 in
994 3286 1186 3356 emptis
1212 3284 1599 3356 perseveretis,
1636 3281 1980 3352 paternitatis

387 3377 582 3432 all‘ectu
612 3378 959 3446 praecipimus
990 3394 1003 3430 :
1033 3377 1159 3448 quia
1184 3377 1275 3447 qui
1302 3375 1702 3446 perseveraverit
1732 3388 1894 3444 usque
1922 3372 1978 3423 in

390 3467 570 3538 ﬁnem,
620 3468 703 3521 hic
738 3466 914 3522 salvus
948 3468 1049 3522 erit
1083 3466 1306 3536 (Matth.
1337 3462 1425 3537 x).
1442 3465 1725 3520 Postremo
1753 3448 1977 3534 magno-

385 3573 516 3626 pere
554 3572 964 3614 commonemus
988 3598 1004 3622 ,
1041 3567 1105 3611 ut
1141 3557 1240 3611 hos
1271 3555 1603 3627 apostolatus
1641 3554 1810 3609 nostri
1841 3569 1979 3624 prte-

388 3648 577 3716 cipuos
604 3651 819 3712 missos,
843 3647 1098 3702 videlicet
1125 3644 1388 3701 Joannem
1420 3654 1585 3715 atque
1610 3644 1852 3708 Petrum,
1882 3658 1978 3698 seu

386 3737 713 3792 Wibbodum
734 3736 1063 3793 etJoannem
1092 3735 1420 3791 reverendus
1437 3734 1743 3804 episcopos,
1768 3746 1978 3787 necnon

384 3841 441 3885 et
469 3831 690 3886 Petrum
726 3831 1034 3901 religiosum
1081 3829 1455 3900 presbyterum
1502 3824 1742 3881 cardinis
1782 3823 1977 3890 nostri,

387 3922 753 3993 dilectumque
807 3930 1054 3977 nostrum
1114 3920 1480 3984 familiarem,
1535 3932 1635 3988 pro
1672 3917 1977 3988 principum

386 4013 756 4083 apostolorum
784 4014 853 4069 ab
895 4013 1149 4068 omnibus
1194 4010 1531 4082 praeferenda
1590 4008 1892 4064 reverentia
1920 4016 1977 4062 et

386 4119 591 4169 amore,
625 4104 858 4175 benigne
899 4102 1231 4173 suscipiatis,
1258 4111 1314 4156 et
1348 4109 1534 4171 utpote
1578 4114 1608 4154 a
1652 4108 1797 4153 tanta
1851 4099 1979 4154 sede

386 4195 681 4265 digressos,
705 4194 1000 4249 honoriﬁce
1025 4200 1272 4263 receptos
1294 4191 1504 4247 colatis.
1535 4190 1669 4261 ipsis
1689 4190 1834 4245 enim
1858 4204 1978 4257 quae

386 4285 580 4355 pagina
605 4285 844 4349 reticuit,
871 4284 1024 4339 vobis
1042 4285 1270 4339 dicenda
1299 4281 1650 4350 injunximus.
1673 4280 1797 4335 Ideo
1819 4279 1978 4349 quid-

387 4375 518 4444 quid
558 4374 883 4429 verbotenus
927 4374 1296 4443 exposuerint,
1329 4373 1446 4428 sine
1475 4371 1729 4442 scrupulo
1755 4386 1976 4441 prorsus

387 4464 679 4530 admittite,
720 4472 776 4518 et
828 4473 888 4518 ut
929 4462 1174 4518 cllicaces
1228 4463 1296 4518 ad
1341 4477 1440 4517 nos
1487 4462 1684 4516 reverti
1741 4461 1970 4523 valeant,

385 4554 711 4609 omnimodis
744 4555 980 4625 vigilate.
1024 4555 1287 4624 Optamus
1332 4554 1680 4609 sanctitatem
1734 4563 1973 4608 vestram

385 4642 443 4699 iu
472 4643 689 4699 Christo
715 4646 851 4701 bene
881 4645 1080 4699 valere.
1130 4646 1263 4699 Data
1290 4660 1322 4697 v
1352 4644 1624 4699 Kalendas
1662 4641 1788 4698 Julii
1821 4684 1835 4709 ,
1892 4645 1973 4698 in—

386 4734 625 4791 dictione
651 4751 735 4791 nt.

347 4829 357 4837 α
1101 4805 1266 4861 XXX.

775 4912 843 4951 AD
871 4912 1124 4952 οΑιιοιυκ
1148 4912 1356 4953 CALVUM
1383 4912 1580 4953 REGEII.

987 4988 1180 5060 (Anno
1205 4989 1331 5044 870.
1355 4988 1374 5059 )

705 5078 782 5135 De
807 5096 972 5147 causa
1009 5078 1300 5150 Hertefridi
1346 5081 1653 5152 presbyteri.

453 5191 731 5248 ADRIANUS
778 5192 1081 5262 episcOpus,
1135 5207 1324 5247 servus
1378 5208 1657 5248 servorum
1706 5193 1823 5257 Dei,
1856 5192 1973 5264 glo-

386 5284 532 5337 rioso
557 5284 775 5339 CAROLO
804 5283 937 5353 regi.

453 5372 608 5439 Quod
636 5381 956 5442 praesentem
982 5373 1354 5443 presbyterum
1396 5372 1775 5437 Herleiridum,
1815 5382 1968 5443 pote-

384 5473 526 5519 state
565 5480 646 5518 sut
676 5462 919 5533 praesulis
942 5462 1060 5532 plus
1093 5478 1255 5532 quam
1285 5464 1544 5517 canonica
1584 5463 1812 5517 veritate
1838 5478 1966 5530 per-

384 5554 615 5621 culsum,
644 5554 709 5608 ad
730 5561 912 5609 sedem
938 5553 1309 5622 ap0stolicam,
1335 5561 1518 5624 utpote
1540 5561 1701 5622 caput
1727 5554 1966 5606 omnium

385 5644 760 5708 ecciesiarum,
792 5644 973 5699 venire
998 5644 1145 5716 passi
1176 5644 1324 5708 estis,
1351 5644 1484 5698 bene
1508 5644 1721 5713 quidem
1739 5642 1965 5705 fecistis;

2776 1821 3001 1879 XXXIV

2231 1926 2298 1964 AD
2337 1926 2649 1966 HINCMARUJJ
2689 1928 3142 1969 ARCHIEPISCOPU“
3192 1931 3531 1972 RHEMENSEM.

2692 2005 2871 2074 (Anno
2899 2006 3052 2076 87L)

2123 2089 2193 2146 Ut
2218 2109 2341 2163 erga
2367 2095 2824 2164 comprovinciales
2850 2113 2974 2150 suos
3010 2114 3113 2152 non
3138 2108 3261 2169 agat
3293 2100 3628 2171 negligenter.

2155 2190 2435 2256 Annuivus
2476 2202 2782 2273 episcopus,
2823 2221 3011 2260 servus
3059 2222 3340 2263 servorum
3397 2211 3531 2276 Dei,
3583 2228 3676 2267 re-

2084 2291 2465 2346 verentissimo
2502 2292 2764 2348 confratri
2820 2304 3008 2351 nostro
3043 2297 3347 2373 Πικωιλιιο
3393 2303 3665 2373 archiepi«

2086 2396 2274 2452 scopo.
2500 2389 2512 2402 '
2930 2389 2934 2394 ’

2155 2473 2421 2530 Fidelium
2447 2476 2709 2533 relatione
2740 2482 3106 2551 comperimus
3126 2486 3267 2554 quod
3298 2494 3388 2540 tua
3411 2487 3671 2545 fraterni-

2085 2575 2168 2622 tas
2194 2567 2433 2623 debitum
2478 2571 2717 2641 vigorem
2781 2573 2834 2626 in
2888 2576 3165 2642 provincia
3216 2577 3511 2634 Rhemensi
3562 2598 3670 2636 non

2082 2660 2328 2731 agitans,
2390 2661 2556 2716 multa
2618 2665 3038 2733 reprehensione
3100 2669 3421 2739 dignissima
3476 2689 3505 2725 a
3562 2674 3667 2727 tuis

2078 2751 2629 2820 comprovittcialibus
2675 2756 3076 2811 convalescant.
3142 2759 3308 2830 Cujus
3357 2762 3433 2816 rei
3495 2765 3669 2831 gratia

2083 2839 2466 2910 negligentiam
2496 2851 2731 2897 vestram
2774 2846 2856 2901 his
2884 2848 3196 2915 apostolicis
3241 2849 3492 2906 aﬁ‘atibus
3524 2856 3671 2907 exci—

2082 2936 2356 2995 tamus,ut
2378 2933 2671 2987 secundum
2701 2938 3131 2992 venerandornm
3156 2955 3424 2994 canonum
3456 2942 3669 3013 regulas

2084 3021 2156 3076 ita
2180 3023 2420 3077 omnium
2437 3026 3200 3097 omninocomprovincialium
3220 3040 3431 3086 tuorum
3452 3036 3669 3104 synodi:

2031 3118 2051 3140 ⁴
2084 3130 2146 3169 ce
2162 3159 2175 3177 ,
2200 3116 2350 3170 salvo
2364 3127 2563 3171 sanctae
2588 3116 2843 3172 Romamn
2865 3119 3118 3175 Ecclesia:
3138 3122 3420 3193 privilegio
3449 3140 3665 3179 reseces

2081 3205 2233 3271 vitia,
2264 3214 2321 3260 ut
2355 3206 2622 3279 privilegii
2649 3208 2937 3269 tuicoram
2966 3210 3109 3277 Deo,
3136 3220 3432 3283 nostroque
3466 3213 3669 3283 iudicio

2082 3311 2188 3351 non
2216 3298 2480 3353 merearis
2517 3300 2785 3354 sustinere
2829 3299 3120 3368 jacturam.
3167 3300 3428 3371 Optamus
3472 3305 3668 3360 frater-

2070 3388 2307 3443 nitatem
2336 3396 2482 3445 tuam
2510 3392 2562 3445 in
2592 3389 2810 3446 Christo
2834 3392 2973 3447 bene
3015 3392 3218 3449 valere.
3250 3394 3383 3449 Data
3415 3412 3505 3451 vnt
3543 3397 3663 3451 Kal.

2079 3478 2250 3553 April.

2755 3552 2974 3608 XXXII.

2258 3656 2325 3695 ιο
2378 3657 2689 3699 BINCIARUM
2746 3660 3127 3702 LAUDUNENSEI
3168 3662 3461 3706 EPISCOPUH

2670 3735 2852 3807 (Anno
2889 3739 3042 3809 871.)

2081 3820 2272 3877 Sedem
2311 3825 2651 3893 apostolicam
2678 3832 3023 3898 quantocius,
3063 3843 3120 3886 ut
3161 3838 3434 3903 promisit,
3487 3836 3664 3894 adeat.

2148 3911 2427 3968 ADRIANUS
2463 3914 2770 3984 episcopus,
2803 3932 2993 3973 servus
3022 3936 3301 3978 servorum
3350 3926 3479 3992 Dei,
3508 3927 3668 3984 iliac-

2079 4016 2226 4057 mno
2245 4002 2589 4059 Lauduncnsi
2623 4006 2898 4075 episcopo.

2172 4090 2551 4148 Sollicitudine
2601 4097 2862 4163 pastorali
2912 4113 3075 4168 super
3125 4109 3230 4157 tua:
3283 4107 3666 4163 remorationis

2079 4182 2295 4252 negotio
2333 4182 2591 4252 liquidius
2619 4196 3049 4255 perscrutantes,
3100 4193 3401 4261 reperimus
3433 4205 3485 4250 te
3539 4212 3664 4250 san-

2078 4284 2181 4331 ctae
2219 4275 2365 4330 sedis
2410 4277 2717 4347 apostolicae
2752 4282 3017 4349 promissa
3049 4283 3359 4342 visitatione
3383 4328 3397 4352 ,
3430 4291 3669 4346 ambitus

2047 4367 2309 4448 :‘propria:
2356 4367 2689 4432 voluntatis,
2751 4367 2863 4441 quo
2908 4374 3040 4430 satis
3092 4379 3529 4448 tergiversatorie
3562 4385 3664 4438 'uti

2048 4425 2096 4436 .,
2178 4425 2194 4436 ,
2677 4425 2688 4432 .
2769 4425 2783 4441 ,
2835 4425 2849 4427 -
2910 4425 3037 4430 πμ-
3093 4425 3529 4448 ---ο-.--ηψπ
3588 4425 3664 4438 ι...

2005 4425 2053 4484 D
2079 4459 2297 4524 diceris,
2327 4462 2561 4530 tepidum
2606 4463 2907 4521 reddidisse
2942 4485 2954 4520 :
2988 4476 3042 4522 et
3068 4480 3160 4524 aut
3214 4486 3488 4539 nunquam
3538 4474 3669 4528 visi-

2079 4560 2193 4605 tare
2241 4561 2551 4607 sanctorum
2597 4556 2964 4623 apostolorum
3014 4559 3203 4616 limina
3257 4562 3511 4630 voluisti;
3571 4576 3669 4621 aut

2075 4642 2363 4697 Dominum
2392 4653 2515 4699 vota
2568 4653 2656 4699 tua
2710 4664 2815 4702 non
2864 4650 3055 4706 audire
3110 4632 3572 4719 credidistiraut
3609 4667 3666 4712 et

2076 4732 2362 4787 Dominum
2386 4734 2474 4788 cui
2498 4734 2782 4800 vovisti,et
2805 4753 2905 4793 nos
2933 4754 2963 4793 a
2986 4740 3181 4808 quibus
3208 4745 3390 4799 vocari
3420 4746 3662 4812 voluisti,

2075 4825 2262 4895 procul
2292 4826 2455 4881 dubio
2483 4829 2877 4898 contempsisti.
2910 4830 3054 4902 Ergo
3093 4848 3161 4887 ne
3197 4832 3357 4897 forte,
3393 4844 3451 4890 ut
3482 4839 3663 4893 credi-

2080 4930 2220 4980 mus,
2250 4916 2537 4971 occasione
2586 4916 2848 4972 adeunda:
2869 4920 3014 4973 sedis
3046 4923 3358 4991 apostolicre
3404 4923 3596 4989 fretus,
3629 4944 3660 4981 a

2078 5006 2503 5061 reverentissimi
2534 5005 2723 5062 fratris
2748 5009 2921 5062 nostri
2945 5008 3221 5066 Hincmari
3258 5014 3659 5083 metropolitani

2078 5094 2155 5148 tui
2206 5095 2387 5149 debita
2441 5093 2779 5164 subiectione
2837 5095 3097 5152 aliorsum
3151 5099 3458 5163 declinans,
3511 5112 3661 5156 tanto

2073 5186 2297 5241 liberius
2326 5184 2475 5241 libita
2515 5201 2612 5255 per
2652 5187 2883 5241 abusum
2911 5189 3222 5257 pertinacire
3262 5198 3368 5242 tua:
3405 5193 3657 5246 commit-

2080 5286 2183 5341 tas,
2214 5285 2476 5345 quantum
2506 5285 2560 5331 et
2612 5277 3027 5348 metropolitano
3075 5279 3396 5348 regulariter
3444 5283 3655 5351 subjici,

2076 5378 2131 5421 et
2153 5369 2219 5421 ad
2250 5382 2347 5421 nos
2366 5368 2432 5422 de
2456 5366 2544 5422 die
2573 5368 2626 5421 iu
2647 5369 2787 5422 diem
2808 5368 3111 5423 diﬁ‘erendo
3134 5370 3317 5424 venire
3346 5372 3654 5428 dctrectas:

2081 5460 2401 5515 auctoritate
2446 5461 2618 5515 sancti
2652 5460 2887 5531 Spiritus
2935 5461 3031 5516 tibi
3067 5461 3428 5531 praecipimus,
3459 5474 3519 5519 ut
3547 5482 3660 5521 nte-

2079 5568 2196 5609 mor
2216 5568 2493 5607 sacrorum
2530 5568 2819 5618 canonum,
2843 5552 2934 5622 qui
2958 5552 3150 5622 jubent
3168 5571 3267 5625 per
3297 5572 3657 5628 unamquam-

2081 5662 2185 5715 quc
2215 5645 2546 5715 provinciam
2582 5644 2669 5714 jus
2712 5645 3153 5717 metropolitanos
3189 5650 3427 5719 singulos
3459 5650 3656 5706 habere
