3978 6160
381 253 512 308 ιτῖυῖ
778 258 785 263 ’
1723 271 1927 327 Αιλιξιι

2049 270 2120 324 ΡΑ
2129 271 2237 325 WE
2281 271 2322 325 ll
3490 275 3617 330 ΒΑΝ

374 380 589 440 debere,
620 378 1031 448 metropolitano
1067 387 1157 432 tuo
1190 394 1284 449 per
1310 380 1512 443 omnia,
1539 381 1834 435 secundum
1868 397 1951 432 sa-
1981 382 2025 439 Α
2058 381 2156 433 bus
2189 382 2439 450 gloriosis
2464 384 2755 440 comitibus
2778 394 2834 441 et
2859 388 3071 444 castoris
3100 368 3346 445 ﬁdelibus
3389 393 3441 447 in
3473 410 3626 464 regno

375 484 497 523 crus
551 484 826 532 canones,
878 469 1150 538 subjectus
1211 470 1415 523 existas
1460 484 1683 539 :neque
1727 470 1953 524 moleste

373 556 516 612 .‘eras
560 559 702 611 hunc
750 558 842 611 tibi
895 574 1014 612 esse
1060 558 1363 627 perlatum,
1413 558 1505 627 qui
1547 567 1602 613 te
1652 559 1795 613 nosti
1846 560 1953 612 tuis

371 646 562 701 ovibus
614 662 730 701 esse
765 647 1130 716 prtcpositum.
1176 648 1313 714 Quin
1346 652 1546 717 potius,
1583 648 1950 702 obedientiam

371 756 530 807 quam
546 755 576 793 a
593 740 695 792 tuis
711 738 903 808 exigis,
918 739 1077 792 etiam
1105 738 1218 808 ipse
1246 740 1658 808 metmpolitano
1677 740 1951 802 tuo,salvo

287 889 302 899 .
371 831 633 883 duntaxat
670 830 977 899 apostolica:
1019 832 1162 884 sedis
1196 822 1452 901 synodico
1476 831 1840 899 proclamandi
1866 831 1953 900 ju-

370 920 541 984 dicio,
584 921 842 975 canonica
886 921 1001 990 lege
1044 922 1356 990 dependens
1400 932 1524 975 vota
1571 930 1692 985 tua,
1741 922 1785 976 si
1824 935 1951 975 vere

369 1020 489 1064 vota
525 1010 760 1070 fuerunt.
786 1013 1234 1081 procrastinando
1268 1013 1450 1066 tamliu
1479 1029 1584 1067 non
1610 1011 1845 1072 diﬂ‘eras.
1882 1026 1949 1065 ne

366 1101 782 1154 existimationis
827 1111 930 1155 tua:
986 1102 1272 1164 mercaris,
1322 1102 1465 1171 quod
1520 1118 1625 1157 non
1678 1110 1945 1171 optamus,

366 1194 634 1247 Sustinere
654 1194 953 1263 jacturam.

1036 1304 1267 1358 XXXIII.

738 1414 804 1451 AD
842 1413 1090 1453 CLROHSH
1128 1412 1338 1451 CALVL'!
1378 1412 1579 1453 REGEI.

1006 1509 1159 1562 Auno
1186 1508 1306 1562 871.

1006 1509 1159 1562 Auno
1186 1508 1306 1562 871.

366 1594 474 1651 Pro
502 1595 886 1651 Cnrolonwnno
914 1510 1091 1651 ϐένθη
1127 1600 1257 1663 regis
1284 1506 1425 1664 ﬁlio,
1455 1604 1543 1666 qui
1568 1614 1599 1648 α
1622 1606 1767 1664 parte
1791 1611 1944 1649 remo

435 1680 515 1720 (ns
544 1670 610 1720 (τά
655 1668 947 1737 pontiﬁcem
988 1684 1079 1738 per
1126 1667 1323 1737 legatos
1352 1685 1474 1721 suos
1503 1677 1551 1721 et
1576 1667 1778 1720 litteras
1819 1683 1971 1719 con-~

437 1740 637 1806 fugerit!
646 1778 660 1790 .

434 1850 704 1903 ,πωπω
730 1849 1033 1919 episc0pus,
1059 1865 1247 1903 servus
1274 1864 1550 1904 servorum
1583 1850 1700 1914 Dei,
1727 1848 1947 1904 Canem

366 1940 498 2006 regi.

436 2029 577 2083 lnter
614 2038 807 2083 caetera
843 2043 1161 2083 excessuum
1212 2037 1423 2083 tuorum
1453 2069 1469 2092 ,
1519 2029 1714 2098 quibus
1771 2029 1944 2085 aliena

360 2121 677 2189 usurpando
708 2121 973 2175 invasisse
1004 2122 1241 2175 crederis
1271 2162 1286 2187 ,
1335 2122 1461 2176 illud
1510 2136 1725 2191 quoque
1753 2122 1947 2177 nihilo-

364 2212 544 2266 minus
571 2207 845 2276 objicitur,
879 2210 1022 2280 quod
1051 2212 1211 2264 etiam
1241 2212 1529 2266 bestiarum
1560 2210 1829 2266 feritatem
1857 2227 1949 2266 ex-

359 2303 580 2366 cedens,
613 2302 1044 2372 contra‘propria
1077 2303 1311 2365 viscera,
1361 2301 1413 2355 id
1458 2310 1542 2356 est
1570 2311 1758 2356 contra
1786 2304 1949 2357 Caro-

351 2393 666 2446 .lomansmm
696 2394 934 2463 genitum
971 2402 1119 2448 tuum
1156 2395 1346 2448 stevire
1394 2392 1615 2447 minimc
1655 2395 1895 2449 verearis
1928 2413 1941 2449 :

360 2484 435 2536 ita
484 2492 542 2536 ut
586 2499 738 2539 more
790 2484 1131 2545 struthionis,
1166 2483 1306 2553 quod
1354 2497 1421 2535 ex
1466 2482 1603 2537 libro
1646 2482 1791 2537 beati
1843 2477 1945 2539 Job

360 2574 480 2643 (Job
518 2574 707 2642 xxxix)
737 2574 1019 2638 discimus,
1063 2573 1413 2627 obduraveris
1444 2573 1510 2625 ad
1563 2572 1728 2626 ﬁlium
1770 2582 1942 2637 tuum,

360 2665 514 2733 quasi
544 2681 648 2719 non
680 2665 749 2718 sit
777 2673 899 2719 tuus
930 2681 941 2716 :
973 2679 1094 2720 eum
1118 2664 1363 2717 videlicet
1388 2679 1491 2716 non
1514 2662 1690 2717 solmn
1717 2672 1943 2731 paterna

358 2757 529 2827 gratia
558 2766 607 2809 et
646 2756 923 2810 beneﬂciis
954 2755 1173 2825 privans
1199 2794 1212 2816 ,
1242 2768 1428 2806 verum
1452 2753 1613 2805 etiam
1645 2752 1792 2820 regni
1824 2752 1944 2807 lini:

359 2850 460 2904 bus
485 2848 793 2911 climinans,
828 2854 991 2915 atque
1024 2844 1167 2915 quod
1212 2844 1434 2913 impium
1467 2852 1569 2906 est,
1622 2850 1680 2895 ut
1728 2858 1943 2896 excom-

358 2941 602 2994 munioni
653 2939 1035 3002 submittatur,
1096 2935 1375 2989 affectans.
1411 2932 1608 2987 Verum
1645 2934 1769 3003 quia
1800 2933 1941 2987 idem

359 3029 786 3085 Carolomannus
831 3028 1011 3083 sedem
1061 3026 1409 3095 apostolicam
1453 3025 1644 3095 legatis
1665 3026 1796 3088 suis,
1824 3034 1943 3079 tan-

358 3139 518 3193 quam
569 3124 888 3192 quibusdam
935 3121 1131 3191 pedum
1168 3134 1387 3174 suorum
1420 3118 1669 3187 passibus
1693 3116 1857 3181 adiit,
1882 3126 1937 3171 et

358 3232 459 3288 per
504 3217 753 3287 proprias
804 3215 1012 3270 litteras
1057 3229 1154 3269 nos
1183 3211 1435 3282 appellat,
1469 3210 1594 3280 quin
1629 3209 1807 3278 potius
1860 3209 1939 3261 in-

358 3309 849 3379 terpellatzprimo
885 3308 1103 3378 quidem
1147 3306 1215 3360 ab
1258 3302 1626 3371 hujuscemodi
1683 3312 1936 3356 conatum

358 3413 509 3456 tuum
573 3401 781 3455 intentu
840 3398 1163 3453 auctoritate
1213 3394 1504 3465 apostolica
1560 3393 1933 3447 refrenamus:

354 3493 550 3547 deinde
594 3507 757 3555 vero,
794 3505 861 3543 ne
891 3491 1151 3543 adversus
1188 3487 1494 3556 apostolum
1520 3484 1735 3555 (Epltes.
1769 3484 1841 3553 vt)
1871 3484 1937 3537 ad

358 3582 693 3637 iracundiam
727 3594 986 3649 provoces
1017 3578 1184 3632 (ilium
1215 3586 1386 3642 tuttm,
1435 3574 1725 3629 salubriter
1747 3574 1938 3627 exhor-

354 3682 553 3726 tamur.
577 3672 751 3741 Atque
778 3671 896 3726 ideo
920 3679 975 3724 et
1004 3671 1235 3740 gratiam
1263 3669 1310 3723 ei
1343 3676 1488 3723 tuam
1517 3666 1657 3721 sicut
1684 3665 1939 3720 convenit

356 3762 540 3825 redde,
572 3770 625 3816 et
657 3760 827 3824 illum,
860 3768 919 3813 ut
958 3773 1146 3813 revera
1177 3758 1452 3829 proprium
1481 3755 1670 3820 ﬁlium,
1697 3754 1938 3824 paternis

355 3853 634 3908 aﬂectibtis
664 3851 898 3920 suscipe,
927 3864 1026 3904 nec
1055 3864 1161 3904 non
1189 3857 1244 3904 et
1268 3848 1511 3918 pristinis
1548 3846 1826 3901 beneﬁciis
1873 3859 1937 3902 ac

356 3944 653 4001 honoribus
684 3943 967 3996 restituere
1007 3949 1207 4009 satage,
1238 3938 1409 3994 donec
1437 3938 1630 3993 saltem
1666 3937 1939 4006 apostola-

356 4047 441 4091 tus
498 4036 667 4089 nostri
730 4033 878 4088 missi
937 4033 1003 4086 ad
1042 4039 1094 4085 te
1156 4030 1394 4093 veniant,
1436 4037 1491 4083 et
1544 4028 1695 4083 salvo
1750 4027 1936 4083 debito

353 4128 635 4197 utriusque
664 4133 902 4178 vestrum
932 4121 1431 4191 honore,quidqnid
1463 4121 1527 4174 de
1554 4120 1643 4174 illo
1667 4120 1937 4176 salubrius

357 4222 633 4275 inventum
663 4216 845 4280 fuerit,
886 4213 1212 4283 competenti
1258 4210 1605 4265 exsecutione
1634 4225 1698 4265 ac
1725 4210 1937 4280 dispen-

356 4314 563 4369 Satio‘ue
592 4310 873 4364 ordinetur
917 4324 978 4362 ac
1026 4308 1361 4374 disponatur.
1408 4302 1548 4373 Ergo
1601 4318 1667 4355 ne
1713 4301 1934 4369 adjicias

354 4412 635 4475 peccatum
664 4416 826 4469 super
856 4406 1159 4469 peccatum,
1188 4396 1282 4449 sed
1320 4402 1375 4449 et
1404 4395 1471 4447 de
1513 4393 1758 4462 pristinis
1788 4394 1936 4446 inva-
1966 4426 2014 4484 υ

354 4494 522 4549 sionis
550 4501 605 4547 et
635 4491 877 4545 avaritia)
901 4487 1259 4558 pravitatibus
1298 4485 1612 4555 deprecare,
1656 4493 1711 4538 et
1760 4499 1938 4538 corre-

354 4585 548 4637 ctionis
592 4592 809 4636 ostensa
857 4577 1213 4650 perfectione,
1264 4574 1476 4628 veniam
1515 4574 1940 4628 ecclesiasticam

357 4675 596 4743 recipere
630 4673 755 4727 tutis
781 4669 1024 4725 medullis
1040 4675 1256 4736 exepta,
1273 4674 1327 4719 et
1353 4679 1418 4718 ne
1442 4664 1707 4719 linetenus
1727 4679 1938 4734 pereas,

355 4781 739 4837 usquequaque
791 4764 1008 4818 decerta
1046 4778 1059 4814 :
1091 4770 1357 4829 quatenus
1401 4772 1500 4826 per
1539 4756 1641 4811 hoc
1671 4758 1792 4811 linis
1820 4773 1941 4823 pra-

354 4861 580 4914 vitatum
605 4858 727 4911 linis
747 4851 1229 4909 animadversionis
1256 4847 1629 4912 eﬂiciatur,et,
1647 4858 1939 4917 prtrstante

358 4952 488 5016 Deo,
516 4964 637 5005 cum
674 4948 901 5002 termino
929 4946 1099 5014 culpa:
1128 4943 1394 4999 terminus
1418 4941 1642 4996 accedat
1671 4951 1726 4995 et
1752 4956 1932 5010 pinna.

358 5045 490 5099 Data
531 5057 591 5095 ιιι
621 5039 744 5094 ldus
764 5036 913 5101 Julii,
948 5037 1241 5093 indictione
1271 5050 1342 5089 tv.

1014 5170 1251 5223 XXXIV.

359 5287 423 5325 AD
445 5285 710 5326 FROCEBES
732 5280 886 5321 REGNI
908 5279 1099 5318 CAROLI
1120 5278 1272 5316 (ΞΜ.κί
1304 5280 1371 5319 ΕΤ
1405 5280 1657 5319 ιοτιιλιιιι
1684 5280 1933 5325 QVONDAM

1066 5347 1237 5386 REGIS.

965 5446 1141 5515 (Auno
1172 5442 1320 5505 87!.)

390 5527 635 5596 Prohibet
669 5555 730 5592 ne
759 5553 908 5590 urina
948 5536 1156 5605 cupiant
1198 5528 1401 5586 contra'
1428 5532 1893 5585 Carolomannum.

425 5655 698 5706 Annianus
734 5650 1034 5717 episcopus,
1077 5662 1265 5701 servus
1303 5659 1580 5699 servorum
1616 5643 1731 5711 Dei,
1762 5647 1935 5700 omni-

2055 471 2255 537 Caroli,
2282 483 2337 528 et
2362 475 2423 531 in
2456 491 2625 553 regno.
2645 478 2917 547 quondam
2945 480 3185 535 Lotharii
3223 495 3408 553 regum
3439 500 3625 540 consu-

2056 562 2208 616 tutis.

2126 654 2340 709 Anditni
2392 650 2576 712 nostro
2622 660 2803 714 sonuit
2856 661 2998 731 quod
3048 662 3274 717 Carolus
3324 680 3418 721 rex
3473 668 3628 721 etiam

2054 747 2352 802 belluarum
2411 749 2649 806 furorem
2706 756 3134 818 transcendens,
3185 765 3375 810 contra
3419 760 3629 829 propria

2052 841 2296 902 viscera,
2338 843 2388 895 id
2434 854 2514 897 est
2563 854 2750 898 contra
2785 845 3237 901 Carolomannum
3281 848 3447 902 ﬁlium
3479 866 3629 904 suum

2052 924 2315 993 sazvierit,
2356 933 2500 988 hunc
2527 934 2781 989 videlicet
2806 952 2910 989 non
2940 937 3098 991 modo
3125 946 3346 1007 paterna
3385 941 3555 1009 gratia
3582 948 3632 992 et

2050 1019 2329 1075 beneliciis
2357 1021 2605 1090 privans,
2629 1027 2815 1077 verum
2857 1026 3017 1078 etiam
3049 1028 3195 1095 regni
3246 1029 3327 1081 sui
3357 1030 3515 1083 metis
3540 1030 3628 1083 eli.

2050 1111 2265 1166 minans
2293 1130 2305 1164 :
2331 1112 2628 1180 quinetiam
2652 1123 2874 1168 conetur
2894 1116 3151 1170 adversus
3172 1116 3318 1170 illum
3340 1121 3629 1174 exercitum

2048 1213 2380 1270 congregare
2405 1242 2421 1265 ,
2470 1208 2525 1254 et
2566 1217 2663 1256 vos
2690 1218 2881 1257 omnes
2912 1205 3170 1259 adversus
3200 1221 3321 1259 eum
3356 1208 3478 1260 totis
3509 1208 3631 1267 nisi-

2047 1287 2148 1341 btts
2176 1288 2468 1343 destinare.
2510 1288 2684 1355 Unde,
2714 1292 2839 1360 quia
2869 1308 2965 1362 per
2995 1293 3298 1363 hujnsmodi
3322 1296 3623 1351 contentio-

2048 1394 2169 1434 nem
2196 1388 2359 1449 atque
2378 1380 2687 1437 conﬂictum
2713 1397 2853 1453 sarpe
2874 1385 3150 1455 sanguinis
3170 1386 3358 1441 ell‘usio
3382 1389 3621 1460 contig't,

2044 1470 2433 1541 providendum
2467 1489 2810 1544 summopere
2835 1476 3079 1531 ducimus
3104 1518 3119 1541 ,
3150 1493 3218 1532 ne
3245 1478 3348 1534 tale
3380 1482 3627 1549 presens

2048 1570 2233 1615 nostro
2270 1564 2551 1631 proveniat
2589 1573 2852 1634 tempore,
2892 1581 2955 1621 ac
2993 1582 3090 1635 per
3135 1568 3237 1622 hoc
3281 1585 3475 1622 nomen
3542 1570 3630 1624 Dei

2048 1651 2453 1720 blasphemetur
2500 1653 2859 1725 ingentibus.
2912 1656 3141 1725 Ideoque
3191 1672 3377 1724 pacem
3424 1668 3479 1713 et
3530 1675 3629 1712 non

1975 1726 2021 1784 Β
2049 1740 2188 1795 bella
2242 1743 2488 1798 volentes
2537 1745 2682 1817 (nam
2722 1745 3007 1800 Psalmista
3061 1747 3284 1803 Domino
3312 1749 3440 1803 dicit
3472 1768 3484 1801 :
3522 1749 3629 1802 Dis-

2050 1832 2164 1900 sipa
2213 1842 2387 1901 gentes
2440 1849 2557 1903 qua:
2608 1832 2741 1886 bella
2790 1835 2965 1888 roltmt
3014 1834 3185 1906 [PsaL
3219 1834 3493 1908 \‘tt]),ca
3519 1852 3635 1907 quin

2049 1921 2204 1991 pacis
2237 1931 2363 1975 sunt
2394 1922 2534 1978 inter
2563 1924 2859 1994 genitorem
2892 1934 2948 1980 et
2980 1927 3219 1995 genitum
3244 1967 3259 1990 ,
3302 1928 3343 1980 si
3377 1931 3634 1997 potestis,

2048 2012 2377 2066 constituite.
2427 2012 2596 2067 Porro
2658 2013 2703 2067 si
2760 2030 2863 2067 non
2917 2015 3184 2084 potestis,
3230 2015 3419 2070 saltem
3474 2017 3626 2070 bellis

2048 2103 2243 2161 cedite.
2275 2103 2456 2173 przclia
2488 2104 2766 2172 dissipate.
2799 2104 3072 2174 Alioquin,
3107 2105 3352 2175 quisquis
3391 2118 3629 2161 vestrum

2046 2202 2235 2246 eontra
2268 2192 2720 2248 Carolomannum
2769 2198 3241 2260 castra-moverit,
3274 2214 3423 2251 arma
3455 2211 3633 2253 sustu-

2048 2280 2190 2341 lerit,
2231 2280 2313 2334 vel
2343 2281 2577 2335 laesionis
2603 2283 2862 2338 exercitia
2890 2287 3297 2354 prtcparaverit,
3345 2302 3410 2341 ac
3457 2302 3556 2355 per
3583 2287 3632 2340 id

2048 2382 2106 2426 ιιι
2148 2371 2454 2426 elTundatur
2491 2371 2726 2426 ﬁdelium
2757 2374 2975 2442 sanguis
3002 2375 3391 2439 construxerit,
3415 2392 3524 2428 nou
3548 2391 3629 2428 so-

2048 2462 2155 2514 lum
2189 2462 2769 2516 excommunicatimtis
2803 2464 3029 2516 nexibus
3055 2463 3422 2526 innodabitur,
3447 2480 3631 2519 verum

2046 2552 2211 2606 etiam
2245 2552 2474 2606 vinculis
2497 2553 2858 2606 anathematis
2882 2552 3149 2623 obligatus
3173 2554 3223 2607 in
3246 2554 3488 2623 gehenna
3513 2569 3631 2608 cum

2046 2642 2261 2695 diabolo
2310 2642 2677 2711 deputabitur.
2719 2641 2978 2711 Optamus
3026 2658 3122 2696 vos
3160 2643 3212 2696 in
3245 2642 3460 2698 Christo
3497 2645 3633 2700 bene

2045 2734 2242 2788 valere.
2272 2734 2407 2788 Data
2437 2748 2494 2788 ιιι
2526 2732 2649 2788 ldus
2675 2733 2866 2796 Julias,
2892 2735 3190 2790 indictione
3216 2752 3291 2791 tv.

2725 2822 2943 2891 XXXV,

2046 2930 2113 2970 ΑΙ)
2148 2931 2426 2972 EPISCOPOS
2469 2931 2520 2969 ΙΝ
2558 2931 2732 2973 REGNO
2763 2932 2954 2973 CAROLI
2990 2934 3061 2973 ΕΤ
3098 2932 3347 2981 QUONDAI
3376 2931 3633 2973 ιοτιιιιιιιι

2639 3003 3028 3043 CONSTITUTOS.

2651 3078 2829 3144 (Anno
2865 3077 3014 3149 871.)

2188 3167 2436 3221 Prohibet
2469 3185 2533 3222 ne
2571 3167 2983 3223 Carlomannum
3009 3172 3480 3225 excommunicent.

2111 3276 2390 3348 Annianus
2416 3278 2727 3348 episcopus,
2768 3295 2959 3335 servus
2988 3297 3268 3336 servorum
3296 3283 3389 3339 Dei
3415 3324 3429 3341 .
3470 3297 3633 3336 reve-

2044 3345 2367 3423 rentissimis
2395 3380 2449 3423 et
2480 3371 2840 3425 sanctissimis
2868 3370 3232 3427 cunfratribns
3271 3374 3495 3438 nostris,
3549 3390 3636 3427 ar-

2042 3459 2402 3528 chiepisc0pis
2427 3468 2481 3513 et
2516 3462 2786 3530 episcopis
2816 3461 2869 3514 in
2902 3478 3066 3532 regno
3092 3460 3267 3516 Caroli
3297 3472 3351 3516 et
3386 3464 3438 3515 in
3467 3477 3634 3533 regio

2040 3548 2310 3617 quondam
2344 3548 2585 3603 Lotharii
2620 3542 2807 3620 regum
2841 3550 3135 3604 Ecclesium
3187 3552 3396 3605 Domini
3437 3552 3635 3622 guber-

2043 3639 2315 3693 nantibus.

2114 3730 2439 3785 Prtcsulatus
2474 3732 2641 3786 nostri
2671 3733 2892 3788 auribus
2922 3735 3222 3787 tntimatum
3252 3748 3335 3790 est
3376 3735 3632 3789 Catulum

2043 3838 2221 3893 regem
2248 3822 2702 3876 Carolmnannum
2734 3824 2902 3876 lilium
2932 3839 3089 3876 suum
3124 3825 3295 3891 gratia
3322 3840 3419 3876 sua
3455 3827 3637 3893 priva-

2043 3918 2180 3973 tum,
2222 3919 2341 3979 post
2372 3910 2538 3963 multa
2570 3911 2685 3964 dira
2733 3912 2890 3965 simul
2925 3918 2981 3965 et
3006 3912 3139 3966 dura
3171 3913 3469 3967 crudeliter
3494 3917 3635 3970 irro-

2040 4012 2188 4074 gata,
2228 4003 2527 4065 beneliciis,
2556 4013 2609 4056 et
2642 4005 2710 4057 ab
2737 4004 2867 4072 ipsis
2890 4019 3102 4074 quoque
3143 4005 3291 4075 regni
3340 4005 3422 4058 sui
3469 4007 3637 4060 metis

2040 4093 2350 4148 elimiuasse
2384 4110 2395 4145 :
2430 4093 2673 4161 quinimo
2722 4103 2775 4146 ut
2810 4109 2902 4147 vos
2928 4094 3092 4147 etiam
3132 4094 3183 4147 in
3235 4108 3356 4145 cum
3410 4107 3638 4147 ειυ-οτιις

2041 4186 2427 4241 municationis
2457 4186 2660 4255 spicula
2704 4184 2981 4253 jaceretis,
3033 4186 3405 4239 sanctimoniae
3436 4196 3637 4240 vestra:

2042 4277 2393 4331 nihilominus
2441 4278 2696 4331 suasisse.
2760 4277 2814 4329 ln
2871 4292 2978 4345 quo
3036 4276 3163 4344 quid
3210 4277 3352 4329 aliud
3397 4277 3634 4347 intelligi

2041 4368 2232 4432 datur,
2272 4369 2316 4422 si
2373 4369 2449 4422 rei
2481 4383 2538 4423 se
2571 4380 2642 4421 ita
2696 4368 2896 4422 veritas
2940 4368 3137 4431 habet,
3178 4368 3279 4420 nisi
3313 4369 3458 4436 quod
3498 4372 3631 4424 redi

2042 4461 2396 4523 delictorum,
2445 4476 2606 4531 quam
2672 4460 3043 4530 multipliciter
3103 4461 3445 4514 extendendo
3505 4479 3635 4515 con-

2045 4552 2246 4612 texuit,
2278 4552 2454 4605 adhuc
2495 4551 2634 4605 istud
2669 4566 2884 4620 quoque
2933 4551 3224 4619 impietatis
3278 4567 3453 4620 genus
3499 4553 3632 4605 velit

2043 4640 2301 4705 adjicere,
2332 4649 2387 4694 et
2424 4656 2545 4695 sese
2577 4641 2774 4696 talibus
2823 4641 3164 4711 iniquitatum
3213 4652 3432 4709 captum
3491 4643 3623 4696 fitni-

2044 4733 2180 4788 cnlis
2208 4743 2264 4788 et
2290 4735 2643 4789 constrictum
2675 4735 2871 4805 gestiat
2895 4735 3151 4787 irretire?
3181 4734 3322 4788 unde
3370 4735 3631 4789 nimirum

2044 4825 2199 4880 valde
2235 4827 2501 4890 dolemus,
2532 4835 2585 4881 et
2630 4828 2679 4880 ei
2730 4826 2924 4881 affectu
2961 4826 3193 4894 spiritali
3242 4830 3627 4895 compatimnr.

2046 4913 2113 4967 Et
2138 4917 2383 4983 quamvis
2408 4917 2734 4971 exteriorem
2760 4918 2905 4971 circa
2938 4916 3086 4970 illum
3116 4931 3301 4986 pacem
3330 4918 3629 4979 solvamus,

2045 5008 2358 5061 interiorem
2412 5018 2590 5062 tamen
2646 5008 2911 5077 integram
2961 5023 3366 5064 conservamus.
3408 5007 3543 5062 Nam
3575 5022 3632 5064 et

2047 5101 2167 5153 ideo
2217 5099 2363 5153 illum
2409 5100 2742 5169 percntimus
2764 5140 2778 5163 ,
2822 5109 2879 5153 ut
2905 5115 3157 5154 sanemus
3190 5118 3201 5153 :
3233 5111 3288 5155 et
3317 5099 3525 5170 ﬂagella
3554 5104 3631 5153 id-

2044 5189 2189 5243 eirco
2218 5189 2555 5242 extrinsecus
2581 5189 2920 5246 adhibemus.
2951 5197 3011 5243 ut
3039 5173 3366 5243 intrinsecus
3399 5189 3631 5243 vulnera

2044 5281 2358 5335 delictorum
2405 5297 2674 5334 erremus.
2728 5282 2962 5335 Verbera
3017 5298 3251 5352 namque
3303 5283 3631 5345 corrigentis

2043 5379 2206 5431 sunt,
2240 5386 2342 5423 ncn
2375 5385 2545 5439 pcnna:
2576 5372 2899 5424 damnantis.
2946 5370 3145 5424 Verum
3172 5374 3296 5443 quia
3334 5372 3476 5426 idem
3524 5372 3632 5424 Ca-

2043 5461 2387 5514 rolomannus
2446 5475 2556 5511 nos
2605 5460 2787 5513 missis
2851 5461 2992 5518 suis,
3046 5461 3200 5527 quasi
3265 5455 3641 5528 quorumdim‘

2039 5555 2232 5620 pedum
2294 5566 2512 5605 suorum
2560 5551 2857 5617 gressibus,
2907 5550 3070 5610 ar'iit,
3124 5560 3177 5603 et
3237 5565 3334 5618 per
3388 5551 3630 5622 syllabas

2038 5643 2281 5711 proprias
2339 5641 2684 5711 apostolicam
2736 5641 2916 5695 sedem
2969 5640 3220 5709 appellat,
3265 5640 3394 5709 quin
3447 5642 3628 5708 potius
