3978 6160
433 307 568 363 1500

1623 302 1980 357 EPlSTOLJﬁ
2018 300 2106 355 ΕΤ
2151 299 2519 355 DECRETA.‘

3559 293 3692 348 lSlll

431 418 735 490 interpellat
769 436 781 471 :
813 417 1177 482 decernimus,
1209 417 1410 470 nullam
1432 430 1529 470 vos
1559 417 1610 469 iu
1641 431 1764 468 eum
1797 431 2012 468 excom-
2041 423 2086 476 Α
2118 421 2172 466 et
2219 411 2542 468 laudabilius
2581 412 2930 468 sublimitatis
2960 425 3150 470 vestrae
3201 419 3524 486 przedicatur
3574 420 3704 477 iesi-

433 509 813 566 niunicationis
851 507 1188 576 jaculaturos
1215 507 1434 562 omnino
1474 507 1797 561 sententiam
1826 521 1840 570 ;
1871 520 2005 572 quo-

429 617 602 670 usque
629 599 880 654 videlicet
911 613 1028 661 nos,
1061 599 1154 670 qui
1185 599 1526 652 sacerdotum
1556 597 1764 652 Domini
1795 605 2005 650 matura

433 695 676 748 volumus
721 707 840 748 esse
879 693 1080 762 judicia
1112 731 1128 756 ,
1173 691 1427 744 universa
1471 705 1592 760 qua:
1629 697 1789 769 gesta
1830 697 2004 754 sunt,

431 784 694 840 veraciter
723 798 1101 852 agnoscamus.
1132 781 1348 850 Alioqui
1379 781 1668 836 invalidam
1696 779 2006 850 apostolica:

430 874 668 944 pondere
691 871 1028 927 auctoritatis
1057 870 1626 940 futuram,contraque
1647 869 2006 923 reverentiam

431 971 663 1017 vestram
715 961 892 1032 potius
941 975 1048 1015 non
1099 959 1371 1014 immerito
1440 959 1768 1014 saevituram.
1823 955 2006 1010 Satius

428 1065 635 1119 autem,
671 1064 726 1109 et
754 1055 872 1108 sine
897 1052 1234 1107 dubitatione
1268 1050 1610 1120 praestantius
1637 1057 1720 1104 est
1744 1088 1758 1110 ,
1809 1062 1874 1101 ne
1903 1046 2004 1102 Ca-

430 1146 578 1200 rolus
617 1145 892 1216 proprium
926 1144 1091 1198 (ilium
1123 1150 1384 1213 spernat,
1435 1157 1505 1196 ne
1543 1141 1866 1196 domesticos
1919 1155 2004 1195 se-

429 1237 589 1291 minis
640 1237 722 1290 sui
761 1235 1044 1303 despiciat,
1096 1249 1164 1288 ne
1207 1232 1332 1300 jura
1377 1231 1792 1300 propinquitatis
1841 1230 2004 1284 solito

427 1341 577 1379 more
597 1331 930 1392 corrumpat,
953 1337 1019 1376 ne
1041 1322 1188 1392 pacis
1208 1331 1263 1377 et
1287 1322 1570 1377 cbaritatis
1591 1321 1794 1376 foedera
1816 1319 2000 1385 violet,

425 1432 492 1470 ne
519 1418 719 1470 caduca
749 1415 1019 1469 mansuris
1037 1413 1324 1479 anteferat,
1353 1430 1420 1469 ne
1443 1413 1755 1483 temporalia
1785 1413 2003 1468 aeternis

421 1517 718 1576 praeponat.
759 1506 1027 1562 Praeterea
1078 1505 1334 1576 praefatus
1364 1506 1791 1561 Carolomaunus
1821 1507 2003 1560 inson-

423 1607 527 1649 tem
575 1597 794 1666 quidem
839 1610 898 1650 se
944 1596 1087 1652 circa
1120 1605 1328 1665 patrem
1366 1595 1735 1666 multipliciter
1783 1596 1996 1652 asserit.

423 1691 622 1746 Verum
659 1701 717 1746 ut
767 1707 885 1755 nos,
925 1707 1029 1746 non
1081 1691 1403 1756 astruendo,
1458 1692 1553 1746 sed
1607 1692 1995 1756 ratiocinando,

2095 503 2381 572 'gne'quod
2411 518 2514 557 non
2535 501 2797 569 judicium
2829 504 2909 558 vel
2943 515 3296 572 assertorum,
3327 511 3417 562 sed
3448 510 3694 564 conscio-

2112 608 2231 645 rum
2261 602 2472 646 tantmn
2505 601 2560 646 et
2605 593 3093 648 obsecundatormn
3139 612 3365 665 persona
3398 599 3477 652 usi
3531 598 3697 654 fuisse

2115 683 2500 754 dignoscimini
2536 703 2548 736 :
2579 685 2650 736 ita
2685 695 2743 738 ut
2789 699 2884 752 per
2912 685 3228 741 luunilitatis
3259 704 3438 742 arcem
3469 689 3536 742 ad
3585 689 3698 743 cul-

2110 791 2230 828 men
2263 775 2526 828 virtutum
2559 775 2844 844 pervenire
2881 775 3177 834 dilexeritis
3207 777 3385 846 potius
3406 794 3566 847 quam
3601 795 3698 848 per

2110 865 2405 934 imperialis
2421 865 2726 919 altitudinis
2752 865 2948 920 fastum
2981 869 3046 920 ad
3079 868 3254 922 inanis
3271 869 3456 938 gloriae
3481 870 3584 922 iuta
3602 871 3695 923 de-

2107 953 2213 1008 labi
2237 955 2644 1009 conscnseritis.
2674 955 2940 1011 Praeterea
2969 959 3140 1012 nostri
3188 959 3405 1014 habitus
3439 961 3692 1028 qualitas,

2107 1057 2267 1111 quam
2313 1043 2455 1096 scire
2498 1058 2560 1098 se
2585 1043 2724 1098 velle
2767 1044 3074 1113 benignitas
3103 1058 3286 1102 vestra
3325 1051 3416 1119 pio
3450 1051 3696 1119 designat

2107 1128 2323 1195 affectu,
2353 1131 2426 1183 ita
2458 1147 2516 1185 se
2559 1131 2752 1197 habet,
2801 1144 2858 1187 ut
2895 1149 3124 1203 superna
3157 1139 3508 1206 providentia
3529 1179 3544 1202 ,
3573 1155 3695 1208 quae

2105 1229 2297 1274 cuncta
2335 1222 2615 1292 creavitet
2647 1225 2898 1278 continua
2928 1227 3236 1295 provisione
3271 1229 3554 1300 gubernat,
3595 1246 3692 1285 ex-

2103 1313 2289 1381 pedire
2333 1313 2490 1369 nobis
2545 1316 2845 1384 perspicit,
2898 1327 2953 1372 et
3003 1321 3146 1388 quod
3200 1323 3504 1390 expedierit
3564 1341 3695 1378 con-

2103 1404 2241 1460 sulte
2292 1405 2588 1474 dispensat.
2621 1407 3014 1476 Apocrisiarios
3063 1425 3274 1480 quoque
3323 1423 3568 1478 nostros,
3603 1430 3694 1470 su-

2101 1509 2200 1564 per
2249 1509 2478 1564 quorum
2531 1497 2880 1552 nihilominus
2938 1501 3247 1554 reversione
3283 1503 3600 1572 scripsistis,
3630 1505 3695 1558 li-

2101 1594 2188 1640 cet
2213 1599 2355 1649 sero,
2384 1593 2506 1656 post
2536 1581 2700 1641 multa
2727 1597 2908 1644 tamen
2938 1591 3173 1660 pericula
3197 1633 3213 1657 ,
3259 1593 3692 1662 deprmdationes

2100 1683 2265 1746 atque
2294 1677 2636 1748 propriorum
2688 1679 2970 1734 hominum
3010 1682 3465 1748 trucidationem,
3515 1687 3691 1741 nudos

419 1799 538 1852 quae
564 1782 1047 1844 animadyenimus
1076 1780 1362 1847 ςδιεωηυν,
1391 1782 1521 1852 quid
1549 1783 1770 1846 mirum,
1807 1783 1853 1837 si
1895 1783 1998 1837 Ca-
2026 1779 2072 1837 Β
2104 1769 2314 1822 tandem
2373 1772 2677 1840 recepimus
2725 1787 2832 1826 non
2880 1771 3166 1842 cujuslibet
3219 1775 3456 1830 hominis
3522 1776 3690 1834 fretos

419 1873 564 1928 rolus
613 1881 876 1942 praecepta
930 1871 1054 1936 Dei,
1090 1871 1342 1942 praefixos
1371 1872 1532 1928 metis
1578 1873 1691 1927 suis
1736 1872 1996 1928 terminos

417 1964 808 2027 transferendo,
841 1963 1014 2017 aliena
1047 1963 1371 2029 invadendo,
1397 1973 1773 2027 contemnens,
1794 1979 1859 2018 ex
1884 1964 1997 2018 suis

417 2058 635 2124 reperit,
676 2055 766 2124 qui
802 2055 919 2125 ejus
944 2054 1309 2110 voluntatibus
1331 2055 1646 2120 contrairet,
1677 2064 1732 2110 et
1753 2054 1822 2109 de
1850 2054 1993 2108 lum-

415 2145 498 2198 bis
529 2147 640 2199 suis
682 2147 1019 2215 procederet,
1051 2145 1144 2214 qui
1179 2143 1350 2213 ipsius
1388 2145 1612 2200 nutibus
1657 2144 1946 2200 resultaret
1975 2161 1990 2200 :

321 2237 328 2243 ’
414 2251 536 2290 ειιιιι
567 2252 672 2290 non
705 2236 1014 2306 ignoremus
1043 2235 1464 2306 protoplastnm,
1509 2245 1696 2292 contra
1727 2236 1894 2291 Deum
1935 2251 1994 2292 se

414 2341 509 2396 per
533 2325 955 2380 inobetlientiam
967 2325 1288 2396 erigentem,
1306 2335 1360 2380 et
1377 2326 1542 2380 vetita
1571 2327 1990 2398 contingentem,

413 2430 518 2469 non
549 2415 719 2468 solum
751 2415 1021 2470 exteriora
1051 2429 1276 2484 quaeque
1307 2415 1619 2470 rebellantia
1649 2415 1990 2486 cognovisse,

411 2521 598 2559 verum
629 2506 792 2559 etiam
826 2507 877 2560 iu
916 2507 1208 2576 semetipso
1247 2521 1367 2577 qum
1405 2507 1508 2562 sibi
1547 2508 1874 2563 obsisterent
1909 2508 1992 2564 in-

410 2598 666 2652 venisse?
707 2597 857 2664 Quod
915 2596 1097 2653 tamen
1127 2613 1233 2652 non
1263 2598 1512 2665 dicimus,
1557 2600 1715 2668 quasi
1759 2599 1991 2656 Carolo~

412 2702 668 2740 manuum
713 2687 965 2742 rebellem
995 2689 1136 2743 circa
1167 2695 1374 2757 patrem
1403 2686 1652 2753 fatentes,
1680 2696 1773 2742 aut
1800 2697 1992 2744 contu-

409 2792 616 2830 macem
647 2776 885 2846 genitura
918 2792 1044 2847 erga
1071 2778 1374 2847 genitorem
1407 2775 1524 2832 fore
1569 2780 1826 2832 docentes
1853 2795 1866 2831 :
1895 2778 1990 2834 sed

407 2867 533 2937 quid
585 2877 797 2923 secreto
834 2866 1090 2938 justeque
1135 2867 1320 2923 divino
1383 2866 1591 2936 judicio
1650 2867 1767 2923 fieri
1820 2869 1991 2940 possit

401 2960 825 3023 considerantes,
861 2972 912 3015 et
950 2969 1009 3014 ut
1033 2961 1148 3015 btec
1181 2975 1274 3015 rex
1302 2959 1528 3016 Carolus
1557 2961 1784 3018 solerter
1814 2969 1990 3018 atten-

401 3049 535 3114 dat,
585 3033 870 3104 salubriter
923 3049 1297 3105 admonentes.
1358 3049 1436 3105 De
1493 3049 1690 3120 quibus
1737 3053 1988 3108 omnibus

2097 1858 2317 1921 auxilio,
2355 1859 2448 1914 sed
2489 1859 2584 1914 Dei
2621 1859 2789 1914 solius
2831 1862 3084 1930 praeditos
3130 1861 3504 1920 adminiculo:
3545 1867 3687 1922 unde

2096 1948 2378 2003 audientes
2403 1947 2519 2003 haec
2547 1948 2784 2004 universi
2818 1960 3064 2019 gemunt,
3101 1961 3156 2006 et
3183 1953 3306 2022 quia
3334 1953 3421 2008 isti
3452 1956 3689 2024 pertule-

2097 2045 2222 2090 runt
2251 2051 2372 2106 qua:
2412 2037 2512 2092 sub
2557 2037 2706 2092 nullo
2747 2038 2959 2108 piorum
3007 2039 3310 2110 principum
3356 2058 3683 2112 quemquam

2095 2129 2238 2184 sedis
2263 2128 2571 2198 apostolica:
2609 2129 2838 2184 missum
2864 2131 3154 2200 pertulisse
3196 2133 3459 2199 recolunt,
3494 2149 3686 2190 orunes

2094 2217 2385 2289 stupefacti
2433 2221 2740 2284 mirantur,
2801 2218 2969 2292 fitque
3014 2224 3254 2278 continui
3311 2225 3564 2282 clamoris
3617 2229 3686 2281 ab

2095 2309 2337 2364 Ecclesia
2396 2319 2580 2365 nostra
2639 2327 2915 2378 murmur,
2976 2315 3120 2382 quod
3173 2315 3247 2369 ita
3311 2317 3684 2387 dispositionis

2045 2409 2066 2419 ‘
2092 2410 2289 2456 vestra:
2317 2403 2636 2458 constitutio
2668 2405 2968 2474 improvide
3007 2407 3228 2477 prodire
3256 2413 3515 2480 potuerit,
3542 2423 3599 2466 ut
3628 2415 3682 2467 iu

2093 2493 2448 2549 barbarorum
2483 2495 2712 2568 gladios,
2747 2497 2893 2552 nullo
2925 2497 3138 2568 imperii
3170 2501 3337 2554 vestri
3377 2483 3503 2556 fulti
3545 2519 3684 2573 prie-

2092 2573 2282 2652 sidio,'
2311 2587 2633 2644 miseranter
2681 2589 2990 2646 inciderint.
3055 2591 3362 2648 Praesertim
3405 2609 3528 2649 eum
3583 2596 3680 2649 bos

2093 2690 2228 2745 quos
2248 2677 2316 2731 ab
2346 2677 2636 2746 apostolica
2664 2679 2792 2732 sede
2821 2687 2933 2734 toto
2957 2680 3224 2736 desiderio
3254 2683 3677 2751 postulaveritis,

2091 2774 2147 2821 et
2174 2769 2242 2820 ab
2278 2766 2410 2836 ipsis
2431 2767 2797 2836 apostolorum
2828 2769 3136 2841 principum
3171 2773 3330 2832 tectis
3353 2788 3448 2845 per
3472 2771 3679 2844 legatos

2090 2865 2301 2912 vestros
2348 2857 2524 2912 salvos
2553 2860 2894 2928 acceperitis,
2926 2860 3108 2916 salvos
3155 2877 3363 2925 rursus,
3397 2861 3678 2932 dispositis

2089 2947 2196 3002 rite
2223 2957 2444 3017 pmpter
2471 2963 2591 3016 qum
2618 2947 2766 3003 missi
2797 2948 3012 3003 fuerant
3041 2950 3109 3004 ad
3144 2951 3363 3020 propria
3399 2962 3680 3008 rennttere

2092 3051 2302 3092 summa
2351 3037 2628 3106 diligentia
2687 3054 2979 3108 procurare
3037 3041 3375 3107 debueritis,
3425 3043 3678 3113 exemplo

396 3143 596 3196 scitote
629 3157 728 3197 nos
757 3143 856 3213 ipsi
905 3143 1014 3210 regi
1054 3141 1248 3198 Carolo
1275 3143 1477 3213 scripta
1519 3153 1702 3199 nosua
1747 3146 1980 3211 misisse,
2011 3149 2057 3216 ο
2090 3128 2280 3184 saltem
2319 3130 2598 3198 provocati
2638 3129 2917 3185 Michaelis
2946 3131 3261 3189 decedentis
3302 3135 3672 3205 imperatoris,

399 3242 454 3286 et
485 3234 856 3289 exhortatoria
885 3220 1230 3305 pontiﬁcatus
1255 3237 1424 3292 nostri
1466 3238 1668 3292 monita
1696 3237 1979 3294 direxisse.

400 3323 662 3394 Optamus
707 3325 1102 3382 fraternitatem
1135 3339 1371 3382 vestram
1407 3328 1459 3382 in
1489 3329 1707 3384 Christo
1733 3331 1869 3386 bene
1892 3345 1982 3384 va-

399 3413 531 3468 lere.
565 3413 700 3468 Data
731 3431 790 3470 tu
829 3417 952 3470 ldus
979 3411 1168 3478 Julias,
1203 3418 1494 3472 indictione
1521 3434 1598 3473 1v.

397 3589 466 3628 AD
509 3588 752 3630 ιιλδιιιωι
771 3616 788 3640 ,
815 3590 1221 3630 CONSTANTINUM
1259 3593 1327 3630 ΕΤ
1351 3591 1558 3630 ιεοΝειι
1587 3591 1976 3634 IHPERLTOBES.

999 3666 1176 3735 (Anno
1221 3663 1372 3738 87L)

399 3752 737 3828 Qrtodhmissi
772 3756 908 3810 sedis
967 3757 1303 3828 apostolica,
1354 3767 1468 3828 post
1517 3756 1683 3828 multa
1720 3757 1977 3827 pericula,

467 3825 596 3876 nudi
628 3827 713 3878 vix
740 3828 1025 3898 evaserint.
1055 3825 1402 3895 Conqueritur
1440 3828 1579 3898 quod
1606 3825 1848 3896 Ignotius
1870 3829 1980 3896 epi-

467 3909 681 3968 scopum
733 3897 872 3964 apud
926 3895 1184 3968 Bulgaros
1232 3895 1540 3951 consecrare
1588 3895 1979 3968 prwswnpserit

469 3969 533 4016 de
560 3965 724 4016 tribus
761 3966 1006 4028 emittitis
1040 3967 1170 4019 nihil
1199 3965 1610 4021 immutandum.

466 4055 742 4110 ADRIANUS
762 4057 1068 4126 episcopus,
1086 4073 1277 4111 servus
1296 4073 1574 4112 servorum
1603 4058 1719 4122 Dei,
1737 4056 1979 4112 dilectis-

395 4145 548 4198 simis
591 4161 655 4200 ac
687 4146 1056 4214 Sjl‘i’l‘llllallblls
1089 4149 1211 4202 liliis
1248 4148 1482 4211 Basuao,
1509 4145 1894 4205 Cossnu'rtxo
1922 4155 1979 4202 et

397 4233 582 4298 Leosr,
614 4237 870 4305 piissimis
903 4247 956 4294 et
984 4240 1438 4308 tranquillissimis
1465 4239 1900 4309 imperatoribus.

465 4325 644 4381 Lectis
687 4328 1004 4384 excellentis
1045 4331 1257 4400 imperii
1289 4332 1452 4385 vestri
1497 4332 1711 4395 litteris,
1740 4331 1977 4386 dilectio-

395 4431 480 4468 IIIS
505 4426 696 4470 vestrm
723 4432 843 4487 qua:
880 4433 1007 4489 erga
1054 4434 1152 4474 nos
1199 4419 1390 4490 ﬂagrat
1427 4421 1623 4476 indicia
1651 4431 1707 4476 et
1753 4422 1970 4492 pietatis

2087 3218 2180 3290 qui
2218 3233 2354 3288 quos
2381 3219 2450 3274 ab
2484 3220 2783 3288 apostolica
2828 3225 2958 3277 sede
2997 3225 3277 3294 suscipere
3305 3229 3524 3291 meruit,
3557 3228 3676 3282 ido-

2083 3323 2186 3364 neo
2216 3309 2424 3364 sociatu
2451 3311 2670 3380 praevio,
2713 3321 2772 3366 ut
2799 3321 3000 3369 nostra:
3027 3315 3176 3370 illcesi
3213 3327 3673 3386 praesentarentnr

2082 3401 2327 3456 ecclesia:
2375 3401 2562 3456 solerti
2609 3418 2740 3458 cura
2777 3407 2992 3477 sategit.
3035 3407 3100 3461 Et
3137 3419 3402 3478 praeterea
3431 3421 3485 3464 et
3523 3413 3671 3466 aliud

2080 3492 2224 3562 quod
2261 3493 2436 3562 prima
2477 3493 2693 3564 pietatis
2740 3505 2936 3550 vestrae
2986 3513 3184 3568 opera,
3231 3502 3316 3554 vel
3351 3502 3495 3556 circa
3525 3503 3671 3558 sedis

2080 3583 2388 3653 apostolica:
2421 3585 2622 3655 prioris
2659 3585 3010 3656 benignitatis
3040 3588 3236 3644 indicia
3268 3599 3457 3645 contra
3513 3607 3665 3662 Spem

2079 3688 2321 3732 nostram
2351 3676 2694 3732 decolorasse
2744 3679 3114 3746 convincitur,
3157 3682 3268 3736 imo
3302 3681 3544 3738 funditus
3575 3684 3668 3738 de-

2079 3770 2344 3826 struxisse
2360 3768 2647 3838 probatur:
2667 3770 2917 3826 videlicet
2934 3773 3057 3841 quia
3084 3771 3269 3832 favore
3293 3784 3476 3830 vestro
3500 3774 3669 3830 frater

2077 3866 2134 3913 et
2158 3858 2510 3926 coepiscopus
2540 3867 2726 3913 noster
2744 3860 2980 3930 lgnatius
2996 3861 3048 3915 in
3070 3861 3426 3933 Bulgarorum
3448 3849 3668 3936 regione

2077 3963 2401 4003 consecrare
2462 3951 2808 4018 prtesnmpsit
2861 3951 3207 4018 antistitem,
3274 3955 3418 4008 unde
3481 3956 3663 4008 mirati

2077 4040 2362 4104 suntus,'et
2386 4041 2512 4110 quia
2547 4055 2578 4094 a
2622 4041 2708 4110 pia
2739 4041 3038 4098 intentione
3068 4052 3248 4097 vestra
3282 4053 3429 4098 retro
3457 4047 3665 4101 reversi

2075 4132 2216 4194 sitis,
2249 4131 2538 4186 admodum
2587 4133 2983 4202 obstupnimus.
3027 4131 3412 4188 Verumtamen
3462 4135 3656 4190 saltem

2075 4228 2218 4277 nunc
2235 4225 2345 4291 jam
2367 4221 2569 4276 dictum
2593 4222 3106 4278 reverendissiiuum
3126 4223 3408 4293 prtesulcm
3433 4225 3500 4278 ab
3518 4225 3663 4280 illius

2074 4313 2313 4382 regionis
2342 4313 2698 4382 dispositione
2729 4313 3038 4369 salubribus
3070 4315 3658 4383 monitis,quarsumns,

2073 4403 2606 4473 coercete:alioqnin
2629 4419 2727 4458 nec
2759 4403 2874 4472 ipse
2902 4405 3216 4459 canonicam
3243 4405 3462 4476 ell‘ugiet
3493 4407 3657 4462 ultio-

395 4505 551 4560 Solita
579 4507 753 4561 studia
787 4523 890 4562 non
922 4516 1027 4562 tam
1075 4511 1426 4581 cognovimus
1455 4527 1618 4581 quam
1657 4513 1973 4582 recognovi-

2087 4511 2222 4560 nem,
2244 4509 2343 4550 nec
2370 4495 2406 4548 ii
2434 4496 2524 4564 qui
2546 4495 2865 4565 praesulatus
2887 4496 2966 4550 vel
2995 4496 3216 4552 alterius
3247 4497 3404 4552 ollicii
3429 4498 3532 4553 sibi
3554 4515 3655 4552 no-

394 4612 550 4661 tans;
579 4599 718 4651 unde
747 4599 1044 4668 gratiarum
1097 4600 1441 4656 Intiltimodas
1483 4603 1724 4658 actiones
1747 4619 1970 4658 summa:

393 4686 671 4740 Diviuitati
706 4688 1007 4753 referimus,
1037 4697 1092 4744 et
1117 4691 1440 4760 multiplices
1481 4691 1670 4747 laudes
1695 4691 1811 4760 ejus
1837 4709 1968 4747 con-

391 4777 573 4830 cinere
627 4791 733 4832 non
786 4792 1086 4842 cessamus,
1139 4780 1209 4833 ob
1257 4780 1310 4833 id
1356 4781 1592 4835 maxime
1635 4783 1760 4850 quia
1823 4783 1968 4837 circa

391 4867 668 4937 religionis
693 4867 895 4922 cultum
927 4872 1161 4931 accensi,
1206 4871 1518 4939 postpositis
1563 4872 1773 4926 cancris
1801 4886 1968 4925 suaen-

391 4959 595 5013 laribus
625 4960 791 5026 curis,
819 4971 945 5016 ante
991 4963 1171 5016 oumia
1219 4964 1600 5019 ccclesiasticm
1629 4967 1744 5034 paci
1775 4982 1970 5020 consu-

389 5049 594 5116 luistis;
647 5064 703 5104 ct
754 5054 881 5122 quia
936 5053 1078 5114 sedis
1132 5054 1443 5122 apostolica:
1516 5055 1732 5109 decreta
1763 5095 1778 5119 ,
1835 5071 1965 5110 sana

386 5138 671 5208 priscaque
707 5139 820 5208 lege
851 5156 1012 5210 super
1037 5141 1242 5196 exortis
1292 5129 1678 5200 centroversiis
1727 5146 1966 5214 exquisi-

387 5229 526 5294 stis;
576 5237 631 5282 et
684 5229 736 5283 in
785 5229 1084 5306 colligendo
1136 5249 1331 5303 magno
1389 5245 1684 5305 sanctoque
1735 5237 1962 5306 collegio

384 5319 531 5388 pium
589 5321 825 5374 studium
880 5332 934 5376 et
985 5304 1315 5378 (lesiderium
1353 5327 1696 5389 ostendistis;
1749 5329 1799 5380 in
1829 5343 1955 5396 quo,

382 5411 632 5468 abdicato
663 5413 943 5482 pravitatis
987 5423 1228 5478 auctore,
1259 5416 1502 5470 detinitio
1549 5428 1708 5470 recta:
1740 5419 1860 5472 fidei
1905 5427 1960 5472 et

381 5505 661 5560 catholica:
691 5520 754 5559 ac
801 5513 1037 5574 paterna:
1069 5505 1397 5572 traditionis,
1430 5515 1592 5575 atque
1625 5506 1748 5576 jura
1783 5509 1959 5563 Eccle-

379 5597 476 5652 siae
521 5597 790 5666 perpetuis
841 5595 1052 5652 saeculis
1098 5596 1400 5667 profutura,
1439 5607 1493 5653 et
1547 5603 1679 5654 satis
1730 5601 1953 5666 idonea,

386 5703 492 5758 ﬁxa
518 5704 644 5749 sunt
672 5699 731 5746 et
770 5689 980 5746 firmata
1018 5709 1030 5744 :
1065 5693 1118 5748 in
1151 5707 1257 5762 quo
1288 5693 1452 5747 ctiam
1484 5682 1610 5748 illud
1660 5695 1956 5752 mirabilius

2073 4601 2197 4641 men
2229 4585 2338 4640 illic
2359 4594 2783 4656 usurpant,cum
2811 4587 3394 4652 exconununicatione,
3414 4605 3517 4658 qua
3541 4587 3658 4656 jam

2072 4689 2330 4734 tenentur
2349 4679 2592 4743 astricti,
2623 4679 2786 4734 etiam
2815 4680 3018 4750 proprii
3046 4680 3246 4751 gradus
3262 4681 3474 4755 jactura
3502 4699 3656 4739 care-

2073 4771 2226 4825 bunt.

2143 4869 2314 4924 Porro
2345 4870 2412 4924 de
2446 4870 2618 4924 tribus
2646 4868 2916 4938 capitulis,
2969 4884 3134 4939 super
3182 4871 3400 4940 quibus,
3432 4872 3656 4942 prmfato

2080 4964 2386 5034 postulante
2415 4963 2760 5018 sanctissimo
2789 4961 2958 5017 fratre
2991 4972 3047 5016 et
3096 4963 3416 5034 coepiscOpo
3466 4973 3654 5018 nostro

2073 5055 2300 5126 Ignatio,
2337 5054 2592 5108 divinitus
2627 5061 2931 5122 protectum
2971 5053 3254 5124 imperium
3284 5063 3524 5109 vestrum
3557 5069 3656 5108 uos

2071 5149 2418 5218 deprecatum
2453 5161 2576 5200 esse
2627 5144 2990 5214 dignoscitur,
3029 5145 3102 5198 nil
3151 5159 3438 5214 possumus
3481 5143 3551 5198 ab
3587 5159 3653 5196 co

2068 5241 2210 5309 quod
2233 5239 2346 5308 jam
2391 5239 2741 5294 constitutum
2773 5247 2895 5302 est,
2941 5239 3194 5293 ordinare
3241 5237 3516 5290 diversum
3565 5237 3649 5291 vc'
3685 5287 3691 5308 ,

2066 5333 2369 5401 disponere,
2403 5331 2634 5384 niaxime
2668 5329 2732 5384 de
2762 5325 2938 5383 f’hotii
2967 5327 3377 5383 consecratione
3405 5326 3650 5395 aliquan-

2069 5421 2234 5491 tisper
2263 5437 2477 5475 versum
2525 5437 2536 5472 :
2581 5420 2680 5473 nisi
2730 5418 2868 5474 forte
2901 5433 3018 5482 nos,
3051 5415 3372 5484 quibusdam
3404 5431 3467 5490 es
3501 5427 3649 5468 utra-
3699 5433 3710 5443 ·

2065 5530 2170 5583 que
2205 5523 2356 5584 parte
2396 5514 2447 5566 in
2492 5500 2775 5582 prti‘seutia
2825 5518 3008 5563 nostra
3053 5507 3304 5578 repertis,
3357 5507 3650 5576 contigerit

2063 5609 2222 5671 scire,
2239 5622 2355 5676 qua:
2379 5621 2546 5676 usque
2575 5607 2680 5660 huc
2699 5603 3002 5658 nescimus:
3023 5601 3104 5656 vel
3129 5600 3338 5655 discere
3358 5613 3478 5670 quae
3505 5614 3647 5652 mute

2064 5699 2277 5770 penitus
2305 5698 2632 5768 ignoramus.
2659 5693 2775 5750 Non
2803 5693 2949 5750 enim
2976 5703 3060 5748 est
3085 5692 3138 5747 in
3169 5692 3322 5749 nobis
3351 5700 3437 5748 est
3457 5700 3511 5748 et
3538 5708 3642 5746 non
