3940 6168
209 363 212 368 _
299 301 437 360 1315

1495 302 1851 356 ΕΡΙΒΤΟΙᾸΞ
1896 306 1980 358 ΕΤ
2025 308 2360 364 DECllETA.

3424 301 3559 356 13H

296 427 462 475 mus,
508 411 747 466 debitum
797 428 918 467 cum
971 413 1273 468 reverentia
1322 414 1602 468 honorem.
1650 413 1725 468 De
1771 431 1878 483 quo

2002 419 2220 476 'raterna
2269 440 2390 477 etnu
2442 427 2704 480 cbaritatc
2733 425 2985 478 commoti
3015 423 3216 477 viribus
3246 421 3372 473 totis
3418 421 3571 485 adju-

296 511 459 570 piout
494 502 860 572 sigmlicastis,
916 504 1240 574 peregimus.
1298 505 1433 558 Nam
1472 506 1611 559 sicut
1645 505 1881 574 synodus

299 591 680 659 expostulavit,
733 592 886 662 plebs
929 601 984 647 et
1019 595 1320 650 Turonicus
1359 596 1538 650 clerus
1593 613 1714 651 cum
1762 612 1886 650 con-

301 683 542 738 corditer
585 684 770 755 elegit,
819 700 917 755 per
964 695 1163 740 nostra:
1189 687 1496 757 apostolica:
1545 689 1886 743 auctoritatis

301 775 578 828 decretum
606 776 989 830 constituimus
1015 777 1342 832 cardinalem
1390 779 1883 848 metr0p01itanum,

301 871 356 916 et
384 863 852 934 archiepiscopum
906 866 1188 922 Turonica:
1233 868 1516 933 Ecclesiae,
1555 880 1716 939 atque
1765 885 1889 939 pro-

302 954 495 1009 vinciae
526 973 540 1008 :
573 959 830 1026 quoniam
875 959 1088 1013 dicente
1132 961 1335 1016 Antero
1380 977 1515 1032 papa
1559 962 1610 1016 in
1661 962 1888 1032 epistola

303 1062 401 1101 sua
451 1048 621 1118 (epist.
671 1053 852 1116 unica,
881 1054 936 1105 in
983 1055 1262 1125 princip.),
1307 1056 1626 1125 quibusdam
1660 1073 1784 1111 eum
1824 1057 1890 1111 de

300 1142 607 1196 mutatione
643 1145 1016 1214 episcoporum
1047 1149 1114 1202 de
1144 1150 1362 1206 civitate
1391 1151 1441 1204 in
1470 1152 1742 1206 civitatem
1770 1167 1895 1207 cou-

303 1231 610 1288 sulentibus
635 1251 647 1287 :
674 1233 880 1291 Scitote
906 1252 1024 1290 eam
1045 1243 1314 1294 communi
1343 1243 1574 1298 utilitate
1601 1251 1763 1313 atque
1800 1260 1894 1299 ne-

303 1322 560 1378 cessitate
599 1323 712 1378 lieri
751 1325 934 1391 licere,
965 1330 1057 1384 sed
1082 1346 1186 1384 non
1223 1331 1379 1387 libitu
1405 1333 1724 1403 cujusquam
1750 1375 1764 1399 ,
1801 1343 1894 1388 aut

305 1411 693 1468 dominatione.
713 1415 903 1472 Petrus
925 1435 1156 1489 namque
1185 1431 1406 1477 sanctus
1429 1425 1686 1493 magister
1709 1434 1894 1482 noster

305 1508 359 1554 et
379 1501 631 1570 princeps
654 1501 1018 1575 apostolorum
1043 1512 1121 1565 de
1147 1512 1432 1567 Antiochia
1456 1514 1707 1569 utilitatis
1728 1531 1892 1571 causa

307 1593 606 1648 translatus
636 1605 719 1651 est
751 1597 975 1655 Romam
1004 1639 1021 1666 ,
1065 1612 1126 1655 ut
1168 1603 1367 1657 ibidem
1413 1605 1593 1673 potius
1627 1605 1894 1675 proﬁcere

306 1698 508 1754 posset.
548 1690 811 1747 Eusebius
839 1709 1054 1763 quoque
1090 1696 1154 1750 de
1191 1696 1424 1766 quadam
1471 1713 1636 1767 parva
1674 1698 1894 1754 civitate

1989 527 2138 576 vare,
2184 516 2322 583 apttd
2361 516 2872 569 excellentissimum
2907 528 3084 583 regem
3116 519 3353 565 vestrum
3391 509 3566 562 humi-

1988 603 2112 658 liter
2127 605 2531 670 intercedendo,
2551 607 2778 659 viriliter
2795 603 3060 673 satagaris
3079 621 3091 658 :
3109 612 3375 671 quatenus
3387 609 3568 652 vestro

1990 695 2198 765 ingenti
2227 697 2528 751 certamine
2557 696 2757 750 Christi
2787 693 3022 748 Ecclesia
3055 693 3236 761 quieta
3267 699 3322 744 et
3354 704 3566 745 secura.

1989 792 2044 838 et
2080 786 2313 852 propriis
2340 786 2502 840 rebus
2526 786 2696 838 ditata
2726 784 3068 854 gloriosaque
3092 780 3374 835 consistat.
3409 777 3572 846 Igitur

1991 875 2057 928 de
2087 875 2362 930 llincmari
2400 875 2772 930 Laudunensis
2810 873 3046 943 episc0pi
3078 869 3415 941 depositione
3443 884 3572 937 pon-

1993 964 2160 1020 tificio
2191 973 2376 1020 nostro
2407 965 2699 1034 scripsistis
2732 1004 2746 1028 ,
2801 971 3066 1033 quatenus
3093 961 3158 1015 de
3183 975 3248 1014 eo
3279 957 3574 1013 secundum

1995 1054 2135 1122 quod
2174 1055 2494 1108 canonicum
2543 1063 2626 1108 est
2672 1052 2826 1107 vobis
2887 1051 3187 1106 rescribere
3238 1043 3578 1116 juberemus.’

1993 1145 2177 1200 Primo
2209 1144 2441 1213 denique
2470 1155 2665 1200 vestrae
2703 1144 3093 1214 respondemus
3125 1137 3376 1196 charitati
3406 1177 3417 1198 ,
3450 1135 3575 1204 quia

1995 1253 2118 1292 cum
2147 1238 2413 1295 clamaret
2443 1240 2495 1293 in
2526 1238 2731 1309 synodo
2771 1251 2830 1292 se
2879 1238 2944 1292 ad
2998 1236 3180 1291 sedem
3225 1232 3576 1304 apostolicam

1996 1328 2134 1383 velle
2165 1329 2544 1385 incunctanter
2575 1329 2783 1393 venire,
2814 1336 2976 1396 atque
3026 1326 3078 1379 in
3127 1322 3412 1394 prtescntia
3462 1321 3579 1391 ejus

1995 1435 2095 1490 pro
2113 1419 2339 1488 objectis
2355 1421 2459 1475 sibi
2482 1421 2549 1474 ab
2565 1419 2875 1475 adversario
2898 1416 3217 1473 criminibus
3235 1413 3576 1484 respondere,

1997 1512 2364 1566 damnationis
2398 1512 2452 1566 in
2481 1527 2603 1567 eum
2635 1527 2742 1566 non
2784 1519 2902 1566 erat
2940 1509 3263 1580 proferenda
3291 1505 3577 1562 sententia.

1998 1604 2228 1669 Tamen,
2261 1605 2404 1660 sicut
2434 1605 2604 1674 ipsius
2630 1603 2843 1658 concilii
2875 1601 3178 1656 actionibus
3205 1599 3421 1670 legitur,
3450 1612 3578 1664 qnn-
3646 1604 3656 1612 '

1998 1695 2144 1748 niam
2185 1694 2336 1750 salvo
2385 1695 2439 1750 in
2498 1695 2751 1750 omnibus
2799 1691 3003 1761 judicio
3060 1690 3204 1745 sedis
3252 1687 3580 1760 apestoliczc,

308 1780 604 1847 apostolica
630 1785 959 1840 auctoritate
985 1793 1223 1842 mutatus
1249 1797 1335 1842 est
1364 1788 1770 1844 Alexandriam.
1806 1789 1892 1845 Si-
1919 1773 1969 1835 Β
2000 1785 2149 1840 illum
2184 1786 2252 1841 ab
2277 1785 2548 1856 episcopis
2575 1785 2742 1840 fuisse
2770 1783 3072 1853 judicatunt
3121 1782 3366 1836 asseritis
3397 1821 3411 1844 ,
3462 1795 3580 1840 nos.

308 1871 512 1925 militer
550 1883 605 1928 et
656 1874 805 1929 Felix
868 1878 934 1931 de
983 1878 1200 1932 civitate
1227 1918 1242 1942 ,
1297 1895 1404 1948 qua
1449 1880 1734 1935 ordinatus
1775 1890 1896 1936 erat

307 1959 576 2017 electione
597 1963 819 2028 civium,
852 1974 1076 2036 propter
1097 1967 1399 2022 doctrinam
1422 1979 1477 2024 et
1496 1971 1693 2024 bonam
1724 1970 1894 2025 vitam

305 2071 471 2124 quam
517 2057 769 2122 habebat,
811 2060 1086 2114 communi
1134 2061 1510 2130 episcoporum
1557 2071 1614 2116 et
1659 2062 1896 2133 reliquo-

305 2166 430 2204 rum
476 2153 818 2206 sacerdotum
859 2169 922 2208 ac
961 2155 1279 2225 populorum
1323 2155 1572 2216 consilio,
1601 2157 1897 2211 translatus

306 2250 392 2295 est
423 2241 714 2311 Ephesum.
767 2241 882 2297 Non
929 2245 1074 2298 enim
1105 2247 1300 2300 transit
1327 2246 1393 2300 de
1419 2246 1642 2300 civitate
1677 2246 1730 2299 in
1765 2247 1898 2301 civi-

309 2340 500 2394 tatem,
528 2334 617 2402 qui
650 2349 754 2388 non
785 2350 884 2389 suo
915 2335 1067 2389 libitu
1105 2338 1208 2390 hoc
1245 2338 1392 2403 l‘acit,
1426 2348 1520 2391 aut
1543 2338 1771 2403 ambitu,
1803 2341 1897 2392 sed

307 2407 547 2477 utilitate
576 2425 808 2492 quadam
833 2465 848 2487 ,
887 2435 980 2490 aut
1008 2427 1332 2481 necessitate
1362 2468 1374 2492 ,
1405 2428 1634 2482 aliorum
1678 2431 1896 2484 hortatu

309 2523 367 2567 et
417 2514 645 2569 consilio
690 2517 966 2583 potiorum
1025 2517 1396 2574 transfertur:
1429 2535 1530 2575 nec
1578 2523 1900 2576 transfertur

214 2635 224 2643 -
308 2606 380 2661 de
421 2607 630 2662 minore
672 2609 890 2662 civitate
939 2611 1005 2663 ad
1046 2609 1332 2678 majorem,
1357 2613 1449 2681 qui
1497 2606 1600 2667 hoc
1643 2629 1748 2667 non
1778 2629 1897 2668 am-

309 2697 450 2759 bitu,
504 2712 611 2752 non
663 2700 878 2768 propria
943 2701 1220 2755 voluntate
1275 2702 1435 2764 facit;
1490 2704 1582 2756 sed
1634 2714 1728 2758 aut
1767 2706 1816 2758 vi
1869 2722 1898 2759 a

308 2786 529 2856 propria
583 2789 711 2842 sede
763 2789 969 2858 pulsus,
1001 2799 1096 2844 aut
1139 2793 1462 2846 necessitate
1510 2802 1751 2856 coactus,
1807 2804 1901 2847 aut

309 2878 546 2932 utilitate
595 2879 698 2934 loci
751 2890 845 2934 aut
896 2882 1101 2952 populi,
1154 2899 1259 2938 non
1313 2886 1692 2953 superbe,~sed
1723 2887 1900 2940 humi-

309 2969 438 3025 liter
480 2971 548 3026 ab
595 2972 715 3027 aliis
759 2973 1056 3029 translatus
1084 2983 1140 3030 et
1171 2975 1571 3031 inthronizatus
1615 2986 1719 3041 est,
1773 2979 1900 3047 quia

310 3062 477 3117 homo
504 3063 648 3118 videt
696 3065 748 3118 in
797 3065 954 3131 facie,
995 3066 1136 3122 Deus
1165 3077 1344 3122 autem
1375 3069 1426 3122 in
1457 3067 1639 3124 corde.
1671 3069 1737 3122 Et
1767 3070 1902 3125 alios

1995 1895 2104 1933 non
2141 1879 2318 1948 aliqua
2347 1889 2539 1934 contra
2570 1879 2838 1948 quoslibet
2873 1876 3128 1932 commoti
3174 1874 3376 1928 invidia
3409 1913 3424 1937 ,
3485 1888 3588 1926 nec

1997 1973 2220 2030 alterius
2248 1973 2460 2042 culpam
2515 1973 2569 2026 in
2624 1971 2854 2026 alterum
2909 1978 3227 2039 retorquere
3283 1967 3584 2035 cupientes,

1996 2065 2244 2120 volumus
2293 2073 2348 2120 et
2392 2065 2718 2120 auctoritate
2763 2063 3056 2134 apostolica
3093 2102 3108 2126 ,
3160 2060 3357 2114 nullius
3417 2060 3584 2128 partis

1999 2154 2239 2208 favorem
2285 2163 2379 2207 aut
2429 2154 2774 2223 obsequium,
2823 2152 2918 2207 sed
2964 2152 3040 2205 rei
3087 2158 3252 2221 gesta:
3303 2149 3585 2202 veritatem

2001 2244 2176 2314 magis
2203 2245 2448 2298 invenire
2477 2244 2758 2313 cupientes
2784 2283 2798 2308 ,
2829 2241 3084 2310 jubemus
3121 2241 3297 2310 ipsum
3329 2239 3582 2294 llincma-

2000 2353 2119 2391 rum
2150 2337 2564 2392 Laudunensem
2594 2337 2911 2406 episcopum
2937 2342 3121 2388 vestra
3151 2333 3346 2388 fretum
3394 2343 3588 2401 poten-

2000 2429 2073 2483 tia
2118 2429 2182 2482 ad
2235 2429 2419 2483 limina
2451 2437 2764 2483 sanctorum
2797 2426 3196 2496 apostolorum,
3237 2432 3588 2491 nostramque

2000 2520 2186 2574 venire
2215 2519 2578 2588 praesentiam.
2611 2517 2726 2584 Quo
2765 2532 2894 2572 sane
2943 2516 3192 2570 veniente
3216 2554 3230 2577 ,
3264 2514 3447 2567 veniat
3488 2528 3588 2582 pa-

2001 2613 2137 2668 riter
2163 2621 2448 2667 accusator
2477 2611 2703 2665 idoneus
2729 2651 2744 2675 ,
2777 2610 2870 2680 qui
2902 2607 3045 2663 nulla
3071 2607 3242 2677 possit
3266 2605 3589 2660 auctoritate

1969 2703 2239 2773 ~legitima
2295 2700 2497 2770 respui.
2532 2701 2598 2754 Et
2649 2709 2776 2754 tunc
2817 2699 2870 2752 in
2911 2697 3216 2778 przesentia’
3251 2706 3433 2750 nostra
3465 2737 3479 2758 ,
3531 2708 3587 2748 (ιι

2005 2793 2168 2848 totius
2209 2792 2355 2847 sedis
2384 2790 2642 2846 Romanae
2684 2790 2928 2861 synodali
2953 2790 3204 2859 collegio,
3245 2804 3407 2844 causa
3448 2789 3590 2842 illius

2005 2884 2254 2954 prudenti
2284 2883 2539 2939 ventilata
2563 2883 2832 2948 examine,
2861 2897 2924 2937 ac
2971 2881 3256 2952 diligenter
3287 2879 3545 2950 inquisita
3575 2921 3588 2942 ,

2005 2975 2300 3032 secundum
2327 2976 2496 3030 Deum
2517 2983 2573 3028 ct
2589 2989 2868 3029 sacrorum
2892 2989 3161 3028 canonum
3179 2971 3592 3028 constitutiones

2009 3063 2214 3134 Spiritu
2245 3064 2341 3119 Dei
2373 3064 2616 3134 prolatas
2637 3105 2651 3129 ,
2701 3065 2819 3119 sine
2846 3063 3205 3134 protelatione
3234 3061 3412 3131 aliqua
3441 3061 3592 3114 [inie-

312 3155 626 3220 nonnullos,
679 3157 820 3211 sicut
870 3160 1156 3228 tripartitze
1199 3161 1440 3216 historia:
1487 3163 1658 3216 series
1684 3164 1896 3232 prodit,
1929 3127 1974 3188 C
2009 3166 2096 3209 lur
2127 3170 2140 3208 ε
2174 3156 2426 3224 quoniam
2456 3165 2605 3226 gesta
2636 3155 2913 3226 synodalia
2944 3169 3063 3225 qua:
3090 3155 3243 3209 nobis
3271 3153 3589 3212 mandasliS.

312 3243 540 3314 legimus
568 3246 680 3315 (lib.
726 3263 836 3312 xu,
869 3265 982 3316 cap.
1023 3250 1079 3319 8)
1122 3265 1220 3319 pro
1268 3252 1527 3321 temporis
1579 3254 1901 3308 necessitate

313 3337 380 3402 de
420 3351 524 3389 una
556 3337 785 3392 ecclesia
829 3339 998 3394 fuisse
1022 3349 1259 3395 mutatos
1286 3343 1338 3396 in
1364 3342 1523 3396 aliam
1551 3361 1562 3396 :
1595 3359 1715 3413 qua:
1745 3345 1904 3401 aliter

317 3426 605 3480 tractanda
655 3437 740 3482 est
784 3431 1128 3486 necessitatis
1164 3434 1327 3495 ratio,
1381 3434 1540 3488 aliter
1587 3435 1898 3492 voluntatis.

316 3514 472 3570 Unde
500 3521 672 3572 sancti
702 3529 886 3588 patres
913 3521 1116 3577 Nicteni
1158 3524 1394 3594 capitulo
1433 3527 1670 3581 secundo
1696 3529 1897 3590 dicunt,

316 3609 571 3675 quoniam
622 3612 774 3680 plura
807 3625 899 3665 aut
927 3630 1026 3683 per
1051 3619 1454 3680 necessitatem,
1496 3625 1588 3672 aut
1616 3619 1770 3678 alias
1819 3635 1904 3674 co-

315 3701 567 3769 gentibus
605 3705 916 3760 bominibus
944 3747 958 3772 ,
1003 3708 1263 3762 adversus
1303 3709 1728 3765 ecclesiasticam
1759 3712 1901 3766 facta

314 3801 442 3845 sunt
465 3793 725 3863 regulam.
751 3795 818 3850 Et
839 3806 1058 3851 sanctus
1081 3797 1190 3853 Leo
1211 3813 1347 3868 papa
1367 3799 1540 3869 (epist.
1558 3801 1628 3853 ad
1656 3801 1901 3854 Nicetam

315 3881 637 3954 Aquileien.)
667 3901 786 3956 cap.
821 3886 891 3940 44
920 3888 1272 3943 decretalium
1316 3906 1534 3946 suorum
1571 3893 1701 3947 dicit
1742 3894 1902 3947 omit-

317 3973 541 4026 tendum
573 3989 719 4039 csse,
750 3985 806 4030 et
838 3977 1164 4047 inculpabile
1203 3980 1577 4050 iudicandum,
1625 3985 1766 4052 quod
1804 3999 1900 4038 ne-

315 4063 547 4117 cessitas
573 4065 772 4119 intulit.
807 4067 882 4120 Ita
909 4077 1087 4123 tamen
1114 4069 1216 4124 hoe
1238 4071 1633 4139 permittentes,
1663 4082 1720 4127 ut
1743 4073 1904 4128 Nant-

315 4151 510 4205 neticte
551 4153 804 4208 Ecclesiae
831 4196 846 4219 ,
887 4157 972 4210 cui
1003 4157 1180 4224 fuerat
1206 4159 1510 4224 ordinatus,
1565 4163 1616 4214 in
1656 4178 1721 4217 eo
1761 4165 1905 4232 quod

317 4243 597 4306 remansit,
628 4246 770 4312 quod
793 4245 1066 4301 destructa
1100 4249 1347 4314 habetur,
1371 4250 1493 4316 jura
1516 4261 1905 4320 potestatemve

314 4334 466 4388 nullo
514 4336 676 4408 modo
720 4338 1125 4394 subtrahamus.
1177 4341 1586 4411 lnterponeutes
1617 4346 1906 4414 pastoralis

315 4428 523 4496 vigoris
550 4445 863 4496 censuram,
898 4440 958 4484 ut
1002 4433 1047 4487 si
1079 4435 1532 4505 quandocunque,
1563 4438 1646 4491 vel
1673 4441 1902 4509 quicun-

313 4534 421 4586 que
453 4519 642 4584 alium,
673 4521 787 4590 ipso
815 4523 1126 4589 superstite,
1163 4525 1215 4576 in
1251 4525 1476 4593 praelata
1517 4529 1816 4597 metropoli,
1849 4539 1906 4584 et

315 4608 370 4660 in
405 4609 524 4671 ista,
570 4609 652 4664 vel
685 4610 739 4664 in
767 4626 955 4666 earum
985 4615 1344 4682 pertinentiis,
1387 4616 1567 4670 locare
1596 4621 1902 4682 tentaverit,

315 4708 410 4752 aut
459 4700 713 4755 ordinare
775 4702 953 4756 locare
1009 4709 1450 4776 praesumpserit,
1518 4709 1902 4765 ecclesiasticae

317 4791 582 4846 duntaxat
612 4794 1009 4852 communionis
1038 4799 1314 4852 consortio
1363 4809 1566 4853 careat.
1611 4801 1753 4855 Sane
1781 4812 1905 4871 post

319 4883 436 4952 ejus
464 4885 768 4950 decessum,
817 4887 1010 4942 electio
1040 4889 1321 4953 canonica,
1353 4899 1408 4944 et
1434 4891 1704 4946 ordinatio
1729 4909 1758 4944 a
1788 4899 1901 4946 sut-

322 4973 593 5042 fraganeis
641 4977 906 5045 episcopis
936 4978 1173 5043 ejusdem
1216 4980 1574 5049 metropoleos
1623 4979 1904 5036 'l'uronica:

320 5067 584 5121 canonico
612 5069 917 5123 celebretur
957 5086 1020 5124 ex
1077 5085 1248 5123 more.
1287 5070 1438 5136 Quod
1479 5073 1521 5125 si
1574 5071 1905 5126 Namncticm

321 5158 611 5227 contigerit
640 5158 891 5213 Ecclesiae
917 5160 982 5212 ad
1013 5161 1246 5229 priorem
1277 5202 1290 5223 ,
1336 5162 1552 5215 Christo
1579 5163 1900 5226 auxiliante,

322 5261 522 5304 statum
558 5251 756 5314 redire,
788 5249 920 5302 nihil
947 5249 1147 5304 olliciat
1177 5252 1225 5304 ei
1257 5253 1370 5306 haec
1404 5253 1746 5306 necessitatis
1784 5254 1901 5307 uni-

327 5342 419 5406 tio,
449 5356 610 5410 quam
637 5341 885 5394 videlicet
912 5341 1077 5411 exigit
1108 5357 1436 5412 paganorum
1487 5345 1742 5408 vastatio,
1768 5361 1902 5415 quo-

326 5433 502 5486 minus
538 5432 813 5501 pr0prium
844 5432 1019 5486 valeat
1057 5433 1256 5488 habere
1291 5435 1619 5503 pontiliccm.
1672 5434 1777 5490 Sed
1824 5441 1902 5490 vi-

316 5523 499 5578 dimus
523 5537 647 5575 eum
665 5521 818 5575 valde
841 5522 1205 5578 tristissimum
1234 5535 1450 5596 pr0pter
1470 5530 1900 5596 persecutionem

325 5625 674 5679 paganorum.
704 5611 772 5665 Et
805 5628 928 5666 cum
964 5628 1152 5668 omnes
1178 5618 1284 5668 sint
1314 5633 1451 5686 pene
1483 5633 1569 5670 res
1605 5617 1773 5688 ipsius
1805 5620 1902 5674 Ec-

219 5731 234 5745 .
321 5697 499 5757 clesia:
531 5705 882 5788 depopulatae,
915 5715 1107 5762 vestrae
1143 5708 1421 5779 dirigiinus
1451 5708 1806 5777 fraternitati,
1843 5723 1902 5766 ut

577 5825 595 5839 ι
621 5803 808 5848 Ατῐιοι..
853 5799 1032 5849 CXXII»

2005 3257 2060 3300 et
2089 3246 2230 3300 illius
2252 3245 2569 3316 judicantur
2595 3246 2962 3310 damnatione,
3009 3245 3222 3300 dicente
3250 3243 3404 3298 nobis
3435 3244 3593 3297 beato

2005 3336 2268 3404 Gregorio
2299 3335 2415 3407 (lib.
2442 3351 2560 3401 vni,
2585 3336 2736 3406 epist.
2761 3333 2851 3405 50)
2884 3335 2950 3388 ad
2981 3333 3358 3388 Constantium
3395 3331 3594 3385 Medio-

2007 3427 2284 3481 lanensem
2336 3426 2649 3494 episcopum
2708 3423 2775 3478 de
2823 3424 3056 3494 quodam
3104 3422 3173 3476 ab
3217 3437 3281 3476 eo
3337 3422 3594 3475 damnato

2005 3518 2258 3588 episcopo
2284 3558 2300 3581 ,
2354 3517 2546 3573 idonee
2590 3515 2905 3571 satisfacere
2950 3532 3056 3570 non
3089 3514 3359 3568 videntur.
3414 3532 3430 3562 ι
3473 3513 3596 3566 Ideo

2006 3619 2210 3664 temere
2255 3608 2458 3677 aliquid
2487 3607 2554 3661 dc
2594 3606 2831 3676 episcopi
2865 3621 3094 3676 persona
3145 3605 3440 3659 decernere
3494 3618 3593 3658 nec

2007 3698 2266 3752 debemus
2297 3736 2312 3760 ,
2349 3712 2450 3751 nec
2477 3711 2786 3766 possumus,
2821 3711 2889 3750 ne
2922 3695 3086 3766 (quod
3114 3693 3276 3764 absit)
3305 3693 3595 3762 reprehen-

2006 3787 2192 3842 sibiles
2236 3787 2577 3842 inveniamur
2607 3787 2659 3840 in
2700 3787 2920 3851 nostris,
2965 3788 3161 3856 quibus
3200 3784 3425 3838 aliorum
3471 3785 3595 3854 jure

2008 3881 2268 3950 competit
2297 3889 2598 3934 retractare
2627 3879 2977 3933 sententiasa
3005 3878 3137 3931 ltem
3163 3879 3214 3931 in
3241 3878 3340 3930 alia
3369 3876 3594 3946 cpistola

1991 3988 2104 4027 .sua
2137 3972 2304 4026 Felici
2334 3971 2607 4026 Siciliensi
2646 3970 2758 4041 (lib.
2794 3986 2865 4024 vn
2897 4011 2911 4033 ,
2963 3970 3145 4022 indict.
3183 3986 3244 4033 ιι,
3278 3975 3428 4038 epist.
3453 3969 3542 4037 45)
3576 3988 3591 4023 :

2013 4084 2030 4115 ι
2063 4062 2176 4118 Nec
2198 4078 2316 4127 nos,
2361 4062 2557 4130 inquit,
2585 4070 2776 4116 contra
2808 4060 3106 4114 inauditam
3144 4067 3354 4128 partem
3387 4060 3592 4126 aliquid

2007 4169 2295 4222 possumus
2325 4152 2570 4206 delinire.
2607 4171 2624 4203 ι
2665 4151 2802 4205 llinc
2823 4151 2988 4206 etiam
3017 4151 3085 4203 ad
3122 4149 3387 4204 Marinum
3411 4163 3608 4219 quem-‘

2009 4246 2131 4300 dam
2183 4244 2567 4299 scholasticum
2597 4243 2710 4312 (lib.
2747 4243 2888 4306 eod.,
2931 4244 3081 4311 epist.
3115 4242 3204 4310 (il)
3255 4242 3471 4310 scripsit
3508 4243 3592 4294 di-

2009 4351 2169 4390 cens:
2195 4354 2213 4384 ι
2236 4333 2394 4401 Quia,
2426 4334 2566 4388 sicut
2611 4331 2822 4401 prmfati
2872 4348 3082 4396 sumus,
3127 4347 3414 4386 causarum
3443 4334 3594 4398 origo

2011 4438 2067 4481 ct
2107 4427 2342 4498 qualitas
2387 4425 2611 4479 omnino
2643 4424 2800 4478 nobis
2835 4423 3018 4494 ignota
3069 4432 3149 4476 est
3175 4465 3188 4486 ,
3240 4434 3595 4492 prtmuntiare

2012 4516 2214 4585 aliquid
2245 4515 2519 4569 delinitive
2545 4527 2650 4567 non
2683 4528 2970 4583 possumus
3015 4529 3027 4564 :
3069 4528 3138 4567 ne
3164 4553 3178 4576 ,
3221 4513 3364 4581 quod
3413 4529 3597 4583 repre—

2013 4608 2279 4663 bensibile
2309 4607 2471 4661 nimis
2499 4617 2601 4670 est,
2628 4607 2694 4660 de
2716 4607 2878 4660 rebus
2904 4621 3008 4659 non
3037 4607 3175 4660 bene
3209 4606 3441 4676 cognitis
3467 4622 3583 4675 νιυ⁶

2012 4701 2156 4756 ferre
2186 4701 2511 4755 sententiam
2553 4699 2856 4753 videamur.
2883 4720 2900 4751 ι
2938 4699 3090 4755 Unde
3117 4708 3171 4753 et
3210 4710 3432 4754 sanctus
3455 4700 3592 4760 Leu,

2011 4794 2154 4850 sedis
2184 4802 2239 4848 et
2262 4793 2520 4847 doctrina:
2547 4791 2859 4862 apostolicae
2888 4792 3071 4852 decus,
3105 4791 3236 4845 dicit
3277 4793 3331 4845 in
3365 4793 3590 4860 epistola

2011 4902 2108 4939 sua
2162 4885 2417 4939 Flaviano
2479 4882 3079 4951 Constantinopolitano
3139 4899 3236 4952 pro
3298 4883 3594 4952 Eutychen:

2011 4980 2331 5050 presbytero
2379 4977 2634 5030 haeretico
2692 4975 2864 5045 (epist.
2918 4975 3046 5044 10):
3088 4995 3104 5026 ι
3149 4977 3414 5041 Quoniam
3454 4993 3549 5031 nos
3576 5019 3588 5036 .

2013 5065 2104 5139 qui
2137 5067 2480 5122 sacerdotum
2523 5067 2734 5120 Domini
2765 5076 2976 5121 matura
3017 5067 3262 5120 volumus
3306 5081 3425 5120 esse
3451 5066 3594 5133 judi-

2012 5162 2117 5224 eia,
2159 5160 2293 5213 nihil
2322 5174 2607 5228 possumus
2654 5159 2948 5227 incognitis
2977 5160 3138 5214 rebus
3178 5157 3230 5209 in
3273 5157 3590 5226 cujusquam

2011 5255 2182 5322 partis
2243 5252 2613 5322 pmjudicium
2671 5251 2931 5316 delinire,
2979 5251 3292 5320 priusquam
3339 5267 3590 5304 universa

2010 5359 2130 5412 quae
2183 5352 2333 5416 gesta
2388 5350 2556 5408 sunt,
2611 5343 2880 5416 veraciter
2933 5341 3234 5394 audiamus.
3268 5361 3286 5393 ιι
3348 5341 3483 5396 llinc
3538 5355 3594 5394 et

2011 5435 2202 5488 beatus
2231 5432 2332 5488 Job
2361 5433 2527 5487 dicit:
2563 5433 2790 5488 Causam
2815 5447 2972 5502 quam
3002 5431 3325 5495 nesciebam,
3366 5433 3589 5501 diligen-

2012 5529 2211 5581 tissime
2239 5528 2610 5598 t'nvestigabam
2641 5524 2762 5595 (Job
2791 5525 2963 5590 xxix).
2997 5524 3125 5578 lude
3167 5525 3331 5577 etiam
3369 5526 3419 5577 in
3457 5525 3590 5578 l‘cn-

2015 5621 2273 5675 tatcucho
2330 5621 2585 5674 Dominus
2629 5618 2759 5672 dicit
2805 5636 2817 5671 :
2861 5616 3074 5670 Clamor
3134 5615 3481 5671 Sodomorum
3542 5628 3587 5669 ct

2017 5711 2321 5766 Comorrlm:
2353 5712 2726 5782 multiplicatus
2777 5723 2871 5775 cst,
2902 5722 2945 5764 el
2977 5722 3247 5820 precamur,
3284 5728 3458 5763 eorum
3500 5728 3588 5778 ag-
