3978 6160
430 326 579 381 Ἰῗῖἴῗῑ

1798 323 2000 378 ἉΠΒΙΑ
2012 321 2075 376 Ν]
2120 322 2315 378 ΡΜ)ιὲ
2353 324 2391 377 11

3570 313 3709 370 iﬁlli

448 452 719 514 gravatum
748 449 821 492 est
844 436 1016 491 nimis.
1050 439 1374 494 Descendunt
1398 450 1445 493 et
1478 441 1677 502 videbe,
1709 451 1882 493 utrum
1920 438 2027 491 cla-
2058 440 2101 497 Α
2131 438 2305 489 onmia
2326 438 2538 491 sustinet
2570 437 2622 507 (Ι
2643 438 2762 492 Cor.
2797 442 2935 510 xm).
2970 440 3159 497 Omnia
3187 440 3352 511 igitur
3381 457 3502 511 qme
3556 444 3705 498 vobis

448 548 642 587 morem
671 532 759 600 qui
789 531 944 592 venit,
969 546 1119 598 opere
1146 530 1531 600 compleverint,
1567 548 1633 585 an
1680 547 1780 583 non
1820 542 1892 583 est
1924 531 2019 592 ita,

449 632 502 675 ut
528 623 691 675 sciam
720 618 872 689 (Gen.
919 619 1097 689 xvttt).
1138 619 1280 674 Ecce
1308 610 1589 675 ’Dominus
1641 621 1980 690 omnipotens
2005 660 2020 683 ,

448 711 532 767 cui
563 710 693 764 nihil
722 710 1097 764 absconditum
1128 720 1250 774 est,
1282 712 1376 765 sed
1411 713 1591 765 omnia
1638 712 1686 765 ei
1732 711 2020 765 manifesta

447 809 575 857 sunt
603 801 764 855 etiam
802 804 1089 870 antequam
1125 800 1277 863 ﬁant,
1311 817 1407 856 cur
1461 803 1573 856 haec
1616 810 1667 856 et
1701 803 1802 856 alia
1857 804 2021 857 multa

448 907 544 959 per
572 906 630 945 se
661 890 935 959 inquirere
978 891 1229 962 dignatus
1259 900 1376 955 est,
1420 891 1523 945 nisi
1565 898 1620 945 ut
1656 893 1809 946 nobis
1842 907 2024 947 exem-

445 979 591 1049 plum
619 981 793 1046 daret,
836 996 903 1036 ne
930 983 1233 1053 praecipites
1261 984 1315 1037 in
1352 984 1703 1040 discutiendis
1751 1001 1844 1040 seu
1876 984 2023 1055 judi-

442 1068 629 1123 candis
654 1070 886 1139 negotiis
912 1086 1197 1135 essemus,
1224 1080 1279 1125 et
1323 1086 1390 1125 ne
1444 1073 1580 1125 mala
1628 1087 2019 1143 quorumquam

442 1158 595 1227 prius
623 1160 911 1229 quisquam
940 1170 1234 1229 przesumat
1279 1162 1520 1225 credere,
1554 1177 1717 1232 quam
1750 1163 2024 1231 probare?

441 1245 606 1315 Cujus
645 1247 891 1317 exemplo
924 1266 1242 1316 monemur,
1276 1268 1343 1307 ne
1375 1256 1438 1307 ad
1470 1253 1849 1323 proferendam
1898 1269 2020 1308 sen-

442 1339 665 1393 tentiam
698 1356 931 1410 unquam
962 1344 1269 1412 praecipites
1298 1346 1488 1405 simus,
1522 1356 1615 1399 aut
1648 1356 1852 1400 temere
1883 1361 2021 1415 quo-

442 1444 549 1497 quo
598 1431 757 1484 modo
798 1429 1121 1497 judiccmus.
1176 1435 1382 1501 Quibus
1452 1436 1705 1489 nimirum
1760 1437 2023 1507 exemplis

444 1519 725 1585 admoniti,
757 1520 917 1574 aliter
947 1522 997 1576 in
1032 1525 1282 1591 prcesenti
1314 1525 1379 1578 de
1414 1526 1672 1594 priedicto
1702 1525 2016 1588 Hincmaro,

441 1608 543 1663 nisi
576 1625 697 1677 eum
742 1610 969 1665 Romam
1018 1613 1282 1668 vienicndi
1309 1654 1323 1678 ,
1372 1616 1524 1671 vobis
1562 1616 1819 1670 mandare
1849 1618 2020 1671 distu-

441 1696 622 1752 limus.
647 1697 781 1753 Nam
806 1714 969 1770 grave
998 1704 1269 1757 mentibus
1288 1704 1485 1759 vestris
1513 1706 1680 1760 videri
1710 1721 1811 1760 non
1837 1707 2014 1770 debet,

2130 544 2157 581 a
2191 529 2317 581 sele
2361 529 2676 597 apostolica,
2723 531 3024 583 castissima
3058 533 3242 600 utique
3288 540 3463 585 matre
3507 543 3703 593 vestra.

2128 618 2210 667 cui
2244 633 2337 684 per
2361 615 2451 670 Dei
2480 618 2707 686 gratiam
2743 619 3116 686 praesidemus,
3143 620 3346 675 directa
3369 629 3515 684 sunt,
3567 620 3710 676 velut

2128 707 2309 775 aliquo
2341 708 2522 761 sedule
2551 709 2768 779 negotio
2819 711 3067 778 exigente
3116 711 3423 776 mittuntur,
3485 712 3711 767 auribus

2127 799 2411 867 patefactis
2449 801 2658 865 audire,
2692 800 2859 854 alacri
2887 812 3065 857 mente
3087 803 3390 873 percipere,
3419 803 3709 872 animoque

2126 897 2279 958 grato
2316 889 2588 957 amplecti,
2635 889 2775 943 sicut
2825 890 2967 946 tilius
3011 891 3363 946 charissimus
3401 893 3594 955 debes,
3647 901 3702 947 et

2125 984 2293 1051 patris
2322 983 2482 1037 verba
2510 983 2714 1047 dilecti,
2747 1000 2853 1039 non
2879 1002 2947 1040 ex
2983 994 3109 1040 voto
3134 986 3272 1041 male
3299 988 3553 1056 optantis,
3611 989 3705 1041 sed

2126 1089 2189 1126 ex
2222 1074 2404 1129 radice
2437 1090 2579 1129 verte
2601 1076 2942 1144 procedentia
2976 1076 3282 1141 charitatis,
3325 1077 3511 1131 humili
3565 1091 3706 1131 sem-

2125 1180 2224 1234 per
2243 1165 2447 1219 debetis
2477 1166 2774 1220 intentione
2805 1166 3048 1235 recipere
3076 1185 3089 1219 :
3124 1183 3244 1236 qua:
3274 1169 3413 1221 sicut
3443 1166 3698 1221 Salomon

2124 1255 2222 1317 ait,
2250 1256 2398 1325 quasi
2419 1254 2638 1320 stimuli,
2672 1266 2720 1309 et
2751 1256 2888 1310 sicut
2927 1256 3060 1310 clavi
3082 1257 3144 1314 in
3178 1256 3343 1309 altum
3392 1256 3555 1324 deﬁxi
3596 1272 3705 1309 esse

2122 1345 2362 1400 ridentur
2386 1344 2735 1417 (Ecetrani);
2771 1346 2915 1415 quod
2943 1345 3143 1414 culpas”
3156 1346 3578 1415 delinquentium
3611 1360 3708 1399 ne-

2124 1437 2296 1491 sciant
2322 1437 2561 1506 palpare,
2585 1438 2681 1491 sed
2703 1451 2961 1506 pungere.
2989 1436 3146 1491 Unde
3171 1438 3427 1507 quoniam
3451 1446 3503 1490 te
3526 1438 3702 1490 virum

2119 1527 2441 1598 perfectum,
2466 1537 2519 1581 et
2550 1543 2648 1598 per
2666 1528 2850 1581 omnia
2882 1528 2992 1582 Deo
3021 1528 3326 1597 placentem
3363 1528 3565 1581 habere
3612 1541 3707 1579 cn-

2120 1617 2317 1685 pimus,
2350 1631 2449 1670 ceu
2476 1617 2714 1686 prudens
2743 1622 2914 1684 pater,
2950 1617 3041 1686 qui
3097 1617 3478 1671 charissimum
3537 1615 3703 1669 ﬁlium

2121 1719 2301 1769 suum,
2330 1706 2496 1759 etiam
2524 1720 2632 1759 non
2659 1704 3091 1774 delinquentem,
3124 1720 3193 1759 ne
3222 1705 3441 1773 quando
3482 1720 3706 1759 securus

440 1789 493 1842 in
541 1793 827 1859 praesentia
872 1792 1014 1848 sedis
1055 1795 1362 1863 apostolicae
1406 1806 1463 1879 ut
1503 1796 1646 1852 illius
1695 1804 2020 1852 retractetur
2048 1807 2094 1867 Β
2120 1795 2360 1850 existens
2394 1793 2614 1866 ﬂagitiis
2662 1810 2722 1851 se
2771 1796 3032 1851 audacter
3084 1796 3437 1878 commisceat
3482 1795 3703 1859 illicitis,

430 1877 737 1950 judicium;
796 1885 922 1953 quia
990 1886 1193 1939 veritas
1249 1877 1518 1956 exagitata
1584 1888 1780 1957 smpius
1843 1889 2015 1958 magis

436 1972 763 2040 splendescit
792 1973 846 2026 in
895 1974 1069 2029 lucem
1097 2015 1113 2040 ,
1150 1983 1206 2029 et
1249 1978 1516 2046 pernicies
1562 1987 1811 2032 revocata
1850 1980 1900 2032 in
1927 1979 2017 2048 ju-

438 2060 640 2117 dicium
689 2064 907 2132 gravius
952 2073 1010 2120 ct
1064 2067 1181 2120 sine
1232 2069 1550 2137 paenitentia
1599 2071 2011 2125 condemnatur.

438 2154 571 2210 Nam
590 2156 809 2213 fruetus
829 2159 1043 2214 divinus
1063 2169 1163 2225 est,
1185 2161 1453 2232 justitiam
1479 2164 1674 2232 saepius
1702 2166 1969 2219 recenseri
1995 2180 2010 2230 ;

440 2247 752 2318 nullumque
774 2248 973 2304 bonum
995 2259 1099 2316 est,
1126 2252 1267 2321 quod
1292 2270 1395 2308 non
1417 2254 1695 2322 pulchrius
1722 2255 2011 2321 elucescat,

439 2339 484 2392 si
515 2338 872 2407 plurimorum
907 2342 1070 2397 fuerit
1105 2346 1369 2399 sententia
1401 2346 1826 2415 comprobatum.
1862 2347 2015 2403 Unde

436 2444 717 2499 quousque
745 2445 905 2486 causa
937 2432 1102 2498 illius,
1136 2435 1277 2491 sicut
1304 2437 1673 2505 prmtulimus,
1709 2438 1868 2493 fuerit
1914 2439 2014 2493 ite-

434 2534 554 2574 rum
585 2520 839 2577 refricata
868 2532 1032 2601 atque
1079 2526 1249 2591 ﬁnita,
1279 2529 1564 2598 episcopus
1602 2530 1653 2583 in
1709 2530 1823 2600 ipsa
1872 2530 2013 2585 Lau-

435 2611 659 2667 dunensi
692 2612 931 2669 Ecclesia
979 2615 1286 2673 nullatenus
1328 2619 1626 2674 ordinetur.
1674 2619 2015 2691 Quapropter

434 2719 554 2772 qua:
574 2707 728 2762 vobis
750 2706 950 2761 salubri
973 2716 1029 2764 et
1060 2710 1354 2779 apostolica
1384 2713 1741 2783 pneceptione
1767 2713 2014 2769 facienda

432 2799 774 2863 mandamus,
809 2808 920 2854 toto
943 2801 1135 2856 annisu
1165 2811 1217 2858 et
1241 2802 1380 2858 ﬁdeli
1418 2805 1720 2871 devotione,
1751 2807 1891 2861 sicut
1917 2806 2013 2861 ﬁlii

437 2888 744 2943 cbarissimi
766 2930 779 2951 ,
815 2890 1107 2960 adimplere
1153 2891 1438 2964 facereque
1472 2894 1698 2960 debetis,
1731 2896 1777 2951 si
1829 2904 2013 2952 nostro

437 2981 639 3035 illibate
669 2979 771 3035 frui
803 2983 1098 3052 apostolico
1122 2999 1335 3056 semper
1363 2986 1681 3043 desideratis
1708 2989 2005 3044 consortio.

434 3071 853 3127 Generalitatcm
901 3083 1137 3129 vestram
1189 3087 1438 3146 Optamus
1494 3077 1547 3131 in
1605 3077 1823 3134 Christo
1874 3079 2013 3135 bene

437 3163 633 3215 valere.
668 3164 799 3217 Data
828 3179 901 3219 vn
929 3163 1047 3219 Kal.
1075 3163 1339 3231 Januarii,
1376 3168 1665 3224 indictione
1694 3185 1746 3222 γ.

1104 3297 1349 3353 XXXIX.

822 3426 890 3464 ΑΒ
916 3426 1156 3467 CAROLUM
1193 3428 1405 3468 CALVUI
1431 3429 1625 3471 ηδε..

1067 3546 1242 3618 (Anno
1268 3546 1416 3616 871.)

430 3675 584 3747 “Dolet
611 3692 779 3745 regem
816 3678 954 3747 sedis
993 3677 1291 3747 apostolica:
1337 3678 1531 3730 monita
1581 3679 1772 3747 argrius
1813 3679 2011 3733 tulisse.

505 3744 803 3817 Hiucmari_
823 3744 1188 3817 Lauduneusis
1230 3747 1599 3817 depositionem
1630 3744 1757 3801 'non
1810 3752 2010 3817 probat.

502 3831 729 3885 eumque
767 3814 985 3869 Romam
1029 3816 1098 3868 ad
1145 3814 1532 3869 retractandum
1569 3814 1832 3885 judicium
1877 3818 2015 3873 mitti

497 3884 662 3954 jubet.
696 3884 982 3942 Actardum
1012 3901 1129 3941 vero
1150 3886 1219 3938 ad
1261 3885 1549 3939 Ecclesium
1572 3884 1579 3885 7
1604 3887 1856 3955 transfert
1907 3886 2014 3939 Tu-

502 3971 788 4009 roneusem.

506 4066 780 4121 ADRIANUS
808 4065 1115 4136 episcopus,
1148 4080 1337 4120 servus
1359 4080 1640 4120 servorum
1672 4065 1788 4131 Dei,
1817 4067 2013 4123 dilecto

434 4159 544 4213 tilio
572 4158 785 4213 CAROLO
814 4157 1047 4228 glon'oso
1073 4158 1208 4227 regi.

553 4247 859 4303 Laudabilis
879 4246 1157 4302 cbaritatis
1180 4255 1235 4302 et
1271 4247 1549 4317 sapientiae
1592 4247 1801 4317 pudica:
1828 4263 1894 4302 ac
1919 4262 2013 4319 pa-

431 4337 601 4393 ciﬁca:
628 4337 814 4407 vigore
858 4344 1024 4407 atque
1051 4336 1248 4392 decore
1291 4336 1714 4407 magnitudinem
1744 4337 2010 4393 excellen-

432 4434 520 4486 tia:
551 4439 766 4494 vestrm,
793 4445 827 4485 ο
855 4429 1174 4485 charissima
1196 4429 1249 4484 in
1275 4428 1503 4484 Domino
1552 4429 1647 4493 ﬁli,
1693 4428 1849 4498 longe
1876 4427 2009 4483 late-

2118 1885 2326 1958 ﬂagello
2352 1901 2542 1942 severo
2568 1885 2802 1955 afﬂigere
2823 1901 2933 1941 non
2957 1886 3192 1947 desistit,
3221 1886 3346 1955 quia
3369 1900 3466 1939 nec
3484 1895 3707 1955 propter

2117 1977 2558 2032 amoremcarnis
2585 1976 2911 2046 disciplinali
2955 1977 3287 2046 parcendum
3315 1992 3441 2031 esse
3468 1978 3628 2047 virgae
3670 1995 3703 2030 ει

2116 2067 2359 2136 sapiente
2383 2081 2683 2121 monemur.
2708 2066 2846 2121 Hinc
2863 2066 3029 2120 etiam
3056 2067 3123 2120 de
3166 2066 3282 2134 ipso
3336 2065 3447 2119 Deo
3493 2075 3700 2128 nostro,

2114 2172 2277 2227 quem
2303 2166 2476 2213 ctetus
2501 2158 2742 2212 omnium
2766 2157 3001 2212 ﬁdelium
3025 2165 3233 2227 patrem
3262 2156 3502 2226 quotidie
3521 2168 3704 2219 vocat,

2115 2248 2342 2320 legimus
2368 2249 2626 2317 scriptum
2656 2266 2668 2302 :
2704 2247 2870 2314 Quem
2899 2248 3068 2320 diligit
3117 2246 3391 2310 Dominus,
3441 2247 3694 2316 castigat,

2115 2314 2404 2409 et'corripit
2432 2354 2455 2393 .·
2475 2314 2705 2411 ﬂagellat
2734 2349 2907 2393 autem
2931 2314 3135 2393 omnem
3172 2338 3342 2406 ﬁlium
3376 2355 3524 2407 quem
3565 2314 3704 2392 reci-

2114 2433 2188 2501 pit
2227 2430 2412 2503 (Hebr.
2441 2430 2564 2501 xu).
2595 2428 2933 2500 Quapropter
2956 2428 3097 2484 scire
3121 2443 3218 2483 vos
3242 2428 3414 2492 decet,
3436 2429 3563 2497 quia
3586 2426 3702 2482 Deo

2115 2523 2486 2592 permittente,
2513 2520 2665 2591 justo
2691 2522 2895 2590 utique,
2940 2525 3188 2590 quamvis
3236 2519 3346 2574 alto
3389 2530 3447 2575 et
3490 2530 3703 2575 secreto

2116 2613 2343 2668 consilio
2366 2628 2484 2678 suo,
2513 2627 2613 2683 pro
2641 2613 2805 2668 vestri
2837 2612 3012 2667 salute
3044 2612 3169 2665 talia
3201 2621 3395 2666 vestrae
3418 2611 3701 2665 serenitati

2115 2704 2298 2758 ascde
2354 2703 2649 2773 apostolica
2701 2703 2896 2771 smpius
2949 2701 3155 2756 monita
3191 2701 3375 2755 venire
3426 2702 3699 2754 videntur.

2114 2796 2239 2850 ldco
2274 2794 2447 2865 magis
2471 2792 2828 2861 omnipotenti
2872 2790 3096 2844 Domino
3150 2792 3442 2844 immensas
3491 2790 3702 2858 gratias

2116 2898 2295 2955 agere,
2327 2881 2590 2950 nobisque
2612 2880 2805 2935 deinde
2828 2888 3068 2949 paterna:
3093 2879 3265 2933 laudis
3286 2888 3566 2947 gratanter
3604 2880 3701 2929 de-

2114 2975 2254 3030 betis
2283 2972 2523 3043 praebere
2543 2971 2888 3040 obsequium,
2918 2979 2974 3023 et
3000 2985 3106 3023 non
3137 2968 3575 3038 reprehensionis
3610 2969 3697 3019 vel

2116 3062 2561 3119 murmurationis
2585 3062 2808 3116 modica:
2855 3062 3019 3115 verba
3074 3058 3327 3129 dirigere.
3388 3057 3519 3110 Nam
3575 3074 3698 3122 nos,

2040 3176 2084 3237 ρ
2116 3156 2313 3225 nullius
2350 3154 2467 3211 zelo
2493 3153 2699 3218 livoris,
2732 3151 2930 3207 nullius
2960 3149 3196 3205 subdolm
3216 3149 3528 3203 calliditatis
3549 3151 3695 3211 dolo,

2120 3253 2202 3307 vel
2223 3252 2384 3306 etiam
2416 3250 2600 3305 favore
2625 3247 2855 3316 alicujus
2883 3246 3209 3301 transitoria:
3235 3244 3432 3307 laudis,
3486 3243 3699 3297 charis-

2117 3342 2312 3397 simam
2339 3348 2537 3395 vestrm
2560 3338 2858 3394 nobilitatis
2876 3349 2932 3391 et
2950 3334 3335 3408 magnitudinis
3355 3332 3695 3403 prudentiain

2116 3440 2169 3488 et
2194 3432 2535 3487 dilectionem
2562 3431 2723 3485 modo
2741 3428 3030 3482 aﬂ‘abiliter
3052 3441 3294 3490 monere,
3327 3425 3482 3479 modo
3507 3431 3690 3476 autem

2115 3540 2213 3593 pro
2243 3524 2403 3594 regite
2430 3521 2715 3592 potestatis
2739 3519 2929 3590 gloria,
2979 3518 3151 3581 vobis,
3184 3517 3391 3585 quoties
3434 3525 3693 3567 necessa-

2114 3616 2195 3669 ria
2221 3614 2476 3683 temporis
2504 3628 2613 3677 res,
2664 3611 2750 3664 vel
2805 3608 3035 3679 proximi
3078 3607 3322 3676 deposcit
3373 3602 3692 3666 necessitas,

2114 3705 2334 3761 humilis
2367 3712 2617 3773 precator
2670 3701 2944 3763 assistere,
2996 3697 3284 3767 aliquando
3328 3709 3459 3750 vero
3511 3691 3707 3747 verbis

2114 3793 2476 3850 severioribus
2509 3791 2739 3846 ﬁdenter
2757 3787 3054 3858 corripere,
3078 3795 3139 3840 ut
3174 3785 3374 3840 Christi
3412 3783 3588 3855 gratia
3635 3783 3689 3836 in

2116 3886 2307 3943 melius
2341 3898 2553 3953 semper
2580 3880 2898 3953 proﬁciatis,
2927 3878 3222 3934 studemus.
3242 3877 3410 3945 Igitur
3436 3877 3502 3931 de
3527 3873 3696 3928 Hinc-

2115 3978 2252 4034 mari
2274 3974 2648 4031 Laudunensis
2666 3971 2904 4042 episcopi
2926 3969 3258 4039 depositione
3287 3966 3564 4037 pontiﬁcio
3589 3981 3691 4019 no-

2115 4080 2229 4124 stro
2255 4065 2554 4137 scripsistis
2588 4081 2601 4118 :
2633 4062 2701 4117 Et
2722 4071 2913 4115 caetera
2932 4076 3050 4130 qua:
3071 4068 3379 4128 sequuntur,
3409 4066 3463 4109 ut
3484 4057 3540 4109 iu
3579 4056 3692 4124 epi—

2113 4158 2248 4213 stola
2277 4155 2610 4227 prcecedenti,
2644 4166 2806 4222 usque
2839 4151 2908 4206 ad
2936 4159 3138 4205 temere
3165 4163 3384 4218 quoquo
3410 4148 3571 4202 modo
3602 4145 3693 4213 ju-

2114 4248 2373 4302 dicemus.
2412 4243 2520 4297 Nos
2555 4243 2609 4296 in
2638 4240 2970 4309 depositione
2993 4238 3136 4292 illius
3158 4238 3394 4308 quandiu
3439 4236 3689 4296 vivimus,

2116 4337 2418 4393 nullatenus
2445 4332 2869 4396 consentiemns,
2896 4329 2999 4385 nisi
3033 4329 3101 4383 ad
3138 4314 3380 4383 nostram
3428 4327 3545 4396 ipso
3593 4339 3688 4379 ve-

2115 4430 2298 4485 niente
2328 4426 2695 4508 pmsentiam,
2726 4436 2893 4479 causa
2928 4419 3045 4489 ejus
3090 4417 3444 4501 depositionis
3504 4425 3693 4471 nostro

432 4536 537 4588 que
565 4520 776 4585 ﬂorere,
809 4520 978 4577 nitide
999 4522 1279 4592 splendere
1298 4520 1566 4578 audimus.
1601 4521 1708 4577 Sed
1750 4523 1876 4591 quia
1918 4521 2005 4574 lit-
2033 4519 2087 4580 D
2114 4519 2275 4574 fuerit
2308 4505 2557 4572 examine
2577 4513 2860 4583 diligenter
2882 4510 3159 4580 inquisita,
3186 4518 3347 4578 atque
3372 4507 3539 4561 ﬁnita.
3565 4505 3693 4571 Qui-

435 4613 565 4666 teris
593 4614 811 4678 vestris,
840 4613 1146 4684 apostolicae
1165 4615 1520 4684 correptionis
1545 4615 1724 4684 apices
1745 4615 2011 4669 membra-

432 4702 531 4758 tim
552 4702 859 4767 retexendo,
884 4703 1165 4759 adversum
1188 4705 1564 4772 paternitatem
1585 4712 1823 4760 nostram
1839 4705 2012 4773 quod-

435 4793 559 4847 dam
590 4791 840 4847 indebita:
864 4794 1299 4863 reprehensionis
1322 4809 1588 4860 murmur,
1624 4802 1693 4856 et,
1714 4793 2008 4850 tumultuo-

433 4898 554 4940 sum
593 4883 749 4939 nobis
793 4884 1085 4940 clamorem
1114 4885 1355 4950 misistis,
1411 4900 1513 4942 nec
1558 4900 1692 4940 sane
1741 4886 2012 4956 patienter

436 4977 696 5048 pontiﬁcii
722 4975 893 5031 nostri
920 4977 1118 5032 monita
1151 4985 1204 5031 et
1240 4978 1609 5047 correptiones
1632 4976 1847 5032 audisse
1863 4991 2013 5032 com-

438 5065 936 5138 pcrimus;liquido
968 5073 1116 5134 patet
1142 5081 1236 5121 vos
1280 5066 1456 5121 adhuc
1502 5065 1756 5136 perfectce
1806 5066 2049 5134 aliquid-

430 5156 722 5215 charitatis
750 5156 930 5210 minus
958 5156 1220 5210 duntaxat
1244 5157 1462 5211 habere.
1497 5156 1573 5210 De
1601 5156 1687 5210 illa
1711 5158 1855 5210 enim
1879 5156 2013 5211 dicit

436 5247 710 5317 apostolus
734 5265 747 5300 :
774 5246 1017 5301 Charitas
1037 5246 1236 5316 patiens
1257 5256 1351 5308 est,
1374 5247 1595 5316 benigna
1615 5256 1713 5311 est,
1739 5263 1842 5301 non
1862 5247 2015 5315 inﬂa-

437 5350 542 5399 tur,
571 5354 673 5391 non
692 5338 953 5401 irritatur,
980 5352 1084 5391 non
1126 5336 1235 5407 agit
1269 5353 1561 5406 perperam,
1585 5338 1761 5391 omnia
1802 5338 2009 5407 suffert,

509 5512 535 5538 ι
574 5496 876 5551 Laudabilis
900 5498 1189 5551 charitatis.
1220 5495 1315 5550 llis
1343 5512 1555 5550 rursum
1601 5497 1823 5551 Adriani
1871 5496 2011 5549 litte-

438 5570 515 5622 ris
542 5566 777 5621 offensus
804 5566 1025 5622 Carolus
1074 5566 1336 5636 prolixam
1381 5564 1660 5636 epistolam
1709 5568 2005 5634 rescripsit,

439 5654 561 5707 qum
591 5638 729 5689 inter
748 5645 984 5707 czcteras
1010 5635 1151 5689 edita
1174 5646 1255 5690 est
1284 5645 1402 5703 post
1428 5635 1700 5707 Hincmari
1728 5637 2002 5707 opuscula.

440 5704 653 5763 cmbolo
677 5706 775 5759 sub
808 5704 965 5760 tinem
987 5707 1259 5774 adjuncto.
1281 5707 1421 5773 quod
1454 5706 1625 5759 inetur
1671 5706 1831 5759 habet
1880 5706 2008 5759 alto-

2114 4610 2216 4664 bus
2245 4607 2499 4662 nimirum
2525 4602 2806 4666 admoniti,
2847 4600 3006 4655 aliter
3034 4600 3088 4653 in
3110 4598 3356 4668 praesenti
3386 4598 3451 4651 de
3495 4595 3690 4665 praedio

2116 4705 2203 4753 cto
2240 4696 2567 4757 Hincmaro,
2622 4692 2726 4746 nisi
2774 4705 2896 4745 eum
2942 4687 3170 4743 Romam
3219 4686 3490 4749 veniendi,
3538 4685 3690 4738 vobis

2114 4788 2373 4845 mandare
2395 4785 2720 4841 distulimus.
2750 4781 3043 4837 Actardum
3066 4780 3301 4849 denique
3326 4775 3686 4833 venerabilem

2116 4883 2413 4940 antistitem
2435 4880 2670 4950 legatum
2692 4884 2954 4939 vestrum,
2984 4874 3051 4929 de
3076 4888 3183 4943 quo
3212 4881 3269 4925 et
3296 4885 3395 4925 nos
3416 4869 3542 4923 oliui
3594 4883 3689 4920 vo-

2115 4975 2202 5031 bis
2235 4972 2629 5035 mandavimus,
2659 4977 2716 5025 et
2743 4984 2841 5022 vos
2862 4966 3058 5022 vestris
3086 4963 3326 5034 apicibus
3352 4971 3548 5015 nostra:
3576 4958 3686 5013 cle-

2116 5065 2333 5121 mentiae
2388 5060 2683 5124 direxistis,
2734 5059 2877 5114 sicut
2926 5065 2983 5112 et
3018 5054 3257 5127 synodus
3307 5048 3685 5121 expostulavit,

2112 5156 2264 5226 plebs
2303 5162 2360 5209 et
2406 5152 2708 5207 Turonicus
2757 5149 2933 5204 clerus
2982 5144 3323 5202 concorditer
3365 5142 3544 5212 elegit,
3575 5138 3685 5209 jam

2115 5243 2499 5300 constituimus
2527 5256 2623 5311 per
2647 5247 2845 5293 nostra:
2873 5234 3182 5307 apostolica:
3207 5230 3548 5287 auctoritatis
3595 5229 3686 5281 de-

2115 5345 2320 5391 cretum
2348 5331 2674 5388 eardinalem
2700 5328 3168 5399 metropolitanum
3218 5336 3272 5380 et
3326 5321 3689 5391 archiepisco-

2115 5496 2229 5550 rius
2263 5492 2523 5564 epistolaz,
2547 5505 2732 5564 revera
2760 5496 2938 5544 autem
2960 5484 3297 5564 adeamdem
3330 5481 3517 5564 ipsamj
3550 5477 3690 5564 rere:

2115 5556 2339 5619 randum
2371 5573 2473 5616 cst.
2503 5556 2753 5616 Carolum
2781 5556 3259 5628 porroqurianus,
3289 5556 3523 5616 acceptis
3570 5559 3688 5628 cui;

2115 5634 2328 5697 litteris,
2362 5632 2606 5702 sequenti
2656 5625 2878 5699 cpistola
2935 5626 2998 5680 ιι
3048 5626 3262 5694 placare
3314 5628 3539 5675 conatus
3578 5625 3684 5668 est.

2113 5706 2267 5759 Sinti.
