3978 6160
285 273 404 332 1517

277 410 391 466 pum
436 386 719 447 Turoniete
748 388 1037 459 provincia:
1076 410 1088 441 ;
1123 388 1201 441 sic
1234 394 1435 448 tamen,
1484 395 1542 440 ut
1602 383 1834 438 Namue-
1867 389 1914 443 Λ

277 488 384 541 ticze
411 482 674 542 ecclesiae,
699 481 784 535 cui
808 483 985 533 fuerat
1011 481 1331 541 destinatas,
1362 480 1412 530 in
1456 492 1519 530 eo
1572 478 1712 544 quod
1764 493 1843 529 re—

276 575 482 639 mansit,
505 573 628 643 quia
653 571 926 625 destructa
966 568 1218 632 habetur,
1276 565 1411 643 jura
1454 574 1847 635 potestatemve

274 666 409 721 nullo
463 642 620 719 modo
653 661 1053 724 subtrahamps.
1103 642 1508 728 Interponentes
1557 655 1842 728 pastoralis

272 756 461 827 vigoris
486 770 792 817 censuram,
838 761 898 805 ut
939 751 1368 820 quandocunque
1389 749 1473 801 vel
1508 748 1843 817 quisrunque

272 845 425 900 alium
446 846 561 915 ipso
586 843 876 913 superstite
903 841 955 895 in
978 838 1199 910 praefata
1223 837 1529 907 metropoli,
1560 838 1687 890 etin
1715 837 1839 899 ista,

269 936 344 991 vel
374 936 426 989 in
457 950 641 991 earum
665 931 1004 1004 pertinentiis
1025 930 1205 984 locare
1250 928 1553 991 tentaverit,
1606 933 1699 979 aut
1754 941 1843 978 or-

271 1028 447 1081 dinare
513 1022 964 1095 praesumpserit,
1014 1021 1396 1077 ecclesiasticae
1445 1017 1842 1073 communionis

270 1116 531 1171 consortio
568 1122 771 1169 careat.
798 1111 942 1167 Sane
962 1124 1084 1182 post
1131 1109 1249 1179 ejus
1302 1111 1586 1165 decessum
1649 1108 1843 1163 electio

270 1205 542 1269 canonica,
573 1213 627 1258 et
648 1203 919 1258 ordinatio
946 1220 975 1256 a
998 1200 1351 1272 suﬂ'raganeis
1386 1198 1656 1270 episcopis
1695 1198 1840 1267 ejus-

269 1295 382 1349 dem
407 1293 767 1364 metrOpoleos
812 1292 1095 1347 Turonicre
1129 1290 1388 1346 canonice
1425 1288 1729 1345 celebretur
1774 1303 1846 1342 ex

270 1402 411 1442 more
435 1396 489 1441 et
517 1387 564 1441 si
592 1386 925 1441 Namneticze
972 1385 1262 1455 contigerit
1286 1383 1542 1440 Ecclesiae
1586 1382 1677 1436 ad'
1701 1382 1845 1452 prio-

269 1489 376 1531 rem
407 1474 583 1530 redire
611 1484 833 1539 statum,
877 1475 1010 1529 nihil
1037 1473 1231 1529 alliciat
1260 1474 1307 1527 ei
1338 1474 1453 1528 haec
1500 1471 1841 1527 necessitatis

266 1568 451 1631 unitio,
484 1582 645 1636 quam
670 1567 852 1637 exegit
878 1581 1206 1636 paganorum
1244 1564 1500 1628 vastatio,
1550 1564 1843 1635 quominus

264 1658 531 1729 preprium
554 1656 730 1712 valeat
755 1658 956 1711 habere
977 1656 1304 1725 pontificem.
1331 1656 1438 1711 Sed
1465 1655 1697 1710 vidimus
1718 1669 1842 1708 eum

1465 268 1818 322 le’iei'l'tli..l-I
1860 271 1945 320 ΕΤ
1983 268 2320 322 ltiitliiliTA.

3402 258 3539 311 ’318

2667 384 2773 436 XL.

2457 512 2522 549 Alt
2562 513 2849 552 EI’ISCOI'I'I
2888 514 3010 551 11η..

2550 612 2731 665 mittito
2778 611 2931 679 87.2.)

1946 712 2229 785 Con/imm.
2243 735 2304 770 ur
2327 719 2719 772 matrimonium
2743 718 3241 788 cujusdamabseme
3264 719 3531 776 sacerdote

2564 801 2677 841 ιὐηι
2688 799 2907 842 rectum.

2260 897 2437 969 [Apud
2476 898 2660 952 Balnz.
2695 897 2944 962 Miscell.,
2993 908 3122 954 tom.
3156 897 3222 971 1.]

2020 1009 2288 1064 Αυιιιλκυδ
2330 1010 2632 1079 episcopus,
2664 1025 2856 1065 servus
2883 1025 3164 1066 servorum
3209 1011 3324 1076 Dei,
3363 1029 3529 1068 vene-

1948 1100 2103 1153 rabili
2151 1099 2303 1154 fratri
2337 1099 2398 1153 Β.
2435 1100 2646 1156 Cathal.
2675 1103 2929 1171 episcopo
2974 1103 3199 1159 salutem
3229 1113 3286 1161 et
3310 1115 3529 1175 aposto-

1946 1188 2106 1243 licam
2140 1189 2597 1245 benedictionem.

2018 1279 2101 1332 Ad
2131 1279 2439 1350 apostolica:
2460 1280 2605 1336 sedis
2631 1281 2878 1335 notitiam
2908 1289 2999 1335 tua
3030 1280 3344 1336 fraternitas
3373 1300 3534 1338 nove-

1949 1369 2021 1423 rit
2041 1371 2350 1438 pervenisse
2378 1370 2517 1425 inter
2543 1372 2831 1439 quemdam
2864 1373 3261 1441 parocltianutn
3294 1382 3442 1428 tuum
3477 1384 3533 1429 et

1950 1461 2114 1515 filiam
2165 1460 2446 1529 cujusdam
2493 1465 2707 1528 viduae,
2744 1466 3022 1535 utriusque
3070 1468 3239 1537 partis
3287 1484 3533 1531 assensu,

1949 1552 2413 1608 consentientibus
2455 1556 2617 1608 etiam
2670 1558 2984 1624 parentibus
3014 1567 3067 1613 et
3108 1560 3319 1625 amicis,
3352 1563 3534 1614 matri—

1948 1643 2191 1698 monium
2234 1644 2505 1713 quondam
2537 1645 2703 1702 fuisse
2732 1659 3090 1703 contractum.
3140 1650 3244 1706 Sed
3284 1652 3409 1721 quia
3441 1668 3532 1708 sa—

264 1748 412 1803 vajde
448 1748 659 1802 tristem
707 1757 929 1817 propter
982 1747 1414 1816 persecutionem
1463 1760 1835 1816 paganorum;
1868 1755 1912 1815 C
1947 1734 2139 1787 CCI‘dOS
2170 1733 2308 1788 data:
2345 1734 2596 1805 utrinque
2625 1736 2746 1791 ﬁdei
2777 1753 2885 1791 DOII
2918 1739 3181 1805 illlﬁl‘fllii,
3208 1756 3330 1796 cum
3356 1751 3535 1798 tamen

263 1852 457 1893 etcum
481 1854 670 1894 omnes
705 1839 814 1893 sint
835 1853 970 1907 pene
994 1852 1078 1890 res
1108 1836 1274 1906 ipsius
1317 1836 1576 1890 Ecclesiae
1607 1836 1845 1905 depOptv

266 1934 401 1997 laute,
442 1948 724 2001 precamur
752 1930 1112 2001 largissimatn
1144 1929 1572 1984 muniﬁcentiam
1619 1936 1674 1981 et
1720 1928 1851 1981 cha-

267 2028 475 2080 ritatem
498 2034 751 2086 vestram,
777 2024 844 2077 ob
874 2036 1112 2076 amorem
1139 2021 1230 2074 Dei
1256 2031 1310 2074 et
1332 2019 1505 2074 sancti
1554 2018 1695 2073 Petri
1752 2033 1842 2071 no.

262 2126 533 2183 atramque
559 2113 1095 2181 deprccationem,et
1141 2111 1241 2165 hoc
1292 2111 1362 2162 sit
1412 2110 1467 2162 in
1534 2108 1848 2161 memoriale

261 2212 592 2274 perpetuum,
619 2200 1168 2285 q21()tl.COllceSSCt'illS
1205 2199 1360 2253 nobis
1404 2201 1503 2252 llOC
1533 2199 1757 2255 donum.
1788 2205 1847 2249 ut

261 2310 360 2349 non
396 2292 672 2363 patiamini
707 2298 913 2343 tantum
940 2290 1115 2342 locum
1139 2302 1358 2356 pessum
1387 2289 1487 2348 ire,
1529 2297 1582 2341 et
1611 2288 1663 2339 in
1687 2286 1844 2339 deso-

260 2383 531 2445 lationem,
548 2379 849 2449 prtesertim
867 2392 987 2431 cum
1002 2377 1163 2430 fuerit
1178 2391 1243 2429 ex
1268 2377 1489 2445 antiquo
1504 2374 1844 2443 metropolis,

257 2483 311 2528 ct
334 2473 539 2528 meritis
583 2469 955 2541 gloriosissimi
1011 2466 1341 2523 confessoris
1372 2467 1573 2522 Christi
1626 2464 1844 2520 Martini

260 2565 603 2627 honorabilis,
640 2575 960 2632 semperque
989 2557 1334 2621 venerabilis,
1384 2566 1438 2612 et
1489 2557 1631 2611 inter
1677 2556 1846 2612 Galli-

256 2673 418 2713 canas
439 2656 627 2711 eadem
658 2652 739 2708 vel
765 2651 1001 2707 secunda
1031 2649 1116 2705 vel
1157 2650 1314 2704 tertia
1343 2648 1641 2718 provincia
1672 2645 1846 2700 Turo-

257 2748 457 2813 nensis,
488 2755 543 2800 et
568 2744 750 2799 multis
778 2758 899 2812 qua:
932 2742 997 2797 ab
1038 2754 1101 2795 ea
1146 2741 1419 2795 distracta:
1472 2748 1616 2804 sunt,
1675 2739 1845 2793 ditata

253 2838 414 2904 villis,
449 2836 881 2908 possessionibus
905 2842 960 2889 et
1016 2833 1273 2889 abbatiis.
1310 2832 1377 2887 Et
1405 2847 1527 2887 cum
1558 2830 1693 2892 alite,
1725 2845 1845 2899 qua:

253 2935 353 2989 sub
371 2948 435 2988 ea
462 2942 607 2997 sunt,
634 2927 1023 2998 civitatesjam
1047 2927 1158 2982 sint
1201 2942 1339 2996 pene
1389 2927 1703 2988 destructm,
1750 2925 1845 2978 ha-

253 3040 371 3079 rum
401 3033 627 3078 matrem
670 3030 873 3075 tantam
897 3028 954 3075 et
990 3014 1330 3089 metropolfm
1359 3035 1426 3072 ne
1450 3016 1730 3088 patiamini
1753 3016 1845 3070 dc-

250 3117 407 3179 strui,
426 3113 678 3178 desolari,
708 3122 759 3167 et
784 3111 1111 3166 dehonorari
1134 3118 1316 3165 vestro
1338 3110 1391 3163 in
1416 3117 1676 3178 tempore.
1699 3106 1837 3175 Quin
1872 3113 1916 3173 C

246 3207 431 3276 potius
458 3205 667 3260 studete
711 3219 828 3258 eam
872 3205 939 3258 de
992 3204 1153 3259 rebus
1202 3202 1396 3257 vestris
1442 3202 1697 3272 propriis,
1753 3200 1839 3254 vel

248 3295 440 3366 procul
469 3295 538 3350 ab
562 3309 623 3348 ea
651 3294 857 3363 positis,
886 3293 967 3346 vel
997 3294 1127 3347 tutis
1158 3308 1187 3346 a
1217 3293 1459 3363 paganis,
1493 3292 1686 3356 ditare,
1710 3306 1839 3360 con-

254 3387 455 3449 tinere,
487 3394 542 3439 et
568 3383 847 3439 extollere.
889 3384 1022 3450 Quia
1072 3392 1197 3438 tunc
1223 3399 1286 3438 ea
1309 3383 1461 3438 vobis
1492 3383 1544 3436 in
1573 3392 1834 3436 aeternum

248 3476 618 3539 confirmatis,
677 3491 800 3528 cum
849 3491 971 3544 qum
1029 3475 1396 3530 Ecclesiarum
1436 3472 1531 3528 Dei
1562 3471 1837 3542 obsequiis

248 3564 585 3625 condonatis.
619 3572 673 3618 et
700 3564 991 3617 reservatis
1019 3566 1269 3617 omnibus
1292 3579 1387 3616 sua
1406 3562 1526 3630 jura
1567 3574 1838 3632 metrorto-

248 3655 452 3709 litanis.
477 3654 660 3708 Nostis
694 3654 839 3708 enim
893 3653 1019 3723 quia
1047 3668 1211 3707 omne
1244 3653 1628 3707 monasterium
1659 3655 1711 3707 in
1742 3668 1834 3723 po-

247 3754 445 3801 testate
494 3745 732 3814 episcopi
784 3744 1081 3799 consistere
1123 3744 1282 3797 debet
1320 3741 1477 3810 jnxta
1519 3745 1833 3797 canonicam

244 3836 630 3892 auctoritatem
667 3844 768 3890 :et
793 3836 921 3905 quia
952 3835 1057 3889 hoc
1107 3841 1192 3889 est
1245 3842 1663 3903 transgressum,
1718 3834 1836 3887 ideo

243 3926 480 3998 plurima
512 3927 836 3980 monasteria
860 3925 1129 3979 habentur
1164 3923 1461 3987 destructa,
1514 3923 1671 3977 sicuti
1723 3937 1838 3976 mo-

241 4018 547 4074 nasterium
602 4015 774 4071 sancti
825 4014 1058 4071 Medardi
1110 4012 1364 4079 Turonis,
1408 4013 1461 4068 in
1512 4029 1620 4083 quo
1653 4012 1837 4082 jacent

241 4109 627 4179 episcoporum
656 4106 814 4176 primi
863 4105 1261 4161 Turonensium
1309 4103 1557 4158 Lidorius
1577 4112 1631 4157 et
1658 4102 1835 4159 Gatia-

241 4216 384 4266 nus;
414 4200 554 4255 sicut
579 4208 634 4253 et
663 4197 1045 4252 Monasterium
1086 4198 1280 4267 majus,
1330 4196 1470 4250 sicut
1517 4194 1682 4250 etiam
1728 4194 1831 4248 alia

238 4293 299 4345 in
331 4291 519 4344 eadem
550 4289 769 4343 civitate
795 4288 1144 4352 monasteria,
1177 4303 1297 4357 quae
1322 4287 1544 4341 forsitan
1584 4301 1681 4355 per
1723 4286 1834 4356 cpi-

237 4378 464 4450 sc0pale
516 4379 917 4441 ministerium,
977 4387 1030 4431 et
1077 4387 1314 4431 vestrum
1373 4376 1827 4445 sapientissimum

1956 1822 2043 1875 alii
2100 1831 2266 1879 testes
2322 1823 2544 1894 legitimi
2596 1825 2777 1894 plures
2831 1827 3141 1885 interfuisse
3206 1842 3537 1898 noscantur,

1955 1923 2137 1969 utrum
2188 1916 2496 1987 hujusmodi
2544 1918 2949 1973 matrimonium
2997 1930 3143 1976 stare
3194 1922 3421 1989 debeat,
3467 1940 3535 1978 an

1952 2006 2117 2060 etiam
2170 2007 2387 2061 irritum
2420 2008 2701 2073 habeatur,
2736 2010 2965 2078 quaestio
3021 2011 3163 2077 inde,
3192 2012 3331 2066 sicut
3384 2014 3539 2067 nobis

1952 2097 2179 2151 relatum
2223 2107 2324 2163 est,
2360 2098 2611 2167 agitatur.
2643 2097 2714 2155 Ut
2760 2110 2939 2154 autem
2970 2103 3145 2156 omnis
3193 2104 3421 2171 quatstio
3450 2121 3538 2162 su-

1950 2203 2047 2257 per
2073 2190 2264 2243 eodem
2294 2188 2639 2242 matrimonio
2669 2189 2734 2243 de
2762 2198 2958 2244 caetero
2987 2192 3253 2261 sopiatur,
3284 2208 3378 2262 per
3410 2208 3537 2263 apo-

1951 2277 2138 2331 stolica
2194 2278 2286 2331 tibi
2339 2278 2540 2346 scripta
2573 2279 2891 2334 mandamus
2931 2290 3200 2350 quatenus
3230 2280 3534 2352 hujusmodi

1951 2370 2281 2425 connubimn
2320 2370 2540 2425 dissolvi
2579 2371 2882 2426 nullatenus
2924 2372 3166 2441 patiaris,
3198 2374 3291 2427 sed
3319 2375 3533 2429 lirmutn

1951 2463 2120 2519 facias
2167 2473 2330 2533 atque
2384 2463 2693 2519 inviolabile
2740 2480 3077 2534 pertimuere.
3133 2467 3188 2520 Si
3221 2468 3363 2521 enim
3398 2470 3535 2525 alias

1948 2569 2195 2623 persona:
2222 2554 2608 2609 convenientes
2634 2565 2689 2610 et
2716 2555 2967 2625 legitima:
2996 2556 3195 2611 fuerint
3236 2565 3291 2610 et
3319 2566 3533 2613 contra-

1949 2653 2068 2700 ctus
2100 2646 2212 2713 ipse
2241 2644 2448 2716 legibus
2482 2646 2841 2713 concordatis,
2876 2647 2948 2700 ita
2970 2648 3121 2715 iquod
3149 2662 3255 2701 non
3287 2648 3534 2702 videatur

1949 2737 1996 2791 ei
2020 2737 2086 2790 de
2114 2736 2284 2791 sacris
2310 2737 2608 2790 canonibus
2628 2737 2871 2803 obviare,
2890 2753 2989 2807 pro
3015 2754 3080 2792 eo
3102 2739 3245 2808 quod
3272 2742 3531 2796 sacerdos

1949 2829 2146 2883 absens
2168 2824 2353 2893 fuerit,
2377 2825 2483 2881 tale
2507 2827 2914 2883 matrimonium
2942 2843 3047 2883 non
3080 2829 3240 2884 debet
3262 2828 3531 2884 ullatenus

1948 2919 2220 2989 impediri.

2672 3007 2807 3061 XLI.

2297 3136 2365 3175 AD
2402 3136 2649 3176 ολιιοιωί
2686 3137 2897 3176 CALVUII
2942 3137 3137 3179 REGE”.

2554 3236 2730 3321 (Awnno
2760 3236 2911 3309 872.)

1943 3347 2530 3424 Regent__asperiori_bus
2560 3348 2746 3424 litteris
2778 3349 3066 3417 offensum,
3108 3352 3271 3424 multa
3312 3354 3375 3406 de
3417 3355 3530 3424 ejus

2010 3417 2255 3471 laudibus
2279 3418 2574 3488 praedicans
2590 3457 2604 3480 ,
2628 3417 2838 3488 placare
2860 3426 3052 3488 studet.
3094 3420 3171 3473 De
3201 3417 3528 3477 Aclunlo'ml

2010 3489 2185 3559 aedem
2231 3486 2546 3559 Turonicam
2571 3486 2905 3559 translata]
2915 3491 3168 3559 mperium
3200 3492 3389 3545 Carolo
3414 3507 3528 3559 post

2015 3557 2262 3612 Ludovici
2289 3559 2483 3611 obitum
2530 3558 2803 3628 promittit.
2836 3556 2902 3611 Et
2952 3556 3015 3613 (te
3054 3560 3343 3615 Hincmaro
3387 3556 3530 3618 Lau-

2010 3629 2252 3682 duneusi.

2019 3737 2296 3792 ADRIANUS
2342 3737 2662 3806 episcopus,
2703 3753 2892 3793 servus
2943 3755 3223 3795 servorum
3266 3743 3393 3808 Dei,
3442 3745 3528 3799 di-

1940 3830 2233 3886 lectissimo
2264 3828 2374 3883 lilio
2419 3840 2472 3883 et
2509 3830 2893 3898 gloriosissimo
2924 3831 3143 3889 (ἔλποιο
3190 3837 3321 3906 regi,
3351 3837 3532 3906 conju-

1940 3922 2097 3993 gique
2123 3921 2348 3975 salutem
2376 3922 2427 3975 in
2456 3920 2692 3977 .Christo.

2009 4011 2244 4067 Litteras
2278 4019 2470 4066 vestrae
2513 4011 2807 4066 nobilitatis
2841 4029 2938 4085 per
2968 4015 3330 4071 venerabilem
3360 4018 3526 4075 lilium

1939 4108 1995 4155 et
2016 4099 2245 4154 fratrem
2291 4109 2532 4153 nostrum
2572 4100 2866 4155 Actardum
2926 4103 3234 4173 episcopum
3284 4110 3527 4176 suscepi-

1939 4207 2059 4247 mus
2083 4205 2098 4243 :
2128 4191 2180 4244 in
2207 4190 2402 4259 quibus
2444 4190 2608 4244 multa
2637 4191 3008 4248 reclamatoria
3028 4235 3043 4260 ,
3090 4194 3450 4262 resultatoria,
3475 4210 3531 4250 et

1938 4281 2265 4338 tumultuosa
2298 4282 2701 4352 perspeximus,
2749 4283 2904 4337 aliter
2951 4300 3112 4355 quam
3147 4276 3529 4357 optaveramus

1938 4372 2352 4426 murmurantia.
2388 4371 2633 4441 Regnum
2676 4372 2769 4426 Dei
2798 4374 2973 4429 nullus
3006 4392 3349 4433 murmurans
3389 4380 3528 4433 acci-

236 4467 553 4531 consilium,
578 4477 634 4522 et
664 4467 1022 4537 largissimum
1073 4465 1293 4531 donum,
1349 4475 1604 4536 poterunt
1657 4466 1833 4520 redire
1864 4459 1911 4517 D
1939 4464 2035 4532 pit,
2064 4479 2163 4517 nec
2190 4477 2530 4516 murmurare
2558 4464 2757 4531 poterit
2787 4464 3076 4533 accipiens.
3118 4467 3346 4521 Audiens
3380 4468 3524 4523 enim

237 4559 312 4611 ad
350 4558 584 4627 priorem
615 4565 839 4610 statum.
874 4555 1076 4610 Debent
1103 4555 1268 4609 etiam
1295 4556 1398 4609 vici
1423 4572 1614 4610 omnes
1659 4555 1833 4611 eccle-

218 4640 341 4702 ἐᾶω
365 4646 650 4714 cujuslibet
677 4645 947 4715 parochiae
969 4645 1021 4697 in
1046 4654 1311 4714 potestate
1337 4647 1632 4701 consistere
1689 4660 1830 4715 preco

236 4735 398 4800 sulis,
425 4737 566 4791 sicut
614 4736 780 4791 moris
803 4746 888 4790 est
912 4734 1156 4791 ecclesiis
1201 4736 1465 4804 plurimis.
1520 4739 1626 4793 lies
1666 4740 1828 4793 etiam

233 4844 366 4899 quze
398 4830 463 4885 de
489 4828 679 4884 eadem
727 4828 955 4883 ecclesia
1006 4838 1305 4883 noscuntur
1358 4828 1545 4891 fuisse,
1600 4841 1655 4882 et
1701 4830 1829 4883 olim

232 4929 375 4977 sunt
403 4922 707 4986 abstractae,
754 4934 1044 4993 precamur
1070 4935 1167 4976 vos
1196 4920 1371 4974 eidem
1403 4920 1713 4987 reStituere,
1769 4930 1824 4974 et

231 5013 388 5068 sicut
415 5012 619 5083 precati
642 5011 755 5079 jam
785 5027 991 5076 sumus,
1042 5011 1107 5066 ad
1135 5026 1375 5081 prmsens
1398 5011 1463 5066 de
1490 5013 1686 5066 vestris
1735 5026 1822 5065 re—

230 5105 347 5159 bus
378 5103 611 5173 prapriis
652 5119 750 5173 per
800 5113 1125 5173 praeceptum
1172 5111 1412 5157 vestrum
1467 5119 1584 5158 eam
1631 5103 1825 5166 ditare,

232 5201 584 5257 construere,
616 5204 670 5248 et
699 5194 851 5248 vobis
897 5194 951 5247 in
986 5203 1247 5248 aeternum
1294 5195 1570 5264 propriam
1628 5192 1823 5256 facere,

228 5292 444 5340 utnon
473 5294 714 5348 vocetur,
756 5294 812 5339 ut
854 5284 1174 5354 antiquitus,
1215 5284 1636 5340 Caesarodunum
1687 5285 1825 5339 ulte-

231 5375 382 5441 rius,
422 5375 517 5430 sed
565 5375 947 5429 Karolidonum
991 5376 1043 5430 in
1095 5386 1431 5445 perpetuum.
1477 5377 1830 5446 Omnipotens

230 5465 507 5520 Dominus
559 5467 869 5522 serenitatis
921 5478 1115 5523 vestrae
1165 5469 1398 5538 regalem
1453 5470 1826 5524 excellentiam

227 5558 450 5608 salvam
477 5557 526 5609 in
557 5558 807 5613 erunibus
827 5567 990 5626 atque
1035 5559 1353 5614 incolumem
1410 5560 1462 5614 in
1504 5561 1583 5614 sui
1614 5576 1826 5631 semper

227 5661 428 5701 arnore
457 5663 774 5703 conservare
806 5649 1069 5720 dignetur.

1934 4557 2140 4624 sapiens
2163 4555 2450 4623 sapientior
2480 4558 2597 4617 erit,
2625 4563 2672 4607 et
2704 4555 2993 4625 intelligens
3025 4557 3379 4627 gubernacula
3408 4578 3525 4630 pos-

1932 4648 2120 4703 sidebit
2168 4648 2360 4718 (Prov.
2393 4645 2473 4715 ι).
2519 4644 2627 4699 Nos
2670 4662 2818 4713 vero,
2870 4648 2995 4702 licet
3052 4649 3293 4719 indigni,
3345 4662 3522 4707 tamen

1932 4757 2120 4797 smnus
2166 4740 2307 4795 illius
2344 4739 2560 4801 vicarii,
2602 4742 2686 4795 cui
2723 4741 2996 4796 commisit
3042 4741 3185 4796 Deus
3228 4742 3521 4799 Ecclesium

1931 4853 2105 4898 suam,
2135 4835 2268 4889 dans
2293 4835 2340 4890 ei
2371 4843 2689 4904 potestatem
2718 4833 2918 4903 ligandi
2954 4840 3118 4902 atque
3164 4833 3442 4888 solvendi:
3470 4842 3524 4887 et

1932 4928 2335 4997 qualescunque
2373 4927 2574 4990 simus,
2608 4925 2751 4979 illius
2805 4907 2965 4995 primi
3007 4925 3239 4980 sessoris
3280 4925 3518 4987 meritis,

1929 5018 2165 5089 quandiu
2202 5018 2392 5072 merita
2426 5017 2541 5085 ejus
2568 5017 2621 5071 in
2668 5014 2823 5071 cmlis
2870 5030 2974 5070 non
3008 5016 3349 5079 moriuntur,
3377 5016 3520 5084 quod

1930 5109 2259 5179 oper-andem
2288 5116 2373 5163 est
2401 5108 2453 5161 in
2496 5106 2739 5161 Ecclesia
2781 5106 2884 5160 sibi
2929 5107 3252 5169 commissa,
3294 5102 3354 5160 at
3402 5105 3521 5176 ipso

1931 5198 2185 5269 repletur.
2212 5197 2279 5251 Et
2302 5198 2520 5267 quidem
2568 5196 2694 5266 quia
2733 5194 2885 5265 quasi
2917 5203 3155 5248 tumores
3183 5201 3236 5247 et
3277 5192 3522 5250 lzesiones

1930 5297 2141 5344 vestras
2164 5286 2429 5357 palpitare
2448 5286 2736 5351 sensimus,
2759 5286 2855 5340 bas
2880 5285 3001 5339 oleo
3023 5283 3406 5339 consolationis
3425 5300 3523 5356 per

1934 5379 2120 5441 melos
2148 5377 2470 5433 dulcissima:
2516 5377 2827 5442 cliaritatis,
2875 5383 2929 5430 et
2967 5384 3168 5430 sanctae
3218 5376 3520 5433 dilectionis

1933 5479 2261 5542 unguentum
2293 5469 2498 5535 fovere,
2515 5471 2704 5535 lenire,
2720 5469 2856 5525 etad
2880 5467 3204 5539 integritatis
3232 5469 3518 5522 sanitatem

1930 5564 2227 5632 perducere
2255 5564 2649 5618 medicamento
2678 5577 2785 5632 quo
2811 5561 3054 5615 valemus
3077 5570 3346 5629 optamus.
3384 5559 3516 5613 Cum

1933 5658 2240 5710 noverimus
2272 5673 2430 5711 omne
2467 5659 2660 5711 donum
2702 5655 2998 5724 optimum,
3047 5661 3103 5708 et
3131 5666 3289 5707 omne
3331 5650 3513 5706 datum
