3966 6134
1167 434 1812 523 TBADITIO
1947 432 2750 528 CATHOLICA.

1338 620 1791 686 SECULUM
1840 621 1959 685 XI.
2015 623 2309 686 ANNUS
2360 624 2567 699 1058,

1596 832 2331 947 ELENCHUS

366 1054 893 1128 AUCTORUM
965 1054 1078 1127 ET
1145 1053 1537 1127 OPERUM
1606 1052 1758 1135 QUI
1823 1054 1910 1126 IN
1979 1051 2166 1124 HOC
2226 1053 2494 1127 τοΜο
2559 1055 2821 1130 CXXII
2881 1057 3539 1133 OONTINENTUR

688 1368 1051 1425 GEORGIUS
1090 1368 1497 1423 CEDRENUS.

296 1477 658 1533 Historiarum
690 1476 1093 1546 compendium.
1140 1473 1551 1541 (Continuatio.)

721 1600 1039 1655 JOANNES
1073 1599 1463 1655 SCYLITZES.

295 1708 633 1763 Breviarium
662 1707 983 1761 historicum
999 1746 1011 1759 .

754 1834 1062 1887 MICHAEL
1094 1833 1417 1889 PSELLUS.

294 1942 365 1995 De
398 1940 597 1996 Psettis
629 1945 681 1995 et
713 1957 906 1996 eorum
934 1942 1184 2067 scriptis
1214 1942 1411 1996 Leonis
1444 1940 1645 1994 Attatii

984 2028 1037 2065 ια
1074 2028 1125 2065 rt
1162 2029 1213 2066 α.

984 2028 1213 2066 ιαενιθα.

415 2171 643 2210 ορειιωι
684 2171 820 2209 PARS
860 2172 1130 2210 PRIMA.—
1172 2168 1354 2209 OPERA
1384 2170 1761 2209 THEOLOGICA.

294 2246 582 2331 Expositio
626 2262 683 2316 in
713 2262 996 2317 Canticum
1026 2262 1386 2316 canticorum.

291 2370 374 2425 De
405 2368 697 2448 omnifaria
744 2368 999 2423 doctrina
1039 2369 1219 2438 capita
1265 2374 1484 2421 centum
1523 2367 1683 2438 quin-

363 2448 625 2511 quaginta
655 2449 883 2510 septem.

294 2546 674 2615 Quaestionum
706 2546 1035 2600 naturalium
1066 2546 1385 2599 solutiones.

291 2655 492 2708 Versus
524 2653 730 2722 politici
762 2653 828 2705 de
858 2653 1121 2723 dogmate
1162 2652 1229 2705 ad
1260 2652 1421 2706 Mich.
1476 2652 1677 2705 Ducam

361 2726 523 2794 imp.,
566 2740 635 2777 ex
676 2723 1009 2776 Meermanni
1049 2724 1331 2776 Thesauro
1374 2723 1540 2785 Juris,
1582 2723 1679 2776 ad-

362 2796 477 2849 dita
508 2794 952 2864 interpretatione
983 2800 1187 2847 nostra.

296 2903 560 2974 Dialogus
591 2903 657 2955 de
718 2903 1027 2956 daemonum
1087 2904 1441 2975 energiaseu
1480 2918 1679 2973 opera-

358 2976 528 3035 tione,
566 2982 756 3027 contra
789 2976 1057 3026 Manetem
1091 2981 1143 3026 et
1175 2974 1448 3035 Euchitas,
1474 2990 1539 3027 ex
1563 2976 1677 3027 edi-

361 3045 507 3099 tione
550 3043 831 3100 Gaulmini
894 3044 1066 3097 Paris.
1112 3045 1264 3110 1615,
1300 3045 1497 3099 collata
1554 3062 1674 3099 cum

360 3132 425 3171 ea
454 3132 618 3184 quam
673 3115 1065 3169 Boissonadius
1108 3116 1496 3185 Norimberga:
1528 3116 1677 3169 dedit

363 3202 509 3241 anno
548 3190 705 3239 1838.

288 3291 558 3360 Quasnam
608 3300 732 3346 sunt
764 3292 1090 3346 Graecorum
1147 3292 1433 3362 opiniones
1465 3293 1533 3347 de
1563 3294 1677 3348 dae-

363 3364 841 3428 monibus,Graece
873 3363 1017 3431 apud
1059 3363 1492 3430 Boissonadium,
1555 3380 1679 3419 cum

363 3435 811 3504 interpretatione
845 3442 1058 3487 nostra.

292 3542 369 3594 De
400 3540 643 3609 lapidum
675 3538 965 3592 virtutibus
1014 3555 1079 3591 ex
1110 3538 1222 3592 edit
1253 3539 1367 3593 Jac.
1399 3537 1673 3592 Maussaci

361 3611 617 3681 Lugdun.
667 3611 853 3663 Batav.
892 3611 1054 3663 1745.

290 3717 645 3787 Epigramma
684 3716 741 3769 in
771 3716 833 3770 S.
902 3715 1232 3786 Gregorium
1270 3716 1675 3769 Nazianzenum

362 3790 738 3857 (memoratur
770 3792 1044 3851 tantum).

292 3895 653 3949 Characteres
696 3893 797 3948 SS.
849 3893 1108 3964 Gregorii
1156 3892 1443 3964 Theologi,
1496 3893 1678 3947 Basilii

358 3965 565 4036 Magni,
620 3964 845 4018 Joannis
876 3964 1280 4036 Clirysostomi‘
1312 3973 1365 4018 et
1421 3964 1679 4036 Gregorii

358 4022 616 4106 Ny'sseiii,
650 4036 847 4090 Grmce
870 4051 957 4104 ap.
984 4022 1420 4089 Boissonadium.

291 4136 495 4197 Versus
526 4141 581 4195 in
610 4149 832 4196 sanctos
865 4151 973 4194 tros
1002 4142 1322 4196 hierarchas
1354 4141 1498 4195 inter
1530 4141 1678 4211 Ope-

365 4228 427 4267 ra
457 4213 733 4268 Tbeodori
766 4214 1070 4267 Prodromi.

288 4319 613 4374 Encomium
634 4327 685 4372 et
707 4317 961 4373 Ofﬁcium
986 4318 1271 4390 Symeonis
1300 4320 1677 4390 Metaphrastae

362 4390 729 4461 (Patrologite
762 4394 896 4445 tom.
933 4390 1133 4453 CXIV).

290 4497 549 4552 Monodia
578 4496 634 4549 in
672 4497 1063 4564 collapsionem
1106 4497 1290 4567 templi
1335 4498 1390 4551 S.
1434 4498 1673 4566 Sophim,

362 4585 431 4623 ex
485 4569 665 4640 Leone
721 4568 919 4621 Allatio
978 4567 1032 4619 in
1089 4576 1201 4622 not.
1255 4569 1323 4621 ad
1373 4569 1676 4640 Georgium

360 4639 752 4709 Acropolitam.

286 4746 369 4800 Ad
401 4747 693 4815 quemdam
724 4746 1053 4800 monachum
1086 4747 1151 4798 de
1198 4746 1387 4799 mortis
1416 4747 1677 4800 determi-

359 4818 601 4883 natione,
636 4820 827 4874 Graece
867 4820 1012 4887 apud
1055 4817 1491 4871 Boissonadium.

490 4974 715 5014 OPERUM
746 4973 888 5014 PARS
917 4974 1193 5015 SECUNDA.
1224 4987 1297 4999 --
1335 4974 1567 5013 LEGALIA
1608 4975 1677 5014 ET

927 5046 1229 5086 CANONICA.

287 5135 513 5192 Oblatio
551 5138 958 5193 Nomocanonis
997 5138 1065 5193 ad
1104 5138 1425 5192 Michaelem
1469 5139 1673 5193 Ducam

359 5208 490 5287 imp.
540 5226 607 5262 ex
654 5209 988 5290 Meermanni
1045 5210 1329 5265 Thesauro
1357 5210 1519 5275 Iuris,
1552 5227 1675 5265 cum

360 5287 803 5349 interpretatione
836 5290 1042 5336 nostra.

1861 1479 1892 1529 9

1791 1708 1891 1760 367

1788 2013 1890 2064 478

1787 2264 1890 2315 538

1787 2440 1890 2492 687

1787 2546 1889 2597 783

1788 2796 1883 2846 811

1787 3187 1890 3239 849

1788 3436 1891 3488 875

1788 3612 1890 3662 883

1788 3789 1889 3840 899

1786 4040 1883 4090 901

1788 4215 1890 4267 907

1786 4395 1889 4445 909

1787 4643 1885 4693 911

1786 4821 1891 4871 915

1786 5282 1888 5333 919

1744 1194 2167 1219 —-...-——

2008 1370 2401 1446 Coinpendjum
2458 1373 2643 1446 legum
2695 1374 2948 1429 versibus
3004 1376 3262 1446 politicis,
3321 1377 3390 1431 ad

2076 1441 2237 1496 Micb.
2272 1442 2479 1497 Ducam
2509 1445 2666 1514 imp.,
2700 1462 2765 1498 ex
2796 1446 2989 1501 eodem
3006 1441 3243 1502 ibidem.

2005 1548 2087 1601 Ad
2115 1548 2416 1620 discipulos
2446 1552 2514 1605 de
2544 1551 2819 1606 actionum
2840 1553 3173 1620 nominibus,
3197 1554 3391 1610 Graece

2076 1620 2221 1688 apud
2262 1620 2695 1677 Boissonadium.

2006 1726 2084 1778 De
2112 1727 2478 1802 recentiorum
2510 1729 2694 1802 legum
2736 1738 2787 1783 et
2832 1730 3093 1802 legalium
3122 1730 3394 1787 deﬁnitio-

2077 1814 2204 1850 num
2235 1797 2438 1853 Latinis
2470 1797 2801 1866 nominibus,
2842 1797 2914 1855 ei
2954 1802 3169 1857 eodem.

2199 1974 2424 2014 OPERUM
2457 1975 2595 2014 PARS
2623 1977 2846 2016 TERTIA.
2880 1993 2949 2002 —
2981 1979 3405 2017 PHILOSOPHICA.

2006 2102 2084 2154 De
2135 2102 2314 2155 anima
2372 2103 2618 2156 eelebres
2666 2104 2981 2170 opiniones,
3041 2122 3104 2158 ex
3154 2106 3391 2159 editione

2071 2173 2296 2226 Joannis
2324 2174 2506 2226 Tarini
2535 2184 2659 2242 post
2689 2173 2946 2245 Origenis
2978 2176 3347 2231 Philocaliam.

2004 2279 2539 2404 InLPsglchogouiam
2580 2280 2934 2347 Platonicam,
2986 2299 3049 2335 ex
3090 2283 3222 2337 edit.
3266 2284 3388 2337 Car.

2120 2368 2173 2404 111
2217 2366 2293 2404 Cl‘.

2120 2366 2293 2405 IIIUCI‘.

2004 2458 2288 2526 Expositio
2312 2457 2365 2510 in
2386 2456 2623 2511 Oracula
2644 2457 2861 2528 magica
2890 2474 3011 2528 quae
3040 2474 3071 2511 a
3098 2459 3388 2512 Zoroastre

2075 2529 2347 2598 prodiere,
2389 2528 2443 2580 in
2482 2528 2731 2582 Oraculis
2763 2528 3042 2598 Sibyllinis
3082 2530 3274 2584 Galaei.

2004 2634 2284 2759 Erigoslitio
2332 2636 2385 2687 in
2423 2634 2661 2690 Oracula
2702 2636 3015 2699 Chaldaica,
3074 2654 3139 2689 ex
3199 2636 3392 2691 eodem

2075 2724 2090 2759 1
2139 2722 2303 2759 Item.

2075 2722 2303 2759 mutem.

2006 2812 2309 2873 Sutnmaria
2332 2829 2383 2873 et
2405 2820 2586 2873 brevis
2609 2820 2938 2891 Dogmatum
2970 2819 3391 2873 Chaldaicorum

2075 2892 2366 2960 expositio,
2400 2908 2467 2944 ex
2497 2891 2710 2944 eodem.

2005 3001 2064 3051 ln
2140 2998 2392 3051 Mercurii
2458 2997 2795 3068 Trismegisti
2870 2996 3240 3062 Pimandrum,
3301 3011 3389 3067 ap.

2076 3068 2511 3123 Boissonadium.

2210 3244 2432 3284 OPERUM
2490 3244 2628 3282 PARS
2675 3242 2916 3291 QUARTA.
2966 3254 3037 3266 -·
3081 3241 3396 3281 HISTOMCA.

2006 3354 2259 3479 Dedlocis
2298 3361 2351 3406 et
2388 3350 2701 3407 nominibus
2736 3349 2945 3417 Atticis,
2990 3367 3054 3404 ex
3093 3350 3391 3405 Boissona-

2116 3442 2188 3479 ιο.

2116 3442 2188 3479 10.

2004 3532 2359 3602 Epigramma
2390 3530 2444 3583 in
2475 3539 2679 3602 aereum
2709 3545 2918 3602 equum
2941 3528 2995 3580 in
3016 3526 3393 3602 Hipppdromo

2116 3596 2172 3684 ui
2210 3603 2404 3726 pedlem
2445 3596 2859 3665 attollebatfex
2890 3596 3126 3653 Banduri
3156 3596 3393 3666 Imperio

2116 3681 2303 3727 menta
2328 3690 2366 3727 ι.

2004 3780 2285 3849 Εμὶδιοιαξ,
2347 3796 2410 3833 ex
2472 3777 2618 3833 Frid.
2677 3777 2829 3849 Tafel
2868 3775 2953 3849 de
3007 3773 3397 3849 Thessalonica

2076 3851 2305 3920 ejusque
2336 3865 2494 3921 agro,
2528 3857 2580 3903 et
2611 3848 2756 3917 apud
2787 3845 3224 3910 Boissonadium,
3269 3860 3393 3899 cum

2076 3922 2524 3991 interpretatione
2555 3929 2758 3974 nostra.
3140 3922 3144 3928 “

2011 4029 2401 4099 Fragmentum
2450 4026 2813 4099 exoratione
2846 4024 2930 4099 _ad
2986 4022 3399 4099 Constantinum

2081 4093 2501 4153 Monomachum
2541 4098 2698 4166 imp.,
2740 4112 2807 4150 ex
2844 4095 3021 4166 Leone
3072 4093 3269 4148 Allatio
3318 4094 3397 4147 De

2079 4171 2296 4241 templis
2327 4165 2645 4225 Graecorum
2686 4165 3101 4222 recentioribus.

2006 4279 2332 4349 Fragmenta
2363 4277 2487 4330 alia.

2242 4450 2527 4491 APPENDIX
2582 4448 2657 4487 AD
2714 4446 2897 4486 OPERA
2946 4446 3102 4485 MICII.
3154 4444 3368 4483 PSELLI.

2003 4562 2271 4635 Anonymi
2308 4563 2385 4635 De
2424 4558 2836 4635 antiquitatibus
2868 4558 2927 4610 C.
2963 4557 3021 4610 P.
3057 4572 3121 4609 ex
3153 4552 3393 4609 Banduri

2075 4631 2313 4706 Imperio
2344 4631 2629 4686 Orientali.

2003 4744 2411 4797 Testamentum
2434 4738 2765 4802 Salomonis,
2791 4736 2947 4803 cujus
2977 4750 3121 4803 saepe
3150 4731 3395 4786 meminit

2077 4814 2287 4867 Psellus
2325 4812 2377 4865 in
2420 4810 2561 4864 libro
2602 4810 2680 4861 De
2724 4804 3137 4877 operationibus
3178 4803 3392 4859 daemo-

2077 4901 2227 4949 num,
2258 4882 2443 4937 addita
2470 4878 2916 4950 interpretatione
2948 4884 3155 4931 nostra.

2003 4991 2229 5047 Fabroti
2254 4988 2617 5051 Glossarium,
2637 4987 2755 5041 sive
2773 4982 3181 5056 interpretatio
3201 4980 3395 5037 obscu-

2074 5077 2273 5117 rorum
2311 5059 2608 5114 verborum
2640 5055 2896 5112 Cedreni.

2002 5135 2179 5190 Index
2211 5133 2273 5185 in
2307 5130 2639 5186 Cedrenum.

2002 5204 2178 5259 Index
2205 5204 2268 5256 in
2300 5201 2618 5256 Michaetem
2651 5198 2893 5253 Psellum
2926 5200 2981 5251 et
3012 5197 3076 5249 in
3107 5193 3393 5268 Appendi-

2076 5292 2217 5331 cem.

3093 5410 3115 5455 il

1553 5483 1604 5494 —
1619 5469 2349 5504 «Oi—ﬁ“.-

3500 1450 3605 1503 925

3469 1627 3604 1680 1007

3468 1804 3602 1858 1023

3464 2177 3600 2229 1029

3466 2352 3612 2407 1077

3468 2530 3612 2583 1115

3474 2707 3610 2759 1123

3472 2849 3609 2945 1149

3464 3067 3604 3122 1153

3469 3422 3607 3473 1155

3465 3669 3598 3721 1161

3470 3916 3604 3968 1161

3470 4165 3611 4218 1185

3468 4273 3609 4325 1185

3469 4624 3603 4677 1187

3470 4874 3607 4928 1315

3470 5054 3599 5105 1361

3469 5121 3609 5177 1-105

3474 5222 3606 5318 1443
