3922 6132
3153 411 3614 422 ___.___

755 645 981 802 ΟΕ
1009 650 1574 802 ΒΒΕΝΙ
1735 644 3063 805 HISTORIARUM

1483 965 1716 1054 CON
1729 966 2320 1056 TINUATIO.

283 1389 354 1460 [P.
407 1389 533 1457 609]
590 1390 796 1442 Τοῦτον
881 1406 974 1458 μεν
1044 1386 1134 1440 τὸν
1190 1381 1416 1460 τρόπον,
1475 1385 1533 1439 ὃν
1593 1381 1839 1458 εἶ’πομεν,

2097 1388 2266 1444 -278
2300 1392 2532 1444 Annum
2565 1405 2740 1458 agens
2771 1388 2956 1444 aetatis
2988 1387 3308 1460 septimum
3331 1387 3612 1444 Contan-

229 1475 560 1539 αποθανόντος
615 1472 977 1550 Ἀλεξάνδρου
1031 1474 1106 1537 είς
1166 1478 1530 1536 Κωςταντῖνον
1575 1475 1665 1528 τὸν
1724 1473 1838 1527 υἱὸν

224 1567 449 1634 Λέοντος,
480 1560 723 1636 ’ἕϐδομον
768 1571 870 1632 τῆς
918 1563 1134 1632 ἡλικίας
1181 1560 1378 1636 ἄγοντα
1432 1561 1572 1633 ἔτος,
1603 1562 1666 1617 τὸ
1697 1561 1844 1623 Βαςίο

224 1654 345 1706 λειον
390 1651 761 1728 περιελήλυθε
801 1653 1016 1725 κράτος,
1069 1653 1169 1706 ὑπὸ
1218 1651 1541 1726 ἐπιτρόπους
1585 1650 1844 1706 τελοῦντα

217 1742 323 1802 τοὺς
375 1744 578 1796 ἄνωθεν
662 1742 1103 1817 ἠριθμημένοος.
1182 1735 1492 1813 Λαϐόμενος

218 1830 430 1902 ἐξουσίας
473 1829 757 1891 Νικόλαος
817 1831 844 1884 6
894 1829 1238 1904 πατριάρχης
1297 1829 1372 1891 ὡς
1417 1831 1502 1884 καὶ
1548 1828 1704 1890 αὐτὸς
1737 1827 1845 1883 ἐπί-

213 1941 391 1993 τροπος
421 1917 517 1986 ὣν,
554 1920 767 1990 συνάμα
798 1923 913 1981 τοῖς
961 1915 1176 1982 ἄλλοις,
1210 1915 1616 1992 ἐπηδαλιούχες
1646 1918 1713 1972 τὰ
1748 1922 1845 1972 τοῦ

214 2015 398 2063 κοινοῦ.
433 2011 565 2064 Τῶν
618 2005 676 2062 δὲ
718 2008 1054 2081 πραγμάτων
1116 2007 1287 2068 οὕτως
1341 2006 1599 2081 ἐχόντων,
1626 2007 1714 2060 καὶ
1744 2014 1844 2075 τῆς

216 2097 495 2171 βασιλείας,
580 2097 655 2158 ὡς
759 2093 1007 2167 εἷ’πομεν,
1094 2095 1240 2171 παρᾶ
1341 2100 1448 2150 τῶν
1536 2095 1844 2171 ἐπιτρόπων

215 2185 548 2257 ἰθυνομένης,
610 2189 981 2246 Κωνστατῖνος
1059 2185 1086 2238 ὁ
1155 2189 1252 2239 τοῦ
1311 2184 1510 2247 Δουκὸς
1568 2181 1846 2259 Ἀνδρονί-

213 2295 295 2329 κου
349 2275 485 2344 υἳὸς,
573 2272 888 2345 δομὲςτικος
960 2277 1067 2327 τῶν
1144 2271 1364 2348 σχολῶν
1414 2275 1700 2347 τυγχάνων
1759 2273 1848 2326 καὶ

216 2361 510 2417 δυναστείαν
615 2355 1092 2434 περιϐεϐλημένος
1203 2360 1482 2436 μεγίστην,
1561 2360 1846 2436 γράμμασι

212 2455 302 2505 τῶν
332 2451 382 2504 ἐν
413 2455 483 2522 τῇ
547 2447 793 2526 βασιλίδι
829 2448 1005 2526 φίλων
1067 2450 1154 2503 καὶ
1209 2455 1483 2525 συγγενῶν
1537 2450 1704 2504 αὐτοῦ
1744 2472 1848 2504 πα-

215 2539 530 2613 ραινηθεῖς,
595 2537 943 2614 γεγραφότων
1009 2535 1280 2612 ἀκέφαλον
1342 2539 1472 2592 εἶναι
1530 2539 1628 2606 τήν
1695 2540 1849 2614 βασι-

215 2626 344 2681 λείαν
389 2628 482 2682 καὶ
537 2632 719 2689 κακῶς
779 2624 1112 2701 διεξάγεσθαι
1165 2628 1252 2680 καῖ
1313 2627 1505 2700 μικρὸν
1558 2625 1680 2680 ὅσον
1737 2648 1850 2681 κιν-

215 2714 427 2770 emam
487 2715 729 2789 ὀλεθρίῳ
784 2711 1022 2786 κινδύνῳ
1076 2715 1382 2784 ὑποπεσεῖν,
1411 2715 1570 2772 αὐτὸν
1614 2736 1674 2770 τε
1719 2715 1846 2769 ἀνα-

211 2805 553 2876 καλουμένων
610 2804 686 2865 ὡς
745 2802 1040 2880 ἐχέφρονα.
1077 2804 1165 2857 καὶ
1225 2801 1468 2878 ἀνδρεῖον
1529 2804 1616 2857 καὶ
1681 2825 1844 2877 μονον

212 2891 492 2966 δυνάμενον
561 2891 792 2964 ἐπαξίως
848 2887 1171 2966 κυϐερνῆσαι
1221 2893 1319 2960 τὴν
1366 2887 1692 2964 περιϐόητον
1737 2897 1844 2946 τῶν

1577 1739 1667 1793 οῦν
1743 1746 1809 1807 τῆ
1820 1761 1844 1800 ς

1203 2360 1482 2436 μεγίστην,

1257 2979 1299 3000 ἢν

211 2983 489 3055 Ῥωμαίων
549 2983 754 3057 ἀρχὴν,
813 2981 1202 3057 προσθεμένων
1254 2981 1299 3036 δ’
1358 2981 1438 3037 ὅτι
1491 2981 1580 3036 καὶ
1637 2985 1671 3051 ἡ
1729 2982 1848 3058 σύγ-

210 3071 400 3140 κλητος
451 3072 618 3126 αὐτὸν
670 3071 964 3139 ἀσπάζεται
1011 3071 1098 3124 καὶ
1148 3071 1175 3124 6
1205 3068 1490 3134 πολιτικὸς
1528 3066 1725 3144 ὄχλος,
1757 3072 1845 3126 καὶ

211 3161 632 3217 ἰπισπευδόντων
680 3162 754 3222 ὡς
801 3161 974 3236 τάχος
1024 3156 1378 3227 καταλαϐεῖν,
1413 3159 1741 3228 συνειδότος,
1778 3161 1851 3224 ὥς

213 3273 353 3328 φασι,
408 3252 497 3306 καὶ
557 3255 655 3306 τοῦ
711 3251 1058 3325 πατριάρχου
1098 3248 1377 3305 Νικολάου
1427 3250 1516 3304 καὶ
1557 3256 1676 3313 τοῖς
1720 3270 1851 3326 γρα-

212 3346 340 3416 caici
398 3337 860 3400 συνευδοκοῦντος
930 3336 1019 3393 διὰ
1090 3339 1153 3392 τὸ
1227 3341 1395 3411 μήπω
1451 3339 1545 3401 τὰς
1591 3336 1848 3409 διαθήκας

210 3427 557 3504 ’Λκεξανδρου
587 3429 999 3501 ἀναγνωσθῆναι
1057 3424 1198 3499 μηδὶ
1238 3434 1543 3502 γνωσθῆναι
1593 3427 1739 3499 αὐτῷ
1771 3428 1844 3488 ὡς

209 3516 490 3590 ἐπίτροπος
542 3517 835 3591 γέγραπται
883 3515 974 3569 καὶ
1023 3515 1184 3576 αὐτὸς
1228 3515 1326 3570 τοῦ
1381 3514 1594 3587 παιδὸς,
1652 3517 1844 3588 Ἀρτα-

209 3599 397 3658 ὅίαδου
458 3606 600 3679 πρὸς
658 3609 818 3658 τοῦτο
871 3601 1296 3672 διακονήσαντος
1349 3605 1438 3658 καὶ
1488 3605 1634 3680 παρᾶ
1686 3609 1847 3658 τοῦτο

205 3696 416 3767 πρώτου
470 3698 582 3748 τῶν
640 3692 826 3767 ἱερέων
1049 3696 1150 3756 τῆς
1199 3692 1460 3766 Μεγάλης
1519 3693 1848 3763 Ἐκκλησίας

213 3784 485 3852 μετέπειτα
542 3782 856 3855 γενομένου.
913 3781 1100 3854 Πατὴρ
1179 3779 1223 3834 δ’
1287 3783 1314 3834 6
1362 3776 1722 3855 Ἀρτάϐασδος
1780 3781 1846 3850 ἦν

210 3868 461 3945 Ἀνδρέου
518 3875 616 3925 τοῦ
674 3869 762 3923 ἐπὶ
825 3872 1143 3947 ζωγραφικῇ
1197 3870 1365 3945 τέχνῃ
1416 3867 1756 3943 λάμψαντος.
1792 3871 1851 3926 Ὁ

211 3965 605 4022 Κωνσταντῖνος
653 3955 710 4012 δὶ
757 3956 846 4012 καὶ
895 3979 1159 4034 προτερον
1212 3959 1579 4034 ὀνειροπολῶν
1618 3961 1717 4029 τήν
1751 3961 1850 4035 βα-

209 4047 402 4103 σιλείαν
454 4049 548 4102 καὶ
599 4046 687 4102 διὰ
737 4068 934 4109 παντος
990 4046 1158 4116 αὐτῆς
1215 4047 1515 4125 ἐφιέμενος,
1565 4048 1654 4103 καὶ
1689 4046 1854 4121 μηδέ-

1952 1476 2116 1532 tinus
2148 1477 2356 1533 Leonis
2383 1477 2542 1532 ﬁlius
2573 1477 2886 1548 imperium
2921 1477 3074 1544 iniit,
3101 1477 3213 1534 sub
3245 1476 3319 1533 iis
3347 1492 3493 1547 quos
3526 1491 3610 1530 re.

1953 1565 2156 1620 censui
2189 1567 2484 1621 tutoribus
2519 1583 2531 1620 :
2565 1571 2622 1621 et
2654 1566 2926 1622 Nicolaus
2961 1567 3215 1622 maxime
3245 1564 3608 1636 patriarcha,

1954 1660 2156 1725 utpote
2206 1672 2358 1709 unus
2404 1661 2692 1722 tutorum,
2734 1656 2963 1710 clavum
3017 1655 3351 1726 reipublicae
3403 1652 3610 1710 tenuit.

1957 1743 2127 1797 Initio
2155 1743 2328 1813 hujus
2361 1745 2609 1814 imperii,
2634 1744 3052 1806 Constantinus
3074 1744 3265 1799 Ducas
3286 1742 3614 1798 Andronics

1955 1830 2136 1902 ﬁlius,
2163 1833 2523 1889 domesticus
2555 1833 2918 1900 scholarum,
2950 1841 3006 1889 et
3043 1833 3308 1889 maxima
3339 1833 3613 1904 praeditu-

1956 1923 2237 1992 polentia,
2261 1923 2588 1977 amicorum
2621 1940 2688 1977 ac
2719 1928 3102 1994 cognatorum
3135 1922 3193 1976 in
3229 1921 3372 1977 urbe
3401 1920 3611 1992 degeni

1957 2009 2104 2064 tium
2139 2010 2350 2065 litteris
2384 2012 2451 2065 ad
2486 2012 2882 2066 invadendum
2923 2010 3237 2083 imperium
3272 2010 3589 2080 instigatur
3612 2054 3625 2068 .

1956 2099 2300 2154 Scribebant
2329 2101 2508 2168 enim,
2533 2101 2722 2172 capite
2755 2117 2948 2157 carere
2989 2101 3327 2172 imperium,
3361 2115 3427 2154 ac
3459 2097 3610 2153 male

1958 2187 2104 2259 geri,
2137 2193 2195 2242 et
2226 2189 2284 2242 in
2317 2206 2549 2246 summo
2592 2190 2812 2246 versari
2857 2189 3199 2246 discrimine
3231 2206 3243 2244 :
3297 2188 3616 2260 ipsumque

1959 2282 2025 2331 ut
2046 2277 2344 2333 hominem
2368 2280 2672 2333 curdatum
2694 2284 2870 2350 atque
2891 2280 3192 2346 fortem,et
3212 2277 3402 2333 solum
3427 2277 3609 2332 nobili

1963 2365 2351 2421 Romanorum
2387 2367 2634 2438 imperio
2666 2367 3135 2423 administrando
3165 2371 3391 2438 aptum,
3415 2382 3609 2420 accer-

1960 2455 2169 2508 sebant
2202 2455 2632 2526 addebantque,
2659 2456 2890 2525 probari
2933 2472 3067 2510 eum
3109 2456 3338 2512 senatui
3367 2460 3425 2508 et
3453 2453 3610 2508 civili

1961 2543 2324 2598 multitudini
2345 2549 2429 2599 :et
2445 2543 2922 2611 hortabantur,ut
2945 2545 3146 2599 urbem
3168 2543 3608 2615 quamprimum

1961 2638 2292 2703 occuparet.
2335 2633 2571 2698 Ferunt,
2607 2635 2906 2689 conscium
2956 2633 3166 2689 borum
3217 2650 3342 2702 quas
3389 2633 3610 2688 scribe-

1962 2723 2176 2774 bantur
2204 2723 2773 2792 approbatoremque
2816 2723 3000 2778 fuisse
3028 2722 3330 2776 Nicolaum
3364 2722 3611 2793 patriar-

1956 2811 2126 2864 cham
2178 2810 2419 2882 (quippe
2468 2812 2728 2865 nondum
2781 2811 3022 2867 recitato
3082 2811 3382 2867 Alexandri
3433 2814 3611 2866 testa-

1959 2903 2174 2964 mento,
2210 2915 2271 2954 se
2302 2899 2454 2954 inter
2496 2905 2722 2954 tutores
2752 2900 3073 2972 ascriptum
3106 2917 3233 2955 esse
3282 2899 3608 2955 etiamnum

1957 2987 2347 3058 ignorantem)
2380 3005 2673 3060 usumque
2716 2989 2916 3044 hacin
2966 3006 3027 3044 re
3071 2988 3396 3044 ministerio
3428 2991 3607 3043 Arta-

1960 3075 2150 3141 basdi,
2184 3077 2281 3146 qui
2336 3085 2495 3147 pater
2539 3077 2648 3131 fuit
2701 3081 2940 3132 Andreae
2993 3077 3206 3132 nobilis
3257 3076 3514 3149 pictoris,
3549 3081 3608 3131 et

1957 3164 2088 3219 ideo
2122 3166 2273 3221 279
2311 3166 2537 3236 primus
2559 3167 2926 3220 sacerdotum
2952 3167 3142 3238 Magni
3164 3165 3390 3237 Templi
3419 3165 3606 3222 factus

1960 3257 2068 3308 est.
2102 3256 2173 3308 At
2202 3255 2642 3322 Constantinus,
2666 3255 2764 3325 qui
2793 3255 2917 3324 jam
2942 3262 3076 3311 ante
3107 3256 3420 3326 imperium
3455 3271 3607 3310 som-

1960 3342 2151 3396 niaret
2182 3358 2533 3412 summoque
2580 3342 2634 3396 id
2688 3343 2880 3399 studio
2909 3343 3222 3407 aﬂ'ectarot,
3246 3357 3436 3414 neque
3483 3342 3609 3396 ani-

1961 3448 2121 3484 mum
2158 3431 2228 3486 ab
2261 3448 2329 3485 ea
2359 3447 2502 3485 cura
2548 3448 2809 3502 unquam
2860 3431 2974 3487 alio
3015 3432 3366 3497 deflecteret,
3398 3431 3609 3486 litteris

1959 3520 2214 3591 acreptis
2247 3520 2445 3575 statim
2473 3521 2742 3589 assentit,
2766 3526 2822 3576 et
2847 3521 3046 3592 Cpolin
3083 3521 3403 3589 contendit,
3426 3521 3608 3592 stipa-

1959 3613 2054 3662 tus
2088 3609 2342 3664 militum
2392 3608 2662 3674 delectis;
2695 3613 2869 3680 atque
2907 3610 3261 3680 intempesta
3289 3615 3459 3665 nocte
3506 3626 3610 3680 per

1959 3702 2183 3770 portam
2207 3696 2464 3752 Michaeli
2488 3698 2911 3768 protovestiarii
2937 3698 3402 3769 ingressus,quas
3417 3698 3608 3754 vicina

1960 3792 2085 3842 erat
2129 3786 2268 3850 arci,
2302 3787 2359 3840 in
2413 3786 2655 3841 domum
2696 3787 2962 3857 magistri
3011 3787 3279 3858 Gregorio
3327 3787 3606 3854 lberitzae,

1960 3875 2144 3930 soceri
2199 3875 2316 3942 sui,
2348 3892 2410 3930 se
2456 3876 2697 3943 confert,
2749 3875 2949 3946 ibique
3007 3880 3325 3945 pernoctat.
3375 3876 3607 3931 Nicetes

1962 3981 2132 4035 porro
2174 3964 2525 4020 sccretarius
2556 3964 2727 4019 Duos:
2779 3965 3028 4020 adventu
3078 3965 3332 4037 cognito,
3366 3964 3611 4037 patricio

1963 4053 2344 4110 Constantino
2375 4053 2609 4108 Eladico
2643 4053 2928 4109 monacho
2955 4055 3153 4108 statim
3188 4054 3428 4124 indicat,
3453 4071 3612 4110 eum-

209 4157 330 4191 ποτε
363 4136 575 4193 ἄλλοσέ
622 4158 724 4205 πη,
781 4134 909 4190 ἀλλ’
965 4133 1001 4204 ἤ
1060 4137 1194 4211 πρὸς
1252 4139 1350 4206 τὴν
1383 4136 1639 4206 τοιαύτην
1675 4136 1847 4211 ὄρεξιν

2103 4158 2169 4196 eo
2200 4141 2309 4196 hac
2356 4143 2484 4213 ipsa
2525 4148 2694 4197 nocte
2737 4143 2806 4197 ad
2857 4147 3072 4197 Ducam
3105 4142 3281 4198 venit.
3317 4143 3382 4197 Hi
3417 4144 3611 4215 prius-

207 4226 574 4299 τετραμμένον
637 4220 782 4300 ἔχων
845 4224 936 4278 τὸν
1012 4229 1161 4295 νοῦν,
1220 4223 1507 4298 δεξάμενος
1555 4226 1621 4280 τὰ
1669 4225 1847 4300 γράμ-

215 4337 351 4385 ματα
419 4315 565 4390 ταχῦ
619 4335 680 4368 τε
751 4314 971 4384 ἰπείσθη
1030 4314 1120 4368 καὶ
1198 4314 1339 4389 ταχὺ
1426 4316 1525 4383 τήν
1595 4313 1851 4390 βασιλίδα

206 4399 517 4474 κατέλαϐεν,
577 4404 873 4475 ἑπομένους
949 4402 1100 4478 ἔχων
1165 4403 1292 4464 τοὺς
1352 4425 1458 4458 των
1515 4406 1850 4478 στρατευμά-

210 4513 306 4545 των
361 4492 662 4568 ἐκκρίτους.
706 4493 800 4546 Καὶ
862 4496 970 4546 τῶν
1026 4497 1231 4546 νυκτῶν
1283 4492 1420 4568 ἀωρὶ
1483 4489 1571 4546 διὰ
1617 4490 1850 4554 πυλίδος

214 4578 458 4634 antea»;
494 4585 592 4635 τοῦ
650 4575 1154 4656 πρωτοϐεστιαρίου
1205 4580 1459 4656 Μιχαὴλ,
1493 4579 1728 4651 πλησίον
1764 4580 1851 4634 οῦ-

214 4689 302 4736 σης
355 4677 457 4738 τῆς
515 4666 895 4744 ἀκροπόλεως,
955 4669 1006 4722 ἐν
1085 4674 1164 4741 τῷ
1217 4666 1354 4742 οἴνῳ
1401 4673 1498 4723 τοῦ
1559 4669 1852 4745 μαγίστρου

215 4764 457 4835 Γρηγορᾶ
509 4765 607 4814 τοῦ
669 4754 948 4832 ἰϐηρίτζη
1030 4761 1306 4834 (πενθερὸς
1394 4757 1452 4815 δὲ
1501 4761 1528 4814 6
1577 4766 1856 4834 Γρηγορᾶς

215 4854 302 4902 τοῦ
355 4849 783 4921 Κωνσταντίνου)
837 4849 1180 4924 παρεγένετο,
1231 4848 1282 4904 ἐν
1340 4852 1376 4917 ἧ
1440 4846 1852 4924 διακιυκτερεῦ-υν

221 4937 344 5006 μετὰ
390 4943 496 4991 τῶν
560 4937 650 4992 σῦν
705 4936 852 5007 αῦτῷ
903 4935 1152 4993 διετέλει.
1215 4939 1451 5007 Νικήτας
1493 4935 1550 4992 δὲ
1608 4939 1856 5013 ἀσηκρῆ-

216 5046 291 5086 τις
345 5029 444 5094 τήν
491 5021 699 5082 ἔλετσιν
779 5026 1100 5099 αἰσθόμενος
1172 5030 1267 5080 τοῦ
1324 5027 1728 5083 Κωνσταντίνου
1780 5033 1858 5099 τῷ

218 5114 483 5186 πατρικίῳ
568 5115 965 5187 Κωνσταντίνῳ
1037 5120 1118 5187 τῷ
1195 5113 1466 5188 Ἐλαδικῷ
1533 5117 1856 5191 τυγχάνοντι

220 5209 433 5276 μονακῷ
515 5206 708 5260 θᾶττον
797 5203 1053 5278 ἐμήνυσε,
1114 5205 1201 5260 καὶ
1289 5204 1648 5282 παρειληφὼς
1698 5204 1856 5260 αὐτὸν

1960 4249 2138 4303 quam
2163 4232 2288 4286 dies
2318 4231 2853 4294 illucesceret,cum
2879 4231 3106 4288 facibus
3127 4237 3182 4286 et
3206 4248 3416 4303 magna
3440 4233 3615 4288 turba

1961 4324 2186 4392 portam
2240 4319 2387 4373 Circi
2435 4324 2744 4392 occupant,
2773 4324 2828 4374 et
2857 4319 3307 4375 Constantinum
3357 4320 3614 4393 impera-

1908 4479 1915 4486 .
1961 4412 2147 4462 torem
2170 4408 2378 4462 faustis
2401 4407 2927 4463 acclamationibus
2951 4408 3391 4464 salutant.Cum
3422 4416 3616 4466 autem

1965 4496 2064 4568 qui
2098 4496 2254 4550 intus
2287 4501 2475 4563 erant,
2508 4501 2733 4566 portam
2769 4514 2881 4551 non
2917 4503 3243 4553 reserarent
3272 4498 3618 4569 fortiterque

1963 4585 2325 4649 resisterent,
2349 4584 2714 4640 Constantini
2756 4590 3164 4657 protostrator,
3199 4587 3387 4641 audax
3421 4588 3615 4656 homo,

1965 4675 2105 4728 dum
2147 4673 2640 4728 inconsideratius
2673 4679 2896 4744 portam
2951 4673 3175 4744 aperire
3227 4673 3482 4739 molitur,
3516 4692 3619 4746 per

1967 4764 2418 4818 commissuram
2445 4761 2654 4816 torium
2676 4761 2876 4817 lancea
2893 4779 2927 4818 a
2944 4763 3194 4832 quodam
3217 4761 3372 4818 ictus
3389 4779 3622 4821 occum-

1967 4853 2068 4906 bit.
2095 4851 2517 4906 Constantinus
2545 4851 2678 4906 inde
2711 4851 2939 4922 pulsus,
2965 4856 3161 4906 tamen
3193 4851 3424 4924 imperii
3458 4854 3622 4926 cupi.

1967 4941 2146 4996 ditate
2177 4941 2396 5004 ebrius,
2420 4956 2609 5011 neque
2640 4956 2794 4995 sanae
2817 4939 3064 4995 rationis
3097 4956 3360 5012 compos,
3386 4943 3522 4999 inde
3545 4945 3618 5000 ad

1967 5030 2197 5086 Circum
2216 5029 2425 5100 pergit,
2452 5028 2642 5083 nihila
2662 5029 3222 5085 sententiadimotus
3239 5031 3391 5087 malo
3421 5032 3620 5087 omine

1968 5118 2255 5173 interfecti
2283 5118 2741 5190 protostratoris.
2769 5118 2908 5172 Inde
2929 5118 3086 5174 280
3111 5119 3319 5175 faustis
3342 5120 3624 5177 acclama-

1969 5208 2233 5263 tionibus
2279 5207 2771 5280 prosequentibus
2801 5205 3052 5264 Chalcen
3101 5214 3373 5282 occupat;
3407 5227 3626 5284 perque

1397 5346 1776 5402 XYLANDRI
1818 5347 1909 5402 ET
1946 5346 2164 5403 GOARI
2203 5343 2432 5398 NOT/E.

281 5469 394 5546 (‘43)
435 5467 837 5546 ῌρωτᾲοϊερεύς,
876 5470 993 5546 _q_ui
1043 5476 1100 5546 et
1148 5474 1559 5546 πρωτοπαπεὶς,Δ
1589 5473 1711 5546 θίγε
1757 5475 1866 5526 τῶν

222 5534 723 5615 ἒρέῳν-ὁπρῶτός
775 5534 1246 5615 archipresbyter
1300 5549 1408 5611 est,
1441 5534 1604 5599 et'in
1657 5543 1871 5615 Magna

223 5609 471 5667 Ecclesia
504 5609 573 5668 ad
607 5619 884 5670 sanctum
924 5609 1144 5671 altaris
1168 5609 1423 5672 tribunal
1455 5616 1591 5689 (non
1626 5615 1707 5673 ita
1737 5609 1870 5671 tibi-

538 5744 807 5808 Pu'aoa.
857 5745 971 5808 Gn.
1017 5743 1247 5807 CXXII.

1981 5487 2093 5543 qus

1982 5544 2088 5599 cho

2097 5472 2115 5595 Β
2149 5469 2439 5552 secundas
2478 5484 2512 5522 a
2550 5469 2885 5541 patriarcha
2930 5471 3174 5528 obtinet.
3206 5474 3482 5534 Codin'is.
3515 5477 3625 5532 Eu-

2117 5557 2339 5595 omum.
2369 5543 2547 5595 Gem.

2117 5543 2339 5614 ogium.
2369 5543 2547 5596 Gem.

1731 5935 1747 5956 !.
1767 5931 1800 5956 ,ι’
1868 5933 1932 5952 rru-
1961 5943 1964 5948 .
2001 5935 2040 5956 .-¹

1721 5934 1790 5990 kz
1817 5979 1836 5990 .,
1867 5934 1964 5990 ῖττῑ·
1999 5935 2110 5990 ξίῖ
2141 5934 2186 5990 ,με
