3922 6132
281 331 349 388 il
1637 317 1921 379 GEORGI

2078 318 2341 380 BDRENI
3617 323 3693 381 12

275 475 405 514 eam
448 457 755 527 ingressus
803 468 991 525 usque
1023 452 1093 507 ad
1128 449 1534 507 excubitorum
1585 450 1921 521 stationem,

2078 448 2175 502 ατά
2204 450 2306 518 τὴν
2338 449 2502 519 αὐτὴν
2544 449 2713 505 νύκτα
2764 453 3129 529 πεφοιτήκασι
3180 452 3319 526 πρὸς
3372 453 3464 506 τὸν
3494 456 3693 511 Δοῦκα.

278 546 689 618 proficiscitur.
744 543 981 598 Interim
1039 542 1299 597 Joannes
1354 538 1566 594 Eladas
1627 539 1929 610 magister,

278 653 432 690 unus
457 638 818 692 curatorum.
843 631 1084 686 delectis
1109 632 1395 702 quantum
1421 627 1647 683 occasio
1672 626 1931 699 patieba-

277 729 374 780 tur
405 721 727 793 remigibus
761 736 826 774 ac
860 718 1294 783 sodalitatibus,
1319 715 1511 786 iisque
1533 720 1596 771 ut
1626 732 1789 770 arma
1808 714 1930 768 cui-

278 829 390 884 que
423 813 541 867 fors
590 810 869 865 offerebat
902 806 1227 869 instructis,
1263 805 1370 859 hos
1419 809 1585 858 Ducas
1629 818 1932 858 occurrere

267 903 459 971 jubet.
482 899 527 955 Ii
548 915 682 954 cum
705 898 880 953 Ducas
904 894 1197 950 militibus
1221 909 1457 948 manum
1484 894 1930 961 conseruerant,

276 995 332 1044 et
367 1005 580 1060 magna
610 987 888 1058 utrinque
910 985 1094 1041 caedes
1123 984 1277 1037 facta
1306 986 1412 1037 est.
1437 980 1722 1036 Occubuit
1752 979 1928 1035 etiam

276 1080 564 1151 Gregoras
604 1077 773 1131 Ducaa
816 1074 995 1140 filius,
1028 1078 1085 1128 et
1115 1071 1432 1127 Michaelus
1465 1075 1748 1142 cognatus
1780 1070 1929 1139 ejus,

275 1174 331 1222 et
374 1166 663 1223 Curticius
692 1163 1028 1219 Armenius.
1061 1163 1184 1225 Quo
1215 1178 1356 1215 casu
1405 1176 1519 1215 non
1568 1159 1773 1214 leviter
1802 1175 1930 1229 per-

276 1258 549 1312 turbatus
604 1259 815 1324 Ducas,
863 1269 1004 1307 suos
1054 1251 1139 1305 uti
1197 1248 1593 1317 conﬁrmaret,
1641 1247 1930 1302 concitato

276 1362 425 1417 equo
458 1345 529 1401 ad
562 1343 785 1415 primos
816 1340 1119 1397 contendit
1149 1356 1161 1393 :
1196 1339 1297 1393 sed
1329 1353 1475 1407 equo
1507 1337 1565 1391 in
1597 1336 1817 1391 tabulis
1849 1335 1930 1389 la-

275 1434 487 1506 pideis,
517 1433 738 1504 quibus
772 1430 868 1485 ille
898 1430 1063 1484 locus
1108 1431 1233 1483 erat
1281 1429 1637 1492 constratus,
1671 1424 1929 1497 collapso

276 1538 588 1579 excussum
624 1520 863 1592 quidam
896 1520 955 1573 in
987 1524 1145 1573 terra
1176 1517 1471 1586 jacentem
1503 1518 1561 1569 et
1591 1532 1622 1568 a
1656 1514 1804 1583 suis,
1828 1515 1928 1584 qui

276 1615 414 1685 fuga
442 1625 647 1667 omnes
678 1608 950 1680 dissipati
982 1610 1169 1677 erant,
1203 1606 1502 1660 desertum
1534 1619 1799 1671 cernens,
1831 1618 1925 1658 ca-

276 1705 378 1773 put
409 1701 460 1755 ei
492 1700 686 1773 gladio
708 1700 997 1769 amputat,
1026 1697 1203 1766 idque
1232 1693 1403 1750 celeri
1433 1710 1607 1748 cursu
1642 1693 1711 1747 ad
1743 1692 1927 1763 impe-

274 1795 529 1845 ratorem
551 1787 1005 1844 Constantinum
1039 1785 1225 1839 atl‘ert.
1260 1784 1425 1838 Hunc
1456 1782 1626 1837 Ducas
1660 1782 1925 1836 futurum

276 1879 497 1933 exitum
531 1878 705 1933 etiam
740 1875 889 1931 alias
926 1873 1335 1929 intellexerant
1379 1875 1621 1926 tutores.
1654 1869 1930 1925 Nicolaus

276 1966 432 2022 enim
452 1967 691 2037 quidam
714 1962 1068 2037 publicanus
1085 1960 1383 2031 vectigalis
1403 1959 1931 2026 Chaldiensis,cum

278 2053 527 2126 vectigal
576 2056 882 2124 acceptum
914 2050 1241 2107 decoxisset
1272 2064 1462 2119 neque
1505 2047 1748 2102 haberet
1778 2048 1933 2103 unde

281 2143 515 2217 publico
547 2142 915 2198 satisfaceret
955 2138 1178 2209 aerario,
1209 2139 1271 2193 in
1300 2139 1525 2210 Syriam
1570 2137 1929 2209 profugerat,

282 2238 338 2289 et
370 2236 573 2288 nostra
596 2232 823 2301 ejurata
854 2227 1134 2301 religione
1160 2226 1485 2298 astrologia:
1508 2243 1569 2281 se
1588 2226 1848 2281 dederat.
1878 2227 1932 2282 Is

279 2321 339 2376 in
371 2320 540 2393 nigro
561 2319 742 2374 linteo
766 2317 993 2373 litteras
1016 2317 1088 2372 ad
1110 2316 1393 2371 Thomam
1414 2314 1769 2386 logothetam
1794 2316 1931 2371 scri-

278 2414 408 2482 ptas
442 2408 700 2476 miserat,
726 2424 854 2479 qua
884 2405 1064 2462 linteo
1087 2422 1241 2478 aqua
1271 2404 1418 2461 281
1456 2403 1613 2459 eluto
1646 2421 1925 2476 apparue-

276 2502 432 2565 runt,
466 2498 618 2553 hanc
662 2496 1026 2552 continentes
1061 2496 1409 2551 sententiam
1447 2511 1460 2548 :
1491 2514 1515 2545 ε
1549 2493 1733 2549 Nolite
1762 2494 1925 2549 vobis

274 2592 536 2665 metuere
561 2603 595 2641 a
623 2586 753 2641 rufa
801 2600 902 2640 ave
949 2584 1106 2639 Duca
1141 2600 1154 2638 :
1186 2584 1367 2638 stulte
1397 2583 1552 2637 enim
1606 2598 1699 2637 res
1748 2599 1926 2638 novas

273 2675 565 2745 moliatur,
599 2677 657 2730 et
686 2674 886 2729 statim
920 2672 1154 2743 peribit.
1185 2693 1205 2719 ι

1960 1828 2007 1892 Β

2043 537 2254 606 Βουλὴν
2316 536 2373 593 δὲ
2428 541 2821 613 ποιησάμενοι,
2885 542 3053 612 μήπω
3108 547 3208 610 τῆς
3263 541 3472 616 ἡμέρας
3528 562 3689 596 κατα-

2042 623 2390 699 λαμπούσης,
2453 630 2588 700 μετὰ
2646 626 2950 701 λαμπάδων
3016 628 3105 684 καὶ
3166 627 3303 683 λαοῦ
3355 629 3571 685 πολλοῦ
3602 629 3695 685 καί

2043 712 2220 789 ὄχλου
2266 717 2365 785 τήν
2396 722 2492 772 τοῦ
2537 715 2889 792 ἱπποδρόμου
2938 716 3118 789 πύλην
3180 715 3689 791 καταλαμϐάνοντες

2044 807 2444 859 Κωνσταντῖνον
2528 807 2876 881 ἀνευφήμουν
2961 806 3351 880 αὐτοκράτορα.
3433 813 3552 862 Τῶν
3633 806 3690 862 δὲ

2041 889 2190 947 ἔνδον
2263 894 2521 957 εύσθενῶς
2577 896 2957 971 ἀντεχομένων
3030 896 3119 950 καὶ
3194 898 3269 969 μή
3332 896 3690 972 ἀνοιγνύντων

2038 984 2134 1037 τὰ)
2218 981 2414 1053 πύλας,
2496 986 2523 1039 6
2590 989 2688 1039 τοῦ
2744 986 3151 1041 Κωνσταντίνου
3235 986 3697 1061 πρωτοστράτωρ,

2043 1071 2124 1126 ἐπ’
2164 1070 2357 1147 ἀνδρίᾳ
2411 1073 2551 1148 μέγα
2602 1094 2813 1151 φρονων
2872 1076 2959 1128 καὶ
3026 1074 3329 1150 βιαιότερον
3390 1074 3427 1143 ἢ
3479 1073 3691 1147 μᾶλλον

2042 1162 2211 1214 εἰπεῖν
2266 1161 2619 1237 ἀτακτότερον
2688 1166 2756 1235 τῇ
2815 1162 3009 1233 ἀνοίξει
3060 1163 3357 1237 ἐπιχειρῶν
3416 1168 3523 1217 τῶν
3579 1183 3686 1218 πυ-

2041 1249 2178 1319 λῶν,
2220 1248 2542 1325 λογχεύεται
2592 1252 2740 1325 παρά
2784 1273 2933 1313 τινος
2985 1256 3091 1306 τῶν
3146 1248 3273 1306 εἷ’σω
3324 1249 3412 1306 διά
3458 1259 3560 1321 τῆς
3592 1254 3690 1326 ἀρ-

2044 1337 2218 1411 μογῇς
2264 1342 2372 1392 τῶν
2432 1340 2629 1411 θυρῶν.
2665 1339 2762 1393 Καὶ
2822 1341 3043 1409 θνήσκει
3103 1340 3195 1413 μὶν
3258 1341 3415 1404 οὗτος
3452 1341 3629 1409 εὐθυς,
3663 1341 3690 1395 6

2042 1432 2442 1489 Κωνσταντῖνος
2502 1425 2559 1481 δὲ
2616 1427 3010 1502 ἀποκρουσθεὶς
3070 1427 3268 1492 ἐκεῖθεν
3322 1430 3413 1483 καὶ
3469 1434 3547 1501 τῷ
3590 1436 3690 1499 τῆς

2044 1513 2319 1588 βασιλείας
2368 1512 2529 1589 ἔρωτι
2573 1516 2659 1570 οἶα
2712 1537 2819 1570 τινι
2873 1528 3007 1590 μεθη
3062 1514 3300 1592 κάτοχος
3360 1515 3432 1571 ὢν
3484 1518 3686 1590 καὶμὴ

2036 1605 2374 1665 καθεστῶτας
2406 1600 2547 1679 ἔχων
2604 1604 2732 1667 τοὺς
2791 1604 3111 1681 λογισμοὺς,
3170 1603 3299 1681 ἄρας
3358 1606 3556 1661 ἐκεῖθεν
3609 1607 3689 1669 είς

2035 1692 2097 1745 τὸ
2131 1688 2497 1767 ἱπποδρόμιον
2536 1694 2883 1769 παραγίνεται
2930 1697 3079 1766 (44)ς
3134 1696 3297 1748 κακὸν
3347 1694 3540 1749 οίωνὸν
3584 1697 3687 1765 τὴν

2034 1785 2130 1834 τοῦ
2177 1780 2661 1857 πρωτοστράτορος
2727 1780 2869 1857 ἔχων
2947 1784 3177 1858 σφαγὴν,
3258 1781 3409 1855 ὅμως
3468 1780 3525 1837 δὶ
3580 1788 3688 1838 τῶν

2042 1867 2380 1943 δεδογμένων
2442 1871 2540 1924 ούκ
2589 1870 2969 1947 ἀφιστάμενος.
3033 1874 3093 1943 [Ρ
3122 1874 3251 1943 610]
3311 1871 3542 1935 Ἐκεῗθεν
3596 1872 3690 1927 οὗν

2042 1957 2465 2032 εὐφημούμενος
2523 1954 2789 2014 κατέλαϐε
2826 1961 2926 2028 τήν
2985 1958 3287 2033 λεγομένην
3324 1960 3570 2033 Χαλκῆν,
3597 1962 3691 2015 καὶ

2044 2045 2111 2101 δι’
2156 2048 2324 2117 αὐτῆς
2384 2047 2638 2103 εἰσελθὼν
2700 2046 2921 2124 ἔφθασεν
2985 2046 3117 2123 ἄχρι
3171 2054 3278 2103 τῶν
3336 2047 3686 2120 ἐξκουϐίτων.

2041 2138 2096 2189 Ὀ
2128 2134 2185 2191 δέ
2235 2138 2531 2211 μάγιστρος
2591 2136 2845 2208 Ἰωάννης
2904 2137 2932 2192 ὁ
2992 2135 3247 2205 Ἐλαδᾶς,
3283 2141 3358 2200 εἷς
3415 2138 3681 2213 ύπάρχων

2039 2231 2145 2281 τῶν
2192 2226 2523 2300 ἐπιτρόπων,
2583 2224 2819 2302 ἐκλογὴν
2882 2227 2954 2288 ὡς
3013 2229 3039 2281 6
3098 2227 3284 2301 καιρὸς
3336 2225 3516 2282 ἐδίδου
3571 2233 3682 2282 τῶν

2040 2314 2245 2370 ἐλατῶν
2307 2318 2421 2388 (45)
2476 2318 2564 2369 καὶ
2634 2320 2741 2369 τῶν
2807 2316 3084 2391 ἑταιρειῶν
3146 2316 3543 2390 ποιησάμενος,
3591 2316 3685 2371 καὶ

2037 2402 2369 2466 καθοπλίσας
2428 2399 2577 2468 ὅπως
2648 2405 2781 2459 ποτὶ
2840 2401 3059 2466 ἕκαστος
3108 2405 3349 2480 ἅρματος
3407 2408 3514 2479 (46)
3574 2405 3686 2475 ηὗ-

2036 2495 2213 2569 πόρει,
2273 2492 2557 2549 ἀπέστειλε
2611 2494 2746 2549 κατά
2790 2500 2885 2550 τοῦ
2917 2496 3092 2551 Δούκα
3125 2515 3136 2528 ·
3200 2494 3397 2559 οἷατινες
3444 2496 3683 2574 φθάσαν-

2033 2604 2120 2645 τες
2175 2582 2303 2647 τοὺς
2357 2585 2477 2660 περὶ
2561 2583 2718 2639 αὐτὸν
2788 2583 3211 2658 σνμπλέκονται,
3296 2585 3385 2639 καὶ
3472 2585 3683 2660 γίνεται

2034 2671 2195 2747 φόνος
2242 2672 2416 2734 πολὺς
2473 2673 2819 2747 ἑκατέρωθεν.
2881 2675 3077 2731 Ἒπεσε
3135 2670 3191 2728 δὲ
3247 2673 3336 2728 καὶ
3395 2680 3682 2749 Γρηγορᾶς

273 2766 423 2819 ὁτοῦ
455 2761 661 2823 Δουκὸς
708 2761 847 2833 υἱὸς,
901 2759 990 2813 καὶ
1044 2757 1282 2834 Μιχαὴλ
1348 2759 1376 2811 6
1425 2757 1644 2830 ἀνεψιὸς
1701 2756 1888 2826 αὐτοῦ,
1914 2760 2006 2814 καὶ
2052 2762 2369 2837 Κουρτίκιος
2428 2764 2455 2817 6
2513 2764 2822 2837 Ἀρμένιος.
2872 2766 3051 2817 Ταῦτα
3094 2767 3343 2838 ταραχῆς
3378 2763 3443 2817 ού
3481 2769 3682 2836 μικρᾶς

273 2852 363 2907 τὸν
424 2853 826 2906 Κωνσταντῖνον
885 2846 1262 2921 ἐμπίμπλησι.
1318 2844 1574 2901 Σπεύδων
1656 2844 1745 2900 οὖν
1804 2847 2103 2924 ἐπιρρῶσαι
2174 2852 2236 2905 τὸ
2289 2852 2479 2906 ἑαυτοῦ
2544 2851 2730 2927 μέρος,
2788 2853 2878 2907 τὸν
2930 2850 3102 2907 ’ίππον
3157 2851 3351 2914 ἐλάσας
3411 2854 3679 2928 ἠπείγετο

277 2939 543 3013 συμμῖξαι
596 2944 715 3000 τοῖς
774 2934 1100 3011 ἔμπροσθεν.
1159 2938 1219 2993 Ὁ
1272 2933 1318 2989 δ’
1382 2933 1553 2998 ’ίππος
1633 2941 1753 2997 ταῖς
1834 2935 2006 2992 ἐκεῖσε
2080 2940 2521 3015 ὑπεστρωμέναις
2575 2940 2978 3011 κατολισθήσας
3037 2938 3231 3010 πλαξὶν
3293 2940 3369 3004 εἷς
3424 2947 3524 3016 γῆν
3584 2940 3680 2995 τόν

276 3024 537 3097 ἐπιϐάτην
600 3021 893 3094 κατέϐπλε,
953 3024 1042 3079 καὶ
1098 3046 1181 3087 τις
1257 3024 1415 3079 αὐτὸν
1486 3024 1621 3079 κατὰ
1707 3031 1805 3100 γῆς
1867 3026 2194 3103 ἐρριμμένον
2248 3030 2336 3083 καὶ
2400 3032 2785 3102 μεμονωμένον
2843 3024 3165 3084 καταλαϐὼν
3224 3029 3298 3101 (οἱ
3351 3029 3453 3103 γὰρ
3510 3027 3681 3084 ἄλλοι

277 3111 726 3183 διεσκεδάσθησαν
808 3109 1060 3180 ἅπαντες)
1114 3108 1249 3187 ξίφει
1308 3110 1405 3177 τὴν
1459 3107 1653 3163 τούτου
1712 3110 1945 3184 ἀπέτεμε
2001 3113 2243 3191 κεφαλὴν
2301 3114 2391 3168 καὶ
2455 3113 2732 3189 δρομαίως
2787 3119 2865 3186 τῷ
2924 3113 3132 3190 βασιλεὶ
3193 3114 3465 3187 ἀπήνεγκε
3522 3116 3682 3169 Κων-

275 3202 552 3275 σταντίνῳ.
610 3202 687 3257 Τὸ
743 3198 799 3255 δί
878 3198 1134 3269 τοιαύτην
1208 3198 1365 3253 αὐτὸν
1451 3196 1859 3272 καταλήψεσθαι
1941 3201 2117 3277 τύχην
2201 3204 2646 3277 προεσνωσμένον
2734 3203 2800 3272 ἦν
2882 3208 2998 3265 τοῖς
3070 3201 3387 3277 ἐπιτρόποις
3471 3201 3558 3256 καί
3627 3201 3685 3273 ἐξ

272 3292 455 3365 ἑτέρας
507 3289 703 3351 αἳτίας.
762 3288 1037 3352 Νικόλαός
1092 3308 1176 3351 τις
1262 3284 1617 3360 δημοσιώνης
1690 3292 1797 3342 τῶν
1878 3289 1930 3343 ἐν
2011 3288 2221 3362 Χαλδίᾳ
2297 3295 2407 3365 (47)
2489 3292 2836 3366 εἰσπράξεων,
2892 3292 2988 3354 τὰς
3037 3289 3343 3352 συντελείας
3400 3312 3687 3346 κατασπα-

274 3382 442 3451 θήσας
467 3380 556 3435 καὶ
616 3381 691 3453 μὴ
755 3373 900 3453 ἔχων
961 3376 1079 3440 ὅθεν
1139 3374 1328 3447 ἀποδῷ
1364 3377 1426 3430 τὸ
1488 3374 1752 3449 δημόσιον
1812 3373 2062 3455 ὄφλημα,
2126 3381 2303 3457 φυγάσ
2360 3382 2435 3445 εἷς
2494 3381 2690 3456 Συρίαν
2741 3378 2944 3455 ᾤχετο,
3000 3380 3397 3453 ἐξομοσάμενος
3425 3381 3521 3448 τήν
3555 3382 3684 3434 καθ’

272 3472 422 3542 ἡμᾶς
482 3464 674 3536 εὐσεϐῆ
751 3467 1061 3542 θρησκείαν,
1120 3465 1209 3520 καὶ
1296 3463 1652 3540 ἀστρολογίας
1739 3467 2096 3525 ἀντεποιεῖτο.
2164 3470 2334 3530 Οὗτος
2422 3468 2473 3523 ἐν
2550 3469 2710 3543 ὀθόνῃ
2797 3467 3027 3544 μελαίνῃ
3112 3468 3408 3545 γράμματα
3462 3467 3682 3543 γράψας

273 3556 600 3613 ἀπεστάλκει
650 3560 730 3628 τῷ
787 3554 1049 3631 λογοθέτῃ
1099 3559 1287 3627 Θωμᾷ,
1339 3554 1428 3608 καὶ
1485 3561 1584 3623 τῆς
1668 3554 1865 3624 ὀθόνης
1950 3558 2241 3633 ῥυφθείσης
2322 3554 2390 3612 δι’
2471 3555 2664 3620 ὕδατος
2728 3558 2931 3637 φανερά
2972 3558 3039 3613 τὰ
3093 3558 3390 3632 γράμματα
3437 3556 3685 3632 γέγονεν.

272 3653 371 3703 Ἠν
404 3644 462 3701 δὲ
520 3647 548 3701 6
594 3650 715 3707 νοῦς
759 3649 867 3699 τῶν
922 3643 1316 3719 γεγραμμένων
1368 3647 1617 3704 τοιοῦτος
1651 3662 1663 3675 ’
1699 3668 1728 3695 ‹‹
1789 3647 1879 3713 Μὴ
1937 3642 2219 3722 φοϐηθῆτε
2277 3646 2381 3701 ἀπὸ
2428 3650 2523 3701 τοῦ
2580 3646 2788 3723 πυῤῥοῦ
2837 3651 3085 3701 πετεινοῦ
3114 3650 3212 3701 τοῦ
3262 3646 3464 3709 Δουκός
3498 3665 3511 3676 ·
3544 3667 3689 3700 νεω-

269 3736 643 3812 τερισθήσεται
672 3733 772 3809 γὰρ
806 3732 1077 3808 ἀφρόνως,
1110 3732 1200 3787 καὶ
1228 3731 1426 3795 εὐθέως
1454 3731 1933 3807 ὀλοθρευθήσεται.
1968 3757 1997 3787 ››

345 3826 568 3881 Conatu
618 3825 792 3881 Ducas
842 3823 998 3878 hunc
1049 3823 1267 3879 exitum
1318 3826 1510 3891 nacto,
1544 3824 1743 3878 statim
1787 3828 1921 3879 Gre-

2107 3823 2367 3879 Τοιοῦτον
2447 3822 2503 3878 δὲ
2574 3820 2733 3884 τέλος
2800 3818 3077 3892 λαϐούσης
3160 3829 3259 3892 τῆς
3311 3823 3687 3893 ἀποστασεως,

277 3931 452 3987 goras
484 3912 784 3986 magister,
814 3912 984 3967 Ducm
1035 3928 1222 3977 socer,
1255 3916 1311 3966 et
1349 3928 1482 3966 cum
1532 3928 1597 3968 eo
1648 3913 1929 3984 patricius

280 4004 392 4059 Leo
422 4002 870 4074 Charosphaota
915 4002 987 4057 ad
1038 4001 1269 4072 Sophia:
1317 4000 1599 4072 templum
1653 4003 1928 4075 profuge—

280 4096 436 4147 runt.
467 4091 572 4155 Qui
606 4107 639 4147 a
670 4091 963 4146 tutoribus
988 4090 1125 4144 inde
1158 4089 1403 4161 abrepti,
1424 4090 1538 4144 rasi
1569 4095 1625 4145 et
1655 4091 1928 4147 monachi

276 4182 336 4236 in
356 4180 548 4236 Studii
571 4180 997 4236 monasterium
1020 4178 1283 4234 conclusi
1308 4184 1463 4234 sunt.
1480 4179 1928 4236 Constantinum

277 4269 582 4325 Eladicum
614 4268 928 4340 patricium
978 4268 1154 4323 iidem
1206 4267 1399 4323 nervis
1448 4267 1676 4323 bovillis
1708 4269 1929 4341 prolixe

276 4374 494 4414 caesum
527 4362 585 4413 et
616 4359 676 4411 in
702 4357 1006 4428 triumpho
1038 4373 1141 4427 per
1172 4356 1425 4411 mediam
1449 4357 1653 4412 urbem
1686 4359 1925 4414 ductum

272 4446 632 4503 monasterio
661 4446 978 4501 Dalmatico
1008 4445 1316 4500 inclusere.
1344 4446 1590 4501 Leonem
1616 4447 1925 4519 patricium

271 4534 683 4592 Catacalitzam
733 4539 789 4590 et
840 4535 1288 4590 Abessalomum
1344 4536 1654 4607 patricium
1710 4540 1925 4592 Arotraa

270 4626 461 4682 filium
475 4631 790 4682 excecatos
812 4623 1621 4696 relegarunt.Constantinum
1637 4625 1835 4681 Eulam
1846 4628 1925 4699 pii

274 4714 483 4784 ﬁlium,
511 4719 569 4771 et
601 4731 736 4770 cum
770 4730 835 4769 eo
867 4712 1034 4782 alios,
1060 4713 1400 4769 Pbilotheus
1425 4714 1589 4769 urbis
1620 4716 1926 4785 praefectus

268 4802 331 4858 in
364 4803 511 4858 Circi
543 4804 727 4859 funda
757 4802 945 4873 capite
979 4801 1284 4857 truncavit.
1312 4802 1545 4857 Nicetas
1577 4805 1925 4861 secretarius

2038 3912 2339 3987 παραυνίκα
2377 3914 2469 3986 μέν
2513 3915 2540 3967 6
2603 3914 2899 3987 μάγιστρος
2947 3914 3230 3988 Γγήγορᾶς
3278 3911 3366 3967 καὶ
3426 3912 3687 3987 πενθερὸς

2035 4006 2132 4055 τοῦ
2164 4003 2365 4065 Δουκὸς
2401 4002 2535 4074 μετὰ
2592 4000 2820 4063 Λέοντος
2878 4001 3163 4074 πατρικίου
3220 4005 3315 4055 τοῦ
3371 4001 3688 4076 Χοιροσφά-

2036 4111 2166 4144 κτου
2204 4095 2283 4162 τῷ
2331 4090 2459 4163 θείῳ
2505 4091 2715 4163 τεμένει
2764 4098 2866 4159 τῆς
2912 4095 3008 4144 τοῦ
3065 4094 3198 4145 Θεοῦ
3260 4090 3460 4164 Σοφίας
3510 4110 3685 4165 προσ-

2038 4178 2270 4255 έδραμον
2307 4200 2317 4212 ·
2384 4179 2475 4241 οὕς
2531 4180 2727 4234 ἐκεῖθεν
2804 4179 3209 4241 ἀποσπάσαντες
3288 4180 3339 4233 οἱ
3393 4178 3687 4255 ἐπίτροποι

2036 4268 2319 4343 ἀπέκειραν
2360 4268 2637 4344 μοναχοὺς
2670 4268 2719 4322 ἐν
2764 4272 2831 4342 τῇ
2871 4290 2978 4323 των
3033 4264 3295 4323 Στουδίου
3332 4272 3493 4341 μονῇ.
3530 4275 3684 4322 Κων-

2038 4364 2312 4414 σταντῖνον
2344 4357 2400 4413 δὲ
2428 4360 2518 4413 τὸν
2579 4358 2859 4433 πατρίκιον
2914 4359 3006 4412 τὸν
3038 4355 3331 4413 Ἐλαδικὸν
3371 4357 3689 4433 βουνεύροις

2035 4447 2294 4521 τύψαντες
2352 4446 2586 4526 ἀφειδῶς
2642 4445 2732 4501 διὰ
2809 4447 2976 4519 μέσης
3043 4454 3143 4516 τῆς
3199 4446 3413 4508 πόλεως
3463 4446 3692 4521 ἐθριάμ-

2038 4532 2226 4591 ϐευσαν
2259 4538 2348 4592 καὶ
2400 4537 2448 4591 ἐν
2503 4541 2571 4610 τῇ
2629 4540 2769 4610 μονῇ
2826 4541 2934 4590 τῶν
2991 4534 3279 4607 Δαλμάτου
3336 4535 3687 4592 ἀπέκλεισαν.

2038 4627 2237 4681 Λέοντα
2269 4624 2325 4680 δὲ
2371 4626 2651 4702 πατρίκιον
2704 4626 2795 4680 τὸν
2838 4621 3246 4693 Κατακαλίτζην
3291 4645 3380 4679 και
3422 4620 3686 4680 Ἀϐεσσα-

2038 4716 2167 4789 λὼμ
2221 4716 2505 4790 πατρίκιον
2564 4716 2653 4771 τὸν
2706 4720 2803 4769 τοῦ
2858 4717 3092 4788 Ἀροτρᾶ
3150 4712 3591 4791 ἐκτυφλώσαντες
3629 4713 3685 4768 ἐν

2036 4806 2217 4881 έξορίᾳ
2273 4807 2655 4880 παρέπεμψαν.
2716 4810 3087 4859 Κωσταντῖνον
3164 4801 3220 4857 δι
3275 4803 3366 4857 τὸν
3421 4806 3518 4855 τοῦ
3576 4802 3689 4856 E6-

1465 4943 1829 5001 XYLANDRI
1869 4948 1961 5003 ET
2002 4949 2217 5004 GOARI
2262 4948 2493 5005 NOT/E.

344 5060 457 5133 (44)
488 5061 663 5132 Atqui
692 5065 815 5118 erat
845 5063 997 5117 circo
1027 5060 1321 5133 exclusus,
1362 5061 1473 5115 nisi
1509 5062 1623 5116 alia
1653 5064 1921 5121 fortassis

275 5132 441 5205 porta
467 5133 720 5202 intrarit,
754 5139 857 5190 aut
886 5134 957 5190 de
1001 5132 1135 5203 alio,
1159 5134 1314 5204 quod
1346 5133 1617 5201 arbitror,
1652 5135 1800 5191 circo
1833 5138 1921 5191 lo-

275 5208 504 5260 uuatur.
542 5205 674 5260 XYL.

315 5222 504 5259 uatur.
542 5222 674 5259 ΔΥΕ.

273 5222 504 5277 quatur.
542 5222 674 5260 λη.

345 5276 457 5348 (45)
490 5273 1015 5348 Πλωΐμουςηῇεώει
1060 5276 1333 5343 Zonaras,
1387 5276 1542 5346 quod
1575 5276 1758 5348 idem
1810 5284 1918 5347 est,

272 5347 463 5402 socios
498 5347 752 5403 navales.
788 5347 921 5401 XYL.
949 5379 1013 5386 —
1047 5348 1315 5418 Rcmiges
1370 5365 1486 5401 non
1533 5347 1788 5417 plebeios
1821 5356 1923 5405 aut

276 5418 659 5489 tumultuario
710 5419 891 5474 lectos
939 5417 1187 5489 intelligi
1222 5417 1332 5471 non
1366 5419 1572 5489 opinor
1606 5438 1617 5475 :
1652 5429 1715 5476 ut
1764 5422 1919 5476 enim

272 5485 552 5562 ἑταιρεῖαι,
575 5492 645 5547 de
668 5492 882 5563 quibus
914 5485 1197 5563 loquitu'r,
1218 5485 1726 5563 coafwderatorum
1756 5498 1922 5549 erant

270 5561 486 5636 “(eum
514 5561 735 5631 turmae,
770 5563 850 5617 ita
882 5568 940 5617 et
970 5561 1253 5636 remigum
1288 5561 1631 5636 dromonem
1664 5564 1921 5636 impera-

276 5634 421 5691 toris
467 5652 637 5707 agere
669 5639 1115 5701 consuetorum;
1167 5634 1235 5687 de
1280 5632 1497 5703 quibus
1526 5632 1826 5693 Constant.
1862 5638 1919 5691 in

2032 5068 2255 5122 Admin.
2310 5068 2447 5134 Imp.
2478 5081 2527 5120 c.
2561 5066 2652 5121 51.
2702 5066 2919 5119 Auctor
2966 5063 3116 5118 infra
3146 5079 3225 5134 Ap.
3264 5064 3416 5134 615,:
3567 5054 3694 5134 ἔχει

2032 5081 2255 5122 ΑαΤηῐη.
2310 5081 2447 5134 Imp.
2478 5081 2527 5120 Ο.
2561 5081 2652 5121 ῸῙ.
2702 5081 2919 5119 ΑΠΟΕΟΓ
2966 5081 3116 5118 Intra
3166 5081 3225 5134 ρ.
3264 5081 3370 5117 010
3404 5081 3416 5117 ξ
3454 5081 3516 5116 δι
3567 5081 3611 5113 E"
3643 5083 3680 5116 ει

2030 5135 2221 5210 ἄνδρας
2282 5135 2536 5210 έύειδεζς,
2598 5134 2687 5189 καὶ
2742 5136 3018 5210 γενναίους
3074 5131 3163 5186 καὶ
3219 5134 3317 5201 τήν
3382 5081 3680 5207 βασιλικᾷιν

2031 5206 2259 5283 ἐρέττειν
2294 5206 2633 5275 ἐπιτηδείους
2673 5206 2904 5283 τριήρη.Δ
2933 5208 3113 5262 GOAR.

2103 5284 2215 5365 (46)
2244 5282 2523 5365 ’Ἅρματος
2572 5275 2735 5335 arma
2764 5275 2907 5333 verti
2945 5296 2956 5334 :
2992 5293 3181 5365 neque
3212 5275 3689 5365 enimhcurribus

2032 5347 2121 5407 usi
2153 5347 2325 5417 sunti
2354 5347 2411 5409 et
2448 5354 2598 5407 hanc
2630 5367 2848 5416 vocem,
2884 5368 2999 5422 quo
3047 5347 3491 5422 niodqmultas,
3525 5349 3687 5403 Gras-

2030 5442 2156 5480 cam
2192 5425 2343 5492 fecit,
2377 5431 2442 5480 ut
2471 5440 2651 5495 supra
2682 5418 2914 5493 quoque
2945 5421 3175 5495 monui._
3200 5418 3334 5495 Χιινις

2102 5498 2215 5565 (47)
2246 5490 2365 5551 Vox
2404 5490 2655 5552 obscura
2686 5490 2777 5566 et,
2812 5490 2878 5549 ut
2908 5490 3269 5566 puto,_fal_sa.
3306 5491 3439 5566 Χξῑ..
3472 5521 3537 5530 -
3569 5494 3678 5546 Ar-

2031 5561 2233 5623 meniis
2267 5568 2454 5640 portio
2484 5573 2573 5624 est
2601 5562 2809 5621 Χαλδία
2838 5561 3037 5622 versus
3068 5562 3317 5635 Syriam.
3347 5561 3528 5617 Goaa.
