3966 6134
268 359 354 419 13

1444 346 1986 413 HISTORIARUM
2030 346 2400 408 COMPEND
2425 348 2595 411 lUM.

3622 352 3703 412 ιε

278 488 534 561 λαμπίου
579 490 670 543 καὶ
720 488 936 562 ἑτερους
981 482 1075 539 σὺν
1123 483 1269 554 αὐτῷ
1325 480 1593 545 Φιλόθεος
1658 482 1686 534 6
1760 476 1924 553 ἔπαρ-

2091 481 2561 536 ;Constantinus
2608 481 2843 536 Africus
2892 480 2994 536 diu
3044 498 3109 537 ac
3158 482 3414 538 multum
3462 484 3695 554 quaesiti

279 597 383 653 χος
430 579 546 650 (48)
598 574 649 629 ἒν
699 579 768 648 τῇ
829 572 1028 647 ἱππικῇ
1072 570 1331 647 σφενδόνῃ
1377 570 1630 642 ἀπέτεμε.
1690 568 1928 638 Νικήτας

277 665 338 720 δὲ
391 667 420 720 6
475 667 772 736 ἀσηκρῆτις
826 663 918 718 καὶ
968 666 1375 722 Κωνσταντῖνος
1432 660 1460 712 6
1518 658 1669 731 Λὶψ,
1732 656 1925 730 καίπερ

275 754 707 825 ἀναζητηθέντες
754 750 961 821 πολλὰ,
1021 748 1127 825 οὐχ
1186 748 1503 823 εὑρέθησαν.
1554 748 1655 801 Τὸν
1707 743 1763 800 δὲ
1819 766 1923 798 παι

272 843 488 919 τρίκιον
522 840 752 917 Αἷγίδην
782 842 872 895 τὸν
907 840 988 894 ἐπ’
1022 837 1213 914 ἀνδρίᾳ
1241 832 1593 909 περιϐόητον,
1625 836 1713 889 καί
1772 854 1923 894 τινας

277 932 371 986 σὺν
436 931 582 1002 αὐτῷ
640 928 976 1005 στρατηγοὺς
1032 928 1133 982 οὐκ
1189 927 1435 998 ἀσήμους
1472 970 1486 993 ,
1548 924 1652 977 ἀπὸ
1711 930 1810 992 τῆς
1871 922 1920 976 ἐν

273 1019 621 1096 Χρυσοπόλει
655 1016 943 1091 δαμάλεως
974 1018 1087 1091 (49)
1116 1017 1206 1069 καί
1260 1015 1425 1089 μέχρι
1474 1017 1570 1067 τοῦ
1612 1011 1782 1066 τόπου
1825 1016 1922 1065 τοῦ

269 1107 573 1183 λεγομένου
605 1107 937 1163 Λευκακτίου
968 1101 1418 1160 ἀνεσκολόπισαν.
1464 1101 1674 1158 Πολλοὶ
1726 1098 1783 1155 δὲ
1831 1100 1921 1155 καὶ

270 1197 442 1253 ἄλλοι
474 1195 870 1253 ἀπωλώλεισαν
897 1200 1006 1250 τῶν
1048 1192 1423 1269 συγκλητικῶν
1480 1192 1626 1263 παρά
1671 1194 1779 1245 τῶν
1830 1188 1923 1243 λε-

265 1287 517 1363 γομένων
599 1284 907 1357 ἐπιτρόπων
994 1282 1239 1353 ἀνηλεῶς
1320 1301 1379 1335 τε
1460 1280 1551 1334 καὶ
1638 1278 1914 1347 ἀναιτίως,

266 1380 354 1451 [Ρ.
404 1378 533 1448 6H]
593 1374 643 1430 εἴ
704 1375 777 1447 μή
835 1394 979 1436 τινες
1044 1369 1551 1447 παῤῥησιασάμενοι
1606 1371 1712 1422 τῶν
1766 1365 1921 1422 δικα-

263 1468 410 1519 στῶν
470 1471 573 1533 τῆς
632 1460 820 1517 ἀδίκου
878 1462 1060 1534 ὁρμῆς
1119 1459 1487 1533 ἀνεχαίτισαν,
1536 1458 1786 1534 φάμενοι,
1846 1458 1919 1519 ὡς

263 1551 467 1615 παιδὸς
521 1549 671 1613 ὄντος
724 1555 825 1606 τοῦ
863 1548 1133 1625 βασιλέως
1161 1550 1361 1620 καὶμὴ
1404 1552 1658 1607 νοοῦντος
1706 1546 1773 1600 τὰ
1823 1567 1921 1600 πι-

261 1642 561 1717 πραγμὲνα
589 1646 707 1702 πῶς
733 1637 857 1694 ἄνευ
885 1645 989 1707 τῆς
1020 1637 1185 1691 αὐτοῦ
1216 1635 1516 1697 κελεύσεως
1568 1634 1811 1706 τολμᾶτε
1857 1636 1923 1689 τὰ

258 1736 495 1787 τοιαῦτα
528 1728 982 1805 διαπράττεσθαι,
1018 1728 1085 1783 Οἱ
1116 1724 1173 1781 δὲ
1212 1725 1496 1799 ἐπίτροποι
1544 1725 1635 1778 καὶ
1681 1726 1779 1793 τήν
1826 1728 1921 1779 τοῦ

2038 569 2259 623 inventi
2309 586 2423 623 non
2476 575 2636 625 sunt.
2681 569 2995 625 Patricium
3040 570 3329 643 lEgidam,
3377 572 3693 629 nobilitate

2036 658 2403 713 fortitudinis
2434 659 2644 724 virum,
2670 666 2723 713 et
2749 658 2894 713 alios
2923 675 3058 715 cum
3089 677 3155 715 eo
3187 660 3365 716 duces
3396 660 3554 717 haud
3588 663 3692 717 ob-

2037 764 2262 815 scuros,
2288 765 2321 803 a
2350 747 2579 803 Damali
2608 747 2905 819 (buculam
2946 766 3056 803 vox
3095 754 3277 819 notat)
3308 750 3688 823 Chrysopoli-

2034 842 2175 892 tana
2198 855 2384 909 usque
2412 839 2483 892 ad
2516 838 2705 893 locum
2729 838 2822 892 cui
2847 839 3151 893 Leucactio
3174 839 3349 910 (quod
3376 839 3574 895 album
3598 840 3693 895 lit-

2032 932 2128 981 tus
2161 927 2406 997 diceres)
2450 944 2659 981 nomen
2713 932 2823 989 est,
2857 928 3005 998 palis
3058 929 3425 984 suffixerunt.
3451 930 3600 993 Quin
3635 932 3694 984 et

2032 1015 2176 1070 alios
2202 1016 2421 1070 multos
2441 1016 2717 1071 senatorii
2739 1016 2963 1071 ordinis
2984 1017 3138 1072 viros
3156 1021 3380 1073 tutores
3402 1019 3497 1075 isti
3526 1018 3693 1074 inno-

2033 1121 2172 1160 cuos
2206 1106 2519 1161 crudeliter
2547 1110 2714 1159 erant
2746 1106 3171 1177 interempturi,
3198 1108 3312 1161 nisi
3352 1108 3592 1179 quidam
3626 1125 3695 1163 ex

2026 1194 2329 1264 judicibus
2379 1194 2647 1249 libertate
2678 1194 2911 1249 dicendi
2962 1200 3205 1267 sumpta
3236 1212 3336 1252 eos
3367 1197 3438 1252 ab
3473 1197 3693 1267 injuste

2033 1288 2241 1338 conatu
2297 1283 2699 1349 retraxissent,
2736 1288 3068 1355 quaerentes
3109 1286 3404 1356 quomodo
3456 1285 3693 1356 injussu

2033 1371 2432 1443 imperatoris,
2457 1372 2609 1428 282
2642 1372 2741 1443 qui
2783 1389 2926 1443 puer
2958 1372 3148 1427 adhuc
3197 1374 3338 1445 quid
3391 1379 3696 1447 gereretur

2033 1477 2149 1514 non
2184 1460 2556 1532 intelligeret,
2592 1466 2753 1516 tanta
2800 1462 3081 1516 auderent
3128 1462 3337 1519 facere.
3371 1464 3415 1519 Ii
3465 1468 3691 1520 tutores

2032 1566 2273 1604 uxorem
2305 1566 2536 1620 quoque
2570 1551 2733 1603 Ducas
2774 1553 3049 1605 raserunt
3094 1556 3151 1605 et
3198 1552 3441 1608 domum
3493 1570 3686 1625 suam,

2032 1654 2208 1708 quam
2242 1638 2298 1691 in
2333 1637 2730 1709 Paphlagonia
2761 1638 3031 1709 habebat,
3061 1639 3433 1710 dimiserunt,
3464 1641 3685 1696 ﬁlium-

2032 1744 2145 1797 que
2175 1728 2303 1797 ejus
2336 1727 2701 1798 Stephanum
2735 1732 3155 1783 castraverunt.

259 1825 447 1876 Δοῦκα
475 1818 852 1894 ἀποκείραντες
879 1820 1104 1893 γυναῖκα
1133 1814 1210 1876 εἷς
1237 1813 1329 1869 τὸν
1364 1814 1414 1868 ἐν
1448 1818 1515 1887 τῇ
1576 1811 1927 1888 Πασλαγονῖᾳ
1984 1814 2129 1867 οἷκον
2187 1814 2354 1883 αὐτῆς
2416 1813 2809 1884 ἐξαπέστειλαν.
2860 1815 3143 1888 Ἐξέτεμον
3175 1813 3232 1871 δὶ
3270 1816 3359 1871 καὶ
3411 1817 3683 1892 Στέφανον

252 1912 351 1966 τὸν
382 1912 590 1978 ταύτης
618 1908 757 1965 υἱόν.

339 1999 520 2057 Ἀλλά
548 1999 756 2053 τούτων
799 1996 936 2051 κατᾶ
974 1997 1076 2064 τήν
1125 1993 1288 2049 πόλιν
1338 1991 1722 2066 πραττομένων
1751 2038 1765 2063 ,
1818 1998 1922 2045 Συ-

2104 1994 2253 2049 Dum
2289 1996 2407 2049 haec
2438 1994 2498 2049 in
2530 1995 2675 2049 urbe
2706 1999 3013 2065 geruntur,
3046 1996 3279 2051 interim
3312 1997 3505 2054 Simeo
3544 1997 3686 2054 Bul-

259 2090 412 2163 μεὼν
464 2090 491 2143 6
543 2085 884 2162 Βουλγαρίας
940 2082 1125 2158 ἄρχων
1182 2081 1316 2155 μετᾶ
1368 2080 1587 2156 βαρείας
1636 2077 1916 2153 δυνάμεως

260 2173 530 2245 εἰσϐολὴν
578 2177 714 2230 κατὰ
757 2170 1043 2246 Ῥωμαίων
1098 2171 1418 2241 ἐποιήσατο,
1465 2170 1552 2225 καὶ
1598 2170 1697 2238 τὴν
1763 2170 1918 2244 βασι-

262 2265 396 2323 Λίδα
424 2264 629 2344 φθάσας
659 2264 875 2339 χάρακα
922 2256 1246 2339 πεφιὲϐαλεν
1306 2259 1411 2313 ἀπό
1468 2279 1527 2312 τε
1586 2258 1915 2333 Βλαχερνῶν

260 2359 356 2412 καὶ
412 2355 577 2430 μέχρι
625 2360 725 2422 τῆς
773 2351 1081 2427 λεγομένης
1135 2355 1350 2423 Χρυσῆς
1392 2347 1621 2423 πόρτης,
1670 2348 1759 2401 καὶ
1824 2368 1915 2419 με-

259 2446 472 2519 τέωρος
517 2444 585 2511 ἦν
634 2447 751 2506 ταῖς
802 2440 984 2496 ἐλπίσι
1047 2436 1246 2515 ῥᾳδίως
1293 2437 1493 2507 ταύτην
1551 2435 1691 2491 ἆλεῖν
1741 2443 1914 2490 Κατα-

269 2536 457 2609 μαθὼν
492 2530 550 2587 δὲ
578 2533 677 2601 τὴν
709 2529 1020 2606 ὀχυρότητα
1072 2532 1179 2583 τῶν
1229 2532 1429 2602 τειχῶν
1476 2526 1565 2579 καὶ
1612 2530 1675 2580 τῦ
1706 2523 1919 2595 πλῆθος

260 2629 380 2680 τῶν
404 2619 953 2699 τειχοφυλακούντων
1002 2617 1091 2671 καὶ
1134 2618 1370 2684 τὴντῶν
1424 2609 1776 2690 πετροϐόλων
1826 2614 1917 2668 καὶ

262 2707 582 2783 τοξοϐόλων
630 2709 868 2785 ὀργάνων
927 2705 1236 2779 δαψίλειαν,
1278 2704 1543 2781 ἀφέμενος
1589 2708 1696 2757 τῶν
1759 2701 1914 2757 ἰλπί-

265 2799 379 2855 δων
412 2799 465 2854 ἐν
515 2804 594 2871 τῷ
643 2793 898 2869 Ἑϐδόμῳ
948 2794 1293 2870 ὑπέστρεψεν,
1348 2792 1626 2867 εἰρηνικὰς
1682 2790 1915 2854 σπονδὰς

264 2887 668 2961 ἐξαιτούμενος.
723 2890 841 2941 Τῶν
892 2883 937 2938 δ’
988 2884 1294 2956 έπιτρὸπων
1352 2881 1716 2954 ἀσμενέστατα
1774 2878 1917 2951 δεξα-

271 2980 451 3053 μένων
501 2977 591 3031 τὸν
637 2975 828 3049 λόγον,
878 2969 1210 3042 ἀποστέλλειν
1256 2971 1283 3024 6
1335 2969 1560 3041 Συμεὼν
1604 2970 1695 3023 τὸν
1727 2969 1917 3023 ἐαυτοῦ

270 3070 569 3143 μάγιστρον
644 3061 921 3137 Θεόδωρον
999 3059 1267 3133 ὁμιλῆσαι
1340 3059 1465 3133 περὶ
1549 3057 1792 3133 εἷ’ρήνης·
1855 3056 1916 3112 οὗ

264 3158 717 3229 παραγενομένου
804 3151 893 3205 καὶ
987 3147 1167 3223 λόγων
1245 3146 1569 3217 κινηθέντων
1644 3144 1914 3218 πολλῶν,

269 3248 302 3302 ὁ
354 3247 705 3318 πατριάρχης
762 3241 874 3313 ἅμα
907 3243 1027 3300 τοῖς
1078 3237 1299 3298 λοιποῖς
1352 3235 1665 3307 ἐπιτρόποις
1720 3234 1915 3291 ἀναλα-

270 3330 464 3394 ϐόντες
502 3334 591 3387 τὸν
629 3327 856 3407 βασιλέα
886 3327 937 3382 ἐν
968 3331 1048 3398 τῷ
1098 3324 1345 3397 παλατίῳ
1390 3323 1559 3394 ἦλθον
1609 3328 1715 3379 τῶν
1770 3322 1912 3378 Βλα-

268 3427 510 3499 χερνῶν,
557 3421 644 3475 καὶ
711 3420 959 3492 ὁμήρους
1013 3413 1194 3476 δόντες
1255 3413 1570 3488 ἀξιολόγους
1626 3412 1914 3487 εἰσήγαγον

264 3513 363 3566 τὸν
431 3509 656 3582 Συμεὼν
718 3506 769 3560 ἐν
830 3510 911 3577 τῷ
967 3502 1241 3575 παλατίῳ,
1296 3502 1386 3557 καὶ
1445 3501 1782 3571 συνειστιάθη
1841 3505 1920 3573 τῷ

273 3599 517 3677 βασιλεῖ,
548 3601 645 3652 τοῦ
676 3594 899 3669 Συμεὼν
938 3591 1330 3653 ὑποκλίναντος
1371 3596 1449 3663 τῷ
1478 3588 1789 3665 πατριάρχῃ
1818 3591 1916 3661 τὴν

264 3686 519 3767 κεφαλὴν
551 3686 639 3741 καὶ
672 3684 839 3760 εὐχὴν
875 3681 1166 3755 δεξαμένου
1205 3681 1330 3756 παρ’
1385 3681 1571 3749 αὐτοῦ,
1618 3678 1918 3750 ἐπιθέντος,

270 3774 354 3839 ὥς
388 3797 537 3853 φασι,
568 3778 636 3848 τῇ
686 3771 783 3827 τοῖ’)
828 3766 1113 3845 Βαρδάρου
1161 3767 1373 3844 κεφαλῇ
1420 3769 1535 3822 ἀντὶ
1568 3768 1828 3842 στεφάνου
1858 3768 1920 3822 τὸ

1950 3374 1992 3440 C

2029 2098 2303 2155 garorum
2323 2084 2596 2154 princeps
2614 2084 2773 2154 gravi
2788 2100 2921 2138 cum
2937 2085 3194 2141 exercitu
3211 2086 3271 2141 in
3286 2086 3687 2142 Romanorum

2028 2171 2309 2226 ditionem
2357 2172 2600 2238 invadit,
2625 2177 2681 2227 et
2734 2174 2806 2227 ad
2853 2173 3051 2244 Cpolin
3084 2175 3265 2245 venit,
3286 2181 3461 2247 atque
3492 2193 3526 2231 a
3556 2176 3687 2231 Bla-

2028 2260 2263 2316 chernis
2294 2277 2484 2331 usque
2511 2262 2581 2315 ad
2606 2263 2856 2316 Auream
2884 2269 3108 2333 portam
3138 2269 3332 2320 castra
3365 2265 3548 2336 ponit,
3573 2282 3692 2320 ma-

2027 2364 2326 2420 gnamque
2374 2365 2539 2420 spem
2591 2355 2937 2420 conceperat
2988 2353 3151 2407 urbis
3203 2354 3497 2425 potiundae
3533 2371 3545 2409 :
3582 2354 3684 2409 sed

2028 2446 2091 2492 ut
2120 2437 2333 2492 certior
2364 2439 2552 2493 factus
2583 2444 2672 2493 est
2703 2439 2772 2493 dc
2811 2456 3117 2495 murorum
3152 2442 3448 2513 firmitate,
3483 2442 3686 2497 multi-

2028 2526 2231 2581 tudine
2264 2531 2763 2599 propugnatorum
2799 2545 2937 2583 saxa
2964 2530 3347 2599 jactantium,
3380 2532 3685 2587 machina-

2027 2632 2157 2669 rum
2190 2620 2247 2670 et
2276 2615 2621 2670 balistarum
2644 2617 3032 2684 abundantia,
3057 2620 3363 2689 repudiata
3385 2636 3453 2675 ea
3475 2638 3577 2691 spe
3610 2621 3683 2676 ad

2027 2703 2393 2758 chdomum
2454 2704 2672 2759 recedit
2730 2704 3313 2780 pacificationemque
3361 2708 3570 2779 poscit.
3622 2709 3683 2764 Id

2028 2793 2138 2847 fuit
2168 2791 2352 2847 multo
2376 2792 2779 2864 gratissimum
2802 2797 3135 2865 tutoribus;
3174 2797 3509 2867 missusque
3530 2803 3621 2852 est
3651 2815 3685 2853 ι

2026 2881 2295 2937 Simeone
2352 2882 2633 2952 magister
2690 2883 2879 2954 ipsius
2928 2885 3291 2956 Theodorus,
3317 2891 3375 2942 et
3423 2887 3495 2942 de
3544 2902 3684 2959 pace

2029 2971 2292 3026 habitum
2321 2970 2700 3041 colloquium.
2724 2971 2931 3027 Multis
2954 2973 3107 3029 ultro
3130 2975 3395 3046 citroque
3417 2992 3685 3031 commu-

2026 3060 2166 3114 tatis
2196 3060 2408 3123 verbis,
2437 3060 2768 3131 patriarcha
2798 3078 2931 3116 cum
2974 3062 3219 3134 reliquis
3250 3065 3546 3120 tutoribus
3578 3065 3682 3121 de-

2027 3149 2248 3202 ducunt
2297 3148 2708 3219 imperatorem
2760 3149 2818 3203 in
2867 3149 3296 3208 Blachernense
3347 3151 3680 3224 palatium:

2027 3237 2295 3306 datisque
2343 3237 2571 3292 idoneis
2620 3238 2927 3294 obsidibus
2976 3241 3178 3295 eodem
3229 3243 3301 3296 ad
3352 3242 3681 3298 convivium

2031 3324 2403 3396 imperatoris
2427 3325 2755 3381 Simeonem
2781 3328 3092 3398 recipiunt.
3119 3329 3225 3384 Ubi
3248 3331 3481 3400 quidem
3506 3335 3684 3402 caput

2032 3413 2374 3485 patriarchae
2406 3413 2694 3486 Bulgarus
2739 3417 3008 3487 princeps
3059 3418 3357 3484 submisit,
3390 3423 3445 3473 et
3493 3419 3564 3474 ab
3611 3435 3678 3475 eo

2029 3502 2560 3572 comprecationem
2603 3503 2876 3569 obtinuit,
2911 3504 3104 3575 capiti,
3134 3510 3195 3561 ut
3226 3507 3428 3572 fertur,
3451 3507 3674 3563 Simeo-

2029 3592 2122 3645 nis
2159 3590 2496 3661 imponente
2543 3608 2718 3646 suum
2770 3592 3272 3665 epirrhiptarium.
3297 3600 3435 3652 Post
3474 3597 3676 3652 convi-

2028 3680 2186 3735 vium
2221 3680 2381 3751 pacis
2414 3680 2851 3735 conditionibus
2892 3685 3252 3754 compositis,
3284 3684 3521 3740 Simeon
3551 3686 3677 3756 eju-

2030 3785 2178 3840 sque
2208 3768 2376 3823 liberi
2409 3770 2606 3825 donati
2639 3771 2876 3825 domum
2912 3772 3200 3827 abierunt.

272 3852 423 3922 ἰδιον
457 3863 866 3940 ἰπιρῥιπτάριον
1069 3858 1218 3913 Μετά
1249 3856 1306 3912 δὲ
1333 3859 1431 3925 τὴν
1465 3856 1719 3924 ἑστίασιν,
1755 3852 2079 3930 ἀσυμϐάτων
2125 3857 2425 3930 γενομένων
2475 3856 2598 3929 περὶ
2648 3864 2745 3926 τῆς
2799 3858 3024 3933 εἰρήνης
3084 3862 3217 3935 (51),
3276 3857 3476 3934 δώροις
3537 3859 3567 3916 ὅ
3622 3881 3683 3916 τε

275 3956 509 4029 Συμεὼν
566 3954 655 4009 καὶ
715 3953 766 4007 οἱ
813 3951 1010 4006 τούτου
1066 3947 1255 4011 παῖδες
1314 3946 1806 4025 φιλοφρονηθέντες
1865 3947 1939 4008 εἷς
1993 3949 2093 4015 τήν
2145 3944 2283 4001 ἰδίαν
2346 3944 2745 4022 ἀπηλλαγησαν
2784 3948 2995 4023 χώραν.
3029 3950 3129 4006 Καὶ
3161 3953 3327 4005 ταῦτα
3360 3951 3453 4024 μὲν
3488 3950 3681 4027 ἐπρατ-

270 4066 403 4100 τετο
432 4040 587 4117 τῇδε.

349 4136 458 4188 Τοῦ
506 4130 563 4186 δὶ
613 4130 882 4203 βασιλέως
943 4124 1345 4181 Κωνσταντίνου
1400 4123 1489 4180 δ’ιά
1543 4125 1741 4187 παντὸς
1800 4122 1924 4180 ὁδυ-

272 4221 519 4297 ρομένου
586 4219 675 4274 κάὶ
753 4219 851 4287 τὴν
924 4217 1116 4271 ἑαυτοῦ
1193 4212 1634 4288 ἀνακαλουμένου
1720 4214 1926 4286 μητέρα

276 4309 417 4387 (ἤδη
460 4309 561 4384 γὰρ
593 4308 760 4375 αὐτὴν
792 4307 1069 4380 κατήγαγε
1092 4302 1188 4359 τοῖ’)
1238 4301 1505 4358 παλατίου
1534 4300 1928 4378 ’Λλέξανδρος),

273 4394 671 4466 ἀναϐιϐάζουσι
720 4396 811 4450 καὶ
854 4391 1076 4455 ἄκοντες
1124 4390 1290 4447 πάλιν
1344 4392 1541 4462 αὐτήν.
1605 4390 1931 4447 ’Δνελθοῦσα

278 4488 378 4545 οὖν
410 4488 499 4541 καὶ
547 4485 812 4561 ἰγκρατὴς
858 4482 1120 4559 γενομένη
1165 4488 1264 4551 τῆς
1318 4480 1593 4557 βασιλείας
1640 4480 1931 4555 προσλαμ-

280 4574 504 4632 ϐἀνεται
575 4575 667 4629 τὸν
742 4570 1239 4647 παρακοιμὼμενον
1319 4570 1716 4624 Κωνσταντὶνον
1747 4613 1760 4638 ,
1843 4570 1933 4623 καὶ

283 4664 664 4732 Ἀναστάσιον,
719 4662 809 4715 καὶ
843 4664 1276 4727 Κωνσταντῖνον,
1324 4659 1451 4719 τοὺς
1492 4655 1759 4735 ἀδελφοὺς
1808 4656 1934 4716 τοὺς

282 4756 391 4823 τήν
424 4750 733 4823 ἐπωνυμίαν
766 4746 1121 4824 Γογγυλίους,
1174 4742 1691 4820 Συμϐουλεύσαντος
1744 4743 1801 4800 δὲ
1844 4747 1936 4800 καὶ

2110 4126 2262 4181 283
2320 4130 2496 4181 Porro
2556 4130 2705 4183 Zoen
2763 4127 3133 4198 imperatoris
3191 4133 3462 4197 matrem,
3508 4146 3689 4202 quam

2038 4216 2262 4269 dudum
2297 4214 2432 4269 aula
2462 4216 2744 4270 eduxerat
2777 4215 3122 4284 Alexander,
3150 4217 3266 4273 {ilio
3308 4234 3436 4274 eam
3476 4219 3690 4274 identi-

2039 4304 2168 4358 dem
2204 4304 2547 4375 deplorante
2578 4320 2644 4359 ac
2677 4304 3033 4375 requirente,
3057 4309 3282 4362 tutores
3313 4307 3400 4363 vel
3432 4307 3600 4362 inviti
3632 4307 3692 4363 in

2041 4391 2322 4463 palatium
2348 4396 2639 4447 revocant.
2666 4393 2920 4449 Reversa
2941 4393 3061 4449 haec
3090 4399 3147 4450 et
3177 4413 3374 4451 rerum
3396 4397 3693 4468 guberna-

2040 4480 2258 4534 tionem
2283 4485 2452 4535 nacta
2484 4481 2759 4537 adsciscit
2780 4482 3233 4539 Constantinum
3266 4485 3694 4541 cubicularium

2043 4569 2342 4635 intimum,
2368 4571 2744 4625 Anastasium
2784 4575 2841 4626 et
2876 4571 3324 4629 Constantinum
3357 4575 3698 4646 Gongylios,

2045 4659 2487 4729 cognominatos
2519 4675 2831 4731 germanos
2861 4660 3090 4727 fratres,
3124 4680 3189 4718 ac
3230 4664 3517 4719 Joannem
3570 4662 3699 4718 Ela-

2048 4748 2204 4801 dam.
2257 4746 2473 4802 Horum
2524 4748 2770 4803 consilio
2828 4749 2964 4804 aula
3021 4751 3342 4821 ejiciuntur
3392 4751 3704 4808 Alexandri

1485 4909 1855 4964 XYLANDRI
1895 4909 1984 4964 ET
2024 4908 2244 4965 GOARI
2284 4908 2513 4963 NOTfE.

371 5041 485 5111 (48)
514 5036 895 5111 Vindicandis
918 5033 1268 5111 criminibus
1298 5034 1519 5088 vacavit
1551 5033 1779 5111 ultimis
1806 5038 1951 5111 tern-

287 5106 566 5190 poribus,
589 5111 749 5190 οι)ρο
776 5113 840 5190 et‘
864 5109 923 5161 in
957 5106 1225 5190 praetorio
1254 5122 1488 5190 reorum
1521 5106 1813 5190 ergastulo
1849 5107 1950 5160 do-

292 5177 466 5244 inum
502 5177 570 5237 ex
600 5182 788 5236 officio
810 5177 1150 5251 deputatam
1174 5177 1396 5233 habuit.
1423 5181 1637 5232 Auctor
1661 5177 1952 5249 plerisque

458 5296 468 5307 .
504 5271 684 5308 UOAR.

458 5296 468 5307 .
630 5271 684 5308 R.

294 5254 706 5399 10%;?)(3319
748 5321 1066 5399 ita‘dictus
1108 5317 1725 5399 ggra‘z‘tﬁv‘a’wtmépav
1772 5316 1821 5370 ἰν
1874 5322 1953 5388 τῷ

292 5387 442 5455 κίονι
471 5387 795 5465 ’ἱσταμένην
843 5390 1051 5465 λιθίνην
1105 5387 1367 5462 δάμαλιν,
1408 5395 1571 5465 trans
1612 5387 1953 5465 Bosporum

295 5469 592 5537 Thraciae,
631 5463 996 5539 Chrysopoli.
1042 5465 1259 5518 Auctor
1312 5463 1486 5535 paulo
1535 5463 1689 5518 infra
1738 5481 1795 5535 p.
1828 5464 1951 5517 617.

296 5546 492 5685 ῦοὲἷή
525 5611 1019 5685 Grzscamvocem
1071 5604 1509 5685 interpretando
1559 5605 1795 5685 retinui,
1830 5622 1959 5676 quae

303 5677 608 5746 cu‘cullam
639 5687 738 5739 aut
770 5679 928 5737 aliud
961 5678 1114 5750 quod
1157 5677 1331 5749 capiti
1360 5677 1699 5748 injiceretur
1727 5680 1958 5749 tegmen

2059 5034 2292 5113 videtur
2348 5034 2703 5113 significare,
2742 5032 3002 5113 παρὰ-’τὸ
3062 5034 3419 5113 ἰπιῤῥίπτε-ιν.
3476 5042 3708 5113 Χῖος-

2058 5106 2337 5179 Μαγῃζυαδ,
2404 5105 2748 5179 Latinorum
2794 5105 3093 5179 pallium,
3157 5105 3390 5166 cunctis
3444 5112 3709 5166 vestibus

2060 5174 2424 5255 éméétnjcéov,
2462 5174 3059 5255 a_Xylandri'cuculla
3078 5174 3408 5252 diversum,
3442 5186 3508 5237 ut
3553 5186 3715 5255 patet

2062 5266 2128 5304 ex
2156 5249 2375 5303 Codino
2406 5266 2455 5305 c.
2490 5252 2545 5316 6,
2577 5249 2634 5304 n.
2666 5252 2718 5304 2.
2753 5253 2931 5305 GOAR.

2134 5322 2444 5396 (5l7)_Ap_ud
2479 5323 2757 5396 Zonaram
2794 5322 3153 5396 contrarium
3187 5324 3369 5396 hujus
3414 5324 3524 5379 loci
3567 5324 3712 5396 legi-

2063 5397 2184 5468 tur,
2206 5392 2534 5468 dissiluisse
2557 5393 2835 5468 nimirum
2865 5394 3013 5449 hanc
3044 5392 3534 5467 paciﬁcationem;
3560 5392 3713 5468 qubd

2064 5464 2428 5535 probabilius
2459 5470 2514 5518 et
2544 5465 2738 5518 verius
2770 5471 2927 5535 puto.
2961 5464 3089 5522 Mox
3132 5469 3288 5523 enim
3323 5464 3716 5523 rursum-sine

2064 5535 2289 5590 violatae
2313 5535 2474 5605 pacis
2497 5540 2554 5590 et
2576 5535 2869 5593 mentione
2901 5540 3074 5595 refert
3096 5540 3428 5596 Simeonem
3454 5540 3516 5595 in
3539 5540 3717 5595 Thra-

2068 5606 2215 5662 ciam
2248 5612 2607 5679 grassatum.
2640 5608 2772 5663 XYL.
