3922 6132
267 312 342 374 15
1635 306 1953 371 GEORGII
1998 305 2341 368 CEDRENI
3609 314 3683 370 16

261 443 523 513 asseclaa,
567 444 826 500 Joannes
874 450 1083 517 rector,
1117 443 1591 516 Gabrielopulus,
1624 441 1860 497 Basilitz

2069 436 2293 493 [ωάννου
2338 438 2435 492 τοῦ
2494 436 2701 495 Ἐλαδᾶ
2753 434 3178 509 καταϐιϐάζουσι
3247 441 3376 504 τοὺς
3452 440 3681 505 οἰκείους

262 551 328 589 ac
360 532 595 605 reliqui.
619 534 993 588 Dominicum
1022 534 1196 589 etiam
1222 533 1557 588 sodalitatis
1590 532 1927 604 praefectum

260 624 369 677 Zoe
398 624 662 694 Augusta
686 622 975 692 provehit,
1000 623 1298 677 hominem
1324 627 1633 677 strenuum
1659 618 1924 673 habitum

264 711 507 782 suisque
540 715 841 781 parentem
878 710 1193 765 mandatis.
1233 711 1373 781 Ejus
1404 709 1646 764 consilio
1680 707 1926 779 patriar-

265 800 375 855 cha
396 799 609 871 palatio
650 798 906 870 pellitur.
940 800 1211 870 Magister
1242 800 1499 854 Joannes
1531 798 1743 853 Eladas
1775 796 1925 851 ultro

264 888 402 943 inde
433 888 685 944 discedit
727 888 799 942 ob
846 889 1141 952 morbum,
1177 905 1292 959 quo
1346 893 1403 941 et
1456 888 1645 958 periit.
1679 888 1750 940 At
1775 887 1924 941 Con-

264 978 564 1033 stantinus
597 977 996 1032 cubicularius
1030 977 1110 1031 uti
1142 977 1303 1031 solus
1328 976 1525 1031 omnia
1557 975 1785 1045 imperii
1818 991 1921 1046 gu-

264 1068 512 1121 bernare
546 1071 745 1137 posset
776 1082 965 1137 neque
995 1083 1028 1120 a
1062 1082 1357 1137 quoquam
1392 1066 1795 1137 impediretur,
1831 1081 1922 1119 so-

262 1155 521 1211 dalitatis
575 1155 911 1226 praefectum
962 1154 1120 1225 apud
1172 1156 1498 1226 Augustam
1551 1153 1919 1223 criminatur,

263 1244 432 1315 quasi
463 1244 515 1299 is
546 1242 711 1298 fratri
759 1260 864 1298 suo
910 1242 1227 1315 imperium
1259 1244 1556 1299 vindicare
1586 1246 1917 1298 conaretur.

260 1334 421 1397 Quod
453 1349 521 1387 ea
551 1332 635 1387 ita
664 1348 795 1386 esse
829 1332 1097 1397 credens,
1126 1332 1436 1403 patricium
1469 1348 1604 1386 eum
1637 1335 1833 1385 creat:
1858 1346 1923 1383 ac

260 1422 331 1476 de
381 1436 544 1476 more
601 1424 904 1491 precatum
965 1420 1422 1475 descendentem
1472 1419 1630 1475 domi
1684 1433 1920 1473 manere

258 1510 442 1581 jubet.
473 1508 782 1565 Sodalitati
818 1508 1059 1579 praeficit
1089 1509 1376 1565 Joannem
1410 1508 1685 1564 Garidam
1720 1524 1785 1562 ac
1819 1512 1921 1562 Da-

262 1600 528 1654 mianum
563 1597 901 1653 eunuchum
939 1598 1325 1669 drungarium
1358 1597 1568 1669 vigiliae
1602 1596 1757 1651 facit.

2038 523 2429 600 Ἀλεκάνδρου,
2465 528 2714 597 Ἰωάννην
2744 529 2837 582 τὸν
2882 528 3178 605 ραίκτωρα,
3229 529 3321 584 τόν
3372 526 3682 603 Γαϐριηλό-

2037 611 2267 685 πουλον,
2301 614 2392 668 τὸν
2442 614 2769 686 Βασιλίτζην
2811 617 2901 671 καὶ
2949 617 3076 681 τοὺς
3124 618 3374 680 λοιπούς.
3438 614 3682 692 Προϐἀλο

2037 700 2188 756 λεται
2219 700 2275 756 δὲ
2325 704 2411 758 καὶ
2464 707 2584 773 Ζωή
2636 705 2916 779 Δύγοῦστα
2956 707 3241 780 Δομίνικον
3302 707 3680 783 έταιρειάρχην

2037 788 2351 868 διαστήριον
2412 791 2675 849 δοκοῦντα
2728 795 2816 849 καὶ
2890 802 3008 857 τοῖς
3066 796 3231 865 αὐτῆς
3291 797 3680 870 προσκείμενον

2034 883 2483 955 προστάγμασιν,
2563 882 2624 937 οὗ
2694 888 2761 957 τῇ
2831 879 3121 957 συμϐουλῇ
3180 880 3595 954 καταϐιϐάζεται
3653 887 3679 941 6

2034 971 2382 1046 πατριάρχης
2462 975 2559 1026 τοῦ
2628 971 2946 1030 παλατίου.
3021 974 3124 1028 Καὶ
3188 975 3215 1028 ὁ
3277 974 3571 1049 μάγιστρος
3627 973 3681 1029 δὲ

2035 1056 2288 1128 Ἰωάννης
2344 1061 2370 1113 6
2430 1056 2666 1122 Ἐλαϐἆς
2714 1059 2981 1131 κατῆλθεν
3035 1062 3318 1129 ἑκουσίως,
3379 1062 3521 1136 νόσῳ
3580 1062 3677 1134 λη·

2033 1148 2206 1225 φθείς,
2242 1145 2286 1201 δ’
2318 1149 2385 1216 ἧς
2417 1150 2503 1203 καὶ
2560 1145 2787 1206 ἀπεϐίω.
2849 1156 3261 1213 Κωνσταντῖνος
3322 1149 3380 1206 δὲ
3435 1152 3463 1205 6
3508 1173 3677 1227 παρα-

2030 1238 2378 1309 κοιμώμενος
2455 1237 2541 1314 ὐφ’
2618 1240 2803 1293 ἑαυτὸν
2876 1239 3098 1314 ἀγαγεῖν
3144 1242 3264 1309 οτὴν
3320 1241 3528 1295 ἅπασαν
3583 1248 3681 1309 τῆς

2039 1324 2313 1399 βασιλείας
2360 1325 2513 1395 ἡνίαν
2576 1327 2912 1403 βουλόμενος
2970 1328 3059 1381 καὶ
3127 1326 3333 1401 μηδένα
3385 1324 3529 1403 ἔχειν
3589 1330 3676 1385 τὸν

2031 1412 2417 1487 ἐμποδίζοντα.
2475 1418 2553 1489 (P.
2605 1419 2731 1489 612]
2802 1412 3090 1472 διαϐάλλει
3146 1418 3238 1472 τὸν
3298 1419 3678 1494 ἑταιρειάρχην

2032 1502 2109 1563 εἲς
2141 1504 2238 1570 τὴν
2275 1503 2582 1577 Δύγοῦσταν
2634 1505 2708 1567 ὡς
2753 1506 3197 1581 σφετεριζόμενον
3246 1506 3345 1573 τὴν
3400 1506 3674 1579 βασιλείαν

2031 1591 2107 1653 εἷς
2136 1592 2227 1646 τὸν
2259 1592 2447 1645 ἑαυτοῦ
2477 1588 2731 1669 ἀδελφόν·
2769 1594 2829 1646 05
2859 1598 2975 1655 τοῖς
3025 1592 3219 1667 λόγοις
3247 1598 3525 1657 πεισθεῖσα
3572 1616 3677 1649 πα-

265 1686 469 1760 τρίκιον
504 1685 663 1740 αὐτὸν
691 1689 846 1757 τιμᾷ,
877 1684 963 1738 καὶ
998 1683 1350 1753 κατελθόντα,
1382 1686 1456 1747 ὡς
1484 1681 1626 1754 ἔθος,
1660 1677 1846 1737 λαϐεῖν
1878 1681 2050 1756 εὐχὴν
2088 1683 2197 1752 (52)
2226 1678 2367 1733 ο⁹ίκοι
2402 1682 2577 1752 μένειν
2626 1682 2935 1755 προσέταξε.
2992 1682 3400 1757 Προχειρίζιται
3450 1681 3507 1736 δὲ
3559 1684 3670 1738 ἀντ’

262 1776 427 1831 αὑτοῦ
458 1773 711 1843 Ἰῶάννην
743 1774 832 1828 τὸν
858 1771 1086 1849 Γαριδᾶν
1120 1774 1526 1850 ὲταιρειάρχην,
1560 1773 1649 1827 καὶ
1679 1771 1947 1845 Δαμιανὸν
1982 1768 2242 1844 εὐνοῦχον
2278 1771 2541 1846 ἀρτιιρανῆ
2574 1776 2672 1838 τῆς
2708 1770 2902 1845 βίγλας
2937 1768 3296 1845 δρουγγάριον
3330 1774 3463 1844 (53).

331 1868 615 1923 Caeterum
646 1864 917 1919 Simeone
951 1864 1261 1919 Thraciam
1295 1864 1632 1935 populante,
1654 1866 1918 1934 Augusta
1950 1864 1996 1928 B

258 1972 395 2011 cum
433 1954 775 2026 proceribus
804 1952 1074 2008 consulat
1106 1969 1220 2024 quo
1270 1958 1440 2023 pacto
1489 1954 1617 2023 ejus
1672 1953 1922 2023 impres:

256 2046 456 2100 siones
488 2046 908 2113 compesceret.
943 2041 1025 2096 Ibi
1068 2042 1327 2097 Joannes
1384 2042 1570 2113 Bogas
1601 2042 1753 2097 284
1787 2057 1919 2112 pro-

256 2134 460 2199 mittit,
479 2132 526 2188 si
551 2131 798 2204 patricio
824 2130 1042 2186 honore
1065 2130 1469 2200 insigniretur,
1496 2148 1557 2187 se
1578 2129 1919 2185 Patzinacas

254 2226 460 2279 contra
488 2237 627 2276 eum
661 2220 1091 2288 adducturum;
1124 2220 1558 2291 impetratoque
1582 2221 1733 2290 quod
1767 2223 1921 2291 pete-

251 2312 372 2379 bat,
406 2310 663 2381 acceptis
696 2309 865 2363 donis
895 2309 966 2363 ad
998 2325 1097 2363 eos
1130 2324 1192 2363 se
1225 2308 1471 2379 confert,
1506 2314 1742 2380 pactum
1794 2308 1915 2375 icit,

255 2401 630 2472 acceptisque
652 2398 959 2454 obsidibus
980 2397 1184 2468 Cpolin
1220 2398 1391 2461 redit,
1418 2397 1697 2469 pollicitis
1730 2398 1915 2452 Patzi-

252 2489 415 2545 nacis
447 2504 509 2545 se
554 2491 704 2544 Istro
753 2488 998 2557 trajecto
1047 2485 1318 2558 Bulgaris
1365 2486 1585 2542 bellum
1638 2488 1911 2541 facturos.

252 2577 594 2649 Transt'ugit
624 2593 690 2633 eo
721 2580 983 2647 tempore
1018 2579 1074 2629 et
1101 2576 1330 2640 Asotes,
1350 2575 1435 2629 vir
1464 2574 1730 2638 celebris,
1754 2576 1915 2647 prin-

256 2666 403 2736 cipis
435 2665 768 2737 principum
800 2662 979 2717 ﬁlius.
1007 2663 1060 2717 Is
1092 2662 1392 2716 ferebatur
1412 2662 1635 2733 virgam
1668 2662 1911 2717 ferream

254 2755 532 2809 manibus
578 2757 838 2807 extrema
892 2756 1099 2806 tenens
1148 2752 1518 2822 confringere
1566 2768 1631 2805 ac
1684 2750 1915 2805 ﬂectere

254 2858 449 2913 posse,
482 2841 697 2896 duritie
731 2840 867 2896 ferri
914 2857 1196 2895 manuum
1231 2840 1424 2896 robori
1476 2840 1732 2894 cedente.
1770 2840 1910 2894 Eum

252 2934 361 2987 Zoe
380 2931 622 2987 comiter
641 2934 947 3001 acceptum
967 2930 1206 2985 domum
1230 2928 1477 2984 remisit.
1494 2930 1575 2982 Ad
1587 2928 1911 2998 rianopolin

254 3025 453 3077 autem
486 3019 745 3075 Simeoni
795 3036 900 3089 per
939 3018 1273 3090 complures
1303 3017 1429 3073 dies
1460 3017 1679 3072 frustra
1728 3034 1909 3088 oppu-

252 3109 454 3181 gnanti
506 3108 902 3163 Pancratucas
955 3107 1193 3177 quidam
1250 3105 1583 3166 Armenius,
1618 3104 1711 3159 cui
1762 3104 1914 3159 inter

254 3198 401 3254 alios
453 3196 614 3253 urbis
663 3198 792 3268 ejus
841 3195 1111 3251 custodia
1158 3195 1345 3250 fuerat
1394 3194 1734 3259 commissa,
1766 3210 1909 3249 auro
1942 3229 1985 3294 Ο

253 3290 565 3359 corruptus
597 3287 809 3359 prodit.
838 3284 1018 3341 Paulo
1051 3290 1183 3356 post
1215 3284 1383 3339 missi
1416 3284 1488 3339 ab
1513 3286 1778 3355 Augusta
1808 3283 1911 3339 Ba-

256 3377 426 3432 silius
460 3375 741 3447 patricius
770 3373 1026 3428 canicleo
1076 3373 1385 3444 praefectus
1426 3376 1482 3425 et
1521 3371 1752 3426 Nicetas
1784 3368 1911 3424 Ela-

258 3465 427 3520 dicus
454 3480 582 3520 eam
615 3478 759 3518 auro
792 3478 857 3516 ac
888 3461 1139 3532 pecunia
1169 3466 1609 3530 recuperarunt.

2098 1866 2361 1932 ’Άγοντος
2394 1856 2450 1913 δὶ
2482 1860 2571 1913 καὶ
2614 1858 2868 1936 φέροντος
2909 1863 3006 1914 τοῦ
3058 1862 3284 1933 Συμεὼν
3332 1861 3399 1915 τὰ
3446 1865 3678 1937 Θρᾳκῷα

2033 1948 2195 2021 μέρη,
2228 1946 2449 2016 καὶτῆς
2480 1948 2793 2023 Αὐγούστης
2842 1948 3237 2024 φροντίζούσης
3290 1950 3425 2021 μετά
3470 1954 3579 2003 τῶν
3627 1949 3677 2004 ἐν

2028 2035 2171 2089 τέλει
2223 2035 2369 2097 ὅπως
2402 2036 2564 2090 αὐτοῦ
2604 2036 2851 2091 παύσωσι
2900 2039 2997 2099 τὰς
3045 2034 3368 2113 ἐπιδρομὰς,
3424 2039 3679 2109 Ἰωάννης

2029 2125 2057 2178 ὁ
2108 2131 2277 2199 Βογᾶς
2334 2126 2601 2199 ὑπέσχετο
2647 2126 2932 2199 πατρίκιος
2977 2126 3230 2198 τιμηθεὶς
3290 2130 3401 2199 (54)
3453 2129 3673 2203 ἀγαγεῖν

2026 2214 2142 2265 κατ’
2188 2213 2354 2267 αὐτοῦ
2399 2214 2763 2281 Πατζινάκους
2793 2257 2805 2281 ,
2856 2215 2942 2268 καὶ
3002 2216 3185 2289 τυχὼν
3236 2221 3336 2283 τῆς
3380 2214 3673 2285 αῗτήσεως,

2028 2298 2176 2375 δῶρα
2226 2298 2409 2355 λαϐὼν
2464 2299 2675 2356 ἄπεισιν
2722 2302 2796 2365 εἰς
2847 2304 3224 2371 ΙΙατζινακίαν.
3290 2304 3391 2359 Καὶ
3450 2304 3677 2358 σπεισά-

2030 2411 2189 2463 μενος
2218 2390 2306 2443 xui
2339 2392 2585 2466 ὁμήρους
2638 2389 2884 2469 εἰληφὼς
2929 2392 3195 2446 ἐπάνεισιν
3249 2391 3301 2446 ἐν
3359 2396 3428 2466 τῇ
3486 2390 3675 2461 πόλει,

2026 2479 2358 2550 συνθεμένων
2399 2483 2506 2533 τῶν
2561 2480 2907 2548 Πατζινάκων
2955 2481 3045 2535 τὸν
3104 2483 3314 2555 Ἵστρον
3367 2481 3677 2556 περαιώσα-

2026 2569 2146 2621 σθαι
2176 2568 2267 2622 καὶ
2301 2570 2637 2644 Βουλγάροις
2691 2567 2981 2641 πολεμεῖν.
3044 2569 3409 2642 Ηῦτομόλησε
3440 2568 3497 2625 δὲ
3552 2570 3679 2625 τότε

2022 2656 2110 2710 καὶ
2167 2658 2411 2727 Ἀσώτης
2444 2657 2579 2731 ἀνὴρ
2614 2658 2936 2729 ὀνομαστὸς,
2971 2658 3085 2720 υἱὸς
3138 2657 3210 2712 ὢν
3239 2663 3336 2713 τοῦ
3394 2660 3673 2734 ἄρχοντος

2020 2750 2128 2799 τῶν
2191 2746 2495 2821 ἀρχόντων.
2553 2744 2804 2821 Ἐλέγετο
2856 2743 2913 2800 δὲ
2971 2747 3129 2808 οὗτος
3188 2742 3381 2822 ῥάϐδον
3444 2747 3673 2823 σιδηρᾶν

2024 2836 2356 2911 ἀμφοτέραις
2430 2834 2586 2909 χερσὶ
2655 2838 2764 2889 τῶν
2824 2836 3001 2910 ἅκρῶν
3056 2831 3349 2908 λαμϐάνων
3408 2836 3673 2913 περικλᾷν

2020 2925 2088 2995 τῇ
2145 2927 2253 2976 τῶν
2311 2928 2513 2997 χειρῶν
2552 2924 2643 2997 βίᾳ
2670 2925 2760 2977 καὶ
2799 2925 3084 2995 κάμπτειν,
3118 2931 3219 2992 τῆς
3254 2924 3545 2979 ἀντιτύπου
3577 2930 3676 2980 τοῦ

2022 3008 2249 3084 σιδήρου
2300 3011 2415 3085 βίας
2472 3010 2778 3080 ὑπεκούσης
2835 3015 2903 3085 τῇ
2954 3017 3062 3066 τῶν
3121 3014 3322 3088 χειρῶν
3377 3013 3550 3088 ἴσχύϊ·
3617 3015 3676 3068 ὅν

2023 3097 2371 3176 φιλοφρόνως
2404 3102 2439 3169 ἡ
2473 3097 2729 3153 δέσποινα
2759 3098 3019 3173 δεξαμένη
3073 3099 3255 3155 οἷὸιαδε
3312 3102 3476 3157 πάλιν
3532 3103 3677 3157 ὑπο-

2022 3195 2278 3257 νοστῆσαι
2326 3188 2612 3255 πεποίηκε.
2675 3187 3112 3262 Πολιορκοῦντος
3172 3187 3230 3244 δὲ
3283 3195 3379 3243 τοῦ
3441 3192 3674 3263 Συμεὼν

2020 3278 2119 3345 τὴν
2204 3274 2651 3351 Ἀδριανούπολιν
2703 3276 2784 3352 ἐφ’
2840 3279 3050 3353 ἡμέρας
3105 3279 3292 3340 ἱκανάς
3346 3281 3434 3333 καὶ
3498 3279 3675 3351 μηδὲν

2021 3365 2297 3436 ἀνύοντος,
2346 3366 2763 3441 Παγκρατούκας
2813 3388 2893 3427 τις
2926 3365 3080 3441 γένος
3113 3364 3185 3420 ὢν
3244 3367 3523 3441 Ἀρμένιος
3580 3368 3679 3424 xui

2022 3457 2098 3515 εἷς
2152 3453 2257 3508 τῶν
2315 3455 2599 3531 φυλάττειν
2658 3458 2996 3531 τεταγμένων
3052 3460 3151 3524 τὴν
3210 3455 3395 3521 πόλιν,
3458 3457 3676 3532 χρυσίῳ

263 3549 563 3612 δελεασθεὶς
595 3544 911 3625 προῦδωκεν
946 3545 1110 3614 αὐτὴν
1138 3551 1215 3617 τῷ
1249 3545 1490 3617 Συμεών.
1526 3547 1657 3601 Μετ’
1696 3544 1879 3619 ὀλίγον
1914 3542 1971 3598 δὲ
2001 3542 2276 3613 ἀπεστάλη
2328 3544 2475 3618 παρά
2502 3550 2602 3612 τῆς
2634 3543 2955 3620 Αὖγούστης
2989 3544 3016 3598 6
3056 3543 3337 3619 πατρίκιος
3400 3544 3681 3619 βασίλειος

262 3642 289 3695 ὁ
322 3639 408 3696 ἐπὶ
440 3643 535 3694 τοῦ
565 3636 873 3693 κανικλιίου
904 3635 993 3691 καὶ
1025 3637 1262 3705 Νικήτας
1293 3632 1606 3703 Ἐλαδικὸς,
1638 3634 1727 3689 xui
1761 3633 1976 3709 χρυσίῳ
2005 3632 2095 3687 καὶ
2128 3636 2235 3707 χρή
2250 3653 2377 3705 μασι
2410 3632 2687 3695 πλείστοις
2716 3632 2879 3687 πάλιν
2909 3632 3075 3703 αὐτὴν
3109 3634 3488 3704 ἀνεκτήσαντο.

334 3731 451 3785 Ηοο
482 3729 610 3800 ipso
632 3745 785 3783 anno
806 3727 936 3799 Tyri
961 3744 1188 3781 ameras
1212 3726 1527 3780 Damianus
1559 3724 1758 3779 hostili
1780 3742 1913 3779 cum

261 3820 449 3876 classe
476 3824 533 3873 et
564 3817 796 3889 magnis
819 3816 1001 3887 copiis
1025 3817 1082 3870 in
1109 3816 1402 3869 Romanos
1423 3815 1709 3885 impetum
1733 3814 1911 3882 dedit,

258 3909 617 3980 adortusque
668 3905 1003 3962 Strobelum
1056 3905 1268 3959 acriter
1312 3903 1701 3975 oppugnavit;
1736 3906 1790 3956 et
1823 3920 1913 3958 ce-

254 3997 441 4068 pisset
472 3997 699 4067 utique,
733 3995 846 4051 nisi
877 4012 907 4050 e
938 3994 1139 4049 morbo
1186 3993 1539 4049 decessisset
1568 3993 1704 4047 vita.
1736 3994 1915 4047 Morte

253 4088 383 4157 ejus
416 4087 637 4141 factum
662 4090 750 4140 est
771 4090 836 4139 ut
858 4084 1127 4139 Saraceni
1159 4100 1219 4137 re
1248 4082 1466 4137 infecta
1487 4082 1727 4137 domum
1760 4080 1911 4136 redi-

257 4176 540 4231 rent.Zoe
571 4191 743 4246 porro
792 4174 1161 4228 continentes
1203 4171 1497 4226 Simeonis
1550 4170 1914 4225 incursiones

256 4280 373 4318 non
407 4265 621 4331 ferens,
646 4278 898 4331 eumque
930 4260 1246 4333 reprimere
1278 4259 1542 4332 cupiens,
1566 4275 1626 4313 re
1658 4275 1787 4313 cum
1822 4274 1912 4312 se-

254 4356 397 4408 natu
434 4351 758 4407 deliberata
790 4350 998 4406 statuit
1030 4365 1229 4421 pacem
1265 4366 1397 4403 cum
1425 4347 1733 4402 Saracenis
1763 4363 1915 4401 com-

250 4458 464 4512 ponere
490 4441 930 4512 orientalesque
961 4439 1109 4495 285
1148 4438 1361 4493 deinde
1388 4454 1593 4493 omnes
1623 4436 1913 4492 exercitus

251 4530 309 4584 in
346 4530 719 4585 Occidentem
770 4533 1192 4599 transportare,
1220 4527 1429 4597 hisque
1469 4542 1604 4579 cum
1645 4525 1910 4579 occiden-

2098 3723 2291 3794 Τούτῳ
2316 3721 2394 3795 τῷ
2425 3719 2528 3778 ἔτει
2574 3728 2662 3778 καί
2695 3724 2964 3796 Δαμιανὸς
3006 3726 3033 3778 6
3080 3730 3181 3792 τῆς
3221 3723 3393 3798 Τύρου
3451 3724 3676 3799 ἀμηρᾶς

2029 3811 2161 3883 μετὰ
2192 3810 2507 3883 πολεμικῶν
2542 3813 2750 3867 πλοίων
2783 3813 2873 3867 καὶ
2908 3811 3187 3884 δυνάμεως
3226 3811 3447 3880 πολλῆς
3495 3808 3679 3867 εἰσϐο-

2026 3895 2128 3966 λήν
2162 3897 2455 3969 ἐποιήσατο
2503 3900 2638 3954 κατά
2685 3900 2989 3973 Ῥωμαίων,
3048 3902 3137 3954 καὶ
3194 3901 3292 3967 τήν
3347 3895 3674 3974 Στρόϐηλον

2023 3982 2342 4041 καταλαϐών
2395 3986 2624 4061 ένεργῶς
2665 3987 2830 4056 αὐτὴν
2873 3986 3183 4062 ἐπολιόρκει
3213 4029 3225 4042 .
3281 3988 3386 4043 Καὶ
3445 3986 3677 4063 ἐξεπόρ-

2025 4087 2185 4145 θησεν
2231 4076 2311 4146 ἂν,
2360 4075 2407 4130 εἷ’
2470 4076 2545 4147 μη
2593 4079 2825 4145 νοσήσας
2886 4072 3095 4130 ἀπεϐίω
3131 4123 3144 4148 ,
3205 4074 3294 4131 διὰ
3344 4084 3504 4146 κενῆς
3557 4084 3673 4133 τῶν

2025 4170 2355 4239 Σαρακηνῶν
2400 4165 2869 4239 ὑποστρεψάντων.
2929 4166 3014 4233 Μὴ
3077 4163 3313 4239 φέρουσα
3368 4163 3425 4220 δὲ
3475 4167 3600 4234 Ζωή
3637 4170 3673 4235 ὴ

2028 4250 2244 4328 βασιλὶς
2291 4253 2385 4314 τὰς
2435 4258 2531 4307 τοῦ
2590 4254 2814 4323 Συμεὼν
2871 4258 3117 4328 συνεχεῖς
3181 4251 3522 4327 ἐπιδρομὰς,
3579 4256 3676 4309 καὶ

2028 4341 2339 4417 βουλομένη
2372 4342 2566 4403 ταύτας
2617 4342 2903 4415 ἀνακόψαι,
2937 4340 3055 4396 δέον
3090 4341 3314 4417 ἐγνώκει
3379 4343 3511 4416 μετὰ
3566 4350 3678 4413 τῆς

2021 4431 2331 4506 συγκλήτου
2392 4433 2521 4485 εἶναι
2596 4430 2909 4495 σπείσασθαι
2979 4437 3096 4493 τοῖς
3160 4438 3524 4506 Σαρακηνοῖς,
3577 4433 3675 4487 καὶ

2023 4520 2195 4574 πάντα
2224 4521 2312 4573 τὸν
2346 4520 2396 4574 ἐν
2427 4524 2494 4593 τῇ
2526 4520 2668 4590 Ἑῲα
2713 4521 2936 4595 στρατὸν
2998 4517 3316 4593 διαπερᾶσαι
3375 4521 3509 4594 πρὸς
3570 4523 3678 4590 τὴν

249 4618 471 4675 talibus
493 4618 675 4691 copiis
696 4585 1031 4688 conjunctis
1055 4585 1357 4671 bellumin
1383 4613 1663 4685 Bulgaros
1685 4629 1863 4667 movei

2069 4610 2302 4683 ἰσπέραν,
2362 4610 2451 4663 καὶ
2500 4609 2805 4672 ἑνωθέντων
2851 4613 2957 4663 τῶν
3003 4630 3061 4663 τε
3087 4610 3235 4681 ἑῴων
3267 4610 3491 4664 καὶτῶν
3528 4606 3679 4664 δυτι-

246 4724 463 4779 eosque
487 4707 1103 4764 exscindere.Proinde
1128 4705 1186 4759 in
1211 4704 1435 4776 Syriam
1458 4702 1622 4758 missi
1646 4702 1901 4757 Joannes

248 4797 521 4853 Radenus
561 4796 844 4869 patricius
895 4799 950 4851 et
998 4794 1320 4849 Michaelus
1352 4794 1609 4847 Toxaras
1660 4796 1898 4862 pactum

2014 4702 2124 4753 κῶν
2188 4698 2602 4771 στρατευμάτων
2651 4696 2895 4770 πόλεμον
2957 4700 3320 4767 συστήσασθαι
3375 4699 3511 4752 κατὰ
3556 4704 3670 4753 τῶν

2010 4785 2358 4862 Βουλγάρων,
2390 4788 2478 4840 καὶ
2508 4785 2713 4849 τελέως
2740 4785 2991 4862 ἀφανίσαι
3025 4784 3445 4857 αὐτούς.”Εδοξε
3471 4791 3663 4855 τοῦτο,

1448 4968 1816 5024 XYLANDRI
1858 4968 1948 5023 ET
1988 4966 2205 5023 GOARI
2246 4965 2481 5021 NOT/E.

316 5140 423 5211 (52)
458 5137 663 5194 Ofﬁcia
695 5135 1138 5211 ministeriaque
1186 5130 1428 5211 publica
1471 5146 1583 5183 non
1626 5130 1895 5211 sine‘ccef

243 5201 492 5267 lastibus
542 5208 836 5280 auspiciis,
870 5212 927 5280 et
982 5201 1249 5280 Ecclesia:
1298 5203 1447 5280 votis
1496 5201 1897 5280 suscipiebant

245 5284 444 5338 Graci.
480 5273 973 5352 Unde-patricius
1006 5279 1077 5352 ab
1114 5274 1477 5347 imperatrice
1528 5273 1897 5352 renuntiatus

242 5353 618 5410 Constantius
669 5346 1000 5416 confestim,
1034 5350 1103 5403 de
1156 5346 1333 5417 more,
1387 5346 1780 5417 precationem
1824 5346 1894 5398 ad

245 5423 704 5482 consecrationis
728 5424 914 5477 instar
936 5416 1327 5489 suscepturus
1352 5417 1408 5473 in
1434 5416 1740 5471 ecclesiam
1767 5433 1893 5489 per-

242 5502 347 5571 git.
382 5499 687 5571 Reperitur
720 5495 775 5549 in
812 5488 1377 5571 Eucliolegi’ohrecens
1407 5506 1548 5543 cuso
1578 5489 1634 5542 in
1670 5488 1891 5559 patricii

245 5563 310 5626 ac
343 5563 701 5640 curo'palatae
723 5564 1111 5640 promotione.
1148 5563 1326 5640 G0A_a.

312 5642 423 5713 (53)
482 5627 845 5713 Repetiiiin6
912 5638 1097 5689 κοινοῦ
1157 5634 1398 5689 verbum
1459 5627 1888 5703 προχειρίζεται,

2012 5131 2216 5197 utpote
2247 5142 2359 5180 non
2393 5123 3022 5198 cxistimanspfﬁcium
3066 5124 3242 5198 unius
3272 5122 3671 5198 ié'tmpEtfiPXOU

2012 5194 2241 5252 duobus
2300 5198 2683 5251 commissum
2737 5194 2937 5263 fuisse,
2968 5196 3121 5264 quod
3166 5197 3343 5251 verba
3390 5194 3673 5268 ambigue

2009 5269 2201 5342 posita
2229 5285 2341 5342 prae
2377 5285 2447 5342 se
2470 5270 2615 5342 ferre
2640 5268 2929 5342 videntur.
2964 5268 3108 5342 Χξι.

2079 5342 2187 5409 (54)
2215 5341 2379 5395 Forte
2404 5341 2484 5394 sic
2506 5340 2613 5393 fuit
2636 5338 3002 5404 vertendum,
3028 5339 3199 5408 Bngas
3228 5340 3499 5407 patricius
3528 5354 3633 5407 pro
3652 5370 3665 5379 -

2004 5414 2198 5476 mittit,
2231 5418 2363 5475 etc.,
2398 5416 2461 5463 ut
2492 5428 2603 5464 non
2637 5410 2744 5464 hoc
2790 5426 2978 5479 operae
3014 5410 3316 5480 praemium
3372 5409 3663 5478 retulerit,

2005 5484 2246 5553 sedjam
2274 5488 2405 5553 ante
2430 5482 2711 5552 patricius
2736 5482 2790 5533 in
2817 5498 2879 5535 se
2905 5481 3187 5553 receperit
3211 5497 3364 5553 rem;
3391 5486 3477 5534 est
3499 5481 3662 5537 enim

2003 5555 2319 5623 ambiguus
2350 5552 2533 5608 locus.
2558 5554 2697 5616 Quis
2730 5556 2925 5607 autem
2961 5552 3037 5605 sit
3063 5552 3161 5606 ille
3194 5552 3465 5623 princeps
3497 5553 3662 5622 prin-

2001 5621 2221 5699 cipum,
2256 5621 2439 5699 ἅρχων
2481 5624 2789 5702 ἀρχόντων,
2825 5623 3087 5680 nondum
3120 5621 3317 5679 didici.
3353 5622 3486 5678 Χγι..
