3922 6132
260 322 321 379 1⁸1·
1341 316 1892 380 HISTORIARUM
1933 316 2485 381 COMPENDIUM.
3542 318 3619 377 l8

252 450 322 504 καὶ
348 446 583 525 πεμφθείς
613 447 689 508 είς
726 447 927 522 Συρίαν
965 448 1216 519 Ἰωάννης
1245 450 1530 524 πατρίκιος
1582 450 1610 503 6
1658 445 1843 517 Ῥαδη-

2005 466 2097 504 um
2133 450 2440 505 Saracenis
2484 450 2729 506 icerunt.
2753 451 3016 521 Augusta
3046 450 3467 505 Saracenorum
3492 451 3619 520 jam

250 539 351 599 κνὸς
377 538 455 592 καὶ
483 537 705 611 Μιχαὴλ
727 538 757 591 6
788 538 1030 609 Τοξαρᾶς
1082 536 1391 592 ἐσπείσαντο
1440 542 1556 599 τοῖς
1611 544 1856 612 Σαρακη-

250 634 360 688 νοῖς.
388 628 479 683 Καὶ
511 623 572 694 δὴ
603 633 702 695 τῆς
734 626 827 680 ἀπ’
860 626 1036 682 αὐτῶν
1072 626 1447 701 ἀπαλλαγεῖσα
1500 624 1785 702 φροντίδος
1819 629 1853 695 ἡ

252 715 453 791 βασιλὶς,
479 716 572 783 τήν
605 717 810 785 συνήθη
861 712 1130 787 διανομὴν
1188 723 1289 783 τῆς
1346 716 1506 792 ῥόγας
1556 715 1857 770 κελεύσασα

247 805 449 878 γενέσθαι
513 808 617 857 τῶν
692 806 1136 877 στρατευμάτων,
1215 805 1399 859 Λὲοντί
1454 826 1510 859 τε
1573 805 1855 879 μαγίστρῳ

246 897 310 965 τῷ
337 896 482 962 Φωκᾷ
507 896 676 947 ταῦτα
727 890 1068 965 παραδοῦσα,
1119 890 1423 965 δομεστίκῳ
1468 897 1568 947 τῶν
1630 891 1851 967 σχολῶν

244 980 547 1057 τυγχάνοντι,
632 982 837 1055 ἀπαραι
906 984 1042 1036 κατά
1134 980 1464 1057 Βουλγάρων
1542 982 1852 1055 ὶπὲτρεψεν,

243 1069 623 1145 Ἀθροισθὲντων
700 1067 760 1125 δὲ
822 1072 1034 1125 πάντων
1100 1076 1209 1125 τῶν
1285 1071 1530 1142 θεμάτων
1599 1070 1690 1125 καὶ
1748 1075 1854 1125 τῶν

240 1159 484 1232 ταγμάτων
559 1159 700 1212 κατὰ
772 1168 871 1228 τήν
947 1153 1197 1213 Διάϐασιν
1256 1157 1462 1231 (πεδίον
1527 1157 1581 1212 δὲ
1640 1161 1673 1227 ἡ
1735 1160 1855 1212 Διά-

241 1242 367 1308 εισις
453 1248 585 1321 μέγα
661 1248 751 1302 καὶ
823 1249 962 1323 πρὸς
1042 1245 1323 1322 ὑποδοχὴν
1412 1252 1648 1325 στρατοῦ
1734 1248 1851 1301 ἐπι-

236 1332 475 1408 τήδειον),
545 1334 876 1399 ἀποπαλεῖς
955 1338 982 1391 ὁ
1058 1342 1431 1411 πρωοπαπᾶς
1509 1342 1604 1390 τοῦ
1674 1336 1848 1391 παλα-

236 1425 455 1495 τίου(55)
520 1428 659 1496 μετᾶ
709 1430 817 1479 τῶν
876 1425 1072 1497 τιμίων
1134 1425 1307 1495 ξύλων
1371 1428 1453 1497 [Ρ.
1487 1428 1850 1499 613]παρεσ-

236 1514 392 1568 uias:
456 1516 937 1588 προσκυνήσαντας
1007 1514 1205 1573 πάντας
1282 1513 1648 1585 ἐπομόσασθαι
1722 1534 1847 1567 κυν-

236 1604 551 1672 αποθνησκειν
604 1601 903 1672 ἀλλήλοις.
967 1601 1062 1656 Καὶ
1120 1606 1220 1657 τοῦ
1282 1598 1445 1677 ὅρκου
1504 1600 1846 1663 τελεσθέντος

234 1692 487 1763 sava-spari
538 1691 678 1745 κατὰ
739 1691 1062 1766 Βουλγάρων
1120 1692 1462 1766 ἐξώρμησαν.
1524 1696 1727 1766 Ἣρχον
1791 1689 1848 1745 δὲ

1967 555 2173 594 secura
2205 539 2494 595 militibus
2528 556 2698 610 rogas
2720 540 2827 607 (sic
2855 546 3098 594 vocatur
3128 538 3391 610 pecunia:
3420 538 3622 593 distri-

1968 628 2152 694 butio)
2203 629 2349 696 dari,
2403 629 2775 698 Leonemque
2835 628 3084 682 Phocam
3144 627 3493 697 magistrum
3553 642 3620 680 ac

1966 716 2301 771 scholarum
2321 718 2708 773 domesticum
2730 717 3017 772 exercitus
3035 716 3090 770 in
3108 715 3393 787 Bulgaros
3410 716 3621 770 ducere

1957 807 2147 875 jubet.
2171 807 2457 862 Omnibus
2488 808 2546 860 in
2583 823 2765 860 unum
2816 806 3122 860 conductis
3172 805 3524 861 exercitibus
3554 821 3620 859 ac

1966 896 2306 951 cohortibus
2337 897 2409 951 ad
2442 896 2719 951 Diabasin
2747 895 2932 968 (locus
2966 895 3023 949 id
3055 911 3267 950 nomen
3301 912 3334 949 a
3363 893 3619 949 transitu

1964 983 2160 1054 habet,
2196 990 2404 1056 estque
2436 985 2710 1057 planities
2744 984 2939 1056 ampla
2992 987 3050 1039 et
3096 982 3426 1055 recipiendo
3458 999 3621 1039 exer-

1963 1073 2105 1127 citui
2154 1074 2476 1143 sufﬁciens)
2527 1074 2728 1146 palatii
2777 1074 3099 1145 primarius
3146 1073 3421 1127 sacerdos
3475 1071 3620 1144 (ipsi

1964 1167 2347 1234 protopapam
2379 1170 2606 1233 vocant)
2640 1164 2858 1218 missus
2890 1179 3023 1217 cum
3055 1162 3405 1217 venerandis
3442 1161 3620 1232 lignis

1962 1267 2168 1306 omnes
2213 1252 2270 1305 in
2313 1269 2506 1324 genua
2553 1252 2935 1323 procumbere
2972 1250 3175 1321 jussit,
3209 1255 3267 1306 et
3308 1251 3509 1319 jurare
3558 1266 3621 1305 se

1964 1355 2151 1411 usque
2182 1341 2252 1395 ad
2290 1346 2538 1396 mortem
2571 1358 2686 1395 una
2716 1344 3210 1412 perseveraturos.
3238 1339 3397 1395 Dicto
3419 1355 3617 1395 sacra-

1962 1433 2158 1482 mento
2191 1429 2248 1483 in
2282 1429 2563 1500 Bulgaros
2594 1429 2881 1484 exercitus
2913 1446 3115 1483 omnes
3147 1433 3475 1483 moverunt.
3509 1428 3614 1483 Co-

1961 1517 2186 1572 hortem
2222 1519 2629 1573 excubitorum
2657 1519 2910 1574 ducebat
2942 1519 3200 1573 Joannes
3222 1517 3508 1589 Grapson,
3533 1519 3620 1571 vir

1960 1606 2275 1661 bellicosus
2300 1608 2674 1679 probataque
2691 1607 2894 1663 multis
2913 1606 3132 1678 proeliis
3155 1605 3622 1674 virtutis,cohor-

1958 1700 2075 1751 tem
2101 1695 2517 1751 Hicanatorum
2541 1697 2759 1751 dictam
2785 1696 3067 1752 Olbianus
3089 1694 3336 1761 Merula,
3362 1696 3450 1750 vir
3471 1695 3621 1749 insi-

230 1784 305 1833 τοῦ
356 1780 439 1850 μὲν
496 1781 783 1851 τάγματος
840 1775 1163 1850 ἐξκουϐίτων
1220 1781 1536 1849 Ἰωάννηςὸ
1594 1780 1842 1853 Γράψων,

241 1871 250 1882 .
292 1871 302 1882 .
460 1870 476 1882 ς
637 1870 649 1882 .
823 1869 835 1882 .
976 1868 1031 1882 ,ς
1066 1869 1075 1882 ,
1228 1869 1242 1882 .
1400 1870 1408 1882 ,
1588 1870 1600 1882 η
1645 1866 1668 1882 κ

2005 1784 2091 1839 nis
2116 1803 2127 1839 :
2154 1786 2450 1839 Romanus
2475 1789 2531 1839 et
2557 1786 2669 1840 Leo
2692 1786 2897 1856 Argyri
2931 1784 3037 1839 ﬁlii
3060 1801 3126 1840 ac
3152 1785 3369 1838 Bardas
3392 1784 3617 1839 Phocas

234 1871 339 1943 ἀνὴρ
387 1870 690 1941 πολεμικὸς
750 1869 839 1923 καὶ
898 1868 1169 1931 πολλάκις
1225 1869 1277 1923 ἓν
1343 1870 1544 1944 μάχαις
1578 1866 1842 1945 ἀνδραγα·

231 1959 384 2027 Θήσας,
412 1959 506 2011 τοῦ
537 1956 597 2012 δὲ
629 1959 887 2012 ἱκανάτου
1105 1952 1390 2019 Ὀλϐιανὸς
1437 1960 1463 2012 ὁ
1518 1957 1838 2030 Μαρούλης,

973 2047 1069 2101 Καὶ
1154 2046 1435 2120 Ῥωμανὸς
1517 2046 1607 2101 καὶ
1690 2046 1841 2103 Αὲων

230 2136 267 2187 οἱ
292 2133 371 2188 τιῑῦ
401 2137 667 2211 Ἀργυροῦ
698 2135 906 2205 παῖδες,
937 2136 1025 2190 καὶ
1058 2134 1263 2209 Βάρδας
1313 2138 1340 2190 6
1382 2142 1577 2198 Φωκᾶς
1640 2137 1836 2210 ἑτέρων

228 2226 468 2297 ταγμάτων
504 2225 771 2300 ἐξῆρχοψ
808 2232 952 2294 Συνῆ
988 2224 1045 2280 δὲ
1072 2226 1288 2287 τούτοις
1315 2224 1407 2280 καὶ
1437 2224 1638 2287 Μελίας
1671 2226 1698 2279 6
1735 2226 1838 2297 μά-

225 2333 405 2385 γιστρος
436 2316 569 2385 μετὰ
597 2335 709 2367 των
744 2313 1047 2388 Ἀρμενίων
1080 2316 1169 2368 καὶ
1202 2312 1364 2369 ἄλλοι
1397 2312 1645 2368 πλεῖστοι
1679 2334 1836 2387 στρα-

223 2402 348 2474 τηγοί
397 2407 499 2455 τῶν
556 2402 826 2475 θεμάτων.
890 2403 1190 2475 Ηαρείπετο
1221 2401 1278 2457 δὲ
1306 2404 1395 2458 καὶ
1431 2409 1840 2464 Κωνσταντῖνος

224 2490 463 2561 πατρίκιος
494 2494 523 2546 ὁ
556 2492 668 2564 Λὶψ
700 2493 773 2553 ὡς
802 2493 947 2566 τάχα
998 2488 1312 2565 σύμϐουλος
1344 2493 1575 2553 Λὲοντος
1607 2496 1701 2545 τοῦ
1750 2489 1838 2545 δο-

229 2579 441 2649 μεστίκου
470 2585 578 2635 τῶν
616 2579 866 2655 σχολῶν.
922 2582 1066 2635 Κατὰ
1123 2579 1181 2635 δὶ
1227 2583 1328 2649 τὴν
1385 2582 1427 2644 ς’
1479 2585 1577 2635 τοῦ
1626 2580 1839 2654 Αὐγού-

231 2046 337 2119 ἆνήρ
404 2043 581 2101 δεδοκι
592 2047 803 2120 μασμέν
812 2068 891 2108 ος.

227 2687 324 2721 στου
355 2669 541 2740 μηνὸς,
575 2676 678 2737 τῆς
711 2670 965 2742 πέμπτης
1026 2667 1387 2739 ίνδικτιῶνος,
1423 2672 1676 2742 ποΛὲμου
1712 2669 1838 2745 συρ-

229 2754 438 2829 ραγέντος
508 2759 808 2830 Ῥωμαίοις
886 2779 944 2812 τε
1012 2760 1099 2813 καὶ
1172 2758 1513 2833 Βουλγάροις
1572 2759 1709 2833 πρὸς
1760 2762 1841 2830 τῷ

230 2844 460 2920 Ἀχελῴῳ
511 2847 782 2923 φρουρίῳ,
832 2849 1119 2922 τρέπονται
1162 2848 1299 2902 κατὰ
1344 2848 1541 2923 κράτος
1592 2849 1642 2902 οἱ
1676 2847 1842 2903 Βούλ-

230 2954 376 3003 71901,
404 2936 492 2989 καὶ
544 2936 711 3012 φόνος
762 2934 936 2989 αὐτῶν
991 2935 1203 3009 ἐγένετο
1260 2936 1453 2999 πολύς.
1513 2936 1721 3011 Ἱδρῶτι
1784 2934 1841 2990 δὲ

232 3027 307 3075 τοῦ
333 3021 654 3094 δομεστίκου
695 3024 1139 3100 περιρῥανθὶντος
1196 3024 1393 3097 πολλῷ
1441 3024 1529 3079 καί
1586 3024 1839 3080 λειποθυ-

236 3114 470 3181 pinno;
517 3113 615 3167 καί
654 3118 757 3167 τοῦ
800 3111 975 3167 έίππου
1024 3109 1327 3169 ἀποϐάντος
1378 3114 1464 3168 ἐπί
1520 3136 1627 3168 τινι
1686 3117 1837 3189 πηγῇ

1957 1872 2089 1927 aliis
2112 1878 2399 1943 prmerant
2428 1873 2791 1929 cohortibus.
2818 1874 3035 1928 Aderat
3063 1873 3137 1928 iis
3169 1878 3225 1928 et
3255 1873 3455 1927 Melies
3488 1889 3614 1927 ma-

1952 1962 2135 2032 gister
2151 1979 2284 2017 cum
2306 1964 2620 2030 Armeniis,
2646 1962 3002 2033 plurimique
3027 1962 3123 2016 alii
3157 1960 3601 2034 provincialium

1951 2050 2150 2105 duces.
2176 2051 2582 2106 Comitabatur
2622 2052 2797 2107 etiam
2842 2050 3259 2106 Constantinus
3297 2050 3604 2106 Africanus

1950 2139 2447 2210 patricius,veluti
2471 2139 2844 2195 consiliarius
2869 2139 3077 2197 Leonis
3100 2139 3405 2195 domestici
3432 2139 3604 2195 scho-

1948 2226 2163 2283 larum.
2189 2229 2359 2283 Sexto
2390 2229 2638 2299 Augusti
2670 2229 2764 2284 die
2797 2229 2949 2285 286
2985 2245 3177 2300 pugna
3208 2230 3362 2284 inter
3393 2230 3605 2284 Roma-

1951 2334 2057 2372 nos
2089 2322 2147 2372 et
2176 2317 2460 2389 Bulgaros
2492 2317 2811 2373 commissa
2840 2322 2927 2373 est
2972 2319 3044 2373 ad
3086 2318 3390 2373 castellum
3416 2316 3606 2372 Ache-

1950 2404 2133 2475 loum,
2196 2407 2471 2477 pulsique
2530 2412 2587 2462 et
2646 2424 2863 2477 magna
2920 2408 3074 2462 caede
3133 2406 3411 2479 prostrati
3469 2410 3609 2461 sunt

1952 2496 2208 2567 Bulgari.
2246 2497 2327 2549 lbi
2374 2512 2508 2550 cum
2541 2496 2903 2551 domesticus
2953 2496 3207 2567 plurimo
3239 2497 3453 2551 sudore
3483 2513 3607 2549 ma-

1952 2586 2098 2640 dens
2130 2585 2447 2655 animoque
2496 2586 2773 2640 deﬁciens
2805 2586 2877 2640 ad
2912 2586 3227 2657 quemdam
3274 2586 3495 2640 fontem
3541 2600 3610 2639 ex

1950 2689 2100 2745 equo
2133 2674 2556 2744 descendisset,
2582 2680 2646 2728 ut
2678 2675 2951 2729 sudorem
2982 2673 3203 2729 clueret
3233 2690 3299 2729 ac
3330 2689 3392 2728 se
3422 2689 3610 2728 recre-

1952 2767 2096 2830 aret,
2131 2779 2319 2833 equus
2350 2764 2497 2818 forte
2548 2764 2799 2833 abrupto
2845 2761 3076 2817 vinculo
3128 2778 3191 2818 se
3240 2761 3508 2833 proripit,
3543 2778 3610 2815 ac

1953 2852 2199 2907 sessoris
2230 2868 2445 2906 vacuus
2493 2868 2596 2923 per
2645 2852 2964 2907 exercitum
3005 2852 3299 2906 discurrit.
3327 2852 3510 2915 Quem
3546 2854 3610 2904 ut

1953 2956 2237 3010 agnovere
2302 2940 2542 3006 milites,
2602 2940 2949 2995 occubuisse
3016 2939 3403 2995 domesticum
3472 2938 3607 3003 rati,

1953 3035 2111 3085 metu
2144 3028 2360 3084 animis
2390 3028 2803 3094 consternatis,
2837 3028 2909 3083 ab
2954 3028 3315 3083 insecutione
3346 3026 3605 3081 hostium

1952 3118 2339 3173 destiterunt:
2388 3117 2629 3187 quidam
2661 3117 2837 3171 etiam
2873 3122 3025 3172 retro
3074 3132 3203 3172 sese
3251 3118 3606 3171 averterunt.

225 3202 292 3253 καὶ
327 3202 408 3255 τὸν
438 3200 648 3276 ἱδρῶτα
697 3201 1109 3257 ἀποπλύνοντος
1142 3204 1228 3257 καὶ
1282 3204 1468 3258 ἑαυτὸν
1519 3203 1836 3277 ἀποψύχον-

2006 3207 2114 3261 uod
2139 3223 2207 3260 ex
2228 3205 2464 3261 sublimi
2488 3222 2733 3261 cernens
2756 3206 2991 3281 Simeon
3012 3207 3223 3277 (neque
3246 3204 3403 3259 enim
3425 3205 3608 3259 eﬂ'use

227 3308 314 3358 τος,
352 3291 435 3344 τὸν
496 3289 697 3363 δεσμὸν
759 3290 1073 3366 ἀπορρήξας
1126 3293 1154 3345 6
1206 3290 1375 3353 ἵππος
1433 3292 1676 3367 τυχαίως
1732 3288 1838 3345 ἔθει

228 3374 294 3430 διὰ
317 3383 401 3432 τοῦ
428 3377 797 3455 στρατοπέδου
838 3380 990 3441 κενὸς
1040 3376 1316 3435 ἐπιϐάτου·
1374 3383 1429 3435 ὅν
1466 3383 1516 3435 οἱ
1572 3386 1836 3456 στρατιῶ-

224 3487 289 3520 ται
340 3469 603 3542 θεώμενοι
658 3470 935 3544 γνώριμον
995 3466 1159 3537 ὄντα,
1220 3470 1308 3524 καὶ
1365 3469 1457 3525 τὸν
1516 3468 1836 3543 δομὲστικον

227 3562 371 3610 πεσεῖν
431 3559 893 3630 ὑποτοπάσαντες,
945 3558 1019 3619 εἰς
1072 3554 1238 3633 φόϐον
1286 3557 1531 3613 ἐνέπεσον
1578 3558 1667 3613 καί
1716 3580 1837 3614 κατ-

226 3638 497 3715 εϐλιήθησαν
556 3647 655 3709 τὰς
732 3647 911 3721 ψυχὰς
974 3647 1064 3701 καὶ
1133 3653 1234 3715 τῆς
1298 3645 1533 3717 διώξεως
1590 3643 1837 3722 ἔστησαν,

225 3729 329 3785 ἔνιοι
385 3732 438 3788 δὲ
484 3738 571 3788 καὶ
626 3734 989 3809 παλίντροποι
1030 3734 1336 3810 γεγόνασιν.
1399 3737 1484 3806 Ἐξ
1520 3734 1837 3811 ὑπερδεξίων

226 3816 268 3874 δὲ
305 3826 459 3877 ταῦτα
510 3822 783 3895 θεώμενος
830 3825 858 3876 ὁ
911 3824 1137 3896 Συμεὼν
1190 3823 1272 3894 (οὐ
1319 3824 1421 3900 γὰρ
1453 3820 1640 3900 ἔτυχεν
1688 3827 1837 3880 ἀσύν-

225 3927 390 3964 τακτον
417 3913 516 3980 τὴν
551 3913 725 3988 φυγὴν
758 3912 1154 3985 ποιησάμενος)
1211 3912 1457 3990 ἐπαφῆκε
1485 3914 1611 3978 τοὺς
1660 3913 1833 3969 Βουλ-

224 4000 392 4071 γάρους
417 3999 891 4072 ητὰῬωμαίων.
944 4002 1004 4054 Οἱ
1046 3997 1103 4055 δὲ
1162 4002 1251 4055 καὶ
1306 4002 1590 4078 πρότερον,
1648 4004 1719 4065 ὡς
1774 4001 1839 4057 εἷ’-

223 4106 388 4158 πομεν,
438 4091 533 4152 τὰς
577 4090 801 4165 γνώμας
867 4088 1183 4153 θλασθὲντες
1245 4092 1333 4145 καὶ
1392 4091 1708 4160 τεθηπότες,
1768 4094 1841 4154 ὡς

221 4176 293 4227 καὶ
329 4175 589 4250 αἰφνίδιον
645 4177 894 4241 ἐπιόντας
944 4177 1227 4242 ἐθεάσαντο
1285 4178 1411 4242 τοὺς
1469 4180 1838 4254 Βουλγάρους,

219 4266 472 4336 τρέπονται
531 4266 872 4343 πανστρατὶ,
937 4267 1026 4321 καὶ
1103 4266 1296 4343 γὲγονε
1363 4270 1507 4346 φυγὴ
1569 4268 1841 4346 φρικωδε-

223 4355 521 4423 «iubeam
585 4357 678 4429 μὶν
740 4355 828 4410 ὐπ’
887 4354 1153 4426 ἀλλήλων
1212 4359 1705 4430 συμπατουμένων,
1730 4364 1839 4413 τῶν

225 4436 269 4494 δὲ
297 4443 390 4496 ὑπὸ
418 4449 522 4498 τῶν
564 4444 816 4499 ἐναντίων
871 4444 1293 4520 ἀναιρουμένων,
1346 4448 1491 4501 Λέων
1548 4446 1604 4501 δὲ
1661 4448 1687 4500 6
1750 4446 1839 4501 δο-

1949 3302 2005 3350 et
2024 3295 2328 3350 ordinibus
2346 3294 2653 3363 dissipatis
2674 3294 2870 3363 fugam
2891 3293 3313 3364 faciebat)suos
3330 3292 3608 3347 Romanis

1949 3384 2221 3439 immisit.
2250 3382 2495 3438 Romani
2535 3384 2659 3452 jam
2713 3386 2845 3437 ante
2878 3382 3107 3437 animos
3138 3380 3348 3451 dejecti
3400 3384 3455 3435 et
3503 3397 3607 3450 pa-

1951 3479 2170 3542 ventes,
2188 3473 2417 3528 hostem
2442 3471 2638 3527 subito
2674 3472 2893 3526 irruere
2915 3471 3201 3537 videntes,
3220 3469 3417 3525 statim
3443 3473 3611 3539 terga

1949 3557 2258 3618 dederunt.
2288 3568 2449 3632 Fuga
2479 3578 2547 3616 ea
2580 3559 3084 3631 periculosissima
3132 3559 3265 3629 fuit,
3300 3559 3432 3614 aliis
3482 3574 3609 3613 sese

1949 3652 2197 3706 invicem
2240 3650 2745 3717 conculcantibus,
2779 3649 2912 3705 aliis
2955 3650 3027 3704 ab
3080 3649 3242 3703 hoste
3272 3648 3460 3704 caesis.
3495 3648 3607 3702 Leo

1950 3740 2311 3796 domesticus
2346 3740 2482 3809 fuga
2511 3739 2572 3793 in
2594 3739 2944 3794 Mesembria
2967 3738 3169 3793 evasit.
3192 3741 3321 3792 Non
3348 3735 3607 3791 multitu-

1952 3830 2024 3885 do
2056 3834 2286 3885 tantum
2320 3827 2590 3883 militaris
2615 3832 2757 3883 tunc
2790 3827 2985 3899 periit,
3014 3827 3116 3882 sed
3147 3830 3204 3882 et
3228 3828 3407 3882 duces
3439 3825 3609 3879 innu-

1953 3919 2098 3974 meri
2144 3924 2321 3988 atque
2369 3918 2642 3973 ordinum
2676 3919 2969 3973 ductores.
3005 3916 3243 3971 Occisus
3294 3919 3383 3970 est
3428 3914 3607 3969 etiam

1949 4008 2369 4063 Constantinus
2402 4006 2654 4072 Africus,
2680 4012 2736 4061 et
2779 4005 3179 4061 excubitorum
3206 4005 3326 4059 dux
3353 4002 3608 4058 Joannes
3634 4022 3635 4025 η

1949 4100 2234 4167 Grapson.
2259 4096 2480 4150 Missus
2518 4097 2704 4150 fuerat
2726 4094 3025 4149 Romanus
3057 4094 3398 4164 Lacapenus
3429 4092 3609 4162 patri-

1951 4184 2076 4240 cius
2110 4183 2192 4239 rei
2226 4184 2448 4239 navalis
2472 4184 2854 4255 drungarius,
2880 4199 3011 4239 cum
3035 4187 3154 4238 tota
3175 4182 3382 4247 classe,
3400 4182 3612 4251 jussus

1949 4274 2117 4329 littus
2140 4273 2329 4345 legere
2345 4278 2401 4328 et
2426 4273 2644 4329 auxilio
2668 4289 2798 4328 esse
2822 4273 2997 4328 Leoni
3019 4276 3076 4328 et
3100 4289 3133 4327 a
3150 4273 3305 4344 Boga
3327 4270 3609 4325 adductos

1952 4364 2021 4418 ad
2052 4379 2221 4434 opem
2256 4362 2537 4417 Romanis
2587 4362 2887 4417 ferendam
2928 4362 3268 4417 Patzinacas
3300 4359 3447 4416 287
3487 4363 3610 4413 tra-

1943 4452 2146 4522 jicere.
2174 4451 2233 4504 Ei
2268 4467 2401 4505 cum
2438 4452 2593 4523 Boga
2621 4450 2827 4505 incidit
2857 4449 3180 4517 contentio;
3214 4465 3389 4518 quam
3416 4448 3607 4503 anim-

231 4528 445 4597 μέστικος
490 4531 541 4588 ἐν
596 4528 933 4608 Μεσημϐρίᾳ
982 4530 1214 4604 διεσώθη
1268 4536 1473 4610 φυγών.
1533 4542 1726 4591 Ἐπεσε
1784 4535 1840 4591 δὲ

2005 4541 2317 4595 lvertentes
2349 4539 2664 4595 Patzinacaa
2697 4540 2939 4594 domum
2992 4538 3315 4604 redierunt,
3348 4536 3419 4592 ad
3469 4536 3606 4590 irri-

228 4620 333 4684 λαὸς
361 4621 417 4676 οὐ
468 4626 577 4677 τῶν
635 4628 831 4679 κοινῶν
890 4627 1256 4695 στρατιωτῶν,
1308 4622 1453 4679 ἀλλὰ
1503 4627 1594 4680 καὶ
1654 4647 1843 4689 στρατ-

2005 4644 2205 4700 imque
2230 4645 2431 4683 eorum
2466 4628 2799 4684 reciderunt
2829 4628 3129 4699 suppetia.

228 4710 333 4793 ηγοί
387 4710 471 4765 καὶ
526 4712 911 4788 ταγματάρχαι
971 4714 1207 4788 ἀριθμοῦ
1278 4713 1575 4789 κρείττους.
1648 4716 1887 4793 Ἐσφάγη
1950 4716 2007 4770 δὶ
2064 4715 2153 4769 καὶ
2212 4721 2613 4777 Κωνσταντῖνος
2673 4716 2700 4770 ὁ
2753 4716 2865 4789 Λὶψ
2929 4716 3018 4769 καὶ
3055 4715 3219 4770 ὁτῶν
3282 4706 3606 4785 ἐξκουϐίτων

229 4788 426 4873 ἔξαρχος
509 4802 764 4871 Ἰωάννης
842 4804 1140 4877 μάγιπρος
1217 4802 1244 4855 ὁ
1317 4788 1566 4877 Γράψων.
1645 4788 1764 4858 Ἦν·
1817 4788 1874 4859 δὲ
1945 4801 2279 4866 ἀποσταλεὶς
2362 4805 2389 4858 ὁ
2466 4804 2752 4878 πατρίκιος
2829 4788 3106 4876 Ῥωμανὸς
3178 4803 3205 4856 6
3284 4801 3613 4871 Λακαπηνὸς

236 4879 557 4962 δρουγγάριος
613 4895 909 4960 τηνικαῦτα
958 4895 1066 4945 τῶν
1120 4888 1391 4964 πλωΐμῶν
1454 4888 1548 4960 ὢν,
1612 4893 1748 4965 μετά
1803 4893 2003 4956 παντὸς
2061 4898 2157 4947 τοῦ
2215 4892 2415 4949 στόλου
2492 4890 2797 4969 παραπλεῖν
2854 4896 2970 4954 τοῖς
3043 4888 3315 4966 αἶ’γιαλοῖς
3370 4910 3609 4966 προστα-

228 4973 355 5047 χθεὶς
408 4977 495 5030 καὶ
554 4976 629 5040 εἷς
696 4979 950 5052 βοήθειαν
1004 4980 1287 5055 τυγχάνειν
1348 4985 1427 5051 τῷ
1487 4982 1701 5052 Λέοντι,
1762 4979 2079 5057 διαπερᾶσαι
2139 4979 2196 5036 δὲ
2246 4982 2336 5037 καὶ
2392 4981 2517 5046 τοὺς
2568 4982 2715 5055 παρὰ
2770 4986 2866 5036 τοῦ
2918 4984 3063 5055 Βογᾶ
3110 4978 3373 5055 ἀχθέντας
3422 4984 3617 5048 Πατζι-

225 5062 393 5124 vim-2:
450 5064 523 5127 εἷς
578 5068 899 5142 συμμαχίαν
959 5068 1267 5140 Ῥωμαίων.
1329 5068 1611 5141 Διενὲξεως
1673 5068 1730 5125 δὲ
1785 5072 2085 5146 γενομένης
2142 5071 2303 5143 μέσον
2361 5076 2459 5127 τοῦ
2516 5072 2798 5144 Ῥωμανοῦ
2850 5070 2938 5123 καὶ
2998 5073 3094 5123 τοῦ
3149 5072 3335 5145 Βογᾶ,
3396 5065 3602 5128 ἰδόντες

234 5147 400 5235 αὐτοὺς
433 5153 483 5205 οἱ
512 5155 843 5223 Ηατζινάκαι
875 5157 1251 5224 στασιάζοντας
1280 5157 1415 5232 πρὸς
1445 5156 1732 5227 ἀλλήλους
1764 5158 2096 5235 ὑπέστρεψαν
2140 5158 2215 5220 εἷς
2262 5158 2329 5213 τὰ
2370 5156 2509 5229 ⁹ίδια,
2558 5158 2647 5213 καὶ
2696 5157 2913 5233 γέγονεν
2959 5159 2994 5226 ἡ
3046 5156 3095 5230 ἐξ
3146 5157 3323 5212 αὐτῶν
3387 5156 3614 5231 βοήθεια

236 5232 479 5311 ἄπρακτος
512 5243 599 5297 καὶ
632 5243 664 5297 ἀ
677 5243 912 5315 θόνητος.

1388 5379 1755 5437 XYLANDRI
1795 5382 1885 5439 ET
1925 5380 2141 5438 GOARI
2182 5382 2411 5437 NOT/E.

295 5488 684 5571 (§5)_Habebat
727 5495 1049 5571 imperator
1079 5493 1299 5571 clerum
1332 5498 1634 5571 proprium
1665 5499 1724 5571 in
1756 5515 1857 5571 pa-

240 5555 389 5642 l‘atio,
409 5565 467 5619 in
500 5583 612 5642 quo
638 5555 835 5642 variis.
855 5572 1024 5642 erant
1040 5555 1352 5642 ecclesiae;
1371 5555 1525 5626 ut‘S.
1552 5555 1859 5642 Stephani,

246 5628 435 5691 ducum
484 5628 831 5707 cmlestium,
864 5636 1057 5695 Eliswi
1104 5642 1159 5695 et
1199 5628 1445 5695 aliorum
1471 5665 1486 5709 ;
1515 5628 1676 5698 cleri‘
1702 5628 1863 5698 illius

1970 5499 2276 5570 praefectus
2311 5501 2435 5554 erat
2461 5498 2831 5570 πρωτοπαπᾶς
2862 5497 2958 5548 τοῦ
2988 5492 3278 5570 παλατίου.
3308 5495 3489 5570 ΘΟᾼΒ.

2040 5571 2153 5641 (56)
2184 5570 2449 5641 Agminis
2479 5565 2561 5625 ita
2580 5569 2743 5641 dicti.
2766 5573 2981 5624 Auctor
3008 5569 3193 5625 infra:
3214 5570 3318 5621 Τοῦ
3343 5565 3619 5639 τάγματος

1973 5637 2159 5715 ἅρχων
2189 5637 2295 5697 τῶν
2331 5641 2621 5697 ἱκανάτων.
2654 5640 2833 5698 GOAR.
