3966 6134
324 295 401 353 Ἦ
1463 289 2014 356 HISTORIARUM
2056 286 2602 349 COMPENDIUM.
3656 289 3735 349 32

323 420 459 479 ὅντα
490 422 686 480 δοῦλον
715 426 806 479 καὶ
836 426 904 480 τὰ
933 424 1096 479 αὐτοῦ
1127 428 1426 502 φρονοῦντα
1460 422 1550 480 διὰ
1580 424 1802 493 παντὸς,
1837 420 1943 475 ὥστ

2088 420 2166 475 ita
2216 419 2495 491 postulet,
2529 418 2895 473 defensorem
2930 432 2943 471 :
2975 432 3111 472 eum
3162 418 3377 489 quippe
3425 422 3735 488 paternum

323 520 559 569 συνεῖναι
627 514 716 568 καὶ
794 511 1171 592 διαφυλάττειν
1230 515 1411 586 αὐτὸν,
1473 517 1553 587 [Ρ.
1602 514 1729 585 615]
1785 509 1874 565 καὶ
1933 508 1977 563 εί

324 600 534 674 δεήσει,
572 605 864 679 σύμμαχον
922 598 1064 677 ἔχειν
1125 602 1212 657 καὶ
1272 603 1494 679 βοηθόν.
1543 601 1828 675 Ἐντυχίας
1886 597 1974 653 οὖν

323 697 549 767 πρῶτον
580 694 703 769 περὶ
733 694 929 747 τούτου
951 694 1249 769 γενομένης
1301 694 1328 747 ὁ
1379 693 1654 764 Ῥωμανὸς
1689 688 1974 755 ἀπείπατο,

324 783 418 835 καὶ
476 781 643 837 πάλιν
686 785 773 836 καὶ
824 781 1099 843 πολλάκις
1130 781 1521 856 πειρασθέντων
1553 786 1659 834 τῶν
1689 780 1825 855 ἀμφὶ
1884 778 1974 831 τὸν

323 868 607 944 Θεόδωρον
664 870 950 927 ἀπείπατο.
999 869 1149 927 Ἐπεὶ
1203 868 1260 924 δὲ
1316 869 1663 945 γραμμάτιον
1720 867 1975 940 αὐτόχει-

323 978 417 1033 ρον
466 959 706 1034 χαράξας
753 960 780 1014 ὁ
836 958 1091 1034 βασιλεὺς
1149 960 1236 1013 καὶ
1299 963 1567 1036 φοινικοῖς
1619 954 1974 1030 ὑποσημάνας

319 1049 641 1121 γράμμασιν
675 1047 988 1103 ἀπέστειλεν
1022 1048 1173 1117 αὐτὸ,
1208 1048 1308 1118 εῖξέ
1337 1069 1396 1103 τε
1428 1047 1516 1102 ἐπὶ
1577 1052 1767 1121 χεῖρας
1814 1050 1973 1099 τοῦτο

319 1132 530 1207 λαϐὼν,
589 1137 679 1191 καὶ
735 1136 1109 1212 καθυπέσχετο
1161 1138 1257 1205 τὴν
1316 1142 1413 1191 τοῦ
1472 1134 1973 1209 παρακοιμωμένου

318 1226 724 1280 Κωνσταντίνου
776 1226 865 1281 καὶ
950 1231 1089 1280 τῶνλ
1144 1231 1414 1301 συγγενῶν
1500 1225 1662 1280 αὐτοῦ
1734 1223 1969 1287 ἐπίθεσιν

315 1320 567 1369 κωλῦσαι
598 1316 733 1370 κατά
782 1316 845 1369 τὸ
894 1315 1304 1391 ἐγχωροῦν.Τὰ
1364 1316 1456 1388 μὲν
1514 1312 1602 1369 οὗν
1662 1311 1973 1382 λαληθέντα

315 1405 408 1458 καὶ
472 1405 831 1479 στοιχηθέντα
888 1403 1030 1459 οὕτω
1082 1399 1314 1479 προέϐη,
1347 1404 1436 1459 καὶ
1487 1401 1576 1458 διὰ
1619 1406 1716 1471 τῆς
1774 1403 1971 1477 ἀγορᾶς

313 1494 546 1547 καὶτῶν
588 1492 881 1570 λεωφόρων
913 1494 1139 1547 καὶτῶν
1197 1498 1483 1548 στενωπῶν
1535 1490 1967 1567 ὑτιειιιιθυρίζετο⁸

314 1583 344 1636 ὁ
389 1579 448 1636 δὲ
475 1582 997 1656 παρακοιμώμενος,
1031 1580 1221 1652 καίπερ
1283 1581 1380 1636 οὐκ
1436 1583 1666 1651 ἀνήκοος
1725 1580 1796 1633 ὢν
1862 1584 1970 1633 τῶν

316 1677 437 1725 κατ’
495 1671 659 1725 αὐτοῦ
715 1668 1129 1744 μελετωμένων,
1182 1672 1519 1745 κατεφρόνει,
1584 1671 1658 1742 μὴ
1723 1666 1780 1723 ἄν
1836 1689 1969 1722 ποτε

310 1759 527 1829 οἰηθεὶς
557 1759 835 1832 τολμῆσαί
865 1780 985 1813 τινα
1032 1759 1377 1834 ἐπιχείρησιν
1436 1759 1553 1813 κατ’
1583 1758 1745 1813 αὐτοῦ
1802 1759 1966 1827 ποιή-

307 1850 505 1901 σασθαι
566 1847 829 1917 Ἐξελθὼν
908 1845 1000 1901 οὗν
1076 1847 1166 1902 καὶ
1232 1848 1331 1916 τὴν
1406 1850 1609 1916 συνήθη
1686 1844 1951 1918 διανομὴν

304 1944 414 2005 τῆς
475 1937 641 2012 ῥόγας
690 1938 1064 2009 ποιησάμενος
1112 1942 1216 1991 τῶν
1252 1935 1547 2009 πλωΐμων,
1580 1936 1668 1990 καὶ
1698 1936 1788 1989 τὸν
1817 1937 1954 1989 Ῥω-

313 2026 481 2098 μανὸν
562 2023 900 2082 ἐπισπεύδων
976 2028 1171 2100 τάχιον
1259 2024 1588 2093 ἐκπλεῦσαι,
1644 2024 1955 2099 περιπίπτει

304 2119 387 2186 τῷ
433 2113 612 2190 λόχῳ.
647 2113 899 2187 Δουλικῷ
954 2115 1054 2191 γὰρ
1108 2114 1161 2169 έν
1211 2117 1457 2190 σχήματι
1500 2116 1954 2189 προσυπαντήσας

302 2205 335 2257 ὁ
399 2204 677 2275 Ῥωμανὸς
724 2204 893 2275 αὐτῷ,
935 2206 1024 2258 καὶ
1081 2204 1379 2278 προθύμως
1440 2206 1687 2275 ποιήσειν
1754 2204 1817 2258 τὸ
1872 2224 1954 2258 κε·

304 2291 530 2347 λευσθὶν
595 2290 1093 2367 ἐπαγγελλόμενος,
1149 2294 1330 2368 ἡρέμα
1397 2294 1486 2347 καὶ
1564 2292 1700 2347 κατά
1759 2292 1950 2366 μικρὸν

298 2381 432 2455 ἦγεν
495 2381 653 2436 αὐτὸν
709 2382 786 2444 είς
840 2383 938 2450 τὴν
999 2380 1236 2456 ἐνέδραν.
1273 2380 1457 2452 Μηδὲν
1505 2380 1560 2436 δὶ
1610 2382 1953 2445 ἐπαισθέσθαι

298 2475 412 2524 τῶν
462 2469 855 2544 μελετωμένων
903 2475 1001 2525 τοῦ
1058 2472 1554 2547 παρακοιμωμένου
1612 2468 1951 2541 δυνηθέντος,

298 2556 433 2614 ἀλλ’
483 2559 696 2621 ἀκάκως
741 2560 830 2613 καὶ
889 2559 1065 2635 χωρὶς
1118 2560 1370 2620 ὑπονοίας
1421 2557 1831 2634 διαλεγομένου,
1863 2560 1952 2614 καὶ

306 2646 527 2719 μᾶλλον
571 2647 787 2724 ἔγγιστα
815 2649 1136 2722 προσιόντος
1185 2648 1368 2717 αὐτοῦ,
1400 2648 1487 2703 καὶ
1536 2651 1846 2721 πυθομένου
1905 2648 1954 2703 si.

302 2734 425 2812 ἔχει
457 2735 653 2813 ἄνδρας
706 2735 932 2801 εὐειδεῖς
984 2738 1074 2791 καὶ
1106 2738 1381 2812 γενναίους
1436 2737 1523 2791 καὶ
1572 2739 1670 2806 τὴν
1734 2736 1949 2813 βασιλι-

298 2828 406 2893 κὴν
458 2824 685 2895 ἐρέττειν
729 2823 1070 2896 ἐπιτηδείους
1124 2827 1348 2900 τριήρη,
1395 2830 1492 2880 τοῦ
1546 2824 1603 2880 δὲ
1656 2828 1743 2881 καὶ
1804 2824 1949 2901 ἔχειν

300 2914 399 2968 καὶ
455 2912 613 2989 ἐγγὺς
662 2920 911 2989 παρεῖναι
966 2915 1192 2977 τούτους
1244 2914 1551 2990 εἰρηκότος,
1611 2915 1700 2969 καὶ
1746 2920 1815 2989 τῇ
1864 2937 1952 2970 κε·-

302 3001 457 3078 φαλῇ
490 3003 773 3065 νεύσαντος
826 3003 977 3072 ἥκειν
1023 3003 1169 3064 τινὰς
1218 3002 1456 3072 πλησίον
1497 3008 1603 3058 τῶν
1664 3002 1952 3059 εὐειδεστέη

302 3112 439 3166 ρων,
474 3093 501 3146 ὁ
551 3098 947 3154 Κωνσταντῖνος
1002 3093 1325 3165 θεασάμενος
1378 3093 1603 3153 τούτους
1663 3094 1749 3147 καὶ
1810 3095 1954 3169 τάχα

2088 526 2217 565 esse
2245 508 2435 581 ipsius
2470 507 2825 570 ministrum,
2858 510 3305 576 constanterque
3345 505 3459 576 ipsi
3490 508 3737 566 benevo—

2086 598 2231 654 lum.
2257 600 2520 654 Primum
2554 614 2618 652 ac
2651 597 2721 652 de
2759 613 2819 652 re
2867 595 3255 667 compellatus
3295 595 3595 653 Romanus
3644 616 3740 655 re-

2087 688 2243 755 nuit;
2282 692 2338 743 et
2364 688 2574 743 iterum
2622 703 2687 742 ac
2734 686 2948 757 saepius
2978 684 3281 742 Theodoro
3311 686 3578 742 animum
3609 688 3737 758 ejus

2088 780 2347 832 tentante
2378 775 2685 831 recusavit.
2705 775 2967 830 Tandem
2989 789 3121 829 cum
3153 771 3381 829 litteras
3411 790 3591 830 manu
3625 775 3735 830 im-

2086 864 2371 935 peratoris
2403 864 2654 935 scriptas
2682 863 2754 918 ab
2786 863 3030 934 ipsoque
3062 860 3327 933 puniceis
3356 862 3735 933 subsignatas

2085 954 2300 1009 litteris
2331 955 2403 1008 ad
2436 970 2499 1009 se
2532 954 2740 1008 missas
2787 952 3128 1023 accepisset,
3163 952 3478 1021 concessit;
3509 952 3735 1023 pollici-

2084 1048 2297 1115 tusque
2329 1046 2419 1099 est
2447 1058 2534 1111 se,
2558 1045 2849 1113 quantum
2889 1042 3018 1112 ejus
3055 1041 3179 1097 ﬁeri
3209 1044 3428 1113 posset,
3450 1041 3735 1098 Constan-

2083 1131 2191 1188 tini
2250 1132 2596 1188 cubicularii
2653 1132 2899 1202 ejusque
2950 1136 3334 1203 cognatorum
3401 1130 3735 1188 molitiones

2080 1221 2526 1293 impediturum.
2555 1221 2671 1277 Hoc
2704 1221 2876 1276 modo
2899 1237 2991 1275 res
3012 1222 3357 1291 composita,
3380 1237 3445 1276 ac
3475 1221 3546 1276 de
3575 1237 3643 1276 ea
3673 1222 3734 1275 in

2082 1312 2204 1366 foro
2238 1312 2511 1383 compitis
2542 1327 2608 1366 ac
2640 1309 2957 1382 angiportis
2978 1310 3419 1365 susurrabatur.
3448 1308 3732 1364 Constan-

2080 1399 2242 1455 tinus
2268 1404 2462 1456 autem
2487 1397 2910 1467 cubicularius,
2936 1414 3275 1470 quanquam
3307 1396 3355 1452 ei
3379 1414 3507 1468 quae
3528 1400 3734 1452 contra

2077 1488 2274 1559 ipsum
2305 1493 2672 1545 struerentur
2702 1504 2818 1543 non
2870 1492 3036 1543 erant
3081 1487 3367 1556 inaudita,
3400 1485 3502 1541 illa
3530 1490 3728 1542 tamen

2079 1580 2504 1647 contemnebat,
2538 1578 2837 1633 neminem
2890 1594 3151 1648 unquam
3202 1578 3481 1632 adversus
3525 1592 3587 1631 se
3617 1576 3726 1631 ali-

2076 1668 2211 1738 quid
2242 1684 2527 1724 ausurum
2559 1668 2831 1739 opinans.
2865 1667 2977 1722 Sed
3004 1682 3137 1721 cum
3168 1666 3240 1721 ad
3280 1665 3531 1721 classem
3561 1681 3727 1736 egre-

2078 1758 2334 1825 deretur,
2367 1773 2541 1828 rogas
2571 1757 2642 1811 de
2675 1772 2834 1811 more
2862 1754 3314 1822 distributurus,
3345 1757 3724 1825 Romanoque

2076 1847 2466 1902 mandaturus
2506 1850 2572 1901 ut
2602 1845 3041 1916 quamprimum
3076 1843 3396 1915 navigaret,
3427 1843 3633 1897 incidit
3664 1843 3722 1897 in

2066 1936 2220 1992 290
2263 1935 2527 1991 insidias.
2563 1933 2790 1990 Etenim
2834 1932 3031 1989 servili
3062 1934 3250 1988 forma
3295 1933 3347 1988 ei
3395 1947 3709 1987 occurrens

2064 2027 2384 2097 Romanus,
2425 2029 2481 2082 et
2525 2026 2803 2080 mandata
2861 2040 2924 2080 se
2979 2024 3241 2080 studiose
3294 2029 3708 2079 exsecuturum

2064 2117 2435 2187 promittens,
2491 2114 2776 2186 paulatim
2835 2114 2892 2168 in
2952 2130 3148 2169 casses
3199 2113 3508 2185 pertrahit,
3565 2112 3713 2168 nihil

2064 2221 2304 2275 prorsus
2336 2221 2537 2261 eorum
2561 2220 2690 2276 quas
2721 2204 3079 2274 parabantur
3098 2202 3385 2273 conjicere
3405 2201 3712 2271 valentem,

2064 2295 2163 2349 sed
2197 2293 2472 2348 similiter
2508 2298 2565 2348 et
2594 2294 2817 2363 absque
2852 2290 2973 2347 ulla
3015 2292 3350 2363 suspicione
3376 2290 3714 2362 colloquen-

2062 2387 2205 2451 tem,
2238 2383 2597 2454 propiusque
2624 2382 2875 2436 subinde
2906 2382 3297 2447 accedentem,
3317 2397 3383 2436 ac
3414 2384 3716 2451 rogantem

2064 2473 2297 2528 virosne
2327 2471 2569 2527 haberet
2598 2471 2875 2543 pulchros
2907 2487 2974 2525 ac
3004 2470 3202 2537 fortes,
3225 2474 3392 2541 aptos
3422 2469 3494 2525 ad
3531 2468 3715 2541 impe-

2063 2562 2339 2617 ratoriam
2368 2561 2669 2616 triremem
2712 2559 3017 2631 agendam.
3053 2559 3389 2631 Respondet
3416 2562 3716 2613 Romanus

2064 2667 2164 2705 eos
2191 2658 2399 2721 praesto
2430 2665 2578 2716 esse,
2603 2654 2659 2704 et
2688 2648 3102 2704 formosiorum
3136 2647 3492 2718 quibusdam
3521 2647 3715 2702 innuit

2063 2743 2129 2793 ut
2174 2740 2473 2794 accedant.
2497 2738 2653 2803 Quos
2701 2736 3133 2808 contemplatus
3180 2743 3232 2791 el
3280 2736 3535 2807 probans
3563 2736 3711 2791 Con-

2063 2828 2385 2898 stantinus,
2409 2844 2544 2883 cum
2577 2826 2723 2882 solvi
2753 2826 3197 2896 navesjuberet,
3224 2825 3523 2881 Romanus
3540 2824 3713 2895 juxta

2065 2917 2474 2984 obambulans,
2496 2921 2561 2971 ut
2592 2914 2851 2988 proxime
2882 2915 3213 2986 praetoriam
3245 2915 3440 2969 navim
3470 2917 3709 2969 ventum

2063 3010 2172 3076 est,
2201 3006 2259 3060 id
2288 3006 2461 3061 modo
2492 3005 2668 3071 fatus,
2694 3026 2721 3053 ‹‹
2746 3002 3009 3074 Abripite
3030 3003 3187 3057 hunc
3210 3023 3239 3051 »
3262 3002 3552 3058 subsistit.
3573 3004 3710 3067 Qui-

2066 3095 2174 3150 bus
2204 3110 2337 3149 vero
2390 3093 2691 3166 negotium
2741 3094 2945 3148 datum
2996 3095 3140 3160 erat,
3174 3091 3213 3146 ii
3263 3090 3710 3147 Constantinum

300 3162 704 3253 ἀποδεξάμενος
786 3180 1030 3257 ἀπαίρειν
1112 3162 1388 3257 ἠπείγετο.
1449 3183 1505 3234 Ὁ
1563 3179 1620 3235 δὲ
1670 3162 1949 3254 Ῥωμανός

2064 3186 2262 3239 statim
2314 3184 2373 3238 in
2424 3162 2618 3239 navim
2667 3181 2998 3253 praetoriam
3048 3181 3370 3247 abducunt,
3403 3180 3603 3251 ibique
3650 3180 3712 3235 in

300 3269 521 3345 ἔγγιστα
549 3270 747 3325 τούτου
804 3274 1136 3346 περιπατῶν,
1170 3271 1244 3331 ὡς
1296 3268 1532 3340 πλησίον
1584 3269 1826 3343 ἐγένοντο
1880 3276 1950 3346 τῇ

297 3356 619 3433 στρατηγίδι
676 3360 915 3433 τριήρει,
996 3358 1283 3433 κατασχὼν
1364 3360 1457 3413 τὸν
1530 3365 1949 3428 Κωνσταντῖνον,

294 3446 389 3517 καξ
445 3443 612 3519 μηδὲν
663 3444 831 3501 πλέον
889 3446 1054 3501 εἰπὼν
1083 3445 1208 3501 ἀλλ’
1235 3446 1271 3515 ἢ
1308 3446 1494 3520 μόνον.
1529 3468 1556 3499 α
1583 3449 1781 3522 ’Ἄρατε
1824 3446 1951 3502 τού-

292 3558 473 3603 τον,››
533 3535 694 3597 αὐτὸς
750 3536 844 3609 μὲν
888 3531 1038 3605 ἔστη,
1073 3536 1124 3589 o't
1174 3533 1231 3589 δὲ
1283 3536 1418 3611 πρὸς
1473 3536 1535 3589 τὸ
1593 3533 1750 3610 ἔργον
1804 3536 1950 3599 ὄντες

294 3623 726 3697 εὐτρεπισμένοι
777 3624 1063 3700 εἰσήγαγον
1111 3623 1187 3686 εἷς
1232 3626 1331 3694 τὴν
1398 3622 1701 3699 ναυαρχίδα
1756 3625 1845 3701 καὶ
1894 3626 1947 3681 ἐν

295 3712 567 3784 ἀσφαλείᾳ
628 3718 908 3787 κατεῖχον,
969 3710 1202 3785 μηδενὸς
1270 3712 1536 3785 ἐπαμῦναι
1582 3718 1771 3769 τοῦτον
1816 3715 1948 3770 τολ-

300 3805 577 3875 μήσαντος
643 3806 750 3856 τῶν
829 3803 1208 3874 συνεπομένων
1285 3802 1454 3873 αὐτῷ,
1512 3799 1660 3856 ἀλλὰ
1731 3801 1942 3859 πάντων

286 3890 601 3967 παραυτίκα
649 3888 1074 3965 διασπαρέντων.
1127 3893 1244 3959 Τῆς
1304 3892 1496 3967 φήμης
1553 3888 1646 3945 οὖν
1705 3890 1945 3965 ἐξαροεί-

290 4002 394 4050 σης
449 3981 668 4056 ταραχὴ
728 3981 963 4055 κατέσχε
1019 3985 1186 4034 πᾶσαν
1247 3982 1345 4049 τήν
1394 3978 1582 4051 πόλιν,
1612 3979 1943 4052 τυραννίδος,

287 4070 367 4131 ὡς
430 4068 595 4139 εἰκὸς,
629 4067 863 4122 ἐπίθεσιν
917 4065 1308 4142 λογισαμένην.
1353 4070 1664 4131 Φθάσαντος
1708 4068 1797 4124 οὖν
1846 4075 1942 4124 τοῦ

288 4156 469 4232 λόγου
500 4156 588 4211 καί
624 4156 786 4233 μέχρι
816 4163 917 4227 τῆς
967 4155 1247 4232 βασιλίδος
1298 4160 1472 4227 Ζωῆς,
1506 4157 1582 4219 εἷς
1627 4158 1938 4233 ἀμηχανίαν

282 4247 382 4301 καὶ
472 4247 522 4300 oi.
598 4244 649 4300 ἐν
734 4245 879 4302 τέλει
966 4244 1268 4302 ἐνέπιπτον.
1327 4246 1727 4322 Προσκαλεῖται
1808 4254 1937 4324 γοῦν

283 4339 325 4405 ἡ
365 4334 580 4410 βασιλὶς
636 4333 725 4389 τὸν
786 4335 1135 4411 πατριάρχην
1181 4332 1455 4393 Νικόλαον
1518 4336 1604 4390 καὶ
1657 4335 1784 4400 τοὺς
1837 4344 1937 4407 τῆς

283 4422 600 4499 συγκλήτου
701 4420 939 4499 λογάδας
988 4442 999 4457 ·
1080 4423 1571 4499 κοινοὶογισαμένη
1677 4423 1734 4480 δὲ
1822 4429 1936 4498 μετ’

282 4514 469 4569 αὐτῶν
570 4511 833 4586 ἐκπέμπει
936 4513 1071 4588 πρὸς

283 4607 388 4657 τοῦ
477 4603 763 4679 γεγονότος
852 4603 1040 4675 μαθεῖν
1119 4600 1397 4659 ἐθέλουσα.
1473 4607 1587 4657 Τῶν
1666 4599 1723 4658 δὲ
1794 4625 1937 4677 πεμ-

284 4690 528 4770 φθέντων
624 4691 932 4768 γενομένων
1038 4686 1162 4746 ἔνθα
1246 4693 1611 4766 προσώρμουν
1689 4694 1742 4747 αἱ
1816 4713 1938 4768 τρι-

284 4784 469 4856 ήρεις,
501 4781 591 4835 καὶ
628 4778 943 4854 μελλόντων
978 4782 1201 4850 ζήτησιν
1234 4787 1506 4845 ποιεῖσθαι
1555 4788 1654 4849 τῆς
1690 4786 1787 4836 τοῦ
1832 4803 1936 4836 πα-

285 4870 720 4947 ρακοιμωμένου
779 4869 1180 4943 κατασχέσεως,
1241 4871 1268 4924 ὁ
1324 4874 1430 4924 τῶν
1487 4869 1758 4942 πλωΐμων
1818 4868 1936 4925 δια-

279 4958 485 5022 ναστὰς
516 4957 817 5022 ἀκόλαστος
846 4953 1021 5034 ὄχλος
1054 4960 1165 5031 (57)
1199 4957 1374 5021 λίθοις
1403 4957 1596 5021 αὐτοὺς
1646 4957 1931 5030 ἐξήλασαν.

277 5049 493 5106 ’Ἑωθιν
554 5045 645 5102 οὖν
703 5050 738 5117 ἡ
803 5047 1021 5124 βασιλὶς
1070 5044 1359 5120 ἐξελθοῦσα
1406 5048 1530 5124 περὶ
1577 5049 1668 5103 τὸν
1726 5056 1937 5104 Βουκο-

276 5136 504 5205 λέοντα,
534 5137 624 5191 καὶ
667 5136 760 5191 τὸν
814 5137 931 5192 υἱὸν
994 5136 1459 5211 μεταστειλαμὲνη
1500 5137 1588 5192 καὶ
1635 5136 1761 5200 τοὺς
1812 5140 1935 5215 περὶ

273 5226 469 5297 αὐτὸν,
504 5224 764 5303 ἐπηρώτα
819 5230 936 5289 πῶς
976 5224 1192 5303 γέγονεν
1236 5229 1272 5297 ἡ
1322 5226 1580 5304 ἀνταρσία
1621 5226 1778 5299 αὕτη.
1820 5234 1938 5298 Μη-

2063 3273 2329 3327 custodia
2351 3276 2673 3339 asservant,
2695 3272 2927 3325 nemine
2950 3270 3233 3325 comitum
3253 3285 3384 3325 eum
3403 3269 3716 3325 defendere

2061 3378 2227 3431 auso,
2261 3362 2362 3416 sed
2394 3360 2671 3416 omnibus
2718 3358 3005 3430 extemplo
3038 3357 3302 3429 dilapsis.
3336 3358 3524 3428 Hujus
3570 3357 3714 3412 faci-

2061 3451 2221 3506 noris
2252 3452 2410 3506 fama
2440 3450 2499 3504 in
2531 3449 2735 3504 urbem
2769 3447 2947 3503 allata
2978 3447 3205 3502 animos
3230 3446 3540 3502 hominum
3572 3462 3712 3501 con-

2058 3540 2335 3607 turbavit,
2368 3538 2741 3611 tyrannidem
2775 3538 2844 3592 ab
2877 3536 3073 3608 aliquo
3119 3535 3311 3591 invadi
3348 3534 3707 3607 putantium,

2058 3645 2312 3699 cumque
2365 3630 2436 3683 ad
2497 3628 2646 3684 Zoen
2699 3642 2883 3697 usque
2934 3624 3316 3697 pervenisset,
3367 3624 3709 3696 proceribus

2057 3733 2291 3789 quoque
2321 3733 2599 3788 magnam
2641 3716 3097 3771 sollicitudinem
3129 3714 3348 3785 injecit.
3381 3714 3489 3768 Zoe
3534 3713 3707 3768 Nico-

2054 3805 2215 3861 laum
2251 3806 2642 3878 patriarcham
2691 3808 2748 3860 et
2794 3807 3094 3859 senatores
3124 3803 3377 3858 delectos
3410 3802 3480 3857 ad
3514 3818 3575 3857 se
3608 3819 3707 3859 vo-

2054 3901 2167 3963 cat,
2191 3912 2369 3967 reque
2401 3911 2535 3949 cum
2577 3894 2649 3948 iis
2690 3892 3010 3949 deliberata
3039 3893 3111 3947 ad
3142 3896 3469 3947 Romanum
3500 3890 3705 3957 mittit,

2055 3986 2154 4055 qui
2186 4000 2424 4039 causam
2456 3982 2594 4037 facti
2639 3981 2964 4051 exquirant.
2998 3981 3129 4047 Eos,
3162 3996 3293 4034 cum
3346 3980 3417 4034 ad
3468 3979 3705 4034 navium

2054 4073 2368 4128 stationem
2392 4070 2690 4126 venissent
2720 4074 2777 4125 et
2806 4070 2876 4124 de
2907 4070 3054 4125 291
3092 4067 3517 4140 comprehenso
3547 4068 3708 4122 cubi-

2052 4161 2274 4217 culario
2306 4161 2605 4230 inquirere
2653 4158 3044 4226 intenderent,
3069 4157 3363 4213 sociorum
3409 4156 3703 4212 navalium

2051 4249 2321 4322 petulans
2353 4247 2671 4304 multitudo
2702 4249 2989 4302 concitata
3020 4247 3176 4302 saxis
3215 4243 3446 4316 repulit.
3478 4245 3703 4301 Postri-

2050 4339 2142 4394 die
2172 4343 2282 4393 Zoe
2314 4337 2504 4408 prima
2529 4336 2659 4391 luce
2681 4336 2751 4391 ad
2776 4335 3160 4391 Bucoleonem
3187 4350 3443 4407 egressa,
3467 4338 3701 4389 evocato

2048 4426 2226 4481 etiam
2260 4425 2379 4480 filio
2418 4430 2476 4481 et
2514 4425 2642 4494 ejus
2673 4422 2915 4493 familia,
2947 4423 3264 4493 interrogat
3291 4437 3557 4492 quaenam
3591 4420 3698 4476 hu-

1165 4513 1476 4587 Ῥωμανὸν,
1561 4515 1660 4583 τὴν
1763 4515 1935 4569 αἰτίαν

2070 4532 2138 4569 us
2169 4514 2475 4570 seditionis
2505 4530 2683 4569 causa
2707 4516 2880 4568 esset.
2912 4512 2998 4567 Ibi
3018 4528 3157 4567 cum
3180 4527 3349 4566 nemo
3381 4511 3696 4581 responde-

2049 4608 2157 4673 ret,
2203 4604 2546 4659 Theodorus
2593 4601 2966 4674 imperatoris
3014 4602 3365 4674 paedagogus
3412 4600 3544 4654 ideo
3593 4600 3693 4665 ait,

2047 4694 2205 4751 hunc
2235 4703 2480 4762 motum,
2513 4693 2828 4763 exstitisse,
2850 4694 3001 4762 quod
3024 4693 3136 4747 Leo
3164 4693 3379 4748 Phocas
3409 4690 3693 4761 legiones,

2046 4784 2468 4841 Constantinus
2508 4781 2895 4839 cubicularius
2944 4781 3229 4854 palatium
3277 4780 3691 4852 perdidissent.

2046 4872 2328 4927 Caeterum
2357 4871 2676 4943 imperator
2704 4870 3018 4941 imperium
3051 4887 3082 4924 a
3114 4872 3297 4923 matre
3327 4868 3385 4923 in
3407 4885 3470 4923 se
3499 4872 3695 4924 trans-

2045 4961 2260 5028 ferens,
2300 4960 2692 5033 patriarcham
2743 4957 3045 5016 Nicolaum
3095 4962 3150 5012 et
3193 4957 3541 5029 magistrum
3574 4959 3697 5013 Ste-

2046 5048 2310 5120 phanum
2370 5049 2428 5104 in
2485 5047 2679 5104 aulam
2739 5052 2997 5114 revocat;
3056 5063 3123 5101 ac
3180 5046 3461 5119 postridie
3516 5046 3697 5103 misso

2046 5140 2272 5197 Joanne
2299 5140 2531 5195 Tubace
2560 5141 2889 5209 Augustam
2922 5136 3137 5208 palatio
3162 5136 3374 5194 abduci
3395 5138 3585 5208 jubet.
3618 5139 3700 5193 Ea

2046 5229 2194 5286 ﬂens
2224 5234 2401 5300 atque
2431 5228 2681 5300 ejulans,
2715 5226 2902 5282 tilium
2935 5226 3222 5299 amplexa,
3258 5226 3694 5284 miserationem

1475 5397 1848 5456 XYLANDRI
1886 5400 1977 5455 ET
2016 5398 2233 5457 GOARI
2271 5398 2503 5455 NOTIE.

351 5552 468 5625 (57)
498 5549 822 5625 Allu_d_i_t_ad
852 5550 987 5625 Euri
995 5549 1148 5625 pi_dis
1178 5550 1395 5625 locum,
1426 5553 1527 5624 qui
1558 5556 1645 5611 est
1674 5552 1734 5609 in
1767 5552 1996 5611 Hecuba.
2026 5551 2270 5609 Joannis
2301 5551 2509 5609 Leonis
2541 5566 2845 5607 successor
2875 5552 2964 5606 est
2991 5548 3255 5617 Garidas,
3287 5551 3443 5622 quod
3475 5567 3689 5625 cogno-

272 5642 417 5681 men
448 5622 543 5679 hic
572 5622 799 5680 addidit
825 5623 1003 5680 etiam
1031 5622 1307 5680 Zonaras.
1336 5622 1474 5680 Χγιῖ.
