3922 6132
268 282 347 342 23
1606 262 1937 341 Gnoson
1980 280 2323 342 CEDRENI
3592 277 3671 338 ει

268 408 475 465 matris
504 409 711 478 movit;
743 408 1005 482 adeoque
1043 410 1117 465 iis
1148 410 1249 481 qui
1279 426 1408 466 eam
1441 410 1735 466 ducebant
1763 410 1817 466 C1

2122 410 2176 471 ὸς
2234 407 2291 464 δὲ
2345 410 2799 483 ἀποκριναμένου,
2835 410 2914 481 [Ρ.
2945 409 3072 480 616]
3104 407 3132 461 6
3170 403 3521 482 παιδαγωγὸς
3576 409 3671 461 τοῦ

268 498 567 555 stantinus
599 498 901 552 mandavit
947 503 1015 552 ut
1057 515 1223 553 suam
1276 514 1474 554 secum
1527 499 1927 569 relinquerent

269 593 541 656 matrem,
567 591 771 658 estque
802 587 957 642 illico
984 588 1054 642 ab
1087 587 1160 643 iis
1192 588 1458 644 dimissa.
1486 589 1642 643 Idem
1678 588 1924 642 Leonem

266 676 546 742 Phocam,
577 683 847 731 metuens
880 691 950 730 ne
981 676 1030 731 is
1064 675 1381 748 aliquando
1413 676 1723 747 imperium
1758 676 1923 730 inva-

263 766 449 831 deret,
480 764 604 820 loco
638 766 836 832 movit,
872 766 1379 836 domesticumque
1423 766 1756 821 scholarum
1793 766 1925 820 fecit

266 854 550 909 Joannem
580 853 856 908 Garidam
886 854 1259 926 magistrum.
1284 854 1560 909 Precibus
1587 860 1784 909 tamen
1819 855 1924 909 im-

262 941 512 1015 petravit
561 942 784 998 Phocas
826 951 885 997 ut
937 943 1171 999 Simeon
1221 942 1380 999 ﬁlius
1428 960 1574 998 suus
1622 946 1679 999 et
1726 944 1923 999 uxoris

265 1032 448 1087 frater
469 1031 811 1088 Theodorus
834 1032 1197 1104 Zuphinezer
1222 1033 1599 1089 sodalitatum
1624 1032 1921 1104 principes

261 1123 1106 1194 crearentur,juramentisque
1133 1123 1205 1178 ab
1229 1124 1580 1194 imperatore
1602 1122 1921 1178 obstrictus

259 1209 502 1264 domum
532 1227 703 1266 suam
759 1210 920 1266 abiit.
952 1212 1269 1267 Confestim
1320 1228 1489 1283 porro
1530 1210 1761 1283 cognati
1789 1212 1919 1280 ejus

262 1315 332 1355 ex
362 1298 498 1353 aula
528 1299 759 1355 dimissi
785 1303 945 1355 sunt.
970 1300 1130 1363 Quod
1165 1301 1266 1355 ubi
1292 1300 1561 1371 cognovit
1591 1300 1725 1367 Leo,
1756 1304 1919 1355 metu

264 1387 417 1443 292
450 1388 798 1459 perterritus
830 1388 1030 1444 statim
1060 1406 1234 1459 eques
1265 1390 1337 1444 ad
1368 1394 1696 1444 Romanum
1730 1390 1917 1444 drun-

261 1476 493 1547 garium
528 1493 590 1531 se
635 1476 900 1543 contulit,
928 1478 1098 1548 eique
1147 1478 1411 1549 exposuit
1444 1478 1662 1548 quibus
1711 1483 1916 1532 contu-

260 1563 452 1620 meliis
490 1564 734 1620 affectus
803 1570 985 1636 utque
1036 1565 1526 1636 ciocumscriptus
1593 1570 1766 1621 esset.
1830 1567 1913 1621 Ibi

259 1653 696 1708 communicata
719 1670 779 1709 re
799 1653 954 1709 inter
977 1669 1073 1709 eos
1096 1654 1341 1709 societas
1366 1654 1517 1725 inita
1537 1655 1914 1725 acjuramen-

258 1741 335 1796 tis
389 1741 756 1809 confirmata,
790 1743 1011 1813 nuptiis
1045 1759 1275 1815 quoque
1324 1743 1476 1798 inter
1525 1743 1739 1798 liberos
1772 1760 1911 1798 suos

254 1830 598 1899 contractis,
634 1832 1091 1902 institutumque
1118 1831 1345 1886 occulte
1376 1831 1664 1887 habitum.
1699 1832 1915 1887 Secun-

258 1918 400 1974 dum
435 1919 555 1973 haec
604 1918 903 1975 Romanus
935 1919 1025 1975 sui
1059 1920 1348 1992 purgandi
1382 1937 1560 1975 causa
1607 1920 1665 1974 in
1715 1920 1913 1975 aulam

260 2007 463 2074 mittit,
498 2009 1004 2080 jurejurandoque
1054 2009 1395 2079 interposito
1440 2010 1749 2064 conﬁrmat
1798 2026 1913 2065 non

258 2095 597 2151 rebellionis
630 2101 730 2151 aut
760 2097 1066 2153 seditionis
1096 2098 1418 2169 quidquam
1450 2115 1557 2153 suo
1591 2099 1738 2153 facto
1770 2099 1911 2153 sub-

256 2201 406 2249 esse,
440 2186 540 2240 sed
572 2202 635 2240 se
678 2190 1045 2241 mutuentem
1080 2202 1150 2241 ne
1181 2186 1383 2241 Phocae
1414 2191 1660 2242 conatus
1692 2186 1912 2258 aliquid

256 2273 394 2328 mali
448 2273 786 2344 imperatori
834 2275 1130 2340 afferrent,
1163 2275 1222 2329 in
1256 2274 1537 2346 palatium
1568 2276 1697 2345 ejus
1728 2276 1913 2347 impe-

254 2361 582 2434 ratorisque
632 2364 905 2435 prasidio
957 2365 1264 2420 muniendi
1314 2381 1492 2420 causa
1540 2364 1791 2420 voluisse
1819 2382 1912 2419 re-

253 2452 425 2506 verti.
448 2451 784 2507 Patriarcha
813 2453 988 2508 fidem
1025 2454 1340 2525 derogante
1372 2470 1559 2525 neque
1589 2454 1911 2526 accipiente

255 2540 1039 2611 purgationem,Theodorus
1072 2542 1399 2597 Romanum
1425 2542 1669 2614 instigat
1693 2555 1755 2598 ut
1775 2561 1908 2599 cum

253 2628 528 2684 universa
548 2628 737 2684 classe
760 2630 829 2683 ad
867 2630 1249 2700 navale,quod
1275 2631 1332 2685 in
1356 2630 1705 2686 Bucoleonte
1727 2634 1908 2687 situm

258 2716 473 2788 palatio
506 2718 797 2785 imminet,
813 2719 1070 2773 accedat.
1089 2718 1383 2775 Romanus
1405 2736 1536 2774 cum
1566 2720 1908 2791 aliquandiu

256 2806 312 2859 id
346 2806 727 2862 detractasset
759 2824 822 2862 ac
854 2812 1162 2863 cunctatus
1190 2812 1368 2876 esset,
1395 2810 1629 2864 tandem
1654 2810 1911 2881 urgenti-

253 2894 365 2949 bus
396 2894 469 2950 iis
499 2910 750 2966 quorum
786 2895 1070 2951 instinctu
1103 2896 1333 2952 occulta
1363 2898 1476 2952 ista
1506 2898 1751 2953 concilia
1780 2915 1909 2955 sus-

252 2987 507 3054 ceperat,
528 2982 616 3038 vel
652 2983 873 3039 invitus
904 2985 1170 3040 assentit.
1198 2986 1347 3057 Ergo
1380 2986 1508 3055 ipso
1539 2986 1633 3040 die
1662 2991 1909 3042 Annun—

254 3071 484 3127 tiationi
514 3072 662 3127 festo
694 3072 880 3128 classe
928 3072 1214 3128 instructa
1263 3074 1554 3129 hostiliter
1601 3077 1669 3129 ad
1723 3080 1905 3131 Buco-

2038 499 2305 572 βασιλέως
2335 496 2614 574 Θεόδωρος
2648 494 2772 572 ἔφη’
2807 521 2835 548 ‹‹
2877 496 2974 551 Διὰ
3028 497 3089 550 τὸ
3146 494 3434 565 ἀπολέσαι,
3484 496 3529 549 ὧ
3587 493 3682 550 δὲἒ

2034 609 2243 655 σποινα,
2301 589 2503 641 Λέοντα
2567 588 2661 659 μὲν
2733 586 2824 640 τὸν
2906 590 3101 640 Φωκᾶν
3166 585 3234 638 τὰ
3318 582 3668 657 στρατόπεδα,

2033 681 2434 730 Κωνσταντῖνον
2468 674 2525 730 δὲ
2572 676 2660 729 τὸν
2716 675 3210 749 παρακοιμώμενον
3269 674 3332 728 τὸ
3380 672 3669 744 παλάτιον,

2028 768 2062 833 ἡ
2121 767 2341 835 τοιαύτη
2406 766 2590 840 γέγονε
2664 766 2899 834 κίνησις.
2958 787 2985 814 ››
3041 764 3099 820 Ὁ
3178 760 3430 838 βασιλεὺς
3490 760 3547 817 δὶ
3596 763 3670 825 εἷς

2031 854 2214 908 ἑαυτὸν
2265 855 2365 923 τὴν
2424 853 2664 925 ἐξουσίαν
2725 854 2830 907 ἀπὸ
2885 856 2984 917 τῆς
3049 852 3255 927 μητρὸς
3309 850 3671 929 ἐφελκόμενος

2030 943 2117 996 τὸν
2150 943 2495 1018 πατριάρχὴν
2529 941 2797 1021 Νικόλαον
2841 941 2933 995 σὺν
2966 945 3044 1014 τῷ
3088 940 3367 1016 μαγίστρῳ
3417 942 3672 1017 Στεφάνῳ

2028 1031 2287 1108 ἀκήγαγεν
2349 1031 2398 1086 ἂν
2459 1038 2545 1104 τῷ
2590 1030 2868 1103 παλατίῳ,
2921 1029 3010 1085 καὶ
3066 1033 3134 1104 τῇ
3204 1029 3460 1103 ἐπαύριον
3518 1028 3670 1085 στέλ-

2029 1120 2213 1176 λουσιν
2251 1123 2510 1193 Ἰωάννην
2558 1123 2651 1193 τηὸν
2706 1115 2990 1189 Τουὸάκην
3048 1119 3149 1187 τήν
3206 1117 3522 1193 Αὐγοῦσταν
3578 1122 3675 1173 τοῦ

2027 1208 2295 1266 παλατίου
2325 1206 2706 1265 καταϐιϐάσαι.
2740 1211 2805 1284 έΗ
2846 1207 2902 1264 δὲ
2959 1210 3075 1282 μετ’
3120 1206 3395 1283 ὀλολυγῆς
3442 1207 3532 1262 xui
3574 1205 3670 1262 δα-

2026 1299 2205 1376 κρύων
2262 1305 2340 1372 τῷ
2391 1301 2612 1373 εαυτῆς⁴
2652 1298 3060 1374 προσπλακεῖσα
3115 1298 3219 1369 υἱῷ
3278 1297 3413 1370 πρὸς
3461 1298 3673 1371 σσμπάο

2012 1400 2170 1453 ,θειαν
2231 1388 2388 1444 αὐτὸν
2454 1390 2724 1463 μητρικήν
2785 1388 2873 1442 xui
2925 1388 3101 1441 οἶκτον
3164 1385 3394 1456 ἰκίνησε.
3439 1386 3530 1440 Διὸ
3583 1387 3673 1440 καί

2025 1500 2156 1556 φησι
2213 1480 2347 1549 πρὸς
2394 1478 2521 1542 τοὺς
2572 1476 2819 1551 ἄγοντας·
2857 1501 2883 1527 ‹‹
2918 1478 3140 1531 Ἐάσατε
3193 1475 3328 1531 εἶναι
3395 1476 3509 1548 μετ’
3538 1474 3675 1547 ἐμοῦ

2021 1570 2120 1638 τὴν
2157 1569 2365 1642 μητέρα
2400 1590 2525 1641 μου.
2563 1592 2585 1619 ι»
2620 1568 2687 1624 Οἱ
2719 1564 2777 1621 δὲ
2807 1567 2920 1638 ἅμα
2967 1570 3046 1637 τῷ
3090 1563 3242 1640 λόγῳ
3288 1563 3489 1634 ταύτην
3541 1585 3672 1618 κατ-

2024 1655 2235 1714 έλιπον.
2298 1652 2641 1731 Προεϐάλετο
2697 1652 2743 1709 δ’
2794 1656 2821 1709 6
2878 1652 3133 1729 βασιλεὺς
3185 1651 3502 1726 δομέστικον
3561 1657 3670 1706 τῶν

2025 1744 2266 1819 σχολῶν,
2328 1742 2705 1817 διαδεξάμενος
2780 1744 2868 1821 τρν
2929 1746 3146 1811 Φωκᾶν,
3203 1741 3294 1795 τὸν
3376 1741 3669 1815 μάγιστρον

2028 1836 2283 1905 Ἰωάννην
2317 1835 2405 1889 τὸν
2441 1830 2690 1908 Γαριδᾶν,
2722 1833 2819 1900 τὴν
2867 1830 2926 1885 ἐκ
2975 1835 3072 1885 τοῦ
3123 1828 3351 1890 Λέοντος
3411 1826 3672 1890 δεδοικὼς

2024 1920 2398 1976 ἐπανάστασιν.
2458 1919 2539 1990 Τῇ
2594 1918 2805 1988 αἰτήσει
2864 1937 2923 1972 τε
2978 1915 3175 1969 τούτου
3241 1908 3667 1988 προεϐλήθησαν

2025 2008 2250 2081 Συμεὼν
2285 2010 2312 2063 6
2344 2009 2460 2073 υίὸς
2512 2007 2674 2061 αὐτοῦ
2726 2005 2815 2061 καὶ
2870 2001 3147 2079 Θεόδωρος
3181 2004 3208 2058 6
3240 1999 3671 2078 γυναικάδελφος

2022 2097 2204 2166 αὐτοῦ,
2261 2100 2288 2153 6
2343 2098 2682 2171 Ζουφινέζερ,
2745 2096 3137 2170 έταιρειάρχαι.
3185 2095 3409 2166 ’Ὁρκοις
3464 2100 3523 2145 τε
3577 2088 3673 2145 οὖν

2021 2185 2389 2260 καταληφθεὶς
2447 2186 2549 2240 ὑπὸ
2604 2189 2702 2240 τοῦ
2761 2172 3029 2259 βασιλέως
3092 2178 3358 2248 κατῆλθεν
3437 2179 3512 2244 εἷς
3576 2181 3673 2234 τὸν

2023 2277 2168 2330 οἶκον
2229 2275 2413 2343 αὐτοῦ,
2470 2275 2560 2329 καὶ
2637 2280 2981 2347 παραχρῆμα
3040 2271 3090 2324 οἱ
3162 2273 3430 2344 συγγενεῖς
3506 2268 3674 2322 αὐτοῦ

2020 2363 2366 2433 ἀπελύθησαν
2416 2367 2522 2417 τῶν
2605 2361 2935 2437 βασιλείωνο
2996 2358 3127 2433 ὅπερ
3207 2359 3391 2431 μαθὼν
3462 2356 3670 2417 ἐκεῖνος

2022 2453 2230 2527 ἀγωνίᾳ
2275 2452 2365 2506 καὶ
2425 2446 2583 2526 φόϐῳ
2638 2448 3082 2524 ἐλήφθηηΕὒθὺς
3116 2444 3203 2507 οὖν
3239 2447 3669 2518 ἐξιππασάμενος

2019 2539 2232 2610 ἀπῆλθε
2287 2541 2420 2614 πρὸς
2479 2541 2571 2594 τὸν
2627 2539 2904 2611 Ῥωμανὸν
2975 2538 3066 2591 τὸν
3130 2533 3510 2611 δρουγγάριον,
3564 2536 3667 2604 τήν

2018 2625 2169 2705 ὕϐριν
2227 2631 2288 2698 ἣν
2349 2629 2549 2699 ὑπέστη
2609 2627 2817 2682 καὶτὸν
2852 2624 3313 2702 προπηλακισμὸν
3373 2621 3673 2698 διηγούμε-

2016 2740 2127 2782 νος.
2187 2720 2721 2793 Κοινοπραγήσαντες
2798 2714 2889 2770 οὖν
2962 2715 3051 2769 καὶ
3116 2713 3301 2788 ὅρκοις
3379 2711 3669 2782 ἀλλήλους

2014 2805 2588 2885 κατασφαλισάμενοι,
2668 2805 2759 2860 καὶ
2838 2802 3007 2874 κῆδος
3090 2802 3166 2865 εἷς
3256 2801 3383 2865 τοὺς
3456 2801 3664 2855 ἑαυτῶν

2016 2898 2380 2969 ποιησάμενοι
2438 2894 2656 2963 παῖδας,
2713 2894 2763 2948 ἐν
2840 2898 2920 2965 τῷ
2989 2897 3214 2969 κρυπτῷ
3286 2895 3540 2965 κατεῖχον
3601 2888 3667 2945 τὰ

2016 2983 2471 3057 σπουδαζόμενον.
2506 2987 2567 3041 Ὁ
2601 2982 2657 3038 δὶ
2704 2983 3004 3056 Ῥωμανὸς,
3036 2980 3254 3055 πέμψας
3315 2980 3391 3043 εἷς
3445 2980 3505 3033 τὸ
3565 3001 3668 3033 πα-

2017 3072 2202 3129 λάτιον
2234 3073 2480 3148 περὶτοῦ
2508 3071 2791 3147 γεγονότος
2850 3070 3195 3144 ἀπελογεῖτο,
3250 3069 3325 3141 μὴ
3376 3067 3663 3143 ἆνταρσίαν

250 3159 502 3216 leontem
550 3161 793 3216 accedit.
826 3162 1034 3216 Statim
1086 3162 1419 3234 Stephanus
1450 3164 1725 3234 magister
1772 3182 1799 3219 a

2113 3184 2153 3216 ιιι
2206 3161 2345 3235 μηδὲ
2383 3162 2674 3217 ἀπόστασιν
2719 3159 3024 3233 ὀμνύμενος
3084 3158 3149 3213 τὰ
3195 3157 3524 3233 πραχθέντα·
3560 3158 3662 3224 τήν

250 3250 388 3316 exit,
436 3254 493 3304 et
542 3250 775 3306 Nicetas
826 3251 1107 3322 patricius
1156 3252 1400 3308 Romani
1448 3254 1813 3309 necessarius
1845 3255 1903 3308 in

260 3337 546 3408 palatium
580 3340 642 3405 it,
669 3339 920 3411 indeque
954 3340 1344 3411 patriarcham
1368 3342 1629 3398 abducit.
1653 3343 1905 3414 Impera-

249 3432 341 3481 tor
371 3430 567 3482 autem
619 3428 819 3483 missis
848 3429 1194 3485 venerandis
1226 3446 1291 3485 ac
1322 3430 1566 3486 viviﬁcis
1614 3432 1804 3486 crucis
1834 3431 1904 3485 li-

250 3515 403 3586 gnis,
423 3532 454 3570 a
478 3516 740 3571 Romano
763 3517 1043 3572 adhibitis
1064 3518 1382 3572 dirissimis
1405 3519 1904 3576 exsecrationibus

250 3608 307 3657 et
348 3604 757 3674 jurejurandis
805 3605 1195 3676 gravissimis,
1223 3606 1543 3678 stipulatur
1574 3608 1724 3663 293
1759 3608 1904 3662 nihil

251 3708 513 3763 unquam
544 3708 676 3747 eum
711 3693 826 3748 doli
860 3695 1141 3749 adversus
1174 3695 1585 3766 imperatorem
1617 3697 1901 3767 cogitatu-

249 3797 411 3849 rum;
446 3780 739 3853 pauloque
785 3787 917 3854 post
966 3783 1300 3839 facultatem
1333 3785 1617 3839 redeundi
1650 3785 1706 3838 in
1743 3785 1900 3856 pala-

248 3868 398 3923 tium
432 3869 737 3941 permittit.
775 3871 840 3925 Et
891 3871 1229 3926 redeuntem
1282 3873 1575 3944 excipiens
1624 3875 1901 3945 precandi

248 3974 429 4014 causa
455 3958 516 4013 in
548 3959 835 4030 templum
858 3960 1013 4030 quod
1045 3965 1134 4015 est
1160 3961 1217 4015 in
1242 3961 1431 4016 Pharo
1462 3962 1716 4027 deducit,
1737 3964 1898 4018 data-

247 4064 362 4119 que
393 4047 470 4101 ibi
503 4053 558 4103 et
580 4052 815 4119 accepta
837 4048 949 4103 fide
982 4064 1258 4119 magnum
1291 4048 1663 4105 sodalitatum
1699 4053 1899 4122 praefe-

247 4140 407 4190 ctum
460 4141 636 4191 creat.
671 4136 879 4191 Statim
914 4142 968 4192 et
1000 4139 1072 4191 ad
1118 4144 1359 4193 Leonem
1397 4139 1645 4194 Phocam
1695 4138 1898 4196 littera:

247 4224 584 4293 mittuntur,
612 4224 829 4296 quibus
874 4225 1025 4280 bono
1057 4242 1186 4281 esse
1236 4228 1431 4283 animo
1464 4245 1650 4299 neque
1680 4228 1766 4284 vel
1800 4228 1899 4284 ab-

238 4313 424 4384 jicere
452 4328 617 4384 spem
653 4330 842 4384 neque
870 4314 1140 4386 iniquum
1172 4316 1493 4387 quidquam
1520 4316 1706 4371 moliri
1732 4318 1899 4388 jube-

248 4410 361 4467 lur,
395 4402 496 4457 sed
526 4402 718 4472 quiete
747 4403 903 4457 domi
946 4419 1064 4457 suae
1101 4405 1317 4459 exitum
1354 4406 1673 4476 praestolari
1714 4423 1727 4460 :
1762 4424 1896 4461 nam

2012 3256 2110 3306 τοῦ
2143 3257 2310 3306 Φωκᾶ
2340 3249 2397 3305 δὲ
2428 3250 2660 3305 ἐπίθεσιν
2710 3249 3081 3326 ὑφορώμενος,
3137 3247 3291 3324 φησὶ,
3322 3246 3411 3300 καὶ
3472 3242 3668 3309 δεδιὼς

2014 3341 2138 3415 περὶ
2193 3345 2290 3395 τοῦ
2343 3338 2612 3415 βασιλέως
2674 3340 2748 3411 μή
2798 3359 2850 3391 τι
2882 3336 2974 3402 xui
3006 3335 3147 3411 πάθῃ
3182 3335 3441 3413 φλαῦρον,
3471 3334 3521 3388 έν
3582 3339 3668 3407 τῷ

2014 3429 2266 3501 παλατίῳ
2324 3424 2615 3498 ἠϐουλήθη
2674 3426 2915 3481 ἀνελθεῖν
2976 3425 3065 3480 καὶ
3142 3422 3388 3499 φυλακὴν
3459 3422 3667 3478 τούτου

2015 3520 2339 3588 ποιήσασθαι
2394 3517 2484 3572 καὶ
2538 3521 2635 3571 τοῦ
2717 3513 3003 3591 βασιλέως.
3051 3516 3141 3583 Μὴ
3200 3513 3548 3574 πιστεύοντος
3607 3510 3667 3567 δὲ

2010 3605 2106 3662 τοῖ’)
2163 3608 2508 3681 πατριάρχου
2561 3602 2700 3679 μηδὲ
2755 3605 2822 3659 τὰ
2871 3603 3138 3678 λεγόμενα
3178 3600 3503 3677 δεχομένου,
3539 3600 3664 3655 έπι-

2014 3685 2241 3771 σπέρίει
2319 3693 2601 3769 Θεόδωρος
2692 3695 2719 3748 6
2773 3691 3129 3768 παιδαγωγὸς
3210 3692 3301 3747 τὸν
3355 3691 3664 3764 Ῥωμανὸν,

2012 3784 2211 3858 ἄραντα
2268 3785 2441 3839 πάντα
2494 3784 2584 3839 τὸν
2636 3780 2857 3852 στόλον,
2917 3782 3197 3856 ἀφικέσθαι
3254 3781 3391 3855 πρὸς
3442 3779 3505 3833 τὸ
3564 3783 3665 3834 τοῦ

2010 3874 2280 3930 παλατίου
2332 3875 2556 3945 νεώριον
2592 3873 2641 3927 ὲν
2682 3876 2763 3944 τῷ
2811 3868 3199 3933 Βουκολέοντι,
3229 3868 3546 3929 Μέλλοντος
3604 3866 3665 3923 δὲ

2006 3963 2202 4029 τούτου
2260 3961 2350 4018 xui
2406 3959 2799 4034 ἀναδυομένου,
2856 3961 2910 4015 οἱ
2975 3959 3111 4033 πρὸς
3182 3960 3281 4027 τὴν
3366 3956 3666 4027 λεληθυῖαν

2008 4053 2197 4127 πρᾶξιν
2280 4055 2471 4105 τοῦτον
2560 4049 2842 4125 ἐνάγοντες
2916 4049 3195 4103 ἀνέπεισαν
3280 4044 3370 4102 xui
3456 4042 3666 4100 ἄκοντα

2008 4147 2233 4210 ποιῆσαι
2317 4140 2379 4195 τὸ
2454 4138 2836 4213 κελευόμενον.
2892 4136 3113 4209 Ἀμέλει
3171 4136 3261 4191 xui
3316 4136 3433 4191 κατ’
3490 4134 3662 4204 αὐτὴν

2006 4232 2106 4298 τήν
2136 4231 2346 4303 ἡμέραν
2376 4235 2475 4297 τῆς
2506 4230 2697 4302 ἑορτῆς
2744 4232 2841 4281 τοῦ
2900 4225 3313 4301 Εὐαγγελισμοῦ
3372 4223 3665 4300 ἐξαρτύσας

2007 4320 2096 4373 τὸν
2157 4318 2351 4373 στόλον
2407 4316 2727 4389 πολεμικῶς
2783 4315 3084 4394 ἀφικνεῖται
3137 4314 3276 4389 πρὸς
3331 4312 3421 4368 τὸν
3454 4315 3663 4369 Βουκο-

2011 4405 2224 4463 λέοντα.
2263 4406 2361 4461 Καὶ
2420 4406 2691 4483 Στέφανος
2751 4405 2845 4478 μὲν
2897 4404 3053 4469 εὐθὺς
3110 4404 3137 4457 6
3175 4402 3467 4479 μάγιστρος
3526 4404 3662 4456 κάτ-

244 4489 435 4560 ipsius
493 4505 629 4544 mox
686 4489 954 4545 habitum
1006 4492 1075 4545 iri
1128 4493 1436 4548 rationem.
1479 4494 1793 4549 Constantii

2106 4542 2107 4545 η
2166 4500 2272 4550 τῶν
2336 4493 2650 4569 βασιλείων,
2684 4492 2849 4549 ἄνεισι
2879 4490 2936 4547 δὲ
2966 4494 2993 4547 6
3042 4492 3327 4568 πατρίκιος
3385 4492 3655 4560 Νικήτας,

246 4593 479 4650 quoque
497 4577 898 4633 cubicularius
925 4580 996 4635 ad
1021 4594 1152 4635 eum
1179 4582 1235 4634 in
1260 4583 1523 4636 eamdem
1545 4584 1896 4637 sententiam

245 4667 502 4723 scribere
533 4667 784 4739 cogitur.
810 4668 1032 4724 Phocas
1057 4669 1268 4725 litteris
1300 4671 1432 4726 istis
1463 4672 1715 4743 acceptis
1741 4673 1897 4727 domi

245 4772 388 4824 suae,
419 4773 598 4827 quam
638 4757 697 4812 in
729 4757 1094 4828 Cappadocia
1139 4758 1412 4825 habebat,
1447 4761 1639 4829 quiete
1668 4777 1730 4816 se
1761 4777 1895 4816 con-

240 4845 442 4900 tinuit.

2007 4583 2277 4655 κηδεστὴς
2305 4583 2377 4639 ὣν
2411 4574 2716 4656 Ῥωμανοῦ,
2747 4584 2835 4638 καὶ
2888 4581 3105 4655 κατάγει
3148 4582 3238 4636 τὸν
3281 4579 3656 4656 πατριάρχην.

2008 4676 2070 4728 Oi
2102 4672 2159 4728 δὲ
2189 4674 2311 4749 περὶ
2342 4674 2435 4728 τὸν
2472 4671 2699 4747 βασιλέα
2747 4673 2815 4728 τὰ
2863 4672 3021 4744 τίμια
3056 4671 3170 4736 καὶ
3231 4671 3473 4740 ζωοποιὰ
3520 4669 3660 4739 ξύλα

2006 4764 2316 4838 πέμψαντες
2373 4762 2509 4839 πρὸς
2566 4762 2657 4818 τὸν
2717 4761 2996 4834 Ῥωμανὸν
3071 4760 3161 4825 xui
3239 4759 3424 4834 ὅρκοις
3489 4759 3655 4814 αὐτὸν

2004 4850 2538 4930 κατασφαλισάμενοι
2623 4845 3024 4928 φοϐερωτάτοις
3081 4850 3167 4905 καὶ
3246 4850 3399 4924 ἀραῖς
3475 4845 3657 4903 παλα-

245 4962 592 5013 μναιοταταις
653 4940 927 5015 μηδέποτε
977 4942 1162 5000 δόλιον
1224 4947 1360 5000 κατὰ
1413 4950 1509 5001 τοῦ
1584 4946 1852 5022 βασιλέως
1924 4948 2294 5021 ἐννοήσασθαι,
2356 4954 2705 5025 συγχωροῦσι
2786 4950 2898 5021 μετ’
2978 4947 3179 5025 ὀλίγων
3252 4947 3411 5003 αὐτὸν
3494 4944 3657 5001 ἀνελ-

242 5035 351 5093 θεῖν
384 5029 538 5103 ἐντῷ
566 5028 843 5103 παλατίῳ.
880 5035 957 5105 [Ρ.
990 5035 1117 5106 617]
1161 5036 1362 5110 ’Όνπερ
1422 5032 1710 5107 δεξάμενος
1739 5037 1765 5089 ὀ
1803 5037 2056 5110 βασιλεὺς
2112 5034 2406 5094 ἀνελθόντα
2464 5038 2554 5093 καὶ
2604 5039 3052 5113 προσκυνήσαντα
3109 5035 3311 5111 εἶ’σάγιι
3367 5036 3503 5090 κατὰ
3556 5035 3652 5091 τὸν

241 5117 293 5172 ἐν
371 5123 450 5191 τῷ
534 5118 701 5195 Φάρῳ
777 5121 926 5188 ναὸν,
984 5123 1075 5176 xui
1140 5122 1347 5185 πίστεις
1424 5123 1571 5194 αὐτῷ
1646 5121 1771 5186 δοὺς
1838 5125 1927 5179 καὶ
2006 5122 2189 5181 λαϐὼν
2266 5127 2677 5203 προχειρίζεται
2750 5130 2944 5181 τοῦτον
3021 5125 3181 5200 μέγαν
3243 5122 3653 5199 έταιρειάρχην.

236 5217 541 5291 Γράμματα
623 5216 712 5272 οὖν
783 5217 938 5282 εὐθὺς
1005 5218 1191 5297 ὶφοίτα
1265 5224 1401 5299 πρὸς
1478 5224 1678 5276 Λέοντα
1742 5223 1831 5276 τὸν
1916 5230 2113 5279 Φωκᾶν
2201 5226 2275 5298 μὴ
2339 5224 2677 5299 ὀλιγωρῆσαι
2722 5220 2864 5295 μηδ’
2897 5226 3209 5298 ἀπογνῶναι
3276 5220 3417 5297 μηδὲ
3466 5223 3653 5279 σκαιόν

234 5335 287 5368 τι
352 5314 764 5390 βουλεύσασθαι,
796 5314 941 5371 ἀλλὰ
1006 5327 1327 5393 προσμεῖναι
1366 5322 1553 5395 μικρὸν
1614 5319 1839 5395 ἡσύχως
1902 5320 1955 5377 ἐν
2008 5326 2087 5394 τῷ
2148 5322 2331 5395 οῗκείῳ
2389 5320 2522 5394 οἷ’κῳ
2554 5319 3005 5398 διοριζόμεναὼς
3040 5320 3353 5396 μελλούσης
3402 5318 3652 5397 γενέσθαι

238 5399 330 5457 διὰ
413 5403 649 5480 βραχέος
728 5408 828 5470 τῆς
903 5404 1067 5461 αὐτοῦ
1146 5412 1423 5486 προνοίας.
1482 5410 1561 5465 Τὰ
1636 5408 1995 5486 παραπλήσια
2079 5408 2136 5465 δὲ
2191 5412 2394 5487 γράψαι
2452 5410 2588 5486 πρὸς
2643 5410 2804 5464 αὐτὸν
2860 5411 2948 5467 xui
3003 5412 3094 5466 τὸν
3154 5409 3650 5487 παρακοιμώμενον

235 5501 644 5586 κατηνάγκασαν
703 5506 1128 5564 Κωνσταντῖνον.
1194 5509 1367 5583 "Amp
1451 5506 1736 5583 δεξάμενος
1795 5509 1822 5563 ὁ
1882 5514 2079 5570 Φωκὶς
2150 5509 2383 5586 ἡσυχίαν
2458 5508 2584 5584 ἦγεν
2655 5506 2707 5563 έν
2782 5512 2861 5582 τῷ
2917 5508 3054 5565 κατὰ
3097 5510 3199 5580 τὴν
3260 5503 3642 5566 Καππαδοκίαν

238 5585 379 5664 οἷ’κῳ
413 5590 599 5651 αὐτοῦ.
