3966 6134
295 288 370 345 27
1655 297 1970 360 GEORGII
2013 296 2353 361 CEDRENI
3621 302 3704 363 28

296 421 491 475 castra
540 423 899 491 pervenisset
941 425 1199 494 Simeon,
1246 432 1302 482 et
1348 426 1609 499 diploma
1665 430 1927 485 exercitu

2060 429 2330 502 πτομένην
2364 430 2527 485 αὐτοῦ
2581 451 2846 505 πονηριαν
2905 432 3305 508 φανερώσαντα,
3357 429 3480 487 οὔτε
3532 430 3703 507 δομέ-

298 510 550 566 missum
583 512 887 568 recitatum
915 515 1164 586 ejusque
1195 518 1426 588 cognita
1456 522 1610 574 esset
1640 520 1947 587 sententia,

299 606 601 669 cceperunt
630 618 834 658 omnes
858 620 889 657 a
911 603 1096 659 Leone
1123 604 1191 659 ad
1218 606 1545 661 Romanum
1581 608 1948 679 imperatoris

300 693 523 758 patrem
556 690 900 746 desciscere.
940 693 1051 747 Leo
1100 695 1387 765 principio
1438 696 1655 752 frustra
1701 705 1947 752 conatus

301 778 639 848 diplomatis
670 779 978 837 lectionem
1014 784 1318 854 impedire,
1351 802 1485 839 mox
1516 786 1790 856 paulatim
1823 804 1883 841 se
1916 804 1948 841 a

298 869 421 922 suis
454 869 643 924 deseri
671 871 897 937 videns,
932 873 1256 942 desperatis
1302 875 1495 943 rebus,
1533 876 1664 947 fuga
1693 876 1945 930 salutem

300 958 584 1027 quaesivit.
619 960 687 1014 Et
719 960 1031 1017 comitatus
1077 962 1277 1033 paucis
1318 964 1671 1035 quibusdam
1702 982 1943 1020 suorum

298 1045 603 1103 fidissimis
634 1049 706 1103 ad
740 1049 1044 1105 castellum
1080 1052 1341 1122 pervenit
1368 1053 1461 1107 cui
1500 1070 1712 1109 nomen
1742 1056 1943 1111 Ateus.

299 1135 439 1190 Inde
471 1137 741 1208 repulsus
774 1139 1081 1195 castellum
1113 1142 1366 1197 obtinuit
1408 1142 1501 1197 cui
1553 1160 1766 1199 nomen
1797 1148 1945 1199 Goe-

297 1223 545 1292 leontos,
578 1228 747 1297 quasi
778 1228 1153 1298 ejulationem
1197 1232 1429 1298 Leonis,
1464 1232 1615 1287 malo
1663 1232 1942 1288 nimirum

297 1314 512 1369 omine.
546 1316 628 1370 Ibi
658 1333 690 1371 a
722 1317 1004 1373 Michaelo
1026 1321 1193 1375 Gravi
1228 1326 1284 1375 et
1316 1320 1519 1375 multis
1548 1322 1680 1376 aliis
1712 1322 1944 1392 agmine

295 1402 444 1458 facto
493 1405 738 1475 capitur.
778 1407 1087 1462 Mittuntur
1126 1425 1260 1480 ergo
1293 1410 1391 1480 qui
1438 1428 1569 1465 eum
1603 1410 1803 1483 Cpolin
1838 1412 1941 1466 ab-

294 1492 534 1557 ducant,
564 1494 822 1550 Joannes
851 1496 1115 1552 Tubaces
1146 1504 1201 1553 et
1247 1500 1350 1554 Leo
1382 1500 1669 1565 Pastelas;
1704 1500 1861 1571 iique
1890 1501 1942 1555 ei

292 1580 493 1636 oculos
524 1590 760 1648 eruunt,
787 1586 907 1640 sive
937 1586 1183 1656 occulto,
1212 1592 1274 1642 ut
1306 1588 1545 1659 quidam
1578 1589 1801 1655 dicunt,
1836 1590 1942 1644 Ro-

292 1670 449 1723 mani
474 1672 675 1739 jussu,
706 1672 845 1742 sive,
871 1676 1024 1744 quod
1077 1676 1372 1732 Romanus
1415 1678 1806 1746 asseverabat,
1840 1679 1939 1749 qui

288 1768 347 1813 et
384 1758 585 1830 inique
615 1761 723 1815 hoc
772 1767 835 1817 ut
884 1762 1114 1819 nolente
1164 1782 1225 1820 se
1274 1766 1488 1821 factum
1523 1767 1671 1822 ferre
1700 1767 1937 1822 videba-

288 1852 404 1991 Lur,
438 1864 547 1903 sua
588 1855 815 1921 sponte.
850 1852 953 1907 Hic
1006 1854 1139 1909 ﬁnis
1188 1854 1301 1909 fuit
1349 1855 1682 1911 rebellionis
1733 1856 1932 1912 Phocas

339 1953 520 1991 eonis.

339 1953 520 1993 εοῑιιε.

1962 1815 2009 1879 Β

2060 540 2242 574 στικον
2278 521 2409 573 εἶναι
2470 519 2746 594 βουλεται,
2793 517 2906 583 οὔθ’
2937 516 3023 574 ἕνα
3061 521 3227 593 κρίνει
3277 525 3381 575 τῶν
3417 518 3703 596 ὑπηκόων,

2059 606 2185 662 ἀλλ’
2216 608 2524 678 ἀποστάτην
2557 610 2642 663 καὶ
2676 608 2953 684 τύραννον,
2985 609 3072 662 καὶ
3105 610 3281 683 χωρὶς
3315 608 3451 683 ἐμῆς
3489 609 3702 684 βουλῆς

2056 697 2153 764 τὴν
2196 697 2452 768 τοιαύτην
2515 696 2800 771 ἀνταρσίαν
2853 700 3209 768 συστήσαντα,
3264 697 3338 752 ⁹ίν’
3392 699 3466 761 εἷς
3511 700 3703 753 ἑαυτὸν

2055 787 2117 839 τὸ
2175 794 2273 854 τῆς
2334 785 2613 860 βασιλείας
2660 786 3023 857 ἐπισπάσηται
3090 786 3308 857 κράτος.
3368 790 3547 844 Τοῦτο
3606 787 3701 842 οὖν

2057 872 2238 944 εἴδὼς,
2271 877 2298 929 6
2330 875 2460 947 έμὸς
2494 875 2641 947 λαὸς,
2692 876 2753 930 τὸ
2786 873 2901 930 δέον
2936 876 3165 930 συνιέναι
3200 878 3453 949 θέλησον,
3484 877 3573 931 καὶ
3604 879 3701 931 τὸν

2054 965 2384 1039 προγονικὸν
2435 964 2685 1040 ἐπιγνοὺς
2736 962 3002 1034 δεσπότην
3061 972 3161 1034 τῆς
3207 971 3404 1034 πικρᾶς
3448 966 3705 1041 τυραννί-

2056 1052 2147 1116 δος
2179 1054 2468 1125 ἀπόστηθι.
2506 1079 2532 1105 ››
2564 1058 2667 1107 Τοῦ
2716 1052 2773 1108 δὲ
2819 1054 3044 1125 Συμεὼν
3100 1053 3399 1129 γενομένου
3431 1056 3567 1109 κατὰ
3595 1056 3699 1123 τὴν

2053 1139 2412 1215 παρεμϐολὴν
2462 1145 2549 1197 καὶ
2597 1143 2658 1196 τὸ
2714 1138 3156 1217 χρυσοϐούλλιον
3197 1147 3440 1220 φανερῶς
3489 1141 3695 1215 ἐκπέμ-

2052 1234 2251 1303 ψαντος
2278 1236 2357 1303 τῷ
2387 1230 2529 1303 λαῷ,
2580 1232 2653 1293 ὡς
2700 1236 2861 1285 τοῦτο
2912 1230 3217 1307 ἀνάγνωσαν
3266 1231 3357 1285 καὶ
3397 1231 3488 1286 τὸν
3530 1232 3705 1286 αὖτιιῦ

2052 1324 2176 1374 νοῦν
2223 1316 2574 1389 κατενόησαν,
2623 1318 2854 1393 ἤρξαντο
2900 1319 3094 1381 πάντες
3136 1320 3442 1394 ἀναχωρεῖν
3490 1319 3580 1374 καὶ
3618 1324 3701 1391 τῷ

2057 1407 2476 1482 βασιλεοπάτορι
2526 1408 2884 1483 προσρύεσθαι
2939 1413 3220 1481 Ῥωμανῷ.
3282 1409 3340 1465 Ὁ
3392 1405 3447 1462 δε
3501 1413 3702 1469 Φωκᾶς

2050 1502 2266 1571 πρῶτον
2330 1498 2425 1569 μὲν
2475 1497 2746 1571 πειραθεὶς
2804 1499 2903 1565 τὴν
2956 1496 3250 1572 ἀνάγνωσιν
3302 1496 3544 1552 κωλῦσαι
3598 1501 3701 1551 τοῦ

2050 1582 2493 1662 χρυσοόουλλίου
2550 1587 2640 1641 καὶ
2701 1589 2775 1659 μὴ
2836 1584 3107 1656 δυνηθεὶς,
3136 1588 3246 1640 εἶτα
3270 1585 3358 1640 καὶ
3396 1585 3699 1662 ὑποῤῥέου-

2050 1698 2143 1731 σαν
2196 1678 2331 1731 κατὰ
2391 1677 2582 1748 μικρὸν
2642 1678 2739 1744 τὴν
2799 1675 2963 1730 αὐτοῦ
3020 1674 3237 1750 βλέπων
3292 1672 3541 1747 δύναμιν,
3573 1680 3697 1737 τοῖς

2049 1765 2202 1827 ὅλοις
2232 1765 2543 1840 ἀπειρηκὼς
2592 1769 2734 1839 φυγῇ
2781 1765 2877 1833 τὴν
2931 1764 3201 1837 σωτηρίαν
3235 1762 3695 1838 ἐπραγματεύετο,

2048 1855 2135 1908 καὶ
2168 1855 2299 1927 μετά
2328 1874 2490 1907 τινων
2552 1851 2752 1928 ὀλίγων
2802 1856 2911 1906 τῶν
2955 1852 3289 1907 πιστοτάτων
3338 1853 3401 1906 τὸ
3432 1851 3694 1927 φρούριον

2047 1938 2339 1999 κατέλαϐεν
2400 1941 2644 2003 Ἀτεοῦς.
2696 1941 3115 2017 Ἀποκρουσθεὶς
3165 1939 3212 1995 δ’
3242 1940 3440 2005 ἐκεῖθεν
3473 1937 3524 1994 ἔν
3554 1962 3693 1995 τινι-

289 2023 487 2098 χωρίῳ
533 2028 868 2095 κατήντησεν
928 2030 955 2083 ὃ
1004 2030 1418 2103 κατωνομάζετο
1476 2032 1845 2103 Γοηλήοντος,
1896 2033 1924 2087 ὃ
1977 2032 2066 2087 καὶ
2126 2037 2363 2108 φανερῶς
2409 2029 2612 2101 ἐδήλου
2670 2031 2753 2098 ὠὴ
2814 2031 3055 2085 Λέοντι·
3116 2031 3333 2085 κάκεῖσε
3388 2029 3534 2104 παρὰ
3582 2032 3695 2086 Μι-

289 2111 443 2186 χαὴλ
498 2118 595 2168 τοῦ
654 2117 849 2190 Βαρέος
896 2118 985 2171 καί
1041 2140 1199 2173 τινων
1286 2118 1471 2174 ἄλλων
1548 2120 1816 2177 πλείστων
1874 2120 1956 2174 ἐπ’
2040 2120 2198 2175 αὐτὸν
2250 2121 2555 2175 συστάντων
2635 2114 3099 2191 συλλαμϐάνεται.
3148 2116 3441 2174 Στέλλεται
3508 2116 3695 2173 τοίνυν

290 2200 543 2271 Ἰωάννης
595 2204 622 2257 6
682 2200 963 2276 Τουϐάκης
1022 2208 1108 2261 καὶ
1164 2210 1314 2263 Λέων
1374 2211 1401 2263 6
1452 2209 1740 2279 Παστηλᾶς
1800 2210 2102 2284 εἰσαγαγεῖν
2159 2210 2318 2264 αὐτὸν
2378 2209 2452 2271 είς
2493 2211 2590 2277 τὴν
2655 2207 3064 2284 βασιλεύουσαν.
3128 2209 3191 2261 Οἱ
3242 2205 3300 2261 δὲ
3349 2212 3541 2262 τοῦτον
3567 2228 3703 2282 κρα-

286 2291 547 2359 τήσαντες
607 2293 1021 2368 ἀπετύφλωσαν,
1082 2298 1156 2358 ὡς
1216 2298 1308 2370 μέν
1365 2294 1497 2352 ἔνιοι
1557 2296 1802 2372 λέγουσιν
1857 2298 2083 2366 ἐντολὴν
2135 2298 2393 2371 λαθραίαν
2464 2292 2723 2358 λαϐόντες
2780 2295 2838 2351 έκ
2885 2293 3194 2368 Ῥωμανοῦ,
3227 2297 3301 2357 ὠς
3362 2293 3408 2349 δ’
3458 2296 3510 2349 οἳ
3568 2296 3700 2370 περὶ

286 2379 377 2433 τὸν
430 2380 709 2453 Ῥωμανὸν
797 2381 1148 2456 διενίσταντο,
1236 2386 1536 2461 αὐθαιρέτῳ
1592 2388 1785 2462 γνώμῃ
1856 2410 1943 2443 και
2029 2387 2385 2462 προαιρέσει·
2474 2386 2561 2441 καὶ
2619 2386 2719 2462 γὰρ
2780 2384 2845 2455 δὴ
2905 2386 2994 2439 καὶ
3052 2383 3226 2440 ἐδόκει
3285 2385 3602 2458 ἀγανακτεῖν
3672 2387 3701 2439 6

284 2468 571 2540 Ῥωμανὸς
602 2471 675 2532 ὡς
702 2472 847 2549 παρὰ
873 2475 973 2543 τὴν
1006 2473 1170 2530 αὐτοῦ
1218 2475 1438 2545 θέλησιν
1504 2477 1794 2552 γεγονότος
1851 2482 1947 2532 τοῦ
1996 2472 2174 2551 ἔργου.
2233 2480 2291 2533 Ἦ
2353 2477 2447 2550 μὲν
2505 2477 2594 2530 οὗν
2652 2479 2749 2530 τοῦ
2807 2476 3034 2537 Λέοντος
3085 2473 3385 2529 ἀποστασία
3440 2471 3697 2528 τοιοῦτον

287 2553 414 2631 ἔσχε
443 2559 504 2612 τὸ
535 2558 715 2622 τέλος.

355 2650 504 2705 297
547 2650 685 2706 Aliae
719 2668 888 2723 porro
918 2653 1144 2709 insidias
1177 2655 1437 2711 Romano
1470 2661 1609 2712 sunt
1638 2662 1870 2712 structae
1902 2674 1927 2712 ε

2060 2652 2083 2723 ἥ
2141 2655 2377 2724 Συνέστη
2422 2654 2479 2708 δὲ
2528 2653 2618 2708 καί
2678 2652 2830 2728 ἑτέρα
2888 2647 3155 2720 ἐπιϐουλὴ
3201 2651 3335 2706 κατὰ
3380 2655 3696 2722 Ῥωμανοῦ,

288 2735 669 2792 Constantino
692 2740 946 2808 quodam
968 2742 1326 2812 Ctemateno,
1350 2743 1560 2799 Davido
1582 2743 1931 2813 Cumiliano,

286 2829 343 2878 et
382 2823 664 2881 Michaelo
715 2832 982 2883 curatore
1031 2846 1479 2901 manganorum.
1510 2832 1553 2887 Ii
1601 2832 1931 2888 adolescen-

287 2911 445 2966 tibus
478 2914 832 2984 quibusdam
866 2918 1107 2974 armatis
1158 2920 1458 2991 negotium
1506 2922 1792 2976 dederunt
1822 2923 1931 2976 Ro-

289 3001 468 3071 mani,
491 3019 624 3057 cum
658 3004 707 3059 is
736 3010 1012 3061 venatum
1038 3008 1237 3077 exiret,
1266 3008 1682 3065 interficiundi.
1707 3011 1932 3074 Quibus

286 3091 539 3161 cognitis
587 3098 644 3149 et
691 3097 1151 3166 comprehensis.
1194 3099 1533 3155 auctoribus
1581 3100 1929 3155 insidiarum

286 3179 439 3235 oculi
488 3187 627 3236 sunt
674 3184 891 3251 effossi,
922 3191 976 3240 et
1008 3185 1246 3242 ludibrii
1299 3204 1478 3243 causa
1525 3205 1627 3260 per
1674 3189 1929 3245 medium

287 3270 473 3325 forum
507 3272 915 3345 circumducti,
942 3275 1211 3348 interque
1237 3293 1335 3333 eos
1359 3279 1469 3335 Leo
1501 3279 1726 3336 Phocas
1757 3280 1929 3335 mulae

283 3358 568 3417 insidens.

350 3538 636 3593 Accusata
664 3544 753 3595 est
784 3542 959 3597 etiam
1000 3544 1108 3599 Zoe
1152 3544 1496 3616 imperatrix
1526 3546 1694 3617 quasi
1726 3559 1925 3600 necem

282 3627 540 3683 Romano
590 3633 743 3684 esset
791 3631 1147 3701 machinata,
1179 3639 1235 3688 et
1286 3633 1499 3705 palatio
1548 3635 1824 3690 submota
1861 3650 1926 3687 ac

280 3732 413 3770 rasa
440 3715 499 3771 in
530 3721 951 3776 monasterium
974 3722 1031 3776 S.
1057 3722 1389 3794 Euphemite
1412 3724 1664 3778 detrusa.
1694 3725 1926 3793 Ejectus

279 3804 456 3860 etiam
501 3810 590 3860 est
635 3808 776 3863 urbe
806 3809 1279 3881 Theophylactus
1308 3813 1604 3883 patricius,
1639 3830 1703 3867 ac
1734 3811 1926 3867 Theo-

280 3893 459 3949 dorus
491 3894 863 3967 imperatoris
913 3901 1281 3971 paedagogus,
1314 3903 1560 3972 ejusque
1608 3917 1925 3972 germanus

279 3982 535 4053 Simeon,
562 3986 716 4055 quod
749 3987 807 4041 in
840 3988 1169 4044 Romanum
1215 3989 1438 4062 aliquid
1489 3990 1675 4045 moliti
1706 3994 1921 4057 essent,

271 4072 547 4143 jussique
597 4074 656 4129 in
703 4076 936 4146 Opsicio
990 4078 1216 4149 degere.
1250 4081 1332 4133 Ad
1385 4081 1486 4135 hos
1531 4079 1925 4151 deportandos

278 4178 514 4233 operam
545 4164 794 4219 contulit
820 4165 1073 4221 Joannes
1106 4168 1361 4223 Curcuas
1393 4169 1747 4241 drungarius
1778 4169 1924 4237 vigi-

278 4248 386 4317 liae,
423 4249 522 4320 qui
561 4267 661 4306 eos
708 4252 902 4307 subito
931 4259 1195 4326 arreptos
1226 4257 1473 4313 navibus
1503 4257 1563 4312 in
1594 4258 1921 4329 oppositam

277 4338 672 4395 continentem
701 4341 949 4412 trajecit.

350 4518 711 4589 Septembris
752 4522 973 4578 mensis
1021 4522 1113 4579 die
1159 4524 1228 4578 24
1274 4524 1533 4580 Romano
1564 4526 1803 4581 Caesaris
1835 4526 1923 4581 di-

276 4608 471 4678 gnitas
489 4608 679 4664 delata
700 4614 807 4677 est,
826 4618 878 4665 el
900 4628 1099 4668 mense
1120 4614 1417 4669 Decembri
1438 4614 1814 4685 imperatorio
1836 4620 1923 4671 est

276 4698 581 4755 redimitus
600 4699 948 4770 diademate,
965 4719 997 4757 a
1015 4704 1347 4773 patriarcha
1362 4704 1919 4777 Nicolao,permissu

274 4787 665 4859 imperatoris.
701 4794 1026 4846 Coronatus
1058 4798 1252 4847 autem
1288 4794 1381 4848 die
1414 4810 1713 4849 sacrorum
1746 4794 1921 4849 lumi-

271 4892 413 4931 num
448 4894 685 4933 uxorem
711 4895 945 4951 quoque
974 4897 1143 4936 suam
1176 4881 1539 4937 Theodoram
1572 4889 1829 4949 coronat,
1863 4888 1919 4939 et

270 4981 473 5020 mense
490 4966 763 5035 Maio,die
784 4968 1135 5025 Pentecoste
1152 4971 1300 5026 297
1327 4987 1512 5037 sacro,
1529 4971 1717 5027 ﬁlium
1742 4972 1917 5028 etiam

267 5070 443 5110 suum
502 5054 936 5127 Christiferum,
986 5058 1365 5117 Constantino
1425 5060 1621 5133 palam
1679 5060 1919 5132 quidem

2043 2745 2187 2819 παρά
2242 2764 2388 2804 τινος
2458 2742 2833 2803 Κωςταντίνου
2904 2745 3293 2815 Κτηματηνοῦ,
3357 2735 3521 2795 Δαϐἰδ
3590 2747 3698 2794 τοῦ

2044 2830 2464 2906 Κουμουλιανοῦ
2515 2832 2603 2886 καὶ
2671 2831 2901 2907 Μιχαὴλ
2958 2832 3302 2905 κουράτωρος
3370 2834 3474 2884 τῶν
3548 2851 3692 2903 μαγ-

2039 2922 2213 2997 γάνων
2246 2924 2357 2995 (62)
2392 2941 2405 2953 θ
2461 2922 2608 2976 οὗτοι
2657 2921 2761 2995 γὰρ
2810 2920 3020 2981 νεανίας
3062 2920 3214 2981 τινὰς
3258 2917 3693 2981 καθοπλίσαντες

2041 3011 2175 3065 κατὰ
2202 3009 2264 3064 τὸ
2322 3011 2579 3083 κυνήγιον
2622 3008 2903 3079 έξελθόντα
2935 3011 3042 3082 (63)
3100 3010 3192 3063 τὸν
3252 3007 3529 3080 Ῥωμανὸν
3588 3006 3691 3060 έπ-

2042 3098 2326 3174 ετρέψαντο
2381 3096 2830 3173 διαχειρίσασθαι.
2883 3100 2975 3151 Ὧν
3025 3096 3394 3172 γνωσθέντων,
3428 3095 3517 3149 καὶ
3552 3092 3695 3148 συλ-

2041 3186 2337 3261 ληφθέντες
2370 3188 2420 3240 oi.
2450 3194 2550 3255 τῆς
2590 3181 2891 3255 ἐπιϐουλῆς
2942 3186 3291 3261 πρωτουργοὶ
3320 3182 3447 3248 τοῦς
3476 3182 3690 3261 ὀφθαλ-

2045 3277 2179 3350 μοὺς
2212 3276 2571 3351 έπηρώθησαν
2622 3275 2712 3329 καὶ
2771 3272 2860 3329 διὰ
2920 3276 3088 3347 μέσης
3139 3282 3241 3345 τῆς
3296 3275 3497 3350 ἀγορᾶς
3530 3293 3694 3347 περι-

1958 3406 2000 3469 C
2040 3369 2309 3441 ήχθησαν.
2346 3368 2519 3430 Συνῆν
2569 3362 2625 3418 δέ
2665 3364 2831 3437 ταύτῃ
2877 3367 2944 3437 τῇ
2996 3364 3174 3437 ἀτίμῳ
3223 3367 3539 3439 περιαγωγῇ
3592 3362 3689 3418 καὶ

2039 3457 2188 3509 Λέων
2222 3456 2250 3508 6
2284 3459 2501 3522 Φωκᾶς,
2532 3452 2751 3526 ἡμιόνῳ
2782 3453 3124 3530 ἐφεζόμενος.

2109 3542 2465 3618 Κατηγορήθη
2501 3540 2557 3596 δὲ
2588 3542 2676 3596 καὶ
2711 3543 2839 3611 Σωή
2870 3545 2904 3612 ἠ
2952 3539 3168 3616 βασιλὶς
3198 3545 3265 3615 τῇ
3302 3544 3413 3614 ζωῇ
3448 3536 3683 3597 ἐπιϐου-

2035 3632 2268 3688 λεύουσα
2297 3637 2392 3687 τοῦ
2447 3634 2747 3704 Ῥὦμκνοῦ,
2778 3630 2868 3685 καὶ
2916 3635 3011 3685 τοῦ
3063 3629 3334 3685 παλασίου
3363 3631 3680 3705 κατάγεται,

2033 3722 2127 3776 κάν
2155 3726 2223 3795 τῇ
2264 3729 2364 3791 τῆς
2416 3721 2601 3796 Ἀγίας
2652 3719 2940 3798 Εὐφημίας
2973 3724 3113 3794 μονῇ
3160 3719 3526 3793 ἀποκείρεται.
3563 3720 3683 3792 Ἐξ-

2035 3807 2243 3881 εϐλήθη
2279 3809 2336 3865 δὲ
2362 3817 2461 3879 τῆς
2493 3808 2708 3871 πόλεως
2738 3809 2825 3863 καὶ
2858 3808 3236 3883 Θεοφύλακτος
3267 3808 3569 3883 πατρίκιος,
3588 3809 3682 3864 καὶ

2034 3900 2315 3973 Θεόδωρος
2342 3900 2383 3953 ὁν
2418 3896 2766 3973 παιδαγωγὸς
2810 3902 2909 3953 τοῦ
2963 3896 3255 3973 βασιλέως,
3288 3897 3376 3951 καὶ
3409 3898 3436 3951 6
3480 3897 3683 3952 τούτου

2034 3989 2286 4061 ὁμαίμων
2323 3989 2572 4061 Συμεὼν,
2610 3990 2691 4059 [Ρ.
2724 3989 2849 4059 619]
2899 3986 2988 4041 καὶ
3039 3986 3091 4041 ἐν
3132 3991 3211 4057 τῷ
3246 3986 3444 4059 ὸψικίῳ
3476 3983 3683 4061 διάγειν

2033 4077 2357 4153 ἐτάχθησαν,
2421 4079 2496 4139 ὡς
2552 4076 2695 4152 τάχα
2765 4076 2903 4131 κατὰ
2974 4077 3258 4147 Ῥωμανοῦ
3322 4073 3682 4147 μελετῶντες,

2033 4167 2369 4242 Ὑπούργῃσε
2416 4164 2472 4221 δὶ
2518 4166 2653 4241 πρὸς
2699 4166 2789 4220 τὸν
2835 4164 3219 4237 ἐξοτρακισμὸν
3260 4168 3367 4219 τῶν
3409 4164 3683 4219 τοιούτων

2034 4257 2061 4310 6
2117 4254 2473 4332 δρουγγάριος
2518 4262 2617 4324 τῆς
2688 4253 2878 4329 βίγλας
2945 4254 3199 4324 Ἰωαννης
3253 4253 3280 4306 6
3338 4252 3680 4327 Κουρκοῦας,

2032 4343 2300 4419 αιφνίὸιον
2359 4346 2697 4418 συναρπάσας
2757 4343 2951 4405 αὐτοὺς
3016 4343 3105 4397 καὶ
3164 4340 3387 4404 πλοίοις
3444 4341 3519 4403 είς
3574 4343 3684 4411 τὴν

2030 4432 2253 4509 περαίαν
2287 4428 2622 4496 διαϐιϐάσας.

2102 4527 2187 4597 Τῇ
2221 4520 2277 4577 δὲ
2305 4519 2388 4577 κδ’
2448 4526 2543 4577 νοῦ
2600 4515 2979 4597 Σεπτεμϐρίου
3034 4521 3207 4593 μηνὸς
3265 4520 3511 4595 ἀνάγεται
3552 4520 3686 4574 Ῥω-

2036 4612 2199 4686 μανὸς
2234 4611 2309 4673 εἰς
2356 4612 2452 4679 τὴν
2511 4615 2607 4665 τοῦ
2667 4609 2933 4683 Καίσαρος
2992 4608 3162 4679 ἀξίαν,
3211 4608 3301 4664 καὶ
3360 4602 3681 4681 Δεκεμϐρίῳ

2035 4702 2167 4775 μηνὶ
2196 4706 2273 4773 τῷ
2303 4707 2403 4769 τῆς
2438 4698 2715 4776 βασιλείας
2766 4694 2921 4768 διαδή
2937 4719 3061 4771 ματι
3101 4698 3367 4775 στέφεται,
3402 4696 3679 4772 ἐπιτροπῇ

1952 4777 2124 4846 Ι)τοῦ
2177 4788 2444 4865 βασιλέως
2498 4788 2921 4855 Κωνσταντίνου,
2952 4792 3048 4841 τοῦ
3104 4786 3445 4862 πατριάρχου
3505 4788 3678 4843 Νικο-

2033 4878 2169 4935 λάου
2201 4880 2361 4934 αὗτὸν
2396 4875 2759 4948 ἀναδήσαντος
2797 4898 2809 4910 ·
2866 4877 3141 4950 Ῥωμανὸς
3176 4873 3233 4930 δὲ
3260 4874 3567 4939 ταινιωθεὶς
3595 4880 3680 4948 τῷ

2037 4968 2307 5045 βασιλικῷ
2365 4964 2660 5040 διαδήματι
2721 4966 2897 5043 στέφει
2948 4966 3065 5019 κατ’
3122 4964 3287 5034 αὐτὴν
3331 4966 3432 5033 τὴν
3463 4965 3678 5039 ἡμέραν

2029 5063 2137 5115 τῶν
2171 5058 2333 5135 ἁγίων
2365 5058 2570 5115 Φώτων
2607 5058 2717 5131 (64)
2764 5054 2854 5111 καὶ
2906 5055 3005 5124 τὴν
3066 5054 3257 5112 εαυτοῦ
3288 5056 3518 5129 σύζυγον
3541 5059 3681 5111 Θεο-

1463 5214 1834 5269 XYLANDRI
1875 5214 1966 5270 ET
2007 5213 2225 5271 GOARI
2264 5212 2498 5268 NOTIE.

337 5334 447 5403 (62)
474 5333 739 5390 Curatore
766 5351 1194 5405 manganorum,
1235 5339 1292 5393 id
1343 5343 1451 5405 est,
1477 5338 1824 5395 balistarum
1855 5342 1912 5394 et

266 5403 843 5491 aliorumjd‘ge‘nus
889 5403 1340 5491 tormentorum,
1380 5403 1445 5466 ut
1492 5412 1652 5491 alibi.
1686 5411 1819 5491 ΧΠ..
1844 5441 1912 5491 τ·-

266 5475 337 5529 Ut
364 5477 562 5554 palatii
589 5483 645 5533 et
661 5475 1039 5554 illiusaerarii
1066 5499 1266 5538 curam
1294 5475 1537 5554 gereret,
1562 5485 1715 5538 sicut
1744 5482 1911 5551 regiae

2093 5338 2203 5409 (63)
2237 5337 2546 5404 Fortassis,
2570 5352 2713 5409 cum,
2734 5336 2886 5408 apud
2930 5334 3245 5409 Cynegium
3269 5334 3400 5409 (loci
3434 5350 3670 5409 nomen,

2022 5405 2170 5466 forte
2183 5409 2281 5464 ubi
2298 5410 2358 5465 in
2373 5410 2516 5465 urbe
2527 5405 2866 5465 venationes
2883 5405 3227 5479 edebantur)
3241 5405 3521 5479 prodiret.
3532 5405 3667 5479 ΧΠ..

2092 5481 2206 5551 (64)
2241 5485 2385 5537 Puto
2419 5498 2547 5537 esse
2596 5498 2766 5553 quem
2816 5480 2961 5537 alias
3012 5477 3665 5553 Puriﬁc’ationis‘Mariaa

264 5548 569 5625 praecipuae
596 5552 1005 5625 ‘curopalates.
1038 5554 1198 5609 Circa
1247 5548 1540 5611 machinas
1587 5561 1643 5610 et
1689 5548 1913 5611 balista:
2018 5548 2249 5625 vocant,
2302 5548 2627 5610 Lichtmess:
2670 5557 2812 5611 XYL.
2852 5583 2921 5594 ——
2967 5550 3203 5625 Cecutit
3257 5549 3665 5625 Xylander__i_n

263 5625 521 5687 nugatur
550 5622 642 5679 hic
673 5622 1039 5682 scholiastes.
1070 5626 1251 5682 Goaa.

2020 5620 2268 5693 lumine,
2288 5630 2345 5684 et
2374 5642 2490 5699 quo
2520 5630 2731 5701 purget
2760 5625 2961 5683 oculos
2990 5622 3226 5697 collyrio
3255 5639 3404 5696 opus
3434 5625 3526 5680 est
3556 5620 3666 5693 illi,
