3966 6134
267 320 337 378 31
1623 326 1938 388 GEORGII
1983 324 2325 386 cannam
3589 327 3676 385 32

266 454 567 511 detrusum
599 458 857 513 secundo
889 458 1106 527 loco,se
1136 461 1330 531 priore
1363 465 1775 533 imperatorem
1796 459 1909 514 dici
1941 464 1995 528 Α
2025 458 2238 511 στάσιον
2275 500 2287 524 ,

259 544 837 615 jussit,praetendens
868 547 1018 603 hanc
1040 566 1213 603 unam
1244 551 1394 605 299
1419 567 1547 605 esse
1565 549 1912 605 insidiarum

267 636 716 689 evertendarum
750 636 1059 690 rationem.
1098 641 1183 692 Ita
1216 641 1287 693 ob
1321 656 1412 693 res
1443 639 1627 693 ﬂuxas
1687 646 1744 693 et
1800 638 1914 692 im-

269 719 495 789 perium
530 725 819 777 caducum
854 724 1153 780 Romanus
1180 728 1421 798 perjurii
1462 744 1523 781 se
1554 727 1831 799 obligavit
1860 731 1915 781 et

268 825 301 861 a
338 810 448 864 Deo
481 812 850 868 abalienavit.
889 814 987 869 Hic
1020 821 1143 870 erat
1173 833 1367 872 rerum
1408 817 1767 871 urbanarum
1800 822 1915 870 sta-

266 900 385 954 tus.

2351 458 2483 529 ὑπὲρ
2532 461 2629 511 τοῦ
2691 456 2955 531 βασιλέως
3013 454 3169 526 δῆθεν
3222 456 3671 531 ἀγωνιζόμενον·

2024 547 2113 600 καὶ
2159 551 2264 600 τῶν
2298 545 2482 600 αἷτίων
2544 546 2918 619 συσχεθέντων
2949 542 3173 609 ἕκαστος
3227 546 3363 600 κατὰ
3399 546 3461 600 τὸ
3515 543 3678 615 δόξαν

2024 635 2342 708 ἐτιμωρήθη
2403 640 2481 705 τῷ
2534 634 2750 709 βασιλεῖ
2807 634 3073 707 Ῥωμανῷ
3148 640 3245 688 τοῦ
3321 634 3674 690 Ἀναστασίου

2023 723 2387 795 ἀποκαρέντος
2420 728 2691 798 μοναχοῦ.
2728 725 2813 794 Ἐξ
2845 725 2913 792 ἧς
2945 724 3118 785 αἰτίας
3169 723 3259 777 καὶ
3307 725 3335 777 6
3386 726 3675 779 Κωνσταν-

2022 819 2171 874 τῖνος
2206 807 2609 881 ὑποϐιϐάζεται,
2663 814 2753 866 καὶ
2810 810 3056 888 δεύτερος
3106 812 3462 887 ἀνηγορεύετο
3516 813 3675 886 βασι-

2025 901 2173 971 λεῦς,
2204 907 2420 976 πρῶτος
2452 899 2508 956 δέ
2539 903 2567 956 6
2604 902 2901 974 Ῥωμανὸς,
2960 900 3436 977 προφασισάμενος
3495 902 3674 963 οὕτως

280 988 461 1059 μόνως
518 986 740 1043 δυνατὸν
796 990 925 1044 εἶναι
975 994 1392 1062 κατευνασθῆναι
1448 994 1543 1055 τὰς
1598 987 1914 1063 ἐπιϐουλὰς,
1978 988 2065 1045 διά
2119 1013 2178 1047 τε
2241 992 2538 1064 πράγματα
2594 991 2895 1065 πρόσκαιρα
2948 990 3038 1045 καὶ
3098 989 3376 1066 βασιλείαν
3428 992 3673 1069 φθαρτὴν

268 1078 359 1132 καὶ
414 1075 672 1151 ἐπίκηρον
729 1078 978 1154 ἐπιορκία
1032 1083 1336 1156 περιπεσὼν
1387 1083 1475 1136 καὶ
1535 1086 1625 1136 τοῦ
1677 1086 1809 1136 Θεοῦ
1866 1079 2159 1155 γενόμενος
2225 1082 2489 1152 μήκοθεν.
2552 1081 2649 1133 Καὶ
2707 1079 2773 1133 τὰ
2823 1079 2917 1152 μὶν
2968 1080 3104 1134 κατὰ
3132 1080 3230 1147 τήν
3260 1078 3421 1133 πόλιν
3454 1078 3675 1156 έφέρετο

266 1164 419 1241 τῇδε.

337 1260 410 1311 At
455 1257 689 1312 Simeon
738 1258 950 1313 iterum
1018 1277 1297 1330 magnum
1350 1268 1554 1319 contra
1620 1266 1914 1318 Romanos

271 1344 490 1400 emittit
520 1348 860 1417 exercitum,
897 1350 1043 1403 duce
1064 1350 1481 1421 Ghagano,uno
1512 1368 1754 1407 suorum
1788 1367 1915 1421 pro-

268 1450 494 1501 cerum,
528 1440 584 1489 et
611 1436 819 1490 Minico
851 1438 1200 1507 equisonum
1236 1441 1524 1512 principe;
1559 1440 1916 1509 mandatque

272 1530 336 1577 ut
366 1532 518 1577 recta
549 1525 619 1578 ad
650 1526 853 1579 urbem
886 1530 1589 1593 contendantJtomanus,
1615 1529 1685 1583 de
1714 1543 1914 1582 eorum

268 1612 515 1667 adventu
548 1613 761 1667 certior
793 1615 1402 1689 factus,metuensque
1434 1635 1505 1673 ne
1536 1619 1574 1673 ii
1608 1615 1921 1689 pulcherri-

268 1717 365 1755 ma
397 1701 525 1755 urbi
558 1703 1018 1773 propinquorum
1054 1706 1315 1760 locorum
1344 1707 1561 1777 palatia
1590 1713 1646 1762 et
1676 1706 1920 1760 aedificia

2092 1259 2153 1315 Ὁ
2203 1255 2260 1312 δὶ
2310 1258 2534 1329 Συμεὼν
2608 1255 2771 1311 πάλιν
2837 1255 3064 1330 δύναμιν
3129 1258 3345 1332 βαρεῖαν
3405 1255 3675 1327 έκπέμπει

2022 1348 2157 1401 κατὰ
2187 1346 2494 1418 Ῥωμαίων,
2540 1342 2766 1421 ἔξαρχον
2818 1343 3049 1421 ἔχουσαν
3096 1347 3359 1422 Χαγάνον,
3418 1343 3513 1399 ἕνα
3560 1348 3672 1399 τῶν

2024 1436 2148 1510 παρ’
2180 1435 2325 1507 αὐτῷ
2359 1435 2493 1509 μέγα
2526 1432 2859 1506 δυναμένων,
2903 1434 2992 1489 καὶ
3052 1436 3283 1491 Μινικὸν
3340 1439 3447 1488 τῶν
3508 1434 3676 1487 ἱππο-

2025 1525 2210 1597 κόμων
2268 1526 2357 1578 τὸν
2418 1529 2657 1598 πρῶτον,
2718 1527 2801 1587 οἷς
2853 1522 3152 1597 ἐπέσκηψεν
3202 1524 3319 1578 κατ’
3367 1524 3538 1591 αὐτῆς
3599 1523 3677 1583 ὡς

2024 1613 2257 1687 τάχιοτα
2311 1620 2410 1681 τῆς
2455 1612 2669 1673 πόλεως
2720 1611 3117 1687 ἐκστρατεῦσαι.
3164 1616 3257 1665 Ὧν
3316 1613 3414 1680 τὴν
3475 1608 3671 1687 ἔφοδον

2030 1704 2318 1774 ἀναμαθῶν
2352 1704 2387 1754 ὁ
2418 1700 2671 1775 βασιλεὺς
2701 1702 3005 1774 Ῥωμανὸς,
3047 1703 3137 1755 καὶ
3177 1701 3539 1775 λογισάμενος
3591 1703 3669 1773 μή

266 1790 539 1844 incendio
570 1797 888 1855 vastarent,
916 1793 1199 1849 Joannem
1251 1801 1534 1851 rectorem
1566 1812 1698 1850 cum
1735 1796 1914 1848 Leone

2074 1813 2135 1852 :oc
2168 1790 2484 1854 ἐπελθόντες
2514 1790 2580 1844 τὰ
2625 1789 2892 1845 κάλλιστα
2946 1795 3055 1844 τῶν
3116 1788 3535 1860 πλησιαζόντων
3594 1793 3671 1863 τῇ

268 1886 322 1934 et
352 1878 534 1933 Potho
560 1880 797 1951 Argyris
828 1880 1055 1936 obviam
1088 1886 1170 1937 ire
1202 1884 1395 1954 jubet,
1457 1884 1773 1939 exercitum
1807 1884 1910 1937 du-

271 1974 468 2023 centes
524 1967 781 2023 validum
834 1984 899 2023 ex
931 1969 1326 2040 imperatoriis
1385 1973 1801 2028 sodalitatibus
1859 1974 1917 2025 et

272 2056 613 2111 cohortibus
698 2056 830 2111 aliis
888 2064 1269 2115 contractum.
1330 2062 1533 2116 Adfuit
1606 2063 1676 2116 iis
1736 2061 1912 2115 etiam

270 2144 507 2200 Alexius
543 2146 823 2215 patricius
856 2152 912 2201 et
942 2148 1299 2220 drungarius
1332 2151 1410 2205 rei
1447 2150 1692 2218 navalis,
1724 2156 1780 2204 et
1801 2150 1915 2203 Mo-

248 2233 429 2288 ‘seles
464 2250 600 2288 cum
661 2234 805 2289 suis.
867 2234 1081 2300 Quinta
1131 2238 1499 2308 Jejuniorum
1566 2238 1914 2309 septimana,

276 2321 607 2377 exercituin
633 2322 873 2393 planitie
897 2325 1177 2396 Pegarum
1198 2328 1484 2384 instructo
1502 2327 1916 2383 substiterunt.

277 2412 360 2465 Ibi
394 2410 662 2481 Bulgaris
693 2427 755 2467 se
788 2413 981 2469 subito
1006 2415 1386 2484 prodentibus
1420 2422 1476 2471 et
1504 2417 1755 2471 obscura
1782 2432 1916 2470 cum

272 2500 693 2555 vociferatione
724 2519 789 2556 ac
823 2518 1036 2572 magno
1068 2505 1291 2575 impetu
1344 2506 1706 2560 irruentibus
1734 2509 1921 2559 rector

268 2587 530 2644 Joannes
565 2591 763 2661 fugam
798 2591 935 2646 facit
960 2609 972 2657 ;
1002 2608 1067 2646 ac
1087 2594 1369 2663 patricius
1389 2594 1676 2649 Photinus
1695 2593 1919 2663 Latipe-

269 2676 358 2731 dis
391 2676 547 2731 filius
583 2695 685 2748 pro
719 2696 784 2734 eo
817 2696 1090 2751 pugnans
1142 2681 1361 2753 aliique
1406 2682 1562 2737 haud
1613 2682 1781 2753 pauci
1812 2682 1920 2735 ub-

268 2769 645 2821 truncantur.
679 2771 885 2823 Hector
913 2785 1063 2839 aegre
1096 2777 1362 2826 servatus
1394 2772 1451 2825 in
1500 2770 1749 2826 celocem
1782 2787 1918 2825 eva-

271 2852 369 2908 sit.
402 2854 560 2907 Idem
610 2853 795 2909 facere
839 2855 1039 2912 volens
1088 2857 1323 2913 Alexius
1374 2860 1751 2930 drungarius,
1784 2873 1917 2912 cum

272 2943 587 2997 ascendere
617 2944 904 3013 nequiret,
943 2946 1014 3000 de
1046 2946 1220 3001 scalis
1253 2947 1461 3002 celocis
1518 2947 1576 3000 in
1610 2963 1769 3001 mare
1817 2947 1920 3001 de-

281 3030 429 3086 oidit
461 3032 617 3087 800
647 3049 782 3087 cum
811 3050 918 3089 suo
951 3037 1483 3107 protomandatore,
1520 3040 1576 3091 et
1605 3036 1922 3091 suffocatus

272 3125 381 3175 est.
417 3121 528 3175 Leo
559 3125 615 3175 et
648 3121 865 3176 Pothus
896 3125 1100 3195 Argyri
1133 3125 1191 3179 in
1223 3125 1529 3180 castellum
1572 3126 1709 3192 fuga
1738 3141 1798 3180 se
1830 3141 1917 3179 re-

268 3215 567 3280 ceperunt.
603 3210 846 3280 Reliqua
878 3212 1191 3268 multitudo
1241 3214 1453 3285 partim
1503 3214 1762 3269 hostium
1796 3231 1912 3268 ma-

270 3315 379 3352 nus
410 3300 552 3353 dum
583 3300 838 3371 effugere
871 3301 1094 3372 volunt,
1163 3303 1221 3356 in
1284 3305 1429 3358 mari
1490 3309 1756 3374 pereunt,
1814 3303 1913 3358 alii

266 3388 417 3441 ferro
450 3394 752 3459 necantur,
778 3391 1017 3460 quidam
1052 3392 1657 3465 capiuntur.Bulgari,
1680 3392 1913 3447 nemine

268 3475 636 3547 prohibente,
669 3482 921 3549 Pegense
965 3479 1249 3551 palatium
1299 3484 1609 3552 totumque
1667 3480 1912 3536 Stenum

268 3565 539 3620 incendio
570 3571 824 3621 vastant.

2021 1880 2182 1935 πόλει
2238 1877 2516 1933 παλατίων
2585 1880 2674 1933 καὶ
2735 1880 3050 1952 οἰκημάτων
3110 1878 3515 1953 πυρπολήσωσι
3572 1880 3671 1933 τὸν

2026 1969 2299 2044 ῥαίκτωρα
2374 1970 2619 2038 Ἰωάννην
2694 1969 2807 2041 ἅμα
2893 1968 3080 2023 Λέοντι
3155 1970 3243 2023 καὶ
3320 1968 3479 2040 Πόθῳ
3550 1973 3673 2029 τοῖς

2024 2060 2312 2133 Ἀργυροῖς
2344 2057 2606 2129 ἐκπέμπει
2644 2060 2778 2130 μετά
2840 2056 3091 2127 πλήθους
3150 2057 3337 2112 ἱκανοῦ
3368 2053 3427 2111 ἔκ
3481 2078 3539 2111 τε
3566 2064 3675 2125 τῆς

2029 2146 2317 2223 βασιλικῆς
2352 2146 2611 2219 ἑταιρείας
2660 2145 2748 2201 καί
2805 2151 2913 2201 τῶν
2967 2151 3316 2221 ταγματικῶν
3376 2148 3513 2219 (67),
3582 2149 3675 2208 οἷς

2025 2240 2186 2300 συνῆν
2236 2237 2325 2290 καὶ
2384 2238 2412 2289 6
2464 2236 2751 2309 πατρίκιος
2824 2234 3068 2304 Ἀλέξιος
3141 2236 3231 2289 καὶ
3309 2232 3682 2309 δρουγγάριος

2024 2329 2129 2378 τῶν
2192 2322 2464 2395 πλωΐμῶν
2526 2324 2553 2376 6
2611 2324 2850 2392 Μωσηλὲ
2884 2325 3017 2396 μετᾶ
3044 2328 3150 2377 τῶν
3187 2324 3273 2378 ὑπ’
3301 2323 3482 2379 αὐτόν.
3518 2323 3682 2377 Κατᾶ

2028 2411 2083 2468 δὲ
2140 2414 2236 2482 τήν
2295 2414 2330 2466 ε’
2379 2407 2657 2483 ἑϐδομάδα
2710 2417 2816 2466 τῶν
2872 2416 3148 2481 Νηστειῶν
3196 2408 3536 2481 διατάξαντες
3580 2412 3686 2465 τὸν

2028 2502 2155 2557 λαὸν
2191 2501 2240 2556 ἐν
2272 2507 2388 2562 τοῖς
2418 2498 2659 2562 πεδινοῖς
2690 2505 2797 2555 τῶν
2834 2506 3032 2575 Πηγῶν
3082 2501 3273 2563 τόποις
3312 2501 3681 2575 προσέμενον.

2028 2593 2261 2654 Ἐκεῖθεν
2320 2588 2376 2644 δὲ
2428 2595 2534 2644 τῶν
2596 2588 2923 2666 Βουλγάρων
2984 2591 3355 2667 άναφανέντων
3413 2590 3503 2643 καὶ
3563 2590 3681 2665 βοῇ⁹

2027 2679 2389 2755 χρησαμένων
2432 2680 2629 2751 ἀσήμῳ
2678 2679 2769 2732 καὶ
2817 2675 3067 2754 σφοδρῶς
3122 2677 3496 2733 ἐπελασάντων
3552 2680 3681 2732 κατ’

2028 2769 2223 2835 αὐτῶν,
2287 2768 2469 2845 φεύγει
2531 2768 2624 2839 μὲν
2688 2768 2715 2820 6
2776 2765 3009 2841 ῥαίκτωρ
3070 2765 3343 2836 Ἰωάννης,
3378 2766 3675 2843 σφάττεται

2029 2856 2086 2912 δὶ
2143 2858 2273 2931 ὑπὶρ
2334 2858 2499 2911 αὐτοῦ
2553 2856 2954 2931 ἀγωνιζόμενος
3014 2854 3286 2917 Φωτεινὸς
3327 2854 3609 2927 πατρίκιος
3648 2856 3681 2908 ὁ

2025 2952 2121 3003 τοῦ
2152 2944 2507 3007 Πλατύποδος
2536 2946 2649 3006 υἱὸς
2679 2946 2767 2999 καὶ
2800 2943 2962 2999 ἄλλοι
3004 2943 3102 2998 οὐκ
3129 2942 3337 3018 ὀλίγοι.
3370 2941 3545 3004 Μόλις
3578 2942 3677 2998 οῦν

2028 3039 2055 3091 6
2116 3036 2351 3111 ῥαίκτωρ
2412 3033 2693 3096 διασωθείς
2765 3033 3013 3102 εἰσῆλθεν
3086 3034 3163 3096 εἰς
3221 3034 3310 3087 τὸν
3364 3030 3621 3108 δρόμωνα
3659 3076 3676 3088 .

2029 3128 2205 3181 Τοῦτο
2253 3124 2343 3178 καὶ
2389 3123 2629 3193 Ἀλέξιος
2687 3124 2714 3177 6
2763 3120 3130 3197 δρουγγάριος
3182 3129 3407 3191 ποιῆσαι
3463 3119 3679 3196 βουλη-

2028 3213 2156 3284 θεὶς,
2190 3212 2279 3267 καὶ
2340 3214 2415 3285 μή
2466 3211 2715 3281 δυνηθεὶς
2762 3208 3030 3278 ἀνελθεῖν,
3080 3209 3131 3265 ἐν
3162 3213 3230 3284 τῇ
3259 3215 3357 3265 τοῦ
3389 3207 3684 3285 δρόμωνος

2026 3297 2303 3376 ὑποϐάθρᾳ
2338 3300 2515 3355 πεσὼν
2544 3298 2595 3353 ἐν
2624 3304 2690 3371 τῇ
2750 3298 2989 3372 θαλάσσῃ
3040 3298 3132 3352 σῦν
3187 3303 3267 3369 τῷ
3300 3300 3466 3354 αὐτοῦ
3522 3319 3684 3373 πρω-

2021 3387 2401 3463 τομανδάτωρι
2434 3387 2733 3461 ἀπεπνίγη.
2786 3387 2933 3441 Λέων
2991 3384 3048 3441 δὲ
3079 3386 3166 3441 καὶ
3198 3386 3371 3449 Πόθος
3425 3388 3478 3441 οἱ
3535 3388 3679 3460 Ἀρ-

2021 3479 2177 3552 γυροί
2236 3477 2287 3532 έν
2336 3476 2415 3549 τῷ
2462 3474 2772 3548 καστελλίῳ
2822 3474 3174 3550 διαφυγόντες
3226 3475 3525 3545 ἐσώθησαν.
3564 3477 3682 3532 Τοῦ

2024 3564 2080 3621 δὶ
2112 3564 2317 3620 λοιποῦ
2353 3565 2603 3636 πλήθους
2637 3566 2687 3619 οἷ
2721 3566 2815 3638 μὶν
2854 3566 2948 3627 τὰς
2994 3562 3103 3619 τῶν
3156 3564 3437 3637 πολεμίων
3486 3570 3681 3639 χεῖρας

269 3651 561 3725 φεύγοντες
592 3652 978 3728 ἀπεπνίγησαν,
1010 3656 1061 3709 οἱ
1093 3653 1149 3709 δὲ
1179 3653 1406 3731 σιδήρου
1437 3655 1690 3730 γεγόνασι
1723 3654 2125 3731 παρανάλωμα,
2159 3656 2210 3709 οἱ
2244 3652 2300 3709 δὲ
2330 3656 2485 3731 χερσὶ
2549 3650 2904 3730 βαρϐαρικαῖς
2956 3652 3385 3731 συνελήφθησαν.
3430 3655 3514 3727 [Ρ.
3546 3657 3681 3725 621]

267 3741 335 3796 Οἱ
371 3738 427 3794 δὲ
460 3740 765 3817 Βοῦλγαροι
795 3744 931 3798 κατὰ
961 3743 1179 3814 πολλὴν
1210 3750 1305 3801 τοῦ
1334 3744 1680 3807 κωλύσοντος
1714 3743 1941 3821 ἐρημίαν
1974 3745 2037 3800 τά
2067 3765 2124 3799 τε
2152 3748 2258 3799 τῶν
2292 3746 2493 3819 Πηγῶν
2528 3742 2825 3817 ἐνέπρησαν
2859 3740 3099 3797 παλάτια
3126 3742 3213 3797 καὶ
3240 3743 3374 3797 ἅπαν
3397 3742 3459 3797 τὸ
3482 3741 3682 3796 Στενὸν

271 3827 678 3905 ἐπυρπόλησαν.

342 3921 629 3978 Vicesima
656 3923 953 3978 Februarii
989 3924 1103 3993 die,
1148 3926 1467 3981 indictione
1494 3925 1738 3992 decima,
1773 3942 1918 3980 uxor

194 4030 199 4037 δ
271 4010 519 4065 Romani
550 4010 846 4066 Theodore
878 4013 1125 4068 moritur
1149 4020 1205 4068 et
1228 4015 1285 4068 in
1311 4014 1577 4085 Myrelaao
1610 4014 1915 4085 sepelitur.

268 4102 548 4169 Augusta:
577 4116 787 4153 nomen
822 4101 1033 4156 deinde
1064 4103 1248 4173 gessit
1280 4120 1423 4159 uxor
1452 4103 1778 4158 Christiferi
1812 4104 1919 4158 So-

269 4188 424 4259 phia.
460 4188 624 4242 Tunc
655 4188 831 4243 etiam
864 4206 931 4244 ex
963 4191 1149 4246 Iberia
1181 4192 1337 4247 venit
1369 4192 1500 4247 Iber
1526 4193 1920 4264 curopalates,

267 4275 691 4347 splendideque
722 4281 964 4333 ornatus
998 4296 1101 4350 per
1144 4280 1402 4335 medium
1438 4280 1627 4335 forum
1660 4281 1918 4351 transiit,

2100 3923 2336 3996 Εἷκοστῇ
2399 3920 2455 3977 δὲ
2513 3916 2889 3997 Φεϐρουαρίου
2952 3920 3169 3993 μηνὸς,
3232 3917 3571 3981 ἰνδικτιῶνος
3628 3921 3682 3991 ι’,

2030 4014 2254 4083 θνήσκει
2302 4008 2554 4086 Θεοδώρα
2599 4013 2633 4079 ἡ
2686 4005 2917 4083 σύμϐιος
2971 4011 3294 4082 Ῥωμανοῦ,
3343 4007 3434 4062 καὶ
3493 4006 3688 4062 θάπτε-

2026 4124 2113 4156 ται
2176 4101 2226 4156 έν
2282 4106 2362 4173 τῷ
2417 4097 2733 4175 Μυρελαίῳ·
2795 4096 3134 4174 ἀνηγορεύθη
3194 4094 3251 4151 δὲ
3302 4096 3587 4171 Αὐγοῦστα
3646 4099 3682 4164 ἡ

2030 4195 2126 4245 τοῦ
2180 4188 2449 4265 βασιλέως
2507 4187 2887 4263 Χριστοφόρου
2946 4187 3078 4263 γυνή
3113 4188 3147 4254 ἡ
3192 4184 3386 4260 Σοφίᾳ.
3447 4186 3686 4257 Ῑῐαρεγέ-

2033 4300 2150 4333 νετο
2204 4276 2259 4332 δὲ
2308 4277 2397 4333 καὶ
2456 4277 2507 4347 ἐξ
2560 4270 2799 4349 Ἰϐηρίας
2853 4276 2880 4329 6
2937 4272 3356 4349 κουροπαλάτης
3415 4274 3443 4326 6
3499 4268 3687 4345 Ἵϐηρ,

271 4381 338 4421 ac
370 4379 585 4435 magna
614 4382 747 4419 cum
780 4366 964 4437 gloria
995 4372 1049 4423 et
1082 4369 1297 4424 honore
1325 4374 1600 4441 exceptus
1628 4374 1736 4424 est.
1771 4371 1914 4424 Eum

2074 4368 2117 4422 κὶ
2172 4365 2262 4421 διὰ
2320 4368 2489 4439 μέσης
2530 4368 2627 4429 τῆς
2689 4363 2885 4439 ἀγορᾶς
2956 4359 3186 4417 διελθὼν
3252 4359 3685 4433 κεκοσμημένης

271 4454 595 4526 imperator
622 4454 681 4508 in
714 4456 895 4510 aedem
936 4457 1161 4527 Sophia;
1208 4459 1387 4525 misit,
1436 4463 1501 4514 ut
1545 4460 1674 4529 ejus
1708 4459 1920 4515 molem

273 4559 340 4599 ac
372 4541 869 4615 pulchritudinem
914 4546 1152 4601 videret.
1188 4550 1325 4613 Quae
1376 4549 1426 4603 is
1483 4548 1919 4619 contemplatus

274 4648 489 4704 magna
521 4633 1374 4706 cum,admiratione,fatusque
1405 4637 1557 4691 hanc
1587 4637 1766 4691 eadem
1789 4652 1920 4691 vere

274 4738 404 4777 esse
454 4721 555 4776 Dei
606 4724 1065 4794 receptaculum,
1123 4726 1365 4780 domum
1417 4725 1610 4779 rediit.
1663 4726 1917 4780 Rursum

273 4809 484 4865 deinde
520 4809 754 4880 Bulgari
792 4810 1180 4882 impressione
1228 4814 1382 4867 facta
1426 4830 1614 4885 usque
1662 4815 1733 4869 ad
1763 4814 1920 4885 pala-

276 4899 426 4954 tium
451 4898 1046 4971 TheodorzeAugustaa
1060 4907 1471 4973 pervenerunt,
1490 4902 1665 4973 idque
1690 4903 1923 4958 nemine

274 4987 625 5043 defendente
656 4996 1079 5046 cremaverunt.
1117 4996 1415 5046 Romanus
1448 4993 1710 5048 convivio
1756 5010 1922 5048 sum-

274 5081 484 5149 ptuose
516 5075 804 5132 instructo
836 5079 907 5133 ad
938 5081 994 5133 id
1031 5081 1205 5136 duces
1240 5080 1587 5135 militarium
1648 5084 1922 5138 ordinum

280 5164 519 5228 vocavit,
555 5163 823 5235 interque
856 5167 959 5221 hos
992 5168 1308 5224 Sacticium
1343 5169 1602 5225 cohortis
1636 5171 1927 5226 excubito-

270 5268 404 5307 rum
436 5251 796 5323 praafectum.
830 5256 1181 5312 Procedente
1213 5259 1360 5313 30]
1426 5259 1689 5313 convivio
1728 5259 1926 5316 illatus

268 5345 357 5398 est
386 5342 457 5397 de
486 5338 757 5412 Bulgaris
781 5359 975 5400 sermo
999 5365 1013 5414 ;
1056 5350 1112 5402 et
1143 5346 1497 5419 imperatore
1521 5347 1709 5404 multa
1733 5349 1805 5404 ad
1828 5366 1926 5405 ca-

2034 4456 2305 4530 λαμπρῶς
2368 4455 2501 4528 μετᾶ
2552 4451 2713 4523 δόξης
2762 4450 2980 4521 ποΛλῆς
3027 4450 3117 4505 καὶ
3142 4457 3313 4522 τιμῆς
3378 4446 3685 4523 ὑπεδέχθη·

2028 4544 2086 4599 ὅν
2146 4544 2235 4599 καὶ
2295 4544 2346 4599 ἐν
2401 4546 2469 4617 τῇ
2527 4540 2682 4617 Ἀγίᾳ
2727 4544 2824 4595 τοῦ
2882 4544 3014 4595 Θεοῦ
3073 4538 3250 4617 Σοφίᾳ
3308 4535 3617 4593 ἀπέστειλεν
3658 4539 3689 4591 6

2035 4631 2308 4707 βασιλεὺς,
2357 4632 2421 4686 τὸ
2461 4628 2667 4692 κάλλος
2718 4630 2887 4699 αὐτῆς
2940 4628 3225 4693 θεάσασθαι
3279 4628 3367 4681 καὶ
3424 4627 3488 4680 τὸ
3524 4626 3687 4700 μέγε-

2030 4723 2141 4783 θος.
2198 4718 2480 4784 Ἀπελθὼν
2536 4719 2627 4773 οῦν
2685 4717 2774 4772 καὶ
2824 4721 2921 4772 τοῦ
2956 4720 3084 4771 ναοῦ
3111 4717 3212 4785 τὴν
3257 4713 3536 4783 καλλονὴν
3586 4736 3689 4769 κα-

2028 4807 2327 4883 ταπλαγεὶς
2378 4808 2469 4863 καὶ
2506 4809 2597 4862 τὸν
2639 4803 2922 4874 πολυτελῆ
2979 4805 3185 4876 κόσμον
3246 4802 3685 4878 ὑπερθαόμάσας,

2032 4898 2123 4954 καί
2152 4897 2377 4969 ἀληθῶς
2408 4901 2541 4952 Θεοῦ
2568 4895 2907 4971 καταγώγιον
2934 4894 3025 4949 τὸν
3060 4894 3203 4967 ἱερὸν
3230 4890 3445 4946 τουτονὶ
3495 4896 3687 4967 χῶρον

2033 4988 2223 5055 εἰπὼν,
2261 4987 2585 5060 ὑπέστρεψεν
2620 4985 2695 5047 εἷς
2727 4983 2795 5039 τὰ
2816 4980 2947 5039 ἴδια.
2981 4985 3103 5039 Τῶν
3138 4979 3195 5035 δὲ
3226 4980 3557 5055 Βουλγάρων
3589 4980 3695 5035 πά-

2034 5076 2121 5133 λιν
2155 5071 2415 5145 εἷσϐολὴν
2446 5073 2834 5147 ποιησαμένων
2863 5072 3001 5127 κατά
3030 5077 3127 5139 τῆς
3165 5070 3452 5142 Ῥωμαίων
3478 5069 3696 5144 χώρας,

2034 5166 2123 5222 καὶ
2155 5170 2270 5227 τοῖς
2294 5164 2582 5225 παλατίοις
2601 5170 2699 5232 τῆς
2731 5158 3012 5236 βασιλίδος
3048 5159 3376 5233 έγγισάντων
3408 5155 3699 5230 Θεοδώρας

2038 5258 2112 5317 ὡς
2135 5254 2285 5309 οὐδὲν
2329 5256 2395 5323 ἦν
2435 5256 2497 5308 τὸ
2528 5250 2978 5329 προσιστάμενον,
3011 5248 3141 5322 πυρὶ
3172 5252 3339 5302 ταῦτα
3367 5244 3696 5320 παρέδοσαν.

2037 5347 2097 5402 Ὁ
2142 5342 2199 5399 δὲ
2258 5342 2513 5419 βασιλεὺς
2570 5340 2851 5415 Ῥωμανὸς
2903 5337 3118 5416 ἄριστον
3170 5338 3537 5411 ποιησάμενος
3596 5357 3700 5391 πο-

1477 5502 1843 5559 XYLANDRI
1885 5502 1970 5559 ET
2010 5499 2227 5557 GOARI
2266 5498 2497 5555 ΝΟΤιΕ.

347 5637 459 5711 (67)
488 5639 573 5695 Ex
600 5642 1094 5713 confardcratorum
1122 5651 1173 5701 et
1198 5642 1543 5701 subditorum
1572 5644 1883 5701 ordinibus.
1917 5644 2100 5703 Goaa.
