3966 6134
238 324 323 385 33
1388 320 1936 384 HISTORIARUM
1979 320 2500 387 COMPENDIUM
2511 370 2528 387 .
3586 333 3666 392 δε

243 453 472 516 λυτελὶς
526 452 653 514 τοὺς
723 456 830 507 τῶν
886 454 1176 527 ταγμάτων
1234 449 1501 527 ἄρχοντας
1542 449 1894 506 συνεκάλεσε.

2099 454 2363 510 aciendos
2420 456 2651 513 animos
2709 458 2899 529 adque
2949 459 3223 515 virtutem
3281 463 3657 519 concitandos

244 551 410 612 συνῆν
472 540 530 597 δὲ
582 541 800 605 τούτοις
854 540 943 596 καὶ
975 542 1002 594 6
1052 542 1152 609 τὴν
1212 538 1524 613 ἐπωνυμίαν
1587 540 1893 607 Σακτίκιος,

243 638 334 688 τοῦ
393 632 671 707 τάγματος
718 630 905 705 ἄρχων
954 634 1063 684 τῶν
1115 625 1463 699 ἐξκουϐίτων.
1509 626 1780 683 Ἑπίδοσιν
1842 626 1899 682 δὲ

238 716 631 794 λαμϐανούσης
684 726 782 787 τῆς
831 717 1067 793 εὐωχίας
1123 718 1286 792 λόγος
1339 717 1559 787 ἐκινήθη
1618 716 1740 789 περὶ
1788 720 1895 770 τῶν

239 809 599 883 Βουλγάρων.
637 809 740 863 Καὶ
770 812 866 861 τοῦ
902 806 1168 882 βασιλέως
1224 806 1480 882 ἐπαγωγά
1523 805 1709 861 πολλά
1748 806 1901 879 εἰρη-

235 898 421 969 κότος,
455 898 590 969 πρὸς
642 898 820 971 ὁρμὴν
856 896 1223 951 ἰπανιστῶντα
1271 892 1603 963 ἐνθουσιώδη
1652 894 1741 947 καὶ
1794 914 1899 947 πα-

243 988 590 1062 ρακαλοῦντα
647 985 903 1060 εὐψύχως
963 984 1195 1055 ἐξελθεῖν
1256 984 1393 1039 κατά
1466 989 1571 1038 τῶν
1650 982 1896 1037 ἐναντίων

240 1075 332 1129 καὶ
395 1082 496 1143 τῆς
555 1078 699 1151 σφῶν
782 1073 1280 1148 ὑπεραγωνίσασθαι
1362 1070 1644 1145 πατρίδος,
1704 1072 1899 1131 πάντες

243 1165 528 1220 συνέθεντο
589 1162 825 1234 ἑτοίμως
881 1160 1112 1231 ἐξελθεῖν
1190 1160 1277 1215 καὶ
1362 1165 1469 1214 τῶν
1562 1162 1897 1235 Χριστιανῶν

245 1251 782 1327 ὑπεραγωνίσασθαι.
840 1252 1047 1313 Ἕωθεν
1111 1248 1200 1303 οὖν
1268 1248 1651 1312 καθοπλισθεὶς
1709 1248 1736 1301 6
1796 1253 1897 1300 Σα-

239 1342 480 1409 κτίκιος,
519 1337 735 1402 ὄπισθεν
793 1343 901 1392 τῶν
964 1338 1293 1412 Βουλγάρων
1350 1337 1638 1410 γενόμενος
1685 1335 1774 1389 καὶ
1826 1335 1900 1396 εἰς

244 1432 310 1485 τὸ
374 1425 735 1505 στρατόπεδον
782 1426 956 1481 αὐτῶν
1019 1425 1302 1495 εἷ’σελθὼν,
1334 1430 1438 1480 τῶν
1499 1424 1770 1480 πλειόνων
1812 1422 1897 1477 ἐπὶ

246 1518 556 1595 διαρπαγὴν
617 1516 830 1571 σκύλων
893 1513 1287 1570 σκεδασθέντων
1346 1516 1483 1568 κατά
1532 1516 1633 1582 τὴν
1691 1512 1897 1587 χώραν,

239 1610 451 1672 πάντας
479 1606 607 1668 τοὺς
637 1605 687 1660 ἔν
720 1609 788 1678 τῇ
836 1600 1163 1679 πδρεμϐολῇ
1215 1604 1525 1679 εὑρεθέντας
1582 1602 1896 1678 κατέσφαξε,

240 1699 427 1752 Μαθὸν
464 1695 554 1750 οὖν
582 1696 644 1749 τὸ
676 1693 886 1763 πλῆθος
914 1698 1022 1747 τῶν
1060 1692 1386 1767 Βουλγάρων
1452 1693 1551 1746 ὑπὸ
1608 1695 1716 1744 τῶν
1778 1687 1897 1743 δια-

239 1784 488 1861 δράντων
542 1785 603 1838 τὸ
660 1783 882 1859 γεγονὸς
954 1779 1379 1857 ὑποστρέφουσιν
1431 1779 1480 1834 ἐν
1538 1783 1616 1849 τῷ
1674 1799 1895 1852 στρατο-

238 1873 415 1947 πέδῳ.
508 1873 607 1927 Καὶ
696 1869 1024 1944 συμπλοκῆς
1123 1868 1439 1944 γενομένης,
1525 1869 1762 1939 ἀκμῆτες
1850 1867 1898 1920 οἱ

238 1963 552 2039 Βούλγαροι
598 1961 733 2036 πρὸς
785 1958 1132 2032 κεκμηκότας
1193 1959 1500 2031 μαχόμενοι
1560 1957 1648 2011 καὶ
1710 1958 1897 2029 ἀκραι-

242 2060 397 2131 φνεῖς
432 2053 566 2127 πρὸς
598 2049 705 2120 ἤδη
732 2055 814 2122 τῷ
860 2048 1309 2125 προηγησαμένῳ
1368 2046 1602 2118 πολέμῳ
1659 2066 1897 2100 κεκακω-

242 2145 451 2217 μένους
515 2138 709 2215 ἄνδρας
766 2138 1023 2212 τρέπουσι
1074 2136 1165 2191 τὸν
1220 2136 1506 2190 Σακτίκιον
1538 2134 1631 2189 σὺν
1691 2133 1899 2209 ὀλίγοις

242 2234 347 2300 τὴν
404 2224 724 2305 προσϐολὴν
774 2233 880 2282 τῶν
941 2226 1196 2281 ἐναντίων
1282 2222 1590 2296 δεξάμενον.
1648 2224 1899 2284 Γενναίως

246 2320 347 2375 οὖν
384 2321 787 2395 ἀγωνισάμενος
820 2317 910 2370 καὶ
942 2314 1188 2376 πολλοὺς
1222 2312 1428 2368 ἀνελὼν
1457 2317 1564 2367 τῶν
1596 2311 1901 2383 πολεμίων,

244 2408 440 2477 ἐπειδὴ
470 2406 816 2482 κατισχύετο,
845 2406 1061 2477 μεθίησι
1086 2408 1182 2458 τοῦ
1208 2402 1383 2457 ’ίππου
1412 2403 1502 2456 τὸν
1536 2402 1787 2476 χαλινὸν,
1811 2402 1898 2455 καὶ

244 2505 396 2553 νῶτα
428 2495 552 2558 δοὺς
582 2493 796 2571 ἔφυγεν.
827 2498 919 2548 Ἔν
949 2516 1056 2549 τινι
1091 2490 1148 2547 δὲ
1191 2496 1431 2563 ποταμῷ
1480 2491 1771 2566 γενόμενος
1813 2491 1903 2544 καὶ

242 2591 445 2642 τοῦτον
476 2584 770 2658 διαπερῶν,
792 2583 881 2637 καὶ
911 2586 977 2656 τῇ
1012 2580 1130 2635 ἰλύϊ
1180 2585 1277 2635 τοῦ
1327 2577 1501 2633 θίππου
1544 2578 1901 2652 ἐμπαγέντος,

2006 540 2216 597 idonea
2246 542 2463 607 locuto,
2497 545 2915 617 cohortatoque
2948 562 3045 602 eos
3079 550 3141 601 ut
3172 547 3394 603 fortiter
3430 548 3485 602 in
3522 551 3656 605 hos-

2008 635 2123 685 tem
2158 632 2310 686 irent
2340 650 2404 688 ac
2438 650 2539 705 pro
2573 652 2681 689 sua
2711 642 3152 706 propugnarent
3182 637 3659 707 patria,universi

2009 719 2256 776 alacrem
2290 738 2460 777 suam
2517 738 2753 793 Operam
2790 725 2847 777 in
2897 726 3279 781 defendendis
3311 726 3662 783 Christianis

2008 811 2427 878 promiserunt.
2464 811 2747 866 Postridie
2798 812 2989 883 prima
3021 814 3148 869 luce
3178 819 3441 871 armatus
3474 817 3661 871 Sacti-

2010 896 2134 951 cius
2166 897 2447 970 Bulgaros
2478 917 2511 954 a
2533 904 2693 972 tergo
2722 902 3077 957 subsecutus
3095 907 3183 957 est
3206 920 3219 971 ;
3241 904 3661 977 ingressusque

2008 1000 2212 1041 eorum
2240 988 2756 1060 castra,plerisque
2774 991 3097 1060 praedatum
3120 1008 3222 1061 per
3252 1009 3423 1062 agros
3454 1010 3664 1064 vagan-

2011 1075 2399 1142 tibus,omnes
2430 1078 2531 1147 qui
2564 1078 2621 1131 in
2653 1080 2863 1133 castris
2892 1085 3059 1133 erant
3087 1082 3319 1135 occidit.
3346 1083 3423 1136 Ex
3454 1082 3528 1136 iis
3560 1083 3661 1153 qui

2010 1164 2336 1235 eti‘ugerant
2382 1165 2619 1237 Bulgari
2673 1182 2732 1221 re
2762 1168 2998 1238 cognita
3049 1168 3108 1222 in
3142 1174 3336 1224 castra
3366 1171 3613 1226 redeunt
3647 1190 3659 1227 :

2009 1253 2445 1325 commissaque
2477 1271 2673 1327 pugna
2704 1255 2816 1325 ipsi
2848 1255 3062 1328 integri
3110 1258 3337 1314 viribus
3368 1260 3658 1331 defatiga-

2009 1346 2099 1396 tos
2152 1348 2488 1411 antegresso
2521 1343 2721 1415 prcelio
2754 1348 3046 1400 Romanos
3101 1347 3373 1417 fundunt,
3408 1349 3658 1403 Sacticio

2010 1446 2143 1485 cum
2178 1433 2381 1502 paucis
2413 1432 2545 1487 aliis
2586 1449 2785 1487 eorum
2836 1436 3120 1505 impetum
3174 1436 3401 1491 fortiter
3431 1438 3659 1493 subsis-

2008 1521 2481 1591 tentibus.Atque
2511 1520 2562 1575 is
2594 1536 2724 1589 cum
2748 1522 3089 1592 aliquandiu
3115 1525 3387 1594 praeclare
3409 1542 3666 1597 pugnas-

2010 1613 2098 1664 set
2129 1608 2464 1679 multosque
2490 1608 2749 1663 hostium
2783 1604 3247 1681 dejecisset,cum
3278 1620 3662 1684 premeretur,

2010 1713 2158 1767 equo
2191 1697 2449 1752 habenas
2500 1698 2655 1752 laxat
2705 1716 2768 1753 ac
2802 1701 2943 1769 fugae
2989 1718 3049 1755 se
3091 1703 3210 1755 dat.
3246 1703 3309 1757 In
3351 1705 3661 1774 cujusdam

2010 1792 2205 1841 autem
2239 1788 2430 1841 amnis
2480 1790 2733 1842 transitu
2769 1806 2957 1859 equus
3004 1790 3060 1843 in
3095 1806 3256 1846 οωηο
3289 1808 3421 1847 cum
3456 1793 3660 1848 haesis-

2010 1872 2367 1943 set,Bulgari
2404 1889 2535 1927 eum
2569 1881 2992 1944 assequuntur,
3026 1877 3358 1949 vulnusque
3389 1881 3447 1933 in
3480 1898 3659 1936 anum

2010 1966 2066 2017 et
2096 1961 2285 2015 femur
2337 1962 2704 2016 mortiferum
2738 1964 2967 2034 accipit.
3006 1966 3167 2035 Equo
3210 1972 3408 2023 tamen
3439 1984 3469 2023 e
3501 1986 3663 2025 coeno

2010 2050 2207 2106 evulso
2240 2050 2530 2105 industria
2560 2051 3125 2125 famulorum,atque
3151 2054 3221 2109 iis
3246 2056 3417 2111 modo
3442 2058 3666 2129 fugien-

2010 2140 2170 2194 tibus
2200 2140 2373 2193 modo
2405 2140 2475 2193 ad
2510 2139 2908 2211 ingruentium
2941 2143 3320 2214 Bulgarorum
3363 2147 3662 2217 depulsio-

2014 2241 2147 2280 nem
2179 2242 2241 2280 se
2271 2228 2650 2290 vertentibus,
2687 2244 2873 2299 usque
2904 2229 2974 2283 ad
3030 2229 3383 2285 Blachernas
3430 2235 3621 2289 evadit
3650 2260 3663 2301 ;

2013 2315 2355 2386 positusque
2388 2315 2443 2368 in
2481 2317 2636 2371 302
2670 2316 2886 2387 templo
2918 2319 3115 2373 Sancti
3162 2321 3421 2390 Sepulcri
3474 2324 3665 2394 proxi-

2013 2420 2109 2458 ma
2141 2408 2307 2457 nocte
2337 2402 2513 2457 vitam
2548 2421 2678 2458 cum
2716 2411 2901 2460 morte
2930 2413 3273 2476 commutat,
3300 2427 3512 2482 magno
3542 2412 3663 2466 luc-

2011 2497 2074 2547 tu
2108 2508 2223 2545 non
2251 2492 2589 2562 imperatori
2623 2494 2814 2559 modo,
2850 2495 2950 2548 sed
2984 2500 3040 2549 et
3073 2500 3343 2554 universo
3378 2500 3664 2554 exercitui

2013 2598 2079 2636 ac
2114 2579 2326 2650 populo
2361 2580 2622 2634 Romano
2654 2581 2883 2636 relicto.

242 2669 723 2747 καταλαμϐάνεται
782 2672 926 2741 παρὰ
969 2675 1075 2724 τῶν
1138 2668 1464 2743 Βούλγάρων
1513 2669 1601 2721 καὶ
1663 2665 1878 2742 δέχεται
1935 2666 2155 2742 πληγὴν
2211 2666 2424 2741 καιρίαν
2479 2668 2614 2720 κατὰ
2668 2674 2768 2735 τῆς
2809 2666 2963 2740 ἕδρας
3018 2671 3108 2723 καὶ
3165 2676 3262 2725 τοῦ
3323 2679 3525 2747 μηροῦ.
3562 2677 3662 2731 Καὶ

243 2770 348 2818 τοῦ
401 2761 575 2817 θίππου
632 2760 689 2816 δὲ
745 2759 1174 2815 ἀνασπασθέντος
1236 2757 1295 2812 ἐκ
1336 2764 1434 2826 τῆς
1497 2756 1651 2818 ἰλύος
1710 2754 1918 2831 σπουδῇ
1972 2758 2061 2811 καὶ
2122 2756 2375 2831 συνεργίᾳ
2425 2761 2532 2809 τῶν
2593 2756 2757 2810 αὐτοῦ
2818 2758 3180 2832 θεραπόντων,
3234 2766 3321 2815 νῦν
3391 2764 3484 2835 μὲν
3537 2765 3665 2841 φεύ-

248 2874 395 2927 γων,
453 2856 543 2905 νῦν
596 2848 640 2904 δ’
704 2848 1051 2924 ὑποστρέφων
1107 2847 1240 2919 μετά
1295 2851 1403 2900 τῶν
1449 2846 1534 2900 ὑπ’
1590 2846 1751 2899 αὐτὸν
1804 2846 1894 2899 καὶ
1970 2844 2097 2907 τοὺς
2165 2843 2410 2906 ἐπιόντας
2488 2844 2803 2923 ἀνακόπτων
2880 2846 3250 2923 Βουλγάρους,

3339 2848 3663 2921 διασώζεται

253 2941 427 3015 μέχρι
484 2944 590 2993 τῶν
652 2938 1004 3013 Βλαχερνῶν,
1037 2937 1124 2990 καὶ
1177 2934 1335 3006 έντῷ
1394 2940 1503 3004 ναῷ
1556 2941 1654 3002 τῆς
1684 2933 1865 3009 Ἁγίας
1926 2928 2105 3009 Σοροῦ
2160 2936 2268 3005 (68)
2298 2933 2470 2996 τεθεὶς
2527 2937 2593 3007 τῇ
2640 2934 2863 3008 ἐπιούσῃ
2920 2936 3071 2990 νυκτὶ
3128 2936 3464 3012 ἐτελεύτησε,
3531 2940 3668 3015 μέγα

248 3030 451 3091 πένθος
482 3028 543 3082 οὐ
572 3033 654 3099 τῷ
688 3026 903 3102 βασιλεῖ
937 3025 1121 3099 μόνον,
1154 3022 1300 3079 ἀλλά
1324 3024 1413 3077 καὶ
1464 3028 1544 3094 τῷ
1573 3028 1784 3097 στρατῷ
1815 3024 1903 3076 καὶ
1934 3022 2092 3078 παντῖ
2122 3027 2201 3093 τῷ
2230 3021 2429 3092 πλήθει
2463 3023 2744 3094 Ῥωμαίων
2779 3024 3089 3083 ἀπολιπών.

328 3121 411 3190 [Ρ.
436 3120 562 3189 622]
591 3117 831 3191 Ἐγένετο
863 3114 919 3169 δὲ
948 3117 1036 3169 καὶ
1087 3116 1240 3191 ἑτέρα
1294 3137 1378 3175 τις
1419 3114 1716 3169 ἀποστασία
1768 3114 1894 3169 κατᾶ

2099 3116 2215 3170 Μία
2271 3117 2481 3171 deinde
2540 3119 2609 3172 ab
2670 3119 3020 3188 imperatore
3096 3117 3247 3172 facta
3304 3118 3550 3175 defectio
3608 3120 3666 3174 in

250 3211 354 3261 1:03
416 3203 683 3279 βασιλέως
740 3204 791 3258 ἐν
847 3201 1059 3273 Χαλδίᾳ
1104 3206 1237 3276 (69).
1277 3204 1525 3275 ὑποθήκῃ
1567 3208 1663 3255 τοῦ
1718 3222 1906 3274 στρατ-

249 3298 526 3370 ηγοῦντος
588 3292 757 3357 αὐτῆς
790 3289 969 3366 Βάρδα
1020 3291 1307 3365 πατρικίου
1351 3296 1448 3345 τοῦ
1500 3289 1685 3347 Βοΐλα.
1722 3290 1909 3363 Ἐξῆρ-

251 3404 361 3459 χον
401 3380 457 3436 δὲ
494 3386 594 3435 τοῦ
626 3384 993 3455 νεωτερισμοῦ
1020 3378 1305 3455 Ἀδριανός
1351 3401 1433 3441 τις
1492 3376 1765 3439 Χαλδαῖος
1819 3378 1909 3431 καὶ

248 3471 534 3540 Τατζάτης
617 3472 644 3524 6
704 3468 1033 3543 Ἀρμένιος,
1093 3468 1348 3523 πλούσιοι
1430 3466 1673 3543 σφόδρα.
1733 3474 1910 3522 Κατα-

252 3561 487 3636 σχόντες
547 3558 638 3613 οὖν
698 3558 847 3612 οὗτοι
907 3556 1164 3632 φρούριον
1195 3558 1255 3612 τὸ
1306 3556 1600 3631 λεγόμενον
1647 3555 1912 3626 ΙΙαὶπερτε

250 3650 395 3706 κατά
449 3652 548 3703 τοῦ
610 3648 879 3722 βασιλέως
930 3644 1261 3715 ὡπλίζοντο.
1322 3644 1477 3702 Ἀλλ’
1530 3646 1651 3715 ὀξὺς
1720 3645 1912 3722 ἐπιφαη

251 3739 369 3800 νεὶς
399 3736 580 3812 (ἔτυχε
628 3736 732 3811 γὰρ
788 3733 1038 3809 ἐνδημῶν
1099 3736 1149 3789 ἐν
1208 3735 1514 3808 Καισαρείᾳ)
1548 3736 1575 3789 6
1614 3736 1719 3788 τῶν
1775 3754 1909 3807 σχο-

254 3826 377 3881 λῶν
409 3824 772 3899 ἐξηγούμενος
805 3823 1059 3892 Ἰωάννης
1093 3824 1117 3876 ὁ
1151 3822 1459 3897 Κουρκούας
1506 3824 1604 3890 τήν
1666 3822 1913 3875 σύστασιν

255 3912 591 3985 διεσκέδασε,
648 3912 775 3975 τοὺς
830 3911 1257 3990 ἐμφανεστέρους
1316 3916 1423 3965 τῶν
1479 3912 1916 3986 κατασχεθέντων

254 4001 665 4077 ἀποτυφλώσας
724 4001 814 4056 καὶ
872 4002 969 4061 τὰς
1030 4000 1214 4062 οὐσίας
1247 4000 1422 4054 αὐτῶν
1459 3998 1756 4071 δημεύσας,
1789 3997 1915 4059 τοὺς

256 4091 322 4148 δὲ
375 4090 676 4167 πενιχροὺς
726 4090 815 4144 καὶ
879 4091 1129 4161 ἀσήμους
1193 4088 1405 4151 ἀθώους
1471 4087 1729 4149 κελεύσας
1804 4087 1911 4155 ὅπη

259 4180 566 4258 βούλονται
620 4180 851 4235 ἀπιέναι.
908 4178 1086 4240 Μόνος
1146 4175 1203 4232 δὲ
1262 4178 1598 4246 ὁΤατζάτης
1654 4177 1911 4251 φρούριον

254 4270 354 4327 ἐπί
390 4290 538 4331 τινος
590 4266 805 4341 ὑψηλοῦ
866 4266 1039 4345 λόφου
1100 4266 1589 4338 κατεσκευασμένον
1640 4285 1915 4340 κατεσχη-

252 4360 394 4427 κὼς,
418 4357 506 4413 καί
550 4357 717 4431 λόγον
744 4361 841 4411 τοῦ
876 4359 951 4429 μή
984 4378 1036 4410 τι
1067 4357 1229 4411 κακὸν
1264 4358 1448 4410 παθεῖν
1490 4352 1777 4428 δεξάμενος
1810 4356 1916 4409 ἀπὸ

249 4449 359 4505 τοῦ
386 4447 711 4520 δομεστίκου
743 4450 851 4501 τῶν
900 4444 1123 4521 σχολῶν
1176 4447 1265 4499 xui
1329 4440 1535 4514 Λαϐὼν,
1568 4444 1816 4513 εἰσῆλθεν
1866 4443 1916 4497 ἐν

251 4542 329 4611 τῇ
392 4533 657 4613 βασιλίδι,
714 4536 805 4590 καὶ
878 4539 946 4609 τῇ
1017 4538 1115 4589 τοῦ
1189 4528 1561 4610 μαγκλαϐίτου
1622 4536 1736 4606 (70)
1797 4532 1915 4604 ἀξίᾳ

2017 3204 2259 3259 Chaldia
2286 3206 2569 3260 instinctu
2606 3207 2833 3276 patricii
2867 3206 3082 3275 llardas,
3116 3217 3500 3277 cognomenlo
3533 3208 3670 3264 Boi-

2017 3293 2106 3361 laa,
2142 3294 2236 3359 qui
2270 3296 2318 3347 ei
2370 3293 2739 3364 prasidebat.
2792 3293 3095 3363 Principes
3145 3312 3429 3350 novarum
3474 3312 3669 3351 rerum

2020 3378 2448 3435 moliendarum
2477 3382 2714 3435 fuerunt
2754 3382 3045 3435 Adrianus
3077 3382 3317 3451 quidam
3367 3383 3673 3440 Chaldaeus

2022 3475 2079 3525 et
2132 3469 2397 3525 Tatzatee
2472 3469 2806 3537 Armenius,
2868 3469 3136 3524 homines
3213 3472 3569 3541 praedivites.
3630 3476 3674 3528 Ii

2017 3564 2299 3629 occupato
2359 3558 2595 3614 castello
2652 3558 2934 3630 Paipertis
2993 3564 3199 3615 contra
3261 3560 3673 3630 imperatorem

2020 3664 2186 3702 arma
2214 3648 2549 3703 sumebant.
2584 3648 2693 3703 Sed
2725 3648 2986 3702 Joannes
3018 3652 3299 3717 Curcuas,
3337 3650 3675 3706 scholarum

2023 3737 2404 3802 domesticus,
2439 3737 2538 3806 qui
2572 3742 2695 3791 tum
2729 3739 2875 3791 forte
2929 3740 3202 3792 Caesareae
3233 3743 3381 3806 erat,
3414 3740 3681 3795 celeriter

2023 3826 2359 3897 supervenit
2383 3830 2441 3880 et
2472 3825 2781 3881 coitionem
2814 3842 2941 3880 eam
2984 3826 3309 3896 dissipavit.
3347 3829 3679 3899 Deprehen-

2024 3931 2345 3985 sorumque
2399 3914 2695 3986 primariis
2727 3914 2927 3969 oculos
2958 3915 3134 3981 eruit,
3169 3921 3227 3970 et
3276 3917 3429 3972 bona
3475 3934 3679 3973 eorum

2025 4002 2364 4074 publicavit,
2392 4003 2674 4057 obseuros
2702 4019 2767 4057 ac
2798 4018 3085 4073 pauperes
3112 4002 3355 4073 impune
3386 4022 3499 4075 quo
3531 4006 3681 4061 libe-

2025 4097 2113 4145 ret
2142 4091 2442 4145 discedere
2468 4090 2668 4159 jussit.
2704 4089 2866 4145 Unus
2916 4091 3203 4157 Tatzaies,
3239 4092 3481 4149 castello
3530 4112 3678 4167 quo-

2028 4180 2162 4234 dam
2196 4183 2498 4250 occupato,
2534 4180 2688 4249 quod
2724 4180 2782 4234 in
2814 4179 3058 4234 sublimi
3102 4186 3228 4236 erat
3277 4182 3459 4237 situm
3508 4184 3675 4251 colle,

2025 4268 2139 4322 ﬁde
2171 4266 2545 4338 impunitatis
2576 4284 2609 4322 a
2656 4267 2977 4323 domestico
3030 4268 3370 4325 scholarum
3421 4277 3679 4343 accepta,

2026 4355 2225 4420 Gpolin
2262 4356 2441 4425 venit,
2475 4356 2674 4426 ibique
2707 4356 3083 4427 manglabitm
3137 4358 3352 4414 honore
3402 4362 3684 4431 przeditus

2026 4444 2087 4498 in
2145 4446 2319 4499 domo
2376 4460 2805 4515 manganorum
2864 4446 3193 4501 custoditus
3250 4453 3377 4515 est;
3430 4465 3685 4519 cumque

2151 4494 2314 4499 nm-
2376 4494 2805 4515 mwownﬂ-
2868 4494 3192 4501 -_------_-
3252 4494 3377 4515 νυ,
3433 4494 3678 4519 --.ηπ-ν

1946 4494 1992 4557 D
2026 4534 2225 4605 fugam
2278 4532 2601 4602 moliretur,
2634 4533 2999 4604 deprehenso
3059 4534 3211 4589 oculi
3274 4540 3413 4590 sunt
3461 4536 3678 4591 effossi.

1413 4669 1817 4728 XYLANDBI
1860 4668 1960 4727 ET
2006 4665 2241 4729 GOARI
2288 4666 2542 4725 NOTAE.

334 4787 452 4857 (68)
484 4784 696 4857 Dubito
727 4785 797 4839 de
826 4784 935 4857 hoc
963 4783 1107 4857 loco.
1145 4782 1321 4857 Σορός
1358 4782 1657 4857 tumulum
1691 4780 1921 4857 signiﬁ-

258 4853 363 4916 cat
395 4853 449 4913 et
499 4856 855 4928 sepulcrum.
888 4856 1053 4928 Forte
1085 4855 1195 4928 fuit
1227 4853 1395 4928 aedes
1441 4854 1516 4928 in
1556 4853 1922 4928 Blachernis,

258 4930 524 5002 sepulcri
557 4924 616 4983 in
647 4945 760 4999 quo
793 4927 1061 5002 Christus
1101 4927 1405 5002 depositus
1441 4925 1549 4980 fuit
1578 4924 1920 5002 similitudi-

259 4997 404 5058 ne—m
462 4997 963 5070 referenstquale
1021 4998 1199 5069 Spiris
1259 4998 1566 5070 Nemetum
1627 4997 1917 5070 suburba-

261 5089 434 5137 num,
466 5078 522 5127 et
554 5071 667 5125 alia
711 5067 846 5125 alibi
893 5067 1184 5135 visuntur,
1217 5084 1343 5123 xum
1375 5068 1628 5138 heiligen
1662 5067 1829 5135 Grab,
1866 5073 1923 5123 et

261 5147 333 5200 ﬁt
368 5144 590 5198 mentio
641 5141 812 5214 paulo
843 5146 991 5211 post.
1020 5141 1162 5214 XYL.
1196 5171 1265 5179 —
1295 5140 1601 5214 Templum
1630 5144 1721 5214 est
1750 5140 1919 5206 illud,

261 5218 324 5272 in
361 5216 535 5285 cujus
566 5210 880 5285 sacratiore
911 5212 1101 5285 loculo
1125 5212 1512 5285 sanctissimae
1544 5210 1802 5281 Deiparaa
1835 5229 1920 5267 ve-

261 5290 377 5344 stis
413 5283 469 5341 e't
498 5302 648 5340 zona
680 5286 736 5339 in
765 5284 1103 5340 Blachernis
1133 5283 1605 5339 asservahantur.
1634 5286 1814 5337 Goaa.

338 5359 454 5429 (69)
487 5356 731 5413 Chaldia
778 5356 951 5429 regio
985 5360 1207 5429 est,ut
1240 5358 1515 5429 apparet,
1568 5355 1759 5429 Syriae,
1793 5354 1921 5429 ‘hoc

307 5426 506 5484 uidem
558 5430 719 5496 loco;
755 5426 890 5483 nam
939 5427 998 5481 in
1053 5426 1364 5497 Nicephori
1417 5426 1619 5480 Phocae
1673 5426 1920 5496 imperio

307 5447 506 5484 niuem
560 5447 719 5496 1000;
755 5447 890 5483 nam
939 5447 998 5481 ιη
1054 5447 1364 5497 mcepnori
1417 5447 1619 5480 ι’Ποοω
1673 5447 1916 5496 imperio

260 5447 486 5557 giscrte
535 5500 810 5555 Calabria:
840 5498 1171 5554 ascribitur.
1207 5499 1283 5553 Ex
1335 5497 1547 5553 Basilio
1581 5498 1823 5552 Romani
1861 5500 1916 5551 ια’.

261 5574 367 5629 ubi
402 5574 603 5628 Phoce
635 5577 839 5626 contra
872 5570 1092 5625 Durum
1129 5587 1220 5625 res
1253 5574 1427 5641 gesta:
1481 5570 1918 5637 describuntur,

262 5645 467 5701 Iberia:
493 5643 746 5699 vicinam
779 5643 958 5698 fuisse
987 5640 1291 5699 Chaldiam
1321 5641 1504 5695 videri
1535 5646 1746 5712 potest.
1781 5640 1915 5695 XYL.

2099 4781 2209 4851 (70)
2243 4779 2419 4854 Quod»
2436 4780 2514 4854 sit
2545 4779 2938 4854 manglabitas,
2969 4781 3059 4835 vel
3088 4787 3151 4836 ut
3177 4798 3356 4854 supra
3394 4782 3680 4854 scriptum

2029 4850 2143 4918 est,
2178 4850 2540 4907 manclahitw
2595 4850 2877 4922 ofﬁcium,
2932 4854 3146 4908 nescio.
3197 4850 3358 4908 Talia
3411 4850 3683 4910 videntur

2031 4924 2205 4979 etiam
2263 4922 2547 5001 mysticus
2594 4929 2649 5001 et
2695 4926 2986 5001 stypeiota
3027 4929 3100 5001 ‘et
3151 4940 3325 5001 quem
3374 4925 3683 5001 aliasp‘at-

2030 5014 2231 5068 κτωρα,
2268 4990 2635 5068 ρέυὶοῄροεῐ
2691 4990 2820 5068 ἱρὲό
2874 4990 3403 5068 παραδυναᾶτεύοντα
3458 4990 3684 5053 videtur

2031 5066 2246 5150 dicere,
2274 5066 2281 5067 “
2307 5066 2475 5153 quapin
2506 5066 2813 5153 ’vica’rlium
2866 5066 3259 5153 imn'peratoris.
3314 5069 3448 5124 XYL.
3482 5102 3551 5110 —
3581 5074 3677 5153 ‘Tji

2027 5140 2124 5191 τοῦ
2183 5130 2562 5209 μαγγλαϐίτου
2620 5136 2739 5206 ἀξίᾳ
2792 5130 3192 5221 τιμηθείςκᾼη
3251 5158 3365 5223 non
3430 5130 3679 5268 μαγέλάζ

2030 5205 2121 5263 ὗια
2166 5210 2500 5282 merebatur
2555 5209 2858 5282 X_ylander_
2897 5226 3166 5282 experiri,
3200 5228 3301 5281 qui
3358 5218 3478 5267 tam
3580 5232 3680 5269 ure

2030 5282 2357 5356 Cedrenum
2415 5274 2987 5356 ipayﬂutimaviAt'
3032 5274 3295 5356 nescivit,
3356 5284 3568 5356 inquit.
3628 5288 3683 5341 Is

2028 5355 2227 5428 itaque
2277 5352 2700 5428 cornicularius
2731 5358 2788 5428 et
2832 5353 3241 5428 clavicularius
3272 5352 3488 5410 dicitur
3526 5359 3680 5428 apud

2028 5424 2422 5480 Pancirollum
2477 5424 2536 5477 in
2573 5425 2701 5481 Not.
2737 5427 2882 5494 lmp.
2917 5443 2966 5481 ο.
3003 5426 3093 5495 li,
3126 5436 3182 5482 et
3231 5432 3321 5482 est
3369 5424 3678 5484 unius—co-

2029 5496 2216 5551 hortis
2251 5495 2574 5565 principem
2626 5495 2898 5565 stipantis
2950 5499 3314 5569 praapositus,
3350 5507 3405 5554 et
3452 5502 3521 5554 ad
3557 5502 3682 5569 ejus

2031 5573 2263 5642 nutum,
2309 5584 2410 5621 ceu
2461 5569 2774 5622 sententiis
2824 5586 3054 5624 reorum
3098 5571 3484 5641 exsequendis
3532 5589 3677 5642 prae-

2030 5641 2240 5707 fectus,
2270 5643 2470 5695 sontes
2528 5656 2793 5712 quosque
2852 5642 2923 5696 ab
2980 5658 3045 5697 eo
3106 5643 3433 5709 damnatos,
3474 5641 3678 5699 eodem
