3922 6132
296 278 375 338 35
1227 352 1236 360 _
1640 268 1958 332 eaoaen
2001 268 2343 332 causam
3631 279 3708 341 33

295 408 508 465 Bardas
562 406 777 477 Boilas,
826 407 983 478 quod
1034 406 1084 461 ei
1134 405 1451 476 imperator
1496 404 1643 459 bene
1692 400 1937 469 volebat,

2117 401 2310 472 μηθεὶς
2364 401 2418 457 ἐν
2470 409 2552 476 τῷ
2604 404 2740 478 οἷ’κῳ
2790 410 2897 462 τῶν
2952 409 3235 484 μαγγάνων
3267 409 3533 483 ἐτηρεῖτο.
3568 417 3707 487 Δρα-

295 497 519 552 nullam
552 496 728 551 aliam
779 512 1013 566 pmnam
1046 495 1208 550 dedit
1250 510 1427 565 quam
1476 493 1629 563 quod
1663 507 1833 546 rasus
1888 494 1945 545 et

295 586 622 642 monachus
652 588 742 641 est
775 584 983 639 factus.

362 852 600 907 Interim
649 850 881 906 Simeon
917 848 1303 920 Bulgarorum
1354 848 1628 920 princeps
1658 847 1941 901 Adriano-

289 943 469 1015 polim
499 941 649 996 vallo
679 941 956 1010 fossaque
1005 938 1187 1009 cingit
1230 937 1279 993 ei
1335 937 1566 991 obsidet
1613 951 1677 991 ao
1728 951 1941 1005 magno

288 1031 484 1087 studio
533 1033 853 1102 oppugnat.
899 1029 1146 1082 Praeerat
1193 1028 1243 1081 ei
1295 1027 1425 1081 urbi
1476 1025 1587 1079 Leo
1638 1024 1938 1092 patricius,

287 1122 441 1175 303
468 1136 641 1190 quem
675 1120 747 1173 ob
799 1132 1237 1189 praeproperum
1288 1114 1348 1169 in
1399 1115 1602 1169 hostes
1652 1114 1939 1183 impetum

285 1209 569 1263 vocabant
615 1207 1003 1261 Moroleonem
1054 1205 1223 1275 quasi
1273 1203 1524 1259 stultum
1582 1201 1835 1257 leonem.
1885 1202 1941 1255 Is

284 1296 783 1369 oppugnationem
810 1294 1034 1348 fortiter
1056 1290 1942 1361 sustinebat,etmodoBulgaros

286 1387 576 1440 irruentes
607 1385 679 1438 de
710 1399 879 1437 muro
914 1380 1475 1453 proﬂigabat,modo
1508 1380 1691 1451 portis
1723 1379 1941 1450 apertis

286 1475 344 1528 in
376 1491 477 1529 eos
508 1473 859 1528 acerrimum
895 1472 1181 1541 impetum
1216 1469 1395 1523 dabat
1427 1467 1709 1538 facileque
1761 1467 1941 1539 pelle-

287 1565 403 1618 bat.
441 1563 551 1618 Sed
584 1559 863 1632 oppidani
906 1559 1033 1612 cibo
1066 1559 1373 1612 deficiente
1414 1574 1478 1611 ac
1511 1559 1661 1611 fame
1692 1557 1943 1627 graviter

288 1654 611 1724 premente,
645 1665 777 1703 cum
814 1647 1228 1701 alimentorum
1279 1645 1515 1699 aliunde
1546 1645 1938 1716 parandorum

286 1756 422 1810 spes
454 1738 616 1794 nulla
649 1737 972 1808 aﬂ'ulgeret,
1010 1735 1256 1805 penuria
1281 1733 1443 1803 moti,
1480 1734 1707 1799 urbem,
1740 1750 1802 1788 se
1834 1734 1938 1787 du-

285 1844 534 1900 cemque
593 1825 862 1897 Bulgaris
925 1824 1312 1879 tradiderunt.
1374 1821 1609 1877 Simeon
1686 1822 1936 1877 Leonem

285 1923 510 1983 nactus,
537 1926 592 1971 et
622 1916 961 1971 recordatus
987 1917 1206 1984 quanta
1236 1912 1284 1965 is
1316 1911 1470 1965 mala
1502 1910 1763 1981 Bulgaris
1790 1910 1944 1966 intu-

282 2006 466 2072 lisset,
502 2005 827 2060 innumeris
849 2002 1275 2074 suppliciorum
1314 2000 1514 2055 formis
1544 2000 1939 2055 excruciatum

280 2096 516 2151 tandem
549 2095 757 2149 acerba
788 2098 975 2148 morte
999 2089 1675 2159 necavit,Bulgaricoque
1702 2089 1759 2143 in
1794 2090 1939 2144 urbe

282 2185 484 2239 relicto
518 2183 787 2254 praesidio
845 2181 1131 2235 discessit.
1186 2180 1304 2233 Hoc
1351 2178 1684 2250 prasidium
1735 2180 1936 2233 audito

281 2278 485 2328 contra
515 2290 573 2327 se
592 2271 790 2327 venire
832 2270 1161 2324 Romanum
1204 2269 1521 2323 exercitum
1554 2266 1700 2321 urbe
1732 2266 1936 2322 relicta

281 2362 467 2433 fugit;
492 2366 668 2431 atque
681 2359 765 2414 sic
786 2357 1197 2429 Adrianopolis
1219 2374 1253 2411 a
1275 2357 1549 2411 Romanis
1570 2361 1659 2410 est
1682 2361 1930 2426 recepta.

2053 490 2188 561 σμὸν
2221 487 2278 545 δὲ
2312 490 2749 566 βουλευσάμενος
2782 495 3060 551 ἁλίσκεται
3121 498 3208 552 καὶ
3263 503 3371 552 τῶν
3397 498 3703 573 ἀφθαλμῶν

2053 584 2339 653 παρεῖται.
2394 580 2605 654 Βάρδας
2663 581 2719 638 δὲ
2771 586 2798 639 6
2842 583 3041 647 Βοίλας
3102 585 3301 663 φιλίως
3359 588 3493 663 πρὸς
3544 588 3703 645 αὐτὸν

2053 663 2396 740 διακειμένου
2454 676 2549 725 τοῦ
2613 672 2881 747 βασιλέως
2934 674 3174 751 ἀπεκάρη
3238 677 3703 752 μοναχὸς,μηδὶν

2052 753 2192 810 ἄλλο
2219 761 2505 823 πεπονθὼς
2535 762 2774 838 ἀνιαρόν.

2124 849 2349 918 Συμεὼν
2405 847 2462 904 δὲ
2518 852 2546 904 6
2596 857 2702 907 τῶν
2748 852 3083 928 Βουλγάρων
3118 852 3330 930 ἅρχων,
3358 857 3459 925 τὴν
3494 854 3704 933 Ἀδρια-

2050 935 2313 991 νούπολιν
2344 935 2666 995 καταλαϐὼν
2698 942 2786 996 καὶ
2818 942 3018 1013 ταύτην
3080 945 3275 1020 χάραξι
3326 946 3413 999 καὶ
3475 948 3703 1024 τάφροις

2049 1026 2478 1101 περιστοιχίσας,
2515 1028 2792 1102 ἐπιμελῶς
2859 1030 3191 1108 ἐπολιόρκει.
3248 1036 3598 1109 Ἐστρατήγει
3649 1033 3706 1091 δὶ

2048 1121 2150 1182 τῆς
2180 1115 2396 1178 πόλεως
2429 1118 2456 1171 6
2489 1119 2770 1193 πατρίκιος
2804 1120 2977 1193 Λέων,
3008 1123 3066 1176 ’ὸν
3118 1120 3207 1176 διὰ
3250 1125 3349 1193 τήν
3406 1123 3707 1199 ὀξύρροπον

2048 1201 2184 1275 πρὸς
2242 1204 2371 1267 τοὺς
2436 1206 2718 1280 πολέμους
2774 1210 2953 1284 ὁρμὴν
3017 1211 3390 1286 Μωρολὲοντα
3450 1211 3703 1270 ἐκάλουν.

2051 1292 2215 1353 Οὗτος
2272 1292 2529 1368 εὐψύχως
2586 1298 2685 1366 τὴν
2745 1298 3071 1375 πολιορκίαν
3151 1298 3385 1370 ἐδέξατο,
3445 1303 3535 1356 καὶ
3586 1324 3708 1375 γεν-

2048 1380 2342 1443 ναιοτάτως
2394 1385 2527 1438 ποτὶ
2589 1386 2681 1457 μὲν
2744 1387 2848 1441 ἀπὸ
2899 1392 2996 1441 τοῦ
3042 1388 3264 1464 τείχους
3290 1389 3416 1451 τοὺς
3448 1391 3705 1465 προσιόν-

2048 1489 2142 1532 τας
2189 1474 2296 1523 τῶν
2357 1471 2682 1549 Βουλγάρων
2729 1474 2987 1547 ἠμύνετο,
3022 1478 3153 1531 ποτὶ
3210 1476 3266 1531 δὲ
3321 1478 3414 1539 τὰς
3470 1477 3704 1543 πυλίδας

2052 1558 2414 1618 ἀναπεταννὺς
2468 1559 2746 1617 ἐπετίθετο
2805 1565 2897 1618 σὺν
2970 1564 3114 1641 ῥύμῃ
3198 1566 3552 1639 ἀνυποστάτῳ
3610 1569 3700 1623 καὶ

2053 1645 2251 1721 ῥᾳδίως
2310 1648 2582 1723 ὶτρέπετο.
2620 1651 2768 1707 Ἐπεὶ
2819 1650 2876 1706 δὲ
2930 1654 2957 1707 6
3003 1659 3150 1717 σῖτος
3194 1653 3322 1716 τοὺς
3353 1654 3405 1709 ἐν
3436 1660 3504 1729 τῇ
3536 1655 3697 1713 πόλει

2051 1734 2391 1792 ἐπιλελοίπει
2423 1740 2511 1793 καὶ
2546 1739 2710 1812 λιμὸς
2754 1741 2927 1810 ἐπίεζε
2973 1742 3101 1805 τοὺς
3153 1740 3366 1807 ἔνδοθεν
3419 1747 3696 1819 κραταιὸς,

2052 1823 2366 1899 μηδαμόθεν
2423 1826 2621 1883 ἐλπίδα
2676 1825 2896 1905 ἔχοντες
2970 1831 3336 1905 ἐπισιτισμοῦ,
3392 1837 3461 1907 τῇ
3522 1833 3700 1907 ἐνδείᾳ

2052 1918 2354 1978 πεισθέντες
2414 1915 2794 1993 προδεδώκασι
2849 1921 2949 1989 τήν
3001 1919 3165 1975 πόλιν
3196 1923 3285 1975 καὶ
3331 1924 3554 1985 ἑαυτοὺς
3609 1925 3701 1979 καὶ

2048 2004 2140 2057 τὸν
2189 2007 2485 2079 στρατηγὸν
2530 2013 2645 2069 τοῖς
2710 2008 3066 2085 Βουλγάροις·
3104 2011 3162 2063 ὃν
3211 2013 3624 2086 χειρωσάμενος
3672 2015 3702 2067 6

2053 2095 2296 2164 Συμεὼν,
2355 2095 2443 2149 καὶ
2495 2097 2567 2149 ὧν
2643 2096 2719 2158 εἷς
2790 2096 2916 2160 τοὺς
2992 2097 3341 2174 Βουλγάρους
3404 2098 3700 2173 ἐνεδείξατο

2051 2183 2403 2255 μεμνημένος
2463 2189 2665 2252 κακῶν,
2720 2186 2935 2261 μυρίαις
2994 2187 3195 2251 αἰκίαις
3235 2191 3701 2263 τιμωρησάμενος

2045 2270 2355 2326 τελευταῖον
2442 2274 2719 2329 ἀπέκτεινε
2802 2277 3014 2347 θανάτῳ
3087 2282 3285 2349 πικρῷ.
3345 2278 3703 2354 Βουλγάρους

2046 2358 2136 2411 οὖν
2197 2358 2490 2429 ἐπιστήσας
2546 2361 2790 2438 φύλακας
2848 2368 2916 2437 τῇ
2971 2363 3129 2418 πόλει
3190 2366 3570 2441 ὑπεχώρησεν
3619 2366 3700 2422 οἵ·

277 2470 421 2511 τινες
478 2448 782 2520 Ῥωμαϊκὸν
843 2442 1200 2521 στρατόπεδον
1262 2442 1554 2512 ἀκηκοότες
1605 2442 1755 2512 ἥκειν
1810 2445 1926 2497 κατ’
1982 2446 2159 2502 αὐτῶν
2214 2451 2604 2513 καταλιπόντες
2655 2452 2754 2520 τήν
2814 2451 2976 2507 πόλιν
3036 2448 3256 2531 ἔφυγον,
3290 2454 3377 2509 καὶ
3430 2455 3597 2511 πάλιν
3659 2457 3695 2526 ἠ

279 2535 737 2612 Ἀδριανούπολις
775 2536 880 2589 ὑπὸ
911 2535 1217 2605 Ῥωμαίους
1246 2533 1477 2608 ἐγένετο.

352 2631 427 2683 Eo
446 2634 705 2700 tempore
726 2627 837 2681 Leo
860 2626 1036 2680 etiam
1057 2624 1340 2695 Tripolita
1357 2640 1491 2677 cum
1510 2639 1723 2693 magna
1745 2624 1933 2677 classe

280 2718 574 2773 Romanos
602 2715 833 2770 invasit.
859 2716 1040 2779 Quem
1061 2714 1119 2767 in
1145 2714 1360 2768 Lemno
1385 2729 1557 2766 naves
1588 2712 1647 2765 in
1682 2713 1933 2766 statione

279 2807 591 2861 habentem
646 2804 840 2859 subito
868 2804 1111 2857 adortus
1153 2802 1407 2856 Joannes
1442 2800 1715 2854 Radenus
1748 2802 1931 2871 patri-

278 2897 429 2961 cius,
463 2894 541 2948 rei
579 2893 802 2947 navalis
844 2890 1215 2960 drungarius,
1254 2889 1418 2944 facile
1467 2889 1622 2957 vicit,
1650 2891 1931 2959 Agarenis

281 2986 396 3039 fere
453 2982 729 3037 omnibus
785 2980 1108 3046 exstinctis,
1144 2978 1386 3050 soloque
1445 2978 1729 3049 'l‘ripolita
1791 2979 1931 3049 fuga

2112 2626 2247 2682 Τότε
2302 2625 2358 2682 δὲ
2415 2628 2503 2682 καὶ
2560 2630 2706 2685 Λέων
2759 2631 3149 2705 ὁΤριπολίτης
3214 2634 3347 2705 μετὰ
3406 2631 3696 2705 δυνάμεως

2041 2711 2261 2781 πολλῆς
2328 2715 2417 2767 καὶ
2475 2713 2689 2769 πλοίων
2747 2724 3065 2789 πολεμικῶν
3122 2719 3314 2789 ἐξῆλθε
3377 2722 3512 2775 κατὰ
3570 2722 3708 2775 Ῥω-

2045 2801 2239 2871 μαίων·
2283 2802 2340 2855 ὃν
2376 2802 2427 2855 ἐν
2459 2807 2526 2873 τῇ
2557 2806 2707 2876 νήσῳ
2748 2807 2958 2878 Λήμνῳ
3005 2805 3380 2883 ναυλογοῦντα
3433 2808 3699 2880 Ἰωάννης
3792 2819 3803 2828 “

2039 2891 2326 2965 πατρίκιος
2372 2893 2459 2946 καὶ
2520 2889 2881 2970 δρουγγάριος
2938 2900 3045 2949 τῶν
3100 2895 3375 2970 πλωίμων
3429 2898 3456 2951 6
3488 2896 3693 2968 Ῥαδη-

2037 2980 2125 3039 νὸς
2175 2976 2441 3056 αἰφνίδιον
2494 2978 2768 3057 ἐπιφανεὶς
2824 2981 3020 3057 ῥαδίως
3068 2982 3349 3059 ἐτρέψατο,
3379 2990 3487 3040 τῶν
3518 2986 3690 3061 Ἀγα-

278 3074 500 3144 elapso.
563 3071 761 3125 Mense
836 3068 1185 3139 Septembri,
1245 3067 1567 3122 indictione
1643 3069 1922 3137 secunda,

2110 3071 2216 3121 νῶν
2250 3066 2443 3144 σχεδὸν
2477 3069 2690 3124 πάντων
2747 3072 3121 3147 ἀνῃρημένων,
3152 3078 3250 3127 τοῦ
3310 3071 3367 3128 δὲ
3417 3075 3699 3149 Τριπολί-

277 3162 498 3227 Simon,
530 3159 913 3231 Bulgarorum
948 3158 1240 3230 princeps,
1278 3174 1407 3212 cum
1443 3157 1721 3211 omnibus
1747 3156 1931 3227 c0piis

275 3250 702 3322 expeditiodem
735 3253 935 3303 contra
966 3246 1165 3318 Cpolin
1186 3246 1436 3317 suscipit
1462 3246 1931 3318 ;popu1atusque

280 3339 677 3394 Macedoniam
712 3341 765 3391 et
798 3338 856 3391 in
889 3336 1201 3391 Thraciam
1260 3336 1547 3390 incendiis
1597 3340 1923 3406 grassatus,

278 3428 463 3483 obviis
486 3427 821 3497 quibusque
845 3425 1378 3494 vastatis,proxime
1402 3423 1752 3478 Blachernas
1772 3424 1925 3478 304

278 3524 470 3574 castra
497 3516 678 3587 ponit.
708 3516 847 3570 Inde
901 3513 1159 3585 postulat
1192 3517 1253 3567 ut
1285 3515 1354 3567 ad
1388 3530 1447 3568 se
1489 3513 1799 3568 mittantur
1826 3514 1922 3567 Ni-

277 3607 474 3663 colaus
496 3604 828 3676 patriarcha
854 3602 1069 3674 aliique
1090 3603 1499 3673 procerum,de
1521 3603 1925 3674 componenda

276 3712 415 3767 pace
444 3692 811 3748 eollocuturi.
850 3693 1005 3747 Datis
1039 3696 1241 3747 mutuo
1272 3691 1599 3759 obsidibus,
1633 3697 1697 3745 ut
1727 3692 1797 3744 ab
1830 3690 1922 3745 in-

276 3784 443 3838 sidiis
476 3782 674 3837 omnia
708 3785 832 3836 tuta
857 3785 1077 3846 essent,
1111 3797 1177 3835 ac
1209 3780 1543 3851 patriarcha
1566 3780 1922 3849 juramentis

274 3874 508 3940 fidente,
542 3871 854 3941 quaesitum
904 3875 994 3925 est
1025 3870 1123 3941 qui
1175 3874 1475 3923 senatores
1506 3885 1639 3923 cum
1672 3886 1737 3923 eo
1769 3869 1924 3924 exire

270 3963 566 4017 deberent.
599 3960 812 4015 Delecti
846 3958 1127 4030 patricius
1177 3957 1504 4012 Michaelus
1535 3958 1831 4029 Stypeiota
1862 3963 1921 4012 et

269 4052 529 4106 Joannes
578 4048 863 4119 mysticus
892 4064 959 4101 ac
1011 4052 1137 4101 tum
1170 4047 1692 4118 gubernandarum
1727 4063 1921 4101 rerum

274 4138 472 4195 socius
500 4156 511 4191 :
538 4154 672 4191 nam
695 4137 953 4191 Joannes
978 4141 1167 4190 rector
1197 4136 1350 4206 apud
1380 4136 1789 4206 imperatorem
1824 4136 1923 4190 de-

272 4229 430 4284 latus
460 4226 725 4280 criminis
749 4226 874 4296 jam
908 4230 1032 4279 tum
1067 4223 1283 4296 palatio
1336 4224 1710 4290 discesserat,
1744 4224 1925 4295 inque

274 4334 380 4373 suo
431 4314 789 4369 monasterio
824 4313 1147 4368 monachus
1188 4314 1378 4368 factus
1410 4317 1552 4367 erat.
1582 4318 1722 4366 Cum
1754 4313 1923 4381 legati

2039 3178 2134 3210 του
2170 3156 2338 3229 μόνου
2370 3162 2513 3235 φυγῇ
2544 3160 2643 3228 τήν
2687 3160 2961 3235 σωτηρίαν
3014 3164 3405 3237 πορισαμένου.
3442 3170 3699 3237 Σεπτεμ-

2041 3241 2180 3319 ϐρίῳ
2213 3244 2269 3300 δὲ
2303 3247 2455 3319 μηνὶ,
2490 3245 2830 3310 ἰνδικτιῶνος
2865 3251 2931 3325 β’,
2960 3253 3038 3323 [Ρ.
3072 3254 3198 3324 623]
3232 3253 3260 3306 6
3292 3251 3476 3328 ἅρχων
3510 3251 3698 3309 Βουλ-

2033 3334 2227 3408 γαρίας
2279 3337 2503 3407 Συμεὼν
2590 3339 2884 3412 πανστρατὶ
2953 3340 3089 3393 κατὰ
3168 3341 3266 3410 τῆς
3348 3343 3692 3397 Κωνσταντι-

2031 3421 2344 3485 νουπόλεως
2402 3423 2757 3498 ἐκστρατεύει,
2808 3428 2896 3480 καὶ
2971 3426 3215 3497 λη’ίζεται
3280 3431 3373 3501 μὲν
3433 3427 3691 3486 Μακεδο-

2031 3510 2166 3579 νίαν,
2214 3511 2459 3588 ἐμπιπρᾷ
2517 3511 2573 3568 δὲ
2628 3516 2694 3568 τὰ
2755 3514 2841 3569 ἐπὶ
2890 3516 3105 3591 Θρᾴκης
3136 3518 3339 3592 χωρία,
3366 3519 3453 3572 καὶ
3508 3518 3694 3575 πάντα

2030 3602 2379 3677 καταστρέφει
2432 3603 2499 3655 τὰ
2569 3603 2618 3655 ἐν
2684 3603 2832 3657 ποσί.
2896 3605 3148 3681 Ἐγγιστα
3213 3603 3269 3659 δὲ
3348 3606 3683 3681 Βλαχερνῶν

2030 3687 2391 3764 στρατόπεδον
2444 3692 2617 3761 πήξας
2687 3690 3012 3763 ἐπεζήτησεν
3092 3693 3462 3764 ἀποσταλῆναι
3531 3696 3688 3769 αὐτῷ

2028 3779 2119 3834 τὸν
2179 3781 2525 3854 πατριάρχην
2586 3779 2856 3836 Νικόλαον
2905 3784 2993 3836 καί
3052 3804 3202 3845 τινας
3259 3789 3366 3838 τῶν
3421 3785 3471 3838 ἐν
3528 3784 3687 3840 τέλει

2032 3865 2168 3921 ὥστε
2197 3869 2321 3940 περὶ
2372 3867 2595 3942 εἰρήνης
2643 3866 3023 3943 διαλεχθῆναι.
3081 3866 3351 3934 Λαϐόντες
3398 3869 3487 3925 οὖν
3534 3872 3691 3943 ὁμή-

2033 3974 2157 4031 ρους
2212 3956 2339 4029 παρ’
2370 3954 2635 4026 ἀλλήλων
2686 3958 2761 4020 ὡς
2816 3955 3047 4030 οὐδεμία
3104 3979 3185 4021 τις
3247 3958 3689 4031 ἐπακολουθήσει

2031 4040 2324 4113 ἐπιϐουλὴ,
2356 4046 2445 4098 καὶ
2499 4050 2594 4099 τοῦ
2652 4046 2996 4121 πατριάρχου
3054 4054 3173 4110 τοῖς
3225 4050 3411 4123 ὅρκοις
3456 4049 3693 4124 ἀναθαρ-

2034 4132 2313 4208 ῥήσαντος,
2337 4134 2516 4207 γέγονε
2548 4132 2711 4208 λόγος
2745 4135 2970 4199 ὁποίους
3015 4133 3095 4190 δεῖ
3142 4141 3250 4191 τῶν
3301 4137 3690 4212 συγκλητικῶν

2031 4220 2209 4293 τούτῳ
2268 4222 2615 4294 συνεξελθεῖν.
2652 4225 2953 4300 ΙΙροεκρίθη
3015 4230 3143 4297 γοῦν
3179 4226 3206 4280 6
3255 4227 3534 4301 πατρίκιος
3578 4232 3693 4281 Μι-

2036 4310 2187 4385 χαὴλ
2249 4311 2277 4363 6
2338 4313 2685 4382 Στυπειώτης
2746 4314 2834 4367 καὶ
2882 4314 3137 4383 Ἰωάννης
3190 4315 3218 4368 6
3287 4316 3541 4387 μυστικὸς
3592 4316 3693 4370 καὶ

273 4407 344 4461 ad
376 4406 709 4460 Simeonem
742 4403 1039 4458 venissent
1077 4419 1142 4457 ac
1173 4403 1243 4457 de
1274 4419 1415 4473 pace
1444 4406 1642 4456 essent
1671 4400 1922 4456 collocu—

2111 4396 2512 4473 ραδυναστεύων
2570 4404 2705 4472 (71)·
2744 4400 2852 4471 ἤδη
2912 4403 3013 4479 γὰρ
3071 4386 3322 4474 Ἰωάννης
3383 4406 3410 4458 ὁ
3445 4403 3694 4480 ῥαίκτωρ

1414 4501 1819 4559 XYLANDRI
1865 4501 1964 4560 ET
2010 4498 2244 4559 GOARI
2290 4500 2541 4559 ΝΟΤιΕ.

269 4594 589 4661 spectante,
623 4588 890 4658 castigat.
917 4588 1055 4661 Eam
1088 4588 1563 4661 Bardariotarum
1600 4586 1779 4661 fuisse
1813 4603 1919 4661 suo

275 4654 535 4733 tempore
576 4654 843 4733 'Codinus
876 4660 1068 4733 refert,
1111 4660 1182 4733 de
1231 4659 1447 4733 quibus
1480 4676 1492 4713 :
1529 4657 1829 4733 Κρὲμανται
1866 4654 1923 4710 δὲ

276 4677 535 4733 tempore
584 4677 843 4717 uoalnus
876 4677 1068 4723 relert,
1111 4677 1182 4713 ue
1231 4677 1447 4729 quibus
1480 4677 1492 4713 :
1529 4677 1567 4710 ix
1609 4677 1829 4729 εμανται
1866 4677 1922 4710 οε

276 4731 363 4786 ἐπὶ
391 4734 581 4804 ’ζώνης
615 4729 838 4786 ἑκάστου
868 4729 1095 4804 τοότωνλ
1123 4729 1317 4804 λῶροι,
1372 4728 1463 4790 οὓς
1494 4677 1922 4804 ’καςςῂουσιμμαγ-

272 4794 473 4879 γλάδῖῌα
504 4794 611 4876 (sic
645 4804 745 4879 ille
778 4802 1026 4879 scribit),
1060 4794 1231 4879 ’ἤγουν
1271 4794 1629 4879 βακτηρίαςῇ
1665 4794 1920 4879 ῥάϐδους.

282 4872 559 4949 μαστίζειν
603 4872 947 4949 τοὺς-ᾁξίους
1009 4872 1370 4949 μασζτίζεσθαι.
1420 4872 1527 4949 Leo
1572 4872 1927 4949 Grammati-

279 4938 382 5003 cus
430 4938 854 5017 ξ”Λποστέλλει
911 4938 1251 5017 μαχλαϐίτην
1310 4945 1416 5016 (ita
1470 4944 1613 5017 legit
1648 4943 1787 5017 ille)
1834 4944 1921 4997 τὸν

279 5015 741 5091 Μαυροθεόδωρον
779 5014 919 5091 ξίφει
946 5014 1151 5091 ἀνελεῖν
1192 5016 1282 5069 τὸν
1320 5014 1599 5091 ’μοναχόκμ
1645 5016 1844 5070 Turcze
1878 5034 1929 5091 ‘a

278 5086 491 5147 Graecis
525 5086 693 5162 plura
736 5086 989 5162 mutuati
1021 5090 1091 5142 ad
1125 5086 1515 5162 conspectumj
1556 5086 1926 5162 imperatoris

280 5155 698 5234 praecursorem
732 5161 949 5215 habent
984 5155 1362 5233 μαγγλαϐίτην
1402 5155 1655 5229 (bujurdz’
1678 5178 1781 5213 sua
1814 5159 1925 5234 lin-

279 5231 395 5312 gua
424 5234 752 5312 vocant)_,ad
789 5234 917 5312 ejus
951 5231 1155 5287 nutum
1187 5250 1345 5287 reum
1380 5247 1672 5312 quemque
1703 5231 1926 5312 suppli-

281 5304 386 5362 ciis
417 5306 693 5362 extremis
725 5305 1013 5374 subjicere
1046 5311 1333 5375 paratum.
1370 5308 1443 5359 Ac
1477 5304 1743 5373 princeps
1775 5304 1924 5372 ipse,

281 5380 439 5451 regia
487 5378 756 5450 deposita
803 5376 1147 5448 plebeiaque
1192 5381 1499 5451 assumpta
1547 5380 1723 5451 veste,
1773 5375 1929 5451 vicos

282 5445 580 5505 circumit'
612 5445 1067 5518 nonnunquam‘
1097 5455 1154 5503 et
1213 5445 1513 5504 anfractus
1566 5446 1817 5518 viarum,
1851 5445 1926 5518 _si

279 5526 492 5578 cuncta
522 5522 579 5575 in
613 5537 752 5599 pace
783 5516 985 5599 ordine
1007 5520 1200 5599 quiete
1237 5519 1570 5599 composita
1591 5517 1707 5572 sint
1737 5516 1929 5599 explo-

281 5600 523 5650 raturus
555 5609 569 5648 :
605 5590 694 5649 sin
726 5590 1152 5648 tumultuantes
1202 5593 1460 5647 rixantes
1509 5590 1929 5660 incompositos

284 5684 349 5722 ac
377 5666 606 5739 imperii
627 5668 795 5736 jussa
815 5670 1159 5736 spernentes
1184 5664 1337 5719 cives
1371 5665 1473 5717 aut
1493 5660 1715 5715 militia:
1747 5663 1929 5716 ascri-

2032 4591 2163 4657 ptos
2197 4588 2552 4667 comperiat,
2586 4605 2625 4667 a_
2664 4588 3044 4667 manglabitis
3096 4590 3198 4644 viae
3229 4590 3570 4667 _com‘itibus
3619 4608 3701 4667 ac

2037 4658 2463 4733 suppliciorum
2495 4658 2927 4733 instrumentis
2967 4662 3092 4733 jam
3154 4662 3319 4733 prius
3375 4662 3699 4719 instructis

2034 4729 2329 4811 extemplo
2357 4730 2805 4811 corripi__jubet,
2840 4729 3369 4811 simulque-pomis
3415 4733 3511 4811 vel
3560 4735 3703 4789 neci

2034 4802 2455 4876 tradi,¥omissis
2481 4804 2837 4872 judiciorum
2870 4802 3059 4860 tardis
3084 4802 3458 4876 ambagibus,
3498 4806 3702 4876 impe-

2038 4879 2148 4928 rat.
2184 4874 2363 4927 Goaa.

2111 4945 2222 5015 (71)
2254 4945 2630 5018 Imperatoris
2683 4946 2933 5012 amicus,
2965 4948 3065 5018 qui
3109 4945 3393 5001 nimirum
3426 4944 3705 5018 consiliis

2039 5019 2108 5088 et,
2126 5015 2361 5088 monitis
2390 5016 2731 5088 imperatori
2765 5018 2822 5071 in
2857 5015 3329 5072 administranda
3359 5034 3418 5072 re
3455 5017 3707 5088 publica

2039 5087 2287 5160 ﬁdeliter
2319 5087 2546 5160 assistit
2579 5107 2591 5143 :
2626 5105 2795 5156 quem
2830 5106 2987 5143 nunc
3034 5090 3265 5160 imperii
3300 5087 3705 5159 subadjuvam

2039 5163 2097 5213 et
2130 5159 2347 5228 publici
2380 5165 2569 5215 status
2606 5160 3020 5215 administrum
3055 5159 3310 5216 vocitare
3341 5160 3621 5215 solemus.
3644 5164 3707 5217 Is

2041 5246 2280 5302 quoque
2305 5231 2362 5284 in
2396 5232 2612 5301 palatio
2646 5233 3001 5302 morabatur.
3033 5233 3287 5302 Jamjam
3320 5234 3474 5286 enim
3523 5251 3708 5285 γατα-

2082 5296 2355 5367 ιϐἀζεσθαι
2396 5296 2506 5354 *τοῦ
2566 5300 2857 5369 παλατίου,
2892 5321 2958 5359 ex
3018 5322 3084 5359 eo
3143 5296 3467 5369 deturbari,
3512 5305 3706 5360 simul

2040 5376 2236 5449 tamen
2306 5379 2707 5449 συγχωρεῖσθαι
2789 5374 3125 5449 εἷσέρχεσθαι
3213 5379 3529 5447 προσκυνεῖν
3599 5376 3707 5430 τὸν

2045 5442 2291 5518 βασιλέα,
2325 5442 2391 5498 ut
2412 5442 2508 5500 ad"
2536 5442 2974 5519 imperatorem'
2999 5442 3385 5503 veneraturus
3433 5464 3500 5501 ac
3531 5448 3712 5503 salu-

2038 5519 2654 5643 tgt‘urggMpccederet,
2685 5523 3033 5591 potestatem
3083 5521 3349 5592 accipere
3378 5520 3713 5591 conspicie-
