3966 6134
200 344 261 401 37
1298 320 1844 387 HISTORIARUM
1887 321 2440 386 COMPENDIUM.

3506 328 3587 389 38

197 465 484 538 διαϐληθεὶς
510 465 648 539 πρὸς
696 462 787 517 τὸν
856 457 1112 536 βασιλέα,
1154 455 1425 512 κατελθὼν
1484 457 1581 509 τοῦ
1631 452 1822 509 παλα-

1960 454 2077 524 νυι-ἰ,
2108 454 2190 510 ita
2219 471 2318 511 eos
2351 455 2640 529 Bulgarus
2669 456 2898 512 dimisit
2947 461 3011 513 ut
3041 459 3375 515 ostenderet
3405 477 3466 517 se
3496 461 3581 533 ip-

196 560 314 625 τίου,
370 554 419 609 ἐν
468 557 538 626 τῇ
597 550 761 606 αὐτοῦ
814 552 953 622 μονῇ
1012 548 1112 615 τὴν
1165 545 1434 619 κοσμικὴν
1490 542 1816 617 ἀπεκείρατο

194 648 356 722 τρίχα.
414 640 807 716 Ἀφικομένους
868 636 958 691 οὖν
1018 635 1212 697 αὐτοὺς
1260 635 1394 706 πρὸς
1434 633 1526 687 τὸν
1585 632 1816 705 Συμεὼν

197 736 272 791 καὶ
304 730 600 808 μέλλοντας
648 734 815 783 κινεῖν
861 727 1056 801 λόγους
1116 724 1240 797 περὶ
1302 723 1542 796 εἰρήνης,
1590 722 1818 783 τούτους

205 827 283 899 μὶν
335 822 706 892 ἀπεπέμψατο,
767 816 928 871 αὐτὸν
980 812 1035 869 δὲ
1089 815 1178 867 τὸν
1244 811 1467 888 βασιλέα
1542 810 1818 899 εξ³ωμανὸν

199 896 417 983 έπεζήτει
451 908 736 973 θεάσασθαι
771 925 784 937 '
835 903 1304 980 πεπληροφόρητο
1355 901 1457 974 γὰρ
1495 896 1665 973 ἄνδρα
1695 920 1822 953 συν-

202 1005 300 1058 ετὸν
330 1000 479 1055 αὐτὸν
514 997 646 1052 εἶναι
691 994 783 1049 καὶ
833 991 1039 1064 ἀληθῆ,
1090 989 1397 1052 Ἀσπασίως
1447 987 1503 1043 δὲ
1547 989 1573 1041 ὁ
1618 994 1824 1059 Ῥωμα-

198 1094 276 1154 νὸς
304 1088 506 1159 ἐδέξατο
553 1090 736 1141 τοῦτο.
798 1080 1157 1142 Ἀποστείλας
1208 1077 1299 1135 οὖν
1349 1078 1399 1133 έν
1450 1082 1527 1148 τῷ
1571 1081 1667 1131 τοῦ
1716 1084 1824 1130 Κο-

197 1178 392 1255 σμιδίου
421 1174 656 1251 αἰγιαλῷ
705 1172 1089 1228 κατεσκεύασεν
1140 1168 1190 1223 ἐν
1220 1172 1289 1241 τῇ
1323 1167 1567 1240 θαλάσσῇ
1603 1167 1824 1255 ὀχυρω-

197 1253 340 1340 τάτην
383 1260 669 1332 ἀπόϐασιν,
732 1261 871 1317 ὥστε
920 1262 1021 1330 τήν
1085 1258 1374 1335 βασιλικὴν
1425 1258 1624 1331 τριήρη
1678 1253 1827 1309 διικ-

198 1357 445 1413 πλέουσαν
535 1354 585 1408 έν
674 1351 811 1424 αὐτῇ
906 1346 1414 1423 προσορμίζεσθαι,
1501 1345 1827 1420 περιφράξας

198 1447 344 1514 αὐτὴν
400 1446 662 1506 πάντοθεν
734 1439 1163 1514 διατειχίσμασι,
1235 1434 1410 1491 Μέσον
1478 1431 1535 1488 δὲ
1586 1432 1824 1507 θριγκίον

197 1535 414 1609 γενέσθαι
474 1529 815 1604 προσέταξεν,
876 1522 997 1581 ἔνθα
1072 1524 1348 1594 ἀλλήλοις
1415 1519 1649 1595 ἔμελλον
1704 1522 1827 1594 ὁμι-

197 1622 317 1678 λεῖν.
371 1623 430 1678 Ὁ
492 1617 549 1673 δὲ
601 1618 827 1689 Συμεὼν
898 1613 1222 1675 ἀποστείλας
1279 1611 1536 1687 ἐνέπρησε
1583 1611 1673 1665 τὸν
1732 1616 1829 1678 τῆς

200 1709 473 1786 ὑπεραγίας
504 1706 771 1763 Θεοτόκου
829 1705 956 1759 ναὸν
1009 1704 1100 1757 τὸν
1153 1701 1206 1755 ἐν
1258 1705 1326 1765 τῇ
1358 1704 1541 1775 Πηγῇ,
1575 1700 1694 1786 δνῗὸ
1731 1700 1827 1773 βα-

1932 544 2056 599 sius
2087 544 2461 616 imperatoris
2510 562 2886 616 congressum
2920 551 3210 618 expetere,
3242 566 3416 620 quem
3450 568 3585 621 pre-
3658 602 3661 607 λ

1931 638 2085 688 certo
2100 634 2353 689 habebat
2372 635 2563 690 virum
2587 652 2715 690 esse
2742 636 3086 707 prudentem
3108 642 3283 708 atque
3296 654 3583 695 veracem.

1929 723 2273 794 Pergratum
2318 725 2374 779 id
2423 725 2533 780 fuit
2583 726 2868 795 Romano,
2895 726 3171 797 misitque
3202 726 3359 783 illico
3392 730 3490 799 qui
3524 730 3582 784 in

1931 811 2125 866 littore
2146 812 2499 868 Cosmidiiin
2524 815 2672 869 mari
2695 814 3062 870 tutissimum
3088 818 3351 888 egressui
3376 835 3404 873 e
3439 836 3586 873 nave

1932 900 2123 957 locum
2158 911 2452 972 pararent,
2485 908 2547 957 ut
2574 921 2639 959 eo
2670 905 3046 974 imperatoria
3089 906 3347 961 triremis
3379 909 3584 979 appel-

1933 989 2050 1044 lere
2082 995 2299 1059 posset.
2334 992 2480 1045 Eum
2516 992 2777 1062 undique
2802 993 3228 1049 munitionibus
3260 995 3587 1051 circumde-

1936 1078 2056 1145 dit;
2093 1095 2158 1132 ac
2187 1079 2245 1133 in
2280 1080 2471 1135 medio
2512 1081 2695 1151 jussit
2741 1080 3068 1136 tabulatum
3119 1083 3331 1154 attolli,
3361 1084 3418 1139 in
3475 1103 3589 1157 quo

1936 1172 2101 1222 erant
2130 1167 2494 1224 collocuturi.
2524 1171 2762 1224 Interim
2787 1170 3016 1225 Simeon
3054 1172 3253 1228 missis
3285 1174 3408 1229 suis
3440 1178 3587 1229 tem-

1937 1256 2102 1327 plum
2118 1257 2379 1327 Deiparaa
2393 1258 2709 1313 adFontem
2727 1258 3083 1323 incendit,ab
3104 1260 3440 1317 Justiniano
3454 1280 3591 1318 con-

1939 1346 2147 1399 ditum.
2182 1346 2291 1400 Sed
2325 1350 2380 1399 et
2408 1346 2600 1401 vicina
2630 1346 2850 1401 circum
2876 1350 3075 1402 omnia
3105 1349 3239 1419 igne
3277 1352 3584 1420 vastabat;

1938 1434 2201 1505 satisque
2232 1436 2552 1506 apparebat
2600 1452 2798 1507 pacem
2833 1435 2884 1490 ei
2924 1436 3084 1490 cordi
3134 1453 3248 1491 non
3299 1454 3448 1493 esse.
3479 1444 3590 1495 Ro-

1940 1540 2154 1578 manus
2205 1540 2340 1577 cum
2399 1523 2731 1595 patriarcha
2790 1524 2989 1578 fanum
3056 1524 3476 1583 Blachernense
3534 1532 3593 1583 et

1939 1616 2181 1667 Sacrum
2212 1612 2555 1683 Sepulcrum
2589 1612 2914 1682 ingressus,
2952 1614 3129 1667 Deum
3163 1621 3597 1687 comprecatus,

1943 1707 2175 1772 accepto
2234 1703 2416 1756 beata:
2474 1702 2736 1773 Virginis
2794 1704 2943 1759 305
3008 1703 3317 1772 humerali,
3377 1705 3596 1777 templo

195 1785 373 1860 σιλεὺς
417 1794 800 1857 Ἰουστινιανὸς
849 1790 1177 1864 ἐδομήσατο,
1234 1788 1583 1863 έπυρπόλησε
1642 1785 1697 1841 δὲ
1738 1787 1827 1840 καὶ

1960 1790 2105 1843 :xiit.
2130 1791 2394 1861 Cumque
2428 1794 2484 1845 et
2514 1807 2575 1845 se
2605 1790 2919 1862 diligenter
2952 1797 3241 1847 armasset
3270 1798 3326 1847 et
3355 1795 3599 1849 comita—

197 1888 257 1941 τὰ
307 1885 494 1957 κύκλῳ
549 1883 855 1955 σύμπαντα,
914 1880 1001 1934 καὶ
1062 1877 1233 1943 δῆλος
1292 1877 1357 1946 ἦν
1419 1876 1478 1931 ἐκ
1522 1875 1713 1930 τούτου
1760 1876 1833 1947 μὴ

214 1975 419 2049 εἰρήνην
459 1977 658 2042 ζητῶν.
707 1972 768 2026 Ὀ
825 1966 881 2023 δὲ
933 1965 1185 2043 βασιλεὺς
1232 1964 1285 2020 ἐν
1328 1970 1405 2036 τῷ
1448 1969 1560 2036 ναῶ
1608 1964 1841 2038 γενόμε-

212 2084 293 2127 νος
319 2068 421 2117 τῶν
472 2060 799 2134 Βλαχερνῶν
850 2057 963 2129 ἅμα
1018 2060 1097 2127 τῷ
1152 2055 1486 2129 πατριάρχῃ,
1518 2054 1606 2107 καὶ
1665 2052 1715 2107 ἐν
1773 2056 1839 2125 τῇ

208 2152 351 2225 Ἀγίᾳ
382 2155 542 2225 Σορῷ
574 2146 827 2202 εἰσελθὼν
862 2144 950 2200 καὶ
994 2142 1268 2215 ἱκετηρίας
1307 2140 1451 2215 ᾠδὰς
1498 2139 1734 2203 ἀποδοὺς
1765 2146 1842 2212 τῷ

209 2246 333 2311 Θεῷ,
389 2240 450 2293 τὸ
510 2236 825 2313 ὠμοφόριον
860 2235 973 2306 (72l
1022 2237 1122 2297 τῆς
1169 2232 1436 2286 Θεὸτόκου
1482 2226 1664 2285 λαϐὼν
1701 2231 1840 2304 ἐξῄει

206 2333 293 2384 τοῦ
338 2332 491 2399 ναοῦ,
561 2324 760 2385 ὅπλοις
840 2321 1104 2400 ἀσφαλέσι
1179 2321 1535 2398 φραξάμενος.
1589 2322 1688 2374 Τὸν
1748 2320 1838 2373 σὺν

208 2419 343 2490 αὑτῷ
398 2418 490 2471 οὖν
552 2412 747 2469 στόλον
806 2413 1087 2485 κοσμήσας
1140 2412 1451 2484 ἁριπρεπῶς
1476 2411 1566 2464 τὸν
1601 2408 1841 2484 ὡρισμέ-

206 2528 285 2561 νον
328 2504 629 2583 κατείληφε
656 2502 844 2571 τόπον,
894 2499 1120 2570 Έννάτη
1170 2503 1267 2554 τοῦ
1315 2494 1627 2573 Νοεμϐρίου
1675 2499 1845 2571 μηνὸς

206 2596 382 2665 ἧνδτε
405 2599 575 2650 ταῦτα
632 2592 861 2668 ἐγίνετο.
894 2590 1219 2667 Παρεγένετο
1278 2585 1335 2642 δὲ
1386 2588 1475 2643 καὶ
1524 2588 1552 2642 ὁ
1594 2587 1843 2659 Συμεὼν,

207 2685 411 2753 πλῆθος
443 2683 779 2758 ἐπαγόμενος
840 2679 915 2741 εἷς
974 2675 1189 2742 πολλὰς
1245 2675 1566 2752 διῃρημένον
1617 2677 1710 2740 τὰς
1739 2698 1845 2731 πα-

210 2773 442 2848 ρατάξεις
471 2773 685 2832 καὶτὰς
720 2768 862 2831 ἰδέας
895 2788 905 2799 ·
953 2768 1002 2822 οἷ
1059 2768 1154 2840 μὲν
1203 2767 1301 2841 γὰρ
1363 2768 1496 2834 ἦσαν
1549 2766 1848 2841 χρυσάσπι-

211 2860 288 2924 δες
317 2864 403 2917 καὶ
452 2866 633 2936 χρυσᾶ
681 2856 879 2933 δόρατα
936 2855 1177 2930 ἔχοντες,
1210 2856 1261 2908 οἱ
1322 2852 1377 2908 δὲ
1436 2852 1844 2929 ἀργυράσπιδες,

210 2953 258 3006 οἱ
289 2950 344 3006 δὲ
372 2945 774 3025 χαλκάσπιδες,
807 2947 858 3001 οἱ
909 2944 965 2999 δὲ
1016 2943 1158 3018 ἄλλῃ
1211 2949 1376 3019 χροιᾷ
1427 2944 1499 3005 ὥς
1532 2965 1606 3013 πη
1644 2943 1848 3015 ἑκάστῳ

209 3038 399 3108 ἐδόκει,
436 3038 829 3109 ἐκεκόσμηντο.
880 3033 1089 3095 Ο’ίτινες
1142 3034 1308 3105 μέσον
1354 3032 1510 3087 αὐτὸν
1562 3032 1848 3110 εἰληφότες

206 3129 294 3183 τὸν
329 3127 557 3201 Συμεὼν
592 3126 665 3187 ὡς
698 3122 923 3198 βασιλέα
954 3122 1229 3199 εὐφήμουν
1263 3123 1545 3194 Ῥωμαῖκῇ
1568 3125 1636 3194 τῇ
1670 3126 1844 3198 φωνῇ.

206 3219 403 3279 Πάντες
428 3215 488 3272 δὲ
519 3217 571 3269 οἱ
588 3215 638 3269 έν
668 3213 809 3269 τέλει
834 3212 923 3267 καὶ
949 3214 976 3266 ὁ
998 3211 1213 3272 ἀστικὸς
1236 3209 1412 3282 δῆμος
1432 3210 1492 3264 ἐκ
1519 3209 1625 3265 τῶν
1649 3215 1849 3285 τειχῶν

206 3306 432 3370 ἐθεῶντο
463 3306 533 3360 τὰ
555 3302 828 3379 δρώμενα.
863 3305 1083 3374 Πρῶτος
1134 3298 1225 3355 οὖν
1278 3297 1307 3354 ὅ
1355 3298 1609 3374 βασιλεὺς
1638 3300 1849 3371 Ῥωμα-

204 3396 290 3457 νὸς
335 3396 436 3464 τήν
500 3392 796 3467 εἰρημένην
853 3384 1165 3464 ἀποϐάθραν
1221 3382 1544 3442 καταλαϐὼν
1596 3388 1685 3441 τὸν
1740 3395 1850 3441 Συ-

209 3484 348 3555 μεὼν
382 3481 687 3557 ἐξεδέχετο.
719 3482 946 3555 ’Ὀμηρα
990 3476 1047 3532 δὶ
1097 3475 1279 3538 δόντες
1312 3475 1609 3546 ἀλλήλοις,
1641 3478 1726 3531 καὶ
1752 3479 1850 3546 τὴν

209 3568 525 3648 ἀποϐάθραν
584 3571 635 3624 οἱ
719 3567 1019 3644 Βοῦλγαροι
1101 3564 1531 3640 διερευνήσαντες
1591 3561 1853 3641 ἀκριϐῶς,

210 3664 281 3735 μή
316 3663 425 3716 πού
457 3682 545 3721 τις
595 3657 757 3719 δόλος
798 3658 833 3727 ἢ
883 3655 1068 3729 ἐνέδρα
1114 3655 1441 3730 κρόπτηται,
1490 3654 1611 3709 τότε
1662 3656 1855 3711 κατελ-

203 3753 311 3807 θεῖν
340 3752 437 3806 τὸν
471 3748 698 3821 Συμεὼν
747 3751 842 3801 τοῦ
883 3744 1059 3800 ’ίππου
1105 3745 1502 3820 προετρέψαντο
1548 3745 1634 3798 καὶ
1687 3743 1858 3800 εἰσελ-

204 3841 311 3894 θεῖν
341 3840 486 3913 πρὸς
535 3838 628 3891 τὸν
691 3834 937 3911 βασιλέα.
985 3834 1320 3889 Ἠσπάσαντο
1368 3836 1495 3907 γοῦν
1546 3830 1855 3903 ἀλλήλους,

204 3928 289 3983 καί
346 3927 481 4002 περὶ
548 3926 770 3997 εῗρήνης
843 3923 1074 3999 ἤρξαντο
1153 3920 1517 3995 διαλέγεσθαι.
1587 3925 1670 3979 [Ρ.
1731 3926 1857 3995 624]

206 4018 345 4071 Φασί
378 4014 428 4070 δ’
461 4013 554 4069 οὗν
593 4014 759 4069 εἰπεῖν
786 4013 879 4067 τὸν
930 4013 1206 4085 Ῥωμανὸν
1257 4012 1395 4087 πρὸς
1444 4011 1533 4065 τὸν
1584 4013 1809 4083 Συμεών
1843 4029 1855 4042 ·

208 4129 235 4157 ‹‹
286 4102 538 4174 Ἀκήκοά
596 4123 654 4157 σε
719 4100 1040 4176 Χριστιανὸν
1113 4097 1395 4175 ἄνθρωπον
1468 4099 1555 4154 καὶ
1609 4097 1856 4169 θεοσεϐῆ,

210 4192 403 4269 βλέπω
468 4190 527 4247 δὲ
578 4192 645 4246 τὰ
695 4185 826 4266 ἔργα
887 4187 1157 4262 μηδαμῶς
1210 4193 1325 4250 τοῖς
1386 4187 1571 4264 λόγοις
1628 4183 1859 4260 συμϐαί-

203 4303 384 4339 νοντα.
447 4280 519 4336 Ei’
580 4281 672 4353 μὲν
725 4280 829 4354 γὰρ
905 4277 1128 4347 ἀληθῶς
1196 4277 1513 4352 Χριστιανὸς
1578 4278 1858 4352 ὑπάρχεις,

204 4375 407 4436 στῆσον
440 4390 576 4425 ποτε
604 4369 698 4431 τὰς
757 4365 975 4428 ἀδίκους
1032 4368 1234 4444 σφαγὰς
1295 4366 1500 4427 καὶτὰς
1535 4366 1720 4441 χύσεις
1750 4371 1857 4420 τῶν

205 4460 441 4515 ἀνοσίων
476 4458 741 4531 αἱμάτων,
775 4457 863 4511 καὶ
918 4460 1132 4510 σπεῖσαι
1192 4455 1310 4527 μεθ’
1366 4456 1525 4527 ἡμῶν
1583 4454 1689 4510 τῶν
1736 4458 1863 4529 Χρι-

1946 1886 2072 1935 tum
2096 1896 2270 1934 suum
2298 1880 2566 1934 decenter
2588 1881 2961 1947 ornasset,ad
2988 1881 3290 1937 definitum
3320 1883 3509 1939 locum
3538 1902 3600 1941 se

1948 1968 2214 2023 contulit.
2246 1971 2386 2023 Acta
2444 1968 2565 2023 haec
2622 1986 2778 2024 nona
2834 1968 2927 2023 die
2991 1971 3341 2026 Decembris.
3383 1972 3598 2027 Eodem

1947 2058 2105 2111 venit
2134 2063 2190 2111 et
2220 2056 2934 2122 Simeon,multitudinem
2966 2058 3265 2115 adducens
3297 2060 3474 2115 variis
3504 2079 3600 2116 or-

1951 2146 2190 2202 dinibus
2240 2163 2306 2201 ac
2336 2146 2541 2200 formis
2592 2147 2934 2202 distinctam
2970 2165 2982 2201 :
3021 2148 3116 2201 alii
3153 2165 3405 2220 namque
3435 2155 3603 2205 erant

1951 2235 2146 2289 aureis
2177 2236 2363 2289 scutis
2412 2235 2599 2289 ornati
2652 2239 2708 2290 et
2756 2235 2950 2291 aureis
3001 2236 3210 2303 hastis,
3246 2238 3345 2292 alii
3395 2255 3601 2310 argen-

1952 2324 2061 2378 teis
2094 2322 2333 2395 clypeis,
2354 2323 2452 2378 alii
2484 2324 2671 2392 aereis,
2706 2324 2803 2378 alii
2838 2324 3085 2380 aliorum
3112 2325 3397 2398 colorum,
3432 2332 3605 2399 prout

1953 2413 2164 2483 cuique
2194 2412 2385 2467 visum
2418 2412 2626 2466 fuerat.
2661 2414 2705 2468 Ii
2734 2414 2793 2467 in
2828 2413 3086 2468 medium
3137 2416 3226 2470 sui
3262 2416 3598 2472 Simeonem

1952 2502 2408 2573 recipiebant,ac
2443 2501 2704 2556 Romana
2726 2518 2863 2556 voce
2895 2519 3088 2573 regem
3124 2506 3597 2561 consalutabant.

1954 2592 2169 2645 Omnes
2202 2605 2470 2660 proceres
2501 2593 2559 2644 et
2582 2590 2797 2645 civium
2832 2590 3308 2663 multitudo,quae
3338 2611 3605 2665 gereren-

1954 2687 2068 2745 tur,
2101 2680 2173 2734 de
2219 2679 2406 2733 muris
2453 2680 2817 2750 spectabant.
2861 2680 3023 2735 Prior
3070 2685 3369 2737 Romanus
3408 2683 3600 2739 locum

1955 2766 2353 2822 exscensionis
2404 2750 2625 2821 dictum
2676 2768 3000 2838 occupavit,
3032 2773 3089 2822 et
3138 2770 3470 2827 Simeonem
3501 2790 3605 2827 ex-

1954 2858 2250 2927 spectavit.
2292 2856 2449 2910 Datis
2483 2856 2635 2911 ultro
2683 2856 2949 2927 citroque
2996 2857 3325 2925 obsidibus,
3360 2860 3600 2932 Bulgari

1956 2962 2087 3001 cum
2120 2945 2311 3001 locum
2339 2944 2646 3018 diligenter
2666 2947 3257 3017 pervestigassent,ne
3279 2950 3410 3020 quis
3433 2951 3606 3006 dolus

1955 3040 2056 3090 aut
2084 3035 2311 3090 insidiae
2356 3034 2622 3101 laterent,
2666 3034 3000 3090 Simeonem
3049 3053 3199 3107 equo
3248 3038 3604 3097 descendere

1955 3125 2263 3195 jusserunt
2314 3128 2370 3177 et
2401 3124 2470 3177 ad
2522 3124 2931 3194 imperatorem
2980 3125 3217 3180 intrare.
3254 3128 3337 3182 Ibi
3373 3145 3507 3183 cum
3541 3148 3606 3186 se

1963 3218 2167 3267 mutuo
2197 3210 2689 3281 consalutassent,
2724 3213 2794 3266 de
2827 3229 2964 3281 pace
3004 3213 3253 3283 colloqui
3285 3225 3606 3285 coeperunt.

1962 3303 2035 3356 Ac
2066 3300 2260 3355 ferunt
2305 3300 2634 3355 Romanum
2680 3300 2801 3355 haec
2846 3302 3022 3357 verba
3051 3304 3122 3357 ad
3172 3304 3487 3376 Bulgarum
3524 3309 3603 3363 fe-

1961 3390 2111 3445 cisse
2142 3407 2156 3446 :
2191 3412 2219 3439 «
2252 3388 2559 3444 Hominem
2608 3393 2663 3444 te
2709 3406 2836 3445 esse
2883 3390 3283 3447 Christianum
3334 3400 3391 3449 et
3442 3396 3605 3467 pium

1963 3478 2177 3545 audivi,
2214 3479 2311 3533 sed
2346 3478 2500 3532 facta
2526 3482 2628 3532 tua
2660 3478 2829 3532 famae
2860 3479 3102 3535 minime
3142 3484 3516 3553 respondent.
3548 3487 3609 3541 Si

1964 3568 2121 3623 enim
2145 3582 2205 3621 re
2233 3582 2367 3621 vera
2397 3583 2459 3621 es
2488 3566 2879 3633 Christianus,
2908 3567 3083 3623 finem
3114 3572 3349 3627 tandem
3383 3573 3473 3628 fac
3503 3591 3611 3629 cae-

1965 3658 2127 3712 dium
2150 3661 2206 3711 et
2227 3656 2507 3710 fundendi
2527 3656 2834 3726 sanguinis
2854 3656 3451 3733 insontis,pacemque
3473 3680 3607 3719 cum

1967 3746 2137 3801 nobis
2193 3744 2542 3801 Christianis
2592 3743 2960 3799 Christianus
3010 3750 3067 3800 et
3116 3747 3241 3818 ipse
3301 3766 3609 3823 compone,

1968 3850 2157 3905 neque
2187 3835 2274 3888 fac
2304 3838 2368 3888 ut
2392 3835 2601 3888 dextris
2640 3833 3099 3889 Christianorum
3152 3836 3453 3907 polluatur
3482 3858 3614 3895 san-

1969 3924 2145 3996 guine
2176 3923 2447 3978 eumdem
2480 3922 2776 3977 Christum
2812 3923 3148 3979 colentium.
3182 3926 3366 3982 Homo
3400 3933 3457 3982 et
3486 3929 3616 4000 ipse

1968 4016 2308 4079 es,mortem
2340 4011 2647 4082 opperiens
2664 4014 2720 4065 et
2741 4011 3224 4068 resurrectionem
3249 4021 3307 4069 et
3324 4016 3613 4085 judicium

1970 4118 2036 4157 ac
2067 4101 2303 4170 dignam
2352 4100 2473 4154 vita
2503 4103 2631 4154 acta
2675 4101 2827 4155 306
2858 4103 3206 4158 mercedem.
3235 4104 3415 4160 Hodie
3447 4107 3616 4179 vivis,

1970 4195 2027 4246 et
2057 4206 2187 4244 cras
2220 4190 2279 4243 in
2312 4188 2609 4259 pulverem
2641 4190 3002 4245 dissolveris.
3039 4191 3097 4246 Si
3147 4192 3483 4249 divitiarum
3514 4213 3616 4252 cu-

1970 4278 2185 4350 piditas
2208 4282 2263 4332 te
2286 4279 2355 4332 ad
2380 4277 2500 4333 haec
2526 4279 2751 4347 agenda
2776 4278 3044 4348 impellit,
3063 4296 3166 4351 ego
3190 4282 3259 4335 ad
3284 4284 3614 4341 satietatem

1970 4384 2157 4438 usque
2188 4371 2243 4421 te
2274 4367 2346 4421 iis
2368 4366 2613 4437 Opplebo
2640 4384 2651 4421 :
2679 4371 2905 4422 tantum
2958 4384 3158 4439 pacem
3185 4371 3535 4442 amplectere
3565 4379 3623 4430 et

1971 4455 2343 4511 concordiam
2375 4455 2568 4524 dilige,
2602 4460 2666 4509 ut
2695 4455 2821 4526 ipse
2852 4473 3084 4528 quoque
3127 4458 3303 4514 vitam
3355 4468 3619 4531 pacatam

206 4555 469 4621 στιανῶν,
508 4547 831 4622 Χριστιανὸς
866 4547 951 4600 καὶ
1001 4544 1160 4608 αὐτὸς
1207 4540 1281 4598 ὤν
1314 4543 1402 4599 καὶ
1438 4545 1835 4617 ὀνομαζόμενος

1975 4546 2153 4616 degas
2182 4561 2249 4599 ac
2269 4544 2722 4610 incruentam,et
2744 4546 2979 4601 tandem
3004 4546 3323 4603 Christiani
3348 4551 3623 4607 desinant

205 4639 415 4711 καὶμὴ
472 4636 599 4701 θέλε
653 4634 983 4709 μολύνεσθαι
1025 4637 1353 4708 Χριστιανῶν
1415 4627 1587 4703 δεξιὰς
1642 4633 1860 4707 αῖμασιν

208 4728 538 4801 ὁμοπίστων
595 4728 947 4799 Χριστιανῶν.
1023 4724 1341 4795 ’Ἄνθρωπος
1411 4722 1461 4776 εἴ
1532 4722 1621 4777 καὶ
1679 4722 1862 4793 αὐτὸς,

210 4815 441 4879 θάνατον
505 4810 824 4889 προσδοκῶν
884 4810 973 4865 καὶ
1024 4811 1330 4878 ἀναστασιν,
1381 4810 1471 4865 καὶ
1526 4809 1726 4884 κρίσιν,
1774 4812 1864 4865 καὶ

208 4901 584 4959 ἀνταπόδοσιν
637 4904 744 4957 τῶν
820 4895 1191 4976 βεϐιωμένων.
1269 4900 1520 4974 Σήμερον
1580 4897 1864 4975 ὑπάρχεις,

204 4993 295 5047 καὶ
337 4990 536 5066 αὔριον
588 4988 666 5050 εἷς
720 4988 867 5043 κόνιν
924 4984 1247 5060 διαλυθήσῃ.
1308 4987 1374 5043 El
1430 4985 1671 5042 πλούτου
1732 4986 1867 5063 ἐρῶν

201 5080 375 5137 ταῦτα
435 5084 636 5145 ποιεῖς,
694 5076 803 5153 ἐγώ
855 5098 913 5131 σε
970 5075 1167 5131 τούτου
1224 5074 1494 5148 ἐμπλήσω
1548 5076 1622 5138 εἷς
1680 5076 1864 5151 κόρον.

205 5172 391 5229 Μόνον
429 5167 666 5223 ἅσπασαι
696 5169 796 5236 τήν
847 5166 1067 5238 εἰρήνην
1125 5164 1213 5219 καὶ
1275 5166 1555 5240 ἀγάπησον
1606 5166 1702 5233 τήν
1738 5166 1868 5237 ὁμό-

202 5258 506 5328 νοιαν,⁹ίνα
537 5258 622 5312 καὶ
668 5256 829 5317 αὑτὸς
881 5256 997 5331 βίον
1061 5257 1227 5329 ζήσῃς
1272 5253 1539 5329 εἰρηνικὸν
1591 5255 1679 5308 καὶ
1712 5254 1866 5309 ἀναί-

210 5372 447 5423 μακτον,
512 5347 601 5400 καὶ
681 5346 733 5399 ol
793 5344 1109 5419 Χριστιανοὶ
1191 5343 1503 5398 παύσωνταί
1562 5364 1694 5398 ποτε
1751 5345 1866 5398 κατ’

1974 4637 2174 4689 contra
2198 4649 2259 4688 se
2280 4633 2528 4687 invicem
2580 4650 2746 4688 arma
2767 4635 2937 4689 ferre.
2972 4658 3001 4686 »
3036 4637 3134 4691 His
3167 4638 3364 4693 verbis
3396 4638 3623 4711 hacque

1974 4722 2371 4778 submissione
2424 4721 2793 4792 imperatoris
2843 4724 2911 4779 ad
2947 4726 3356 4780 verecundiam
3409 4728 3623 4785 ductus

1973 4811 2204 4866 Simeon
2254 4810 2525 4882 promisit
2575 4828 2635 4866 se
2676 4828 2876 4883 pacem
2927 4814 3252 4883 facturum;
3285 4819 3340 4869 et
3389 4823 3628 4887 peracta

1976 4899 2327 4955 salutatione
2348 4899 2677 4955 discessum
2704 4906 2953 4968 est,cum
2979 4902 3216 4973 quidem
3246 4907 3628 4977 magniﬁcen-

1974 4988 2206 5045 tissima
2234 4988 2387 5043 dona
2418 4988 2674 5045 Simeoni
2704 4990 3022 5060 imperator
3059 4991 3336 5051 dedisset.
3377 4996 3626 5069 Dignum

1976 5083 2063 5133 est
2094 5077 2278 5132 relatu
2312 5078 2645 5149 prodigium
2678 5079 2832 5148 quod
2856 5083 2996 5133 tunc
3019 5080 3401 5137 accidit.Nam
3434 5086 3632 5141 ferunt

1978 5168 2448 5238 colloquentibus
2478 5166 2844 5238 principibus
2878 5168 3025 5224 duas
3056 5170 3286 5241 aquilas
3318 5189 3495 5244 supra
3528 5190 3628 5230 eos

1974 5256 2270 5326 volitasse,
2307 5262 2363 5311 et
2393 5272 2525 5312 cum
2557 5256 2829 5328 clangore
2856 5274 2918 5312 se
2950 5261 3344 5332 conjunxisse,
3380 5279 3630 5334 moxque

1978 5346 2238 5403 divulsas
2270 5346 2474 5414 fuisse,
2510 5346 2589 5399 ita
2623 5351 2686 5400 ut
2735 5346 2918 5403 altera
2965 5350 3035 5403 ad
3096 5351 3302 5405 urbem
3356 5351 3541 5407 altera
3572 5352 3631 5405 in

1366 5525 1767 5587 XYLANDRI
1812 5527 1914 5587 ET
1955 5528 2190 5587 GOARI
2236 5525 2490 5586 NOTIE.

278 5637 397 5738 (7‘2)
435 5658 802 5735 Ὢμοφορίου,
832 5662 1051 5716 vestem
1089 5659 1149 5713 B.
1185 5657 1434 5730 Virginis
1464 5657 1544 5713 ibi
1575 5657 1833 5728 reposita

1960 5658 2127 5713 GOAR.
