3966 6134
222 378 282 434 41
1339 364 1881 427 HISTORIARUM
1924 362 2475 426 COMPENDIUM.
3534 363 3615 424 ιε

218 508 320 560 σθαι
378 504 474 572 τήν
524 500 784 570 τοιαύτην
841 497 1051 569 στήλην
1088 541 1101 555 .

214 597 429 663 πιθήσας
489 590 675 666 λόγοις
703 589 939 661 ἆπὲτεμι
994 588 1093 657 τὴν
1150 582 1396 663 κεφαλὴν
1448 590 1547 653 τῆς
1606 583 1830 652 στήληςο

213 686 289 740 καὶ
350 684 480 757 αὐτῇ
536 686 606 755 τῇ
658 681 818 754 ὥρᾳ,
882 680 1061 742 καθὼς
1121 671 1565 751 ἀκριϐωσάμενος
1622 672 1758 749 ἔγνω
1813 674 1840 727 6

1182 497 1243 553 Ὁ
1319 492 1377 549 δὶ
1441 501 1558 556 τοῖς
1638 493 1840 549 ἐκείνου

1970 500 2165 551 statuas
2197 493 2305 547 fuit
2338 492 2670 548 abscissum
2702 497 2898 564 caput,
2948 509 3015 549 ea
3062 493 3212 565 ipsa,
3265 497 3422 566 quod
3465 494 3602 551 dili-

1954 584 2113 655 genti
2164 581 2547 653 inquisitione
2596 583 2897 637 Romanus
2952 587 3156 654 postea
3201 583 3609 655 deprehendit,

1952 673 2188 728 Simeon
2222 672 2279 725 in
2313 671 2587 742 Bulgaria
2617 671 2807 727 cordis
2836 672 3039 727 morbo
3072 671 3318 727 interiit.

217 756 474 849 βασιλεὺς
505 772 534 824 6
568 769 792 841 Συμεὼν
827 766 877 822 ἐν
914 764 1226 840 Βουλγαρίᾳ
1251 765 1478 833 τέθνηκε
1506 763 1647 834 νότῳ
1675 756 2021 835 κατακαρδίῳ
2052 757 2238 820 ἁλούς.

274 865 350 921 OG
426 861 846 929 τελευτήσαντος
918 856 1019 923 τὴν
1087 857 1192 908 τῶν
1260 849 1588 927 Βουλγάρων
1661 851 1839 925 ἀρχὴν

217 954 401 1029 Πὲτρος
432 948 689 1023 κατέσχεν
751 948 778 1001 ὁ
826 944 884 999 ἐκ
937 951 1038 1013 τῆς
1072 941 1321 1017 δευτέρας
1370 938 1533 995 αὑτοῦ
1594 941 1843 1014 γυναικὸς

216 1025 575 1117 τῆς-ἀδελφῆς
628 1034 899 1111 Γεωργίου
953 1036 1050 1087 τοῦ
1109 1025 1584 1105 Σουρσουϐοὑλου,
1639 1028 1697 1083 ὅν
1753 1028 1842 1082 καὶ

217 1132 513 1206 ἐπίτροπον.
551 1132 670 1188 τοῖς
728 1126 917 1179 ἑαυτοῦ
972 1120 1152 1176 παισὶν
1208 1122 1235 1176 ὁ
1270 1119 1493 1192 Συμεὼν
1525 1118 1837 1188 κατέστησε·

220 1193 435 1295 Μιχαὴλ
466 1193 570 1293 γδιρ
600 1217 692 1270 τὸν
724 1212 783 1269 ἐκ
810 1219 911 1282 τῆς
940 1211 1204 1286 προτέρας
1264 1206 1630 1283 άποτεχθέντα
1676 1206 1843 1260 παῖδα

215 1309 343 1381 αὖτῷ
370 1306 446 1362 ἔτι
482 1311 585 1376 ζῶν
620 1306 648 1359 6
693 1302 916 1376 Συμεὼν
971 1300 1221 1374 ἁπὲκειρε
1273 1297 1533 1373 μοναχὸν.
1585 1296 1666 1353 Τὰ
1713 1300 1837 1371 γοῦν

213 1398 345 1474 πέριξ
376 1394 528 1467 ἔθνη,
558 1398 811 1460 Τοῦρκοι,
846 1384 1065 1466 Σέρϐοι,
1096 1382 1383 1464 Χρωϐάτοι
1421 1387 1511 1441 καὶ
1543 1386 1594 1440 οἱ
1628 1385 1839 1454 λοιποὶ,

208 1491 296 1558 τὴν
340 1490 434 1541 τοῖ’)
486 1483 715 1556 Συμεὼν
767 1478 1129 1552 ἀναμαοόντες
1176 1476 1434 1543 τελευτὴν
1479 1474 1841 1549 ἐκστρατεύειν

208 1580 326 1634 κατὰ
356 1573 688 1650 Βουλγάρων
720 1565 1096 1625 ἐϐουλεύοντο.
1156 1564 1403 1650 Κατέσχι
1448 1562 1505 1619 δὶ
1534 1565 1622 1618 καὶ
1674 1562 1838 1637 λιμὸς

211 1667 355 1744 μέγας
414 1648 529 1719 σὺν.
566 1658 747 1737 ἀκρίδι
798 1660 858 1714 τὸ
930 1654 1253 1731 Βουλγάρων
1334 1648 1487 1714 ἔθνος
1523 1698 1538 1723 ,
1599 1653 1838 1728 ἰσχυρῶς

210 1741 450 1825 ἐκπιέζων
480 1752 575 1808 καὶ
605 1746 998 1805 καταδαπανῶν
1044 1746 1112 1799 τὰ
1152 1741 1343 1813 πλήθη
1394 1743 1481 1797 καὶ
1540 1742 1666 1803 τοὺς
1716 1762 1842 1815 καρ-

209 1846 349 1907 πούς.
409 1840 785 1900 Ἐδεδοίκεσαν
851 1838 943 1908 μὲν
1008 1834 1098 1891 οὖν
1159 1835 1211 1888 οἱ
1270 1830 1572 1905 ΒούΛγαροι
1620 1832 1707 1885 καὶ
1740 1833 1839 1895 τήν

209 1940 301 1990 τῶν
358 1932 543 1989 ἄλλων
603 1925 796 2007 ἔφοδον
853 1925 1040 1989 ἐθνῶν.
1092 1920 1359 1977 ἂδεδίεσαν
1419 1918 1476 1975 δὲ
1527 1918 1692 1974 πλέον
1740 1921 1840 1987 τὴν

208 2029 303 2079 τῶν
374 2021 664 2094 Ῥωμαίων
742 2015 1040 2071 ἐπέλευσιν.
1118 2009 1559 2082 Βουλευσάμενος
1639 2010 1728 2063 οὖν
1814 2009 1842 2062 6

212 2114 398 2189 Πέτρος
453 2110 589 2184 μετά
624 2111 732 2161 τῶν
771 2105 893 2177 περὶ
936 2102 1095 2157 αὑτὸν
1127 2094 1263 2175 ἔγνω
1296 2096 1404 2153 δεῖν
1435 2097 1840 2173 ἐπιστρατεῦσαι

209 2181 488 2275 Ῥωμαίοις
548 2198 637 2253 ἐπὶ
692 2191 1047 2263 καταπλήξει.
1112 2181 1602 2260 Καταλαμϐάνουσι
1658 2185 1838 2240 τοίνυν

207 2270 321 2362 τὴν⁷
370 2285 723 2352 Μακεδονίαν,
810 2283 941 2339 Εἶτα
1014 2273 1270 2352 μαθόντες
1346 2277 1419 2338 ὡς
1493 2270 1650 2346 ἔξεισι
1724 2277 1841 2329 κατ’

210 2382 371 2436 αὐτῶν
427 2380 455 2433 6
514 2373 793 2453 βασιλεὺς,
850 2372 1126 2443 πέμπουσι
1186 2366 1358 2439 λάθρα
1415 2365 1537 2419 τινὰ
1597 2367 1839 2440 μοναχὸν

206 2466 393 2545 Πέτρος
448 2452 523 2522 τε
567 2466 595 2519 6
653 2465 839 2537 ἅρχων
900 2456 1241 2531 Βουλγαρίας
1296 2454 1382 2510 καθ
1418 2456 1580 2545 ὁτῶν
1632 2452 1838 2545 παίδων

205 2543 566 2631 τοῦ-Συμεὼν
626 2548 993 2626 ἰπιτροπεύων
1056 2547 1342 2621 Γεώργιος,
1394 2543 1689 2619 γράμματα
1748 2543 1840 2598 ἐπ-

206 2649 481 2724 αγόμενον.
541 2650 628 2706 Ὠς
657 2637 948 2716 βούλονται
982 2633 1039 2690 δὲ
1068 2634 1359 2707 Ῥωμαίοις
1409 2632 1745 2705 σπείσασθαι,
1776 2633 1842 2686 τὰ

207 2721 493 2811 γράμματα
523 2728 769 2806 ἔφραζεν,
827 2727 872 2781 εί
931 2724 1205 2801 αἱροῦνται
1239 2721 1316 2791 δὲ,
1354 2723 1443 2777 καὶ
1475 2723 1706 2797 γαμικὸν
1750 2744 1840 2776 συ-

209 2825 495 2894 στήσασθαι
527 2816 885 2892 συνάλλαγμα
938 2815 1050 2888 μετ’
1091 2813 1290 2867 αὐτῶν.
1323 2814 1420 2868 "Ov
1449 2811 1777 2888 ἀφικόμενον
1812 2811 1839 2864 6

212 2912 453 2982 βασιλεὺς
511 2906 876 2981 ἀσμενέστατα
927 2900 1395 2977 προσδεξάμενος,
1457 2900 1654 2961 εὐθέως
1713 2900 1839 2954 ἀπέ-

207 3000 377 3058 ο-τειλε
426 3001 563 3074 μετὰ
594 2996 878 3072 δρόμωνος
936 2992 1179 3067 μοναχόν
1226 3011 1345 3045 τινα
1401 2987 1686 3043 Θεόδοσιον
1746 2988 1835 3043 καὶ

2026 868 2205 922 Morte
2235 869 2366 939 ejus
2389 865 2671 937 Bulgariae
2696 865 3020 921 dominium
3048 866 3120 921 ad
3148 867 3383 922 Petrum
3409 866 3606 939 rediit,

1955 956 2146 1011 ﬁlium
2178 958 2307 1026 ejus
2339 973 2409 1011 ex
2439 956 2697 1010 secunda
2727 971 2926 1020 uxore,
2958 973 3157 1011 sorore
3187 956 3417 1028 Georgii
3466 961 3605 1012 Sur-

1954 1046 2175 1111 subuli,
2225 1061 2395 1115 quem
2438 1050 2493 1100 et
2522 1049 2774 1099 tutorem
2805 1046 2929 1100 suis
2963 1045 3161 1101 liberis
3192 1046 3429 1102 Simeon
3460 1064 3604 1101 con-

1954 1135 2171 1189 stituit.
2205 1134 2350 1189 Nam
2383 1132 2728 1189 Michaelum
2762 1133 2913 1188 idem
2945 1150 3013 1188 ex
3039 1134 3227 1205 priore
3254 1135 3368 1190 sibi
3400 1139 3605 1191 natum

1953 1226 2225 1296 conjuge,
2257 1225 2544 1279 viventem
2574 1223 2767 1279 adhuc
2821 1225 3172 1279 monachum
3221 1225 3452 1279 fecerat.
3506 1225 3608 1279 Vi-

1952 1312 2097 1367 cinas
2148 1312 2327 1385 igitur
2376 1317 2601 1384 gentes,
2652 1311 2843 1378 Turci,
2888 1313 3070 1379 Servi,
3100 1313 3399 1368 Chrobatse
3430 1318 3609 1385 atque

1952 1401 2073 1469 alii,
2107 1403 2308 1456 audita
2336 1402 2631 1457 Simeonis
2664 1406 2848 1455 morte
2879 1400 3165 1473 Bulgaros
3213 1402 3365 1457 bello
3414 1407 3608 1474 petere

1951 1490 2309 1545 statuebant.
2369 1490 2479 1545 Sed
2539 1494 2595 1544 et
2655 1490 2807 1545 fame
2858 1490 3113 1562 graviter
3165 1491 3604 1562 premebantur.

1951 1578 2206 1650 Bulgari,
2242 1583 2298 1633 et
2325 1578 2564 1634 locustae
2600 1578 2796 1650 fruges
2840 1596 3043 1634 eorum
3092 1580 3610 1652 depopulabantur

1953 1675 2129 1739 atque
2161 1668 2571 1723 absumebant.
2609 1671 2810 1740 Itaque
2857 1668 3124 1739 Bulgaris
3174 1685 3308 1724 cum
3359 1668 3609 1725 aliarum

1952 1758 2211 1827 gentium
2270 1762 2390 1811 tum
2444 1758 2841 1811 Romanorum
2872 1758 3159 1828 praecipue
3190 1758 3247 1812 in
3281 1774 3343 1813 se
3374 1758 3610 1829 expedi-

1954 1847 2167 1901 tionem
2201 1845 2840 1909 metuentibus,Petrus
2872 1862 2932 1902 re
2965 1863 3096 1901 cum
3131 1847 3256 1901 suis
3287 1846 3609 1902 deliberata

1952 1936 2013 1990 in
2045 1936 2334 1990 Romanos
2365 1934 2584 1990 bellum
2632 1935 2901 2006 suscipit,
2955 1939 3020 1990 ut
3066 1935 3138 1992 iis
3187 1938 3466 1992 terrorem
3516 1936 3606 1990 in-

1952 2024 2461 2095 cuteretfumque
2491 2026 2550 2078 in
2581 2024 2980 2079 Macedoniam
3014 2023 3605 2095 pervenisset,audito

1951 2113 2362 2185 imperatorem
2391 2114 2719 2168 Romanum
2744 2117 2945 2167 contra
2962 2129 3023 2168 se
3044 2128 3177 2168 cum
3200 2113 3453 2168 exercitu
3477 2129 3606 2184 pro-

1950 2202 2158 2271 ﬁcisci,
2188 2201 2313 2273 ipse
2345 2205 2401 2255 et
2429 2201 2710 2273 Georgius
2740 2201 3058 2256 liberorum
3100 2201 3252 2256 309
3305 2201 3601 2257 Simeonis

1948 2295 2108 2346 tutor
2137 2291 2363 2346 occulte
2393 2290 2747 2346 monachum
2779 2307 2911 2347 eum
2942 2290 3150 2346 litteris
3181 2290 3445 2358 mittunt,
3465 2291 3595 2362 qui-

1950 2380 2061 2434 bus
2091 2379 2500 2435 continebatur
2543 2395 2755 2451 cupere
2802 2379 3078 2451 Bulgaros
3128 2396 3262 2435 cum
3317 2379 3597 2435 Romanis

1950 2485 2151 2540 pacem
2189 2484 2253 2523 ac
2284 2467 2470 2523 foedus
2501 2469 2876 2538 conjungere,
2903 2484 2970 2522 ac
3000 2467 3051 2522 si
3084 2467 3365 2523 Romanis
3394 2468 3475 2522 ita
3502 2468 3595 2523 vi-

1952 2559 2206 2627 deretur,
2240 2557 2460 2628 nuptiis
2492 2549 2875 2627 inter'gentes
2909 2557 3224 2612 contractis
3253 2557 3310 2611 id
3350 2557 3593 2612 ﬁrmari.

1953 2647 2029 2702 Iis
2062 2646 2272 2702 litteris
2304 2646 2556 2717 acceptis
2586 2646 2904 2710 Romanus,
2937 2661 3071 2699 cum
3104 2660 3225 2699 rem
3258 2661 3434 2716 quam
3469 2661 3595 2701 ma-

1949 2737 2105 2791 xime
2137 2737 2428 2808 probaret,
2473 2736 2671 2789 statim
2722 2735 2910 2790 celoce
2958 2734 3152 2790 emisit
3200 2732 3596 2789 Theodosium

1952 2827 2263 2896 quemdam
2299 2824 2649 2879 monachum
2698 2828 2755 2879 et
2800 2823 3248 2880 Constantinum
3300 2822 3597 2878 Rhodium

1949 2914 2226 2969 clericum
2259 2913 2642 2985 aulicum,qui
2678 2912 2735 2966 in
2768 2912 3149 2967 Messembria
3173 2928 3305 2966 cum
3330 2910 3597 2982 Bulgaria

1950 3004 2021 3058 de
2052 3020 2187 3074 pace
2218 3002 2705 3074 colloquerentur.
2741 3001 2862 3064 Quo
2894 3001 2949 3055 in
2985 2999 3271 3071 colloquio
3315 3016 3449 3055 cum
3503 3016 3596 3055 res

207 3095 594 3146 Κωνσταντῖνον
626 3083 908 3162 βασιλικὸν
962 3081 1226 3155 κληρικὸν
1288 3082 1398 3153 (76)
1429 3081 1514 3153 [Ρ.
1564 3081 1689 3150 626]
1746 3080 1834 3132 τὸν

1970 3094 2254 3147 :ommode
2292 3097 2442 3146 esset
2472 3095 2742 3155 tractata,
2768 3089 2944 3161 legati
2980 3106 3078 3161 per
3108 3088 3501 3145 continentem
3533 3087 3592 3143 in

201 3178 427 3246 Ῥόδιον,
488 3174 835 3243 συλλαλῆσαι
882 3177 997 3233 τοῖς
1044 3169 1381 3244 Βουλγάροις
1410 3168 1475 3222 τὰ
1506 3168 1581 3230 εἰς
1612 3168 1832 3242 εἰρήνην

202 3269 248 3325 ἐν
307 3262 637 3341 Μεσημϐρίᾳ
688 3264 840 3338 (77).
892 3259 1101 3321 Ο’ίτινες
1152 3257 1579 3334 παραγενόμενοι
1635 3257 1725 3311 καὶ
1770 3257 1838 3310 τὰ

200 3358 378 3414 εἰκότα
460 3355 837 3429 διαλεχθέντες
906 3349 1234 3425 ὑπέστρεψαν
1321 3344 1409 3400 διὰ
1484 3346 1647 3421 ξηρᾶς
1726 3346 1837 3417 ἅμα

201 3448 450 3525 Στεφάιιῳ
503 3444 613 3499 τινῖ¹
672 3438 1000 3517 περιωνὺμῳ
1052 3436 1102 3492 ἐν
1154 3434 1485 3510 Βουλγαρίᾳο
1516 3435 1742 3489 κατόπὶν
1782 3432 1839 3488 δὲ

200 3535 398 3591 τούτων
431 3531 753 3608 παρεγένετο
785 3530 871 3583 καὶ
916 3530 943 3583 6
1004 3528 1296 3603 ἐπίτροπος
1343 3526 1625 3605 Γιεώργιος¹
1657 3525 1684 3577 6
1740 3526 1837 3577 τοῦ

204 3620 653 3700 Σουρσουϐοὑλου
684 3620 774 3674 καὶ
818 3616 983 3672 ἄλλοι
1039 3617 1180 3676 τινὶς
1235 3619 1343 3669 τῶν
1398 3614 1687 3691 ἐπιφανῶν.
1739 3613 1838 3666 Καὶ

202 3714 271 3776 εἷς
303 3712 422 3789 ὄψιν
456 3712 707 3770 ἐλθόντες
735 3712 815 3781 τῷ
849 3703 1083 3783 βασιλεῖ,
1118 3705 1436 3776 θεασάμενοι
1497 3700 1554 3757 δὶ
1601 3702 1689 3756 καὶ
1737 3702 1836 3769 τὴν

200 3787 459 3879 θυγατέρα
521 3797 899 3874 Χριστοφόρου
972 3797 1069 3848 τοὺ
1147 3791 1413 3869 βασιλέως
1483 3791 1693 3867 Μαρίαν
1749 3787 1838 3844 καὶ

200 3890 273 3945 ἐπ’
323 3892 459 3965 αὐτῇ
524 3886 780 3962 μεγάλως
833 3884 1141 3960 ἀρισθὲντες
1196 3882 1409 3957 (ἧνγὰρ
1471 3880 1840 3956 ὑπερφέρουσα

198 3986 273 4052 τῷ
300 3980 544 4051 κάλλει),
598 3971 831 4050 ἔγραψαν
892 3977 970 4044 τῷ
1026 3971 1215 4047 Πέτρῳ
1246 3968 1335 4024 διὰ
1374 3970 1578 4044 τάχους
1608 3988 1841 4044 παραγε-

199 4068 411 4140 νέσθαι,
476 4065 743 4143 σύμφωνα
825 4059 1190 4133 ποιησάμενοι
1249 4058 1511 4135 πρότερον
1571 4058 1694 4132 περὶ
1744 4060 1843 4126 τῆς

202 4159 454 4232 εἰρήνης.
516 4152 827 4222 ’Δπεστάλη
897 4148 955 4205 δὲ
1010 4151 1099 4203 καὶ
1160 4151 1402 4218 Νικήτας
1466 4148 1840 4224 μάγιστρος,ὁ

200 4250 292 4299 τοῦ
371 4242 645 4320 βασιλέως
726 4241 1092 4314 συμπένθερος
1169 4240 1472 4310 Ῥωιλανοῦ,
1542 4238 1839 4305 ὑπαντῆσαι

201 4334 288 4389 καὶ
348 4335 560 4409 ἀγαγεῖν
619 4331 709 4386 τὸν
762 4329 962 4405 Πέτρον
1033 4326 1196 4404 μέχρι
1248 4334 1348 4396 τῆς
1407 4324 1705 4401 βασιλίδος.
1765 4327 1842 4382 Οὔ

1948 3184 2149 3237 urbem
2183 3181 2501 3247 redierunt,
2535 3180 2850 3234 comitante
2878 3178 3195 3250 Stephano,
3243 3178 3412 3248 cujus
3462 3194 3592 3234 ma-

1948 3286 2128 3340 gnum
2174 3274 2297 3323 erat
2342 3268 2493 3323 inter
2540 3267 2819 3337 Bulgaros
2850 3283 3096 3334 nomen;
3131 3283 3350 3337 eosque
3381 3266 3593 3321 subse-

1948 3362 2119 3414 cutus
2158 3360 2247 3412 est
2294 3356 2607 3427 Gregorius
2656 3353 3023 3410 Sursubulus
3076 3353 3288 3424 aliique
3331 3353 3594 3408 illustres

1948 3448 2171 3518 aliquot
2199 3446 2325 3500 viri.
2347 3445 2413 3500 Hi
2441 3449 2505 3499 ut
2535 3461 2666 3499 cum
2702 3444 3048 3514 imperatore
3079 3441 3377 3514 congressi
3408 3441 3593 3497 ﬁliam

1947 3534 2273 3593 Christil‘eri
2301 3533 2539 3589 Caesaris
2573 3532 2817 3587 Mariam
2846 3531 3138 3598 viderunt,
3172 3546 3420 3602 eamque
3449 3531 3595 3601 (erat

1950 3626 2102 3680 enim
2136 3625 2332 3679 formae
2365 3621 2885 3694 praestantissimae)
2920 3637 3272 3693 magnopere
3317 3620 3598 3691 probave-

1950 3718 2285 3786 runt,pacta
2310 3716 2710 3784 pace,Petrum
2735 3711 2934 3765 missis
2958 3709 3167 3764 litteris
3195 3710 3413 3779 absque
3436 3725 3601 3763 mora

1948 3802 2145 3858 venire
2169 3803 2501 3873 jusserunt.
2538 3800 2752 3855 Missus
2786 3802 2875 3854 est
2907 3798 3085 3853 etiam
3130 3798 3359 3853 Nicetes
3411 3796 3600 3868 magi-

1950 3898 2087 3960 ster,
2115 3891 2219 3945 filii
2244 3890 2487 3945 Romani
2511 3905 2695 3957 socer,
2728 3888 2826 3958 qui
2852 3892 3019 3942 Petro
3041 3886 3270 3942 obviam
3294 3886 3404 3941 iret
3432 3902 3598 3941 eum-

1951 3996 2062 4050 que
2103 3980 2307 4050 Cpolin
2357 3979 2691 4047 deduceret.
2743 3976 2852 4030 Ubi
2912 3976 2983 4029 ad
3034 3974 3387 4029 Blachernas
3442 3972 3602 4028 venit

1950 4074 2177 4135 Petrus,
2223 4069 2541 4138 imperator
2587 4065 2810 4120 triremi
2861 4064 3064 4119 eodem
3096 4067 3298 4118 vectus
3328 4078 3461 4118 eum
3496 4078 3598 4116 ex—

1952 4158 2107 4229 cepit
2152 4173 2217 4212 ac
2268 4154 2547 4210 salutavit
2592 4158 2649 4208 et
2698 4153 3019 4208 honorifice
3067 4151 3358 4222 tractavit,
3406 4150 3599 4221 iisque

1954 4247 2109 4301 inter
2134 4262 2195 4299 se
2226 4246 2310 4300 uti
2341 4261 2404 4299 ex
2442 4260 2500 4298 re
2532 4247 2656 4297 erat
2687 4241 3187 4311 collocutis,pacta
3217 4238 3376 4310 pacis
3405 4244 3461 4294 et
3484 4255 3603 4294 ma-

1952 4334 2212 4389 trimonii
2247 4333 2574 4404 composita
2604 4336 2761 4396 sunt,
2796 4331 2856 4385 in
2888 4330 3163 4384 omnibus
3212 4329 3287 4383 iis
3336 4332 3602 4400 protove-

204 4418 604 4482 καταλαϐόντος
660 4418 710 4474 ἐν
765 4418 1119 4507 Βλαχὲρναις,
1172 4418 1198 4471 6
1234 4413 1487 4507 βασιλεὺς
1522 4415 1653 4488 μετὰ
1680 4418 1840 4507 τριή-

1970 4422 2154 4476 5Iiario
2186 4420 2540 4491 Theophane
2583 4419 2841 4474 medium
2866 4435 2927 4474 se
2944 4419 3182 4474 ferente.
3215 4418 3481 4474 Octobris
3512 4417 3607 4472 die

206 4533 329 4587 ρους
360 4509 533 4575 ἐλθὼν
583 4513 772 4563 τοῦτον
829 4505 1040 4576 ἐδέξατο
1084 4507 1173 4560 καὶ
1224 4506 1504 4574 ἠσπάσατο
1552 4504 1640 4559 καὶ
1693 4502 1848 4578 φιλο-

203 4603 378 4673 τίμως
409 4598 747 4672 ἐδεξιώσατο.
806 4594 1111 4666 Ἀλλήλοις
1141 4591 1231 4649 οὖν
1263 4595 1329 4648 τὰ
1359 4593 1537 4648 εἶκότα
1583 4614 1849 4667 προσομι-

207 4688 471 4759 λήσαντες
520 4688 586 4743 τά
627 4709 684 4742 τε
738 4690 838 4752 τῆς
896 4684 1117 4759 εἰρήνης
1179 4679 1430 4756 σύμϐολα
1481 4684 1571 4738 καὶ
1629 4683 1697 4737 τὰ
1750 4686 1846 4737 τοῦ

207 4780 388 4852 γάμου
455 4776 874 4852 ἐπεραιώσαντο,
942 4777 1039 4828 τοῦ
1087 4767 1584 4848 πρωτοϐεστιαρίου
1643 4770 1843 4846 Θεοφά-

207 4888 330 4930 νους
388 4867 441 4922 ἰν
492 4872 620 4920 πᾶσι
681 4857 1141 4936 μεσολαϐοὖντος.
1201 4861 1303 4917 Καὶ
1334 4860 1403 4935 τῇ
1431 4862 1481 4930 η’
1516 4865 1613 4915 τοῦ
1646 4862 1845 4917 Ὀκτω-

208 4951 369 5030 ϐρίου
404 4956 573 5029 μηνὸς
601 4951 829 5026 ἐξελθὼν
865 4954 892 5006 6
926 4952 1272 5026 πατριάρχης
1306 4952 1594 5028 Στέφανος,
1630 4950 1741 5023 ἅμα
1768 4955 1847 5019 τῷ

205 5039 695 5120 πρωτοϐεστιαρίῳ
751 5042 1004 5119 Θεοφάνει
1064 5040 1151 5095 καὶ
1217 5039 1362 5114 πάσῃ
1419 5040 1487 5114 τῇ
1533 5040 1846 5115 συγκλήτῳ,

208 5132 476 5208 εὐλόγησε
547 5133 749 5207 Πέτρον
815 5151 875 5185 τε
929 5131 1020 5184 καὶ
1075 5130 1283 5205 Μαρίαν
1343 5129 1395 5183 ἐν
1448 5134 1527 5201 τῷ
1582 5135 1693 5201 ναῷ
1748 5134 1847 5195 τῆς

210 5222 500 5299 ὑπεραγίας
569 5222 834 5276 Θεοτόκου
890 5227 992 5288 τῆς
1060 5224 1269 5294 Πηγῆς,
1320 5219 1846 5295 παρανυμφευόντων

206 5318 302 5367 τοῦ
353 5306 850 5387 πρωτοϐεστιαρίου
899 5310 988 5364 καὶ
1040 5312 1136 5363 τοῦ
1191 5303 1663 5383 Σουρσουϐοὖλου.
1715 5316 1849 5364 Φαι-

1957 4518 2179 4579 octava,
2211 4511 2543 4583 patriarcha
2571 4509 2904 4581 Stephanus
2957 4510 3110 4564 810
3160 4526 3293 4564 cum
3344 4513 3606 4581 protove-

1958 4603 2160 4659 stiario
2216 4601 2573 4671 Theophane
2610 4603 2666 4654 et
2714 4599 2985 4654 universo
3043 4602 3246 4654 senatu
3310 4613 3606 4669 egressus,

1957 4690 2300 4762 conjugium
2361 4687 2514 4743 Petri
2567 4692 2622 4743 et
2681 4688 2873 4742 Maria:
2930 4686 2989 4741 in
3050 4688 3183 4742 fano
3227 4686 3486 4757 Deiparae
3536 4684 3608 4739 ad

1960 4784 2197 4835 Fontem
2228 4794 2458 4834 sacrum
2492 4778 2869 4847 faustumque
2900 4793 3028 4831 esse
3072 4775 3276 4846 jussit,
3326 4790 3607 4846 sponsam

1958 4868 2376 4924 comitantibus
2452 4866 2809 4938 Theophane
2864 4870 2919 4920 et
2974 4864 3319 4919 Sursubulo.
3376 4862 3610 4935 Nuptiis

1959 4957 2267 5029 magnifice
2298 4960 2354 5010 et
2384 4960 2732 5026 sumptuoso
2764 4970 2897 5009 cum
2948 4951 3258 5023 splendore
3306 4951 3609 5016 confectis,

1959 5044 2436 5120 protovestiarius
2463 5060 2596 5099 cum
2631 5044 2750 5099 filia
2798 5041 3039 5097 Caesaris
3089 5041 3294 5097 urbem
3349 5041 3609 5096 intravit.

1956 5136 2217 5191 Tertium
2250 5152 2282 5190 a
2313 5134 2534 5205 nuptiis
2565 5132 2891 5188 convivium
2914 5130 3169 5185 instituit
3197 5130 3517 5202 imperator
3538 5128 3609 5183 ad

1962 5227 2222 5291 Fontem,
2284 5223 2342 5277 in
2403 5223 2527 5278 loco
2586 5220 2686 5275 ubi
2731 5237 2761 5274 e
2804 5218 3050 5275 navibus
3109 5219 3264 5275 exire
3321 5217 3614 5287 solebant,

1959 5317 2150 5369 stante
2198 5310 2580 5383 imperatoria
2618 5307 2807 5363 celoce
2839 5307 2898 5363 in
2929 5325 2995 5364 eo
3028 5308 3152 5365 loco
3186 5324 3200 5363 :
3233 5305 3618 5377 adhibuitque

1399 5476 1768 5535 XYLANDRI
1806 5481 1899 5537 ET
1938 5479 2158 5537 GOARI
2198 5477 2425 5533 NOTZE.

277 5606 394 5678 (76)
427 5604 537 5671 Qui
567 5603 827 5660 ecclesiis
857 5603 917 5659 in
950 5602 1166 5675 palatio
1196 5601 1442 5659 inclusis
1472 5604 1868 5661 ministrabat.

209 5678 363 5734 Com
375 5719 388 5733 .

536 5806 795 5866 PATIOL.
848 5804 957 5865 Gn.
1004 5802 1240 5863 CXXII.

2054 5603 2167 5674 (77)
2197 5601 2279 5655 Ad
2313 5599 2568 5674 confinia
2595 5598 2941 5674 Thraciaeet
2970 5599 3152 5655 Haami
3201 5598 3418 5656 montis
3464 5596 3621 5652 radi-

1968 5672 2084 5743 ces',
2109 5675 2283 5747 juxta
2312 5672 2657 5729 Anchialum
2690 5673 2822 5729 sita.
2856 5672 3038 5729 Gosa.

3260 5800 3297 5856 2
