3966 6134
361 315 440 376 43
1707 312 1974 374 ΟΕΟΡιίίῙ

2175 317 2411 378 DRENI
3696 326 3777 385 44

352 445 616 502 convivio
669 448 921 515 Petrum,
972 444 1421 501 Constantinum
1477 445 1888 516 imperatorem
1939 461 1972 498 a

2172 449 2260 499 >ῶν
2332 444 2389 501 δὲ
2455 448 2544 503 καὶ
2618 450 2938 507 πολυτελῶν
3010 453 3315 528 γενομένων
3380 458 3487 507 τῶν
3557 455 3775 529 γάμων,

356 535 786 591 Christiferum.
815 535 896 589 Ibi
930 534 1084 589 haud
1110 534 1314 589 leviter
1334 532 1680 589 tumultuati
1705 536 1843 586 sunt
1874 531 2004 587 Bul-

354 622 911 695 gari,Christiferum
934 623 1317 677 Constantino
1340 622 1399 676 in
1416 622 1627 676 faustis
1642 620 2005 676 acclamatio-

356 715 529 768 nibus
561 712 816 784 praeponi
849 712 1057 766 debere
1087 712 1875 781 contendentes.Eorumque
1907 726 2003 781 pe-

349 804 542 859 titioni
575 804 892 874 imperator
925 818 1141 857 morem
1174 802 1377 873 gessit.
1413 801 1701 857 Omnibus
1752 799 2005 871 peractis

349 911 476 965 qua:
506 892 565 947 in
590 892 692 947 tali
726 909 784 947 re
815 891 935 946 ﬁeri
970 890 1248 947 assolent.
1308 891 1487 946 Maria
1537 907 1671 945 cum
1722 906 1827 944 suo
1879 905 2000 943 ma-

343 985 454 1038 rito
489 982 661 1038 solvit
704 984 760 1036 et
809 980 865 1035 in
921 980 1259 1052 Bulgariam
1312 981 1421 1035 iter
1470 979 1623 1047 iniit,
1673 979 1922 1033 deducta
1970 994 2004 1032 a

342 1071 683 1141 parentibus
704 1074 761 1126 et
786 1070 1229 1142 protovestiario
1254 1086 1443 1141 usque
1483 1070 1554 1124 ad
1606 1068 1997 1123 Hebdomum.

341 1162 457 1217 Hoc
490 1166 659 1233 pacto
690 1160 866 1216 resin
903 1160 1044 1215 urbe
1076 1165 1235 1215 actae.

2118 532 2365 603 εἶ’σῆλθεν
2421 538 2448 591 6
2521 536 3021 617 πρωτοϐεστιάριος
3080 541 3193 615 ἅμα
3262 547 3331 617 τῇ
3392 543 3613 618 θυγατρί
3671 548 3769 598 τοῦ

2121 621 2389 697 βασιλέως
2448 626 2499 681 ἐν
2558 633 2624 701 τῇ
2683 630 2863 685 πόλει.
2919 631 3119 706 Τρίτην
3168 628 3225 686 δὲ
3274 632 3407 705 μετὰ
3453 634 3538 687 τὸν
3594 636 3770 707 γάμον

2114 709 2343 765 ἐπίασιν
2404 712 2456 768 ἐν
2504 720 2571 789 τῇ
2620 722 2725 771 τῶν
2781 725 2979 793 Πηγῶν
3026 714 3310 795 ἀποϐάθρᾳ
3359 724 3470 793 (78)
3530 725 3771 792 ποιήσας

2114 799 2141 885 6
2191 800 2465 874 βασιλεὺς,
2517 808 2644 879 παρ’
2697 806 2831 882 αύτῇ
2881 812 2947 881 τῇ
2999 804 3284 884 ἀποϐάθρᾳ
3340 814 3434 863 τοῦ
3479 810 3774 885 βασιλικοῦ

2114 884 2399 961 δρόμωνος
2508 895 2847 969 ἱσταμένου,
2934 897 3272 968 συνειστιάθη
3372 884 3485 971 τῷν
3556 901 3770 973 Πέτρῳ.

2111 982 2363 1051 Παρῆσαν
2399 978 2454 1036 δὲ
2481 986 2549 1056 τῇ
2601 986 2813 1059 εὐωχίᾳ
2854 986 2945 1039 καὶ
2994 992 3398 1049 Κωνσταντῖνος
3429 988 3456 1041 6
3512 987 3770 1062 βασιλεὺς

2109 1065 2196 1119 καὶ
2276 1070 2676 1148 Χριστοφόρος.
2754 1074 2996 1149 Ἐγένετο
3076 1073 3133 1130 δὲ
3210 1077 3393 1138 στάσις
3475 1076 3535 1131 οὐ
3601 1080 3774 1153 μικρὰ

2107 1155 2253 1229 παρά
2302 1162 2407 1211 τῶν
2461 1159 2815 1236 Βουλγάρων,
2867 1162 3223 1236 ἐνισταμένων
3282 1164 3546 1239 πρότερον
3597 1167 3779 1241 εὔφη,

344 1255 585 1321 μηθῆναι
614 1248 703 1303 τὸν
734 1244 1135 1325 Χριστοφόρον,
1170 1247 1284 1301 εἶτα
1310 1247 1402 1300 τὸν
1432 1249 1851 1300 Κωνσταντῖνον·
1888 1244 1961 1296 ὧν
2014 1246 2082 1316 τῇ
2144 1242 2383 1301 ἐνστάσει
2415 1255 2762 1325 παραχωρῶν
2795 1253 2822 1305 6
2868 1251 3123 1326 βασιλεὺς
3162 1254 3440 1327 Ῥωμανὸς
3489 1252 3777 1323 ἐκέλευσεν

342 1337 483 1392 οὕτω
512 1338 773 1412 γενέσθαι.
808 1336 1030 1391 Πάντων
1064 1334 1121 1391 δὲ
1150 1340 1255 1390 τῶν
1288 1335 1341 1390 ἐν
1371 1340 1489 1397 τοῖς
1516 1334 1787 1395 τοιούτοις
1814 1332 2081 1387 εἰωθότων
2105 1333 2342 1406 γίνεσθαι
2368 1338 2847 1411 συντελεσθέντων,
2874 1343 3077 1418 ἀπῆρεν
3103 1344 3136 1411 ἡ
3162 1342 3341 1416 Μαρία
3358 1344 3450 1397 σὺν
3473 1348 3553 1414 τῷ
3572 1343 3767 1415 οἶκείῳ

325 1426 538 1501 σδζύγῳ
569 1426 660 1481 καὶ
691 1433 791 1495 τῆς
824 1426 958 1499 πρὸς
990 1424 1326 1500 Βουλγαρίαν
1354 1423 1557 1497 ἥψατο,
1588 1444 1693 1498 προ
1731 1426 2038 1499 πεμφθεῖσα
2067 1421 2211 1497 παρὰ
2237 1427 2343 1478 τῶν
2376 1426 2575 1499 γονέων
2609 1427 2773 1498 αότῆς
2801 1430 2889 1483 καὶ
2918 1435 3015 1484 τοῦ
3045 1425 3546 1507 πρωτοϐεστιαρίου
3603 1430 3773 1507 μέχρι

323 1520 420 1571 τοῦ
444 1510 738 1588 Ἑϐδόμου.
776 1514 871 1569 Καὶ
902 1514 969 1569 τὰ
1003 1515 1102 1586 μὲν
1136 1514 1186 1568 ἐν
1219 1518 1287 1587 τῇ
1320 1512 1480 1568 πόλει
1514 1517 1705 1566 τοῦτον
1743 1511 1983 1565 ἐτελεῖτο
2015 1508 2108 1563 τὸν
2136 1511 2357 1585 τρόπον.

405 1610 469 1662 At
488 1607 745 1662 Joannes
767 1605 1340 1677 Curcuas,magister
1358 1621 1422 1660 ac
1442 1603 1779 1660 scholarum
1801 1602 1991 1657 dome-
2024 1603 2069 1667 B

328 1697 511 1752 sticus
542 1695 851 1768 Syriae,res
883 1696 1110 1766 agendo
1144 1711 1209 1749 ac
1241 1695 1476 1749 ferendo
1509 1698 1565 1748 et
1594 1692 1764 1747 obvia
1797 1690 1995 1745 omnia

331 1785 682 1857 proruendo,
718 1784 1093 1855 plurimaque
1124 1782 1360 1839 castella
1391 1788 1446 1838 et
1495 1781 1854 1837 munitiones
1904 1784 1988 1834 at-

327 1891 444 1945 que
473 1873 651 1928 urbes
682 1873 1021 1928 barbaricas
1054 1872 1383 1938 avertendo,
1411 1888 1598 1942 usque
1629 1871 1699 1925 ad
1736 1868 1989 1924 nobilem

338 1965 500 2020 illam
533 1964 865 2021 Melitenam
898 1964 1434 2035 pervenit,eamque
1466 1962 1766 2017 obsessam
1800 1977 1865 2015 eo
1900 1975 1995 2014 ne-

334 2053 627 2109 cessitatis
658 2053 881 2124 redegit
916 2056 978 2107 ut
1008 2053 1077 2106 ad
1114 2050 1576 2123 paciﬁcationem
1618 2049 1843 2104 obsessi
1896 2065 1991 2103 co-

334 2148 613 2213 gerentur
643 2146 925 2214 spectare.
956 2141 1129 2196 Venit
1160 2157 1297 2212 ergo
1329 2146 1401 2195 ad
1433 2156 1567 2194 eum
1608 2138 1993 2210 Apochapsus

332 2234 482 2287 3“
519 2231 716 2287 Ameri
748 2236 1093 2303 prognatus,
1127 2229 1412 2285 Melitenae
1445 2245 1694 2295 ameras,
1738 2231 1794 2283 et
1848 2229 1989 2298 Apo-

347 2319 630 2389 salathus,
679 2320 779 2391 qui
830 2319 1114 2375 militibus
1156 2317 1439 2374 Melitenae
1494 2316 1822 2389 legentibus
1850 2333 1991 2387 prae-

347 2414 504 2477 erat;
529 2426 678 2480 quos
709 2410 952 2465 comiter
981 2414 1250 2479 exceptos
1281 2407 1634 2463 domesticus
1683 2406 1754 2459 ad
1805 2404 1992 2475 impe-

344 2503 595 2553 ratorem
630 2496 810 2564 misit,
835 2498 992 2569 iique
1024 2493 1426 2568 paciﬁcatione
1456 2495 1719 2550 confecta
1749 2494 1988 2547 domum

341 2588 658 2653 redierunt,
681 2586 857 2641 sociis
889 2603 955 2641 ac
986 2585 1190 2640 amicis
1222 2585 1612 2639 Romanorum
1651 2581 1910 2659 ascripti,
1935 2586 1990 2636 et

342 2693 473 2731 cum
506 2676 579 2731 iis
617 2679 821 2731 contra
848 2676 1163 2729 Saracenos
1192 2671 1522 2744 fpopulares
1566 2688 1705 2725 suos
1756 2672 1985 2725 armati.

336 2764 579 2819 Mortuis
611 2768 807 2819 autem
856 2762 1202 2834 Apochapso
1253 2765 1307 2816 et
1353 2759 1710 2831 Aposalatho
1763 2776 1873 2831 pax
1921 2776 1988 2814 ea

339 2859 513 2925 rupta
541 2858 652 2909 est.
687 2856 887 2923 Itaque
921 2851 1274 2907 domesticus
1305 2849 1594 2906 Melitenis
1626 2848 1843 2904 bellum
1896 2849 1984 2903 in-

338 2941 469 3011 fert,
505 2959 637 2998 cum
671 2958 783 3013 quo
816 2940 991 2995 etiam
1026 2939 1229 2995 Melias
1260 2943 1385 2994 erat
1424 2938 1723 3009 magister,
1774 2943 1979 2993 Arme-
2013 2967 2055 3034 ρ

338 3032 467 3087 nios
497 3032 830 3086 ducens.Ac
851 3029 1018 3085 initio
1040 3029 1275 3100 quidem
1299 3027 1499 3083 hostes
1521 3031 1711 3082 castra
1742 3027 1851 3082 sub
1885 3027 1980 3083 dio

334 3120 527 3176 locare
556 3137 732 3176 ausos
763 3119 917 3173 intra
944 3134 1142 3173 muros
1175 3117 1337 3172 urbis
1367 3116 1743 3189 compellunt,
1776 3117 1986 3171 deinde

334 3226 466 3266 vero
500 3209 701 3263 urbem
733 3208 1033 3263 obsessam
1068 3223 1281 3279 magna
1304 3207 1356 3261 vi
1379 3211 1789 3278 Oppugnantes
1812 3222 1985 3276 expu-

334 3302 518 3370 gnant
546 3316 557 3353 :
590 3298 692 3353 sed
723 3302 782 3353 et
811 3296 1029 3352 circum
1063 3296 1178 3351 sita
1207 3296 1404 3351 omnia
1426 3295 1782 3366 populantur
1810 3300 1985 3365 atque

333 3388 615 3458 subigunt
671 3402 738 3441 ac
784 3385 1063 3441 Romanis
1112 3384 1329 3439 servire
1374 3388 1609 3455 cogunt.
1662 3387 1984 3455 Imperator

334 3476 668 3530 Melitenam
700 3478 756 3528 et
786 3474 941 3544 quod
974 3473 1195 3527 circum
1228 3476 1317 3527 est
1364 3472 1620 3542 regionis
1666 3471 1727 3526 in
1778 3473 1978 3542 praefe-

330 3569 506 3619 cturae
529 3564 950 3634 (Curatoreiam
986 3561 1096 3632 ipsi
1128 3562 1431 3630 vocabant)
1457 3562 1704 3616 formam
1736 3564 1978 3634 redegit,

330 3670 396 3707 ac
428 3668 671 3725 magnos
702 3652 838 3707 inde
869 3651 1092 3708 reditus
1123 3651 1325 3706 aerario
1374 3650 1639 3705 confecit.
1693 3650 1976 3706 Caeterum

329 3743 529 3798 Niceta
558 3741 837 3813 magister
866 3745 920 3797 et
951 3739 1274 3796 Christil‘eri
1302 3756 1467 3796 socer
1486 3742 1978 3812 accusatus,quod

327 3848 606 3903 generum
636 3832 939 3886 incitasset
969 3831 1038 3885 ad
1094 3830 1525 3885 deturbandum
1578 3830 1823 3901 imperio
1873 3848 1978 3902 pa-

327 3928 498 3987 trem,
526 3921 671 3975 urbe
692 3918 898 3991 pulsus
920 3935 1207 3990 rasusque
1230 3924 1286 3973 et
1306 3918 1629 3974 monachus
1656 3921 1844 3974 factus
1865 3924 1974 3975 est.

330 4010 424 4063 Die
453 4009 674 4064 mensis
702 4008 844 4062 Julii
873 4009 944 4061 25
975 4006 1297 4062 indictione
1328 4008 1850 4079 sexta,Stephanus
1882 4025 1977 4080 pa-

324 4097 582 4153 triarcha
602 4101 873 4151 mortuus
893 4100 1137 4166 est,cum
1155 4095 1204 4149 ei
1222 4095 1449 4149 muneri
1472 4095 1799 4166 praefuisset
1819 4096 1976 4151 bien-

326 4187 488 4241 nium
521 4190 579 4241 et
609 4200 838 4239 menses
872 4185 1164 4239 undecim.
1201 4184 1398 4238 Mense
1440 4184 1744 4239 Decembri
1775 4202 1975 4239 mona-

323 4276 471 4329 chus
491 4274 725 4345 Trypho
746 4272 1285 4344 producitur,eique
1306 4272 1736 4343 patriarchatus
1759 4275 1829 4328 ad
1857 4291 1976 4329 cer-

2172 1600 2233 1657 Ὀ
2283 1599 2339 1656 δὲ
2384 1601 2704 1677 δομέστικος
2750 1611 2860 1662 τῶν
2894 1607 3116 1682 σχολῶν
3152 1609 3409 1677 Ἰωάννης
3463 1610 3767 1685 μάγιστρος

2107 1689 2133 1742 6
2191 1693 2533 1767 Κουρκούας,
2594 1694 2735 1771 ἄγων
2791 1695 2879 1751 καὶ
2936 1696 3110 1772 φέρων
3160 1698 3225 1752 τὰ
3272 1701 3371 1763 τῆς
3429 1698 3628 1772 Συρίας
3674 1700 3769 1752 καὶ

2106 1778 2241 1833 ἃπαν
2294 1781 2534 1852 ἀντίξουν
2582 1786 3105 1861 καταστρεφόμενος,
3164 1787 3253 1840 καὶ
3312 1786 3544 1841 πλεῖστα
3588 1788 3767 1861 φρού-

2106 1888 2194 1942 ρια
2224 1870 2307 1923 καὶ
2364 1870 2702 1947 ὀχυρώματα
2731 1874 2818 1929 καὶ
2868 1872 3059 1938 πόλεις
3112 1870 3444 1950 βαρϐαρικὰς
3488 1877 3765 1949 καθελὼν,

2104 1954 2298 2034 ἔφθασε
2381 1962 2471 2014 καὶ
2556 1964 2720 2037 μέχρι
2804 1970 2904 2031 τῆς
2982 1960 3314 2038 περιϐοήτου
3402 1965 3771 2037 Μελιτηνῆς,

2103 2045 2397 2123 πολιορκία
2457 2047 2514 2105 δὲ
2573 2051 2701 2114 τοὺς
2769 2050 2923 2107 ἔνδον
2986 2056 3403 2129 στενοχωρήσας
3484 2052 3767 2128 ἠνάγκασε

2102 2137 2237 2209 πρὸς
2293 2134 2586 2209 συμϐάσεις
2658 2139 2810 2196 ἰδεῖν.
2870 2141 3199 2217 Ηαρεγένετο
3258 2138 3350 2195 οὖν
3412 2143 3549 2217 πρὸς
3602 2144 3772 2197 αὐτὸν

2104 2226 2363 2301 Ἀπόχαψ
2422 2229 2448 2282 ὁ
2507 2234 2601 2283 τοῦ
2658 2234 2834 2304 ’Ἀμερ
2893 2228 3159 2305 ἔκγονος,
3223 2231 3440 2305 ἀμηρᾶς
3496 2233 3768 2307 ὑπάρχων

2102 2316 2438 2386 Μελιτηνῆς,
2483 2320 2570 2372 καὶ
2603 2318 2915 2383 Ἀποσαλάθ
2949 2318 2978 2373 6'
3028 2324 3133 2374 τῶν
3196 2319 3248 2373 έν
3302 2320 3439 2394 αὐτῇ
3469 2320 3773 2397 κατάρχων

2098 2406 2391 2479 ταγμάτων
2437 2409 2538 2480 [Ρ.
2605 2411 2731 2482 627]
2784 2407 2874 2469 οὕς
2924 2406 3355 2480 προσδεξάμενος
3415 2409 3441 2463 6
3500 2407 3762 2481 δομέστι-

2098 2514 2191 2555 κος
2222 2493 2426 2566 ἱλαρῶς
2476 2497 2565 2550 καὶ
2620 2498 2754 2570 μετὰ
2801 2497 3127 2572 προσηνείας
3177 2499 3312 2573 πρὸς
3356 2500 3445 2553 τὸν
3480 2500 3763 2575 αὐτοκρά-

2096 2602 2231 2654 τορα
2275 2582 2661 2653 ἐξαπέστειλεν,
2715 2587 3063 2661 Έντυχόντες
3125 2587 3215 2640 οὖν
3262 2586 3408 2659 αὐτῷ
3458 2590 3547 2643 καὶ
3607 2589 3761 2664 εἷρηο

2096 2672 2217 2725 νικὰ
2268 2676 2587 2744 ποιήσαντες
2645 2674 2910 2751 σύμφωνα
2968 2675 3295 2749 ὑπέστρεψαν
3358 2675 3433 2737 εἷς
3488 2676 3556 2731 τὰ
3620 2676 3759 2749 ἴδια,

2094 2765 2211 2821 τοῖς
2253 2758 2434 2833 φίλοις
2481 2763 2567 2817 καὶ
2618 2762 2936 2837 συμμάγοις
2984 2764 3270 2835 Ῥωμαίων
3315 2768 3756 2843 καταγραφέντες

2093 2850 2181 2902 καὶ
2218 2850 2331 2920 μετ’
2386 2850 2561 2905 αὐτῶν
2613 2851 2747 2906 κατὰ
2774 2854 2882 2906 τῶν
2915 2850 3212 2928 ὁμοφύλων
3257 2850 3756 2927 καθοπλιζόμενοι.

2093 2935 2520 3007 Τελευτήσαντος
2569 2936 2625 2993 δὲ
2672 2943 2767 2993 τοῦ
2817 2939 3073 3014 Ἀπόχαψ
3119 2941 3208 2994 καὶ
3251 2946 3347 2995 τοῦ
3402 2942 3755 3014 Ἀποσαλᾶθ,

2097 3022 2318 3096 διελύθη
2394 3026 2460 3081 τά
2527 3034 2625 3097 τῆς
2706 3027 2928 3101 εἰρήνης
2966 3071 2979 3085 .
3041 3029 3406 3105 Ἑκστρατεύει
3468 3032 3561 3085 οὗν
3633 3035 3755 3087 κατ’

2094 3112 2266 3167 αὐτῶν
2322 3115 2349 3169 6
2401 3115 2691 3190 εἰρημένος
2738 3112 3099 3188 δομέστικος,
3152 3118 3197 3189 ᾦ
3247 3125 3407 3188 συνῆν
3458 3121 3593 3191 μετὰ
3642 3126 3753 3175 τῶν

2092 3204 2393 3276 Ἀρμενίων
2445 3205 2533 3258 καὶ
2566 3206 2593 3259 ὁ
2631 3205 2923 3279 μάγιστρος
2974 3207 3001 3260 6
3053 3204 3281 3267 Μελίας.
3327 3208 3429 3262 Καὶ
3476 3208 3750 3284 πρότερον

2097 3294 2188 3365 μὲν
2224 3292 2455 3365 πολέμῳ
2485 3292 2611 3355 τοὺς
2638 3293 2981 3363 Μιλιτηνους
3028 3293 3333 3366 συνήλασαν
3363 3294 3490 3351 ε’ίσω
3520 3298 3752 3373 τείχους

2089 3379 2609 3454 κατατολμήσαντας
2698 3382 3147 3453 ἀντιποιήσασθαι
3228 3388 3334 3439 τῶν
3422 3386 3745 3461 ὑπαίθρων·

2090 3465 2271 3525 ἔπειτα
2339 3470 2777 3545 περικαθίσαντες
2823 3472 2921 3539 τήν
2990 3470 3151 3526 πόλιν
3223 3473 3311 3527 καὶ
3371 3476 3504 3546 μετᾶ
3554 3496 3753 3531 συντο-

2087 3560 2202 3621 νίας
2233 3558 2433 3630 ταύτην
2466 3557 2933 3635 πολιορκήσαντες
2965 3560 3213 3633 πολέμου
3243 3562 3401 3635 νόμῳ
3448 3566 3752 3640 κατέσχον,

2089 3647 2436 3721 Κατέδραμον
2484 3647 2539 3703 δὲ
2591 3650 2680 3703 καὶ
2725 3649 2896 3703 πάντα
2942 3650 3008 3703 τὰ
3054 3651 3206 3725 πέριξ
3254 3651 3343 3704 καὶ
3376 3651 3753 3726 ἐχειρώσαντο

2085 3737 2176 3792 καὶ
2211 3736 2381 3792 δοῦλα
2412 3738 2713 3810 Ῥωμαίοις
2770 3736 3105 3812 εἶ’ργάσαντο.
3163 3739 3277 3807 Τὴν
3331 3741 3423 3810 μὶν
3474 3741 3569 3795 οὖν
3627 3745 3753 3800 Me-

2088 3824 2313 3896 λιτηνήν
2375 3828 2448 3887 εἰς
2503 3825 2897 3900 κουρατωρείαν
2965 3828 3304 3896 καταστήσας
3361 3828 3388 3881 ὀ
3458 3828 3746 3902 βασιλεὺς,

2085 3916 2174 3969 καὶ
2226 3921 2397 3970 πᾶσαν
2444 3918 2543 3985 τὴν
2606 3912 2954 3988 περιοικίδα,
3018 3914 3237 3983 πολλὴν
3294 3917 3601 3972 συντέλειαν
3664 3928 3751 3994 τῷ

2088 4001 2338 4076 δημοσίῳ
2396 4004 2737 4079 προσήγαγε.
2799 4005 3036 4073 Νικήτας
3093 4001 3149 4057 δὲ
3199 4005 3227 4058 6
3290 4004 3588 4079 μάγιστρος
3650 4010 3748 4064 καὶ

2084 4092 2337 4167 πενθερὸς
2415 4087 2787 4168 Χριστοφόρσυ
2860 4095 2958 4145 τοῦ
3004 4090 3276 4165 βασιλέως
3329 4099 3747 4170 κατηγορηθεὶς

2084 4182 2157 4243 ὡς
2221 4181 2605 4252 ὑποτιθέμενος
2668 4184 2746 4251 τῷ
2819 4175 3180 4256 Χριστοφόρῳ
3248 4182 3382 4236 κατὰ
3434 4187 3531 4237 τοῦ
3596 4183 3746 4241 ἰδίου

2082 4270 2322 4345 γενέσθαι
2370 4269 2571 4343 πατρὸς
2622 4268 2711 4322 καὶ
2769 4272 2958 4322 τοῦτον
3015 4268 3205 4338 ἐξῶσαι
3266 4276 3364 4339 τῆς
3423 4273 3743 4346 βασιλείας,

320 4369 447 4417 tum
478 4334 712 4433 tempus
743 4334 1146 4427 committitur,
1354 4361 1813 4432 TheOpbilactus
1862 4364 1970 4417 im-

2172 4355 2347 4429 ϐλήθη
2382 4334 2489 4428 τῆς¹
2509 4356 2723 4418 πόλεως
2748 4356 2835 4411 καὶ
2869 4334 3110 4433 ἀπεκάρη
3166 4334 3431 4434 μοναχόςί
3482 4363 3632 4431 Μηνὶ

319 4451 606 4523 peratoris
636 4450 793 4505 filius
825 4451 896 4504 ad
923 4450 1148 4519 justam
1184 4451 1336 4505 312
1359 4455 1590 4505 aetatem
1624 4452 1968 4521 perveniret.

315 4542 529 4597 Eodem
555 4556 756 4595 mense
779 4538 1191 4609 gravissimum
1219 4539 1329 4593 fuit
1349 4539 1971 4610 frigus,adeo,utterra

314 4648 416 4700 per
444 4631 569 4685 dies
603 4630 705 4683 120
735 4628 919 4698 glacie
951 4628 1160 4681 durata
1191 4627 1458 4681 fuerit.1d
1490 4627 1619 4699 gelu
1656 4629 1971 4685 subsecuta

313 4723 402 4773 est
432 4723 653 4788 quanta
684 4731 1011 4786 numquam
1047 4716 1157 4769 fuit
1189 4720 1321 4769 ante
1356 4716 1559 4785 pestis,
1583 4732 1708 4786 quae
1739 4722 1967 4773 tantum

2082 4446 2297 4520 Ἰουλίῳ
2357 4454 2411 4501 ιε’
2463 4445 2662 4520 ἡμέρα,
2737 4443 3075 4507 ἷνδικτιῶνος
3123 4448 3213 4517 ς’,
3299 4447 3647 4519 ἐτελεύτησεν
3713 4456 3743 4508 6

2078 4537 2370 4609 Ἀμασείας
2445 4537 2758 4610 Στέφανος,
2830 4537 3247 4610 πατριαρχήσας
3329 4533 3420 4606 ἔτη
3486 4540 3551 4613 β’,
3628 4564 3744 4613 μη-

2080 4648 2170 4687 νας
2235 4628 2337 4681 ια’.
2403 4618 2719 4699 Δεκεμϐρίῳ
2781 4620 2837 4677 δὲ
2889 4624 3021 4695 μηνὶ
3080 4625 3267 4698 ἄγουσι
3318 4627 3583 4703 Τρύφωνα
3637 4652 3741 4701 ρο-

2079 4715 2267 4789 ναχὸν,
2343 4713 2433 4768 καὶ
2513 4715 2891 4787 χειροτονοῦσι
2966 4711 3314 4788 πατριάρχην
3392 4714 3477 4770 ἐπὶ
3539 4720 3739 4792 χρόνῳ

1502 4841 1873 4898 XYLANDRI
1912 4844 2003 4901 ET
2043 4844 2263 4901 GOARI
2302 4842 2530 4897 ΝΟΤέΕ.

384 4941 495 5012 (78)
529 4942 729 4997 Locum
756 4941 851 4994 ubi
878 4956 906 4995 e
935 4938 1168 5013 nauibus
1198 4937 1352 5013 exire
1398 4939 1595 5005 solent,
1643 4934 1953 5013 ἀποϐάθραν

312 5011 602 5083 Xylander
630 5013 896 5083 exponit:
931 5012 1030 5066 sed
1083 5028 1155 5083 p.~
1190 5011 1296 5064 623
1342 5013 1692 5083 excensionis
1743 5011 1957 5075 locum;

312 5081 458 5139 falso
507 5081 817 5153 utrobique
866 5100 878 5137 :
931 5086 1018 5137 est
1068 5081 1221 5136 enim
1277 5082 1578 5136 tabulatum
1610 5085 1851 5152 ligneum
1884 5086 1953 5140 ad

309 5158 498 5212 instar
526 5158 739 5211 domus
770 5156 826 5209 in
863 5155 1041 5208 maris
1075 5160 1241 5225 portu
1298 5160 1686 5220 exstructum,
1735 5157 1953 5211 ibidem

304 5228 690 5300 descriptum,
717 5242 861 5300 ouo
907 5227 1085 5280 etiam
1119 5225 1380 5280 convivia
1412 5226 1772 5300 nuptiasque
1802 5228 1952 5283 cele-

304 5302 472 5355 brare
501 5297 801 5372 potuerint
832 5297 1225 5372 Romanorum
1262 5297 1741 5372 et_Bulgarorum
1793 5299 1951 5372 prin-

302 5369 866 5454 Eipplsfmsaoiepav
930 5369 1142 5451 potius,
1206 5372 1268 5422 ut
1325 5369 1656 5454 frequenter
1714 5371 1953 5454 scripsit

298 5440 574 5511 Codinus,
608 5440 883 5515 legerem,
913 5440 1027 5515 nisi
1060 5456 1153 5493 me
1184 5447 1720 5515 versusauctorem
1747 5440 1951 5512 religio

296 5520 356 5569 et
387 5519 629 5583 repetita
656 5512 767 5568 νοις
807 5513 1233 5583 detineret,qua
1290 5512 1675 5568 nihilominus
1706 5514 1860 5567 idem
1886 5530 1953 5567 ac

293 5582 603 5659 ἀποοάθρας
667 5584 913 5640 indicari
979 5582 1254 5659 percipio,
1304 5584 1622 5659 tabulatum
1681 5586 1952 5659 Videlicet

288 5654 825 5730 portui'terreeque
882 5654 1249 5726 contiguum,
1299 5654 1358 5708 in
1409 5657 1561 5726 quod
1611 5674 1640 5711 e
1671 5658 1949 5712 dromone

2070 4944 2369 5017 Romanus
2399 4940 2719 5010 imperator
2744 4934 3023 5017 exsiliret,
3050 4936 3254 5017 Petrus
3286 4945 3479 5017 autem
3499 4942 3738 5017 _Bulga-

2070 5014 2171 5087 ria;
2198 5011 2437 5087 regulus
2470 5009 2511 5087 ei
2530 5016 2683 5087 terra
2713 5009 3155 5087 conscenderet,
3175 5027 3247 5087 ac
3279 5013 3450 5087 ambo
3480 5014 3553 5068 de
3590 5009 3737 5087 pace

2069 5080 2337 5140 collocuti
2368 5083 2593 5154 placide
2624 5080 3487 5154 convivarentur.Attendantur
3518 5080 3731 5144 au'cto-

2068 5157 2150 5211 ris
2182 5152 2440 5225 verba’p.
2472 5155 2577 5207 623
2610 5154 2804 5217 citata,
2843 5167 2945 5225 nec
2976 5168 3089 5206 non
3124 5158 3180 5225 et
3210 5152 3329 5208 haec
3389 5156 3726 5215 Manuelem

2067 5233 2123 5284 et
2155 5223 2452 5305 sultanu‘m
2486 5231 2807 5305 Tura-{rum
2841 5223 3182 5305 (ihrysopoli
3214 5226 3611 5305 collocuturos
3636 5234 3731 5287 de-

2067 5298 2385 5354 scribentis
2434 5298 2585 5367 apud
2642 5294 2920 5348 Phranzis
2946 5294 3339 5367 interpretem
3369 5314 3381 5350 :
3417 5300 3495 5352 Ibi
3526 5304 3729 5358 trirem

2065 5372 2123 5425 in
2157 5372 2452 5423 tentorium
2475 5365 2597 5421 lsive
2627 5365 3052 5420 tabernaculum
3080 5365 3189 5421 sibi
3217 5373 3471 5436 paratum
3501 5387 3729 5431 conpes-

2062 5442 2159 5495 sit.
2194 5443 2498 5510 Imperalor
2548 5455 2671 5492 cum
2720 5439 2857 5507 ﬁliis
2905 5438 2965 5490 in
3015 5439 3339 5493 triremibus
3381 5442 3619 5499 edebant
3668 5464 3730 5501 ac

2065 5512 2343 5581 bibebant,
2375 5516 2424 5566 et
2456 5515 2603 5565 inter
2632 5526 2685 5564 se
2716 5512 2831 5579 ipse
2861 5515 2912 5562 et
2938 5524 3154 5564 amere:
3182 5520 3371 5580 partes
3402 5515 3723 5573 mittebant.

2061 5582 2251 5647 GOAR,
