3966 6134
325 371 405 430 47
1684 365 2004 427 GEORGII
2050 366 2393 427 CEDRENI
3677 365 3757 425 48

326 496 897 570 retur,Tryphonem
924 500 1057 551 astu
1092 495 1677 551 circumveniendum
1706 500 1892 565 ratus,
1912 497 1954 552 si

2143 493 2383 559 ασιλέως
2453 497 2550 565 τὴν
2626 494 2940 572 ὑπόσχεσιν,
3000 495 3176 570 ἀπάτῃ
3248 494 3594 571 περιέρχεται
3656 497 3750 551 τὸν

324 587 636 661 compellat
670 605 682 641 :
725 607 752 639 α
777 584 981 654 Multe,
1016 586 1271 651 domine,
1319 586 1629 640 adversum
1661 589 1716 640 te
1748 586 1987 640 molitur

329 680 669 751 imperator,
702 681 755 731 ct
811 675 1057 730 crimina
1105 673 1401 745 conquirit
1440 674 1512 729 ob
1558 692 1683 745 quas
1732 678 1788 729 te
1840 673 1983 730 solio

328 767 578 837 dejicere
610 764 819 837 possit.
865 764 1251 827 Quantumvis
1302 767 1497 818 autem
1533 779 1744 834 magno
1786 763 1983 818 labore

330 855 476 910 nihil
505 854 883 925 consequitur
917 853 1110 907 εξηιι
1142 853 1241 923 qui
1275 853 1431 906 enim
1462 852 1752 907 insontem
1786 852 1983 907 crimi-

331 944 548 1001 netur?
571 960 754 999 unum
788 942 1095 1014 proferunt
1126 941 1223 1012 qui
1259 946 1314 995 te
1345 941 1678 1013 depositum
1712 942 1981 1013 cupiunt,

330 1050 570 1105 prorsus
599 1036 655 1088 te
686 1048 816 1086 esse
850 1031 1185 1086 litterarum
1232 1029 1506 1085 inscium.
1557 1030 1615 1083 Id
1664 1029 1882 1085 crimen
1933 1032 1980 1086 si

327 1122 556 1178 amoliri
616 1137 923 1194 queamus,
980 1120 1181 1188 utique
1257 1119 1381 1190 lupi
1460 1119 1690 1174 hiantes
1768 1120 1984 1176 fuerint

326 1228 529 1267 omnes
588 1210 688 1282 qui
747 1210 853 1265 tibi
921 1210 1299 1264 insidiantur.
1374 1208 1522 1279 Ergo
1595 1208 1644 1261 si
1718 1224 1811 1263 me
1877 1227 1980 1264 au-

326 1301 437 1365 dis,
468 1317 662 1356 coram
694 1303 815 1355 toto
847 1297 1091 1353 concilio
1144 1297 1202 1351 in
1254 1298 1475 1352 munda
1518 1296 1723 1353 charta
1767 1314 1979 1353 nomen

323 1394 489 1443 tuum
545 1391 603 1443 et
644 1386 1019 1460 pontiﬁcatus
1072 1386 1422 1457 dignitatem
1486 1385 1692 1451 scribe,
1733 1402 1981 1457 eamque

326 1477 663 1547 imperatori
696 1476 884 1546 mitte,
915 1478 981 1529 ut
1017 1478 1171 1529 certo
1212 1489 1571 1545 cognoscens
1605 1490 1765 1545 spem
1812 1474 1982 1529 istius

326 1564 588 1620 criminis
620 1564 845 1618 irritam
876 1579 1023 1629 esse,
1042 1562 1269 1618 desinat
1292 1562 1405 1617 ista
1425 1566 1630 1617 contra
1649 1566 1703 1617 te
1727 1562 1979 1617 moliri.»

327 1655 389 1709 Id
420 1652 733 1709 consilium
766 1651 909 1707 utile
938 1650 1378 1707 visum.Statim
1410 1666 1546 1722 ergo
1580 1652 1810 1722 cogitur
1838 1667 1978 1707 con-

328 1742 550 1812 cilium,
586 1746 642 1796 et
672 1741 1002 1812 patriarcha
1051 1745 1176 1795 tum
1229 1739 1313 1794 sic
1349 1739 1644 1810 loquitur:
1690 1760 1710 1788 ι
1746 1741 1852 1807 Qui
1888 1757 1978 1795 me

328 1833 546 1902 injuste
567 1830 907 1903 pontificatu
930 1829 1178 1901 dejicere
1194 1830 1493 1895 student,o
1517 1829 1696 1883 divini
1720 1828 1975 1901 collegaa,

330 1921 514 1975 multa
571 1920 788 1975 frustra
841 1918 1027 1973 moliti
1080 1922 1145 1973 ut
1176 1916 1536 1989 probabilem
1588 1916 1841 1988 aliquam
1866 1918 1979 1974 mei

328 2008 578 2080 pellendi
609 2024 847 2063 causam
894 2007 1240 2075 invenirent,
1280 2011 1599 2061 extremam
1632 2006 1780 2060 hanc
1812 2022 1977 2062 exco-

321 2100 586 2170 gitarunt
614 2096 971 2153 calumniam
997 2096 1151 2169 quod
1186 2111 1277 2151 me
1309 2096 1515 2151 rudem
1548 2094 1871 2150 litterarum
1899 2095 1979 2150 di-

322 2192 480 2242 cunt.
528 2186 778 2241 Proinde
801 2187 929 2257 jam
962 2186 1020 2239 in
1071 2188 1386 2256 conspectu
1419 2184 1683 2239 omnium
1716 2188 1975 2240 vestrum

324 2277 429 2331 has
458 2292 629 2331 cxaro
664 2274 912 2342 litteras,
945 2279 1009 2328 ut
1037 2273 1301 2328 videntes
1349 2272 1739 2344 sycophantas
1793 2277 1975 2329 certo-

323 2381 434 2436 que
463 2364 710 2421 convicti
760 2368 947 2419 cesset
980 2362 1124 2417 mihi
1156 2361 1314 2417 nullo
1355 2363 1490 2432 jure
1535 2362 1837 2434 negotium
1890 2363 1972 2416 fa-

320 2469 566 2509 cessere.
604 2475 631 2502 »
664 2452 793 2508 Haec
822 2452 1055 2508 locutus
1086 2451 1348 2506 chartam
1392 2468 1601 2523 puram
1648 2451 1888 2522 accepit,
1920 2456 1977 2506 et

322 2542 600 2599 omnibus
647 2541 1022 2597 cernentibus
1069 2540 1187 2595 hazc
1231 2540 1472 2611 scripsit
1505 2557 1517 2594 :
1551 2562 1579 2590 «
1610 2540 1843 2611 Trypho
1879 2540 1974 2595 Dei

324 2630 696 2687 miseratione
725 2629 1201 2701 archiepiscopus
1231 2628 1446 2700 Cpolis,
1482 2645 1642 2684 novae
1672 2629 1888 2695 Romae,
1919 2636 1975 2684 et

324 2720 657 2791 patriarcha
686 2718 1107 2775 mcumenicus.
1136 2738 1162 2766 »
1182 2718 1245 2770 Et
1271 2718 1556 2787 scripturn
1576 2717 1685 2771 hoc
1715 2718 1969 2788 praesidi,

324 2827 499 2881 quem
517 2809 630 2881 ipsi
655 2807 1105 2880 protothronum
1128 2807 1433 2875 vocant,ad
1456 2805 1867 2877 imperatorem
1893 2807 1971 2862 fe-

323 2898 571 2955 rendum
591 2897 771 2952 dedit.
796 2897 956 2961 Quod
981 2896 1030 2950 is
1055 2896 1153 2949 ubi
1186 2895 1687 2966 accepit,superne
1709 2895 1971 2950 chartam

322 2987 496 3044 aliam
520 3003 725 3058 puram
750 2985 1039 3051 attexit,in
1058 3001 1241 3056 eaque
1258 2983 1715 3055 resignationem
1730 2984 1973 3054 perscri-

317 3077 420 3145 bit,
453 3092 570 3147 qua
598 3074 831 3147 Trypho
863 3089 924 3129 se
954 3078 1115 3128 tanto
1166 3088 1405 3127 munere
1434 3071 1741 3142 indignum
1769 3073 1972 3127 cedere

316 3162 530 3221 solium
552 3163 603 3219 ei
626 3163 726 3236 qui
771 3162 944 3218 vellet
978 3161 1380 3233 proﬁtebatur.
1400 3161 1479 3215 Ea
1501 3160 1888 3231 resignatione
1912 3160 1969 3214 in

2094 584 2464 659 πατριάρχην,
2497 586 2586 639 καὶ
2617 583 2936 660 προσελθὼν
2970 579 3069 662 ἔφη
3103 584 3237 659 πρὸς
3268 583 3447 639 αὐτόν’
3485 608 3513 635 cc
3550 582 3745 653 Πολλή

2098 672 2216 744 μέν,
2249 674 2293 726 ὦ
2324 671 2580 747 δέσποτα,
2613 677 2647 743 ἡ
2680 675 2815 728 κατά
2864 678 2960 728 σοῦ
3008 680 3107 743 τῆς
3172 671 3447 749 βασιλείας
3510 672 3748 737 ἐπίθεσις

2093 761 2181 815 καὶ
2237 762 2495 825 αἰτιάσεις
2557 769 2709 833 ζητεῖ
2766 760 3063 836 δυναμένας
3129 784 3186 817 σε
3257 768 3592 818 κατασπάσαι
3646 767 3746 817 τοῦ

2096 851 2309 924 θρόνου,
2338 850 2523 907 πολλὰ
2590 850 2645 906 δέ
2706 854 2928 927 μοχθῶν
2982 851 3087 927 οὐχ
3139 851 3403 926 εὑρίσκει·
3464 857 3579 913 πῶς
3641 852 3745 928 γάρ

2095 937 2152 993 ἂν
2185 944 2281 994 τοῦ
2315 940 2560 996 ἀναιτίου
2594 941 2826 1003 αἶτίασις
2861 942 3054 1015 ἅψαιτο
3081 960 3093 1011 ;
3125 942 3218 996 Ἓν
3270 937 3326 994 δὲ
3375 940 3742 1016 προφέρουσιν

2093 1024 2263 1082 αἷίιιον
2323 1030 2373 1083 οἱ
2442 1028 2772 1084 σπουδασταὶ
2842 1037 2941 1099 τῆς
3017 1032 3113 1099 σῆς
3199 1030 3587 1106 καθαιρέσεως,¹
3636 1032 3747 1108 φά-

2094 1138 2311 1180 σκοντες
2392 1120 2467 1191 μὴ
2556 1119 2703 1181 ὅλως
2759 1116 2956 1174 εἰδέναι
3010 1140 3068 1173 σε
3143 1120 3456 1194 γράμματα.
3519 1119 3584 1173 Εἴ
3648 1119 3742 1174 οὖν

2092 1211 2252 1260 τοῦτο
2322 1206 2722 1283 ἀποτρέψασθαι
2816 1205 3215 1280 δυνηθείημεν,
3274 1206 3440 1272 λύκος
3521 1211 3745 1270 πάντως

2092 1296 2271 1369 χανὼν
2328 1298 2652 1374 φανήσονται
2712 1299 2764 1351 οἱ
2817 1297 2953 1352 κατά
3011 1301 3106 1352 σοῦ
3168 1296 3519 1371 μελετῶντες.
3567 1297 3643 1354 Εἴ
3690 1320 3746 1351 τι

2096 1382 2186 1438 οὖν
2252 1406 2346 1457 μοι
2405 1384 2584 1460 πείθῃ,
2643 1386 2731 1441 ἐπὶ
2789 1386 3056 1462 παρουσίᾳ
3110 1386 3286 1457 πάσης
3336 1393 3437 1456 τῆς
3510 1384 3746 1441 συνόδου

2091 1474 2302 1547 γράψας
2335 1474 2386 1529 ἐν
2415 1474 2645 1551 ἀγράφῳ
2674 1474 2890 1552 χαρτίῳ
2919 1477 2980 1530 τὸ
3025 1476 3115 1530 σὸν
3167 1472 3339 1548 ὄνομα
3379 1476 3465 1530 καὶ
3524 1477 3585 1530 τὸ
3639 1484 3748 1545 τῆς

2090 1562 2388 1637 ἱερωσύνης
2416 1563 2630 1636 ἀξίωμα
2662 1564 2877 1638 πέμψον
2908 1569 2986 1636 τῷ
3020 1563 3253 1639 βασιλεῖ,
3289 1565 3361 1625 ὡς
3409 1563 3471 1619 ἃν
3523 1564 3746 1639 πληρο-

2091 1654 2305 1726 φορηθῇ
2333 1654 2419 1706 καὶ
2454 1660 2553 1723 τῆς
2582 1654 2835 1722 τοιαύτης
2868 1650 3090 1714 ἐλπίδος
3134 1652 3369 1707 ἐκπεσὼν
3424 1653 3745 1729 ἀπόσχηται

2940 1739 3129 1812 Ἔδοξε
3174 1741 3465 1811 Λυσιτελὴς
3508 1745 3541 1812 ἡ
3594 1765 3742 1819 παρ-

2092 1829 2307 1889 αίνεσις.
2361 1829 2532 1893 Εὐθὺς
2581 1830 2672 1885 οὖν
2739 1831 3123 1906 συνηθροίζετο
3178 1828 3420 1901 σύνοδος,
3464 1833 3551 1887 καὶ
3614 1854 3745 1887 συν-

2089 1918 2489 1993 αθροισθείσης,
2519 1920 2653 1996 φησί
2711 1922 2846 1995 πρὸς
2896 1920 3063 1989 αύτήν
3120 1922 3146 1975 ὁ
3205 1924 3572 1997 πατριάρχης·
3609 1948 3637 1973 ι(
3677 1923 3746 1976 0":

2087 2010 2182 2059 τοῦ
2240 2007 2429 2081 θρόνου
2491 2029 2556 2079 με
2611 2015 2927 2083 καταγαγεῖν
3006 2008 3334 2084 βουλόμενοι
3406 2007 3631 2081 ἀδίκως,
3693 2011 3743 2063 ὧ

2087 1744 2183 1793 τοῦ
2230 1742 2365 1794 κατά
2418 1746 2511 1794 σοῦ
2565 1740 2813 1815 μελετᾷν.
2868 1768 2886 1792 n

2090 2099 2225 2158 θεῖοι
2274 2094 2713 2172 συλλειτουργοὶ,
2761 2096 2974 2159 πολλάς
3054 2098 3311 2172 μηχανάς
3384 2099 3741 2168 κεκινηκότες

2088 2182 2224 2237 ὥστε
2275 2181 2504 2259 εὔλογον
2557 2185 2727 2240 αἰτίαν
2792 2187 2967 2261 εὑρεῖν
3020 2186 3108 2240 καὶ
3168 2183 3238 2240 δι’
3290 2185 3458 2255 αὐτῆς
3518 2208 3585 2260 με
3655 2187 3740 2258 ἐξ-

2087 2272 2418 2346 οστρακίσαι⁹
2478 2272 2585 2349 οὐχ
2641 2275 2814 2350 εὗρον.
2875 2274 3191 2330 Τελευταίαν
3253 2273 3343 2330 οὖν
3422 2297 3514 2349 μοι
3570 2298 3743 2353 προσ-

2084 2360 2341 2415 άπτουσιν
2402 2360 2575 2416 αἰτίαν
2633 2362 2855 2433 ταύτηνο
2892 2364 3019 2440 φασί
3069 2384 3135 2437 με
3191 2363 3546 2438 ἀγράμματον
3576 2365 3737 2420 εἶναι·

2085 2453 2189 2502 Νῦν
2251 2448 2339 2503 οὖν
2401 2449 2483 2503 ἐπ’
2531 2447 2649 2525 ὄψει
2710 2451 2922 2505 πάντων
2986 2452 3136 2525 ὑμῶν
3170 2449 3297 2507 τάδε
3348 2454 3610 2527 χαράσσω
3670 2456 3744 2510 τὰ

2083 2537 2401 2612 γράμματα,
2441 2537 2514 2592 ’ἶν’
2567 2537 2769 2604 ἰδόντες
2815 2543 2905 2595 καὶ
2956 2541 3471 2619 πληροφορηθέντες
3528 2544 3585 2596 οἱ
3640 2565 3739 2599 συ-

2082 2627 2344 2703 κοφάνταε
2400 2628 2749 2703 ἀπόσχωνται
2809 2630 2904 2684 τοῦ
2962 2627 3166 2693 ἀδίκως
3225 2651 3317 2702 μοι
3371 2628 3650 2705 ἐνοχλεῖν.
3708 2658 3737 2684 υ

2084 2716 2234 2783 Eine,
2267 2716 2353 2769 καὶ
2389 2717 2599 2791 χάρτην
2630 2715 2868 2796 ἄγραφον
2920 2716 3163 2796 εἰληφὼς
3212 2717 3293 2773 ἐπ’
3340 2714 3457 2793 ὄψει
3507 2721 3733 2776 πάντων

2087 2803 2387 2879 ὑπέγραψεν
2446 2805 2635 2868 οὕτως.
2689 2809 2772 2878 [Ρ.
2823 2810 2949 2881 620]
3000 2832 3026 2859 ››
3096 2807 3327 2886 Τρύφων
3394 2806 3534 2881 ἐλέῳ
3594 2816 3736 2865 Θεοῦ

2084 2893 2516 2969 ἀρχιεπίσκοπος
2597 2894 3253 2969 Κωνσταντινουπόλεως,
3306 2898 3426 2958 νέας
3482 2898 3731 2969 Ῥώμης,

2081 2983 2167 3036 καὶ
2206 2982 2583 3055 οἷ’κουμενικὸς
2612 2986 2981 3060 πατριάρχης.
3019 3009 3047 3036 ››
3082 2985 3181 3041 Καὶ
3213 2987 3423 3061 γράψας
3457 2985 3732 3059 ἐκπέμπει

2083 3066 2172 3123 διὰ
2200 3074 2297 3123 τοῦ
2341 3070 2733 3147 πρωτοθρόνου
2774 3078 2853 3145 τῷ
2907 3071 3139 3148 βασιλεῖ.
3172 3076 3344 3148 ’Όπερ
3401 3071 3585 3129 λαϐὼν
3647 3075 3737 3130 ἐπὶ

2081 3163 2271 3233 χεῖρας
2331 3159 2511 3232 οὗτος,
2556 3162 2643 3215 καὶ
2705 3158 2943 3239 ἄγραφον
2998 3159 3178 3239 ἕτερον
3237 3162 3444 3239 χάρτην
3525 3162 3735 3229 ἄνωθεν

314 3253 562 3308 concilio
594 3232 818 3325 prolata
836 3232 1069 3323 Trypho
1099 3249 1347 3305 ecclesia
1366 3250 1515 3305 315
1543 3249 1833 3303 abductus
1857 3252 1954 3304 est.

2143 3247 2510 3326 ›οσανυφάνας,
2559 3232 2885 3323 παραίτησιν
2945 3232 3193 3327 ἔγραψεν,
3384 3251 3595 3322 ἀνάξιος
3659 3254 3732 3308 ὢν

314 3342 520 3398 multis
561 3340 849 3397 fallaciam
895 3338 1209 3411 deplorans
1253 3342 1311 3393 et
1357 3338 1663 3409 praesidem
1694 3336 1961 3409 culpane.

312 3432 449 3487 Post
478 3446 700 3485 annum
733 3432 790 3485 et
812 3444 1046 3484 menses
1069 3427 1329 3498 quinque
1350 3425 1817 3497 Theophylactus
1834 3426 1965 3496 (hoc

313 3520 469 3576 enim
502 3518 785 3591 temporis
832 3516 883 3573 ei
934 3516 1125 3572 adhuc
1174 3516 1247 3570 ad
1296 3514 1619 3587 legitimam
1678 3530 1962 3568 manuum

314 3607 751 3679 impositionem
809 3605 1091 3676 defuerat)
1138 3620 1339 3658 mense
1385 3602 1719 3671 Februario,
1770 3603 1962 3657 indic-

314 3699 472 3753 tione
500 3699 554 3767 2,
582 3694 917 3768 partiarcha
946 3698 1195 3749 creatur.

2079 3334 2340 3405 ἐξίσταται
2366 3342 2444 3409 τῷ
2478 3335 2801 3412 βουλομένῳ
2824 3343 2918 3394 τοῦ
2950 3341 3169 3415 θρόνου.
3208 3343 3315 3404 Τῆς
3366 3337 3422 3394 δὲ
3466 3340 3733 3413 τοιαύτης

2077 3427 2459 3500 παραιτήσεως
2507 3429 2974 3502 προκομισθείσης
3024 3428 3111 3483 ἐπὶ
3163 3427 3391 3483 συνόδου
3435 3430 3729 3507 κατάγεται

2074 3520 2175 3582 τῆς
2222 3512 2550 3584 Ἐκκλησίας
2608 3516 2635 3569 ὁ
2688 3516 2939 3593 Τρύφων,
2971 3515 3159 3571 πολλὰ
3190 3518 3288 3585 τήν
3340 3516 3541 3583 ἀπάτην
3599 3518 3734 3573 ὀλο-

2076 3601 2384 3678 φυρόμενος
2439 3603 2527 3657 καὶ
2576 3608 2654 3675 τῷ
2700 3606 3065 3680 πρωτοθρόνῳ
3113 3605 3582 3683 ἐπιμεμφόμενος.
3617 3609 3727 3666 Καὶ

2079 3691 2211 3763 μετὰ
2257 3690 2454 3766 χρόνον
2505 3689 2598 3746 ἕνα
2642 3692 2731 3747 καὶ
2782 3700 2955 3765 μῆνας
2996 3694 3155 3749 πέντε
3204 3697 3478 3768 (τοσοῦτον
3537 3698 3641 3771 γὰρ
3698 3700 3728 3753 ὁ

311 3791 411 3854 τῆς
468 3780 691 3854 ἡλικίας
742 3786 838 3837 τοῦ
888 3778 1263 3858 Θεοφυλάκτου
1322 3776 1484 3833 ἐνέδει
1542 3777 1742 3853 χρόνος
1799 3777 1935 3853 πρὸς
1983 3777 2302 3849 τελειότητα
2343 3780 2431 3833 καὶ
2490 3781 2826 3856 χειροθεσίαν
2862 3781 3291 3857 ἀρχιερωσύνης)
3338 3778 3728 3860 Φεϐρουαρίῳ,

309 3871 647 3934 ΐνδικτιῶνος
684 3872 748 3946 β’,
782 3874 1177 3945 χειροτονεῖται
1206 3869 1552 3943 πατριάρχης
1585 3866 1959 3944 Θεοφύλακτος
1991 3869 2019 3922 ὁ
2048 3872 2144 3921 τοῦ
2180 3867 2445 3941 βασιλέως
2480 3869 2618 3931 υἱός.

377 4000 498 4056 Sub
551 4000 707 4055 idem
763 4002 999 4070 tempus
1054 3995 1308 4052 Basilius
1360 3996 1599 4067 quidam
1631 3995 1865 4050 Macedo
1899 4011 1961 4050 se

300 4089 754 4146 Constantinum
778 4092 946 4143 Ducas
979 4086 1163 4141 filium
1196 4101 1325 4142 esse
1347 4087 1584 4156 jactans
1614 4083 1835 4140 multos
1858 4084 1957 4139 de-

300 4184 496 4249 ceptos
528 4178 641 4233 sibi
672 4176 927 4246 asciscit,
959 4181 1015 4231 et
1045 4175 1181 4231 hinc
1214 4175 1347 4230 inde
1381 4190 1601 4245 vagans
1652 4190 1752 4245 per
1782 4173 1956 4228 urbes

302 4267 595 4324 tumultus
628 4265 880 4322 concitat
909 4268 965 4320 et
994 4265 1065 4320 ad
1098 4263 1483 4319 defectionem
1535 4266 1747 4317 movet.
1781 4261 1952 4316 Com-

302 4356 656 4429 prehensum
688 4355 846 4410 hunc
868 4354 1107 4425 quidam
1131 4352 1553 4424 Elephantinus
1579 4354 1785 4405 turmae
1804 4367 1950 4422 prae-

301 4446 486 4500 fectus
543 4444 613 4499 ad
675 4444 1082 4514 imperatorem
1136 4440 1403 4512 perducit
1453 4456 1465 4495 :

300 4538 639 4590 truncatum
669 4549 847 4587 manu
872 4530 1136 4586 dimittit.
1165 4529 1453 4584 Dimissus
1472 4544 1678 4583 aream
1704 4544 1947 4582 manum

296 4623 604 4680 substituit
629 4622 924 4685 abscissae,
956 4620 1377 4691 ingentemque
1410 4618 1709 4673 accinctus
1744 4634 1943 4672 ensem

294 4712 596 4782 Opsicium
645 4713 937 4781 peragrat,
963 4706 1425 4779 simplicioribus
1465 4707 1827 4778 persuadens
1883 4722 1945 4761 se

291 4816 420 4857 esse
449 4799 901 4856 Constantinum
936 4799 1173 4852 Ducam.
1236 4795 1319 4850 Ita
1349 4810 1562 4865 magna
1594 4811 1768 4849 manu
1805 4811 1945 4850 con-

290 4893 479 4945 tracta
508 4888 890 4943 defectionem
924 4885 1100 4953 facit;
1147 4889 1205 4940 et
1251 4887 1532 4955 occupato
1583 4882 1820 4939 castello
1852 4883 1945 4937 cui

289 4978 474 5034 latum
523 4992 727 5031 saxum
778 4980 835 5029 et
878 4990 1113 5042 nomen,
1145 4990 1211 5028 eo
1243 4973 1435 5028 omnis
1466 4973 1696 5044 generis
1738 4988 1830 5027 res
1861 4989 1944 5027 re-

291 5066 477 5140 ponit,
509 5080 695 5135 eaque
736 5081 879 5119 usus
928 5080 1057 5120 arce
1105 5062 1369 5135 proxima
1428 5077 1671 5132 quaeque
1719 5062 1942 5132 depra-

291 5157 482 5211 datur.
527 5156 852 5225 Imperator
898 5153 1078 5208 misso
1130 5151 1381 5207 exercitu
1431 5151 1587 5204 hunc
1632 5167 1766 5205 cum
1815 5150 1940 5206 suis

289 5244 481 5314 capit;
516 5259 769 5313 cumque
800 5241 1246 5311 diligentissime
1267 5238 1617 5311 inquirendo
1640 5256 1711 5293 an
1737 5256 1938 5311 proce-

288 5350 417 5389 rum
452 5330 675 5402 aliquos
706 5331 980 5385 facinoris
1011 5330 1315 5385 habuisset
1353 5328 1619 5383 conscios
1666 5328 1809 5382 nihil
1839 5329 1936 5384 de-

288 5420 714 5493 prehendisset,
747 5420 805 5474 in
838 5419 1209 5474 Amastriano
1260 5433 1393 5472 eum
1444 5424 1682 5485 cremat,
1728 5421 1933 5472 Roma-

2143 3989 2428 4056 Βασίλειος
2467 3990 2524 4047 δέ
2570 4014 2654 4055 τις
2702 3992 2991 4064 Μακεδὼν,
3025 4001 3429 4050 Κωνσταντῖνον
3475 3997 3569 4052 τὸν
3625 4004 3730 4053 τοῦ

2071 4079 2245 4134 Δούκα
2331 4080 2516 4135 ἑαυτὸν
2605 4082 2965 4160 ἐπιφημίσας,
3043 4081 3292 4146 πολλοὺς
3382 4085 3726 4157 ἐξαπατήσας

2065 4168 2200 4244 πρὸς
2253 4167 2438 4224 ἐαυτὸν
2495 4171 2850 4244 ἐπεσπάσατο,
2892 4173 2979 4227 καὶ
3041 4177 3349 4248 περιπατῶν
3406 4172 3569 4229 έκύκα
3626 4177 3724 4231 καὶ

2065 4258 2412 4333 συνετάραττε
2441 4260 2534 4323 τὰς
2564 4259 2753 4323 πόλεις
2806 4261 2893 4316 καὶ
2948 4261 3085 4337 πρὸς
3139 4261 3467 4317 ἀποστασίαν
3525 4263 3720 4320 ἐκίνει·

2064 4346 2344 4422 συσχεθείς
2406 4346 2463 4403 δὲ
2519 4351 2664 4423 παρά
2711 4371 2858 4412 τινος
2913 4350 3271 4427 τουρμάρχου
3332 4351 3721 4430 Ἐλεφαντίνου

1514 4439 1564 4494 is
1605 4454 1735 4493 eum
1768 4438 1951 4493 altera

2143 4460 2157 4491 ν
2215 4439 2607 4515 προσηγορίαν,
2638 4440 2729 4494 καὶ
2786 4442 2861 4502 ὡς
2925 4438 3152 4516 βασιλέα
3182 4441 3370 4517 ἀχθεὶς
3428 4449 3528 4511 τῆς
3588 4449 3723 4516 μιᾶς

2060 4525 2447 4601 ἀλλοτριοῦται
2498 4529 2706 4603 χειρός.
2740 4530 2870 4584 Εἶτα
2929 4528 3113 4599 πάλιν,
3170 4532 3245 4592 ὡς
3297 4530 3515 4608 ἀφείθη,
3547 4538 3721 4606 χεῖρα

2058 4613 2274 4689 χαλκῆν
2334 4616 2507 4689 ἐαυτῷ
2582 4618 2817 4690 περιθεὶς
2905 4619 2995 4673 καὶ
3072 4617 3281 4688 σπάθην
3363 4620 3715 4695 ὑπερμεγέθη

2060 4706 2458 4767 κατασκευάσας
2514 4706 2843 4780 περιενόστει
2921 4707 2983 4761 τὸ
3042 4706 3313 4781 Ὀψίκιον,
3370 4708 3497 4769 τοὺς
3578 4709 3717 4788 ἀφε-

2063 4792 2348 4869 λεστέρους
2403 4792 2624 4850 πλανῶν
2684 4796 2759 4857 ὡς
2820 4795 2979 4857 αὐτὸς
3051 4794 3133 4866 ε’ίη
3213 4799 3622 4860 Κωνσταντῖνος
3683 4802 3713 4855 ὁ

2053 4885 2148 4934 τοῦ
2209 4881 2403 4938 Δούκα.
2454 4883 2708 4957 Μεγάλην
2782 4882 2874 4938 οὗν
2943 4888 3107 4959 χεῖρα
3164 4886 3514 4961 συναθροίσας
3565 4886 3711 4942 ἀπο-

2053 4969 2267 5025 στασίαν
2326 4978 2483 5029 κινεῖ,
2514 4973 2618 5028 Καὶ
2675 4974 2737 5027 τὸ
2783 4972 3041 5051 φρούριον
3074 4975 3365 5048 κατασχὼν
3398 4976 3426 5029 ὃ
3460 4974 3710 5032 Πλατεῖα

2050 5059 2219 5133 πέτρα
2249 5061 2696 5135 κατονομάζεται,
2747 5066 2850 5116 πᾶν
2908 5060 3046 5123 εἶδος
3105 5062 3158 5116 ἐν
3198 5063 3380 5135 τούτῳ
3445 5062 3705 5136 ἀπέθετο,

2051 5149 2142 5223 ἀφ’
2196 5149 2362 5225 οὗπερ
2425 5150 2803 5226 ἐξορμώμενος
2856 5149 3140 5221 ἐλεηλάτει
3200 5152 3267 5206 τὰ
3314 5155 3709 5227 παρατυχόντα

2048 5237 2137 5290 καὶ
2200 5236 2469 5307 ἐληίζετο.
2506 5239 2728 5311 Πέμψας
2786 5238 2873 5293 οὖν
2935 5240 2962 5294 ὁ
3020 5238 3275 5314 βασιλεὺς
3306 5241 3529 5315 στρατὸν
3583 5252 3707 5299 κατ’

2046 5326 2211 5380 αὐτοῦ
2272 5326 2429 5381 αὐτόν
2482 5348 2539 5381 τε
2589 5323 2965 5400 συλλαμϐάνει
3022 5328 3110 5382 καὶ
3168 5329 3294 5390 τοὺς
3364 5328 3453 5382 σὺν
3526 5330 3702 5404 αὐτῷ.

2046 5416 2143 5468 Καὶ
2175 5412 2362 5469 πολλά
2406 5414 2690 5490 ἀνακρίνας
2729 5422 2915 5487 μαθεῖν
2981 5419 3054 5489 μή
3109 5438 3254 5479 τινες
3314 5417 3415 5473 εἶεν
3470 5423 3578 5472 τῶν
3647 5422 3699 5476 ἐν

288 5528 399 5566 nus
456 5526 626 5582 porro
685 5509 803 5564 filio
862 5525 969 5564 suo
1027 5506 1321 5578 Stephano
1397 5524 1634 5562 uxorem
1694 5506 1936 5562 collocat

2145 5524 2190 5557 ει
2250 5503 2585 5575 συνίστομες,
2644 5503 2954 5561 τελευταῖον
3033 5504 3202 5579 μηδὶν
3262 5506 3468 5580 καίριον
3527 5529 3695 5565 κατα-

283 5602 509 5655 Annam
542 5598 769 5654 Gabalis
799 5598 1003 5663 ﬁliam,
1023 5594 1319 5665 simulque
1349 5612 1483 5651 eum
1505 5600 1660 5652 serto
1683 5595 1930 5669 nuptiali

283 5689 555 5757 Augustas
594 5702 869 5741 coronam
902 5684 953 5739 ei
986 5683 1252 5753 imponit.

2045 5587 2251 5665 λαϐὼν,
2307 5590 2356 5646 ἐν
2438 5598 2517 5665 τῷ
2601 5596 2882 5669 λεγομένῳ
2932 5596 3308 5671 Ἀμαστριανῷ
3384 5596 3513 5670 πυρὶ
3602 5600 3697 5656 τὸν

2040 5685 2285 5737 τοιοῦτον
2346 5680 2735 5757 παραδίδωσιν.
2770 5690 2989 5758 ’Ἄγεται
3050 5683 3105 5740 δὲ
3155 5686 3244 5740 καὶ
3274 5690 3500 5761 γυναῖκα
3554 5694 3693 5745 Στε-
