3966 6134
290 308 371 367 49
1432 314 1805 375 HISTORIA
1818 313 1985 375 RUM
2032 311 2582 373 COMPENDIUM.
3636 304 3716 365 50

296 434 452 512 φάνῳ
502 439 617 511 (81)
671 442 752 510 τῷ
808 442 912 512 υἱῷ
968 442 995 495 6
1058 441 1313 516 βασιλεὺς
1362 444 1640 516 Ῥωμανὸς
1696 446 1892 499 ’Ἄνναν
1950 443 2050 511 τήν
2103 440 2363 517 θυγατέρα
2416 444 2512 495 τοῦ
2570 433 2790 494 Γαϐαλᾶ
2825 458 2837 471 ·
2899 434 3011 509 ἅμα
3067 434 3124 491 δὲ
3176 439 3254 508 τῷ
3304 439 3558 513 νυμφικῷ
3604 456 3721 491 στε-

299 528 457 603 φάνῳ
486 528 577 581 καὶ
606 528 669 582 τὸ
695 536 796 598 τῆς
831 529 1104 603 βασιλείας
1139 529 1382 605 διάδημα
1410 532 1550 607 αὐτῇ
1582 532 1876 590 ἐπετίθετο.

374 652 621 727 Ἐγένετο
656 650 711 707 δῖε
741 653 829 708 καὶ
874 650 1141 725 εἱσϐολὴὴ
1189 656 1446 733 Τούρκων
1480 660 1615 712 κατὰ
1645 658 1928 731 Ῥωμαίων

2147 660 2300 713 316
2333 659 2529 713 Mense
2584 655 2789 727 Aprili,
2851 652 3170 709 indictione
3224 653 3278 718 7,
3338 649 3511 705 Turci
3569 651 3723 705 facta

298 740 627 814 Ἀπριλλίῳ
686 742 841 816 μηνί,
919 742 1255 810 ίνδικτιῶνος
1340 752 1399 816 ζ,
1468 748 1559 801 καὶ
1619 744 1958 818 κατέδραμον

299 835 481 884 πᾶσαν
540 832 639 899 τήν
706 829 855 887 δύσιν
943 834 1101 910 μέχρι
1172 842 1271 905 τῆς
1348 835 1588 898 πόλεως.
1646 833 1953 907 Ἀπεστάλη

294 922 428 993 γοῦν
487 920 514 973 6
584 921 868 995 πατρίκιος
953 927 1232 1001 Θεοφάνης
1284 925 1373 979 καὶ
1430 920 1953 999 πρωτοϐεστιάριος,

294 1008 388 1061 καὶ
452 1007 717 1085 ἀλλάγιον
775 1013 892 1084 μετ’
946 1012 1124 1068 αὐτῶν
1176 1013 1492 1084 ἐποιήσατο,
1558 1011 1791 1088 μηδενὸς
1826 1017 1956 1087 κρή-

304 1118 479 1169 ματος
514 1100 839 1176 φεισαμένου
885 1105 983 1156 τοῦ
1028 1102 1295 1177 βασιλέως
1348 1104 1425 1167 εἷς
1479 1104 1577 1173 τὴν
1638 1108 1743 1158 τῶν
1778 1103 1956 1179 αἶ’χμ-

282 1183 523 1241 αλώτων
557 1188 860 1264 ἀνάρρυσιν.
910 1192 1262 1269 Ἑνυμιρεύθη
1329 1190 1387 1247 δὲ
1440 1192 1528 1247 καὶ
1574 1192 1958 1265 Κωνσταντίνῳ

289 1279 380 1347 τῷ
416 1274 600 1349 λοιπῷ
635 1278 738 1350 υἱῷ
782 1277 878 1333 τοὺ
940 1279 1209 1355 βασιλέως
1256 1281 1392 1357 κόρη
1424 1304 1506 1344 τις
1542 1281 1733 1352 Ἑλένη
1766 1279 1953 1336 τοῦνο-

298 1385 403 1437 μα,
458 1364 517 1420 ἐκ
572 1365 762 1442 γένους
821 1372 928 1423 τῶν
980 1371 1349 1445 Ἀρμενιακῶν
1409 1366 1642 1426 ἕλκουσα
1696 1374 1794 1442 τὴν
1854 1392 1960 1426 σει-

303 1453 430 1528 ρᾶν,
474 1455 716 1530 θυγάτηρ
768 1454 1059 1531 ’Δδριανοῦ
1108 1462 1420 1530 πατρικίου.
1454 1463 1553 1522 Ἥς
1600 1461 1732 1533 μετὰ
1767 1462 1956 1534 μικρὸν

290 1542 684 1614 ἀποθανουσης
738 1549 1123 1623 προσήρμοσεν
1200 1548 1346 1621 αὐτῷ
1425 1550 1630 1625 ἑτέραν,
1703 1553 1961 1628 Θεοφανὼ

284 1628 567 1706 τοῦνομα,
618 1634 677 1689 ἐκ
761 1636 951 1711 γένους
1022 1638 1401 1713 καταγομένην
1472 1644 1567 1693 τοῦ
1646 1639 1960 1712 Μάμαντος.

297 1723 515 1796 Δεκάτῃ
574 1720 630 1777 δὲ
704 1724 791 1779 σαὶ
853 1734 1082 1801 τετάρτῃ
1155 1724 1476 1795 ἷνδικτιῶνι,
1536 1726 1744 1799 Ἰουνίῳ
1808 1727 1960 1800 μηνὶ,

302 1810 593 1875 ἐπέλευσις
678 1815 813 1869 κατά
915 1822 1015 1885 τῆς
1091 1816 1310 1879 πόλεως
1370 1816 1616 1893 ,ἐγένετο
1702 1819 1964 1871 Ῥωσικοῦ

305 1898 515 1954 στόλου
570 1902 777 1958 πλοίῶν
836 1901 1110 1979 χιλιάδων
1178 1903 1323 1960 δέκα.
1383 1906 1639 1977 Ἐξῆλθεν
1699 1904 1789 1962 οὖν
1848 1907 1964 1960 κατ’

309 1988 496 2044 αὐτῶν
544 1991 571 2045 ὁ
647 1992 932 2067 πατρίκιος
980 1995 1067 2048 καὶ
1140 1990 1635 2070 πρωτοϐεστιάριος
1693 1996 1964 2073 Θεοφάνης

314 2080 456 2152 μετὰ
510 2086 607 2136 τοῦ
666 2054 885 2153 στόιλου,
921 2084 1001 2158 [Ρ.
1061 2054 1192 2157 63Ο]¹
1246 2085 1342 2139 κάν
1389 2090 1468 2157 τῷ
1512 2054 1664 2159 ίΙερθξ)
1710 2054 1961 2160 πρέσωρξ
1996 2054 2044 2118 Β

310 2168 540 2239 μίσατο,
591 2168 808 2225 ἐκείνων
869 2171 919 2225 ἐν
982 2176 1060 2243 τῷ
1119 2175 1288 2249 Φάρῳ
1337 2173 1426 2228 καὶ
1487 2173 1537 2228 ἐν
1590 2179 1667 2245 τῷ
1720 2173 1965 2228 ἐπέκεινα

306 2257 554 2329 αἰγιαλῷ
599 2257 1045 2334 ναυλοχούντων.
1098 2264 1555 2337 Καιροσκοπήσας
1608 2260 1697 2317 οὖν
1766 2262 1961 2336 ἀθρόον

307 2345 535 2409 τούτοις
558 2346 798 2421 ἆπέθετο,
843 2349 932 2404 καὶ
982 2351 1081 2419 τήν
1130 2372 1188 2405 τε
1236 2351 1479 2424 σύνταξιν
1533 2351 1706 2407 αὐτῶν
1755 2349 1967 2407 διέλυσε

306 2435 407 2488 καὶ
466 2435 654 2492 πολλὰ
700 2442 808 2491 τῶν
882 2437 1093 2494 πλοίων
1138 2445 1217 2512 τῷ
1274 2445 1550 2513 σκευαστῷ
1596 2442 1723 2517 πυρὶ
1780 2441 1967 2495 ἀπετέ-

307 2543 522 2600 φρωσε,
552 2526 619 2579 τὰ
649 2522 705 2580 δὲ
733 2524 935 2589 τελέως
985 2526 1266 2603 ἐτρέψατο.
1322 2531 1390 2586 Οἱ
1443 2529 1878 2604 περιλειφθέντες
1911 2528 1967 2583 δὲ

307 2617 425 2667 τῶν
486 2613 620 2676 Ῥὼς
678 2616 1023 2691 περαιοῦνται
1075 2616 1151 2680 εἷς
1206 2618 1304 2687 τὴν
1338 2616 1641 2688 Ἀνατολήν
1698 2620 1787 2673 καὶ
1834 2619 1969 2673 κατὰ

310 2702 384 2754 τὰ
443 2699 710 2775 λεγόμενα
770 2704 954 2778 Σγόρα
1002 2709 1385 2781 προσίσχουσι.
1440 2705 1650 2780 Βάρδας
1689 2705 1746 2761 δὲ
1774 2708 1967 2781 πατρί-

313 2811 462 2862 κιος,
494 2791 522 2845 6
555 2795 651 2847 τοῦ
692 2798 861 2847 Φωκᾶ
909 2794 1044 2862 υίὸς,
1095 2794 1223 2857 τοὺς
1286 2794 1569 2870 αἷγιαλοῦς
1608 2796 1964 2871 παρατρέχων

317 2881 441 2953 μεθ’
518 2879 727 2936 ἱππέων
808 2882 897 2937 καὶ
986 2882 1246 2958 ἐκκρίτων
1322 2882 1555 2960 ἀνδρῶν,
1640 2885 1967 2961 συντάγματι

313 2967 529 3023 τούτων
586 2970 756 3041 ἰκανῷ
812 2972 948 3046 πρὸς
1010 2970 1287 3047 συλλογὴν
1348 2971 1706 3049 ἐκπεμφθέντι
1760 2981 1966 3050 τροφῆς

316 3059 658 3129 συναντήσας
724 3057 984 3135 ἐτρέψατο
1045 3060 1133 3114 καὶ
1212 3063 1551 3137 κατέσφαξεν.
1626 3060 1801 3119 Ἀλλὰ
1861 3063 1965 3135 μὴν

313 3146 412 3202 καὶ
470 3147 496 3201 6
560 3144 878 3222 δομέστικος
933 3150 1040 3203 τῶν
1102 3149 1319 3225 σ’χολῶν
1381 3152 1408 3205 6
1467 3151 1797 3225 Κουρκούας,
1848 3151 1968 3221 ὀξὺς

318 3236 598 3313 ἐπιφανεὶς
682 3237 819 3309 μετά
901 3242 1007 3292 τῶν
1096 3238 1407 3313 ταγμάτων,
1486 3240 1575 3293 καὶ
1658 3238 1970 3302 ἀποσπάδας

316 3325 551 3387 τούτους
607 3325 863 3401 εόρίσκων
941 3325 1073 3401 τῇδε
1134 3328 1350 3382 κάκεῖσε
1412 3327 1829 3402 πλανωμένους,
1881 3351 1970 3383 κα-

2069 747 2455 818 impressione
2504 747 2747 803 occidua
2795 744 2993 800 omnia
3045 758 3234 813 usque
3267 741 3337 795 ad
3381 740 3583 795 urbem
3614 756 3723 811 po-

2068 836 2366 908 pulantur.
2413 837 2627 892 Missus
2692 832 2975 906 patricius
3027 830 3417 902 Theophanes
3448 833 3715 900 protove-

2066 926 2309 981 stiarius
2341 942 2474 980 cum
2524 925 2598 979 iis
2649 938 2848 995 pacem
2880 920 3199 993 componit,
3232 920 3495 975 Romano
3527 923 3591 973 ut
3620 934 3715 972 ca-

2067 1016 2258 1086 ptivos
2292 1014 2573 1087 reciperet
2595 1011 2742 1069 nulli
2768 1011 2850 1067 rei
2882 1015 3176 1083 parcente.
3199 1008 3457 1080 Nuptum
3483 1023 3717 1079 quoque

2066 1103 2448 1161 Constantino
2471 1102 2639 1158 tertio
2656 1101 2903 1157 Romani
2926 1099 3044 1155 lilio
3065 1100 3239 1154 datur
3260 1096 3455 1169 puella
3476 1095 3712 1163 Helena,

2067 1196 2309 1250 Adriani
2361 1194 2587 1266 patricii
2642 1194 2784 1260 filia,
2835 1191 3039 1263 stirpis
3085 1190 3460 1246 Armeniaca.
3497 1190 3566 1244 Et
3611 1188 3717 1243 hac

2069 1283 2241 1357 paulo
2294 1288 2424 1355 post
2466 1287 2716 1351 mortua,
2749 1281 3105 1353 Theophano
3136 1296 3170 1335 a
3210 1279 3503 1335 Mamante
3532 1293 3719 1349 genus

2069 1376 2295 1429 ducens
2352 1374 2403 1429 ei
2481 1372 2854 1429 matrimonio
2911 1370 3195 1443 jungitur.
3249 1370 3315 1424 14
3373 1367 3714 1432 Indictione,

2068 1464 2247 1518 Junio
2311 1473 2531 1529 mense,
2595 1462 2835 1516 Rossica
2884 1460 3093 1515 classis
3139 1457 3369 1514 hostilis
3412 1457 3482 1512 ad
3516 1457 3720 1510 urbem

2071 1551 2331 1625 appullit
2362 1552 2612 1607 navibus
2644 1554 2922 1605 constans
2965 1547 3157 1602 10000.
3192 1550 3401 1602 Contra
3429 1561 3556 1601 eam
3591 1562 3722 1615 pro-

2072 1644 2264 1697 fectus
2298 1658 2428 1696 cum
2483 1640 2668 1695 classe
2702 1638 3086 1710 TheOphanes
3132 1636 3412 1708 patricius
3457 1637 3723 1706 protove-

2072 1731 2309 1787 stiarius
2359 1732 2428 1787 ad
2486 1730 2720 1785 l’lierum
2771 1727 3033 1801 appellit.
3075 1726 3335 1782 hostium
3368 1724 3618 1780 navibus
3650 1724 3722 1777 ad

2072 1821 2326 1876 Pharum
2360 1820 2530 1891 eique
2561 1818 2817 1874 vicinum
2861 1817 3028 1873 littus
3059 1815 3381 1871 subductis.
3434 1813 3722 1885 Opportu-

2073 1927 2215 1965 num
2269 1913 2469 1964 autem
2519 1912 2754 1978 tempus
2798 1904 3134 1978 speculatus
3180 1902 3480 1959 confertim
3533 1902 3591 1956 in
3623 1917 3723 1956 eos

2073 1998 2279 2067 irruit;
2310 1998 2736 2067 ordinibusque
2767 1995 3067 2066 dissipatis
3117 1991 3335 2048 multas
3375 2007 3549 2046 naves
3580 1991 3722 2044 arti—

2074 2089 2271 2143 ﬁcioso
2304 2088 2436 2159 igne
2468 2086 2782 2150 comburit,
2816 2082 3072 2156 reliquas
3104 2082 3390 2154 proﬂigat.
3426 2079 3595 2136 Rossi
3622 2097 3721 2135 su-

2075 2178 2348 2251 perstites
2378 2177 2437 2231 in
2471 2178 2763 2231 Orientem
2810 2173 3127 2244 trajiciunt.
3164 2172 3248 2227 lbi
3294 2170 3512 2227 Bardas
3544 2170 3725 2241 patri-

2074 2268 2200 2323 cius
2231 2267 2433 2322 Phocae
2476 2266 2634 2321 ﬁlius
2681 2280 2815 2320 cum
2866 2263 3125 2333 equitatu
3156 2266 3214 2316 et
3242 2260 3485 2315 delectis
3518 2258 3715 2313 militi—

2075 2357 2185 2412 bus
2217 2356 2379 2411 littus
2413 2371 2740 2427 pervagans
2770 2353 2829 2408 in
2861 2352 3158 2407 cohortem
3190 2365 3392 2405 eorum
3426 2348 3570 2403 satis
3613 2365 3726 2401 nu—

2079 2461 2369 2500 merosam
2401 2444 2471 2498 ad
2506 2442 2783 2497 alimenta
2814 2439 3142 2512 colligenda
3174 2437 3451 2493 emissam
3501 2435 3727 2500 incidit,

2077 2550 2325 2605 eamque
2356 2532 2549 2588 fundit
2569 2536 2626 2586 et
2656 2529 2927 2585 trucidat.
2952 2526 3318 2584 Domesticus
3347 2526 3524 2581 etiam
3558 2523 3729 2579 scho-

2078 2622 2267 2677 larum
2290 2623 2549 2677 Curcuas
2573 2620 2838 2675 celeriter
2858 2634 2988 2673 cum
3015 2616 3139 2672 suis
3161 2615 3500 2671 cohortibus
3523 2628 3724 2684 super-

2078 2713 2237 2767 venit
2266 2711 2489 2781 Rossis,
2515 2709 2869 2778 avulsosque
2902 2724 2934 2762 a
2965 2722 3026 2761 se
3061 2704 3308 2759 invicem
3339 2707 3397 2758 et
3427 2702 3565 2757 hinc
3595 2700 3733 2755 inde

2077 2807 2358 2873 vagantes
2410 2800 2561 2855 male
2606 2797 2841 2853 multat.
2875 2796 3046 2851 Omni
3078 2795 3226 2850 317
3264 2791 3547 2864 tragcedia
3578 2796 3729 2845 atro-

2079 2892 2233 2946 ciora
2265 2894 2404 2945 sunt
2453 2906 2579 2961 quae
2626 2886 2819 2953 Rossi,
2861 2890 3177 2955 antequam
3225 2883 3384 2937 fuere
3424 2878 3727 2947 debellati,

2080 2982 2560 3053 perpetraverunt
2608 2976 2850 3049 ﬂagitia.
2902 2974 3126 3029 Etenim
3172 2971 3534 3042 captivorum
3584 2967 3731 3022 alios

2080 3071 2138 3124 in
2171 3085 2373 3124 cruces
2405 3070 2668 3139 egerunt,
2703 3064 2849 3120 alios
2878 3068 3047 3118 terra:
3087 3060 3416 3126 afﬁxerunt,
3449 3056 3595 3112 alios
3628 3072 3731 3126 pro

2081 3175 2256 3230 scopo
2315 3156 2671 3212 constituere
2729 3154 2907 3224 inque
2964 3167 3064 3206 eos
3094 3149 3342 3220 sagittas
3373 3145 3729 3201 direxerant.

2081 3248 2424 3316 Quicunque
2481 3244 2845 3315 captivorum
2907 3237 3233 3296 sacerdotio
3287 3233 3515 3307 praediti
3542 3238 3730 3301 erant,

2080 3352 2280 3390 eorum
2314 3333 2503 3404 capita
2532 3333 2721 3388 acutis
2743 3329 2925 3385 clavis
2951 3324 3533 3400 perforarunt,multa
3555 3321 3731 3377 etiam

317 3420 438 3477 κῶς
488 3412 727 3478 διετίθει.
782 3417 852 3469 "A
884 3412 941 3469 δὲ
999 3417 1146 3471 οὗτοι
1206 3412 1461 3493 ἕνδρασαν
1513 3418 1652 3473 κακᾶ
1708 3420 1813 3493 πρὸ
1872 3440 1928 3473 το

2082 3424 2299 3495 templa
2338 3422 2745 3478 incenderunt.
2778 3419 2993 3473 Verum
3041 3416 3139 3471 ubi
3172 3413 3367 3485 pralio
3400 3410 3612 3475 navali,
3647 3409 3735 3464 uti

317 3502 871 3577 καταπολεμηθῆναι,
925 3508 1094 3558 πᾶσαν
1170 3506 1553 3580 ὑπερεκπίπτει
1613 3505 1917 3583 τραγῳδίαν
1954 3524 1966 3537 ·

316 3592 454 3653 τοὺς
512 3594 605 3665 μὲν
658 3592 760 3667 γὰρ
817 3596 923 3646 τῶν
969 3592 1342 3667 ἁλισκομένων
1407 3595 1786 3670 ἀνεσταύρουν,
1843 3595 1970 3657 τοὺς

321 3681 389 3736 δὲ
414 3685 485 3753 τῇ
538 3684 611 3755 γῇ
658 3680 1187 3753 προσεπαττάλευον,
1231 3682 1359 3745 τοὺς
1410 3680 1465 3738 δὲ
1521 3685 1700 3757 ὥσπερ
1734 3684 1969 3745 σκοποὺς

320 3771 582 3831 ἱστῶντες
643 3768 821 3845 βέλεσι
872 3770 1235 3843 κατετόξευον,
1269 3773 1428 3828 Ὅσοι
1478 3770 1534 3827 δὲ
1572 3778 1678 3827 τῶν
1729 3773 1969 3827 ἁλόντων

320 3857 629 3932 ἱερῶσύνης
670 3859 924 3929 ἠξίωντο,
976 3858 1179 3914 νούτων
1238 3858 1398 3930 ἥλοις
1454 3861 1594 3931 ὀξέσι
1628 3859 1967 3934 διεπερόνουν

315 3950 423 4010 τὰς
499 3947 755 4026 κεφαλάς.
833 3948 947 4006 Οὐκ
1022 3949 1241 4025 ὀλίγους
1316 3948 1371 4005 δὲ
1444 3950 1532 4005 καὶ
1583 3951 1755 4014 θείους
1810 3951 1972 4013 ναοὺς

319 4037 740 4112 ἆπυρπόλησαν.
786 4036 963 4094 Ἀλλὰ
990 4043 1155 4093 ταῦτα
1216 4040 1309 4112 μὲν
1360 4040 1625 4115 πρότερον
1664 4061 1675 4074 ·
1722 4039 1836 4095 ἐπεὶ
1890 4038 1969 4111 δὲ,

319 4130 406 4189 ὡς
455 4124 654 4182 ἄνωθεν
709 4125 923 4203 ἐῤῥέθη,
984 4129 1563 4204 καταναυμαχηθέντες
1599 4130 1685 4184 καὶ
1721 4128 1809 4184 διὰ
1864 4138 1970 4205 γῆς

321 4216 439 4292 οὐχ
510 4214 705 4286 ἤκιστα
762 4217 1120 4287 κακωθέντες,
1200 4216 1545 4280 συσταλέντες
1620 4218 1861 4291 ἠρέμουν
1920 4218 1972 4273 έν

319 4312 445 4368 τοῖς
497 4306 773 4383 σφετέροις
830 4304 1070 4374 πλοίοις,
1130 4307 1216 4361 καὶ
1265 4304 1371 4376 ἤδη
1416 4307 1599 4370 αὐτοῖς
1632 4307 1972 4363 ἐπιλελοίπει

318 4397 393 4451 τὰ
453 4392 753 4465 ἆπιτήδεια,
810 4390 1168 4450 ἰϐσυλεύοντο
1232 4397 1326 4469 μὲν
1386 4397 1461 4458 εἰς
1511 4400 1579 4451 τὰ
1626 4394 1737 4452 ξ’δια
1783 4398 1973 4452 ὑπονο-

322 4490 544 4553 στῆσαι,
608 4481 874 4538 ἐδεδίεσαν
933 4481 990 4539 δὲ
1058 4484 1149 4538 τὸν
1221 4486 1415 4541 στύλον
1477 4492 1972 4562 παραγειτονοῦντα

320 4572 419 4629 καὶ
494 4573 584 4627 τὸν
646 4572 928 4628 ἀπόπλουν
998 4570 1358 4646 φυλάττοντα.
1430 4576 1624 4651 Καιρὸν
1699 4574 1745 4630 δ’
1817 4572 1969 4650 ὅμως

320 4664 662 4737 τηρήσαντες
709 4660 797 4716 καὶ
856 4661 1108 4735 σύνθημα
1164 4658 1345 4723 δόντες
1404 4665 1491 4719 καὶ
1544 4665 1609 4719 τὰ
1655 4668 1973 4740 πρυμνήσια

2083 3514 2413 3579 docuimus,
2460 3511 2595 3566 victi
2646 3515 2701 3566 et
2755 3508 2911 3564 haud
2964 3506 3157 3579 parvis
3186 3502 3453 3559 cladibus
3486 3500 3544 3554 in
3578 3504 3736 3554 terra

2082 3602 2271 3659 allecti
2323 3603 2577 3669 fuerunt,
2624 3599 2778 3654 intra
2828 3614 2967 3652 suas
3018 3611 3081 3650 se
3134 3609 3308 3649 naves
3340 3589 3612 3646 abdidere
3642 3594 3730 3643 at-

2082 3710 2191 3765 que
2221 3692 2301 3746 ibi
2340 3691 2703 3747 continuere.
2756 3687 2973 3742 Deinde
3021 3682 3320 3739 alimentis
3374 3678 3728 3749 absumptis,

2081 3798 2211 3836 cum
2249 3782 2488 3835 domum
2522 3778 2735 3833 vellent
2765 3775 2952 3831 redire
2983 3779 3041 3829 et
3062 3772 3174 3829 sibi
3197 3789 3229 3826 a
3250 3775 3513 3826 Romana
3541 3765 3731 3821 classe

2082 3874 2428 3935 metuerent,
2463 3885 2589 3937 quae
2619 3866 2778 3936 ipsos
2809 3865 2868 3919 in
2902 3863 3117 3918 vicinia
3159 3859 3522 3923 observabat,
3557 3860 3729 3926 capta

2081 3958 2517 4031 opportunitate
2550 3956 2836 4026 signoque
2867 3954 3003 4008 dato
3035 3949 3353 4007 solverunt.
3408 3946 3607 4016 Neque
3636 3949 3724 3997 ta-

2081 4064 2214 4103 men
2236 4046 2647 4117 Theophanem
2674 4042 3001 4098 fel‘ellcrunt
3026 4058 3040 4109 ;
3074 4040 3174 4095 sed
3197 4038 3247 4094 is
3268 4035 3497 4108 cognito
3520 4050 3723 4090 eorum

2081 4137 2344 4193 discessu
2377 4134 2576 4190 statim
2609 4134 2917 4189 adversum
2950 4146 3011 4184 se
3041 4128 3125 4183 eis
3155 4125 3436 4182 tulit.[loc
3468 4123 3728 4180 secundo

2081 4224 2271 4281 navali
2302 4222 2499 4296 praalio
2532 4237 2767 4277 rursum
2793 4219 2963 4275 Rossi
2988 4217 3295 4272 victisunt
3313 4215 3527 4270 Eorum
3552 4226 3729 4265 naves

2081 4313 2206 4371 aliae
2265 4314 2562 4382 demersae,
2622 4310 2746 4366 alias
2802 4311 2951 4364 ferro
3009 4311 3065 4362 et
3112 4304 3233 4377 igni
3310 4301 3727 4376 pessumdata,

2081 4404 2349 4475 quaedam
2390 4418 2521 4456 cum
2555 4401 2700 4472 ipsis
2730 4397 3057 4455 vectoribus
3100 4397 3159 4450 in
3199 4394 3591 4449 Romanorum
3631 4405 3730 4460 po-

2085 4496 2356 4547 testatem
2384 4493 2669 4545 veneiunt
2691 4504 2703 4542 :
2727 4502 3025 4558 perpaucae
3044 4501 3074 4540 e
3106 4482 3256 4539 bello
3287 4480 3459 4537 salvaa
3486 4480 3730 4534 domum

2080 4580 2401 4636 redierunt.
2435 4580 2520 4635 0b
2552 4578 2659 4633 has
2690 4576 2964 4633 victorias
2995 4575 3318 4645 imperator
3349 4567 3732 4641 protovestia-

2080 4669 2233 4725 rium
2267 4669 2520 4740 probans
2557 4668 2902 4739 primarium
2938 4660 3366 4719 cubicularium
3400 4657 3558 4712 facit.

324 4751 588 4813 λύσαντες
646 4750 945 4807 ἀπέπλεον.
997 4751 1111 4808 Οὐκ
1160 4748 1351 4816 ἔλαθον
1412 4750 1470 4807 δὲ
1552 4755 1643 4809 τὸν
1725 4756 2009 4829 πατρίκιον
2064 4757 2153 4811 καὶ
2234 4751 2728 4832 πρωτοὸεστιάριον
2805 4751 3103 4829 Θεοφάνην,
3162 4746 3307 4803 ἀλλὰ
3359 4748 3520 4822 γνοῦς
3575 4741 3731 4806 οὗτος

320 4841 429 4908 τὴν
485 4840 662 4893 αὐτῶν
731 4840 1069 4915 ἀναχώρησιν
1122 4840 1429 4910 ὑπαντιάζει
1488 4841 1702 4907 τοότοις
1730 4844 1907 4914 εὐθὺς,
1995 4846 2085 4901 καὶ
2157 4831 2361 4921 γίνεται
2445 4844 2726 4919 ναυμαχία
2805 4839 3042 4915 δευτέρα,
3102 4838 3191 4892 καὶ
3267 4833 3510 4909 τρέονται
3565 4831 3728 4886 πάλιν

325 4930 381 4983 οἱ
440 4928 601 4989 Ῥώς.
662 4928 759 4983 Καὶ
817 4929 883 4983 τὰ
939 4928 1034 5003 μὶν
1094 4933 1199 4984 τῶν
1258 4935 1475 5009 σκαφῶν
1536 4932 1684 5005 βυθῷ
1740 4932 2039 5008 παρεδόθη,
2090 4919 2180 4989 τὰ.
2216 4932 2273 4990 δὲ
2321 4931 2545 5009 σίδηρος
2598 4934 2683 4989 καὶ
2740 4936 2845 5007 πῦρ
2906 4925 3337 5003 ἐμερίσαντο,τᾶ
3369 4921 3425 4979 δὲ
3462 4919 3733 4996 αὔτανδρα

327 5017 437 5072 ὑπό
493 5022 611 5079 ταῖς
664 5021 772 5072 τῶν
830 5017 1117 5091 Ῥωμαίων
1176 5018 1360 5093 χεόσὶν
1415 5019 1661 5095 ἐγένοντο
1694 5039 1705 5051 ·
1774 5020 1935 5097 ὀλίγα
1996 5021 2052 5078 δὲ
2126 5025 2226 5094 τὴν
2307 5029 2405 5079 τοῦ
2480 5024 2730 5097 πολέμου
2808 5018 3134 5094 διαφυγόντα
3191 5015 3423 5090 ἀνάγκην
3480 5014 3614 5088 πρὸς
3665 5012 3731 5065 τὶ

325 5107 510 5163 οῗκεῖα
567 5106 878 5181 ἐχώρησαν.
940 5107 1080 5171 Ἀνθ’
1133 5108 1206 5161 ὧν
1262 5109 1289 5163 ὁ
1344 5106 1597 5183 βασιλεὺς
1658 5112 1749 5166 τὸν
1842 5108 2337 5188 πρωτοϐεστιάριον
2402 5112 2800 5187 ἀποδεξάμενος
2868 5114 2959 5163 καί
3018 5106 3511 5184 παρακοιμώμενον
3570 5101 3732 5157 αὐτὸν

323 5190 689 5274 προεϐάλετο.

1464 5393 1869 5455 XYLANDRI
1914 5396 2014 5457 ET
2060 5395 2296 5457 GOARI
2341 5394 2597 5455 NOTIE.

400 5578 517 5649 (81)
550 5578 776 5655 Annam
806 5582 1051 5655 nuptam
1077 5580 1251 5655 simul
1292 5585 1346 5638 et
1376 5583 1700 5655 imperialis
1738 5583 1980 5640 honoris

329 5654 666 5708 consortem
699 5651 1091 5709 renuntiatam
1122 5652 1345 5711 indicat
1372 5651 1978 5728 auctor,nuptiarum-

2086 5599 2203 5711 aue
2243 5599 2487 5641 coronas
2518 5582 2671 5639 sicut
2701 5583 2759 5638 et
2805 5577 3036 5653 imperii
3088 5594 3202 5636 uno
3248 5576 3340 5633 die
3384 5571 3737 5645 suscepisse.

2135 5672 2264 5711 om.

2135 5672 2264 5712 οΑει.
