3966 6134
196 267 269 328 51
1548 275 1868 337 GEORGII
1911 275 2251 337 GEDRENI
3529 277 3610 336 52

268 400 558 456 Joannem
591 417 763 472 porro
801 403 1132 459 Curcunam
1186 405 1573 462 domesticum
1619 407 1845 462 schola-
1876 411 1930 477 Α

205 504 339 544 rum
388 490 728 561 imperator,
790 493 942 563 quod
1001 494 1128 564 ejus
1176 494 1355 550 filiam
1406 496 1855 569 Euphrosynam

204 578 402 649 nepoti
436 595 542 634 suo
574 579 1242 647 Romano,Cnnstantini
1279 591 1417 639 natu
1459 586 1710 640 ﬁliorum
1748 586 1856 639 mi-

200 667 345 721 nimi
380 667 532 721 318
564 669 704 735 ﬁlio,
741 686 975 725 uxorem
1012 672 1197 747 facere
1245 674 1491 740 volebat,
1534 691 1715 746 eaque
1766 692 1856 729 res

201 755 336 810 odia
368 756 659 811 Casarum
704 757 764 811 in
818 760 1106 814 Curouam
1140 761 1589 829 inﬂammasset,
1622 769 1858 819 coactus

201 854 285 900 est
316 845 508 900 ofﬁcio
530 862 597 901 eo
621 847 935 903 dimovere.
963 849 1235 905 Gesserut
1268 852 1323 905 id
1355 868 1572 907 munus
1602 852 1859 907 Curcuas

204 934 643 990 continentibus
671 937 741 990 22
772 938 941 991 annis
986 944 1042 993 et
1069 940 1101 990 7
1135 939 1461 1011 mensibus,
1497 942 1861 997 universam-

206 1039 319 1093 que
346 1040 525 1095 prope
572 1024 795 1096 Syriam
849 1032 1200 1098 pervagatus
1240 1035 1570 1100 subegerat.
1621 1031 1680 1085 Si
1730 1031 1862 1102 quis

208 1112 482 1183 praclara
512 1113 639 1183 ejus
672 1114 824 1169 facta
855 1115 1004 1171 scire
1035 1116 1343 1184 desiderat,
1382 1118 1654 1174 volumen
1686 1137 1718 1174 a
1741 1120 1863 1174 Ma-

208 1200 381 1256 nuelo
404 1202 657 1273 quodam
678 1205 1149 1276 protospathario
1167 1207 1553 1278 atquejudice
1571 1225 1695 1263 com
1707 1208 1863 1279 posi-

210 1296 333 1344 tum
366 1289 523 1361 legat
557 1307 569 1344 :
607 1291 657 1345 is
689 1293 845 1346 enim
880 1298 1008 1348 octo
1043 1294 1208 1350 libris
1238 1311 1331 1350 res
1381 1312 1414 1349 a
1460 1295 1688 1352 Curcua
1720 1314 1861 1368 pra-

211 1377 364 1433 clare
392 1382 587 1450 gestas
618 1381 952 1452 descripsit.
984 1382 1122 1437 Inde
1144 1388 1455 1454 cognoscet
1486 1391 1744 1455 quantus
1775 1385 1867 1440 hic

211 1464 299 1520 vir
331 1466 463 1521 belli
494 1468 668 1523 rebus
702 1469 896 1524 fuerit.

296 1736 678 1807 Theophilius
700 1753 931 1808 quoque
953 1739 1131 1794 frater
1144 1741 1291 1809 ejus,
1312 1758 1452 1796 avus
1472 1742 1717 1797 Joannis
1742 1743 1870 1813 ejus

228 1826 328 1896 qui
364 1827 671 1897 postmodo
721 1827 966 1898 imperio
1015 1830 1235 1899 potitus
1284 1835 1392 1897 est,
1442 1831 1872 1903 MeSOpotamia

227 1916 554 1985 prafectus,
578 1916 780 1970 eodem
814 1917 987 1971 modo
1009 1918 1430 1974 Saracenorum
1457 1921 1513 1973 in
1546 1936 1613 1974 ea
1643 1922 1876 1991 provin-

225 2004 315 2059 cia
372 2004 546 2059 urbes
604 2005 890 2073 tractavit,
924 2008 1222 2077 oppressis
1275 2012 1450 2078 atque
1499 2011 1638 2063 adeo
1671 2010 1878 2064 deletis

226 2093 527 2163 Agare'nis.
553 2093 623 2148 Et
646 2094 945 2148 Romanus
978 2095 1278 2165 patricius,
1300 2097 1546 2151 Joannis
1577 2098 1879 2152 domestici

225 2183 405 2248 ﬁlius,
439 2181 715 2237 exercitui
749 2184 1116 2253 prapositus,
1151 2184 1337 2238 multa
1385 2186 1625 2240 castella
1666 2186 1884 2256 recepit

230 2277 287 2325 et
316 2271 596 2326 Romanis
629 2270 879 2342 plurima
911 2272 1099 2343 spolia
1129 2274 1373 2345 paravit.
1410 2274 1470 2327 In
1508 2275 1697 2329 locum
1742 2277 1881 2329 Cur-

230 2377 349 2415 cua
384 2361 571 2415 factus
613 2365 702 2415 est
732 2359 1066 2415 scholarum
1128 2362 1484 2418 domesticus
1531 2364 1886 2421 Pantherius

231 2448 479 2504 Romani
510 2448 882 2520 imperatoris
914 2456 1219 2521 cognatus.

2034 405 2243 461 Φθόνου
2290 404 2347 461 δὲ
2401 404 2715 477 κινηθέντος
2772 405 2908 461 κατὰ
2964 409 3061 461 τοῦ
3123 403 3451 479 δομίστίκου
3500 409 3618 460 τῶν

1967 493 2188 570 σχολῶν
2245 496 2497 552 Ἰωάννου
2551 499 2647 549 τοῦ
2707 494 2988 569 Κουρκούα
3044 495 3189 566 παρὰ
3246 498 3352 549 τῶν
3424 492 3618 550 ἄλλων

1971 584 2235 660 βασιλέων
2300 580 2576 657 (ἐϐούλετο
2637 584 2737 658 γὰρ
2798 585 3073 657 Ῥωμανὸς
3121 586 3153 639 ἁ
3197 582 3452 658 βασιλεύς
3508 584 3616 637 Εὐ-

1968 672 2240 751 φροσύνην
2298 674 2394 741 τὴν
2463 677 2560 726 τοῦ
2636 670 2960 745 δομεστίκου
3048 671 3315 747 θυγατέρα
3391 671 3618 748 νύμφην

1970 763 2257 838 ἀγαγέσθαι
2309 767 2387 834 τῷ
2446 762 2634 833 οἰκείῳ
2691 761 2893 837 ἐκγόνῳ
2950 764 3216 835 Ῥωμανῷ
3272 766 3350 834 τῷ
3382 763 3485 833 υἱῷ
3513 765 3618 815 τοῦ

1970 852 2203 926 ἐσχάτου
2281 849 2473 914 παιδὸς
2550 852 2715 905 αὐτοῦ
2785 851 3230 925 Κωνστσντίνου),
3291 853 3615 926 ἠναγκάσθη

1967 948 2067 1009 τῆς
2132 941 2310 1014 ἀρχῆς
2368 939 2525 993 αὐτὸν
2582 938 2911 1013 παραλῦσαι,
2962 938 3049 994 ἐπὶ
3114 937 3232 993 δυσὶ
3290 940 3380 993 καὶ
3442 938 3619 993 εἶ’κοσι

1971 1028 2195 1104 χρόνοις
2225 1029 2312 1082 καὶ
2373 1028 2536 1101 μησὶν
2597 1028 2733 1082 έπτᾶι
2791 1026 3103 1103 ἀδιαδόχως
3156 1029 3257 1097 τήν
3310 1032 3407 1083 τοῦ
3455 1025 3625 1101 δομεο

1974 1117 2155 1172 στίχου
2210 1118 2388 1193 ἀρχὴν
2450 1116 2718 1184 ἰθύνοντα,
2752 1118 2839 1172 καὶ
2899 1122 3094 1187 πᾶσαν,
3156 1118 3230 1179 ὡς
3287 1118 3480 1183 εῗπεῖν,
3519 1118 3623 1184 τὴν

1975 1206 2171 1282 Συρίαν
2233 1204 2650 1282 καταδραμόντα
2723 1208 2812 1261 καὶ
2883 1207 3305 1262 ταπεινώσαντα.
3354 1209 3507 1278 ’⁸0τῷ
3569 1203 3630 1260 δὲ

1979 1293 2251 1369 βουλητὸν
2306 1297 2401 1358 τὰς
2460 1295 2668 1350 ἐκείνου
2724 1297 2915 1368 μαθεῖν
2973 1295 3273 1369 ἀριστείας,
3338 1294 3632 1366 ζητησάτω

1972 1385 2071 1452 τήν
2104 1388 2431 1454 πονηθεῖσαν
2483 1379 2673 1459 βίϐλον
2723 1386 2868 1459 παρά
2914 1405 3060 1446 τινος
3108 1385 3366 1453 ΜανουῆΛ
3396 1405 3623 1460 πρωτο-

1977 1472 2275 1548 σπαθαρίου
2304 1472 2392 1526 καὶ
2423 1477 2612 1543 κριτοῦ
2641 1472 2713 1545 (έν
2758 1473 2901 1527 ὀκτὼ
2944 1473 3045 1549 γὰρ
3083 1469 3298 1548 βίϐλοις
3329 1473 3531 1535 έκεῖνος
3561 1476 3634 1527 τὰ

1976 1562 2172 1616 τούτου
2230 1559 2691 1636 ἀνδραγαθήματα
2750 1562 3167 1637 συνεγράψατο),
3226 1562 3316 1617 καὶ
3366 1561 3416 1632 ἐξ
3458 1564 3632 1632 αὐτῆς

1979 1650 2171 1706 εἷ’σεται
2208 1653 2321 1712 οἷος
2349 1654 2413 1719 ἦν
2449 1652 2475 1705 6
2508 1651 2642 1725 ἀνὴρ
2674 1651 2741 1705 τὰ
2769 1650 3073 1724 πολεμικα.

2050 1742 2130 1808 [Ρ.
2163 1739 2290 1809 631]
2368 1734 2785 1822 Ιίαραπλησίως
2840 1741 3018 1810 τούτῳ
3088 1739 3178 1792 καὶ
3268 1737 3532 1816 Θεόφιλος
3600 1739 3629 1792 6

1981 1826 2177 1880 τούτου
2206 1824 2485 1898 ὁμαίμων,
2519 1826 2546 1879 6
2595 1846 2813 1887 παππος
2860 1825 3112 1882 Ἰωάννου
3154 1831 3249 1880 τοῦ
3299 1828 3432 1899 μετά
3461 1832 3636 1881 ταῦτα

1991 1913 2425 1991 βασιλεύσαντος,
2450 1913 2545 1975 τὰς
2603 1912 2655 1967 ἐν
2714 1915 3107 1989 Μεσοποταμίᾳ
3158 1918 3266 1969 τῶν
3299 1921 3635 1989 Σαρακηνῶν

1988 2004 2180 2066 πόλεις
2242 2001 2469 2069 διέθετο,
2542 2005 2841 2077 στρατηγὸς
2916 2004 2966 2057 ἐν
3048 2004 3183 2077 αὐτῇ
3243 2005 3485 2078 γεγονώς
3544 2006 3641 2058 καὶ

1987 2094 2325 2154 ταπεινώσας
2378 2092 2465 2146 καὶ
2509 2091 2713 2154 τελέως
2766 2093 3023 2169 ἀφανίσας
3066 2092 3191 2154 τοὺς
3223 2093 3281 2148 ἐκ
3307 2096 3405 2162 τῆς
3436 2095 3640 2167 ”Αγαρ.

1993 2183 2095 2239 Καὶ
2149 2182 2428 2255 Ῥωμανὸς
2481 2179 2538 2236 δὲ
2614 2183 2641 2236 ὁ
2713 2182 3024 2257 πατρίκιος,
3085 2183 3112 2237 6
3162 2187 3259 2237 τοῦ
3310 2180 3646 2255 δομεστίκου

1994 2273 2247 2328 Ἰωάννου
2328 2272 2464 2339 υἱὸς,
2571 2273 2873 2346 στρατηγὸς
2972 2271 3238 2334 καταστὰς
3314 2270 3501 2327 πολλά
3585 2293 3649 2326 τε

1995 2360 2227 2439 φρούρια
2267 2362 2644 2435 παρεστήσατο
2689 2362 2776 2415 καὶ
2828 2360 3097 2415 πλείστων
3159 2360 3414 2438 λαφύρων
3470 2358 3653 2423 αἶ’τιος

1999 2452 2200 2522 ὑπῆρξε
2256 2455 2373 2512 τοῖς
2429 2447 2742 2520 Ῥωμαίοις.
2823 2453 2936 2506 Τοῦ
3012 2449 3261 2505 Ἰωάννου
3338 2448 3394 2504 δὲ
3470 2471 3649 2525 παρα-

234 2537 488 2599 λυθέντος
538 2544 639 2606 τῆς
694 2537 897 2612 ἀρχῆς,
951 2533 1323 2614 προϐάλλεται
1414 2537 1731 2612 δομέστικος
1804 2545 1913 2595 τῶν
1994 2538 2217 2615 σχολῶν
2302 2541 2329 2594 6
2415 2540 2758 2612 Πανθήριος,
2812 2540 2839 2593 ὁ
2895 2543 2991 2594 τοῦ
3052 2538 3324 2614 βασιλέως
3365 2540 3656 2612 Ῥωμανοῦ

235 2628 462 2703 συγγενή
472 2648 519 2689 ς.

308 2716 616 2771 Enimvero
664 2715 986 2786 imperator
1016 2717 1314 2773 Romanus
1346 2718 1685 2789 panitentia
1709 2720 1886 2775 viola-

240 2811 435 2859 torum
487 2805 962 2875 juramentorum
1020 2822 1085 2860 ac
1143 2807 1396 2876 perﬁdia
1454 2814 1776 2879 correptus,
1827 2813 1892 2861 ut

248 2902 426 2949 Deum
457 2892 732 2965 placaret,
760 2910 890 2947 cum
925 2894 1037 2949 alia
1068 2895 1253 2949 multa
1282 2896 1427 2951 bene
1456 2898 1610 2963 fecit,
1643 2913 1768 2968 qua
1800 2913 1891 2951 re-

244 2999 481 3038 censere
515 2982 589 3037 sit
619 2982 993 3049 laboriosum,
1026 2988 1153 3038 tum
1185 3002 1262 3040 as
1301 2984 1474 3040 etiam
1525 2985 1778 3040 alienum
1812 2986 1889 3040 ci-

2074 2715 2450 2789 ’ἱλασκόμενος
2508 2713 2565 2771 δὲ
2614 2716 2706 2770 τὸν
2765 2715 2892 2770 Θεὸν
2963 2716 2991 2770 6
3053 2713 3308 2791 βασιλεὺς
3365 2714 3654 2788 Ῥωμανὸς

2003 2804 2093 2860 διὰ
2121 2806 2218 2873 τήν
2251 2810 2360 2859 τῶν
2393 2806 2567 2881 ὅρκων
2598 2799 2924 2879 παράϐασιν,
2980 2804 3071 2859 καὶ
3125 2809 3394 2877 μετανοῶν
3452 2803 3533 2879 ἐφ’
3568 2806 3658 2865 οἷς

2000 2898 2180 2956 κακῶς
2261 2891 2722 2967 παρεσπόνδησεν,
2784 2893 2952 2948 ἐποίει
3011 2894 3103 2966 μὲν
3172 2894 3261 2947 καὶ
3312 2891 3487 2956 ἄλλας
3563 2891 3655 2946 εύ-

2002 2982 2206 3049 ποιίας,
2264 2982 2325 3043 ’ὰς
2397 2981 2709 3058 καταλέγειν
2786 2980 2959 3058 ἔργον,
3037 2982 3256 3036 ἀπέτισε
3312 2979 3368 3036 δὲ
3434 2980 3523 3035 καὶ
3585 2981 3659 3034 τὰ

246 3072 402 3127 vium
443 3071 680 3127 nomine
723 3071 1009 3141 dissolvit,
1041 3074 1288 3128 divitum
1323 3091 1388 3128 ac
1424 3091 1744 3146 pauperum
1782 3091 1794 3130 :
1830 3075 1887 3130 in

2026 3072 2139 3145 [ρέα
2193 3078 2292 3139 τῆς
2339 3070 2556 3133 πόλεως
2607 3072 2712 3125 ἀπό
2786 3092 2843 3125 τε
2919 3071 3196 3126 πλουσίων
3253 3070 3343 3125 καὶ
3402 3072 3661 3139 πενήτων

245 3178 424 3233 quam
466 3178 589 3217 rem
633 3161 848 3216 dicitur
895 3162 1257 3232 impendisse
1287 3165 1623 3218 centenaria
1653 3165 1893 3220 undevi-

244 3251 425 3322 genti,
460 3267 526 3306 ac
555 3251 789 3305 tabulas
820 3252 1124 3306 nominum
1156 3253 1482 3308 combussit
1513 3255 1571 3307 in
1605 3271 1896 3327 purpureo

246 3341 344 3413 qui
379 3347 469 3395 est
500 3340 568 3395 ad
601 3340 826 3395 Chacen
859 3340 1159 3395 umbilico.
1192 3341 1383 3397 Pretia
1412 3358 1644 3414 quoque
1692 3344 1897 3398 domo-

249 3447 379 3485 rum
412 3446 514 3501 pro
546 3428 1002 3484 conductoribus
1049 3430 1347 3500 pependit,
1394 3431 1545 3485 319
1578 3449 1611 3486 a
1643 3432 1897 3486 maximo

250 3520 321 3573 ad
341 3519 690 3573 monimum.
724 3518 860 3581 Qua
891 3534 1023 3573 vero
1055 3518 1313 3573 instituit
1342 3524 1407 3573 ut
1442 3536 1544 3589 pro
1575 3521 1781 3574 anima
1814 3537 1902 3574 sa-

252 3612 371 3662 lute
400 3608 607 3661 ﬁerent
642 3608 700 3661 in
752 3606 999 3678 Myrelai
1033 3607 1380 3672 ministerio,
1414 3609 1566 3679 quod
1604 3610 1731 3680 ipso
1765 3625 1901 3663 auc-

252 3705 376 3752 tore
423 3700 512 3752 est
557 3697 882 3763 conditum,
914 3713 981 3751 ea
1023 3696 1083 3750 in
1115 3696 1271 3751 hunc
1304 3713 1490 3768 usque
1522 3697 1675 3765 diem
1708 3698 1902 3770 peragi

254 3803 461 3843 omnes
493 3789 729 3841 norunt.

323 3875 520 3931 Prima
548 3874 868 3930 indictione
902 3891 1034 3929 cum
1073 3891 1278 3929 rursus
1307 3875 1473 3930 Turci
1507 3875 1901 3930 incursionem

252 3966 313 4020 in
344 3969 737 4020 Romanorum
774 3965 917 4017 lines
942 3964 1236 4030 fecissent,
1262 3963 1647 4033 Theophanes
1666 3963 1904 4018 cubicu-

253 4053 435 4109 larius
459 4069 732 4124 egressus
756 4067 953 4123 pacem
978 4068 1109 4106 cum
1144 4053 1214 4106 iis
1247 4053 1595 4123 composuit,
1630 4052 1907 4124 acceptis-

256 4160 368 4214 que
398 4142 704 4197 obsidibus
736 4140 923 4195 rediit.
969 4140 1289 4195 Indictione
1340 4142 1619 4211 secunda,
1655 4141 1906 4196 Pascha-

259 4236 400 4287 Iium
458 4228 997 4302 protospatharium
1048 4234 1105 4283 et
1139 4230 1543 4301 Longibardia
1574 4231 1906 4301 praiectum

258 4323 329 4376 ad
362 4322 659 4390 Hugonem
694 4335 886 4391 regem
916 4319 1162 4373 Francia
1186 4319 1363 4373 mittit
1398 4319 1907 4384 Romanusﬁliam

259 4412 387 4481 ejus
418 4414 623 4481 petens
669 4408 729 4463 in
779 4407 1216 4463 matrimonium
1248 4408 1619 4465 Constantini
1651 4408 1909 4479 Porphy-

2005 3157 2275 3231 δεδωκὼς,
2331 3155 2405 3223 ὥς
2463 3181 2610 3229 φασι,
2688 3161 3008 3235 κεντηνάρια
3075 3158 3199 3214 δέκα
3256 3158 3422 3227 ἐννέα,
3480 3159 3547 3212 τὰ
3599 3156 3665 3212 δὲ

2005 3254 2356 3323 γραμματεῖα
2410 3249 2747 3311 κατακαύσας
2808 3248 2860 3303 ἐν
2930 3253 3009 3321 τῷ
3084 3249 3220 3304 κατᾶ
3270 3250 3370 3317 τὴν
3428 3246 3663 3313 Χαλκῆν

2006 3342 2269 3413 πορφυρῷ
2327 3336 2606 3415 ὀμφαλίῳ.
2666 3335 2877 3392 Δέδωκε
2934 3336 2990 3391 δὲ
3047 3337 3246 3393 καὶτᾶ
3306 3336 3509 3392 ἐνοίκια
3556 3343 3665 3405 τῆς

2007 3427 2221 3488 πόλεως
2250 3426 2353 3481 ἀπὸ
2379 3431 2475 3480 τοῦ
2526 3423 2874 3500 ὕψηλοτάτου
2930 3427 3021 3481 καὶ
3077 3427 3242 3503 μέχρι
3273 3431 3367 3481 τοῦ
3399 3425 3661 3500 ἐσχάτου.

2005 3519 2074 3574 “Α
2123 3513 2178 3569 δὲ
2222 3514 2605 3571 ,διετυπώσατο
2657 3515 2894 3593 γίνεσθαι
2955 3516 3165 3592 ψυχικὰ
3221 3514 3469 3577 ἐπετεῖως
3502 3514 3553 3569 ἐν
3590 3519 3663 3588 τῇ

2009 3604 2400 3680 νεουργηθείσῃ
2478 3606 2605 3680 παρ’
2680 3607 2848 3660 αὐτοῦ
2935 3610 3076 3679 μονῇ
3159 3609 3255 3659 τοῦ
3314 3602 3661 3680 Μυρελαίου⁹

2012 3696 2153 3749 ἴσασι
2185 3696 2380 3757 πάντες
2416 3692 2582 3769 μέχρι
2612 3699 2708 3750 τοῦ
2730 3699 2820 3748 νῦν
2853 3692 3175 3767 τελούμενα.

2084 3874 2227 3926 Κατὰ
2285 3870 2341 3927 δὶ
2394 3874 2493 3942 τὴν
2553 3871 2776 3947 πρώτην
2856 3869 3170 3926 ῗνδικτιῶνα
3233 3875 3339 3926 τῶν
3394 3870 3662 3945 Τούρκων

2014 3962 2176 4016 πάλιν
2239 3959 2543 4034 ἐπιδρομὴν
2603 3962 2988 4033 ποιησαμένων
3070 3962 3206 4015 κατὰ
3262 3960 3567 4031 Ῥωμαίων,
3636 3963 3665 4015 6

2014 4051 2508 4124 παρακοιμώμενος
2557 4049 2832 4124 Θεοφάνης
2901 4048 3127 4119 ἐξελθὼν
3206 4048 3485 4103 ἐσπείσατο
3548 4052 3669 4121 μετ’

2016 4139 2190 4193 αὐτῶν
2242 4139 2332 4193 καὶ
2381 4134 2565 4192 λαϐὼν
2632 4139 2879 4213 ὁμήρους
2944 4139 3260 4212 ὑπέστρεψε.
3322 4137 3551 4211 Δευτέρᾳ
3610 4134 3671 4191 δὲ

2019 4225 2312 4282 ἷνδικτιῶνι
2375 4225 2690 4301 Πασχάλιον
2739 4227 3228 4302 πρωτοσπαθάριον
3289 4226 3379 4280 καὶ
3431 4246 3671 4300 στρατη-

2016 4318 2106 4392 γὸν
2167 4311 2579 4392 Λαγγοϐαρδίας
2635 4314 2927 4388 ἐξέπεμψεν
2987 4317 3014 4369 6
3079 4313 3334 4390 βασιλεὺς
3384 4314 3519 4387 πρὸς
3572 4314 3669 4367 τὸν

2021 4406 2159 4481 ῥῆγα
2218 4405 2501 4479 Φραγγίας
2547 4402 2776 4478 Οὕγωνα
2830 4407 2963 4477 (82),
3030 4406 3129 4473 τὴν
3172 4404 3340 4458 αὐτοῦ
3398 4404 3674 4479 θυγατέρα

1398 4507 1798 4568 XYLANDBI
1845 4508 1944 4567 ET
1989 4507 2224 4566 GOARI
2270 4507 2525 4566 NOTAE.

337 4605 447 4679 (82)
505 4608 625 4661 Imo
673 4622 829 4679 vero,
878 4609 943 4679 ut
1007 4604 1654 4679 historiailoquuntur,
1715 4619 1909 4679 regem
1942 4606 1989 4671 D
2022 4603 2426 4679 N.Romanum
2452 4602 2689 4679 tertium
2715 4602 2933 4679 optime
2954 4600 3548 4679 dic‘es,necuma_ltero
3569 4600 3680 4655 llo-

266 4676 464 4734 Italia.
495 4679 603 4734 Sed
638 4680 695 4733 in
729 4678 821 4733 his
854 4678 1027 4732 rebus
1059 4693 1249 4747 neque
1279 4677 1483 4731 Noster
1513 4692 1703 4747 neque
1723 4676 1913 4731 cateri

270 4753 444 4821 hujus
484 4750 682 4805 farina
713 4752 1051 4821 scriptores,
1078 4750 1235 4821 fuere
1265 4749 1592 4818 diligentes.
1629 4748 1911 4821 Constan-

263 4818 454 4878 tinum
471 4821 1027 4893 Porphyrogenitum
1043 4819 1302 4893 intellige
1322 4838 1433 4874 non
1452 4818 1697 4874 Romani
1725 4820 1907 4893 filium

265 4891 733 4959 Constantinum,
767 4891 865 4949 Sed
903 4892 1131 4957 Leonis,
1165 4910 1294 4947 eum
1337 4896 1427 4946 cui
1464 4901 1526 4945 ut
1552 4907 1766 4963 genero
1799 4891 1912 4944 im-

266 4967 465 5040 posuit
506 4966 859 5040 Lacapenus,
895 4969 952 5019 et
988 4964 1124 5040 ipso
1170 4964 1225 5018 in
1260 4964 1527 5040 ordinem
1572 4963 1803 5040 redacto
1845 4977 1911 5017 ac

264 5034 707 5107 circumscripto
749 5040 863 5092 fere
914 5034 1073 5091 solus
1107 5053 1237 5091 cum
1272 5036 1395 5090 suis
1430 5037 1565 5089 ﬁliis
1596 5034 1905 5104 imperium

262 5112 463 5181 gessit.
499 5110 1125 5181 Porphyrogenitorum
1160 5111 1391 5181 primus,
1416 5124 1541 5161 com
1554 5113 1912 5181 memoratur

263 5177 749 5252 Copronymus,'a
792 5177 1047 5235 Conclavi
1078 5177 1273 5250 palatii
1305 5180 1398 5235 cui
1432 5177 1739 5252 Porphyra
1772 5177 1909 5247 (for-

264 5249 443 5309 tassis
481 5249 634 5324 quod
671 5253 981 5323 purpureis
1029 5249 1322 5322 tapetibus
1362 5249 1447 5305 vel
1500 5250 1717 5324 audais
1758 5254 1913 5303 esset

263 5322 630 5395 exornatum)
653 5322 886 5387 nomen,
913 5327 967 5378 in
996 5341 1110 5393 quo
1147 5328 1320 5378 natus
1341 5325 1532 5395 esset;
1578 5338 1641 5375 ac
1667 5322 1912 5395 fortasse

266 5399 443 5453 etiam
475 5392 703 5467 reliqui,
741 5404 935 5468 utpote
965 5392 1206 5466 genuini
1229 5402 1305 5468 et
1350 5394 1611 5468 suoloco
1643 5392 1763 5468 nati
1796 5392 1911 5448 im-

312 5464 766 5533 οτειιοτοε,Ἰοοο
809 5464 887 5525 eo
950 5464 1274 5539 puerperiis
1332 5465 1640 5539 destinato.
1701 5464 1912 5539 Noster

320 5541 482 5597 eonis
504 5539 778 5597 ﬁl.etiam
803 5536 966 5596 infra'
992 5539 1075 5595 sic
1102 5536 1402 5610 exprimit,
1439 5538 1712 5610 inprimo
1745 5536 1912 5610 Nice-

273 5612 439 5684 phori
464 5613 664 5671 Phoca
695 5608 1215 5670 anno.Romanum
1241 5608 1579 5666 Contantini
1600 5608 1679 5664 ﬁl.
1710 5609 1913 5665 Leonis

2023 4692 2195 4729 mano
2225 4672 2891 4729 conl'undatur.Bomani
2924 4678 2991 4727 Ν.
3025 4672 3350 4727 Christiferi
3374 4673 3676 4728 F.nomen

2026 4748 2439 4816 liliaﬁugonis
2461 4746 2713 4801 traditur
2730 4746 2942 4801 Bertha
2963 4745 3221 4800 Eudoxia
3241 4746 3461 4799 XYL.—
3484 4745 3674 4808 Quem

2018 4812 2375 4890 περίϐλεπτον
2411 4817 2678 4890 nominat
2718 4816 3137 4872 Constantinus
3184 4818 3253 4870 de
3291 4816 3463 4890 Adm.
3516 4820 3675 4887 Imp.

2019 4907 2067 4945 c.
2090 4886 2191 4959 '26,
2226 4894 2446 4961 patrem
2481 4888 2685 4944 habuit
2707 4890 3103 4961 Adelbertum,
3138 4892 3382 4943 matrem
3412 4886 3674 4961 Bertam,

2019 4958 2185 5017 avum
2224 4958 2559 5017 Lotharium
2592 4961 2864 5015 Ludovici
2896 4961 2979 5014 Pii
3014 4958 3220 5014 tilium.
3247 4961 3459 5025 Magna
3492 4959 3676 5013 Fran-

2020 5034 2119 5089 cia
2152 5050 2268 5100 rex,
2304 5041 2367 5087 ut
2396 5035 2588 5087 verbis
2619 5032 2981 5089 Constantini
3016 5038 3167 5101 utar,
3202 5048 3494 5101 nusquam
3542 5034 3679 5099 luit,

2036 5106 2135 5160 sed
2195 5122 2389 5160 comes
2450 5105 2757 5160 Provincia
2808 5105 2929 5159 sive
2976 5103 3358 5159 Arelatensis.
3390 5104 3474 5157 Ab
3510 5102 3681 5159 Italis

2020 5181 2291 5257 vocatus,
2322 5176 2863 5257 ejecto'ltodulpho,
2898 5175 3349 5257 Italia_regnum
3375 5175 3673 5257 obtinuit:

2023 5249 2176 5303 unde
2195 5246 2292 5322 ῥῆξ
2326 5246 2596 5321 Φραγγίας
2618 5266 2651 5322 a
2672 5248 2885 5322 Gracis
2907 5245 3195 5322 appellari
3208 5247 3438 5322 meruit.
3465 5245 3677 5322 Filiam

2021 5317 2251 5377 Bertam
2284 5337 2349 5375 ex
2381 5317 3007 5390 concubinagenitam,
3030 5318 3330 5389 Sigefredo
3363 5317 3677 5373 Parmensi

2018 5393 2292 5472 episcopo
2324 5408 2551 5472 sponsa
2603 5390 3192 5472 ducehjungenda'm.
3232 5390 3678 5472 Roma‘noﬁon-

2020 5461 2200 5545 stanti
2224 5461 2237 5463 “
2256 5461 2740 5546 Pprphyrogeniti
2772 5461 3013 5546 .Cpolim
3040 5462 3271 5546 .misilL
3284 5478 3350 5517 ac
3396 5461 3676 5518 Eudoxia

2021 5534 2256 5592 nomine
2286 5532 2814 5606 deinceps’audivit
2835 5532 3202 5606 insignitam.
3233 5536 3413 5591 Goaa.
