3922 6132
250 317 323 376 53
1356 309 1906 373 HISTORIARUM
1951 309 2500 371 COMPENDIUM.
3560 306 3641 365 54

250 444 495 514 ὶπιζητῶν
566 443 945 518 νυμφευθῆναι
1014 446 1094 513 τῷ
1174 446 1269 495 τοῦ
1355 434 1869 517 Πορφυρογεννήτου

2051 441 2237 512 ⁸θηὶιὶ
2274 440 2397 496 ﬁlio
2430 440 2692 495 Romano
2725 436 2921 509 nepoti
2949 453 3077 492 suo.
3110 437 3246 501 Quae
3284 439 3340 490 et
3388 434 3643 490 adducta

248 537 346 606 υἳῷ
392 535 679 605 Ῥωμανῷ’
743 530 866 600 ἥτις
953 532 1041 585 καὶ
1121 530 1354 593 ἀχθεῖσα
1441 530 1573 601 μετὰ
1632 526 1876 582 πλουτού

254 622 447 678 πολλοῦ
529 622 771 697 συνῆςρθη
854 622 1146 693 Ῥωμανῷ.
1234 613 1538 673 Συνεόίωσε
1622 614 1678 671 δὲ
1763 617 1876 689 μετ’

256 713 408 767 tri-.05
471 707 555 779 ἔτη
606 712 647 763 ε’
693 711 787 763 καὶ
838 710 1087 765 ἀπέθανε.
1142 708 1387 782 Ἐγένετο
1440 704 1496 760 δὲ
1544 707 1635 760 καὶ
1699 706 1873 780 βίαιος

252 800 436 873 Ξνὶμος
488 800 611 872 μηνὶ
672 795 1034 875 Δεκεμϐρίῳο
1095 798 1183 853 καὶ
1240 795 1637 857 παταπεσόντες
1687 797 1738 849 οἱ
1791 795 1875 849 λε-

251 890 463 964 γόμενοι
510 896 687 960 Δῆμοι
738 891 854 961 (83)
905 887 1220 962 συνέτριψαν
1290 887 1356 941 τὰ
1411 885 1648 940 κάτωθεν
1699 883 1868 938 αὐτῶν

254 980 414 1054 βάθρα
437 978 520 1033 καὶ
548 978 613 1033 τὰ
644 978 918 1052 Αεγόμενα
949 979 1166 1047 στήθεα.
1579 971 1582 976 ’

313 1071 417 1137 Τῆς
468 1066 683 1128 πόλεως
743 1064 802 1121 δὲ
879 1064 1135 1135 Ἐδέσσης
1188 1064 1667 1140 πολιορκουμένης
1726 1064 1872 1136 παρὰ

240 1160 345 1210 τῶν
417 1157 736 1227 Ῥωμαϊκῶν
830 1152 1134 1227 δυνάμεων,
1223 1153 1723 1228 στενοχωρηθὲντες
1818 1152 1869 1203 οἱ

239 1242 533 1313 Ἐδεσσηνοὶ
584 1248 707 1305 τοῖς
766 1243 827 1297 ἐκ
882 1250 983 1311 τῆς
1040 1242 1363 1317 πολιορκίαις
1417 1239 1614 1301 δεινοῖς
1657 1238 1867 1314 διεπρε-

239 1327 512 1388 σϐεύσαντο
567 1334 704 1405 πρὸς
778 1331 1024 1406 βασιλέα,
1102 1332 1415 1404 αἰτούμενοι
1502 1330 1867 1395 ἀπαναστῆναι

237 1429 331 1489 νῆς
384 1419 700 1497 προσεδρίας
745 1423 834 1475 τὸν
888 1419 1019 1476 λαόν
1056 1441 1067 1453 ·
1122 1422 1209 1475 καὶ
1267 1420 1627 1494 ὑπισχνοῦντο
1655 1415 1869 1473 ἀντίλυ-

234 1531 356 1585 τρον
412 1509 586 1566 δοῦναι
616 1512 680 1565 τὸ
699 1515 796 1565 τοῦ
830 1515 1069 1585 Χριστοῦ
1091 1511 1241 1585 ἅγιον
1271 1509 1575 1583 ἐκμαγεῖον.
1608 1507 1868 1575 Λυθείσης

242 1599 330 1653 οὖν
358 1607 455 1669 τῆς
480 1599 804 1673 πολιορκίας
857 1597 1015 1668 ἐδόθη
1059 1600 1119 1653 τὸ
1166 1604 1306 1663 θεῖον
1346 1598 1638 1670 ἐκτόπωμα
1668 1595 1755 1650 καὶ
1789 1595 1867 1658 εἷς

226 1689 320 1756 τὴν
358 1686 605 1763 βασιλίδα
633 1687 812 1764 ἤχθη.
848 1686 1250 1761 ὑποδεξαμένου
1283 1692 1440 1742 τοῦτο
1470 1691 1567 1741 τοῦ
1600 1684 1866 1761 βασιλέως

237 1780 366 1848 μετὰ
424 1777 679 1852 λαμπρᾶς
734 1777 824 1832 καὶ
901 1777 1217 1852 πρεπούσης
1284 1774 1629 1853 δορυφορίας,
1688 1777 1866 1838 καθὼς

229 1865 524 1940 ἴμπροσθεν
558 1866 780 1941 εἴπομεν
793 1913 806 1925 .

293 1958 442 2012 Κατὰ
496 1956 691 2018 ταύτας
745 1956 840 2018 τὰς
898 1954 1107 2029 ἡμέρας
1161 1955 1212 2025 ἐξ
1271 1952 1556 2030 Ἀρμενίας
1613 1952 1864 2031 ἐφοίτησε

224 2048 372 2118 τέρας
422 2045 472 2099 ὲν
530 2050 598 2119 τῇ
650 2045 1034 2119 βασιλευούσῃ,
1081 2043 1270 2108 παῖδες
1324 2043 1537 2119 ἄρρενες
1592 2047 1857 2119 συμφυεῖς

230 2134 286 2189 ἐκ
348 2137 471 2206 μιὰς
528 2133 888 2210 προελθόντες
946 2135 1199 2209 γαστρός.
1244 2131 1616 2203 Ἐξηλάθησαν
1678 2128 1734 2184 δὲ
1762 2136 1862 2199 τῆς

232 2222 443 2287 πόλεως
500 2224 574 2285 ὡς
636 2224 871 2299 πονηρὸς
929 2223 1147 2283 οῗωνός.
1208 2222 1327 2277 Ἐπὶ
1387 2219 1443 2275 δὲ
1498 2220 1864 2274 Κωσταντίνου

222 2311 380 2364 πάλιν
431 2311 708 2376 εἰσῆλθον,
769 2311 922 2367 Ἐπεὶ
967 2308 1024 2365 δὲ
1076 2305 1272 2379 συνέϐη
1320 2310 1410 2363 τὸν
1458 2304 1550 2362 ἕνα
1603 2308 1864 2377 τελευτῆ-

224 2421 327 2467 σαι,
408 2402 557 2473 {632]
666 2400 1022 2476 ἐπειράθησαν
1134 2399 1185 2453 οἷ
1297 2397 1673 2472 ἐμπειρότεροι
1758 2402 1866 2451 τῶν

225 2488 420 2561 ἴπρῶν
454 2489 749 2561 ἀποτεμεῖν
798 2490 860 2544 τὸ
899 2488 1163 2561 νεκρωθὲν
1225 2487 1407 2562 μέρος·
1456 2487 1516 2540 οὗ
1563 2484 1863 2560 τμηθέντος

224 2579 281 2631 τὸ
313 2584 417 2647 ζῶν
451 2574 810 2642 ἐπιϐεϐιωκὸς
843 2578 1034 2653 μικρὸν
1066 2576 1432 2647 ἰτελιύτησεν.

289 2668 347 2723 Ὀ
383 2665 441 2721 δὲ
492 2666 745 2740 βασιλεὺς
803 2667 1083 2739 Ῥωμανὸς
1132 2666 1221 2720 καὶ
1280 2667 1483 2726 πάντας
1545 2666 1639 2737 μὲν
1709 2663 1866 2737 ἐτίμα

226 2758 347 2817 τοὺς
386 2754 689 2831 μοναχοῦς,
733 2752 1095 2833 διαφερόντως
1139 2752 1195 2809 δὲ
1240 2756 1328 2809 τὸν
1367 2751 1611 2828 μοναχὸδ
1644 2753 1863 2827 Σὲργιον

222 2846 304 2898 τὸν
360 2845 586 2917 ἀνεψιὸν
632 2844 848 2899 Φωτίου
914 2849 1011 2898 τοῦ
1067 2844 1433 2919 πατριάρχου,
1482 2844 1693 2919 ἀρεταῖς
1744 2843 1867 2896 ὄντα

220 2934 561 3005 κκτάκοσμον
616 2935 705 2987 καὶ
764 2938 893 2987 πᾶσι
952 2931 1330 3005 κοσμούμενον
1371 2937 1485 2992 τοῖς
1544 2930 1759 2998 καλοῖς,
1810 2933 1869 2994 ’ὀς

225 3022 310 3075 διὰ
339 3025 540 3085 παντὸς
601 3023 831 3097 παρῄνει
880 3027 959 3094 τῷ
1012 3018 1225 3097 βασιλεῖ
1268 3022 1374 3075 τῶν
1424 3017 1630 3075 παίδων
1675 3019 1867 3091 ἐπιμε-

224 3112 441 3166 λεῖσθαι
495 3110 582 3165 xii
641 3113 714 3183 μὴ
774 3108 1128 3171 ἀπαιδεύτούς
1176 3109 1399 3170 τούτους
1447 3107 1556 3179 ὲᾷν,
1613 3111 1687 3181 μή
1748 3130 1863 3169 πως

1893 1814 1942 1880 Β

1966 535 2075 586 .est
2108 531 2334 602 magnis
2376 546 2508 585 cum
2560 529 2791 600 opibus,
2842 532 2899 582 et
2929 543 3061 581 cum
3111 526 3372 581 Romano
3420 526 3637 581 exactis

1985 620 2041 675 in
2076 620 2350 689 conjugio
2382 620 2552 674 annis
2584 618 2846 689 quinque
2875 634 2905 672 e
2936 617 3053 670 vita
3097 614 3388 687 migravit.
3439 614 3635 670 Mense

1990 710 2282 764 Decembri
2314 708 2605 763 violentus
2632 710 2841 762 ventus
2894 705 3115 760 exstitit
3147 723 3159 760 :
3188 708 3244 759 et
3296 708 3632 759 corruentes

1984 801 2082 871 qui
2114 806 2398 855 vocantur
2429 799 2596 854 Demi
2628 799 3031 853 contriverunt
3085 812 3287 851 eorum
3322 795 3422 868 qui
3480 795 3633 851 infra

1983 894 2150 945 erant
2180 895 2413 960 pectora
2446 895 2622 960 atque
2655 889 2853 960 pedes.

2053 1068 2195 1124 Cum
2214 1078 2554 1138 eolempore
2569 1068 2834 1122 Edessaa
2860 1066 3141 1121 Romanis
3168 1070 3630 1138 oppugnaretur,

1980 1157 2256 1227 oppidani
2303 1157 2489 1227 pressi
2514 1155 2925 1228 oppugationis
2943 1154 3380 1211 calamitatibus
3410 1154 3634 1226 legatos

1982 1248 2052 1301 ad
2086 1246 2497 1316 imperatorem
2533 1244 2797 1307 mittunt,
2838 1248 3070 1298 orantes
3126 1244 3206 1295 uti
3262 1243 3630 1298 obsidionem

1981 1335 2188 1401 solvat,
2224 1351 2287 1389 ac
2320 1334 2560 1406 polliciti
2597 1351 2700 1405 pro
2732 1334 2861 1403 ejus
2890 1332 2970 1387 rei
3004 1332 3243 1403 praemio
3282 1331 3499 1387 Christi
3531 1349 3629 1387 sa-

1981 1440 2135 1479 cram
2172 1426 2229 1478 in
2266 1425 2441 1478 linteo
2471 1439 2805 1494 expressam
2845 1421 3122 1492 efﬁgiem.
3155 1420 3413 1493 Eamque
3442 1420 3629 1493 impc-

1976 1520 2130 1570 trato
2162 1516 2314 1585 quod
2347 1513 2621 1568 volebant
2650 1512 2935 1567 dederunt
2968 1528 2979 1563 :
3015 1515 3071 1565 et
3102 1513 3191 1565 est
3219 1509 3277 1563 in
3310 1510 3514 1564 urbem
3549 1510 3629 1564 al-

1976 1603 2115 1670 lata,
2152 1603 2478 1674 excipiente
2534 1617 2661 1656 eam
2722 1603 3071 1671 imperatore
3129 1616 3261 1654 cum
3315 1598 3626 1671 splendida

1978 1708 2213 1764 pompa,
2247 1691 2397 1746 sicut
2428 1695 2562 1745 ante
2594 1688 2927 1745 retulimus.

2050 1962 2206 2017 320
2238 1961 2341 2015 His
2374 1960 2519 2031 ipsis
2569 1959 2777 2015 diebus
2827 1976 2895 2015 ex
2942 1958 3217 2014 Armenia
3268 1958 3509 2014 allatum
3544 1962 3633 2013 est

1976 2056 2309 2106 monstrum
2344 2050 2572 2120 Cpolin,
2608 2049 2770 2121 pueri
2805 2048 3052 2104 masculi
3086 2048 3362 2113 concreti,
3386 2050 3629 2115 uterini;

1974 2141 2155 2211 iique,
2190 2146 2255 2194 ut
2284 2139 2485 2194 infelix
2516 2154 2708 2207 omen,
2743 2138 2886 2193 urbe
2918 2142 3056 2192 sunt
3088 2138 3277 2207 ejecti.
3311 2137 3633 2192 Redierunt

1974 2230 2084 2284 sub
2116 2228 2495 2283 Constantino
2529 2247 2541 2294 ;
2572 2232 2628 2282 et
2657 2244 2789 2282 cum
2823 2225 2970 2281 alter
3000 2231 3269 2281 mortuus
3291 2226 3627 2297 esset,peri-

1972 2318 2154 2372 tiores
2192 2316 2399 2371 medici
2434 2317 2681 2371 cadaver
2710 2333 2744 2371 a
2781 2316 2905 2370 vivo
2956 2322 3331 2371 resecuerunt
3365 2333 3377 2371 :
3415 2331 3622 2386 parum

1972 2410 2171 2462 tamen
2204 2405 2302 2461 diu
2336 2404 2484 2461 alter
2511 2404 2848 2476 supervixit.

2048 2674 2347 2728 Romanus
2379 2672 2698 2743 imperator
2727 2689 2859 2727 cum
2894 2672 3041 2729 alios
3069 2671 3390 2727 monachos
3421 2672 3477 2725 in
3517 2672 3620 2726 ho-

1976 2779 2117 2818 nore
2151 2762 2372 2829 habuit,
2404 2766 2528 2815 tum
2580 2761 2847 2833 Sergium
2903 2761 3193 2834 praecipue
3244 2762 3621 2827 monachum,

1976 2850 2392 2905 consobrinum
2412 2849 2596 2904 Photii
2613 2850 3287 2920 patriarchmmorentem
3310 2850 3625 2905 virtutibus

1977 2946 2031 2996 et
2061 2940 2337 2995 omnibus
2371 2943 2639 2993 ornatum
2673 2939 2841 2994 bonis
2875 2940 3048 2994 rebus
3082 2940 3131 2993 ls
3161 2938 3395 3008 Sergius
3417 2938 3626 2993 identi-

1977 3031 2107 3085 dem
2130 3028 2477 3083 hortabatur
2498 3027 2904 3098 imperatorem
2926 3033 2989 3082 ut
3014 3027 3162 3084 ﬁlios
3186 3030 3296 3083 sub
3318 3027 3630 3099 disciplina

1976 3117 2322 3180 contineret,
2357 3134 2427 3171 ne
2460 3117 2611 3171 idem
2640 3116 2750 3187 ipsi
2786 3118 2938 3189 quod
2976 3117 3057 3172 Eli
3092 3118 3362 3173 eveniret.
3407 3118 3624 3172 Eadem

224 3200 305 3253 καὶ
340 3201 509 3261 αὐτὸς
562 3201 709 3273 πάθῃ
765 3200 827 3252 τὸ
886 3203 982 3253 τοῦ
1024 3197 1175 3253 Ἠλεί
1232 3200 1365 3270 (84).
1398 3201 1473 3270 Τῇ
1524 3195 1581 3250 δὶ
1618 3196 1752 3269 αὐτῇ
1786 3196 1865 3250 ἲν-

2051 3206 2295 3261 iictione
2326 3210 2623 3260 Romanus
2655 3183 2970 3276 imperator
2991 3205 3204 3276 palatio
3232 3207 3481 3261 eductus
3513 3211 3622 3269 est,

224 3286 468 3343 δικτιῶνι
521 3291 824 3365 κατήγαγον
883 3289 973 3341 νὸν
1026 3286 1250 3361 βασιλέα
1293 3287 1573 3359 Ῥωμανὸν
1619 3291 1715 3339 τοῦ
1762 3307 1861 3339 πα-

222 3380 415 3432 Αατίου
469 3378 557 3432 καὶ
611 3377 684 3439 εἷς
740 3379 838 3444 τὴν
896 3380 1124 3449 Πρώτην
1186 3377 1297 3449 (85)
1358 3375 1646 3450 ἀγάγόντις
1700 3382 1861 3443 νῆσον

222 3468 509 3538 ἀπέκειραν
573 3466 834 3541 μοναχόν,
903 3465 1054 3528 Τίνες
1127 3463 1184 3519 δὲ
1240 3463 1294 3517 οί
1347 3470 1537 3519 τοῦτον
1591 3466 1865 3519 κατασπά-

220 3577 405 3617 σαντες
447 3562 547 3624 τῆς
599 3556 797 3630 ἀρχῆς,
842 3555 932 3608 καὶ
979 3554 1100 3609 τίνα
1146 3554 1371 3624 τρόπον,
1405 3553 1454 3606 ὲν
1506 3559 1622 3617 τοῖς
1669 3553 1864 3628 ἐπαγο-

222 3644 409 3715 μένοις
440 3643 735 3715 λελέξεται.

289 3732 697 3788 Κωνσταντίνου
726 3736 823 3787 τοῦ
859 3730 1126 3807 βασιλέως
1168 3730 1219 3786 ἐν
1262 3728 1472 3805 κομιδῇ
1520 3732 1613 3802 νὲᾳ
1641 3731 1708 3805 τῇ
1736 3730 1863 3801 ἠλι-

217 3824 308 3893 κίᾳ
359 3820 881 3897 ἆπορφανισθέντος,
939 3819 1027 3874 καὶ
1092 3824 1200 3874 τῶν
1261 3819 1597 3895 πραγμάτων
1660 3822 1761 3874 ὑπό
1810 3842 1869 3875 τε

217 3918 312 3979 τῆς
366 3910 576 3983 μητρὸς
608 3910 772 3963 αὐτοῦ
808 3915 963 3977 Ζωῆς
1009 3908 1097 3962 καὶ
1146 3913 1253 3963 τῶν
1305 3907 1609 3982 ἐπιτρόπων
1644 3907 1736 3971 οῦς
1769 3907 1866 3982 ζμ-

220 4000 453 4073 προσθεν
511 3997 938 4071 ἠριθμησάμεοα
1010 3994 1427 4069 διοιλουμένων,
1498 3998 1525 4051 ὁ
1602 4018 1864 4072 παρακοι-

220 4090 484 4160 μώμενος
520 4090 917 4147 Κωνσταντῖνος
977 4084 1187 4162 μεγάλα
1261 4086 1408 4158 παρὰ
1474 4089 1542 4159 τῇ
1624 4085 1864 4162 βασιλίδι

217 4174 542 4247 δυνάμενος,
600 4175 684 4230 ἃττ’
736 4172 945 4251 ἀδελφῇ
998 4195 1055 4228 τε
1122 4169 1369 4249 γαμϐρὸν
1421 4172 1566 4249 ἔχων
1624 4176 1715 4229 τὸν
1772 4176 1867 4249 μά-

215 4285 440 4340 γιστρον
503 4266 703 4319 Λὲοντα
757 4265 849 4318 τὸν
928 4269 1121 4317 Φωκᾶν
1202 4260 1521 4335 δομὲστικον
1580 4260 1705 4318 ὄντα
1759 4270 1864 4319 τῶν

215 4354 445 4431 σχολῶν
508 4358 607 4418 τῆς
665 4352 994 4423 Ἀνατολῆς,
1058 4353 1147 4406 καὶ
1205 4353 1351 4427 παρὰ
1405 4357 1565 4407 τοῦτο
1590 4355 1686 4416 τὰς
1716 4355 1868 4424 ἡνίας

216 4444 428 4504 άπάσας
459 4444 556 4510 τῆς
611 4441 887 4517 βασιλείας
937 4441 1044 4511 ὅπη
1094 4441 1181 4495 καὶ
1230 4439 1491 4517 βούλοιτο
1538 4443 1867 4520 περιφέρων,

1974 3300 2031 3351 et
2078 3296 2135 3349 in
2195 3296 2425 3349 Protam
2486 3294 2742 3348 insulam
2805 3293 3057 3365 relegata
3113 3292 3365 3364 capillus
3424 3310 3615 3358 rasus,

1977 3383 2361 3453 monachique
2392 3382 2666 3453 imposita
2697 3383 2975 3437 conditio.
3041 3390 3082 3435 Α
3142 3381 3360 3452 quibus
3416 3387 3474 3437 et
3502 3398 3617 3453 quo

1977 3476 2148 3529 modo
2181 3473 2525 3527 deturbatus
2554 3472 2797 3543 imperio
2830 3471 3020 3542 fuerit,
3057 3472 3183 3542 jam
3242 3488 3399 3527 nunc
3439 3488 3618 3543 expo-

1976 3578 2208 3617 nemus.

2045 3738 2463 3794 Constantinus
2488 3737 2806 3809 imperator
2852 3737 3062 3793 Leonis
3111 3736 3269 3792 filius
3296 3737 3620 3792 admodum

1976 3846 2121 3900 puer
2147 3826 2425 3882 amiserat
2447 3832 2668 3897 patrem
2698 3842 2709 3879 :
2737 3830 2793 3880 et
2812 3830 2998 3880 mater
3012 3827 3119 3881 Zoe
3137 3842 3202 3880 ac
3225 3828 3623 3895 tutores,quos

1976 3918 2249 3988 superius
2279 3915 2896 3985 commemoravimus,
2920 3915 3183 3969 omnium
3209 3930 3403 3969 rerum
3438 3913 3624 3967 admi-

1978 4006 2309 4060 nistrationi
2336 4005 2788 4076 praefuerantEo
2813 4021 3007 4058 rerum
3032 4007 3186 4059 statu
3210 4001 3627 4058 Constantinus

1977 4094 2377 4150 cubicularius
2410 4110 2633 4163 magnae
2663 4094 2818 4165 apud
2870 4093 3041 4147 Zoam
3100 4092 3393 4164 potentizn,
3453 4092 3624 4161 cujus

1978 4200 2234 4239 sororem
2264 4183 2322 4236 in
2358 4182 2730 4237 matrimonio
2765 4181 3031 4236 habebat.
3070 4182 3178 4236 Leo
3203 4182 3425 4237 Phocas
3448 4181 3629 4251 magi-

1978 4278 2099 4328 ster
2129 4276 2185 4327 et
2214 4272 2548 4327 scholarum
2582 4271 2934 4326 domesticus
2952 4270 3345 4341 orientalium,
3394 4269 3628 4343 imperii

1976 4362 2236 4417 habenas
2269 4377 2374 4415 suo
2403 4360 2687 4415 arbitratu
2720 4360 3151 4431 torquens,dies
3183 4364 3498 4430 noctesque
3531 4376 3628 4414 co—

1978 4450 2197 4522 gitabat
2230 4466 2344 4521 quo
2378 4449 2550 4504 modo
2572 4448 2629 4503 in
2653 4449 2909 4504 Phocam
2935 4450 3156 4505 sororis
3180 4449 3457 4504 maritum
3490 4452 3629 4502 Con-

1360 4553 1760 4615 XYLANDRI
1808 4559 1905 4619 ET
1950 4558 2185 4620 GOARI
2229 4557 2484 4617 NOTIE.

284 4648 410 4716 (83)
444 4648 507 4703 Id
528 4653 615 4703 est
638 4648 812 4720 pagi:
834 4648 917 4703 sic
936 4646 1093 4720 enim
1125 4647 1323 4704 Cicero
1347 4650 1630 4704 convertit
1651 4651 1873 4707 Atticos

222 4716 465 4789 δήμους.
501 4716 911 4792 Οιεῐθίἰιῇιίαιιῐ
945 4717 1115 4792 βάθρα
1160 4720 1335 4790 pedes
1381 4720 1738 4791 significant,
1774 4728 1875 4779 aut

219 4792 427 4859 στήθεα
461 4809 693 4864 quoque
724 4791 882 4845 aliud
925 4807 1102 4861 quam
1160 4796 1570 4864 communiter.
1632 4793 1773 4849 XYL.
1838 4829 1866 4834 ο-

223 4869 429 4931 signa.
466 4862 871 4919 Prominentes
903 4867 1186 4917 tectorum
1234 4862 1634 4918 tabulatorum
1686 4871 1875 4934 petra-

222 4951 484 5005 rumque
515 4952 583 4990 ex
607 4935 868 5005 aediﬁciis
920 4934 1116 5000 facies,
1176 4937 1533 5005 suggrundae
1565 4940 1623 4989 et
1651 4953 1876 4993 coronas

223 5003 496 5077 parietis,
528 5014 665 5062 sunt
698 5003 888 5075 δῆμοι,
922 5010 988 5060 ut
1019 5007 1118 5076 qui
1169 5003 1451 5077 populum
1488 5007 1871 5077 prospicient.

223 5079 412 5150 Βάθρα
446 5078 701 5151 diximus
733 5094 911 5149 supra
932 5093 1061 5132 esse
1090 5081 1368 5147 suggesta
1413 5079 1700 5151 sedesque
1730 5080 1877 5151 lapi-

223 5153 367 5204 deas
400 5150 668 5219 partibus
700 5150 1109 5221 imperatorem
1136 5150 1753 5221 excepturis,ipsisque
1783 5150 1877 5207 ex-

223 5221 542 5293 cipiendis,
574 5224 735 5291 iuxta
762 5221 1058 5293 palatium,
1085 5220 1421 5292 dispositas.
1474 5220 1684 5289 Στήθεὰ
1718 5223 1880 5279 colu-

224 5291 588 5366 mellissunt
615 5291 818 5349 ordine
840 5291 1138 5366 dispositae
1161 5291 1226 5366 ac
1244 5293 1880 5366 superpositolongiori

224 5364 502 5436 epistylio
523 5367 766 5437 junctae,
816 5363 1204 5437 circumjecti
1228 5363 1456 5437 clathri,
1517 5363 1881 5422 circum—data

224 5434 1749 5510 septaetrépagula,sivecancellihumiliores,spatio
1773 5455 1880 5494 suo

224 5508 509 5565 interiore
541 5508 799 5581 recEptos
821 5527 854 5565 a
876 5508 1298 5581 circumstante
1318 5510 1407 5565 vel
1432 5508 1688 5566 irruente
1709 5510 1883 5566 turba

226 5579 1056 5655 propugnantes—.AGermanus
1088 5579 1533 5655 in_Mystagogia
1554 5598 1670 5637 non
1707 5582 1883 5655 longe

232 5647 305 5708 ab
339 5647 582 5710 exordio
608 5671 622 5711 :
652 5652 728 5708 Τὰ
751 5650 934 5707 κιόνια
958 5647 1087 5721 ἤτοι
1108 5647 1176 5704 τὰ
1212 5647 1420 5721 ablegat
1440 5647 1883 5727 ’διαχωρίζονῖα

1984 4652 2044 4705 τὸ
2076 4650 2229 4725 βῆμα
2258 4649 2363 4725 ἀπὸ
2421 4654 2515 4703 τοῦ
2562 4647 2759 4725 λοιποῦ
2803 4655 2967 4725 Δναοῦ,
3028 4649 3117 4705 καὶ
3176 4646 3469 4725 κάγκελλλα.
3528 4650 3631 4706 His

1986 4721 2176 4778 tribus
2207 4724 2397 4777 verbis
2428 4724 2728 4795 expositis,
2764 4721 2937 4793 plana
2967 4729 3055 4778 est
3090 4721 3461 4793 mens‘hujus
3493 4740 3629 4777 seu-

1984 4796 2179 4850 tentiai
2213 4811 2224 4849 :
2266 4796 2496 4850 Violenti
2528 4805 2807 4850 ventorum
2831 4796 2993 4864 ﬂatus
3039 4797 3219 4849 exorti
3245 4798 3632 4865 sunt,quorum

1986 4869 2194 4937 impetu
2234 4867 2563 4937 suggrundae
2611 4868 2739 4921 tecti
2784 4878 2837 4919 et
2883 4867 3166 4936 parietum
3225 4864 3534 4920 decidentes
3581 4871 3633 4920 et

1990 4940 2155 5008 lapsa,
2203 4944 2467 5011 suggesta
2519 4938 2774 5009 sedesque
2826 4938 2935 4992 sibi
3002 4938 3285 5011 subjectos,
3316 4954 3559 5011 necnon
3582 4942 3632 4992 et

1986 5010 2250 5080 repagula
2295 5009 2737 5065 comminuerunt
2800 5011 2849 5061 et
2896 5010 3295 5081 contriverunt.
3346 5009 3635 5081 Xylandcr

1989 5079 2154 5151 quasi
2181 5099 2211 5135 e
2232 5098 2405 5135 scena
2430 5082 2611 5135 risum
2630 5082 2919 5135 facturus:
2954 5079 3237 5141 Violentus
3256 5079 3441 5135 ventus
3462 5082 3631 5136 ea‘sti-

1990 5153 2292 5222 tit,inquit;
2314 5157 2362 5207 et
2392 5156 2701 5207 cor-ruentes
2731 5154 2825 5222 qui
2874 5161 3134 5206 vocantur
3163 5154 3332 5218 demi,
3357 5155 3633 5207 contrive-

1989 5230 2125 5279 runt
2152 5240 2345 5278 eorum
2368 5228 2462 5294 qui
2484 5225 2635 5289 infra
2656 5233 2809 5277 erant
2830 5228 3049 5295 pectora
3078 5229 3241 5295 atque
3261 5223 3628 5291 pedes.Goan.

2059 5296 2173 5366 (84)
2203 5296 2320 5350 Elis
2350 5295 2590 5351 historia
2610 5311 2677 5349 ex
2709 5295 2993 5365 principio
3015 5294 3300 5351 librdrum
3333 5311 3631 5351 sacrorum

1988 5367 2244 5421 Samueli
2277 5372 2366 5421 est
2414 5366 2742 5421 notissima.
2794 5370 2869 5421 Et
2918 5368 3178 5422 narratio
3218 5369 3289 5423 de
3336 5368 3631 5422 Edessena

1989 5438 2377 5564 imaginexest,
2410 5454 2747 5510 quanquam
2782 5437 2973 5494 secius
3004 5444 3179 5509 atque
3209 5438 3513 5512 hic,supra
3537 5455 3634 5496 ex-

1990 5526 2115 5564 nos1
2150 5527 2201 5564 a.
2290 5526 2374 5563 YL.
3482 5561 3491 5564 _

2033 5510 2201 5564 osita.
2232 5512 2374 5564 XYL.

1990 5526 2201 5581 ροειιιι.
2236 5526 2374 5564 1m.

2065 5581 2177 5652 (85)
2208 5579 2565 5653 Hellesponti
2596 5580 2667 5637 ad
2694 5581 2800 5637 ΟΡ.
2835 5578 3109 5638 insulam.
3146 5580 3324 5637 Goaa.
