3966 6134
279 355 357 415 55

1603 348 1948 430 ⁸οιιοιιίῖιιῐ
1992 346 2332 409 GEDRENI

3616 342 3695 401 56

282 487 543 546 stantino
566 486 800 543 sublato
822 486 1135 559 imperium
1158 486 1679 542 transferret.82l
1710 486 1775 541 Id
1797 501 1931 540 cum
1962 547 1966 554 ε

2064 480 2256 554 νύκτωρ
2309 480 2399 535 καὶ
2464 481 2579 555 μεθ’
2646 479 2852 554 ἡμέραν
2932 477 3161 551 έμελέτα
3211 478 3288 539 εἷς
3341 478 3434 531 τὸν
3494 477 3691 531 εαυτοῦ

284 579 530 635 sentiret
563 576 931 632 Constantini
988 578 1345 648 paedanogus
1392 576 1733 631 Theodorus
1778 574 1933 646 quod

286 674 343 724 et
373 685 553 738 supra
582 666 971 737 narravimus,
1005 683 1239 737 operam
1273 667 1510 721 dederat
1544 670 1607 719 ut
1646 664 1934 720 seniorem

291 760 675 828 Lacapenum,
709 756 791 811 rei
822 761 948 809 tum
983 755 1206 809 navalis
1240 754 1719 826 drungarium,in
1744 753 1937 808 aulam

292 846 711 910 introduceret,
743 861 996 915 eumque
1028 845 1364 914 imperatori
1400 850 1707 915 patronum
1742 844 1940 897 defen-

296 950 606 1007 soremque
637 933 995 988 conciliaret.
1032 936 1096 987 At
1138 950 1269 988 vero
1327 933 1387 987 in
1419 933 1613 987 aulam
1674 937 1942 1001 receptus

296 1025 615 1089 Romanus,
649 1028 705 1079 et
733 1020 1019 1093 paulatim
1053 1038 1118 1077 eo
1150 1037 1497 1093 progressus
1529 1026 1593 1075 ut
1646 1036 1938 1075 summam

296 1128 493 1168 rerum
526 1112 585 1166 in
618 1127 726 1166 sua
757 1110 997 1165 haberet
1027 1114 1455 1181 potestate,non
1488 1113 1799 1165 contentus
1821 1125 1946 1179 per-

300 1201 523 1267 missis,
554 1199 772 1256 violato
804 1200 979 1255 etiam
1004 1200 1391 1270 jurejurando
1442 1200 1600 1270 (nam
1635 1215 1696 1253 se
1751 1198 1944 1268 ipsum

300 1291 445 1346 diris
475 1291 801 1357 devoverat,
830 1289 879 1343 si
902 1304 1163 1358 unquam
1194 1288 1509 1359 imperium
1539 1293 1689 1343 esset
1711 1287 1947 1341 affecta-

302 1378 494 1450 turus)
526 1394 587 1433 se
614 1378 811 1449 ipsum
845 1377 1255 1447 imperatorem
1315 1382 1627 1445 creaverat,
1661 1376 1950 1431 Constan-

303 1468 428 1524 tino
457 1467 609 1522 ultro
645 1466 883 1538 quidem
917 1483 978 1520 se
1004 1465 1200 1521 animo
1227 1465 1433 1531 invito,
1476 1466 1631 1537 quod
1677 1471 1766 1521 est
1795 1466 1949 1537 apud

307 1556 704 1623 Homerum,ei
738 1555 1009 1610 diadema
1040 1555 1601 1626 imponente.Neque
1633 1556 1739 1610 hoc
1758 1556 1951 1623 modo,

309 1655 409 1709 sed
441 1660 498 1710 et
526 1653 701 1724 paulo
724 1660 855 1723 post
875 1652 1063 1707 ﬁlium
1084 1669 1259 1707 suum
1282 1654 1688 1708 Christiferum
1713 1658 1770 1708 et
1787 1653 1954 1723 paulo

311 1746 444 1813 post
472 1742 832 1813 Stephanum
858 1758 921 1796 ac
945 1742 1391 1796 Constantinum
1418 1742 1566 1797 ﬁlios
1591 1744 1660 1797 ad
1689 1744 1953 1797 eamdem

2045 566 2293 645 γαμϐρὸν
2350 571 2450 638 τήν
2512 567 2786 645 βασιλείαν
2851 573 3203 641 μετενεγκεῖν,
3250 566 3344 621 τὸν
3410 572 3691 619 Κωνσταν-

2044 666 2185 713 τῖνον
2240 656 2483 713 ἐκποδὼν
2554 658 2947 729 ποιησάμενος.
3006 658 3176 731 *Οπερ
3235 656 3608 724 συνεννοηκὼς
3666 655 3694 708 6

2046 754 2143 803 τοῦ
2174 750 2688 826 πορφυρογεννήτου
2720 745 3067 822 παιδαγωγὸς
3097 743 3401 819 Θεόδωρος,
3432 744 3507 806 ὡς
3552 742 3695 797 ἄνω-

2050 841 2133 892 Θεν
2186 836 2418 908 εἷ’ρηται,
2471 834 2711 904 σπουδὴν
2779 834 2930 899 ἔθετο
2988 835 3080 889 τὸν
3134 828 3495 908 πρεσϐύτερον
3557 834 3700 885 Ῥω-

2057 928 2221 1000 μανὸν
2275 925 2626 1003 δρουγγάριον
2684 930 2980 994 τηνικαῦτα
3022 928 3129 978 τῶν
3187 920 3463 995 πλωΐμων
3526 921 3699 994 ὑπάρ-

2052 1036 2223 1091 χοντα
2283 1015 2663 1078 οἰκειώσασθαι
2713 1014 2801 1068 καὶ
2848 1018 2970 1075 τοῖς
3020 1011 3335 1087 ἀνακτόροις
3388 1010 3702 1083 εἰσαγαγεῖν

2055 1106 2129 1167 ὡς
2160 1105 2305 1178 τάχα
2343 1102 2558 1180 φύλακα
2586 1104 2676 1158 καὶ
2707 1102 3098 1177 πρόμαχοντοῦ
3126 1099 3394 1176 βασιλέως
3414 1098 3702 1172 ἐσόμενον.

2057 1202 2256 1260 Οὑτοσὶ
2285 1199 2331 1256 δ’
2362 1200 2617 1275 ἀναχθεὶς
2642 1202 2730 1256 καὶ
2772 1206 2889 1261 ταῖς
2916 1200 3051 1254 κὰτά
3098 1200 3287 1274 μικρόν
3348 1194 3568 1258 ἀνὸδοις
3609 1198 3709 1263 τῆς

2058 1293 2234 1361 πάσης
2293 1288 2596 1352 δυναστείας
2648 1290 2936 1367 γενόμενος
2983 1289 3254 1363 ἐγκρατὴς
3314 1287 3411 1342 οὐκ
3468 1285 3711 1358 ἐνέμεινε

2058 1381 2175 1443 τοῖς
2206 1378 2462 1448 δοθεῖσιν,
2494 1378 2643 1435 ἀλλὰ
2681 1379 2807 1441 τοὺς
2860 1376 3184 1451 δεδομένους
3217 1378 3476 1447 ἀθετήσας
3508 1375 3711 1448 ὅρκους

2060 1471 2147 1544 (ᾖν
2202 1471 2305 1545 γὰρ
2366 1466 2825 1545 φρικωδεστάταις
2891 1467 3261 1543 ὁρκωμοσίαις
3302 1467 3489 1521 ἑαυτὸν
3541 1486 3709 1518 κατα-

2064 1558 2341 1632 δεσμήσας
2402 1560 2476 1632 μὴ
2529 1557 2586 1613 ἄν
2629 1579 2760 1613 ποτε
2823 1557 3097 1632 βασιλείας
3147 1550 3325 1629 ἔφεσιν
3385 1554 3710 1630 ἐσχηκέναι)

2066 1648 2250 1704 ἒάυτόν
2282 1669 2340 1703 τε
2392 1647 2719 1723 ἀνηγόρευσε
2770 1647 3012 1722 βασιλέα,
3060 1646 3322 1707 έκουσίως
3365 1650 3461 1699 τοῦ
3492 1664 3714 1719 πορφυ-

2070 1740 2393 1814 ρογεννήτου
2425 1736 2635 1791 ἂέκοντί
2665 1758 2727 1811 γε
2774 1738 2931 1807 θυμῷ
2981 1738 3161 1808 (τοῦτο
3195 1733 3260 1804 δὴ
3291 1735 3353 1789 τὸ
3383 1736 3717 1811 Ὁμηρικὸν)

315 1836 579 1887 evexerat
600 1831 1089 1902 designationem.
1109 1832 1233 1902 Ipse
1257 1832 1574 1902 imperator
1605 1830 1955 1895 declaratus,

2067 1828 2375 1902 περιθέντος
2429 1826 2576 1898 αὐτῷ
2630 1826 2692 1880 τὸ
2747 1823 3008 1897 διάδημα,
3040 1824 3229 1879 καὶού
3283 1824 3445 1898 μόνον
3498 1825 3718 1896 ὶαυτὸν,

317 1936 692 1991 nequaquam
727 1924 1038 1975 contentus
1069 1921 1326 1975 secundo
1377 1920 1524 1985 loco,
1576 1920 1957 1991 pmdagogum

317 2014 373 2065 et
399 2008 544 2064 alios
577 2025 726 2080 quos
757 2008 869 2063 sibi
902 2010 1021 2063 fore
1062 2009 1306 2079 putabat
1353 2009 1774 2080 impedimento
1828 2009 1963 2062 sub-

319 2102 577 2153 moverat
610 2114 623 2150 :
658 2098 847 2168 primo
872 2098 995 2153 loco
1027 2114 1088 2152 se
1111 2097 1354 2152 salutari
1381 2099 1793 2169 imperatorem
1820 2098 1961 2150 fece-

317 2191 493 2257 rat,et
508 2187 579 2241 ad
605 2203 665 2242 se
684 2187 949 2241 omnium
964 2203 1158 2241 rerum
1180 2186 1749 2241 administrationem
1766 2191 1959 2240 trans-

314 2275 549 2331 tulerat.
585 2275 836 2330 Proximi
870 2277 940 2330 ab
972 2276 1099 2347 ipso
1131 2274 1258 2345 ﬁlii,
1293 2275 1498 2330 ultimo
1524 2275 1647 2330 loco
1676 2275 1959 2330 Constan-

313 2363 474 2420 tinus
508 2365 720 2419 Lsonis
752 2365 909 2419 ﬁlius
960 2365 1279 2436 imperator
1335 2364 1805 2437 nuncupabatur,
1867 2364 1960 2417 cui

314 2454 461 2509 nihil
487 2460 694 2527 prater
714 2454 979 2509 habitum
1003 2459 1059 2509 et
1088 2471 1298 2509 nomen
1321 2455 1693 2525 imperatoris
1714 2459 1839 2508 erat
1868 2470 1961 2507 re-

313 2542 544 2610 lictum,
575 2560 779 2599 omnes
821 2544 1046 2599 fructus
1107 2543 1187 2598 rei
1242 2544 1521 2615 adempti.
1582 2545 1785 2614 Itaque
1815 2546 1959 2597 Con-

315 2632 610 2688 stantinus
625 2650 929 2703 nunquam
947 2650 1059 2687 non
1082 2633 1309 2703 paterni
1330 2632 1557 2703 imperii
1579 2631 1962 2703 recuperandi

318 2721 523 2775 avidus
554 2730 610 2775 et
654 2721 1027 2791 surreptitios
1075 2720 1288 2776 elidere
1335 2722 1601 2791 cupiens,
1631 2722 1871 2776 tandem
1902 2720 1960 2774 id

319 2824 381 2864 se
412 2809 581 2864 aliter
611 2810 894 2864 conﬁcere
926 2826 1040 2864 non
1073 2824 1244 2880 posse
1276 2810 1688 2864 animadvertit
1719 2826 1894 2880 quam
1915 2810 1965 2864 si

324 2896 472 2951 ﬁlios
504 2902 708 2953 contra
738 2902 962 2969 patrem
1005 2898 1299 2953 excitaret.
1353 2898 1506 2954 322
1554 2898 1687 2953 Jam
1737 2899 1796 2953 in
1848 2900 1967 2954 fata

324 2986 1048 3055 concesserat'Christifer,
1110 2993 1167 3042 et
1226 2992 1572 3059 supererant
1630 2989 1965 3059 Stephanus

326 3081 499 3147 atque
518 3075 958 3131 Constantinus.
990 3077 1247 3141 Quorum
1271 3076 1427 3131 hunc
1452 3081 1515 3131 ut
1540 3076 1719 3131 animi
1745 3078 1969 3132 ﬁrmio-

328 3181 447 3220 rem
472 3163 785 3219 sollicitare
817 3181 934 3219 non
968 3171 1241 3233 ausus,ut
1261 3165 1599 3221 institutum
1632 3167 1964 3233 conﬁceret,

322 3261 899 3318 omniasuaconsilia
920 3280 985 3318 ac
1008 3264 1200 3319 studia
1227 3264 1295 3318 ad
1322 3263 1962 3334 Stephanumcorrum-

319 3352 575 3422 pandum
598 3352 841 3418 confert,
870 3352 1170 3407 vaniorem
1206 3351 1429 3408 scilicet
1468 3359 1523 3408 et
1552 3352 1611 3407 in
1656 3371 1801 3425 quas
1833 3354 1965 3425 quis

318 3439 488 3495 vellet
520 3445 711 3508 partes
750 3440 1205 3495 mutabiliorem.
1266 3443 1404 3495 Eam
1462 3444 1532 3496 ad
1569 3458 1690 3496 rem
1739 3446 1966 3497 socium

327 3529 481 3599 capit
509 3532 684 3599 atque
706 3529 1125 3583 administrum
1150 3529 1427 3584 Basilium
1448 3536 1834 3602 cognomento
1862 3531 1971 3585 Vo—

330 3617 572 3684 lucrem,
607 3616 902 3672 hominem
929 3618 1185 3689 prompti
1217 3618 1433 3690 ingenii
1465 3625 1522 3674 et
1553 3620 1971 3675 machinanda-

328 3722 458 3760 rum
492 3704 854 3761 fallaciarum
887 3707 1153 3778 apprime
1183 3707 1482 3775 callidum,
1506 3712 1645 3762 tunc
1677 3708 1735 3763 in
1768 3708 1972 3764 cohor-

329 3801 446 3848 tem
471 3794 804 3850 sodalitatis
829 3794 1188 3860 allectum,et
1210 3797 1309 3865 qui
1342 3814 1375 3851 a
1394 3814 1573 3867 puero
1595 3798 1976 3853 Constantino

331 3884 517 3938 fuerat
540 3889 714 3939 notus
738 3890 912 3955 atque
944 3883 1394 3939 familiaris.Per
1420 3884 1577 3940 hunc
1599 3886 1708 3941 sibi
1731 3886 1976 3956 Stepha-

330 3988 471 4026 num
501 3988 679 4043 quam
711 3973 970 4043 primum
1004 3972 1261 4027 amicum
1293 3973 1477 4028 facere
1508 3975 1726 4042 studet,
1747 3974 1978 4030 blandis

332 4060 642 4132 deceptum
675 4061 1051 4115 sermonibus
1083 4065 1139 4115 et
1167 4061 1473 4117 fraudibus
1505 4080 1539 4117 a
1569 4069 1727 4117 recta
1756 4064 1981 4118 abduc-

336 4156 460 4204 tum
496 4149 740 4204 ratione.
774 4149 1024 4203 Proinde
1056 4148 1329 4218 Basilius,
1364 4166 1493 4204 cum
1528 4152 1685 4205 omni
1718 4152 1827 4206 hoc
1851 4168 1982 4205 con-

338 4236 572 4293 fecisset
601 4240 810 4292 conatu
846 4242 912 4292 ut
942 4237 1094 4292 inter
1125 4236 1445 4293 familiares
1495 4239 1810 4295 haberetur
1857 4241 1981 4296 Ste-

336 4325 537 4397 phani,
572 4327 772 4381 crebro
805 4326 877 4381 ad
910 4342 1045 4381 eum
1072 4326 1380 4394 ventitare,
1413 4329 1898 4399 sermonibusque
1921 4345 1986 4383 ac

336 4422 602 4478 consiliis
632 4422 935 4478 hominem
968 4423 1346 4479 titillantibus
1373 4427 1546 4497 cmpit
1572 4442 1605 4480 a
1626 4443 1769 4481 sana
1793 4431 1986 4481 mente

337 4511 622 4584 paulatim
652 4512 1029 4577 dimovere,et
1057 4512 1118 4566 in
1152 4513 1300 4567 hanc
1333 4514 1450 4568 fere
1481 4514 1832 4585 compellare
1854 4532 1986 4571 sen-

2072 1916 2196 1972 ἁλλ⁹
2249 1913 2357 1985 ἤδη
2418 1915 2549 1988 μετὰ
2610 1915 2800 1990 μικρὸν
2852 1914 2941 1967 καὶ
2996 1912 3366 1989 Χριστοφόρον
3424 1913 3515 1967 τὸν
3572 1914 3717 1968 υἱὸν.

2072 2012 2347 2069 Διαλιπὼν
2383 2010 2429 2067 δ’
2459 2012 2644 2088 ὀλίγον
2699 2012 2787 2066 καὶ
2850 2012 3118 2085 Στέφανον
3170 2011 3261 2065 καὶ
3310 2018 3724 2065 Κωνσταντῖνον

2071 2103 2398 2179 ἀνηγόρευσε
2452 2101 2582 2164 τοὺς
2632 2102 2785 2163 υἱεῖς.
2838 2100 3102 2163 Βασιλεὺς
3153 2098 3209 2154 δε
3256 2100 3575 2176 ἀναρρηθεὶς
3619 2101 3727 2155 οὐχ

2070 2196 2325 2267 ἠγάπησε
2381 2195 2449 2265 τῇ
2508 2190 2817 2267 ἆναρῥήσει,
2880 2188 3005 2244 οὐδὲ
3055 2192 3154 2259 τήν
3219 2186 3468 2262 δευτέραν
3522 2191 3722 2265 χώραν

2073 2282 2219 2357 ἔχειν
2260 2283 2571 2354 ἠσμένισεν,
2606 2278 2730 2335 ἀλλ’
2778 2279 2838 2333 ἐκ
2888 2281 3053 2351 μέσου
3099 2278 3190 2332 τὸν
3236 2276 3579 2353 παιδαγωγὸν
3631 2279 3724 2342 θέ-

2076 2393 2234 2445 μενος
2257 2371 2347 2425 καὶ
2379 2369 2507 2431 τοὺς
2549 2366 2778 2432 λοιποὺς
2824 2367 2950 2429 τοὺς
3007 2366 3122 2445 ὅσοι
3174 2364 3394 2422 ἐδόκουν
3448 2366 3725 2442 προσίστα

2074 2473 2216 2531 σθαι,
2264 2458 2481 2535 πρῶτός
2530 2480 2589 2513 τε
2646 2456 2992 2532 αὐτοκράτωρ
3053 2456 3416 2534 ἀνευφημεῖτο
3472 2458 3562 2510 καὶ
3619 2458 3725 2524 τὴν

2073 2557 2242 2605 πᾶσαν
2296 2553 2403 2603 τῶν
2480 2546 2813 2623 πραγμάτων
2896 2544 3171 2619 διεκόσμει
3242 2544 3532 2616 διοίκησιν.
3591 2548 3729 2601 Μετ’

2073 2639 2230 2693 αὐτὸν
2267 2636 2324 2692 δὲ
2362 2636 2755 2713 ἀνηγορέύοντο
2800 2637 2851 2690 ol
2901 2636 3056 2704 υἱεῖς,
3103 2635 3192 2690 καὶ
3239 2634 3550 2697 τελευταῖος
3583 2636 3727 2689 πάν-

2072 2750 2179 2783 των
2238 2729 2264 2781 ὁ
2326 2731 2747 2787 Κωνσταντῖνος.
2803 2726 2977 2786 Οὗτος
3035 2725 3216 2779 τοίνυν
3278 2725 3305 2779 6
3344 2730 3730 2787 Κωσταντῖνος

2076 2820 2268 2891 σχῆμα
2304 2815 2465 2888 μόνον
2497 2814 2585 2869 καὶ
2637 2813 2810 2887 δνομα
2848 2814 2951 2883 τῆς
3000 2810 3277 2887 βασιλείας
3336 2808 3502 2887 ἔχων,
3534 2817 3647 2867 τῶν
3670 2810 3733 2867 δὲ

2076 2903 2250 2975 ἡδέων
2282 2905 2485 2974 ταύτης
2544 2901 2923 2978 ἐστερημένος,
2978 2904 3127 2975 [633]
3178 2899 3266 2955 διὰ
3312 2900 3511 2963 παντὸς
3568 2900 3732 2977 έγλί-

2077 3016 2209 3070 χετο
2269 2994 2357 3049 καὶ
2414 2991 2692 3068 έπηόχετο
2768 2992 2866 3060 τὴν
2947 2991 3201 3067 πατρῴαν
3278 2989 3729 3044 ἐπανασώσασθαι

2079 3084 2281 3157 ἀρχὴν,
2342 3082 2466 3144 σοὺς
2518 3080 2867 3142 ἐπεισάκτους
2934 3078 3179 3134 ἐκποδὼν
3248 3079 3489 3153 Θέμενος.
3551 3084 3733 3134 Τοῦτο

2080 3170 2136 3226 δὲ
2163 3170 2260 3225 οὐκ
2289 3168 2477 3232 ἄλλως
2507 3166 2644 3242 ᾤετο
2676 3170 2893 3244 ἀγαγεῖν
2920 3169 2993 3229 είς
3016 3167 3190 3244 ἔργον,
3221 3168 3265 3222 εἷ
3302 3169 3377 3241 μὴ
3408 3167 3536 3229 τοὺς
3570 3169 3734 3230 υἱοὺς

2078 3260 2453 3333 έκπολεμώσει
2504 3263 2582 3330 τῷ
2638 3257 2821 3333 πατρί.
2894 3259 2955 3314 Ὀ
3040 3258 3131 3330 μὲν
3195 3256 3286 3312 οὗν
3344 3257 3735 3335 Χριστοιρόρος

2076 3348 2269 3428 ἔφθασε
2317 3350 2406 3404 τὸν
2459 3348 2572 3423 βίον
2633 3347 2945 3415 ἀπολιπεῖν,
2979 3353 3240 3422 περιῆσαν
3288 3344 3335 3401 δ’
3381 3342 3456 3400 ἔτι
3510 3348 3735 3424 Στέφα-

2078 3460 2166 3500 νος
2222 3438 2311 3493 καὶ
2388 3442 2807 3498 Κωνσταντῖνος.
2858 3436 3069 3489 Τούτων
3146 3434 3361 3510 ἐγνώκει
3420 3435 3733 3511 ἀποπειρα-

2081 3535 2257 3597 θῆναι,
2296 3528 2369 3600 μή
2414 3548 2531 3589 πως
2583 3523 2788 3599 δυνηθῇ
2842 3523 3193 3600 ἐκπληρῶσαι
3232 3524 3294 3578 τὸ
3340 3521 3734 3597 σπουδαζόμε-

2082 3639 2195 3672 νον.
2230 3618 2329 3673 Καὶ
2364 3620 2459 3669 τοῦ
2508 3616 2603 3688 μὶν
2653 3617 3057 3671 Κωνσταντίνου
3112 3612 3193 3687 (ἦν
3244 3613 3345 3689 γὰρ
3406 3611 3565 3674 οὗτος
3618 3636 3746 3670 στε-

2086 3706 2349 3780 ρεωτέρας
2435 3703 2646 3780 φρενὸς)
2740 3702 3171 3777 ἀποπειραθῆναι
3257 3701 3355 3755 οὐκ
3431 3700 3744 3773 έτόλμησε,

2084 3795 2276 3869 τρέψαι
2309 3790 2365 3847 δὲ
2393 3794 2490 3861 τὴν
2544 3798 2715 3846 πᾶσαν
2772 3792 3023 3866 μηχανὴν
3068 3790 3156 3845 καὶ
3203 3789 3498 3863 ἀπόπειραν
3556 3788 3747 3864 ἔκρινε

2088 3884 2221 3957 πρὸς
2254 3883 2344 3936 τὸν
2379 3882 2670 3959 Στέφανον,
2718 3879 3046 3957 κουφότερόν
3096 3898 3155 3933 τε
3184 3874 3312 3933 ὅντα
3340 3880 3429 3934 τὸν
3462 3877 3743 3953 λογισμὸν

2088 3975 2174 4027 καὶ
2213 3970 2411 4047 ῥᾳδίως
2447 3972 2882 4048 μεταφερόμενον
2941 3970 3075 4040 πρὸς
3132 3965 3160 4023 ὅ
3211 3992 3293 4033 τις
3330 3970 3419 4025 καὶ
3452 3968 3746 4044 βούλοιτο.

2091 4067 2369 4145 Λαμϐάνει
2401 4071 2538 4146 πρὸς
2566 4074 2725 4124 τοῦτο
2758 4066 3117 4144 συλλήπτορα
3141 4068 3228 4124 καὶ
3263 4068 3525 4145 συνεργὸγ
3570 4069 3751 4146 εὐφυῆ

2090 4183 2208 4215 τινα
2236 4158 2400 4236 ἄνδρα
2456 4159 2547 4213 καὶ
2607 4156 2806 4220 δόλους
2864 4155 3055 4228 πλέξαι
3116 4158 3207 4212 καὶ
3242 4158 3748 4237 μηχανορῥαφῆσαι

2095 4248 2262 4305 δεινόν
2301 4270 2312 4282 ·
2348 4245 2631 4309 Βασίλειος
2689 4245 2846 4309 οὗτος
2906 4246 3218 4322 ἐτύγχανεν,
3252 4248 3280 4301 6
3337 4247 3584 4307 Πετεινὸς
3640 4248 3747 4315 τήν

2094 4338 2490 4412 προσηγορίαν,
2546 4336 2595 4390 έν
2648 4340 2728 4407 τῷ
2792 4335 3026 4410 τάγματι
3084 4340 3183 4401 τῆς
3243 4335 3503 4411 ἑταιρείας
3557 4356 3751 4390 κατει-

2097 4426 2381 4502 λεγμένος,
2429 4425 2519 4480 καὶ
2580 4426 2818 4495 συνήθης
2883 4424 2971 4479 καὶ
3028 4423 3189 4501 φίλος
3238 4423 3369 4497 ἐξέτι
3400 4424 3532 4480 νέων
3565 4424 3751 4499 ὑπάρ-

2099 4536 2215 4591 χων
2257 4517 2335 4588 τῷ
2395 4514 2806 4586 Κωνσταντίνῳ.
2866 4518 3064 4567 Τοῦτον
3111 4514 3373 4568 κοινωνὸν
3432 4513 3754 4589 προσειλή-

336 4602 718 4671 tentiam,cur
740 4602 979 4657 tandem
1013 4602 1327 4673 imperator
1348 4603 1581 4672 juvenis
1612 4620 1677 4657 ac
1708 4605 1913 4660 robore
1934 4621 1962 4659 e

2064 4624 2065 4631 ‘
2098 4627 2178 4684 φει
2212 4610 2308 4659 τοῦ
2340 4604 2673 4676 σκέμματος,
2715 4602 2804 4657 καὶ
2864 4600 2934 4656 δι’
2992 4601 3155 4656 αὐτοῦ
3205 4601 3364 4677 φίλον
3401 4604 3579 4667 θέσθαι
3615 4624 3755 4658 κατ-

340 4690 523 4747 animi
552 4691 776 4746 viribus
807 4699 1115 4762 praestans,
1138 4691 1519 4762 munitusque
1542 4694 1985 4765 prudentia,pa-

340 4784 559 4835 teretur
582 4796 879 4835 summam
933 4796 1129 4834 rerum
1158 4797 1191 4834 a
1214 4787 1405 4835 vetere
1438 4786 1493 4835 et
1515 4783 1639 4852 jam
1674 4789 1845 4853 rupto
1870 4783 1987 4837 lilio

340 4867 448 4939 (sic
482 4872 706 4939 patrem
757 4868 1043 4939 Stephani
1096 4869 1352 4938 notabat)
1398 4870 1694 4940 pendere?
1726 4886 1828 4925 cur
1875 4888 1986 4925 non

340 4970 468 5012 sese
497 4958 798 5027 proferret,
829 4962 886 5011 et
929 4959 1093 5027 patre
1124 4956 1248 5011 suis
1306 4957 1778 5027 generosissimis
1830 4959 1987 5014 obsi-

339 5048 528 5101 stente
560 5044 868 5100 conatibus
881 5049 1177 5100 summoto
1202 5044 1326 5114 ipse
1349 5046 1767 5117 rempublicam
1793 5064 1989 5119 capes-

340 5132 534 5189 seret?
566 5149 701 5187 cum
735 5133 975 5203 quidem
1018 5149 1132 5187 non
1192 5137 1452 5189 Romano
1512 5140 1739 5189 tantum
1799 5137 1898 5190 sed
1935 5141 1991 5191 et

341 5220 749 5294 compluribus
772 5222 925 5279 823
957 5221 1354 5293 gubernandis
1384 5224 1648 5295 imperiis
1672 5224 1986 5280 sufﬁceret.

342 5321 790 5392 Obtemperaret
822 5323 1011 5377 amico
1045 5323 1190 5378 bene
1225 5324 1505 5393 monenti,
1558 5329 1614 5379 et
1665 5325 1735 5379 ad
1768 5340 1860 5379 res
1891 5341 1988 5395 ge-

343 5409 557 5465 rendas
607 5410 898 5481 proderet.
926 5410 1243 5465 Pristinum
1282 5412 1481 5467 ﬂorem
1517 5412 1690 5467 rebus
1712 5414 1989 5468 Romanis

348 5502 742 5571 recuperaret,
774 5503 831 5555 et
881 5498 1079 5555 hostes
1110 5500 1485 5572 opprimeret,
1541 5502 1989 5573 ostenderetque

349 5602 411 5642 re
437 5585 566 5657 ipsa
596 5587 881 5644 divinitus
913 5606 1027 5643 non
1058 5589 1129 5643 ad
1165 5589 1397 5644 irritum
1457 5588 1516 5645 in
1576 5607 1637 5645 se
1692 5596 1809 5645 tam
1843 5608 1989 5662 pras-

351 5676 568 5735 stantia
626 5677 805 5733 animi
862 5677 1239 5748 corporisque
1296 5678 1449 5734 dona
1505 5696 1633 5736 esse
1688 5679 1982 5736 collocata.

2096 4694 2339 4769 ηπείχθη
2402 4694 2492 4747 τὸν
2558 4692 2853 4768 Στέφανον,
2914 4689 3105 4765 λόγοις
3160 4690 3441 4761 αἱμυλίοις
3501 4692 3754 4747 ὑποκλα-

2096 4785 2261 4838 πέντα
2291 4782 2380 4837 καὶ
2414 4782 2639 4843 ἀπάταις
2672 4780 2761 4834 καὶ
2818 4784 3093 4855 μηχαναῖς
3144 4781 3614 4856 παρενηνεγμένον
3649 4787 3753 4837 τοῦ

2098 4871 2390 4946 λογισμοῦ-
2434 4869 2610 4925 Πάντα
2669 4868 2771 4944 γὰρ
2821 4870 3022 4944 τρόπον
3086 4866 3389 4932 σπουδάσας
3434 4870 3461 4924 ὁ
3493 4872 3755 4937 Πετεινὸς

2096 4967 2175 5034 τῷ
2210 4962 2465 5036 Στεφάνῳ
2496 4956 2850 5037 φιλιωθῆναι,
2909 4955 3097 5028 ἐπειδὴ
3148 4957 3478 5033 πεφιλίωτο,
3507 4960 3751 5036 προσῄει

2096 5081 2153 5113 τε
2185 5062 2449 5133 συνεχῶς,
2478 5057 2564 5112 καὶ
2619 5055 2820 5131 λόγους
2880 5054 3040 5109 ἐκίνει
3085 5055 3173 5110 καὶ
3222 5064 3467 5132 προσῆγε
3498 5053 3753 5131 συμϐου-

2098 5147 2195 5209 λὰς
2246 5147 2637 5216 ὑποκνιζοόσας
2694 5144 2850 5199 αὐτὸν
2908 5144 2996 5199 καὶ
3052 5144 3186 5199 κατὰ
3249 5146 3439 5219 μικρὸν
3498 5147 3753 5221 ἀπαγοῦ-

2100 5259 2191 5298 σας
2224 5241 2319 5291 τοῦ
2346 5235 2643 5310 λογισμοῦ.
2679 5259 2706 5286 ‹‹
2739 5236 2856 5289 Ἵνα
2908 5232 2983 5305 τί,
3036 5232 3233 5309 λέγων.
3265 5235 3310 5287 ὦ
3347 5236 3593 5309 βασιλεῦ,
3626 5239 3754 5300 νέος

2101 5325 2173 5379 ὥν
2206 5324 2354 5385 ἰςκόϊ
2395 5346 2457 5379 τε
2487 5319 2793 5399 ῥωμαλέος,
2841 5320 2932 5375 καὶ
2981 5324 3168 5397 ψυχῆς
3213 5325 3551 5398 γενναιότητι
3581 5324 3753 5403 ὑπερ-

2099 5414 2274 5491 φέρων
2332 5412 2421 5467 καὶ
2498 5412 2756 5485 φρονήσει
2831 5409 3275 5484 πεπυκνωμένος,
3332 5413 3398 5467 τὰ
3449 5414 3752 5489 πράγματα

2098 5505 2339 5577 παρορᾷς
2374 5501 2476 5554 ἀπὸ
2529 5504 2731 5555 λεπτοῦ
2788 5499 2877 5554 καὶ
2937 5502 3174 5556 παλαιοῦ
3231 5502 3320 5556 καὶ
3380 5499 3750 5580 διερῥωγότος

2104 5590 2262 5663 μίτου
2296 5613 2324 5641 ››
2356 5589 2466 5663 (τὸν
2518 5589 2680 5645 αὐτοῦ
2724 5590 2927 5666 πατέρα
2973 5589 3443 5665 ὐπαινιττόμενος)
3504 5615 3532 5644 ι(
3590 5592 3754 5671 ἐξαρ-

2098 5679 2334 5753 τώμενα,
2367 5679 2457 5736 καὶ
2508 5679 2568 5736 οὗ
2614 5677 2968 5750 διανίστασαι,
3021 5680 3112 5736 καὶ
3166 5682 3356 5737 τοῦτον
3388 5680 3482 5755 μὶν
3533 5681 3612 5745 ὡς
3643 5684 3754 5758 έμ-
