3922 6132
247 349 310 406 57
1359 345 1904 408 HISTORIARUM
1948 344 2495 407 COMPENDIUM.
3538 343 3617 402 58

244 473 403 530 πόδιον
461 478 574 535 ταῖς
643 480 761 535 σαῖς
841 474 1245 549 γενναιοτάταις
1324 476 1521 550 ὁρμαῖς
1605 472 1793 530 έκποδί

2062 492 2226 530 urum
2256 476 2329 531 ad
2360 475 2482 529 hac
2513 475 2781 545 adjulore
2801 477 2859 529 et
2874 472 3029 529 socio
3051 472 3435 528 Constantino
3452 488 3611 529 soro-

244 570 413 633 ποιεῖς,
440 562 592 625 αὐτὸς
652 560 711 618 δὲ
763 567 875 618 τῶν
936 565 1268 640 πραγμάτων
1321 559 1722 637 ἅντιλαμὸἁνῃ,
1758 562 1852 617 δυ-

243 655 440 723 νίμενος
482 651 585 727 οὐχ
632 651 783 716 ὅπως
831 654 933 722 τήν
983 655 1267 726 Ῥωμαίων
1325 651 1601 728 βασιλείαν
1658 653 1851 725 μόνην,

242 743 366 797 ἀλλὰ
388 743 471 796 καὶ
499 741 713 803 πολλάς
770 743 915 815 ὁμοῦ
946 738 1203 818 κυϐερνᾷν
1231 765 1245 815 ;
1279 745 1407 816 ’Ἄγε
1468 740 1557 813 δὴ,
1604 740 1855 811 πείσθητί

244 854 320 904 μοι
361 832 421 885 τὰ
467 831 723 900 λυσιτελῆ
776 828 1230 905 συμϐουλεύοντι,
1280 834 1372 887 καὶ
1435 829 1717 893 διαναστὰς
1771 832 1858 885 ἀν-

236 918 484 996 τισχέσθαι
558 918 797 990 θέλησον
872 926 980 975 τῶν
1056 923 1421 996 πραγμάτων,
1471 922 1561 975 καὶ
1635 922 1700 974 τὰ
1761 921 1856 993 μὲν

236 1010 495 1082 Ῥωμαίων
584 1008 933 1080 ἀναθηλῆσαι
1006 1010 1431 1085 παρασκεύασον,
1484 1011 1553 1066 τὰ
1631 1007 1687 1063 δὲ
1752 1014 1859 1064 τῶν

238 1099 392 1174 έχθῶν
446 1099 803 1171 ταπείνωσον,
857 1100 947 1154 καὶ
1000 1096 1171 1169 δεῖξον
1257 1093 1434 1175 ἔργοις
1516 1099 1702 1160 αὐτοῖς
1783 1099 1859 1159 ὡς

239 1189 288 1243 οὗ
319 1186 402 1242 διὰ
426 1195 586 1257 κενῆς
616 1187 743 1243 οὐδὲ
777 1188 951 1262 μάτην
982 1191 1016 1257 ἡ
1049 1188 1349 1243 έπανθοῦσά
1379 1210 1467 1242 σοι
1500 1189 1616 1265 ὥρα
1658 1189 1747 1242 καὶ
1795 1188 1860 1242 τὰ

240 1276 388 1331 λοιπὰ
412 1285 510 1347 τῆς
537 1281 728 1353 ψυχῆς
757 1279 817 1333 ἐκ
866 1283 999 1333 Θεοῦ
1050 1299 1135 1332 σοι
1192 1276 1526 1352 δεδώρηνται
1584 1280 1860 1354 προτερή-

241 1388 381 1439 ματα.
409 1370 584 1440 Ἕξεις
634 1365 691 1421 δὲ
737 1368 813 1429 είς
854 1373 1015 1423 τοῦτο
1062 1368 1467 1436 συναγωνιστὴν
1509 1368 1597 1421 xui
1652 1366 1859 1437 συλλή-

238 1478 391 1532 πτορα
442 1456 531 1511 xui
578 1458 671 1511 τὸν
722 1459 812 1512 σὸν
874 1454 1120 1533 γαμϐρὸν
1197 1459 1287 1512 τὸν
1365 1457 1860 1536 ποφυρογέννητον,

239 1544 343 1599 λίαν
392 1543 790 1609 θεοκλυτοῦντα
840 1548 930 1601 καὶ
1007 1548 1356 1622 ἱμειρόμενον
1428 1554 1528 1616 τῆς
1594 1552 1690 1601 τοῦ
1766 1551 1862 1601 σοῦ

238 1636 416 1709 πατρὸς
446 1635 879 1710 έλευθερωθῆναι
916 1636 1215 1712 βαρύτητος
1268 1637 1357 1691 καὶ
1403 1637 1549 1712 παρὰ
1594 1638 1689 1690 σοῦ
1731 1658 1861 1690 κατ-

241 1726 440 1797 όψεσθαι
498 1726 598 1793 τὴν
682 1723 957 1799 βασιλείαν
1042 1724 1485 1801 κυϐερνωμένην.
1550 1750 1578 1776 ››
1636 1725 1862 1787 Τούτοις

246 1814 509 1887 ὑποθυμὶς
538 1818 658 1877 τοῖς
688 1813 880 1888 λόγοις
930 1816 957 1867 ὁ
1013 1816 1281 1891 Στέφανος
1328 1815 1629 1889 κατεσχέθη
1688 1836 1747 1869 τε
1795 1819 1863 1888 τῇ
1897 1856 1943 1920 Β

274 1909 295 1919 -
389 1901 402 1919 .
690 1902 703 1920 ,
800 1901 814 1920 ,
895 1914 913 1920 -
1009 1903 1021 1920 ι
1184 1903 1197 1920 ς
1267 1905 1286 1919 ,.
1545 1898 1569 1920 ,ι
1640 1903 1660 1920 ι
1783 1903 1795 1920 ς

240 1909 323 1969 τῆς
349 1901 767 1976 αὐτοκρατορίας
796 1901 1057 1975 ἐπιθυμίᾳ
1111 1903 1198 1958 xui
1260 1905 1487 1979 ἄσχετον
1542 1898 1715 1979 ὄρεξιν
1772 1903 1866 1957 ἀν-

245 1989 435 2059 εδέξατο
484 1996 582 2046 τοῦ
629 1998 945 2067 καταγαγεῖν
990 1993 1078 2047 τὸν
1126 1993 1317 2047 ἑαυτοῦ
1368 1994 1573 2067 πατέρα
1618 2000 1717 2062 τῆς
1767 1995 1861 2067 βα-

244 2079 452 2140 σιλείας.
487 2078 727 2137 Μέλλων
759 2078 818 2133 δε
860 2079 1127 2156 ἐγχειρεῖν
1166 2087 1283 2143 τοῖς
1334 2080 1579 2156 δοχθεῖσι
1637 2082 1725 2135 καὶ
1774 2080 1866 2135 λὸ·

241 2190 355 2243 γους
385 2168 791 2240 αἰνιττομένους
818 2169 881 2224 τὸ
930 2166 1369 2243 σπουδαζόμενον
1425 2170 1730 2245 ἐποσπείρει
1787 2175 1865 2242 τῷ

244 2255 462 2335 ἀδελφῷ.
501 2257 648 2313 Ἐπεὶ
679 2255 725 2311 δ’
755 2257 912 2319 οὗτος
965 2258 1054 2312 καὶ
1083 2259 1220 2333 πρὸς
1274 2261 1375 2329 τήν
1423 2259 1646 2335 πρώτην
1697 2260 1865 2327 ἀκοὴν

242 2347 469 2420 ἄτεγκτος
525 2349 613 2414 ἦν,
663 2346 755 2401 καὶ
818 2346 1046 2421 παρῄνει
1105 2344 1317 2420 μᾶλλον
1381 2351 1455 2420 μὴ
1517 2348 1729 2425 θαῤῥεῖν
1786 2352 1865 2420 τῷ

241 2429 498 2507 γαμϐρῷ,
552 2430 699 2489 ἀλλὰ
766 2441 870 2503 τῆς
945 2435 1199 2510 πατρῴας
1270 2435 1532 2491 ἐνουθέτει
1591 2436 1863 2511 ἐξέχεσθαι

1964 565 2044 619 ris
2080 566 2309 635 marito,
2344 564 2490 620 nihil
2525 564 2681 619 aliud
2736 565 2794 619 in
2843 564 2991 619 votis
3039 563 3290 617 habente
3339 578 3516 633 quam
3550 566 3614 617 ut

1966 656 2148 710 soceri
2183 660 2534 710 exoneratus
2568 654 2909 709 morositate
2930 654 3147 723 abipso
3177 652 3371 706 videat
3401 651 3613 723 guber-

1966 743 2092 798 nari
2126 744 2461 815 imperium.
2498 743 2598 797 His
2629 743 2822 798 verdis
2870 742 3098 796 illectus
3141 740 3475 812 Stephanus
3509 756 3615 794 cu-

1967 832 2210 903 piditate
2268 833 2500 903 imperii
2558 837 2714 887 totus
2766 836 3108 903 occupatur,
3165 830 3374 900 suique
3432 831 3614 901 patris

1967 922 2294 992 deponendi
2314 921 2618 977 infrenem
2642 923 2839 977 animo
2860 921 3115 992 concipit
3136 919 3612 975 libidinem.Rem

1968 1011 2168 1082 itaque
2196 1026 2585 1083 aggressurus
2613 1011 2778 1066 fratri
2808 1027 2930 1066 rem
2963 1026 3066 1082 per
3122 1009 3400 1081 ambages
3432 1008 3614 1080 signi-

1970 1100 2314 1165 ﬁcat.Quem
2346 1117 2476 1155 cum
2507 1101 2691 1172 primo
2722 1100 2925 1155 auditu
2947 1115 3187 1171 prorsus
3205 1099 3276 1153 ab
3305 1098 3415 1153 hoc
3442 1098 3615 1152 insti-

1968 1193 2095 1244 tuto
2111 1190 2367 1244 alienum
2386 1206 2515 1244 esse
2534 1189 3119 1258 videret,hortarique
3133 1195 3196 1244 ut
3214 1188 3272 1241 in
3294 1188 3406 1243 ﬁde
3418 1186 3616 1258 potius

1971 1279 2157 1350 patris
2174 1294 2351 1351 quam
2374 1279 2432 1333 in
2456 1281 2673 1334 sororis
2695 1279 2891 1334 mariti
2912 1278 3173 1333 amicitia
3195 1277 3616 1349 acquiesceret,

1972 1369 2190 1422 omisso
2221 1385 2310 1437 eo,
2343 1375 2404 1422 ut
2436 1385 2609 1438 quem
2635 1368 2745 1423 sibi
2776 1368 3192 1440 impedimento
3216 1366 3409 1438 potius
3433 1381 3609 1437 quam

1972 1456 2186 1512 auxilio
2217 1458 2337 1512 fore
2365 1458 2676 1528 judicaret,
2722 1458 2848 1528 ipse
2897 1462 3184 1527 quantum
3235 1471 3327 1510 res
3377 1453 3617 1509 omnino

1973 1546 2169 1613 ferret,
2202 1548 2439 1617 exsequi
2473 1564 2642 1602 suam
2676 1547 3026 1601 sententiam
3059 1544 3332 1599 intendit.
3376 1544 3523 1615 Ergo
3556 1543 3614 1596 in

1973 1636 2313 1691 societatem
2346 1636 2546 1704 ascito,
2580 1644 2788 1707 praeter
2817 1633 3417 1702 Basilium,monacho
3439 1632 3616 1687 etiam

1976 1724 2256 1792 Mariano,
2285 1725 2402 1780 filio
2437 1726 2645 1780 Leonis
2674 1725 2943 1797 Argyri,a
2977 1725 3235 1779 Romano
3266 1724 3618 1793 imperatore

1974 1830 2153 1886 quam
2185 1813 2439 1869 maxime
2470 1813 2759 1885 dilecto,et
2796 1812 3095 1869 nonnullis
3128 1812 3496 1879 aliis,nactus
3520 1828 3619 1881 op-

1978 1902 2397 1974 portunitatem
2428 1903 2672 1975 imperio
2705 1906 2929 1974 patrem
2972 1902 3191 1972 dejicit,
3245 1900 3338 1955 die
3394 1900 3617 1955 mensis

1977 1992 2310 2047 Decembris
2346 1994 2430 2059 16,
2465 1992 2779 2048 indictione
2810 1992 2864 2059 3,
2896 2008 3049 2046 anno
3078 1992 3465 2056 6453,annum
3490 1990 3617 2060 jam

1973 2083 2044 2136 26
2072 2082 2458 2154 imperantem
2494 2098 2506 2136 :
2540 2099 2606 2137 ac
2637 2084 2695 2137 in
2729 2084 2884 2137 324
2920 2085 3149 2135 Protam
3183 2079 3440 2136 insulam
3476 2078 3619 2133 rele-

1975 2176 2109 2244 gato
2137 2171 2225 2226 vel
2253 2171 2432 2227 invito
2462 2176 2638 2242 caput
2666 2172 2818 2226 radit
2850 2176 2907 2226 et
2937 2169 3209 2225 monachi
3229 2170 3410 2225 vitam
3434 2170 3621 2238 impo-

1976 2262 2082 2315 nit.
2128 2259 2343 2315 Exinde
2398 2261 2730 2332 Stephanus
2762 2259 2970 2329 mejori
3031 2258 3226 2314 studio
3282 2259 3459 2313 rebus
3514 2258 3620 2311 ad-

1977 2350 2385 2405 ministrandis
2442 2366 2503 2405 se
2552 2350 2730 2417 dedit,
2786 2348 3024 2421 collegis
3079 2347 3286 2403 marito
3317 2346 3535 2403 sororis
3566 2348 3622 2401 et

1976 2439 2171 2493 fratre.

239 2523 448 2585 πίστεως
506 2522 595 2577 xui
654 2521 863 2597 φιλίας,
925 2525 1008 2598 [Ρ.
1062 2526 1187 2597 634]
1244 2529 1433 2579 τοῦτον
1516 2525 1609 2599 μὶν
1680 2532 1921 2600 παρῆκεν
1977 2526 2053 2586 ὡς
2110 2522 2373 2598 ἐμπόδιον
2436 2522 2671 2597 μᾶλλον,
2729 2522 2854 2578 ἀλλ’
2914 2523 2975 2578 οὐ
3029 2524 3283 2597 συνεργὸν
3339 2521 3618 2595 ἐσόμενον,

238 2611 376 2672 αὐτὸς
433 2609 482 2665 δ’
526 2611 684 2683 ᾠήθη
747 2612 824 2674 ὡς
883 2612 1109 2668 ἀνυστὸν
1169 2612 1484 2688 ἰγχειρῆσαι
1538 2619 1653 2676 τοῖς
1711 2612 2082 2688 δεδογμένοις.
2140 2615 2695 2690 Ηροσεταιρισάμενος
2755 2612 2847 2667 οὖν
2906 2612 2999 2667 σὺν
3049 2617 3130 2684 τῷ
3187 2610 3401 2686 ῥηθέντι
3457 2612 3618 2666 Βασι-

239 2699 355 2772 λείῳ
381 2702 472 2755 καὶ
500 2702 593 2755 τὸν
630 2701 873 2776 μοναχὸν
903 2703 1173 2777 Μαριανὸν
1203 2704 1295 2757 τὸν
1346 2704 1458 2758 υἱὸν
1516 2704 1746 2765 Λέοντος
1801 2708 1897 2758 τοῦ
1928 2705 2222 2779 Ἀργυροῦ,
2283 2703 2386 2757 ὑπὸ
2430 2708 2527 2757 τοῦ
2588 2701 2854 2777 βασιλέως
2884 2703 3165 2776 Ῥωμανοῦ
3223 2700 3341 2755 λίαν
3396 2699 3487 2754 καὶ
3538 2720 3619 2753 τι-

247 2792 476 2862 μώμενον
538 2790 627 2844 καὶ
677 2792 1085 2863 πιστευόμενον,
1139 2793 1230 2846 καί
1279 2814 1426 2854 τινας
1484 2790 1691 2856 ἀλλους
1747 2792 1839 2846 σὺν
1900 2792 2105 2861 αὐτοῖς,
2165 2794 2491 2867 εὐκαιρήσας
2540 2796 2785 2862 κατασπᾷ
2854 2792 2945 2847 τὸν
3016 2790 3179 2845 αὐτοῦ
3253 2789 3457 2863 πατέρα
3520 2790 3620 2856 τῆς

238 2877 419 2952 ἀρχῆς,
479 2880 613 2952 μηνὶ
676 2876 995 2955 Δεκεμϐρίῳ
1055 2887 1140 2950 ις’,
1199 2879 1534 2944 ίνδικτιῶνος
1591 2885 1656 2957 γ’,
1713 2879 1863 2943 ἔτους
1904 2884 2070 2957 ςυνγ’,
2125 2887 2203 2945 κς¹
2258 2881 2483 2935 ἀνύοντα
2540 2880 2592 2935 έν
2649 2885 2717 2954 τῇ
2771 2878 3019 2956 βασιλείᾳ
3099 2878 3359 2946 ἐνιαυτὸν,
3407 2879 3494 2932 καὶ
3547 2881 3617 2950 τῇ

239 2968 373 3038 νήσῳ
422 2968 622 3043 Πρώτῃ
699 2970 1022 3045 περιορίζει,
1082 2971 1374 3047 ἀποκείρας
1456 2972 1544 3026 xui
1621 2969 1817 3026 ἄκοντα
1888 2976 2081 3026 τοῦτον
2171 2971 2433 3045 μοναχόν.
2496 2972 2915 3045 Κατενεχθέντος
2999 2962 3089 3024 οὖν
3169 2973 3265 3023 τοῦ
3341 2969 3621 3040 Ῥωμανοῦ

236 3055 418 3119 εὐθέως
471 3059 499 3111 ὁ
562 3059 841 3133 Στέφανος
901 3061 1276 3135 γενναιοτέρως
1328 3060 1531 3131 ἥπτετο
1588 3066 1695 3116 τῶν
1750 3060 2107 3137 πραγμάτων.
2168 3066 2742 3137 κοινοπραγμονοῦντα
2794 3056 2937 3136 ἔχων
2989 3060 3081 3115 τόν
3127 3080 3185 3114 τε
3230 3052 3475 3134 γαμϐρὸν
3535 3055 3624 3112 καὶ

240 3146 320 3199 τὸν
352 3143 581 3223 ἀδελφόν
593 3191 605 3203 .

302 3236 441 3289 Ἐπεὶ
482 3232 539 3289 δὲ
578 3236 654 3309 μὴ
706 3237 759 3292 έν
806 3244 969 3292 πᾶσιν
1007 3238 1215 3311 ὁμοίως
1256 3239 1571 3315 ἠρέσκοντο,
1604 3238 1731 3295 ἀλλ’
1763 3236 1851 3303 ἔσθ

2075 3242 2200 3305 )uia
2230 3259 2364 3295 vero
2398 3258 2511 3296 non
2544 3242 2745 3296 eadem
2778 3241 3053 3295 omnibus
3102 3240 3525 3310 probabantur,
3557 3253 3624 3291 ex

243 3325 339 3396 επις,
366 3326 452 3378 καὶ
485 3323 809 3403 διεφώνουν,
838 3327 986 3403 ἀρχὴ
1036 3331 1503 3403 προσκρουμάτων
1556 3330 1615 3383 ἐκ
1668 3328 1868 3399 ταύτης

238 3420 327 3481 τῆς
380 3413 557 3477 αἰτίας
630 3414 842 3492 ἐφύετο,
892 3419 983 3470 xui
1043 3417 1358 3472 ὑπώπτευον
1439 3417 1721 3489 ἀλλήλους
1779 3420 1865 3472 καὶ

243 3502 547 3579 ὖξτηρῶντο,
603 3504 696 3558 τὸν
761 3506 854 3573 μὶν
932 3508 1438 3583 πορφυρογέννητον
1488 3509 1515 3562 ὁ
1574 3508 1869 3586 Στέφανος,

240 3589 427 3653 ἐκεῖνος
462 3590 520 3646 δὶ
568 3592 721 3656 αὖθις
753 3595 781 3648 ὁ
811 3596 1338 3671 πορφυρογέννητος,
1372 3596 1461 3650 xui
1520 3599 1634 3650 κατ’
1692 3594 1869 3667 ἀλλή-

239 3676 341 3732 λων
362 3678 583 3736 ’ἕκαστον
615 3680 867 3754 ἐμελέτα.
902 3684 1005 3740 Καὶ
1063 3682 1303 3754 σπουδὴν
1358 3685 1451 3757 μὲν
1513 3685 1541 3739 ὁ
1600 3686 1871 3759 Στέφανος

236 3769 317 3820 καί
362 3770 546 3843 ἀγῶνα
594 3771 657 3825 οὔ
705 3772 797 3825 τὸν
838 3773 1077 3847 τυχόντα
1131 3769 1498 3829 κατεϐάλλετο
1526 3774 1604 3837 εἷς
1633 3776 1695 3830 τὸ
1749 3796 1872 3829 κατ-

238 3865 448 3931 αγαγεῖν
480 3860 575 3914 τὸν
608 3858 841 3938 ἀδελφὸν
872 3863 961 3915 καὶ
999 3864 1088 3917 τὸν
1147 3858 1396 3939 γαμϐρὸν
1454 3862 1545 3918 καὶ
1597 3863 1873 3939 μόναρχος

235 3945 623 4026 ὑπολειφθῆναι
672 3955 788 4011 τοῖς
836 3950 1169 4025 πράγμασιν
1231 3953 1357 4008 ἀλλ’
1416 3951 1528 4008 ἐπεὶ
1586 3954 1725 4007 κατὰ
1777 3954 1871 4007 τὸν

233 4037 460 4105 ποιητὴν
484 4039 599 4109 (86)
632 4037 737 4092 εἶσὶ
794 4038 884 4094 xui
937 4037 1083 4095 ἄλλα
1137 4042 1308 4115 πυρὸς
1360 4040 1683 4117 θερμότερα,
1716 4038 1873 4105 ἔλαθε

227 4125 396 4177 πεθών
434 4123 650 4198 μᾶλλον
696 4128 731 4196 ἢ
765 4125 984 4202 δράσας,
1025 4132 1120 4182 τοῦ
1178 4129 1598 4201 Κωνσταντίνου,
1650 4129 1869 4203 ἐπείπερ

231 4208 418 4284 ᾔσθετο
445 4209 963 4289 ἐπιϐουλευόμενος,
992 4212 1270 4288 ἀναϐολὴν
1316 4220 1391 4291 μὴ
1445 4217 1745 4281 δεδωκότος
1800 4223 1870 4294 τῇ

228 4299 555 4376 ἐγχωρήσει,
603 4304 789 4360 πολλᾶ
829 4306 921 4360 καὶ
969 4313 1073 4377 τῆς
1120 4308 1370 4381 γυναικὸς
1427 4306 1592 4363 αὑτοῦ
1648 4307 1871 4379 Ἑλένης

228 4389 540 4463 ἐρεθισάσ-ης
566 4393 725 4448 αὐτὸν
765 4396 903 4470 πρὸς
945 4396 1007 4452 τὸ
1052 4403 1376 4472 καταγαγεῖν
1429 4405 1529 4467 τῆς
1590 4397 1869 4474 βασιλείας

224 4478 340 4539 τοὺς
393 4478 683 4558 ἀδελφούς.
740 4484 1009 4560 Ἐκφήνας
1056 4482 1149 4539 οὗν
1195 4485 1258 4540 τὰ
1312 4489 1608 4561 μυστήριον
1658 4491 1735 4559 τῷ
1789 4486 1869 4542 εἰ·

226 4570 440 4640 ρημένῳ
502 4570 770 4643 Βασιλείῳ
815 4576 896 4644 τῷ
941 4576 1195 4645 Ηετεινῷ,
1228 4574 1320 4629 καὶ
1373 4572 1444 4629 δι’
1485 4574 1649 4630 αὐτοῦ
1696 4595 1866 4649 προσ-

221 4629 555 4731 κτησάμενος
631 4629 752 4715 τὸν.
810 4629 1106 4736 Μαριανὸν,
1148 4629 1236 4718 Ιἔτι
1297 4662 1355 4718 δὲ
1411 4629 1747 4742 Νικηφόρονι
1782 4629 1870 4720 καὶ
1904 4629 1950 4694 D

234 4747 422 4801 Λέοντα
454 4748 585 4810 τοὺς
616 4748 766 4811 υἱοὺς
798 4749 978 4827 Βάρδα
1005 4756 1103 4806 τοῦ
1133 4758 1323 4820 Φωκᾶ,
1354 4750 1625 4808 Νικόλαόν
1676 4774 1734 4809 τε
1781 4754 1870 4808 καὶ

228 4836 415 4891 Λέοντα
462 4837 593 4899 τοὺς
654 4839 975 4914 Τορνικίους
1030 4841 1123 4895 xui
1186 4839 1392 4904 ἄλλους
1464 4842 1567 4897 οὐκ
1624 4841 1868 4917 ὀλίγους,

229 4921 385 4991 μηδὲν
420 4925 811 5003 ὑφορωμένους
854 4929 945 4982 τὸν
994 4928 1264 5007 Στέφανον
1304 4930 1395 4985 καὶ
1438 4931 1529 4985 τὸν
1585 4936 1871 4987 Κωνσταν-

224 5017 382 5081 τίνον,
413 5015 535 5069 κατ’
570 5014 725 5071 αὐτὸν
753 5017 845 5071 τὸν
872 5019 1058 5094 καιρὸν
1090 5024 1188 5073 τοῦ
1232 5020 1456 5088 ἀρίστου
1507 5025 1869 5095 συναριστῶν-

224 5121 306 5163 τας
339 5103 514 5173 αὐτῷ,
542 5104 914 5173 ἀναρπάστους
968 5107 1150 5177 τίθησι
1202 5107 1294 5163 καί
1349 5104 1701 5179 καταϐιϐάζει
1760 5116 1867 5166 τῶν

232 5190 631 5267 βασιλείων,τῇ
680 5196 760 5263 κζ’
800 5199 898 5249 τοῦ
940 5196 1269 5272 Ἰανουαρίου
1324 5198 1495 5271 μηνὸς
1553 5205 1654 5268 τῆς
1700 5198 1869 5269 αὐτῆς

223 5281 262 5353 γ’
308 5279 670 5352 ἷνδικτιῶνος,
713 5285 801 5339 καὶ
854 5282 1173 5362 πλοιαρίοις
1215 5286 1497 5362 ἂνθέμενος
1558 5287 1866 5364 ὑπερορίζει

1977 3330 2448 3385 dissensionibus
2493 3328 2824 3384 simultates
2857 3330 3009 3383 inter
3038 3344 3136 3383 eos
3169 3333 3343 3398 atque
3392 3326 3625 3382 offensae

1978 3419 2346 3485 exstiterunt;
2371 3425 2800 3489 suspectusque
2831 3416 3362 3490 porphyrogenitus
3381 3414 3626 3486 Stepha-

1979 3526 2053 3563 no
2086 3525 2214 3563 esse
2244 3514 2418 3578 atque
2450 3508 2543 3562 hic
2574 3507 2658 3560 illi
2700 3512 3023 3577 cmperunt,
3052 3505 3311 3576 alterque
3344 3505 3414 3559 de
3445 3502 3627 3558 altero

1981 3598 2384 3652 submovendo
2417 3598 2691 3668 cogitare.
2727 3597 2879 3651 Sane
2936 3595 3093 3649 haud
3156 3592 3431 3648 mediocri
3485 3608 3627 3646 cura

1982 3692 2153 3757 atque
2182 3692 2392 3742 conatu
2427 3687 2483 3740 in
2515 3687 2571 3740 id
2604 3686 2874 3740 incubuit
2904 3683 3259 3755 Stephanus,
3296 3688 3361 3737 ut
3389 3680 3628 3753 collegis

1981 3774 2228 3846 imperio
2258 3781 2455 3847 erepto
2489 3774 2651 3831 solus
2681 3791 2975 3829 summam
3008 3790 3204 3828 rerum
3246 3776 3486 3827 teneret.
3517 3770 3623 3825 Sed

1982 3866 2478 3934 quemadmodum
2520 3869 2689 3935 poeta
2736 3864 2817 3918 ait
2863 3880 2991 3918 esse
3036 3863 3302 3933 quaedam
3337 3861 3452 3916 alia
3504 3860 3625 3933 igni

1982 3953 2279 4020 calidiora,
2315 3954 2398 4009 ita
2428 3954 2479 4008 is
2509 3969 2742 4024 quoque
2772 3969 2887 4007 non
2920 3958 3039 4007 tam
3072 3950 3273 4005 intulit
3293 3966 3471 4021 quam
3497 3966 3627 4021 pas-

1982 4059 2085 4097 sus
2108 4051 2199 4097 est
2223 4040 3045 4111 damnum,Constantino,ubi
3078 4039 3324 4095 insidias
3352 4038 3466 4094 sibi
3484 4039 3629 4093 strui

1983 4132 2187 4199 sensit,
2223 4132 2482 4203 spatium
2507 4131 2586 4187 rei
2606 4132 2870 4203 gerendae
2901 4147 3016 4186 non
3048 4127 3629 4197 concedente,multis

1981 4222 2161 4276 etiam
2192 4221 2410 4276 Helena
2450 4236 2625 4276 uxore
2685 4222 2838 4275 hunc
2877 4222 2947 4275 ad
3002 4221 3208 4275 fratres
3270 4217 3627 4289 dejiciendos

1980 4310 2523 4381 instiganteJtaque
2553 4327 2765 4365 arcano
2782 4310 3027 4365 consilio
3048 4308 3477 4364 communicato
3493 4322 3626 4363 cum

1982 4400 2196 4455 Basilio
2230 4400 2468 4455 Peteino
2528 4416 2630 4454 seu
2688 4398 2923 4453 Volucri
2983 4398 3117 4467 isto,
3150 4401 3208 4453 et
3264 4398 3393 4467 ejus
3451 4412 3628 4467 opera

1980 4489 2162 4544 ascito
2194 4489 2252 4542 in
2286 4489 2625 4545 societatem
2658 4488 2939 4554 Mariano,
2991 4486 3250 4557 itemque
3298 4485 3624 4556 Nicephoro

1981 4583 2035 4633 et
2068 4578 2256 4633 Leone
2288 4576 2426 4631 ﬁliis
2458 4578 2652 4631 Bardse
2684 4579 2909 4646 Phocis,
2964 4593 3029 4631 ac
3079 4574 3315 4631 Nisolao
3347 4581 3404 4629 et
3434 4574 3624 4629 Leone

1984 4666 2268 4722 Torniciis
2299 4665 2548 4737 aliisque
2578 4666 2733 4721 haud
2760 4665 3353 4738 paucis,Stephanum
3382 4664 3629 4734 ejusque

1985 4758 2219 4811 fratrem
2249 4756 2700 4812 Constantinum
2730 4770 2927 4811 secum
2962 4754 3315 4825 prandentes
3359 4755 3469 4809 sub
3498 4753 3628 4825 ipso

1983 4846 2229 4916 prandio
2282 4845 2492 4916 corripi
2536 4846 2710 4916 jubet
2758 4845 3091 4917 palatioque
3138 4842 3387 4913 extrahi,
3436 4844 3505 4896 27
3532 4843 3624 4898 die

1980 4935 2266 5001 Januarii,
2299 4934 2615 4990 indictione
2645 4935 2869 5003 eadem,
2903 4933 3271 5004 navibusque
3319 4932 3627 5004 impositos

1983 5022 2199 5092 relegat
2213 5024 2576 5093 Stephanum
2598 5023 2659 5079 in
2683 5024 3037 5079 Panormum
3059 5022 3626 5089 insulam,Constan-

1980 5112 2171 5167 tinum
2204 5114 2353 5170 325
2392 5113 2451 5167 in
2483 5112 2903 5168 Terebinthum
2932 5130 2945 5179 ;
2979 5129 3045 5167 ac
3078 5129 3255 5184 opera
3285 5110 3482 5165 Basilii
3516 5116 3629 5165 Cae-

1981 5218 2157 5257 sareae
2191 5207 2248 5257 et
2276 5201 2573 5258 Anastasii
2594 5201 2881 5256 Heracleae
2914 5200 3174 5273 episcOpi
3198 5217 3362 5256 rasos
3385 5200 3627 5256 clericos

1981 5292 2324 5346 facit.Paulo
2341 5296 2472 5364 post
2486 5290 2764 5346 transfert
2776 5291 3141 5363 Stephanum
3174 5290 3626 5357 Proconnesum,

1412 5466 1771 5524 XYLANDRI
1808 5466 1901 5525 ET
1941 5468 2155 5525 GOARI
2195 5467 2424 5523 NOTjE.

254 5669 266 5679 .
287 5601 395 5671 (86)
426 5604 641 5679 sensus
671 5608 764 5679 est
797 5620 812 5659 :
845 5603 1003 5679 sicut
1032 5604 1190 5662 calor
1217 5607 1370 5666 alius
1401 5608 1515 5666 alio
1546 5610 1863 5667 vehemen-

230 5674 333 5728 tior
357 5674 554 5744 est,ita
575 5674 864 5749 Stephani
884 5690 1123 5750 quoque
1142 5684 1337 5737 aetum
1361 5685 1420 5737 et
1436 5682 1708 5739 conatum
1737 5699 1860 5741 ma-

1962 5610 2952 5696 jore.‘Porphxrogenitincalliditate
2981 5628 3047 5668 ao
3075 5609 3269 5668 studio
3298 5608 3483 5667 fuisse
3507 5607 3623 5663 im-

1969 5685 2229 5757 peditum
2262 5684 2574 5741 et’irritum
2607 5684 2847 5742 factum.
2878 5684 3016 5740 XYL.
