3966 6134
321 382 403 441 59
1677 384 1994 445 GEORGII
2038 384 2379 445 CEDRENI
3655 386 3735 444 60

324 513 460 568 inde
490 512 766 567 Rhodum
798 530 864 569 ac
887 514 1127 569 tandem
1152 514 1513 587 Mitylenam,
1531 515 1975 571 Constantinum

2105 516 2189 569 τὸν
2228 518 2323 587 μὶν
2376 516 2427 570 ἐν
2459 520 2527 590 τῇ
2558 516 2837 589 Πανόρμῳ
2866 516 3013 586 νήσῳ
3062 515 3196 587 (87),
3253 514 3344 569 τὸν
3406 520 3731 570 Κωνσταντι-

329 603 389 655 in
416 602 900 657 Samothraciam.
930 606 1009 657 Ac
1039 603 1373 675 Stephanus
1405 605 1643 677 quidem
1679 606 1972 660 fortunam

330 705 499 745 suam
532 707 811 762 generose
833 708 899 746 ac
930 708 1144 763 magno
1166 693 1361 748 animo
1398 695 1586 749 ferens
1618 711 1803 749 annos
1826 695 1892 748 19
1918 694 1975 748 in

332 781 513 834 Lesbo
546 782 721 835 vitam
740 782 1301 852 egit.Constantinus
1325 788 1518 838 autem
1541 783 1737 837 animo
1770 800 1976 852 parum

334 877 613 923 constans
658 876 714 924 et
756 870 1038 925 audacius
1079 888 1253 941 quam
1308 889 1411 941 par
1459 878 1585 926 erat
1639 872 1975 941 insurgens,

330 958 667 1029 saepiusque
699 961 898 1029 fugam
932 959 1357 1029 molitus,anno
1389 966 1522 1031 post
1552 962 1839 1015 amissum
1868 960 1977 1014 im-

329 1047 557 1118 perium
590 1049 868 1114 secundo,
903 1050 1208 1104 custodem
1243 1066 1415 1103 suum
1449 1066 1582 1104 cum
1615 1048 1748 1104 dolo
1783 1065 1979 1104 necas-

328 1140 438 1203 set,
473 1152 505 1189 a
535 1135 779 1207 reliquis
808 1136 1157 1192 custodibus
1204 1138 1327 1209 ipse
1382 1154 1617 1210 quoque
1658 1142 1747 1193 est
1795 1138 1978 1192 inter-

329 1227 537 1281 fectus.

2090 625 2179 658 vev
2242 602 2298 658 δί
2346 604 2396 659 ἐν
2465 610 2534 679 τῇ
2592 599 2897 680 Τερεϐίνθῳ
3146 604 3248 659 Καὶ
3313 600 3400 657 διὰ
3456 604 3733 659 Βασιλείου

2086 695 2183 744 τοῦ
2259 692 2580 767 Καισαρείας
2664 692 2755 745 καὶ
2815 690 3166 747 Ἀναστασίου
3259 696 3355 744 τοῦ
3421 693 3734 761 Ἡρακλείας

2089 781 2177 834 καὶ
2295 777 2460 859 ἄμφω
2561 779 2863 854 κΛηρικοὺς
2965 780 3298 855 ἀποκείρει,
3404 785 3733 852 μεταστήσας

2090 868 2189 922 οὐκ
2239 869 2314 931 είς
2378 871 2583 945 μακρὰν
2642 870 2731 925 τὸν
2769 871 2862 943 μὲν
2904 870 3171 947 Στέφανον
3218 868 3268 923 ἐν
3325 872 3733 943 ΙῙροικοννήσῳ,

2091 958 2201 1011 εἶτα
2251 957 2301 1011 ἐν
2354 958 2524 1031 Ῥόδῳ
2570 959 2659 1013 καὶ
2715 957 3025 1014 τελευταῖον
3078 958 3128 1013 ἐν
3179 958 3494 1034 Μιτυλήνῃ,
3549 960 3642 1014 τὸν
3686 957 3737 1013 δὲ

2090 1050 2489 1103 Κωνσταντῖνον
2546 1048 2597 1102 ἐν
2661 1049 3011 1122 Σαμοθρᾴκῃ.
3075 1045 3232 1102 Ἀλλ’
3286 1050 3314 1103 6
3375 1049 3468 1121 μὲν
3530 1048 3733 1126 Στεφα-

2087 1155 2178 1195 νος
2213 1135 2574 1215 μεγαλοφυῶς
2621 1138 2710 1193 καὶ
2766 1135 3173 1213 μεγαλοψύχως
3222 1137 3317 1200 τὰς
3367 1137 3737 1213 ἐπενεχθείσας

2091 1222 2238 1295 αύτῴ
2287 1225 2461 1303 φέρων
2509 1225 2685 1300 τύχας
2731 1223 3026 1281 διετέΑεσεν
3078 1225 3166 1281 ἐπὶ
3215 1224 3306 1296 ἔτη
3359 1228 3423 1289 ιθ’
3481 1228 3733 1302 βιοτεύων

330 1311 383 1366 ἐν
414 1316 482 1386 τῇ
512 1308 726 1385 Λέσϐῳ·
760 1315 787 1369 6
814 1320 1221 1377 Κωνσταντῖνος
1254 1313 1311 1369 δὲ
1343 1314 1635 1389 ὀλιγώρως
1665 1312 1927 1374 διατεθεὶς
1955 1313 2044 1366 καὶ
2076 1313 2401 1390 θερμότερον
2429 1320 2526 1371 τοῦ
2559 1313 2774 1378 δίοντος
2809 1314 3320 1389 κατεξανιστάμενος
3352 1316 3439 1371 καὶ
3468 1313 3738 1378 πολλάκις

335 1400 694 1477 ἐπιχειρήσας
724 1410 935 1481 φυγεῖν,
973 1405 1107 1477 μετά
1139 1402 1386 1479 δεύτερον
1418 1405 1617 1478 χρόνον
1648 1408 1744 1458 τοῦ
1768 1410 1869 1472 τῆς
1903 1400 2177 1478 βασιλείας
2217 1402 2458 1460 ἐκπεσεῖν
2488 1406 2580 1461 τὸν
2612 1405 2949 1483 φυλάττοντα
2974 1409 3161 1460 τοῦτον
3210 1403 3587 1483 δολοφονήσας
3643 1405 3737 1459 ὑπὸ

331 1496 437 1545 τῶν
465 1492 804 1567 περιλοίπων
833 1494 923 1547 καὶ
956 1493 1114 1555 αὐτὸς
1146 1496 1561 1572 ἀποσφάττεται,

406 1583 606 1637 Mense
636 1583 790 1639 Julio
822 1590 996 1640 sexta:
1044 1585 1383 1640 indictionis
1430 1586 1729 1639 Romanus
1778 1599 1981 1639 eorum

334 1678 498 1744 pater
528 1672 790 1727 debitum
825 1683 1045 1728 naturae
1079 1675 1374 1744 persolvit,
1407 1680 1464 1729 et
1507 1679 1597 1729 est
1625 1675 1681 1727 in
1717 1672 1982 1743 Myrelazo

334 1760 623 1833 sepultus.
662 1764 906 1817 Proinde
962 1764 1388 1819 Constantinus
1448 1762 1983 1835 Porphyrogenitus

335 1851 611 1906 omnibus
652 1867 781 1922 quea
839 1858 1112 1923 suspecta
1141 1859 1312 1907 erant
1362 1852 1677 1920 submotis,
1734 1854 1791 1905 et
1819 1850 1983 1905 solus

327 1941 453 2009 jam
485 1939 807 2011 imperans,
826 1942 971 1995 festo
991 1942 1295 1997 Paschatis
1326 1942 1419 1996 die
1450 1942 1708 1996 Romano
1736 1940 1853 1994 filio
1875 1955 1982 1993 suo

2167 1584 2248 1653 [P.
2280 1585 2408 1655 635]
2442 1582 2583 1653 Μηνὶ
2644 1580 2702 1637 δὲ
2757 1580 2973 1654 Ἰουλίῳ
3019 1589 3119 1652 τῆς
3166 1585 3209 1646 ς’
3263 1580 3599 1643 ἷνδικτιῶνος
3653 1581 3737 1635 καὶ

2092 1672 2369 1744 Ῥωμανὸς
2396 1673 2423 1727 ὁ
2454 1673 2662 1727 τούτων
2711 1672 2891 1747 πατὴρ
2939 1671 3157 1727 ἀπέτισε
3201 1673 3263 1727 τὸ
3306 1672 3509 1746 χρεὼν,
3540 1672 3635 1724 καὶ
3691 1669 3738 1725 ἐν

2092 1766 2169 1833 τῷ
2212 1760 2507 1836 Μυρελαίῳ
2552 1764 2826 1824 θάπτεται.
2879 1762 2939 1817 Ὁ
2994 1758 3051 1815 δὲ
3109 1762 3624 1838 πορφυρογὲννητος
3680 1760 3740 1813 τὰ

2094 1850 2308 1905 ὕποπτα
2336 1850 2604 1925 περιελὼν
2648 1849 2706 1904 ἐκ
2755 1852 2946 1923 μέσου,
2976 1851 3066 1904 καὶ
3115 1851 3281 1922 μόνος
3328 1850 3426 1917 τὴν
3476 1849 3739 1923 αὐτοκρά-

2091 1961 2225 2013 τορα
2285 1940 2720 2011 περιζωσάμενος
2770 1940 2974 2015 ἀρχὴν,
3024 1939 3158 1993 κατά
3218 1940 3280 1993 τὸ
3347 1943 3487 2003 θεῖον
3548 1939 3738 2013 Πάσχα

337 2006 610 2083 diadema
635 2006 904 2101 imponit,
938 2035 1068 2084 vota
1111 2030 1359 2085 faciente
1411 2029 1846 2101 Theophylacto
1880 2045 1981 2099 pa-

2105 2037 2188 2099 τῆς
2240 2029 2404 2098 αὐτῆς
2457 2027 2795 2090 ἷνδικτιῶνος
2851 2030 2938 2083 καὶ
2996 2029 3075 2100 τῷ
3103 2029 3207 2101 υἱῷ
3236 2029 3499 2101 Ῥωμανῷ
3528 2028 3734 2102 περιτί-

336 2116 900 2189 triarcha.Equidem
934 2119 1099 2173 initio
1130 2119 1423 2191 egregiam
1457 2120 1792 2175 ostenderat
1814 2118 1981 2172 indo-

338 2206 450 2260 lem
484 2206 942 2275 Constantinus;
976 2208 1494 2279 existimatumque
1526 2210 1713 2262 fuerat
1742 2224 1897 2270 eum,
1932 2207 1982 2261 si

341 2294 506 2349 solus
536 2312 732 2350 rerum
769 2297 1071 2367 potiretur,
1105 2297 1379 2368 praaclare
1410 2297 1640 2368 imperii
1673 2314 1764 2351 res
1812 2314 1979 2350 cura-

344 2391 544 2439 turum
582 2402 594 2439 :
629 2385 731 2439 sed
784 2384 989 2440 fefellit
1027 2386 1510 2456 expectationem,
1563 2402 1751 2456 neque
1796 2401 1864 2440 ea
1894 2383 1982 2437 di-

342 2488 524 2541 gnum
556 2489 617 2527 se
648 2473 847 2545 gessit.
882 2474 1105 2544 Quippe
1135 2475 1267 2529 vino
1299 2475 1531 2529 deditus
1561 2474 1871 2530 laboriosis
1902 2490 1988 2528 re-

346 2563 457 2616 bus
475 2560 693 2617 relictis
718 2563 959 2633 ignavite
982 2563 1499 2629 studebat,delicta
1522 2568 1716 2619 autem
1736 2562 1983 2617 aliorum

342 2650 528 2706 durus
558 2652 685 2706 sine
717 2650 837 2706 ulla
868 2651 1243 2708 miseratione
1275 2652 1643 2722 puniebatJn
1678 2652 1986 2723 magistra-

344 2738 501 2795 tibus
523 2756 752 2811 quoque
780 2740 1050 2796 creandis
1068 2758 1180 2796 non
1203 2740 1495 2812 optimum
1519 2758 1810 2812 quemque
1833 2742 1987 2797 326

345 2828 811 2899 deligebat,quod
840 2830 1085 2900 dignum
1110 2830 1320 2885 fuisset
1334 2830 1647 2903 magniﬁca
1668 2835 1983 2901 potestate:

348 2919 449 2972 sed
483 2918 815 2988 promiscue
845 2924 904 2973 et
934 2918 1060 2972 sine
1094 2918 1213 2973 ullo
1244 2920 1511 2974 examine
1558 2922 1847 2975 exercitus
1879 2922 1986 2975 du-

349 3006 514 3061 cendi
530 3012 631 3061 aut
644 3006 805 3063 urbis
828 2996 1250 3079 gu‘rbernandae
1271 3025 1487 3064 munus
1500 3010 1760 3080 proxime
1774 3011 1989 3081 cuique

351 3096 793 3161 committebat;
828 3113 943 3167 quo
977 3096 1193 3152 factum
1225 3104 1315 3152 est
1344 3103 1409 3152 ut
1435 3098 1604 3152 multi
1645 3098 1853 3170 plebeii
1889 3104 1991 3154 aut

350 3183 593 3255 culpata
608 3186 735 3239 vita:
767 3184 1035 3241 homines
1051 3202 1311 3242 summos
1327 3187 1383 3240 in
1402 3188 1701 3259 republica
1724 3193 1992 3260 gererent

348 3273 708 3329 honores.Ad
737 3290 912 3345 quam
948 3291 1068 3329 rem
1102 3274 1357 3330 multum
1382 3276 1758 3332 conferebant
1778 3278 1992 3333 Helena

2092 2131 2215 2190 θησι
2263 2120 2325 2174 τὸ
2375 2115 2636 2191 διάδημα,
2680 2116 2999 2181 τελέσαντος
3060 2116 3125 2186 δὴ
3166 2117 3259 2179 τὰς
3310 2116 3477 2192 εὐχὰς
3534 2123 3736 2194 Θεοφυ-

2092 2206 2293 2263 λάκτου
2322 2212 2418 2261 τοῦ
2447 2206 2817 2283 πατριάρχου.
2859 2211 3039 2261 Δοκῶν
3092 2205 3149 2260 δέ
3195 2226 3277 2267 τις
3318 2212 3559 2280 γενναῖος
3619 2208 3736 2261 ἀνα-

2092 2303 2322 2371 φανῆναι
2354 2296 2444 2350 καὶ
2494 2299 2599 2349 τῶν
2630 2299 2699 2367 τῇ
2754 2293 3001 2368 βασιλείᾳ
3066 2292 3426 2371 διαφερόντων
3478 2294 3740 2367 ἐπιμελέ-

2095 2406 2281 2460 στερον
2341 2381 2753 2456 ἀντιλήψεσθαι,
2810 2383 2854 2437 εἰ
2929 2384 3095 2455 μόνος
3147 2384 3424 2456 κατάρξαι,
3480 2380 3740 2455 μαλακώ-

2094 2495 2248 2550 τερος
2310 2472 2465 2549 ὤφθη
2514 2479 2613 2541 τῆς
2666 2471 3016 2545 ὑπολήψεως,
3072 2470 3237 2544 μηδὲν
3289 2470 3433 2542 ἄξιον
3494 2475 3594 2540 τῆς
3674 2471 3743 2535 είς

2097 2563 2256 2619 αὐτὸν
2306 2559 2642 2633 προσδοκίας
2691 2558 3115 2633 ἐπιδειξάμενος.
3148 2558 3309 2616 Oi’vou
3342 2582 3403 2616 τε
3441 2561 3547 2637 γάρ
3575 2561 3740 2630 ἥττη-

2094 2674 2178 2723 το,
2211 2652 2299 2707 καὶ
2348 2656 2455 2707 τῶν
2498 2650 2770 2705 ἐπιπόνων
2817 2650 2883 2704 τὰ
2937 2650 3106 2725 ῥᾷστα
3150 2651 3451 2725 προέκρινε,
3502 2648 3742 2723 δυσπαρ-

2096 2743 2314 2811 αίτητός
2338 2762 2397 2796 τε
2425 2741 2491 2809 ἧν
2524 2739 2577 2795 ἐν
2613 2746 2730 2801 τοῖς
2780 2738 3081 2812 πταίσμασι
3127 2738 3217 2793 καὶ
3267 2740 3594 2811 ἀσυμπαθὴς
3650 2760 3741 2791 κο-

2098 2830 2323 2899 λαστὴς,
2357 2828 2650 2906 ἀδιάφορός
2706 2849 2766 2883 τε
2817 2828 2954 2903 πρὸς
2980 2827 3076 2888 τὰς
3106 2822 3386 2901 προϐολὰς
3444 2825 3551 2881 τῶν
3615 2826 3743 2903 ἀρχ-

2099 2925 2274 2995 ηγῶν,
2330 2920 2428 2973 οὐκ
2501 2915 2810 2991 ἀριστίνδην
2883 2917 3080 2980 ταύτας
3155 2916 3416 2980 ἰθύνεσθαι
3482 2916 3573 2971 καὶ
3629 2919 3744 2970 κατ’

2100 3006 2360 3083 ὲπιλογὴν
2442 3006 2667 3074 ἐθέλων,
2728 3005 2859 3080 ὅπερ
2918 3000 3070 3081 ἔργον
3120 3005 3232 3060 ἐστὶ
3294 3002 3745 3080 μεγαλοπρεποῦς

2098 3098 2363 3168 ἐξουσίας,
2406 3096 2554 3151 ἀλλά
2597 3100 2676 3166 τῷ
2727 3096 3098 3169 παρατυχόντι
3144 3094 3324 3168 ἀρχὴν
3382 3092 3745 3166 ἐμπιστεύων,

2099 3186 2425 3261 στρατηγίαν
2465 3185 2632 3259 τυχὸν
2694 3183 2729 3252 ἢ
2770 3182 3159 3258 πολιταρχίαν,
3217 3180 3624 3256 ἀδοκιμάστως,
3680 3184 3747 3239 ὡς

2100 3276 2159 3331 ἐκ
2212 3275 2409 3330 τούτου
2472 3268 2745 3344 συμϐῆναι
2814 3272 2984 3326 πάντα
3041 3271 3163 3325 τινὰ
3211 3269 3439 3345 χυδαῖον
3489 3272 3581 3324 καὶ
3637 3270 3747 3325 δια-

343 3366 609 3433 Augusta
637 3369 693 3418 et
725 3362 977 3418 Basilius
1006 3364 1500 3419 cubiculariorum
1528 3366 1630 3420 inti
1645 3368 1904 3439 mus,qui
1935 3369 1986 3423 id

2108 3360 2450 3435 ϐεϐλημένον
2485 3362 2558 3423 εἷς
2605 3363 2700 3423 τάς
2756 3360 3011 3435 μεγίστας
3058 3364 3166 3414 τῶν
3212 3358 3512 3415 πολιτικῶν
3561 3361 3745 3436 ἀρχῶν

346 3451 597 3521 agebant
630 3457 697 3508 ut
725 3452 956 3508 venales
986 3458 1185 3508 essent
1216 3454 1621 3523 magistratus.

2107 3452 2568 3531 προχειρίζεσθαι,
2610 3447 2797 3504 πολλά
2853 3450 2990 3525 πρὸς
3028 3453 3190 3503 τοῦτο
3240 3448 3611 3525 συνεργούσης
3666 3449 3749 3503 καὶ

347 3534 569 3607 Ἐλᾶνης
626 3545 726 3607 τῆς
784 3538 948 3594 αὐτοῦ
1004 3546 1246 3613 γαμετῆς
1302 3541 1391 3595 καὶ
1447 3541 1735 3597 Βασιλείου
1804 3550 1901 3599 τοῦ
1957 3542 2480 3625 παρακοιμωμὲνου,
2540 3538 2737 3601 ὠνίους
2789 3540 2884 3600 τὰς
2943 3537 3115 3612 ἀρχὰς
3172 3542 3348 3593 ποιεῖν
3408 3556 3749 3610 παρασκευα-

352 3627 577 3696 ζόντων.

417 3717 616 3790 Neque
644 3721 841 3774 tamen
876 3736 1117 3790 prorsus
1149 3720 1340 3775 omnis
1399 3720 1658 3791 praeclari
1715 3724 1994 3781 facinoris

347 3823 555 3879 expers
588 3808 697 3862 fuit
724 3808 1143 3863 Constantinus
1174 3825 1186 3862 :
1224 3826 1407 3863 unum
1438 3808 1591 3864 enim
1624 3812 1870 3868 referam
1902 3814 1989 3868 di-

346 3914 530 3968 gnum
564 3898 819 3967 profecto
852 3896 1264 3963 admiratione,
1326 3904 1384 3952 et
1413 3900 1570 3969 quod
1626 3902 1815 3957 multa
1863 3904 1994 3973 ejus

349 3992 583 4057 peccata
604 3987 915 4041 obscurare
939 3986 1433 4055 possit.Scientias
1454 3988 1635 4058 enim,
1665 3991 1995 4047 arithmeti-

2172 3721 2245 3777 Οὐ
2275 3720 2583 3775 παντάπασι
2615 3714 2671 3771 δὶ
2719 3715 2949 3791 ἄμοιρος
2998 3717 3065 3785 ἦν
3110 3715 3199 3770 καὶ
3234 3716 3479 3791 πράξεων
3537 3716 3747 3790 ἀγαθῶν

2106 3814 2133 3867 ὁ
2184 3813 2611 3869 Κωνσταντῖνος.
2671 3807 2733 3862 Ἡ
2788 3806 2890 3880 γὰρ
2965 3805 3200 3881 ῥηθῆναι
3280 3804 3561 3877 μέλλουσα
3644 3806 3749 3874 ἀξι-

2103 3902 2331 3974 άγαστος
2378 3894 2509 3951 οὖσα
2554 3894 2645 3949 καὶ
2695 3895 2979 3966 θαυμαστὴ
3046 3893 3349 3948 ἐπισκιάσαι
3413 3891 3607 3968 ἴσχυσε
3667 3892 3750 3948 καὶ

2106 3991 2425 4063 ἀμαυρῶσαι
2502 3982 2691 4038 πολλά
2762 3988 2869 4037 τῶν
2935 3982 3099 4037 αὐτοῦ
3168 3981 3596 4056 ἐλαττωμάτων.
3650 3984 3751 4042 Τάς

349 4074 1653 4147 eam,musicam,astronomiam,geometriam
1670 4081 1986 4135 etomniun

2105 4079 2203 4152 γάρ
2281 4076 2605 4146 ἐπιστήμας,
2673 4071 3065 4147 ἀριθμητικὴν,
3136 4073 3423 4144 μουσικὴν,
3495 4072 3754 4147 ἀστρονο-

351 4164 675 4233 principem
710 4163 1164 4234 philosophiam,
1190 4180 1318 4234 quae
1345 4167 1469 4234 jam
1510 4168 1684 4239 longe
1736 4173 1998 4241 tempore

350 4253 424 4307 ob
454 4251 742 4307 incuriam
776 4258 832 4307 et
862 4252 1150 4307 inscitiam
1196 4253 1617 4324 imperatorum
1676 4258 1997 4328 perierunt,

2112 4165 2269 4239 μίαν,
2344 4160 2717 4239 γεωμετρίαν,
2796 4160 3254 4235 στερεομετρίαν,
3337 4158 3425 4213 καὶ
3518 4160 3625 4227 τήν
3706 4159 3753 4213 ἐν

2106 4256 2300 4317 πάσοις
2330 4246 2532 4325 ἔποχον
2562 4247 2912 4326 φιλοσοφίαν,
2946 4248 3006 4303 ἐκ
3041 4253 3250 4324 μακροῦ
3287 4250 3492 4323 χρόνου
3524 4248 3755 4321 ἀμελείᾳ

351 4358 460 4398 sua
490 4341 784 4397 industria
813 4341 1540 4414 instauravit,conquisitis
1574 4345 1673 4416 qui
1708 4347 1765 4401 in
1798 4349 1986 4419 quovis

2107 4345 2196 4398 καὶ
2227 4341 2431 4416 ἀμαθίᾳ
2459 4344 2566 4394 τῶν
2595 4339 2933 4413 κρατούντων
2963 4336 3319 4399 ἀπολωλυίας
3339 4336 3516 4408 οἷ’κείᾳ
3545 4335 3753 4410 σπουδῇ

350 4447 561 4503 genere
592 4431 958 4499 excellerent,
989 4449 1053 4487 ac
1087 4433 1423 4488 constitutis
1456 4434 1814 4503 doctoribus,
1874 4441 1997 4492 stu-

350 4521 650 4592 diosisque
676 4521 924 4592 receptis
956 4526 1012 4576 et
1043 4523 1371 4578 conductis.
1405 4525 1527 4589 Quo
1562 4524 1777 4580 factum
1811 4530 1901 4581 est
1935 4530 2001 4580 ut

2108 4433 2463 4501 ἀνεκτήσατο,
2496 4427 2623 4489 τοὺς
2657 4426 2739 4504 ἐφ’
2771 4427 2967 4501 ἑκάστῃ
2997 4427 3203 4481 τούτων
3254 4426 3505 4501 ἀρίστους
3560 4448 3621 4481 τε
3671 4425 3753 4481 καὶ

2111 4518 2369 4593 δοκίμους
2401 4517 2737 4587 ἀναζητήσας
2759 4515 2849 4570 καὶ
2878 4515 3046 4590 εὑρὼν
3104 4515 3194 4569 καὶ
3242 4512 3606 4579 διδασκάλους
3639 4514 3755 4570 ἐπι-

348 4589 853 4682 exiguitemporis
886 4611 1135 4665 decursu
1168 4611 1437 4666 barbarie
1496 4612 1804 4683 proﬂigata
1857 4615 1986 4669 urbe

2110 4589 2331 4680 στήσας,
2358 4606 2447 4662 καὶ
2477 4605 2603 4667 τοὺς
2633 4589 2961 4665 σπουδαίους
2983 4601 3394 4678 ἀποδεχόμενός
3422 4624 3481 4657 τε
3509 4602 3603 4659 καί
3635 4624 3756 4677 συγ-

350 4698 566 4754 litteris
597 4699 875 4756 ﬂoruerit.
902 4699 1276 4755 Sedentarias
1307 4700 1483 4755 etiam
1515 4707 1687 4772 atque
1717 4703 1994 4774 opiﬁcum

354 4791 507 4843 artes
533 4804 683 4843 curae
716 4788 943 4857 habuit,
1000 4804 1403 4860 magnumque
1436 4789 1506 4844 iis
1565 4790 1996 4847 incrementum

354 4876 571 4932 attulit.
606 4879 744 4934 Pius
771 4895 909 4949 erga
943 4878 1126 4933 Deum
1186 4876 1294 4931 fuit
1351 4894 1417 4933 ac
1445 4877 1725 4947 liberalis,
1782 4884 1846 4935 ut
1900 4881 1997 4949 qui

353 4984 661 5038 nunquam
694 4967 753 5021 in
788 4966 1160 5037 processibus
1191 4966 1259 5021 ad
1296 4966 1431 5021 fana
1462 4967 1689 5039 legibus
1723 4968 1997 5025 ecclesia-

354 5055 519 5111 sticis
553 5055 723 5110 factis
755 5056 880 5109 sine
912 5055 1101 5109 fructu
1132 5059 1188 5110 et
1229 5071 1469 5110 munere
1499 5056 1555 5111 in
1617 5063 1997 5130 conspectum

351 5145 451 5201 Dei
486 5144 727 5210 venerit,
763 5143 861 5198 sed
891 5144 1133 5198 donaria
1177 5145 1382 5215 quovis
1414 5149 1674 5216 tempore
1726 5147 2001 5203 obtulerit

2106 4702 2336 4775 κροτῶν.
2373 4695 2466 4750 Διὸ
2491 4694 2581 4749 καὶ
2610 4694 2710 4762 τήν
2740 4692 2963 4769 ἀλογίαν
3006 4690 3279 4754 ἀπελάσας
3321 4691 3420 4747 οὐκ
3457 4692 3507 4746 ἰν
3562 4696 3755 4768 μακρῷ

2105 4791 2186 4859 τῷ
2217 4784 2400 4861 χρόνῳ
2428 4783 2516 4840 ἐπὶ
2564 4781 2625 4837 τὸ
2673 4780 3036 4858 λογικώτεσον
3081 4779 3474 4857 μετερῥύθμισε
3528 4782 3593 4836 τὸ
3655 4802 3756 4835 πο-

2108 4874 2358 4947 λίτευμα.
2420 4868 2768 4945 Ἐπεμελήθη
2854 4869 2912 4925 δὲ
2986 4870 3076 4924 καὶ
3136 4873 3245 4924 τῶν
3316 4868 3596 4945 βαναύσων
3672 4869 3756 4924 καὶ

2108 4962 2493 5040 χειρωνάκτων
2546 4964 2782 5035 τεχνῶν,
2813 4958 2901 5014 καὶ
2953 4958 3029 5022 είς
3085 4956 3327 5013 ἰπίδοσιν
3366 4956 3612 5033 μεγάλην
3673 4958 3754 5013 καὶ

2108 5051 2305 5114 ταύτας
2386 5051 2672 5126 ἀνήνεγκεν
2706 5090 2719 5104 .
2780 5050 2880 5103 ἸΙν
2968 5045 3024 5102 δὶ
3116 5047 3205 5101 καὶ
3284 5047 3352 5101 τὰ
3414 5046 3551 5123 πρὸς
3632 5047 3757 5103 Θεὸν

2114 5136 2341 5209 εὐσεϐὴς
2372 5138 2462 5194 καὶ
2504 5136 2824 5217 φιλότιμος,
2857 5135 3133 5210 μηδέποτε
3177 5134 3226 5190 ἒν
3276 5140 3393 5197 ταῖς
3443 5137 3581 5210 πρὸς
3637 5136 3760 5193 Θεὸν

351 5233 663 5304 magniﬁca
685 5236 742 5287 et
763 5231 976 5287 Christi
995 5238 1288 5288 amantem
1305 5233 1714 5305 imperatorem
1739 5234 1986 5291 decenti:

2112 5234 2364 5293 τυπικαῖς
2418 5232 2526 5283 τῶν
2582 5227 2735 5292 θείων
2797 5224 2936 5281 ναῶν
3009 5223 3393 5301 προσελεύσεσι
3461 5227 3619 5287 κενὸς
3677 5225 3761 5280 καὶ

351 5322 609 5379 Gratiam
640 5337 877 5391 quoque
909 5321 1109 5377 retulit
1132 5323 1281 5378 827
1311 5323 1383 5378 iis
1415 5340 1447 5378 a
1473 5324 1690 5394 quibus
1720 5325 1778 5378 in
1812 5324 2003 5378 detur-

352 5411 563 5468 bandis
614 5410 859 5483 imperio
911 5412 1107 5467 uxoris
1177 5412 1456 5468 fratribus
1512 5413 1750 5484 adjutus
1795 5413 2000 5468 fuerat.

2115 5318 2356 5391 ἄκαρπος
2392 5317 2577 5396 ὀφθεὶς
2605 5320 2686 5389 τῷ
2732 5321 2868 5388 θεῷ,
2897 5314 3024 5371 ἀλλ’
3057 5315 3366 5387 ἀναθήμασι
3420 5310 3763 5389 δωρούμενος

2122 5406 2558 5485 μεγαλοπρεπέσι
2613 5406 2704 5461 καὶ
2756 5404 3104 5483 φιλοχρίστῳ
3167 5400 3381 5478 βασιλεῖ
3441 5406 3762 5479 πρέπουσιν.

1542 5580 1909 5639 XYLANDRI
1947 5582 2035 5637 ET
2074 5578 2297 5638 GOARI
2334 5578 2566 5636 NOTZE.

423 5727 535 5801 (87)
568 5726 925 5802 Hellesponti
956 5722 1173 5782 insula.
1211 5723 1390 5781 Gem.

2180 5721 2290 5794 (88)
2320 5722 2385 5779 In
2413 5722 2618 5778 eadem
2647 5716 3018 5790 Propontide.
3044 5717 3223 5776 (ἴση.
