3966 6134
196 395 263 456 61
1326 391 1875 455 HISTORIABUM
1919 387 2463 452 COMPENDIUM.
3521 387 3603 446 ϐε

197 527 493 599 Ἡμείψατο
548 522 606 580 δὲ
650 525 739 579 καὶ
798 524 925 589 τοὺς
978 526 1400 602 συνεργήσαντας
1481 524 1627 596 αὐτῷ
1706 524 1841 599 πρὸς

1975 523 2104 577 Nam
2138 522 2388 577 Bardam
2438 519 2691 575 Phocam
2744 519 3011 591 magistri
3059 520 3279 575 honore
3324 520 3601 591 dignatus

195 616 290 684 τήν
355 620 465 670 τῶν
538 612 981 692 γυναικαδὲλφων
1076 614 1385 689 καθαίρεσιν
1469 611 1653 668 ταῖσδε
1720 619 1839 674 ταῖς

197 704 548 780 εὐεργεσίαις,
590 702 801 778 Βάρδαν
862 704 955 777 μὶν
1014 704 1103 758 τὸν
1167 710 1362 758 Φωκᾶν
1422 704 1713 778 μάγιστρον
1765 723 1844 756 τι-

199 796 375 866 μήσας
431 793 522 849 καὶ
582 791 901 866 δομὲστικον
962 798 1068 847 τῶν
1117 790 1337 868 σχολῶν
1385 799 1483 861 τῆς
1517 790 1841 860 Ἀνατολῆς,

196 882 508 959 Νικηφόρον
552 880 609 936 δὲ
647 882 736 936 καὶ
772 883 973 936 Λέοντα
1001 882 1129 943 τοὺς
1159 881 1351 936 τούτου
1395 881 1564 948 υἱοὺς,
1596 882 1688 935 τὸν
1750 881 1841 953 μὲν

192 976 298 1026 τῶν
352 971 725 1027 Ἀνατολικῶν
775 972 1075 1048 στρατηγὸν
1124 971 1216 1025 τὸν
1267 971 1607 1045 Νικηφόρον,
1636 971 1727 1025 τὸν
1789 966 1846 1023 δὲ

193 1067 289 1130 τῆς
384 1058 770 1122 Καππαδοκίας
854 1062 946 1115 τὸν
1030 1059 1232 1115 Λέοντα
1327 1060 1842 1135 προχειρισάμενος,

191 1150 276 1203 καὶ
313 1152 710 1205 Κωνσταντῖνον
746 1148 963 1224 θάτερον
998 1153 1100 1203 νῶν
1158 1149 1289 1202 υἱῶν
1343 1151 1443 1217 τῆς
1506 1146 1842 1217 Σελευκείας,

193 1238 475 1292 ΒασίΛειον
538 1235 595 1293 δὲ
644 1238 739 1292 τὸν
796 1238 1047 1294 Ηετεινὸν
1126 1237 1352 1313 ἔξαρχον
1428 1244 1527 1307 τῆς
1597 1233 1844 1312 μεγάλης

193 1326 483 1402 ἑταιρείας.
520 1330 604 1398 [Ρ.
636 1330 763 1400 636]
796 1328 1067 1399 Μαριανὸν
1103 1325 1159 1382 δὶ
1189 1328 1278 1381 τὸν
1315 1326 1578 1403 Ἀργυρὸν
1627 1327 1847 1398 κόμητα

189 1420 289 1471 τοῦ
323 1411 565 1472 στάϐλου
594 1417 682 1471 καὶ
711 1417 803 1470 τὸν
834 1416 1135 1492 Κουρτίκην
1179 1416 1446 1485 Μανουήλ
1499 1422 1596 1484 τῆς
1656 1412 1847 1489 βίγλας

193 1502 578 1581 δρουγγάριον.
652 1505 1028 1579 Ἐξευνούχισε
1103 1502 1160 1559 δὲ
1234 1504 1321 1559 καὶ
1396 1505 1675 1577 Ῥωμανὸν
1748 1507 1845 1556 τοῦ

1953 614 2342 669 domesticum
2394 612 2730 667 scholarum
2780 610 3030 666 Orientis
3079 610 3403 677 constituit,
3434 609 3601 665 Nice-

1955 704 2205 774 phorum
2239 708 2293 757 et
2325 702 2592 768 Leonem,
2625 703 2752 772 ejus
2802 700 2973 767 ﬁlios,
3007 700 3163 755 hunc
3203 700 3600 771 Cappadociae,

1954 791 2123 846 illum
2154 790 2537 846 Orientalium
2569 791 2778 845 ducem
2811 790 3108 857 creavit,et
3127 789 3597 856 Constantinum,

1952 880 2185 934 tertium
2220 881 2346 949 ejus
2402 879 2608 948 ﬁlium,
2662 878 2934 934 Seleuciae
2979 879 3256 949 praefecit,
3315 877 3599 933 Basilium

1956 969 2261 1023 Volucrem
2300 985 2519 1040 magnae
2549 968 2845 1023 sodalitati
2873 969 3193 1040 praeposuit
3220 988 3234 1036 ;
3270 967 3600 1023 Marianum

1953 1060 2238 1130 Argyrum
2299 1057 2575 1112 comitem
2633 1057 2869 1124 stabuli,
2927 1057 3263 1113 Manuelum
3304 1057 3597 1113 Curticem

1953 1147 2161 1219 vigilia:
2193 1146 2522 1219 designavit
2551 1146 2930 1217 drungarium
2958 1164 2971 1214 ;
2998 1146 3325 1202 Romanum
3358 1144 3603 1216 Stepha-

1957 1236 2013 1290 ni
2050 1236 2235 1290 ﬁlium
2269 1235 2561 1306 castravit,
2594 1254 2725 1291 cum
2760 1237 2859 1307 qui
2891 1242 3096 1307 postea
3126 1234 3457 1307 Augustifer
3483 1235 3603 1289 fac—

1958 1331 2051 1380 tus
2096 1330 2203 1393 est,
2236 1324 2496 1395 itemque
2542 1324 2851 1392 Basilium,
2904 1328 3164 1379 Romano
3212 1324 3337 1379 seni
3371 1340 3400 1379 e
3438 1340 3602 1378 serva

1956 1419 2198 1480 natum;
2232 1418 2288 1468 et
2338 1413 2705 1478 Michaelum,
2740 1413 3065 1469 Christiferi
3116 1413 3359 1469 Caesaris
3390 1412 3600 1480 ﬁlium,

1956 1502 2230 1558 clericum
2264 1503 2419 1557 fecit.

195 1595 474 1672 Στεφάνου
532 1595 799 1664 υἱὸν,τὸν
861 1597 1146 1667 μετέπειτα
1202 1590 1598 1671 σεϐαστοφόρον
1651 1592 1962 1668 γενόμενον,
1993 1586 2069 1645 ἔτι
2130 1588 2186 1644 δὲ
2241 1590 2330 1644 καὶ
2385 1589 2666 1645 Βασίλειον
2721 1590 2812 1644 τὸν
2873 1590 2934 1644 ὲκ.
2989 1586 3193 1660 δούλης
3240 1589 3605 1665 ἀποτεχθέντα

206 1688 578 1756 Ρωμανῷτῷ
607 1682 840 1760 γέροντι·
878 1680 1111 1759 Μιχαὴλ
1145 1680 1199 1738 δὲ
1228 1684 1319 1737 τὸν
1360 1684 1474 1737 υἱὸν
1510 1682 1887 1757 ΧριστοφὸρΟυ
1918 1683 2012 1734 τοῦ
2047 1678 2314 1753 βασιλέως
2348 1678 2594 1754 ἀπέκειρε
2622 1677 2910 1754 κληρικόν.

260 1770 704 1845 Ἀδαμαντίνοις,
739 1770 831 1842 δι’,
860 1772 934 1835 ὡς
966 1770 1124 1844 ᾤετο,
1160 1770 1379 1845 δεσμοῖς
1410 1774 1507 1841 τήν
1572 1770 1849 1847 βασιλείαν

191 1860 665 1935 ἀσφαλισάμενος,
720 1862 809 1915 καὶ
869 1867 1040 1915 πᾶσαν
1106 1862 1332 1935 ὑποψίαν
1393 1860 1850 1933 ἀποσεισάμενος,

190 1952 279 2005 καὶ
346 1948 503 2020 δόξας
560 1950 613 2005 ἐν)
666 1955 746 2022 τῶ
806 1949 1039 2005 ἀσφαλεῖ
1082 1952 1422 2018 καθεστάναι,
1477 1954 1673 2024 μικροῦ
1741 1946 1850 2003 δεῖν

2034 1772 2177 1824 Cum
2236 1776 2428 1825 autem
2486 1771 2783 1824 videretur
2838 1770 3154 1841 imperium
3206 1769 3605 1826 adamantinis

1959 1857 2209 1914 vinculis
2242 1858 2531 1913 muniisse
2581 1864 2637 1913 et
2669 1859 2863 1914 omnia
2910 1864 3186 1931 suspecta
3236 1860 3513 1915 amolitus
3542 1858 3601 1913 in

1960 1950 2085 2003 tuto
2116 1948 2457 2016 consistere,
2476 1963 2619 2019 pene
2650 1947 2707 2002 in
2742 1965 3044 2003 summum
3076 1949 3234 2006 venit
3263 1950 3601 2017 discrimen,

199 2037 544 2094 ἰκινδύνευσε
602 2036 719 2093 δυσὶ
789 2038 1062 2113 μεγίσταις
1134 2034 1455 2102 ἐπιϐουλαῖς
1521 2039 1847 2114 περιπεσών.

1975 2037 2293 2107 iuplicibus
2354 2038 2572 2108 petitus
2626 2037 2879 2103 insidiis,
2915 2055 3049 2093 nam
3107 2045 3166 2093 et
3221 2039 3605 2111 The0phanes

201 2127 490 2202 Θεοφάνης
539 2148 597 2181 τε
652 2127 752 2203 γάρ
802 2128 830 2181 6
879 2126 1373 2203 παρακοιμώμενος
1429 2122 1706 2197 ἐϐουλήθη
1766 2129 1859 2181 τὸν

199 2211 515 2289 πρεσϐύτην
570 2216 845 2288 Ῥωμανὸν
902 2216 961 2270 ix
1012 2224 1112 2285 τῆς
1165 2219 1333 2287 νήσου
1387 2217 1617 2291 Πρώτης
1668 2216 1745 2277 εἷς
1798 2216 1858 2269 τὸ

197 2304 474 2359 παλάτιον
506 2306 743 2381 ἀγαγεῖν,
771 2306 859 2359 καὶ
891 2303 1095 2368 ἄλλους
1129 2304 1226 2361 οὐκ
1283 2305 1504 2381 ὀλίγους
1549 2302 1691 2381 ἔχων
1748 2327 1862 2359 συν-

202 2395 449 2470 ίστορας·
511 2393 600 2449 καί
656 2414 797 2456 τινες
848 2391 906 2448 δὲ
961 2391 1159 2470 ἕτεροι,
1219 2393 1347 2464 ἤτοι
1413 2395 1562 2449 Λέων
1623 2396 1649 2449 ὁ
1712 2393 1859 2451 Κλά-

201 2480 340 2550 δων,
376 2483 681 2558 Γρηγὸριος
716 2484 743 2537 ὁ
772 2480 1061 2555 Μακεδὼν,
1094 2483 1182 2537 καὶ
1242 2481 1528 2544 Θεοδόσιος
1587 2484 1613 2537 ὁ
1646 2482 1863 2557 πρῶτος

196 2576 313 2627 τῶν
372 2575 472 2625 τοῦ
526 2571 800 2649 Στεφάνου
856 2572 1211 2644 ἱπποκόμων,
1242 2573 1324 2627 καὶ
1389 2571 1701 2643 Ἰωάννηςὸ
1744 2572 1860 2647 ῥαί-

197 2679 380 2732 κτωρ,
408 2661 502 2715 τὸν
537 2661 806 2738 Στέφανον
850 2655 1242 2715 ἐδουλώσαντο
1274 2661 1332 2715 ἐκ
1382 2660 1699 2731 Μιτυλήνης
1729 2660 1861 2736 ἀγα-

197 2754 318 2824 γεῖν
353 2748 446 2801 καὶ
487 2751 557 2822 τῇ
609 2749 860 2823 βασιλείᾳ
903 2747 1302 2824 ἐγκαθιδρῦσαι.
1336 2748 1491 2807 Ἀλλ’
1542 2750 1643 2803 ὑπό
1699 2772 1859 2804 τινων

202 2841 552 2909 συνωμοτῶν
644 2838 987 2909 μηνυθὲντων
1050 2843 1158 2892 τῶν
1228 2837 1612 2914 βουλευμάτων
1682 2838 1708 2892 ὀ
1766 2838 1860 2911 μὶν

205 2925 498 3003 Θεοφάνης
548 2925 806 3001 ἐξωρίσθη
859 2926 951 2981 σὺν
1000 2932 1115 2988 τοῖς
1165 2927 1328 2981 αὐτοῦ
1361 2932 1661 3002 συνεργοῖς,
1696 2928 1747 2981 οἳ
1806 2925 1862 2981 δὲ

200 3020 304 3069 τοῦ
366 3016 643 3093 Στεφάνου
694 3014 1138 3088 ἀντιποιούμενοι
1188 3018 1471 3093 τυφθὲντες
1521 3016 1608 3071 καὶ
1655 3014 1861 3090 δημευ-

205 3103 415 3169 θέντες,
446 3102 536 3157 καὶ
566 3103 660 3165 τὰς
687 3103 838 3180 ῥῖνας
863 3103 1157 3177 τμηθέντες
1190 3103 1573 3181 ἐξωρίσθησαν.

282 3191 367 3249 05
402 3189 649 3247 διελιπον
705 3190 763 3247 δὲ
820 3192 909 3247 καὶ
959 3194 1010 3248 οἱ
1060 3189 1566 3268 Τοῦρκοιεὶσϐολάς
1628 3194 1705 3256 είς
1760 3196 1859 3263 τήν

206 3281 502 3353 Ῥωμαίων
531 3280 850 3355 ποιούμενοι
881 3282 972 3336 καὶ
1002 3281 1202 3354 ταύτην
1236 3280 1510 3357 δῃοῦντες,
1550 3283 1746 3359 μέχρις
1801 3285 1862 3338 οὗ

204 3367 595 3437 Βουλοσουδής
629 3370 655 3423 6
685 3370 892 3424 τούτων
923 3370 1168 3446 ἀρχηγὸς
1216 3372 1316 3439 τὴν
1372 3369 1480 3425 τῶν
1525 3373 1857 3447 Χριστιανῶν
1892 3407 1934 3473 C

205 3457 394 3513 πίστιν
448 3457 775 3527 ἀσπάζεσθαι
837 3459 1147 3534 ὑποκριθείς
1187 3459 1504 3538 κατειλήφει
1554 3463 1651 3531 τήν
1711 3468 1861 3518 Κων-

207 3548 512 3602 σταντίνου³
546 3548 636 3602 καὶ
687 3548 1000 3623 βαπτισθεὶς
1038 3549 1140 3603 ὑπὸ
1196 3553 1293 3605 τοῦ
1351 3548 1618 3623 βασιλέως
1678 3548 1863 3605 ἀναδὲ-

206 3657 373 3712 χεται
419 3638 846 3707 Κωνσταντίνου,
896 3640 964 3711 τῇ
1015 3642 1118 3691 τῶν
1173 3638 1470 3713 πατρικίων
1518 3638 1638 3711 ἀξίᾳ
1696 3660 1863 3712 τιμη-

210 3726 325 3786 θεῖς
380 3725 471 3780 καὶ
515 3722 785 3781 πλείστων
854 3724 1159 3801 χρημάτων
1222 3726 1457 3801 ὑπάρξας
1514 3727 1724 3801 κύριος,
1773 3730 1864 3782 εἶτ’

208 3812 369 3876 αὖθις
427 3810 611 3868 οἴκαδε
670 3814 1031 3887 ὑποστρέψας.
1064 3816 1193 3871 Μετ’
1227 3816 1290 3869 οὐ
1344 3814 1487 3870 πολὺ
1520 3812 1576 3870 δὲ
1633 3816 1721 3870 καὶ
1773 3823 1868 3871 Γυ-

210 3903 336 3969 λᾶς,
374 3900 561 3977 ἄρχων
595 3901 668 3955 ὣν
697 3902 786 3957 καὶ
818 3903 980 3964 αὐτὸς
1025 3907 1133 3957 τῶν
1188 3903 1466 3979 Τούρκων,
1519 3903 1731 3960 εἷ’σεισιν
1788 3905 1864 3967 είς

208 3993 313 4061 τήν
351 3987 613 4066 βασιλίδα
640 3990 729 4044 καὶ
767 3991 1101 4065 βαπτίζεται,
1140 3997 1249 4046 τῶν
1294 3990 1433 4047 ’ίσων
1484 3994 1729 4066 ἀξιωθεὶς
1774 3995 1868 4049 καῗ

209 4081 377 4141 αὐτὸς
430 4079 751 4153 εὐεργεσιῶν
815 4079 907 4134 καὶ
976 4084 1173 4145 τιμῶν.
1229 4076 1548 4137 Ἀνελάόετο
1615 4080 1671 4136 δὲ
1751 4083 1867 4156 μεθ’

208 4171 409 4224 ἑαυτοῦ
465 4168 555 4222 καί
610 4189 731 4223 τινα
782 4169 1023 4244 μοναχὸν
1071 4170 1331 4244 Ἱερόθεον
1390 4168 1650 4245 τοῦνομα,
1711 4170 1863 4242 δόξαν

209 4253 504 4319 εὐλαϐείας
561 4255 777 4333 ἔχοντα,
838 4257 1128 4313 ἐπίσκοπον
1212 4258 1475 4334 Τουρκίας
1545 4261 1693 4331 παρὰ
1768 4265 1866 4315 τοῦ

209 4344 603 4425 Θεοφυλάκτου
661 4346 1138 4421 χειροτονηθέντα,
1211 4348 1269 4410 ’ὸς
1339 4347 1509 4403 ἐκεῖσε
1575 4348 1867 4423 γενόμενος

206 4434 467 4496 πολλοὺς
500 4434 606 4489 ἀπὸ
637 4442 736 4504 τῆς
786 4431 1123 4510 βαρϐαρικῆς
1177 4435 1394 4508 πλάνης
1451 4437 1528 4499 εἷς
1579 4438 1669 4491 τὸν
1726 4444 1866 4512 Χρι-

210 4524 537 4596 στιανισμὸν
598 4523 959 4600 ἆπανήγαγεν.
1024 4523 1187 4582 Ἀλλ’
1246 4526 1273 4579 ὁ
1335 4526 1429 4599 μὲν
1508 4525 1683 4589 Γυλᾶς
1760 4526 1867 4582 ἐνέ-

213 4634 372 4687 μεινε
418 4615 487 4686 τῇ
536 4611 732 4682 πίστει,
766 4615 892 4686 μήτ’
941 4612 1100 4676 αὐτὸς
1149 4610 1341 4692 ἔφοδόν
1384 4635 1516 4669 ποτε
1556 4615 1690 4670 κατὰ⁴
1737 4617 1868 4671 Ῥω-

215 4702 398 4775 μαίων
422 4702 765 4772 πεποιηκὼς,
802 4704 940 4775 μήτε
984 4701 1113 4766 τοὺς
1158 4702 1556 4776 ἀλισκομὲνους
1614 4706 1866 4779 Χριστια-

210 4792 345 4852 νοὺς
430 4789 814 4863 ἀτημελήτους
898 4791 1022 4860 ἐῶν,
1109 4790 1238 4848 ἀλλ’
1319 4791 1683 4865 ἰξωνούμενος

209 4877 537 4953 ἐπιμελείας
591 4880 751 4950 ἀξιῶν
821 4880 909 4935 καὶ
984 4878 1306 4956 ἐλευθερῶν.
1368 4878 1753 4951 Βουλοσουδής
1810 4879 1866 4937 δὶ

204 4971 308 5031 τὰς
366 4969 504 5043 πρὸς
554 4970 679 5023 Θεὸν
738 4971 1005 5041 συνθήκας
1082 4970 1365 5040 ἠθετηκὼς
1441 4970 1714 5035 πολλάκις
1770 4972 1861 5025 σὺν

1968 2126 2365 2181 cubicularius
2413 2127 2483 2181 de
2516 2126 2776 2181 Romano
2807 2144 2874 2182 ex
2925 2128 3118 2183 insula
3149 2128 3317 2184 Prota
3348 2129 3405 2183 in
3449 2128 3609 2200 pala'

1968 2215 2114 2269 tium
2176 2215 2504 2270 reducendo
2563 2215 2809 2271 consilia
2864 2216 3154 2282 tractavit,
3189 2216 3391 2273 multis
3434 2217 3610 2272 etiam

1970 2304 2100 2359 aliis
2131 2304 2402 2358 consciis.
2434 2309 2506 2360 Et
2554 2304 2651 2358 alii
2702 2305 2965 2376 quidam,
2999 2323 3208 2377 nempe
3257 2308 3363 2363 Leo
3411 2306 3610 2377 Clado,

1971 2393 2287 2463 Gregorius
2338 2392 2597 2459 Macedo,
2640 2394 3005 2449 Theodosius
3052 2396 3329 2467 Stephani
3380 2400 3613 2467 protos-

1970 2486 2173 2547 irator,
2226 2486 2282 2535 et
2335 2481 2592 2536 Joannes
2652 2486 2861 2550 rector,
2919 2483 3281 2554 Stephanum
3336 2484 3613 2556 Mitylene

1972 2586 2240 2625 revocare
2291 2575 2347 2624 et
2396 2570 2711 2641 imperium
2772 2572 2820 2625 ei
2875 2573 3182 2628 restituere
3231 2573 3415 2628 moliti
3450 2578 3609 2627 sunt.

1972 2662 2105 2726 QUtE
2138 2660 2383 2715 consilia
2415 2678 2546 2715 cum
2580 2666 2775 2716 essent
2805 2679 2838 2715 a
2868 2662 3222 2732 quibusdam
3256 2663 3613 2734 conjuratio-

1972 2766 2110 2804 num
2147 2749 2532 2821 popularibus
2582 2752 2829 2815 detecta,
2858 2751 3243 2824 Theophanes
3273 2752 3426 2808 328
3478 2768 3612 2807 cum

1973 2838 2096 2892 suis
2147 2839 2323 2894 sociis
2373 2844 2461 2894 est
2510 2838 2842 2910 relegatus:
2878 2841 2976 2911 qui
3019 2858 3149 2896 vero
3202 2840 3483 2913 Stephani
3515 2858 3613 2896 ne-

1970 2926 2194 2998 gotium
2264 2934 2665 2999 susceperant,
2722 2928 3007 2984 verberati
3067 2936 3227 3000 sunt,
3297 2930 3450 2985 bona
3516 2946 3615 2985 eo-

1974 3032 2103 3070 rum
2150 3016 2470 3087 publicata,
2499 3022 2556 3072 et
2612 3018 2853 3073 naribus
2910 3019 3168 3089 praecisis
3226 3019 3283 3074 in
3341 3018 3614 3074 exsilium

1972 3103 2106 3159 acti.

2044 3192 2321 3249 Caeterum
2354 3196 2521 3248 Turci
2558 3212 2671 3250 non
2712 3200 2845 3250 ante
2893 3196 3070 3251 ﬁnem
3121 3197 3383 3253 fecerunt
3412 3197 3471 3251 in
3503 3201 3615 3252 Ro-

1973 3298 2176 3337 manas
2208 3282 2459 3338 ditiones
2490 3285 2822 3355 grassandi,
2857 3302 3032 3356 quam
3064 3286 3382 3341 Bulosudes
3413 3302 3614 3341 eorum

1975 3370 2247 3441 princeps
2288 3371 2462 3426 ﬁdem
2495 3389 2557 3427 se
2590 3371 2861 3443 amplecti
2904 3373 3297 3429 Christianam
3333 3374 3620 3429 simulans

1972 3458 2169 3529 Cpolin
2202 3459 2381 3529 venit,
2414 3460 2863 3531 baptizatusque
2909 3462 2988 3516 ibi
3035 3480 3066 3517 a
3096 3462 3481 3518 Constantino
3530 3467 3621 3518 est

1974 3551 2272 3619 exceptus,
2324 3549 2394 3602 ab
2443 3565 2626 3620 eoque
2672 3550 2898 3620 patricii
2948 3551 3233 3623 dignitate
3281 3556 3337 3607 et
3387 3552 3619 3623 magnis

1975 3636 2145 3691 donis
2176 3642 2419 3692 ornatus
2442 3638 2779 3709 ditatusque
2797 3640 3037 3695 domum
3063 3641 3252 3696 rediit.
3286 3641 3411 3697 Non
3434 3641 3619 3697 multo

1977 3731 2107 3797 post
2136 3725 2331 3797 Gylas,
2363 3725 2490 3798 ipse
2519 3744 2753 3798 quoque
2783 3728 3067 3785 Turcicus
3100 3730 3391 3802 princeps,
3414 3733 3617 3787 eodem

1976 3830 2038 3869 se
2085 3815 2350 3884 ejusdem
2400 3816 2481 3871 rei
2532 3833 2711 3871 causa
2753 3819 3012 3886 confert;
3072 3820 3518 3890 baptizatusque
3565 3828 3622 3876 et

1976 3905 2176 3958 eodem
2198 3921 2313 3975 quo
2335 3904 2494 3974 prior
2516 3905 2687 3959 modo
2709 3910 2993 3962 tractatus
3034 3907 3388 3962 monachum
3421 3924 3620 3964 secum

1978 3992 2219 4047 abduxit
2249 3992 2889 4065 Hierotheum,pietatis
2920 3996 3075 4050 fama
3104 3996 3413 4064 celebrem,
3444 4014 3619 4068 quem

1976 4082 2195 4136 Turciae
2220 4082 2560 4153 episcopum
2609 4083 3075 4154 Theophylactus
3110 4084 3440 4155 patriarcha
3468 4086 3623 4141 desi-

1977 4170 2195 4240 gnavit.
2233 4172 2401 4242 Isque
2434 4176 2495 4225 ut
2542 4172 2601 4225 in
2651 4172 2925 4228 Turciam
2970 4174 3146 4241 venit,
3183 4174 3398 4230 multos
3429 4192 3463 4230 a
3491 4176 3622 4231 bar-

1976 4259 2175 4314 barica
2208 4261 2407 4314 fraude
2437 4262 2508 4315 ad
2542 4260 2934 4316 Christianam
2967 4262 3307 4334 religionem
3338 4264 3620 4319 traduxit.

1979 4352 2057 4402 Ac
2088 4348 2261 4420 Gylas
2292 4348 2528 4419 quidem
2559 4350 2618 4403 in
2650 4350 2762 4404 ﬁde
2802 4352 3158 4421 permansit;
3192 4357 3247 4407 et
3278 4368 3467 4423 neque
3499 4353 3623 4424 ipse

1979 4438 2037 4491 in
2072 4436 2365 4492 Romanos
2414 4438 2832 4508 impressiones
2862 4440 3017 4505 fecit,
3048 4444 3103 4495 et
3133 4442 3392 4513 captivos
3420 4441 3622 4496 Chris-

1978 4526 2173 4580 tianos
2223 4543 2423 4581 emens
2473 4528 2715 4597 curavit,
2764 4527 3209 4600 libertatemque
3241 4530 3312 4585 iis
3342 4530 3618 4585 reddidit.

1979 4614 2298 4671 Bolosudes
2330 4619 2523 4671 autem
2556 4618 2744 4687 pactis
2776 4634 2904 4688 quae
2954 4635 3087 4674 cum
3122 4623 3234 4674 Deo
3287 4620 3497 4675 inierat
3528 4636 3621 4673 re-

1979 4704 2202 4774 scissis,
2236 4721 2387 4775 saape
2417 4722 2551 4760 cum
2584 4707 2859 4761 omnibus
2890 4708 3013 4762 suis
3046 4707 3104 4761 in
3138 4709 3427 4763 Romanos
3456 4723 3622 4777 expe-

1782 4792 1869 4848 καὶ
1900 4780 1945 4845 D
1977 4794 2257 4848 ditionem
2293 4795 2569 4865 suscepit.
2588 4795 2749 4860 Quod
2784 4795 2938 4851 idem
2969 4800 3175 4852 contra
3205 4797 3458 4851 Francos
3487 4801 3615 4852 ten-

1975 4888 2106 4937 tans
2139 4887 2343 4953 captus
2402 4888 2458 4938 et
2499 4884 2569 4939 ab
2601 4901 2803 4940 eorum
2857 4902 2988 4958 rege
3031 4886 3255 4941 Joanne
3305 4886 3365 4941 in
3415 4884 3616 4959 palum

1974 4974 2222 5029 sufﬁxus
2250 4977 2355 5027 est.

204 5060 374 5114 παντὶ
435 5063 514 5129 τῷ
563 5057 696 5113 ἔθνει
741 5060 877 5114 κατὰ
925 5060 1211 5133 Ῥωμαίων
1255 5059 1502 5130 ἐξήλασε.
1554 5061 1622 5115 Τὸ
1672 5058 1717 5115 δ’
1761 5060 1889 5116 αὐτὸ
1936 5066 2095 5116 τοῦτο
2133 5060 2223 5115 καὶ
2263 5060 2397 5115 κατᾶ
2436 5062 2705 5136 Φράγγων
2739 5068 2964 5131 ποιῆσαι
2993 5058 3297 5133 διανοηθεὶς
3328 5063 3419 5118 καὶ
3450 5061 3616 5125 ἁλοὺς

202 5147 646 5215 ἀνεσκολοπίσθη
684 5148 787 5201 ὑπὸ
818 5148 1070 5202 Ἰωάννου
1103 5151 1215 5221 (89)
1241 5152 1340 5203 τοῦ
1376 5148 1642 5223 βασιλέως
1668 5148 1865 5207 αὐτῶν.

280 5238 382 5293 Καὶ
414 5239 451 5305 ἡ
483 5240 579 5291 τοῦ
609 5257 740 5291 ποτε
796 5237 932 5292 κατά
979 5237 1265 5311 Ῥωμαίων
1318 5236 1710 5300 ἐκπλεύσαντος
1763 5235 1862 5312 ἅρ-

197 5349 412 5405 χοντος
450 5330 559 5380 τῶν
608 5328 739 5387 Ῥὼς
786 5328 1019 5401 γαμετὴ.
1073 5328 1250 5403 ’Έλγα
1295 5324 1559 5401 τοῦνομα,
1609 5332 1705 5382 τοῦ
1773 5328 1861 5383 ἀν-

200 5416 336 5495 δρὸς
391 5415 559 5486 αὐτῆς
618 5414 983 5479 ἀποθανόντος
1042 5418 1366 5493 παρεγένετο
1422 5416 1473 5473 ἐν
1516 5418 1859 5473 Κωνσταντι-

2044 5242 2194 5298 829
2229 5242 2401 5297 Porro
2450 5240 2588 5313 Elga
2643 5245 2957 5296 Rossorum
3003 5242 3288 5315 principis
3319 5259 3483 5308 uxor,
3516 5243 3618 5313 qui

1971 5331 2218 5386 classem
2279 5330 2335 5384 in
2396 5334 2687 5385 Romanos
2747 5330 3010 5398 duxerat,
3073 5333 3285 5389 marito
3341 5332 3616 5388 defuncto

1969 5419 2171 5491 Cpolin
2203 5419 2395 5487 venit;
2428 5424 2485 5474 et
2516 5418 2965 5490 baptizata,cum
3001 5438 3279 5495 magnum
3313 5438 3457 5477 verae
3491 5422 3612 5493 pie-

1398 5581 1782 5640 XYLANDRI
1820 5582 1908 5639 ET
1943 5579 2167 5638 GOARI
2204 5578 2436 5636 NOTIE.

278 5718 394 5789 (89)
436 5716 524 5772 Ab
552 5715 779 5773 Othone
808 5715 1184 5790 imperatore,
1215 5717 1420 5776 scribit
1448 5718 1845 5793 Curopalates,
1877 5718 1972 5778 cui
2001 5718 2214 5776 veritas
2244 5716 2498 5775 historia:
2531 5716 2865 5776 subscribit.
2898 5719 3078 5777 Goaa.
