3966 6134
343 344 422 403 63
1686 348 2007 411 GEORGII
2051 347 2392 408 causam
3700 349 3779 409 es

339 476 481 533 tatis
512 477 777 534 studium
833 480 1320 550 demonstrasset,
1353 482 1553 554 dignis
1604 498 1710 539 suo
1740 482 2004 538 instituto

2192 474 2408 534 υπόλει.
2452 475 2553 533 Καὶ
2619 477 2967 550 βαπτισθεῖσα
3018 478 3107 531 καὶ
3164 475 3475 552 προαίρεσιν
3535 474 3775 551 εἰλικρι-

343 563 669 623 honoribus
700 568 906 624 affecta
940 570 1181 625 domum
1216 570 1409 627 rediit.

418 743 562 798 Filia
611 745 895 817 Hugonis,
930 764 1060 818 quae
1089 754 1347 805 Romano
1401 750 1588 804 fuerat
1618 750 1997 820 desponsata,

349 838 580 888 mortua
611 834 853 906 virgine,
890 837 975 891 uti
1007 838 1286 906 diximus,
1322 839 1641 911 imperator
1672 838 1790 893 filio
1823 838 1997 893 aliam

346 938 583 976 uxorem
632 923 895 995 collocat,
946 942 1320 998 nequaquam
1372 928 1585 983 illustri
1642 944 1856 999 genere
1897 927 1998 982 sed

344 1010 592 1078 plebeio,
656 1018 846 1067 ortam
906 1016 1252 1085 parentibus
1310 1017 1697 1088 cauponibus,
1762 1016 1998 1072 nomine

344 1099 743 1155 Anastasiam.
777 1102 884 1157 Sed
934 1102 1061 1174 ipse
1090 1104 1141 1158 ei
1196 1105 1593 1177 Theophanus
1641 1122 1853 1161 nomen
1906 1105 1996 1159 in-

345 1187 511 1244 didit.

417 1367 560 1420 Cum
594 1370 789 1423 autem
823 1385 1055 1425 ameras
1086 1372 1254 1427 Tarsi
1288 1372 1437 1428 bello
1470 1376 1764 1428 Romanos
1796 1377 1996 1443 petens

347 1460 571 1525 partem
625 1457 913 1512 exercitus
970 1459 1029 1513 in
1077 1477 1290 1531 pagum
1350 1461 1618 1517 Herculis
1671 1463 1990 1533 praedatum

345 1543 665 1614 emisisset,
726 1548 1027 1617 presbyter
1082 1550 1323 1619 quidam
1384 1551 1619 1605 nomine
1677 1549 1993 1605 Themelus

342 1636 487 1687 tunc
517 1633 889 1689 incruentum
921 1652 1207 1708 peragens
1234 1640 1855 1709 sacriﬁcium,cognito
1888 1639 1992 1693 Sa-

345 1736 693 1777 racenorum
745 1726 1021 1793 adventu,
1054 1727 1275 1782 omisso
1324 1728 1631 1791 sacriﬁcio.
1666 1730 1746 1783 ita
1776 1733 1841 1783 ut
1871 1731 1993 1783 erat

341 1815 533 1865 vestes
593 1828 789 1867 sacras
843 1814 1159 1870 indutus...
1213 1816 1415 1888 templi
1470 1818 1754 1889 corripuit
1809 1832 1992 1888 eoque

344 1898 545 1954 hostes
595 1900 888 1957 irruentes
937 1904 1216 1973 defendit,
1250 1922 1570 1977 eorumque
1616 1906 1837 1961 multos
1866 1904 1990 1960 vul-

345 1988 591 2055 neravit,
636 1988 969 2061 complures
1016 1992 1326 2061 interfecit,
1379 1994 1636 2065 reliquos
1691 1995 1748 2049 in
1794 1995 1993 2066 fugam

342 2077 533 2131 vertit.
569 2078 855 2134 Exclusus
914 2080 1124 2136 deinde
1171 2084 1243 2136 ab
1302 2084 1573 2155 episcopo
1624 2085 1828 2151 sacris,
1858 2099 1993 2138 cum

345 2166 766 2222 admissionem
800 2185 914 2222 non
946 2168 1305 2240 impetraret,
1339 2175 1410 2227 ad
1442 2175 1738 2244 Agarenos
1767 2189 1829 2228 se
1859 2189 1994 2227 con—

344 2254 480 2309 tulit
538 2257 904 2328 ejuravitque
962 2257 1360 2315 Christianam
1421 2261 1782 2333 religionem,
1831 2279 1995 2316 cum-

346 2358 459 2413 que
510 2343 582 2399 iis
613 2344 809 2401 exiens
862 2363 978 2400 non
1032 2349 1456 2419 Cappadociam
1490 2352 1663 2405 modo
1693 2356 1749 2405 et
1777 2351 1997 2405 vicinas

345 2432 615 2504 regiones
646 2439 735 2489 est
782 2434 1122 2507 populatus,
1156 2440 1255 2492 sed
1289 2444 1346 2493 et
1376 2456 1563 2510 usque
1612 2441 1681 2493 ad
1714 2440 1996 2495 Minorem

346 2522 540 2577 Asiam
616 2524 888 2593 perrexit.
949 2525 1103 2580 830
1160 2527 1230 2581 Et
1286 2544 1358 2583 ne
1429 2529 1685 2584 scribere
1758 2529 1998 2600 quidem

348 2610 437 2665 fas
493 2616 585 2667 est
636 2628 762 2683 qua:
820 2614 949 2684 ejus
1018 2615 1243 2670 fuerint
1300 2633 1365 2671 ac
1434 2634 1610 2689 quam
1673 2617 1802 2673 dira
1856 2618 2000 2673 faci-

351 2715 514 2755 nora.

420 2878 493 2931 At
526 2877 744 2933 Bardas
793 2878 1016 2935 Phocas
1069 2882 1428 2938 domesticus
1468 2884 1804 2940 scholarum
1836 2901 2002 2941 crea-

357 2971 477 3035 tus,
510 2966 593 3019 uti
626 2966 949 3039 indicatum
999 2986 1178 3041 supra
1207 2977 1317 3041 est,
1350 2972 1494 3026 nihil
1538 2979 1865 3029 memoratu
1912 2974 2002 3028 di-

356 3069 539 3123 gnum
572 3055 943 3125 egit.Etenim
974 3056 1221 3113 aliorum
1254 3060 1534 3129 auspiciis
1566 3078 1687 3117 rem
1718 3078 1927 3134 gerens
1952 3061 2003 3117 is

356 3145 474 3197 dux
505 3143 815 3199 videbatur
844 3147 943 3215 qui
974 3146 1210 3203 laudem
1244 3153 1300 3203 et
1333 3149 1779 3205 admirationem
1812 3167 1997 3205 mere-

2123 569 2250 627 νοῦς
2282 562 2629 637 ἐνδειξαμένη
2662 562 2918 629 πίστεως,
2950 565 3109 638 ἀξίως
3143 571 3437 637 τιμηθεῖσα
3489 570 3591 633 τῆς
3642 584 3774 640 προ-

2116 654 2375 728 αιρέσεως
2409 652 2491 707 ἐπ’
2526 652 2681 708 οἷ’κου
2712 651 3001 727 ἀνέδραμε.

2183 746 2262 815 [Ρ.
2297 746 2424 814 637)
2452 748 2558 812 Τῆς
2617 740 2673 796 δὲ
2722 747 2801 814 τῷ
2828 744 3093 814 Ῥωμανῷ
3148 741 3544 820 νυμφευθείσης
3591 742 3768 815 κόρης

2110 834 2207 901 τῆς
2241 828 2497 907 Οῦγωνος
2549 828 2740 894 παιδὸς
2788 831 3182 901 ἀποθανούσης,
3225 832 3299 893 ὡς
3350 829 3574 905 εἴπομεν
3626 836 3767 903 (90),

2110 921 2399 995 παρθένου,
2458 920 2785 997 νυμφεῦεται
2838 921 2988 992 αὐτῷ
3044 922 3071 974 ὁ
3131 919 3381 995 βασιλεὺς
3437 921 3525 975 καὶ
3580 921 3767 995 πατὴρ

2113 1010 2291 1083 ἑτέραν
2352 1016 2597 1085 γυναῖκα,
2633 1006 2695 1064 οῦ
2751 1030 2873 1063 τινα
2927 1014 3033 1063 τῶν
3087 1008 3376 1086 ἐπιφανῶν,
3409 1006 3533 1063 ἀλλ’
3570 1008 3629 1063 ἐκ
3660 1029 3765 1083 χυ-

2114 1096 2279 1154 δαίων
2318 1105 2536 1175 φυεῖσαν
2568 1100 2657 1153 καὶ
2691 1099 2789 1167 τὴν
2841 1100 3041 1174 τέχνην
3087 1098 3376 1169 καπήλων,
3410 1097 3763 1155 Ἀναστασίαν

2111 1187 2484 1262 καλουμένην,
2563 1189 2814 1267 Θεοφανὼ
2892 1185 2938 1241 δ’
3000 1189 3088 1243 ὑπ’
3166 1186 3366 1243 ἐκείνοο
3451 1209 3768 1261 μετονομα-

2111 1279 2346 1333 σθεῖσαν.

2182 1370 2295 1424 Τοῦ
2346 1367 2535 1441 ἀμηρᾶ
2589 1363 2646 1421 δὲ
2703 1373 2801 1436 τῆς
2858 1369 3066 1439 Ταρσοῦ
3094 1364 3432 1441 ἐκστρατείαν
3464 1366 3603 1421 κατά
3632 1366 3770 1420 Ῥω-

2110 1456 2284 1529 μαίων
2344 1456 2738 1528 ποιησαμένου,
2773 1454 2825 1509 ἐν
2884 1454 2953 1528 τῇ
3012 1455 3177 1528 κώμη
3242 1452 3299 1509 δὲ
3344 1458 3413 1528 τῇ
3462 1455 3771 1530 Ἡρακλέος

2107 1543 2236 1600 λαὸν
2271 1545 2626 1622 πεπομφότος
2660 1544 2737 1607 εἷς
2767 1546 3077 1619 προνομὴν,
3122 1538 3487 1618 πρεσϐύτερός
3529 1564 3614 1605 τις
3669 1543 3767 1598 85.-

2110 1634 2211 1708 μελ
2246 1634 2648 1707 ὀνομαζόμενος
2676 1634 2773 1702 τὴν
2809 1632 3136 1704 ἀναίμακτον
3194 1630 3455 1686 ἐπιτελῶν
3509 1632 3766 1706 λειτουρ-

2103 1725 2243 1799 γίαν,
2289 1723 2362 1784 ὡς
2415 1722 2547 1797 ἔγνω
2604 1724 2701 1791 τὴν
2756 1718 2859 1775 τῶν
2922 1724 3252 1791 Σαρακηνῶν
3305 1717 3519 1798 ἔφοδον,
3576 1719 3761 1775 λιπὼν

2023 1841 2070 1905 Β
2103 1814 2201 1881 τὴν
2261 1812 2567 1888 ἱερουργίαν
2622 1811 2710 1866 καὶ
2768 1811 2842 1872 ὡς
2903 1811 3016 1885 εἶχε
3064 1809 3264 1877 στολῆς
3297 1809 3549 1879 ἐξελθὼν,
3581 1805 3758 1863 λαϐό-

2110 1902 2266 1974 μενός
2314 1923 2371 1957 τε
2412 1906 2532 1964 ταῖς
2588 1899 2745 1974 χερσὶ
2802 1904 2900 1954 τοῦ
2958 1901 3305 1975 σημαντῆρος
3335 1901 3469 1971 (91),
3508 1902 3608 1962 τῆς
3666 1896 3759 1953 ἐκ·

2102 1990 2338 2061 κλησίας
2386 1988 2437 2045 ἐν
2488 1988 2667 2061 τούτῳ
2713 1987 2840 2050 τοὺς
2879 1988 3128 2049 ἐπιόντας
3177 1987 3437 2060 ἠμύνετο,
3470 1987 3560 2041 καὶ
3621 1986 3761 2041 πολ-

2105 2081 2235 2142 λοὺς
2298 2080 2394 2153 μὲν
2452 2078 2861 2155 ἐτραυμάτισεν,
2924 2075 3198 2131 ἁπέγτεινε
3248 2074 3305 2130 δὲ
3358 2075 3447 2130 καὶ
3506 2075 3758 2142 ἱκανοὺς,

2104 2171 2230 2233 τοὺς
2283 2167 2339 2223 δὲ
2390 2167 2619 2229 λοιποὺς
2681 2168 2938 2243 ἐτρέψατο
2996 2165 3073 2228 εἷς
3115 2168 3310 2243 φυγήν.
3344 2164 3763 2228 ’Λποκλεισθεῖς

2108 2259 2165 2315 δὲ
2219 2260 2365 2335 παρᾶ
2417 2262 2512 2311 τοῦ
2575 2256 2876 2311 ἐπισκόπου
2934 2262 3035 2324 τῆς
3109 2254 3442 2330 ἱερουργίας,
3499 2251 3618 2307 ἐπεὶ
3676 2254 3759 2325 μὴ

2106 2346 2289 2412 ἔπειθε
2344 2349 2457 2420 (92)
2512 2347 2967 2422 συγχωρηθῆναι,
3019 2349 3135 2405 τοῖς
3198 2345 3520 2417 ’Δγαρηνοῖς
3579 2363 3764 2415 προσ-

2109 2438 2271 2515 ερῥῦη
2326 2437 2412 2491 καὶ
2471 2437 2562 2490 τὸν
2631 2435 3050 2509 Χριστιανισμὸν
3112 2432 3445 2506 ἐξωμόσατο,
3501 2430 3593 2485 καὶ
3665 2431 3761 2485 σῦν

2108 2529 2295 2589 αὐτοῖς
2330 2524 2480 2596 ἐξιὼν
2532 2524 2592 2580 οὐ
2639 2524 2804 2597 μόνον
2852 2519 3231 2577 Καππαδοκίαν
3264 2520 3352 2575 καὶ
3381 2521 3448 2574 τὰ
3476 2518 3767 2595 ἐγγίζοντα

2105 2616 2272 2690 ταύτῃ
2304 2612 2467 2688 ἐδῄου
2500 2614 2725 2687 θέματα,
2759 2611 2905 2667 ἀλλὰ
2936 2609 3002 2680 δὴ
3052 2612 3139 2664 καὶ
3193 2608 3357 2685 μέχρι
3398 2617 3499 2679 τῆς
3560 2614 3764 2682 μικρᾶς

2108 2704 2414 2780 λεγομένης
2446 2702 2627 2765 Ἀσίας
2662 2701 2907 2781 ἔφθασεν.
2939 2703 3074 2755 Ὅσα
3104 2698 3161 2755 δὲ
3211 2697 3359 2753 δεινὰ
3407 2696 3766 2773 διεπράξατο,

2109 2792 2235 2849 οὐδὲ
2264 2792 2486 2869 γράφειν
2522 2794 2658 2865 ἡμῖν
2693 2790 2936 2864 θεμιτόν,

2181 2880 2322 2948 ’Ήδη
2382 2880 2459 2951 δὲ,
2514 2881 2589 2942 ὡς
2651 2877 2897 2951 ε’ίπομεν,
2957 2877 3361 2954 προχειρισθεὶς
3435 2873 3771 2948 δομέστικος

2108 2976 2214 3027 τῶν
2267 2970 2486 3045 σχολῶν
2535 2967 2745 3045 Βάρδας
2773 2971 2800 3023 ὁ
2832 2972 3028 3030 Φωκᾶς
3074 2964 3226 3022 οὐδὲν
3272 2964 3302 3020 6'
3345 2986 3399 3019 τι
3443 2965 3531 3019 καὶ
3582 2964 3769 3038 λόγου

2111 3059 2259 3133 ἄξιον
2293 3055 2679 3133 ἀπειργάσατο’
2716 3058 2878 3113 ὁπότε
2930 3056 3023 3130 μὶν
3071 3058 3174 3131 γὰρ
3221 3056 3308 3133 ὕφ’
3341 3054 3556 3129 ἐτέρους
3608 3052 3770 3107 ἐτάτ-

2109 3170 2253 3216 τετο,
2304 3147 2609 3222 στρατηγὸς
2658 3145 2963 3219 θαυμαστὸς
3019 3145 3349 3221 ἀνεφαίνετο,
3409 3141 3655 3212 ὁπηνίκα
3714 3140 3773 3196 δὲ

358 3235 519 3287 retur
551 3249 562 3286 :
600 3234 760 3287 omni
794 3234 905 3289 sibi
938 3235 1185 3307 imperio
1224 3239 1537 3294 commisso
1587 3239 1736 3294 nihil
1765 3245 1865 3294 aut
1898 3257 1995 3311 pa-

2200 3236 2411 3309 ἐξουσία
2465 3240 2571 3290 τῶν
2641 3235 3053 3312 στρατευμάτων
3104 3234 3355 3288 ἁπάντων
3410 3237 3509 3300 τῆς
3568 3231 3770 3285 ἑαυτοῦ

359 3337 491 3376 rum
524 3321 797 3377 Romanis
831 3326 1098 3395 proderat
1125 3326 1232 3396 rei,
1253 3329 1409 3398 quod
1441 3329 1696 3384 avaritiae
1730 3327 2004 3385 laborans

355 3412 495 3467 vitio
525 3413 686 3468 sanis
745 3415 1008 3470 consiliis
1068 3417 1494 3475 excutiebatur.
1538 3419 1696 3474 Unde
1749 3424 1806 3474 et
1856 3436 2005 3490 quo-

361 3503 497 3555 dam
525 3507 787 3571 tempore
818 3504 877 3557 in
908 3504 1207 3559 Chabdani
1240 3507 1557 3561 exercitum
1588 3509 1657 3562 de
1687 3507 2006 3578 improviso

358 3589 649 3658 incidens,
676 3591 749 3645 ab
798 3592 1076 3647 omnibus
1118 3594 1265 3661 suis,
1314 3600 1378 3650 ut
1407 3595 1612 3663 fertur,
1646 3597 1916 3652 desertus
1946 3598 2004 3651 in

360 3677 623 3733 hostium
696 3685 1049 3753 potestatem
1122 3682 1288 3739 vivus
1362 3685 1639 3753 venisset,
1698 3685 1812 3741 nisi
1871 3702 2007 3741 eum

361 3783 547 3823 cuneo
599 3772 727 3824 acto
778 3769 1033 3825 ministri
1079 3771 1456 3843 eripuissent.
1488 3773 1720 3830 Vulnus
1768 3775 2007 3845 quidem

360 3856 421 3912 in
457 3858 642 3912 fronte
693 3859 918 3930 accepit
965 3876 1243 3932 magnum
1276 3867 1451 3933 atque
1494 3864 1875 3933 profundum,
1908 3880 2009 3918 cu-

354 3946 454 4016 jus
484 3962 744 4002 crassam
775 3947 1099 4004 cicatricem
1152 3966 1341 4021 usque
1379 3952 1448 4005 ad
1483 3959 1731 4007 mortem
1758 3952 2009 4007 circum-

359 4034 516 4090 tulit.

432 4124 794 4196 Nicephorus
842 4130 1038 4182 autem
1069 4133 1127 4183 et
1163 4128 1291 4196 Leo,
1326 4128 1429 4183 filii
1472 4130 1623 4201 ejus,
1656 4132 1814 4186 omni
1847 4131 2011 4187 inbo-

362 4217 526 4269 nesta
557 4218 800 4284 captura
825 4215 1156 4287 superiores
1183 4233 1250 4273 ac
1283 4219 1554 4274 subditos
1580 4219 1768 4274 instar
1794 4219 2011 4276 libero—

2112 3329 2340 3403 γνώμης
2397 3325 2683 3400 ἐξήρτητο,
2733 3323 2899 3399 ὀλίγα
2947 3322 2983 3393 ἢ
3039 3319 3189 3377 οὐδὲν
3242 3317 3421 3390 ὤνησε
3471 3319 3569 3387 τήν
3628 3320 3773 3373 Ῥω-

2120 3416 2290 3490 μαίων
2355 3416 2557 3491 ἀρχήν.
2616 3415 2869 3485 Νοσήσας
2917 3413 3020 3489 γὰρ
3076 3412 3176 3480 τὴν
3212 3409 3520 3480 πλεονεξίαν
3576 3406 3770 3478 ἐξέστη

2112 3510 2221 3560 τῶν
2255 3505 2445 3558 ἑαυτοῦ
2478 3501 2785 3577 λογισμῶν.
2818 3503 2975 3565 ’Ὀθεν
3032 3500 3120 3556 καί
3176 3520 3309 3555 ποτε
3361 3504 3481 3560 τοῖς
3516 3501 3615 3551 τοῦ
3654 3503 3772 3552 Χα-

2117 3589 2246 3648 ϐδᾶν
2305 3589 2733 3668 ἀπροσδοκήτως
2795 3591 3124 3665 περιπεσὼν,
3174 3588 3414 3655 πάντων,
3468 3586 3541 3647 ὥς
3610 3607 3773 3660 φασι,

2115 3682 2591 3739 καταλελοιπότωοο
2630 3682 2811 3749 αὐτὸν,
2850 3685 3046 3756 μικροῦ
3078 3678 3187 3734 δεῖν
3235 3674 3597 3753 αἰχμάλωτος
3654 3673 3774 3748 ἐγε-

2114 3773 2277 3848 γόνει,
2311 3771 2357 3826 εἷ
2393 3772 2469 3845 μὴ
2504 3770 2917 3832 συνασπίσαντες
2951 3771 3003 3824 οἱ
3050 3768 3368 3841 θεράποντες
3413 3772 3514 3835 τῆς
3554 3764 3775 3839 αἰχμα-

2118 3861 2320 3923 λωσίας
2349 3860 2504 3915 αὐτὸν
2538 3859 2930 3932 ἐλυτρώσαντο.
2965 3858 3209 3933 Ἐτρώθη
3254 3854 3311 3910 δὶ
3339 3855 3472 3909 κατὰ
3519 3853 3583 3907 τὸ
3639 3854 3777 3925 μέτ-

2119 3961 2266 4006 ωπόν
2325 3947 2557 4025 γενναίῳ
2613 3948 2702 4003 καὶ
2760 3950 2915 4024 βαθεῖ
2957 3952 3037 4019 τῷ
3082 3945 3372 4021 τραύματι,
3404 3944 3477 4005 ὡς
3518 3942 3611 3996 καὶ
3679 3941 3776 4015 μὲ-

2119 4061 2215 4117 χρι
2246 4038 2503 4104 τελευτῆς
2534 4035 2696 4112 ἁδρὰν
2726 4039 2825 4107 τὴν
2856 4036 3029 4105 οὐλὴν
3060 4035 3386 4112 περιφέρειν.

2192 4127 2503 4205 Νικηφόρος
2560 4124 2617 4181 δε
2672 4128 2758 4181 καὶ
2821 4133 2968 4181 Λεων
3020 4125 3071 4179 οἱ
3115 4122 3312 4178 τούτου
3345 4123 3499 4189 υἱεῖς,
3534 4119 3777 4196 ἐφύπερ-

2120 4221 2205 4274 θεν
2267 4218 2418 4280 ὐοτες
2474 4218 2671 4279 παντὸς
2718 4214 2953 4290 αἶ’σχροῦ
3010 4212 3304 4285 λήμματος
3362 4208 3621 4271 καὶτοὺς
3682 4210 3781 4264 ὑπ-

1553 4325 1919 4383 XYLANDRI
1960 4328 2047 4383 ET
2084 4327 2309 4385 GOARI
2347 4325 2575 4381 NOT/E.

438 4407 552 4478 (90)
574 4407 678 4483 Δᾼὶῐ
707 4425 769 4464 se
798 4410 856 4464 id
889 4428 1070 4482 supra
1099 4428 1330 4483 quoque
1360 4413 1595 4469 dixisse.
1629 4414 1739 4470 Sed
1782 4417 1842 4470 in
1875 4432 2010 4471 nos-

362 4483 454 4533 tro
483 4480 701 4557 codice,
730 4497 796 4536 eo
828 4480 1152 4557 ipso—loud
1178 4480 1293 4554 quo
1339 4501 1467 4540 eam
1520 4487 1774 4557 quinque
1824 4504 2009 4544 annos

362 4567 495 4605 cum
547 4551 807 4628 Romano
836 4554 1051 4609 vixisse
1099 4551 1333 4628 dicitur,
1366 4551 2003 4628 librarius-quaedam,

408 4622 851 4704 uto,_emiserat,
887 4643 1013 4704 quae
1036 4628 1111 4683 ab
1140 4627 1251 4682 alio
1284 4622 1495 4704 deinde
1524 4622 1754 4704 su_nt,ut
1783 4636 1841 4685 et
1871 4622 2002 4686 aliis

383 4698 950 4759 ocis,inserta.Certe
977 4698 1099 4752 haec
1130 4715 1261 4753 cum
1297 4699 1699 4770 superioribus
1728 4719 1843 4756 non
1879 4720 2011 4758 con-

362 4772 603 4844 gruunt,
634 4771 789 4844 quod
841 4770 987 4825 satis
1013 4770 1217 4844 __habui
1262 4772 1676 4844 aduotare.AEt
1724 4775 1880 4844 quod
1914 4774 2008 4829 hic

362 4836 540 4926 paulo
566 4836 701 4926 an‘te
727 4842 981 4897 Joannes
1010 4842 1366 4926 Francorum
1413 4859 1514 4924 _rex
1544 4842 1663 4899 sive
1680 4836 2011 4926 imperator

362 4910 600 4984 dicitur,
634 4910 841 4967 horum
894 4918 1169 4967 neutrum
1221 4912 1476 4968 historia:
1530 4910 1840 4984 consentit,
1874 4934 2009 4972 cum

406 4996 469 5059 _er
519 4980 574 5061 id
628 4985 862 5061 tempus
920 4984 1317 5061 Romanorum
1363 4980 2011 5061 imperatoresfuerint

416 5055 648 5128 enricus
679 5055 899 5128 Anceps
932 5055 1349 5128 etQtto,cujus
1381 5055 1553 5128 paulo
1586 5064 1714 5128 post
1747 5059 1812 5114 fit
1844 5077 2008 5115 men-

360 5123 465 5201 tio,
486 5122 775 5201 _Saxgnes,
796 5122 868 5201 _in
900 5127 1086 5201 Gallia
1117 5122 1310 5201 autem
1340 5122 1638 5201 regnarint
1674 5132 2008 5187 Ludovicus

362 5199 419 5250 et
448 5194 577 5262 ejus
612 5193 767 5251 ﬁlius
795 5197 1125 5254 Lotharius.
1160 5199 1298 5254 XYL.

431 5264 547 5346 (91)
579 5264 758 5346 Quale
806 5268 892 5323 vel
925 5270 1297 5346 instrumenti
1350 5270 1438 5325 vel
1486 5287 1787 5328 armorum
1822 5290 2009 5345 genus

365 5343 821 5417 arripuerit,nou
854 5357 1107 5417 possum
1130 5343 1409 5398 divinare.
1446 5346 1782 5417 Σημαντῆρα
1814 5343 2008 5417 accepi

364 5412 781 5505 proAcusto‘d‘eg
833 5429 1007 5505 quvem
1038 5414 1347 5504 'Homerus
1395 5431 1500 5485 pro
1540 5412 2007 5505 'pasto're‘popi—t,

364 5478 539 5560 Iliad.
580 5496 630 5545 0,
679 5483 784 5560 325
820 5478 1246 5560 :_-an1'v10po;
1290 5484 1349 5539 οὐ
1398 5478 1716 5560 παρεόντος,
1750 5478 2010 5560 οῖ’μῆλα

368 5550 673 5637 ἀσήμαντα,
708 5554 873 5637 Iliad.
906 5550 1100 5624 24,7585,
1127 5550 1253 5637 quae
1272 5550 1675 5637 pastoresunt
1704 5550 2007 5637 destituta.

367 5623 522 5703 gapo‘:
549 5623 941 5703 ’τὸ-σημαίνειν,
994 5623 1161 5703 (μιοᾶ
1200 5623 1295 5703 est
1336 5627 1655 5699 ἐπιτάττειν,
1708 5635 2008 5689 mandare.

367 5693 669 5757 Quomodo
697 5693 754 5757 et
773 5693 1066 5774 σημάντῶρ
1096 5701 1281 5773 accipi
1302 5705 1493 5772 potest
1524 5693 1690 5761 initio
1712 5705 1920 5777 Odyss.
1955 5722 2007 5777 ρ.

2119 4414 2399 4489 iSfedﬂquid
2433 4414 2527 4469 hic
2559 4412 3191 4489 signiticetmbseurum
3223 4408 3515 4489 relinquo.
3548 4407 3780 4489 agri..—

2118 4478 2353 4543 Nullam
2384 4478 2735 4557 σημαντῆρος
2764 4478 3256 4557 significationem
3286 4479 3525 4551 agnovit
3552 4478 3778 4557 Xylanf

2119 4560 2243 4624 der,
2294 4551 2677 4613 cumv'tamen
2728 4551 2931 4628 signis
2958 4553 3277 4628 clarissime
3325 4558 3623 4628 personet.
3661 4551 3781 4628 _Est

2116 4622 2271 4686 enim
2302 4622 3514 4705 crotalus,_lignum_oblpngius,_quadrum,
3540 4622 3779 4678 modice

2117 4707 2312 4767 tenue,
2348 4698 3081 4771 malleolo'quatiendum,
3135 4702 3199 4752 ut
3252 4698 3500 4771 excitato
3548 4711 3700 4771 sono
3744 4712 3779 4749 a

2119 4774 2419 4829 sacerdote
2450 4766 2725 4827 fidelibus
2756 4772 2815 4827 in
2865 4770 3170 4826 ecclesiam
3216 4766 3483 4822 veniendi
3525 4766 3776 4835 signum

2119 4847 2310 4901 detur.
2346 4846 2446 4900 Est
2489 4844 2665 4899 etiam
2715 4842 2999 4915 σημαντὴρ
3056 4842 3241 4915 ferrea
3286 4838 3508 4915 lamina
3556 4837 3778 4915 bacillo

2120 4918 2303 4972 ferreo
2335 4918 2406 4972 ad
2438 4916 2591 4971 fores
2618 4910 2876 4972 ecclesiae
2906 4910 3323 4983 in'expositum
3357 4912 3533 4983 ﬁnem
3562 4910 3780 4965 verbe-

2120 4989 2321 5056 randa,
2348 4990 2586 5059 deiqua,
2618 4988 2772 5059 sicut
2800 4994 2856 5042 et
2888 4987 2957 5042 de
2988 4982 3232 5059 signise
3266 4982 3680 5059 ligno,_docte,
3716 4989 3780 5036 ut

2118 5055 2314 5125 sollet,
2360 5055 2604 5115 Allatius
2654 5057 2803 5113 libro
2853 5059 2925 5113 de
2979 5055 3401 5111 recentioribus
3438 5055 3781 5109 Graecorum

2118 5131 2380 5201 templis.
2437 5132 2555 5186 Hoc
2602 5131 2803 5201 itaque
2832 5130 2954 5185 sive
3004 5128 3195 5199 ligneo
3226 5142 3329 5181 seu
3358 5126 3552 5201 potius
3580 5125 3780 5201 ferreo

2120 5193 2337 5259 sereove
2365 5205 2523 5271 signa
2553 5193 2810 5259 ecclesias
2839 5193 3094 5256 ηιαηὶὺῶ
3123 5193 3441 5266 αννεριοξέ»
3475 5193 3781 5271 αὖτῇγτοὺς

2119 5273 2365 5333 ἐπιόντας
2398 5267 2659 5345 ἧμύνετο,
2692 5276 2960 5345 ingressos
2980 5272 3051 5345 in
3080 5287 3201 5345 eam
3223 5267 3562 5345 Ausetanum)
3601 5270 3783 5323 Sara-

2118 5363 2273 5403 cenos
2332 5341 2652 5415 invddcbat,
2703 5341 3082 5418 prapulsabat,
3146 5341 3458 5398 debellabai
3512 5346 3781 5397 strenuus

2118 5421 2215 5475 ille
2241 5418 2507 5474 sacerdos.
2537 5418 2715 5473 Cosa.

2190 5490 2302 5562 (92)
2334 5489 2644 5562 Xylander,
2676 5505 2815 5562 cum,
2844 5488 3238 5562 admissioncm
3280 5500 3388 5562 non
3419 5485 3779 5557 impetraret.

2120 5558 2350 5628 Verius,
2380 5558 2505 5617 cum
2532 5570 2597 5617 ut
2630 5563 2743 5617 sibi
2785 5560 3012 5631 [acinus
3057 5558 3463 5614 condonaretur
3510 5572 3627 5613 non
3655 5574 3779 5630 per-

2117 5634 2312 5705 suasit,
2343 5632 2401 5688 id
2434 5637 2544 5703 est,
2578 5633 2932 5705 impetravit.
2969 5634 3151 5686 Gom.
