3966 6134
235 328 316 387 65
1378 314 1931 378 HISTORIARUM
1975 316 2521 381 COMPENDIUM.
3570 318 3650 376 66

237 454 444 523 ηκόους
469 473 544 515 ως
598 448 858 525 γνησίους
912 446 1062 509 υἱοὺς
1120 446 1490 522 περιέποντες,
1545 442 1758 519 μεγάλα
1784 445 1886 513 τὴν

2036 463 2135 503 um
2167 463 2235 503 ex
2267 465 2328 503 se
2376 453 2648 504 natorum
2700 453 3042 517 tractantes,
3075 448 3399 521 plurimum
3447 448 3641 521 reipu-

239 548 351 598 τῶν
410 540 702 614 Ῥωμαίων
757 538 937 613 ἀρχὴν
998 534 1310 613 ὠφέλησαν.
1378 535 1476 588 Καὶ
1530 533 1596 588 τὰ
1654 534 1747 605 μὶν
1798 537 1892 587 τοῦ

248 631 569 709 Νικηφόρου
636 629 1045 702 προτερήματα,
1094 623 1186 678 ’ίνα
1255 625 1329 695 μὴ
1381 623 1444 677 τὸ
1500 629 1601 690 τῆς
1650 620 1892 697 ΐστορίας

248 721 480 795 συνεχὲς
509 716 888 786 διακόπτηται,
920 714 975 769 ἐν
1024 718 1141 775 τοῖς
1185 714 1309 787 περὶ
1340 711 1543 766 ἐκείνου
1576 709 1847 780 λελέξεται
1878 729 1890 742 ·

246 812 275 865 6
337 807 395 865 δὲ
447 807 592 866 Αέων
665 804 1018 877 Ἀπολασαήρ
1090 801 1354 874 ἐπίσημον
1432 797 1598 874 ἄνδρα
1655 800 1743 853 καὶ
1798 803 1894 853 τοῦ

243 895 431 957 Χαϐἆν
474 902 728 971 συγγενῆ,
774 893 868 948 σὺν
922 891 1129 966 ἀπείρῳ
1175 891 1375 960 πλήθει
1424 889 1559 943 κατά
1608 887 1893 960 Ῥωμαίων

244 983 539 1058 ἐξελθόντα
580 988 918 1061 τρεψάμενος
964 981 1055 1036 καὶ
1103 980 1391 1054 κατασχὼν
1458 977 1509 1031 ἐν
1556 980 1893 1034 Κωνσταντι-

242 1075 503 1132 νου-πόλει
539 1073 842 1139 ἀπέστειλε,
875 1075 972 1125 τοῦ
1006 1068 1183 1125 ἄλλου
1230 1066 1477 1137 πλήθους
1523 1066 1587 1120 τὸ
1615 1066 1708 1139 μὶν
1742 1065 1794 1119 ὲν
1826 1068 1894 1138 τῇ

236 1171 343 1222 τοῦ
377 1163 629 1236 πολέμου
658 1156 939 1237 προςϐἐλῇ
990 1158 1222 1225 κτείνας,
1252 1158 1315 1211 τὸ
1367 1153 1425 1210 δὲ
1457 1156 1764 1228 ζωγρήσας.
1798 1156 1894 1210 Ὃν

240 1253 489 1331 ἀχθέντα
537 1252 674 1323 πρὸς
720 1251 820 1319 τὴν
858 1245 1114 1323 βασιλίδα
1143 1248 1171 1301 6
1204 1242 1461 1307 ϐασιλεὺς
1491 1248 1893 1305 Κωνσταντῖνος

245 1337 523 1420 θρίαμϐον
574 1339 807 1410 ποίήσας
861 1337 949 1393 καὶ
998 1338 1135 1391 κατὰ
1181 1340 1276 1389 τοῦ
1326 1332 1620 1408 τραχήλου
1651 1334 1896 1403 πατήσας

234 1439 434 1507 τιμαῖς
464 1452 524 1487 τε
551 1429 640 1484 καὶ
674 1426 905 1503 δωρεαῖς
937 1426 1407 1504 ἐφιλοφρονήσατο
1440 1424 1573 1496 (93).

321 1524 730 1577 Κωνσταντῖνου
781 1515 837 1571 δὶ
880 1517 971 1571 τὸν
1023 1514 1216 1580 λοιπὸν
1272 1513 1387 1566 υἱὸν
1432 1515 1529 1565 τοῦ
1578 1514 1748 1565 Φωκᾶ
1795 1514 1895 1577 ζω-

238 1612 409 1688 γρίαν
444 1604 627 1664 λαϐὼν
661 1608 688 1661 ὁ
716 1600 929 1662 Χαϐδᾶν
970 1603 1058 1659 καὶ
1111 1602 1186 1665 εἷς
1212 1601 1275 1656 τὸ
1306 1598 1500 1655 Χάλεπ
1532 1599 1895 1688 (94)ἆγαγὼν,

372 1696 561 1754 πολλὰ
610 1692 917 1755 σπουδάσας
964 1692 1039 1753 εἷς
1092 1692 1240 1765 [638]
1283 1691 1382 1759 τήν
1448 1688 1683 1762 μτσαρὰν
1736 1686 1898 1741 αὐτοῦ

236 1788 536 1865 Θρησκείαν
592 1790 784 1840 τοῦτον
848 1786 1194 1855 μεταγαγεῖν,
1249 1781 1323 1842 ὡς
1379 1778 1477 1832 οὐκ
1527 1773 1726 1849 ἔπεισε,
1760 1797 1897 1853 φαρ-

243 1864 450 1952 μάκοις
473 1875 633 1931 αὐτὸν
661 1872 944 1950 διέφθειρε.
989 1874 1066 1942 Τῇ
1108 1868 1244 1942 ἀκοῇ
1294 1865 1352 1922 δὶ
1397 1866 1564 1940 ταύτῃ
1600 1864 1899 1940 περιαλγῆ,

240 1968 548 2044 γενόμενος
577 1965 604 2019 6
651 1959 862 2038 Βάρδας
911 1962 1112 2020 πάντας
1161 1957 1253 2019 οὓς
1303 1961 1551 2030 κατεῖχεν
1603 1953 1901 2029 αἶ’χμαλώ-

240 2077 382 2119 τους
413 2057 685 2129 συγγενεῖς
728 2054 825 2105 τοῦ
868 2044 1084 2106 Χαϐδᾶν
1133 2047 1269 2123 ξίφει
1308 2045 1591 2117 κατέκοψε.
1628 2043 1729 2100 Καὶ
1757 2043 1902 2116 παρὰ

240 2148 419 2201 τοῦτο
442 2145 470 2198 6
499 2143 562 2197 τὸ
595 2138 863 2215 ἀλλάγιον
896 2138 1160 2215 πεμφθεὶς
1193 2136 1521 2204 πυιήσασθαι
1554 2130 1769 2193 Παῦλος
1809 2129 1907 2202 μά-

243 2252 480 2309 γιστρος
511 2232 538 2284 ὁ
570 2229 910 2302 Μονομάχος
956 2224 1245 2309 ἄπρακτος
1271 2222 1621 2309 ὕπέστρεψεν.
1652 2218 1905 2309 Ἀσχετῳ

248 2307 315 2378 δὲ
370 2318 700 2396 περιωδυνίᾳ
758 2314 986 2392 ληφθεὶς
1046 2316 1073 2369 ὁ
1134 2307 1349 2370 Χαϐδᾶν
1405 2308 1497 2365 διὰ
1550 2309 1680 2371 τοὺς
1742 2308 1906 2363 αὐτοῦ

250 2414 542 2485 συγγενεῖς
599 2405 935 2479 ἰκστρατεύει
1002 2404 1138 2457 κατὰ
1213 2400 1527 2472 Ῥωμαίων,
1589 2398 1733 2473 ἄγων
1794 2397 1909 2470 μετ’

250 2497 552 2555 αὐτοῦκαὶ
610 2498 701 2551 τὸν
763 2494 908 2572 παρὰ
956 2492 1222 2568 βασιλέως
1280 2490 1589 2568 πεμφθέντα
1644 2489 1717 2551 ὠς
1752 2489 1911 2542 αὑτὸν

251 2583 603 2667 πρεσϐευτὴν
663 2585 786 2658 περὶ
868 2583 1107 2658 εἰρήνης,
1177 2581 1421 2649 Νικήταν
1473 2578 1757 2667 πατρίκιον
1815 2576 1908 2667 τὸν

254 2664 647 2745 Χναλκούτζην,
707 2674 795 2727 καὶ
848 2670 1093 2731 πολλοὺς
1132 2668 1367 2744 ἀγαθοὺς
1425 2664 1622 2742 ἄνδρας
1667 2670 1776 2720 τῶν
1824 2665 1909 2718 ἀν-

253 2766 592 2843 δρειοτάτων
645 2761 735 2817 καὶ
780 2760 1032 2837 γενναίων
1100 2757 1388 2830 Ῥωμαίων
1439 2756 1717 2829 ἐζώγρησε
1773 2755 1907 2826 (95).

250 2861 369 2911 Τοῖ’»
403 2853 461 2909 δὲ
490 2854 705 2922 Νικήτα
743 2849 918 2924 λάθρα
960 2847 1037 2921 τῷ
1087 2851 1253 2919 Φῳκᾷ
1306 2844 1606 2918 μηνύοντος
1644 2844 1815 2898 πάντα
1845 2843 1912 2897 τὰ

259 2942 753 3023 βουλευόμενατῷ
800 2932 1015 2995 Χαϐδᾶν
1067 2939 1157 2990 καὶ
1204 2935 1299 2996 τὰς
1350 2932 1511 2994 ὁδοὺς
1553 2929 1671 2986 ὅθεν
1716 2930 1910 3023 μὲλλει

255 3020 595 3106 ηοιήσασθαι
624 3030 725 3098 τὴν
760 3026 1133 3102 ὑποστροφὴν,
1185 3024 1392 3100 λόχους
1424 3024 1451 3076 ὁ
1494 3026 1689 3083 Φωκᾶς
1723 3020 1913 3095 ἐγκαθ-

261 3126 371 3194 ίζει
426 3122 573 3190 παρά
624 3138 745 3173 τινα
790 3117 957 3171 τόπον
1038 3110 1243 3168 εἴσοδον
1320 3106 1525 3186 ἔχοντα
1583 3112 1771 3179 στενὴν
1822 3112 1907 3164 καὶ

1930 1832 1977 1894 Β

2002 535 2165 591 blicm
2199 537 2471 591 Romanae
2504 537 2879 592 contulerunt
2907 537 3198 592 utilitatis.
3230 539 3308 591 Ac
3340 536 3651 608 Nicephori

2003 628 2242 698 quidem
2277 628 2509 700 egregia
2541 629 2710 696 facta,
2744 644 2814 683 ne
2844 628 2903 683 in
2937 630 3246 701 praesentia
3294 627 3648 683 narrationis

2003 716 2340 771 continuam
2390 719 2599 773 seriem
2657 718 3182 787 interrumpamus,
3238 734 3353 789 quo
3400 716 3524 771 loco
3581 718 3652 771 de

2003 805 2133 875 ipso
2165 806 2356 861 dicere
2406 806 2639 877 jubebit
2669 808 2831 873 ordo,
2865 822 3244 877 exponemus.
3295 812 3402 861 Leo
3450 810 3647 859 autem

2004 893 2426 964 Apolaszerum,
2460 894 2748 949 illustrem
2780 894 2968 949 virum
3018 900 3076 949 et
3112 894 3409 949 Chabdani
3440 911 3651 966 cogna-

2003 984 2152 1051 tum,
2198 983 2421 1054 ingenti
2471 1000 2603 1038 cum
2661 981 3039 1039 multitudine
3090 984 3372 1039 Romanis
3433 984 3649 1038 bellum

2008 1071 2313 1126 facientem
2350 1072 2520 1136 fudit,
2549 1078 2904 1143 captumque
2932 1072 3133 1144 Cpolin
3167 1072 3346 1143 misit,
3365 1072 3654 1127 militibus

2005 1160 2134 1229 ejus
2166 1160 2375 1231 partim
2408 1160 2466 1214 in
2488 1159 2683 1231 praalio
2708 1160 3267 1232 interfectis,partim
3293 1161 3654 1232 captis.Eum

2005 1248 2325 1319 imperator
2383 1248 2440 1302 in
2503 1249 2804 1320 triumpho
2864 1251 3010 1305 331
3076 1249 3261 1318 duxit,
3323 1249 3656 1319 collumque

2007 1337 2135 1407 ejus
2168 1337 2430 1407 calcavit,
2464 1353 2528 1392 ac
2577 1337 2897 1393 honoribus
2930 1342 2986 1393 et
3026 1338 3371 1394 muneribus
3403 1343 3651 1394 Leonem

2007 1425 2327 1480 demeritus
2360 1430 2466 1481 est.

2078 1515 2803 1581 Constantinum,tertium
2836 1515 3034 1570 Phocae
3068 1515 3277 1584 ﬁlium,
3311 1516 3662 1573 Chabdanus

2009 1604 2164 1675 cepit
2192 1608 2249 1659 et
2280 1604 2596 1675 Chalepum
2633 1605 3152 1677 abduxil,cumque
3184 1605 3388 1661 multis
3417 1606 3661 1661 tentatis

2010 1692 2338 1748 rationibus
2388 1710 2500 1748 non
2533 1699 2733 1764 posset
2776 1711 2909 1749 eum
2942 1712 2975 1749 a
3003 1711 3137 1749 vera
3167 1694 3441 1765 religione
3474 1696 3661 1751 abdu-

2010 1798 2159 1848 cere,
2193 1799 2415 1838 veneno
2446 1782 2708 1838 sustulit.
2742 1788 2862 1838 Hoc
2895 1784 3162 1839 auditum
3196 1785 3395 1838 Bardaa
3428 1788 3661 1840 tantum

2013 1871 2213 1925 attulit
2268 1871 2549 1941 dolorem,
2584 1875 2648 1926 ut
2706 1876 2994 1942 quotquot
3050 1872 3313 1943 captivos
3362 1873 3663 1929 Chabdani

2014 1964 2291 2030 cognatos
2349 1960 2621 2028 habebat,
2654 1977 2751 2015 eos
2807 1977 3011 2015 omnes
3061 1961 3257 2032 gladio
3308 1962 3660 2017 concideret.

2014 2050 2138 2112 Qua
2169 2066 2229 2103 re
2260 2049 2474 2104 factum
2511 2054 2600 2104 est
2628 2054 2695 2103 ut
2725 2050 2939 2104 Paulus
2972 2049 3664 2122 magister,cognomento

2016 2138 2691 2206 monomachus,missus
2723 2138 2795 2192 ab
2820 2138 3168 2209 imperatore
3190 2140 3259 2194 ad
3285 2156 3485 2210 pacem
3510 2157 3669 2195 com-

2017 2228 2346 2299 ponendam
2404 2244 2465 2283 re
2521 2227 2731 2283 infecta
2778 2228 3032 2283 redierit.
3082 2229 3259 2284 Porro
3310 2229 3667 2285 Chabdanus

2016 2315 2304 2371 indomito
2353 2317 2425 2370 ob
2453 2331 2655 2371 necem
2707 2321 3089 2387 cognatorum
3135 2316 3331 2373 dolore
3362 2322 3666 2389 correptus

2016 2407 2075 2460 in
2111 2405 2403 2460 Romanos
2434 2405 2620 2471 duxit,
2674 2422 2873 2459 secum
2923 2406 3143 2461 ducens
3174 2411 3231 2460 et
3261 2405 3520 2461 Nicetam
3563 2424 3664 2478 pa-

2017 2494 2253 2549 tricium
2286 2492 2657 2547 Chalcutzam
2690 2492 3027 2565 multosque
3066 2494 3213 2549 alios
3243 2495 3668 2565 praestantissi-

2022 2599 2148 2638 mos
2195 2598 2260 2637 ac
2306 2582 2662 2637 fortissimos
2712 2586 3026 2651 Romanos,
3080 2599 3227 2653 quos
3277 2588 3524 2654 ceperat.
3582 2584 3667 2638 lbi

2020 2672 2220 2727 Niceta
2248 2672 2472 2726 occulte
2504 2671 2703 2727 Phocea
2730 2672 2927 2726 omnia
2954 2672 3185 2727 barbari
3237 2672 3483 2727 consilia
3515 2673 3670 2728 indi-

2021 2767 2136 2828 cat,
2186 2767 2241 2817 et
2298 2762 2509 2832 quibus
2560 2761 2869 2817 itineribus
2918 2764 3157 2817 domum
3208 2763 3259 2817 is
3316 2764 3672 2834 repetiturus

2022 2854 2197 2906 esset.
2232 2850 2453 2904 Phocas
2477 2867 2611 2921 ergo
2640 2850 2765 2905 loco
2798 2853 3048 2922 quodam
3092 2868 3395 2906 accessum
3420 2852 3673 2908 habente

2024 2945 2214 2995 artum
2250 2943 2426 3010 atque
2479 2944 2837 3011 praeruptum
2895 2939 3137 2995 insidias
3168 2941 3351 3012 ponit.
3383 2941 3505 3004 Quo
3537 2958 3669 2996 cum

2024 3028 2385 3099 pervenisset
2431 3028 2804 3093 Chabdanus,
2857 3028 3288 3084 circumventos
3331 3034 3421 3085 est
3476 3030 3548 3084 ab
3598 3031 3672 3085 iis

2025 3117 2129 3187 qui
2158 3117 2216 3170 in
2252 3116 2481 3171 insidiis
2510 3116 2844 3171 latuerant:
2882 3116 2939 3171 hi
2971 3133 3227 3187 namque
3258 3134 3318 3172 se
3348 3118 3671 3189 proripien-

256 3206 596 3286 κρημνώδη,
630 3206 683 3261 ἂν
726 3207 772 3277 ᾦ
799 3204 1092 3280 γενόμενος
1140 3203 1167 3256 ὁ
1218 3195 1461 3267 Χαϐδᾶιν,
1514 3198 1628 3253 ἐπεὶ
1657 3198 1792 3252 κατὰ
1827 3199 1902 3270 με·

2036 3210 2115 3260 tes
2148 3208 2206 3259 in
2240 3205 2468 3259 hostem
2500 3205 2761 3274 ingentia
2790 3222 2929 3259 saxa
2972 3205 3349 3260 devolverunt
3396 3211 3451 3261 et
3480 3208 3674 3263 omnis

262 3322 372 3370 σ-ην
413 3298 623 3374 ἐγένετο
678 3296 777 3363 τὴν
831 3290 1218 3367 στενοχωρίαν,
1270 3288 1565 3343 κυκλοῦται
1618 3288 1764 3361 παρὰ
1805 3291 1912 3342 τῶν

266 3390 488 3464 λόχων.
541 3380 951 3456 Ἐξαναστάντες
997 3381 1101 3455 γὰρ
1147 3386 1248 3449 τῆς
1294 3375 1508 3453 ἐνέδρας
1542 3376 1593 3430 οἱ
1624 3376 1711 3430 ἐπὶ
1742 3376 1918 3449 τούτῳ

265 3474 599 3551 τεταγμένοι
627 3473 823 3547 πέτρας
872 3491 932 3525 τε
990 3467 1370 3543 ὑπερμεγέθεις
1429 3467 1546 3521 κατ’
1594 3465 1770 3520 αὐτῶν
1804 3464 1918 3519 ἐκύ-

266 3569 394 3625 λιον
422 3564 513 3619 καὶ
544 3560 681 3639 βέλη
733 3560 809 3624 είς
857 3557 1050 3619 αὐτοὺς
1094 3555 1337 3629 ἔπεμπον
1384 3552 1724 3611 παντοδαπά.
1760 3554 1855 3608 Καὶ
1890 3555 1917 3608 ὁ

259 3654 362 3725 μὲν
399 3647 754 3717 Χαλκούτζης
800 3644 1362 3720 προευτρεπισάμενος
1411 3641 1500 3696 καὶ
1552 3639 1751 3715 δώροις
1786 3641 1917 3695 ὑπο-

256 3738 642 3811 ποιησάμενός
696 3755 847 3798 τινας
892 3738 999 3789 τῶν
1054 3736 1385 3808 Σαρακηνῶν
1443 3736 1541 3800 τῆς
1589 3736 1763 3807 φυγῆς
1818 3732 1917 3784 ὑπ-

255 3830 490 3905 ηρέτας,
522 3821 708 3890 ἔλαθεν
756 3820 993 3897 ἀποδρὰς
1050 3822 1183 3895 μετὰ
1227 3820 1439 3875 πάντων
1487 3820 1655 3873 αὐτοῦ
1698 3823 1805 3873 τῶν
1832 3819 1917 3873 ot-

2026 3293 2254 3365 generis
2286 3292 2401 3347 tela
2427 3292 3177 3363 conjecerunt.Chalcutzes
3203 3311 3333 3349 cum
3369 3296 3439 3350 ad
3468 3296 3521 3350 id
3549 3297 3675 3365 jam

2030 3386 2164 3437 ante
2195 3386 2460 3453 parasset
2491 3382 2779 3454 quosdam
2809 3386 3149 3449 Saracenos,
3170 3387 3227 3438 et
3258 3384 3329 3438 ad
3361 3385 3674 3456 expedien-

2029 3472 2165 3525 dam
2196 3470 2307 3524 sibi
2337 3470 2533 3541 fugam
2568 3470 2912 3526 muneribus
2941 3472 3094 3526 882
3128 3472 3507 3543 corrupisset,
3541 3490 3675 3529 cum

2029 3559 2308 3614 omnibus
2334 3559 2459 3614 suis
2493 3559 2629 3631 fuga
2659 3559 2895 3631 elapsus
2927 3564 3442 3632 est.Agarenorum
3473 3561 3675 3617 ineﬂ‘a-

2028 3645 2165 3702 bilis
2196 3646 2507 3701 multitudo
2538 3647 2619 3702 ibi
2650 3648 2821 3718 periit
2848 3664 2862 3715 ;
2894 3651 2949 3703 et
2979 3647 3328 3703 Chabdanus
3359 3649 3680 3706 interfectis

2034 3750 2183 3804 quos
2215 3732 2273 3787 in
2323 3732 2573 3788 vinculis
2606 3733 2879 3803 habebat,
2913 3751 3047 3790 cum
3099 3736 3303 3807 paucis
3334 3736 3588 3808 turpiter
3618 3743 3678 3795 et

2028 3825 2366 3893 promiscua
2395 3822 2531 3892 fuga
2560 3823 2819 3893 periculo
2853 3840 2914 3879 se
2946 3825 3185 3896 eripuit.

256 3903 447 3985 κείων,
498 3920 605 3970 τῶν
667 3914 978 3987 Ἀγαρηνῶν
1060 3908 1118 3964 δὶ
1191 3908 1463 4001 πέπτωκε-
1504 3906 1732 4001 Δπλῆθος
1808 3907 2109 4001 ἀμυθητον.
2169 3909 2225 3960 Ὀ
2296 3905 2353 3962 δὲ
2408 3903 2620 3965 Χαϐδᾶν
2680 3909 2771 3972 οὓς
2846 3910 2962 3984 εἶχε
3019 3908 3274 3983 δεσμίους
3342 3912 3682 4001 ἀποσφάξας,

264 4007 363 4062 σὺν
399 4004 616 4079 ἀλίγοις
646 4000 858 4062 ἄκλεῶς
891 4000 978 4055 καὶ
1013 3998 1254 4059 ἀτάκτως
1285 3996 1375 4052 τὸν
1408 3994 1655 4051 κίνδυνον
1684 3994 1879 4071 ’ίσχυσε
1910 3994 2206 4075 διαφυγεῖν.

335 4095 491 4150 Ἔτει
553 4088 612 4146 δὲ
669 4086 959 4160 δωδεκάτῳ
1013 4093 1113 4157 τῆς
1163 4085 1562 4141 Κωνσταντίνου
1613 4084 1915 4160 βασιλείας,

259 4188 364 4238 τοῦ
400 4179 459 4235 δὶ
501 4179 713 4252 κόσμου
762 4174 939 4251 γςυξδζ
996 4176 1124 4249 μηνὶ
1187 4170 1546 4248 Φεϐρουαρίῳ
1601 4175 1700 4242 κζ’,
1750 4171 1917 4227 ῒνδικ-

258 4277 466 4332 τιῶνος
502 4267 586 4337 ιδ’,
616 4265 880 4323 κατάλυσε
906 4266 1001 4320 τὸν
1040 4264 1155 4339 βίον
1187 4262 1564 4341 Θεοφύλακτος
1598 4264 1625 4316 ὁ
1655 4264 1917 4335 πατριάρ-

257 4382 400 4437 χης.
450 4356 871 4433 ἀρχιερατεύσας
930 4354 1011 4408 ἐπ’
1061 4352 1153 4422 ἔτη
1213 4354 1311 4426 κγ’,
1368 4353 1578 4424 ἡμέρας
1610 4358 1702 4419 κε’,
1736 4350 1912 4420 ἑξκαί-

256 4450 397 4505 δεκα
444 4448 539 4520 μὲν
592 4445 722 4500 ἐτῶν
784 4443 856 4498 ὣν
916 4442 1005 4497 ὅτε
1052 4441 1413 4502 ἄκανονίστως
1459 4439 1588 4502 τοὺς
1633 4443 1731 4509 τῆς
1785 4442 1912 4496 Ἐκ-

2099 4090 2331 4142 Annum
2366 4087 2694 4158 imperante
2744 4090 3126 4146 Constantino
3161 4092 3246 4157 12,
3279 4109 3436 4148 anno
3469 4095 3677 4149 mundi

2022 4178 2185 4245 6464,
2218 4176 2309 4231 die
2343 4175 2643 4231 Februarii
2674 4178 2764 4246 27,
2799 4178 3121 4235 indictione
3172 4181 3258 4248 14,
3310 4181 3678 4255 Theopbyla-

2025 4270 2153 4320 ctus
2177 4265 2509 4335 patriarcha
2531 4266 2684 4320 diem
2708 4283 2882 4321 suum
2902 4267 3208 4335 obiit,cum
3232 4270 3281 4325 ei
3310 4272 3676 4342 pontificatui

2023 4353 2351 4426 praefuisset
2408 4370 2593 4409 annos
2622 4355 2692 4409 23
2721 4356 2846 4411 dies
2876 4358 2965 4412 25.
3011 4359 3155 4412 Cum
3206 4375 3340 4413 eum
3390 4359 3588 4427 iniret,
3619 4360 3678 4415 id

2021 4443 2174 4514 quod
2206 4449 2411 4498 contra
2458 4443 2613 4513 leges
2643 4444 3075 4501 ecclesiasticas
3109 4447 3311 4513 fiebat,
3336 4465 3523 4503 annos
3555 4453 3680 4503 erat

256 4537 507 4606 πλησίας
556 4533 889 4611 παρείληφεν
947 4529 1155 4598 οἷάκας,
1211 4529 1314 4585 ὑπὸ
1370 4527 1753 4605 παιδαγωγοὺς
1796 4534 1902 4606 (φεῖ

2036 4536 2197 4587 natus
2226 4533 2316 4596 l6,
2349 4537 2405 4587 et
2437 4532 2768 4603 patriarcha
2816 4536 2925 4589 sub
2976 4536 3308 4608 paedagogis
3355 4542 3481 4608 (pro
3529 4536 3677 4591 indi-

266 4630 391 4701 μοι)
444 4627 472 4679 6
526 4623 811 4700 ἀρχιερεὺς
871 4620 1037 4696 μέχρι
1092 4620 1238 4681 τινὸς
1299 4616 1629 4680 διατελέσας.
1665 4618 1768 4674 Καὶ
1812 4615 1920 4673 εἷίθε

261 4737 328 4791 γε
381 4712 472 4769 διὰ
519 4713 721 4773 παντὸς
770 4714 931 4766 τοῦτο
986 4712 1051 4777 ἦν
1089 4726 1100 4738 ⁸
1155 4705 1329 4761 ἐδόκει
1386 4708 1495 4784 γὰφ
1544 4708 1671 4761 εἶναι
1722 4708 1915 4779 σεμνὸς

261 4804 358 4860 καὶ
396 4804 636 4878 μέτριος.
668 4803 775 4868 Τῆς
823 4797 1196 4869 ἐντελεστέρας
1257 4794 1314 4850 δὲ
1368 4794 1593 4865 ἡλικίας
1621 4795 1914 4868 ἀρξάμενος

260 4891 378 4964 ἤδη
413 4892 502 4947 καὶ
532 4896 648 4954 καθ’
696 4889 879 4943 ἑαυτὸν
947 4888 1097 4963 βιοῦν
1150 4885 1322 4949 ὲαθεὶς
1376 4883 1532 4941 οὗδὶν
1591 4889 1697 4939 τῶν
1731 4885 1913 4961 αἰσχί-

260 5003 408 5038 στων
454 4978 542 5035 καὶ
598 4974 881 5040 παντελῶς
934 4974 1394 5051 ἀπηγορευμένων
1446 4975 1698 5047 πράττειν
1745 4972 1914 5028 ἐνέλι-

2029 4636 2201 4692 gnam
2236 4637 2357 4675 rem
2384 4620 2771 4692 I)aliquandiu
2804 4623 2938 4694 egil.
2974 4624 3321 4696 Quanquam
3357 4625 3581 4679 utinam
3616 4625 3675 4680 id

2027 4714 2374 4781 perpetuum
2406 4710 2635 4765 fuisset.
2660 4711 2805 4766 Nam
2834 4717 3077 4769 eatenus
3104 4715 3265 4769 visus
3297 4718 3386 4769 est
3417 4715 3680 4771 modeste

2027 4815 2093 4853 ac
2141 4815 2276 4853 cum
2335 4800 2617 4870 gravitate
2677 4799 2868 4871 aliqua
2924 4803 3101 4856 vitam
3163 4818 3349 4871 agere.
3384 4803 3675 4875 Adultior,

2025 4904 2157 4941 cum
2185 4888 2309 4958 jam
2361 4905 2467 4943 suo
2499 4888 2741 4944 arbitrio
2788 4890 2980 4945 vivere
3031 4891 3489 4962 permitteretur,
3531 4893 3678 4948 nihil

2023 4993 2224 5033 eorum
2259 4994 2386 5049 quae
2418 4978 2766 5049 turpissima
2796 4984 2853 5033 et
2873 4979 3108 5034 omnino
3131 4980 3359 5053 legibus
3383 4981 3679 5053 prohibita

1426 5103 1799 5160 XYLANDRI
1838 5105 1929 5160 ET
1966 5104 2187 5161 GOARI
2225 5105 2459 5160 NOTIE.

340 5209 458 5283 (93)
478 5212 541 5265 In
564 5213 722 5284 textu
748 5211 836 5262 est
856 5207 1095 5284 perinde
1119 5205 1405 5277 scripturn
1430 5219 1496 5259 ac
1518 5202 1566 5257 si
1601 5201 1920 5284 adOtriu‘m-

260 5272 943 5357 ph‘atum_Apolasaerum
987 5272 1319 5357 referretur,
1353 5290 1599 5357 munera
1628 5272 1695 5357 ‘ei
1727 5272 1916 5357 et‘ho-

263 5344 442 5411 nores
489 5353 563 5408 ab
601 5344 989 5428 imperatore“
1021 5351 1340 5428 obtigisse;
1375 5347 1530 5428 quod
1590 5344 1916 5428 absurdum

260 5431 429 5500 puto,
466 5428 523 5480 et
552 5424 623 5500 a_d
656 5418 792 5500 eum
822 5421 1015 5500 retuli,
1051 5418 1427 5500 cujusopera
1477 5418 1661 5498 hostis
1709 5421 1915 5500 captus

260 5487 322 5555 et
352 5487 657 5569 triumpho
705 5487 1008 5569 exhibitas
1032 5487 1205 5549 esset.
1239 5487 1437 5562 Neque
1489 5489 1647 5543 enim
1693 5487 1918 5569 solebat

258 5565 650 5639 triumphatis
696 5568 829 5639 post
856 5565 1106 5639 pedibus
1154 5580 1384 5639 pressas
1430 5576 1632 5639 eorum
1664 5565 1917 5639 cervices

261 5630 587 5713 imperator
634 5630 882 5709 gratiam
931 5636 1114 5693 ullam
1157 5630 1390 5703 iacere;
1424 5637 1479 5688 et
1512 5632 1560 5687 si
1610 5647 1757 5686 novo
1807 5630 1915 5687 hoc

2033 5202 2296 5275 exemplo
2339 5201 2854 5275 Afactumﬂfuisset,
2903 5203 2989 5259 vel
3042 5207 3294 5262 maxime
3342 5208 3677 5264 adnotanda

2026 5280 2149 5330 erat
2186 5273 2537 5352 insolentia.
2571 5273 2925 5352 Chabdanus
2974 5282 3171 5352 autem
3227 5279 3464 5352 Chalepi
3515 5297 3676 5335 ame-

2025 5364 2122 5473 ξξιε
2180 5346 2309 5413 fuit,
2374 5350 2438 5400 ut
2489 5346 2548 5399 in
2620 5345 2882 5402 Romano
2960 5351 3130 5405 tertio
3207 5345 3425 5406 noster-
3480 5353 3670 5407 docet.

2082 5436 2170 5472 γι..

2082 5436 2170 5472 YL.

2097 5490 2209 5569 £95)
2236 5487 2305 5569 Τὸ
2336 5482 2542 5569 Χέιλεῖτζ
2590 5487 2823 5569 Berroaa
2853 5490 3049 5569 Syriae,
3102 5493 3274 5569 hodie
3302 5493 3452 5565 Alep.
3486 5495 3668 5569 (ξολλ.

2097 5560 2204 5630 (95)
2241 5565 2421 5613 Locus
2452 5560 2681 5614 videtur
2724 5560 3081 5634 decurtatus,
3115 5570 3171 5620 et
3214 5566 3322 5621 hos
3354 5560 3487 5622 ante
3518 5565 3668 5619 hanc

2024 5630 2451 5703 expeditionem
2484 5635 2684 5703 captos
2714 5632 2895 5689 fuisse
2924 5640 3186 5707 apparet.
3220 5638 3354 5692 XYL.
