3966 6134
326 338 402 396 ϐἹ
1663 330 1981 393 GEORGII
2023 330 2365 392 GEDRENI
3655 328 3740 389 68

327 470 466 523 sunt
497 468 681 522 facere
700 464 922 531 omisit,
954 464 1171 536 gradus
1207 462 1630 519 ecclesiasticos
1660 466 1717 518 et
1749 464 1958 533 episco-

2129 482 2207 533 εν,
2239 458 2433 522 ὧνίους
2472 461 2751 534 προτιθεὶς
2797 458 2926 524 τοὺς
2970 465 3073 529 τῆς
3120 458 3452 530 Ἐλκλησίας
3488 460 3736 537 βαθμοὺς

327 573 535 629 porum
568 555 883 610 electiones
911 551 1755 624 venumdans,aliaque:agens
1785 552 1975 608 aliena

326 646 441 700 veri
480 643 818 716 patriarchae
852 642 1064 711 officio,
1094 642 1299 695 insano
1352 657 1639 711 equorum
1690 641 1885 697 studio
1917 645 1974 697 et

326 734 703 789 venationum
767 732 1051 803 perditus,
1105 730 1405 800 multaque
1464 728 1577 784 alia
1634 729 1974 785 indecenter

324 823 697 879 committens
725 846 739 888 ;
763 837 890 891 qua:
914 819 1255 891 singulatim
1306 835 1577 873 enarrare
1600 824 1657 872 et
1695 820 1969 874 inconve-

325 913 491 969 niens
520 916 575 967 et
609 912 771 965 nefas
802 914 911 965 est.
964 909 1157 964 Unum
1209 925 1311 980 par
1362 912 1449 964 est
1497 910 1965 977 commemorari,

325 1005 736 1073 argumentum
770 999 957 1071 ipsius
991 998 1142 1052 male
1172 997 1427 1052 instituti
1459 997 1964 1069 animi.Equorum

325 1091 719 1162 parandarum
778 1104 975 1143 amore
1028 1087 1247 1140 infraeni
1310 1088 1635 1154 tenebatur,
1671 1088 1968 1157 ferturque

328 1179 605 1235 habuisse
655 1177 807 1231 ultra
852 1178 966 1230 duo
1014 1192 1298 1246 equorum
1350 1175 1553 1229 millia.
1614 1176 1688 1230 Iis
1740 1174 1967 1231 alendis

324 1273 604 1341 perpetuo
635 1272 758 1322 erat
804 1267 1086 1320 intentus.
1120 1265 1314 1335 Neque
1362 1281 1495 1320 vero
1541 1264 1609 1319 iis
1660 1266 1875 1319 fenum
1913 1270 1969 1319 et

326 1359 609 1413 hordeum
644 1355 999 1428 proponebat
1030 1354 1343 1421 edendum,
1377 1354 1477 1408 sed
1524 1358 1812 1408 metarum
1849 1355 1964 1408 fru-

321 1453 472 1515 ctus,
505 1445 698 1501 thasia
728 1449 784 1499 et
815 1442 1057 1515 pistacia
1090 1459 1154 1497 ac
1198 1442 1511 1513 palmulas,
1548 1459 1687 1497 uvas
1739 1459 1963 1513 passas,

321 1536 753 1605 caricas,eaque
777 1532 972 1587 omnia
992 1530 1473 1597 lectissima,vino
1498 1531 1963 1602 fragrantissimo

320 1628 641 1696 temperata
671 1623 823 1677 333
858 1620 1128 1676 admistis
1159 1620 1330 1675 ctiam
1364 1636 1549 1684 croco,
1568 1620 1962 1686 ciunamomo,

320 1713 582 1768 balsamo
600 1712 847 1782 aliisque
866 1710 1248 1765 aromatibus.
1268 1710 1553 1764 Memoriae
1571 1710 1786 1763 traditu
1800 1726 1852 1762 m
1879 1715 1967 1765 est

321 1803 371 1858 ei
404 1801 721 1872 aliquando
770 1799 1125 1855 sacrificanti
1178 1816 1397 1869 magnae
1443 1816 1617 1853 cmna:
1650 1798 1965 1853 Dominich

321 1891 527 1963 quinta
561 1890 721 1957 feria,
757 1895 813 1943 et
836 1890 959 1960 jam
987 1905 1187 1960 preces
1221 1888 1631 1959 mysteriorum
1674 1887 1961 1957 recitanti,

318 1979 727 2053 supervenisse
776 1995 906 2033 eum
941 1978 1033 2033 cui
1087 1968 1545 2048 equorum'cura
1593 1978 1664 2031 ab
1704 1976 1831 2048 ipso
1866 1977 1961 2031 de-

320 2069 597 2125 mandata
628 2066 1160 2137 fuerat,laetumque
1193 2064 1459 2121 attulisse
1495 2065 1960 2135 nuntium,quod

318 2157 688 2212 nobilissima
754 2172 1041 2226 equarum
1109 2155 1452 2226 peperisset,
1522 2154 1720 2209 addito
1784 2154 1960 2209 etiam

317 2262 477 2316 equa
510 2244 764 2299 nomine.
800 2241 1195 2297 Patriarcham
1246 2258 1360 2313 pne
1414 2241 1595 2296 nimio
1634 2241 1865 2313 gaudio,
1902 2258 1961 2296 re

318 2351 485 2389 sacra
505 2338 802 2404 utcunque
825 2330 1110 2399 absoluta,
1132 2332 1202 2386 ad
1226 2330 1588 2386 Cosmidium
1613 2330 1957 2399 accurrisse,

317 2424 557 2495 visoque
593 2421 748 2494 pullo
779 2438 981 2476 recens
1012 2420 1183 2489 edito,
1218 2425 1275 2475 et
1304 2420 1581 2475 satiatum
1624 2420 1958 2491 spectaculo

319 2512 476 2567 bruti
500 2512 554 2564 in
577 2528 851 2581 magnum
876 2514 988 2565 tem
1002 2508 1160 2581 plum
1188 2510 1523 2575 rediisse,ut
1546 2511 1615 2564 de
1637 2509 1957 2564 Servatoris

316 2602 498 2656 nostri
524 2618 626 2672 pro
650 2600 818 2653 nobis
842 2598 1081 2653 tolerato
1114 2598 1403 2670 supplicio
1426 2599 1776 2670 hymnorum
1808 2597 1958 2651 reci-

316 2689 594 2744 tationem
629 2690 698 2743 ad
735 2689 907 2743 ﬁnem
946 2688 1306 2759 perduceret.
1342 2686 1489 2751 Quin
1541 2690 1597 2740 et
1642 2686 1800 2742 hunc
1833 2703 1958 2740 mo-

316 2795 435 2832 rem
498 2777 840 2843 introduxit,
885 2775 984 2846 qui
1042 2775 1332 2846 hcdieque
1383 2775 1625 2843 obtinet,
1686 2776 1837 2845 quod
1898 2776 1956 2829 in

317 2865 643 2936 Splendidis
696 2870 869 2935 atque
902 2863 1266 2918 solemnibus
1317 2862 1725 2918 festivitatibus
1757 2868 1869 2917 Deo
1902 2868 1957 2918 et

316 2958 655 3008 sanctorum
706 2951 1091 3007 recordationi
1142 2951 1202 3007 fit
1247 2951 1601 3006 contumelia
1632 2967 1734 3022 per
1778 2952 1955 3006 foedas

318 3041 641 3097 cantilenas
674 3058 739 3096 ac
793 3041 945 3095 risus
994 3048 1048 3094 et
1092 3040 1335 3095 insanos
1383 3038 1687 3106 clamores,
1740 3040 1955 3110 quibus

313 3131 594 3185 adhibitis
644 3130 825 3186 sancti
881 3128 1079 3201 hymni
1128 3133 1459 3195 cantantur,
1512 3145 1660 3199 quos
1706 3146 1738 3183 a
1786 3128 1955 3183 nobis

2082 550 2171 605 καὶ
2202 551 2298 612 τὰς
2329 544 2612 625 προϐαλὰς
2657 554 2764 603 τῶν
2817 548 3144 625 ἀρχιερέων,
3179 550 3268 604 καὶ
3300 547 3444 605 ἄλλα
3474 551 3731 625 πράττων

2082 638 2181 693 ὅσα
2209 644 2327 700 τοῖς
2365 638 2652 709 ἀληθινοῖς
2702 639 3047 713 ἀρχιερεῦσιν
3092 638 3385 693 ἀπεοικότα
3409 637 3731 714 ἐτύγχανεν,

2082 729 2406 800 ἱππομανῶν
2444 727 2531 781 καὶ
2572 726 2915 802 κυνηγεσίοις
2966 726 3433 803 ἐνασχολοῦμενος
3479 728 3570 783 καὶ
3605 728 3732 783 λοι-

2078 818 2183 879 πὰς
2217 818 2475 889 ἀπρεπεῖς
2532 813 2994 890 διαπραττόμενος
3042 817 3283 890 πράξεις,
3332 816 3394 878 ἃς
3444 818 3581 871 κατὰ
3633 819 3730 890 μὲ-

2081 927 2171 982 ρος
2214 903 2461 976 διεξιέναι
2511 904 2602 959 σὺν
2632 910 2710 977 τῷ
2740 905 2975 981 ἀπρεπεῖ
3020 906 3108 960 καὶ
3162 906 3435 979 ἀθέμιτον.
3476 913 3621 969 Μιᾶς
3674 904 3732 961 δὲ

2078 993 2288 1050 δίκαιον
2339 995 2744 1068 ἐπεμνησθῆναι
2837 994 2912 1055 εἰς
2968 991 3187 1065 ἔνδειξιν
3237 1002 3335 1063 τῆς
3396 993 3729 1050 ἀπαιδεύτου

2075 1086 2302 1159 γνώμης
2335 1082 2523 1139 αὐτοῦ.
2584 1086 2760 1158 Ἔρως
2818 1083 2979 1137 αὐτὸν
3037 1088 3290 1158 κατεῖχεν
3350 1080 3579 1159 ἄσχετος
3629 1092 3731 1154 τῆς

2074 1175 2180 1227 τῶν
2226 1171 2413 1227 ’ίππων
2472 1172 2733 1243 κτήσεως,
2794 1172 2883 1226 καὶ
2943 1172 3157 1247 λέγεται
3226 1174 3356 1245 ὑπὲρ
3412 1170 3729 1247 δισχιλίους

2075 1261 2419 1337 πορίσασθαι,
2453 1262 2524 1315 ὧν
2573 1267 2674 1329 τῆς
2723 1259 2957 1333 κομιδῆς
3012 1258 3101 1316 διὰ
3146 1263 3344 1316 παντὸς
3392 1262 3729 1339 ἐφρόντιζεν,

2076 1346 2137 1406 οὗ
2169 1352 2368 1427 χόρτον
2424 1349 2609 1412 αδτοῖς
2665 1349 2978 1425 παρατιθεὶς
3036 1350 3124 1405 καὶ
3186 1350 3393 1426 κριθὰς,
3442 1353 3636 1407 κώνων
3674 1351 3735 1409 δὲ

2073 1438 2316 1516 καρποὺς
2390 1442 2503 1513 (96)
2559 1437 2648 1494 καὶ
2731 1438 2888 1493 θάσια
2945 1441 3056 1513 (97)
3088 1440 3175 1493 καὶ
3243 1442 3393 1514 [639]
3446 1442 3729 1511 πιστάκια,

2075 1529 2151 1585 ἔτι
2187 1528 2244 1584 δὲ
2275 1529 2531 1606 φοινίκων
2566 1528 2655 1583 καὶ
2701 1525 2974 1606 σταφίδων
3028 1529 3118 1583 καὶ
3169 1527 3413 1604 ἰσχάδων
3463 1530 3528 1584 τὰ
3560 1529 3732 1587 λιπα-

2076 1620 2305 1695 ρώτερα,
2366 1614 2715 1689 εὐωδεστάτῳ
2772 1614 2906 1689 θ’ίνῳ
2965 1616 3177 1692 μιγνὺς,
3236 1617 3326 1672 καὶ
3380 1618 3576 1692 κρόκον
3636 1622 3735 1674 καὶ

2074 1730 2429 1782 κινναμωμον
2462 1710 2551 1763 καὶ
2618 1708 2897 1783 βάλσαμον
2957 1708 3045 1763 καὶ
3106 1703 3257 1785 ἔτερα
3309 1709 3575 1785 ἀρώματα
3607 1717 3735 1775 τοῖς

2078 1798 2288 1873 ῥηθεῖσι
2348 1797 2666 1874 συμφόρων,
2745 1798 2952 1870 ἑκαστῳ
3018 1802 3125 1853 τῶν
3206 1796 3393 1853 ἵππων
3446 1800 3729 1873 παρετίθει

2079 1890 2302 1963 βρῶσιν.
2339 1887 2478 1942 Φασὶ
2513 1884 2558 1940 δ’
2608 1887 2689 1941 ὅτι
2744 1884 3156 1961 λειτουργοῦντί
3210 1908 3342 1942 ποτε
3398 1888 3546 1960 αὐτῷ
3590 1889 3734 1943 κατὰ

2072 1978 2169 2045 τὴν
2205 1976 2450 2051 μεγάλην
2481 1974 2576 2029 τοῦ
2609 1975 2753 2039 θείου
2803 1972 3022 2030 δείπνου
3072 1977 3328 2048 πέμπτην
3356 1976 3590 2051 ἡμέραν,
3631 1980 3728 2032 καὶ

2071 2065 2166 2126 τὰς
2191 2065 2354 2139 εὐχὰς
2385 2062 2493 2135 ἤδη
2540 2069 2646 2119 τῶν
2694 2063 3008 2139 μυστηρίων
3065 2065 3512 2141 ἀναγινώσκοντι,
3560 2068 3591 2120 ὁ
3620 2068 3726 2136 τήν

2072 2151 2386 2226 ἐπιμέλειαν
2417 2174 2525 2207 των
2569 2151 2754 2207 ’ίππων
2803 2152 3270 2227 ἐπιτετραμμένος
3318 2152 3567 2216 διάκονος
3602 2154 3729 2209 ἑπι-

2073 2244 2199 2305 στὰς
2250 2241 2560 2317 εὐαγγέλιον
2611 2242 2787 2314 τούτῳ
2834 2243 3145 2315 κεκόμικεν,
3199 2243 3272 2305 ὡς
3322 2242 3423 2317 ἄρα
3470 2251 3732 2299 τετοκυῖα

2071 2331 2154 2401 εἴη
2198 2333 2231 2401 ἡ
2268 2330 2643 2403 ἐπισημοτάτη
2699 2326 2924 2409 φορόἆς,
2983 2332 3237 2406 προσθεὶς
3293 2332 3381 2386 καὶ
3430 2333 3491 2387 τὸ
3524 2334 3731 2407 ὄνομα,

2068 2422 2131 2477 Ὁ
2164 2418 2208 2475 δ’
2244 2419 2349 2475 ὑπὸ
2378 2420 2735 2496 περιχαρείας
2766 2421 2828 2475 τὸ
2874 2427 2975 2489 τῆς
3024 2421 3169 2484 θείας
3213 2420 3554 2498 λειτουργίας
3591 2423 3729 2477 ὑπό-

2071 2507 2264 2564 λοιπον
2327 2509 2402 2569 ὡς
2451 2503 2638 2584 ἔτυχεν
2694 2508 3055 2583 ἐκπληρώσας
3104 2507 3369 2585 δρομαῖος
3415 2511 3729 2586 ἀφικνεῖται

2067 2598 2206 2673 πρὸς
2263 2601 2325 2653 τὸ
2376 2596 2697 2670 Κοσμίδιον,
2738 2597 2828 2652 καὶ
2885 2600 2977 2652 τὸν
3022 2599 3282 2673 τεχθέντα
3325 2598 3513 2654 πῶλον
3547 2600 3729 2674 ἑωρα-

2068 2688 2179 2750 κὼς
2206 2687 2294 2741 καὶ
2340 2691 2437 2741 τοῦ
2487 2684 2695 2761 ἀλόγου
2744 2688 3012 2759 θεάματος
3072 2686 3404 2763 ἐμφορηθεὶς
3456 2686 3724 2765 ὑπέστρε-

2068 2779 2161 2850 ψεν
2209 2775 2283 2837 εἰς
2343 2777 2439 2845 τήν
2500 2772 2757 2850 Μεγάλην
2816 2774 3167 2845 Ἐκκλησίαν,
3226 2777 3324 2845 τήν
3383 2780 3493 2830 τῶν
3551 2777 3724 2853 ἁγίων

2066 2869 2253 2927 παθῶν
2303 2868 2399 2918 τοῦ
2484 2870 2741 2938 Σωτῆρος
2824 2866 2982 2937 ἡμῶν
3066 2863 3157 2918 καὶ
3222 2868 3354 2919 Θεοῦ
3413 2863 3718 2920 ἐκτελέσων

2068 2950 2368 3024 ὕμνῳδίαν.
2402 2954 2596 3028 Ἔργον
2653 2952 2854 3007 ἐκείνου
2901 2952 2991 3006 καὶ
3048 2953 3110 3008 τὸ
3164 2956 3255 3007 νῦν
3309 2957 3540 3029 κρατοῦν
3576 2950 3726 3021 ἔθος,

2068 3044 2120 3099 ὲν
2166 3048 2285 3103 ταῖς
2343 3041 2623 3117 λαμπραῖς
2680 3041 2769 3095 καὶ
2829 3039 3186 3114 δημοτελέσιν
3234 3043 3443 3117 ἑορταῖς
3496 3038 3727 3119 ὑϐρίζε-

2069 3131 2299 3186 σθαιτὸν
2333 3131 2459 3184 Θεὸν
2491 3131 2579 3184 καὶ
2640 3129 2736 3191 τὰς
2790 3135 2897 3185 τῶν
2949 3130 3117 3205 ἀγίων
3173 3134 3391 3204 μνήμας
3421 3129 3509 3187 διὰ
3556 3131 3724 3209 λυγι-

310 3220 615 3290 oportebat
658 3220 832 3275 corda
874 3218 1242 3287 compunctis
1301 3222 1472 3288 atque
1528 3217 1795 3272 contritis
1854 3234 1955 3288 pro

2129 3224 2285 3275 ιάτων
2319 3219 2570 3294 ἀπρεπῶν
2607 3219 2695 3273 καὶ
2745 3218 2999 3295 γελώτων
3041 3219 3131 3274 καὶ
3181 3221 3509 3296 παραφόρων
3546 3243 3725 3299 κραυ-

308 3314 507 3363 nostra
542 3308 729 3363 salute
772 3308 885 3362 Deo
933 3306 1147 3361 offerri.
1183 3308 1253 3359 At
1283 3306 1380 3361 ille
1429 3311 1578 3361 coetu
1631 3306 1951 3378 ﬂagitioso-

305 3414 435 3452 rum
489 3397 795 3452 hominum
830 3401 1047 3462 coacto,
1081 3396 1269 3466 iisque
1318 3396 1587 3466 praefecto
1636 3396 1949 3466 Euthymio

301 3488 578 3557 quodam,
612 3501 783 3556 quem
817 3484 1163 3556 cognomine
1191 3489 1419 3540 Casnen
1469 3484 1862 3555 appellabant,
1895 3489 1951 3539 et

301 3575 371 3630 ab
409 3575 537 3644 ipso
567 3580 654 3628 est
684 3573 1043 3628 domesticus
1073 3570 1277 3642 templi
1309 3572 1951 3641 constitutus,diaboli-

298 3680 399 3717 cas
432 3661 576 3719 istas
608 3662 967 3729 saltationes,
1002 3662 1283 3715 obscuras
1321 3660 1784 3725 vociferationes,
1819 3678 1949 3715 can-

303 3750 694 3820 tilenasquee
739 3750 924 3805 triviis
982 3754 1039 3805 et
1098 3749 1481 3819 lupanaribus
1540 3751 1748 3820 petitas
1806 3756 1948 3805 tunc

303 3839 566 3894 adhiberi
596 3839 999 3893 instituit.Hac
1028 3839 1158 3891 vitae
1190 3855 1335 3893 usus
1367 3838 1590 3893 ratione
1629 3824 1851 3893 interiit
1881 3855 1950 3895 ex

302 3926 501 3999 inepta
549 3929 907 3998 equitatione
956 3928 1025 3981 ad
1075 3943 1307 3981 murum
1359 3928 1673 3997 quemdam
1728 3929 1948 3982 mariti-

300 4033 459 4071 mum
494 4018 765 4071 afflictus.
800 4017 881 4070 Ex
928 4032 1044 4087 quo
1077 4032 1213 4070 casu
1249 4016 1404 4070 334
1436 4032 1568 4071 cum
1602 4017 1947 4087 sanguinem

300 4106 624 4160 vomuisset
655 4122 721 4159 ac
772 4104 1073 4160 biennium
1109 4106 1313 4159 morbo
1361 4105 1729 4161 conﬂictatus
1772 4113 1945 4171 esset,

299 4211 452 4265 aqua
484 4196 769 4249 intercute
799 4195 1123 4249 exstinctus
1150 4198 1257 4249 est.

290 4282 379 4335 καὶ
436 4281 569 4352 αἷμα
622 4280 905 4355 ἀναγαγὼν
966 4278 1056 4334 διὰ
1100 4284 1194 4333 τοῦ
1257 4280 1547 4352 στὸματος.
1611 4281 1732 4337 Ἐπὶ
1791 4279 1886 4335 δύο
1955 4281 2001 4337 δ’

298 4391 451 4440 τησε.

371 4460 586 4515 Eadem
645 4460 986 4529 indictione,
1047 4460 1215 4514 tertia
1272 4460 1487 4529 Aprilis
1545 4460 1658 4525 die,
1701 4460 1761 4514 in
1818 4462 2024 4531 ejusD

294 4550 486 4605 locum
521 4548 814 4603 sufﬁcitur
834 4546 1175 4619 Polyeuctus
1199 4548 1545 4613 monachus,
1582 4548 1741 4619 Cpoli
1776 4556 1947 4605 natus

296 4644 472 4709 atque
523 4639 827 4701 educatus,
861 4642 1153 4691 castratus
1183 4654 1216 4691 a
1248 4636 1609 4706 parentibus,
1652 4636 1943 4709 longoque

290 4734 560 4798 tempore
590 4726 917 4782 monastica
946 4727 1066 4779 vita
1097 4742 1230 4780 cum
1262 4724 1437 4779 laude
1467 4726 1723 4791 functus,
1758 4727 1943 4797 impe-

298 4820 492 4871 ratore
546 4832 679 4870 eum
740 4816 814 4870 ob
867 4816 1208 4885 gravitatem
1262 4829 1493 4867 morum
1543 4819 1599 4867 et
1651 4814 1942 4887 insignem

294 4904 653 4976 sapientiam
688 4908 863 4975 atque
888 4902 1249 4973 paupertatis
1272 4918 1451 4956 causa
1482 4918 1547 4957 eo
1570 4904 1942 4973 provehente.

299 4994 446 5051 Huic
479 5009 593 5048 non
648 4993 956 5060 Heracleae,
990 4996 1057 5046 ut
1103 5007 1233 5045 mos
1272 4991 1511 5058 ferebat,
1545 4994 1642 5047 sed
1694 4993 1945 5049 Basilius

2061 3314 2170 3384 γῶν
2210 3309 2556 3380 τελουμένων
2611 3313 2718 3362 τῶν
2780 3308 2937 3362 θείων
3000 3307 3208 3380 ὕμνων,
3267 3309 3357 3371 οὕς
3419 3307 3525 3365 ἔδει
3582 3316 3725 3383 μετὰ

2062 3398 2391 3469 κατανύξεως
2446 3398 2535 3452 καὶ
2595 3402 2904 3473 συτριμμοῦ
2962 3396 3183 3472 καρδίας
3246 3400 3377 3475 ὑπὲρ
3433 3407 3534 3470 τῆς
3594 3403 3726 3457 εαυ-

2058 3493 2164 3543 τῶν
2224 3490 2372 3559 ἡμᾶς
2430 3486 2701 3556 σωτηρίας
2774 3485 3096 3564 προσφέρειν
3154 3493 3235 3559 τῷ
3292 3494 3430 3561 Θεῷ.
3492 3488 3724 3559 Πλῆθος

2057 3578 2158 3652 γὰρ
2218 3574 2619 3647 συστησάμενος
2694 3574 3004 3651 ἐπιῤῥήτων
3072 3574 3280 3651 ἀνδρῶν
3335 3578 3425 3633 καὶ
3484 3574 3721 3655 ἔξαρχον

2058 3665 2241 3727 αὐτοῖς
2276 3664 2569 3734 ἐπιστήσας
2621 3664 2896 3738 Εὐθύμιόν
2938 3686 3056 3719 τινα
3109 3671 3330 3732 Κασνῆν
3384 3666 3725 3743 λεγόμενον,

2057 3753 2116 3808 ἀν
2150 3753 2310 3815 αὐτὸς
2343 3752 2662 3825 δομὲστικον
2691 3760 2791 3823 τῆς
2823 3753 3153 3822 Ἐκκλησίας
3200 3758 3315 3826 (98)
3344 3752 3725 3831 προιόϐάλετο,

2056 3844 2143 3897 καὶ
2175 3842 2272 3904 τὰς
2304 3844 2584 3903 σατανικὰς
2636 3843 2898 3917 ἀρχήσεις
2956 3844 3045 3896 καὶ
3098 3844 3194 3905 τὰς
3252 3844 3499 3917 ἀσήμους
3545 3866 3723 3921 κραυ-

2055 3932 2154 4004 γὰς
2209 3930 2298 3984 καὶ
2355 3930 2422 3984 τὰ
2474 3930 2533 3985 ἐκ
2585 3928 2816 4001 τριόδων
2892 3931 2981 3985 καὶ
3040 3933 3457 4006 χαμαιτυπείων
3518 3935 3721 4008 ἠρανι-

2059 4020 2229 4090 σμένα
2284 4016 2497 4090 ᾅσματα
2569 4018 2845 4082 τελεῖσθαι
2930 4016 3188 4089 ἓδίδαεεν.
3250 4021 3438 4083 Οὕτως
3498 4018 3557 4075 δὲ
3592 4024 3723 4097 βιο-

2055 4107 2224 4162 τεύων
2257 4108 2608 4184 καταστρέφει
2639 4108 2731 4161 τὸν
2795 4107 2913 4182 βίον
2968 4107 3019 4161 ἐν
3069 4113 3148 4180 τῷ
3206 4108 3449 4171 ἀτάκτως
3480 4111 3721 4180 ἱππάζε-

2067 4198 2208 4264 σθαι,
2269 4194 2320 4249 ἔν
2374 4216 2481 4249 τινι
2538 4196 2711 4270 τείχει
2762 4201 2869 4251 τῶν
2920 4198 3370 4270 παραθαλασσίων
3434 4200 3724 4273 θραυσθεὶς

2057 4281 2149 4353 ἔτη
2233 4282 2665 4357 νοσηλευόμενος
2721 4285 2812 4339 καὶ
2874 4282 3049 4360 ὁδέρῳ
3106 4287 3412 4361 περιπεσὼν
3474 4286 3722 4343 ἐτελεύ-

2130 4460 2224 4516 Καὶ
2259 4465 2650 4536 χειροτονεῖται
2699 4463 2837 4516 κατὰ
2879 4464 2979 4531 τήν
3030 4463 3218 4538 τρίτην
3245 4468 3342 4519 τοῦ
3376 4464 3718 4539 Ἀπριλλίου

2062 4549 2257 4620 μηνὸς,
2319 4552 2416 4617 τῆς
2465 4548 2628 4617 αὐτῆς
2674 4548 3035 4619 ἶνδικτιῶνος,
3083 4550 3195 4606 ἀντ’
3242 4553 3411 4607 αὐτοῦ
3452 4558 3722 4630 πατριάρ-

2052 4657 2161 4712 χης
2206 4636 2547 4701 Πολύευκτος
2601 4639 2865 4713 μοναχὸς,
2923 4647 3022 4710 τῆς
3080 4640 3719 4709 Κωνσταντινουπόλεως

2053 4726 2140 4780 καὶ
2176 4725 2393 4799 θράμμα
2421 4727 2711 4799 τυγχάνων
2764 4728 2853 4781 καὶ
2899 4726 3192 4801 παίδευμα,
3226 4730 3329 4785 ὑπὸ
3358 4736 3465 4784 τῶν
3505 4732 3715 4806 γονᾶων

2058 4814 2149 4885 μὲν
2186 4813 2575 4889 εὐνουχισθεὶς,
2610 4814 2697 4869 ἐπὶ
2747 4816 2919 4871 πολὺν
2967 4815 3022 4872 δὲ
3070 4817 3268 4892 χρόνον
3329 4818 3397 4892 τῇ
3439 4818 3716 4895 μοναδικῇ

2054 4902 2307 4977 πολιτείῃ
2365 4902 2769 4978 ἐκδιαπρέψας·
2832 4906 2889 4960 ’ὸν
2940 4908 2968 4961 ὁ
3033 4905 3286 4983 βασιλεὺς
3349 4906 3437 4963 διὰ
3489 4911 3553 4965 τὸ
3611 4916 3717 4965 τοῦ

2056 4988 2224 5057 ἧθοῦς
2249 4992 2441 5065 σεμνὸν
2475 4995 2562 5049 καὶ
2593 4995 2653 5049 τὸ
2699 4998 2801 5060 τῆς
2859 4996 3048 5073 σοφίας
3096 4992 3442 5070 ὑπερϐάλλον
3485 4999 3575 5053 καὶ
3607 5002 3714 5070 τήν

1486 5151 1860 5208 XYLANDRI
1902 5153 1987 5208 ET
2025 5152 2246 5209 GOARI
2285 5154 2517 5210 NOT/E.

366 5290 480 5359 (96)
513 5289 664 5344 Vidit
695 5289 750 5343 in
792 5287 989 5343 Lexico
1020 5286 1312 5360 Xylander
1340 5290 1537 5351 κῶνον,
1570 5304 1719 5345 area:
1751 5298 1948 5344 metam

294 5366 353 5417 et
379 5364 635 5431 pinorum
685 5365 925 5431 fructum
976 5360 1349 5423 significare;
1396 5360 1694 5431 palearum
1746 5366 1947 5415 metam

296 5433 409 5487 sibi
439 5433 637 5499 elegit,
672 5434 941 5502 pinorum
975 5448 1108 5485 vero
1142 5434 1371 5486 fructus
1427 5433 1695 5502 permisit
1724 5434 1948 5488 inscius

294 5503 721 5575 Theophylacti
744 5504 931 5575 equis.
967 5503 1147 5575 Goaa.

366 5573 480 5642 (97)
514 5573 672 5631 Alias
713 5573 1077 5650 λεπτοκαρύα,
1112 5590 1293 5629 nuces
1349 5574 1597 5630 Pontica:
1648 5593 1749 5630 seu
1802 5574 1949 5631 avel-

298 5644 462 5701 lanae.
499 5650 677 5704 Goaa.

2128 5290 2240 5369 (9t!)
2272 5292 2533 5369 Praeterit
2585 5291 2742 5369 hunc
2773 5291 3078 5369 ofﬁcialem
3100 5364 3113 5369 _
3134 5294 3441 5369 catalogus
3481 5297 3715 5369 Codini,

2058 5362 2775 5436 geminumdomesticum
2804 5368 3000 5418 noster
3028 5364 3261 5419 exhibet
3289 5362 3385 5419 τόὖ
3422 5364 3597 5436 δεξιοῦ
3621 5362 3716 5425 καῖ

2056 5436 2152 5484 τοῦ
2214 5431 2497 5505 εὐωνύμου
2550 5437 2745 5507 χοροῦ,
2810 5439 3146 5505 primarium
3201 5431 3723 5499 videlicet'dextri

2058 5507 2387 5582 {inim-ique
2416 5508 2569 5560 chori
2599 5515 2892 5582 cantarem,
2925 5507 3141 5582 quibus
3171 5508 3325 5563 alius
3351 5513 3459 5582 τῶν
3489 5510 3721 5582 ψαλτῶν

2061 5570 2382 5654 δρμᾴστικος
2413 5579 2786 5654 praeponitur,
2820 5570 3095 5635 omnibus
3131 5570 3559 5654 πρωτοψάλτης.
3597 5586 3721 5641 Eu-

2060 5645 2390 5719 cbologium
2404 5645 2424 5701 ξ
2444 5645 2621 5705 ϐολιι.
