3966 6134
261 334 343 394 69
1402 319 1943 400 HISTORIABUM
1990 336 2538 399 COMPENDIUM.
3603 338 3679 397 7o

259 465 644 539 ἀκτημοσόνην
685 471 995 542 χειροτονεῖ
1051 466 1420 543 πατριάρχην,
1473 466 1534 522 οὗ
1591 471 1687 522 τοῦ
1744 469 1905 543 Ἥρα-

2090 485 2296 525 εειιτοω
2329 468 2642 540 episcopus
2673 485 2885 524 manus
2916 469 3375 542 imposuit,quod
3397 472 3681 543 Nicepho-

253 554 467 625 κλείας,
501 556 575 618 ὡς
607 552 751 627 ἔθος,
785 554 929 610 ἀλλὰ
957 559 1052 609 τοῦ
1102 557 1429 631 Καισαρείας
1481 557 1771 613 Βασιλείου
1815 559 1914 626 τήν

256 643 599 719 χειροθεσίαν
653 642 1122 717 πεπληρωκότος.
1173 646 1491 723 Νικηφόρος
1539 646 1675 720 γὰρ,
1735 647 1762 699 6
1820 652 1920 715 τῆς

257 732 591 807 Ἡρακλείας
638 731 928 806 πρόεδρος,
984 739 1064 805 τῷ
1118 733 1333 809 βασιλεῖ
1376 734 1510 789 κατά
1573 756 1625 789 τι
1682 754 1918 808 προσκε-

256 822 512 893 κρουκὼς
545 821 605 875 οὐ
638 823 996 897 συνεχωρήθη
1030 823 1126 890 τὴν
1168 824 1510 898 χειροθεσίαν
1560 826 1915 894 ποιήσασθαι.

256 914 417 974 Ὅθεν
451 910 539 965 καὶ
570 910 741 984 ψόγος
774 910 881 986 οὐχ
905 912 932 965 ὁ
961 912 1148 987 τυχὼν
1181 907 1514 987 προσετρίϐη
1569 912 1629 966 οὐ
1660 917 1740 985 τῷ
1782 932 1918 987 προ-

254 999 511 1073 τρέψαντι
575 1001 739 1071 μόνον
805 1000 895 1054 καὶ
951 1004 1032 1072 τῷ
1084 1002 1568 1076 χειροθετήσαντι,
1628 1000 1773 1055 ἀλλά
1828 1002 1917 1053 καὶ

258 1088 411 1160 αὐτῷ
456 1091 536 1159 τῷ
583 1089 1026 1163 χειροτονηθέντι
1078 1089 1151 1150 ὡς
1199 1087 1612 1162 καταδεξαμένῳ
1642 1091 1740 1158 τήν
1784 1090 1917 1143 ἀκα-

254 1177 500 1231 νόνιστον
581 1175 785 1246 ταύτην
889 1178 1280 1251 χειροθεσίαν.
1376 1177 1788 1251 Χειροτονηθεὶς
1871 1170 1920 1231 δ’

255 1263 415 1338 ὅμως
489 1264 577 1319 καὶ
653 1264 1165 1341 παρρησιασάμενος
1231 1268 1327 1334 τὴν
1385 1265 1644 1337 ἀλήθειαν
1697 1264 1915 1335 πολλὴν

251 1352 613 1427 καταδρομὴν
683 1353 921 1409 ἐποιεῖτο
968 1362 1068 1423 τῆς
1132 1353 1444 1425 πλεονεξίας
1488 1360 1597 1410 τῶν
1648 1361 1918 1431 συγγενῶν

251 1448 355 1498 τοῦ
405 1438 710 1518 πρεσϐύτοτ
765 1444 1073 1515 Ῥωμανοῦ,
1133 1446 1217 1517 [Ρ.
1250 1446 1377 1517 640]
1434 1446 1530 1498 κάν
1580 1449 1661 1517 τῷ
1694 1443 1917 1519 μεγάλῳ

257 1527 535 1604 Σαϐϐάτῳ
558 1532 651 1586 τὸν
702 1531 930 1607 βασιλέα
987 1533 1063 1595 εἰς
1116 1535 1215 1602 τὴν
1275 1533 1534 1610 Μεγάλην
1595 1532 1918 1604 Ἐκκλησίαν

255 1621 489 1685 ἐλθόντα
547 1619 703 1695 ἐνῆγε
752 1620 891 1694 πρὸς
921 1623 1021 1691 τὴν
1068 1625 1175 1675 τῶν
1222 1623 1574 1697 πραχθέντων
1620 1619 1913 1692 ἐκδίκησιν.

251 1714 436 1787 ’Ὀπερ
471 1708 576 1785 οὐχ
605 1706 782 1779 ἡδέως
813 1710 971 1773 οὗτος
1014 1706 1247 1779 ἐδέξατο.
1284 1708 1463 1765 Ἀλλὰ
1509 1710 1596 1765 καὶ
1630 1709 1913 1773 Βασίλειος

254 1802 286 1855 ὁ
324 1800 463 1873 μετὰ
508 1802 674 1854 ταῦτα
721 1800 1240 1873 παρακοιμώμενος,
1290 1801 1317 1853 ὁ
1370 1800 1475 1853 ἀπὸ
1534 1797 1740 1866 δούλης
1786 1819 1915 1875 τεχ-

251 1891 372 1950 θεὶς
448 1889 528 1959 τῷ
598 1883 874 1962 πρεσϐύτῃ
952 1890 1243 1961 Ῥωμανῷ.
1313 1887 1538 1958 Ἑλένην
1591 1890 1689 1958 τήν
1752 1889 1913 1943 αὐττῦ

250 1976 506 2051 ἀδελφὴν
550 1975 639 2030 καὶ
686 1972 968 2029 δέσποιναν
1019 1976 1519 2048 ὑποποιησάμενος,
1577 1975 1719 2030 οὕτω
1776 1997 1911 2052 παρ-

254 2065 518 2121 εσκεύασε
572 2063 661 2118 καὶ
714 2061 931 2133 διέθηκε
982 2066 1073 2119 τὸν
1118 2068 1551 2132 Κωνσταντῖνον,
1614 2066 1688 2136 μὴ
1751 2086 1917 2137 μετα-

254 2156 546 2229 γινώσκειν
584 2153 747 2226 μόνον
775 2152 862 2207 ἐπὶ
893 2157 962 2218 τῆ
992 2157 1089 2207 τοῦ
1120 2154 1465 2229 πατριάρχου
1490 2149 1919 2228 προϐολῇ,ἀλλᾶ

2029 575 2130 613 rus
2160 558 2293 629 (hoc
2318 557 2471 612 enim
2507 574 2718 612 nomen
2750 557 3038 613 Heracleae
3070 559 3300 629 praesuli
3335 562 3502 629 erat),
3536 562 3676 632 quia

2027 647 2086 701 in
2120 649 2375 718 quadam
2407 663 2467 701 re
2501 647 2762 702 animum
2795 647 3165 718 imperatoris
3194 648 3673 715 oll'eudisset,non

2030 737 2335 790 sinebatur
2368 752 2578 790 manus
2608 735 2929 806 imponere.
2964 736 3097 798 Qum
3148 752 3245 790 rex
3295 736 3677 808 vituperatio-

2030 842 2162 879 nem
2196 825 2352 879 haud
2385 826 2686 895 vulgarem
2720 825 2962 895 paravit,
2988 841 3101 879 non
3135 825 3473 895 imperatori
3506 829 3676 881 modo

2030 918 2087 969 et
2138 913 2375 978 Basilio,
2426 913 2526 968 sed
2585 918 2642 968 et
2697 913 2808 983 ipsi
2870 912 3203 985 Polyeucto,
3258 916 3413 984 quod
3473 920 3678 971 contra

2029 1018 2227 1057 sacros
2257 1016 2509 1056 canones
2531 1018 2593 1056 se
2622 1001 2879 1055 ordinari
2912 1019 3124 1073 passus
3157 1008 3330 1057 esset.
3352 1004 3450 1057 Hic
3480 1007 3675 1059 tamen

2026 1091 2111 1146 ita
2141 1092 2501 1162 designatus,
2532 1090 2833 1145 veritatem
2868 1089 3046 1146 libere
3098 1091 3418 1162 professus,
3474 1092 3677 1148 multis

2028 1180 2291 1235 invectus
2355 1184 2444 1234 est
2507 1180 2564 1233 in
2626 1179 2925 1233 avaritiam
2987 1183 3368 1250 cognatorum
3428 1182 3674 1237 Romani

2027 1268 2278 1324 senis.Et
2300 1269 2358 1321 in
2384 1283 2594 1339 magno
2610 1268 2858 1322 Sabbato
2880 1268 3293 1338 imperatorem
3311 1271 3370 1324 in
3394 1286 3676 1342 magnum

2024 1356 2307 1427 templum
2332 1357 2657 1411 venientem
2683 1358 2750 1411 ad
2770 1357 3061 1426 judicium
3084 1374 3283 1412 eorum
3304 1361 3679 1430 quaet'uerant

2028 1451 2156 1501 acta
2184 1446 2570 1501 exercendum
2622 1446 2890 1501 hortatus
2941 1451 3048 1501 est.
3105 1451 3228 1502 Non
3282 1453 3516 1519 gratum
3567 1450 3677 1505 hoc

2026 1535 2365 1607 imperatori
2398 1535 2528 1588 fuit.
2563 1535 2671 1589 Sed
2704 1539 2761 1589 et
2794 1535 3167 1606 Basilius,qui
3201 1536 3679 1595 deindeintimus

2027 1624 2425 1679 cubicularius
2488 1624 2675 1678 factus
2733 1628 2840 1687 est,
2894 1624 3050 1679 senis
3106 1625 3347 1680 Romani
3405 1641 3473 1681 ex
3515 1644 3682 1684 serva

2026 1713 2204 1779 ﬁlius,
2235 1730 2338 1785 per
2367 1729 2624 1768 sororem
2671 1730 2839 1767 suam
2895 1712 3169 1768 Helenam
3218 1717 3543 1785 Augustam
3598 1718 3679 1772 ita

2025 1802 2389 1858 Constantini
2421 1802 2683 1857 animum
2712 1802 2992 1872 affecit,ut
3022 1819 3137 1856 non
3171 1804 3320 1859 335
3347 1804 3520 1859 modo
3542 1821 3675 1860 cum

2024 1892 2095 1947 ad
2136 1892 2596 1963 patriarchatum
2640 1891 3009 1962 Polycuotum
3045 1892 3405 1962 promovisse
3434 1894 3679 1964 poenite-

2024 1985 2132 2047 ret,
2165 1981 2263 2035 sed
2298 1984 2353 2035 et
2383 1981 2454 2034 de
2485 1996 2549 2034 eo
2583 1996 2685 2049 per
2716 1979 3079 2034 occasionem
3111 1980 3436 2050 dejiciendo
3467 1982 3682 2053 cogita-

2028 2073 2133 2123 ret.
2169 2070 2237 2123 Et
2267 2070 2335 2123 ad
2370 2083 2495 2122 eam
2531 2083 2653 2122 rem
2688 2068 3087 2137 suffundebat,
3121 2069 3275 2139 quod
3307 2070 3491 2137 aiunt,
3520 2071 3683 2142 frigi-

2029 2157 2163 2211 dam
2187 2156 2528 2212 Theodorus
2559 2156 2742 2225 Cyzici
2768 2157 3101 2227 episcopus.

252 2244 349 2298 καὶ
391 2246 570 2312 ζητεῖν
600 2242 850 2319 ἀφορμὴν
881 2245 998 2303 πῶς
1030 2242 1088 2296 ἂν
1122 2242 1279 2296 αὐτὸν
1320 2241 1617 2317 καταγάγοι
1670 2246 1765 2297 τοῦ
1798 2242 2012 2317 θρόνου,
2042 2242 2227 2298 πολλᾶ
2253 2243 2340 2297 καὶ
2373 2240 2656 2321 Θεοδώρου
2686 2246 2781 2297 τοῦ
2816 2243 3045 2312 Κυζίκου
3075 2244 3191 2298 κατ’
3240 2243 3403 2298 αὐτοῦ
3452 2242 3681 2321 διερεθί-

258 2338 456 2402 ζοντος
483 2334 692 2385 τοῦτον.

330 2424 535 2494 Ὥσπερ
567 2417 625 2474 δὲ
652 2422 750 2473 τοῦ
789 2415 994 2495 χρόνου
1044 2418 1556 2497 φιλοτιμησαμένου
1604 2420 1741 2474 κατά
1790 2441 1917 2475 ταυ-

249 2512 350 2566 τὸν
396 2509 794 2584 ὁμογνώμονας
844 2505 1202 2578 ἐπιδείξασθαι
1254 2510 1622 2584 πατριάρχας,
1680 2507 1769 2563 καὶ
1818 2511 1919 2577 τήν

250 2604 368 2654 τῶν
402 2598 667 2671 ἐσπερίων
723 2596 1013 2667 Ῥωμαίων
1069 2599 1181 2667 (99)
1221 2596 1541 2667 Ἐκκλησίαν
1573 2596 1765 2651 ἰθύνειν
1801 2593 1920 2651 ἔλα-

254 2709 359 2764 χεν
395 2688 651 2754 Ἰωάννης
683 2686 711 2740 ὁ
741 2690 837 2739 τοῦ
870 2679 1201 2760 Ἀλϐερίχου
1233 2686 1347 2748 υἱὸς
1401 2688 1498 2757 (1),
1558 2686 1694 2761 πρὸς
1743 2691 1915 2740 πᾶσαν

256 2775 551 2851 ἀσέλγειαν
594 2774 684 2828 καὶ
729 2773 915 2828 κακίαν
971 2775 1230 2849 ὑπάρχων
1271 2773 1588 2850 ἐπιῤῥεπής’
1625 2773 1681 2828 ὅν
1743 2780 1917 2831 ’Ώτως

256 2868 286 2921 6
320 2870 431 2920 τῶν
461 2863 724 2939 Φράγγων
761 2861 1014 2937 βασιλεὺς
1046 2863 1317 2925 ἀπελάσας
1347 2859 1528 2938 ἕτερον
1565 2863 1919 2939 άντεισήγαγε

254 2955 331 3030 τῇ
364 2951 667 3022 Ἐκκλησία
697 2952 951 3023 ποιμένα.

335 3044 398 3100 Ὀ
431 3039 487 3096 δέ
538 3040 877 3101 Πολύευκτος
920 3043 998 3111 τῷ
1041 3040 1245 3114 πρώτῳ
1291 3046 1390 3109 τῆς
1437 3039 1698 3115 ἱερατείας
1755 3039 1919 3094 αὐτοῦ

256 3132 459 3209 χρόνῳ
508 3134 630 3191 τοῖς
693 3130 861 3203 ἱεροῖς
906 3127 1108 3200 ένέταξε
1171 3126 1461 3204 διπτύχοις
1509 3128 1782 3201 Εὖθυμίου
1824 3132 1919 3182 τοῦ

258 3221 612 3295 πατριάρχου
664 3218 726 3271 τὸ
776 3214 972 3289 ὄνομα,
1019 3222 1115 3272 τοῦ
1152 3218 1243 3271 τὸν
1282 3216 1507 3291 βασιλέα
1536 3218 1737 3272 Λέοντα
1769 3215 1916 3287 δεξα-

2099 2426 2366 2478 Ceterum
2426 2423 2595 2493 quasi
2645 2423 2690 2478 si
2742 2427 2977 2493 tempus
3026 2423 3084 2477 in
3142 2440 3209 2479 eo
3265 2422 3557 2479 laboraret
3614 2431 3677 2480 ut

2029 2511 2247 2567 summi
2294 2512 2597 2582 pontiﬁces
2645 2512 2907 2581 ejusdem
2958 2512 3258 2566 sententiis
3317 2520 3674 2581 crearentur,

2028 2605 2302 2655 Romanae
2334 2599 2588 2654 ecclesiae
2639 2600 2841 2655 eodem
2897 2604 3158 2671 tempore
3211 2602 3518 2671 praefectus
3570 2603 3681 2657 fuit

2027 2689 2285 2744 Joannes
2316 2688 2565 2744 Alherici
2599 2688 2773 2755 filius,
2798 2688 2971 2742 homo
3003 2689 3073 2743 ad
3106 2705 3341 2744 omnem
3376 2689 3679 2746 lasciviam

2028 2797 2095 2835 ac
2145 2778 2429 2833 malitiam
2491 2795 2852 2851 propensus;
2909 2794 3080 2848 quem
3133 2778 3266 2834 Otto
3322 2779 3675 2835 Francorum

2028 2866 2345 2938 imperator
2402 2866 2643 2938 expulit,
2702 2866 3003 2937 aliumque
3061 2866 3316 2922 ecclesia:
3378 2873 3701 2938 pastorem,

2028 2955 2357 3012 constituit.

2100 3044 2445 3116 Polyeuclus
2476 3043 2665 3113 primo
2697 3043 2786 3099 sui
2820 3043 3248 3114 patriarchatus
3298 3062 3449 3100 anno
3499 3049 3675 3119 Euty-

2029 3133 2141 3187 chii
2179 3132 2520 3203 patriarchae
2553 3149 2762 3187 nomen
2814 3132 2873 3185 in
2924 3149 3122 3187 sacras
3175 3133 3409 3188 tabulas
3456 3134 3677 3201 retulit,

2029 3222 2156 3290 ejus
2189 3220 2289 3291 qui
2320 3220 2732 3291 imperatorem
2769 3221 3018 3275 Leonem
3051 3221 3120 3275 ad
3168 3238 3465 3277 sacrorum
3518 3240 3678 3278 com-

264 3278 436 3385 μένδυ
485 3278 561 3370 εἵς
598 3306 902 3374 κοινωνίαν,
954 3306 1189 3378 ὁπηνίκα
1227 3309 1327 3376 τὴν
1370 3308 1629 3382 τετάρτην
1683 3306 1916 3383 ἠγάγετο

2095 3308 2486 3363 unicationem
2521 3308 2859 3376 admiserat,
2887 3325 3019 3363 cum
3053 3309 3104 3364 is
3135 3314 3404 3380 quartam
3438 3328 3675 3367 uxorem

256 3404 498 3476 γυναῖκα
513 3400 611 3471 (2).
644 3397 784 3471 Ηρὸς
811 3394 970 3450 τοῦτό
997 3416 1139 3457 τινες
1163 3399 1269 3450 τῶν
1304 3394 1602 3471 ἀρχιερέων
1635 3397 1773 3471 πρὸς
1805 3394 1921 3450 ὀλί-

257 3510 364 3563 γον
396 3485 716 3556 ἀντέστησαν
772 3483 851 3556 τῷ
906 3481 1233 3557 Πολυεύκτῳ
1297 3486 1370 3555 μὴ
1403 3489 1704 3540 κοινωνεῖν.
1746 3483 1922 3539 Ἀλλὰ

258 3578 382 3633 κατ’
429 3574 618 3650 ὀλίγον
649 3572 727 3646 τῷ
754 3577 851 3628 τοῦ
880 3577 1205 3648 κρατοῦντος
1238 3572 1708 3643 ἀκολουθήσαντες
1749 3572 1918 3647 θελή-

267 3687 402 3741 ματι
434 3664 650 3741 γέλωτα
676 3661 953 3739 παρέσχον
982 3667 1100 3724 τοῖς
1128 3660 1583 3737 διακρινομένοις.

341 3844 530 3918 ’Ἠχθη
567 3839 623 3896 δὲ
651 3840 786 3896 κατὰ
813 3840 905 3895 τὸν
936 3840 1096 3894 αὐτὸν
1131 3841 1315 3915 καιρὸν
1365 3840 1453 3895 καὶ
1507 3842 1541 3909 ἡ
1598 3839 1755 3913 τιμία
1797 3841 1921 3915 χεὶρ

260 3938 367 3990 τοῦ
411 3928 736 4007 Προδρόμου
769 3930 845 3992 εἷς
875 3930 974 3997 τὴν
1011 3927 1264 4005 βασιλίδα
1294 3930 1345 4000 ἐξ
1399 3928 1760 4004 Ἀντιοχείας,
1788 3929 1923 3983 dno-

268 4022 547 4077 κλαπεῖσα
611 4018 755 4090 παρά
826 4038 973 4079 τινος
1031 4014 1282 4072 διακόνου
1351 4012 1474 4074 Ἰὼϐ
1530 4015 1794 4090 τοῦνομα·
1856 4017 1923 4087 ἦν

269 4104 688 4166 καταλαϐοῦσαν
736 4107 835 4176 τήν
886 4103 1214 4176 Χαλκηδόνα
1244 4107 1271 4161 6
1324 4104 1578 4181 βασιλεὺς
1623 4108 1720 4175 τὴν
1769 4108 1920 4181 βασι-

271 4198 441 4265 λικήν
504 4195 784 4269 ἐκπέμψας
852 4196 1074 4269 τριήρη,
1134 4194 1222 4249 καὶ
1281 4201 1378 4264 τῆς
1436 4194 1744 4268 συγκλήτου
1799 4195 1922 4249 ὅσον

269 4286 546 4358 ἐπίσημον
577 4282 882 4354 ἐξελθόντος
930 4282 1019 4337 καὶ
1073 4287 1167 4337 τοῦ
1205 4283 1548 4358 πατριάρχου
1580 4282 1925 4340 Πολυεύκτου

270 4376 369 4430 σὺν
403 4374 672 4446 παντὶτῷ
720 4371 911 4447 κλήρῳ
955 4371 1089 4444 μετὰ
1142 4376 1327 4444 κηρῶν
1373 4371 1463 4425 καὶ
1499 4370 1802 4446 λαμπάδων
1833 4372 1924 4427 καὶ

268 4462 655 4536 θυμιαμάτων,
689 4460 763 4523 εἷς
790 4461 855 4514 τὰ
887 4459 1137 4535 βασίλεια
1164 4459 1388 4535 ⁴ἤγαγεν.

344 4554 409 4609 Ὀ
459 4549 515 4605 δὲ
562 4555 667 4605 τῶν
723 4548 944 4625 σχολῶν
1005 4546 1325 4622 δομέστικος
1377 4546 1577 4625 βάρδας
1626 4549 1761 4603 κατὰ
1815 4554 1922 4604 τῶν

2028 3397 2309 3453 duxisset.
2329 3398 2466 3452 Eam
2498 3396 2570 3452 ob
2603 3412 2722 3450 rem
2759 3396 3001 3468 quidam
3035 3413 3405 3453 summorum
3440 3402 3681 3470 pontiﬁ-

2027 3502 2162 3541 cum
2180 3484 2522 3555 aliquandiu
2556 3484 2869 3540 noluerunt
2888 3501 2982 3540 res
3002 3502 3200 3540 sacras
3220 3502 3352 3541 cum
3372 3486 3683 3559 Polyeucto

2031 3590 2374 3630 communes
2430 3574 2646 3629 habere
2710 3590 2722 3627 :
2784 3590 2917 3628 mox
2973 3574 3341 3645 imperatoris
3394 3576 3680 3633 voluntati

2031 3665 2422 3734 obsequentes
2455 3663 2731 3717 ridendus
2765 3678 2826 3717 se
2858 3662 3325 3733 disceptantibus
3350 3668 3679 3721 controver-

2032 3753 2181 3809 siam
2210 3753 2529 3808 exhibueru
2541 3756 2622 3807 nt.

2102 3842 2218 3895 Sub
2251 3841 2403 3895 idem
2434 3845 2669 3912 tempus
2700 3841 3029 3896 veneranda
3060 3842 3436 3912 praecursoria
3469 3860 3682 3899 manus

2032 3930 2345 3984 Antiochia
2375 3929 2574 4000 Cpolin
2609 3928 2784 3983 allata
2813 3934 2920 3993 est,
2953 3935 3224 4001 surrepta
3254 3931 3324 3986 ab
3353 3931 3501 3986 Jobo
3534 3949 3683 4002 quo-

2033 4020 2169 4074 dam
2232 4019 2496 4073 diacono.
2549 4019 2628 4072 Ea
2676 4035 2809 4073 cum
2860 4018 3185 4090 appulisset
3233 4019 3683 4078 Chalcedonem.

2033 4109 2355 4178 Imperator
2385 4123 2553 4162 suam
2584 4106 2781 4162 emisit
2810 4107 3110 4162 triremem
3165 4125 3178 4163 :
3230 4112 3287 4163 et
3332 4108 3686 4166 illustriores

2034 4200 2336 4251 senatores
2366 4196 2755 4267 praecedentes
2787 4196 3015 4250 obviam
3063 4212 3197 4250 cum
3251 4198 3582 4267 patriarcha
3631 4204 3687 4254 et

2034 4286 2306 4340 universo
2338 4284 2490 4339 clero
2523 4301 2653 4339 cum
2688 4285 2871 4339 cereis
2903 4284 3125 4339 facibus
3148 4290 3203 4339 et
3223 4286 3523 4342 sufﬁtibus
3555 4304 3681 4343 eam

2035 4375 2094 4429 in
2127 4374 2413 4446 palatium
2447 4374 2839 4428 deduxerunt.

2107 4552 2260 4607 338
2326 4551 2562 4606 Interim
2632 4552 2852 4606 Bardas
2919 4551 3256 4609 scholarum
3328 4551 3687 4608 domesticus

270 4642 426 4714 ἑῴων
473 4641 787 4714 Ἀγαρηνῶν
846 4637 1232 4713 ἐκσνρατεόσας
1270 4638 1331 4691 τὸ
1392 4636 1443 4692 ἐν
1501 4640 1657 4692 ποσὶν
1720 4640 1921 4693 ἅπαντα

2090 4639 2400 4711 :peditione
2458 4642 2517 4693 in
2577 4639 2889 4695 orientales
2951 4642 3243 4713 Agarenos
3313 4641 3462 4695 facta
3521 4640 3692 4696 obvia

267 4728 699 4804 κατεστρέψατο,
751 4725 888 4782 ἑλὼν
934 4726 1023 4781 καὶ
1085 4726 1316 4802 φρούρια
1372 4727 1568 4797 ἱκανά,
1628 4724 1926 4803 ἐκπολιορ-

2040 4746 2284 4801 quaeque
2384 4730 2655 4799 vastavit,
2760 4730 3054 4800 permulta
3154 4729 3403 4785 castella.
3496 4728 3688 4801 cepit,

267 4822 447 4890 κήσας
477 4817 567 4872 καὶ
617 4819 715 4886 τὴν
748 4811 1075 4892 περιϐόητον
1138 4813 1394 4872 ’Δδαπαν.
1452 4817 1512 4873 Ὀ
1564 4814 1621 4870 δὶ
1676 4815 1921 4890 βασιλεὺς

2090 4834 2348 4889 μεοῐηᾳυθ
2396 4818 2539 4872 adeo
2600 4817 2853 4873 nobilem
2914 4819 3118 4873 urbem
3186 4819 3442 4889 Adapam
3510 4833 3688 4889 expu-

273 4906 619 4985 βουλόμενος
648 4906 737 4961 καὶ
768 4912 894 4968 τους
936 4904 987 4959 ἐν
1041 4904 1109 4979 τῇ
1152 4907 1343 4981 Κρήτη
1395 4905 1745 4981 Σαρακηνοὺς
1801 4928 1921 4961 συν-

2090 4907 2249 4961 lavit.
2312 4910 2634 4978 Imperator
2701 4911 2901 4961 autem
2968 4905 3276 4961 Cretenses
3342 4906 3685 4977 Saracenos,

267 4999 420 5072 εχῶς
452 4993 900 5071 έκστρατεόοντας
947 4993 1034 5049 καὶ
1080 4994 1147 5049 τὰ
1176 4991 1417 5068 παράλια
1462 4996 1922 5075 τῖπςίΡωμαῖκῆς

2034 4995 2131 5066 qui
2190 4995 2390 5050 crebro
2446 4995 2771 5051 maritimas
2831 4997 3222 5050 Romanorum
3293 4994 3545 5050 ditiones
3604 4995 3693 5050 in-

1467 5174 1835 5233 XYLANDRI
1875 5176 1965 5232 ET
2002 5174 2221 5232 GOARI
2260 5175 2489 5231 NOTAE.

342 5304 457 5375 (99)
504 5303 704 5367 Graeci,
758 5302 1004 5357 Romani
1065 5300 1737 5375 imperiiﬂsuccessores.
1785 5302 1923 5356 Ῥω-

270 5373 468 5448 μαίουξ
504 5376 771 5430 Romanos
797 5390 859 5429 se
890 5375 1165 5448 usqueiin
1196 5373 1542 5448 hodiernum
1577 5374 1730 5448 die_m
1759 5375 1925 5448 jacti-

266 5445 564 5504 taverunt.
601 5448 773 5501 Veros
825 5451 1020 5499 autem
1074 5447 1365 5514 Romanos,
1416 5445 1471 5499 id
1523 5449 1613 5499 est
1666 5445 1921 5513 Latinos,

266 5520 513 5576 Cedreni
564 5534 702 5573 voce
749 5514 1039 5589 ἑσπερίους
1057 5515 1361 5589 Ῥωμαίους
1390 5515 1703 5589 appellant.
1741 5516 1922 5573 GOAR.

340 5591 419 5662 (l)
458 5593 510 5645 ls
558 5593 648 5662 est
691 5586 953 5662 Joannes
997 5586 1099 5662 XII
1151 5605 1320 5662 papa.
1358 5586 1616 5662 _Alberici
1666 5590 1925 5645 consulis

267 5658 522 5721 Romani
554 5660 733 5728 ﬁlius,
762 5660 831 5715 de
863 5677 976 5729 quo
1006 5659 1137 5714 vide
1154 5658 1774 5717 historicos.0ttonem
1809 5679 1927 5717 ma-

2036 5319 2218 5375 gnum
2250 5302 2644 5357 Romanorum
2673 5300 3085 5375 imperatorem
3112 5317 3302 5373 regem
3330 5302 3690 5375 Francorum

2035 5373 2232 5441 vocat;
2267 5375 2337 5428 de
2370 5390 2484 5443 qua
2532 5390 2591 5427 re
2643 5390 2821 5443 supra
2878 5374 3100 5429 monui.
3162 5376 3276 5430 Cur
3307 5378 3503 5429 autem
3535 5373 3690 5428 hunc

2037 5446 2344 5517 Polyeucto
2375 5444 2630 5499 similem
2663 5445 2839 5511 dicat,
2872 5463 2987 5501 non
3017 5446 3203 5501 video.
3240 5445 3371 5500 XYL.

2106 5515 2183 5587 (2)
2232 5519 2309 5589 De
2359 5517 3003 5589 quarumrnupliarum
3047 5519 3181 5589 jure
3229 5518 3345 5572 vid.
3401 5515 3690 5572 Arcudius

2035 5587 2074 5642 l.
2108 5606 2185 5642 vu
2217 5588 2576 5644 Concordiae.
2611 5587 2791 5644 Goaa.
