3966 6134
231 355 305 414 73
1370 354 1919 417 HISTORIARUM
1964 356 2485 421 COMPENDIUM
2504 403 2517 417 .
3575 364 3655 423 74

233 507 402 559 μενος.
457 487 571 563 Πρὸ
625 484 685 541 δὲ
734 507 900 543 τινων
955 488 1179 563 ἡμερῶν
1234 493 1334 556 τῆς
1383 475 1546 541 αύτοῢ
1599 483 1878 555 τελευτῆς,

2040 489 2227 558 eferri,
2263 506 2366 562 per
2394 490 2624 562 aliquot
2651 496 2851 548 noctes
2905 495 3179 550 custodes
3227 493 3554 561 collocavit,
3608 496 3659 552 si

230 575 318 631 ἐπί
365 597 484 630 τινα
540 577 743 651 χρόνον
798 578 1019 651 συχνὸν,
1076 577 1304 652 ἑσπέρας
1351 570 1884 647 καταλαμϐανούσης

232 665 375 721 λίθοι
409 666 610 728 ἄνωθεν
657 664 1064 738 ἐκπεμπόμενοι
1112 666 1201 720 καὶ
1243 664 1389 727 ἐντὸς
1416 670 1522 718 τῶν
1555 665 1719 718 αὐτοῦ
1751 662 1885 718 διαι-

227 754 489 827 τημάτων
528 754 615 807 σὺν
651 752 851 827 πολλῳ
905 754 1073 831 ῥοίζῳ
1122 755 1415 816 πίπτοντες
1470 753 1735 824 ἐξαισίους
1783 755 1884 808 ἀπ-

230 843 449 898 ετέλουν
495 843 752 905 κτύπους.
813 846 1082 917 [Ρ.·642]
1143 845 1305 914 Δοξας
1363 841 1408 898 δ’
1460 844 1563 897 ἀπὸ
1619 848 1726 897 τῶν
1783 850 1882 912 τῆς

1996 595 2170 650 quem
2220 597 2423 635 eorum
2482 596 2657 652 opera
2709 581 3147 651 deprehendere
3181 587 3376 653 posset
3405 583 3519 639 ista
3550 602 3652 639 au-

1995 669 2263 723 sum.Sed
2298 670 2607 741 ignorabat
2639 671 2862 726 frustra
2893 688 2955 725 se
2986 672 3413 737 laborare,cum
3444 673 3502 728 id
3534 690 3651 729 non

1995 758 2065 812 ab
2112 757 2473 827 hominibus,
2528 760 2625 814 sed
2678 760 3021 815 sublimiore
3075 760 3272 832 aliqua
3326 763 3651 833 profectum

1994 846 2165 901 fuerit
2200 853 2506 918 potestate.

226 932 545 1008 Μαγναύρας
577 933 837 1007 ὑπερῴων
896 932 1121 995 τούτους
1181 934 1429 1010 φέρεσθαι
1490 931 1732 1010 φύλακας
1790 931 1877 986 ἐπὶ
1926 930 2164 995 πολλαῖς
2226 934 2363 1005 νυξὶν
2420 934 2712 1013 ἀφώρισεν,
2766 940 2814 990 εἴ
2864 936 2969 990 πού
3003 956 3125 990 τινα
3158 931 3299 1010 λάϐῇ
3332 942 3437 991 τῶν
3486 944 3649 995 τοῦτο

223 1019 583 1094 τολμώντων.
644 1020 803 1077 Ἀλλ’
868 1019 1028 1076 ἔλαθε
1089 1043 1261 1095 ματην
1320 1026 1547 1077 πονῶν·

227 1109 498 1183 λούμενον
533 1108 833 1183 δυνάμεως.
928 1184 931 1185 ν

294 1201 675 1262 Μεταστάντος
734 1198 791 1255 δὲ
839 1204 935 1254 τοῖ’)
990 1201 1399 1256 Κωνστακτίνου
1449 1199 1541 1255 καὶ
1595 1200 1731 1272 πρὸς
1778 1202 1874 1267 τὴν

220 1287 423 1352 ἐκεῖθεν
483 1285 764 1351 διαϐαντος
822 1290 1168 1357 κατάστασιν,
1245 1290 1525 1362 Ῥωμανὸς
1600 1290 1627 1343 ὁ
1684 1288 1877 1343 τούτου

222 1378 337 1438 υίὸς
397 1377 662 1453 ἐγκρατὴς
716 1379 923 1452 γίνεται
954 1384 1053 1447 τῆς
1076 1379 1276 1453 ἀρχῆς.
1312 1379 1414 1435 Καὶ
1447 1376 1717 1453 ἄρχοντας
1738 1398 1876 1452 προ-

221 1462 573 1538 ϐαλλύμενος
632 1466 912 1529 εύνοϊκοὺς
972 1467 1117 1539 αὐτῷ
1173 1467 1261 1521 καὶ
1314 1470 1602 1542 θυμήρεις,
1636 1467 1723 1521 καὶ
1776 1467 1874 1534 τὴν

222 1555 506 1631 βασιλείαν
557 1557 631 1617 ὡς
686 1555 810 1625 ἐνῆν
864 1557 1281 1632 κρατυνάμενος.
1346 1556 1480 1611 κατὰ
1533 1558 1634 1625 τήν
1686 1556 1878 1630 ἑορτήν

214 1650 313 1699 τοῦ
348 1647 543 1720 Πάσχα
596 1648 695 1713 τῆς
746 1644 912 1715 αὐτῆς
957 1653 1001 1720 γ’
1054 1644 1390 1706 ίνδικτιῶνος
1447 1646 1625 1714 στέφει
1666 1645 1755 1698 καὶ
1787 1646 1878 1697 τὸν

216 1736 333 1788 υἱὸν
370 1734 535 1788 αὐτοῦ
572 1732 819 1810 βασιλέα,
855 1732 943 1789 διὰ
994 1739 1101 1789 τῶν
1155 1738 1358 1809 χειρῶν
1407 1733 1751 1789 Πολυεύκτου
1780 1737 1875 1786 τοῦ

210 1824 589 1899 πατριάρχου,
622 1823 673 1877 ἐν
706 1827 774 1897 τῇ
826 1822 1054 1899 Μεγάλῃ
1109 1821 1430 1892 Ἐκκλησίᾳ.
1465 1825 1558 1894 Τῷ
1591 1819 1636 1876 δ’
1668 1821 1873 1875 ἐπιόντι

206 1908 314 1967 ἔτει
372 1912 610 1967 τίκτεται
666 1912 830 1967 πάλιν
885 1913 1035 1984 αὐτῷ
1084 1908 1273 1987 ἔτερος
1329 1912 1443 1973 υἱὸς
1505 1910 1555 1965 ἐν
1605 1916 1721 1971 τοῖς
1770 1915 1877 1964 τῶν

210 2006 414 2075 Πηγῶν
473 2001 785 2069 παλατίοις,
846 2002 903 2055 ’ὸν
968 2001 1053 2055 ἐπὶ
1128 2006 1207 2072 τῷ
1266 2001 1429 2075 πατρὶ
1477 2005 1872 2055 Κωνσταντῖνον

1607 1020 1672 1087 ἦν
1727 1021 1825 1094 γὰρ
1882 1023 1944 1077 τὸ
2003 1022 2292 1096 γινόμενον
2351 1023 2449 1078 οὐκ
2506 1024 2555 1097 ἐξ
2612 1026 2910 1099 ἀνθρώπων
2971 1023 3095 1079 ἀλλ’
3142 1024 3191 1096 ἐξ
3224 1027 3517 1105 ὑπερτέρας
3562 1051 3652 1084 τε-

2068 1203 2383 1275 Postquam
2444 1221 2511 1259 ex
2559 1205 2665 1259 hac
2712 1205 2831 1260 vita
2878 1206 3151 1275 migravit
3198 1208 3643 1278 Constantinus,

1992 1292 2146 1347 ﬁlius
2168 1294 2293 1363 ejus
2319 1293 2615 1347 Romanus
2638 1294 2950 1363 imperium
2975 1294 3312 1365 capessit.ls
3335 1297 3651 1368 magistra-

1988 1381 2146 1436 tibus
2178 1381 2289 1435 sibi
2322 1382 2618 1437 benevolis
2646 1387 2817 1453 atque
2850 1385 3102 1454 acceptis
3131 1386 3487 1456 constitutis,
3508 1400 3646 1441 con-

1988 1472 2219 1525 ﬁrmato
2256 1475 2319 1525 ut
2346 1488 2437 1525 res
2470 1471 2691 1525 ferebat
2722 1472 2990 1542 imperio,
3024 1473 3224 1527 eadem
3264 1474 3435 1528 tertia
3485 1475 3645 1529 indi-

1988 1560 2198 1627 ctione,
2248 1561 2392 1615 festo
2441 1560 2742 1615 Paschatis
2786 1561 2902 1626 die,
2935 1561 3053 1617 ﬁlio
3086 1578 3190 1617 suo
3223 1578 3496 1619 coronam
3530 1564 3642 1619 im-

1987 1649 2337 1719 peratoriam
2368 1666 2543 1720 opera
2574 1649 2864 1721 Polyeucti
2897 1651 3243 1720 patriarchae
3272 1652 3525 1722 imponit
3578 1654 3639 1708 in

1987 1742 2191 1810 Magno
2220 1738 2826 1809 Templo.Insequenti
2855 1756 3008 1795 anno
3042 1756 3273 1795 rursum
3302 1740 3353 1796 ei
3385 1742 3543 1797 filius
3575 1743 3634 1797 in

1990 1830 2247 1883 Fontano
2280 1828 2431 1883 339
2465 1828 2681 1899 palatio
2712 1828 2995 1899 nascitur,
3027 1845 3201 1901 quem
3234 1847 3266 1884 a
3296 1835 3459 1901 patre
3487 1836 3639 1887 Con-

1986 1921 2316 1971 stantinum
2350 1917 2693 1972 nominavit.
2728 1920 3009 1972 Caeterum
3040 1918 3359 1989 imperator
3402 1920 3640 1989 juvenis

1983 2006 2383 2077 voluptatibus
2443 2006 2693 2071 deditus,
2743 2023 2943 2061 curam
2998 2007 3331 2077 reipublicae
3377 2008 3634 2081 Josepho

206 2092 492 2165 ὠνόμασε.
530 2092 662 2152 Νέος
687 2089 732 2144 δ’
783 2088 853 2144 ὣν
897 2090 985 2144 καὶ
1038 2089 1347 2153 εὐπαθείαις
1394 2091 1577 2144 ἑαυτὸν
1614 2086 1871 2143 ἐπιδεδωο

2040 2096 2262 2150 -imario
2292 2113 2398 2150 suo
2430 2095 2789 2151 cubiculario
2820 2101 3203 2166 cognomento
3224 2097 3449 2169 Bringae
3482 2116 3638 2158 com-

208 2182 324 2242 κὼς
359 2180 456 2241 τὰς
488 2184 593 2234 τῶν
645 2178 789 2234 ὅλων
850 2178 1141 2257 φροντίδας
1203 2180 1404 2257 Ἰωσὴφ
1465 2179 1756 2255 ἐνεχείρισε
1787 2182 1866 2250 τῷ

204 2270 557 2346 πραιποσίτῳ
605 2270 694 2325 καὶ
748 2269 1251 2345 παρακοιμωμένῳ,
1284 2270 1328 2342 ᾧ
1382 2269 1600 2344 βρίγγας
1652 2271 1686 2337 ἡ
1730 2268 1865 2323 ἐπω-

202 2361 401 2433 νυμία.
439 2358 610 2420 Αὐτός
636 2356 692 2413 δὲ
724 2356 878 2413 οὐδὲν
928 2355 1070 2413 ἄλλο
1119 2356 1207 2412 διὰ
1254 2354 1538 2435 φροντίδος
1572 2358 1713 2432 εἶχεν
1736 2355 1770 2425 ἤ
1804 2356 1865 2410 τὸ

207 2452 331 2521 μεθ’
371 2448 753 2523 ἡταιρηκότων
801 2447 888 2501 καὶ
946 2444 1196 2521 βεδήλων
1249 2445 1578 2521 ἆνδραρίων,
1630 2446 1718 2500 καὶ
1765 2466 1864 2519 μα-

202 2536 464 2613 χλοὶδων,
497 2537 584 2591 καὶ
623 2537 827 2610 μίμων,
862 2536 954 2591 καὶ
985 2535 1376 2611 γελωτοποιῶν
1423 2536 1516 2597 τὰς
1550 2532 1866 2609 ἐκδεδιῃτη-

204 2628 378 2700 μένας
444 2625 795 2699 μεταδιώκειν
852 2631 960 2681 τῶν
1030 2625 1295 2697 πράξεων.
1346 2624 1537 2681 Τοίνυν
1605 2626 1695 2678 καὶ
1737 2622 1872 2693 κλη-

202 2714 362 2792 ρικὸν
396 2736 516 2771 τινα
571 2716 819 2784 Ἰωάννην
873 2713 1133 2786 έκτομίαν
1196 2710 1347 2779 ὄντα,
1409 2710 1497 2767 διά
1546 2733 1697 2774 τινας
1752 2713 1867 2766 ἀσέ-

209 2828 387 2880 μνους
421 2805 639 2879 πράξεις
683 2805 784 2859 ὑπὸ
834 2803 1238 2858 Κωνσταντίνου
1282 2807 1378 2857 τοῦ
1417 2803 1683 2877 βασιλέως
1716 2802 1864 2856 ἀπει-

207 2895 475 2967 ληθέντα,
508 2895 597 2948 καὶ
632 2895 926 2969 μοναχικὸν
960 2891 1369 2970 ἀμφιασάμενον
1397 2894 1608 2967 σχῆμα.
1645 2891 1731 2945 καὶ
1777 2895 1866 2963 μέ-

208 3007 312 3063 χρι
349 2992 450 3053 τῆς
511 2982 712 3038 ἐκείνου
769 2982 1143 3056 κρυπτόμενον
1202 2978 1481 3049 τελευτῆς,
1515 2981 1589 3041 ὡς
1629 2977 1735 3049 ἤδη
1772 2978 1869 3033 έπ-

213 3070 452 3130 ελάϐετο
481 3079 580 3142 τῆς
613 3071 814 3147 ἀρχῆς,
841 3075 937 3125 τοῦ
962 3075 1070 3125 τῶν
1109 3074 1366 3144 μοναχῶν
1414 3066 1687 3130 ἀποδύσας
1724 3070 1870 3143 σχή-

216 3185 393 3237 ματος
422 3163 611 3217 καὶτὰ
667 3167 775 3215 τῶν
834 3159 1117 3235 κληρικῶν
1174 3160 1545 3236 μεταμφιάσας
1585 3163 1705 3218 τοῖς
1755 3158 1871 3212 ἑαυ-

210 3258 315 3309 τοῦ
378 3249 800 3324 θαλαμηπόλοις
855 3249 1123 3319 κατέταξε.
1184 3246 1370 3317 Ζήλου
1433 3244 1490 3300 δὲ
1545 3246 1869 3316 πλησθεῖςὸ

212 3340 567 3401 Πολύευκτος
618 3338 792 3402 πολὺς
848 3339 914 3407 ἦν
992 3335 1299 3411 ἐγκείμενος
1375 3335 1463 3389 καὶ
1519 3340 1597 3407 τῷ
1659 3334 1873 3410 βασιλεῖ

1976 2183 2314 2255 misitzipse
2344 2185 2401 2238 in
2438 2184 2612 2239 aliam
2647 2184 2869 2239 nullam
2904 2202 3024 2240 rem
3058 2186 3328 2241 incubuit
3357 2203 3531 2258 quam
3566 2193 3631 2243 ut

1976 2288 2109 2327 cum
2141 2273 2383 2327 exoletis
2407 2290 2472 2328 ac
2520 2273 2770 2344 impuris
2820 2274 3341 2341 homuncionibus,
3392 2278 3625 2347 scortis,

1976 2362 2175 2415 mimis
2198 2366 2372 2431 atque
2393 2379 2492 2416 scu
2504 2363 2819 2432 rris,vitam
2847 2365 3197 2435 transigeret
3217 2365 3628 2421 infamem.Ea-

1975 2455 2214 2522 propter
2250 2450 2533 2505 Joannem
2585 2453 2904 2522 quemdam
2955 2453 3228 2508 clericum
3279 2456 3625 2526 spadonem,

1977 2557 2151 2611 quem
2212 2540 2283 2594 ob
2333 2539 2528 2610 turpia
2577 2541 2846 2610 quaedam
2897 2541 3156 2597 facinora
3205 2544 3631 2599 Constantinus

1976 2630 2297 2700 imperator
2330 2629 2697 2700 proturbaret
2754 2635 2811 2685 et
2867 2631 3224 2686 monachum
3284 2633 3517 2699 fecerat,
3577 2638 3632 2689 et

1978 2718 2077 2789 qui
2109 2735 2297 2787 usque
2328 2719 2398 2773 ad
2428 2719 2555 2788 ejus
2585 2723 2833 2774 mortem
2868 2720 3105 2775 abditus
3135 2720 3409 2792 latuerat,
3440 2722 3629 2794 impe-

1978 2808 2063 2861 rio
2095 2807 2317 2877 potitus
2363 2806 2632 2861 monachi
2684 2807 2891 2862 habitu
2942 2809 3118 2878 exuit,
3170 2809 3478 2880 clericique
3506 2812 3634 2865 red-

1979 2893 2101 2948 dito
2135 2894 2349 2948 amictu
2382 2894 2534 2949 inter
2565 2910 2703 2948 suos
2735 2895 2955 2965 recepit
2983 2894 3399 2951 cubicularios.
3434 2901 3509 2950 At
3535 2896 3635 2951 Po-

1977 2981 2266 3053 lyeuctus,
2293 2983 2459 3051 justa
2491 2982 2894 3053 indignatione
2925 2985 3213 3053 concitus,
3262 2984 3636 3039 vehementer

1976 3071 2389 3142 imperatorem
2426 3073 2763 3141 urgebat,ut
2792 3089 2899 3127 sua
2929 3072 3152 3128 familia
3182 3074 3416 3143 ejiceret
3444 3074 3635 3128 homi-

1980 3176 2111 3214 nem
2147 3159 2242 3228 qui
2270 3165 2469 3213 votum
2502 3161 2895 3215 monasticum
2928 3163 3234 3230 ejurasset.
3266 3163 3484 3217 Tamen
3517 3162 3634 3216 im-

1982 3253 2242 3319 peratore
2311 3253 2645 3312 excusante,
2697 3250 2852 3319 quod
2922 3259 3159 3322 negaret
3226 3268 3357 3306 eum
3431 3267 3636 3306 revera

1982 3336 2252 3391 monachi
2284 3337 2646 3391 conditiones
2678 3337 3010 3408 amplexum
3046 3344 3145 3393 aut
3173 3339 3258 3393 illi
3290 3340 3484 3411 generi
3509 3339 3638 3395 vitae

210 3428 583 3505 παρενοχλῶν
640 3435 741 3497 τῆς
810 3428 999 3481 ἑαυτοῦ
1055 3424 1336 3501 θεραπείας
1391 3428 1582 3478 τοῦτον
1642 3425 1867 3478 ἀπώσα-

2040 3443 2054 3478 )
2104 3425 2222 3479 ullo
2275 3426 2573 3479 sacerdote
2618 3425 2769 3480 votis
2817 3432 3224 3481 consecratum
3276 3428 3479 3497 fuisse,
3533 3428 3635 3483 sed

209 3533 336 3585 σθαι
398 3519 473 3580 ὡς
530 3516 922 3588 ἐξομοσάμενον
998 3515 1061 3568 τὸ
1120 3519 1228 3569 τῶν
1310 3512 1650 3587 μοναζόντων
1704 3512 1867 3585 ἐπάγ-

204 3610 415 3684 γελμα.
477 3606 713 3663 Έκείνου
747 3602 804 3659 δὲ
845 3603 1305 3678 παραιτουμένου,
1356 3603 1445 3655 καὶ
1481 3603 1555 3674 μή
1588 3607 1706 3661 ταῖς
1737 3601 1872 3670 ἀλη-

207 3700 388 3762 Θείαις
418 3695 719 3773 φάσκοντος
775 3691 1085 3754 ἐνδεδύσθαι
1136 3695 1326 3745 τοῦτον
1381 3691 1442 3744 τὸ
1496 3688 1754 3766 σχῆμαῆ
1787 3689 1869 3743 εύ-

207 3789 323 3862 χήν
358 3784 507 3860 παρά
546 3805 695 3845 τινος
750 3787 856 3836 τῶν
915 3780 1103 3855 ἱερέων
1166 3774 1350 3835 λαϐεῖν
1397 3782 1498 3852 (3),
1528 3778 1672 3834 ἀλλὰ
1708 3779 1871 3850 μόνον

212 3856 611 3949 ύποκρίνασθαι
640 3871 731 3926 τὸν
789 3866 995 3944 μονάδα
1059 3868 1173 3943 βίον
1230 3866 1318 3923 διὰ
1346 3868 1437 3922 τὸν
1479 3872 1573 3922 τοῦ
1610 3867 1875 3943 βασιλέως

213 3959 418 4039 φόϐον,
499 3960 851 4031 ἐξαπατηθεὶς
937 3958 965 4011 ὁ
1050 3955 1390 4017 Πολύευκτος
1464 3957 1638 4032 ἀφῆκε
1685 3960 1874 4009 τοῦτον

1981 3517 2212 3568 tantum
2246 3513 2360 3567 ista
2392 3517 2550 3567 metu
2580 3513 2954 3584 imperatoris
2982 3515 3319 3582 simulasse,
3354 3516 3638 3587 deceptus

1981 3619 2112 3657 eum
2148 3604 2394 3656 missum
2449 3601 2604 3668 fecit,
2654 3603 2906 3674 Josepho
2957 3604 3131 3659 etiam
3186 3604 3527 3675 diligentem
3580 3605 3639 3659 in

1982 3692 2091 3745 hac
2123 3708 2181 3745 re
2215 3696 2460 3746 navante
2492 3708 2751 3762 operam.
2787 3692 2871 3747 Ita
2900 3693 3156 3749 Joannes
3186 3693 3285 3749 ille
3329 3710 3516 3765 usque
3568 3698 3635 3749 ad

1985 3788 2234 3834 mortem
2285 3780 2531 3834 Romani
2575 3780 2876 3849 profanam
2929 3798 3075 3837 novo
3130 3782 3402 3837 instituto
3456 3784 3639 3838 vitam

1987 3870 2170 3939 exegit
2206 3884 2219 3921 :
2254 3874 2487 3922 mortuo
2520 3884 2607 3934 eo,
2641 3886 2847 3923 rursus
2879 3872 3205 3925 monastico
3254 3870 3484 3925 velatus
3537 3871 3639 3926 ha-

1987 3958 2137 4023 bitu,
2162 3957 2427 4011 animum
2458 3961 2653 4011 tamen
2687 3974 2801 4012 non
2836 3960 3099 4014 mutavit.

213 4051 414 4109 πολλᾶ
441 4049 532 4105 καὶ
582 4053 679 4103 τοῦ
730 4048 933 4123 Ἰωσὴφ
976 4043 1399 4106 σπουδάσαννος.
1452 4045 1555 4101 Καὶ
1607 4041 1765 4119 διῆγε
1826 4064 1991 4119 μεχρι
2048 4050 2147 4113 τῆς
2205 4043 2463 4113 τελευτῆς
2510 4045 2790 4116 Ῥωμανοῦ
2838 4050 3119 4116 κοσμικῶς
3184 4050 3285 4115 ζῶν
3345 4047 3434 4100 καὶ
3501 4066 3641 4100 νεω-

212 4144 453 4217 τερικῶς
486 4158 501 4171 ·
534 4137 738 4193 ἐκείνου
794 4134 851 4191 δὲ
906 4133 1331 4206 τελευτήσαντος
1388 4135 1449 4189 τὸ
1511 4134 1606 4206 μὶν
1665 4140 1860 4208 σχῆμα
1923 4138 2030 4188 τῶν
2110 4136 2389 4206 μοναστῶν
2471 4131 2822 4207 ἀμφιέννυται
2880 4132 3051 4203 αὖθις,
3106 4137 3206 4204 τήν
3268 4132 3326 4190 δέ
3382 4157 3441 4211 γε
3495 4135 3640 4209 γνώ.

218 4253 333 4304 μην
364 4228 532 4283 αὐτοῦ
565 4227 664 4281 οὐκ
691 4223 992 4294 ἠλλοίωσε.

287 4318 483 4389 Τούτῳ
513 4321 593 4388 τῷ
631 4311 736 4369 ἔτει
787 4312 1102 4389 Νικηφόρον
1166 4312 1454 4386 μάγιστρον
1507 4310 1597 4365 τὸν
1655 4314 1872 4379 Φωκᾶν,

212 4408 543 4481 δομίστικον
618 4401 726 4472 ἤδη
786 4396 1241 4473 προϐεϐλημένον
1329 4404 1433 4454 τῶν
1504 4398 1725 4474 σχολῶν
1776 4407 1875 4469 τῆς

213 4495 529 4562 ’Λνατολῆς
589 4492 735 4565 παρὰ
790 4489 1206 4546 Κωνσταντίνου
1283 4494 1378 4544 τοῦ
1440 4488 1728 4563 βασιλέως,
1788 4488 1877 4542 καὶ

211 4584 415 4641 πολλὰ
469 4581 704 4656 τρόπαια
761 4581 1029 4649 στήσαντα
1090 4578 1224 4633 κατὰ
1281 4583 1388 4632 τῶν
1433 4578 1581 4650 ἑῴων
1626 4583 1874 4652 Σαρακη-

213 4682 350 4742 νῶν,
385 4671 597 4727 καὶτὸν
656 4690 715 4723 τε
768 4671 866 4737 τῆς
924 4670 1137 4742 Ταρσοῦ
1192 4667 1407 4740 ἀμηρᾶν
1435 4667 1759 4740 Καραμόνην
1788 4667 1877 4720 καὶ

2058 4313 2212 4367 340
2245 4312 2361 4367 Hoc
2392 4328 2544 4366 anno
2577 4312 2966 4381 Nicephorum
2999 4315 3253 4371 Phocam
3288 4316 3643 4387 magistrum

1987 4406 2044 4457 et
2075 4400 2411 4457 scholarum
2443 4400 2825 4456 Orientalium
2859 4404 3249 4459 domesticum
3284 4422 3315 4459 a
3354 4407 3643 4461 Constan-

1978 4492 2109 4545 tino
2142 4491 2495 4562 imperatore
2526 4496 2806 4555 creatum,
2840 4492 2941 4562 qui
2987 4494 3057 4548 de
3111 4493 3495 4550 orientalibus
3544 4498 3650 4547 Sa-

1988 4580 2216 4635 racenis
2240 4580 2423 4634 multa
2450 4584 2737 4635 statuerat
2756 4583 3649 4661 tropma,etTarsiCaramonem’

1990 4669 2370 4723 Chabdanem
2451 4667 2708 4738 Chalepi,
2773 4670 3033 4726 lzethum
3090 4671 3344 4743 Tripolis
3420 4687 3652 4726 ameras

220 4760 452 4822 Χαὸδᾶν
491 4761 580 4815 τὸν
612 4764 707 4815 τοῦ
736 4756 925 4815 Χάλεπ
966 4758 1055 4813 καὶ
1089 4759 1177 4812 τὸν
1222 4756 1538 4832 Τριπολεῶς
1586 4759 1730 4826 Ἰζὴθ
1764 4756 1881 4812 ὀλο-

2040 4775 2239 4813 rorsus
2317 4762 2778 4828 compescuerat,
2839 4759 3160 4830 imperator
3235 4775 3365 4814 cum
3426 4758 3651 4814 delecto

218 4856 449 4930 σχέρῶς
528 4848 950 4914 ταπεινώσαντα,
1037 4846 1240 4921 πέμπει
1328 4847 1463 4901 κατὰ
1544 4851 1653 4901 τῶν
1715 4845 1766 4900 ἐν
1815 4849 1883 4919 τῇ

222 4944 423 5020 Κρήτῃ
488 4942 840 5013 Σαρακηνῶν,
896 4934 1112 5005 πλῆθος
1188 4934 1484 4991 ἑπικλέτων
1541 4940 1882 5011 στρατιωτῶν

219 5029 455 5091 ἐπιδοὺς
506 5026 652 5098 αἱ)τῷ
709 5025 798 5080 καὶ
884 5025 1078 5081 στόλον
1174 5026 1605 5101 κατηρτισμένον
1676 5023 1881 5086 καλῶς.

220 5126 314 5197 [Ρ.
354 5120 480 5187 643]
516 5119 602 5173 Ἐν
633 5114 700 5189 τῇ
743 5116 895 5186 νήσῳ
928 5111 973 5168 δ’
1027 5114 1182 5176 οὗτος
1244 5113 1584 5190 περαιωθεὶς,
1634 5114 1889 5168 καὶκατὰ

215 5213 330 5279 τὴν
393 5208 618 5277 πρώτην
675 5198 944 5257 ἀποϐασιν
999 5207 1229 5277 παροῢσι
1288 5203 1377 5257 καὶ
1429 5202 1705 5257 κωλύουσι
1752 5224 1887 5273 συμ-

218 5296 461 5357 πλακεὶς
516 5298 633 5354 τοῖς
692 5291 1025 5367 Ἀγαρηνοῖς
1099 5291 1189 5347 καὶ
1246 5290 1473 5354 τούτους
1530 5291 1885 5366 τρεψάμενος,

1995 4847 2250 4902 militum
2284 4847 2541 4902 exercitu
2574 4851 2629 4901 et
2661 4848 2837 4917 probe
2886 4849 3168 4902 adornata
3216 4849 3402 4903 classe
3451 4854 3653 4904 contra

1995 4937 2303 4991 Cretenses
2334 4939 2653 4991 Saracenos
2684 4936 3179 5001 emittit.Phocas,
3204 4935 3393 4991 classe
3423 4937 3483 4990 in
3514 4941 3649 4992 Cre-

1995 5029 2114 5079 tam
2146 5025 2413 5094 trajecta,
2445 5041 2574 5079 cum
2606 5025 2861 5095 primum
2895 5024 3140 5080 navibus
3168 5042 3306 5081 suos
3359 5026 3629 5081 educeret

1994 5119 2295 5183 Agarenos
2326 5113 2633 5185 prohibere
2661 5129 2968 5184 aggressos
2992 5114 3194 5185 proelio
3217 5115 3497 5182 fundit;et
3514 5130 3649 5170 cum

1997 5204 2127 5275 ipse
2156 5208 2281 5258 tuto
2314 5202 2571 5258 insulam
2603 5202 3048 5273 egreditur,tum
3082 5219 3222 5259 suos
3252 5204 3474 5270 absque
3505 5204 3654 5275 peri-

2002 5292 2135 5347 culo
2170 5293 2230 5348 in
2258 5310 2385 5349 eam
2419 5296 2703 5363 exportat.
2735 5292 2877 5347 Inde
2928 5293 3135 5349 castris
3180 5294 3412 5367 positis,
3463 5292 3657 5365 iisque

1426 5464 1802 5521 XYLANDRI
1842 5465 1931 5519 ET
1971 5465 2193 5521 GOARI
2233 5464 2467 5519 ΝΟΤἉΕ.

305 5622 387 5696 (3)
406 5619 587 5696 Manu
613 5612 932 5696 sacerdotis
943 5609 1129 5696 longa
1151 5627 1387 5678 precum
1417 5609 1897 5696 s‘e'rie‘prsemui‘ssa

231 5681 670 5754 consecrantur
728 5685 880 5756 apud
941 5682 1169 5738 Grarcos
1220 5681 1512 5749 monachi,
1564 5682 1634 5736 de
1683 5681 1897 5752 quibus

562 5817 828 5877 ΡΑτιιοῙ..
876 5814 987 5874 Gn.
1038 5812 1276 5875 CXXII.

2006 5606 2660 5679 Euchologium.Preces
2692 5606 2805 5663 illaa-
2837 5610 3156 5667 solemnem
3176 5613 3430 5668 reddunt
3451 5627 3657 5666 mona-

2009 5680 2251 5736 chorum
2278 5678 2728 5751 iprolessionem.
2763 5681 3086 5741 Balsamon.
3123 5691 3304 5743 Gom.

3296 5812 3332 5868 3
