3922 6132
231 302 313 363 ’15
1578 296 1896 363 GEORGII
1940 294 2281 361 CEDRENI
3570 301 3655 360 76

230 433 350 491 alta
376 433 555 503 fossa,
587 431 736 489 vallo
768 447 835 489 ac
864 429 1013 504 palis
1046 429 1250 487 defixis
1281 430 1859 497 communitis,navea

2042 428 2153 492 Βτός
2179 450 2237 484 τε
2269 428 2526 506 ἀσφαλῶς
2578 425 2781 504 ἀπέϐη,
2812 430 2904 487 καὶ
2961 430 3053 487 τὸν
3103 432 3331 509 στρατὸν
3367 426 3652 488 ἀπεϐίϐα-

226 523 547 580 tutissimis
573 522 633 577 in
663 520 1022 576 stationibus
1051 521 1378 585 continens,
1400 520 1674 576 omnibus
1701 520 1879 592 probe

228 612 586 681 constitutis,
648 610 852 665 insulae
911 610 1088 665 urbes
1144 610 1305 664 omni
1355 610 1412 663 vi
1460 615 1781 680 oppugnat,
1815 625 1881 665 ac

226 704 450 776 septem
487 700 745 770 integros
777 716 881 772 per
910 715 1138 754 menses
1169 699 1442 754 omnibus
1470 698 1760 753 machinis
1809 699 1877 753 ad

223 807 353 847 eam
386 806 511 845 rem
542 789 897 844 facientibus
929 806 1073 843 usus
1106 804 1308 843 muros
1339 787 1884 859 prosternit,urbes-

222 896 332 949 que
362 882 420 934 et
448 877 689 934 castella
716 878 770 933 vi
803 877 978 948 capit.
1007 876 1268 947 Septima
1298 876 1390 932 die
1420 876 1611 932 Martii
1641 876 1878 945 mensis,

221 967 539 1024 indictione
560 967 787 1023 decima
806 966 1406 1037 quarta,Cbandacem
1425 966 1497 1020 ab
1519 965 1882 1021 insularibus

220 1056 774 1123 vocatam,omnium
805 1058 985 1110 Cretae
1017 1054 1251 1109 urbium
1287 1053 1879 1120 munitissimam,ex-

220 1148 479 1218 pugnat;
525 1146 817 1217 Curupem
867 1142 1074 1199 insulae
1129 1159 1414 1211 emeram,
1464 1147 1521 1198 et
1573 1146 1877 1214 Anemam,

219 1238 390 1306 cujus
422 1234 751 1311 secundum
795 1234 1089 1304 Curupam
1141 1248 1376 1288 summa
1424 1236 1547 1287 erat
1600 1235 1875 1303 potestas,

213 1324 377 1379 vivos
430 1323 491 1377 in
550 1338 717 1377 suam
770 1324 1122 1393 potestatem
1181 1320 1429 1392 redigit;
1488 1324 1727 1391 totaque
1749 1320 1873 1391 jam

215 1413 461 1468 subacta
489 1410 846 1481 insula,ejus
877 1410 1299 1464 constituendae
1332 1426 1510 1465 causa
1542 1408 1733 1464 adhuc
1768 1408 1875 1463 ali—

216 1502 357 1573 quid
391 1500 671 1573 temporis
703 1501 850 1555 341
890 1499 972 1553 ibi
1013 1498 1239 1569 exigere
1288 1497 1518 1553 statuit.
1563 1496 1874 1553 Enimvero

214 1591 551 1646 obtinuerat
580 1589 738 1644 fama
767 1604 901 1643 eum
931 1588 1260 1643 Romanum
1288 1587 1478 1642 virum
1513 1587 1614 1658 qui
1644 1587 1870 1642 Cretam

214 1683 372 1735 esset
400 1682 698 1749 capturus,
726 1676 1057 1734 necessario
1089 1677 1263 1731 etiam
1310 1676 1558 1747 imperio
1608 1680 1870 1731 Romano

214 1769 559 1840 potiturum.
625 1770 827 1838 Itaque
876 1766 1052 1821 simul
1104 1770 1281 1837 atque
1327 1764 1731 1820 renuntiatum
1786 1771 1944 1868 estB

215 1858 445 1913 Cretam
492 1872 623 1914 esse
681 1860 934 1929 captam,
991 1856 1290 1911 Romanus
1337 1853 1576 1926 Josephi
1626 1853 1861 1909 hortatu

218 1947 403 2003 mittit
455 1945 556 2019 qui
613 1945 751 2001 inde
806 1944 1199 2016 Nicephorum
1260 1947 1517 2001 avocent.
1568 1943 1774 2000 Adhuc
1805 1943 1863 1998 in

218 2040 385 2107 Creta
413 2050 479 2091 eo
510 2042 740 2107 agente,
788 2051 860 2090 ne
908 2035 1127 2091 Arabes
1176 2032 1486 2089 orientales
1536 2032 1862 2088 Romanam

214 2104 497 2181 ditionem
528 2104 1266 2195 infestarent,Chabdanus
1298 2123 1588 2194 praecipue
1629 2121 1863 2194 Cbalepi

214 2230 466 2277 emeras.
490 2213 578 2268 vir
609 2212 922 2269 bellicosus
952 2218 1007 2268 et
1035 2212 1279 2285 reliquis
1312 2213 1628 2281 strenuior,
1649 2215 1864 2267 Roma-

212 2320 324 2359 nus
354 2303 603 2359 Leonem
634 2302 888 2359 Phocam
922 2301 1233 2374 Nicephori
1262 2302 1498 2359 fratrem
1541 2300 1864 2373 magisterii

210 2393 430 2448 honore
460 2395 733 2448 ornatum
755 2408 821 2447 eo
844 2392 1023 2448 mittit
1044 2408 1110 2445 ac
1132 2390 1437 2446 domestici
1465 2407 1684 2445 munus
1707 2390 1867 2445 obire

198 2482 396 2554 'jubet.
424 2482 500 2551 Is,
529 2484 595 2535 ut
623 2481 684 2536 in
716 2481 1076 2552 provinciam
1107 2480 1285 2547 venit,
1319 2480 1634 2535 Cbabdano
1666 2497 1866 2534 occur-

212 2571 287 2625 rit
312 2570 385 2626 ad
416 2569 610 2625 locum
640 2569 732 2625 cui
767 2570 1024 2625 Adrasso
1074 2585 1309 2636 nomen,
1363 2567 1683 2640 prcelioque
1728 2585 1864 2624 con-

214 2676 453 2732 gressus
483 2659 665 2716 vincit
695 2675 761 2715 ac
793 2659 1005 2715 fundit.
1038 2659 1117 2714 Eo
1149 2658 1207 2712 in
1240 2657 1439 2729 proelio
1470 2660 1863 2729 Agarenorum

212 2748 666 2804 innumerabilis
696 2748 907 2803 cecidit
936 2747 1507 2817 multitudo;reliqui
1534 2747 1690 2818 capti
1721 2747 1865 2818 Cpo-

216 2837 296 2891 lin
324 2841 468 2892 sunt
498 2837 687 2904 missi,
730 2840 893 2891 tanta
924 2836 1092 2908 copia
1131 2840 1198 2890 ut
1246 2836 1430 2891 servis
1453 2837 1665 2891 domus
1696 2838 1868 2892 urba-

216 2944 302 2982 na:
330 2930 388 2981 et
419 2925 538 2997 agri
570 2925 788 2981 fuerint
816 2925 1041 2997 repleti.
1064 2924 1468 2980 Chalcedanus
1499 2942 1630 2980 cum
1667 2926 1867 2998 paucis

215 3015 532 3071 admodum
564 3030 809 3070 suorum
844 3014 980 3086 fuga
1010 3013 1246 3086 elapsus
1289 3014 1531 3070 domum
1581 3016 1865 3086 pervenit.

211 3105 465 3161 Leonem
495 3105 557 3159 in
589 3104 794 3159 urbem
819 3120 1117 3161 reversum
1149 3103 1466 3174 imperator
1491 3104 1736 3159 comiter
1766 3106 1865 3160 ad-

1991 514 2086 574 sev
2140 515 2458 580 ἀκινδύνως.
2517 521 2742 595 Χάρακά
2801 541 2862 575 τε
2933 518 3022 575 οὖν
3084 520 3316 592 ἐπήξατο
3372 522 3663 598 καρτερὸν,

1989 607 2179 685 τάφρῳ
2247 608 2453 679 βαθείᾳ,
2509 608 2599 662 καὶ
2658 607 3031 683 σταυρώμασι,
3087 607 3175 664 καῖ
3228 609 3529 673 πασσάλοις
3564 611 3648 685 (4)

1989 702 2179 751 τοῦτον
2211 697 2624 772 κατοχυρώσας,
2674 698 2764 752 καὶ
2820 699 2911 752 τὸν
2961 694 3154 752 στόλον
3206 698 3257 753 ἰν
3316 700 3513 774 ὅρμοις
3544 721 3654 775 γα-

1994 784 2316 857 ληνοτάτοις
2347 786 2600 863 ὁρμίσας,
2655 786 2744 841 καὶ
2786 787 2957 842 πάντα
2995 788 3470 864 καταστησάμενος
3502 790 3647 844 κατᾶ

1991 876 2051 929 τὸ
2083 873 2342 951 ἀσφαλὲς,
2377 873 2604 949 ἐνεργῶς
2659 880 2862 944 ἥπτετο
2918 883 3019 945 τῆς
3072 874 3397 951 πολιορκίας
3442 882 3549 933 τῶν
3584 879 3638 933 ἐν

1989 968 2057 1038 τῇ
2088 966 2240 1036 νήσῳ
2270 961 2510 1033 πόλεων,
2561 965 2651 1019 καὶ
2706 961 2775 1019 δι’
2822 964 2967 1020 ὅλων
3026 967 3065 1034 ζ’
3096 971 3283 1038 μηνῶν
3309 966 3505 1031 πάσαις
3538 990 3649 1040 μη-

1990 1059 2182 1129 χαναῖς
2224 1051 2672 1129 πολιορκητικῶν
2723 1054 2967 1129 ὀργάνων
3030 1056 3406 1129 χρησάμενος,
3436 1058 3522 1112 καὶ
3577 1058 3653 1112 τὰ

1986 1144 2151 1218 τείχη
2190 1142 2569 1221 καταστρέφων
2624 1145 2720 1205 τάς
2775 1164 2833 1198 τε
2884 1142 3075 1206 πόλεις
3142 1143 3233 1199 καὶ
3289 1145 3357 1200 τὰ
3412 1146 3653 1224 φρούρια

1987 1229 2344 1306 ἐχειρώσατο.
2404 1234 2487 1305 Τῇ
2551 1232 2591 1300 ζ’
2645 1229 2702 1288 δὶ
2758 1237 2854 1287 τοῦ
2902 1232 3146 1309 Μαρτίου
3199 1234 3395 1307 μηνὸς,
3438 1242 3537 1305 τῆς
3572 1232 3649 1291 ιδ’

1989 1318 2471 1389 ἶνδικτιῶνος,καὶ
2526 1321 2627 1389 τὴν
2686 1326 2871 1376 πασῶν
2935 1321 3285 1398 ἀχυρωτέραν
3340 1322 3525 1392 πόλιν,
3566 1322 3639 1393 ἤν

1988 1408 2280 1484 ἐγχωρίως
2334 1407 2585 1464 Χάνδακα
2648 1408 2898 1478 ἐκάλουν,
2958 1410 3346 1485 πεπορθηκὼς,
3398 1412 3487 1468 καὶ
3543 1414 3642 1469 τὸν

1985 1498 2332 1575 ἀμηρεύοντα
2406 1505 2506 1568 τῆς
2563 1500 2729 1570 νήσου
2805 1499 3125 1575 Κουρούπην
3205 1498 3379 1571 ὄνομα
3453 1497 3646 1558 λαϐὼν

1982 1588 2345 1663 αἰχμάλωτον
2377 1586 2468 1642 καὶ
2524 1589 2756 1661 Ἀνεμᾶν
2805 1590 2899 1644 τὸν
2955 1590 3070 1663 μετ’
3111 1590 3269 1644 αὐτὸν
3304 1588 3355 1644 έν
3387 1594 3454 1665 τῇ
3487 1593 3647 1664 νήσῳ

1980 1676 2347 1750 πρωτεύοντα,
2409 1675 2499 1730 καὶ
2579 1677 2676 1747 τὴν
2749 1684 2910 1747 νῆσον
2990 1677 3126 1749 ὅλην
3191 1675 3644 1753 δουλωσάμενος,

1979 1760 2181 1838 ἔμελλε
2241 1765 2335 1838 μὲν
2388 1763 2474 1819 ἐπὶ
2523 1764 2751 1821 πλείονα
2783 1767 3034 1839 ἐμμεῖναι
3063 1766 3263 1843 χρόνον
3297 1769 3386 1824 καὶ
3418 1768 3483 1823 τὰ
3508 1790 3612 1824 κατ

1978 1853 2145 1923 αὐτὴν
2202 1857 2653 1926 καταστήσεσθαι.
2714 1858 2919 1929 Φήμης
2987 1853 3044 1910 δὲ
3094 1858 3398 1931 κρατούσης
3459 1859 3534 1919 ὡς
3596 1859 3626 1913 6

1980 1941 2204 2016 μέλλωο
2232 1949 2524 2020 κατασχεῖν
2577 1943 2743 2015 αὐτὴν
2790 1946 3071 2018 Ῥωμαῖος
3126 1946 3264 2021 ἀνὴρ
3300 1946 3351 2018 ἰξ
3382 1945 3631 2023 ἀνάγκης

1981 2032 2287 2109 βασιλεύσει
2347 2033 2656 2105 Ῥωμαίων,
2704 2034 2815 2106 ἅμα
2888 2039 2969 2106 τῷ
3028 2036 3339 2109 γνωσθῆναι
3380 2036 3476 2104 τὴν
3526 2042 3636 2105 τῆς

1975 2124 2146 2192 νήσου
2202 2120 2528 2197 κατάσχεσιν
2586 2127 2705 2184 ταῖς
2760 2126 2856 2176 τοῦ
2914 2124 3115 2198 Ἰωσὴφ
3178 2124 3479 2194 ὑποθήκαις
3509 2146 3636 2180 πει-

1977 2210 2120 2275 σθεὶς
2178 2211 2205 2265 ὁ
2285 2211 2567 2285 Ῥωμανὸς
2630 2210 3067 2286 προσεκαλέσατο
3141 2213 3232 2267 τὸν
3312 2212 3630 2291 Νικηφόρον

1976 2300 2203 2364 έκεῖθννε
2264 2302 2384 2356 Ἔτι
2449 2297 2505 2355 δὲ
2554 2303 2651 2355 τοῦ
2700 2299 3015 2378 Νικηφόρου
3078 2304 3146 2375 τῇ
3205 2302 3393 2379 Κρήτῃ
3455 2299 3634 2358 ἐνδια-

1974 2385 2281 2463 τρίϐοντος,
2310 2388 2401 2443 ἵνα
2436 2390 2512 2463 μὴ
2543 2391 2641 2459 τὴν
2676 2390 2811 2462 ἑῴαν
2836 2391 3223 2466 κατατρέχοιεν
3258 2393 3309 2445 οἱ
3338 2398 3435 2461 τῆς
3466 2393 3632 2446 Ἀνα-

1972 2477 2150 2546 τολῆς
2191 2473 2427 2554 ’Ἄραϐες
2456 2478 2545 2533 καὶ
2608 2477 2818 2552 μᾶλλον
2881 2480 2908 2533 ὁ
2965 2474 3179 2536 Χαϐδᾶν
3240 2480 3267 2534 ὁ
3297 2484 3393 2533 τοῦ
3436 2479 3635 2535 Χάλεπ

1976 2569 2219 2643 ἀμηρᾶς,
2250 2566 2553 2641 πολεμικὸς
2584 2565 2656 2622 ὢν
2703 2568 2791 2623 καὶ
2846 2573 2951 2623 τῶν
3004 2567 3189 2624 ἄλλων
3226 2565 3630 2643 δραστηριώτε-

1977 2677 2091 2731 ρος,
2126 2657 2329 2712 Λέοντα
2357 2657 2451 2711 τὸν
2494 2660 2688 2712 Φωκᾶν
2726 2657 2817 2712 τὸν
2868 2662 2965 2712 τοῦ
3018 2657 3333 2735 Νικηφόρου
3386 2654 3627 2735 ἀδελφὸν

1982 2746 2275 2822 μάγιστρον
2308 2747 2546 2817 τιμήσας
2595 2746 2622 2801 ὁ
2669 2747 2949 2819 Ῥωμανὸς
3003 2749 3102 2817 τὴν
3158 2750 3254 2801 τοῦ
3298 2744 3629 2820 δομεστίκου

1978 2831 2253 2889 διακονίαν
2307 2831 2507 2889 διέπειν
2571 2834 2900 2894 άπεστειλεν.
2955 2836 3129 2897 Οὗτος
3189 2833 3245 2890 δὶ
3294 2832 3624 2907 διαπεράσας

1976 2924 2065 2977 καὶ
2095 2928 2172 2996 τῷ
2203 2918 2415 2980 Χαϐδᾶν
2460 2927 2787 2995 συναντήσας
2817 2921 2868 2979 ἔν
2925 2946 3029 2979 τινι
3084 2924 3277 2999 χωρίῳ
3310 2921 3627 2999 Ἀνδρασσῷ

1977 3013 2261 3089 λεγομένῳ
2308 3011 2558 3086 τρέπεται
2608 3014 2799 3069 τοῦτον
2857 3015 2992 3069 κατά
3047 3014 3242 3090 κράτος
3290 3012 3379 3069 καί
3436 3014 3632 3092 ἀφανι-

1979 3108 2103 3176 σμῷ
2132 3100 2470 3179 παραδίδωσι
2504 3122 2515 3134 ·
2547 3107 2653 3158 τῶν
2691 3104 2785 3176 μὲν
2839 3102 2889 3158 έν
2921 3106 2989 3178 τῇ
3029 3097 3315 3176 πόοσϐολῇ
3349 3101 3628 3157 πεσόντων

210 3193 453 3249 modum
479 3192 914 3264 honoriﬁceque
943 3192 1615 3264 excepit,triumphoque
1643 3198 1700 3248 et
1725 3211 1859 3265 prae-

2042 3190 2096 3246 δ’
2153 3176 2373 3265 ἀριθμῷ
2427 3188 2916 3263 καθυποϐληθῆναι
2967 3176 3289 3265 δυναμένων
3323 3211 3334 3223 ’
3401 3195 3506 3247 τῶν
3571 3189 3635 3247 δὲ

210 3282 348 3339 miis
378 3282 576 3354 dignis
597 3285 1012 3338 remuneratus
1036 3281 1443 3337 est.Honorem
1469 3282 1641 3338 etiam
1666 3283 1872 3338 habuit

212 3371 455 3444 reliquis
488 3371 1044 3443 omnibus,quorum
1077 3388 1142 3426 eo
1165 3370 1320 3428 bello
1342 3376 1608 3444 spectata
1629 3372 1741 3428 fuit
1765 3372 1874 3428 vir-

210 3465 331 3529 tus,
363 3477 580 3533 eosque
609 3460 796 3516 evexit
834 3478 848 3516 :

1982 3281 2224 3338 ἁλόντων
2262 3282 2350 3335 καὶ
2398 3280 2564 3355 έν-τῇ
2624 3280 2782 3336 πόλει
2837 3280 3189 3359 πεμφθέντων
3239 3284 3495 3335 τοσοῦτον
3558 3282 3631 3350 ἠν

1980 3373 2041 3426 τὸ
2072 3369 2288 3441 πλῆθος
2320 3370 2394 3433 ὡς
2425 3369 2716 3446 πληρῶσαι
2768 3367 2978 3426 δούλων
3018 3370 3111 3425 καὶ
3156 3369 3250 3432 τὰς
3299 3370 3516 3431 ἀστικὰς
3554 3369 3640 3424 ol-

1981 3460 2101 3523 κίας
2127 3460 2215 3514 καὶ
2246 3458 2374 3522 τοὺς
2425 3458 2647 3535 ἀγρούς.
2706 3460 2887 3520 Μόνος
2947 3456 3004 3513 δὲ
3062 3460 3088 3514 ὁ
3132 3458 3341 3514 τούτων
3374 3459 3637 3535 ἀρχηγὸς

210 3544 427 3606 Χαϐδᾶν
483 3548 574 3602 σὺν
639 3546 852 3623 ὀλίγοις
911 3546 1030 3602 λίαν
1096 3547 1188 3603 τὸν
1243 3545 1487 3602 κίνδυνοι
1549 3544 1767 3621 διαδρὰς
1821 3549 1895 3611 εἰς
1948 3551 2016 3605 τὰ
2056 3548 2231 3604 οἰκεῖα
2277 3545 2386 3619 ἤθη
2447 3548 2801 3621 ἀνεκομίσθη.
2833 3547 3164 3612 Εἰσελθόντα
3214 3545 3272 3602 δὲ
3301 3548 3390 3602 τὸν
3415 3548 3625 3603 Λέοντα

218 3636 366 3711 μάλα
410 3635 759 3715 φιλοφρόνως
818 3637 845 3690 ὁ
920 3635 1174 3714 βασιλεὺς
1258 3634 1544 3707 ὑπεδέξατο
1617 3635 1903 3701 ἐπινικίοις
1978 3660 2037 3693 τε
2102 3632 2395 3712 θριάμϐοις
2451 3636 2714 3711 τετίμηκε
2767 3637 2856 3692 καὶ
2904 3640 3073 3712 γερῶν
3133 3640 3238 3690 τῶν
3295 3637 3411 3691 κατ’
3468 3636 3626 3706 ἀξίαν

213 3726 432 3798 ἠξίωσε,
465 3727 725 3801 τιμήσας,
754 3726 843 3782 καὶ
875 3721 1235 3800 προϐιϐάσας,
1267 3727 1356 3782 καὶ
1386 3728 1585 3789 πάντας
1605 3724 1730 3787 τοῦς
1764 3726 1853 3781 σὺν
1882 3729 2031 3800 αὐτῷ
2061 3727 2488 3801 ἀριστεύσαντας.

288 3819 619 3890 Imperante
678 3833 898 3872 annum
957 3819 1284 3873 secundum
1345 3819 1626 3887 Romano,
1689 3816 1861 3872 multi

213 3923 415 3963 eorum
437 3905 536 3978 qui
558 3907 617 3961 in
636 3905 940 3978 republica
958 3911 1125 3962 erant
1147 3906 1336 3977 primo
1352 3906 1859 3976 loco,insidiarum

211 3995 272 4051 in
302 3996 716 4067 imperatorem
748 3995 1031 4068 comperti
1063 3999 1223 4050 sunt.
1256 3995 1537 4068 Princeps
1568 3996 1720 4052 342
1753 4013 1859 4050 au-

211 4089 455 4155 ctorque
476 4083 897 4154 conjurationis
912 4083 1022 4139 fuit
1040 4083 1563 4139 BasiliusVolucris
1579 4084 1861 4156 magister

210 4173 399 4229 socios
423 4172 645 4228 habens
668 4188 735 4227 ex
756 4171 1089 4228 illustribus
1111 4173 1419 4243 patricium
1447 4172 1846 4241 Paschalium,

207 4261 519 4334 patricium
550 4261 799 4316 Bardam
834 4261 990 4317 bibis
1020 4261 1233 4330 ﬁlium,
1265 4267 1321 4318 et
1350 4261 1655 4317 Nicolaum
1688 4262 1857 4318 Cbal-

206 4349 507 4407 cutzam.li
540 4354 1013 4422 statuerant,quo
1045 4350 1138 4405 die
1169 4350 1291 4405 ludi
1313 4355 1610 4419 equestres
1632 4351 1856 4419 ﬁerent,

2042 3820 2133 3888 Τῷ
2166 3813 2222 3870 δὲ
2255 3813 2487 3892 δευτέρῳ
2528 3810 2632 3869 ἔτει
2681 3821 2781 3886 τῆς
2831 3811 3106 3890 βαςιλείας
3150 3814 3436 3889 Ῥωμανοῦ
3479 3812 3630 3869 πολ-

1970 3902 2061 3959 λοὶ
2114 3910 2221 3959 τῶν
2287 3902 2729 3978 πολιτευομένων
2803 3901 3047 3959 ἑάλωσαν
3109 3898 3631 3968 ἐπιϐεϐουλευκότες

1970 3995 2129 4067 αύεῷ.
2195 3996 2362 4070 Εἶχον
2422 3991 2479 4048 δὲ
2544 3993 2634 4048 καὶ
2710 3992 3063 4069 πρωτουργὸν
3138 3992 3228 4047 καὶ
3286 3992 3630 4067 πρωταίτιον

1968 4083 2255 4142 Βασίλειον
2320 4085 2612 4159 μάγιστρον
2684 4083 2774 4137 τὸν
2856 4081 3154 4158 λεγόμενον
3229 4080 3475 4136 Πετιινὸν
3533 4083 3629 4137 καὶ

1965 4194 2111 4235 τινας
2143 4171 2346 4235 ἄλλους
2401 4177 2508 4227 τῶν
2571 4171 2880 4245 ἐπισήμων,
2930 4174 3036 4225 τῶν
3084 4170 3368 4246 πατρίκιον
3403 4172 3635 4247 ΙΙασχά-

1969 4259 2112 4334 λιον,
2144 4263 2233 4318 τὸν
2268 4261 2548 4334 πατρίκιον
2598 4259 2803 4335 Βάρδαν
2857 4261 2947 4315 τὸν
3010 4264 3107 4315 τοῦ
3150 4255 3337 4329 Αιϐὸς,
3388 4261 3477 4314 καὶ
3512 4265 3629 4315 Νι-

1968 4349 2168 4406 λόλαον
2199 4352 2292 4406 τὸν
2344 4348 2696 4419 Χαλκούτζην
2734 4368 2747 4381 ·
2798 4352 2946 4421 [644]
2992 4346 3185 4410 οἷ’τινες
3231 4343 3627 4403 ἐϐουλεύσαντο

205 4439 615 4512 imperatorem
664 4455 697 4494 a
741 4437 955 4510 palatio
1006 4440 1457 4495 descendentem
1523 4455 1750 4506 necare,
1797 4440 1854 4494 in

2042 4439 2100 4494 τὰ
2155 4440 2251 4508 τὴν
2314 4438 2521 4514 ἡμέραν
2570 4442 2679 4493 τῶν
2754 4438 2994 4492 ἱππικῶν
3066 4436 3290 4512 ἀγώνιον
3364 4431 3627 4491 κατιόντα

208 4510 352 4584 solio
369 4529 498 4600 eius
528 4528 809 4585 Basilium
825 4527 1107 4584 collocare
1120 4531 1177 4583 et
1198 4528 1607 4599 imperatorem
1632 4528 1859 4599 procla-

2042 4529 2399 4605 ιχειρίσασθαι
2458 4528 2547 4582 τὸν
2609 4524 2858 4602 βασιλέα,
2914 4524 3003 4581 καὶ
3050 4525 3141 4581 τὸν
3195 4525 3481 4583 Βασιλειον
3528 4524 3626 4579 ἐπὶ

209 4635 389 4674 mare.
425 4619 535 4675 Sed
561 4617 835 4690 patefecit
856 4622 1114 4673 Romano
1136 4632 1341 4673 eorum
1390 4618 1731 4673 institutum
1763 4635 1855 4673 so-

209 4708 336 4764 cius
368 4706 820 4780 conspirationis
848 4706 1215 4777 Joannicius,
1241 4706 1477 4762 natione
1509 4707 1859 4762 Saracenus.

209 4798 412 4869 Itaque
434 4801 746 4869 antequam
773 4796 897 4853 dies
930 4796 1173 4851 deﬁnita
1202 4800 1520 4868 appeteret,
1544 4813 1577 4852 a
1604 4796 1860 4869 Josepho

1966 4622 2063 4673 τοῦ
2130 4616 2417 4693 βασιλικοῦ
2474 4614 2785 4680 καθίσαντες
2868 4616 3061 4692 θρόνου
3120 4614 3465 4691 ἀναγορεῦσαι
3515 4609 3625 4670 ϐα-

1968 4706 2143 4762 σιλέα.
2196 4703 2373 4763 Ἀλλὰ
2419 4713 2517 4775 τῆς
2564 4700 2868 4774 ἐπιϐουλῆς
2922 4703 3252 4778 μηνυθείσης
3280 4708 3359 4776 τῷ
3401 4704 3629 4779 βασιλεῖ

1966 4796 2111 4872 παρά
2163 4817 2305 4860 τινος
2372 4800 2480 4850 τῶν
2560 4798 2914 4868 συνωμοτῶν.
2975 4792 3305 4851 Ἰωαννικίου
3349 4792 3621 4864 τοῦνομα,

206 4885 1355 4958 comprehensi,oonvicti,crudeliterque
1375 4885 1717 4956 excruciati,
1737 4885 1859 4941 solo

2089 4888 2228 4962 γένει
2291 4888 2635 4957 Σαρακηνοῦ,
2695 4881 2823 4959 πρὶν
2882 4884 2917 4952 ἢ
2972 4883 3070 4952 τὴν
3124 4882 3312 4958 κυρίαν
3364 4883 3622 4951 ἐνστῆναι

204 4974 420 5031 Basilio
450 4980 783 5048 excepto;ea
814 4976 943 5047 ipsa
975 4974 1250 5030 ludorum
1279 4974 1642 5045 equestrium
1677 4975 1768 5030 die
1799 4976 1855 5030 in

2042 4976 2321 5043 ατηθέντες
2395 4972 2540 5049 παρά
2605 4977 2701 5028 τοῦ
2778 4973 3001 5050 Ἰωσὴφ,
3076 4972 3165 5027 καὶ
3240 4968 3621 5048 έλεγχθέντες,

203 5066 508 5139 triumpho
538 5066 699 5123 ducti
732 5071 871 5123 sunt
900 5068 957 5121 et
984 5064 1500 5137 relegati,rasoque
1521 5065 1709 5138 capite
1738 5082 1860 5120 mo-

1966 5065 2055 5118 καὶ
2132 5064 2356 5132 ἀπηνῶς
2445 5062 2776 5127 αἰκισθέντες
2854 5063 2978 5116 ἄνευ
3054 5060 3223 5136 μόνου
3294 5065 3389 5115 τοῦ
3450 5063 3631 5117 Bact-

1393 5259 1766 5317 XYLANDRI
1810 5261 1896 5316 ET
1935 5260 2155 5317 GOARI
2194 5260 2425 5317 NOTAE.

278 5418 355 5489 (4)
387 5414 541 5489 Palis
570 5411 941 5489 nimirumin
964 5416 1180 5489 terram
1205 5412 1418 5489 fixis,e_t
1447 5412 1624 5468 clavis
1646 5410 1858 5483 ligneis

209 5483 293 5546 ad'
314 5483 559 5543 invicem
586 5484 1208 5559 tenacissimejunctis
1230 5483 1572 5559 :aratpmpa
1606 5500 1858 5559 namque

208 5561 369 5634 potius
418 5563 525 5615 est.
583 5557 972 5634 Hesychius:
1028 5556 1261 5634 ξταυροξ
1313 5557 1364 5634 οἱ
1413 5556 1854 5634 καταπεπηγότες

210 5625 504 5703 σκόλοπες,
544 5625 802 5705 χάρακες,
852 5625 940 5684 καί
986 5625 1273 5683 πάνσα’τὰ
1320 5628 1525 5683 ἑστῶτα
1563 5625 1725 5700 ξύλα,
1752 5627 1857 5683 ἀπὸ

1967 5411 2303 5501 κοῦἱέστάναι
2360 5409 2439 5501 ﬁn
2458 5410 2516 5467 ἐκ
2565 5412 2660 5501 τοῐξ
2699 5408 2922 5501 {sic}?
2975 5407 3457 5501 aﬁpal'io‘tgcea‘t.
3501 5409 3640 5466 Eu-

1968 5485 2222 5541 stathius
2259 5505 2271 5541 :
2308 5481 2586 5544 Σκόλοπες
2630 5480 2763 5554 ὀρθὰ
2792 5480 2926 5554 ξύλα
2973 5480 3062 5536 καὶ
3105 5481 3247 5554 ὀξέα,
3279 5480 3310 5535 ἃ
3341 5482 3428 5535 καὶ
3454 5499 3634 5536 σταυ-

1968 5555 2096 5630 ροὺς
2129 5556 2353 5613 ἐκάλουν
2367 5600 2377 5612 .
2412 5557 2591 5613 GOAR.
