3966 6134
287 377 361 437 ’Π
1421 370 1967 437 HISTORIARUM
2009 372 2404 436 GOMPENDI
2416 376 2526 438 UM
2540 422 2558 438 .
3616 384 3698 447 78

288 506 462 573 λείου,
517 505 607 561 καὶ
666 507 787 562 κατ’
840 506 1005 575 αὐτὴν
1086 508 1188 576 τὴν
1249 509 1460 583 ἡμέραν
1542 511 1639 562 τοῦ
1722 505 1927 581 ἀγῶνος

2067 507 2216 563 iachi
2246 508 2402 565 facti.
2436 510 2781 581 Quanquam
2813 526 2882 566 ea
2914 510 3027 566 fuit
3070 511 3130 566 in
3180 512 3339 582 ipsos
3372 514 3702 587 imperato-

289 592 771 670 θριαμϐευθὲντες,
849 596 1027 673 ἐξορίᾳ
1105 597 1564 675 παρεπέμφθησαν
1639 597 1730 651 καὶ
1818 595 1942 649 ἀπε-

288 686 531 760 κάρησαν
592 687 851 760 μοναχοί.
910 687 1121 762 Χρόνον
1180 684 1238 741 δὲ
1282 708 1402 741 τινα
1459 685 1667 762 βραχὺν
1716 684 1767 739 ἐν
1802 685 1939 756 αὐτῇ

2052 599 2132 653 ris
2155 597 2516 668 humanitas,
2549 606 2614 654 ut
2643 599 2916 671 exiguum
2961 602 3244 672 temporis
3297 603 3567 662 miserias
3600 624 3700 662 ex-

2052 686 2169 742 silii
2202 692 2469 759 expertos
2501 689 2874 745 revocaverit.
2910 690 3082 745 Solus
3132 690 3381 747 Basilius
3427 691 3700 751 Volueris

284 774 798 849 ταλαιπωρηθέντες
849 778 1224 846 άνεκλήθησαν
1282 775 1685 853 φιλανθρώπως
1750 775 1931 836 αὐτοῖς

2075 777 2282 832 nsania
2312 782 2615 849 correptus
2663 778 2722 833 in
2755 783 3122 835 Proconneso
3152 782 3343 852 periit,
3379 799 3701 855 pcenasque

286 865 642 940 χρησαμένον
686 870 783 920 τοῦ
861 864 1155 941 βασιλέως.
1225 865 1403 927 Μόνος
1466 864 1522 919 δὲ
1576 864 1854 925 Βασίλειος
1912 865 1939 917 6

286 955 535 1017 Πετεινὸς
606 952 818 1033 ἔκφρων
886 954 1185 1031 γενόμενος
1222 953 1599 1027 ἐτελεύτησεν
1665 953 1715 1008 ἐν
1774 958 1937 1030 Προι-

2050 866 2209 921 dedit
2260 867 2477 938 proditi
2526 868 2905 923 Constantino
2956 884 3060 939 per
3103 869 3369 924 fraudem
3419 872 3699 944 Stephani

2047 955 2442 1025 imperatoris.

280 1046 555 1116 κοννήσῳ,
583 1051 683 1112 τῆς
716 1041 875 1115 δίκης
903 1043 1061 1100 αὖτὸν
1100 1044 1466 1117 μετελθούσης
1500 1046 1612 1099 ἀνθ’
1640 1044 1712 1097 ὧν
1738 1041 1940 1105 δολίως
1971 1043 2048 1105 εἰς
2082 1042 2344 1120 Στέφανον
2376 1041 2666 1116 ἐνεδείξατο
2697 1044 2789 1098 τὸν
2829 1044 3075 1118 βασιλέα,
3106 1043 3475 1121 προδεδωκὼς
3504 1053 3697 1105 τοῦτον

278 1137 362 1205 τῷ
392 1132 797 1206 Κωνσταντίνῳ.

348 1222 426 1277 Τά
452 1219 509 1275 δὲ
538 1221 661 1298 περὶ
688 1222 781 1276 τὸν
827 1222 1078 1277 Πετεινὸν
1127 1221 1215 1277 καὶ
1273 1221 1400 1285 τοὺς
1452 1219 1656 1284 ἄλλους
1718 1219 1849 1275 ἰδὼν
1908 1222 1936 1275 6

280 1308 578 1386 μάγιπρος
662 1311 943 1385 Ῥωμανὸς
1023 1312 1051 1366 6
1129 1311 1466 1384 Σαρωνίτης,
1542 1311 1627 1365 ἐπὶ
1711 1308 1933 1386 θυγατρὶ

272 1394 530 1475 γαμϐρὸς
588 1397 662 1454 ὢν
724 1405 1001 1474 Ῥωμανοῦ
1051 1401 1322 1477 γέροντος,
1373 1399 1463 1455 καὶ
1516 1399 1591 1472 μὴ
1651 1398 1717 1454 τὰ
1769 1396 1933 1472 ὅμοια

271 1487 367 1542 καὶ
431 1486 592 1550 αὐτὸς
648 1489 808 1552 πάθοι
869 1484 1167 1566 φοϐηθεὶς,
1241 1488 1608 1567 φθονούμενος
1678 1486 1767 1542 διὰ
1829 1489 1928 1557 τὴν

270 1578 470 1633 ἑαυτοῦ
515 1580 861 1656 περιφάνειαν
901 1581 991 1634 καὶ
1048 1581 1526 1653 ὑποπτευόμενος,
1572 1576 1683 1648 ⁵τήν
1739 1580 1929 1634 ἑαυτοῦ

269 1665 462 1722 οὐσίαν
496 1673 612 1730 τοῖς
643 1669 849 1730 τέκνοις
893 1669 966 1733 ὡς
1004 1664 1259 1725 ἐϐούλετο
1319 1668 1634 1745 διαμερίσας
1681 1667 1769 1723 καὶ
1827 1669 1925 1737 τήν
1982 1676 1985 1677 ⁷

267 1756 581 1812 ὑπόλοιπον
610 1756 803 1829 πένησι
830 1755 1128 1832 διανείμας,
1158 1760 1221 1814 τὸ
1280 1764 1387 1814 τῶν
1452 1762 1709 1833 μοναχῶν
1768 1779 1924 1832 περι-

264 1841 536 1902 ϐάλλεται
593 1844 831 1920 ἔνδυμα.
908 1848 1006 1902 Καὶ
1064 1847 1115 1903 ἐν
1173 1852 1242 1923 τῇ
1300 1853 1381 1920 τῷ
1437 1847 1721 1923 Ἐλεγμῶν
1785 1848 2004 1934 μονῇΒ

258 1935 582 2011 γενόμενος,
607 1938 697 1992 καὶ
739 1939 937 2013 χρόνον
992 1938 1190 2014 συχνὸν
1251 1939 1303 1995 ἐν
1364 1938 1500 2012 αὐτῇ
1558 1937 1914 2014 παραμείνας,

262 2027 374 2080 ὑπὸ
404 2031 512 2080 τῶν
551 2026 685 2100 μετὰ
723 2031 889 2082 ταῦτα
939 2026 1205 2104 βασιλέων
1256 2027 1498 2101 ἐτιμήθη
1528 2025 1917 2106 διαφερόντως.

336 2117 491 2172 Κατὰ
545 2115 771 2177 τούτους
825 2116 954 2179 τοὺς
1013 2117 1245 2193 χρόνους
1320 2118 1455 2192 ἀνήρ
1530 2138 1614 2178 τις
1684 2117 1915 2191 ἀνεφάνη

259 2201 590 2279 Φιλώραιος
651 2203 1010 2277 καλούμενος,
1088 2206 1426 2274 ὑπασπιστὴς
1512 2203 1583 2259 ὣν
1638 2207 1922 2277 Ῥωμαθοῦ

261 2295 575 2369 μαγίστρου
604 2297 700 2349 τοῦ
732 2293 996 2366 Μωσηλὲ,
1046 2301 1143 2351 τοῦ
1203 2296 1425 2372 ἐκγόνου
1483 2297 1770 2369 Ῥωμανοῦ
1827 2299 1923 2350 τοῦ

256 2384 545 2458 γέροντος.
605 2385 771 2446 Οὗτος
846 2381 1047 2449 ἄνωθεν
1096 2383 1271 2440 ’ίππου
1331 2383 1608 2440 ὠκυτάτου
1678 2383 1762 2438 ἐπὶ
1823 2388 1922 2449 τῆς

257 2469 580 2551 ἐφεστρίδος
634 2472 919 2546 ἶστάμενος
992 2470 1195 2551 ὄρθιος,
1251 2476 1340 2529 καὶ
1380 2472 1530 2551 ξίφος
1585 2480 1706 2536 ταῖς
1765 2472 1924 2549 χερσὶ

262 2562 575 2637 βαστάζων,
626 2567 723 2618 τοῦ
772 2561 947 2618 ’ίππου
976 2565 1272 2640 τρέχοντος
1297 2564 1421 2618 ὅσον
1454 2561 1677 2618 ἐδύνατο
1709 2560 1926 2618 κυκλῶν

257 2651 425 2724 ἐπῄει
482 2652 572 2705 τὸν
635 2650 853 2725 εὔριπον
926 2659 1026 2722 τῆς
1084 2650 1459 2726 ἱπποδρομίας
1516 2651 1756 2729 στρέφων
1813 2650 1923 2706 ἄνω

254 2739 355 2794 καὶ
404 2739 553 2793 κάτω
594 2739 657 2794 τὸ
706 2739 853 2816 ξίφος
885 2743 973 2796 καὶ
1013 2738 1142 2815 μηδ’
1185 2739 1333 2804 ὅλως
1390 2739 1793 2806 ὑπολοσθαίνων
1823 2743 1921 2810 τῆς

255 2826 505 2891 στάσεως
516 2872 530 2887 .

336 2916 610 2975 Ἐπέδωκε
654 2916 700 2974 δ’
761 2919 812 2973 ἐν
876 2925 994 2982 ταῖς
1044 2920 1281 2997 ἡμέραις
1330 2919 1550 2981 ταύτιοις
1607 2919 1696 2973 καὶ
1751 2916 1920 2973 πάλαι
1966 2914 1969 2915 ν

254 3009 362 3077 τὴν
421 3007 711 3082 Ῥωμαίων
757 3007 906 3064 ἐπιόν
955 3030 1014 3065 τε
1060 3010 1148 3064 καὶ
1208 3008 1608 3081 λυμαινόμενον
1667 3007 1757 3062 καὶ
1804 3005 1921 3061 δια-

254 3098 485 3174 φθεῖρον
543 3097 670 3159 τοὺς
740 3099 870 3173 βόας
945 3099 1007 3152 τὸ
1067 3097 1321 3171 λοιμικὸν
1382 3098 1576 3166 πάθος,
1630 3096 1659 3151 ὅ
1713 3091 1923 3173 κράϐρα

253 3185 683 3259 κατονομάζετε.
747 3186 884 3241 Φασὶ
940 3184 997 3241 δὲ
1051 3187 1149 3256 τὴν
1212 3188 1391 3263 ἀρχὴν
1421 3191 1583 3242 τοῦτο
1615 3181 1800 3241 λαϐεῖν
1833 3185 1919 3240 ἐπὶ

252 3279 373 3330 τῶν
429 3277 649 3352 ἡμερῶν
700 3280 797 3331 τοῦ
843 3276 1100 3352 γέροντος
1142 3277 1447 3348 Ῥωμανοῦ.
1507 3277 1764 3351 ’Ἐγγιστα
1817 3277 1917 3346 γὰρ

253 3371 367 3433 τῆς
416 3369 513 3419 τοῦ
572 3366 761 3420 Βώνου
808 3366 1124 3441 κινστὲρνης
1164 3366 1450 3440 ἀναψυχὴν
1511 3364 1685 3435 ἑαυτῷ
1712 3367 1812 3428 τῆς
1842 3375 1924 3426 θε-

258 3460 425 3531 ρινῆς
461 3455 666 3526 θέρμης
724 3454 964 3509 παλάτια
1018 3458 1114 3509 τοῦ
1166 3455 1457 3527 Ῥωμανοῦ
1531 3454 1918 3527 ἀνεγείροντος,

255 3542 357 3598 καὶ
387 3546 495 3597 τῶν
527 3541 793 3616 θεμελίων
842 3538 1339 3616 καταϐαλλομένων
1404 3544 1530 3617 βοός
1562 3564 1716 3620 φασιν
1768 3543 1918 3619 εὑρε-

252 3639 424 3701 θῆναι
461 3632 804 3707 μαρμαρίνόυ
840 3632 1107 3710 κεφαλὴν,
1148 3635 1214 3703 ἣν
1250 3634 1302 3687 οἱ
1333 3633 1580 3708 εὑρόντες
1612 3631 1920 3707 συντρίψαν-

246 3742 343 3784 τες
379 3721 457 3784 εἷς
481 3722 580 3791 τήν
610 3726 707 3776 τοῦ
728 3720 944 3776 τιτάνου
973 3721 1195 3795 κάμινον
1231 3716 1619 3794 ἐμϐάλλουσιν.
1652 3722 1735 3793 Ἐξ
1784 3719 1920 3774 ἐκεί-

246 3832 353 3865 νου
390 3807 438 3865 δ’
466 3808 595 3885 ἄχρι
626 3815 735 3865 τῶν
768 3808 900 3887 τῇδε
932 3809 1143 3887 χρόνων
1182 3811 1285 3867 οὑκ
1313 3809 1613 3864 ἐπαύσαντο
1637 3813 1921 3884 πανταχοῦ

244 3907 356 3971 τῆς
387 3906 495 3973 γῆς
526 3899 737 3969 ὁπόσην
770 3901 805 3969 ἦ
833 3904 938 3955 τῶν
975 3899 1262 3974 Ῥωμαίων
1318 3900 1562 3975 περιέχει
1619 3896 1920 3965 δυναστεία,

241 3992 318 4044 τὰ
350 3994 462 4043 τῶν
501 3989 643 4065 βοῶν
676 3989 1073 4068 ςιαφθείρεσθαι
1104 3990 1254 4065 γένη.

322 4079 393 4135 Ὀ
454 4076 512 4133 δξ
582 4079 868 4151 Ῥωμανὸς
939 4079 1375 4153 παρορμώμενος
1452 4077 1553 4133 ὑπὸ
1608 4083 1709 4145 τῆς
1758 4074 1921 4131 αὐτοῦ

245 4168 517 4241 γυναικὸς
620 4173 957 4243 κατενεγκεῖν
1046 4166 1300 4242 ἐπειράθη
1403 4171 1509 4221 τῶν
1629 4163 1919 4240 βασιλείων

247 4256 489 4326 Ἑλένην
545 4277 603 4311 τε
657 4258 758 4327 τὴν
815 4258 1027 4332 μητέρα
1083 4256 1171 4311 καὶ
1229 4257 1324 4318 τὰς
1386 4254 1662 4333 ἀδελφὰς,
1719 4253 1806 4309 καὶ
1868 4254 1919 4308 ἐν

247 4352 377 4408 τοῖς
430 4344 721 4408 παλατίοις
793 4351 902 4401 τῶν
971 4346 1263 4421 Ἀνςιόχου
1331 4346 1657 4421 περιορίσαι.
1718 4348 1923 4398 Ι¹νοῦσα

250 4434 314 4489 δὲ
375 4439 541 4488 τοῦτο
600 4438 635 4503 ἡ
670 4434 861 4504 Ἑλένη
891 4437 974 4509 [Ρ.
1008 4437 1138 4508 645]
1184 4434 1273 4490 καὶ
1320 4437 1455 4508 πρὸς
1505 4435 1734 4509 θρήνους
1794 4452 1922 4508 τρα-

248 4530 425 4579 πεῖσα
468 4523 560 4577 καὶ
621 4524 753 4599 ἀρὰς
811 4522 1131 4593 ἰδυσώπησε
1185 4524 1275 4579 τὸν
1337 4524 1473 4591 υἱὸν,
1508 4517 1925 4592 διευλαϐηθέντα

2118 1223 2184 1277 At
2234 1222 2392 1278 enim
2456 1223 2740 1295 magister
2815 1227 3116 1280 Romanus
3173 1225 3462 1295 Saronita,
3524 1244 3701 1298 gener

2045 1312 2202 1368 senis
2258 1313 2523 1379 Romani,
2574 1329 2700 1383 quae
2758 1312 2992 1369 Volucri
3051 1318 3107 1369 et
3166 1312 3300 1369 aliis
3358 1316 3695 1374 evenissent

2043 1417 2308 1467 cernens,
2340 1401 2677 1473 veritusque
2708 1418 2779 1458 ne
2810 1402 2966 1457 idem
3001 1403 3114 1458 sibi
3165 1403 3526 1476 contingeret
3554 1406 3695 1478 quia

2042 1492 2112 1546 ob
2144 1490 2516 1562 splendorem
2548 1508 2722 1546 suum
2756 1491 2985 1547 invisus
3036 1497 3461 1565 suspectusque
3511 1500 3689 1579 esset,

2040 1598 2179 1651 opes
2210 1597 2348 1635 suas
2380 1597 2485 1634 suo
2543 1581 2826 1635 arbitratu
2869 1582 3020 1636 inter
3060 1582 3279 1638 liberos
3311 1600 3451 1639 suos
3482 1585 3688 1640 distri-

2038 1668 2186 1735 buit,
2217 1675 2273 1723 et
2304 1669 2528 1740 reliqua
2558 1670 2915 1741 pauperibus
2965 1671 3249 1742 elargitus
3296 1671 3355 1728 in
3390 1678 3685 1729 monaste-

2037 1756 2189 1812 rium
2225 1759 2501 1829 Elegrnon
2536 1775 2597 1813 se
2629 1758 2896 1824 contulit,
2936 1759 3134 1831 ibique
3183 1761 3506 1817 monachus
3539 1762 3689 1818 mul-

2035 1850 2127 1901 tos
2157 1862 2260 1917 per
2289 1848 2441 1902 848
2475 1864 2659 1904 annos
2689 1847 2849 1919 vixit,
2881 1853 3088 1921 estque
3119 1850 3189 1904 ab
3222 1850 3681 1923 imperatoribus

2034 1936 2535 2007 subsequentibus
2565 1937 2625 1992 in
2660 1954 2874 2010 magno
2905 1937 3127 1994 honore
3156 1939 3421 1998 habitus.

2102 2114 2209 2169 Per
2235 2114 2390 2171 idem
2421 2118 2652 2188 tempus
2683 2116 2772 2171 vir
2802 2115 3043 2189 quidam
3093 2118 3317 2174 exstitit
3361 2118 3678 2176 Philoraeus

2035 2205 2290 2271 nomine,
2308 2205 2558 2276 stipator
2588 2205 2854 2277 magistri
2873 2208 3116 2262 Romani
3149 2207 3679 2281 Moselis,prognati

2035 2311 2068 2348 a
2100 2294 2362 2349 Romano
2384 2311 2540 2349 sene.
2577 2297 2630 2349 Is
2660 2294 2750 2349 vir
2775 2295 2991 2366 injecta
3008 2302 3169 2352 veste
3198 2314 3349 2369 equo
3381 2297 3682 2354 celerrimo

2035 2382 2086 2437 ei
2138 2382 2455 2437 insistebat
2503 2388 2719 2451 rectus,
2772 2383 3034 2455 gladium
3094 2386 3370 2441 manibus
3419 2390 3680 2459 gestans,
3726 2400 3727 2403 ‘

2036 2488 2208 2542 quem
2241 2488 2392 2543 equo
2440 2473 2899 2529 ooncitatissime
2946 2481 3218 2531 currente
3262 2478 3484 2542 rotans,
3518 2476 3679 2532 euri-

2034 2577 2176 2632 pum
2209 2561 2355 2616 Circi
2378 2563 2773 2632 percurrebat,
2806 2562 3066 2633 gladium
3099 2581 3339 2620 sursum
3371 2566 3681 2621 deorsum-

2032 2666 2142 2721 que
2169 2666 2434 2716 versans,
2465 2655 2522 2707 et
2552 2667 2624 2707 ne
2655 2651 2969 2707 minimum
3002 2653 3239 2725 quidem
3288 2654 3531 2727 vestigio
3567 2671 3676 2711 suo

2032 2738 2287 2795 elabens.

2102 2920 2267 2975 Tunc
2296 2919 2473 2974 etiam
2504 2919 2761 2975 intendit
2790 2937 2917 2977 sese
2945 2921 3189 2977 morbus
3230 2923 3533 2995 pestilens,
3571 2938 3676 2979 no-

2034 3009 2191 3064 mine
2239 3009 2466 3080 crabra,
2511 3009 2848 3079 jamdulum
2892 3010 3067 3067 boves
3115 3016 3514 3069 Romanorum
3560 3016 3680 3069 ten-

2032 3102 2167 3154 tans
2199 3104 2373 3170 atque
2406 3100 2671 3170 perdens.
2709 3100 2924 3155 Ferunt
2955 3101 3014 3155 id
3064 3102 3309 3173 coepisse
3350 3101 3679 3174 imperante

2035 3188 2297 3243 Romano
2330 3205 2487 3243 sene.
2520 3189 2663 3244 Cum
2697 3190 2852 3244 enim
2888 3189 3148 3261 proxime
3180 3192 3323 3247 Boni
3365 3193 3679 3248 cisternam

2034 3276 2319 3348 palatium
2351 3277 2447 3331 ille
2478 3278 2773 3343 conderet,
2810 3278 2867 3332 in
2910 3296 3025 3350 quo
3057 3295 3118 3334 se
3166 3280 3239 3334 ab
3282 3281 3491 3335 ardore
3538 3281 3681 3337 solis

2032 3366 2229 3420 aestivo
2289 3365 2679 3438 refrigeraret,
2731 3368 2873 3422 dum
2934 3368 3319 3425 fundamenta
3375 3375 3679 3442 parantur,

2031 3454 2311 3510 effossum
2343 3455 2540 3511 ferunt
2571 3454 2727 3511 bovis
2760 3456 3073 3512 marmorei
3105 3462 3299 3530 caput,
3332 3460 3488 3529 quod
3521 3460 3683 3515 abiis

2030 3543 2131 3615 qui
2164 3548 2499 3616 repererunt
2540 3545 2904 3600 confraetum
2956 3550 3013 3601 et
3050 3545 3109 3601 in
3161 3548 3456 3604 fornacem
3489 3548 3682 3604 calca-

2030 3634 2177 3688 riam
2209 3634 2491 3703 injectum
2521 3638 2629 3689 est.
2659 3635 2738 3689 Ex
2786 3651 2852 3689 eo
2902 3639 3162 3707 tempore
3202 3637 3259 3690 in
3308 3636 3464 3693 hunc
3496 3654 3684 3709 usque

2030 3723 2185 3777 diem
2221 3722 2402 3791 pestis
2432 3727 2695 3777 armenta
2738 3724 2913 3778 boum
2946 3739 3050 3795 per
3096 3724 3429 3781 universam
3463 3726 3682 3782 Roma-

2032 3828 2237 3867 norum
2273 3811 2549 3867 ditionem
2584 3811 2856 3868 infestare
2887 3830 3193 3885 nunquam
3226 3814 3422 3870 desiit.

2104 4078 2278 4133 Porro
2309 4078 2629 4149 imperator
2660 4078 2858 4135 uxoris
2901 4078 3184 4135 instinctu
3236 4080 3516 4137 Helenam
3564 4098 3685 4138 ma-

2032 4172 2184 4223 trem
2216 4172 2272 4221 et
2303 4183 2533 4222 sorores
2567 4183 2704 4222 suas
2736 4166 2870 4223 aula
2899 4184 3166 4224 amovere
3195 4173 3253 4225 et
3282 4169 3341 4224 in
3400 4171 3685 4242 palatium

2034 4256 2308 4311 Antiochi
2342 4255 2599 4329 relegare
2630 4257 2859 4312 statuit.
2894 4258 3057 4323 Quod
3091 4258 3190 4313 ubi
3242 4259 3478 4315 rescivit
3526 4261 3686 4317 844

2033 4344 2269 4414 Helena,
2304 4345 2374 4399 ad
2410 4344 2823 4416 quiritationes
2849 4354 2900 4401 et
2952 4348 3377 4404 exsecrationes
3408 4366 3690 4406 conversa

2035 4434 2221 4489 ﬁlium
2255 4450 2457 4489 earum
2493 4439 2649 4489 metu
2684 4452 2717 4490 a
2770 4438 3066 4506 proposito
3120 4437 3423 4507 deterruit,
3484 4444 3689 4510 estque

2035 4523 2391 4596 permissum
2419 4524 2469 4578 ei
2503 4527 2567 4578 ut
2593 4524 2650 4578 in
2677 4523 2891 4595 palatio
2922 4530 3202 4581 maneret.
3223 4530 3461 4583 Sorores
3489 4531 3687 4584 tamen

246 4614 350 4674 τὰς
413 4611 463 4684 ἐξ
515 4612 684 4678 αὐτῆς
727 4614 979 4690 κατάρας.
1012 4611 1167 4669 Ἀλλ’
1224 4611 1357 4683 αὕτη
1397 4613 1491 4686 μὲν
1538 4612 1688 4682 εἶάθη
1749 4611 1923 4684 μένειν

2074 4628 2210 4683 pera
2236 4610 2500 4678 Joannis,
2535 4612 2637 4683 qui
2684 4613 2951 4669 Studiani
3003 4615 3342 4671 monasterii
3391 4622 3515 4672 erat
3545 4633 3689 4690 pras-

248 4702 400 4757 κατᾶ
429 4700 638 4776 χώραν,
672 4703 766 4766 τὰς
800 4700 845 4757 δ’
877 4701 1115 4774 ἀδελφὰ)
1167 4703 1481 4778 καταγαγὼν
1535 4699 1624 4756 διὰ
1668 4700 1921 4755 Ἰωάννου

246 4790 642 4864 καθηγεμόνος
665 4796 773 4846 τῶν
825 4790 1091 4846 Στουδίου
1130 4791 1381 4866 ἀπέκειρε
1436 4792 1700 4865 μοναχάς.
1752 4790 1823 4844 Αἱ
1865 4787 1921 4843 δὲ

255 4882 382 4952 ἅμα
410 4882 479 4953 τῇ
515 4881 870 4956 ὗποχωρήσει
926 4881 1121 4935 τούτου
1179 4882 1278 4949 τὴν
1354 4881 1659 4955 μοναχικὴν
1717 4876 1917 4932 ἀποδυ-

255 4968 502 5041 σάμεναι
524 4967 724 5039 ἐσθῆτα
755 4969 1128 5047 ἔκρεωφάγουν
1290 4970 1350 5026 Ἣ
1386 4967 1442 5023 δὲ
1471 4967 1662 5038 Ἐλὲνη
1694 4972 1762 5041 τῇ
1812 4972 1916 5021 τῶν

256 5058 579 5134 θυγατέρων
608 5064 902 5135 καταγωγῇ
944 5058 1381 5135 περιαλγήσασα,
1425 5058 1514 5112 καὶ
1569 5057 1762 5132 μικρὸν
1802 5056 1919 5110 ἐπι-

253 5149 480 5218 ζήσασα
510 5147 732 5223 χρόνον,
753 5151 823 5221 τῇ
854 5155 898 5204 κ’
930 5153 1027 5203 τοῦ
1060 5142 1434 5223 Σεπτεμϐρίου
1489 5147 1683 5219 μηνὸς,
1732 5152 1834 5214 τῆς
1883 5146 1926 5199 ε’

252 5234 610 5299 ἷνδικτιῶνος
641 5232 850 5291 ἆπεϐίω
881 5237 970 5292 καὶ
1006 5236 1304 5313 βασιλικῶς
1338 5234 1721 5309 ἐκκομισθεῖσα
1750 5232 1916 5312 ἐτάφη

254 5328 316 5382 ἐν
452 5326 676 5402 λάρνακι
709 5330 805 5381 τοῦ
837 5326 1054 5402 αατρός·

341 5417 655 5495 Νικηφόρος
718 5413 775 5472 δὲ
824 5417 853 5471 6
925 5420 1141 5485 Φωκᾶς,
1202 5415 1275 5478 ὡς
1324 5411 1625 5490 ἔμπροσθεν
1683 5408 1917 5486 εἴρηται,

2035 4701 2243 4771 fectus,
2271 4700 2514 4756 abduxit
2545 4702 2861 4773 imperator
2891 4709 2948 4759 et
2991 4703 3312 4759 monochas
3345 4705 3519 4773 fecit;
3554 4722 3687 4778 quas

2034 4791 2235 4845 statim
2271 4807 2336 4845 eo
2377 4791 2641 4863 digresso
2690 4796 2905 4847 vestem
2957 4793 3343 4848 monasticam
3394 4803 3680 4853 exuerunt

2031 4885 2089 4934 et
2119 4896 2321 4934 carnes
2355 4881 2805 4936 manducarunt.
2841 4881 3056 4937 Helena
3102 4881 3253 4937 filias
3298 4882 3433 4939 aula
3487 4892 3678 4943 motas

2035 4969 2335 5039 aegerrime
2382 4968 2539 5039 tulit,
2600 4985 2790 5042 neque
2837 4970 2936 5025 diu
2984 4971 3326 5042 supervixit,
3378 4976 3478 5029 sed
3522 4975 3678 5031 diem

2036 5075 2207 5113 suum
2242 5058 2388 5113 obiit
2419 5057 2510 5113 die
2540 5060 2611 5113 2O
2632 5060 3007 5132 Septembris,
3041 5059 3360 5118 indictione
3401 5064 3455 5117 5.
3490 5063 3557 5120 Et
3588 5082 3683 5121 re-

2035 5147 2154 5218 gali
2184 5147 2388 5203 funere
2420 5148 2572 5203 elata
2603 5147 2661 5202 in
2690 5164 2885 5203 arcam
2918 5148 3102 5221 patris
3134 5156 3221 5205 est
3251 5153 3575 5210 recondita.

2106 5412 2473 5485 Nicephorus
2502 5418 2699 5471 autem
2759 5415 2980 5473 Phocas
3028 5419 3215 5488 Creta,
3269 5419 3355 5476 uti
3405 5420 3668 5479 diximus

1460 5574 1838 5633 XYLANDRI
1878 5574 1970 5632 ET
2010 5574 2231 5632 GOARI
2270 5573 2504 5631 NOT/E.

348 5714 430 5789 (5)
458 5715 794 5775 Notandum
829 5712 1138 5774 monachis
1160 5711 1372 5770 Graecis
1403 5711 1653 5782 facinus,
1679 5710 1855 5768 etiam
1886 5710 2138 5784 aegrotis.
2166 5711 2345 5768 Goan.
