3966 6134
226 328 305 395 79
1575 334 1893 395 GEORGII
1941 335 2278 397 GEDRENI

3556 337 3641 399 80

212 465 421 535 jussus
450 466 726 524 decedere
756 467 841 523 ita
870 473 961 524 est
992 473 1053 523 ut
1084 484 1199 523 non
1230 467 1430 524 liceret
1453 468 1505 524 ei
1535 468 1737 539 Cpolin
1772 469 1860 523 in-

2064 467 2340 543 >σταχθεὶς
2396 464 2457 521 ἐκ
2508 468 2731 540 Κρήτης
2787 464 3100 533 ἐπανελθεῖν
3143 469 3204 524 ού
3264 471 3631 544 συνεχωρήθη

221 556 293 610 de
324 555 513 610 redire
545 571 557 610 :
593 558 692 612 sed
727 559 1068 612 mandatum
1102 562 1192 612 est
1217 562 1281 611 ut
1322 573 1456 612 cum
1508 558 1668 612 omni
1701 574 1866 612 exer-

223 648 338 699 citu
374 644 430 699 in
463 644 755 701 Orientem
786 647 1082 702 transiret.
1116 646 1261 701 Nam
1297 649 1368 701 ab
1417 653 1653 718 accepta
1706 646 1868 700 clade

221 749 284 788 se
315 733 661 805 recolligens
693 735 1047 791 Chabdanus
1068 736 1196 805 jam
1230 752 1356 789 sese
1387 736 1668 806 erigebat,
1703 750 1866 789 coac-

222 826 401 892 toque
430 823 500 876 ad
533 840 793 895 pugnam
825 825 1033 878 idoneo
1065 825 1325 878 exercitu
1376 824 1627 894 jamjam
1660 824 1718 877 in
1754 824 1868 878 Ro-

224 927 431 966 manos
462 916 750 967 moturus.
785 913 929 966 Eum
963 912 1206 975 Phocas,
1240 912 1297 966 in
1336 914 1558 983 Syriam
1594 918 1658 967 ut
1690 912 1866 978 venit,

222 1000 418 1072 praelio
449 1002 747 1073 superavit
775 1018 841 1056 ac
873 1001 1044 1067 fudit,
1096 1008 1153 1056 et
1181 1003 1241 1057 in
1273 1004 1500 1073 Syriam
1529 1002 1868 1057 interiorem

221 1089 541 1161 compulit;
576 1090 779 1145 urbem
810 1091 1143 1146 Berrhoeam
1170 1099 1407 1161 excepta
1428 1107 1557 1146 arce
1590 1091 1872 1146 evastavit

224 1195 589 1250 magnasque
620 1180 699 1234 ibi
730 1196 890 1251 opes,
926 1184 1181 1250 praedam
1217 1180 1566 1251 locupletem
1627 1186 1684 1234 et
1716 1180 1870 1234 mul-

222 1272 312 1323 tos
343 1268 601 1340 captivos
638 1270 897 1339 abduxit,
958 1270 1224 1324 liberatis
1282 1271 1459 1325 etiam
1516 1275 1573 1323 et
1627 1270 1869 1324 domum

225 1357 490 1414 dimissis
551 1357 900 1413 Christianis
932 1358 1032 1429 qui
1087 1357 1169 1413 ibi
1222 1358 1432 1429 captivi
1490 1358 1710 1413 detenti
1745 1358 1870 1413 fue-

228 1450 377 1501 rant.

295 1717 461 1770 Anno
493 1714 853 1771 mundi647l
882 1719 1149 1771 mortuus
1179 1721 1267 1771 est
1292 1715 1592 1770 Romanus
1622 1714 1869 1785 impera-

225 1808 338 1870 tor,
368 1804 437 1859 45
467 1805 559 1860 die
590 1804 779 1860 Martii
810 1805 961 1860 345
997 1804 1240 1872 mensis,
1281 1804 1598 1859 indictione
1626 1806 1871 1870 6,annos

228 1900 404 1949 natus
431 1894 519 1948 24.
548 1894 865 1965 Imperavit
885 1911 1070 1949 annos
1101 1894 1134 1947 3
1166 1910 1397 1948 menses
1430 1895 1461 1948 4
1483 1893 1608 1947 dies
1635 1893 1689 1947 5.
1723 1896 1871 1946 Mor-

227 1982 304 2038 tis
335 1999 572 2037 causam
604 1982 701 2037 alii
734 1983 916 2038 fuisse
950 1983 1208 2047 tradunt,
1255 1983 1410 2053 quod
1471 1981 1772 2036 luxuriosa
1818 1985 1877 2034 et

230 2071 634 2144 voluptatibus
665 2072 861 2127 dedita
905 2072 1027 2126 vita
1065 2070 1479 2141 corpusculum
1512 2069 1829 2125 attrivisset
1861 2086 1872 2123 :

235 2161 336 2215 alii
394 2176 614 2217 veneno
671 2162 1023 2216 exstinctum
1080 2165 1308 2231 putant.
1372 2160 1691 2229 Imperium
1751 2160 1878 2227 ejus

239 2255 426 2306 morte
454 2250 526 2305 ad
559 2249 839 2304 Basilium
871 2254 928 2304 et
953 2249 1396 2304 Constantinum
1430 2249 1620 2318 ipsius
1650 2247 1801 2302 filios
1826 2250 1883 2301 et

239 2355 440 2394 eorum
474 2348 717 2394 matrem
748 2338 1243 2408 TheOphanonem
1276 2338 1486 2403 rediit;
1522 2352 1653 2406 quae
1701 2336 1881 2390 biduo

240 2433 373 2484 ante
406 2432 652 2482 mortem
686 2426 880 2482 mariti
912 2427 1091 2481 filiam
1124 2442 1358 2497 quoque
1390 2430 1634 2497 peperit,
1653 2425 1745 2479 cui
1770 2428 1881 2478 An-

240 2535 328 2573 nae
359 2533 573 2573 nomen
608 2518 885 2571 fecerunt.
906 2516 1142 2571 Statura
1172 2516 1284 2569 fuit
1316 2514 1615 2569 Romanus
1650 2528 1882 2583 magna,

237 2622 572 2679 quanquam
600 2610 763 2676 patre
786 2605 998 2669 minor,
1043 2606 1277 2675 ingenio
1331 2602 1555 2673 placido
1605 2619 1671 2657 ac
1717 2618 1880 2656 man-

237 2700 424 2763 sueto,
457 2698 513 2750 et
543 2695 916 2749 mediocriter
945 2694 1280 2758 animatus;
1315 2699 1372 2746 et
1428 2692 1701 2762 quamvis
1761 2696 1886 2745 erat

230 2785 492 2854 juvenis,
524 2782 668 2837 satis
698 2781 784 2835 illi
817 2788 1011 2836 tamen
1072 2781 1281 2836 fuisset
1318 2780 1537 2851 ingenii
1571 2796 1636 2834 ac
1668 2780 1887 2850 perspi-

240 2873 412 2928 caciaa
443 2873 515 2927 ad
548 2870 973 2942 rempublicam
1006 2871 1473 2942 gubernandam,
1506 2874 1557 2925 si
1588 2868 1638 2923 ei
1669 2870 1727 2923 id
1788 2886 1889 2940 per

242 2962 495 3018 famulos
524 2960 812 3026 licuisset,
846 2960 946 3029 qui
978 2976 1110 3014 cum
1135 2959 1499 3029 juvenilibus
1554 2958 1887 3029 cupiditati-

242 3052 353 3106 bus
384 3066 449 3105 ac
481 3048 696 3105 studiis
727 3049 989 3104 deditum
1022 3064 1151 3103 esse
1166 3048 1570 3115 voluerunt,ut
1598 3048 1711 3118 ipsi
1746 3064 1890 3101 rem-

242 3138 539 3211 publicam
570 3142 889 3193 tractantes
912 3138 1174 3208 ingentes
1196 3138 1571 3193 corraderent
1600 3152 1739 3207 epes
1772 3154 1784 3204 ;
1810 3142 1890 3191 at-

1980 555 2235 612 εἷσελθεῖν
2270 557 2346 618 εἰς
2375 557 2473 625 τήν
2515 555 2926 630 βασιλεύουσαν,
2967 555 3093 614 ἀλλ’
3153 559 3204 613 ἐν
3262 562 3331 631 τῇ
3362 559 3632 632 Ἀνατολῇ

1978 646 2266 716 ἐκελεύσθη
2338 646 2727 721 παραγενέσθαι
2789 646 2923 718 μετὰ
2967 648 3163 709 παντὸς
3222 652 3319 702 τοῦ
3376 652 3632 722 στρατοῦ.

1978 731 2410 807 Ἀναλαμϐάνων
2460 736 2558 809 γὰρ
2633 734 2817 789 ἑαυτὸν
2870 735 2929 790 ἐκ
2997 738 3093 806 τῆς
3148 738 3413 811 προτέρας
3463 736 3637 806 ἥττης

1980 825 2008 877 6
2066 818 2277 879 Χαϐδᾶν
2347 824 2628 901 ἀναφέρειν
2680 821 2880 893 ἤρξατο
2958 825 3168 894 πάλιν,
3240 826 3330 880 καὶ
3408 827 3635 897 στρατὸν

1980 909 2279 985 ἀξιόμαχον
2335 914 2610 986 ἡθροικὼς
2645 955 2659 980 ,
2718 909 3091 986 προσδόκιμος
3150 915 3214 981 ἦν
3286 912 3637 982 ἐπιθήσεσθαι

1977 1006 2094 1062 τοῖς
2138 999 2422 1073 Ῥωμαίων
2481 998 2712 1076 ἄρχουσί
2761 1021 2817 1055 τε
2861 1001 2950 1056 καὶ
2998 1000 3332 1077 πράγμασιν,
3367 999 3527 1057 Ἀλλ’
3584 1000 3637 1056 ἐν

1981 1090 2151 1165 Συρίᾳ
2180 1090 2471 1163 γενόμενος
2523 1091 2550 1144 6
2597 1095 2814 1159 Φωκᾶς,
2862 1090 2952 1144 καὶ
2988 1088 3212 1161 σταδαίᾳ
3244 1091 3397 1165 μάχῃ
3440 1088 3640 1145 τοῦτον

1978 1178 2332 1253 τρεψάμενος,
2383 1179 2471 1232 καὶ
2514 1179 2649 1233 κατὰ
2704 1180 2900 1252 κράτος
2950 1182 3188 1250 ἡττήσας
3217 1222 3231 1245 ,
3302 1181 3388 1233 καὶ
3445 1179 3522 1241 εἷς
3571 1181 3641 1233 τὰ

1981 1265 2234 1342 ὶνδότερα
2280 1274 2381 1336 τῆς
2424 1273 2622 1343 Συρίας
2654 1267 2953 1338 ἀπελάσας,
3004 1271 3102 1339 τὴν
3156 1266 3318 1323 πόλιν
3372 1267 3638 1343 Βὲῥροιαν

1981 1356 2303 1432 ἐξεπόρθησε
2335 1353 2466 1431 δίχα
2495 1364 2594 1425 τῆς
2625 1355 2997 1429 ἀκροπόλεως,
3028 1356 3116 1412 καὶ
3167 1355 3342 1411 πολὺν
3393 1358 3639 1412 πλοῦτον

1982 1443 2129 1500 λείαν
2160 1446 2249 1499 καὶ
2299 1445 2692 1520 αἰχμαλώτους
2746 1442 2955 1515 ἔλαϐεν,
2991 1444 3357 1521 ἐλευθερώσας
3385 1446 3476 1501 καὶ
3507 1447 3641 1508 τοὺς

1980 1533 2151 1588 ἐκεῖσε
2177 1531 2434 1605 δεσμίους
2456 1535 2856 1611 κατεχομὲνους
2875 1533 3228 1610 Χριστιανοὺς
3256 1536 3347 1590 καὶ
3376 1534 3459 1590 ἐπ’
3482 1531 3642 1589 οἷ’κου

1980 1621 2280 1696 ἐκπέμψας.

2057 1713 2112 1765 ιε’
2146 1710 2203 1765 δὲ
2235 1712 2481 1787 Μαρτίου
2534 1714 2728 1784 μηνὸς,
2760 1720 2860 1781 τῆς
2894 1714 2937 1776 ς’
2993 1711 3353 1780 ίνδικτιῶνος,
3416 1712 3469 1767 ἐν
3527 1710 3642 1768 ἔτει

1981 1801 2162 1875 ,ςυοαλ
2192 1798 2808 1872 ίτελεύτησεῬωμανὸς
2853 1802 2879 1855 6
2942 1799 3220 1876 βασιλεὺς,
3275 1799 3409 1856 ἐτῶν
3471 1801 3644 1876 ὑπάρ-

1984 1909 2099 1964 χων
2134 1886 2235 1957 κδ’,
2275 1887 2596 1965 βασιλεύσας
2645 1889 2736 1958 ἔτη
2800 1891 2866 1964 ιγ’
2898 1892 2973 1960 (6)
3037 1897 3211 1962 μῆνας
3263 1887 3309 1944 δ’
3352 1891 3441 1944 καὶ
3495 1891 3641 1962 ἡμὶ-

1988 1998 2081 2053 ρας
2114 1979 2170 2048 ε’,
2230 1979 2307 2039 ὡς
2369 1978 2461 2049 μέν
2522 1998 2684 2045 τινες,
2724 1979 2787 2033 τὸ
2819 1980 3011 2034 ἑαυτοῦ
3045 1980 3260 2054 σαρκίον
3294 1999 3641 2054 προκατανα-

1987 2066 2168 2129 λώσας
2226 2071 2344 2128 ταῖς
2376 2066 2681 2142 αἶ’σχίσταις
2710 2068 2798 2122 καὶ
2849 2065 3166 2146 φιληδόννις
3225 2070 3499 2142 πράξεσιν,
3566 2069 3644 2130 ὡς

1989 2154 2034 2210 δ’
2062 2154 2244 2231 ἕτερος
2277 2151 2394 2231 ἔχει
2450 2155 2640 2231 λόγος,
2700 2159 3005 2235 φαρμάκοις
3064 2157 3383 2234 ἀναιρεθείς.
3445 2155 3643 2213 Διαδὲ-

1990 2266 2182 2320 χονται
2244 2244 2300 2299 δὲ
2355 2247 2453 2314 τὴν
2487 2245 2651 2300 αὐτοῦ
2685 2245 2961 2320 βασιλείαν
3000 2246 3279 2307 Βασίλειος
3334 2247 3423 2301 καὶ
3484 2249 3649 2303 Κων-

1993 2340 2268 2396 σταντῖνος
2318 2335 2369 2388 οἱ
2428 2332 2617 2396 παῖδες
2667 2334 2830 2388 αὑτοῦ
2887 2334 2978 2389 σὺν
3032 2341 3297 2412 Θεοφανοῖ
3341 2339 3410 2409 τῇ
3475 2335 3649 2411 μητρὶ

1990 2423 2273 2499 τεχθείσης
2313 2422 2461 2496 αὐτῷ
2498 2425 2587 2478 καὶ
2641 2426 2906 2499 θυγατρὸς
2962 2425 3066 2499 πρὸ
3122 2422 3217 2479 δύο
3263 2423 3486 2498 ἡμερῶν
3543 2432 3649 2493 τῆς

1995 2514 2157 2568 αὑτοῦ
2213 2512 2519 2585 τελευτῆς,
2577 2515 2637 2581 ἢν
2701 2515 2882 2567 ’Δνναν
2944 2513 3229 2586 ὠνόμασαν
3267 2559 3278 2571 .
3345 2516 3446 2570 Ἦν
3508 2511 3565 2568 δὲ
3625 2516 3652 2569 6

1993 2604 2294 2675 Ῥωμανὸς,
2332 2601 2495 2675 μέγας
2524 2604 2621 2670 τὴν
2657 2600 2900 2671 ἡλικίαν,
2962 2602 3007 2657 εἰ
3055 2604 3144 2658 καὶ
3176 2603 3413 2659 ἐλάττων
3446 2604 3513 2671 ἦν
3543 2608 3647 2657 τοῦ

1993 2694 2215 2766 πατρὸς,
2274 2692 2335 2745 τὸ
2394 2692 2527 2760 ἦθος
2581 2694 2786 2766 ἡμερον
2847 2689 2988 2766 ἔχων
3040 2692 3128 2746 καὶ
3178 2697 3373 2766 πρᾶον,
3434 2692 3525 2746 καὶ
3587 2693 3655 2747 τὸ

1996 2780 2252 2858 φρόνημα
2304 2780 2543 2852 μέτριον.
2606 2780 2813 2854 Καίπερ
2874 2776 2931 2833 δὲ
2962 2781 3080 2841 νέος
3113 2776 3210 2847 ὢν,
3240 2780 3502 2855 ἀγχίνους
3550 2782 3646 2849 ἦν,

1994 2870 2084 2924 καὶ
2145 2868 2290 2937 ὀξὺς,
2351 2868 2440 2922 καὶ
2514 2869 2580 2922 τὰ
2632 2868 2892 2923 πολιτικὰ
2966 2863 3228 2944 κυϐερνᾷν
3288 2869 3647 2942 ἱκανώτατος,

1998 2955 2145 3031 εἷ’περ
2178 2954 2277 3030 ἄρα
2308 2962 2671 3032 συνεχωρεῖτο
2701 2956 2845 3030 παρὰ
2902 2962 3007 3011 τῶν
3062 2954 3427 3031 θεραπόντων.
3475 2956 3659 3014 Ἀλλᾶ

1995 3051 2183 3101 τοῦτον
2221 3047 2272 3099 οἱ
2323 3045 2645 3099 οἰκειότατοι
2694 3050 2811 3107 ταῖς
2855 3052 2952 3115 τῆς
2981 3046 3235 3117 νεότητος
3290 3043 3660 3113 ἐκδεδωκότες

2001 3137 2220 3210 ὁρμαῖς,
2246 3132 2317 3186 'tv’
2370 3134 2563 3188 ἐκεῖνοι
2612 3133 2679 3188 τὰ
2723 3135 2879 3188 κοινὰ
2927 3134 3199 3208 μετιόντες
3228 3134 3467 3190 πλοῦτον
3510 3136 3660 3213 ἄφα-

242 3245 355 3300 que
387 3228 492 3283 hac
522 3227 747 3284 ratione
774 3243 907 3283 eum
940 3226 1214 3297 ignavum
1265 3231 1320 3281 et
1365 3226 1613 3282 inertem
1646 3226 1878 3297 redege-

2064 3248 2085 3278 ν
2148 3223 2677 3299 ἀποθησαυρίσωσιν,
2729 3223 3078 3298 ἀνενὲργητον
3125 3222 3214 3278 καὶ
3274 3221 3655 3293 ἀνεπιτήδειον

240 3322 399 3373 runt.

310 3408 525 3462 Eadem
558 3407 592 3461 6
624 3406 965 3471 indictione,
990 3420 1191 3460 mense
1217 3404 1590 3475 Aprilijussu
1613 3406 1889 3476 Augustae

237 3494 605 3567 Nicephorus
634 3494 857 3550 Phocas
909 3493 1116 3565 Cpolin
1174 3492 1354 3561 venit,
1412 3492 1689 3564 Josepho,
1743 3496 1894 3553 utet,

238 3591 396 3653 ante,
430 3600 500 3638 ne
530 3583 637 3638 hoc
669 3583 836 3638 fieret
865 3582 1153 3637 obstante.
1203 3581 1379 3636 Duxit
1434 3581 1800 3653 triumphum
1832 3579 1891 3634 in

238 3673 693 3739 Circo,inferens
726 3673 785 3727 in
810 3687 877 3726 eo
910 3671 1211 3726 Cretensia
1232 3676 1288 3725 et
1319 3670 1723 3725 Berrhmensia
1754 3687 1889 3741 spo-

239 3763 320 3818 lia
372 3761 584 3817 Attulit
641 3768 697 3816 et
760 3764 986 3832 partem
1043 3760 1358 3829 quamdam
1416 3758 1597 3814 vestis
1649 3758 1892 3814 Joannis

243 3852 543 3924 Baptista,
612 3866 789 3922 quam
840 3848 1123 3903 Berrhcsaa
1194 3850 1511 3918 repositam
1571 3848 1889 3903 invenerat.

247 3942 542 3997 Metuebat
570 3939 725 3995 hunc
748 3939 989 4009 Bringas
1014 3943 1070 3992 et
1092 3943 1437 4008 suspectum
1470 3937 1724 3991 habebat
1751 3954 1763 3992 :
1789 3940 1889 3993 sed

246 4030 608 4101 Nicephorus
640 4044 773 4083 eum
808 4026 1015 4082 callide
1044 4028 1221 4082 elusit
1249 4025 1357 4081 hoc
1384 4025 1888 4081 commento.Pho-

246 4137 365 4184 cas,
389 4119 543 4173 846
574 4122 877 4187 assumpto
908 4132 1025 4171 uno
1068 4131 1310 4170 suorum
1369 4116 1742 4186 stipatorum,
1777 4116 1886 4170 sub

242 4208 449 4264 horam
484 4206 711 4279 prandii
744 4205 815 4260 ad
846 4206 1085 4260 domum
1140 4203 1382 4275 Josephi
1443 4219 1569 4258 sese
1619 4203 1882 4258 confert:

241 4296 495 4368 pulsatis
513 4293 997 4364 foribus,janitori
1019 4294 1257 4349 mandat
1274 4303 1333 4347 ut
1348 4309 1410 4348 se
1423 4292 1626 4348 adesse
1648 4292 1885 4349 domino

239 4381 1047 4452 indicet.AdmissusJosepho
1060 4381 1302 4437 seorsim
1315 4382 1567 4437 abducto
1582 4382 1882 4436 indusium

238 4490 307 4530 ex
339 4473 472 4544 pilis
504 4476 841 4527 contextum
874 4472 1148 4540 ostendit,
1185 4472 1637 4539 juramentoque
1669 4471 1882 4525 confir-

1998 3311 2359 3390 ἀπεφήναντο.

2072 3399 2382 3474 Ἀπριλλίῴ
2466 3397 2523 3455 δὲ
2586 3399 2752 3473 μηνὶ,
2800 3407 2899 3469 τῆς
2962 3400 3128 3470 αὐτῆς
3188 3402 3230 3465 ς’
3290 3398 3657 3471 ἴνδικτιῶνος,

2002 3488 2215 3545 εἶ’σεισιν
2276 3491 2303 3544 6
2364 3496 2560 3551 Φωκᾶς
2620 3489 2931 3567 Νικηφόρος
2982 3493 3051 3554 τῆ
3081 3492 3178 3557 τῆς
3212 3486 3498 3559 δεσποίνης
3560 3512 3664 3545 κε⁹

2002 3578 2202 3647 λεύσει,
2259 3584 2355 3633 τοῦ
2400 3580 2599 3655 Ἰωσὴφ
2645 3578 2884 3653 καθάπερ
2950 3579 3039 3632 καὶ
3088 3577 3260 3633 πάλαι
3315 3578 3661 3649 κωλύοντος,

2002 3669 2053 3724 ἐν
2088 3666 2679 3725 Κωνσταντινουπόλει·
2740 3667 2829 3722 καὶ
2888 3667 2993 3721 ἀπὸ
3023 3672 3129 3722 τῶν
3164 3667 3223 3722 ὲκ
3273 3674 3372 3737 τῆς
3426 3670 3660 3741 Κρήτης

2003 3757 2257 3834 λαφύρων
2290 3758 2376 3811 καὶ
2426 3764 2523 3825 τῆς
2572 3754 2833 3831 Βερῥοίας
2881 3751 3263 3830 ἐθριάμϐευσεν
3312 3755 3362 3811 ἄν
3420 3757 3498 3829 τῷ
3562 3758 3663 3811 ἱπ-

2000 3841 2268 3920 ποδρόμῳ
2334 3845 2563 3918 κομίσας
2622 3844 2713 3899 καὶ
2793 3846 2954 3920 μίρος
3012 3866 3062 3899 τι
3134 3850 3229 3901 τοῦ
3278 3846 3501 3919 ἱματίου
3556 3852 3663 3901 τοῦ

2000 3938 2306 3993 Βαπτιστοῦ
2381 3933 2682 4005 Ἰωάννου,
2758 3934 2889 4009 ὅπερ
2966 3934 3110 4009 εὗρεν
3188 3933 3239 3988 ἐν
3294 3941 3360 4003 τῆ
3422 3934 3666 4010 Βερῤοίᾳ

2000 4024 2433 4096 ἐναποκείμενον.
2497 4027 2577 4093 [P.
2622 4025 2748 4094 646]
2795 4027 2995 4078 Τοῦτον
3058 4021 3113 4077 δὲ
3183 4020 3373 4079 ἐδεδίει
3431 4022 3518 4077 καὶ
3586 4021 3665 4078 δι’

2000 4114 2231 4187 ὑποψίας
2264 4113 2405 4187 εἶχεν
2456 4113 2483 4165 ὁ
2539 4112 2790 4187 Βρίγγας·
2848 4111 2974 4167 ἀλλ’
3035 4111 3290 4174 ὑπούλως
3324 4110 3483 4174 οὗτος
3520 4114 3661 4167 ὑπο-

1993 4203 2317 4279 κρενάμενος
2348 4202 2673 4274 ἐξαπατῆσαι
2731 4204 2920 4255 τοῦτον
2984 4199 3175 4276 ἴσχυσε
3212 4197 3400 4277 τρόπῳ
3428 4200 3657 4273 τοιῷδε.

1995 4296 2122 4350 Ἕνα
2170 4292 2290 4347 τινὰ
2335 4296 2440 4345 τῶν
2499 4292 2843 4345 ὑπασπιστῶν
2902 4288 3147 4365 εὶληφὼς
3191 4292 3218 4346 6
3274 4296 3469 4353 Φωκᾶς
3524 4294 3656 4367 περὶ

1995 4381 2136 4457 ὥραν
2177 4380 2398 4455 ἀρίστου
2449 4380 2521 4441 εἷς
2573 4380 2661 4433 τὸν
2717 4379 2865 4433 οἶκον
2923 4379 3099 4434 ἄπεισι
3157 4384 3254 4435 τοῦ
3286 4381 3506 4457 Ἰωσὴφ,
3563 4383 3657 4435 καὶ

1989 4470 2159 4543 κόψας
2211 4470 2308 4538 τὴν
2367 4468 2528 4544 θύραν
2594 4468 2739 4529 ὅστις
2802 4466 2883 4539 εἷή
2981 4468 3203 4539 μηνύειν
3276 4468 3521 4523 ἐκέλευσε
3574 4476 3657 4541 τῷ

237 4568 360 4619 mat
390 4578 451 4618 se
482 4561 613 4615 vita:
645 4560 983 4615 monasticae
1004 4560 1282 4630 cupidum
1300 4560 1655 4629 jampridem
1676 4558 1878 4615 fuisse:

2064 4564 2233 4633 όωρῷ.
2321 4556 2668 4625 Μηνύσαντος
2742 4555 2797 4610 δὲ
2861 4555 3165 4619 κελευσθεὶς
3226 4556 3500 4624 ἐπείσεισι,
3560 4560 3654 4613 καὶ

232 4669 357 4708 eam
390 4650 571 4721 hujus
604 4648 799 4706 seculi
849 4648 1006 4705 curis
1055 4648 1380 4719 repudiatis
1430 4648 1732 4715 initurum,
1766 4649 1877 4704 nisi

230 4741 445 4796 fuisset
470 4738 665 4795 studio
688 4744 743 4793 et
774 4738 886 4792 lide
914 4738 973 4791 in
992 4736 1443 4792 Constantinum
1474 4741 1531 4791 et
1554 4737 1881 4792 Romanum

233 4846 344 4885 sua
374 4828 827 4899 impeditus.Sed
862 4842 923 4881 se
948 4825 1119 4896 paulo
1154 4830 1285 4896 post
1316 4824 1673 4880 desiderium
1706 4843 1878 4881 suum

234 4914 1315 4989 impleturum.Submissecontendere
1338 4914 1548 4982 ahipso
1575 4930 1642 4969 ne
1668 4916 1881 4971 frustra

233 5009 305 5063 de
336 5024 397 5062 se
426 5004 682 5060 alienum
712 5004 930 5074 aliquid
963 5004 1313 5074 suspicetur.
1344 5003 1461 5058 Hoc
1491 5006 1612 5060 viso
1636 5006 1881 5077 Bringas

232 5095 434 5152 statim
464 5092 668 5149 Phocea
691 5093 761 5146 ad
795 5093 971 5163 pedes
1001 5092 1212 5147 accidit
1242 5097 1299 5146 et
1338 5092 1565 5147 veniam
1599 5093 1881 5165 ﬂagitavit

232 5183 530 5257 pollicitus
562 5180 782 5236 nemini
814 5197 875 5235 se
907 5180 1229 5251 quidquam
1264 5180 1335 5233 de
1366 5196 1431 5235 eo
1463 5180 1739 5236 deferenti
1764 5198 1881 5238 cre-

231 5274 516 5330 diturum.
540 5268 838 5326 Metuebat
853 5268 1028 5324 etiam
1042 5268 1401 5341 Stephanum
1419 5269 1664 5325 Romani
1688 5270 1874 5327 ﬁlium

1990 4648 2107 4703 κατ’
2163 4644 2299 4700 ἰδίαν
2360 4640 2690 4718 παραλαϐὼν
2759 4646 2848 4699 τὸν
2908 4647 3110 4721 Ἰωσὴφ
3172 4643 3437 4700 δείκνυσιν
3495 4647 3654 4704 αύτῶ

1988 4738 2228 4812 τρίχινον
2260 4730 2485 4807 ἔνδυμα,
2522 4734 2653 4807 ὅπερ
2690 4730 2899 4789 ἔνδοθεν
2950 4739 3056 4788 τῶν
3089 4734 3322 4807 ἱματίων
3351 4734 3651 4812 ἠμφίεστο,

1988 4825 2077 4880 καὶ
2114 4826 2229 4896 μεθ’
2274 4823 2448 4897 ὅρκων
2480 4820 2931 4899 ἐπληροφόρησεν
2982 4822 3055 4883 ὡς
3088 4824 3185 4892 τήν
3218 4826 3324 4876 τῶν
3387 4830 3649 4898 μοναχῶν

1989 4913 2363 4985 ἀσπαζόμενος
2427 4910 2704 4965 πολιτείαν
2784 4908 2954 4965 πάλαι
3027 4909 3089 4965 ἂν
3162 4906 3516 4987 περιεϐάλετο
3585 4915 3651 4969 τὸ

1988 5009 2181 5078 σχῆμα
2227 4999 2315 5055 καὶ
2362 5004 2466 5053 τῶν
2532 5000 2801 5073 βιωτικῶν
2855 4999 3180 5075 ὑπεξήγαγεν
3230 4999 3416 5054 ἑαυτὸν
3473 5022 3652 5078 φρον-

1984 5090 2173 5162 τίδων⁹
2223 5089 2267 5145 εἰ
2318 5090 2393 5162 μή
2447 5086 2671 5163 ἐπέσχεν
2727 5087 2885 5143 αὐτὸν
2936 5090 2970 5157 ἡ
3015 5092 3119 5142 τῶν
3157 5086 3430 5164 βασιλέων
3478 5110 3652 5163 προσ-

1985 5182 2181 5235 πάθεια
2249 5177 2650 5233 Κωνσταντίνου
2719 5178 2809 5232 καὶ
2854 5178 3139 5249 Ῥωμανοῦ
3174 5220 3187 5245 ,
3257 5177 3347 5232 καὶ
3419 5176 3651 5251 μέλλειν

1986 5271 2109 5325 ὅσον
2144 5268 2297 5323 οὔπω
2338 5268 2426 5321 τὸν
2480 5266 2676 5321 οἰκεῖον
2730 5265 3081 5341 ἐκπληρῶσαι
3132 5267 3353 5322 σκοπόν·
3415 5267 3503 5322 καὶ
3567 5270 3654 5341 μὴ

1414 5404 1779 5462 XYLANDRI
1818 5407 1911 5464 ET
1952 5405 2172 5464 GOARI
2212 5404 2443 5461 ΝΟΤιΕ.

297 5526 375 5595 (6)
410 5522 640 5579 Falsam
675 5537 813 5595 esse
856 5520 1007 5595 hanc
1068 5520 1429 5595 numeralem
1492 5528 1709 5589 notam,
1766 5540 1879 5579 non

226 5592 486 5653 Zonaras
519 5594 819 5661 modo,sed
853 5592 1040 5649 multo
1074 5593 1288 5647 certius
1320 5610 1700 5649 numerorum
1735 5595 1881 5651 ratio

230 5671 419 5725 docet.
456 5669 663 5725 Confer
693 5669 849 5724 enim
883 5665 1039 5723 hunc
1070 5681 1292 5721 annum
1316 5682 1449 5721 cum
1491 5683 1643 5723 anno
1678 5667 1777 5738 qui
1809 5669 1881 5724 ad

1994 5526 2242 5578 mortem
2266 5518 2636 5577 Constantini
2669 5519 2849 5590 patris
2883 5521 3011 5591 ejus
3041 5523 3131 5576 est
3178 5520 3519 5588 adnotatus,
3553 5520 3655 5577 in-

1993 5596 2192 5650 venies
2226 5592 2595 5648 intervallum
2633 5607 2916 5648 annorum
2969 5608 3084 5648 non
3141 5592 3399 5665 amplius
3437 5594 3651 5650 trium.

1995 5668 2140 5723 XYL.
