3922 6132
266 362 329 422 81
1386 360 1754 421 HISTORIA
1768 360 1934 423 RUM
1979 360 2135 422 GOM
2149 361 2492 424 pENDIUM
2503 404 2517 420 .
3586 354 3667 414 82

275 489 429 562 μάτην
486 487 882 544 ὑποπτεύεσθαι
932 490 1290 553 καθικέτευσε.
1339 494 1509 545 Τοῦτο
1560 494 1887 563 θεασάμενος

2070 493 2319 565 νεορὴιιε,
2344 493 2634 548 viventem
2666 489 2991 546 etiamnum
3024 489 3081 541 et
3108 485 3460 557 Methymna
3491 500 3665 540 exsu-

274 580 298 633 6
348 580 536 655 Ἰωσὴιρ
592 577 780 633 πίπτει
842 578 1041 642 ούθέως
1105 580 1240 655 πρὸς
1300 579 1424 641 τοὺς
1481 577 1651 641 πόδας
1698 579 1888 648 αὐτοῦ,

276 670 537 741 μετάνοιαν
571 667 840 739 ἐκζητῶν,
891 670 978 723 καὶ
1029 670 1105 731 ὡς
1167 670 1231 723 ού
1288 670 1559 724 πιστεύσει
1608 670 1710 723 τινὶ
1761 669 1906 740 πλη-

276 762 499 835 ροφορῶν
560 757 776 833 λέγοντί
830 779 964 813 ποτε
1018 760 1133 813 κατ’
1190 758 1375 815 αὐτοῦ.
1423 765 1725 836 Ὑφεωρᾶτο
1769 757 1825 814 δὲ
1872 761 1899 814 6

279 847 490 921 Βρίγγας
515 846 605 900 καὶ
640 848 914 924 Στέφανον
966 847 1056 901 τὸν
1120 847 1369 921 βασιλέα,
1400 855 1517 911 τοῖς
1565 853 1698 917 ζῶσι
1732 851 1901 924 μέχρι

275 936 382 989 τότε
410 934 910 1008 συναριθμούμενον
960 935 1049 989 καὶ
1099 934 1373 1009 ἐξόριστον
1420 934 1471 990 ἐν
1514 936 1792 1011 Μηθύμνῃ
1826 940 1905 1009 (7)

275 1026 613 1099 τυγχάνοντα,
684 1024 775 1079 καὶ
830 1022 919 1079 διὰ
972 1024 1171 1086 παντός
1232 1024 1536 1102 ἐφρόντιζεν
1600 1025 1700 1079 ὑπὸ
1756 1025 1905 1096 ἀκρι-

2004 582 2263 649 lantem;
2308 597 2659 654 semperque
2718 578 3014 650 cogitabat
3071 574 3365 647 quomodo
3424 573 3661 629 arctiori

2011 688 2145 726 eum
2178 673 2446 728 custodia
2489 670 2938 741 constringeret.
2969 665 3187 721 Verum
3237 663 3569 735 Stephanus
3597 661 3657 716 in

2011 758 2328 815 festivitate
2383 760 2579 833 magni
2612 758 2852 815 Sabbati
2884 754 3099 811 divinis
3130 752 3469 824 impertitus
3502 766 3664 823 mys-

2012 849 2177 904 teriis
2211 850 2404 905 subito
2450 850 2631 904 vitam
2677 864 2810 903 cum
2845 848 3031 902 morte
3071 841 3473 905 commutavit.
3506 840 3668 895 nulla

2014 942 2358 1009 antegressa
2389 954 2585 994 causa.
2619 938 2731 992 Sed
2764 936 3044 991 nimirum
3096 931 3456 1002 Theophano
3505 944 3664 997 eum,

2016 1045 2357 1101 quanquam
2389 1030 2591 1102 procul
2624 1032 2941 1095 remotum,
2972 1023 3234 1082 sustulit.

281 1109 504 1184 ϐεστίραν
564 1113 726 1168 αὖτ’ὀν
778 1116 912 1168 εἶναι
973 1113 1244 1187 φυλακήν.
1309 1113 1466 1169 Ἀλλ’
1527 1114 1725 1176 ἐκεῖνος
1784 1116 1920 1169 κατά
1975 1117 2073 1184 τήν
2130 1118 2322 1193 ἑορτὴν
2372 1123 2468 1173 τοῦ
2546 1115 2789 1193 μεγάλου
2834 1110 3117 1170 Σαϐϐάτου
3163 1116 3271 1167 τῶν
3323 1109 3476 1175 θείων
3540 1129 3666 1183 μετ-

273 1202 505 1276 εσχηκὼς
568 1201 884 1277 μυστηρίων
957 1199 1237 1278 αἰφνιδίως
1298 1203 1454 1264 εὐθὺς
1519 1204 1765 1271 τέθνηκε,
1844 1200 2119 1277 μηδεμιᾶς
2190 1206 2660 1281 προηγησαμένης
2738 1204 2932 1271 αἰτίας,
2982 1202 3129 1257 ἀλλὰ
3182 1207 3283 1269 τῆς
3341 1196 3666 1271 Θεοφανοὺς,

271 1290 312 1344 εἴ
337 1292 420 1345 καὶ
448 1291 736 1369 πόρρωθεν
767 1292 1088 1365 κατῴκιστο.
1117 1291 1593 1369 κατεργασαμένης
1626 1293 1811 1348 αὐτὸν.

328 1398 519 1471 Πέτρος
549 1396 607 1453 δὶ
647 1401 675 1453 6
705 1404 814 1453 τῶν
853 1398 1184 1475 Βουλγάρων
1240 1400 1495 1473 βασιλεὺς
1538 1402 1638 1469 τὴν
1671 1400 1893 1476 εἰρήνην

259 1489 388 1562 τάχα
418 1487 809 1561 ἀνανεούμενος
850 1489 1222 1558 ἀποθανούσης
1265 1492 1365 1554 τῆς
1417 1489 1579 1544 αὐτοῦ
1610 1490 1891 1564 γυναικὸς⁹

269 1573 484 1639 σπονδὰς
514 1577 651 1652 πρὸς
679 1577 807 1639 τοὺς
859 1576 1102 1653 βασιλεῖς
1151 1573 1323 1646 ἔθετο,
1374 1580 1619 1653 ὁμήρους
1651 1577 1776 1640 δοὺς
1805 1577 1893 1632 καὶ

263 1664 375 1726 τοὺς
424 1664 655 1727 οἰκείους
712 1663 807 1720 δύο
855 1665 1006 1729 υἱοὺς
1053 1667 1285 1738 Βορίσην
1326 1669 1415 1722 καὶ
1446 1669 1722 1741 Ῥωμανόν
1759 1686 1771 1699 ·
1804 1667 1894 1721 καὶ

269 1755 390 1827 μετὰ
420 1756 611 1829 μικρὸν
644 1750 876 1811 ἀπεϐίω.
905 1757 972 1813 Οἱ
1017 1754 1073 1810 δὲ
1118 1756 1227 1811 υἱοὶ
1278 1756 1445 1811 αὐτοῦ
1496 1757 1546 1811 ἐν
1580 1755 1894 1832 Βουλγαρίᾳ

2082 1403 2187 1458 Per
2220 1404 2372 1462 idem
2409 1411 2642 1478 tempus
2672 1406 2878 1461 Petrus
2924 1401 3311 1475 Bulgarorum
3361 1397 3664 1471 princeps,

2010 1497 2240 1549 mortua
2271 1513 2378 1551 sua
2428 1514 2624 1563 uxore,
2663 1494 3006 1551 renovandae
3054 1490 3215 1562 pacis
3267 1505 3447 1545 causa
3476 1487 3667 1542 foedus

2006 1597 2141 1635 cum
2176 1584 2630 1657 imperatoribus
2662 1585 2785 1654 icit,
2817 1582 3173 1652 obsidesque
3197 1579 3297 1633 dat
3326 1577 3474 1633 347
3513 1575 3664 1631 ﬁlios

2005 1687 2145 1726 suos
2178 1675 2414 1730 Borisen
2449 1681 2507 1731 et
2536 1678 2867 1731 Romanum
2891 1697 2903 1739 ;
2927 1688 2991 1726 ac
3026 1668 3198 1742 paulo
3226 1671 3358 1740 post
3389 1664 3663 1721 moritur.

2004 1758 2133 1814 Filii
2165 1765 2293 1833 ejus
2324 1764 2384 1818 in
2415 1763 2753 1836 Bulgariam
2808 1762 3211 1829 remittuntur,
3245 1762 3310 1813 ut
3350 1760 3661 1827 paternum

266 1842 601 1921 ἐπέμφθησαν
669 1845 803 1916 μετὰ
855 1849 1022 1899 ταῦτα
1063 1845 1140 1923 ἐφ’
1192 1847 1237 1917 ᾦ
1284 1854 1386 1912 τῆς
1444 1848 1700 1921 πατρῴας
1744 1829 1890 1901 ’ἀντι-

2070 1853 2318 1921 iperium
2373 1859 2659 1925 occupent
2701 1858 2759 1907 et
2815 1848 3320 1920 cometopulorum
3368 1846 3661 1915 impetum

272 1934 482 2006 σχέσθαι
516 1932 819 2008 βασιλείας,
864 1934 953 1988 καὶ
998 1933 1125 1998 τοὺς
1171 1935 1632 2005 κομητοπούλους
1683 1939 1761 2009 (8)
1808 1935 1905 1989 ἀπ-

278 2021 491 2093 είρξουςι
520 2029 621 2090 τῆς
670 2022 855 2098 πρόσω
903 2028 1091 2099 φορᾶς.
1147 2019 1311 2078 Δαϐἱδ
1359 2026 1481 2101 γὰρ,
1534 2025 1620 2079 καὶ
1644 2032 1904 2094 Μωϋσῆς,

274 2112 354 2163 καὶ
400 2111 630 2182 Ἀαρὼν,
694 2111 783 2165 καὶ
845 2112 1133 2185 Σαμουὴλ,
1183 2114 1296 2176 ένὸς
1354 2109 1497 2176 ὄντες
1555 2113 1744 2177 παῖδες
1795 2120 1901 2170 τῶν

278 2201 402 2272 μέγα
433 2197 771 2269 δυνηθέντων
820 2200 871 2254 έν
922 2200 1235 2275 Βουλγαρίᾳ
1279 2205 1564 2276 κομήτων,
1598 2205 1734 2279 πρὸς
1767 2206 1906 2259 ἀπο-

275 2289 478 2342 στασίαν
529 2286 752 2343 ἀπεῖδον
816 2289 906 2344 καὶ
957 2291 1024 2345 τὰ
1094 2288 1421 2367 Βουλγάρων
1489 2293 1746 2352 ἀνέσειον.
1807 2294 1906 2349 Καὶ

271 2380 427 2431 ταῦτα
466 2377 558 2449 μὶν
593 2378 899 2453 συνηνέχθη
934 2376 1059 2435 ὧδε.

334 2472 389 2523 '0
420 2463 477 2519 δὶ
524 2466 759 2541 Βρίγγας
808 2467 868 2521 ’ὀν
916 2466 1139 2541 εἴπομεν
1186 2468 1389 2543 τρόπον
1448 2470 1744 2542 ἀπατηθεὶς
1804 2473 1907 2528 ὑπὸ

270 2560 357 2608 τοῦ
413 2555 760 2632 Νικηφόρον),
811 2556 901 2610 καὶ
939 2562 1129 2611 τοῦτον
1177 2556 1334 2621 ἐάσας
1395 2558 1578 2614 οἷ’καδε
1630 2561 1908 2634 ἀπελθεῖν,

277 2643 615 2716 μετεμέλετο,
664 2644 755 2699 καὶ
830 2645 882 2699 ἐν
973 2643 1133 2718 δεινῷ
1217 2647 1454 2703 ἐποιεῖτο
1515 2648 1699 2725 ὅτιπερ
1759 2651 1909 2714 ἐντὸς

272 2733 477 2805 ἀρκύων
534 2731 683 2809 ἕχωδ
748 2733 811 2788 τὸ
864 2736 1082 2810 θήραμα
1135 2733 1292 2801 ἔλαθε
1320 2742 1480 2792 τοῦτο
1521 2734 1908 2815 φρενοϐλαϐὦς

273 2822 670 2897 προηκάμενος.
718 2824 1018 2899 Ἐμερίμνα
1060 2830 1188 2900 γοῦν
1234 2831 1352 2891 πῶς
1392 2828 1481 2881 καὶ
1520 2829 1654 2899 ποίᾷ
1688 2833 1908 2904 μηχανῇ

270 2919 365 2979 τῆς
414 2911 518 2967 ἀπὸ
572 2910 782 2966 τούτων
848 2912 1148 2984 ἀπολυθείη
1206 2914 1509 2993 φροντίδος.
1573 2920 1670 2972 Καὶ
1732 2916 1907 2991 ἔδοξεν

276 3000 411 3071 αύτῷ
462 3000 907 3056 λυσιτελέστατον
966 3004 1097 3057 εἶναι
1142 3005 1276 3079 πρὸς
1308 3005 1561 3076 Ἰωάννην
1616 3007 1906 3084 μάγιστρον

272 3091 463 3165 γράψαι
494 3090 583 3144 τὸν
642 3096 968 3163 Τζιμισκῆν,
1016 3089 1181 3167 ἄνδρα
1229 3091 1491 3165 θυμοειδῆ
1536 3096 1626 3150 καὶ
1677 3095 1909 3168 δραστή-

2013 1940 2349 2009 reprimant.
2386 1943 2530 1998 Nam
2563 1941 2840 2005 Davidus,
2873 1944 3079 2005 Moses,
3115 1940 3297 1992 Aaron
3327 1938 3385 1990 et
3412 1934 3665 1989 Samue-

2016 2030 2130 2097 lus,
2178 2031 2275 2086 filii
2330 2032 2641 2103 cujusdam
2691 2030 2748 2085 in
2800 2027 3069 2099 Bulgaria
3121 2025 3359 2095 largiter
3404 2020 3661 2095 potentis

2017 2121 2265 2190 comitis,
2302 2138 2393 2176 res
2425 2139 2600 2177 novas
2633 2119 3025 2175 moliebantur
3059 2120 3115 2172 et
3152 2114 3436 2186 Bulgaros
3468 2111 3661 2167 conci-

2014 2210 2237 2266 tabant.
2270 2214 2458 2282 Atque
2486 2210 2568 2264 ita
2596 2215 2737 2265 tunc
2769 2225 2861 2264 res
2891 2211 3038 2263 acta.

2090 2477 2327 2533 Interim
2360 2477 2665 2549 Bringas,a
2689 2474 3105 2546 Nicepbero,ut
3132 2471 3532 2545 exposuimus,
3566 2470 3668 2525 de-

2018 2576 2240 2638 ceptus,
2277 2583 2532 2637 eumque
2564 2568 2804 2620 domum
2838 2579 3007 2618 suam
3040 2561 3199 2616 abire
3225 2558 3666 2631 passus,pmni-

2017 2657 2201 2711 tentia
2231 2657 2388 2721 duci,
2421 2660 2478 2709 et
2505 2656 2705 2725 inique
2739 2654 2887 2708 ferre
2919 2651 3073 2723 quod
3132 2649 3372 2721 petitam
3407 2648 3666 2719 praedam

2018 2747 2199 2801 stulte
2230 2763 2295 2801 ex
2329 2746 2473 2817 ipsis
2505 2744 2772 2799 cassibus
2803 2737 3520 2809 dimisisset,solliciteque
3551 2752 3670 2790 me-

2018 2836 2190 2890 ditari
2223 2852 2339 2907 qua
2369 2840 2491 2890 arte
2539 2850 2725 2906 quave
2757 2830 3029 2887 machina
3079 2834 3259 2893 metu,
3293 2842 3467 2899 quem
3499 2826 3569 2880 de
3600 2841 3667 2879 eo

2019 2930 2382 2996 conceperat,
2418 2941 2477 2979 se
2501 2922 2791 2978 liberaret.
2816 2921 3072 2976 Tandem
3106 2916 3362 2973 maxime
3393 2933 3424 2971 e
3456 2933 3517 2970 re
3546 2916 3667 2970 fore

2019 3014 2210 3069 visum
2271 3015 2624 3086 magistrum
2687 3013 2969 3066 Joannem
3041 3006 3415 3072 Tzimiscem,
3474 3003 3668 3057 virum

2020 3104 2353 3158 animosum
2373 3117 2439 3156 ac
2466 3104 2771 3156 strenuum
2794 3102 2850 3152 et
2884 3096 3211 3152 secundum
3239 3093 3488 3149 Phocam
3522 3092 3672 3145 inter

276 3198 381 3250 ριον
442 3173 564 3232 ὄντα
620 3178 711 3233 καὶ
771 3180 909 3249 μετᾶ
950 3180 1043 3234 τὸν
1096 3186 1289 3236 Φωκᾶν
1338 3182 1389 3237 ἐν
1448 3189 1564 3245 τοῖς
1618 3185 1890 3258 Ῥωμαίωη

2072 3209 2315 3247 omanos
2336 3191 2514 3244 duces
2539 3188 2991 3258 praecipuum,eo
3009 3190 3270 3255 tempore
3283 3179 3671 3238 Orientalium

275 3265 666 3339 ἐπισημότατον
717 3275 1065 3343 στρατηγοῖς,
1116 3273 1415 3346 στρατηγὸν
1462 3279 1757 3343 τηνικαῦτα
1796 3280 1904 3330 τῶν

274 3355 624 3411 ’Δνατολικῶν
686 3356 1022 3432 ὑπάρχοννα,
1069 3355 1145 3413 ἔτι
1198 3357 1256 3414 δὲ
1303 3362 1440 3435 πρὸς
1484 3361 1575 3416 τὸν
1612 3363 1908 3440 μάγιστρον

273 3444 541 3517 Ῥωμανὸν
599 3446 691 3499 τὸν
770 3445 1083 3521 Κουρκούαν
1163 3451 1311 3522 [647]
1387 3452 1760 3527 φανερώτατον
1820 3454 1909 3508 καὶ

274 3532 534 3606 ἐπίσημον
565 3534 655 3588 κάὶ
686 3534 848 3590 αὐτὸν
883 3534 1261 3612 στρατηλάτην
1311 3532 1439 3593 ὄντα
1459 3542 1559 3608 τῆς
1593 3541 1908 3611 Ἀνατολῆς,

271 3643 559 3698 γράμματα
613 3623 847 3697 πέμψαι,
902 3625 992 3679 καὶ
1052 3624 1386 3703 φιλοτιμιῶν
1450 3629 1772 3704 ὑποσχέσεσι
1821 3633 1910 3686 καὶ

275 3710 484 3784 δωρεῶν
525 3712 615 3767 καὶ
664 3718 843 3786 τιμῶν
890 3712 1149 3789 διεγεῖραι
1195 3715 1422 3780 τούτους
1475 3718 1613 3791 πρὸς
1659 3721 1911 3796 καθαίρε-

276 3823 349 3865 σιν
374 3806 474 3856 τοῦ
530 3805 720 3859 Φωκᾶ.
782 3803 1067 3879 Ἐγένοντο
1124 3806 1191 3860 τὰ
1246 3808 1563 3883 γράμματα,
1594 3810 1682 3863 καὶ
1716 3811 1743 3864 ὁ
1787 3810 1909 3874 νοῦς

272 3895 372 3945 τῶν
402 3892 797 3966 γεγραμμένων
860 3894 1103 3971 ὑπῆρχεν
1156 3896 1313 3958 οὗτος
1349 3916 1360 3926 ·
1416 3896 1477 3954 Εἰ
1538 3895 1909 3963 διαναστάντες

273 3982 655 4056 καθαιρήσουσι
711 3983 801 4037 τὸν
857 3989 1053 4038 Φωκᾶν
1105 3985 1196 4039 καὶ
1250 3987 1490 4061 μοναχὸν
1532 3988 1909 4063 ἀποκείρουσιν

273 4068 305 4137 ἦ
357 4091 559 4146 τροπον
620 4069 793 4126 ἄλλον
853 4071 911 4127 ἐκ
974 4073 1139 4145 μέσου
1183 4077 1497 4145 ποιήσουσι,
1544 4077 1644 4144 τήν
1699 4078 1793 4150 μὲν
1817 4083 1912 4133 τοῦ

274 4155 591 4230 δομεστίκου
646 4164 754 4214 τῶν
824 4159 1045 4236 σχολῶν
1121 4166 1219 4228 τῆς
1289 4163 1591 4233 Ἀνατολῆς
1656 4167 1911 4242 μεγίστην

273 4247 445 4323 ἀρχὴν
502 4248 738 4323 λήψεναι
795 4252 822 4305 6
876 4250 1156 4322 Ἰωάννης,
1206 4254 1305 4320 τὴν
1358 4251 1414 4308 δὲ
1460 4259 1555 4309 τοῦ
1589 4252 1912 4328 δομεστίκου

270 4343 360 4404 τῆς
419 4337 629 4401 Δύσεως
708 4340 735 4393 6
809 4340 1114 4412 Ῥωμανός.
1192 4342 1571 4414 Κομισθέντων
1642 4346 1730 4399 οὗν
1804 4352 1910 4402 τῶν

270 4426 597 4500 γραμμάτων
629 4433 746 4488 τοῖς
798 4426 1124 4499 δηλωθεῖσιν
1183 4428 1463 4506 ἀνδράσιν.
1525 4432 1743 4509 ἐπείπερ
1782 4456 1909 4512 σχε-

268 4519 426 4576 τικῶς
459 4514 647 4570 ἐκεῖνοι
682 4517 828 4592 εἶχον
854 4518 989 4592 πρὸς
1015 4519 1107 4573 τὸν
1157 4524 1374 4589 Φωκᾶν,
1412 4522 1909 4581 ὑπανααινώσκουσί

268 4624 321 4657 τε
359 4604 505 4675 αύτῷ
548 4604 748 4669 εὐθέως
794 4608 858 4660 τὰ
911 4608 1223 4681 γράμματα,
1254 4609 1342 4663 καὶ
1395 4608 1740 4681 διαναλτῆναι
1772 4616 1907 4688 πρὸς

2022 3274 3339 3353 praefectum,itemquemagistrumRomanum
3357 3272 3672 3337 Curcuam,

2020 3372 2312 3425 illustrem
2328 3365 2846 3439 etipsumOrientis
2861 3360 3441 3432 ducem,perlitteras
3462 3358 3532 3412 ad
3542 3373 3671 3410 ver-

2020 3478 2122 3517 sus
2147 3457 2535 3529 Nicephorum
2564 3454 2811 3510 Phocum
2836 3454 3087 3508 excitare
3121 3446 3452 3522 magniﬁcis
3484 3447 3674 3500 dono-

2022 3567 2151 3605 rum
2176 3554 2234 3603 et
2253 3548 2542 3603 bonorum
2568 3536 3427 3616 pollicitationibus.Sententia
3448 3534 3671 3591 littera-

2022 3656 2150 3694 rum
2176 3638 2299 3692 haec
2322 3642 2446 3690 erat
2479 3651 2490 3687 :
2530 3635 2587 3689 Si
2612 3633 2865 3688 Phocam
2889 3631 3310 3702 opprimerent,
3342 3631 3399 3682 et
3427 3624 3514 3681 vel
3547 3640 3671 3679 mo-

2021 3728 2274 3784 nachum
2307 3727 2558 3781 facerent
2578 3722 2663 3777 vel
2705 3735 3056 3793 quocunque
3078 3718 3251 3773 modo
3276 3733 3306 3771 e
3339 3714 3533 3770 medio
3560 3712 3671 3767 tol-

2018 3816 2226 3880 lerent,
2258 3814 2544 3869 Joannem
2578 3808 2730 3878 848
2765 3810 2883 3863 fore
2914 3807 3305 3862 domesticum
3335 3803 3670 3859 scholarum

2020 3904 2293 3970 Orientis,
2330 3902 2659 3956 Romanum
2692 3897 3046 3954 Occidentis.
3080 3896 3123 3951 Ii
3154 3910 3289 3949 cum
3320 3892 3547 3947 litteras
3580 3908 3672 3945 ac-

2022 3993 2336 4064 cepissent.
2371 3990 2574 4044 Phocae
2603 4005 2725 4051 eas,
2758 3987 2851 4043 cui
2884 3986 3125 4042 honeste
3157 3982 3493 4054 cupiebant,
3524 3979 3675 4035 reci-

2022 4087 2187 4148 tant;
2220 4081 2649 4148 hortanturque
2698 4081 2762 4131 ut
2793 4075 3061 4131 animum
3111 4074 3297 4145 erigat
3334 4086 3400 4125 ac
3451 4068 3680 4124 fortiter

2022 4188 2142 4227 rem
2178 4184 2450 4241 magnam
2484 4166 2863 4239 aggrediatur
2896 4180 2907 4217 :
2941 4163 3423 4235 tergiversantem
3457 4159 3582 4215 suis
3613 4173 3676 4212 se

2024 4258 2318 4324 manibus,
2358 4257 2413 4312 ni
2464 4259 2713 4328 pareret,
2768 4253 3177 4309 interfecturos
3228 4250 3549 4305 minantur.
3584 4249 3673 4301 Ita

2021 4352 2259 4404 demum
2290 4346 2533 4413 Phocas,
2559 4344 2814 4415 periculo
2848 4343 3055 4397 mortis
3086 4341 3347 4409 territus,
3380 4336 3627 4395 assentit
3656 4353 3669 4403 ;

2022 4443 2077 4494 et
2127 4437 2383 4493 secunda
2438 4435 2530 4488 die
2587 4433 2728 4488 Julii
2786 4431 3031 4498 mensis,
3090 4430 3293 4485 eadem
3352 4427 3675 4482 indictione

2024 4532 2205 4593 sexta,
2242 4525 2312 4579 ab
2345 4521 2730 4578 orientalibus
2774 4521 3128 4575 exercitibus
3175 4517 3450 4573 omnibus
3481 4533 3514 4569 ιι
3542 4514 3669 4567 Tzi-

2022 4617 2206 4673 misca
2234 4611 2540 4669 concitatis
2571 4610 2891 4681 imperator
2922 4609 3320 4664 Romanorum
3353 4605 3666 4660 salutatur.

270 4693 437 4762 αλκήν
489 4696 579 4749 τὸν
645 4701 844 4750 Φωκᾶν
904 4697 994 4751 καὶ
1049 4700 1292 4774 γενναῖόν
1346 4721 1399 4753 τι
1438 4702 1528 4755 καὶ
1587 4704 1829 4759 νεανικὸν
1891 4704 2236 4776 έννοήσασθαι
2302 4696 2669 4776 παρεκάλουν,
2730 4698 3021 4754 Ὀκνοῦντα
3067 4693 3125 4749 δὶ
3162 4695 3252 4749 καὶ
3301 4689 3666 4764 ἀναδυόμενον

268 4782 349 4835 καὶ
415 4782 755 4858 αὖτοχείρως
819 4784 1083 4854 ἠπείλουν
1162 4784 1616 4863 διαχειρίσασθαι.
1698 4794 1791 4849 Διὸ
1868 4796 1956 4850 καὶ
2031 4794 2168 4869 πρὸς
2242 4791 2335 4845 τὸν
2400 4792 2498 4843 τοῦ
2557 4788 2783 4841 θανάτου
2841 4783 3224 4844 ἄποδειλιάσας
3280 4778 3523 4837 κίνδυνον
3571 4781 3639 4848 τὴ

270 4869 567 4944 πρόκλησιν
603 4870 924 4944 ὑπεδέξατο.
1001 4876 1105 4931 Καὶ
1180 4873 1401 4951 δευτέρᾳ
1481 4884 1577 4933 τοῦ
1662 4880 1900 4938 Ἰουλίου
1989 4868 2180 4957 μηνὸς,
2265 4884 2365 4948 τῆς
2418 4876 2585 4947 αὐτῆς
2644 4877 2687 4940 ς’
2758 4873 3115 4942 ἱνδικτιῶνος,
3166 4872 3269 4926 ὑπὸ
3324 4874 3431 4926 τῶν
3492 4868 3543 4924 έν
3600 4870 3672 4941 τῇ

267 4960 402 5032 Ἑῴᾳ
431 4962 845 5037 στρατευμάτων
874 4962 1125 5021 ἁπάντων
1155 4968 1672 5041 παρακεκινημένον
1706 4972 1907 5029 ὑπὸτοῦ
1938 4976 2208 5046 Τζιμισκῆ
2241 4966 2529 5042 Ῥωμαίων
2565 4965 2941 5043 ανᾶγορεύεται
2978 4959 3253 5039 βασιλεύς.

1456 5130 1826 5191 XYLANDRI
1866 5136 1954 5191 ET
1993 5134 2216 5192 GOARI
2255 5132 2493 5189 ΝΟΤιἘ.

268 5334 279 5344 1
334 5262 413 5331 (7)
442 5262 971 5345 Βορνεηζίίίῐγζεοῳ
1021 5264 1206 5345 fertur
1236 5265 1416 5345 fuisse
1445 5267 1503 5345 i_n
1534 5269 1759 5345 exsilio2
1792 5270 1911 5326 sive

265 5334 313 5387 is
341 5349 502 5389 error
530 5340 618 5414 est
643 5334 892 5414 librarii,
925 5336 1045 5414 sive
1070 5336 1291 5414 interea
1321 5338 1597 5414 Mitylene
1626 5334 1910 5414 Methym-

266 5420 397 5481 nam
444 5406 761 5481 lranslatus
817 5408 1167 5480 Stephanus.
1199 5406 1459 5481 Utraque
1510 5408 1651 5468 urbs
1700 5406 1806 5471 est'
1847 5414 1906 5469 in

270 5476 450 5532 Lesbo
479 5479 690 5535 insula.
722 5482 868 5536 Χη.

335 5549 969 5632 (δξροειοῐοροῇιειῃιῐ
998 5551 1134 5632 ἀξοξί
1165 5551 1333 5624 quasi
1367 5552 1511 5632 pulli
1665 5561 1755 5612 est
1778 5556 1907 5632 ﬁlii)

272 5620 730 5698 comit_ia.}_{rr..;-
758 5624 943 5698 Dictio
959 5620 1486 5698 πολῶςροιῖηεόυίο
1506 5620 1908 5698 πόῢλος,ιι1ῑοι·ἰ

274 5691 494 5762 adjecta
516 5694 702 5765 [ilium
729 5695 912 5753 simul
933 5701 991 5754 et
1008 5694 1424 5753 diminutivum
1447 5696 1588 5770 quid
1619 5691 1910 5757 sonat.Sic

2022 5265 2470 5343 άρχοντόπουλᾼον
2525 5266 2713 5337 ﬁlium
2770 5265 2994 5343 nobilis,
3062 5256 3465 5343 βασιλόπουλον
3524 5259 3671 5343 regis

2016 5330 2224 5410 ﬁiz‘iim,
2255 5330 2534 5407 regulum;
2576 5344 2632 5393 et
2660 5338 2896 5392 tandem
2943 5330 3436 5410 xopjn'conoélouc“
3454 5331 3671 5410 comitis

2058 5415 2161 5467 tios
2192 5399 2363 5465 vocat
2409 5399 2652 5473 auctor;
2686 5413 2743 5463 et
2776 5412 2840 5463 ut
2887 5399 3091 5463 subdit
3132 5400 3322 5466 παῖδες
3369 5406 3478 5458 τῶν
3529 5399 3670 5475 μέγα

2052 5478 2360 5553 υδηθέντων
2410 5479 2460 5534 έν
2510 5477 3154 5553 Βουλγαρίᾳ-κομήτων.
3210 5478 3366 5533 Infra
3406 5492 3462 5547 p.
3511 5476 3664 5553 69‘!!!

2018 5542 2274 5625 Κύμηνος
2334 5547 2481 5625 ὄντες
2537 5542 2861 5613 παῖδές’καὶ
2906 5542 3016 5606 Sict
3046 5553 3209 5605 τοῦτο
3265 5542 3672 5621 κομητοπῶλοι

2015 5622 2173 5681 κατον
2182 5644 2208 5678 ο
2218 5622 2352 5699 μαζό
2362 5645 2511 5696 μενοι
2522 5666 2534 5680 .
2567 5626 2746 5682 GOAR.
