3922 6132
202 313 308 393 se
1579 312 1899 378 GEORGII
1941 313 2285 377 causam
3567 317 3649 391 si

204 506 213 511 ,
309 447 511 515 Fertur
558 448 618 502 et
659 444 812 503 alius
873 446 984 503 hac
1034 447 1107 503 de
1154 464 1237 513 re,
1294 446 1463 519 isque
1528 448 1880 519 probabilior

2067 447 2166 501 Καὶ
2228 449 2305 511 εἷς
2366 448 2463 521 μὲν
2521 446 2683 527 λόγος
2739 448 2951 527 φέρεται
3011 444 3212 521 οὕτως,
3267 445 3450 525 ἔτερος
3506 444 3587 518 δὶ,
3621 447 3649 502 6

236 551 431 611 sermo
461 552 474 590 :
502 535 862 607 jampridem
895 552 1031 591 eum
1065 536 1388 609 cupiditate
1417 534 1671 608 imperii,
1705 554 1893 608 neque

234 629 438 680 tamen
461 629 584 681 tam
616 625 795 696 hujus
826 642 1001 697 quam
1025 625 1418 698 Theophanus
1440 629 1712 697 Augustae
1735 644 1891 683 amo-

239 731 302 768 re
334 714 636 786 flagrasse,
669 731 804 771 cum
838 732 952 786 qua
1002 719 1058 771 et
1088 714 1411 772 collocutus
1461 715 1633 773 fuerit
1663 734 1797 772 cum
1830 718 1889 772 in

237 804 380 857 urbe
412 808 630 874 ageret,
664 808 721 859 et
753 820 904 877 saepe
958 804 1029 859 ad
1066 821 1194 861 eam
1244 804 1597 861 Michaelum
1647 824 1887 862 suorum

233 891 593 948 famulorum
649 893 1005 948 ﬁdissimum
1066 894 1330 951 miserit:
1379 894 1556 967 idque
1613 895 1889 968 Bringam

236 980 719 1059 deprehendisse,
750 987 807 1038 et
836 984 909 1039 ob
940 982 999 1038 id
1029 984 1401 1056 suspiciones
1448 984 1728 1041 adversus
1754 1002 1891 1041 eum

208 1132 211 1135 γ
240 1070 598 1142 concepisse.

309 1156 727 1231 Designatione
772 1159 974 1219 Phoce:
1023 1161 1186 1234 Cpoli
1216 1163 1562 1220 annuntiata
1598 1163 1893 1237 rebusque

239 1248 628 1319 conturbatis,
657 1249 973 1321 Josephus,
1007 1251 1109 1322 qui
1157 1258 1371 1307 ruram'
1402 1254 1667 1309 omnium
1700 1270 1893 1309 rerum

243 1337 593 1406 sustinebat,
627 1339 807 1393 animi
841 1340 1187 1411 angebatur,
1224 1358 1414 1412 neque
1458 1343 1605 1399 satis
1635 1342 1893 1399 invenie-

244 1426 341 1480 bat
373 1425 513 1496 quid
536 1426 767 1481 consilii
788 1434 1152 1500 sequeretur,
1185 1446 1318 1485 cum
1352 1446 1422 1485 ne
1469 1431 1624 1486 cives
1655 1433 1893 1503 quidem

246 1514 295 1570 ei
328 1515 475 1569 bene
505 1515 739 1583 vellent,
767 1517 984 1588 quibus
1014 1535 1077 1573 se
1108 1518 1272 1574 aditu
1305 1519 1605 1575 difﬁcilem
1638 1523 1894 1594 praabere

246 1604 665 1660 consuevisset.
700 1606 845 1661 Cum
891 1612 1086 1662 autem
1118 1609 1270 1663 349
1320 1609 1704 1680 Nicephorus,
1759 1612 1894 1679 uni-

249 1710 413 1748 verso
435 1693 691 1749 exercitu
712 1695 923 1751 faustis
945 1695 1462 1754 acclamationibus
1483 1706 1891 1771 prosequente,

2000 558 2088 592 και
2122 533 2301 592 δοκῶν
2342 534 2721 611 ἀληθέστερος,
2764 539 2840 601 ὡς
2886 536 3059 595 πολὺν
3103 536 3265 613 ὤδινε
3311 538 3515 613 χρόνον
3546 538 3646 606 τήν

1966 633 2097 695 ,τῆς
2160 625 2439 701 βασιλείας
2499 626 2808 701 ἐπιθυμίαν,
2851 629 2941 682 καὶ
2991 627 3051 682 οὐ
3096 632 3353 683 τοσοῦτον
3398 627 3556 682 αὐτὸν
3618 629 3647 682 6

1998 714 2197 785 ταύτης
2228 711 2365 789 ἔρως
2406 713 2687 794 ἐξέφλεγεν
2738 716 2861 771 ὅσον
2910 718 2938 772 6
2985 724 3084 786 τῆς
3120 713 3404 793 βασιλίδος
3433 723 3647 794 Θεοφα-

2000 809 2145 876 νοῦς,
2173 800 2465 880 ἐντυχόντα
2519 826 2578 861 τε
2626 805 2763 878 αὐτῇ
2806 805 2895 862 ὅτε
2955 810 3025 880 τῇ
3080 804 3436 883 βαςιλευούσῃ
3470 803 3645 881 διῆγε,

2000 893 2089 947 καὶ
2111 892 2382 955 πολλάκις
2414 895 2549 968 πρὸς
2596 894 2762 962 αὐτὴν
2805 893 3157 969 ἐκπέμψαντα
3186 895 3276 948 τὸν
3313 893 3648 949 οἰκειότατον

2004 982 2279 1057 ὑπηρέτην
2339 982 2503 1038 αὐτοῦ
2560 981 2815 1059 Μιχαήλ.
2866 988 3040 1041 Τοῦτο
3098 984 3198 1059 γὰρ
3254 986 3651 1061 καταφωράσας

2004 1072 2031 1125 6
2060 1071 2287 1147 Βρίγγας
2312 1071 2568 1134 ὑπόπτως
2607 1069 2835 1127 διέκειτο
2867 1072 3004 1148 πρὸς
3033 1071 3218 1129 αὐτόν.

2072 1166 2181 1231 Τῆς
2245 1162 2425 1216 τοίνυν
2511 1161 2858 1238 ἀναρρήσεως
2932 1162 3097 1217 αὐτοῦ
3168 1162 3533 1241 φημισθείσης
3599 1162 3655 1218 ἐν

2002 1250 2598 1320 Κωνσταντινουπόλει,
2646 1251 2737 1305 καὶ
2784 1255 2891 1305 τῶν
2951 1252 3283 1327 πραγμάτων
3321 1252 3374 1307 ἐν
3433 1255 3657 1327 ταραχῇ

2001 1341 2375 1410 καθεστώτων,
2410 1342 2438 1395 6
2485 1343 2586 1409 τὴν
2636 1338 2901 1418 φροντίδα
2952 1342 3059 1395 τῶν
3110 1340 3256 1396 ὅλων
3286 1342 3661 1415 ἀνεζωσμένος

2003 1429 2205 1507 Ἰωσὴφ
2272 1429 2488 1505 ἠγωνία
2538 1429 2629 1485 καὶ
2689 1427 3008 1505 διηπορεῖτο
3067 1428 3320 1509 αφοδρῶς
3379 1429 3410 1485 ὅ
3459 1451 3512 1485 τι
3562 1430 3656 1485 καὶ

2005 1516 2268 1593 δράσειεν,
2327 1519 2409 1573 ὅτι
2473 1516 2613 1592 μηδὶ
2662 1524 2780 1584 τοῖς
2843 1516 3097 1583 πολίταις
3158 1516 3341 1582 εὔνους
3373 1520 3439 1589 ἦν
3469 1517 3657 1574 διὰτὸ

2006 1603 2403 1665 δυσέντευκτον.
2463 1607 2839 1672 Κατελθόντος
2895 1606 2952 1663 δὲ
2996 1606 3046 1663 ἒν
3096 1609 3471 1683 Χρυσουπόλει
3514 1609 3658 1683 μετᾶ

2005 1696 2201 1758 παντὸς
2244 1702 2340 1751 τοῦ
2389 1701 2616 1774 στρατοῦ
2664 1697 2979 1775 Νικηφόρου
3026 1700 3127 1751 τοῦ
3177 1703 3343 1753 Φωκᾶ
3393 1699 3508 1772 μετ’
3558 1698 3654 1753 εὐ-

250 1782 628 1855 Chrys0polin
678 1785 953 1855 venisset,
987 1787 1057 1841 de
1088 1787 1441 1858 imperatore
1488 1788 1687 1860 aliquo
1734 1790 1880 1845 desi-

2025 1790 2250 1860 >ημιῶν,
2301 1781 2661 1842 ἐϐουλεύσατο
2709 1788 2737 1842 6
2787 1787 3019 1863 Βρίγγας
3070 1785 3295 1864 βασιλέα
3340 1786 3462 1843 τινὰ
3507 1808 3657 1863 προ-

250 1872 481 1944 gnando
508 1872 803 1944 Josephus
825 1874 1123 1946 cogitavit,
1156 1880 1318 1932 ratus
1351 1894 1418 1932 ea
1447 1878 1672 1933 ratione
1698 1896 1762 1935 se
1791 1879 1897 1934 im-

253 1966 451 2032 petum
512 1961 768 2019 militum
828 1970 1189 2021 retusurum.
1244 1967 1331 2021 Ad
1394 1967 1669 2023 nuntium
1728 1985 1897 2039 porro

247 2049 422 2104 delati
454 2050 654 2106 Phocea
708 2052 941 2124 imperii
971 2054 1149 2125 hujus
1199 2060 1363 2125 pater
1411 2058 1646 2124 Bardas,
1679 2062 1803 2112 tum
1838 2057 1897 2112 in

247 2139 389 2195 urbe
419 2140 912 2213 degens,supplex
947 2142 1006 2197 in
1041 2143 1319 2215 Magnum
1352 2145 1665 2217 Templum
1697 2149 1896 2202 confu-

241 2228 364 2299 git;
400 2229 511 2284 Leo
559 2235 757 2286 autem
789 2231 969 2287 frater
997 2232 1328 2304 Nicephori,
1360 2235 1594 2291 tametsi
1625 2240 1895 2292 accurate

237 2318 700 2386 custodiebatur,
735 2326 933 2375 tamen
986 2320 1137 2375 clam
1169 2339 1231 2377 se
1263 2323 1545 2378 subduxit
1582 2329 1639 2379 et
1669 2326 1741 2380 ad
1775 2326 1895 2389 fras

232 2411 380 2461 trem
406 2409 687 2478 pervenit.
719 2409 823 2464 His
844 2408 929 2465 ita
952 2410 1099 2465 actis
1122 2411 1379 2466 concidit
1404 2413 1601 2469 animo
1622 2415 1890 2485 Bringas,

208 2492 287 2549 ’ct
318 2496 375 2550 in
409 2497 662 2552 summis
694 2497 865 2553 haesit
896 2498 1499 2556 difﬁcultatibus.Non
1529 2503 1685 2558 enim
1718 2510 1892 2575 aptus

208 2580 353 2639 erat
383 2585 455 2640 ad
479 2586 931 2643 demulcendam
954 2589 1301 2660 periculosis
1324 2592 1692 2661 temporibus
1737 2588 1890 2648 mul-

232 2674 678 2746 titudinem,sed
697 2677 795 2731 ubi
811 2678 1356 2748 oportebatblandis
1369 2682 1744 2737 sermonibus
1758 2686 1892 2739 adu'

234 2760 528 2834 landoque
558 2781 687 2820 eam
719 2767 1278 2841 demitigare,magis
1309 2774 1689 2841 exasperabat
1714 2778 1888 2841 atque

235 2851 527 2907 irritabat.
581 2855 667 2908 Ita
716 2858 843 2909 tum
894 2872 1127 2927 quoque
1174 2857 1450 2914 omnibus
1499 2859 1557 2913 in
1609 2860 1884 2930 Magnum

232 2940 544 3013 Templum
593 2944 1102 3016 concurrentibus,
1135 2947 1407 3018 superbis
1456 2951 1630 3019 atque
1660 2949 1885 3020 asperis

231 3028 419 3085 verbis
454 3031 738 3102 populum
785 3037 850 3087 ut
880 3039 1225 3104 perterreret
1256 3053 1271 3092 :
1305 3038 1445 3109 Ego,
1478 3038 1690 3110 inquit,
1725 3056 1881 3094 com-

229 3134 468 3188 pescam
491 3123 745 3175 vestram
772 3122 1046 3178 ferociam
1070 3130 1246 3195 atque
1264 3127 1693 3198 impudentiam
1712 3145 1723 3182 :
1744 3146 1876 3183 nam

2009 1870 2287 1933 ϐαλέσθαι.
2325 1872 2415 1930 διὰ
2441 1876 2637 1931 τούτου
2684 1876 2935 1949 οἷομενος
2976 1875 3068 1931 τὸν
3114 1876 3274 1931 τόνον
3308 1875 3527 1932 ἐκλῦσαι
3550 1879 3657 1943 τῆς

2009 1965 2188 2039 ὁρμῆς
2232 1969 2330 2020 τοῦ
2389 1970 2639 2040 στρατοῦ.
2697 1960 2848 2028 Τέως
2906 1962 2963 2020 δὲ
3017 1972 3118 2035 τῆς
3171 1965 3542 2041 ἀκαῤῥήσεως,
3577 1968 3659 2029 ὡς

2008 2052 2259 2125 εἷ’πομεν,
2291 2059 2388 2109 τοῦ
2429 2060 2597 2109 Φωκᾶ
2642 2058 2963 2129 γενομένης,
3011 2052 3217 2131 Βάρδας
3270 2056 3362 2128 μὲν
3397 2055 3424 2109 6
3450 2054 3660 2111 τούτου

2006 2144 2185 2217 πατὴρ
2240 2140 2425 2219 (ἔτυχε
2508 2146 2610 2220 γὰρ
2686 2141 2947 2221 ἐνδημῶγ
3017 2148 3085 2217 τῇ
3149 2141 3415 2221 βασιλίδι)
3471 2146 3663 2215 ἱκέτης

2007 2230 2310 2307 εἰσέρχεται
2356 2234 2491 2306 πρὸς
2542 2240 2640 2304 τῆν
2682 2230 2938 2306 Μεγάλην
2988 2232 3280 2303 ἐκκλησίαν
3319 2255 3331 2268 ·
3391 2234 3539 2288 Λέων
3598 2231 3663 2289 δὲ

2005 2321 2032 2373 6
2082 2319 2285 2374 ἐκείνου
2345 2318 2601 2399 ἀδελφὸς,
2671 2320 2867 2396 καίπερ
2917 2318 3324 2400 φυλαττόμενος
3384 2316 3657 2397 ἀκριϐῶς,

2005 2407 2185 2472 λαθὼν
2242 2407 2448 2485 ἀπέδρα
2502 2410 2592 2464 καὶ
2648 2414 2729 2483 τῷ
2776 2409 2960 2483 οἷκειῳ
3017 2412 3202 2481 ἠνώθη
3260 2412 3522 2484 ὁμαίμονι
3570 2410 3657 2466 Οὗ

2000 2499 2290 2571 γενομένου
2339 2497 2569 2575 παρείθη
2601 2500 2700 2569 τήν
2752 2501 2937 2575 ψυχὴν
2987 2498 3076 2554 καὶ
3109 2498 3161 2553 ἐν
3190 2498 3334 2575 πάσῃ
3361 2498 3659 2575 ἀμηχανίᾳ

1999 2586 2091 2642 καῖ
2149 2584 2305 2662 φόϐῳ
2363 2588 2590 2659 κατέστη
2648 2589 2676 2643 6
2730 2587 2984 2664 Βρίγγας.
3032 2590 3132 2645 Ἦν
3182 2587 3282 2663 γὰρ
3340 2589 3425 2643 καὶ
3460 2590 3657 2643 ἀνεπι-

1996 2674 2214 2745 τήδειος
2277 2679 2348 2750 (9)
2407 2676 2457 2731 έν
2503 2682 2715 2753 καιροῖς
2760 2674 3049 2738 δυσκόλοις
3098 2672 3271 2751 ὄχλον
3319 2681 3657 2731 κολακεῦσαι

1996 2764 2085 2818 καὶ
2115 2762 2649 2842 καταδημαγωγῆσαι
2706 2766 2921 2835 πλῆθος
2953 2785 2965 2798 ·
3020 2763 3138 2819 δέον
3196 2766 3302 2840 γὰρ
3350 2768 3658 2838 προσηνέσι

1998 2850 2187 2928 λόγοις
2217 2854 2305 2909 καὶ
2336 2855 2691 2917 θωπευτικοῖς
2722 2856 2820 2923 τὴν
2869 2858 2965 2909 τοῦ
2989 2853 3236 2925 πλήθους
3266 2853 3654 2928 καταμαλάξαι

1994 2942 2174 3015 ὁρμὴν
2208 2946 2355 3016 [648]
2414 2944 2441 2998 6
2492 2941 2547 2998 δὲ
2604 2943 2814 3017 μᾶλλον
2866 2942 3179 3018 ἐξετράχυνε
3235 2945 3325 2999 καὶ
3371 2944 3643 3018 ἠγρίωσε.

1997 3033 2215 3088 Πάντων
2240 3033 2341 3108 γὰρ
2374 3031 2424 3087 ἐν
2474 3036 2543 3108 τῇ
2602 3032 2829 3110 Μεγάλῃ
2888 3033 3293 3110 συντρεχόντων
3323 3031 3651 3107 ἐκκκλησίᾳ⁹

1991 3119 2152 3182 αὐτὸς
2200 3122 2262 3177 τὸ
2314 3120 2526 3191 πλῆθος
2575 3119 2907 3195 ἐκδειματῶν
2950 3120 3149 3198 λόγους
3172 3121 3445 3199 ἐπαφῆκεν
3478 3123 3653 3196 ὑπερ-

227 3206 478 3262 efficiam
512 3213 573 3263 ut
607 3211 762 3280 quod
796 3228 899 3283 pro
942 3212 1295 3270 nomismate
1325 3215 1542 3270 emitur
1572 3216 1873 3285 frumenti,

2033 3208 2231 3287 φάνους
2256 3232 2313 3265 τε
2349 3212 2438 3265 καὶ
2493 3216 2720 3287 τραχεῖς
2754 3230 2767 3243 ·
2809 3233 2831 3261 ι
2862 3210 3022 3287 Ἐγὼ,
3075 3214 3271 3285 φήσας,
3311 3211 3648 3266 γαταπαύσω

225 3296 283 3351 in
315 3295 448 3351 sinu
481 3296 654 3354 liceat
682 3303 934 3370 portare.
969 3324 997 3351 ››
1033 3304 1237 3358 Actum
1271 3302 1380 3360 hoc
1411 3305 1503 3360 die
1546 3305 1872 3378 Dominica,

224 3402 378 3441 nona
424 3388 692 3459 Augusti.
726 3387 971 3461 Vesperi
1004 3391 1186 3462 hujus
1234 3391 1423 3463 ipsius
1475 3395 1588 3450 diei
1620 3396 1876 3453 Basilius

224 3474 595 3531 Constantini
626 3476 999 3547 imperatoris
1047 3480 1447 3537 cubicularius
1479 3484 1746 3553 intimus,
1776 3485 1873 3539 Jo-

226 3558 407 3635 sepho
426 3564 1106 3635 infensissimus,amiois
1135 3586 1200 3624 ac
1219 3570 1565 3642 propinquis
1587 3573 1713 3628 suis
1735 3591 1875 3629 suos

232 3653 559 3723 adjungens
609 3655 764 3711 850
800 3656 1073 3725 famulos,
1108 3675 1211 3729 per
1237 3658 1454 3715 multas
1486 3662 1649 3717 urbis
1680 3668 1875 3734 partes

225 3740 471 3796 dimittit
500 3742 559 3797 in
611 3744 1078 3800 adversariorum
1129 3748 1354 3804 domos.
1391 3748 1434 3803 Ii
1466 3768 1499 3804 a
1529 3750 1721 3822 prima
1758 3753 1874 3808 diei

225 3828 377 3884 lunas
426 3830 570 3887 hora
601 3849 790 3904 usque
821 3835 893 3889 ad
926 3841 1148 3891 sextam
1198 3837 1484 3909 plurimas
1524 3840 1736 3896 civium
1772 3843 1872 3897 do-

224 3935 373 3990 mos,
423 3920 693 3993 interque
740 3924 844 3979 has
889 3923 1130 3996 Josephi
1187 3925 1272 3981 vel
1326 3928 1697 4001 praecipuam,
1750 3930 1872 3988 solo

220 4014 621 4082 aequaverunt.
673 4014 873 4082 Neque
921 4016 1155 4069 tantum
1205 4014 1525 4072 illustrium
1577 4024 1636 4073 et
1679 4019 1739 4074 in
1790 4036 1875 4075 re-

219 4098 459 4169 publica
487 4100 852 4156 versantium
887 4102 1059 4169 mdes,
1088 4120 1291 4160 eorum
1325 4107 1425 4176 qui
1458 4108 1752 4164 adversari
1784 4110 1871 4164 vi-

219 4185 638 4255 rlebantur,sed
670 4195 727 4244 et
758 4190 1097 4247 tenuiorum
1120 4193 1440 4250 innumerae
1463 4196 1869 4252 diruebantur.

220 4274 286 4328 Et
313 4274 362 4329 si
391 4277 485 4330 cui
517 4276 656 4333 olim
689 4277 911 4349 aliquid
962 4296 1097 4335 cum
1131 4281 1313 4337 altero
1362 4284 1669 4339 discordiae
1699 4286 1874 4340 inter-

221 4364 519 4435 cessisset,
580 4365 632 4421 is
684 4371 810 4422 tum
870 4368 1107 4425 turbam
1164 4370 1616 4443 incompositam
1672 4390 1871 4429 secum

218 4452 458 4509 trahens
490 4454 725 4511 nemine
776 4456 1045 4514 obstante
1076 4475 1209 4513 eum
1262 4460 1557 4531 perdebat.
1588 4462 1873 4534 Multique

1988 3298 2139 3372 ὑμῶν
2166 3300 2263 3368 τήν
2313 3299 2618 3373 ἰταμότητα
2671 3300 2761 3355 καὶ
2812 3300 3194 3377 ἀναισχυντίαν
3228 3320 3239 3332 ·
3284 3297 3500 3369 ποιήσω
3532 3301 3642 3376 γὰρ

1982 3389 2073 3443 τὸν
2128 3393 2225 3444 τοῦ
2281 3390 2620 3463 νομίσματος
2670 3388 3017 3463 ὠνουμένους
3066 3396 3212 3445 σῖτον
3269 3389 3638 3465 ἀποφέρεσθαι

1985 3476 2036 3531 έν
2095 3483 2175 3550 τῷ
2222 3473 2435 3552 κόλπῳ.
2475 3502 2502 3529 ››
2557 3477 2721 3533 Οίίπω
2770 3478 3051 3553 παρῆλθεν
3111 3476 3423 3553 ὁλόκληρος
3452 3479 3641 3555 ἡμέρᾳ

1984 3566 2073 3641 ἀφ’
2124 3566 2186 3621 οὗ
2258 3571 2418 3622 τοῦτο
2495 3565 2679 3643 ε’ίρηκε
2760 3568 3027 3642 (Κυριακὴ
3104 3568 3205 3644 γὰρ
3258 3569 3349 3637 ἧν,
3400 3565 3627 3640 ἐννάτην

1984 3652 2215 3730 ἄγοντος
2269 3661 2366 3711 τοῦ
2415 3654 2728 3732 Αὒγοόστου
2777 3658 2994 3730 μηνὸς),
3025 3656 3115 3711 καὶ
3159 3658 3231 3729 τῇ
3279 3656 3475 3732 ἑσπέρᾳ
3521 3664 3630 3726 τῆς

1984 3745 2150 3815 αὑτῆς
2205 3746 2417 3819 ἡμέρας
2474 3746 2752 3807 Βασίλειος
2801 3747 2829 3800 6
2885 3744 3284 3800 Κωνσταντίνου
3332 3750 3429 3800 τοῦ
3471 3746 3633 3820 βασι-

1984 3833 2123 3897 λέως
2154 3836 2670 3911 παρακοιμώμενος,
2720 3832 2991 3907 δυσμενής
3045 3833 3133 3888 καὶ
3168 3832 3421 3910 ἔχθιστος
3452 3830 3524 3888 ὤν
3548 3838 3634 3907 τῷ

1981 3924 2206 4002 Ἰωσὴφ,
2265 3930 2379 3985 τοῖς
2429 3925 2621 3979 ἑαυτοῦ
2679 3923 2864 3998 φίλοις
2920 3923 3011 3977 κάὶ
3068 3922 3340 4000 συγγενέσι
3383 3923 3510 3980 τοὺς
3544 3924 3636 3978 ol-

1980 4011 2156 4075 κείους
2214 4012 2482 4086 συμμίξας
2539 4014 2866 4088 θεράποντας
2918 4011 3055 4067 κατὰ
3100 4011 3287 4068 πολλὰ
3340 4014 3477 4087 μέρη
3524 4020 3632 4083 τῆς

1980 4098 2194 4164 πόλεως
2223 4103 2508 4179 πέπομφεν
2557 4102 2631 4164 εἰς
2680 4100 2807 4164 τοὺς
2858 4100 3045 4165 οἷ’κους
3082 4106 3188 4155 τῶν
3236 4101 3633 4176 ἀντιπραττόν-

1978 4213 2086 4247 των
2119 4190 2286 4264 αὑτῴ.
2320 4194 2418 4245 Καὶ
2471 4191 2576 4246 ἀπὸ
2628 4191 2846 4265 τρώτης
2890 4190 3033 4264 ὥρας
3077 4197 3179 4260 τῆς
3212 4187 3458 4267 δευτέρας
3483 4190 3635 4263 ἠμέ-

1983 4301 2078 4355 ρας
2113 4280 2310 4357 μέχρις
2337 4278 2495 4351 ἔκτης
2554 4281 2911 4356 κατέστρεψαν
2973 4279 3064 4334 καὶ
3097 4277 3418 4359 έξηδάφισαν
3453 4279 3637 4345 οῒκίας

1980 4368 2237 4432 πλείστας
2285 4373 2392 4424 τῶν
2452 4367 2718 4441 πολιτῶν,
2762 4370 2853 4422 ’ὧν
2910 4366 3275 4444 έπισημοτέρδ
3326 4368 3394 4437 ἦν
3442 4370 3476 4438 ἢ
3529 4372 3633 4423 τοῦ

1985 4460 2179 4535 Ἰωσήρ
2215 4479 2227 4491 °
2286 4459 2347 4514 οὐ
2404 4459 2506 4535 γὰρ
2570 4458 2730 4531 μόνον
2782 4462 2891 4513 τῶν
2940 4452 3261 4513 ἀντιϐαίνειν
3322 4455 3636 4513 δοκούντων

218 4543 283 4597 in
304 4542 415 4598 hoc
435 4544 697 4600 tumultu
715 4546 894 4601 etiam
927 4547 1197 4603 homines
1220 4550 1406 4603 necati
1439 4554 1596 4604 sunt.
1632 4554 1872 4608 Interim

2025 4554 2227 4627 ιφανῶν
2280 4550 2369 4603 καὶ
2411 4545 2712 4603 πολιτικῶν
2781 4547 3009 4624 ἀνδρῶν,
3060 4544 3206 4601 ἀλλά
3251 4547 3339 4601 καὶ
3396 4545 3633 4602 πολλῶν

226 4649 326 4703 per
356 4633 521 4689 urbis
552 4633 796 4706 plateas,
831 4637 955 4691 fora
985 4652 1052 4690 ac
1080 4637 1444 4707 angiportus,
1480 4638 1872 4711 Nicephorum

223 4721 568 4779 Callinicum
602 4723 922 4795 (praeclaris
969 4725 1221 4797 potitum
1272 4726 1553 4800 victoriis)
1592 4729 1873 4805 inclama-

226 4810 386 4865 bant.
445 4814 581 4878 Quaa
639 4813 782 4869 dum
838 4819 1147 4887 geruntur,
1192 4816 1415 4871 Bardas
1462 4834 1493 4872 e
1539 4820 1779 4890 templo,
1811 4820 1871 4875 in

222 4901 377 4971 quod
408 4900 580 4971 paulo
630 4908 767 4959 ante
797 4901 1045 4974 supplex
1092 4904 1504 4960 miserabiliter
1538 4910 1875 4977 confugerat

219 4994 275 5043 et
308 4993 568 5045 extrema
600 4990 713 5045 sibi
768 4991 1079 5047 imminere
1128 4997 1381 5063 putarat,
1416 4996 1610 5066 prodit
1639 5013 1655 5052 :
1688 5002 1746 5052 et
1773 4997 1873 5053 Jo-v
1914 5006 1917 5009 '

218 5078 439 5148 sophus
470 5077 678 5133 salutis
708 5096 827 5134 suae
858 5084 984 5136 tum
1016 5081 1299 5151 incertus,
1332 5086 1432 5155 qui
1464 5086 1636 5141 modo
1666 5087 1749 5143 ita
1776 5086 1870 5142 in-

218 5166 353 5222 ﬂate
370 5165 827 5238 superbierat,in
852 5168 909 5224 id
934 5169 1115 5226 miser
1137 5176 1307 5243 atque
1338 5174 1659 5245 deprecans
1685 5176 1869 5231 subit.

1983 4636 2169 4693 ἄλλων
2202 4635 2607 4712 εὐτελιστέρων,
2662 4637 2735 4691 ὧν
2788 4635 2887 4691 οὐκ
2926 4636 3228 4712 ἀριθμητὸν
3268 4636 3334 4705 ἦν
3380 4637 3441 4690 τὸ
3479 4634 3635 4707 πλῆ-

1983 4730 2098 4797 θος,
2154 4729 2592 4803 κατεστράφησαν
2671 4724 2838 4781 οἰκίαι
2875 4744 2888 4758 °
2938 4725 2984 4798 ᾧ
3036 4726 3139 4801 γάρ
3207 4745 3340 4779 ποτε
3398 4722 3637 4803 διαφορά

1987 4818 2120 4890 μετά
2147 4838 2292 4878 τινος
2332 4816 2421 4885 ἦν,
2480 4816 2693 4885 πλῆθος
2742 4812 2983 4869 ἀτάκτων
3036 4814 3153 4886 μεθ’
3183 4813 3379 4868 ἑαυτοῦ
3427 4811 3636 4888 ἐπαγό-

1986 4927 2147 4977 μενος
2178 4904 2409 4979 μηδενὸς
2462 4902 2780 4964 κωλύοντος
2821 4903 3012 4958 τοῦτον
3060 4900 3305 4980 ἠφάνιζε.
3341 4899 3553 4957 Πολλοὶ
3589 4899 3641 4957 δ’

1983 4994 2033 5049 ἐν
2092 4997 2159 5068 τῇ
2214 4995 2437 5068 τοιαύτῃ
2503 4993 2691 5064 ἀταξίᾳ
2763 4990 2854 5046 καί
2908 4990 3182 5067 ἂνθρωποι
3243 4989 3634 5068 ἐφονεύθησαν.

1980 5083 2156 5142 Ταῦτύ
2214 5081 2272 5138 δὲ
2327 5087 2607 5145 ποιοῦντες
2654 5081 2704 5135 ἐν
2755 5086 2875 5143 ταῖς
2925 5079 3207 5141 πλατείαις
3262 5086 3365 5149 τῆς
3411 5077 3635 5142 πόλεως

1980 5172 2289 5250 λεωφόροις
2335 5167 2386 5226 ἔν
2434 5192 2493 5226 τε
2542 5176 2660 5232 ταῖς
2707 5169 2933 5244 ἀγοραῖς
2976 5168 3028 5225 ἔν
3084 5189 3144 5224 τε
3188 5173 3302 5231 τοῖς
3333 5174 3639 5234 στενωποῖς

214 5254 391 5311 Porro
448 5248 703 5312 Basilius
755 5257 1155 5317 cubicularius
1212 5276 1347 5319 cum
1416 5263 1541 5319 suis
1600 5264 1870 5319 triremes

2034 5248 2293 5341 ικηφόρον
2334 5262 2678 5340 ὀνευφήμουν
2730 5256 3079 5317 Καλλίνικον.
3138 5261 3306 5315 Τοῦτο
3354 5257 3416 5313 τὸ
3469 5250 3636 5333 ἔργον

1404 5432 1783 5491 XYLANDRI
1821 5434 1911 5490 ET
1947 5433 2167 5491 GOARI
2203 5433 2437 5491 NOTAE.

293 5569 371 5643 (9)
403 5570 466 5629 In
526 5576 805 5656 margine.
856 5577 1145 5656 rTombi‘roq
1184 5578 1249 5656 ἦν
1307 5578 1482 5656 καὶ-ό
1532 5580 1868 5656 τυραννήσας

220 5639 399 5716 γέρων
430 5639 719 5725 προσεχιῗῖς
766 5648 969 5713 ἐκεῖνος
1028 5639 1391 5725 Ἀνδρόνικος.
1423 5652 1556 5709 Noti
1600 5639 1764 5709 'sunt'
1796 5639 1867 5708 de

1976 5580 2145 5653 plebe
2190 5596 2409 5653 versus
2442 5578 2683 5653 Lucani,
2719 5577 2935 5653 quibus
2963 5574 3220 5653 _Bringas
3268 5570 3638 5653 contrarium

1978 5640 2135 5710 inalo
2166 5670 2274 5712 suo
2305 5652 2442 5712 fecit
2475 5668 2489 5711 :
2523 5640 2707 5712 Nescit
2730 5640 2923 5725 plebe:
2943 5640 3149 5731 jejuni
3172 5651 3385 5731 timere.
3417 5640 3555 5703 Χγι..
