3966 6134
332 355 417 416 ss
1487 344 2030 420 HISTORIARUM
2074 344 2620 416 COMPENDIUM.
3638 380 3641 385 λ
3678 361 3757 422 86

333 486 505 563 ἰξάγει
587 488 683 561 μὲν
752 494 853 557 τῆς
930 486 1192 565 Μεγάλης
1264 486 1553 559 ἐκκλησίας
1628 484 1838 563 Βάρδάν
1895 509 1899 521 α

2189 488 2438 550 ornat,et
2470 484 2845 555 imperatoria
2873 484 3045 540 etiam
3064 486 3253 543 celoce
3285 494 3590 563 assumpta
3618 508 3755 549 cum

331 578 541 651 πατέρα
601 580 697 631 τοῦ
759 582 944 644 Φωκᾶ,
1005 576 1215 655 φυγάδα
1245 577 1458 652 οἰκτρὸν
1500 577 1589 632 καὶ
1623 579 1749 631 ὅσον
1782 572 1995 629 οὐδέπω

329 668 425 722 τὸν
458 665 710 723 κίνδυνον
746 667 1133 745 ἐκδεχόμενον,
1176 671 1269 724 τὸν
1327 667 1383 724 δὲ
1436 672 1638 746 Ἰωσήρ
1685 670 1778 723 τὸν
1826 686 1996 742 παρα-

328 760 707 833 κοιμώμενον⁴
766 759 856 815 τὸν
912 760 1017 835 πρὸ
1067 760 1264 815 τούτου
1328 759 1540 834 μεγάλα
1594 762 1846 838 φυσῶντα
1900 756 1990 810 καὶ

328 845 732 924 ἐπαιρόμενον,
792 847 867 911 εἷς
928 848 1094 918 αὐτὴν
1157 848 1452 925 ἀντεισάγει
1512 848 1696 919 ἱκέτην
1755 845 1987 900 ἐλεεινὸν

326 937 421 992 καὶ
454 932 764 1015 ἀμφίϐολον
816 936 1017 1013 ἔχοντα
1063 940 1163 1006 τήν
1204 939 1395 993 ἑαυτοῦ
1454 937 1747 1013 σωτηρίαν.
1808 936 1874 992 Οἱ
1933 932 1990 989 δὲ

326 1028 456 1102 περὶ
497 1029 588 1082 τὸν
641 1029 1136 1103 παρακοιμώμενον
1186 1026 1465 1083 Βασίλειον
1522 1028 1767 1102 τριήρεις
1820 1044 1987 1078 κατα-

327 1117 678 1180 σκευάσαντες
744 1115 835 1171 καὶ
898 1116 990 1172 τὸν
1064 1115 1348 1193 βασιλικὸν
1392 1115 1681 1193 είληφότες
1730 1113 1988 1188 δρόμωνα

2106 579 2228 630 tota
2257 573 2444 630 classe
2489 574 2869 648 Chrysopolin
2901 575 3221 646 trajiciunt,
3257 582 3315 634 et
3362 578 3755 653 Nicephorum

2104 664 2239 719 inde
2273 666 2343 719 ad
2378 665 2768 732 Hebdomum,
2801 671 2975 735 atque
3006 665 3141 721 hinc
3171 669 3331 723 omni
3376 671 3758 729 multitudine

2103 756 2330 809 urbana
2377 755 2702 809 deducente
2752 770 2884 809 cum
2948 755 3158 811 faustis
3209 758 3754 830 acclamationibus,

2101 842 2428 914 plausibus,
2462 841 2621 899 tubis
2671 859 2737 898 ac
2785 844 3072 915 cymbalis
3117 845 3355 917 publica
3402 864 3617 921 pompa
3653 865 3758 921 per

2099 935 2349 988 Auream
2383 938 2613 1004 portam
2641 933 2787 989 851
2826 933 2885 989 in
2919 934 3125 989 urbem
3156 935 3481 993 ducunt.Ut
3509 937 3569 993 in
3595 941 3753 1012 Mag-

2078 1039 2242 1076 num
2275 1022 2581 1093 Templum
2614 1027 2853 1077 ventum
2885 1027 2993 1091 est,
3029 1024 3375 1097 Polyeuctus
3418 1027 3756 1099 patriarcha

2097 1112 2168 1166 ad
2206 1111 2309 1166 hoc
2360 1117 2736 1183 comparatus
2766 1129 2901 1168 eum
2949 1113 3009 1168 in
3043 1121 3317 1187 suggesto
3369 1115 3753 1187 imperatoria

327 1206 468 1277 μετὰ
514 1207 713 1267 παντὸς
744 1209 841 1260 τοῦ
874 1204 1073 1261 στόλου
1104 1210 1452 1282 περαιοῦνται
1498 1203 1551 1259 ἰν
1581 1201 1893 1280 Χρυσουπό)

2182 1199 2343 1272 ιίεῐιὶι
2373 1216 2606 1268 corona,
2635 1202 2728 1257 die
2758 1202 3329 1276 dominico,Augusti
3360 1205 3587 1263 decimo
3620 1224 3748 1264 sex-

319 1294 415 1369 καί
498 1296 588 1349 τὸν
662 1294 971 1373 Νικηφόρον
1037 1294 1234 1350 ἐκεῖθεν
1308 1289 1704 1366 ἆνάλαϐόμενοι
1764 1292 1885 1367 ἄγου

1171 1303 1234 1349 ῐεν
1308 1289 1704 1366 ἆνάλαϐόμενοι
1764 1292 1979 1367 ἄγουσιν
2094 1294 2173 1358 to,
2204 1288 2524 1345 indictione
2557 1295 2737 1347 sexta.

319 1383 400 1444 εἷς
428 1384 493 1437 τὸ
520 1378 822 1456 Ἓϐδομον,
857 1384 1076 1439 αὐτόθεν
1102 1405 1163 1439 τε
1189 1384 1341 1438 αὐτοί
1368 1404 1427 1438 τε
1455 1386 1545 1437 καὶ
1576 1388 1679 1443 πᾶς
1711 1382 1739 1435 6
1772 1378 1950 1451 δῆμος
1979 1382 2078 1447 τῆς
2106 1376 2326 1439 πόλεως
2365 1380 2480 1449 μετ’
2513 1378 2821 1454 εὔφημιῶν,
2857 1380 2943 1433 καὶ
2975 1381 3209 1456 κρότων,
3260 1381 3349 1436 καὶ
3404 1381 3738 1459 σαλπίγγων,

314 1472 412 1526 καὶ
441 1467 737 1545 συμϐάλων
771 1470 1040 1546 δημοσίας
1071 1474 1368 1549 γενομένης
1399 1470 1639 1547 προόδου
1671 1469 1760 1525 διὰ
1788 1472 1886 1533 τῆς
1910 1472 2124 1543 Χρυσῆς
2156 1467 2368 1541 πόρτης
2396 1466 2701 1542 εἰσάγουσιν
2730 1467 2806 1530 είς
2835 1470 2936 1537 τὴν
2973 1466 3248 1543 βασιλίδα.
3282 1471 3568 1543 Γενόμενοι
3602 1470 3661 1526 δὲ
3690 1472 3744 1527 έν

312 1564 387 1634 τῇ
417 1562 647 1637 Μεγάλῃ
678 1560 942 1634 ἐκκλησίᾳ
988 1562 1334 1618 Πολύευκτον
1382 1560 1780 1635 παρεσκεύασαν
1832 1557 1924 1612 τὸν
1970 1553 2345 1630 πατριάρχην,
2375 1555 2466 1610 καὶ
2495 1560 2575 1628 τῷ
2610 1556 2879 1630 βασιλικῷ
2909 1557 3068 1613 αύτὸν
3097 1563 3380 1614 ταινιῶσαι
3411 1558 3736 1635 διαδήματι.

316 1649 513 1728 Στέφει
548 1649 638 1705 οὖν
664 1656 854 1707 τοῦτον
882 1654 909 1706 6
933 1651 1275 1714 Πολύευκτος
1308 1652 1358 1707 ἐν
1391 1657 1469 1723 τῷ
1497 1647 1712 1724 ἄμϐωνι
1741 1652 1840 1713 τῆς
1864 1649 1961 1701 τοῦ
1990 1647 2124 1700 Θεοῦ
2153 1644 2407 1718 Μεγάλης
2435 1643 2725 1716 ἐκκλησίας
2752 1644 2933 1721 ἡμέρα
2991 1643 3048 1703 δὲ
3101 1648 3168 1718 ἦν
3222 1649 3469 1725 Κυριακὴ
3525 1657 3589 1715 ις’
3641 1656 3739 1708 τοῦ

313 1740 640 1816 Αὐγούστου
677 1743 849 1814 μηνὸς
882 1739 1130 1817 ἄγοντος,
1161 1749 1260 1811 τῆς
1296 1743 1340 1806 ς’
1369 1738 1732 1801 ίνδικτιῶνος.

389 1846 743 1912 Ἀποστείλας
804 1845 862 1903 δὲ
910 1849 1001 1904 τὸν
1057 1849 1299 1924 μοναχὸν
1349 1847 1438 1903 καὶ
1511 1844 1808 1923 σύγκελλον
1860 1844 1950 1897 Ἀν

2168 1842 2293 1899 Post
2322 1842 2444 1900 haec
2490 1844 2853 1918 Nicephorus
2882 1846 3204 1918 imperator
3239 1848 3559 1904 Antonium
3593 1849 3734 1905 Stu-

308 1936 512 1991 τώνιον
545 1937 637 1990 τὸν
676 1933 973 2007 Στουδίτην
1005 1939 1103 2006 τήν
1163 1938 1446 2015 Θεεοφανὼ
1502 1940 1610 1991 τῶν
1675 1931 1964 2010 βασιλείων

310 2018 671 2094 καταϐιϐάζει
700 2027 791 2080 καὶ
823 2025 901 2087 εἷς
932 2027 994 2081 τὸ
1026 2025 1289 2081 παλάτιον
1340 2024 1436 2079 τοῖ’)
1485 2022 1717 2094 Πετρίου
1767 2020 1969 2094 ἐκπέμ-

308 2132 427 2167 πει.
480 2113 614 2169 Μετ’
663 2110 847 2187 ὀλίγον
895 2110 952 2167 δὲ
1000 2111 1271 2187 ἐξόριστον
1324 2112 1536 2182 τίθησιν
1590 2110 1679 2166 καὶ
1731 2110 1821 2164 τὸν
1871 2129 1967 2163 πα-

312 2200 970 2279 ρακοιμώμενονἸωσὴφ
1003 2200 1053 2255 ἐν
1111 2199 1485 2279 Παφλαγονίᾳ,
1548 2202 1634 2274 [Ρ.
1694 2200 1822 2274 649]
1877 2196 1966 2252 καὶ

305 2290 466 2353 αὖθις
500 2290 618 2362 μετ’
672 2289 732 2344 ού
764 2288 938 2345 πολὺν
972 2286 1170 2366 χρόνον
1209 2284 1555 2363 μεταϐιϐάζει
1614 2283 1666 2344 ἔν
1724 2309 1831 2342 τινι
1868 2308 1968 2361 μο-

301 2378 591 2453 ναστηρίῳ
645 2378 931 2453 λεγομένῳ
999 2383 1097 2433 τοῦ
1151 2380 1505 2451 Ἀσηκρῆτις,
1575 2378 1625 2432 έν
1686 2383 1800 2438 τοῖς
1860 2382 1966 2431 Πυ-

304 2467 493 2532 θίοις’
555 2467 612 2531 ὅς
659 2467 747 2524 ἰπὶ
799 2467 893 2524 δύο
952 2469 1115 2533 ὃλους
1177 2470 1349 2525 ἐκεῖσε
1400 2468 1741 2547 ένδιατρίψας
1791 2466 1969 2523 ἐνιαυ-

298 2556 436 2619 τοὺς
490 2553 723 2615 ἀπεϐίω.
770 2560 1082 2632 Χειροτονεῖ
1141 2556 1198 2615 δὲ
1250 2562 1339 2614 καὶ
1390 2556 1594 2633 Βάρδαν
1624 2559 1717 2615 τὸν
1776 2558 1968 2612 ἑαυτοῦ

301 2646 517 2722 πατέρα
573 2647 830 2723 Καίσαρα.
890 2651 966 2714 Τῆ
1027 2646 1084 2703 δὲ
1140 2655 1185 2703 κ’
1216 2654 1310 2704 τοῦ
1343 2643 1720 2723 Σεπτεμϐρίου
1774 2647 1965 2720 μηνὸς,

298 2735 366 2789 τὸ
399 2741 749 2811 προσωπεῖον
800 2736 889 2791 καὶ
944 2739 1044 2807 τήν
1107 2740 1311 2808 σκηνὴν
1372 2738 1724 2811 ἀποθέμενος,
1786 2735 1967 2811 ἄγεται

296 2823 547 2897 νόμιμον
594 2824 835 2901 γαμετὴν
894 2828 991 2896 τὴν
1048 2827 1323 2903 Θεοφανώ.
1377 2826 1508 2881 Τότε
1556 2824 1613 2880 δὲ
1654 2826 1745 2880 καὶ
1792 2828 1963 2900 κρεῶν

298 2911 644 2987 ἀπεγεύσατο
680 2957 695 2983 ,
775 2914 1036 2989 πρότερον
1098 2914 1442 2991 ἀπεχόμενος
1501 2911 1855 2992 κρεωδαισίας
1914 2912 1965 2983 ἐξ

296 3000 434 3056 ὅτου
491 3000 702 3077 Βάρδας
735 3004 763 3058 ὁ
795 3002 855 3058 ἐκ
895 3011 997 3073 τῆς
1056 3004 1321 3079 προτέρας
1353 3004 1515 3059 αὐτοῦ
1546 3004 1799 3079 γυναικὸς
1830 3003 1963 3058 ἀπο-

291 3092 519 3165 τεχθεὶς
576 3091 725 3164 αὐτῷ
784 3093 918 3160 υἱὸς,
968 3093 1341 3165 ἱππαζόμενος
1401 3093 1451 3147 ἐν
1509 3098 1589 3165 τῷ
1644 3089 1815 3165 πεδίῳ
1874 3092 1963 3145 καὶ

292 3183 382 3276 τῷ
438 3178 629 3253 οῗκείῳ
683 3181 1032 3255 προσπαίζων
1093 3181 1300 3256 ἀνεψίῷ
1364 3186 1442 3255 τῷ
1496 3180 1765 3276 Πλεύσῃζ
1828 3180 2035 3276 μετὰρ

297 3264 535 3342 δόρατος
588 3267 813 3344 βληθεὶς
881 3268 1146 3332 ἀκουσίως
1196 3269 1448 3340 τέθνηκε.
1506 3271 1680 3326 Τοῦτο
1743 3265 1799 3323 δὲ
1855 3264 1962 3323 εἶ’τε

295 3356 757 3432 ἐγκρατευόμενος
809 3355 977 3413 ἐποίει
1034 3356 1140 3413 εἷ’τε
1191 3358 1281 3413 καὶ
1313 3357 1494 3413 λαθεῖν
1527 3356 1653 3420 τοὺς
1702 3361 1961 3433 κρατοῦν-

292 3466 399 3507 τις
466 3444 910 3517 ὑποκρινόμενος,
1002 3445 1169 3518 μόνος
1241 3444 1301 3499 ἂν
1385 3442 1555 3515 εἰδείη
1645 3444 1779 3518 μετὰ
1835 3445 1962 3497 Θεὸν

298 3534 533 3596 ἰκεῖνος.
581 3538 686 3588 Τοῖ’)
735 3533 918 3610 γάμου
986 3533 1043 3589 δὲ
1093 3532 1437 3598 τελεσθέντος
1496 3533 1549 3588 ἐν
1588 3537 1654 3607 τῇ
1708 3533 1845 3587 κατᾶ
1897 3533 1960 3586 τὸ

290 3622 567 3679 παλάτιον
628 3624 720 3694 νέα
791 3621 1097 3695 ἐκκλησίᾳ,
1157 3622 1372 3698 ἐπείπερ
1441 3620 1685 3697 ἤμελλεν
1749 3618 1958 3682 εἷ’σοδος

288 3713 348 3768 ἐν
427 3717 509 3784 τῷ
580 3712 945 3788 θυσιαστηρίῳ
1011 3713 1278 3787 γενέσθαι,
1336 3720 1438 3781 τῆς
1477 3711 1664 3788 χειρὸς
1710 3709 1955 3785 κατέχων

288 3802 460 3857 αὐτὸν
496 3802 523 3856 6
554 3799 893 3863 Πολύευκτος
950 3802 1041 3855 καὶ
1089 3806 1208 3863 ταῖς
1255 3802 1428 3876 ἱεραῖς
1471 3799 1685 3875 ἐγγίσας
1741 3797 1957 3873 κιγκλί-

289 3912 381 3946 σιν
417 3936 432 3955 ,
492 3889 680 3945 εἴσεισι
738 3891 833 3963 μὶν
890 3888 1053 3953 αὐτὸς
1113 3888 1188 3951 εἷς
1242 3890 1310 3945 τὰ
1386 3886 1590 3963 ἄδυτα,
1650 3888 1850 3944 ἐκεῖνον
1910 3884 1959 3942 δ’

288 3980 565 4052 ἐξώθησεν
626 3974 843 4034 ὄπισθεν
882 4024 895 4050 ,
965 3978 1199 4034 ἐπειπὼν
1278 3980 1352 4053 μὴ
1411 3978 1672 4056 πρότερον
1733 3998 1954 4054 συγχω-

288 4070 629 4144 ρηθήσεσθαι
702 4068 862 4123 αὐτὸν
942 4068 1018 4131 εἷς
1089 4067 1152 4123 τὸ
1228 4064 1606 4142 θυσιαστήριον
1666 4066 1951 4137 εἰσελθεῖν,

285 4157 423 4227 πρὶν
486 4154 545 4211 ἂν
625 4154 837 4228 δέξηται
906 4155 1157 4231 ἐπιτίμια
1216 4152 1758 4232 δευτερογαμούντων
1815 4159 1950 4230 (4Ο)⁶

286 4244 576 4315 Ἐλύπησε
606 4242 665 4299 δὶ
694 4244 745 4299 ἐν
793 4245 970 4319 τούτῳ
1018 4246 1108 4300 τὸν
1142 4244 1476 4323 Νικηφόρον,
1525 4246 1618 4299 καὶ
1668 4244 1729 4299 o6
1781 4242 1951 4299 διέλι-

2079 1930 2261 1987 ditam
2291 1933 2648 1989 monachum
2664 1938 2722 1990 et
2744 1934 3069 2005 syncellum
3086 1935 3397 2010 mittit,qui
3412 1936 3730 1994 aulaTheo—

2079 2020 2414 2091 phanonem
2470 2024 2679 2079 educat
2716 2028 2774 2079 et
2819 2022 2878 2079 in
2926 2025 3209 2096 palatium
3240 2026 3394 2082 Petri
3441 2026 3725 2083 includat.

2078 2110 2257 2165 Paulo
2291 2116 2426 2182 post
2456 2112 2782 2184 Josephum
2813 2112 2872 2167 in
2906 2114 3361 2187 Paphlagoniam
3396 2114 3635 2189 relegat,
3667 2121 3728 2171 et

2079 2198 2214 2254 inde
2267 2217 2530 2267 rursum,
2563 2218 2679 2256 non
2732 2200 2907 2273 longo
2957 2202 3303 2275 interposito
3352 2208 3635 2277 tempore,
3666 2203 3730 2259 in

2078 2290 2505 2345 monasterium
2554 2290 2612 2346 in
2664 2290 2893 2362 Pythiis
2942 2293 3097 2363 quod
3129 2295 3169 2347 A
3202 2294 3443 2349 secretis
3492 2293 3730 2363 dicitur,

2081 2379 2183 2432 ubi
2215 2378 2263 2433 is
2298 2395 2399 2449 per
2428 2380 2577 2434 duos
2609 2397 2792 2435 annos
2842 2381 3088 2436 tolerata
3133 2382 3254 2437 vita
3285 2383 3450 2437 obiit.
3487 2382 3733 2438 Bardam

2079 2484 2312 2539 quoque
2335 2472 2557 2539 patrem
2583 2485 2757 2523 suum
2788 2471 3069 2524 Caesarem
3094 2470 3569 2526 creat.Vicesima
3592 2471 3735 2543 Sep-

2078 2556 2325 2611 tembris
2358 2558 2450 2611 die
2482 2556 2639 2612 larva
2670 2557 2936 2628 deposita
2967 2575 3206 2614 uxorem
3240 2559 3405 2614 duxit
3433 2559 3734 2631 Theopha-

2078 2645 2482 2701 nonem.Tunc
2514 2650 2572 2701 et
2601 2662 2808 2701 carnes
2838 2646 3115 2718 gustavit,
3151 2665 3184 2703 a
3206 2648 3424 2719 quibus
3447 2647 3734 2704 hactenus

2078 2736 2445 2792 abstinuerat
2475 2736 2547 2790 ab
2597 2752 2662 2790 eo
2706 2740 2991 2807 tempore,
3025 2753 3141 2807 quo
3194 2737 3415 2793 Bardas
3444 2754 3513 2793 ex
3544 2738 3732 2809 priore

2076 2825 2327 2896 conjuge
2376 2823 2533 2879 ﬁlius
2582 2823 2794 2894 ipsius,
2828 2825 2889 2878 in
2931 2841 3138 2897 campo
3188 2826 3461 2896 equitans
3508 2832 3730 2883 etcum

2076 2913 2339 2986 patruele
2352 2913 3099 2981 suoPleusaludens,hasta
3112 2932 3145 2970 a
3166 2914 3401 2972 nolente
3422 2915 3574 2972 ictus
3597 2932 3729 2988 per-

2075 3003 2162 3058 iit.
2193 3003 2487 3059 Feceritne
2504 3002 2613 3058 hoc
2635 3002 3001 3058 abstinentiae
3028 3020 3226 3076 causa,
3254 3021 3326 3060 an
3353 3007 3417 3061 ut
3436 3004 3521 3061 sic
3542 3005 3729 3076 impe-

2076 3097 2224 3147 ratm
2239 3109 2300 3147 es
2314 3109 2420 3148 sua
2435 3090 2931 3160 conciliacelaret,
2952 3103 3158 3163 praeter
3183 3094 3375 3165 ipsum
3390 3093 3552 3150 solus
3573 3095 3732 3149 novit

2076 3180 2511 3237 Deus.Peractis
2534 3181 2689 3237 352
2715 3198 2788 3235 nu
2801 3180 3006 3252 ptiisin
3024 3198 3171 3237 novo
3185 3182 3257 3236 ad
3272 3181 3555 3253 palatium
3579 3188 3731 3238 tem-

2078 3268 2332 3341 plo,cum
2353 3268 2409 3322 in
2429 3268 2832 3324 sanctuarium
2847 3270 3563 3340 essetintrandum,manu
3594 3287 3731 3327 eum

2071 3363 2277 3414 tenens
2309 3355 2672 3430 Polyeuctus,
2708 3360 2770 3411 ut
2801 3356 2872 3412 ad
2905 3372 3105 3413 sacros
3159 3357 3450 3414 cancellos
3479 3363 3724 3415 ventum

2070 3452 2178 3517 est,
2215 3447 2340 3518 ipse
2370 3447 2429 3501 in
2462 3446 2705 3517 adytum
2737 3445 2941 3501 introit
2969 3451 3026 3501 et
3073 3447 3490 3519 imperatorem
3539 3447 3727 3519 repel-

2046 3522 2156 3603 Ilit,
2190 3537 2389 3607 aitque
2422 3552 2539 3591 non
2569 3536 2983 3590 intromissum
3017 3534 3113 3600 iri,
3147 3537 3496 3608 priusquam
3526 3553 3729 3608 pmnas

2069 3641 2172 3697 pro
2224 3624 2499 3679 secundis
2552 3622 2776 3695 nuptiis
2828 3622 3058 3679 luisset.
3091 3623 3404 3680 Molestum
3454 3624 3565 3681 hoc
3618 3624 3733 3680 fuit

2067 3712 2417 3786 Nicephoro,
2445 3718 2500 3768 et
2525 3713 2596 3768 ad
2629 3714 2807 3767 ﬁnem
2842 3729 3030 3784 usque
3061 3714 3191 3769 vitae
3241 3714 3556 3786 Polyeucto
3589 3731 3723 3771 suc-

2067 3804 2313 3858 censuit.
2348 3802 2662 3858 Dicebatur
2708 3801 2883 3856 etiam
2916 3803 3142 3873 passim
3192 3821 3419 3870 rumor,
3451 3804 3551 3876 qui
3604 3821 3721 3861 non

2065 3893 2307 3963 exiguas
2336 3891 2395 3946 in
2447 3890 2695 3945 ecclesia
2723 3892 2926 3945 turbas
2964 3892 3149 3962 dedit,
3184 3910 3368 3949 unum
3398 3893 3720 3949 liberorum

2061 3979 2518 4053 Theophanonis
2550 3979 2731 4035 fuisse
2753 3997 2786 4035 a
2807 3980 3133 4050 Nicephoro
3166 3997 3196 4035 e
3228 3998 3394 4037 sacro
3425 3982 3721 4055 baptismo

2062 4074 2428 4142 susceptum.
2464 4068 2610 4123 Eum
2674 4073 2735 4123 ut
2783 4067 3111 4140 speciosam
3174 4086 3379 4127 ansam
3430 4070 3720 4144 arripiens

2063 4158 2431 4230 Polyeuctus,
2482 4157 2893 4228 imperatorem
2952 4162 3077 4213 aut
3114 4160 3425 4229 repudiare
3476 4176 3719 4216 uxorem

2044 4234 2226 4321 juxta
2247 4264 2426 4302 sacrae
2449 4246 2889 4301 constitutionis
2912 4247 3322 4319 prmsoriptum
3347 4249 3557 4305 debere
3579 4266 3719 4305 con-

284 4356 391 4390 πεν
452 4331 687 4410 έγκοτῶν
748 4334 895 4406 αύτῷ
958 4336 1124 4411 μέχρι
1181 4341 1281 4405 τῆς
1337 4332 1615 4405 τελευτῆς.
1668 4330 1849 4388 Διεδέδ

2150 4336 2352 4403 λόεὺειῑ,
2385 4338 2487 4388 aut
2516 4333 2763 4390 ecclesia
2795 4334 3109 4390 abstinere.
3144 4340 3336 4408 Atque
3369 4337 3480 4393 hoc
3517 4342 3716 4410 poste-

287 4421 353 4478 δὲ
407 4422 496 4477 καὶ
557 4421 720 4495 λόγος
777 4424 1133 4499 ἁπανταχοῦ,
1185 4422 1242 4485 ὅς
1300 4422 1362 4477 ού
1424 4428 1634 4499 μικρῶς
1675 4420 1853 4496 διετάρ

2154 4443 2181 4481 s
2211 4424 2345 4481 fecit
2394 4422 2760 4494 Nicephorus
2795 4423 2958 4479 uxori
2991 4424 3250 4481 deditus.
3283 4426 3353 4481 Et
3382 4426 3715 4482 convocatis

280 4513 393 4581 τήν
445 4510 795 4581 Ἐκκλησίαν,
843 4512 1028 4586 ὅτιπερ
1078 4513 1105 4567 ὁ
1154 4511 1466 4590 Νικηφόρος
1518 4512 1623 4567 ἀπὸ
1664 4516 1760 4566 τοῦ
1790 4513 1945 4585 ἁγίου

2058 4515 2159 4587 qui
2189 4515 2249 4569 in
2282 4513 2425 4583 urbe
2454 4516 2581 4566 tum
2616 4512 2907 4583 peregrini
2941 4516 3107 4568 erant
3135 4514 3426 4588 episcopis
3458 4532 3524 4570 ac
3555 4515 3713 4571 dele-

293 4601 678 4678 βαπτίσματος
709 4599 974 4676 ἀνάδοχος
1000 4575 1205 4678 έγένετο
1235 4575 1341 4656 τῶν
1368 4575 1466 4671 τῆς
1496 4605 1799 4679 Θεοφανοῦς
1829 4601 1859 4655 έι

2140 4620 2167 4658 s
2198 4601 2591 4665 senatoribus,
2626 4617 2748 4655 rem
2779 4600 2863 4656 eis
2894 4600 3335 4657 deliberandam
3380 4604 3706 4674 proposuit.

286 4687 525 4747 παίδων.
577 4689 786 4760 Ταύτης
839 4688 895 4745 δὶ
940 4696 1040 4761 τῆς
1089 4692 1283 4769 φήμης
1333 4691 1406 4751 ὡς
1436 4688 1662 4766 εὐλόγοτ
1695 4691 1852 4769 ἀφυρι

2142 4708 2328 4747 )mnes
2350 4688 2832 4745 constitutionem
2846 4705 2974 4747 eam
2993 4689 3341 4763 Gopronymi
3364 4707 3708 4764 esse,eaque

290 4778 623 4856 δραξάμενος
657 4780 684 4833 6
715 4778 1057 4842 Πολύευκτος
1089 4776 1125 4849 ἢ
1153 4781 1491 4857 χωρισθῆναι
1522 4780 1681 4834 αὐτὸν
1733 4780 1945 4852 ἀπεμά-

288 4889 425 4946 χετο
454 4876 552 4938 τῆς
584 4869 837 4945 γυναικὸς
866 4868 1004 4923 κατᾶ
1048 4869 1139 4923 τὸν
1185 4867 1384 4923 κανόνα
1432 4866 1468 4937 ἢ
1511 4871 1608 4937 τῆς
1658 4867 1949 4939 ἐκκλησίας

289 4959 618 5034 ἀναχωρεῖν.
651 4959 720 5015 "0
752 4956 819 5027 δὴ
850 4956 941 5012 καὶ
972 4956 1257 5028 πεποίηκε,
1289 4964 1388 5020 τίς
1419 4962 1714 5035 Θεοφανοῦς
1761 4956 1948 5033 ἐξεχό-

293 5067 479 5120 μενος.
515 5044 996 5121 Συγκαλεσάμενος
1036 5042 1095 5101 δὶ
1141 5046 1271 5109 τοὺς
1304 5044 1670 5120 ἐνδημοῦντας
1730 5045 1944 5101 ἐπισκό-

284 5156 426 5196 πους
453 5133 504 5189 ἐν
561 5138 631 5208 τῇ
681 5133 841 5190 πόλει
890 5136 981 5190 καὶ
1028 5134 1155 5200 τοὺς
1200 5143 1301 5206 τῆς
1349 5133 1659 5211 συγκλήτου
1691 5134 1950 5213 λογάδας,

287 5222 476 5297 σκέψιν
526 5223 651 5300 περὶ
716 5223 913 5280 τούτου
960 5223 1244 5299 προέθετο.
1297 5225 1497 5289 Πάντες
1546 5222 1603 5279 δὶ
1652 5222 1799 5279 οὗτοι
1858 5229 1953 5281 τοῦ

2058 4782 2469 4854 imperatorem
2522 4795 2637 4834 non
2685 4778 2890 4847 teneri,
2941 4778 3508 4851 pronuntiaverunt;
3543 4781 3709 4852 libel-

2059 4871 2303 4941 lumque
2347 4867 2735 4925 absolutionis
2764 4860 3167 4939 subScriptum
3198 4885 3233 4923 a
3261 4884 3325 4926 se
3376 4869 3488 4942 ipsi
3533 4870 3709 4927 dede-

2062 4964 2218 5016 runt.
2243 4956 2642 5013 Nihilominus
2663 4964 2879 5027 tamen,
2910 4958 3332 5028 tergiversante
3353 4960 3708 5030 patriarcha,

2061 5053 2119 5105 et
2149 5064 2240 5103 res
2271 5064 2468 5102 sacras
2516 5063 2650 5101 cum
2693 5046 3048 5117 imperatore
3097 5062 3443 5104 communes
3495 5049 3712 5107 habere

2063 5130 2641 5201 recusante,'Caesar
2704 5135 2879 5189 ﬁdem
2941 5135 3077 5190 fecit
3135 5136 3533 5209 Nicephorum
3593 5156 3711 5196 non

2036 5228 2247 5301 inisse
2296 5229 2717 5296 susceptorem.
2753 5222 2865 5279 Sed
2918 5230 2972 5280 et
3019 5224 3321 5297 Stylianus
3363 5227 3712 5300 pontiﬁcum

1449 5354 1857 5412 -XYLANDRI
1896 5358 1988 5414 ET
2029 5355 2245 5414 GOABI
2283 5353 2511 5409 NOT/E.

358 5478 475 5552 (10)
506 5479 808 5554 Laudatur
838 5496 871 5536 a
892 5479 1108 5537 Graecis
1128 5479 1789 5554 m_onogamia,bigamia
1809 5479 1950 5538 toleo

286 5551 464 5639 ratur
514 5555 603 5639 et"
629 5553 937 5639 multatur,
963 5551 1233 5639 τριγαμία
1289 5551 1480 5609 invisa
1537 5551 1645 5620 est,
1683 5572 1941 5639 τετραγα-

2055 5479 2417 5563 Νἱοοριιοιςυε
2465 5478 2525 5563 in
2574 5477 2933 5563 (lenonibus,
2969 5478 3244 5562 Basilius,
3279 5479 3705 5563 Euchologium

2052 5556 2111 5624 et
2136 5549 2452 5624 canonistae
2478 5549 2989 5609 GrzaeciBationem
3015 5552 3063 5608 si
3088 5549 3709 5624 quaras,inc0ntinen-

294 5619 393 5709 μία
414 5623 715 5709 prohibita
732 5619 1100 5709 estpenit'us'.
1133 5619 1237 5709 Cui
1258 5640 1392 5699 vero
1415 5619 1943 5709 posngssubjioit'ur
2050 5623 2194 5681 tiam
2228 5621 2505 5679 cohibent
2529 5626 2588 5679 et
2619 5624 2895 5696 puniunt.
2930 5619 3110 5680 Galla.

298 5690 529 5770 διγοῑμία
546 5694 575 5751 ?
594 5690 864 5755 biennali
898 5694 1393 5755 sacramentorum
1415 5690 1690 5768 orbitati;
1724 5690 1795 5754 de
1826 5712 1943 5769 qua
