3922 6132
233 286 313 347 87
1574 289 1895 353 GEORGII
1939 287 2279 349 causam
3573 279 3655 339 es

229 423 623 495 palatinorum
670 417 944 490 princeps
974 418 1110 491 (ipsi
1140 426 1533 495 protopapam
1569 423 1820 492 vocant),
1853 438 1888 476 a

2072 416 2383 492 ιπρωνύμου
2442 415 2574 470 εἶναι
2622 413 2713 468 τὸν
2764 414 2935 485 νόμον
2982 405 3193 484 ἔλεγον,
3222 409 3311 464 καὶ
3340 406 3654 495 δέονᾼαῦτὸν

232 529 348 585 quo
380 525 690 567 emanasse
739 507 851 563 iste
898 525 1101 563 rumor
1150 509 1465 579 ferebatur,
1507 528 1701 567 coram
1735 511 1889 566 353

232 601 479 656 concilio
512 604 570 654 et
618 602 826 653 senatu
849 598 1074 668 juravit
1125 616 1186 654 se
1218 617 1406 672 neque
1454 602 1669 656 vidisse
1700 616 1890 672 neque

232 691 510 761 cuiquam
544 687 761 742 dixisse
811 687 963 756 quod
994 686 1083 742 vel
1116 688 1333 744 Bardas
1389 689 1477 745 vel
1526 690 1889 760 Nicephorus

230 783 385 835 esset
435 779 627 833 factus
673 784 995 846 susceptor.
1049 775 1397 848 Polyeuctus
1450 795 1607 850 ergo,
1653 776 1892 833 tametsi

229 870 494 939 pejerare
543 864 877 937 Stylianum
910 868 1066 920 certo
1121 866 1363 935 sciebat,
1398 868 1618 922 crimen
1651 884 1890 938 compa-

232 956 527 1012 ternitatis
560 955 799 1022 omisit;
833 958 890 1008 et
920 954 1020 1025 qui
1052 960 1186 1010 ante
1218 957 1467 1028 urgebat
1497 962 1560 1011 ut
1585 959 1656 1012 ob
1688 973 1893 1012 secun-

228 1046 334 1101 das
383 1046 623 1115 nuptias
669 1060 840 1115 pcena
898 1042 1286 1116 inﬂigeretur,
1316 1045 1368 1101 ei
1411 1062 1645 1117 quoque
1677 1062 1890 1117 magno

231 1132 443 1189 delicto
477 1133 722 1204 ignovit.

2004 509 2079 579 μὴ
2142 504 2499 583 φυλάττεσθαι
2560 501 2808 579 ἔκριναν.
2869 502 3029 559 Τοῦτ’
3084 498 3185 575 ἄρα
3242 501 3331 553 καὶ
3391 492 3656 554 λίϐελλον

2001 595 2239 671 ἀφέσεως
2316 594 2727 671 ὑπογράψαντες
2809 590 2990 663 τούτῳ
3066 585 3476 645 ἰπιδεδώκασιν.
3536 590 3658 642 "Et:

2001 683 2070 740 δι’
2128 680 2574 757 ἀναϐαλλόμενον
2633 683 2724 737 τὸν
2784 678 3125 736 Πολύευκτον
3182 684 3515 747 κοινωνῆσαι
3578 682 3662 748 τῷ

2005 772 2276 850 βασιλεῖὸ
2337 776 2537 848 Καῖσαρ
2587 770 3040 847 ἐπληροφόρησεν
3099 767 3174 830 ὡς
3232 768 3336 822 οὐκ
3383 763 3663 839 ἀνάδοχος

2000 861 2237 937 γέγονεν.
2289 859 2469 917 Ἀλλὰ
2529 860 2618 915 καὶ
2672 857 2966 919 Στυλιανὸς
3028 857 3055 910 ὁ
3113 861 3487 931 πρωτοπαπᾶς
3548 856 3669 927 (11)

1998 957 2094 1006 τοῦ
2165 949 2412 1026 μεγάλου
2461 949 2772 1016 παλατίου,
2834 948 2883 1020 ἐξ
2948 946 3010 1001 οὗ
3062 946 3284 1021 πρώτου
3343 941 3566 1018 ἐλέγετο
3626 946 3661 1011 ἡ

1998 1043 2223 1113 τοιαύτη
2276 1045 2434 1120 φήμη
2489 1038 2830 1115 διαδραμεῖν,
2889 1036 3119 1091 ἐνώπιον
3170 1034 3344 1091 ἐλθὼν
3390 1041 3491 1103 τῆς
3538 1054 3663 1087 συν-

2002 1129 2131 1186 ὁδου
2179 1132 2266 1186 καὶ
2298 1135 2399 1196 τῆς
2425 1127 2737 1203 συγκλήτου
2791 1124 3102 1199 ἐξωμόσατο
3149 1124 3278 1197 μήτ’
3330 1122 3461 1178 ἴδεῖν
3524 1123 3667 1195 μήτε

229 1223 367 1297 πρός
397 1242 548 1282 τινας
579 1220 815 1275 ἀνειπεῖν
849 1220 924 1282 ὡς
956 1216 1057 1296 ἄρα
1089 1219 1299 1294 Βάρδας
1331 1223 1366 1293 ἢ
1399 1223 1735 1299 Νικηφόρως
1768 1219 2038 1296 ἀνάδοχος
2068 1222 2301 1297 γένοιτο.
2333 1222 2393 1277 Ὁ
2420 1216 2477 1274 δὲ
2527 1216 2867 1279 Πολύευκτος
2926 1215 3117 1289 καίπερ
3172 1216 3415 1290 φανερῶς
3473 1211 3667 1285 ἐπιορ-

229 1315 428 1364 κοῦντα
460 1306 620 1371 εῗδὼς
651 1310 743 1364 τὸν
777 1307 1097 1378 Στυλιανὸν,
1131 1313 1193 1364 τὸ
1220 1318 1321 1380 τῆς
1352 1313 1656 1374 συντεκνίας
1683 1310 2101 1386 συγκεχώρηκεν
2131 1306 2408 1384 ἔγκλήμα,
2440 1309 2529 1363 καὶ
2562 1309 2589 1362 ὁ
2621 1306 2793 1363 πάλαι
2844 1304 3191 1377 ἐνιστάμενος
3244 1299 3673 1376 δευτερογαμίας

233 1399 508 1471 ἐπιτίμιον
541 1398 802 1462 ἐπιθεῖναι
835 1398 925 1453 καὶ
956 1398 1017 1453 τὸ
1049 1400 1189 1474 μέγα
1215 1405 1375 1455 τοῦτο
1407 1408 1646 1476 παρῆκεν
1681 1400 2001 1476 ἁμάρτημα.

305 1490 670 1562 Nicephorus
693 1506 846 1545 anno
867 1490 1100 1562 imperii
1139 1492 1230 1546 sui
1265 1492 1455 1562 primo
1487 1498 1689 1547 contra
1719 1494 1890 1547 Sara-

235 1596 410 1635 cenos
460 1578 720 1635 Siciliam
771 1584 1041 1634 tenentes
1072 1581 1288 1635 emittit
1320 1598 1453 1635 cum
1494 1581 1681 1637 classe
1712 1586 1769 1636 et
1797 1597 1894 1635 va-

234 1668 355 1722 lido
381 1667 636 1723 exercitu
663 1668 1003 1723 Manuelum
1036 1669 1372 1739 patricium,
1406 1671 1675 1741 spurium
1702 1670 1890 1725 ﬁlium

234 1756 442 1812 Leonis
462 1755 653 1828 patrui
677 1756 791 1822 sui,
825 1756 925 1828 qui
951 1758 1313 1813 domesticus
1339 1759 1675 1814 scholarum
1698 1760 1892 1815 dictus

234 1863 268 1901 a
290 1846 554 1901 Romano
597 1845 827 1900 seniore
864 1844 1052 1900 oculis
1082 1846 1274 1901 fuerat
1311 1848 1589 1902 orbatus:
1620 1847 1891 1902 dedecori

2072 1484 2390 1566 Νικηφόρος
2466 1484 2523 1542 δὲ
2588 1490 2668 1558 τῷ
2741 1486 2946 1560 πρώτῳ
3003 1485 3102 1547 τῆς
3162 1480 3325 1535 αὑτοῦ
3378 1476 3671 1555 βασιλείας

2002 1575 2106 1632 ἔτει
2166 1576 2428 1650 ἐκπέμπει
2474 1577 2610 1630 κατά
2662 1575 2770 1628 τῶν
2827 1572 2877 1627 ἐν
2941 1569 3165 1641 Σικελίᾳ
3205 1572 3538 1642 Σαρακηνῶν
3572 1569 3672 1622 τὸν

2000 1667 2287 1741 πατρίκιον
2370 1663 2640 1733 Μανουὴλ
2719 1664 2808 1717 καὶ
2877 1661 3033 1725 νόθον
3092 1659 3206 1713 υἱὸν
3273 1654 3665 1733 πατραδέλφου

2000 1755 2163 1810 αὑτοῦ
2220 1754 2474 1822 Λέοντος,
2534 1758 2615 1823 [P.
2647 1755 2774 1825 650]
2832 1755 2927 1805 τοῦ
2984 1747 3429 1825 χρηματίσαντος
3482 1744 3663 1817 δομι-

2000 1844 2187 1899 στίκου
2261 1849 2367 1898 τῶν
2446 1840 2667 1916 σχολῶν
2750 1840 2839 1895 καὶ
2915 1838 3001 1894 ἐπὶ
3070 1840 3349 1910 Ῥωμανοῦ
3410 1840 3509 1890 τοῖ’»
3566 1836 3659 1910 γέ-

235 1950 492 2005 namque
515 1935 627 1989 sibi
671 1935 792 1989 fore
817 1935 1142 2004 judicabat,
1176 1935 1225 1990 si
1256 1935 1385 2007 ipso
1416 1938 1745 2008 imperante
1774 1941 1880 1991 Ro-

2072 1955 2183 1996 mo;
2235 1931 2653 2009 τυφλωθέντος,
2709 1929 2933 2006 στρατὸν
2996 1927 3144 1999 αὐτῷ
3197 1925 3324 1989 δοὺς
3370 1923 3486 2010 καὶ-
3519 1923 3653 1978 στό-

236 2038 481 2077 manum
513 2023 823 2093 imperium
857 2023 1077 2077 tributa
1108 2023 1414 2080 Saracenis
1454 2024 1720 2080 solveret.
1777 2025 1888 2080 Res

233 2111 373 2183 ipsa
398 2110 659 2183 postulat
694 2116 755 2167 ut
785 2113 1319 2184 exponamus,quid
1354 2114 1556 2169 tributi
1585 2114 1888 2170 Saracenis

237 2199 475 2255 solverit
520 2200 850 2255 Romanum
886 2201 1219 2272 imperium,
1265 2206 1444 2274 atque
1477 2205 1631 2258 unde
1679 2220 1746 2258 ea
1797 2220 1889 2258 res

238 2288 477 2343 initium
507 2287 801 2344 habuerit.
835 2289 980 2344 Cum
1031 2291 1287 2345 Africani
1323 2291 1595 2347 Saraceni
1642 2296 1890 2364 Syracu-

247 2392 345 2431 sas
377 2376 1022 2449 cepissent,imperante
1053 2379 1270 2434 Basilio
1301 2381 1891 2453 Macedone,reliquas

240 2464 416 2520 etiam
449 2465 622 2521 urbes
640 2472 993 2533 everterunt,
1016 2472 1136 2522 tota
1158 2468 1354 2524 insula
1384 2469 1891 2541 potiti,solamque

242 2554 601 2609 Panormum
653 2571 755 2626 pro
806 2571 937 2610 arce
986 2560 1041 2610 et
1091 2557 1455 2628 receptaculo
1508 2559 1887 2629 reliquerunt.

242 2642 381 2697 Inde
400 2643 640 2712 profecti
663 2646 991 2714 oppositam
1016 2646 1409 2700 continentem
1436 2654 1889 2719 occupaverunt,

246 2731 615 2802 ulteriusque
636 2732 927 2803 progressi
957 2731 1183 2787 insulas
1205 2751 1391 2806 usque
1422 2737 1491 2790 ad
1528 2736 1891 2808 Peloponne-

247 2834 379 2873 sum
411 2835 615 2874 omnes
646 2820 1172 2893 vastabant,iisque
1206 2823 1445 2894 potituri
1475 2824 1650 2880 etiam
1683 2842 1890 2896 prope-

243 2906 396 2961 diem
428 2907 979 2971 credebantur.Quaa
1011 2926 1103 2965 res
1129 2928 1263 2966 cum
1294 2914 1544 2981 graviter
1573 2914 1891 2970 sollicitum

242 3000 463 3051 teneret
509 2996 815 3061 Basilium,
864 3002 919 3052 et
969 2998 1018 3051 is
1068 3005 1351 3070 quaereret
1398 3000 1693 3057 hominem
1760 3005 1893 3060 huic

244 3083 574 3139 ministerio
604 3084 904 3152 idoneum,
938 3087 1093 3165 354
1123 3089 1484 3159 Nicephorus
1517 3090 1737 3162 placuit
1790 3110 1891 3163 pa-

244 3170 450 3227 tricius
500 3176 559 3228 et
614 3174 973 3230 domesticus
1025 3176 1384 3248 scholarum,
1418 3180 1518 3250 qui
1569 3197 1893 3252 cognomen

1998 2008 2093 2077 λον
2154 2008 2490 2095 ἀξιόμαχονο
2560 2017 2771 2092 ἀδοξίαν
2831 2019 2933 2094 γὰρ
2992 2015 3164 2071 ἐδόκει
3222 2008 3653 2090 προστρίϐεσθαι

1998 2112 2193 2184 ἐαυτῷ,
2240 2112 2289 2165 εἴ
2330 2108 2526 2165 τούτου
2573 2112 2896 2184 κρατοῦντος
2957 2109 2992 2176 ἡ
3042 2106 3329 2178 Ῥωμαίων
3394 2101 3657 2176 βασιλεία

1998 2198 2333 2277 δασμοφορεῖ
2374 2204 2493 2260 τοῖς
2562 2202 2943 2272 Σαρακηνοῖς.
3002 2193 3163 2250 Ἀλλ’
3230 2194 3518 2269 ἀναγκαῖον
3576 2191 3662 2245 εἲ-

1997 2296 2119 2343 πεῖν
2145 2286 2544 2363 ἐπιδραμόντας
2591 2288 2673 2351 τίς
2724 2289 2758 2355 ἡ
2810 2287 2945 2361 πρὸς
2996 2284 3123 2344 τοὺς
3177 2280 3529 2358 Σαρακηνοὺς
3557 2277 3662 2334 δα-

2000 2377 2293 2456 σμοφορία,
2342 2377 2431 2431 καὶ
2464 2376 2582 2439 ὅθεν
2634 2374 2829 2450 εἷ’ληφε
2874 2376 2974 2443 τὴν
3009 2374 3210 2449 ἀρχήν.
3270 2377 3379 2440 Τῆς
3435 2368 3665 2431 πόλεως

1997 2468 2097 2543 γὰρ
2153 2471 2260 2521 τῶν
2323 2471 2678 2541 Συρακουσῶν
2745 2464 2847 2519 ὑπὸ
2904 2468 3011 2517 τῶν
3072 2462 3123 2517 ἐν
3184 2463 3419 2537 Ἀφρικῇ
3480 2466 3663 2532 Σαραο

1998 2560 2178 2625 κηνῶν
2209 2553 2450 2625 ἀλούσης
2496 2555 2584 2609 ἐπὶ
2637 2558 2744 2607 τῶν
2793 2552 3008 2628 χρόνων
3055 2548 3335 2627 βασιλείου
3384 2553 3481 2603 τοῦ
3532 2551 3662 2604 Μα-

1999 2642 2259 2709 κεδόνος,
2337 2643 2426 2697 καὶ
2484 2645 2583 2712 τὴν
2644 2640 2780 2712 ὅλην
2841 2636 3036 2711 συνέϐη
3095 2646 3259 2709 νῆσον
3320 2639 3409 2693 ὐπ’
3467 2636 3660 2690 αὐτῶν

2000 2734 2399 2807 κατασχεθῆναι
2448 2732 2537 2786 καὶ
2589 2732 2684 2793 τὰς
2747 2730 2913 2799 αὐτῆς
2967 2728 3158 2790 πόλεις
3215 2732 3659 2802 κατασκαφῆναι,

1997 2829 2096 2892 τῆς
2165 2820 2455 2895 Πανόρμου
2535 2820 2705 2893 μόνης
2785 2817 3277 2890 περιποιηθείσης,
3346 2814 3398 2885 ἐξ
3454 2814 3523 2883 ἧς
3575 2814 3660 2874 ὡς

2001 2908 2060 2966 ἔκ
2108 2932 2257 2971 τινος
2307 2908 2658 2985 ὁρμητηρίου
2709 2910 3025 2981 ὁρμώμενοι
3094 2907 3145 2960 οἱ
3198 2903 3493 2980 Ἀγαρηνοὶ
3549 2903 3660 2971 τὴν

2002 3000 2347 3073 ἀντιπέραθεν
2394 3005 2496 3072 γῆν
2569 2996 2953 3067 ἐπεκτήσαντο.
3015 2996 3247 3050 Ἐκεῖθεν
3308 2990 3366 3047 δὲ
3424 2989 3663 3066 διαπορ-

2004 3089 2329 3162 θμευόμενοι
2378 3088 2474 3150 τὰς
2520 3089 2718 3157 νήσους
2759 3083 2952 3159 ἐδῄουν
3022 3081 3153 3159 ἄχρι
3211 3080 3665 3153 Πελοποννήσου,

2004 3178 2093 3233 καὶ
2169 3180 2293 3232 ὅσον
2368 3174 2521 3231 οὕπω
2579 3173 2944 3251 προσδόκιμοι
2993 3173 3425 3249 παραστήσεσθαι
3491 3171 3665 3239 ἦσαν.

250 3259 451 3316 Phocea
468 3263 724 3333 gerebat,
741 3264 893 3333 quod
914 3264 1156 3335 quidam
1182 3267 1367 3337 ipsius
1391 3268 1683 3338 majorum
1716 3270 1890 3324 rebus

2079 3270 2343 3342 μηχανῶν
2418 3264 2475 3320 δὲ
2541 3267 2569 3320 ὁ
2649 3263 2905 3339 βασιλεὺς
2980 3262 3287 3329 Βασίλειος,
3363 3259 3451 3314 καὶ
3509 3256 3667 3331 ἄξιον

249 3349 525 3420 praeclare
570 3352 753 3421 gestis
812 3354 1003 3408 fuerat
1046 3355 1314 3409 meritus.
1351 3354 1452 3411 Hic
1506 3357 1895 3429 Nicephorus,

250 3438 559 3510 Nicephori
591 3440 961 3511 imperatoris
992 3458 1154 3509 avus,
1181 3443 1353 3499 homo
1385 3461 1725 3516 generosus,
1759 3465 1896 3518 pru-

252 3526 398 3581 dens
422 3543 487 3581 ac
510 3528 642 3596 pius
663 3528 721 3582 in
742 3528 947 3595 Deum,
979 3534 1036 3584 et
1055 3546 1192 3601 erga
1213 3530 1481 3588 homines
1504 3534 1728 3603 justus,
1762 3551 1895 3590 cum

249 3614 505 3670 exercitu
534 3616 593 3670 in
626 3616 884 3672 Siciliam
916 3619 1235 3689 profectus,
1261 3620 1414 3675 brevi
1444 3624 1728 3693 temporis
1758 3642 1898 3695 spa-

250 3702 330 3758 tio
363 3702 530 3759 Italia
557 3707 875 3761 Saracenos
900 3707 1142 3777 expulit,
1174 3711 1473 3781 coegitque
1502 3728 1602 3768 eos
1650 3718 1714 3767 ut
1745 3730 1807 3768 se
1837 3714 1896 3768 in

247 3791 450 3847 Sicilia
499 3794 886 3850 continerent.
922 3795 1139 3852 Ferunt
1168 3798 1345 3854 Italos
1397 3799 1533 3855 huic
1563 3801 1684 3857 viro
1715 3804 1895 3858 aedem

249 3881 521 3950 posuisse
542 3882 611 3936 ad
637 3889 981 3954 perpetuam
1006 3886 1236 3941 virtutis
1258 3888 1385 3958 ejus
1408 3890 1897 3958 memoriam,non

251 3969 380 4026 ideo
412 3975 644 4025 tantum
678 3973 829 4042 quod
862 3990 961 4028 eos
992 3972 1382 4044 liberavisset,
1416 3980 1517 4033 sed
1549 3986 1605 4034 et
1635 3981 1705 4035 ob
1738 3980 1897 4036 aliud

252 4058 632 4114 memorabile
662 4059 903 4115 factum.
935 4063 1163 4118 Etenim
1212 4065 1459 4121 Romani
1489 4069 1730 4123 domum
1763 4086 1897 4124 cum

252 4146 492 4202 ductore
522 4164 629 4202 suo
652 4144 940 4205 reversuri
972 4152 1190 4208 multos
1214 4154 1493 4210 Italorum
1517 4158 1900 4229 comprehen-

254 4235 636 4308 derant,quos
649 4236 921 4293 volebant
937 4240 995 4295 in
1012 4242 1349 4299 servitutem
1368 4261 1569 4300 secum
1588 4247 1897 4303 abducere.

255 4324 335 4379 Re
357 4330 655 4396 comperta
680 4326 1064 4399 Nicephorus,
1100 4330 1244 4385 nihil
1270 4333 1470 4389 dicens
1492 4352 1680 4405 neque
1716 4335 1898 4391 ullam

251 4415 592 4485 suspicandi
642 4419 1010 4473 occasionem
1069 4423 1354 4491 praebens,
1392 4428 1455 4477 ut
1504 4425 1899 4479 Brundusium

252 4507 342 4557 est
374 4509 715 4574 perventum
748 4506 905 4577 (inde
934 4509 1089 4562 enim
1142 4515 1308 4564 erant
1350 4511 1407 4564 in
1454 4511 1746 4583 Illyricum
1777 4518 1900 4568 tra-

246 4590 642 4664 jecturi),ipse
668 4610 1147 4667 unumquemque
1178 4597 1616 4655 classiariorum
1648 4602 1901 4673 singula-

253 4679 361 4734 tim
394 4680 451 4734 in
485 4682 679 4737 navim
713 4682 939 4755 ingredi
980 4686 1163 4756 jussit
1188 4690 1243 4740 et
1275 4689 1575 4757 trajicere;
1613 4695 1790 4762 atque
1820 4692 1903 4746 sic

257 4768 434 4824 Italos
466 4768 525 4824 in
566 4771 735 4827 Italia
782 4772 1037 4843 reliquit.
1072 4778 1279 4828 Pacata
1328 4776 1535 4831 exinde
1584 4778 1693 4832 fuit
1742 4779 1907 4835 Italia

259 4873 447 4927 usque
482 4859 555 4913 ad
586 4859 904 4930 imperium
937 4863 1304 4916 Constantini
1337 4864 1821 4938 Porphyrogeniti
1849 4874 1907 4924 et

257 4946 463 5002 matris
518 4949 666 5019 ejus.
708 4951 859 5004 Tum
918 4967 1154 5005 rursum
1207 4954 1478 5008 Saraceni
1535 4956 1906 5027 insurgentes

259 5035 489 5092 Italiam
517 5039 754 5093 nemine
776 5038 1123 5111 prohibente
1145 5039 1523 5098 infestarunt.
1558 5049 1628 5100 Et
1657 5046 1906 5117 impera-

254 5126 410 5181 tores
442 5126 975 5182 animadvertentes
1007 5144 1067 5183 se
1103 5146 1217 5184 non
1250 5148 1418 5202 pares
1466 5149 1596 5188 esse
1636 5132 1787 5189 bello
1829 5134 1907 5190 si-

256 5214 377 5269 mul
410 5220 614 5271 contra
643 5215 958 5271 orientales
988 5223 1044 5271 et
1070 5224 1272 5275 contra
1312 5222 1702 5279 occidentales
1735 5224 1907 5279 Sara-

258 5317 433 5360 cenos
465 5305 738 5377 gerendo,
771 5306 1095 5377 praesertim
1129 5314 1299 5381 rupto
1328 5310 1478 5369 355
1509 5313 1632 5383 jam
1667 5314 1844 5369 etiam
1875 5331 1910 5369 a

2010 3357 2282 3430 ὑπηρέτην
2353 3356 2625 3424 ἀναζητῶν
2698 3360 2798 3423 τῆς
2865 3352 3120 3421 τοιαύτης
3178 3349 3504 3426 ὑπηρεσίας,
3564 3349 3668 3401 τὸν

2006 3444 2287 3519 πατρίκιον
2362 3440 2533 3519 ἔκρινε
2596 3442 2913 3518 Νικηφόρον
2990 3440 3079 3494 καὶ
3158 3436 3477 3511 δομέστικον
3546 3440 3667 3490 τῶν

2008 3533 2251 3609 σχολῶν,
2303 3530 2616 3605 ἐπωνυμίαν
2676 3532 2906 3609 φέροντα
2957 3532 3054 3584 τοῦ
3114 3532 3302 3595 Φωκᾶ,
3344 3524 3449 3580 ἀπό
3512 3544 3673 3587 τινος

2004 3629 2110 3678 τῶν
2154 3621 2437 3697 προγόνων
2472 3622 2636 3675 αὐτοῦ
2667 3619 3100 3694 ἀριστεύσαντος.
3135 3618 3363 3677 Πάππος
3394 3615 3421 3668 ὁ
3479 3620 3663 3683 Νικη-

2008 3711 2175 3789 φόρος
2204 3712 2268 3782 ἤν
2298 3716 2395 3765 τοῦ
2447 3707 2714 3786 βασιλέως
2758 3706 3094 3782 Νικηφόρου,
3131 3705 3264 3789 ἀνὴρ
3294 3701 3541 3779 γενναῖὸς
3599 3723 3667 3756 τε

2003 3788 2094 3855 καὶ
2152 3800 2390 3867 συνετὸς,
2442 3799 2508 3853 τὰ
2536 3802 2672 3874 πρὸς
2705 3796 2832 3853 Θεόν
2891 3816 2950 3851 τε
3005 3788 3230 3863 εὐσεϐὴς
3282 3792 3371 3847 καὶ
3427 3791 3493 3845 τὰ
3520 3790 3671 3865 πρὸς

2006 3889 2324 3963 ἀνθρώπους
2355 3886 2582 3950 δίκαιος.
2616 3888 2786 3947 Οὗτος
2821 3884 2951 3960 μετά
2979 3905 3122 3946 τινος
3156 3886 3385 3957 στρατοῦ
3413 3879 3487 3941 εἷς
3521 3880 3669 3936 Ἰταο

2009 3976 2128 4032 λίαν
2177 3978 2497 4053 περαιωθεὶς
2548 3974 2698 4037 ἐντὸς
2748 3974 2937 4049 ὀλίγου
2983 3971 3112 4033 τοὺς
3158 3967 3508 4043 Σαρακηνοὺς
3558 3974 3670 4036 τῆς

2010 4065 2241 4127 Ἰταλίας
2275 4063 2523 4134 ἀπήλασε
2547 4062 2637 4118 καί
2668 4063 2719 4117 ἐν
2756 4061 2982 4132 Σικελίᾳ
3012 4063 3045 4129 ἡ
3080 4060 3331 4134 συχάζειν
3360 4058 3666 4130 ἠνάγκασε.

2006 4155 2209 4210 Τούτου
2258 4158 2353 4208 τοῦ
2402 4151 2596 4229 ἀνδρὸς
2636 4154 2722 4207 καὶ
2756 4153 2881 4207 ναὸν
2915 4150 3129 4224 λέγεται
3163 4145 3502 4221 δομήσασθαι
3532 4143 3674 4205 τοὺς

2010 4243 2249 4305 Ἰταλοὺς
2312 4243 2386 4307 εἷς
2438 4246 2657 4316 μνήμην
2710 4239 2949 4311 ἄληστοθ
2990 4245 3090 4308 τῆς
3123 4237 3289 4291 αὐτοῦ
3318 4235 3532 4310 ἀρετῆς,
3600 4234 3670 4287 οὐ

2010 4332 2100 4389 διὰ
2128 4334 2227 4401 τήν
2260 4331 2567 4406 ἐλευθερίαν
2604 4330 2798 4403 μόνην,
2850 4327 2995 4383 ἀλλὰ
3021 4326 3110 4381 καὶ
3144 4324 3213 4380 δι’
3267 4323 3449 4394 ἕτερον
3497 4317 3667 4395 ἔργον

2010 4423 2396 4499 ἀξιαφήγητον·
2457 4421 2525 4476 0i
2571 4420 2672 4495 γὰρ
2730 4419 2995 4490 Ῥωμαῖοι
3052 4414 3102 4469 ἐν
3159 4419 3239 4486 τῷ
3299 4410 3518 4485 μέλλειν
3576 4409 3672 4499 οἳ·

2009 4497 2154 4566 καδε-
2196 4508 2546 4586 ὑποστρέφειν
2616 4507 2749 4580 μετά
2802 4511 2900 4560 τοῦ
2949 4508 3098 4583 σφῶν
3158 4505 3461 4578 στρατηγοῦ
3512 4497 3668 4553 πολ-

2014 4600 2142 4662 λοὺς
2196 4605 2303 4654 τῶν
2374 4598 2595 4655 Ἰταλῶν
2672 4597 3038 4670 κατασχόντες
3110 4589 3365 4647 ἔσπευδον
3426 4587 3671 4651 δούλους

2015 4691 2091 4751 εἷς
2145 4691 2243 4757 τὴν
2306 4689 2526 4763 περαίαν
2557 4680 2889 4741 διαϐιϐάσαιο
2951 4683 3013 4738 οὗ
3068 4681 3425 4758 γνωσθέντος,
3489 4675 3667 4751 μηδὲν

2013 4777 2157 4840 ὅλως
2190 4777 2356 4832 εἰπὼν
2390 4778 2417 4831 ὁ
2477 4775 2789 4850 Νικηφόρος
2850 4770 2977 4846 μηδ’
3036 4771 3285 4826 ὑπόνοιάν
3314 4789 3435 4824 τινα
3498 4764 3674 4821 δεδω-

2013 4870 2122 4930 κὼς
2180 4868 2285 4943 πρὸ
2343 4871 2438 4920 τοῦ
2498 4866 2548 4920 ἐν
2626 4863 2919 4939 Βρεντεσίῳ
2993 4862 3232 4937 γενέσθαι
3285 4858 3506 4933 (ἐκεῖθεν
3560 4857 3671 4932 γὰρ

2016 4953 2249 5028 ἔμελλον
2309 4955 2443 5029 πρὸς
2500 4954 2599 5023 τὴν
2658 4948 2934 5027 Ἰλλυρίδα
2982 4947 3301 5024 διαπερᾷν)’
3359 4946 3441 5033 ὡς,
3492 4944 3676 4998 ἐκεῖσε

2016 5043 2284 5120 ἐγένοντο,
2319 5043 2476 5104 αὐτὸς
2529 5040 2599 5096 δι’
2648 5042 2837 5095 ἑαυτοῦ
2888 5036 3109 5094 ἕκαστον
3160 5040 3266 5092 τῶν
3318 5037 3672 5107 στρατιωτῶν

2017 5129 2325 5206 ἐμϐιϐάζων
2393 5137 2510 5194 τοῖς
2586 5130 2806 5192 πλοίοις
2887 5132 3052 5203 περᾷν
3128 5123 3507 5200 παρεσκεύαξε,
3576 5121 3675 5175 καὶ

2019 5222 2160 5277 οὕτω
2190 5221 2316 5285 τοὺς
2345 5221 2649 5298 ἐγχωρίους
2682 5216 2825 5272 εἶάσε
2851 5219 2951 5287 τὴν
3012 5217 3212 5271 ἑαυτῶν
3267 5212 3454 5289 χώραν
3494 5206 3681 5298 ἀδεῶς

2016 5317 2310 5368 κατοικεῖν.
2385 5296 2701 5365 -Διετέλεσιν
2788 5306 2878 5361 οὖν
2958 5303 3307 5381 είρηνεύουσα
3363 5303 3398 5370 ἡ
3457 5296 3680 5355 Ἰταλία

1456 5439 1820 5496 XYLANDRI
1860 5439 1950 5496 ET
1989 5440 2205 5495 GOARI
2244 5439 2475 5495 ΝΟΤΛΕ.

330 5530 861 5610 (11)“Εεοιςεςίανιιγηι
892 5533 1105 5610 palatii
1143 5536 1611 5610 archipresbyter.
1635 5538 1908 5610 Speciose
2011 5538 2323 5610 principem
2372 5536 2528 5592 facit.
2560 5539 2874 5593 Strenuum
2926 5531 3213 5605 pontiﬁcii
3261 5525 3515 5585 nominis
3544 5525 3677 5582 vin-

259 5600 345 5657 dc'
364 5617 431 5657 eo
464 5602 727 5676 loquitur
753 5600 1072 5676 Xylander,
1087 5610 1144 5663 et
1168 5600 1491 5680 ponii/icui)":
1512 5600 1903 5682 palatinorum

2012 5608 2209 5667 dicem
2232 5610 2371 5683 agit.
2403 5613 2582 5666 Goas.
