3966 6134
232 378 314 440 89
1371 378 1917 442 HISTORIARUM
1963 377 2517 442 COMPENDIUM.
3568 381 3648 440 90

237 507 406 583 μέχρι
462 511 571 563 τῶν
630 509 844 584 χρόνων
900 513 999 565 τοῦ
1058 512 1576 587 Πορφυρογεννήτου
1608 518 1881 565 Κωνσταν·

2000 511 2269 583 Bulgaris
2285 512 2514 581 ﬁndere,
2532 526 2734 584 pacem
2758 527 2893 567 cum
2915 510 3319 567 Siciliensibus
3340 511 3648 569 Saracenis

230 596 393 651 τίνοι)
434 596 525 651 καὶ
572 604 673 666 τῆς
730 598 895 652 αὐτοῦ
947 595 1175 675 μητρός·
1211 597 1293 653 ἐπ’
1341 598 1556 654 ἐκείνων
1610 598 1667 655 δὲ
1722 602 1887 658 πάλιν

232 685 547 756 κινηθέντες
576 687 627 741 οἱ
658 688 967 763 Σαρακηνοὶ
1002 686 1230 762 μηδενὸς
1274 686 1582 751 κωλύοντος
1625 692 1722 759 τήν
1757 692 1890 749 Ἰτα-

233 772 360 829 λίαν
421 775 773 851 κατέτρεχον.
825 774 1140 839 Συνιδόντες
1180 776 1268 833 οὖν
1324 779 1375 832 ol.
1436 783 1757 852 κρατοῦντες
1814 781 1887 843 ὡς

231 862 337 937 οὐχ
374 864 485 919 οἷοί
513 865 570 920 τέ
600 863 700 919 εἶσι
730 865 868 940 πρός
907 887 968 922 τε
1011 866 1137 929 τοὺς
1186 867 1355 939 ἒῴους
1409 868 1756 943 Σαρακηνοὺς
1798 871 1888 925 καὶ

230 954 373 1028 πρὸς
404 954 531 1018 τοὺς
562 954 844 1030 ἑσπερίους
879 955 1145 1031 ἀντέχειν,
1175 954 1284 1026 ἤδη
1344 956 1433 1011 καὶ
1479 962 1586 1012 τῶν
1645 956 1885 1034 Βουλγά-

232 1062 344 1116 ρων
385 1044 482 1106 τὰς
530 1041 762 1105 σπονδὰς
811 1042 1146 1115 λελυκότων,
1196 1045 1509 1109 σπείσασθαι
1565 1047 1887 1122 έγνώκεισαν

235 1132 375 1203 μετά
430 1135 541 1187 τῶν
610 1131 661 1187 έν
725 1132 952 1205 Σικελίᾳ
1017 1139 1371 1209 Σαρακηνῶν.
1434 1137 1714 1211 Ἐγένοντο
1796 1136 1885 1191 οὖν

232 1220 507 1295 σύμφωνα
565 1219 636 1276 δι’
688 1222 992 1287 Εὗσταθίου
1046 1226 1144 1277 τοῦ
1188 1225 1493 1299 στρατηγοῦ
1550 1221 1886 1301 Καλαϐρίας,

230 1309 355 1370 ἑνὸς
414 1306 571 1368 ὄντος
630 1315 737 1365 τῶν
792 1311 1091 1388 βασιλικῶν
1139 1310 1574 1386 θαλαμηπόλων,
1608 1314 1688 1391 ἐφ’
1719 1316 1764 1386 ᾦ
1796 1313 1887 1369 δα-

230 1397 376 1470 σμὸν
406 1396 623 1469 ἐτήσιον
654 1397 899 1463 δίδοσθαι
949 1407 1065 1463 τοῖς
1114 1408 1453 1478 Σαρακηνοῖς
1506 1403 1735 1477 χρυσίου
1792 1424 1890 1479 χι-

228 1483 429 1549 λιάδας
482 1490 590 1563 κβ’.
651 1490 732 1562 [Ρ.
787 1492 917 1563 651]
977 1491 1285 1563 Γενομένων
1346 1489 1403 1545 δὲ
1459 1496 1567 1546 τῶν
1646 1491 1891 1548 σπονδῶν

226 1575 492 1647 Ἰωάννην
527 1575 808 1649 πατρίκιον
852 1579 945 1633 τὸν
1008 1578 1241 1649 ἐπίκλην
1300 1580 1642 1649 Μουζάλωνα
1697 1602 1887 1657 στρατ-

224 1665 375 1738 ηγὸν
431 1671 532 1734 τῆς
602 1660 925 1740 Καλαϐρίας
1008 1663 1415 1744 προύϐάλοντο,
1474 1671 1536 1732 ’ὸς
1620 1675 1891 1747 φορτικῶς

222 1754 530 1829 κατάρχων
607 1759 715 1809 τῶν
793 1753 1085 1832 ἐγχωρίων
1176 1758 1265 1812 ὑπ’
1322 1756 1498 1813 αὐτῶν
1582 1760 1885 1836 ἀπεσφάγη,

223 1844 755 1949 προσχωρησάντων
775 1850 868 1949 Ιτῷ
910 1844 1039 1921 ρηγὶ
1090 1842 1488 1921 Λογγιϐαρδίας
1536 1846 1886 1925 Δανδούλφῳ,
1920 1884 1967 1949 Β

222 1933 522 2004 Ῥωμανοῦ
580 1937 678 1987 τοῦ
732 1934 985 2009 γέροντος
1038 1936 1156 2008 ἄρτι
1207 1936 1274 1989 τὰ
1329 1943 1575 2011 σκῆπτρα
1621 1938 1890 2013 κατέχον-

224 2040 328 2082 τος
384 2020 693 2093 Ῥωμαίων.
747 2023 860 2100 Ὑφ’
916 2024 978 2077 οὗ
1044 2026 1315 2101 συμφέρον
1396 2025 1659 2098 ἐνομίσθη
1739 2047 1892 2101 στρα-

225 2110 440 2170 τιώτας
491 2117 805 2187 πεμφθῆναι
899 2114 1033 2185 μετὰ
1103 2118 1261 2186 νεῶν,
1311 2114 1372 2168 τὸ
1439 2114 1739 2191 ἀπόῤῥαγεν
1794 2119 1891 2184 τῆς

226 2195 510 2268 ὁλότητος
588 2200 748 2275 μέρος
814 2200 1282 2266 ἑπανασώσασθαι.
1358 2205 1758 2278 Προσεπέμφθη
1832 2204 1890 2259 δὲ

231 2292 463 2359 Κοσμᾶς
524 2288 808 2362 πατρίκιος
866 2289 1311 2359 Θεσσαλονικεὺς,
1357 2291 1636 2367 γνώριμος
1688 2292 1760 2346 ὣν
1812 2298 1890 2365 τῷ

228 2373 579 2453 Δανδούλφφ
611 2380 745 2450 (12).
780 2379 881 2433 Καὶ
936 2380 1257 2454 περαιωθεὶς
1312 2382 1469 2443 οὗτος
1530 2381 1605 2443 εἷς
1657 2380 1886 2438 Ἰταλίαν

220 2465 323 2519 καὶ
394 2469 475 2536 τῷ
548 2464 881 2545 ΔανδούΛφῳ
931 2468 1201 2542 συμμίξας
1259 2470 1486 2543 παρῄνει
1553 2472 1887 2546 ἀποσχέσθαι

222 2560 336 2623 τῆς
398 2554 588 2629 χώρας
646 2556 932 2628 Ῥωμαίων
986 2557 1076 2611 καὶ
1147 2562 1223 2629 τῷ
1302 2559 1518 2634 βασιλεῖ
1578 2558 1888 2637 συμφιλιω-

229 2650 403 2711 θῆναι
459 2645 548 2698 καὶ
592 2645 709 2698 ἀντὶ
765 2644 1039 2718 πολεμίου
1100 2647 1259 2724 φίλον
1322 2648 1481 2703 αὐτὸν
1524 2655 1750 2718 ποιῆσαι
1798 2651 1888 2704 καὶ

226 2731 565 2807 σύμμαχον.
623 2734 1085 2807 Ἀπαναινομένου
1135 2734 1190 2790 δὲ
1235 2737 1431 2791 τούτου
1487 2738 1547 2791 τὸ
1585 2742 1825 2813 πρῶτον,
1860 2740 1887 2793 ὃ

226 2827 461 2893 Κοσμᾶς
519 2822 659 2897 ἀνὴρ
726 2825 993 2900 φρόνιμος
1051 2822 1123 2879 ὢν
1183 2826 1271 2881 καὶ
1335 2826 1573 2891 συνετός·
1641 2850 1664 2877 ε
1721 2830 1887 2901 Ἐμοὶ

226 2910 359 2981 μὶν,
390 2911 507 2964 εἶπε
544 2911 680 2985 πρὸς
723 2913 815 2966 τὸν
866 2910 1232 2991 Δανδοῦλφον,
1264 2914 1428 2989 χρέος
1474 2914 1539 2982 ἦν
1588 2918 1655 2971 τὰ
1708 2920 1885 2987 σωτή-

221 3018 323 3070 ρια
377 2994 785 3070 συμϐουλεῦσαι
841 3005 920 3073 τῷ
969 3001 1134 3079 φίλῳ·
1163 3003 1226 3058 Εἰ
1284 3002 1329 3058 δ’
1379 3004 1537 3067 αὐτὸς
1597 3006 1883 3071 πεισθῆναί

226 3108 331 3159 μοι
396 3087 463 3142 οὐ
531 3086 705 3150 θέλεις
778 3090 844 3144 τὰ
920 3088 1179 3160 λυσιτελῆ
1258 3088 1708 3165 συμϐουλεύοντι,
1764 3094 1886 3148 τότε

2003 619 2350 672 componere
2382 607 2735 657 statuerunt.
2770 606 3129 673 Pactumque
3158 605 3267 667 est,
3303 606 3503 671 agente
3526 618 3647 656 rem

2002 690 2264 745 Eustatio
2318 690 2594 745 Calabria
2654 690 2945 762 praefecto,
2988 706 3103 744 uno
3149 691 3218 745 de
3276 690 3650 761 imperatoris

2000 779 2395 847 cubiculariis,
2440 786 2504 835 ut
2533 780 2834 836 Saracenis
2866 782 3145 835 darentur
3174 778 3379 834 tributi
3412 779 3649 834 nomine

2000 870 2315 941 quotannis
2347 886 2657 925 aureorum
2687 871 2758 923 22
2790 869 2971 925 milia.
3006 869 3267 924 Firmata
3296 884 3437 940 pace
3466 868 3648 923 Joan-

1998 975 2125 1014 nem
2156 958 2465 1030 patricium
2516 963 2901 1030 cognomento
2949 957 3312 1013 Muzalonem
3370 957 3645 1012 Calabriae

1997 1049 2398 1120 praefecerunt.
2436 1049 2489 1102 Is
2514 1060 2646 1103 cum
2682 1063 2743 1102 se
2776 1047 3156 1119 imperiosius
3187 1047 3247 1102 in
3280 1046 3551 1102 subditos
3578 1063 3649 1117 ge

1998 1143 2171 1205 reret,
2202 1142 2291 1193 est
2320 1138 2392 1192 ab
2422 1137 2495 1192 iis
2532 1137 2895 1202 interfectus,
2950 1141 3125 1207 atque
3169 1136 3209 1191 ii
3263 1153 3325 1191 se
3358 1136 3651 1191 dederunt

1998 1226 2347 1297 Dandulpho
2380 1226 2493 1296 regi
2529 1226 2951 1296 Longibardias,
2994 1242 3126 1279 cum
3168 1226 3294 1295 jam
3342 1226 3644 1279 Romanus

1998 1315 2196 1371 senior
2222 1314 2539 1386 imperium
2579 1314 2919 1385 accepisset.
2981 1314 3085 1368 Hic
3144 1315 3444 1369 Romanus
3501 1312 3645 1369 utile

1999 1404 2229 1459 censuit
2252 1408 2315 1458 ut
2334 1403 2517 1458 missa
2537 1402 2723 1459 classe
2743 1419 2877 1474 pars
2902 1403 3134 1474 imperii
3158 1402 3380 1458 amissa
3401 1416 3642 1474 recupe-

1999 1492 2563 1549 raretur.Przemittit
2594 1496 2785 1547 tamen
2809 1492 3081 1548 Cosmam
3114 1491 3421 1563 patricium
3456 1492 3645 1546 Thes-

1996 1582 2442 1650 salonicensem,
2478 1587 2679 1636 notum
2715 1581 3084 1652 Dandulpho.
3120 1583 3174 1637 Is
3213 1598 3347 1637 cum
3380 1581 3643 1649 trajecis-

1998 1674 2087 1726 set
2116 1672 2174 1724 in
2208 1669 2456 1735 Italiam,
2476 1686 2609 1725 cum
2640 1670 2991 1741 Dandulpho
3022 1669 3345 1725 collocutus
3373 1670 3643 1724 hortatur

2001 1764 2065 1815 ut
2095 1776 2129 1815 a
2158 1759 2551 1815 Romanorum
2586 1760 2805 1815 ditione
2852 1759 3147 1814 abstineat
3192 1765 3249 1814 et
3290 1775 3422 1814 cum
3452 1757 3645 1827 impe-

2001 1854 2190 1904 ratore
2220 1848 2410 1903 fmdus
2440 1848 2615 1912 ineat,
2647 1864 2901 1919 eumque
2926 1865 3028 1917 pro
3060 1848 3226 1902 hoste
3258 1848 3514 1902 amicum
3539 1862 3645 1917 po-

1998 1938 2117 1993 tius
2146 1938 2488 2008 sociumque
2516 1937 2628 1992 sibi
2660 1936 2955 1992 conciliet.
2990 1936 3342 2008 Dandulpho
3386 1936 3643 2008 primum

2000 2030 2283 2082 renuente
2313 2026 2576 2095 Cosmas,
2610 2030 2671 2080 ut
2732 2032 2858 2081 erat
2888 2026 3065 2081 homo
3126 2027 3403 2096 prudens,
3444 2044 3465 2073 ι
3502 2025 3645 2080 Mihi

1997 2116 2255 2187 quidem,
2288 2115 2501 2185 inquit,
2536 2130 2775 2169 necesse
2818 2120 2944 2169 erat
2992 2114 3218 2169 homini
3266 2115 3455 2168 amico
3501 2130 3645 2185 sug-

1996 2220 2196 2276 gerere
2226 2204 2537 2258 consilium
2571 2203 2953 2258 salulare.Cui
2988 2204 3038 2257 si
3071 2209 3132 2257 tu
3162 2220 3364 2274 parere
3397 2219 3512 2258 non
3533 2203 3644 2271 vis,

1997 2294 2291 2365 experiere
2322 2292 2535 2347 falsum
2569 2292 2749 2347 animi
2780 2297 2836 2347 te
2867 2293 3185 2347 admodum
3213 2292 3415 2361 fuisse,
3446 2292 3546 2347 ubi
3586 2296 3645 2347 to

1997 2383 2362 2439 etnationem
2385 2386 2567 2437 totam
2589 2383 2647 2436 in
2675 2398 2971 2437 summum
2994 2381 3308 2436 adduxeris
3326 2382 3637 2437 discrimen

1997 2478 2053 2527 et
2076 2472 2268 2542 impar
2298 2476 2415 2526 tam
2448 2469 2700 2541 potentis
2731 2469 2961 2540 imperii
2994 2470 3215 2524 viribus
3248 2469 3644 2524 subsistendis

1997 2562 2067 2615 de
2098 2560 2274 2615 rebus
2304 2559 2423 2614 tuis
2475 2558 2894 2628 desperaveris.
2943 2582 2970 2607 ››
3025 2557 3436 2629 Dandulphus,
3486 2558 3640 2614 856

1996 2649 2328 2719 intelligens
2344 2650 2614 2703 Cosmam
2648 2654 2800 2701 recte
2816 2647 3295 2717 monere,accipit
3323 2647 3638 2702 consilium

1996 2742 2055 2793 et
2083 2738 2273 2793 foedus
2292 2737 2393 2791 icit
2416 2753 2430 2790 :
2452 2736 2721 2790 hortatur
2748 2735 2924 2790 etiam
2960 2735 3253 2806 principes
3278 2734 3638 2806 reliquarum

1996 2843 2123 2898 quin
2151 2826 2484 2882 defecerant
2515 2823 2968 2896 provinciarum,
3014 2828 3077 2877 ut
3107 2824 3179 2878 ad
3239 2823 3492 2895 priorem
3546 2841 3639 2878 re-

1995 2916 2172 2971 deant
2201 2920 2418 2970 statum
2474 2930 2770 2983 suumque
2821 2912 3234 2984 imperatorem
3294 2918 3638 2984 agnoscant.

1996 3006 2095 3060 His
2125 3005 2271 3061 actis
2303 3020 2512 3059 rursus
2544 3004 2602 3059 in
2635 3001 2800 3059 Italia
2830 3019 2897 3058 ae
2936 3002 3327 3073 Longibardia
3356 3002 3475 3058 alta
3530 3019 3641 3074 pax

1994 3098 2138 3149 erat.

215 3176 412 3249 γνώση
467 3182 567 3245 τῆς
622 3175 883 3247 ἀληθείας
944 3175 1318 3253 διαμαρτήσας
1374 3183 1510 3236 κατὰ
1565 3182 1734 3254 πολὺ,
1768 3183 1892 3237 ὅταν
1950 3180 2167 3236 σεαυτόν
2216 3200 2275 3234 τε
2325 3180 2413 3234 καὶ
2469 3180 2533 3234 τὸ
2600 3177 2750 3240 ἔθνος
2813 3179 2952 3233 ἅπαν
2998 3183 3116 3239 τοῖς
3180 3177 3457 3253 μεγίστοις
3514 3178 3650 3232 ὑπο-

216 3258 415 3317 ϐαλὼν
477 3262 744 3327 κινδύνοις
803 3267 1210 3341 ἀπαγορεύσεις,
1273 3270 1350 3342 μή
1410 3268 1727 3343 δυνάμενος,
1786 3272 1923 3345 πρὸς
2000 3268 2142 3324 οὕτω
2221 3267 2466 3343 μεγάλην
2544 3267 2633 3323 καὶ
2707 3268 2930 3342 ἰσχυρὰν
3006 3266 3405 3329 ἀντιτάττεσθαι
3485 3264 3642 3322 δυνα-

216 3351 430 3408 στείαν.
466 3376 495 3404 ››
526 3354 713 3416 Συνεὶς
773 3354 864 3409 οὖν
888 3357 917 3411 ὁ
950 3354 1291 3435 Δανδοῦλφος
1337 3361 1403 3413 τὰ
1455 3357 1642 3414 δέοντα
1699 3355 2090 3433 συμϐουλεύειν
2121 3358 2212 3412 τὸν
2244 3356 2548 3433 πατρίκιον,
2582 3355 2794 3427 ἐδέξατο
2824 3357 2924 3424 τὴν
2955 3353 3262 3430 παραίνεσιν
3317 3356 3404 3409 καὶ
3466 3354 3643 3409 ἐσπεί-

215 3462 383 3511 σατο,
417 3446 750 3513 νουθετήσας
778 3444 1031 3509 καὶτοὺς
1059 3443 1327 3521 ἄρχοντας
1356 3449 1464 3502 τῶν
1517 3449 1860 3505 ἀποστάντων
1908 3448 2153 3521 θεμάτων
2194 3451 2262 3521 τῇ
2310 3447 2548 3523 προτέρᾳ
2590 3443 2958 3521 προσδραμεῖν
3004 3446 3151 3520 ἀρχῇ
3198 3443 3287 3497 καὶ
3344 3442 3434 3498 τὸν
3496 3448 3646 3518 σφῶν

214 3530 523 3604 ἆπιγνῶναι
587 3531 833 3605 βασιλέα,
893 3535 968 3588 ὧν
1026 3534 1351 3599 πεισθέντων
1396 3538 1586 3612 εἰρήνη
1652 3540 1840 3614 βαθεῖα
1894 3535 2059 3592 πάλιν
2117 3541 2338 3611 κατεῖχε
2391 3534 2458 3590 τὰ
2486 3534 2537 3589 έν
2570 3534 2778 3605 Ἰταλίᾳ
2804 3533 2893 3588 καὶ
2930 3527 3298 3608 Λογγιϐαρδίᾳ
3326 3531 3640 3607 πράγματα.

295 3622 359 3673 '0
409 3618 467 3675 δὶ
524 3625 632 3676 τῶν
684 3622 1013 3699 Βουλγάρων
1087 3626 1336 3702 ἀρχηγὸς
1395 3629 1620 3701 Συμεὼν
1694 3628 1880 3684 πσλλά
1911 3632 1954 3698 C

217 3712 371 3764 κατὰ
430 3710 714 3784 Ῥωμαίων
796 3714 996 3782 στήσας
1078 3714 1314 3789 τρόπαια
1396 3718 1487 3770 καὶ
1571 3738 1877 3795 φρονηματι

222 3799 380 3863 σθεὶς
440 3797 526 3853 ἐπὶ
586 3799 807 3863 τούτοις
857 3801 947 3856 καὶ
1005 3803 1104 3871 τήν
1164 3804 1451 3877 Ῥωμαίων
1527 3805 1882 3883 ὠνειροπύλει

226 3885 539 3962 βασιλείαν.
571 3888 761 3944 Τοίνυν
816 3891 952 3967 πρὸς
1013 3890 1263 3948 Φατλοῦν
1312 3895 1403 3949 τὸν
1456 3892 1721 3966 δυνάστην
1773 3903 1881 3951 τῶν

221 3984 465 4051 νΑιξῡρων
497 3976 779 4052 ἐκπέμψας
806 3981 1168 4055 προετρέπετο
1201 3982 1395 4038 στόλον
1428 3983 1565 4039 κατὰ
1586 3992 1685 4053 τῆς
1729 3986 1884 4061 βασι-

223 4063 391 4126 λίδος
424 4067 734 4142 ἀναγαγεῖν,
768 4069 1087 4145 ὑπισχνεῖτο
1120 4068 1177 4126 δὲ
1226 4072 1315 4126 καὶ
1360 4073 1523 4135 αὐτὸς
1554 4071 1643 4129 διὰ
1671 4075 1884 4149 Θρᾴκης

222 4154 414 4211 ἐλθεῖν
471 4153 645 4211 πολὺν
702 4157 794 4210 καὶ
856 4159 1022 4234 βαρὺν
1084 4160 1308 4233 πρατὸν
1378 4160 1734 4236 ἐπαγόμενος,
1792 4164 1882 4218 καὶ

219 4241 539 4321 γενομένων
632 4246 717 4323 ὑφ’
760 4245 815 4300 ’ὲν
863 4251 972 4301 τῶν
1048 4250 1461 4325 στρατευμάτων
1528 4248 1615 4304 διά
1669 4272 1727 4307 τε
1776 4242 1882 4328 γῆς

221 4331 319 4387 καὶ
377 4331 655 4404 θαλάσσης
707 4332 1132 4407 ἐκπολιορκῆσαι
1184 4339 1282 4407 τὴν
1336 4337 1744 4413 βασιλεύουσαν,
1792 4342 1881 4395 καὶ

217 4422 320 4477 τὸν
395 4422 595 4492 ταύτης
666 4422 905 4479 πλοῦτον
983 4423 1358 4498 διανείμασθαι
1433 4426 1516 4482 ἐπ’
1578 4425 1716 4499 ἰσης,
1792 4432 1877 4484 καὶ

221 4509 393 4563 αὐτὸν
456 4510 549 4581 μὶν
613 4509 696 4565 ἐπ’
753 4509 905 4566 οἷ’κου
978 4512 1366 4583 ὑπονοστῆσαι,
1425 4518 1617 4569 τοῦτον
1682 4513 1739 4569 δὲ
1812 4520 1881 4590 τῇ

222 4598 810 4655 Κωνσταντινουπόλει
899 4601 1242 4658 καταλιπεῖν.
1311 4605 1545 4667 ’Ἑλαθον
1649 4602 1741 4658 οὖν
1829 4604 1881 4659 oi

219 4686 535 4762 Βούλγαροι
588 4688 723 4762 πρὸς
795 4690 895 4758 τὴν
956 4691 1223 4764 Ἀφρικὴν
1292 4692 1756 4761 ἀποπλεύσαντες,
1790 4700 1881 4749 καί

222 4774 485 4846 δόξαντος
530 4781 629 4831 τοῦ
687 4778 921 4851 Συμεὼν
979 4778 1233 4854 ὠφέλιμα
1288 4787 1563 4855 παραινεῖν
1625 4780 1881 4857 εἷλήφασί

216 4885 377 4927 τινας
435 4865 789 4939 Σαρακηνοὺς
848 4865 1188 4943 ἐλλογίμους
1247 4868 1384 4924 ὥστε
1452 4868 1765 4944 ἐμπεδῶσαι
1815 4874 1881 4927 τὰ

2064 3629 2301 3684 Interim
2358 3628 2595 3683 Simeon
2665 3626 3053 3699 Bulgarorum
3114 3624 3385 3696 princeps
3444 3624 3642 3679 animo

1994 3718 2184 3773 elatus
2215 3717 2288 3773 ob
2320 3717 2539 3773 multas
2569 3718 2641 3771 de
2673 3716 2952 3771 Romanis
2998 3718 3325 3786 reportatas
3373 3714 3644 3769 victorias

1993 3807 2308 3878 imperium
2333 3822 2569 3878 quoque
2584 3810 2914 3861 Romanum
2936 3804 3270 3873 animojam
3295 3803 3642 3873 occupabat.

1992 3896 2170 3952 Mittit
2194 3896 2374 3966 igitur
2404 3896 2630 3968 legatos
2660 3896 2732 3950 ad
2771 3893 3153 3948 Phatlumum
3175 3892 3446 3946 Afrorum
3478 3892 3607 3963 prin
3627 3923 3645 3934 -

1992 3984 2202 4054 cipem,
2234 3983 2624 4054 hortaturque
2656 3987 2719 4037 ut
2749 3981 2998 4037 classem
3030 3981 3101 4035 ad
3135 3978 3337 4051 Cpolin
3370 3979 3639 4034 adducat.

1993 4074 2065 4128 Se
2096 4074 2294 4128 eodem
2329 4088 2433 4144 per
2492 4073 2802 4127 Thraciam
2860 4087 2994 4126 cum
3036 4068 3228 4125 valido
3286 4086 3353 4124 ac
3407 4068 3644 4140 copioso

1992 4162 2244 4218 exercitu
2269 4177 2645 4218 accessurum
2683 4178 2696 4216 :
2731 4161 3061 4231 conjunctis
3087 4159 3310 4214 viribus
3340 4173 3402 4213 se
3436 4158 3639 4214 urbem

1990 4255 2147 4307 terra
2176 4251 2439 4322 marique
2468 4255 2923 4322 expugnaturos,
2958 4254 3015 4305 et
3044 4248 3280 4303 divitias
3311 4248 3436 4319 ejus
3455 4247 3641 4318 inquis

1994 4340 2359 4411 portionibus
2392 4340 2545 4395 inter
2564 4357 2627 4395 se
2657 4339 3033 4409 divisuros,et
3058 4337 3365 4393 Saracenis
3395 4338 3637 4392 domum

1991 4430 2241 4484 reversis
2269 4446 2333 4484 se
2358 4429 2557 4500 Cpolin
2586 4434 2972 4484 retenturum.
3007 4427 3241 4499 Bulgari
3291 4426 3456 4481 missi
3484 4425 3633 4481 clam

1991 4518 2052 4572 in
2080 4518 2334 4574 Africam
2364 4519 2643 4589 navigant
2675 4536 2687 4573 :
2722 4522 2777 4573 et
2806 4518 3100 4583 Saraceni,
3146 4532 3281 4571 cum
3306 4515 3637 4585 judicarent

1992 4605 2325 4662 Simeonem
2376 4606 2602 4662 utiliter
2660 4607 2986 4672 consulere,
3043 4606 3329 4677 quosdam
3390 4620 3630 4657 suorum

1990 4695 2299 4767 primarios
2330 4696 2489 4752 viros
2512 4696 2751 4751 mittunt
2774 4712 2907 4751 cum
2938 4694 3229 4766 Bulgaris,
3264 4692 3365 4765 qui
3394 4697 3632 4763 pactum

1989 4786 2360 4841 confirment.
2396 4791 2471 4841 Ea
2502 4785 2717 4856 legatio
2747 4785 2806 4839 in
2850 4784 3039 4840 reditu
3066 4800 3099 4839 a
3128 4781 3392 4838 Calabris
3449 4781 3637 4837 inter-

1991 4879 2177 4946 cepta,
2211 4880 2267 4930 et
2295 4874 2532 4947 Bulgari
2562 4875 2952 4945 Saracenique
2985 4873 3021 4926 ii
3054 4873 3125 4927 ab
3174 4871 3268 4925 his
3314 4869 3512 4941 Cpolin
3562 4873 3633 4927 ad

219 4951 560 5064 Besovpt‘va;
617 4957 706 5011 ’Ev
783 4960 865 5029 τῷ
942 4957 1289 5036 ὑποστρέφειν
1363 4956 1421 5013 δὶ
1493 4960 1875 5036 περιπίπτουσι

1997 4964 2404 5037 imperatorem
2464 4965 2798 5021 Romanum
2850 4978 3051 5019 senem
3100 4959 3287 5016 missi.
3332 4960 3441 5026 Qui
3500 4976 3636 5016 cum

214 5048 344 5106 τοῖς
373 5038 683 5120 Καλαϐροῖς
737 5046 826 5099 καὶ
883 5046 1021 5122 πρὸς
1073 5049 1136 5103 τὸ
1190 5047 1477 5118 Βυζάντιον
1533 5050 1879 5124 ἀναπέμπον-

1990 5053 2305 5111 consilium
2336 5053 2481 5110 illud
2514 5054 2775 5111 hostium
2807 5052 2878 5108 de
2909 5050 3187 5109 societate
3216 5048 3479 5106 coeunda
3513 5066 3637 5122 per-

1408 5185 1789 5242 XYLANDRY
1827 5188 1919 5244 ET
1956 5188 2175 5245 GOARl
2215 5189 2445 5247 NOTAE.

298 5274 413 5355 (t2)
445 5276 801 5349 Temporum
830 5280 1170 5355 supputatio
1196 5286 1253 5339 et
1284 5282 1406 5338 aliae
1434 5284 1703 5355 quaedam
1736 5300 1879 5341 con-

210 5347 463 5473 iectura:
493 5347 841 5405 me'movent
862 5347 927 5405 ut
949 5347 1107 5407 hunc
1130 5356 1361 5410 credam
1386 5347 1516 5411 esse
1546 5372 1678 5410 eum
1705 5372 1879 5426 quem

270 5422 497 5473 istorici
532 5422 712 5473 nostri
746 5422 1119 5473 Rudolnhum
1152 5433 1381 5473 vacant-
1416 5428 1767 5473 Rnrmmdim
1798 5444 1879 5473 ιυρ-

270 5420 497 5498 istorici
527 5422 712 5498 nostri
746 5422 1120 5495 Rudolphum
1152 5433 1382 5494 vocant,
1416 5420 1767 5498 Burgundiin
1798 5444 1883 5484 re-

223 5507 388 5569 gem,
422 5497 477 5569 et
526 5492 705 5569 Italiae
750 5492 957 5550 contra
1004 5492 1443 5569 Berengarium.
1498 5492 1627 5555 Haec
1676 5505 1734 5555 et
1766 5500 1880 5555 alia

223 5562 421 5642 multa
449 5564 605 5619 haud
645 5570 876 5642 temere
914 5569 1068 5638 apud
1093 5562 1238 5642 alios
1284 5571 1598 5642 scriptores
1641 5571 1877 5627 invene-

1987 5288 2367 5342 Constantino
2389 5283 2942 5356 octavo,Nicephoro
2974 5284 3108 5339 huic
3134 5282 3330 5337 Phoce
3352 5286 3407 5337 et
3421 5280 3632 5337 Joanni

1989 5359 2223 5414 Zimisci
2256 5359 2580 5413 successori
2614 5356 3496 5426 Pandulphum.Capua_num_et
3526 5358 3631 5408 Be-

1991 5437 2380 5485 neventanum
2405 5428 2750 5503 principem,
2786 5423 2937 5503 Eii—va
2964 5423 3364 5503 onvi6athaq
3425 5424 3529 5481 hac
3562 5426 3632 5481 de

1990 5518 2168 5556 causa
2196 5505 2467 5557 vocatum
2498 5500 2568 5554 ab
2620 5499 2879 5569 auctura,
2930 5499 3447 5557 bella-etiamnum
3497 5513 3630 5552 cum

1991 5574 2206 5629 Grecis
2236 5576 2531 5641 gerentem
2565 5579 2852 5627 memorat
2888 5574 3174 5629 Baronius
3225 5569 3396 5626 annis
3440 5569 3545 5622 957
3576 5574 3633 5625 et

223 5634 332 5690 ris.
366 5633 523 5718 ᾉη,
546 5666 619 5718 -π
644 5632 983 5718 ιξανδούλφεξ)
1012 5632 1532 5718 pot_ius_crederem
1565 5643 1879 5715 legendum
1984 5646 2089 5718 968
2120 5662 2189 5718 ex
2215 5632 2500 5718 Chronico
2531 5644 3045 5717 Langobardorum
3084 5646 3625 5703 Beneventanorum

222 5706 468 5763 nomine
500 5705 720 5767 Latinis
751 5705 1654 5787 usitatioreﬁontemporaneum'
1678 5718 1875 5773 autem
1984 5716 2340 5791 principum.
2373 5714 2548 5773 Goaa.
