3922 6132
334 366 401 428 91
1667 366 1985 429 GEORGII
2033 367 2375 430 CEDRENI
3664 374 3751 434 92

334 496 677 568 cepisset,ac
698 496 1128 570 intelligeret,si
1145 497 1205 553 id
1228 499 1879 570 succederet,magnum

2251 499 2387 571 μετὰ
2439 503 2548 555 τῶν
2628 502 2982 576 Σαρακηνῶν.
3029 499 3138 563 Οὓς
3216 498 3348 557 ἰδὼν
3404 503 3433 558 6
3492 501 3748 579 βασιλεὺς

331 586 447 641 bus
466 586 590 641 suis
613 586 923 643 imminere
949 586 1659 659 periculum,existimavit
1688 587 1797 642 sibi
1818 588 1983 643 Sara-

334 691 509 731 cenos
530 677 964 749 magniﬁcentia
983 676 1352 732 etbeneﬁciis
1369 677 1440 731 ab
1454 693 1520 732 eo
1535 676 1809 731 instituto
1829 675 1977 732 357

333 780 464 819 esse
493 766 1062 837 detrahendos.Ergo
1082 766 1236 821 datis
1253 767 1312 819 in
1339 766 1666 820 custodiam
1689 765 1981 837 Bulgaris,

333 853 654 909 Saracenos
685 853 1012 924 splendidis
1059 853 1228 909 donis
1284 854 1485 921 afﬁcit,
1535 854 1855 925 missisque
1884 870 1986 923 per

332 958 431 998 eos
461 944 638 999 etiam
667 943 931 1014 ipsorum
964 943 1212 1015 principi
1248 943 1437 999 xeniis
1469 943 1684 999 illwsos
1716 942 1981 1008 dimittit,

322 1031 611 1104 jubetque
641 1049 740 1088 eos
775 1033 1013 1089 domino
1045 1050 1153 1089 suo
1185 1034 1397 1103 dicere,
1432 1033 1541 1089 hoc
1592 1034 1765 1087 modo
1797 1032 1983 1103 impe-

331 1124 555 1177 ratores
590 1122 885 1178 Romanos
912 1122 1039 1178 suis
1068 1123 1342 1179 hostibus
1365 1121 1529 1194 paria
1550 1124 1765 1178 referre
1789 1139 1803 1190 ;
1836 1126 1893 1177 et
1913 1122 1984 1177 de

331 1224 527 1267 annua
566 1211 846 1282 pensione
876 1229 938 1268 se
969 1218 1228 1282 excusat,
1269 1212 1606 1267 dilationem
1655 1212 1783 1281 ejus
1828 1212 1985 1266 affir-

333 1318 505 1358 mans
545 1320 663 1358 non
691 1303 888 1359 studio
939 1304 1038 1360 sed
1074 1303 1148 1358 ob
1177 1303 1473 1359 tumultus
1522 1307 1664 1359 tunc
1711 1302 1783 1359 iis
1839 1302 1982 1359 locis

331 1396 491 1446 ortos
524 1393 758 1448 factam.
777 1393 1015 1449 Reversl
1046 1394 1117 1449 ad
1150 1409 1325 1447 suum
1356 1392 1678 1464 principem
1709 1392 1983 1448 Saraceni

328 1487 630 1552 exponunt
668 1488 796 1537 uta
847 1484 1109 1538 Romano
1168 1482 1385 1537 fuerint
1432 1482 1687 1549 tractati,
1736 1483 1984 1553 ejusque

326 1570 641 1641 praedicata
669 1571 1023 1628 liberalitate
1054 1573 1208 1627 dona
1239 1571 1309 1626 ab
1360 1588 1426 1627 eo
1482 1571 1665 1627 missa
1705 1571 1980 1627 offerunt.

326 1659 461 1722 Quae
492 1660 691 1716 omnia
716 1661 798 1716 ita
826 1661 1066 1717 fuerunt
1094 1660 1407 1717 Phatlumo
1438 1667 1627 1732 grata,
1682 1665 1747 1715 ut
1774 1659 1977 1715 tributi

326 1749 634 1805 semissem
668 1750 948 1806 Romanis
977 1751 1323 1815 dimitteret,
1351 1750 1463 1805 hoc
1493 1755 1605 1816 est,
1638 1750 1710 1805 de
1738 1749 1809 1803 22
1840 1748 1977 1804 mil-

324 1836 481 1893 libus
510 1840 784 1894 undecim
818 1840 1206 1895 abscinderet.
1239 1840 1303 1894 ld
1330 1839 1539 1894 tributi
1570 1839 1876 1893 Saracenis
1909 1853 1978 1892 ex

324 1942 391 1982 eo
422 1932 685 2000 tempore
708 1944 897 2000 usque
926 1929 996 1984 ad
1017 1928 1329 2000 Nicephori
1362 1928 1829 1999 designationem
1862 1942 1983 1999 per-

324 2016 587 2072 solutum
621 2018 745 2073 fuit.
785 2021 1023 2085 Quoties
1055 2019 1111 2073 in
1148 2018 1466 2089 provinciis
1518 2016 1775 2090 praefecti
1825 2018 1984 2071 fuere

325 2107 611 2162 moderati
644 2113 819 2178 atque
842 2108 1017 2178 justi,
1048 2107 1274 2163 subditi
1309 2123 1544 2179 quoque
1599 2105 1981 2177 tranquillam

323 2201 568 2265 egerunt
586 2196 854 2264 vitam,et
886 2197 1193 2252 Saracenis
1223 2196 1453 2267 placide
1481 2200 1570 2251 est
1585 2195 1977 2251 satisfactum.

324 2282 470 2338 Cum
488 2301 623 2340 vero
638 2286 843 2355 injusti
858 2290 914 2340 et
935 2286 1093 2341 avari
1115 2285 1370 2356 praefecti
1392 2291 1588 2340 essent
1612 2284 1980 2349 interdum,ii

339 2375 395 2425 et
410 2372 679 2429 subditos
696 2374 980 2429 vexabant
996 2379 1051 2429 et
1066 2390 1267 2445 pacem
1286 2390 1417 2429 cum
1440 2373 1745 2429 Saracenis
1773 2373 1979 2427 initam

329 2462 781 2520 lahefactabant.
830 2465 1096 2535 Namque
1125 2465 1301 2519 etiam
1333 2463 1444 2519 sub
1482 2461 1979 2535 Porphyrogenito

325 2552 561 2608 Crenita
588 2553 841 2609 Chaldia:
871 2555 931 2608 in
980 2553 1248 2609 Calabria
1301 2555 1609 2624 praefectus
1659 2554 1978 2608 Saracenos

323 2641 627 2697 Africanos
653 2658 719 2697 ac
765 2642 1124 2709 Sicilienses,
1177 2643 1399 2713 quibus
1450 2642 1523 2696 ob
1579 2642 1889 2713 penuriam
1922 2645 1979 2695 et

324 2729 541 2786 bellum
574 2748 609 2786 a
635 2732 1069 2802 Cyrenensibus
1099 2731 1404 2785 Saracenis
1452 2730 1683 2784 illatum
1717 2736 1978 2785 extrema

324 2818 737 2885 imminebant,
771 2820 1015 2875 avaritia
1046 2819 1197 2875 358
1238 2821 1453 2875 ductus
1510 2818 1859 2886 sublevavit,
1920 2822 1979 2875 et

323 2908 591 2963 subditos
622 2926 736 2963 non
769 2908 973 2964 leviter
996 2910 1240 2964 vexavit.
1282 2909 1427 2963 Nam
1464 2908 1562 2963 vili
1616 2908 1802 2979 pretio
1846 2924 1975 2963 coe-

323 3011 488 3051 mens
519 3013 646 3068 quaa
675 2998 742 3051 ad
776 2997 958 3052 vitam
992 2998 1399 3053 sustinendam
1423 3003 1591 3052 erant
1622 2995 1973 3065 necessaria,

320 3099 532 3156 magno
566 3103 633 3141 ea
669 3086 983 3142 Saracenis
1006 3087 1399 3158 vendidit,qui
1432 3087 1586 3157 quod
1622 3102 1763 3141 auro
1796 3087 1978 3141 abun-

319 3174 540 3229 dabant
568 3179 627 3229 et
655 3175 807 3230 fame
843 3175 1117 3247 belloque
1150 3174 1829 3247 premerenturJibenler
1851 3190 1975 3245 pre-

2094 588 2393 660 (Ῥωμανὸς
2452 587 2509 644 δὲ
2563 590 2629 659 ἦν
2690 592 2717 645 6
2776 592 2998 665 γέρων),
3043 592 3130 646 καὶ
3188 593 3286 660 τὴν
3343 593 3742 667 κοινοπραγίαν

2096 677 2279 749 μαθὼν
2339 675 2598 753 ἀκριϐῶς,
2628 682 2715 735 καὶ
2778 682 2854 743 ὡς
2909 681 2953 735 εἰ
3007 686 3168 736 τοῦτο
3225 684 3746 757 γένηταικατανοή-

2094 787 2211 838 σας,
2243 766 2308 823 οὐ
2369 775 2590 845 μικραῖς
2647 770 2920 848 φροντίσιν
2982 772 3349 841 ὑποπεσεῖται,
3412 769 3519 826 δεῖν
3579 772 3738 843 ᾠήθη

2098 855 2543 934 μεγαλοφροσύνῃ
2632 860 2722 914 καὶ
2811 859 3088 936 εὐεργεσίᾳ
3180 860 3306 923 τοὺς
3386 860 3741 937 Σαρακηνοὺς

2094 944 2437 1020 ἀναχαιτίσαι
2503 954 2604 1017 τῆς
2679 946 2960 1021 παρούσης
3015 950 3216 1023 ὁρμῆς.
3276 952 3359 1024 [Ρ.
3416 953 3541 1020 652]
3602 948 3743 1011 Τοὺς

2098 1035 2192 1107 μὲν
2248 1033 2341 1090 οῦν
2398 1035 2743 1113 Βουλγάρους
2801 1032 2950 1093 ἔθετο
3021 1037 3072 1093 ἐν
3133 1038 3372 1117 φυλακῇ,
3429 1037 3627 1115 δώροις
3685 1038 3743 1094 δὲ

2092 1124 2221 1185 τοὺς
2273 1126 2623 1198 Σαρακηνοὺς
2698 1124 2884 1202 ἀδροῖς
2951 1126 3481 1204 φιλοτιμησάμενος,
3536 1124 3618 1183 ἔτι
3684 1126 3741 1183 δὲ

2093 1213 2182 1268 καὶ
2240 1214 2385 1285 ξένια
2438 1220 2517 1286 τῷ
2575 1215 2750 1270 αὐτῶν
2800 1215 3080 1290 ἐκπέμψας
3141 1214 3375 1292 δεσπότῃ
3436 1216 3737 1290 πολύτιμα,

2092 1302 2316 1366 ἀπαθεῖς
2395 1308 2572 1360 κακῶν
2656 1303 3007 1383 ,ἐξαπέστειλε
3041 1352 3054 1375 ,
3113 1306 3329 1384 φράζειν
3412 1305 3580 1361 εἲπὼν
3662 1309 3741 1378 τῷ

2092 1392 2268 1467 κυρίῳ
2298 1391 2473 1448 αὐτῶν
2508 1394 2583 1457 ὡς
2634 1394 2808 1457 οὕτως
2854 1389 3097 1468 ἀμείϐειν
3129 1392 3337 1450 οἴδασιν
3387 1397 3439 1450 οἱ
3496 1395 3740 1471 βασιλεῖς

2092 1482 2377 1553 Ῥωμαίων
2438 1482 2566 1545 τοὺς
2625 1484 2827 1539 ἑαυτῶν
2877 1482 3202 1557 πολεμίους.
3234 1484 3630 1561 Ἀπελογίσατο
3682 1482 3740 1538 δὲ

2090 1569 2180 1624 καὶ
2236 1571 2359 1646 περὶ
2410 1578 2510 1641 τῆς
2574 1571 2794 1642 ἐτησίου
2870 1571 3264 1651 δασμοφορίας,
3318 1575 3393 1637 ὡς
3454 1575 3555 1629 οὐκ
3605 1574 3737 1629 ἀνα-

2091 1654 2237 1733 ϐολῇ
2266 1664 2427 1715 τοῦτο
2473 1660 2563 1716 καὶ
2619 1660 2890 1737 ὑπερθέσει
2950 1663 3259 1736 ὑστέρησεν,
3289 1661 3457 1731 ἀλλὰ,
3492 1660 3583 1717 διὰ
3634 1665 3736 1733 τὴν

2088 1744 2475 1821 ἐπικρατοῦσαν
2531 1754 2829 1819 τηνικαῦτα
2883 1752 3020 1806 κατὰ
3071 1752 3162 1806 τὸν
3234 1751 3402 1806 τόπον
3458 1754 3733 1827 ταραχήν.

2088 1835 2614 1913 Ἐπαναδραμόντων
2670 1838 2760 1894 οῦν
2819 1841 2957 1917 πρὸς
3015 1841 3109 1896 τὸν
3194 1840 3395 1896 οῗκεῖον
3468 1837 3733 1911 δυνάστην

2090 1929 2197 1980 τῶν
2257 1932 2610 2001 Σαρακηνῶν,
2642 1928 2733 1983 καὶ
2792 1930 2825 1983 ἅ
2874 1950 2933 1983 τε
2974 1931 3197 1984 πάθοιεν
3228 1930 3365 2003 πρὸς
3419 1934 3514 1984 τοῦ
3577 1930 3736 2005 βασι-

2092 2012 2232 2077 λέως
2280 2013 2702 2092 διηγησαμένων
2756 2020 2847 2073 καὶ
2903 2018 3000 2080 τὰς
3057 2018 3134 2081 εἰς
3208 2017 3404 2081 αὐτοὺς
3461 2015 3740 2096 φιλοφρο-

2092 2106 2250 2167 σύνας
2309 2104 2742 2179 ἐξυμνησάντων,
2798 2104 3223 2163 ἀποδεδωκότων
3306 2105 3365 2162 δὶ
3435 2108 3525 2163 καὶ
3602 2109 3735 2177 ἅπερ

2089 2193 2354 2268 ἐπήγοντο
2410 2195 2546 2271 πρὸς
2595 2195 2796 2250 ἐκεῖνον
2848 2194 3017 2272 δῶρα,
3050 2196 3236 2265 ἡσθεὶς
3268 2198 3295 2251 ὁ
3329 2194 3601 2268 Φατλοὺμ
3648 2195 3736 2250 ἐπὶ

2088 2289 2248 2337 πᾶσιν
2284 2286 2365 2347 οῖς
2410 2282 2631 2352 ἤκουσε,
2662 2288 2770 2339 τῶν
2815 2305 2873 2339 τε
2929 2284 3298 2362 ὀφειλομένων
3355 2284 3501 2356 αὐτῷ
3554 2284 3740 2362 φόρων

2087 2372 2155 2427 τὰ
2201 2374 2379 2445 ἡμίση
2434 2373 2730 2446 Ῥωμαίοις
2785 2373 3076 2449 ἐχαρίσατο
3131 2374 3222 2428 καὶ
3266 2374 3373 2429 ἀπὸ
3418 2378 3524 2428 τῶν
3560 2372 3737 2428 εἷ’κοσι

2087 2461 2176 2515 καὶ
2236 2458 2332 2515 δύο
2390 2459 2662 2536 χιλιάδων
2720 2461 2814 2524 τὰς
2873 2459 3062 2518 ἕνδεκα
3114 2462 3418 2541 ἐκκέκοφεν.
3455 2460 3738 2521 Ἐδίδοντο

2089 2550 2178 2604 οῦν
2204 2551 2254 2621 ἐξ
2286 2550 2492 2606 ἐκείνου
2527 2552 2692 2627 μέχρι
2723 2559 2824 2621 τῆς
2878 2556 2978 2607 τοῦ
3034 2553 3352 2629 Νικηφόρου
3383 2552 3741 2628 ἀναρρήσεως

2084 2645 2202 2703 τοῖς
2256 2646 2595 2715 Σαρακηνοῖς
2652 2645 2838 2697 ταῦτα.
2895 2640 3075 2698 Ἀλλὰ
3150 2642 3574 2720 σωφρονούντων
3642 2643 3742 2714 μὶν

2085 2729 2368 2805 ἀρχόντων
2426 2729 2516 2784 καὶ
2576 2727 2799 2784 δικαίων
2853 2735 2973 2792 ταῖς
3047 2730 3259 2807 χώραις
3328 2730 3738 2807 τυγχανόντων,

2087 2818 2238 2873 αὐτοί
2295 2840 2354 2872 τε
2409 2820 2460 2873 οἱ
2514 2819 2814 2894 ἀρχόμενοι
2874 2818 3081 2875 ἄλυπον
3113 2821 3250 2893 ἦγον
3288 2820 3407 2894 βίον
3440 2821 3529 2875 καὶ
3561 2822 3739 2890 ζωήν,

2084 2908 2172 2962 καὶ
2207 2909 2235 2963 6
2267 2904 2472 2980 δασμὸς
2530 2904 2821 2963 ἀπεδίδοτο
2873 2912 2992 2970 τοῖς
3052 2914 3395 2983 Σαρακηνοῖς
3445 2909 3740 2983 ἀπραγμό-

2083 3017 2211 3059 νως.
2263 2995 2533 3066 Ὁπηνίκα
2582 2994 2628 3051 δ’
2688 3000 2723 3066 ἡ
2781 2996 2929 3073 ἀρχὴ
2993 2996 3199 3061 ἀδίκοις
3246 2998 3336 3053 καὶ
3380 2995 3742 3059 πλεονέκταις

2084 3085 2472 3155 ένεπιστεύετο,
2503 3085 2594 3140 καὶ
2622 3086 2685 3140 τὸ
2721 3087 2962 3157 ὑπήκοον
2990 3085 3305 3156 ἐκακοῦντο,
3335 3086 3423 3142 καὶ
3482 3087 3537 3141 αἱ
3594 3086 3741 3163 πρὸς

2083 3174 2208 3236 τοὺς
2267 3174 2617 3251 Σαρακηνοὺς
2687 3173 2915 3230 σπονδαὶ
2974 3174 3287 3234 διεσείοντο.
3346 3180 3444 3232 Καὶ
3501 3176 3603 3250 γὰρ
3666 3173 3740 3244 δὴ

319 3262 468 3316 tium
502 3264 749 3335 quodvis
785 3244 1207 3334 persolvebant.
1237 3268 1455 3319 Verum
1500 3264 1636 3319 huic
1662 3244 1868 3319 Creniti

2188 3265 2234 3319 ιὰ
2306 3244 2403 3319 τοῦ
2473 3244 2995 3343 Πορφυρογεννήτου
3054 3268 3083 3321 ὁ
3138 3266 3409 3341 Κρηιίτης
3488 3244 3737 3327 Χαλδίας

319 3353 697 3409 Constantino
727 3353 1038 3425 imperium
1090 3354 1438 3425 abrogatum
1490 3358 1601 3417 est,
1655 3353 1868 3408 eidemt

2257 3348 2573 3428 Καλαϐρίας
2671 3355 2967 3428 γενόμενος
3070 3356 3371 3430 στρατηγὸς
3466 3353 3595 3416 τοὺς
3679 3353 3736 3408 ἐν

319 3441 567 3512 pecunia
595 3443 871 3513 adempta
901 3448 1009 3508 est,
1043 3446 1099 3497 et
1128 3458 1264 3497 cum
1317 3443 1600 3497 dedecore
1657 3441 1969 3497 consenuit

321 3534 498 3601 atque
512 3531 666 3586 diem
682 3530 1244 3586 suumobiit.Eodem
1259 3530 1413 3585 bello
1428 3530 1665 3586 Romani
1678 3529 1970 3601 Carthagi-

321 3635 532 3675 nenses
554 3620 825 3692 perfugas
838 3636 1152 3691 susceperu
1162 3625 1404 3691 nt,quos
1418 3636 1607 3691 neque
1622 3636 1680 3675 re
1687 3636 1758 3691 po
1764 3635 1973 3690 posce-

318 3713 459 3761 runt
471 3707 985 3780 Carthaginenses;
1009 3714 1066 3763 et
1089 3708 1379 3763 tributum
1404 3714 1682 3778 praterea
1705 3724 1822 3763 non
1844 3722 1972 3762 exe-

327 3796 986 3867 geruntsolitum,veriti
1009 3813 1082 3851 ne
1101 3797 1339 3853 offensis
1361 3798 1637 3853 Romanis
1658 3802 1715 3851 et
1734 3795 1975 3851 alimen-

317 3891 512 3941 torum
533 3887 929 3957 parandorum
948 3885 1284 3942 facultatem
1301 3885 1699 3941 adimentibus
1715 3885 1867 3939 fame
1886 3898 1977 3954 pe-

319 3974 696 4030 riclitandum
719 3980 893 4031 esset.
918 3976 1053 4031 Post
1082 3974 1235 4031 bello
1264 3976 1526 4031 confecto
1550 3978 1609 4029 et
1622 3974 1897 4045 perfugas
1919 3976 1976 4028 et

320 4062 611 4119 tributum
631 4064 1089 4135 requisiverunt;
1105 4069 1162 4119 et
1182 4063 1478 4134 repulsam
1506 4062 1664 4133 passi
1688 4078 1828 4132 pace
1843 4078 1976 4117 con.

319 4152 450 4207 fusa
480 4152 799 4208 identidem
831 4152 1161 4208 Calabriam
1194 4151 1382 4207 classe
1413 4150 1976 4222 infestaverunt.Igi-

321 4245 421 4296 tur
448 4241 866 4297 Constantinus
898 4258 1035 4311 non,
1070 4246 1134 4297 ut
1158 4258 1324 4297 socer
1342 4240 1532 4312 ipsius
1563 4240 1976 4307 fecerat,Sara-

329 4345 506 4385 cenos
527 4330 776 4387 delinire
805 4337 863 4387 et
891 4347 1091 4403 pacem
1124 4348 1258 4386 cum
1284 4331 1369 4386 eis
1415 4346 1692 4387 renovare
1746 4330 1972 4401 volens,

328 4420 430 4474 sed
464 4418 616 4475 bello
650 4420 845 4491 potius
877 4422 1212 4488 decernere,
1243 4420 1560 4474 exercitum
1592 4419 1852 4475 validum
1875 4436 1977 4475 co-

320 4508 458 4578 egit,
490 4524 744 4580 eumque
792 4509 941 4564 duce
966 4508 1211 4579 patricio
1228 4508 1521 4565 Malaceno
1552 4508 1612 4564 in
1645 4508 1974 4564 Calabriam

2078 3444 2310 3519 Ἀφρικῇ
2376 3443 2467 3498 καὶ
2547 3442 2774 3514 Σικελίᾳ
2855 3442 3206 3516 Σαρακηνοὺς
3268 3441 3570 3517 μέλλοντας
3629 3440 3731 3519 ἅρ-

2081 3527 2178 3601 δην
2243 3532 2343 3585 ὑπὸ
2400 3536 2495 3586 τοῦ
2546 3530 2715 3605 λιμοῦ
2746 3532 2837 3587 καὶ
2864 3537 2963 3587 τοῦ
2993 3530 3245 3605 πολέμου
3290 3537 3397 3588 τῶν
3428 3533 3483 3588 έν
3513 3535 3738 3607 Κυρήνῃ

2081 3624 2413 3695 Σαρακηνῶν
2472 3619 2842 3690 ἀπολωλέναι,
2894 3619 2963 3676 δι’
3016 3621 3215 3676 οἰκείαν
3275 3620 3591 3693 πλεονεξίαν
3639 3622 3738 3677 άν-

2082 3712 2345 3779 εκτήσατο
2402 3709 2493 3763 καὶ
2547 3709 2677 3772 τοὺς
2713 3711 2815 3764 ὑπὸ
2844 3716 3007 3786 χεῖρα
3058 3710 3119 3765 οὐ
3182 3711 3414 3786 μετρίως
3469 3710 3733 3766 ἐκάκωσε·

2081 3798 2256 3860 πάσας
2311 3798 2413 3874 γὰρ
2463 3800 2559 3860 τὰς
2614 3800 2750 3873 πρὸς
2800 3798 2864 3854 τὸ
2919 3802 3015 3873 ζῇν
3046 3800 3293 3877 ἀφορμὰς
3350 3798 3568 3862 εὐώνως
3623 3800 3737 3855 ἀπὸ

2079 3891 2186 3943 τῶν
2250 3885 2534 3961 ἐγχωρίων
2593 3888 2896 3962 ὠνούμενος
2948 3887 3164 3945 πολλοῦ
3219 3890 3336 3951 τοῖς
3384 3894 3735 3965 Σαρακηνοῖς

2084 3975 2433 4051 ἐπίπρασκεν,
2484 3977 2855 4051 ἀπραγμόνως
2909 3979 3214 4054 παρέχουσι
3271 3979 3368 4040 τὰς
3424 3978 3590 4049 τιμὰς
3648 3982 3738 4051 τῷ

2084 4064 2329 4141 εὐπόρως
2387 4062 2533 4140 ἔχειν
2592 4066 2825 4141 χρυσίου
2882 4064 2972 4120 διὰ
3020 4068 3119 4136 τὴν
3180 4067 3240 4123 ἐκ
3284 4071 3381 4122 τοῦ
3413 4065 3586 4140 λιμοῦ
3639 4066 3737 4121 καί

2082 4159 2190 4209 τῶν
2250 4152 2512 4227 πολέμων
2563 4156 2944 4231 στενοχωρίαν.
3006 4154 3159 4225 Πλὴν
3215 4158 3242 4211 6
3306 4156 3399 4231 μὶν
3455 4155 3738 4233 Κρηνίτης

2089 4244 2192 4301 ὑπὸ
2220 4234 2318 4299 ῗιοῦ
2348 4243 2752 4299 Κώνσταντίνου
2794 4242 3124 4316 παραλυθεὶς
3174 4251 3276 4315 τῆς
3331 4246 3510 4321 ἀρχῆς
3556 4244 3626 4300 τά
3674 4266 3739 4300 τε

2084 4335 2352 4409 χρήματα
2408 4331 2643 4410 ἀφῃρέθη
2708 4334 2823 4406 μετ’
2880 4334 3149 4409 αἰσχύνης
3201 4335 3292 4389 καὶ
3345 4334 3738 4409 καταγηράσας

2085 4421 2331 4486 ἀπέθανε·
2382 4421 2517 4476 κατὰ
2546 4419 2604 4475 δὲ
2648 4422 2741 4476 τὸν
2789 4426 2887 4476 τοῦ
2940 4422 3191 4497 πολέμου
3246 4424 3435 4498 καιρὸν
3490 4420 3738 4500 φυγάδας

2087 4508 2496 4587 Καρχηδονίους
2532 4508 3019 4584 αὐτομολήσαντας
3052 4512 3103 4566 οἱ
3146 4511 3410 4586 Ῥωμαῖοι
3460 4510 3738 4585 ἐδέξαντο,

322 4597 504 4663 misit,
538 4604 595 4653 et
622 4599 978 4669 conjungere
1007 4614 1067 4654 se
1095 4598 1230 4653 cum
1263 4598 1533 4670 praefecto
1563 4600 1689 4668 ejus
1722 4598 1871 4669 regio

2207 4597 2465 4674 οὐδαμῶς
2498 4599 2739 4673 ἀπῄτουν
2796 4600 2847 4655 οἱ
2896 4598 3292 4677 Καρχηδόνιοι.
3343 4600 3573 4658 Μᾶλλον
3636 4601 3738 4675 μὲν

312 4686 499 4758 jussit
527 4686 854 4755 Paschalio,
888 4687 1061 4755 cujus
1093 4686 1267 4758 paulo
1299 4692 1433 4742 ante
1466 4688 1617 4743 facta
1645 4688 1975 4755 mentio,ac

318 4776 620 4832 communi
642 4792 819 4847 opera
839 4774 1057 4831 bellum
1081 4792 1115 4831 a
1137 4775 1702 4848 Carthaginensibus
1732 4782 1789 4832 et
1809 4776 1975 4832 Sicut

318 4867 392 4923 lis
415 4868 644 4923 illatum
664 4867 1264 4922 defendere.Praefecit
1292 4867 1467 4922 etiam
1502 4866 1973 4938 Macrojoannem

320 4958 475 5015 859
494 4957 669 5013 classi
692 4972 868 5028 quam
893 4955 1257 5012 mittebat.Hi
1279 4972 1413 5011 cum
1444 4956 1505 5013 in
1534 4956 1863 5013 Calabriam
1886 4973 1970 5013 ve-

325 5047 573 5115 nissent,
606 5045 1064 5117 provincialibus
1094 5044 1409 5102 innumera
1428 5045 1759 5101 intulerunt.
1790 5046 1975 5102 male-

327 5134 480 5200 ficia,
502 5135 824 5204 expilantes
850 5149 947 5188 eos
971 5139 1027 5188 et
1055 5150 1122 5189 ea
1140 5134 1421 5190 facientes
1445 5151 1570 5205 quas
1600 5134 1698 5189 vix
1715 5134 1827 5204 ipsi
1847 5134 1975 5190 hos-

322 5229 410 5279 tes
432 5228 600 5279 erant
629 5222 861 5278 facturi.
886 5225 1019 5287 Quae
1042 5227 1105 5278 ut
1137 5223 1369 5282 rescivit
1400 5239 1628 5278 ameras
1657 5222 1973 5279 Saraceno-

322 5328 453 5367 rum
487 5311 848 5367 Abulchares
878 5311 1019 5382 (jam
1050 5312 1206 5369 enim
1243 5311 1592 5367 Phatlunius
1626 5328 1655 5366 e
1686 5311 1829 5368 vivis
1878 5328 1973 5367 ex-

324 5404 622 5472 cesserat),
650 5400 992 5458 cohortatus
1023 5419 1162 5458 suos
1192 5418 1265 5457 ne
1296 5400 1409 5457 sibi
1442 5418 1476 5456 a
1506 5400 1608 5456 tali
1647 5405 1976 5458 metuerent

323 5491 492 5547 hoste
522 5492 692 5563 cujus
716 5495 891 5547 tanta:
922 5491 983 5546 in
1013 5508 1154 5547 suos
1182 5495 1382 5547 essent
1408 5489 1661 5561 injuriae,
1693 5492 1973 5548 Romanis

319 5580 594 5652 occurrit,
642 5582 924 5653 gravique
982 5579 1304 5636 commissa
1360 5595 1561 5652 pugna
1645 5580 1975 5652 pulcherri-

326 5686 485 5728 mam
516 5668 769 5729 obtinuit
796 5669 1123 5739 victoriam,
1174 5667 1323 5741 ipsis
1367 5684 1546 5742 prope
1591 5668 1776 5744 captis
1806 5668 1972 5727 duci-

321 5756 454 5820 1Jus.

2084 4688 2174 4745 οὗν
2236 4689 2325 4744 καὶ
2376 4689 2467 4744 τὸν
2522 4689 2736 4760 ἐτήσιον
2789 4687 2993 4764 δασμὸν
3026 4692 3389 4767 συνεχώρουν,
3424 4688 3739 4756 δεδοικότες

2087 4780 2162 4851 μή
2195 4798 2313 4840 πως
2343 4776 2661 4833 κωλύσωσιν
2697 4779 2749 4833 οἱ
2779 4780 3046 4852 Ῥωμαῖοι
3099 4778 3571 4847 σκανδαλισθέντες
3626 4782 3734 4849 τὴν

2081 4872 2187 4922 τῶν
2220 4865 2546 4938 ἐπιτηδείων
2607 4866 2775 4938 ὠνὴν,
2806 4867 2897 4924 καὶ
2940 4866 3350 4925 κινδυνεύσωσιν
3404 4871 3552 4925 οὗτοι
3612 4866 3737 4924 δια-

2085 4958 2349 5034 φθαρῆναι
2397 4956 2572 5031 λιμῷ.
2628 4959 2879 5034 Ὕστερον
2947 4955 3007 5012 δὲ
3060 4962 3156 5013 τοῦ
3220 4956 3469 5033 πολέμου
3532 4956 3736 5015 διαλυ-

2083 5046 2264 5115 θέντος
2292 5045 2509 5108 τούςτε
2556 5046 2900 5120 αὐτομόλους
2949 5046 3173 5118 ἔζήτουν
3228 5047 3316 5102 καὶ
3364 5048 3466 5115 τὴν
3524 5046 3736 5121 δασμοο

2084 5132 2575 5214 φορίαν.Μηδενὸς
2608 5134 2666 5189 δὶ
2688 5137 3025 5211 παρέχοντος
3080 5136 3263 5198 αὐτοῖς
3321 5133 3567 5192 διέλυσαν
3628 5139 3737 5206 τὴν

2085 5223 2333 5300 εῗρήνην,
2388 5222 2478 5279 καὶ
2561 5223 2949 5301 περαιούμενοι
2993 5227 3112 5290 καθ’
3161 5224 3386 5298 ἑκάστην
3440 5226 3539 5295 τήν
3618 5231 3737 5281 Κα-

2082 5306 2307 5387 λαϐρίαν
2341 5310 2555 5383 έδήουν.
2591 5318 2990 5378 Κωνσταντῖνος
3019 5315 3199 5370 τοίνυν
3251 5315 3279 5370 6
3335 5312 3587 5390 βασιλεὺς
3652 5317 3736 5389 μή

2084 5400 2337 5476 θελήσας,
2389 5402 2569 5479 ὥσπερ
2618 5403 2646 5457 ὁ
2679 5403 2933 5480 πενθερὸς
2991 5403 3177 5477 αὐτοῦ,
3213 5402 3507 5480 μειλιχίως
3565 5403 3741 5460 ὑπελ-

2082 5496 2191 5553 θεῖν
2243 5492 2375 5552 τοὺς
2434 5489 2786 5567 Σαρακηνοὺς
2838 5492 2931 5547 καὶ
2988 5495 3088 5563 τὴν
3148 5491 3372 5569 εἰρήνην
3427 5492 3741 5548 ἀνανεώσα-

2083 5580 2224 5653 σθαι,
2279 5577 2425 5636 ἀλλὰ
2480 5578 2711 5655 πολέμῳ
2789 5580 3003 5655 μᾶλλον
3071 5585 3249 5658 κρῖναι
3308 5581 3377 5637 τὰ
3432 5582 3740 5659 πράγματα

2082 5665 2408 5743 διανοηθεὶς,
2467 5671 2551 5745 [Ρ.
2596 5673 2723 5746 653]
2778 5668 3362 5751 δύναμινάξιόμαχον
3416 5670 3745 5750 συναγείρας

2078 5758 2169 5816 καὶ
2224 5757 2468 5838 ἄρχοντα
2524 5757 2819 5832 ἐπισαήσας
2878 5759 3062 5827 αὐτοῖς
3122 5760 3213 5819 τὸν
3265 5757 3547 5839 πατρίκιον
3607 5765 3744 5819 Μα-
