3966 6134
233 317 314 378 93
1385 334 1935 401 HISTOMARUM
1977 296 2529 400 communium.
3572 347 3659 408 94

231 450 473 524 λακηνὸν
528 452 604 517 εἲς
674 452 993 533 «Καλαϐρίαν
1062 460 1395 534 ἀπέστειλεν,
1459 465 1724 537 ἐνωθῆναι
1790 464 2049 529 κελεύσας
2115 472 2197 541 τῷ
2267 472 2554 544 στρατηγῷ
2624 471 2721 538 τῆς
2800 471 2991 545 χώρας
3040 471 3377 547 (Πασχάλιος
3431 471 3502 528 δι’
3560 476 3647 529 οὗ·

224 563 321 603 τος
381 544 471 612 ἦν,
505 545 535 598 ὁ
592 546 699 620 πρὸ
758 552 960 622 μικροῦ
1012 554 1420 627 μνημονευθεὲς)
1452 556 1540 611 καὶ
1590 560 1748 631 κοινῇ
1812 557 1926 629 μετ’
1984 558 2148 612 αὐτοῦ
2216 555 2561 629 ἀναδέξασθαι
2609 559 2699 614 τὸν
2750 560 2896 635 παρὰ
2950 564 3055 614 τῶν
3107 558 3498 636 Καρχηδονίων
3558 565 3649 618 καὶ

227 632 478 688 Σικελῶν
535 632 904 709 ἐπισειόμενον
947 637 1216 713 πόλεμον.
1251 643 1543 715 Ἐπέστησε
1583 642 1641 702 δὲ
1687 647 1775 702 καὶ
1821 652 1901 718 τῷ
1947 646 2247 725 πεμφθέντι
2294 646 2475 721 στόλῳ
2514 649 2605 703 τὸν
2654 632 3074 723 Μακροϊωάννην
3107 632 3481 722 (ί3)ξνοἷ’τινες
3514 654 3650 707 κατὰ

221 720 417 795 χώραν
450 722 736 795 γενόμενοι
769 724 936 801 μυρία
992 725 1160 803 ἔδρων
1194 730 1268 792 είς
1297 731 1425 794 τοὺς
1475 732 1809 809 αὐτόχθονας
1841 736 1999 802 κακὰ,
2032 733 2479 797 πλεονεκτοῦντες
2509 738 2596 791 καὶ
2650 735 2794 791 ἄλλα
2839 740 3122 797 ποιοῦντες
3168 736 3200 791 ἆ
3245 737 3335 791 καὶ
3388 738 3544 793 αὐτοὶ
3588 738 3650 794 ἃν

219 801 477 877 ὤκνησαν
511 811 563 864 οἱ
592 814 876 886 πολέμιοι.
909 801 1082 873 Ταῦτα
1123 820 1426 893 πυθόμενος
1459 824 1488 878 6
1516 801 1992 895 tibv‘Za'oaxnvﬁ'Jv
2017 824 2232 899 ἀμηρᾶς
2267 820 2610 901 Ἀϐουλχαρὲ
2641 824 2771 898 (ἤδη
2802 826 2902 902 γὰρ
2953 827 2981 879 ὁ
3032 826 3302 900 ΦατΛοὺμ
3351 828 3649 899 ἐτεθνήκει)

215 895 312 950 καὶ
340 898 471 963 τοὺς
492 900 682 956 ἑαυτοῦ
707 905 1142 981 παραθαρρύνας,
1172 909 1262 965 καὶ
1298 912 1374 983 μή
1407 907 1712 988 φοϐηθῆναι
1738 913 2064 985 παραινέσας
2094 914 2318 990 στρατὸν
2349 919 2572 969 τοιαῦτα
2603 915 2678 977 εἷς
2718 915 2845 978 τοὺς
2876 915 3112 978 οἰκείους
3143 913 3549 990 ἐνδεικνύμενον
3580 919 3648 972 τὰ

211 987 380 1056 κακὰ,
435 987 679 1062 πόλεμον
742 992 1065 1058 ὑπαντιάσας
1113 998 1385 1067 συνίστησι
1420 987 1713 1077 κραταιὸν,
1760 1002 1848 1057 καὶ
1897 1002 2054 1073 νίκην
2106 1004 2278 1080 ἤρατο
2330 1003 2554 1079 ἀρίστην
2601 1026 2659 1060 τε
2707 1005 2796 1063 καὶ
2842 1004 3167 1077 καλλίστην·
3214 1011 3416 1081 μικροῦ
3444 1008 3545 1084 γὰρ
3582 1006 3642 1063 ἂν

214 1071 465 1131 ἑάλωσαν
497 1078 586 1132 καὶ
619 1080 671 1134 οἱ
701 1084 994 1159 στρατηγοὶ
1024 1086 1270 1161 ζωγρίαι.

288 1245 441 1300 Μετὰ
466 1244 522 1301 δὲ
550 1248 711 1303 τοῦτο
744 1255 1152 1317 Κωνσταντῖνος
1208 1258 1236 1312 6
1298 1257 1553 1333 βασιλεὺς
1611 1263 1864 1333 Ἰωάννην
1897 1265 1952 1330 Α

210 1334 540 1410 άσηκρῆτις,
571 1336 666 1392 τὸν
693 1340 791 1408 τήν
827 1339 1142 1417 ἐπωνυμίαν
1178 1345 1440 1423 Πιλάτον,
1476 1350 1601 1426 περὶ
1659 1352 1881 1427 εἰρήνης

204 1421 483 1496 ἐκπέμπει
535 1423 915 1501 διαλεξόμενον
976 1438 1090 1496 τοῖς
1174 1421 1557 1512 Σαρακηνοῖς.⁷
1604 1421 1876 1505 Εἷωθότες

205 1508 258 1565 δ’
293 1512 449 1567 οὗτοι
482 1515 559 1586 μή
584 1522 701 1579 ταῖς
731 1518 911 1583 νίκαις
945 1508 1280 1598 ἐπαίρεσθαι,
1313 1525 1459 1582 ἀλλὰ
1494 1530 1595 1599 τήν
1651 1530 1877 1605 εἰρήνην

198 1601 295 1654 καὶ
351 1607 677 1677 κρατοῦντες
753 1607 1104 1682 ἀσπάζεσθαι,
1159 1615 1459 1690 προθύμως
1536 1618 1875 1690 ὑπήκουσαν,

197 1689 297 1743 καὶ
330 1690 421 1745 ἐπί
477 1713 597 1748 τινα
622 1696 824 1771 χρόνον
855 1697 1077 1775 εἰρήνην
1121 1689 1321 1761 ἔθεντο.
1356 1705 1572 1762 Τούτου
1623 1689 1680 1763 δὲ
1739 1707 1877 1786 διερ-

201 1776 489 1852 ῥυηκότος
521 1781 686 1839 πάλιν
733 1782 1090 1862 διαπερῶντες
1136 1790 1466 1863 ἐλεηλάτουν
1517 1795 1643 1859 τοὺς
1689 1776 1873 1854 Καλά-

199 1862 405 1942 6ρούς.
432 1869 543 1926 Καὶ
574 1870 740 1930 πάλιν
774 1876 801 1930 6
834 1883 1232 1944 Κωνσταντῖνος
1278 1879 1505 1957 δύναμιν
1551 1888 1667 1941 κατ’
1697 1887 1870 1943 αὐτῶν

202 1956 305 2010 καὶ
365 1963 625 2029 ναυτικὴν
678 1962 941 2050 ἐκπέμπει
992 1969 1082 2023 καὶ
1130 1974 1377 2042 πεζικήν*
1418 1956 1604 2050 ίῆρχον
1658 1973 1715 2031 δὲ
1768 1985 1867 2047 τῆς

204 2044 312 2117 μὶν
369 2056 629 2119 ναυτικῆς
689 2049 972 2127 δυνάμεως
1001 2057 1028 2111 6
1076 2059 1172 2127 τήν
1216 2044 1544 2134 ἐπωνυμίαν*
1579 2044 1866 2140 Κραμϐέας

200 2133 303 2187 καὶ
340 2136 368 2189 6
398 2136 734 2212 Μωρολὲων,
767 2140 1087 2219 ἐστρατήγει
1145 2143 1201 2201 δὶ
1246 2154 1353 2203 τῶν
1404 2133 1579 2220 πεζῶν
1672 2133 1864 2230 πατρί-

198 2242 333 2284 κιος
362 2225 639 2300 Ῥωμανὸς
670 2230 698 2283 6
725 2233 1019 2308 Ἀργυρός.
1051 2235 1339 2309 Γενόμενοι
1389 2235 1435 2292 δ’
1488 2239 1540 2294 έν
1592 2225 1863 2318 Ὑδροῦντι

197 2311 297 2365 καὶ
350 2314 446 2376 τὰς
508 2320 635 2379 ναῦς
684 2318 1092 2390 νεωλκήσαντες
1140 2323 1529 2397 ηὐτρεπίζοντο
1586 2311 1721 2405 πρδς
1769 2332 1859 2386 τὸν

2056 1264 2392 1319 Secundum
2438 1264 2562 1320 haec
2593 1266 2914 1337 imperator
2961 1266 3247 1321 Joannem
3296 1282 3330 1321 a
3377 1268 3640 1339 secretis,

1993 1353 2342 1424 cognomine
2373 1352 2647 1425 Pilatum,
2680 1356 2751 1410 ad
2799 1357 3170 1410 tractandam
3220 1370 3353 1409 cum
3402 1359 3640 1412 Sarace-

1992 1444 2085 1499 nis
2117 1445 2585 1515 paciﬁcationem
2634 1445 2815 1501 misit.
2866 1445 2975 1509 Qui
3023 1462 3154 1500 cum
3202 1446 3640 1501 consucvissent

1988 1533 2249 1589 victoriis
2282 1551 2397 1589 non
2430 1535 2748 1601 eli‘erri,sed
2780 1550 2984 1605 pacem
3015 1534 3191 1589 etiam
3224 1534 3400 1590 rebus
3431 1551 3636 1591 secun-

1988 1620 2080 1676 dis
2111 1627 2398 1693 expetere,
2434 1623 2632 1678 taciles
2661 1640 2789 1679 sese
2816 1624 2865 1678 ei
2898 1624 3295 1695 prabuerunt,
3325 1628 3383 1678 et
3412 1624 3484 1679 ad
3518 1640 3639 1679 cer-

1987 1713 2113 1765 tum
2138 1716 2372 1783 tempus
2396 1713 2662 1769 inducias
2686 1713 2841 1784 pacti
2863 1711 3239 1783 sunt.Elapso
3271 1727 3337 1768 eo
3369 1716 3631 1784 tempore

1983 1814 2219 1855 rursum
2251 1802 2400 1856 mari
2431 1801 2785 1858 transmisso
2817 1800 3141 1857 Calabriam
3170 1805 3474 1857 vexarunt.
3510 1803 3631 1856 Ita-

1984 1903 2098 1958 que
2128 1889 2303 1945 etiam
2334 1892 2758 1946 Constantinus
2804 1896 3007 1947 contra
3035 1906 3135 1946 eos
3180 1888 3415 1945 navales
3444 1893 3630 1946 terre-

1981 1980 2249 2048 stresque
2267 1980 2960 2051 emisitcopias.Classem
2985 1979 3626 2047 ducebantCrambeas,

1979 2071 2036 2120 et
2065 2067 2378 2136 Moroleon,
2413 2069 2625 2125 alteras
2670 2070 2953 2140 patricius
3003 2069 3304 2124 Romanus
3350 2072 3623 2139 Argyrus.

1975 2154 2226 2227 Jamque
2244 2158 2303 2213 bi
2324 2158 2612 2213 Hidrunte
2638 2159 2884 2214 navibus
2916 2158 3223 2214 subductis
3247 2157 3316 2211 ad
3342 2157 3624 2229 navigan-

1974 2245 2114 2300 dum
2144 2246 2205 2299 in
2238 2246 2496 2302 Siciliam
2521 2264 2650 2303 sese
2670 2249 3113 2318 parabant,cum
3148 2246 3421 2303 Saraceni
3441 2248 3620 2318 fama,

1973 2351 2096 2404 quae
2128 2351 2305 2405 parva
2337 2336 2698 2408 ampliﬁcare
2726 2342 2782 2392 et
2810 2337 3134 2393 terribilius
3179 2353 3417 2391 narrare
3444 2336 3617 2404 solet,

200 2399 285 2461 είς
346 2400 600 2458 Σικελίαν
640 2404 946 2465 ἀπόπλουν.
996 2411 1063 2468 Οἱ
1112 2410 1168 2466 δὲ
1219 2416 1520 2489 Σαρακῃνοὶ
1585 2399 1654 2483 τῆ
1705 2421 1835 2496 φήμη

1993 2399 2298 2480 ierturbati
2315 2430 2372 2480 et
2388 2399 2534 2496 quod
2555 2426 2755 2482 hostes
2777 2426 2887 2481 sibi
2906 2424 3210 2496 imparatis
3239 2425 3436 2479 subito
3459 2426 3614 2479 360

198 2485 665 2567 διαταραχθέντες
696 2495 995 2568 (ἐπίσταται
1024 2500 1123 2575 γὰρ
1171 2485 1307 2573 αὕτη
1355 2485 1421 2558 τά
1471 2506 1639 2581 μικρὰ
1696 2485 1835 2583 μεγει

1993 2519 2327 2584 ngruerent,
2360 2514 2431 2569 de
2473 2514 2663 2569 salute
2693 2532 2802 2570 sua
2848 2513 3106 2582 solliciti,
3156 2512 3363 2583 panico
3394 2518 3613 2568 terrore

195 2577 389 2672 θῦνξιν
417 2580 508 2635 καὶ
542 2583 610 2637 τὰ
635 2586 927 2661 πράγματα
982 2590 1118 2663 πρὸς
1167 2591 1229 2645 τὸ
1275 2577 1647 2670 φοϐερώτερον
1697 2577 1854 2672 *ἐξαγ-

191 2664 455 2742 γελλειν)
483 2670 572 2724 καὶ
609 2674 684 2745 μή
718 2693 769 2727 τι
800 2677 1012 2740 πάθωσι
1045 2664 1308 2743 δείσαντες
1342 2664 1432 2737 διά
1458 2684 1521 2738 τὸ
1556 2664 1854 2763 ἀἰφνιδίως

196 2754 396 2818 αὐταῖς
429 2756 823 2835 ἀπαρασκεύοις
854 2773 1157 2839 γειτονῆσαι
1206 2769 1333 2832 τοὺς
1380 2771 1706 2846 πολεμίους,
1738 2781 1851 2831 Πα-

191 2848 343 2916 νικῷ
374 2842 590 2919 δείματι
625 2852 971 2925 συσχεθέντες
1008 2855 1098 2910 καὶ
1140 2858 1203 2912 τὸ
1252 2858 1453 2913 ἑαυτῶν
1512 2861 1852 2919 καταλιπόν-

190 2952 285 2994 τες
320 2934 685 3008 στρατόπεδον
719 2938 911 3017 ἔφυγον
944 2942 1003 2998 ἐκ
1026 2949 1123 2999 τοῦ
1155 2946 1375 3021 Ῥηγίου
1420 2948 1511 3003 καὶ
1568 2951 1704 3024 πρὸς
1748 2956 1846 3024 τὴν

194 3020 461 3077 Σικελίαν
518 3021 1001 3103 διεπεραιώθησαν.
1033 3033 1122 3089 Ἐν
1182 3030 1239 3088 δὲ
1270 3020 1363 3107 7τῷ
1390 3038 1526 3113 πρὸς
1560 3020 1845 3116 Πάνορμον

191 3114 475 3167 ἀποπΛεῖν
524 3116 807 3191 βαρυτάτῳ
859 3127 1097 3197 χειμῶνι
1144 3125 1545 3201 περιπεσόντες,
1596 3131 1685 3184 καὶ
1741 3136 1849 3187 τῶν

192 3205 424 3274 σκαφῶν
462 3202 566 3258 ὑπὸ
622 3210 717 3259 τοῦ
761 3205 1045 3274 κλύδωνος
1090 3209 1502 3287 συντριϐέντων,
1536 3217 1747 3289 μᾶλλον
1791 3217 1849 3274 δὲ

193 3289 305 3343 ὑπὸ
340 3292 580 3365 Χριστοῦ
618 3299 716 3348 τοῦ
763 3301 895 3352 Θεοῦ
951 3304 1045 3353 τοῦ
1092 3302 1219 3376 παρ’
1242 3302 1416 3358 αὐτῶν
1480 3304 1848 3381 βλασφημου-

192 3378 385 3449 μένου,
420 3376 754 3437 διολώλασιν
813 3385 1061 3449 ἅπαντες.
1108 3387 1436 3447 Σπένδονται
1480 3376 1669 3450 τοίνυν
1728 3402 1844 3458 τοῖς

185 3466 520 3538 Ῥωμαίοις,
546 3472 633 3525 καὶ
670 3469 965 3549 διετηρήθη
1015 3478 1082 3530 τὰ
1117 3484 1217 3548 τῆς
1259 3478 1480 3556 εἰρήνης
1529 3482 1696 3558 μέχρι
1743 3492 1843 3556 τῆς

182 3554 548 3631 ἀναρῥήσεως
595 3564 691 3615 τοῦ
746 3564 935 3619 Φωκά.
967 3570 1131 3641 ’Ἄρτι
1174 3564 1218 3621 δ’
1265 3554 1420 3633 οὗτος
1467 3554 1845 3647 ἀναγορευθείς

187 3644 479 3719 βασιλεὺς,
555 3649 693 3725 πέρα
766 3648 955 3708 δεινῶν
1018 3654 1364 3731 ἡγησάμενος
1426 3644 1839 3739 δασμοφορῆσαι

183 3738 566 3809 Σαρακηνοῖς,
625 3739 715 3793 τὸν
770 3739 1056 3813 Μανουὴλ,
1089 3743 1165 3806 ὡς
1219 3743 1460 3820 ἐίπομεν,
1515 3738 1839 3807 ἀποστέλλει

181 3823 329 3895 μετά
361 3820 644 3899 δυνάμεως
673 3831 790 3883 κατ’
820 3828 1014 3886 αὐτῶν.
1047 3832 1220 3896 Οὗτος
1270 3831 1327 3889 δὲ
1374 3836 1494 3891 νέαν
1544 3838 1685 3913 ἄγων
1744 3842 1841 3910 τὴν

1968 2603 2243 2657 concitati
2273 2610 2463 2659 castra
2484 2620 2594 2659 sua
2621 2605 3029 2672 deseruerunt,
3063 2601 3381 2673 relictoque
3432 2602 3611 2673 Regio

1964 2690 2102 2761 fuga
2115 2690 2173 2745 in
2188 2691 2445 2746 Siciliam
2465 2693 2710 2747 contend
2722 2691 3309 2762 erunt.Cumquejam
3326 2694 3611 2746 Panormo

1957 2781 2319 2847 accederent,
2349 2781 2722 2838 atrocissima
2750 2781 2955 2837 oborta
2976 2779 3612 2851 tempestate,ejusque

1961 2869 2015 2924 vi
2045 2873 2173 2937 (aut
2199 2870 2413 2927 Christi
2443 2872 2657 2937 verius,
2690 2870 2785 2926 cui
2817 2868 2900 2925 illi
2931 2870 3113 2941 impie
3161 2867 3609 2940 maledicebant)

1961 2960 2208 3015 navibus
2239 2961 2508 3015 contritis
2540 2960 2797 3016 universi
2831 2960 3147 3031 perierunt.
3181 2958 3322 3012 Inde
3370 2974 3608 3012 rursum

1959 3063 2071 3118 pax
2102 3048 2255 3103 facta
2282 3065 2414 3103 cum
2448 3050 2750 3118 Romanis,
2772 3064 2900 3119 qua
2930 3046 3164 3102 duravit
3195 3061 3380 3116 usque
3410 3045 3482 3099 ad
3508 3044 3609 3098 Ni-

1956 3135 2191 3206 cephori
2217 3136 2549 3209 imperium.
2586 3143 2660 3205 Is,
2696 3136 2873 3193 simul
2904 3142 3081 3207 atque
3110 3133 3425 3206 imperium
3448 3149 3614 3188 acce-

1957 3226 2064 3295 pit,
2086 3241 2211 3281 rem
2228 3226 2704 3299 indignissimam
2732 3226 3075 3281 existimans
3089 3223 3400 3279 Saracenis
3424 3221 3610 3278 tribu-

1956 3316 2081 3366 tum
2114 3315 2385 3384 pendere,
2414 3320 2615 3371 contra
2645 3332 2743 3371 eos
2774 3314 3135 3376 Manuelum,
3169 3318 3235 3367 ut
3259 3313 3382 3381 jam
3419 3328 3607 3383 supra

1955 3402 2374 3472 diximus,cum
2397 3402 2582 3476 copiis
2601 3404 2762 3459 misit
2787 3421 2800 3459 :
2821 3401 3170 3472 Manuelus,j
3184 3400 3386 3455 uvenis
3408 3405 3465 3455 et
3488 3400 3604 3455 mi-

1953 3488 2076 3545 litis
2106 3508 2284 3563 quam
2317 3493 2485 3549 ducis
2514 3492 2706 3549 ofﬁcio
2738 3491 2921 3547 multo
2945 3490 3156 3563 aptior,
3190 3488 3395 3544 multis
3423 3488 3600 3544 etiam

1952 3578 2083 3635 aliis
2100 3582 2388 3639 obnoxius
2419 3582 2792 3654 vitiis,neque
2823 3580 3157 3637 sanioribus
3186 3582 3601 3650 obtemperans

1952 3670 2236 3741 consiliis,
2268 3676 2325 3727 et
2353 3689 2415 3728 se
2444 3672 2642 3744 ipsum
2673 3677 2731 3727 et
2759 3671 3075 3727 exercitum
3106 3673 3293 3725 totum
3323 3667 3599 3739 perdidit,

1952 3759 2177 3829 asperis
2208 3761 2563 3830 quibusdam
2612 3761 2817 3816 Sicilire
2847 3765 2905 3816 et
2954 3758 3124 3813 inviis
3157 3757 3300 3812 locis
3329 3755 3599 3811 inclusus

1949 3852 2125 3918 atque
2155 3849 2333 3906 exitio
2362 3851 2689 3907 demersus.
2723 3852 2940 3921 Captus
2981 3848 3093 3903 fuit
3122 3846 3356 3902 Nicetas
3408 3861 3599 3900 eunu-

180 3910 415 3981 ἡλικίαν
464 3915 552 3970 καὶ
630 3918 984 3993 στρατιώταις
1045 3924 1458 3999 κατατετάχθαι,
1512 3927 1575 3982 οὗ
1628 3930 1734 4000 μήν
1780 3951 1835 4004 γε

1993 3937 2117 4007 lius,
2149 3939 2431 4009 patricius
2461 3957 2526 3996 ac
2547 3940 2755 3996 classis
2778 3936 3224 4010 drungarius,et
3253 3934 3314 3990 in
3346 3933 3596 3989 Africam

174 4000 269 4087 xui
328 4009 653 4079 στρατηγεῖν
712 4006 859 4077 ἄξιος
912 4005 1008 4079 ὢν,
1047 4010 1306 4087 ὑπάρχων
1344 4010 1402 4068 δὲ
1456 4016 1543 4070 καὶ
1604 4000 1835 4081 πολλοῗς

1993 4042 2011 4079 1
2040 4027 2291 4083 vinculis
2322 4030 2637 4085 abductus.

170 4086 382 4152 ἄλλοις
412 4093 602 4146 πάθεσι
632 4095 967 4171 κατάσχντος
991 4098 1080 4152 καὶ
1116 4086 1285 4170 μηδὲν
1316 4106 1423 4156 τῶν
1454 4103 1524 4157 τὰ
1565 4105 1794 4178 κρείττω
1824 4105 2313 4182 συμϐουλευόντων
2358 4116 2836 4193 ἐπιστρεφόμενος.
2874 4118 2954 4185 [Ρ.
2986 4114 3112 4185 654]
3157 4109 3210 4168 ἓν
3256 4131 3368 4166 τισι
3406 4109 3599 4173 τόποις

162 4181 409 4254 τραχέσι
436 4201 496 4235 τε
524 4181 614 4236 καὶ
639 4178 924 4249 δυσϐάτοις
951 4193 1052 4257 τῆς
1084 4186 1340 4253 Σικελίας
1375 4192 1513 4264 μετά
1542 4195 1740 4256 παντὸς
1770 4178 2146 4265 ἀποκλεισθεὶς
2195 4209 2292 4258 τοῦ
2340 4178 2569 4281 στρατοῦ
2590 4178 2960 4281 ’παραδίδοται
3013 4178 3381 4276 πανωλεθρίᾳ.
3415 4197 3598 4256 Ἑάλω

170 4263 233 4322 δὲ
283 4270 525 4345 ζωγρίας
581 4271 671 4326 καὶ
734 4276 969 4346 Νικήτας
1030 4278 1317 4352 πατρίκιος
1377 4282 1467 4370 καί
1536 4286 1632 4337 τοῦ
1700 4284 1899 4341 στόλου
1962 4263 2322 4370 δρουγγάριος
2374 4263 2414 4350 ὁΙ
2452 4263 2737 4370 εὐνοῦχος,
2778 4295 2867 4350 καὶ
2926 4292 3003 4355 εἲς
3058 4263 3596 4369 Ἀφρικῆνδέσμιος

168 4356 476 4429 πέμπεται.
512 4360 612 4416 Καὶ
643 4362 670 4417 6
706 4363 798 4435 μὲν
825 4365 1091 4436 Μανουήλ
1121 4367 1383 4440 τοιαύτης
1409 4364 1570 4446 ἔτυχε
1593 4375 1693 4438 τῆς
1721 4356 2119 4457 καταστροίξνῆς,
2147 4356 2443 4458 ¹παραίτιος
2500 4356 2775 4448 ἀπωλείας
2829 4384 3118 4458 γενόμενος
3165 4380 3255 4437 καὶ
3307 4379 3465 4435 παντὶ
3518 4383 3597 4451 τῷ

170 4467 418 4521 στρατῳ.

245 4536 311 4623 Ὁ
363 4533 423 4591 δὲ
459 4535 715 4613 βασιλεὺς
759 4540 813 4596 ἐν
870 4545 1049 4619 τούτῳ
1075 4549 1154 4619 τῷ
1185 4545 1374 4623 χρόνῳ
1407 4546 1672 4623 ἐκπέμπει
1700 4553 1835 4608 κατά

171 4622 435 4689 Κιλικίας
503 4628 758 4702 Ἰωάννην
794 4628 1110 4709 μάγιστρον
1177 4622 1266 4690 καὶ
1333 4622 1650 4711 δομὲστικον
1722 4647 1829 4698 τῶν

173 4713 409 4790 σχολῶν
434 4723 535 4787 τῆς
566 4719 865 4791 Ἀνατολῆς
912 4720 1022 4795 ἤδη
1069 4721 1543 4801 προϐεϐλημένον,
1574 4731 1667 4785 τὸν
1709 4737 1832 4801 Τζι-

174 4808 406 4878 μισκῆν.
466 4808 761 4882 Γενόμενος
827 4809 874 4866 δ’
922 4813 1081 4877 οὗτος
1150 4817 1288 4893 πρὸς
1355 4817 1520 4875 πόλιν
1576 4818 1826 4893 ’¹Αδαναν,

165 4895 262 4950 καὶ
325 4894 543 4965 πλῆθος
602 4897 926 4967 καταλαϐὼν
982 4902 1281 4962 ἐπιλέκτων
1342 4908 1654 4986 Ἀγαρηνῶν
1709 4931 1827 4967 συν-

165 4982 511 5059 ειλεγμένων
582 4987 642 5045 ἐκ
713 4992 893 5063 πάσης
961 5001 1061 5064 τῆς
1127 4982 1427 5070 Κιλικίαςί
1459 4997 1825 5072 συμπλέκεται

160 5074 354 5147 τούτῳ
401 5077 489 5132 καὶ
518 5079 769 5154 τρέπεται
820 5082 957 5139 κατὰ
1002 5084 1221 5158 κράτος.
1255 5087 1323 5144 Οἱ
1383 5088 1477 5161 μὲν
1521 5086 1610 5145 οὖν
1662 5088 1823 5146 ἄλλοι

160 5167 281 5255 τῶν
333 5164 646 5239 Ἀγαρηνῶν
676 5168 861 5255 νόμῳ
918 5166 1174 5247 πολέμου
1224 5177 1624 5248 κατεκόπησαν’
1660 5180 1824 5255 μέρος

164 5246 226 5343 δὲ
286 5255 387 5307 τοῦ
444 5252 679 5330 στρατοῦ
729 5258 858 5314 ὡσεὶ
926 5246 1363 5339 πεντακισχίλιοι
1434 5246 1525 5322 τδν
1591 5246 1822 5343 ἀριθμὸν

162 5335 323 5404 ὅντες
380 5341 665 5420 φεύγουσιν
715 5345 792 5413 εἴς
845 5369 969 5405 τινα
1017 5335 1502 5429 λόφον-’δύσϐατον
1552 5335 1642 5413 καί
1686 5357 1820 5415 ἀπόέ

2013 4561 2132 4617 Sub
2164 4562 2322 4621 idem
2352 4568 2588 4638 tempus
2620 4568 2943 4637 imperator
2970 4563 3031 4619 in
3060 4562 3326 4619 Ciliciam
3378 4558 3595 4615 emittit

1937 4649 2225 4709 Joannem
2257 4654 2982 4726 Tzimiscem,magistrum
3010 4650 3400 4709 domesticum
3424 4648 3592 4705 scho-

1938 4737 2132 4797 larum
2163 4742 2415 4800 Orientis
2439 4746 2567 4816 jam
2599 4749 2885 4801 creatum.
2944 4744 2998 4799 Is
3055 4756 3192 4797 cum
3252 4737 3325 4793 ad
3382 4736 3588 4793 Adana

1938 4830 2318 4900 pervenisset,
2351 4834 2407 4887 in
2443 4833 2885 4890 multitudinem
2919 4829 3128 4887 incidit
3174 4845 3243 4885 ex
3287 4826 3449 4882 omni
3480 4827 3587 4881 de-

1935 4916 2220 4976 lectorum
2252 4922 2447 4979 Cilicia
2478 4924 2626 4979 861
2663 4925 3082 5015 Agarenorum,
3139 4930 3390 5015 eamque
3439 4930 3585 5015 con-

1934 5022 2175 5079 gressus
2206 5010 2705 5068 fundit.Hostibus
2732 5006 3230 5080 deletis,quinque
3248 5009 3445 5061 tamen
3473 5006 3586 5059 cir-

1935 5096 2078 5153 citer
2104 5102 2504 5171 Agarenorum
2548 5100 2740 5157 millia
2769 5100 2906 5171 equi
2962 5095 3182 5154 relicnis
3237 5094 3465 5168 pedites
3523 5094 3584 5150 in

1935 5185 2141 5243 collem
2176 5192 2491 5261 quemdam
2527 5193 2891 5262 praeruptum
2940 5191 3276 5252 evaserunt,
3337 5184 3586 5255 ejusque

1933 5280 2145 5333 natura
2168 5279 2298 5335 freti
2316 5280 2546 5336 fortiter
2565 5281 2854 5350 impetum
2884 5277 3145 5334 hostium
3169 5273 3580 5330 defenderunt.

1930 5364 2042 5421 Sed
2074 5366 2391 5426 Tzimisces
2422 5367 2784 5426 circumdato
2816 5366 2983 5435 colle,
3038 5365 3174 5438 quia
3220 5378 3399 5435 eques
3444 5376 3577 5416 cum

1354 5537 1725 5598 XYLANDRI
1761 5541 1856 5601 ET
1893 5544 2113 5605 GOARI
2152 5546 2384 5606 NOTAE.

240 5640 363 5715 (13)
391 5641 680 5705 Joannem
713 5664 748 5706 a
777 5644 1034 5723 corporis
1072 5653 1419 5726 proceritate
1447 5654 1533 5713 sic
1563 5657 1808 5720 dictum.
1840 5662 2019 5722 Gem.
