3922 6132
356 373 434 432 95
1706 375 2026 438 GEORGII
2071 376 2411 441 CEDRENI
3700 374 3783 435 96

355 504 442 559 eis
474 520 588 559 non
622 509 853 575 poterat
877 506 1407 579 congredi,pedites
1440 507 1524 564 ire
1553 524 1620 563 eo
1651 510 1903 579 suosjus

2239 529 2395 581 μνον,
2435 509 2592 578 πεζοὶ
2637 507 2765 571 τοὺς
2811 506 3018 571 ’ίππους
3066 500 3389 577 ἀποϐάντες,
3416 508 3505 561 καὶ
3550 509 3621 580 τῇ
3680 512 3782 567 τοῦ

358 594 660 665 pedesque
695 611 793 650 eos
828 595 953 667 ipse
984 597 1168 653 duxit.
1219 597 1401 654 Nemo
1445 602 1865 653 Saracenorum
1900 605 1907 649 1

2238 619 2293 653 ου
2324 598 2688 675 θαρρήσαντες
2722 597 2965 671 εὐκαιρίᾳ
3022 597 3308 671 εὐρώστως
3353 595 3479 658 τοὺς
3526 594 3787 655 ἐπιόντας

355 699 496 755 gum
529 684 691 739 dedit
727 703 739 740 :
774 687 949 741 occisi
984 691 1120 742 sunt
1152 704 1381 755 omnes,
1413 693 1469 743 et
1509 688 1735 743 cruoris
1768 687 1872 742 rivi

2237 709 2416 745 ινοντο.
2450 687 2558 751 Οὓς
2590 688 2678 743 καὶ
2741 687 3151 763 περιστοιχίσας
3193 687 3221 741 6
3252 685 3533 755 Ἰωάννης,
3565 683 3649 738 δτι
3705 684 3786 756 μὴ

354 772 599 827 declivia
630 773 687 828 in
718 790 993 845 campum
1029 775 1343 841 ﬂuxerunt,
1391 791 1723 847 nomenque
1768 775 1899 830 colli

2234 775 2454 832 ’ἵππων
2507 778 2622 840 οἷός
2677 799 2736 834 τε
2795 778 2861 846 ἦν
2913 778 3101 838 αὐτοῖς
3153 769 3477 849 συμϐαλεῖν,
3526 777 3783 842 πεζεῦσαι

354 867 563 916 eventu
600 862 839 933 factum,
875 870 938 918 ut
967 864 1142 920 Collis
1170 864 1489 935 Sanguinis
1521 864 1903 937 appellaretur

2237 866 2426 937 στάξας
2476 866 2603 931 τοὺς
2647 868 2979 941 στρατιώτας
3029 866 3197 921 ἄνεισι
3249 865 3364 937 μετ*
3396 863 3571 918 αὐτῶν
3614 862 3784 931 πεζὸς

358 950 586 1005 facinus
621 968 831 1006 nomen
868 953 1169 1008 Tzimiscae
1202 953 1494 1010 celebrius
1534 954 1811 1026 reddidit,
1840 959 1907 1010 Sa

2271 956 2450 1021 αὐτός.
2508 958 2606 1013 Καὶ
2662 954 3169 1032 καταγωνισάμενος
3227 955 3432 1015 πάντας
3492 950 3783 1030 ἀπέσφαξε,

356 1038 516 1095 cenis
548 1045 747 1096 autem
779 1058 956 1097 causa
987 1042 1148 1097 exitii
1175 1042 1305 1097 fuit.

2235 1066 2266 1100 α
2300 1044 2535 1121 μηδερὸς
2572 1044 2895 1115 δεδωκότος,
2931 1046 3005 1109 ὡς
3036 1045 3217 1120 ῥεῦσαι
3250 1041 3338 1098 διὰ
3379 1047 3481 1097 τοῦ
3539 1045 3781 1117 πρανοῦς

358 1125 435 1189 εἲς
491 1128 552 1181 τὸ
596 1125 781 1182 πεδίον
826 1139 888 1183 το
932 1131 1069 1202 αἷμα
1116 1128 1461 1202 ποταμηδὸν,
1493 1131 1582 1185 καὶ
1633 1130 1738 1185 ἀπὸ
1786 1131 1982 1187 τούτου
2027 1138 2125 1188 τοῦ
2176 1137 2583 1208 συμπτώματος
2629 1134 2904 1205 κληθῆναι
2935 1139 3027 1189 τὸν
3066 1133 3255 1210 βουνὸν
3303 1131 3504 1189 Βουνὸν
3534 1128 3786 1203 Αἵματος

358 1219 531 1270 Τοῦτο
582 1218 643 1271 τὸ
688 1216 841 1293 ἔργον
891 1217 977 1272 ἐπὶ
1027 1216 1195 1273 πλέον
1242 1218 1397 1294 ἐξῆρε
1438 1221 1501 1275 τὸ
1546 1215 1721 1295 ὄνομα
1766 1226 1861 1276 τοῦ
1910 1223 2179 1295 Ἰωάννου,
2213 1224 2301 1278 καὶ
2348 1230 2463 1287 τοῖς
2507 1230 2842 1299 Σαρακηνοῖς
2878 1223 3092 1288 τελείας
3137 1222 3512 1297 καταστροφῆς
3558 1220 3782 1295 γέγονεν

362 1326 557 1359 αιτιον.

432 1397 596 1450 Anno
624 1395 857 1469 imperii
884 1399 974 1453 sui
1002 1400 1489 1470 secundo,mense
1510 1400 1978 1471 Julio,indiction

2236 1409 2250 1454 )
2284 1401 2340 1458 δὲ
2370 1402 2681 1481 Νικηφόρος
2734 1403 2868 1459 κατᾶ
2895 1404 2958 1457 τὸ
2990 1400 3237 1475 δεύτερον
3289 1396 3408 1461 ἔτος
3454 1400 3555 1462 τῆς
3610 1395 3785 1451 αὐτοῦ

361 1484 634 1555 septima,
667 1486 1029 1559 Nicephorus
1064 1506 1345 1561 magnum
1378 1490 1698 1546 exercitum
1731 1491 1910 1546 Roma

2239 1492 2424 1560 ιλείας,
2475 1492 2527 1547 ἐν
2595 1492 2727 1567 μηνὶ
2786 1489 3026 1564 Ἰουλίῳ,
3089 1488 3426 1549 ίνδικτιῶνος
3497 1492 3557 1556 ζ’,
3617 1485 3782 1556 ἔξεισι

361 1589 490 1627 rum
524 1590 592 1629 ac
622 1575 913 1631 sociorum
946 1578 1245 1633 Iberorum
1279 1584 1336 1634 et
1358 1580 1769 1635 Armeniorum
1793 1581 1850 1635 in
1883 1581 1910 1635 C

2231 1584 2256 1637 ὲ
2332 1581 2580 1644 Κιλικίας
2647 1582 2739 1637 σὺν
2820 1583 2975 1659 βαρεῖ
3042 1583 3254 1652 στρατῷ
3308 1576 3594 1650 Ῥωμαίων
3683 1575 3780 1630 καὶ

358 1663 507 1717 ciam
544 1664 724 1733 ducit,
759 1666 1078 1723 comitatus
1114 1684 1287 1724 uxore
1339 1686 1447 1724 sua
1488 1670 1907 1741 Theophanem

2237 1672 2431 1746 μάχων
2491 1666 2721 1747 Ἰϐήρων
2779 1670 2870 1725 καὶ
2921 1668 3253 1746 Ἀρμενίων,
3315 1665 3459 1742 ἔχων
3517 1665 3782 1743 Θεοφανὼ

356 1752 578 1808 liberis.
630 1755 711 1808 Ea
760 1759 921 1810 extra
992 1756 1051 1811 in
1119 1756 1362 1813 castello
1410 1759 1601 1815 Drizio
1652 1760 1872 1829 relicta,

2270 1761 2511 1835 γαμετὴν
2565 1760 2655 1815 σὺν
2706 1766 2825 1822 τοῖς
2873 1763 3084 1820 τέκνοις
3136 1758 3323 1826 αὐτῆς.
3370 1756 3613 1826 Έκείνην
3676 1754 3775 1827 μὲν

356 1857 592 1912 gressus
649 1843 777 1914 ipse
832 1844 1116 1912 Ciliciam,
1195 1848 1580 1913 Anazarbam,
1638 1849 1890 1905 Rossum

2259 1846 2448 1918 ἔξωθεν
2496 1856 2599 1919 τῆς
2647 1848 2901 1912 Κιλικίας
2952 1845 3004 1901 ἔν
3053 1866 3161 1900 τινι
3210 1844 3453 1922 φρουρίῳ
3489 1841 3774 1915 καταλιμ-

355 1931 621 1986 Adanam
654 1933 831 1989 urbes
860 1933 1089 2006 aliaque
1114 1935 1269 1991 haud
1301 1953 1490 2009 pauca
1519 1938 1741 2010 subigit
1769 1943 1904 1994 caste

2226 1959 2293 2009 ει,
2352 1937 2550 2011 Δριζίῳ
2608 1936 2957 2010 καλουμένῳ,
3009 1936 3173 1996 αὐτὸς
3231 1932 3287 1989 δὲ
3354 1932 3613 1996 εἰσελθὼν
3692 1932 3773 1993 εἷς

355 2018 613 2091 Cumque
644 2023 714 2077 ad
748 2023 998 2079 Tarsum
1032 2029 1089 2079 et
1139 2027 1556 2098 Mopsuestiam
1622 2029 1834 2085 ducere
1891 2046 1904 2083 1

2226 2026 2360 2081 ικίαν
2411 2022 2768 2102 Ἀνάζαρϐαν,
2816 2025 2906 2080 καὶ
2954 2025 3206 2093 Ῥωσσὸν,
3239 2024 3327 2077 καὶ
3367 2019 3608 2079 νΑδαναν
3664 2022 3769 2082 τὰς

357 2110 617 2179 auderet,
650 2113 804 2182 quod
839 2114 955 2179 iam
1001 2113 1192 2170 hiems
1240 2120 1565 2187 appeteret,
1618 2117 1815 2173 relicto
1848 2135 1906 2174 ea

2218 2136 2323 2184 .εις,
2372 2117 2460 2171 καὶ
2509 2113 2666 2192 ἕτερα
2716 2115 2815 2170 οὐκ
2864 2113 3021 2190 ὀλίγα
3071 2112 3305 2188 φρούρια
3344 2110 3767 2186 κατεστρέψατο.

357 2198 652 2269 provincia
682 2200 871 2256 valido
906 2204 1261 2273 praesidio,in
1286 2204 1709 2277 Cappadociam
1737 2206 1903 2261 biber

2220 2204 2326 2260 ὶδὶ
2353 2207 2453 2273 τὴν
2484 2206 2695 2281 Ταρσὸν
2747 2206 2836 2259 καὶ
2881 2204 2980 2272 τήν
3031 2203 3229 2275 Μόψου
3281 2200 3456 2256 ἑστίαν
3508 2198 3769 2263 ἀπελθεῖν

355 2303 488 2341 rum
520 2304 698 2343 causa
729 2291 872 2344 abit.
907 2294 1151 2347 Ineunte
1175 2310 1305 2348 vere
1329 2312 1564 2350 rursum
1621 2295 1879 2350 Ciliciam

2245 2292 2527 2369 ἐθάρρησε,
2571 2297 2847 2368 χειμῶνος
2876 2289 2982 2361 ἤδη
3016 2286 3438 2351 καταλαϐόντος.
3471 2288 3570 2343 Καὶ
3604 2308 3772 2361 στρα-

354 2381 473 2431 trat
506 2394 518 2432 :
551 2377 805 2433 etdiviso
828 2379 886 2433 in
909 2381 1056 2435 duas
1073 2383 1226 2438 862
1254 2388 1448 2453 partes
1469 2384 1903 2453 exercitu,Leon

2237 2382 2327 2437 τὸν
2356 2384 2686 2458 ἀποχρῶντα
2716 2378 3032 2436 καταλιπὼν
3067 2379 3238 2434 ἐκεῖσε
3270 2376 3455 2451 ἔξεισιν
3516 2375 3567 2433 ἐν
3620 2382 3775 2430 Καπ-

357 2465 426 2520 ad
466 2468 926 2538 oppugnandum
960 2470 1205 2525 Tarsum
1241 2489 1374 2527 cum
1411 2472 1592 2528 altera
1622 2478 1785 2544 parte
1803 2473 1906 2528 mit

2230 2470 2353 2543 οκίᾳ
2398 2470 2850 2547 παραχειμάσων.
2907 2471 3076 2545 Ἦρος
3126 2465 3183 2523 δὲ
3232 2468 3548 2543 ἀρχομένου
3601 2464 3777 2520 πάλιν

359 2554 600 2611 alteram
636 2558 758 2627 ipse
789 2559 860 2614 ad
894 2560 1307 2631 Mopsuestiam
1340 2563 1668 2618 ducit.Eam
1702 2579 1833 2617 cum
1855 2579 1908 2617 at

2228 2560 2363 2629 ξλθεν
2389 2560 2440 2615 ἐν
2474 2559 2713 2631 Κιλικίᾳ,
2753 2560 2843 2613 καὶ
2875 2556 3007 2633 διχῆ
3044 2555 3239 2613 διελὼν
3270 2557 3337 2611 τὰ
3368 2555 3777 2632 στρατεύματα,

358 2648 447 2699 ter
475 2655 861 2717 oppugnaret,
897 2648 1050 2704 fame
1082 2650 1259 2705 etiam
1293 2651 1723 2722 oppidanorum
1746 2652 1907 2722 adjut

2254 2651 2346 2723 μὲν
2376 2651 2584 2721 Ταρσὸν
2613 2648 2930 2723 πολιορκεῖν
2964 2647 3138 2723 ἀφῆκε
3166 2644 3371 2700 Λέοντα
3392 2646 3484 2699 τὸν
3509 2642 3780 2722 ἀδελφὸν,

360 2750 539 2788 unam
573 2735 739 2790 urbis
771 2742 995 2807 partem
1028 2738 1203 2810 capit.
1240 2743 1315 2793 Ea
1358 2740 1515 2795 enim
1552 2741 1691 2795 urbs
1752 2741 1904 2795 medi

2231 2742 2276 2801 ὃς
2312 2736 2369 2793 δὲ
2398 2740 2459 2793 τὸ
2492 2737 2684 2793 λοιπὸν
2719 2737 2985 2812 ἀράμενος
3012 2743 3112 2804 τῆς
3158 2739 3408 2811 στρατιᾶς
3454 2737 3524 2808 τῇ
3576 2734 3780 2807 Μόψου

362 2824 503 2879 Saro
536 2823 777 2879 ﬂumine
809 2833 1064 2896 secatur,
1097 2829 1179 2883 ita
1210 2832 1273 2883 ut
1304 2831 1429 2883 duzs
1461 2830 1636 2885 urbes
1680 2829 1911 2884 videant

2238 2852 2268 2899 ᾳ
2296 2829 2621 2903 προσέσχεν.
2655 2829 2897 2903 Ἐνεργῷ
2928 2823 2985 2880 δὲ
3014 2826 3365 2901 χρησάμενος
3412 2826 3481 2896 τῇ
3532 2820 3780 2897 πολιορ-

360 2910 557 2966 Altera
586 2912 858 2983 igitur,ut
889 2915 1339 2987 diximus,parte
1361 2917 1632 2987 capta,ad
1653 2916 1895 2971 alteram

2261 2915 2404 2991 ἔχων
2436 2915 2493 2971 δὲ
2544 2916 2633 2970 καὶ
2678 2918 2767 2971 τὸν
2829 2914 2991 2987 λιμὸν
3048 2915 3415 2988 ἐπαρήγοντα,
3468 2910 3777 2985 παραλαμ-

366 3000 559 3055 raceni
583 3002 1384 3077 confugiunt,undiquequod
1413 3010 1649 3077 captum
1674 3010 1798 3060 erat
1818 3005 1911 3059 inc

2235 3027 2267 3061 ει
2298 3006 2361 3060 τὸ
2390 3006 2447 3060 ἓν
2483 3003 2645 3080 μέρος
2695 3012 2794 3074 τῆς
2843 3002 3080 3065 πόλεως·
3113 3001 3361 3074 τέμνεται
3403 3000 3506 3076 γὰρ
3537 3002 3574 3070 ἡ
3609 2999 3784 3061 πόλις

366 3089 590 3145 dentes.
624 3091 734 3145 Sed
767 3092 962 3149 acrius
993 3094 1065 3149 ad
1097 3096 1594 3166 oppugnationem
1635 3096 1909 3151 incumbe

2234 3117 2255 3164 η
2295 3094 2453 3167 μέσον
2484 3098 2564 3165 τῷ
2597 3093 2758 3169 Σάρῳ
2797 3096 3052 3165 ποταμῷ,
3080 3092 3153 3152 ὡς
3205 3088 3382 3145 δοκεῖν
3432 3086 3527 3142 δύο
3577 3086 3783 3149 πόλεις

365 3180 1167 3254 imperatore,alteraquoque
1182 3200 1317 3255 pars
1332 3188 1501 3255 capta
1512 3185 1863 3253 est,nemine
1876 3186 1914 3239 i1

2244 3206 2257 3237 t
2293 3186 2426 3257 (14).
2451 3188 2554 3237 Τοῦ
2586 3183 2702 3243 ἐνὸς
2733 3183 2850 3251 οὖν,
2877 3182 2950 3242 ὡς
2999 3177 3231 3256 εἷ’ρηται,
3265 3178 3461 3251 μέρους
3514 3175 3786 3241 ἀλόντος,

365 3268 817 3340 aﬂ'ugiente.Leo
831 3277 1024 3326 autem
1042 3274 1413 3345 imperatoris
1428 3275 1914 3330 fratsrTarsumol

2258 3273 2322 3327 τὸ
2368 3269 2549 3347 ἕτερον
2599 3273 2649 3326 οἱ
2704 3270 3011 3343 Σαρακηνοὶ
3055 3268 3472 3345 καταφεύγουσι,
3504 3266 3565 3319 τὸ
3598 3263 3785 3320 ἑαλω-

365 3358 671 3423 dens,cum
685 3362 971 3415 exercitus
987 3368 1207 3433 partem
1226 3361 1560 3433 pabulatum
1573 3365 1914 3420 frumentatt

2256 3362 2592 3435 πανταχόθεν
2663 3359 2985 3437 ὑφάψαντες.
3040 3354 3386 3434 Σφοδροτέρᾳ
3444 3353 3501 3408 δὲ
3558 3373 3788 3429 χρησα-

368 3464 481 3518 que
506 3449 764 3504 misisset
780 3451 1493 3520 duceMonasteriote,voti
1513 3454 1754 3509 minime
1773 3469 1917 3522 com]

2236 3473 2292 3506 ου
2322 3456 2417 3505 τοῦ
2437 3428 2721 3526 ’βασιλέως
2749 3428 2818 3523 τῇ
2849 3428 3142 3522 πολιορκίᾳ
3166 3428 3431 3501 ἑάλω-καὶ
3478 3444 3540 3499 τὸ
3590 3440 3785 3516 ἕτερον

370 3535 473 3590 fuit
507 3553 521 3590 :
548 3553 681 3591 nam
705 3538 832 3592 sine
855 3540 1098 3594 custode
1122 3540 1441 3612 dissipatos
1465 3542 1815 3613 praedatores
1838 3559 1919 3596 nol

2243 3543 2423 3619 ><.IP.
2468 3542 2596 3612 655]
2651 3535 2880 3612 μηδενὸς
2923 3535 3121 3600 ἐκεῖθεν
3180 3532 3554 3611 διαφυγόντος.
3615 3532 3678 3619 Ὁ
3729 3528 3792 3585 δὲ

366 3628 683 3680 Tarsenses
715 3628 956 3698 egressi,
992 3628 1073 3682 ita
1104 3633 1166 3683 ut
1197 3646 1368 3685 nemo
1399 3647 1601 3686 eorum
1647 3630 1912 3700 eruption

2278 3618 2484 3702 Ταρσὸν
2544 3629 3000 3701 παρακαθήμενος
3058 3626 3208 3680 Λέων
3270 3624 3297 3677 6
3345 3626 3443 3677 τοῦ
3498 3618 3789 3694 βασιλέως

370 3713 583 3769 sentire
616 3716 889 3785 potuerit,
922 3717 1228 3784 invadunt,
1262 3725 1319 3774 et
1348 3720 1506 3775 haud
1546 3735 1758 3790 paucos
1790 3720 1919 3774 inte]

2240 3719 2380 3796 \cpoc,
2416 3718 2500 3771 ἐπὶ
2536 3715 2906 3792 χορτολογίαν
2956 3714 3045 3769 καὶ
3091 3710 3372 3786 συλλογὴν
3422 3715 3529 3764 τῶν
3579 3708 3789 3774 ἐπιτη-

370 3802 616 3871 ciunt,et
648 3805 703 3857 in
730 3804 821 3859 his
846 3805 1673 3864 Monasteriotem.Tarsenses
1696 3812 1912 3875 autem,

2243 3795 2283 3860 ιν
2318 3806 2479 3883 μέρος
2515 3804 2838 3866 ἀποστείλας
2880 3810 2980 3873 τῆς
3029 3802 3279 3876 στρατιὰς
3332 3795 3557 3875 ἔξαρχον
3609 3797 3792 3874 ἐχού-

369 3890 533 3963 gnita
562 3892 931 3965 M0psuestiae
961 3896 1411 3967 expugnatione,
1444 3896 1829 3968 oppressique
1859 3898 1918 3951 ot

2272 3897 2364 3951 τὸν
2414 3894 2906 3971 Μοναστηριώτην,
2938 3891 3217 3967 ἠτύχησεν
3240 3909 3253 3922 ·
3288 3888 3614 3968 ἀφυλάκτως
3673 3888 3791 3962 γὰρ

370 3981 541 4036 dione
557 3986 615 4036 et
646 3984 821 4048 fame,
856 3982 1077 4055 legatos
1109 3986 1179 4040 ad
1214 3991 1457 4041 Leonem
1492 3987 1736 4041 mittunt
1762 3986 1915 4057 impe

2244 3982 2595 4048 κεδασθέντας
2646 3984 2772 4045 τοὺς
2821 3982 3266 4058 προνομεύοντας
3323 3979 3514 4038 νυκτὸς
3546 3978 3600 4030 οἱ
3635 3982 3793 4052 Ταρ-

368 4074 579 4137 torem,
639 4072 975 4129 invocantes
1024 4078 1081 4128 et
1127 4075 1508 4146 deprecantes
1565 4080 1630 4130 ut
1689 4074 1917 4129 incolun

2276 4071 2603 4144 ἐξελθόντες,
2654 4074 2730 4133 ὡς
2787 4069 2977 4144 μηδενὶ
3042 4070 3381 4139 συναίσθησιν
3431 4073 3531 4136 τῆς
3589 4064 3795 4135 ἐξόδου

369 4159 690 4216 dimitteret
723 4162 863 4217 urbe
893 4163 1109 4219 dedita.
1145 4164 1274 4235 Ipse
1305 4175 1502 4220 autem
1547 4180 1679 4219 cum
1712 4164 1918 4235 permis

2247 4164 2549 4239 εσχηκέναι,
2597 4160 2922 4225 ἐπιτίθενται
2973 4157 3386 4233 διεσπαρμένοις
3447 4156 3657 4217 αὐτοῖς,
3693 4155 3796 4209 καὶ

369 4253 459 4305 set
488 4253 552 4304 ut
610 4254 832 4306 certum
891 4253 1183 4323 quoddam
1243 4256 1472 4324 pondus
1526 4254 1842 4323 auferrent,
1903 4271 1918 4308 ε

2269 4252 2489 4327 ὀλίγους
2552 4249 2883 4327 διέφθειραν,
2917 4248 2969 4303 ἐν
3022 4252 3103 4309 οἷς
3161 4248 3230 4316 ἧν
3284 4244 3373 4301 καὶ
3422 4247 3451 4299 6
3495 4250 3800 4315 Μοναστη-

367 4338 565 4394 omnia
596 4340 760 4395 urbis
793 4342 946 4396 bona
977 4341 1245 4412 diripuit.
1278 4343 1619 4414 Triduoque
1677 4343 1830 4397 803
1886 4359 1916 4413 p

2249 4363 2329 4413 της
2388 4341 2701 4409 αὐτός.Τὴν
2751 4337 2807 4394 δὶ
2858 4346 2959 4408 τῆς
3005 4338 3201 4411 Μόψου
3260 4335 3435 4396 ἱστίας
3489 4333 3702 4388 ἅλωσιν
3737 4334 3798 4386 οῖ

370 4429 884 4499 expugnationem,
918 4430 1128 4487 classis
1162 4432 1412 4486 maxima
1439 4448 1509 4487 ex
1551 4432 1793 4503 Egypto
1842 4432 1911 4486 ad

2247 4436 2346 4492 τεῖς
2393 4429 2709 4505 ἐγνωκότες,
2760 4429 3073 4501 πιεζόμενοι
3119 4424 3176 4480 δὲ
3231 4428 3299 4498 τῇ
3340 4421 3639 4496 πολιορκίᾳ
3689 4422 3796 4476 καὶ

370 4516 457 4571 nit
487 4534 655 4589 opem
688 4520 868 4574 Tarso
916 4519 1126 4589 latura,
1182 4521 1474 4575 frumento
1523 4527 1735 4576 onusta
1777 4526 1835 4575 et
1883 4538 1913 4575 a

2260 4518 2432 4592 λιμῷ,
2466 4513 2945 4594 διεπρεσϐεύσαντο
2993 4515 3128 4591 πρὸς
3184 4515 3272 4569 τὸν
3331 4512 3553 4577 Λέοντα,
3586 4510 3799 4566 ἐπικει-

370 4607 546 4663 rebus
577 4624 705 4680 qum
733 4609 801 4663 ad
836 4609 1055 4666 victum
1087 4613 1225 4664 sunt
1254 4609 1615 4665 necessariae.
1648 4610 1865 4665 Verum
1890 4627 1919 4681 p

2251 4629 2386 4663 ιενοι
2432 4608 2522 4662 τὸν
2591 4605 2818 4683 βασιλέα
2868 4605 2957 4660 καὶ
3005 4602 3362 4679 λιπαροῦντες
3404 4602 3627 4662 ἀπαθεῖς
3688 4622 3800 4655 κα-

368 4696 551 4752 missa
582 4715 695 4753 non
728 4703 817 4753 est
849 4700 919 4753 ad
952 4704 1168 4754 terram
1190 4698 1482 4770 appellere
1505 4715 1693 4770 neque
1715 4715 1917 4754 exsens

2292 4696 2645 4775 φυλαχθῆναι
2717 4696 2807 4751 καὶ
2877 4697 2975 4765 τὴν
3051 4694 3254 4748 ἑαυτῶν
3330 4687 3799 4767 παραδεδωκέναι

369 4801 501 4840 nem
535 4787 721 4842 facere
752 4789 822 4842 ab
858 4786 929 4841 iis
951 4786 1242 4842 militibus
1261 4788 1480 4859 quibus
1506 4792 1626 4843 erat
1660 4788 1731 4843 ab
1766 4788 1918 4859 impe

2250 4788 2400 4843 :v.'O
2458 4784 2515 4840 δὲ
2574 4785 2736 4862 ῥητόν
2795 4806 2846 4839 τι
2904 4784 3125 4861 φορτίον
3169 4779 3393 4836 ἕκαστον
3441 4779 3591 4857 ἀφεὶς
3644 4779 3799 4834 ἀπο-

365 4880 490 4931 tore
522 4876 820 4932 maritima
852 4875 1119 4931 custodia
1164 4877 1519 4945 commissa;
1569 4893 1825 4948 cumque
1866 4878 1914 4931 nl

2256 4878 2402 4943 σθαι,
2454 4875 2545 4929 τὸν
2609 4872 2783 4930 ἄλλον
2842 4873 3047 4927 ἅπαντα
3102 4870 3339 4927 πλοῦτον
3399 4867 3631 4943 κατέσγε
3677 4873 3800 4937 τῆς

366 4983 536 5038 agere
558 4966 1419 5039 potuissent,redierunt,inque
1433 4967 1684 5024 maxima
1709 4968 1915 5024 naufra

2254 4987 2364 5028 εως.
2392 4964 2542 5022 Μετά
2572 4962 2629 5019 δὲ
2656 4968 2803 5040 τρεῖς
2834 4964 3042 5036 ἡμέρας
3071 4964 3167 5016 τοῦ
3212 4961 3314 5030 τὴν
3361 4957 3522 5014 πόλιν
3567 4956 3803 5013 ἁλῶναι

368 5058 441 5111 ob
471 5062 781 5113 ventorum
812 5055 927 5111 vim
959 5055 1292 5112 inciderunt
1312 5062 1367 5113 et
1399 5056 1687 5128 impetum
1715 5056 1917 5113 bellico

2255 5075 2323 5117 λος
2376 5054 2629 5129 μέγιστος
2672 5052 2723 5123 ἐξ
2782 5050 3066 5127 Αἰγύπτου
3117 5050 3408 5126 βοηθήσων
3455 5050 3524 5120 τῇ
3577 5049 3804 5122 Ταρσῷ

368 5162 499 5201 rum
532 5146 905 5217 imperatoris
938 5147 1467 5203 navium.Incensis
1490 5148 1671 5219 igitur
1700 5152 1757 5202 et
1776 5148 1917 5203 coml

2254 5145 2478 5218 εγένετο,
2522 5141 2748 5217 πλήρης
2798 5139 3056 5217 ὑπάρχων
3105 5140 3257 5193 σίτου
3297 5137 3386 5192 καὶ
3430 5141 3536 5191 τῶν
3590 5133 3803 5192 ἄλλων

367 5235 475 5290 stis
508 5234 749 5307 reliquis
780 5234 990 5291 Cilicia
1023 5236 1294 5304 urbibus,
1323 5236 1557 5292 Octobri
1590 5252 1815 5304 mense,
1860 5237 1916 5290 in

2266 5232 2402 5309 πρὸς
2431 5232 2492 5286 τὸ
2526 5235 2619 5305 ζῇν
2649 5230 2982 5304 ἀναγκαίων.
3016 5229 3095 5286 Οὐ
3129 5227 3487 5304 συνεχωρήθη
3522 5222 3580 5281 δὲ
3609 5245 3804 5301 προσο

367 5324 560 5379 ctione
594 5341 771 5395 nona,
800 5324 1004 5397 Cpolin
1056 5326 1255 5395 rediit,
1282 5342 1482 5381 secum
1516 5326 1813 5380 adducens
1849 5325 1916 5380 Τε

2257 5344 2282 5377 ν
2312 5325 2381 5395 τῇ
2415 5324 2484 5395 γῇ
2518 5317 2629 5374 οὐδ’
2664 5314 2935 5389 ἀποϐῆναι
2969 5317 3115 5395 παρὰ
3168 5321 3275 5372 τῶν
3329 5317 3429 5371 ὑπὸ
3470 5320 3566 5370 τοῦ
3626 5316 3806 5391 βασι-

368 5417 569 5484 portas
584 5413 1201 5486 etMopsuestiae,quas
1213 5432 1346 5470 cum
1364 5414 1726 5471 extrinsecus
1739 5415 1917 5470 aurod

2256 5410 2612 5485 ςταχθέντων
2670 5410 2771 5478 τὴν
2828 5404 3103 5484 παραλίαν
3160 5411 3346 5481 τηρεῖν
3406 5411 3805 5479 στρατιωτῶν.

1545 5544 1918 5600 XYLANDRI
1960 5544 2047 5599 ET
2084 5541 2305 5598 GOARI
2345 5540 2578 5598 NOT/E.

441 5640 552 5713 (14)
585 5642 1042 5719 Desuntmulta.
1078 5643 1376 5719 Librarius
1409 5660 1423 5699 :
1454 5640 1641 5698 Λείπει
1669 5639 1727 5696 ἓν
1762 5639 1983 5719 ,φύλλον

2264 5658 2443 5719 onera
2469 5639 2654 5719 repeti
2690 5656 2702 5696 :
2736 5655 2875 5719 nam
2897 5636 3116 5719 alioqui
3141 5637 3349 5719 Noster
3369 5639 3462 5719 est
3490 5634 3548 5690 in
3573 5635 3809 5719 multis

369 5706 511 5767 οὕτω
536 5706 630 5768 καὶ
662 5712 720 5769 ἐκ
745 5717 842 5770 τοῦ
873 5712 1227 5789 ἀντιγράφου.
1287 5715 1539 5772 Possunt
1593 5730 1662 5771 ea
1712 5706 1918 5771 Dicunt

2261 5712 2435 5771 osior.
2469 5706 2603 5769 XiL.
2634 5742 2703 5753 -—
2734 5706 3149 5783 Supplevimus
3179 5725 3248 5766 ex
3291 5706 3559 5781 Soylitze.
3593 5708 3807 5770 Gou.
