3966 6134
179 286 259 345 97
1320 289 1861 354 HISTORIARUM
1903 290 2427 354 COMPENDIUM
2449 336 2465 354 .
3519 309 3600 372 98

171 422 271 476 Kal
301 424 377 495 μή
438 418 659 499 ἔχοντες
709 421 741 478 ὅ
793 446 845 478 τι
904 426 1209 500 χρήσονται
1262 429 1378 487 τοῖς
1433 429 1695 500 παροῦσιν
1729 425 1822 479 ὑπ-

1968 424 2226 516 luxisset,
2262 442 2481 483 munus
2530 430 2730 485 attulit
2775 432 2950 505 regias
2999 438 3131 492 urbi
3173 440 3595 516 dedicandum,

171 513 455 586 ἔστρεψαν,
511 512 787 588 ναυαγίοις
846 513 1110 587 μεγάλοις
1160 512 1538 588 περιπεσόντες
1608 514 1713 569 ἀπό
1768 534 1825 568 τε

1966 513 2083 569 .lias
2098 516 2168 569 ad
2189 531 2381 570 arcem
2397 516 2942 591 collocandas,alias
2965 526 3035 580 ad
3052 529 3251 583 Aureae
3275 537 3456 602 portas
3470 512 3598 589 mu;

169 600 387 673 ἀνέμων
438 602 653 674 ἀταξίας
701 601 790 656 καὶ
838 608 939 671 τῆς
967 601 1257 664 ἐπιθέσεως
1284 607 1393 658 τῶν
1420 608 1516 657 τοῦ
1565 604 1832 679 βασιλέως

1966 620 2097 658 ιυω.
2125 603 2340 659 Attulit
2360 606 2534 660 etiam
2560 608 2676 664 Deo
2698 610 2919 667 donum
2939 618 2997 669 et
3018 617 3109 671 sui
3133 600 3420 677 exercitus
3443 623 3595 680 deci.

864 694 1092 765 Δῃώσας
1153 689 1210 746 δὲ
1262 692 1351 747 καὶ
1401 694 1681 769 τεφρώσας
1739 693 1827 746 καὶ

1966 708 2123 762 nam,
2141 695 2503 749 venerandus
2527 712 2748 769 cruces,
2775 706 2975 773 captas
2998 708 3234 775 quando
3257 709 3592 768 scholarum

163 780 260 842 τὰς
295 780 499 843 λοιπὰς
526 778 715 842 πόλεις
760 787 862 850 τῆς
905 780 1177 849 Κιλικίας,
1222 785 1301 853 τῷ
1333 777 1644 857 Ὀκτωϐρίῳ
1696 783 1827 854 μηνὶ

1966 781 2295 837 lomesticus
2312 784 2889 855 StypelotesTarsum
2906 793 3596 867 obsidensimprudentia

162 876 269 938 τῆς
339 869 561 939 ἐννάτης
633 867 970 935 ίνδικτιῶνος
1042 872 1367 945 ὑπέστρεψεν
1420 871 1496 933 εἷς
1548 878 1824 925 Κωνσταν-

1974 887 2047 925 ua
2076 886 2211 925 cum
2243 873 2404 927 omni
2436 875 2693 931 exercitu
2720 878 2987 937 funditus
3018 883 3245 940 deletus
3276 891 3367 943 est
3399 905 3411 943 :
3446 906 3595 962 quas

162 958 514 1029 τινούπολιν,
565 955 708 1034 ἔχων
774 961 887 1031 μεθ’
942 960 1133 1014 εαυτοῦ
1163 959 1252 1014 καὶ
1310 959 1403 1021 τὰς
1460 966 1562 1029 τῆς
1614 963 1823 1033 Ταρσοῦ

1968 961 2110 1016 tiam
2128 967 2501 1019 sacrosancto
2515 966 2735 1038 templo
2752 969 3024 1026 DeiVerbi
3040 974 3267 1045 Sophiae
3281 955 3588 1037 dedicavit.

160 1048 348 1110 πύλας
400 1048 489 1101 καὶ
545 1047 639 1109 τὰς
694 1054 792 1117 τῆς
844 1048 1045 1140 Μόψου
1096 1048 1307 1120 ἑστίας,
1396 1047 1457 1110 ἂς
1500 1049 1640 1140 ,καί
1690 1052 1882 1123 χρυσῷ
1938 1048 2252 1140 καταστίξας
2310 1046 2501 1119 ἔξωθεν
2560 1052 2811 1127 ἀνάθημα
2865 1061 2932 1131 τῇ
2991 1060 3230 1135 βασιλίδι
3290 1062 3590 1140 διεκομισε,

160 1139 259 1202 ri;
319 1139 414 1219 μὲν
472 1137 607 1192 κατὰ
659 1139 758 1206 τὴν
818 1136 1119 1213 ἀκρόπολιν
1175 1140 1398 1209 στήσας,
1455 1138 1551 1201 τὰς
1602 1136 1659 1193 δὲ
1714 1140 1848 1193 κατὰ
1904 1138 1966 1192 τὸ
2018 1146 2117 1207 τῆς
2172 1140 2391 1213 Χρυσῆς
2444 1140 2653 1216 πόρτης
2701 1151 2906 1221 τεῖχος.
2941 1150 3227 1222 Διεκόμισε
3279 1152 3336 1210 δὲ
3390 1136 3480 1211 καὶ

160 1232 282 1300 Θεῷ
363 1225 536 1301 δῶρον
604 1226 694 1280 καὶ
762 1225 989 1296 δεκάτην
1056 1233 1156 1295 τῆς
1236 1227 1427 1280 ἑαυτοῦ
1508 1225 1786 1301 στρατείας
1864 1225 1992 1289 τοὺς
2072 1225 2619 1300 αἰχμαλωτισθέντας
2699 1234 2914 1305 τιμίους
3000 1240 3281 1313 σταυροὺς,
3352 1225 3588 1315 ὁπηνίκα

162 1317 493 1391 δομέστικος
560 1320 666 1371 τῶν
745 1316 966 1391 σχολῶν
1038 1314 1111 1370 ὢν
1185 1318 1214 1372 ὁ
1291 1317 1642 1387 Στυπειώτης
1718 1316 1807 1371 καὶ
1861 1317 1959 1385 τὴν
2017 1317 2228 1391 Ταρσὸν
2278 1320 2731 1393 παρακαθήμενος
2794 1325 3051 1381 παντελεῖ
3105 1314 3457 1409 πανωλεθρία
3517 1340 3584 1410 τῇ

161 1406 346 1500 οἰκείᾳ
402 1401 640 1478 ἀϐουλίᾳ
693 1401 1038 1470 καθυπὲϐαλε
1085 1405 1153 1462 τὰ
1206 1405 1595 1482 στρατεύματα·
1656 1405 1748 1468 οῦς
1810 1404 1866 1461 δὲ
1930 1406 2019 1461 καὶ
2066 1410 2146 1476 τῷ
2198 1406 2486 1481 πανσὲπτῳ
2512 1411 2723 1482 τεμένει
2752 1420 2851 1481 τῆς
2878 1420 2974 1469 τοῦ
3008 1422 3139 1472 Θεοῦ
3169 1401 3579 1500 Λόγουέόφίας

164 1498 225 1552 ἀν
233 1495 390 1560 ἑθετο
400 1537 412 1550 .

230 1588 329 1656 Τῷ
374 1582 433 1638 δὲ
470 1583 616 1655 αὐτῷ
663 1579 901 1657 δευτέρῳ
946 1589 1046 1651 τῆς
1091 1581 1257 1637 αὐτοῦ
1307 1581 1584 1658 βασιλείας
1642 1583 1832 1657 χρόνῳ

160 1677 188 1730 ὁ
238 1671 562 1750 Νικηφόρος
608 1670 700 1726 καὶ
749 1675 922 1725 πᾶσαν
972 1672 1071 1739 τήν
1119 1678 1281 1740 νῆσον
1332 1670 1546 1747 Κύπρον
1602 1675 1671 1745 τῇ
1723 1676 1830 1726 τῶν

157 1761 455 1835 Ῥωμαίων
516 1761 862 1835 προσήγαγεν
925 1758 1258 1835 ἐπικρατείᾳ,
1317 1761 1443 1822 τοὺς
1502 1759 1834 1834 Ἀγαρηνοὺς

161 1850 444 1911 ἀπελάσας
509 1848 710 1912 ἐκεῖθεν
767 1846 857 1902 διὰ
911 1849 1127 1919 Νικήνα
1182 1847 1471 1923 πατρικίου
1528 1853 1624 1903 τοῦ
1682 1846 1830 1905 Χαλ-

168 690 496 763 πολεμικῶν
544 689 753 745 πλοίων
791 736 803 747 .

2012 1584 2227 1639 Eodem
2296 1588 2555 1643 secundo
2614 1589 2844 1661 imperii
2903 1610 3057 1650 anno
3115 1613 3351 1655 omnem
3407 1603 3588 1661 etiam

1941 1672 2196 1728 insulam
2232 1676 2486 1746 Cyprum
2518 1676 2575 1731 in
2608 1679 3002 1739 Romanorum
3036 1691 3387 1756 potestatem
3420 1693 3587 1751 Nice-

1946 1762 2164 1833 phorus
2188 1764 2428 1835 redegit,
2455 1764 2590 1822 inde
2610 1768 2871 1839 expulsis
2890 1774 3175 1843 Agarenis
3198 1794 3300 1848 per
3327 1780 3589 1840 Nicetam

1946 1851 2258 1922 patricium
2290 1858 2348 1908 et
2377 1859 2680 1925 pratorem
2712 1858 3105 1918 Chalcutzem.

163 1940 403 2010 κούτζη.

234 2033 335 2099 Τῷ
365 2026 424 2083 δὲ
460 2028 641 2103 τρίτῳ,
676 2022 780 2080 ἔτει
838 2032 939 2095 τῆς
977 2023 1257 2101 βασιλείας
1289 2026 1476 2094 αὐτοῦ,
1511 2024 1667 2102 ἔαρος
1712 2025 1830 2081 ἐπι-

2012 2031 2169 2085 864
2200 2031 2395 2088 Tertio
2443 2050 2577 2089 vero
2609 2052 2760 2092 anno
2813 2040 2903 2094 sui
2936 2040 3074 2098 item
3124 2045 3376 2119 imperii,
3409 2068 3593 2125 appe-

164 2119 423 2190 στάντος,
469 2115 635 2172 πάλιν
694 2110 950 2183 εἰσϐολὴν
1018 2114 1311 2185 ἐποιήσατο
1362 2117 1498 2171 κατὰ
1554 2116 1753 2189 Συρίας
1804 2118 1832 2170 ἁ

1967 2123 2099 2175 ente
2129 2135 2281 2189 vere,
2315 2138 2520 2178 rursus
2539 2124 2763 2195 Syriam
2798 2128 3011 2185 invasit
3040 2110 3392 2207 imperator;
3426 2110 3591 2197 culm-

177 2205 463 2282 βασιλεύς.
517 2204 614 2259 Καὶ
658 2199 952 2279 γενόμενος
980 2205 1118 2259 κατὰ
1141 2206 1241 2274 τὴν
1276 2205 1611 2279 Ἀντιόχειαν
1665 2204 1831 2280 ταύτῃ

1966 2225 2057 2280 [ue
2099 2208 2468 2266 Antiochiam
2524 2215 2903 2285 pervenisset,
2950 2199 3145 2291 ipsam
3190 2242 3303 2281 non
3355 2199 3445 2286 est
3494 2250 3592 2302 ag-

178 2298 277 2370 μὲν
335 2295 397 2350 οὐ
442 2288 798 2369 προσέϐαλεν,
844 2291 1068 2354 ἐλπίσας
1120 2291 1259 2366 μηδὶ
1305 2294 1404 2362 τήν
1454 2294 1622 2363 ἀκοὴν
1669 2296 1832 2349 αὐτοῦ

1966 2314 2203 2388 gressus,
2236 2315 2480 2369 sperans
2512 2302 2632 2357 fore
2676 2308 2742 2359 ut
2771 2322 2842 2361 ne
2883 2308 3102 2365 famam
3137 2314 3373 2384 quidem
3405 2288 3593 2388 ipsiqu

170 2385 583 2454 ὖποστήσεσθαι
658 2380 785 2443 τοὺς
855 2382 1157 2457 Ἀντιοχεῖς
1237 2381 1720 2458 ἐκπεπληγμένους
1770 2384 1837 2438 τὰ

170 2476 247 2536 είς
312 2474 409 2535 τὰς
466 2470 657 2533 πόλεις
720 2472 816 2542 τῆς
873 2470 1126 2533 Κιλικίας
1182 2467 1602 2545 συμϐεϐηκότα.
1659 2471 1835 2529 Ἀλλὰ

167 2563 466 2640 παρελθὼν
520 2562 686 2631 αὐτὴν
731 2562 807 2624 εἷς
854 2562 921 2617 τὰ
982 2560 1232 2638 ἐνδότερα
1291 2565 1428 2636 μὲρη
1482 2570 1582 2633 τῆς
1638 2565 1834 2632 Συρίας

168 2655 455 2730 ἐχώρησε,
506 2652 596 2707 καὶ
655 2648 847 2712 πόλεις
895 2649 1111 2715 πολλὰς
1154 2653 1240 2706 καὶ
1302 2651 1489 2727 χώρας
1547 2673 1834 2727 καταστρε-

165 2747 423 2819 ψάμενος
450 2743 588 2816 πρὸς
618 2745 696 2813 τῷ
756 2736 975 2813 Λιϐάνῳ
1005 2740 1257 2813 κειμένας
1304 2742 1391 2797 καὶ
1449 2745 1517 2815 τῇ
1570 2741 1832 2817 παραλίᾳ,

168 2838 249 2905 τῷ
316 2826 635 2907 Δεκεμϐρίῷ
696 2829 828 2902 μηνὶ
890 2828 1236 2905 ὑπέστρεψεν.
1282 2833 1366 2904 [Ρ.
1396 2834 1524 2903 656]
1559 2831 1838 2895 Εὐσθενῶς

177 2920 220 2940 In
306 2925 335 2936 ~
430 2922 442 2945 ν
609 2940 618 2950 ,
659 2919 668 2935 ι
1001 2939 1011 2949 ,
1340 2918 1354 2937 \
1754 2918 1777 2937 κ
1815 2921 1829 2938 κ

173 2938 232 2977 οε
259 2943 379 2976 των
445 2924 750 2995 Αντιοχεων
811 2915 1270 2994 προσδεχομένων
1303 2939 1393 2973 τον
1452 2919 1697 2992 πόλεμον
1750 2932 1839 2975 etot

171 3012 234 3066 τὸ
289 3009 546 3065 πλεῖστον
602 3007 730 3063 λαὸν
790 3005 849 3061 ἰκ
903 3013 1003 3076 τῆς
1052 3004 1387 3082 περιοικίδος
1448 3007 1708 3072 εἶσελθεῖν
1765 3009 1839 3071 είς

168 3102 273 3170 τὴν
332 3099 494 3154 πόλιν
553 3096 641 3152 ἐπὶ
694 3095 939 3172 βοηθείᾳ,
993 3094 1426 3151 ἐπιλελοιπότων
1487 3094 1545 3151 δὲ
1594 3098 1682 3152 καὶ
1729 3102 1836 3153 τῶν

172 3187 488 3265 ἀναγκαίων
536 3190 616 3259 τῷ
670 3187 967 3259 Ῥωμαϊκῷ
1024 3188 1276 3259 στρατῷ,
1334 3187 1579 3260 γεοὲσθαι
1639 3185 1696 3241 δὲ
1751 3187 1841 3242 καὶ

173 3276 366 3351 τὲλμα
422 3275 758 3346 ἀδιεξίτητον
814 3272 1020 3353 ἐκ-Δντοῦ
1068 3272 1241 3329 πολὺν
1294 3269 1502 3349 ὄμϐρον
1558 3275 1843 3349 οὐρανόθεν

175 3364 613 3442 καταρραγῆναι,
678 3362 1034 3439 ὑπεχώρησεν
1076 3360 1346 3437 ἄπρακτος
1396 3364 1486 3418 καὶ
1532 3365 1630 3432 τήν
1686 3365 1838 3439 βασι-

176 3424 637 3522 λίδαικατὲλαϐε,
693 3424 869 3527 φὲρῖυν
933 3452 1048 3524 μεθ’
1107 3452 1297 3506 ἑαυτοῦ
1344 3453 1435 3507 καὶ
1491 3453 1583 3507 τὸν
1638 3424 1838 3528 ἔχοντα
1868 3424 1910 3493 C

174 3543 602 3619 ἀχειρότευκτον
635 3539 936 3613 ἐκτύπωμα
962 3546 1068 3609 τῆς
1106 3547 1320 3618 μορφῆς
1351 3545 1447 3594 τοῦ
1486 3543 1720 3615 Χριστοῦ
1748 3544 1837 3599 καὶ

172 3636 313 3688 Θεοῦ
347 3634 507 3704 ἡμῶν
536 3631 796 3705 κέραμον,
857 3629 916 3683 δν
966 3628 1114 3703 εὗρεν
1167 3627 1218 3683 ἐν
1270 3630 1408 3705 Ἱερᾷ
1445 3628 1604 3685 πόλει
1636 3632 1834 3702 ταύτην

172 3718 572 3795 πεπορθηκὼς,
603 3717 693 3773 καὶ
718 3723 827 3773 τῶν
859 3722 1067 3792 τριχῶν
1098 3722 1195 3772 τοῦ
1234 3719 1541 3775 Βαπτιστοῦ
1586 3721 1837 3778 Ἰωάννου

179 3810 495 3885 βόστρυχον
528 3804 621 3862 ἕνα
648 3804 1024 3879 πεπιλημένον
1054 3807 1267 3880 αἳματι.

243 3902 510 3959 Τοιοῦτος
545 3894 590 3952 δ’
635 3894 710 3950 ὢν
759 3897 788 3951 ὁ
837 3895 1172 3971 Νικηφόρος,
1205 3896 1293 3951 καὶ
1324 3896 1596 3959 τοιαύταις
1625 3900 1837 3975 χρησά-

179 4009 348 4062 μενος
406 3986 776 4062 στρατηγίαις,
827 3984 916 4040 καὶ
976 3984 1063 4039 ἐπὶ
1121 3990 1377 4042 τοσοῦτον
1438 3988 1506 4041 τὰ
1554 3988 1839 4061 Ῥωμαίων

176 4078 425 4147 αὐξήσας
468 4075 758 4150 πράγματα
831 4073 1082 4150 (κατέσχε
1138 4075 1240 4149 γὰρ
1287 4075 1455 4130 πλίον
1511 4080 1617 4131 τῶν
1651 4078 1836 4132 ὶκατὸν

177 4166 406 4222 πόλεων
454 4166 544 4219 καὶ
597 4163 830 4241 φρούρια
886 4162 1135 4225 Κιλικίας
1178 4184 1270 4232 τε,
1319 4166 1408 4220 καὶ
1472 4164 1692 4239 Συρίας,
1748 4167 1838 4221 καὶ

177 4255 452 4325 Φοινίκης
505 4248 850 4323 Λιϐανησίας,
911 4253 984 4306 ὧν
1052 4251 1277 4327 μέγιστα
1317 4254 1406 4308 καὶ
1463 4253 1839 4327 ἐπισημότατα

176 4350 210 4417 ἡ
247 4338 587 4418 Α’ναζαρϐος
615 4344 727 4416 (15)
770 4342 860 4397 καὶ
905 4343 939 4411 ἠ
973 4338 1197 4411 ”Αδανα,
1255 4344 1289 4412 ἡ
1350 4343 1542 4417 Μόψου
1581 4343 1745 4414 ἱστία,
1801 4349 1834 4415 ἡ

176 4435 423 4511 Ταρσὸς,
473 4433 535 4487 τὸ
591 4433 830 4506 Παγρὰς,
888 4431 952 4485 τὸ
986 4432 1298 4505 Συννὲφιον,
1347 4434 1383 4501 ἡ
1435 4431 1744 4502 Λαοδίκεια,
1774 4436 1836 4490 τὸ

176 4527 404 4593 Χάλεπ,
449 4517 598 4577 ἔθετο
629 4518 688 4575 δὲ
741 4520 830 4576 καὶ
883 4519 1193 4596 ὑποφόρους
1243 4522 1342 4590 τήν
1391 4542 1448 4575 τε
1489 4520 1540 4575 ἐν
1602 4524 1832 4599 Φοινίκῃ

173 4612 447 4690 Τρίπολιν
478 4610 566 4665 καὶ
623 4611 722 4678 τήν
782 4609 1111 4682 Δαμασκὸν),
1163 4608 1317 4682 ὅμως
1366 4611 1595 4682 μισητὸς
1626 4610 1834 4687 ἐγένετο

176 4703 330 4779 παρά
359 4700 558 4762 παντὸς
587 4699 897 4770 ἀνθρώπου,
929 4698 1018 4754 καὶ
1049 4698 1238 4761 πάντες
1268 4695 1463 4773 ἐδίψων
1508 4702 1609 4769 τήν
1639 4702 1833 4758 τούτου

1944 2386 2303 2441 sustinerent
2331 2390 2775 2462 Antiochenses,
2811 2396 3071 2454 deterriti
3121 2401 3195 2457 iis
3226 2420 3352 2475 quae
3382 2386 3592 2465 Ciliciae

1944 2475 2191 2530 urbibus
2225 2476 2594 2548 acciderant;
2630 2483 2730 2537 sed
2763 2483 2948 2555 ipsam
2982 2491 3319 2558 praeteriens
3348 2495 3408 2550 in
3442 2497 3594 2553 inte-

1943 2564 2125 2620 riores
2156 2565 2332 2637 Syria)
2356 2572 2549 2637 partes
2574 2571 2865 2640 profectus
2883 2580 2992 2646 est,
3009 2578 3327 2650 multisque
3347 2586 3591 2643 urbibus

1944 2657 2002 2708 et
2031 2653 2189 2725 agris
2211 2654 2282 2708 ad
2315 2655 2603 2712 Libanum
2627 2664 2684 2714 et
2708 2663 3007 2720 maritima
3036 2666 3161 2723 loca
3193 2671 3321 2727 sitis
3342 2672 3398 2727 in
3422 2692 3590 2731 suam

1944 2745 2292 2813 potestatem
2343 2745 2619 2813 redactis,
2676 2765 2876 2807 mense
2906 2753 3212 2813 Decembri
3256 2762 3448 2818 rediit.
3481 2766 3590 2820 Sed

1946 2831 2178 2923 {ortiter
2200 2832 2421 2923 bellum
2454 2836 2884 2897 sustinentibus
2912 2843 3311 2919 Antiochenis,
3337 2855 3492 2923 quod
3526 2870 3595 2909 ex

1946 2919 2215 2974 ﬁnitimis
2248 2922 2387 2976 locis
2410 2924 2608 2979 multa:
2639 2936 2838 2997 gentes
2856 2930 2913 2984 in
2934 2934 3137 2989 urbem
3171 2953 3233 2994 se
3255 2919 3597 3012 receperant

1950 3012 2015 3064 ut
2047 3009 2191 3079 ipsis
2222 3027 2390 3081 opem
2424 3013 2659 3081 ferrent,
2696 3022 2753 3072 et
2783 3027 3111 3078 commeatu
3146 3009 3405 3085 Romano
3435 3047 3595 3089 exer-

1950 3096 2090 3153 citui
2150 3099 2453 3156 deﬁciente
2511 3102 2779 3176 factoque
2827 3108 3050 3179 ingenti
3100 3130 3280 3183 coeno,
3332 3121 3474 3176 adeo
3536 3129 3598 3178 ut

1949 3186 2187 3276 transiri
2221 3205 2335 3243 non
2377 3196 2577 3260 posset
2621 3200 2861 3267 propter
2909 3201 3160 3257 multam
3193 3222 3320 3276 quae
3353 3209 3422 3264 de
3450 3212 3595 3268 caalo

1951 3274 2245 3331 deciderat
2275 3277 2553 3353 pluviam,
2588 3299 2648 3338 re
2678 3284 2891 3341 infecta
2938 3290 3010 3344 ad
3044 3274 3261 3363 regiam
3296 3297 3499 3355 urbem
3533 3319 3596 3358 se

1950 3366 2188 3437 recepit,
2221 3383 2421 3423 secum
2471 3371 2771 3429 adducens
2802 3375 2977 3432 ollam
3020 3397 3145 3450 quas
3190 3383 3442 3443 habebat
3470 3391 3593 3445 effi-

1948 3453 2101 3525 giem
2136 3472 2248 3510 non
2294 3473 2471 3513 manu
2521 3460 2736 3517 factam
2788 3465 2988 3523 formae
3017 3468 3231 3527 Christi
3281 3478 3337 3530 et
3367 3476 3468 3533 Dei
3499 3496 3597 3534 no-

1948 3544 2425 3635 striimaginem,
2459 3565 2636 3619 quam
2665 3551 2956 3626 Hierapoli
2986 3575 3020 3613 a
3051 3576 3113 3615 se
3144 3572 3475 3635 expugnata
3505 3585 3596 3624 re-

1947 3632 2119 3723 perit,
2152 3638 2210 3690 et
2240 3635 2588 3706 capillorum
2620 3639 2866 3698 Joannis
2892 3645 3165 3718 Baptista:
3197 3632 3424 3723 partem
3453 3674 3596 3713 san-

1946 3722 2125 3792 guine
2157 3729 2510 3781 concretam.

2019 3900 2285 3973 Cumque
2314 3903 2451 3959 talis
2495 3910 2650 3963 esset
2696 3909 3058 3982 Nicephorus
3090 3932 3154 3971 ac
3201 3917 3420 3977 talibus
3450 3939 3596 3981 usus

1948 3989 2273 4082 honoribus
2320 3997 2376 4049 et
2424 3995 2660 4052 functus
2705 4001 3175 4073 magistratibus,
3211 4009 3472 4082 adeoque
3502 4031 3595 4071 res

1948 4080 2204 4135 auxisset
2234 4083 2626 4141 Romanorum
2675 4089 2912 4155 (etenim
2963 4094 3138 4150 urbes
3169 4080 3425 4169 amplius
3457 4119 3592 4158 cen-

1946 4172 2071 4224 tum
2104 4170 2256 4242 cepit
2299 4176 2356 4227 et
2400 4174 2616 4246 oppida
2666 4177 2899 4251 Ciliciae,
2931 4186 2989 4237 et
3034 4184 3234 4256 Syrias,
3267 4193 3324 4243 et
3362 4190 3592 4248 Phaeni-

1946 4258 2068 4328 ciaa,
2093 4263 2148 4314 et
2168 4260 2433 4333 Banisiae,
2459 4280 2707 4333 quorum
2729 4270 2983 4326 maxima
3003 4277 3060 4328 et
3080 4276 3450 4336 nobilissima
3473 4281 3596 4340 haao

1946 4352 2132 4415 erant,
2164 4350 2524 4422 Anazarbus,
2559 4355 2779 4422 Adana,
2812 4362 3187 4433 Mopsuestia,
3210 4368 3453 4438 Tarsus,
3485 4372 3590 4427 Ps.-

1946 4453 2102 4508 gras,
2135 4440 2561 4511 Synnephium,
2598 4444 2904 4516 Laodicea,
2936 4449 3256 4525 Chalepum
3287 4475 3306 4512 .·
3338 4458 3589 4515 tributa-

1945 4526 2090 4581 riam
2108 4528 2259 4584 865
2275 4546 2508 4602 quoque
2521 4532 2631 4587 sibi
2644 4533 2781 4590 fecit
2794 4537 3054 4610 Tripolin
3066 4542 3369 4601 Phoenicia!
3385 4548 3590 4605 urbem

1944 4619 2001 4670 et
2028 4616 2422 4691 Damascum),
2442 4620 2831 4682 nihilominus
2852 4632 3049 4685 tamen
3082 4634 3354 4690 omnibus
3377 4636 3489 4691 fuit
3509 4638 3596 4694 in.

1944 4704 2106 4760 visus
2120 4705 2553 4778 hominibus,ac
2576 4728 2746 4769 nemo
2769 4732 2881 4771 non
2907 4719 3381 4793 cupiebatipsius
3397 4724 3592 4785 videre

176 4792 471 4855 ϐιάσασθαι
498 4791 897 4867 καταστροφήν.
928 4788 1031 4850 Τὰς
1072 4786 1129 4843 δὲ
1175 4786 1348 4850 αἰτίας
1399 4788 1767 4863 ἀπαριθμήσει
1808 4795 1832 4848 ὁ

1971 4798 2271 4854 nteritum.
2302 4800 2580 4858 Odiorum
2607 4820 2817 4862 causas
2843 4824 2949 4864 suo
2982 4809 3105 4865 loco
3136 4828 3516 4883 exponemus.

176 4880 349 4955 λόγος
382 4878 434 4933 ἐν
465 4879 635 4953 καίρῷ
662 4883 740 4952 τῷ
769 4879 1123 4954 προσήκοντι.

247 4970 631 5044 Ὑποστρὲφων
682 4966 727 5023 δ’
784 4970 812 5024 ὁ
870 4966 1182 5045 Νικηφόρος
1227 4964 1279 5037 ἐξ
1306 4968 1644 5043 Ἀντιοχείας
1698 4971 1834 5046 πρὸς

172 5063 277 5129 τὴν
317 5054 595 5134 βασιλίδα,
626 5056 676 5112 ἐν
708 5061 786 5129 τῷ
824 5054 1126 5133 διίρχεσθαι
1157 5057 1250 5112 τὸν
1277 5060 1508 5132 Ταῦρον,
1542 5056 1572 5111 ὅ
1620 5063 1836 5133 Μαῦρον

173 5150 308 5224 ὅρος
341 5147 629 5223 ἐγχωρίως
663 5147 899 5223 λέγεται,
952 5146 1209 5224 φρούριον
1242 5147 1376 5203 κατὰ
1404 5148 1466 5202 τὸ
1518 5149 1677 5221 μέσον
1737 5154 1832 5204 τοῦ

172 5237 341 5315 ὅρους
370 5235 752 5311 δομησάμενος
781 5233 832 5292 ἔν
862 5257 971 5292 τινι
998 5236 1152 5315 λόφῳ
1199 5235 1564 5313 ἐρυμνοτάτῳ,
1598 5237 1829 5314 Μιχαὴλ

2014 4975 2323 5032 Antiochia
2372 4984 2666 5037 revertens
2715 4983 3097 5057 Nicephorus,
3139 4989 3276 5046 dum
3327 4993 3591 5055 Taurum

1944 5070 2206 5120 montem
2236 5067 2465 5136 (incolas
2500 5069 2776 5127 Maurum
2808 5076 3037 5148 vocant)
3060 5081 3292 5150 transit,
3314 5082 3374 5137 in
3397 5088 3591 5144 medio

1942 5153 2069 5222 ejus
2082 5154 2390 5211 castellum
2414 5158 2611 5213 condit
2631 5158 2691 5213 in
2714 5160 2859 5216 colle
2872 5165 3298 5237 munitissimo;
3324 5171 3383 5225 in
3407 5188 3593 5245 eoque

1941 5242 2575 5301 MichaelumBurtzam
2596 5249 2839 5318 patricia
2856 5260 3128 5312 ornatum
3152 5256 3434 5331 dignitate
3457 5242 3590 5319 reli-

1370 5408 1729 5465 XYLANDRI
1770 5410 1862 5466 ET
1902 5411 2124 5468 GOARI
2166 5412 2397 5471 NOT/E.

239 5538 359 5607 (15)
391 5540 497 5592 Pro
548 5535 845 5592 Anabarza
890 5536 1235 5609 Anamerm
1284 5534 1559 5609 legerem.
1611 5542 1667 5591 et
1700 5538 1827 5592 Dri-

168 5610 332 5665 zium
364 5609 520 5682 apud
552 5609 836 5665 Zonaram
869 5612 956 5664 est
1004 5608 1332 5664 Drizibium.
1354 5608 1505 5665 Post
1534 5609 1829 5685 defectum

1938 5539 2709 5633 enumeratio‘est'urbi‘um,
2744 5564 2892 5633 quas
2925 5552 2996 5606 de
3035 5556 3317 5627 Agarenis
3349 5576 3589 5633 recupe-

1941 5611 2093 5667 ravit
2120 5628 2187 5667 eo
2219 5611 2370 5669 bello
2402 5611 2782 5689 Nicephorus.
2817 5623 2959 5678 XYL.
