3966 6134
242 354 245 357 ·
331 328 413 392 99
1683 317 1999 381 GEORGII
2040 318 2380 382 CEDRENI

3626 331 3752 394 {00

333 461 481 535 quit,
513 457 819 533 praesidem
850 466 983 512 eum
1013 454 1200 510 Mauri
1224 452 1443 509 montis
1464 451 1783 524 appellans,
1808 467 1899 505 ma

2178 450 2505 539 'VBO'5PTC'QV
2577 454 2859 532 πατρίκιον
2916 459 3156 532 τιμήσας
3231 459 3283 515 ἐν
3353 461 3435 533 τῷ
3490 463 3744 539 φρουρίῳ

332 554 467 606 dato
499 554 565 605 ut
594 548 908 620 diligenter
932 544 1263 617 invigilaret
1294 542 1797 611 Antiochenosque
1818 540 1978 596 omni

330 656 505 711 opera
517 639 673 693 exitu
691 642 749 692 et
766 636 940 692 rebus
957 633 1303 690 necessariis
1324 631 1601 703 parandis
1622 631 1974 701 prohiberet.

333 728 566 782 Petrum
598 740 831 796 quoque
861 724 1203 793 spadonem,
1238 736 1421 775 unum
1457 721 1528 774 de
1560 719 1683 774 suis
1714 717 1975 785 famulis,

330 816 626 870 hominem
662 812 1334 882 strenuum,przefectum
1353 814 1676 864 castrorum
1702 807 1761 862 in
1779 806 1979 861 Cilicia

330 910 509 975 creat,
533 905 820 975 jubetque
859 902 1177 956 exercitum
1228 900 1287 953 in
1332 898 1580 954 hiberna
1604 896 1975 966 distribuere,

332 1009 624 1065 suumque
678 993 989 1047 adventum
1037 990 1382 1060 insequente
1431 1003 1583 1043 anno
1631 985 1972 1059 praestolari.

335 1086 547 1139 Ferunt
599 1080 861 1153 potuisse
925 1095 1060 1133 eum
1118 1079 1304 1148 primo
1379 1092 1613 1131 accessu
1668 1074 1979 1130 Antiochia

330 1168 528 1244 potiri,
561 1170 661 1226 sed
697 1168 980 1233 noluisse,
1009 1183 1076 1222 ac
1098 1166 1290 1220 dedita
1322 1181 1497 1236 opera
1526 1163 1827 1219 distulisse
1847 1165 1977 1235 ejus

330 1260 849 1333 recuperationem,
900 1256 1054 1327 quod
1105 1256 1163 1310 in
1210 1270 1308 1310 ore
1352 1254 1615 1310 omnium
1666 1253 1972 1325 hominum

327 1357 483 1407 esset
512 1349 604 1407 hic
635 1364 856 1414 rumor,
888 1351 1122 1417 recepta
1148 1344 1456 1399 Antiochia
1484 1344 1685 1398 statim
1718 1343 1971 1415 impera-

330 1450 508 1496 torem
568 1439 885 1494 obiturum.
940 1436 1017 1489 Eo
1067 1433 1347 1488 nimirum
1396 1448 1664 1488 sermone
1709 1432 1971 1497 territus,

328 1546 516 1593 neque
546 1529 671 1597 ipse
716 1524 1083 1580 Antiochiam
1124 1523 1384 1587 tentavit,
1428 1527 1485 1577 et
1531 1527 1696 1577 Petro
1729 1539 1795 1575 ac
1829 1522 1970 1575 Bur-

325 1624 433 1673 tzee
455 1615 751 1671 mandavit
779 1629 849 1669 ne
869 1629 992 1669 eam
1011 1616 1439 1684 oppugnarent.
1464 1611 1773 1666 Enimvero
1795 1611 1971 1666 rebus

325 1709 407 1762 ita
428 1712 493 1762 ut
513 1702 901 1761 memoratum
923 1708 1013 1758 est
1033 1702 1392 1769 constitutis,
1417 1701 1777 1771 Nicephorus
1797 1700 1857 1755 in
1881 1716 1971 1755 ur-

328 1798 456 1851 bem
478 1795 668 1851 rediit.
688 1799 759 1847 At
778 1799 1016 1847 Burtzas
1033 1792 1353 1847 Antiochiae
1371 1791 1523 1846 866
1537 1790 1783 1857 vicinus,
1806 1793 1936 1860 post
1954 1822 1961 1827 -

322 1887 524 1941 habito
554 1882 920 1955 imperatoris
950 1885 1254 1953 praecepto,
1280 1884 1480 1935 noctes
1502 1880 1746 1950 diesque
1769 1880 1839 1933 de
1866 1895 1966 1931 ur-

321 1976 392 2030 be
408 1992 475 2029 ea
496 1972 835 2043 occupanda
856 1971 1170 2041 cogitabat,
1187 1969 1342 2040 quod
1370 1968 1479 2023 hoc
1504 1976 1667 2039 pacto
1689 1972 1964 2023 aeternam

320 2081 384 2119 se
414 2063 661 2135 gloriam
681 2064 1133 2115 consecuturum
1152 2058 1447 2129 sperabat.
1474 2058 1679 2128 Itaque
1702 2058 1967 2127 frequen-

318 2157 408 2208 ter
435 2168 502 2207 eo
531 2150 737 2215 itabat,
768 2153 824 2203 et
852 2143 1246 2202 Antiochenos
1276 2148 1347 2201 ad
1378 2146 1844 2217 pacificationem
1877 2145 1963 2199 in-

315 2242 559 2308 vitabat,
593 2241 935 2309 arroganter
961 2252 1089 2292 eam
1119 2239 1519 2306 aspernantes.
1562 2234 1799 2289 Interim
1829 2249 1963 2288 cum

318 2332 604 2386 Saraceno
637 2328 890 2400 quodam
940 2323 1150 2397 (Aulax
1180 2325 1230 2380 is
1261 2324 1596 2395 vocabatur)
1642 2323 1963 2377 amicitiam

316 2419 625 2487 contrahit,
660 2419 732 2472 ab
765 2432 945 2486 eoque
976 2414 1320 2470 muneribus
1351 2419 1409 2469 et
1439 2412 1962 2485 pollicitationibus

314 2514 587 2579 corrupto
617 2521 954 2562 mensuram
982 2504 1159 2559 turris
1190 2502 1568 2579 occidentalis
1600 2502 1777 2557 unius
1810 2501 1962 2564 (Gala

316 2598 367 2653 ei
400 2613 611 2653 nomen
644 2596 780 2663 fuit)
822 2594 1063 2649 obtinet.
1116 2594 1257 2662 Ejus
1305 2591 1520 2648 auxilio
1552 2590 1740 2645 scalas
1785 2590 1960 2645 fabri-

314 2692 481 2742 catus
513 2702 638 2757 quae
672 2685 742 2739 ad
796 2699 1033 2739 summa
1061 2681 1243 2736 turris
1283 2681 1698 2753 pertingerent,
1734 2684 1958 2734 noctem

312 2777 623 2831 obscuram
655 2779 831 2844 atque
862 2771 1119 2843 pluviam
1152 2769 1544 2840 praestolatus,
1578 2785 1681 2841 per
1701 2784 1828 2824 eam
1861 2785 1956 2823 oc-

313 2864 477 2919 culte
501 2862 691 2918 scalas
714 2861 865 2916 turri
886 2860 1157 2931 applicat,
1177 2863 1233 2912 et
1262 2875 1395 2913 cum
1418 2856 1695 2912 trecentis
1717 2874 1957 2912 suorum

309 2956 375 3008 in
404 2968 532 3008 eam
579 2949 865 3006 ascendit.
918 2949 1106 3019 Hujus
1154 2965 1220 3002 ac
1252 2949 1523 3019 proximae
1573 2947 1747 3001 etiam
1778 2947 1959 3001 turris

310 3043 584 3098 custodes
597 3038 880 3093 trucidat:
897 3038 1093 3108 itaque
1114 3036 1621 3091 duabusturrihus
1635 3034 1957 3106 occupatis,

311 3133 493 3187 misso
525 3129 733 3186 nuntio
765 3129 1017 3195 Petrum,
1053 3141 1227 3199 quem
1255 3131 1583 3181 castrorum
1617 3125 1953 3197 praefectum

2086 538 2383 626 κατέλιπε,
2446 546 2747 619 στρατηγὸν
2794 543 3066 620 ὀνομάσας
3115 552 3306 603 τοῦτον
3370 554 3465 604 τοῦ
3512 538 3745 626 Μαύρου

2086 624 2293 699 ὅρους,
2348 629 2651 706 ἐπισκήψας
2724 634 3050 710 προσμένειν
3126 636 3412 713 ἆγρύπνως
3469 641 3557 694 καὶ
3613 624 3745 703 τοὺς

2088 717 2396 793 Ἀντιοχεῖς
2465 722 2607 795 πάσῃ
2676 728 2903 798 μηχανῇ
2978 724 3210 781 κωλύειν
3286 727 3477 800 ἐξιέναι
3534 730 3629 783 καὶ
3676 731 3749 785 τὰ

2085 807 2221 881 πρὸς
2256 809 2400 877 ζωὴν
2432 809 2826 882 εἰσκομίζεσθαι
2886 812 3186 884 ἐπιτήδεια.
3222 816 3487 872 Κατέλιπε
3538 817 3598 873 δὲ
3645 820 3741 874 καὶ

2086 897 2286 970 Πέτρον
2316 896 2409 953 ἕνα
2436 904 2545 954 τῶν
2578 901 2768 957 ἑαυτοῦ
2801 902 3101 979 εὐνούχων,
3162 902 3357 959 δοῦλον
3393 908 3746 984 ὑπάρχοντα,

2085 982 2409 1063 δραστήριον
2443 987 2746 1066 ἄνθρωπον,
2781 991 2837 1046 ὅν
2871 990 2927 1048 δὲ
2960 993 3049 1048 καὶ
3105 982 3587 1072 στρατοπεδάρχην
3618 1001 3741 1072 (16)

2083 1074 2379 1147 πεποίηκεν
2438 1077 2488 1132 ἐν
2551 1079 2797 1152 Κιλικίᾳ,
2833 1080 2910 1145 εἷς
2941 1084 3378 1160 παραχειμασίαν
3428 1086 3519 1140 τὸν
3580 1107 3744 1161 στρα-

2082 1166 2174 1221 τὸν
2234 1164 2613 1243 διασκορπίσαι
2665 1169 2970 1241 κελεύσας,
3036 1174 3123 1227 καὶ
3184 1175 3280 1242 τὴν
3329 1174 3493 1230 αὑτοῦ
3556 1177 3740 1249 μένειν

2084 1254 2160 1316 εἷς
2190 1256 2415 1311 τούπιὸν
2475 1255 2593 1319 ἔτος
2650 1257 2877 1314 ἔλευσιν.
2911 1259 3160 1336 Ἐλέγετο
3220 1260 3265 1317 δ’
3318 1265 3400 1318 δτι
3433 1262 3741 1339 δυνάμενος

2084 1343 2135 1414 ἐξ
2168 1342 2362 1421 ἐφόδου
2428 1345 2565 1401 ἐκεῖν
2594 1349 2694 1417 τήν
2726 1348 3061 1425 Ἀντιόχειαν
3113 1353 3141 1405 ὁ
3192 1351 3444 1428 βασιλεὺς
3479 1354 3578 1409 ούκ
3607 1358 3741 1425 ἠθε-

2084 1433 2268 1503 λησεν,
2300 1433 2427 1489 ἀλλ’
2457 1434 2763 1509 ἐξεπίτηδες
2811 1438 3072 1514 παρεῖλκε
3119 1441 3206 1495 καὶ
3257 1438 3585 1517 παρεϐίϐαζε
3636 1446 3736 1513 τὴν

2078 1522 2279 1593 ταύτης
2326 1526 2674 1599 κατάσχεσιν,
2725 1523 2914 1590 δεδιὼς
2959 1529 3051 1583 τὸν
3109 1531 3483 1606 φημιζόμενον
3537 1531 3735 1609 λόγον’

2078 1611 2170 1664 καὶ
2224 1613 2325 1687 γὰρ
2383 1610 2448 1682 δὴ
2508 1615 2600 1668 καὶ
2659 1613 2713 1669 ἐν
2760 1620 2879 1678 τοῖς
2908 1617 3157 1672 ἁπάντων
3190 1618 3407 1694 ἐφέρετο
3466 1622 3735 1694 στόμασιν

2079 1700 2154 1763 ὡς
2182 1697 2294 1774 ἅμα
2322 1706 2389 1775 τῇ
2423 1702 2620 1757 ἁλώσει
2652 1711 2753 1774 τῆς
2784 1702 3003 1767 πόλεως
3034 1708 3372 1782 Ἀντιοχείας
3416 1711 3507 1764 καὶ
3556 1712 3584 1765 ὁ
3645 1713 3740 1786 βα-

2077 1788 2257 1876 σιλεὺς
2313 1792 2667 1861 τεθνήξεται.
2729 1792 2953 1865 Ἀμέλει
3010 1796 3099 1849 καί
3156 1801 3237 1868 τῷ
3286 1798 3522 1871 τοιούτῳ
3579 1798 3739 1876 λόγῳ

2078 1875 2486 1952 δειλαινόμενος
2536 1879 2648 1935 οὔτ’
2677 1881 2835 1944 αὐτὸς
2874 1882 3248 1959 προσεπέλασε
3293 1908 3360 1963 τῃ
3420 1875 3741 1965 Ἀντιοχείᾳ

2074 1967 2163 2021 καὶ
2219 1971 2298 2039 τῷ
2356 1967 2543 2044 Πέτρῳ
2577 1967 2633 2023 δὲ
2662 1971 2752 2024 καὶ
2777 1976 2856 2043 τῷ
2906 1972 3150 2048 Βούρτζῃ
3202 1977 3537 2051 παρήγγειλε
3571 1977 3737 2051 μηδε-

2078 2056 2202 2130 μίαν
2232 2052 2550 2131 προσϐολήν
2601 2062 2926 2130 ποιήσασθαι
2971 2064 3086 2116 κατ’
3145 2062 3332 2133 αὐτῆς.
3384 2064 3542 2122 Ἀλλ’
3587 2067 3734 2123 ἐκεῖ·

2074 2168 2165 2209 νος
2200 2147 2295 2219 μὶν
2324 2150 2491 2201 ταῦτα
2535 2149 3031 2223 καταστησάμενος,
3084 2151 3158 2213 ὡς
3205 2149 3427 2227 εἷ’πομεν
3461 2156 3546 2229 [Ρ.
3573 2158 3737 2233 65η,

2076 2234 2290 2290 εἷ’σεισιν
2342 2235 2420 2299 εἷς
2474 2236 2572 2304 τὴν
2647 2236 3060 2311 βασιλεύουσανυ
3118 2241 3146 2294 ὁ
3208 2242 3487 2317 Βούρτζης
3542 2241 3603 2299 δὲ
3662 2250 3734 2319 τῇ

2074 2323 2381 2399 Ἀντιοχείᾳ
2426 2329 2684 2398 γειτονῶν
2716 2326 2806 2379 καὶ
2846 2325 3005 2389 κλέος
3037 2329 3210 2402 ἑαυτῷ
3256 2326 3510 2386 ἄσϐεστον
3572 2355 3734 2410 περι-

2072 2416 2396 2485 ποιήσασθαι
2455 2416 2827 2491 ἱμειρόμενος,
2889 2419 3055 2494 μικρὰ
3107 2421 3394 2498 φροντίσας
3450 2428 3560 2478 τῶν
3618 2431 3726 2480 τοῖ’)

2076 2502 2341 2578 βασιλέως
2376 2504 2690 2575 ὑποθηκῶν,
2741 2506 2950 2581 νύκτωρ
3005 2507 3095 2563 καὶ
3157 2512 3273 2584 μεθ’
3327 2513 3541 2587 ἡμέραν
3574 2512 3735 2569 ἐσκέ-

2069 2612 2231 2647 πτετο
2289 2590 2343 2646 εἷ’
2386 2592 2501 2655 πῶς
2535 2591 2789 2664 δυνηθεὶη
2838 2604 3125 2672 κατασχεῖν
3183 2601 3282 2669 τήν
3314 2599 3495 2660 πόλιν.
3525 2603 3732 2677 Ἀπῄει

2071 2680 2161 2735 οὖν
2189 2686 2430 2755 συνεχῶς
2463 2682 2552 2736 καὶ
2585 2681 2781 2757 λόγους
2836 2686 2969 2756 μετὰ
3014 2691 3119 2741 τῶν
3181 2689 3501 2764 Ἀντιοχέων
3560 2691 3731 2749 ἐκίθει

2069 2765 2466 2839 συμϐατικούς.
2527 2770 3032 2846 ’Δλαζονευομὲνων
3102 2774 3148 2830 δ’
3205 2776 3417 2834 ἐκείνων
3476 2781 3569 2836 καὶ
3628 2785 3732 2845 τὰς

2068 2851 2361 2931 συμϐάσεις
2432 2857 2833 2934 διωθουμένων,
2897 2859 3084 2918 ἔλαθεν
3164 2866 3365 2922 ἐκεῖνος
3436 2867 3735 2946 φιλιωθείς

2066 2970 2173 3002 τινι
2203 2952 2308 3002 τῶν
2345 2954 2672 3025 Σαρακηνῶν
2706 2949 2908 3023 (Αὕλαξ
2940 2949 3095 3016 οὗτος
3150 2956 3261 3029 ἦν),
3310 2958 3367 3011 ὅν
3404 2958 3734 3035 ὑποκλέψας

2069 3035 2267 3112 δώροις
2310 3038 2398 3092 καὶ
2433 3040 2781 3114 ὑποσχέσεσιν
2814 3038 3009 3116 ἴσχυσε
3040 3038 3226 3098 λαϐεῖν
3259 3046 3319 3100 τὸ
3361 3046 3559 3121 μέτρον
3604 3050 3731 3115 ἑνὸς

2064 3131 2170 3181 τῶν
2212 3127 2348 3203 πρὸς
2398 3125 2545 3181 δύσιν
2596 3135 2695 3197 τῆς
2743 3130 3085 3206 Ἀντιοχείας
3130 3133 3352 3209 πύργων
3400 3135 3550 3192 Κάλα
3603 3138 3735 3195 τοῦ-

310 3222 593 3287 diximus,
625 3220 895 3274 hortatur
925 3222 989 3272 ut
1031 3215 1295 3271 celeriter
1325 3230 1456 3269 cum
1508 3214 1668 3270 omni
1699 3215 1876 3269 exerci

2167 3238 2225 3274 ,α.
2259 3218 2355 3271 Καὶ
2419 3217 2554 3290 μετὰ
2601 3218 2802 3274 τούτου
2831 3193 3229 3295 τεκτηνάμενος
3255 3193 3533 3297 κλίμακας
3586 3230 3733 3303 πρὸς

309 3309 683 3382 superveniat
713 3306 841 3362 urbi
870 3308 992 3375 jam
1021 3310 1220 3376 captae.
1256 3303 1481 3369 Petrus,
1505 3304 1610 3358 etsi
1642 3304 1809 3359 initio
1839 3306 1953 3357 ter-

307 3398 729 3469 giversabatu'r,
748 3394 1213 3467 indignationem
1232 3392 1605 3463 imperatoris
1630 3393 1867 3461 veritus,
1889 3409 1953 3447 ac

308 3492 579 3544 metuens
603 3502 673 3542 ne
696 3484 883 3557 ipsius
902 3484 1177 3539 mandato
1195 3482 1406 3537 violato
1427 3482 1539 3536 sibi
1561 3482 1950 3536 infortunium

308 3580 563 3650 pararet,
582 3581 779 3631 tamen
796 3574 1055 3627 instante
1071 3572 1279 3625 Burtza
1295 3576 1351 3625 et
1368 3571 1707 3642 properarej
1719 3571 1951 3638 ubente,

307 3672 454 3721 etne
488 3663 712 3719 diutius
744 3660 1163 3733 oppugnationi
1200 3659 1461 3714 hostium
1492 3659 1804 3714 tolerandis
1837 3676 1950 3714 non

302 3771 432 3811 esse
466 3769 663 3826 parem
697 3748 1197 3821 docente(etenim
1232 3747 1507 3820 oppidani
1540 3747 1739 3804 audito
1761 3753 1954 3804 turres

305 3848 618 3915 occupatas
649 3856 777 3898 esse
806 3839 1067 3909 undique
1102 3837 1525 3903 conﬂuxerant,
1559 3842 1614 3891 et
1646 3854 1742 3892 eas
1773 3854 1950 3909 expu-

301 3951 481 4007 gnare
512 3933 670 3989 omni
694 3931 889 3988 studio
921 3928 1287 3983 conabantur
1315 3926 1642 3983 missilibus
1673 3928 1953 3999 conjectis

303 4041 370 4080 ac
397 4025 589 4080 omnis
612 4021 843 4095 generis
862 4018 1141 4075 adhibitis
1159 4019 1307 4072 867
1331 4017 1643 4087 machinis,
1668 4017 1789 4089 igni
1812 4034 1955 4089 quo-

306 4130 421 4186 que
471 4111 815 4183 supposito;
872 4123 1064 4178 neque
1109 4106 1347 4161 omnino
1397 4107 1721 4178 quidquam
1753 4124 1953 4163 eorum

306 4202 654 4258 omittebant
673 4216 800 4271 quae
824 4213 993 4269 agere
1013 4194 1397 4251 conveniebat
1414 4196 1632 4266 quibus
1653 4213 1784 4250 cum
1811 4214 1954 4252 uxo-

305 4292 471 4346 ribus
494 4290 762 4346 etliberis
786 4285 1065 4360 pereundi
1087 4301 1152 4339 ac
1173 4284 1508 4339 amittendae
1525 4285 1686 4340 urbis
1709 4286 1957 4341 orienta-

304 4381 452 4436 lium
476 4379 742 4437 omnium
772 4375 1277 4449 praestantissima:
1302 4373 1625 4445 periculum
1645 4375 1956 4430 incumbe-

304 4471 411 4543 ret)
432 4474 662 4538 Petrus,
683 4467 898 4522 timens
919 4481 992 4519 ne
1014 4480 1181 4519 suam
1211 4463 1283 4517 ob
1315 4462 1695 4534 pertinaciam
1721 4469 1808 4519 tot
1826 4469 1955 4519 tan-

2060 3307 2123 3360 τὸ
2152 3304 2314 3381 ἄκρον
2348 3305 2723 3379 ἐξικνουμένας
2776 3312 2873 3363 τοῦ
2928 3308 3164 3388 πύόγου,
3199 3312 3362 3368 νύκτα
3415 3334 3475 3368 τε
3512 3314 3727 3394 ἀφεγγῆ

2062 3394 2397 3470 ἐπιτηρήσας
2426 3395 2515 3449 καὶ
2545 3391 2847 3471 ἔπομϐρον,
2902 3393 3063 3453 ἔλαϐε
3091 3401 3187 3462 τὰς
3215 3400 3490 3474 κλίμακας
3543 3391 3727 3478 apud-

2063 3484 2269 3559 ερείσας
2343 3489 2423 3557 τῷ
2491 3483 2708 3559 πύργῳ.
2774 3485 2874 3542 Καὶ
2946 3482 3146 3552 ἀναϐὰς
3199 3490 3333 3562 μετᾶ
3385 3495 3723 3564 τριακοσίων

2060 3577 2165 3627 τῶν
2228 3572 2315 3627 ὑπ’
2370 3571 2528 3628 αὐτὸν
2588 3572 2716 3635 τοὺς
2780 3576 2873 3648 μὶν
2932 3574 3177 3651 φύλακας
3228 3579 3556 3658 ἀποσφάτιει
3618 3589 3721 3639 τοῦ

2059 3661 2288 3739 πᾶργου,
2348 3661 2424 3717 ἔτι
2459 3660 2516 3717 δὲ
2559 3662 2648 3717 καὶ
2704 3668 2801 3718 τοῦ
2846 3669 3216 3740 γειτονοῦντος
3252 3670 3420 3741 αὐτῷ·
3451 3671 3543 3725 καὶ
3578 3676 3725 3745 μετᾶ

2059 3757 2166 3806 τῶν
2194 3751 2516 3826 τριακοσίων
2568 3752 2694 3815 τοὺς
2746 3752 2841 3808 δύο
2889 3754 3113 3818 τούτους
3145 3757 3387 3833 πύργους
3435 3780 3721 3838 κατεσχη-

2059 3842 2171 3904 κὼς
2218 3840 2442 3917 ἄγγελον
2493 3840 2686 3904 εὐθέως
2728 3842 2990 3916 ἐκπέμπει
3039 3846 3175 3920 πρὸς
3232 3847 3321 3902 τὸν
3383 3850 3725 3923 στρατοπεδ-

2063 3932 2260 4006 ἀρχην,
2315 3929 2533 4003 μηνύων
2580 3930 2900 4008 ἐπιταχυναι
2949 3933 3038 3989 καὶ
3102 3934 3279 3991 ἐλθεῖν
3330 3937 3465 4010 μετὰ
3515 3944 3727 4007 παντὸς

2063 4024 2158 4073 τοῦ
2211 4024 2439 4093 στρατοῦ
2479 4020 2553 4081 ὡς
2597 4023 2696 4090 τῆς
2732 4019 2949 4086 πόλεως
2996 4020 3105 4092 ἤδη
3155 4027 3603 4101 κατασχεθείσης.
3660 4033 3725 4089 Ὀ

2064 4106 2120 4163 δὶ
2177 4108 2379 4185 Πέτρος
2444 4110 2541 4171 τὰς
2621 4107 2870 4185 ἀγγελίας
2929 4110 3212 4185 δεξάμενος
3268 4114 3427 4171 ὤκνει
3482 4118 3575 4172 καὶ
3635 4120 3731 4175 ἀν-

2063 4194 2271 4270 εδύετο,
2302 4198 2399 4266 τὴν
2434 4195 2493 4251 ἐκ
2542 4202 2637 4251 τοῦ
2697 4197 2966 4273 βασιλέως
3018 4199 3278 4265 δεδοικὼς
3324 4205 3725 4280 ἀγανάκτησιν,

2068 4288 2142 4360 μή
2174 4308 2224 4341 τι
2258 4288 2345 4341 καὶ
2401 4287 2563 4341 κακὸν
2619 4286 2904 4364 ἀπολαύσῃ
2956 4289 3030 4352 ὠς
3058 4287 3375 4365 παραϐάτης
3404 4298 3512 4349 τῶν
3544 4297 3724 4353 αὑτοῦ

2062 4376 2516 4450 προσταγμάτων.
2590 4377 2941 4451 Ἐγκειμένου
3009 4377 3067 4434 δὲ
3119 4385 3214 4434 τοῦ
3289 4383 3537 4458 Βούρτζη
3624 4390 3727 4442 καὶ

2064 4462 2234 4519 ἄλλον
2283 4463 2366 4519 ἐπ’
2410 4464 2569 4538 ἄλλῳ
2613 4465 2926 4539 πέμποντος
2972 4465 3204 4544 ἄγγελον
3231 4471 3320 4525 καὶ
3350 4474 3450 4542 τὴν
3501 4472 3723 4533 ἔλευσιν

301 4558 583 4632 tiqueviri
598 4556 938 4629 perirent,et
950 4556 1126 4607 tantae
1139 4551 1303 4607 urbis
1308 4553 1603 4622 jacturam
1621 4553 1857 4624 respubl

2160 4554 2528 4629 ταχύνοντος,
2590 4557 2682 4609 καὶ
2748 4554 3234 4636 πληροφοροῦντος
3284 4561 3359 4624 ὡς
3405 4561 3491 4618 ἐπὶ
3544 4565 3721 4623 πλέον

302 4656 566 4706 Romana
613 4648 846 4711 faceret,
895 4641 985 4698 vel
1033 4641 1254 4696 invitus
1302 4658 1538 4697 summa
1581 4642 1956 4698 festinatione

302 4739 637 4796 universum
672 4733 991 4790 exercitum
1042 4730 1300 4784 adducit.
1352 4733 1478 4783 Jam
1516 4746 1747 4785 omnem
1779 4748 1957 4802 prope

301 4846 464 4901 spem
498 4825 707 4881 salutis
732 4825 947 4878 Burtza
973 4835 1106 4874 cum
1130 4818 1257 4872 suis
1279 4817 1650 4887 dimiserant,
1674 4824 1790 4874 tres
1818 4836 1954 4874 con-

300 4919 556 4973 tinenter
595 4918 790 4969 noctes
847 4910 1092 4979 diesque
1143 4906 1462 4977 oppugnati
1500 4908 1643 4961 :sed
1699 4908 1951 4963 adventu

302 5006 452 5063 Petri
483 5003 913 5075 oppidanorum
964 4995 1349 5052 conciderunt
1397 4995 1581 5049 animi
1631 5012 1698 5050 ac
1731 4998 1957 5065 remisit

300 5091 687 5157 vehementia,
702 5095 760 5144 et
780 5090 1022 5142 Burtzas
1044 5082 1377 5139 facultatem
1401 5088 1609 5139 nactus
1630 5085 1701 5139 ad
1726 5091 1951 5156 portam

299 5181 623 5246 descendit,
647 5194 714 5234 ac
738 5174 1015 5249 repagulo
1037 5189 1175 5228 ense
1195 5172 1469 5243 disseoto,
1490 5174 1707 5244 apertis
1730 5174 1955 5230 foribus

298 5276 535 5330 Petrum
559 5268 841 5325 admittit.
856 5263 1221 5334 Nicephorus
1237 5263 1412 5318 allato
1426 5262 1506 5317 rei
1533 5264 1708 5333 hujus
1728 5265 1950 5334 nuntio,

301 5380 436 5419 cum
487 5359 745 5433 gaudere
792 5357 864 5412 ob
913 5359 1139 5409 tantam
1188 5352 1391 5408 urbem
1443 5358 1501 5408 et
1532 5369 1624 5408 res
1673 5370 1811 5409 suae
1844 5359 1952 5410 Deo

2065 4643 2333 4733 ἀντέχειν.
2363 4642 2425 4697 ού
2476 4640 2693 4698 δύναται
2741 4645 2876 4719 πρὸς
2918 4647 3017 4714 τὴν
3068 4647 3389 4723 πολιορκίαν
3449 4652 3555 4723 (καὶ
3611 4657 3727 4733 γὰρ

2067 4729 2132 4800 δὴ
2195 4726 2451 4805 μαθόντες
2502 4733 2552 4787 οἱ
2603 4735 2901 4810 Ἀντιοχεῖς
2964 4737 3063 4805 τήν
3112 4741 3220 4791 τῶν
3279 4736 3502 4815 πύργων
3550 4726 3725 4801 κατά-

2065 4841 2251 4895 σχεσιν
2308 4821 2586 4897 στνέῤῥεον
2637 4825 2976 4899 πανταχόθεν
3025 4825 3115 4880 καῖ
3164 4826 3538 4903 ἐκπολιορκεῖν
3587 4834 3725 4897 τοὺς

2064 4909 2303 4984 πύργους
2356 4910 2669 4986 ἠπείγοντο,
2721 4912 2854 4989 βέλη
2910 4912 2955 4968 δ’
3004 4915 3227 4991 ἀφέντες
3260 4919 3578 4977 παντοδαπὰ
3621 4927 3719 4979 καὶ

2067 4999 2321 5072 μηχανὰς
2352 4996 2611 5063 ποικίλας
2637 5002 2701 5057 τὸ
2729 5007 2835 5080 πῦρ
2866 5004 3135 5083 ῢφῆπτον,
3182 5010 3269 5063 καὶ
3303 5007 3447 5065 ἄλλα
3494 5010 3717 5067 ἐποίουν

2065 5085 2243 5140 ὁπόσα
2285 5094 2459 5142 ποιεῖν
2505 5083 2613 5144 ἔδει
2661 5092 2787 5155 τοὺς
2835 5092 3239 5159 κινδυνεύοντας
3270 5097 3361 5155 σὺν
3388 5103 3597 5174 γυναιξί
3624 5104 3721 5158 καὶ

2064 5177 2270 5238 τέκνοις
2316 5176 2685 5253 ἀπολωλέναι,
2736 5178 3031 5239 ἀποϐαλεῖν
3083 5183 3140 5240 δὲ
3183 5187 3272 5242 καὶ
3312 5186 3475 5244 πόλιν
3523 5194 3722 5247 πασῶν

2064 5266 2455 5340 ὑπερκειμένην
2487 5275 2595 5325 τῶν
2628 5271 2724 5325 ἀνὰ
2752 5272 2849 5341 τὴν
2881 5276 2993 5330 “Em
3024 5273 3283 5345 πόλεων)⁶
3315 5279 3576 5349 πτοηθεὶς
3610 5279 3658 5336 δ’
3691 5282 3723 5337 δ

2064 5354 2549 5435 στρατοπεδάρχης
2581 5362 2657 5433 μὴ
2688 5361 2960 5417 τοσούτων
3011 5362 3385 5421 ἀπολωλότων
3421 5368 3510 5422 καὶ
3549 5369 3719 5441 τηλι-

1484 5506 1858 5564 XYLANDRI
1896 5509 1989 5564 ET
2028 5508 2253 5565 GOARI
2290 5511 2519 5570 NOTIE.

370 5657 482 5730 (16)
515 5657 840 5715 Castrorum
867 5652 1209 5710 marmoribus
1234 5652 1583 5724 praefectum,
1613 5656 1927 5709 memorem
1955 5652 2324 5726 prx'cz'puum.
2357 5656 2538 5715 Goan.
