3966 6134
208 343 298 405 101
1298 333 1847 397 HISTORIABUM
1889 334 2207 397 GOMPEN
2218 337 2436 399 DIUM.

3459 340 3576 400 102

202 474 379 531 κούτων
407 467 615 546 ἀνδρῶν
647 466 738 524 διὰ
760 470 860 539 τὴν
890 466 1095 524 ἐκείνου
1121 466 1391 531 ἀπείθειαν
1448 465 1537 521 καὶ
1595 463 1812 531 πόλεως

1945 471 2293 527 :ommittere
2319 471 2578 541 deberet,
2609 472 2839 528 diversa
2868 476 3107 529 secutus
3135 471 3409 541 indoluit,
3442 474 3575 530 cul-

201 562 507 633 τηλικαύτης
580 560 784 631 ὑποστῇ
860 557 1058 632 ζῃμίαν
1109 559 1144 627 ἡ
1194 554 1446 612 πολιτεία
1491 555 1819 629 Ῥωμαίων,

1931 560 2206 631 pavitque
2234 561 2492 631 Petrum,
2525 568 2584 617 et
2616 566 2834 617 Burtzae
2866 578 2980 617 non
3020 563 3193 617 modo
3224 579 3337 617 non
3371 566 3579 635 proba-

200 652 322 708 ἄκων
374 650 458 705 καὶ
520 650 595 721 μὴ
648 647 984 722 βουλόμενος
1049 648 1432 719 καταταχήσας
1496 644 1819 721 παρεγένετο

1945 648 2012 703 Iit
2041 649 2404 705 alacritatem
2429 657 2604 723 atque
2627 651 3051 723 fortitudinem,
3076 657 3176 707 aut
3200 652 3377 723 digna
3408 654 3585 708 rebus

202 741 278 795 σὺν
301 737 449 793 παντὶ
477 742 558 808 τῷ
587 737 821 810 στρατῷ,
852 734 1026 810 εὑρὼν
1056 734 1183 798 τοὺς
1224 733 1348 807 περὶ
1394 733 1484 787 τὸν
1537 735 1817 806 Βούρτζην

202 829 304 885 λίαν
341 825 726 901 ἀπειρηκόταςο
778 823 867 879 ἐπὶ
913 824 1062 899 τρισὶ
1113 824 1216 898 γὰρ
1264 821 1636 899 νυχθημὲροις
1684 822 1819 891 ἦσαν

198 914 649 990 πολιορκούμενοι.
682 915 756 968 Οὗ
799 915 898 982 τὴν
950 908 1141 991 ἔφοδον
1191 911 1491 987 ἐγνωκότες
1524 913 1577 966 οἱ
1613 914 1819 968 Ἀντιο-

1929 740 2112 809 gestis
2145 741 2387 811 praemia
2418 741 2686 807 contulit,
2720 742 2820 796 sed
2870 745 2929 797 et
2974 742 3351 797 contumeliis
3382 742 3585 799 affecto

1932 828 2153 883 ademit
2203 844 2421 884 munus
2472 846 2671 899 suum,
2705 834 2762 885 et
2810 831 2969 886 domi
3014 848 3074 887 se
3103 847 3239 886 eum
3288 831 3586 887 continere

1922 917 2127 986 jussit.

199 1013 304 1083 χεῖς
327 1003 697 1080 παρελύθησαν
718 1004 815 1066 τὰς
844 1003 1028 1078 ψυχὰς
1057 1003 1146 1057 καὶ
1174 1005 1272 1070 τῆς
1304 1000 1581 1063 συντονίας
1607 999 1889 1060 ἐνέδωκαν.
1925 1002 2136 1066 Ἀδείας
2162 1002 2220 1060 δὲ
2268 1002 2572 1080 λαϐόμενος
2619 1008 2647 1062 6
2698 1006 2977 1084 Βούρτζης
3036 1008 3238 1063 κάτεισι
3289 1009 3424 1084 πρὸς
3482 1011 3585 1077 τήν

197 1096 376 1168 πύλην,
404 1094 494 1149 καὶ
524 1092 698 1168 σπάθῃ
716 1094 811 1149 τὸν
847 1092 1060 1169 μοχλὸν
1091 1099 1190 1162 τῆς
1218 1090 1435 1153 κλειδὸς
1465 1088 1737 1165 διατεμὼν
1765 1091 2042 1169 ἀνοίγνυσι
2071 1094 2167 1157 τὰς
2189 1094 2387 1165 πύλας,
2422 1098 2513 1152 καὶ
2546 1097 2635 1151 τὸν
2665 1097 2870 1171 ΠέτροΑ
2926 1097 3124 1170 εἰσάγει
3175 1096 3265 1151 σὺν
3316 1099 3477 1152 παντὶ
3506 1102 3586 1168 τῷ

198 1182 551 1258 στρατεύματι.
579 1181 682 1239 Καὶ
740 1180 887 1236 οὕτω
943 1179 1270 1255 παρελήφθη
1329 1182 1365 1249 ἡ
1424 1178 1636 1254 μεγάλη
1697 1181 1788 1234 καὶ
1845 1184 2145 1257 περιφανὴς
2204 1184 2527 1259 Ἀντιόχεια.
2575 1186 2744 1258 Ὅπερ
2804 1186 3107 1257 πυθόμενος
3163 1186 3190 1239 ὁ
3243 1187 3584 1263 Νικηφόρος,

196 1274 529 1348 εὐφρανθῆναι
560 1268 679 1325 δέον
710 1269 798 1325 ἐπὶ
830 1267 1031 1324 ἁλώσει
1062 1268 1401 1339 τηλικαύτης
1433 1268 1651 1331 πόλεως
1676 1269 1764 1323 καὶ
1796 1269 1863 1324 τὰ
1891 1271 2008 1324 κατ’
2039 1270 2198 1327 αὐτὸν
2229 1271 2511 1347 ἐπιτρέψαι
2542 1277 2682 1346 Θεῷ,
2715 1275 2743 1328 6
2777 1271 2835 1329 δὲ
2862 1273 3170 1329 τούναντίον
3219 1273 3438 1349 ἤλγησε
3482 1276 3584 1343 τὴν

195 1364 357 1437 ψυχὴν
380 1362 467 1416 τὸν
498 1357 971 1435 στρατεπεδάρχην
1003 1378 1062 1413 τε
1089 1358 1140 1413 ἐν
1164 1357 1363 1421 αἰτίαις
1391 1358 1529 1433 εἶχε,
1560 1360 1642 1431 [Ρ.
1675 1360 1802 1429 658}
1842 1358 1932 1413 καὶ
1962 1359 2053 1414 τὸν
2081 1360 2361 1437 Βούρτζην
2395 1362 2456 1417 οὐ
2493 1362 2657 1435 μόνον
2685 1362 2783 1417 οὐκ
2812 1361 3101 1433 ἀπεδέξατο
3132 1370 3230 1433 τῆς
3272 1365 3582 1438 προθυμίας

192 1452 269 1506 καὶ
294 1457 389 1520 τῆς
417 1447 687 1524 ἀνδρείας,
716 1449 807 1504 καὶ
829 1449 962 1525 γέρα
990 1448 1257 1523 παρέσχεν
1288 1445 1477 1517 ἐπάξια
1499 1454 1602 1517 τῆς
1631 1447 1794 1502 αὐτοῦ
1826 1446 2204 1525 ἀνδραγαθίας,
2236 1450 2383 1507 ἀλλὰ
2405 1453 2495 1506 καὶ
2518 1447 2702 1527 ὕϐρεσι
2733 1450 2942 1514 πλύνας
2971 1452 3241 1527 παρέλυσε
3269 1456 3367 1523 τῆς
3400 1455 3580 1530 ἀρχῆς

193 1540 269 1596 καὶ
293 1540 433 1596 οἴκοι
466 1540 642 1613 μένειν
672 1537 943 1609 ἐπέταξεν.

252 1628 389 1699 Αὕτη
423 1634 458 1698 ἠ
492 1627 638 1685 αἰτία
665 1629 754 1683 καὶ
787 1627 855 1681 τὰ
884 1626 1054 1682 λοιπᾶ
1081 1626 1149 1681 τὰ
1179 1626 1513 1702 ῥηθήσεσθαι
1549 1625 1824 1698 μέλλοντα

2006 1631 2065 1684 Id
2100 1635 2156 1685 et
2191 1630 2303 1684 alia
2349 1647 2475 1702 quae
2524 1633 2861 1699 referemus,
2903 1632 3161 1687 invisum
3212 1633 3489 1688 omnibus
3521 1650 3589 1690 ac

195 1719 399 1791 μισητὸν
457 1722 573 1778 τοῖς
628 1723 759 1772 πᾶσι
818 1717 908 1772 καὶ
974 1713 1271 1791 βδελυκτὸν
1352 1716 1444 1770 τὸν
1514 1716 1831 1793 Νικηφόρον

190 1808 509 1883 εἰργάσαντο.
542 1810 765 1883 Ηρῶτον
803 1806 898 1879 μὲν
932 1806 1060 1880 γὰρ,
1091 1804 1180 1860 ὅτε
1210 1807 1307 1874 τήν
1358 1805 1542 1880 ἀρχὴν
1588 1806 1657 1860 τὰ
1711 1824 1831 1860 κατ’

188 1896 328 1951 αὐτὸν
357 1895 602 1965 ἐκινήθη,
638 1896 857 1972 μυρίαις
889 1892 1314 1966 πλημμελείαις
1364 1895 1677 1969 χρωμένων
1719 1899 1827 1949 τῶν

188 1986 265 2040 σὺν
294 1985 437 2057 αύτῷ
473 1989 817 2060 στρατιωτῶν
866 1984 1201 2061 ἐπιστροφήν
1248 1983 1346 2038 οὐκ
1386 1983 1572 2051 ἐτίθει,
1609 1982 1788 2060 λέγων
1814 2018 1827 2031 .

188 2099 212 2126 «
239 2072 397 2132 Οὐδὲν
430 2076 739 2147 θαυμαστὸν
770 2074 814 2128 εἰ
844 2072 897 2128 ἐν
942 2071 1191 2145 τοσούτῳ
1242 2072 1445 2144 πλήθει
1508 2072 1646 2127 λαοῦ
1701 2074 1832 2128 ἀτα-

184 2164 353 2218 κτοῦσί
405 2185 571 2227 τινες.
617 2184 645 2217 ε
704 2162 802 2218 Καὶ
856 2160 1008 2226 αὖθις
1053 2160 1316 2216 εἰσελθὼν
1372 2162 1455 2223 εἰς
1500 2164 1600 2232 τὴν
1664 2161 1830 2217 πόλιν

182 2252 386 2309 πολλῶν
423 2254 517 2308 καὶ
550 2251 826 2327 διαφανῶν
858 2253 949 2306 καὶ
984 2248 1214 2305 ἰδιωτῶν
1264 2252 1609 2327 ἁρπαγέντων
1664 2250 1793 2306 οὐδε
1814 2265 1833 2273 ·

186 2341 296 2413 μίαν
353 2340 628 2413 ἐκδίκησιν
710 2341 1029 2411 ἐποιήσατο,
1089 2339 1235 2395 ἀλλὰ
1296 2336 1675 2415 παρεϐλέπετο
1738 2341 1835 2433 τὸις

185 2432 398 2495 ἀτόπους
458 2432 702 2507 πράξεις,
774 2429 1216 2505 ἐνευωχούμενος
1292 2435 1412 2492 ταῖς
1491 2427 1832 2514 ἀσελγείαις,

185 2524 258 2581 αἷς
285 2521 334 2575 οἱ
362 2521 715 2582 ἀτακτοῦντες
758 2519 1146 2596 προσκείμενοι
1195 2524 1380 2583 κακῶς
1418 2520 1548 2581 τοὺς
1600 2518 1833 2581 πολίτας

186 2606 454 2679 διετίθουν,
502 2609 594 2665 καὶ
660 2613 827 2664 ταῦτα
879 2610 1306 2683 συνεργήσαντας
1355 2607 1502 2679 αύτῷ
1550 2609 1687 2683 πρὸς
1733 2610 1831 2677 τὴν

183 2706 270 2767 τῆς
324 2699 601 2774 βασιλείας
661 2697 936 2772 ἀνάληψιν
991 2698 1054 2753 οὐ
1092 2702 1326 2772 μικρῶς.
1364 2699 1498 2752 Εἶτα
1555 2698 1645 2752 καὶ
1695 2699 1831 2772 πρὸς

180 2785 431 2858 ταξείδιυν
495 2790 606 2861 (17)
660 2792 906 2861 συνεχῶς
963 2786 1117 2859 ἐξιὼν
1174 2784 1365 2843 δεινῶς
1407 2786 1605 2841 ἐκάκου
1633 2788 1697 2842 τὸ
1730 2788 1833 2857 ὑπὸ

188 2883 334 2952 χεῖρα
385 2878 448 2932 οὐ
509 2876 672 2950 μόνον
723 2879 1064 2949 προσθήκαις
1116 2874 1440 2931 συντελειῶν
1485 2875 1574 2930 καὶ
1633 2874 1831 2938 ἄλλαις

180 2972 545 3044 συνεισφοραῖς
585 2965 860 3021 παντοίων
910 2962 1091 3032 εἰδῶν,
1142 2962 1292 3019 ἀλλά
1350 2966 1441 3019 καὶ
1510 2963 1829 3034 λεηλασίαις

182 3054 583 3124 ἀνυποστάτοις,
644 3056 782 3130 πρὸς
847 3059 969 3116 τοῖς
1060 3053 1373 3129 εἰρημένοις
1442 3052 1675 3127 ἐκκόψας
1745 3075 1835 3141 καὶ

186 3142 342 3219 μέρος
388 3165 440 3199 τι
492 3148 604 3199 τῶν
650 3143 1047 3219 παρεχομένων
1079 3145 1147 3215 τῇ
1180 3140 1477 3216 συγκλήτῳ
1517 3141 1693 3218 βουλῇ
1749 3140 1837 3221 φιέ

184 3230 579 3307 λοτιμημάτων
633 3230 724 3287 διὰ
759 3253 846 3300 το,
878 3233 952 3294 ὡς
1002 3230 1174 3305 ἔλεγε,
1208 3230 1477 3300 σπανίζειν
1526 3234 1834 3306 χρημάτων

185 3319 229 3373 ἐν
257 3328 367 3385 τοῖς
394 3320 693 3396 πολέμοις,
729 3322 867 3396 πρὸς
900 3318 958 3375 δὲ
985 3321 1077 3375 καὶ
1124 3322 1221 3382 τὰς
1266 3322 1602 3395 παρέχεσθαι
1643 3340 1832 3375 τυπω-

185 3410 347 3474 θείσας
404 3409 587 3473 δόσεις
645 3410 782 3486 πρὸς
842 3408 1054 3484 εὒαγεῖς
1112 3407 1302 3470 οῗκους
1361 3410 1453 3464 καὶ
1504 3408 1831 3479 Ἐκκλησίας

186 3501 319 3574 παρά
360 3521 531 3555 τινων
582 3494 816 3555 εὐσεϐῶν
873 3497 1141 3574 βασιλέων
1188 3497 1378 3554 τέλεον
1427 3498 1680 3571 ἐκκόψας,
1741 3500 1829 3553 καὶ

184 3588 341 3660 νόμον
404 3588 695 3662 ἐκθέμενος
746 3588 822 3661 μὴ
866 3589 960 3650 τὰς
1012 3585 1339 3657 Ἐκκλησίας
1390 3587 1670 3657 ἀκινήτοις
1713 3589 1827 3660 (18)

179 3674 551 3746 πλατύνεσθαι,
610 3682 792 3739 κακῶς
871 3676 1089 3751 φάσκων
1175 3676 1280 3731 ὑπὸ
1335 3680 1443 3731 τῶν
1515 3676 1827 3731 ἐπισκόπων

175 3762 523 3833 διαπανᾶσθαι
568 3768 637 3821 τὰ
698 3765 959 3841 πτωχικὰ
1017 3767 1281 3842 ’χρήματα
1326 3766 1416 3819 καὶ
1477 3765 1607 3827 τοὺς
1666 3786 1825 3839 στρα-

172 3856 487 3927 τευομένους
549 3855 891 3930 ὀλιγοῦσθαι,
944 3853 1034 3909 καὶ
1072 3855 1134 3908 τὸ
1187 3851 1253 3922 δὴ
1306 3855 1521 3909 πάντων
1566 3854 1827 3929 χαλεπώ-

165 3963 327 4015 τερον,
358 3946 451 4000 καὶ
483 3943 656 4017 νόμον
685 3942 997 4017 ἰκθέμενος,
1031 3943 1082 3997 ἐν
1112 3943 1158 4015 ᾦ
1207 3942 1295 3997 καί
1341 3964 1481 4005 τινες
1533 3942 1822 4024 ἐπίσκοποι

166 4036 262 4087 τῶν
314 4035 648 4107 εύριπίστων
708 4033 798 4087 καὶ
865 4030 1117 4087 κολάκων
1184 4030 1525 4108 ὑπέγραψαν,
1587 4030 1824 4106 διοριζό,

174 4142 321 4193 μενον
380 4126 458 4196 μή
524 4121 648 4178 ἄνευ
705 4128 805 4192 τῆς
865 4120 1029 4176 αὐτοῦ
1066 4123 1296 4196 γνώμης
1349 4121 1439 4175 καὶ
1496 4128 1820 4195 προτροπῆς

168 4208 443 4268 ἐπίσκοπον
510 4214 547 4283 ἢ
607 4211 935 4288 ψηφίζεσθαι
968 4212 1003 4279 ἢ
1050 4210 1519 4286 προχειρίζεσθαι.
1556 4210 1817 4266 Ἐπισκό-

1941 1720 2345 1775 detestabilem
2365 1722 2626 1776 fecerunt
2645 1722 3059 1793 Nicephorum.
3078 1723 3271 1778 Primo
3293 1724 3450 1794 quod
3473 1740 3589 1795 quo

1941 1808 2198 1881 primum
2220 1815 2483 1882 tempore
2506 1800 2822 1882 imperium
2848 1811 3079 1877 invasit,
3102 1828 3237 1866 cum
3260 1812 3478 1868 milites
3501 1814 3588 1883 ip-

1941 1897 2067 1952 sius
2087 1897 2415 1954 innumeris
2426 1899 2655 1955 delictis
2677 1899 2945 1971 querelas
2956 1902 3331 1971 excitassent,
3354 1901 3500 1955 nihil
3521 1902 3592 1957 de

1942 1986 2296 2041 correctione
2328 1987 2481 2042 868
2514 1989 2806 2058 cogitavit,
2838 1990 2989 2043 l‘atus
3040 1990 3259 2043 mirum
3290 2006 3405 2044 non
3437 2005 3588 2060 esse,

1943 2075 1990 2129 si
2024 2075 2080 2128 in
2109 2079 2275 2131 tanta
2290 2076 2597 2132 hominum
2623 2076 3004 2133 multitudine
3026 2078 3266 2149 quidam
3293 2077 3592 2150 incompo-

1944 2162 2051 2219 site
2082 2179 2143 2219 se
2172 2170 2460 2236 gererent.
2493 2166 2714 2221 Deinde
2746 2168 2901 2237 quod
2933 2168 2992 2221 in
3026 2168 3232 2222 urbem
3262 2169 3589 2239 ingressus,

1943 2268 2078 2307 cum
2108 2254 2263 2308 bona
2311 2255 2717 2311 etillustrium
2770 2261 2827 2311 et
2873 2256 3233 2327 plebeiorum
3266 2256 3588 2314 multorum

1944 2341 2360 2412 diriperentur,
2392 2345 2683 2399 vindicem
2710 2360 2768 2399 se
2792 2361 3160 2416 nequaquam
3190 2346 3452 2418 praebuit,
3488 2347 3588 2403 sed

1944 2431 2115 2501 quasi
2138 2432 2407 2487 delectari
2429 2433 2591 2488 visus
2614 2440 2702 2489 est
2720 2433 3068 2490 libidinibus
3090 2451 3289 2490 eorum
3316 2436 3417 2506 qui
3439 2436 3593 2492 cives

1942 2521 2249 2587 vexabant,
2281 2538 2379 2577 eos
2404 2523 2580 2578 etiam
2610 2525 2709 2594 qui
2740 2523 2851 2595 ipsi
2884 2525 2952 2578 ad
2987 2523 3302 2595 imperium
3323 2525 3591 2579 obtinen-

1944 2609 2086 2663 dum
2118 2610 2273 2664 haud
2306 2611 2575 2682 exiguam
2611 2616 2893 2666 navarant
2920 2628 3179 2682 operam.
3208 2613 3489 2667 Prmterea
3519 2614 3591 2668 ad

1941 2696 2285 2754 Taxeidium
2300 2700 2537 2755 assidue
2556 2701 2795 2755 veniens
2810 2702 3061 2771 graviter
3074 2702 3343 2757 subditos
3364 2702 3592 2774 afﬂixit,

1943 2803 2059 2841 non
2093 2788 2265 2843 modo
2296 2789 2639 2860 pensionum
2674 2793 2733 2844 et
2751 2789 3106 2845 tributorum
3142 2790 3471 2862 omnigenis
3498 2807 3590 2846 ra-

1940 2875 2225 2947 tionibus,
2277 2879 2378 2934 sed
2428 2882 2486 2934 et
2534 2879 2756 2949 rapinis
2800 2879 3291 2935 intelorabilibus.
3339 2881 3422 2934 Ad
3470 2879 3593 2935 haec

1944 2970 2171 3036 partem
2203 2969 2518 3038 quamdam
2543 2984 2743 3023 eorum
2768 2986 2894 3039 quis
2927 2968 3296 3024 senatoribus
3322 2967 3592 3025 solebant

1947 3055 2331 3126 imperatores
2362 3057 2560 3128 largiri
2590 3058 2875 3113 donorum
2907 3057 2968 3111 in
2998 3058 3139 3113 ﬁsco
3171 3057 3429 3125 retinuit,
3454 3074 3591 3113 cau-

1948 3147 2114 3199 satus
2142 3145 2253 3199 sibi
2282 3146 2352 3199 ad
2409 3145 2560 3200 bella
2604 3147 2859 3217 gerenda
2888 3146 3089 3201 deesse
3118 3144 3448 3217 pecuniam.
3478 3145 3592 3201 Ne-

1946 3248 2061 3304 que
2105 3234 2214 3289 hoc
2263 3239 2517 3301 tantum,
2567 3237 2667 3290 sed
2716 3240 2773 3290 et
2819 3236 3164 3291 donationes
3216 3236 3595 3292 monasteriis

1944 3326 2121 3394 atque
2145 3322 2382 3394 templis
2403 3322 2626 3396 legatas
2650 3342 2683 3379 a
2704 3324 3060 3395 quibusdam
3080 3323 3193 3396 piis
3223 3324 3593 3396 imperatori-

1943 3412 2055 3466 bus
2085 3428 2327 3482 prorsus
2372 3413 2641 3479 abolevit,
2675 3412 2801 3485 lege
2847 3418 3024 3469 etiam
3070 3412 3190 3467 lata
3220 3429 3291 3468 ne
3322 3412 3592 3468 Ecclesiae

1942 3500 2348 3557 immobilibus
2397 3503 2900 3574 locupletarentur
2946 3504 3136 3571 bonis,
3166 3506 3442 3557 causatus
3473 3502 3594 3572 epi-

1941 3606 2149 3661 scopos
2168 3590 2319 3646 male
2335 3592 2642 3663 prodigere
2663 3607 2730 3647 ea
2752 3608 2877 3663 quae
2906 3591 3265 3663 pauperibus
3287 3592 3589 3673 darentur,

1939 3679 2175 3735 interim
2224 3680 2517 3735 militibus
2568 3680 3000 3735 deﬁcientibus.
3049 3681 3111 3734 Id
3159 3696 3295 3735 vero
3326 3679 3591 3735 omnium

1937 3769 2378 3839 gravissimum,
2405 3770 2559 3841 quod
2584 3769 2769 3840 legem
2794 3769 2949 3838 tulit,
2975 3769 3067 3824 cui
3090 3774 3148 3823 et
3177 3769 3435 3840 episcOpi
3461 3768 3592 3839 qui-

1938 3859 2072 3914 dam
2132 3859 2286 3913 leves
2336 3862 2511 3929 atque
2568 3858 2907 3913 adulatores
2968 3858 3470 3929 subscripserunt,
3521 3874 3595 3912 ne

1933 3948 2306 4019 imperatoris
2337 3949 2573 4017 injussu
2608 3940 2766 4003 ullus
2816 3951 3117 4003 crearetur
3157 3947 3490 4018 episcopus.
3525 3946 3596 4001 Et

1935 4041 2167 4092 mortuo
2194 4037 2392 4107 aliquo
2424 4036 2698 4107 episcopo
2731 4035 2988 4107 aliquem
3014 4052 3256 4091 suorum
3289 4033 3592 4104 submisit,

1932 4126 2029 4196 qui
2061 4126 2337 4181 definitos
2384 4128 2598 4180 faceret
2647 4129 2922 4195 sumptus
2958 4143 2970 4180 :
3003 4125 3150 4196 ipse,
3185 4126 3339 4195 quod
3369 4128 3495 4179 erat
3523 4125 3594 4178 de

1928 4216 2219 4270 reditibus
2278 4215 2594 4287 reliquum,
2648 4215 2894 4286 accepit.
2948 4215 3100 4270 369
3154 4215 3304 4269 Sunt
3354 4219 3412 4269 et
3464 4213 3590 4269 aliae

170 4321 264 4354 που
310 4323 371 4357 τε
424 4301 755 4372 τεθνηκότος
829 4300 1115 4376 βασιλικὸν
1177 4299 1467 4372 ἐκπέμπων
1539 4297 1820 4373 ἄνθρωπον

1945 4307 2057 4375 ijus
2110 4304 2586 4374 constitutiones,
2632 4320 2865 4359 omnem
2920 4304 3290 4361 necessitatis
3342 4304 3592 4359 formam

173 4392 585 4467 ἐσταθμημένην
639 4394 811 4446 ποιεῖν
869 4390 971 4459 τὴν
1021 4386 1205 4460 ἔξοδον
1236 4387 1585 4464 προσέταττε,
1618 4388 1707 4443 καὶ
1754 4392 1823 4444 τὰ

1945 4393 2452 4463 axeedentes,quas
2470 4391 2819 4465 singulatim
2834 4394 3047 4449 referre
3063 4392 3261 4464 magni
3279 4392 3359 4447 sit
3373 4391 3596 4465 ingenii

1371 4549 1735 4629 XYLANDRI
1774 4553 1861 4607 ET
1897 4551 2117 4608 GOARI
2155 4551 2389 4608 NOT/E.

238 4678 349 4751 (17)
392 4680 589 4735 Locus
637 4677 873 4751 videtur
903 4675 1103 4751 fuisse
1157 4675 1256 4731 ubi
1304 4674 1683 4751 vectigalium
1728 4681 1832 4751 aut

175 4746 526 4837 pensionum
580 4750 835 4837 rationes
886 4749 1264 4837 ducerentur.
1316 4746 1479 4837 Χῖις
1512 4776 1582 4837 -ῖ
1640 4746 1827 4816 Ταξεί-

175 4818 405 4902 Brevest
455 4823 745 4890 navigatio
788 4837 882 4876 seu
930 4822 1036 4902 i.’_er
1064 4821 1218 4902 man:
1262 4818 1684 4902 conﬁciendum,
1717 4837 1831 4902 quo

174 4895 391 4949 subditi
423 4898 768 4975 gravantur,
797 4907 928 4975 cum
956 4893 1262 4975 insperato
1278 4891 1833 4975 adveniente-mim-

176 4962 497 5036 peratorein
521 4964 916 5036 suscipientes
940 4962 1110 5019 donis
1127 4962 1463 5034 conciliant,
1488 4962 1832 5017 comitatum

176 5037 355 5093 alunt.
390 5039 711 5093 abeuntem
763 5036 939 5091 etiam
991 5041 1434 5093 prosequuntur
1464 5035 1832 5093 muneribus.

174 5050 355 5107 alunt,
390 5050 711 5093 abeuntem
763 5050 959 5107 etiam,
989 5050 1434 5107 prosequuntur
1464 5050 1834 5102 muneribus,

176 5125 236 5165 ac
268 5105 379 5165 sibi
413 5107 767 5165 necessariis
808 5108 879 5162 ad
911 5105 1089 5163 vitam
1138 5106 1561 5162 destituuntur.
1599 5108 1733 5171 Quae
1764 5108 1835 5162 de

176 5182 386 5236 taxidio
439 5178 1024 5253 profert_Xy_lander,
1057 5177 1308 5253 ri_d_icula
1356 5186 1511 5232 sunt.
1557 5178 1735 5253 Gonn.
1766 5208 1837 5219 —-

177 5254 252 5308 Cf.
323 5250 579 5307 Has—ium
634 5250 704 5305 ad
766 5250 1026 5306 Leonem
1094 5250 1441 5317 Diacouum,
1507 5251 1662 5320 apud
1730 5265 1836 5305 nos

175 5331 309 5380 tom.
343 5324 607 5391 CXVIII,
639 5322 750 5377 col.
784 5322 911 5387 753,
948 5326 1065 5377 not.
1102 5323 1191 5377 50.
1218 5322 1376 5377 Enrr.
1412 5320 1583 5376 PATR.

242 5398 353 5468 (l8)
386 5396 520 5451 Non
540 5393 929 5450 dissimulabo
949 5394 1209 5468 studiose
1230 5409 1325 5449 me
1348 5394 1455 5449 hac
1478 5407 1833 5468 usumvoce,

176 5464 294 5540 quae
338 5464 802 5538 "ambiguitatem
840 5466 1153 5540 retineret.
1206 5471 1352 5523 Nam
1402 5469 1460 5521 et
1502 5464 1667 5520 fundi
1700 5468 1838 5519 sunt

177 5537 506 5597 immobilia
529 5537 720 5603 bona,
753 5537 1041 5610 quidquid
1093 5554 1398 5610 eoigenere
1431 5541 1700 5593 censetur
1741 5554 1754 5592 :
1785 5539 1841 5592 et

176 5629 272 5684 ego
302 5617 515 5694 tamen
536 5610 858 5694 magisboc
879 5609 1020 5694 puto
1044 5609 1294 5694 intelligi
1316 5611 1388 5665 de
1410 5610 1664 5694 aeternis,
1689 5624 1840 5679 quas

176 5682 401 5755 vocant,
437 5682 887 5754 donationibus,
918 5683 1205 5740 heredem
1245 5682 1305 5739 in
1339 5689 1681 5755 perpetuam
1707 5697 1839 5737 suc-

1941 4678 2265 4733 cessionem
2291 4677 2691 4749 obligantibus
2725 4694 2737 4733 :
2773 4678 3048 4750 qualibus
3080 4677 3437 4750 ampliﬁcata
3467 4690 3595 4729 esse

1941 4750 2095 4805 bona
2123 4767 2247 4819 quas
2270 4748 2668 4806 ecclesiastica
2685 4748 2983 4819 dicuntur,
3009 4768 3122 4804 non
3147 4754 3236 4804 est
3256 4748 3593 4819 obscurum.

1940 4818 2208 4888 Nolebat,
2261 4830 2419 4891 pulo,
2460 4838 2643 4877 unum
2696 4818 3417 4892 aliquem’imperatorem
3469 4818 3603 4875 aliis

1941 4895 2317 4965 praescribere
2350 4894 2711 4965 successuris
2747 4901 3034 4965 quantum
3086 4910 3153 4947 ex
3184 4908 3291 4947 suo
3316 4892 3462 4965 ﬁsco
3498 4892 3600 4945 de-

1944 4963 2137 5036 cidere
2167 4970 2472 5036 cogeretur
2523 4964 2659 5021 huic
2688 4963 2780 5036 veI
2829 4966 2960 5020 huic
3010 4963 3387 5036 monasterio,
3421 4964 3599 5036 homo

1944 5034 2610 5109 belloimag'nusyquod
2663 5035 2722 5089 οὗ
2756 5041 2979 5090 σιτεῖται
3033 5034 3393 5109 μετρούμενα.
3447 5035 3596 5109 Ergo

1946 5109 1996 5164 si
2029 5108 2162 5179 quis
2207 5106 2380 5163 vellet
2425 5106 2647 5180 largiri,
2682 5109 2738 5163 id
2789 5109 2916 5164 sine
2965 5106 3400 5180 praescriptione
3450 5112 3511 5180 et
3540 5107 3597 5161 in

1946 5177 2205 5251 praesens
2235 5179 2440 5249 (semel
2468 5177 2591 5251 pro
2640 5196 2891 5250 semper,
2928 5177 3083 5251 quod
3133 5177 3319 5251 aiunt)
3352 5177 3602 5249 putabat

1946 5250 2220 5323 praestare
2250 5252 2398 5305 ﬁeri.
2431 5250 2577 5306 Nam
2611 5252 2702 5305 vix
2749 5253 2921 5306 credo
2950 5250 3087 5306 eum
3122 5250 3494 5323 prohibuisse
3528 5267 3600 5305 ne

1946 5322 2081 5395 quis
2114 5323 2362 5377 fundum
2393 5323 2657 5395 donaret,
2684 5324 3009 5393 praesertim
3043 5322 3474 5395 privatus.Sed
3509 5337 3599 5375 re-

1946 5394 2169 5450 ditibus
2216 5395 2576 5465 perpetuatis
2630 5394 2804 5449 fretos
2856 5394 3151 5451 sacrificos
3201 5394 3433 5450 videbat
3464 5411 3599 5445 σπα-

1945 5465 2134 5535 ταλᾷν.
2172 5465 2371 5521 Lector
2402 5470 2681 5537 sequetur
2712 5469 2865 5538 quod
2899 5467 3068 5523 volet.
3120 5466 3369 5521 Omnino
3401 5469 3601 5522 autem

1950 5538 2101 5595 male
2126 5538 2287 5611 apud
2319 5538 2427 5593 hoc
2457 5555 2642 5611 genus
2673 5538 3087 5596 historicorum
3122 5538 3391 5607 audiunt,
3425 5542 3599 5609 quot-

1950 5614 2095 5740 quot
2124 5610 2274 5665 bello
2318 5627 2443 5695 rem
2466 5610 2771 5681 publicam
2819 5616 3051 5669 tuentes
3083 5616 3139 5668 et
3169 5614 3450 5684 augentes
3480 5625 3599 5665 non

1992 5687 2215 5740 itaruut
2242 5683 2565 5740 sacriﬁcos.
2601 5682 2743 5739 XYL.

1992 5684 2215 5740 itaruut
2242 5683 2565 5741 sacriﬁcos.
2601 5682 2743 5739 XYL.
