3922 6132
291 330 408 389 103

1635 320 1957 385 GEORGII
1997 320 2343 385 GEDRENI

3579 324 3704 387 104

284 481 350 519 ac
382 460 683 518 facundiae.
700 457 893 515 Voluit
907 457 1082 513 etiam
1102 456 1288 528 legem
1309 454 1481 521 ferre,
1507 470 1624 524 qua
1647 451 1938 509 militibus

2098 455 2277 529 εριττά
2329 450 2754 528 ἀνελαμϐάνετο.
2818 457 2920 513 Καὶ
2973 453 3119 512 ἄλλα
3179 458 3303 513 τινὰ
3359 455 3705 533 διατάγματα

284 554 339 607 in
374 550 525 607 bello
582 547 1070 605 occumbentibus
1116 549 1445 616 martyrum
1494 544 1948 599 decernerentur

281 644 553 705 honores,
590 643 653 694 ut
682 638 782 708 qui
814 637 931 691 alia
958 635 1119 690 nulla
1149 634 1208 689 in
1242 650 1302 688 re
1334 649 1511 704 quam
1543 632 1601 686 in
1636 631 1785 687 bello
1817 632 1942 686 ani-

282 726 1019 792 maecollocaretsalutem;
1045 722 1945 796 patriarchamqueetepiscopos

279 824 531 876 conatus
561 822 652 874 est
682 818 752 871 ad
773 832 903 871 eam
927 814 1290 886 probandam
1314 812 1568 883 adigere.
1593 811 1706 865 Sed
1732 811 1942 866 horum

280 910 522 981 quidam
558 907 783 961 fortiter
814 905 1152 959 resistentes
1184 918 1318 957 eum
1350 918 1384 955 a
1421 900 1721 972 proposito
1750 901 1942 955 dimo-

280 1002 513 1064 verunt,
549 995 773 1068 prolato
803 995 862 1048 in
899 993 1159 1048 medium
1218 989 1420 1046 Basilii
1470 990 1660 1061 Magni
1694 1006 1939 1055 canone,

281 1089 379 1160 qui
416 1104 516 1159 per
553 1084 877 1140 triennium
921 1081 1106 1137 sacris
1156 1080 1339 1136 arceri
1366 1080 1536 1151 jubet
1563 1096 1663 1135 eos
1696 1079 1801 1151 qui
1832 1079 1940 1135 ho-

280 1184 432 1233 stem
488 1174 639 1230 bello
700 1172 1153 1227 interfecissent.
1231 1168 1535 1225 Nomisma
1613 1168 1788 1224 etiam
1852 1174 1938 1224 at-

279 1264 557 1329 tenuavit,
610 1266 888 1317 tetartero
940 1261 1287 1331 excogitato.
1333 1262 1597 1330 Cumque
1647 1274 1713 1313 eo
1765 1260 1940 1314 modo

283 1358 313 1411 d
327 1355 497 1426 uplex
515 1356 671 1408 esset
692 1367 995 1418 nummus,
1014 1348 1323 1420 pensiones
1348 1347 1594 1419 publicae
1612 1348 1940 1419 graviorem

282 1443 612 1515 exigebant,
674 1441 861 1495 minor
916 1441 975 1493 in
1028 1438 1368 1509 sumptibus
1427 1437 1711 1492 faciendis
1766 1438 1940 1493 dissi-

285 1534 553 1605 pabatur.
590 1532 851 1601 Cumque
883 1533 1041 1585 esset
1085 1528 1210 1598 lege
1241 1531 1297 1583 et
1326 1527 1754 1582 consuetudine
1786 1542 1941 1581 rece-

284 1630 451 1695 ptum
479 1626 759 1677 utomnes
773 1618 1002 1673 nummi
1026 1616 1666 1688 imagineimperatoris
1689 1615 1941 1687 alicujus

285 1712 488 1778 notati,
522 1710 695 1764 modo
740 1706 984 1778 ponderi
1028 1707 1192 1776 justo
1244 1705 1389 1759 nihil
1422 1706 1744 1772 decederet,
1783 1706 1939 1761 idem

283 1801 565 1865 valerent,
598 1799 724 1869 ipse
756 1814 865 1851 sua
896 1797 1163 1866 insignes
1198 1794 1451 1867 imagine
1485 1795 1767 1866 praeferri,
1798 1794 1938 1850 alio-

285 1907 416 1945 rum
449 1886 743 1959 depressis
762 1885 990 1956 pretiis,
1010 1883 1214 1939 voluit.
1238 1885 1434 1954 anue
1466 1900 1527 1938 re
1558 1883 1711 1937 haud
1738 1882 1945 1938 leviter

289 1978 545 2035 subditis
576 1978 635 2032 in
669 1973 1205 2047 permutationibus
1234 1972 1714 2028 incommodavit.
1748 1972 1943 2027 Deter-

285 2070 500 2124 rimum
532 2067 641 2121 hoc
673 2066 803 2132 fuit,
839 2064 1019 2136 quod,
1055 2062 1354 2134 republica
1384 2062 1479 2117 his
1512 2063 1686 2117 rebus
1718 2062 1939 2130 attrita,

288 2158 524 2214 interim
557 2171 753 2211 rerum
787 2152 1079 2210 venalium
1113 2151 1276 2207 nulla
1306 2151 1415 2206 fuit
1436 2151 1725 2207 allevatio.
1753 2156 1941 2223 Atque

288 2248 409 2303 haec
440 2245 637 2301 omnia
667 2261 801 2299 cum
834 2246 1032 2298 essent
1066 2241 1506 2307 molestissima,
1529 2240 1834 2313 aegerrime
1868 2241 1944 2295 ci-

286 2354 385 2392 ves
400 2335 670 2392 tulerunt
686 2332 885 2405 palatii
906 2330 1317 2386 munitionem.
1341 2330 1483 2386 Nam
1512 2330 1715 2385 multis
1738 2346 1865 2401 quae
1883 2328 1942 2383 in

289 2427 490 2482 orbem
536 2425 691 2480 circa
740 2422 1021 2493 palatium
1068 2425 1235 2475 erant
1283 2419 1547 2491 pulchris
1577 2420 1733 2473 370
1770 2425 1945 2490 atque

292 2515 522 2588 magnis
553 2513 831 2584 operibus
853 2510 1097 2581 dejectis
1125 2525 1317 2564 arcem
1354 2525 1419 2563 ac
1451 2508 1649 2564 sedem
1683 2508 1942 2579 tyranni-

289 2622 416 2661 cam
464 2608 667 2660 contra
716 2602 963 2656 miseros
1010 2599 1165 2655 cives
1216 2597 1432 2669 palatio
1483 2597 1755 2665 astruxit,
1788 2596 1847 2651 in
1881 2614 1946 2652 ea

292 2695 489 2761 cellas,
520 2692 814 2765 granaria,
847 2690 1109 2746 clibanos
1131 2693 1188 2744 et
1218 2689 1420 2743 furnos
1443 2688 1699 2743 condens
1730 2691 1787 2742 et
1818 2704 1941 2741 om-

292 2783 465 2838 nibus
500 2798 696 2836 rerum
749 2778 1063 2850 generibus
1096 2775 1369 2846 implens.
1408 2775 1752 2830 Praedictum
1786 2774 1944 2829 enim

290 2873 485 2927 fuerat
523 2871 573 2924 ei
606 2870 664 2923 in
715 2867 931 2939 palatio
982 2866 1175 2936 ipsum
1228 2864 1601 2918 moriturum.
1654 2863 1944 2918 Nimirum

294 2965 488 3015 autem
548 2957 857 3031 ignorabat
901 2955 1205 3010 incassum
1263 2952 1629 3008 excubitores
1681 2952 1943 3023 vigilare,

296 3057 409 3105 Deo
442 3050 646 3104 urbem
682 3064 795 3101 non
840 3044 1226 3101 custodiente.
1282 3042 1507 3097 Etenim
1539 3058 1654 3112 quo
1685 3046 1945 3113 tempore

300 3154 507 3193 murus
538 3134 741 3208 palatii
766 3133 1149 3196 condebatur,
1174 3135 1343 3185 nocte
1367 3129 1616 3201 quadam
1654 3145 1755 3200 per
1786 3145 1944 3184 mare

2057 541 2272 597 διετίθει
2336 534 2508 598 πᾶσαν
2585 542 2726 599 ἰδέαν
2799 545 3032 621 ἀνάγκης
3109 547 3613 623 ὑπερεκπίπτοντα,
3674 548 3707 602 ἃ

2053 633 2191 687 κατὰ
2224 633 2385 708 μέρος
2416 631 2661 704 διεξιέναι
2726 634 3110 711 μεγαληγόρου
3151 634 3319 691 δεῖται
3370 638 3459 692 καὶ
3508 639 3703 713 φρενὸς

2055 722 2145 775 καὶ
2200 721 2472 797 γλώττης.
2519 721 2850 778 Ἐσπούδασε
2899 722 2956 778 δὲ
3001 726 3089 779 καὶ
3138 725 3305 798 νόμον
3358 732 3526 790 θεῖναι
3576 725 3706 787 τοὺς

2053 810 2105 864 ἐν
2158 810 2429 884 πολέμοις
2477 811 2920 883 ἀποθνήσκοντας
2981 816 3314 887 στρατιώτας
3355 820 3705 890 μαρτυρικῶν

2053 898 2327 969 ἀξιοῦσθαι
2348 900 2611 975 γερῶν,ἐν
2639 898 2787 975 μόνῳ
2816 908 2893 976 τῷ
2916 902 3150 977 πολέμῳ
3178 905 3460 967 τιθέμενος
3489 906 3581 959 καὶ
3604 905 3710 959 οὐκ

2053 987 2105 1043 ἐν
2138 986 2296 1063 ἄλλῳ
2324 990 2434 1044 τινὶ
2463 991 2563 1059 τὴν
2593 993 2693 1059 τῆς
2736 995 2923 1068 ψυχῆς
2972 994 3267 1069 σωτηρίαν.
3303 997 3606 1072 Κατήπειγε
3649 992 3709 1048 δέ

2050 1078 2140 1132 καὶ
2198 1080 2287 1133 τὸν
2337 1078 2684 1155 πατριάρχην
2746 1082 2834 1135 καὶ
2884 1081 3013 1144 τοὺς
3054 1078 3383 1146 ἐπισκόπους
3415 1082 3709 1148 συνθέσθαι

2051 1172 2130 1239 τῷ
2158 1165 2409 1243 δόγματι·
2446 1167 2593 1224 ἀλλά
2627 1190 2768 1233 τινες
2812 1170 3018 1226 τούτων
3051 1172 3313 1246 γενναίως
3367 1173 3707 1236 ἀντιστάντες

2053 1257 2305 1332 ἀπεῖρξαν
2362 1259 2522 1313 αὐτὸν
2577 1262 2673 1313 τοῦ
2732 1265 2959 1328 σκοποῦ,
3019 1263 3310 1334 προθέντες
3378 1262 3456 1322 εἰς
3538 1264 3708 1335 μέσον

2050 1348 2142 1401 τὸν
2219 1352 2314 1401 τοῦ
2389 1347 2631 1423 μεγάλου
2698 1347 2982 1405 Βασιλείου
3038 1352 3255 1420 κανόνα,
3323 1351 3411 1405 ἐπὶ
3472 1352 3712 1426 τριετίαν

2052 1437 2453 1507 ἀκοινωνήτους
2508 1439 2643 1492 εἶναι
2705 1438 2932 1514 λέγοντα
3025 1439 3118 1502 οὺς
3179 1439 3450 1514 πολέμιον
3493 1438 3547 1495 ἓν
3598 1462 3711 1495 τινι

2052 1525 2285 1599 πολέμῳ
2317 1528 2677 1601 ἀνῃρηκότας.
2719 1528 3035 1584 Ἠλάττωσε
3065 1527 3123 1584 δὲ
3179 1529 3267 1584 καὶ
3325 1530 3387 1585 τὸ
3434 1530 3707 1603 νόμισμα,

2050 1615 2113 1670 τὸ
2170 1614 2466 1689 λεγόμενον
2535 1618 2864 1692 τεταρτηρὸν
2915 1620 3031 1691 (19)
3071 1621 3152 1691 [Ρ.
3204 1622 3331 1693 659]
3391 1619 3709 1689 ἐπινοήσας.

2053 1702 2261 1758 Διπλοῦ
2319 1702 2375 1759 δὶ
2422 1710 2519 1759 τοῦ
2565 1708 2901 1779 νομίσματος
2944 1706 3128 1762 ἔκτοτε
3173 1708 3491 1784 γεγονότος,
3523 1712 3557 1777 ἠ
3609 1710 3711 1781 μὶν

2055 1792 2327 1865 εἷ’σπραξις
2358 1799 2465 1848 τῶν
2501 1792 2782 1867 δημοσίων
2817 1797 2999 1873 φόρων
3032 1797 3093 1851 τὸ
3127 1798 3421 1874 βαρύτερον
3481 1798 3709 1871 ἀπῄτει,

2053 1881 2104 1937 ἐν
2139 1880 2195 1937 δὲ
2222 1888 2340 1957 τρῖς
2374 1881 2579 1953 ἐξόδοις
2625 1886 2688 1938 τὸ
2741 1886 2930 1956 μικρὸν
2979 1884 3350 1959 ἐσκορπίζετο.
3402 1886 3595 1960 Νόμου
3650 1884 3713 1941 δὶ

2051 1972 2139 2026 καὶ
2173 1970 2325 2035 ἔθους
2358 1968 2527 2026 ὅντων
2559 1973 2762 2034 παντὸς
2811 1981 3134 2049 χαρακτῆρα
3190 1975 3484 2049 βασιλέως,
3518 1976 3569 2031 εἷ’
3625 1977 3707 2047 μή

2051 2064 2130 2131 τῷ
2179 2066 2403 2133 σταθμῷ
2453 2060 2759 2128 έλαττοῖτο,
2791 2060 3022 2136 δύναμιν
3075 2058 3223 2138 ἔχειν
3275 2064 3546 2137 ἰσότιμον,
3584 2066 3611 2119 6
3647 2062 3712 2119 δὶ

2050 2150 2141 2203 τὸν
2188 2150 2378 2204 ἑαυτοῦ
2430 2150 2816 2225 προκεκρίσθαι
2890 2152 3303 2226 ἐνομοθέτησεν,
3368 2149 3714 2215 ὑποϐιόάσας

2052 2236 2178 2299 τοὺς
2205 2241 2313 2291 τῶν
2343 2234 2553 2294 ἄλλων.
2590 2239 2673 2308 Ἐξ
2698 2242 2764 2307 ἧς
2797 2238 2970 2302 αἰτίας
3016 2241 3080 2294 οὐ
3138 2246 3349 2316 μικρῶς
3400 2239 3589 2315 ἔθλιψε
3644 2242 3715 2297 τὸ

2056 2325 2298 2395 ὑπήκοον
2349 2325 2401 2380 ἐν
2449 2332 2566 2389 τοῖς
2618 2325 2939 2403 λεγομένοις
2989 2328 3296 2404 ἀλλαγίοις.
3350 2331 3447 2385 Καὶ
3522 2332 3586 2385 τὸ
3643 2329 3717 2399 δή

2054 2416 2353 2488 χείριστον,
2388 2414 2448 2470 ἐκ
2478 2420 2577 2481 τῆς
2624 2416 2893 2487 τοιαύτης
2936 2418 3111 2480 αἰτίας
3160 2423 3257 2473 τοῦ
3305 2417 3721 2493 πολιτεύματος

2055 2504 2380 2576 πιεζομένου
2412 2503 2671 2578 οὐδεμίαν
2701 2506 2945 2577 εὐθηνίαι
2991 2506 3235 2578 ἐδέξαντο
3287 2509 3355 2563 τά
3401 2509 3718 2582 ὠνούμενα.

2055 2593 2226 2648 Πλέον
2266 2592 2325 2647 δὲ
2351 2599 2459 2648 τῶν
2492 2593 2675 2650 ἄλλων
2708 2596 2897 2663 ἠνίασε
2950 2596 3078 2659 τοὺς
3126 2599 3466 2673 ἀνθρώπους,
3512 2598 3718 2673 καίπερ

2056 2682 2174 2738 λίαν
2210 2679 2380 2738 ὄντων
2424 2683 2858 2759 χαλεπωτάτων,
2889 2688 2922 2755 ἡ
2954 2690 3051 2740 τοῦ
3097 2686 3315 2762 τείχους
3373 2688 3544 2748 κτίσις
3597 2693 3714 2742 τῶν

2054 2772 2353 2829 παλατίων.
2390 2770 2584 2829 [Ιολλά
2611 2773 2709 2849 γὰρ
2744 2771 2873 2850 ἔργα
2900 2774 3093 2847 κύκλῳ
3128 2772 3251 2829 ὄντα
3280 2779 3379 2829 τοῦ
3410 2773 3714 2845 παλατίου,

2056 2861 2130 2924 εἷς
2189 2860 2394 2924 κάλλος
2452 2862 2542 2916 καὶ
2605 2861 2828 2935 μέγεθος
2890 2863 3292 2938 ἐξειργασμένα,
3336 2865 3713 2940 καταστρεψά-

2059 2972 2237 3024 μενος,
2287 2950 2588 3026 ἀκρόπολιν
2638 2951 2725 3006 καὶ
2779 2958 3085 3024 τυραννεῖον
3137 2956 3273 3008 κατὰ
3328 2960 3434 3008 τῶν
3498 2954 3717 3018 ἀθλίων

2053 3039 2294 3095 πολιτῶν
2373 3040 2759 3115 ἀπειργάσατο,
2828 3042 3109 3112 ἀποθήκας
3183 3042 3274 3097 καὶ
3336 3039 3720 3108 σιτοϐολῶνας

2055 3124 2264 3184 ἔνδοθεν
2323 3130 2413 3183 καὶ
2467 3129 2655 3192 ἰπνοὺς
2699 3130 2789 3184 καὶ
2838 3126 3131 3193 κλιϐάνους
3189 3133 3557 3208 ἐργασάμενος
3620 3134 3717 3187 καὶ

299 3207 611 3284 subvectus
640 3223 856 3295 aliquis
888 3221 971 3277 ita
1007 3220 1360 3275 vociferatus
1388 3223 1477 3273 est
1509 3234 1521 3271 :
1559 3239 1583 3270 α
1618 3218 1661 3272 Ο
1692 3218 1943 3289 impera-

2098 3216 2357 3293 ληρώσας
2411 3216 2591 3275 εἰδῶν.
2636 3217 3063 3293 Προτεθέσπιστο
3119 3207 3224 3295 γάρ
3296 3221 3443 3293 αὐτῷ
3491 3218 3715 3286 ἔνδοθεν

295 3323 407 3382 tor,
456 3315 630 3387 erigis
681 3328 879 3368 muros
914 3328 927 3367 :
961 3314 1018 3365 et
1063 3309 1300 3364 tametsi
1344 3307 1431 3363 vel
1477 3308 1548 3363 ad
1590 3306 1799 3362 omium
1844 3323 1943 3362 eos

292 3407 528 3474 educas,
561 3404 722 3459 intus
774 3417 906 3457 cum
955 3400 1031 3456 sit
1082 3398 1327 3467 malum,
1360 3397 1502 3453 urbs
1551 3400 1725 3467 captu
1758 3396 1944 3452 facilis

292 3501 401 3551 est.
438 3515 462 3546 ι
496 3493 605 3558 Qui
637 3493 760 3547 haec
792 3490 957 3557 dixit,
983 3488 1084 3543 diu
1109 3486 1485 3557 multumque
1515 3491 1605 3540 est
1635 3485 1940 3556 quaesitus,

294 3602 408 3641 non
442 3588 637 3639 tamen
669 3581 966 3635 inventus.
995 3577 1159 3631 Muro
1190 3575 1345 3630 enim
1369 3574 1639 3630 absoluto
1671 3579 1811 3629 tunc
1842 3591 1941 3645 pe-

293 3674 412 3741 riit,
446 3688 514 3727 ea
562 3671 690 3742 ipsa
720 3668 833 3734 die,
867 3683 1001 3723 cum
1052 3666 1102 3721 ei
1154 3665 1343 3720 claves
1390 3664 1440 3718 is
1471 3663 1565 3718 cui
1618 3664 1675 3719 id
1725 3663 1942 3735 negotii

294 3761 683 3818 commissum
714 3761 840 3812 erat
868 3756 927 3810 in
962 3771 1172 3811 manus
1204 3754 1476 3809 traderet.

2050 3312 2149 3361 τοῦ
2179 3307 2449 3362 παλατίυυ
2500 3309 2785 3362 ἀποθανεῖν
2836 3312 2971 3379 (20),
3019 3310 3204 3383 ἠγνόει
3255 3308 3322 3379 δ’,
3377 3311 3453 3374 ὡς
3510 3307 3717 3383 ἔοικεν,

2053 3398 2126 3458 ὡς
2185 3396 2231 3451 εί
2295 3398 2371 3468 μὴ
2433 3398 2628 3470 Κύριος
2688 3397 2907 3475 φυλάξει
2966 3397 3153 3472 πόλιν,
3181 3399 3259 3462 εἷς
3315 3399 3486 3472 μάτην
3529 3401 3719 3476 ἠγρύ-

2051 3507 2252 3555 πνησεν
2283 3487 2311 3540 6
2344 3486 2655 3560 φυλάσσων.
2687 3490 2819 3543 ’Ὁτε
2849 3487 2952 3563 γὰρ
2983 3489 3046 3542 τὸ
3076 3495 3265 3564 τεῖχος
3296 3495 3391 3543 τοῦ
3439 3488 3718 3546 παλατίου

2050 3576 2489 3644 κατεσκευάζετο,
2542 3581 2638 3648 μιᾷ
2693 3581 2800 3631 τῶν
2862 3582 3067 3632 νυκτῶν
3123 3577 3224 3632 ἀνά
3283 3581 3380 3648 τὴν
3433 3577 3716 3643 θάλασσαν

2053 3664 2342 3720 ὑποπλέων
2392 3686 2477 3727 τις
2531 3660 2853 3736 ἐξεϐόησεν·
2915 3692 2943 3718 ‹‹
3008 3670 3072 3721 Ὦ
3135 3667 3379 3742 βασιλεῦ,
3425 3670 3588 3742 ὑψοῑς
3648 3670 3722 3723 τὰ

2050 3754 2232 3828 τείχη,
2291 3752 2386 3808 κᾶν
2446 3754 2614 3829 μέχρι
2666 3754 2842 3810 πόλου
2901 3756 3126 3833 φθάσῃς,
3186 3752 3341 3811 ἔνδον
3403 3758 3464 3811 τὸ
3514 3759 3718 3828 κακὸν,

292 3848 564 3909 εὐάλωτος
620 3849 656 3916 ἡ
707 3843 893 3902 πόλις.
927 3867 954 3896 ››
990 3840 1184 3900 Πολλὰ
1237 3838 1295 3896 δέ
1354 3839 1704 3910 ἀναζητηθεὶς
1753 3840 1780 3894 ὁ
1823 3844 1981 3896 τοῦτο
2042 3842 2207 3896 εἰπὼν
2242 3842 2348 3917 οὐχ
2378 3842 2590 3917 εὑρέθη.
2627 3846 2740 3899 Τοῦ
2768 3843 2987 3918 τείχους
3017 3846 3119 3920 γὰρ
3148 3844 3553 3914 τελειωθέντυς,
3587 3846 3724 3901 τότε

290 3933 486 4007 συνέϐη
518 3936 607 3991 καὶ
638 3933 799 3990 αὐτὸν
831 3934 947 3988 κατ’
979 3930 1143 3999 αὐτὴν
1170 3931 1267 3998 τήν
1296 3928 1503 4005 ἡμέραν
1540 3929 1849 3995 ἀποθανεῖν,
1876 3931 2112 4000 ὁπηνίκα
2141 3932 2234 3994 τὰς
2266 3931 2416 3994 κλεῖς
2450 3933 2476 3986 ὁ
2508 3933 2606 4001 τὴν
2657 3931 2971 4005 ἐπιμέλειαν
3017 3932 3479 4009 ἐπιτετραμμένος
3528 3933 3725 4011 φέρων

289 4026 435 4097 αὐτῷ
463 4022 776 4100 ἐνεχείρισε.

358 4116 618 4172 Accessit
638 4115 710 4168 ad
736 4113 853 4167 haec
886 4109 1069 4179 aliud,
1092 4108 1245 4179 quod
1271 4108 1405 4163 odia
1436 4107 1495 4162 in
1530 4108 1944 4180 imperatorem

288 4203 672 4278 exasperavit.
692 4206 824 4273 Ipso
842 4199 1143 4255 Paschatis
1160 4198 1307 4254 festo
1322 4197 1569 4267 die,orto
1594 4197 1746 4253 inter
1758 4200 1947 4255 socios

289 4294 523 4350 navales
556 4297 613 4348 et
654 4289 959 4346 Armenios
1009 4287 1288 4343 conflictu
1322 4286 1595 4357 utrinque
1644 4287 1815 4343 multi
1848 4306 1944 4360 pe~

288 4387 531 4451 rierunt,
560 4387 616 4437 et
646 4384 893 4436 mortem
927 4394 1079 4449 egre
1107 4377 1292 4432 evasit
1338 4376 1595 4432 Sisinius
1640 4378 1946 4447 patricius,

2132 4108 2495 4183 Προσεγένετο
2556 4107 2613 4164 δὲ
2668 4115 2786 4171 τοῖς
2842 4109 3153 4183 εἰρημένοις
3208 4111 3296 4167 καὶ
3338 4109 3541 4186 ἕτερον,
3578 4113 3725 4191 ὅπερ

2059 4198 2146 4252 ἐπὶ
2180 4198 2348 4255 πλέον
2382 4199 2538 4273 ἐξῆρε
2566 4200 2628 4255 τὸ
2658 4202 2773 4254 κατ’
2804 4200 2970 4254 αὐτοῦ
3014 4206 3190 4273 μῖσος.
3229 4197 3529 4274 Συμϐολῆς
3562 4225 3732 4277 γενο-

2065 4286 2229 4359 μένης
2274 4292 2387 4342 κατ’
2434 4289 2603 4358 αὐτὴν
2643 4290 2742 4357 τήν
2773 4290 2967 4362 ἑορτὴν
3000 4294 3098 4343 τοῦ
3128 4289 3281 4366 ἁγίου
3317 4290 3510 4366 Πάσχα
3553 4294 3733 4364 μέσον

2057 4375 2331 4449 πλωίμων
2387 4378 2475 4431 καὶ
2535 4378 2855 4451 Ἀρμενίων,
2907 4378 3083 4442 πολὺς
3146 4379 3446 4455 ἀνθρώπων
3497 4380 3728 4455 ἐγένετο

291 4474 458 4530 urbis
485 4471 815 4545 praefectus.
836 4468 1052 4523 Exinde
1073 4468 1228 4522 fama
1252 4466 1507 4521 obtinuit
1530 4468 1942 4537 imperatorem

2098 4465 2275 4540 θόρος,
2316 4470 2513 4540 μικροῦ
2559 4465 2605 4521 δ’
2636 4464 2697 4521 ἂν
2746 4463 2955 4522 ἀπεϐίω
2997 4469 3084 4522 καὶ
3138 4469 3165 4522 ὁ
3214 4451 3510 4545 μάγιστρος
3538 4451 3726 4526 *Σισίο

287 4564 510 4619 civibus
531 4562 847 4627 infensum,
868 4558 1022 4630 quod
1042 4573 1140 4612 eos
1157 4555 1337 4627 hujus
1360 4556 1651 4611 tumultus
1675 4561 1943 4612 auctores

288 4656 571 4719 censeret,
605 4650 885 4706 statuisse
915 4647 1072 4702 ludis
1103 4645 1477 4716 equestribus
1524 4662 1622 4701 eos
1656 4646 1716 4700 in
1747 4662 1943 4702 casses

290 4747 571 4799 attractos
606 4739 828 4795 ulcisci.
882 4735 1060 4791 Paulo
1095 4740 1226 4807 post
1274 4734 1398 4789 ludi
1449 4740 1751 4805 equestres
1783 4736 1942 4791 facti.

291 4832 374 4888 Ibi
406 4830 789 4901 Nicephorus,
813 4831 878 4882 ut
903 4825 1129 4881 civibus
1151 4824 1488 4880 ostenderet
1520 4824 1659 4895 quid
1693 4824 1774 4879 rei
1808 4840 1941 4879 con-

289 4922 486 4977 ﬂictus
516 4936 723 4991 pugnae
750 4921 925 4983 esset,
944 4923 1041 4971 aut
1072 4914 1249 4970 etiam
1280 4919 1341 4969 ut
1363 4930 1462 4969 eos
1485 4917 1943 4985 terreret,quos-

291 5011 427 5067 dam
460 5008 636 5064 nudis
688 5005 894 5076 gladiis
939 5003 1275 5061 dimicando
1326 5001 1511 5074 praelii
1556 5002 1942 5057 simulacrum

2054 4576 2169 4616 νιος
2220 4554 2307 4607 καὶ
2355 4551 2623 4631 ἔπαρχοσ,
2659 4553 2939 4611 Διεδέδοτο
2989 4554 3046 4611 δέ
3096 4559 3256 4634 φήμη
3305 4557 3360 4612 ἐγ
3392 4557 3592 4613 τούτου
3643 4561 3730 4624 ὡς

2053 4642 2409 4719 χαλεπαίνων
2464 4651 2580 4707 τοῖς
2628 4644 2879 4708 πολίταις
2931 4647 2959 4700 6
3008 4646 3347 4721 Νικηφόρος,
3383 4648 3455 4709 ὡς
3512 4648 3729 4713 αἰτίοις

2052 4734 2198 4808 τάχα
2249 4741 2347 4803 τῆς
2402 4734 2639 4807 ἀταξίας,
2699 4734 2751 4789 ἐν
2809 4738 2991 4809 ἡμέρᾳ
3066 4733 3435 4813 ’ἱπποδρομίας
3514 4737 3732 4811 μέλλει

2055 4822 2384 4897 σαγηνεύσας
2438 4825 2529 4878 τὸν
2582 4822 2759 4897 δῆμον
2805 4827 3240 4901 τιμωρήσασθαι.
3294 4826 3395 4883 Καὶ
3451 4823 3518 4895 δὴ
3576 4830 3733 4899 μετά

2061 4912 2255 4985 μικρὸν
2287 4910 2663 4987 ἱπποδρομίας
2694 4913 3053 4987 τελουμένης,
3087 4913 3420 4990 βουλόμενος
3474 4917 3501 4969 6
3530 4921 3733 4989 Νικη-

2058 5002 2226 5077 φόρος
2269 4998 2601 5074 ἐνδείξασθαι
2633 5008 2753 5065 τοῖς
2802 5002 3057 5068 πολίταις
3086 5003 3175 5059 καὶ
3207 5005 3303 5074 τήν
3335 5008 3433 5060 τοῦ
3462 5002 3735 5080 πολέμου

1498 5162 1853 5218 XYLANDRI
1893 5164 1983 5218 ET
2022 5163 2238 5218 GOARI
2278 5163 2510 5219 NOT/E.

372 5304 485 5391 £19)
515 5305 768 5391 Ζροαιῑεε
799 5294 1498 5391 39Fi’?i_‘.‘_1§l‘f’§“§‘3__v_‘i‘
1513 5296 1951 5391 39mm}???

301 5366 506 5448 ἐξάγιόν
554 5376 702 5446 lego)
750 5388 883 5448 eum
911 5369 1226 5448 redegisse
1272 5366 1645 5448 τεταρτηρόν.⁶
1675 5366 1835 5448 Quod
1870 5370 1954 5424 sic

298 5439 581 5519 intelligo,
610 5439 958 5518 posterioris
988 5439 1310 5519 nummiad
1345 5439 1593 5519 priorem
1620 5440 1801 5495 fuisse
1821 5457 1946 5519 eam

301 5511 739 5599 proportionem
772 5532 899 5587 quae
946 5518 1035 5599 est
1080 5511 1265 5599 bess'is
1300 5511 1367 5565 ad
1400 5519 1733 5599 assc‘m‘nut
1765 5516 1952 5599 (major

303 5583 547 5648 minoris
594 5594 749 5656 esset
776 5583 1136 5656 sesquiplus.
1178 5583 1419 5656 Namut
1451 5601 1483 5639 a
1527 5586 1561 5639 6
1610 5583 1835 5656 έξάγιον,
1864 5583 1951 5641 ita

303 5609 547 5648 minoris
594 5604 749 5646 esset
776 5604 1136 5656 sesquipius.
1179 5604 1322 5639 nam
1356 5604 1419 5638 ut
1451 5604 1483 5639 a
1527 5604 1561 5639 ο
1610 5604 1694 5655 ego:
1735 5604 1835 5656 ιον,
1869 5604 1949 5641 ne

302 5682 335 5719 a
362 5665 393 5719 4
421 5655 750 5737 τεταρτηρόν
782 5659 1012 5715 videtur
1058 5655 1270 5712 dictus.
1304 5654 1375 5711 Ut
1406 5656 1455 5712 si
1485 5660 1647 5713 vetus
1691 5604 1729 5714 ό
1766 5656 1949 5729 (verbi

2065 5297 2253 5383 gratia
2302 5296 2835 5383 obolos,‘nov'u‘s‘4
2884 5300 3085 5383 obolos
3134 5299 3536 5383 appendisset.
3604 5304 3742 5377 "E5-

2065 5364 2186 5419 ὁδον
2224 5384 2326 5439 pro
2360 5374 2599 5441 sumptu
2640 5369 2871 5426 videtur
2900 5371 2991 5427 bis
3022 5372 3117 5426 hic
3146 5364 3433 5444 posuisse.
3460 5375 3611 5429 XYL.

2133 5440 2249 5508 (20)
2285 5440 2582 5508 Librarius
2631 5459 2746 5498 non
2796 5444 3011 5508 inepte,
3048 5442 3144 5498 Καὶ
3194 5444 3298 5508 μὴν
3350 5438 3455 5498 ἔδει
3490 5442 3655 5508 μᾶλλ

2133 5440 2249 5524 (ξο)
2285 5440 2582 5524 Librarius
2631 5459 2746 5498 non
2796 5444 3011 5515 inepte,
3048 5440 3163 5498 Kai'
3194 5444 3298 5515 μὴν
3350 5440 3455 5498 ἔδει
3490 5442 3731 5516 μᾶλλον

2059 5507 2586 5638 τουτο
2641 5510 2904 5584 διηνεκῶς
2972 5518 3067 5569 τοῦ
3146 5513 3415 5569 παλατίου
3500 5514 3732 5593 διάγειν

2187 5616 2231 5643 ῆι
2263 5616 2395 5638 Λιμ-
