3966 6134
221 331 324 391 105

1356 325 1904 388 HISTORIARUM
1948 326 2494 393 COMPENDIUM.

3502 332 3623 395 106

218 455 492 535 συμϐολὴν
544 457 710 516 ὁποία
757 455 897 526 ἐστὶ,
940 459 1086 532 τάχα
1135 453 1181 510 δ’
1231 454 1362 519 ἴσως
1406 457 1495 512 καὶ
1534 451 1832 532 ἐκφοϐῆσαι

1970 459 2118 516 871
2156 460 2429 517 exhibere
2449 461 2655 533 jussit,
2686 461 3169 520 oblectandorum
3206 464 3432 523 scilicet
3476 483 3619 541 spe-

216 553 332 629 ξίφη
381 548 563 625 γυμνά
608 542 879 609 λαϐόντας
921 545 1072 609 τινας
1121 546 1440 620 προσέταξεν
1491 545 1567 609 ὡς
1616 546 1668 601 ἐν
1718 567 1855 623 προ-

217 642 455 717 σχήματι
514 635 801 710 πολεμίων
856 635 1065 707 παῖξαι,
1122 635 1198 699 εἰς
1254 634 1485 690 ἑστίασιν
1549 637 1696 711 τάχα
1745 640 1852 691 τῶν

215 731 429 786 θεατῶν.
481 725 693 785 Τούτου
747 723 806 780 δὲ
852 725 1173 801 γενομὲνου,
1216 725 1308 780 τὸν
1349 728 1474 780 νοῦν
1505 728 1611 780 τῶν
1649 724 1854 802 βλεπο-

220 822 385 895 μένων
455 819 822 894 ἀγνοήσαντες
881 817 934 872 οἱ
990 816 1208 892 θεωροὶ,
1266 818 1355 872 καὶ
1392 818 1501 885 τὴν
1556 821 1854 892 κρατοῦσαν

216 911 398 988 φήμην
453 906 612 969 τέλος
662 904 771 977 ἤδη
850 904 1149 980 λαμϐάνειν
1213 905 1667 978 ὑποτοπάσαντες,
1727 902 1851 978 δρο-

1967 554 2259 607 ctatorum
2309 568 2506 608 causa.
2558 550 2774 607 Verum
2806 556 3162 625 spectatores
3192 554 3333 626 quid
3358 555 3469 611 hoc
3499 558 3612 613 sibi

1962 638 2136 696 vellet
2190 640 2552 714 ignorantes,
2590 640 2837 714 jamque
2882 642 2941 697 id
2990 642 3084 714 agi
3135 646 3408 715 putantes
3457 647 3613 717 quod

1963 745 2166 785 rumor
2196 730 2316 786 fore
2336 729 2808 802 conﬁrmarat,ad
2833 730 3022 786 exitus
3045 730 3257 788 theatri
3283 738 3612 807 praeruptos

1962 834 2028 874 ac
2071 818 2330 877 lubricos
2378 837 2554 877 cursu
2602 837 2665 877 se
2694 820 3132 892 contuluerunt,
3163 821 3366 894 ibique
3391 822 3490 878 alii
3535 823 3611 879 ab

1961 906 2094 963 aliis
2123 908 2442 965 cenculcati
2476 909 2775 982 perierunt
2802 908 3438 983 permulti,omnesque
3467 914 3612 969 adeo

219 1003 362 1072 μαῖοι
410 996 498 1053 ἐπὶ
547 996 646 1058 τὰς
710 993 925 1069 ἐξόδους
982 995 1227 1071 ἐχώρουν
1285 993 1631 1070 κρημνώδεις
1691 994 1836 1050 οῧσαι

1957 995 2208 1054 invicem
2240 998 2439 1054 obtriti
2470 998 2804 1071 periissent,
2852 998 2967 1055 nisi
3000 1004 3308 1072 conspecto
3354 1001 3612 1075 impera-

211 1088 295 1143 καὶ
369 1085 662 1164 σφαλερὰς,
740 1084 831 1140 καὶ
901 1085 990 1139 ὑπ’
1061 1081 1330 1154 ἀλλήλων
1402 1083 1836 1157 συμπατούμενοι

1958 1088 2211 1158 tore,qui
2243 1087 2303 1143 in
2335 1087 2480 1144 solio
2512 1088 2795 1146 immotus
2824 1105 2890 1144 ac
2920 1088 3115 1160 quiete
3145 1090 3611 1159 assidebat,sen-

211 1178 561 1246 ἀπέθνησκον.
598 1175 700 1232 Καὶ
751 1173 1041 1229 ἀπώλοντο
1095 1173 1156 1228 ἂν
1190 1175 1419 1235 ἅπαντες
1467 1174 1552 1227 ὑπ’
1580 1171 1836 1243 ἀλλήλωκ

1958 1176 2178 1232 sissent
2210 1177 2442 1233 nolente
2471 1194 2537 1234 eo
2567 1177 2727 1234 hunc
2756 1178 3040 1235 accidisse
3061 1178 3404 1247 tumultum,
3430 1197 3497 1237 ac
3519 1181 3611 1238 fu-

209 1264 692 1338 καταπατούμενοι,
747 1265 833 1336 [Ρ.
883 1263 1010 1336 660]
1057 1262 1101 1317 εἲ
1156 1264 1231 1335 μὴ
1278 1263 1306 1317 ὁ
1351 1259 1605 1338 βασιλεὺς
1657 1262 1836 1338 ὡράθη

1955 1265 2154 1337 giendi
2187 1266 2362 1322 finem
2395 1266 2693 1323 fecissent.

208 1351 287 1406 ἐπὶ
316 1356 414 1407 τοῦ
444 1351 623 1416 θώκου
663 1352 971 1423 καθήμενος
997 1347 1157 1420 ἀδεής
1188 1371 1244 1404 τε
1285 1350 1374 1404 καὶ
1401 1346 1680 1423 ἄτρεπτος·
1733 1348 1789 1403 ὅν
1843 1346 1973 1405 ίδὼν
2005 1352 2032 1405 ὁ
2065 1348 2241 1425 δῆμος
2296 1354 2371 1427 μὴ
2416 1351 2870 1426 παρακινηθέντα,
2918 1352 3007 1407 καὶ
3056 1355 3483 1426 κατανοήσαντες
3529 1355 3604 1419 ὡς

206 1438 428 1502 ἄκοντος
458 1439 622 1494 αὐτοῦ
652 1440 844 1514 γέγονε
867 1439 929 1493 τὸ
961 1437 1275 1512 γενόμενον,
1307 1435 1535 1508 ἔστησαν
1568 1444 1668 1506 τῆς
1701 1441 1896 1515 φυγῆς.

268 1544 510 1622 Πρόοδον
543 1542 602 1601 δὲ
651 1542 916 1618 δημοσίαν
964 1546 1264 1615 ποιήσαντα
1311 1544 1403 1598 τὸν
1444 1542 1759 1621 Νικηφόρον
1793 1544 1836 1598 ἐκ

2030 1548 2176 1603 Cum
2203 1549 2277 1603 ad
2306 1549 2547 1606 Fontem
2580 1550 2790 1606 deinde
2820 1551 3137 1623 imperator
3188 1552 3416 1624 publice
3465 1570 3604 1625 pro-

201 1634 263 1709 τῇ
313 1639 473 1711 Πηγῇ
549 1634 687 1690 κατὰ
757 1635 858 1702 τήν
920 1634 1112 1708 ὲορτήν
1184 1640 1285 1702 τῆς
1342 1632 1697 1706 ’Δναλήψεως
1750 1637 1836 1687 τοῦ

1958 1638 2235 1694 cessisset
2282 1638 2443 1694 feriis
2490 1641 2931 1712 Assumptionis
2978 1640 3217 1708 Christi,
3257 1643 3600 1699 redeuntem

203 1726 432 1798 Χριστοῦ
460 1728 557 1779 τοῦ
605 1727 740 1779 Θεοῦ
787 1724 972 1796 ἡμῶν,
1024 1722 1114 1777 καὶ
1174 1721 1575 1798 ὑποστράφοντα
1624 1722 1673 1775 οἱ
1724 1742 1836 1797 συγ·

1956 1728 2188 1797 cognati
2216 1744 2419 1783 eorum
2451 1728 2551 1800 qui
2581 1730 2641 1784 in
2671 1729 2832 1786 Circo
2864 1729 3157 1802 perierant
3187 1730 3245 1786 in
3278 1731 3401 1787 foro
3425 1733 3597 1788 Arto-

201 1818 366 1888 γενεῖς
396 1817 506 1869 τῶν
556 1812 612 1868 ἐν
659 1816 737 1884 τῷ
784 1809 1119 1888 ἱπποδρόμῳ
1157 1808 1533 1866 ἀπολωλότων
1564 1808 1836 1883 δεξάμενοι

1953 1821 2162 1886 praton
2219 1820 2376 1873 nacti
2435 1818 2700 1873 convitiis
2755 1820 3180 1890 prosederunt,
3237 1820 3597 1893 ﬂagitiosum

199 1903 246 1957 ἐν
296 1906 366 1977 τῇ
410 1907 518 1957 τῶν
570 1903 951 1977 Ἀρτοπρατῶν
996 1901 1170 1977 ἀγορᾷ
1218 1894 1402 1975 ὕϐρεις
1450 1900 1674 1978 ἠφίεσαν
1726 1902 1836 1955 κιιιτ³

1950 1905 2309 1961 homicidam
2340 1910 2398 1962 et
2438 1906 2810 1979 popularium
2832 1908 3120 1982 sanguine
3137 1909 3603 1967 contaminatum

198 1975 356 2047 αὐτοῦ
415 1992 698 2067 ἀπρεπεῖς,
752 1975 1029 2067 ἀλάστορα
1073 1989 1165 2044 καὶ
1222 1988 1567 2062 παλαμναῖον
1627 1990 1835 2044 ἀποκα-

1947 1994 2666 2068 vocantes,pulveremque
2680 1997 2963 2053 adversus
2976 2014 3109 2053 eum
3138 2003 3196 2055 et
3216 2015 3355 2055 saxa
3369 2000 3605 2070 jactan-

196 2079 412 2146 λοῦντες
465 2080 556 2136 καὶ
614 2078 919 2157 ὁμοφύλοις
987 2077 1180 2152 α’ίμασι
1239 2079 1431 2154 μιαρὸν
1467 2122 1483 2150 ,
1538 2078 1629 2133 καὶ
1686 2080 1835 2133 κόνιν

1946 2089 2055 2149 tes,
2088 2083 2273 2139 donec
2303 2084 2377 2139 ad
2409 2084 2600 2140 forum
2641 2085 3011 2142 Constantini
3061 2086 3259 2160 Magni
3307 2088 3596 2160 pervenit.

193 2171 275 2226 καὶ
306 2170 496 2235 λίθους
544 2164 785 2243 ἔπεμπον
839 2168 916 2233 είς
962 2168 1120 2224 αὐτὸν
1167 2168 1297 2245 ἄχρι
1349 2175 1450 2237 τῆς
1497 2167 1695 2244 ἀγορᾶς
1739 2171 1836 2223 τοῦ

1946 2172 2017 2227 Ει
2046 2172 2257 2228 fuisset
2286 2189 2429 2229 sane
2457 2174 2827 2230 exanimatus
2859 2179 3041 2244 metu,
3075 2174 3189 2232 nisi
3219 2176 3435 2232 civium
3484 2176 3597 2233 ho-

191 2260 441 2336 Ηεγάλου
500 2258 946 2317 Κωνσταντίνου.
1006 2258 1105 2313 Καὶ
1163 2256 1417 2328 ἀπεπάγη
1488 2258 1582 2331 μὶν
1642 2254 1702 2311 ἃν
1755 2261 1835 2327 τῷ

192 2346 311 2418 δίει,
367 2349 413 2404 εἰ
469 2351 544 2422 μή
590 2368 733 2410 τινες
784 2346 1121 2421 ἐντιμότεροι
1166 2351 1277 2405 τῶν
1329 2343 1576 2401 πολιτῶν
1623 2344 1836 2422 προλα-

189 2431 374 2501 ϐόντες
427 2436 557 2501 τοὺς
610 2437 706 2511 μὲν
761 2436 1118 2497 ἀτακτοῦντας
1175 2432 1503 2508 ἀνέστειλαν,
1562 2436 1724 2490 αὐτὸν
1779 2432 1837 2490 δὲ

189 2525 558 2604 εὐφημοῦντες
617 2524 750 2601 ἄχρι
804 2530 906 2581 τοῦ
960 2523 1230 2582 παλατίου
1304 2525 1680 2600 προέπεμψαν.
1740 2523 1838 2579 Διά

185 2620 348 2671 ταῦτα
411 2615 587 2672 πάντα
643 2616 1000 2691 ἆηχθῆσθαι
1058 2614 1207 2689 παρά
1259 2618 1367 2669 τῶν
1426 2612 1668 2670 πολιτῶν
1718 2612 1835 2669 ἐπι-

187 2705 448 2779 στάμενος
494 2705 587 2760 καὶ
658 2704 893 2759 ἰπίθεσιν
955 2704 1305 2781 ὑφορώμενος
1376 2704 1475 2773 τὴν
1533 2702 1832 2779 ἀκρόπολιν

185 2791 516 2868 ἑδομήσατο.
569 2791 731 2849 Ἀλλ’
787 2792 887 2849 οὐκ
940 2790 1188 2863 ἠδυνήθη
1223 2789 1496 2869 διαφυγεῖν
1522 2791 1586 2847 τὸ
1629 2793 1833 2867 χρεὼν,

1946 2260 2270 2317 noratiores
2301 2261 2545 2331 quidam
2574 2278 2708 2318 eum
2750 2263 3037 2336 repressis
3085 2263 3596 2324 tumultuantibus

1944 2349 2267 2421 stipassent
2287 2354 2345 2405 et
2378 2351 2587 2407 faustis
2617 2350 3140 2408 acclamationibus
3186 2354 3483 2425 prosecuti
3531 2354 3594 2412 in

1944 2436 2230 2510 palatium
2277 2438 2680 2495 deduxissent.
2725 2439 2808 2496 Ob
2857 2439 2980 2495 haec
3009 2440 3208 2497 omnia
3234 2440 3495 2499 invisum
3527 2459 3594 2499 se

1944 2526 2169 2583 civibus
2201 2543 2446 2584 cernens
2478 2532 2535 2583 et
2564 2527 2810 2584 insidias
2832 2528 3046 2586 timens
3068 2544 3262 2587 arcem
3284 2531 3589 2589 exstruxit.

1943 2615 2140 2687 Neque
2171 2619 2365 2671 tamen
2393 2616 2582 2672 fatum
2613 2615 2978 2687 evitavit,sed
3005 2635 3121 2690 quo
3142 2622 3409 2691 tempore
3432 2621 3588 2678 872

1945 2704 2145 2760 omnia
2174 2705 2286 2762 sibi
2320 2705 2380 2761 in
2413 2710 2536 2762 tuto
2566 2722 2696 2763 esse
2728 2706 2970 2779 putavit,
2988 2706 3169 2764 vitam
3199 2708 3588 2775 amisit.Quo-

1945 2794 2118 2849 modo
2150 2810 2246 2849 res
2271 2794 2349 2850 sit
2378 2798 2525 2862 acta,
2557 2811 2665 2851 suo
2692 2796 2920 2851 dicetur
2948 2796 3096 2853 loco.

184 2880 305 2939 ἀλλ’
366 2882 457 2939 ὅτε
510 2882 696 2945 καλῶς
752 2877 900 2958 ἔχειν
956 2880 1105 2955 αύτῷ
1157 2880 1225 2937 τὰ
1274 2882 1449 2937 πάντα
1505 2880 1685 2954 ᾠήθη,
1742 2877 2009 2957 ἀπίρῥηξε
2062 2882 2161 2951 τήν
2223 2883 2391 2953 ζωήν.
2450 2882 2550 2937 Καὶ
2607 2880 2780 2953 ὅπως,
2836 2882 2888 2939 ἂν
2942 2887 3022 2955 τῷ
3083 2883 3345 2960 πρέποντι
3409 2889 3588 2963 καιρῷ

184 2972 497 3049 ῥηθήσεται.

244 3080 499 3157 Τετάρτῳ
543 3078 603 3136 δὶ
646 3086 745 3150 τῆς
794 3079 958 3135 αὐτοῦ
1012 3077 1285 3155 βασιλείας
1332 3074 1458 3149 ἔτει,
1514 3077 1646 3151 μηνὶ
1694 3078 1825 3134 Ἰου-

2004 3080 2171 3135 Anno
2203 3078 2437 3151 imperii
2467 3081 2558 3137 sui
2590 3081 2642 3151 4,
2675 3081 2997 3138 indictione
3028 3083 3116 3152 10,
3164 3099 3365 3142 mense
3408 3084 3585 3142 Junio

179 3168 295 3242 νίῳ,
351 3172 454 3238 τῆς
510 3171 540 3224 ι’
598 3166 957 3236 ίνδικτιῶνος,
1014 3169 1108 3228 τὰς
1168 3166 1221 3222 ἰν
1270 3170 1338 3240 τῇ
1396 3166 1578 3242 Θρᾴκῃ
1631 3165 1823 3227 πόλεις

182 3258 317 3332 ἐξῄει
349 3258 804 3332 ἐπισκεψόμενος,
854 3257 944 3312 καὶ
992 3258 1282 3332 γενόμενος
1335 3253 1468 3331 ἄχρι
1512 3262 1613 3325 τῆς
1665 3253 1821 3331 λεγο·⁵

183 3347 345 3420 μένης
409 3345 654 3423 μεγάλης
703 3343 896 3408 σούδας
944 3340 1146 3421 ἔγραψε
1212 3343 1400 3418 [ιέτρῳ
1449 3348 1529 3416 τῷ
1576 3343 1823 3418 Βουλγα-

187 3437 302 3513 ρίας
352 3434 584 3512 ἄρχοντι
648 3437 724 3509 μὴ
785 3434 873 3506 ἐᾷν
931 3435 1060 3496 τοὺς
1106 3433 1376 3508 Τούρκους
1425 3431 1679 3507 διαπερᾷν
1732 3433 1822 3487 τὸν

180 3527 394 3599 Ἵστρον
450 3526 539 3580 καὶ
596 3525 662 3579 τὰ
713 3524 996 3597 Ῥωμαίων
1072 3522 1443 3594 λυμαίνεσθαι.
1500 3521 1711 3578 Τούτου
1768 3518 1826 3576 δὲ

186 3616 258 3687 μὴ
316 3615 691 3692 προσέχοντος
770 3612 915 3668 ἀλλά
969 3613 1249 3674 παντοίαις
1305 3611 1578 3689 ἀφορμαῖς
1633 3631 1830 3687 παρα-

182 3705 493 3777 κρούοντος,
538 3704 631 3758 τὸν
679 3700 775 3758 τοῦ
823 3701 883 3756 ἐκ
923 3704 1209 3775 Χερσῶνος
1244 3699 1620 3777 πρωτεύοντος
1652 3700 1766 3755 υἶὸν
1798 3700 1826 3755 ὁ

179 3790 502 3867 Νικηφόρος
573 3788 664 3844 τὸν
742 3786 1059 3862 Καλοκυρὸν
1137 3787 1518 3861 πατρικιότητι
1591 3788 1829 3858 τιμήσας

181 3880 314 3950 πρὸς
370 3880 466 3932 τὸν
527 3878 768 3954 ἄρχοντα
817 3878 1043 3939 Ῥωσίας
1114 3877 1377 3949 ὲκπέμπει
1450 3874 1826 3953 Σφενδοσθλά-

180 3961 294 4038 ϐον,
338 3965 561 4043 δωρεῶν
615 3965 938 4042 ὑποσχέσεσι
982 3966 1069 4021 καὶ
1118 3964 1450 4043 φιλοτιμιῶν
1485 3965 1583 4019 οὐκ
1631 3963 1831 4039 ὀλίγων

181 4055 485 4120 ἀναπείθων
535 4054 912 4131 ἐκστρατεῦσαι
965 4055 1101 4110 κατὰ
1151 4052 1519 4130 Βουλγάρων.
1571 4055 1829 4108 Πεισθέν-

177 4166 260 4207 τες
309 4146 407 4201 οῦν
452 4145 504 4199 οἱ
556 4144 692 4207 Ῥὼς
739 4145 830 4199 καὶ
880 4141 1197 4205 ἐπελθόντες
1241 4142 1310 4217 τῇ
1357 4141 1668 4217 Βουλγαρίᾳ
1696 4143 1833 4197 κατὰ

178 4236 265 4290 τὸν
325 4233 640 4311 Αὔγουστον
699 4241 864 4308 μῆνα,
923 4240 1022 4304 τῆς
1064 4234 1128 4288 ια’
1179 4230 1542 4305 ίνδικτιῶνος,
1596 4232 1831 4305 πέμπτῳ

181 4331 281 4395 τῆς
344 4323 626 4399 βασιλείας
685 4321 790 4379 ἔτει
846 4327 944 4379 τοῦ
994 4322 1338 4400 Νικηφόρου,
1383 4319 1597 4385 πολλὰς
1637 4318 1832 4383 πόλεις

178 4415 264 4468 καὶ
295 4414 494 4490 χώρας
545 4410 813 4490 ἠδάφισαν
860 4416 968 4469 τῶν
1014 4410 1369 4487 Βουλγάρων,
1414 4411 1504 4465 καὶ
1554 4408 1702 4465 λείαν
1748 4409 1830 4465 ὅτι

179 4470 448 4574 πλείΙά-την
480 4470 939 4578 -περιϐ⁸αλόμενοι
1007 4470 1367 4576 ὑπέπρείίιαν’
1415 4499 1493 4564 εἷς
1557 4499 1625 4555 τὰ
1698 4496 1828 4553 ίδια.
1860 4470 1909 4535 D

180 4593 277 4647 Καὶ
326 4597 414 4666 τῷ
471 4587 611 4664 ἕκτῳ
661 4588 720 4646 δὶ
762 4590 926 4647 πάλιν
975 4593 1073 4661 τῆς
1126 4588 1403 4667 βασιλείας
1449 4588 1612 4644 αὐτοῦ
1643 4590 1832 4665 χρόνῳ

179 4680 603 4758 ἐπεστράτευσαν
663 4680 800 4736 κατὰ
845 4678 1208 4756 Βουλγαρίας,
1254 4678 1345 4733 καὶ
1400 4680 1469 4734 τὰ
1516 4676 1684 4751 ὅμοια
1727 4680 1834 4732 τῶν

179 4772 466 4848 προτᾶρων
524 4770 560 4840 ἢ
613 4767 704 4826 καί
759 4768 981 4846 χείρονα
1037 4765 1429 4843 διεπράξαντο.
1488 4766 1719 4840 Δευτὲρᾳ
1777 4762 1835 4820 δὶ

182 4854 569 4936 Σεπτεμϐρίου
605 4859 801 4932 μηνὸς,
830 4856 946 4932 ὥρᾳ
990 4863 1091 4927 τῆς
1137 4856 1325 4918 νυκτὸς
1383 4856 1451 4931 β’,
1501 4853 1835 4917 ἷνδικτιῶνος

182 4952 267 5019 ια’,
323 4949 525 5025 γέγονε
583 4947 827 5025 βρασμὸς
881 4946 970 5001 καὶ
1030 4943 1226 5007 κλόνος
1276 4951 1380 5020 γῆς
1436 4943 1687 5017 ἐξαίσιος,
1743 4946 1834 4998 καὶ

178 5032 345 5101 ἔπαθε
401 5040 584 5098 κακῶς
642 5034 909 5110 Ὀνωριὰς
954 5033 1044 5089 καὶ
1102 5030 1495 5112 Παφλαγονία.
1551 5030 1833 5106 Ἐγένοντο

178 5124 235 5181 δὶ
257 5128 353 5181 καὶ
408 5127 601 5198 ἄνεμοι
648 5125 784 5179 κατά
825 5123 917 5179 τὸν
967 5123 1144 5181 Μάϊον
1178 5128 1325 5196 μῆνα
1349 5128 1447 5193 τῆς
1490 5121 1656 5191 αὐτῆς
1690 5117 1835 5175 ἰνδι-

176 5219 420 5279 κτιῶνος
450 5212 681 5289 σκληροὶ
714 5213 804 5268 καὶ
850 5209 1250 5286 καυματώδεις,
1300 5210 1492 5273 οἵτινες
1539 5209 1666 5273 τοὺς
1706 5230 1835 5286 καρ-

176 5305 317 5367 ποὺς
368 5300 676 5383 διᾶφθειραν
729 5301 915 5367 αὐταῖς
961 5299 1229 5375 ἀμπέλοις
1276 5300 1367 5356 καὶ
1419 5296 1709 5375 δένδρεσιν,
1757 5298 1832 5362 ὡς

177 5392 427 5459 ἐντεῦθεν
484 5394 619 5448 κατὰ
673 5392 774 5461 τὴν
823 5392 893 5466 ιβ’
945 5388 1257 5446 ίνδικτιῶνα
1309 5386 1675 5468 σφοδςότατον
1733 5387 1834 5444 ἐπ-

174 5485 468 5560 ενεχθῆναι
514 5480 702 5556 λιμόν.
737 5479 835 5536 Καὶ
889 5478 1007 5536 δέον
1051 5480 1142 5535 τὸν
1197 5477 1425 5557 βασιλέα
1460 5481 1559 5549 τῆς
1588 5483 1696 5534 τῶν
1730 5479 1836 5534 ὑπ-

176 5573 362 5644 ηκόων
420 5570 699 5652 φροντίσαι
750 5568 1044 5647 σωτηρίας,
1077 5570 1105 5625 ὁ
1136 5565 1193 5625 δὲ
1219 5569 1311 5626 τὸν
1361 5566 1644 5645 βασιλικὸν
1688 5565 1835 5627 θ’ίτον

173 5661 473 5741 γλίσχρως
544 5659 773 5737 πωλῶν,
848 5658 938 5717 καὶ
1008 5657 1667 5737 καταπραγματευόμενος
1732 5660 1836 5732 τὴν

510 5791 776 5855 ΡΑτιιοι.
823 5791 935 5855 Gn.
984 5789 1224 5854 CXXII.

1932 3167 2071 3224 exiit
2100 3168 2363 3223 Thraciae
2393 3170 2567 3225 urbes
2588 3169 3075 3240 contemplatum.
3098 3173 3363 3244 Cumque
3393 3190 3589 3246 usque

1933 3258 2005 3313 ad
2036 3259 2306 3327 Magnam
2338 3258 2574 3313 Fossam
2608 3260 2985 3329 pervenisset,
3016 3260 3253 3316 Petrum
3296 3262 3583 3334 Bulgarias

1933 3346 2259 3417 principem
2294 3346 2561 3401 hortatus
2587 3352 2679 3402 est
2709 3364 2812 3417 per
2837 3347 3063 3404 litteras
3096 3364 3167 3404 ne
3197 3348 3416 3406 sineret
3441 3355 3584 3407 Tur-

1935 3450 2033 3489 cos
2067 3434 2283 3489 Istrum
2314 3436 2583 3505 trajicere
2611 3440 2668 3490 et
2697 3436 3094 3492 Romanorum
3125 3438 3410 3494 ditionem
3442 3439 3586 3495 infe-

1935 3530 2107 3578 stare.
2143 3523 2390 3593 Bulgaro
2424 3541 2537 3579 non
2569 3524 3030 3595 obtemperante,
3063 3527 3163 3583 sed
3195 3528 3385 3583 omnis
3415 3543 3587 3600 gene-

1937 3612 2019 3667 ris
2071 3612 2352 3668 adhibitis
2410 3615 2787 3683 praetextibus
2836 3621 3168 3682 recusante,
3218 3616 3584 3688 Nicephorus

1937 3701 2277 3769 Calocyrum
2343 3702 2643 3757 Chersonii
2713 3704 2993 3774 principis
3061 3690 3271 3772 ﬁlium,
3337 3707 3586 3778 patricia

1937 3789 2225 3861 dignitate
2253 3796 2618 3858 exornatum,
2653 3792 2723 3846 ad
2752 3791 3330 3861 Sphendosthlabum
3373 3793 3583 3849 Rosso-

1938 3896 2068 3934 rum
2104 3878 2427 3950 principem
2462 3880 2664 3950 mittit,
2693 3895 2946 3951 eumque
2977 3897 3288 3937 munerum
3339 3898 3405 3937 ac
3453 3882 3585 3937 offi-

1941 3968 2167 4022 ciorum
2199 3968 2720 4039 pollicitationibus
2768 3969 2838 4023 ad
2891 3969 3263 4027 inferendum
3314 3970 3585 4041 Bulgaria

1941 4054 2160 4113 bellum
2192 4055 2491 4112 sollicitat.
2524 4056 2694 4113 Rossi
2724 4057 3011 4126 obsecuti,
3043 4058 3365 4115 indictione
3397 4059 3588 4115 unde-

1941 4147 2385 4217 cima,Augusto
2399 4146 3342 4219 mense,annoimperiiNicepbori
3366 4148 3577 4220 quinto

1941 4233 2002 4288 in
2032 4232 2368 4305 Bulgariam
2400 4232 2785 4305 impressione
2833 4235 2983 4289 facta
3031 4234 3246 4291 multas
3296 4236 3471 4309 urbes
3522 4252 3588 4293 ac

1940 4321 2181 4379 castella
2227 4320 2612 4393 Bulgarorum
2662 4322 2785 4378 solo
2831 4328 3228 4396 equaverunt,
3278 4326 3591 4398 praedaque

1943 4410 2112 4484 potiti
2142 4410 2367 4483 ingenti
2399 4411 2641 4467 domum
2676 4411 2993 4468 redierunt.
3028 4413 3246 4470 Eodem
3276 4415 3470 4485 modo,
3501 4419 3590 4471 at-

1942 4515 2058 4573 que
2085 4498 2260 4555 etiam
2293 4498 2597 4572 aliquanto
2627 4492 3019 4567 durius,anno
3044 4503 3304 4576 proxime
3326 4504 3593 4559 insecuto

1942 4589 2221 4661 Bulgaros
2261 4592 2680 4645 tractaverunt.
2732 4590 3056 4647 Indictione
3104 4591 3436 4658 undecima,
3489 4607 3595 4662 po-

1943 4677 2149 4735 stridie
2178 4677 2569 4735 Kalendarum
2598 4678 3129 4753 Septembris,hora
3159 4680 3350 4737 noctis
3378 4679 3597 4736 duode-

1944 4767 2319 4840 cima,fragor
2347 4772 2405 4823 et
2434 4771 2600 4823 terrae
2634 4772 2829 4824 motus
2858 4768 3190 4825 horrendus
3220 4768 3596 4839 fuit,afﬂixit-

1944 4873 2058 4928 que
2108 4856 2501 4913 Honoriadem
2552 4861 2610 4912 et
2660 4856 3142 4929 Paphlagoniam.
3194 4857 3346 4913 Maio
3414 4857 3592 4914 etiam

1943 4961 2144 5002 mense
2174 4945 2440 5016 ejusdem
2473 4945 2613 5002 anni
2632 4947 2785 5003 venti
2810 4947 3113 5018 spirarunt
3132 4946 3323 5018 asperi
3345 4950 3402 5002 et
3423 4962 3598 5003 uren-

1944 5034 2162 5107 tes,qui
2196 5034 2425 5091 fructus
2458 5052 2576 5091 una
2607 5051 2741 5090 cum
2768 5034 2988 5090 vitibus
3021 5052 3087 5091 ac
3107 5035 3261 5091 878
3285 5034 3598 5092 arboribus

1944 5124 2559 5196 perdiderunt.Itaque
2591 5140 2742 5180 anno
2775 5124 3039 5196 proxime
3066 5125 3329 5181 insecuto
3352 5124 3602 5198 penuria

1945 5214 2167 5270 exstitit
2194 5213 2564 5286 gravissima.
2601 5213 2685 5268 Ibi
2716 5213 3054 5287 imperator,
3080 5230 3255 5287 quem
3287 5213 3598 5271 convenie-

1945 5302 2047 5360 bat
2078 5302 2289 5360 salutis
2317 5302 2691 5359 subditorum
2724 5317 2922 5357 curam
2963 5318 3183 5375 gerere,
3231 5303 3597 5360 frumentum

1944 5410 2120 5449 suum
2152 5408 2367 5465 magno
2399 5391 2654 5447 vendens
2677 5407 2743 5447 ac
2774 5407 2843 5448 ex
2873 5391 3207 5449 calamitate
3239 5409 3481 5450 suorum
3513 5392 3601 5448 lu-

1944 5498 2110 5539 crum
2145 5481 2388 5552 faciens,
2420 5478 2591 5553 quasi
2624 5495 2685 5536 re
2716 5480 2990 5552 praeclare
3038 5487 3204 5556 gesta
3244 5480 3491 5553 jactavit
3536 5498 3601 5538 se

1945 5569 2210 5627 modium
2242 5585 2417 5626 aureo
2451 5584 2697 5625 nummo
2726 5569 2898 5625 vendi
2930 5569 3171 5626 solitum
3202 5570 3437 5626 duobus
3464 5583 3603 5624 ven-

1944 5660 2187 5719 didisse.
2217 5660 2414 5733 Longe
2444 5657 2611 5717 aliter
2657 5657 2914 5717 Basilius
2962 5659 3201 5717 Macedo
3252 5659 3602 5733 imperator;

3243 5788 3284 5848 4
