3922 6132
344 333 460 393 107

1691 329 2009 391 GEORGII
2054 328 2394 392 GEDRENI

3639 340 3759 399 108

343 464 445 537 qui
477 479 611 519 cum
644 479 856 536 magna
882 462 1189 519 Dominica
1219 463 1312 518 die
1345 462 1403 517 in
1446 463 1629 518 aedem
1684 459 1975 533 Apostolo-

2162 480 2386 537 ιμφοραν
2435 465 2544 516 τῶν
2593 461 2695 516 ὑπὸ
2745 466 2907 539 χεῖρα
3052 467 3182 538 661]
3210 463 3374 541 ηὔχει
3423 465 3499 530 ὥς
3527 488 3581 523 τι
3616 469 3760 543 μέγα

340 572 475 610 rum
496 553 1055 625 venisset,civesque
1080 554 1368 625 quosdam
1394 552 1721 608 venerando
1755 553 1994 621 aspectu

351 645 570 700 videret
597 643 753 700 tristi
784 642 953 700 vultu
983 646 1039 698 et
1068 658 1376 699 maerorem
1408 659 1523 713 prae
1555 658 1615 697 se
1646 640 1998 707 ferentes,ad

348 751 411 791 se
440 738 677 790 vocatos
707 733 1079 805 interrogavit
1108 749 1211 788 cur
1242 748 1354 787 non
1388 731 1500 803 ipsi
1536 746 1769 803 quoque
1798 729 1997 801 splen-

349 824 485 879 dido
515 823 734 881 amictu
768 824 836 878 ad
870 839 998 878 eam
1027 822 1459 878 solemnitatem
1482 820 1999 885 accessissent,sed

347 915 525 973 veluti
554 916 615 971 in
649 932 863 988 magna
894 914 1092 987 aliqua
1124 914 1376 969 civitatis
1408 913 1741 968 calamitate
1790 927 1999 967 moere-

346 1009 508 1074 rent;
561 1021 814 1076 cumque
866 1021 1018 1059 unus
1067 1020 1269 1059 eorum
1326 1002 1773 1074 respondisset:
1806 1023 1833 1050 «
1869 998 1999 1054 Tibi

345 1094 605 1167 quidem,
640 1094 898 1161 domine,
931 1097 988 1148 et
1017 1093 1091 1147 iis
1122 1092 1221 1163 qui
1271 1091 1379 1147 tibi
1428 1094 1644 1157 astant,
1696 1088 1999 1161 splendide

338 1184 537 1240 vestiri
559 1188 616 1239 et
640 1183 820 1239 laetari
846 1182 1116 1238 convenit
1141 1199 1152 1236 :
1180 1199 1297 1236 non
1328 1182 1468 1236 item
1493 1196 1592 1235 eos
1617 1180 1739 1235 hanc
1769 1181 1997 1244 decent,

340 1273 441 1345 qui
467 1273 523 1327 in
549 1271 887 1327 discrimine
909 1271 1115 1326 mortis
1137 1268 1829 1325 suntconstituti.Videre
1842 1268 1997 1322 enim

340 1363 610 1434 ignorare
640 1363 711 1416 ob
737 1366 1045 1416 ventorum
1098 1360 1475 1431 asperitatem
1523 1359 1669 1413 duos
1720 1357 1997 1412 frumenti

345 1452 571 1507 modios
602 1466 777 1506 aureo
811 1466 1049 1505 nummo
1080 1449 1273 1515 vendi,
1310 1469 1338 1497 »
1371 1448 1480 1503 hac
1510 1464 1645 1502 voce
1675 1447 1875 1501 audita
1906 1461 1999 1517 ge-

346 1541 561 1596 mitum
590 1557 659 1596 ex
689 1540 808 1595 imo
841 1538 1006 1594 duxit
1036 1541 1353 1609 pectore,et
1382 1536 1684 1593 miseratio
1705 1536 1995 1607 lacrymas

355 1630 409 1686 ei
465 1628 773 1701 expressit,
826 1626 1287 1697 consolatusque
1333 1642 1454 1696 eos,
1501 1631 1567 1681 ut
1615 1627 1675 1681 in
1709 1625 1993 1697 palatium

348 1718 547 1785 rediit,
594 1721 941 1773 convocatos
996 1716 1210 1788 quibus
1274 1715 1466 1772 civilia
1512 1719 1571 1771 et
1618 1714 1995 1786 imperatoria

2108 551 2486 625 κατωρθωκὼς
2544 550 2629 607 ὅτι
2687 550 2882 625 μοδίου
2927 558 3009 626 τῷ
3053 554 3351 628 νομίσματι
3387 557 3760 633 πιπρασκομᾶ-

2105 659 2200 693 νου
2234 640 2395 704 αὐτὸς
2426 637 2523 695 δύο
2553 638 2859 697 πωλεῖσθαι
2907 646 3098 698 τοῦτον
3129 644 3363 715 ἐπέταξε,
3402 647 3477 718 μὴ
3510 648 3603 701 τὸν
3634 649 3762 704 Μα-

2104 726 2298 784 κεδόνα
2347 730 2730 804 μιμησάμενος
2794 732 3021 807 βασιλέα
3077 733 3384 790 Βασίλειον·
3432 737 3605 798 οὗτος
3656 738 3757 811 γὰρ

2105 820 2241 872 κατά
2278 821 2375 888 τὴν
2425 823 2617 889 καινὴν
2665 822 2945 892 Κυριακήν
2996 822 3376 899 ἀπερχόμενος
3424 823 3476 878 ἓν
3525 830 3605 896 τῷ
3655 830 3760 880 τῶν

2109 907 2382 982 Μεγάλων
2433 910 2786 966 Ἀποστόλων
2838 910 2974 984 ναῷ,
3024 912 3114 966 καὶ
3160 912 3486 985 θεασάμενος
3531 913 3761 977 πολίτας

2106 997 2255 1060 τινὰς
2289 997 2635 1073 ἱεροπρεπεῖς
2671 1000 2765 1072 μὶν
2796 1000 2885 1055 καὶ
2922 1001 3173 1074 σεμνοὺς,
3206 999 3394 1064 ἄλλως
3427 1000 3484 1057 δὲ
3519 1005 3761 1079 σκυθρω-

2107 1086 2244 1150 ποὺς
2272 1087 2361 1142 καὶ
2390 1093 2794 1166 κατηφιῶντας,
2846 1088 3008 1165 ἐγγὺς
3060 1092 3250 1144 ἑαυτοῦ
3280 1093 3761 1166 παραστησάμενος

2108 1173 2196 1230 διὰ
2238 1176 2287 1231 τί
2344 1178 2419 1249 μὴ
2470 1179 2557 1232 καὶ
2604 1178 2759 1233 αὐτοὶ
2808 1176 3331 1255 λαμπροφοροῦντες
3381 1179 3435 1235 ἐν
3488 1186 3558 1256 τῇ
3591 1182 3756 1258 ἑορτῇ

2106 1266 2349 1341 πάρεισιν
2404 1265 2680 1343 ἀνηρώτα,
2725 1266 2851 1322 ἀλλ’
2908 1269 2982 1329 ὡς
3043 1266 3102 1323 ἂν
3156 1266 3206 1322 ἐν
3263 1269 3471 1344 μεγάλῃ
3501 1277 3760 1348 συμφορᾷ

2105 1360 2204 1423 τῆς
2259 1354 2476 1419 πόλεως
2542 1352 2707 1427 οὔσης
2780 1356 3155 1432 στυγνάζουσι,
3216 1358 3361 1431 Πρὸς
3418 1360 3476 1413 ὃν
3531 1360 3759 1433 ἀπεκρί-

2104 1444 2229 1498 νατό
2268 1465 2351 1508 τις
2390 1450 2497 1499 τῶν
2554 1443 2817 1501 πολιτῶν·
2851 1470 2881 1499 ‹‹
2933 1446 3057 1518 Σοί,
3103 1449 3147 1501 ὦ
3198 1444 3451 1520 δέσποτα,
3500 1450 3588 1504 καὶ
3638 1455 3758 1511 τοῖς

2105 1533 2327 1589 ἑστῶσιν
2382 1528 2604 1609 ἔγγιστά
2651 1555 2746 1590 σου
2794 1536 2990 1611 πρὲπει
3056 1536 3119 1591 τὸ
3190 1536 3606 1615 λαμπροφορεῖν
3658 1539 3757 1593 καὶ

2105 1623 2337 1697 χαίρειν’
2374 1625 2454 1686 οἷς
2500 1622 2558 1678 δὲ
2604 1628 2703 1679 τοῦ
2747 1626 2980 1689 θανάτου
3025 1625 3285 1702 πρόσεστι
3332 1625 3656 1703 προσδοκία,
3688 1628 3759 1683 τά

2102 1716 2326 1767 τοιαῦτα
2398 1712 2748 1771 ἂπεοίκασιν.
2808 1716 2876 1770 Ἢ
2927 1715 3139 1789 ἀγνοεῖς
3196 1714 3278 1771 ὅτι
3337 1713 3432 1772 δύο
3492 1713 3755 1790 μέδιμνοι

348 1807 581 1881 negotia
610 1804 1353 1873 commendaverat,multis
1383 1809 1473 1861 est
1500 1804 1823 1861 insectatus
1851 1820 1975 1859 con-

2162 1822 2254 1856 του
2298 1805 2378 1873 τῷ
2422 1804 2722 1875 νομίσματι
2771 1805 3167 1880 πιπράσκονται
3222 1802 3310 1859 διὰ
3356 1806 3455 1874 τήν
3485 1810 3595 1861 τῶν
3628 1806 3755 1861 ἀνέ-

341 1898 507 1954 viciis
540 1898 1004 1967 detestatusque,
1038 1897 1194 1967 quod
1227 1895 1299 1951 de
1347 1895 1586 1950 caritate
1636 1910 1879 1949 annona;
1930 1908 1991 1948 se

341 2004 456 2042 non
508 1986 784 2042 fecissent
815 1986 1141 2041 certiorem.
1174 1984 1498 2055 Statimque
1527 1999 1736 2038 venum
1779 1999 1991 2054 propo-

339 2076 451 2131 sito
483 2077 637 2131 874
668 2091 774 2131 suo
800 2078 858 2129 et
887 2072 1121 2145 publico
1153 2074 1469 2143 frumento,
1510 2072 1819 2127 duodecim
1872 2088 1991 2127 mo-

339 2166 466 2221 dios
497 2180 672 2220 aureo
710 2162 1101 2233 vendijussit.
1135 2164 1298 2226 Quod
1330 2163 1458 2231 ejus
1488 2162 1704 2216 factum
1739 2161 1991 2231 probans

341 2260 494 2309 Deus
526 2252 893 2309 fertilitatem
925 2257 1014 2307 est
1044 2251 1310 2323 largitus.
1336 2256 1529 2322 Atque
1559 2251 1682 2305 haec
1710 2249 1991 2304 laudandi

340 2343 536 2399 Basilii
565 2343 756 2414 gratia
804 2342 941 2396 dixi.
987 2344 1058 2395 At
1104 2358 1239 2395 vero
1290 2340 1651 2411 Nicephorus
1700 2338 1992 2410 gaudebat

340 2436 536 2505 potius
560 2432 742 2503 affligi
764 2448 1009 2487 cernens
1032 2431 1303 2486 subditos
1324 2446 1500 2501 quam
1523 2429 1670 2484 utiis
1692 2444 1992 2483 succurre-

340 2527 445 2577 ret.
480 2523 757 2592 ldemque
788 2521 1037 2575 faciebat
1067 2521 1176 2575 Leo
1209 2520 1389 2574 frater
1424 2519 1614 2590 ipsius
1649 2534 1988 2589 cauponan-

338 2612 499 2667 tibus
530 2626 824 2667 annonam
858 2615 913 2665 et
944 2625 1166 2664 merces
1197 2609 1545 2663 mulieribus
1575 2623 1638 2662 se
1663 2605 1989 2673 dans,mul-

337 2702 529 2772 tisque
577 2707 637 2756 et
682 2700 859 2756 variis
905 2698 1079 2753 malis
1127 2699 1327 2753 orbem
1374 2702 1661 2752 terrarum
1709 2696 1985 2767 implens.

336 2790 528 2861 Turpe
556 2788 794 2845 illorum
825 2791 1085 2857 quaestus
1120 2787 1384 2841 studium
1419 2787 1602 2841 facete
1645 2786 1796 2840 cives
1847 2785 1985 2840 sub-

337 2882 759 2935 sannaverunt.
827 2877 975 2932 Nam
1042 2893 1178 2931 cum
1247 2875 1567 2945 aliquando
1630 2876 1704 2930 ad
1768 2874 1985 2930 milites

337 2968 689 3025 exercendos
717 2966 778 3022 in
810 2982 1083 3037 campum
1118 2981 1466 3037 progressus
1497 2964 1813 3035 imperator
1840 2980 1985 3019 cano

337 3058 595 3129 cuidam,
626 3055 724 3127 qui
746 3056 899 3112 inter
921 3054 1139 3111 milites
1162 3071 1223 3110 se
1245 3054 1457 3110 ascribi
1485 3053 1735 3125 petebat,
1769 3053 1987 3108 diceret

336 3148 549 3219 ecquid
580 3146 756 3202 homo
786 3162 969 3201 canus
999 3145 1058 3199 in
1090 3143 1362 3200 militiam
1397 3142 1568 3215 allegi
1602 3146 1986 3215 peteret,apte

2106 1912 2220 1963 μων
2269 1892 2627 1967 τραχύτητα;
2666 1917 2686 1944 ι
2724 1894 2866 1967 Ηρὸς
2909 1897 3077 1949 ταῦτα
3129 1894 3313 1970 βύθιον
3360 1894 3670 1968 ἀνοιμώξας
3719 1896 3750 1950 6

2105 1980 2358 2055 βασιλεὺς
2399 1981 2731 2055 συμπαθείας
2778 1983 3037 2053 ἀπέσταξε
3086 1980 3338 2059 δάκρυον,
3384 1984 3475 2039 καὶ
3516 1982 3750 2047 τούτους

2107 2071 2197 2143 μὶν
2252 2074 2678 2146 παρεμυθήσατο
2752 2070 3021 2146 δαψιλῶς,
3080 2071 3387 2127 ἐπανελθὼν
3442 2069 3490 2128 δ’
3546 2072 3624 2136 εἰς
3678 2074 3753 2129 τὰ

2062 2234 2065 2241 1
2104 2158 2354 2233 βασίλεια
2394 2159 2519 2222 τοὺς
2564 2161 2659 2223 τὰς
2705 2160 2994 2225 πολιτικάς
3036 2163 3124 2217 καὶ
3180 2161 3463 2236 βασιλικὰς
3522 2183 3753 2238 συναγα-

2099 2248 2206 2322 γὼν
2269 2249 2703 2325 μετερχομένους
2777 2248 3065 2328 φροντίδας
3141 2251 3360 2327 μυρίαις
3413 2246 3596 2325 ὕϐρεσι
3658 2253 3752 2307 καὶ

2101 2337 2255 2412 ἀραῖς
2300 2334 2667 2394 καθυπὲϐαλεν
2710 2339 2791 2394 ὅτι
2841 2341 2915 2413 μὴ
2968 2342 3113 2412 αὑτῷ
3162 2339 3287 2415 περὶ
3337 2344 3437 2405 τῆς
3484 2338 3760 2403 σιτοδείας

2099 2425 2394 2501 ἐμήνυσαν,
2428 2430 2517 2483 καί
2549 2428 2708 2492 εὐθὺς
2736 2429 2828 2484 τὸν
2866 2427 3149 2505 βασιλικὸν
3178 2429 3269 2484 καὶ
3302 2427 3568 2502 δημόσιον
3599 2436 3759 2485 σῖτον

2098 2518 2429 2590 προθέμενος
2490 2515 2701 2573 δώδεκα
2758 2523 2854 2572 τοῦ
2910 2520 3248 2592 νομίσματος
3306 2516 3547 2574 δίδοσθαι
3609 2540 3761 2594 παρ-

2099 2606 2438 2661 εκελεύσατο·
2487 2605 2548 2661 οὗ
2594 2609 2693 2676 τήν
2739 2607 3053 2683 προαίρεσιν
3105 2606 3501 2681 ἀποδεξάμενος
3548 2610 3576 2663 6
3616 2610 3758 2672 Θεὸς

2099 2695 2341 2765 εὐθηνίαν
2392 2694 2610 2765 πολλὴν
2659 2702 2775 2759 τοῖς
2824 2699 3133 2774 ἀνθρώποις
3179 2699 3509 2774 παρέσχετο.
3569 2698 3762 2755 ’Δλλςὶ

2095 2788 2262 2839 ταῦτα
2321 2785 2416 2856 μὲν
2473 2784 2548 2848 εἷς
2604 2784 2819 2840 ἔπαινον
2877 2785 3082 2841 ἐκείνου
3129 2786 3342 2862 ἐρρρἑηο
3391 2789 3418 2842 6
3469 2785 3527 2842 δὲ
3574 2793 3759 2858 Νικη-

2098 2872 2263 2951 φόρος
2311 2870 2497 2949 ἔχαιρε
2552 2874 2762 2947 μᾶλλον
2811 2874 2847 2944 ἢ
2906 2871 3122 2947 ἐϐοήθει
3182 2872 3542 2948 θλιϐομένους
3599 2877 3756 2952 ὀρῶν

2094 2961 2224 3024 τούς
2258 2962 2552 3031 ὑπηκόους.
2584 2963 2680 3017 Καὶ
2733 2962 2841 3039 οὐχ
2883 2964 3039 3027 οὗτος
3074 2961 3261 3037 μόνον,
3291 2964 3436 3020 ἀλλά
3470 2966 3560 3020 καὶ
3590 2968 3755 3022 Λέων

2097 3053 2125 3106 6
2154 3049 2387 3126 ἀδελφὸς
2437 3052 2624 3121 αὐτοῦ,
2655 3057 2774 3111 ταῖς
2821 3052 3149 3123 καπηλείαις
3194 3054 3586 3129 προσκείμενος
3632 3061 3755 3111 τῶν

2097 3137 2276 3209 εἷ’δῶν,
2308 3138 2534 3195 πολλῶν
2584 3142 2672 3196 καὶ
2716 3140 2986 3197 ποικίλων
3037 3140 3225 3197 δεινῶν
3271 3144 3370 3212 τὴν
3414 3142 3758 3216 οἷκουμένην

335 3236 395 3292 in
428 3236 732 3308 respondit
760 3251 823 3291 se
852 3234 1040 3290 multo
1070 3250 1227 3289 nunc
1255 3232 1594 3289 validiorem
1627 3248 1756 3288 esse
1804 3248 1975 3303 quam

2162 3227 2408 3300 ἔπλησεν.
2462 3232 2556 3283 Ὧν
2617 3231 2718 3299 τὴν
2771 3229 3215 3307 αἰσχροκέρδειαν
3280 3210 3628 3307 εὖτραπὲλώς
3697 3210 3760 3287 οἳ

339 3326 677 3382 adolescens
726 3324 951 3381 fuisset.
995 3325 1065 3380 Et
1095 3323 1195 3395 qui
1223 3323 1334 3379 hoc
1364 3340 1566 3379 verum
1598 3327 1775 3390 esset,
1809 3322 1990 3379 inter-

340 3424 579 3487 rogante
610 3415 1017 3487 imperatorem
1050 3413 1533 3485 Eo,inquit,quod
1567 3412 1706 3469 olim
1741 3429 1856 3467 uno
1888 3429 1991 3467 au-

341 3522 439 3561 reo
470 3509 667 3576 empto
715 3505 1008 3560 frumento
1060 3504 1209 3558 duos
1254 3504 1566 3559 onerabam
1616 3502 1814 3558 asinos
1870 3519 1883 3557 :
1934 3506 1991 3557 te

346 3599 542 3650 autem
573 3594 924 3665 imperante,
978 3596 1269 3664 quantum
1315 3592 1545 3647 duobus
1595 3592 1787 3647 aureis
1844 3591 1990 3646 emi-

341 3687 441 3737 tur
503 3680 808 3751 frumenti,
870 3681 1027 3735 haud
1096 3683 1332 3752 gravate
1396 3678 1659 3734 humeris
1714 3682 1900 3749 porto.
1958 3702 1981 3731 ι

340 3773 667 3843 Imperator
694 3770 1004 3827 dicterium
1048 3769 1309 3827 sentiens
1353 3768 1519 3840 abiit,
1568 3766 1715 3824 nihil
1765 3770 1990 3839 pertur-

335 3861 531 3917 batus.

2098 3317 2321 3373 πολῖται
2391 3315 2799 3393 διεκωμῲδουν.
2875 3317 3218 3391 Ἐξελθὸντος
3289 3322 3390 3397 γάρ
3461 3342 3593 3377 ποτε
3652 3327 3759 3377 τοῦ

2106 3405 2373 3483 βασιλέως
2405 3409 2456 3462 ἐν
2503 3413 2582 3480 τῷ
2630 3406 2803 3481 πεδίῳ
2852 3407 2989 3464 ὥστε
3036 3411 3308 3484 γυμνάσαι
3355 3411 3446 3465 τὸν
3494 3410 3759 3485 στρατὸν,

2100 3496 2215 3550 ἐπεί
2263 3517 2344 3558 τις
2394 3496 2532 3565 ἦλθε
2574 3496 2775 3558 πολιὸς
2822 3498 2920 3565 τήν
2960 3497 3126 3573 τρίχα
3178 3498 3269 3552 καὶ
3321 3497 3571 3574 ἐπειρᾶτο
3622 3520 3761 3554 συν-

2099 3592 2469 3660 αριθμηθῆναι
2534 3591 2649 3647 τοῖς
2721 3588 3102 3662 στρατιώταις,
3159 3587 3290 3665 φησὶ
3365 3587 3500 3662 πρὸς
3558 3587 3758 3644 αὐτόν’

2102 3699 2129 3726 ‹‹
2162 3673 2235 3729 Σὺ
2270 3672 2346 3744 δὲ,
2380 3676 2423 3728 ὧ
2454 3676 2724 3748 ἄνθρωπε,
2755 3676 2926 3752 γὲρων
2962 3672 3037 3730 ὣν
3082 3680 3199 3739 πῶς
3239 3682 3357 3739 τοῖς
3390 3676 3546 3748 ἐμοῖς
3580 3698 3761 3748 στρα-

2097 3765 2320 3825 τιώταις
2368 3762 2553 3838 ἐπείγῃ
2612 3766 3074 3840 συναριθμηθῆναι
3119 3784 3132 3835 ;
3183 3789 3212 3817 ››
3256 3766 3317 3822 Ὁ
3363 3762 3408 3819 δ’
3462 3764 3759 3841 εὐστόχως

2100 3848 2411 3924 ὑπολαϐὼν,
2446 3879 2472 3906 (ι
2505 3853 2655 3909 Πολὺ
2707 3851 3071 3930 δυνατώτερός
3127 3853 3241 3926 εἰμι
3284 3859 3399 3924 νῦν,
3430 3852 3557 3930 ἔφῃ,
3590 3854 3626 3925 ἢ
3659 3857 3764 3911 ὅτε

332 3945 606 4020 ἤκμαζον.
643 3970 672 3999 >›
702 3945 880 4003 Αὐτοῦ
912 3942 990 4013 δὶ,
1021 3969 1049 3997 ‹‹
1082 3944 1179 3999 Καὶ
1204 3948 1320 4006 πῶς
1350 3963 1362 4013 ;
1396 3968 1423 3995 ‹‹
1449 3942 1729 4018 ἐρομένου,
1764 3968 1791 3995 ››
1817 3946 2060 4020 Ὃτιπερ,
2094 3937 2220 4018 ἔφη,
2251 3943 2342 3997 τὸν
2374 3947 2469 3998 τοῦ
2500 3943 2834 4016 νομίσματος
2884 3949 3029 3998 σῖτον
3075 3944 3336 4020 πρότερον
3382 3940 3525 3999 δυσὶν
3573 3944 3763 4018 ἡμιό-

327 4059 441 4101 νοις
465 4036 856 4115 ἐπιφορτίζων,
883 4034 971 4090 ἐπὶ
1000 4041 1100 4104 τῆς
1130 4040 1230 4103 σῆς
1266 4032 1539 4109 βασιλείας
1571 4031 1666 4088 δύο
1696 4033 2049 4108 νομισμάτων
2084 4039 2233 4088 σῖτον
2284 4026 2502 4109 ἀϐαρῶς
2531 4032 2619 4088 ἐπὶ
2647 4037 2755 4087 τῶν
2784 4032 2951 4107 ὤμων
2999 4034 3166 4110 φέρω.
3201 4058 3229 4086 ››
3262 4033 3450 4096 Συνεὶς
3499 4032 3590 4089 οὗν
3643 4038 3761 4107 τήν

327 4125 604 4203 εἰρωνείαν
629 4125 969 4201 ἀνεχώρησε,
1006 4120 1175 4197 μηδὲν
1205 4124 1519 4199 ταραχθείς.

394 4237 681 4292 Caeterum
715 4232 990 4289 Saraceni
1022 4232 1260 4287 amissis
1290 4230 1349 4286 in
1381 4230 1547 4303 Syria
1572 4234 1629 4286 et
1656 4230 1856 4287 Cilicia
1892 4249 1984 4286 ur-

322 4324 517 4395 bibus,
549 4324 839 4379 Joannem
869 4321 1381 4394 archiepiscopum
1427 4320 1845 4393 Hierosolymae
1896 4321 1978 4375 vi-

321 4430 461 4469 vum
512 4413 984 4476 combusserunt,
1018 4411 1172 4482 quod
1207 4411 1665 4481 suspicarentur
1696 4411 1827 4481 ejus
1855 4410 1976 4465 ins-

321 4505 510 4559 tinctu
542 4503 936 4575 Nicephorum
969 4501 1113 4572 ipsis
1148 4500 1364 4555 bellum
1400 4499 1731 4554 illaturum.
1764 4504 1976 4555 Incen-

2162 4231 2227 4287 Οὶ
2260 4227 2318 4284 δὲ
2349 4229 2658 4305 Σαρακηνοὶ
2694 4231 2829 4302 μετά
2855 4230 2919 4285 τὸ
2951 4228 3155 4285 ἀλῶναι
3205 4232 3302 4294 τὰς
3353 4231 3406 4287 ἐν
3447 4231 3621 4308 Συρίᾳ
3653 4235 3764 4290 καὶ

2089 4316 2316 4391 Κιλικίᾳ
2391 4319 2579 4381 πόλεις
2648 4321 2741 4374 τὸν
2821 4322 3079 4396 ἀρχιερέα
3160 4326 3266 4376 τῶν
3338 4321 3762 4398 Ἰεροσολύμων

2087 4410 2340 4479 Ἰωάννην
2391 4413 2565 4477 ζῶντα
2609 4409 2938 4465 κατέκαυσαν
2990 4410 3065 4473 ὡς
3088 4416 3206 4471 ταῖς
3241 4410 3542 4481 ὑποθήκαις
3575 4410 3768 4468 αὐτοῦ

2084 4498 2227 4573 τάχα
2279 4495 2581 4571 μέλλοντος
2629 4502 2725 4552 τοῦ
2772 4498 3093 4577 Νικηφόρου
3142 4498 3416 4576 ἀφίξεσθαι
3465 4500 3606 4574 πρὸς
3644 4503 3764 4558 αὖ·

318 4595 533 4649 derunt
581 4562 759 4648 etiam
820 4562 1290 4662 pulcherrimum
1345 4588 1630 4660 templum
1686 4588 1975 4644 Dominici

2269 4562 2563 4660 ἐνέπρησαν
2615 4585 2672 4642 δὲ
2710 4588 2798 4642 καὶ
2992 4562 3303 4663 περικαλλῆ
3349 4590 3473 4644 ναὸν
3501 4562 3600 4644 τοῦ
3634 4598 3766 4647 Κυ-

316 4684 603 4755 Sepulcri.
638 4683 854 4737 Eodem
907 4680 1083 4735 modo
1134 4677 1479 4733 Antiocheni
1536 4695 1768 4749 quoque
1820 4679 1969 4734 375

321 4772 807 4844 Christophorum
843 4786 1017 4825 suum
1053 4768 1389 4840 pontiﬁcem
1434 4784 1737 4821 summum
1790 4767 1970 4822 inter-

320 4861 697 4917 fecerunt.Ad
722 4860 1134 4931 imperatorem
1165 4873 1336 4928 porro
1361 4872 1421 4910 se
1444 4856 1821 4910 contulerunt
1839 4860 1976 4910 Gre-

319 4951 520 5020 gorius
547 4954 603 5004 et
636 4948 984 5003 Pancratius
1016 4948 1226 5000 fratres
1258 4946 1543 5017 germani,
1577 4945 1747 5015 eique
1796 4962 1965 5001 suam

320 5039 624 5108 ditionem,
675 5038 912 5092 nomine
962 5037 1171 5105 Taron,
1220 5039 1655 5089 concesserunt.
1689 5035 1842 5098 Quos
1874 5034 1970 5091 ille

319 5128 566 5198 patricia
597 5126 883 5198 dignitate
915 5129 1152 5179 ornatos
1185 5123 1418 5194 praediis
1468 5123 1695 5179 reditus
1738 5124 1967 5195 amplos

315 5216 671 5271 habentibus
701 5213 1072 5269 donavit.Die
1104 5212 1323 5269 mensis
1354 5212 1690 5269 Decembris
1718 5213 1968 5283 22,bora

312 5304 506 5373 tertia,
536 5307 739 5359 tantus
770 5302 882 5357 fuit
911 5301 1052 5357 solis
1104 5303 1369 5358 defectus
1420 5306 1485 5357 ut
1532 5307 1690 5359 astra
1736 5319 1968 5374 quoque

315 5392 714 5466 apparuerint.

2088 4681 2278 4751 ριακυῦ
2329 4678 2530 4755 Τάφου.
2580 4678 2649 4731 Τὸ
2698 4675 2744 4731 δ’
2794 4676 2924 4732 αὐτὸ
2967 4682 3126 4732 τοῦτο
3176 4681 3504 4748 πεποιήκασι
3552 4680 3649 4734 καὶ
3700 4684 3768 4738 οἱ

2085 4767 2417 4841 Ἀντιοχεῖς,
2470 4766 2843 4843 Χριστοφόρον
2889 4768 2982 4822 τὸν
3026 4767 3200 4821 αὐτῶν
3235 4765 3512 4829 ἀνελόντες
3546 4769 3769 4845 ἀρχιε-

2086 4856 2199 4931 ρὲα.
2236 4858 2314 4927 [Ρ.
2348 4858 2476 4929 662]
2525 4855 2936 4932 Προσερῥύησαν
2997 4854 3055 4911 δὲ
3110 4862 3189 4928 τῷ
3252 4856 3468 4931 βασιλεῖ
3525 4862 3768 4935 Γρηγόο

2088 4965 2205 5019 ριος
2257 4945 2345 4999 καὶ
2418 4945 2752 5021 Ιῐαγκράτιος
2812 4946 2863 5000 οἱ
2920 4943 3294 5019 αὐτάδελφοι,
3353 4953 3452 5015 τῆς
3522 4947 3759 5006 ἑαυτῶν

2088 5036 2589 5109 παραχωρήσαντες
2645 5035 2792 5106 αὐτῷ
2847 5034 3034 5111 χώρας
3083 5039 3179 5089 τοῦ
3229 5036 3439 5110 Ταρών·
3490 5034 3585 5100 οὓς
3637 5060 3771 5095 πα.-

2077 5124 2317 5199 τρικίους
2407 5126 2643 5197 τιμήσας
2734 5124 2826 5178 καὶ
2902 5126 3173 5197 κτήμασιν
3262 5123 3776 5200 ἐφιλοφρονήσατο

2078 5209 2541 5287 πολυπροσόδοις.
2588 5212 2836 5287 Ἐγένετο
2899 5210 2958 5267 δὲ
3010 5214 3099 5267 καὶ
3154 5211 3319 5283 ἡλίου
3375 5211 3619 5288 ἔκλειψις
3684 5224 3777 5294 τῇ

2078 5302 2163 5376 κβ⁹
2193 5306 2290 5355 τοῦ
2322 5296 2656 5377 Δεκεμϐρίου
2715 5301 2907 5375 μηνὸς,
2939 5302 3063 5379 περὶ
3110 5301 3300 5379 τρίτην
3336 5302 3497 5377 ὥραν,
3533 5305 3614 5369 ὡς
3654 5312 3781 5367 καὶ

2077 5387 2245 5467 ἄστρα
2275 5397 2531 5467 φανῆναι.

384 5500 517 5556 Jam
547 5498 905 5570 Theophano
937 5502 1205 5572 Augusta
1253 5499 1737 5555 consuetudinem
1795 5498 1967 5557 Nice-

315 5589 485 5661 phori
517 5604 812 5658 aversans,
839 5588 1209 5656 Tzimiscam,
1234 5588 1363 5659 ejus
1386 5588 1766 5644 familiarium
1799 5589 1871 5643 ad
1904 5604 1967 5643 se

312 5678 503 5735 vocati
534 5678 844 5751 cujusdam
876 5677 1229 5749 ministerio,
1261 5678 1434 5735 domo
1466 5695 1576 5735 sua
1596 5678 1679 5750 (in
1701 5694 1815 5749 qua
1838 5681 1963 5733 tum

2146 5498 2209 5550 Ἠ
2242 5494 2299 5551 δὲ
2333 5494 2551 5571 βασιλὶς
2600 5496 2852 5576 Θεοφανὼ
2897 5496 3343 5575 ἀποστρεφομένη
3391 5499 3490 5568 τὴν
3542 5521 3783 5562 συνου-

2077 5584 2193 5639 σίαν
2240 5589 2335 5640 τοῦ
2386 5587 2724 5663 Νικηφόρου,
2772 5589 2897 5643 τίνὰ
2941 5592 3047 5643 τῶν
3107 5589 3203 5644 τοῦ
3248 5591 3519 5663 Τζιμισκῆ
3574 5614 3785 5666 μετα-

2074 5674 2403 5751 πεμψαμίνη
2454 5674 2783 5734 εἰσκαλεῖται
2827 5680 3020 5734 τοῦτον
3063 5677 3115 5733 ἐν
3146 5681 3226 5753 τῷ
3272 5675 3397 5753 ῗδίῳ
3428 5676 3570 5755 οἴκῳ
3602 5702 3782 5761 σχο-
