3966 6134
200 319 314 379 109

1341 307 1710 367 HISTORIA
1723 306 1887 368 RUM
1934 306 2089 367 COM
2104 309 2442 373 PENDlUM
2455 357 2469 373 .

3493 318 3610 380 110

198 447 451 518 λάζοντα·
515 441 648 523 ἔφθη
707 443 808 519 γὰρ
869 442 896 495 6
960 437 1212 515 βασιλεὺς
1290 434 1379 492 διά
1430 457 1550 492 τινα
1616 434 1883 510 ὑποψίαν

2008 438 2227 497 rivatus
2258 442 2605 515 degebat,ob
2634 447 3030 520 suspicionem
3064 450 3383 522 quamdam
3414 451 3611 508 dome-

194 534 511 611 παραλύσας
539 538 731 589 τοῦτον
760 537 859 600 τῆς
908 533 1005 585 τοῦ
1060 525 1383 601 δομεστίκου
1432 528 1611 601 ἀρχῆς
1662 525 1750 580 καὶ
1797 525 1847 579 ἐν

194 631 276 698 τῷ
323 624 452 697 ἱδίῳ
501 621 637 696 οἷ’κῳ
688 620 945 695 ἀπρόϊτον
992 619 1125 674 εἶναι
1167 615 1425 679 κελεύσας
1453 659 1465 672 .
1522 614 1849 691 Διεπράξατο

200 714 260 770 δὲ
313 717 349 783 ἡ
404 711 671 787 μοιχαλὶς
719 710 807 785 καὶ
857 707 1155 784 γράμματα
1199 710 1390 761 τοῦτον
1449 703 1694 775 δέξασθαι
1748 707 1848 775 τὴν

198 801 433 867 κάθοδον
490 799 863 857 ἑπιτοέποντα.
915 798 1017 853 Καὶ
1067 797 1095 851 6
1140 796 1407 868 πεμφθεὶς
1460 794 1657 850 ἐκεῖθεν
1690 793 1849 848 αὐτὸν

198 886 609 964 ἀναλαϐόμενος
653 888 728 952 είς
774 884 1104 956 Χαλκηδόνα
1154 884 1393 963 ἀφίκετο.
1428 883 1524 937 Καὶ
1574 888 1669 938 τοῦ
1705 884 1853 958 βασι-

202 981 347 1042 λέως
397 976 836 1053 ὑπομνησθέντος
884 975 929 1031 εί
998 973 1080 1029 δεῖ
1124 978 1315 1029 τοῦτον
1369 971 1624 1028 εἴσελθεῖν
1682 971 1731 1027 έν
1782 975 1850 1047 τῇ

204 1067 473 1146 βασιλίδι,
524 1067 777 1123 κάκείνου
830 1064 1153 1142 προσμένειν
1208 1064 1398 1137 μικρὸν
1446 1061 1850 1136 ἐπιτρέψαντος,

201 1158 381 1229 ἐκείνη
415 1158 605 1219 νυκτὸς
642 1158 705 1211 ια’
749 1160 849 1210 τοῦ
899 1150 1230 1227 Δεκεμϐρίου
1283 1152 1477 1225 μηνὸς,
1511 1149 1850 1213 ἰνδικτιῶνος

201 1256 289 1322 ιγ’,
340 1246 490 1309 ἔτους
538 1252 724 1321 γςυοηκ
772 1242 1142 1299 ἀποστείλασα
1188 1238 1301 1317 ἄγει
1340 1246 1529 1295 τοῦτον
1580 1241 1715 1315 πρὸς
1760 1242 1849 1295 τὸν

194 1339 438 1393 κάτωθεν
497 1340 598 1391 τοῦ
637 1332 908 1389 παλατίου
956 1331 1345 1407 χειροποίητον
1395 1328 1594 1402 λιμένα
1639 1330 1850 1402 νυκτὸς,

195 1426 287 1480 καὶ
358 1424 526 1496 κοίνῳ
595 1424 898 1496 ἀνιμήσατο
956 1420 1091 1494 μετά
1146 1421 1360 1474 πάντων
1409 1423 1514 1472 τῶν
1572 1420 1692 1492 περῖ
1754 1419 1850 1473 αύ-

195 1516 316 1569 τόν·
372 1514 507 1582 ἦσαν
559 1510 615 1568 δὲ
665 1513 693 1567 6
736 1509 1022 1585 πατρίκιος
1084 1506 1312 1584 Μιχαὴλ
1362 1509 1389 1562 6
1436 1506 1713 1581 Βούρτζης
1760 1508 1846 1561 καὶ

200 1605 353 1658 Λέων
400 1603 699 1677 ταξιάρχης
748 1602 775 1656 ὁ
824 1599 1124 1660 Βαλάντιος
1172 1597 1262 1652 καὶ
1308 1601 1415 1651 τῶν
1445 1601 1540 1651 τοῦ
1579 1602 1849 1670 Τζιμισκῆ

196 1690 615 1748 πιστικωτάτων
677 1692 705 1745 6
766 1685 1277 1763 Ἀτζηποθεόδωρος
1336 1686 1424 1741 καὶ
1480 1682 1655 1761 ἕτεροι
1715 1683 1849 1742 δύο.

198 1780 415 1844 Οἷτινες
450 1778 770 1845 ἀνελθόντες
819 1778 909 1833 καὶ
959 1778 1201 1854 ξιφήρεις
1228 1776 1302 1839 εἰς
1332 1777 1423 1830 τὸν
1454 1780 1550 1830 τοῦ
1587 1772 1851 1851 βασιλέως

198 1870 540 1935 εἴσελθόντες
596 1872 853 1937 κοιτῶνα,
916 1866 1032 1922 ἐπεὶ
1095 1868 1169 1939 μὴ
1248 1863 1401 1940 εὗρον
1460 1864 1619 1919 αὑτὸν
1681 1863 1731 1919 ἐν
1779 1868 1848 1938 τῇ

197 1962 421 2031 συνήθει
466 1958 647 2033 κλίνῃ,
699 1959 1015 2033 φωραθῆναι
1069 1956 1464 2026 ὑπονοήσαντες
1509 1958 1707 2030 μικροῦ
1739 1952 1848 2009 δεῖν

196 2050 429 2111 ἑαυτοὺς
475 2050 934 2121 κατεκρήμνισαν,
967 2045 1014 2101 εἷ’
1063 2047 1138 2118 μή
1192 2065 1295 2099 που
1348 2042 1634 2120 ἀνδράριόν
1667 2066 1717 2099 τι
1747 2048 1853 2098 τῶν

196 2139 257 2194 ἐκ
285 2142 391 2205 τῆς
423 2133 869 2214 γυναικωνίτιδος
916 2135 1205 2209 εὑρηκότες
1258 2134 1345 2189 ὑπ’
1392 2133 1555 2189 αὐτοῦ
1587 2131 1854 2209 ὁδηγοῦν-

195 2249 310 2285 ται.
381 2226 479 2282 Καὶ
531 2219 1041 2298 καταλαμϐάνουσιν
1091 2222 1250 2278 αὐτὸν
1304 2222 1385 2277 ἐπ’
1453 2220 1683 2300 ἐδάφους
1738 2222 1853 2276 κεί-

203 2337 372 2390 μενον
432 2315 521 2370 καὶ
580 2314 871 2390 στρωμνὴν
930 2309 1131 2388 ἔχοντα
1179 2312 1341 2368 πίλον
1399 2306 1717 2390 κοκκοϐαφῆ
1766 2311 1855 2366 καὶ

200 2404 416 2481 ἄρκτου
447 2402 638 2479 δέρμα,
674 2405 805 2479 ὅπερ
838 2398 1020 2457 λαϐὼν
1051 2404 1117 2471 ἦν
1150 2402 1297 2476 παρὰ
1326 2400 1558 2476 Μιχαὴλ
1610 2398 1857 2475 μοναχοῦ

198 2500 300 2551 τοῦ
357 2493 658 2563 Μαλείνου,
705 2498 801 2548 τοῦ
850 2492 994 2557 θείου
1044 2491 1246 2548 αὑτοῦ.
1293 2494 1500 2549 Τοῦτον
1552 2489 1670 2565 ἄρτι
1721 2490 1885 2565 πρὸς¹

203 2584 380 2640 ὕπνον
439 2582 728 2661 τραπέντα,
799 2583 887 2637 καὶ
951 2578 1221 2655 μηδαμῶς
1296 2580 1683 2653 ἐπαισθόμενον
1759 2586 1858 2649 τῆς

206 2674 443 2748 ἀφίξεως
484 2677 592 2729 τῶν
644 2670 960 2746 μελλόντων
1009 2670 1169 2726 αὐτὸν
1214 2670 1470 2747 ἀναιρεῖν,
1503 2671 1530 2725 6
1559 2675 1860 2743 Τζιμισκῆς

202 2768 285 2835 τῷ
329 2760 465 2817 ποδὶ
514 2762 669 2832 νύξας
719 2760 1011 2834 ἐξύπνισεν.
1064 2758 1472 2831 Ἐξυπνισθέντα
1525 2758 1582 2814 δὲ
1629 2758 1716 2813 καὶ
1763 2766 1863 2829 τῆς

208 2848 393 2922 δεξιᾶς
439 2850 627 2926 χειρὸς
667 2849 760 2906 τὸν
807 2849 1028 2925 ἀγκῶνα
1064 2852 1133 2922 τῇ
1184 2852 1256 2924 γῇ
1310 2846 1728 2925 προσερείσαντα
1770 2850 1859 2903 καὶ

201 2942 303 3008 τὴν
385 2938 632 3018 κεφαλὴν
711 2938 1159 3019 ὀνακουφίσαντα,
1221 2936 1461 3016 ἐπιφέρει
1531 2942 1723 3013 γυμνῷ
1786 2942 1864 3009 τῷ

206 3030 348 3105 ξίφει
384 3028 520 3084 κατά
573 3036 674 3099 τῆς
720 3036 965 3106 κορυφῆς
1013 3030 1276 3091 ἀπεποῦς
1326 3027 1491 3098 οῧσης
1541 3027 1865 3102 (ἐπεπτώκει

204 3120 308 3195 γὰρ
374 3117 720 3194 ἐγειρομένου
774 3119 837 3174 τὸ
891 3122 992 3184 τῆς
1045 3118 1288 3196 κεφαλῆς
1344 3117 1511 3171 αὐτοῦ
1574 3114 1868 3189 κάλυμμα)

1959 528 2086 583 stici
2121 530 2311 586 ofﬁcio
2344 532 2605 604 dejectus
2634 536 2707 591 ab
2758 536 3126 609 imperatore,
3177 542 3233 594 et
3280 538 3438 595 domi
3487 555 3607 594 sum

1958 634 2021 673 se
2051 620 2346 677 continere
2375 639 2563 695 neque
2593 642 2841 697 usquam
2872 628 3109 698 prodire
3132 630 3367 701 jussus)
3387 633 3607 699 evocat,

1959 707 2220 779 adeoque
2249 708 2473 768 litteras
2503 712 2677 769 etiam
2709 714 2975 772 adultera
3012 717 3089 772 ab
3122 714 3473 790 imperatore
3504 717 3613 773 ob-

1958 795 2126 867 tinet,
2159 798 2374 869 quibus
2422 800 2481 856 in
2531 803 2736 859 urbem
2791 805 2841 859 is
2887 806 3079 861 redire
3123 807 3450 878 juberetur.
3501 806 3611 873 Qui

1962 886 2180 942 missus
2210 887 2340 958 fuit,
2375 890 2424 943 is
2454 891 2801 948 Tzimiscam
2836 896 3011 950 domo
3040 912 3148 951 sua
3186 895 3612 953 Chalcedonam

1960 976 2486 1051 adducit,Cumque
2507 981 2823 1053 imperator
2843 984 3221 1040 submonitus
3249 990 3449 1041 utrum
3478 1002 3612 1042 cum

1959 1064 2131 1121 vellet
2160 1067 2359 1138 Cpoliu
2394 1070 2778 1141 ingredi,eum
2812 1072 3249 1145 aliquantulum
3280 1082 3615 1147 exspectare

1953 1154 2253 1224 jussisset,
2284 1156 2639 1229 Theophane
2692 1166 2880 1229 nocte,
2932 1164 2994 1217 11
3048 1162 3405 1232 Decembris,
3456 1163 3610 1219 indi-

1961 1244 2148 1299 ctione
2182 1245 2424 1312 13,anno
2459 1249 2663 1303 mundi
2692 1251 3067 1319 6478,missis
3099 1253 3224 1308 suis
3257 1252 3609 1309 Tzimiscam

1962 1339 2135 1387 noctu
2170 1335 2238 1388 ad
2273 1341 2504 1405 portum
2540 1355 2717 1393 manu
2771 1342 3125 1410 conlectum,
3177 1341 3274 1411 qui
3324 1346 3414 1397 est
3458 1342 3613 1398 infra

1962 1421 2267 1493 palatium,
2301 1424 2557 1492 deducit,
2589 1431 2644 1481 et
2679 1427 3019 1497 impetitum
3052 1430 3211 1484 corbi
3244 1447 3378 1485 cum
3431 1431 3612 1487 sociis

1958 1510 2018 1563 in
2079 1510 2362 1582 palatium
2428 1514 2670 1571 attrahit
2729 1517 2901 1572 Erant
2952 1536 3085 1573 cum
3146 1534 3212 1573 eo
3289 1518 3613 1575 Michaelus

1962 1604 2168 1655 Burtza
2190 1601 2607 1672 patricius,Leo
2630 1605 2979 1663 Abalantius
3003 1607 3261 1664 cohortis
3283 1609 3614 1679 ductor,At-—

1961 1690 2424 1761 zypotheodorus
2451 1693 2751 1749 Tzimiscae
2782 1694 3108 1751 amicorum
3142 1696 3617 1765 ﬁdelissimus,ac

1963 1779 2078 1833 duo
2112 1778 2393 1847 alii,318
2425 1781 2465 1835 ii
2496 1799 2629 1837 cum
2664 1784 2722 1838 in
2758 1784 3040 1854 palatium
3073 1789 3271 1841 essent
3301 1786 3612 1855 sublevati,

1960 1867 2172 1940 gladiis
2203 1869 2378 1925 cincti
2404 1871 2779 1941 imperatoris
2810 1874 3147 1931 cubiculum
3174 1875 3428 1944 intrant;
3454 1892 3616 1933 cum-

1962 1974 2074 2029 que
2104 1973 2239 2013 eum
2272 1974 2386 2014 non
2416 1958 2745 2017 invenirent
2777 1962 2835 2017 in
2868 1967 3146 2019 consueto
3178 1961 3615 2035 lecto,detectas

1961 2044 2209 2103 insidias
2238 2064 2367 2104 esse
2397 2049 2767 2121 suspicantes
2789 2052 2919 2122 jam
2953 2052 3182 2124 seipsos
3210 2058 3378 2108 erant
3408 2053 3618 2125 princi-

1963 2136 2351 2208 pitaturi,nisi
2383 2137 2697 2195 homuncio
2730 2140 2971 2211 quidam
3003 2141 3312 2213 obtigisset
3333 2158 3402 2198 ex
3422 2158 3615 2215 gyna-

1963 2243 2083 2294 ceo,
2117 2242 2232 2297 quo
2261 2227 2410 2283 duce
2439 2227 2499 2283 in
2531 2228 2653 2284 solo
2675 2229 2970 2299 jacentem
3012 2230 3407 2301 Nicephorum
3464 2231 3613 2288 Pho-

1965 2332 2094 2369 cam
2119 2315 2442 2387 inveniunt,
2476 2333 2577 2388 pro
2600 2323 2757 2373 veste
2776 2319 3038 2390 stragula
3060 2319 3369 2375 habentem
3396 2319 3614 2392 pileum

1968 2421 2138 2459 cocco
2169 2405 2447 2459 infectum
2480 2412 2535 2461 et
2559 2406 2829 2462 exuvium
2864 2408 3008 2479 ursi,
3033 2408 3188 2479 quod
3219 2408 3291 2464 ab
3325 2408 3615 2465 avunculo

1970 2511 2077 2551 suo
2112 2493 2394 2549 Michaelo
2427 2495 2711 2550 monacho
2743 2496 2987 2552 Maleino
3018 2502 3337 2569 acceperat.
3390 2498 3614 2555 Recens

1971 2584 2289 2655 imperator
2338 2583 2788 2651 obdormiverat,
2844 2601 3032 2658 neque
3068 2603 3477 2658 percussorum
3511 2588 3613 2643 ad-

1970 2676 2211 2727 ventum
2268 2677 2551 2729 senserat.
2597 2673 2912 2729 Tzimisces
2964 2690 3099 2729 cum
3152 2675 3307 2732 calce
3357 2675 3538 2732 ictum
3588 2692 3620 2732 ο

1973 2778 2179 2817 somno
2212 2762 2457 2817 excitat:
2482 2762 2779 2834 evigilanti
2812 2764 3145 2836 dextraeque
3180 2780 3393 2822 manus
3424 2765 3620 2821 cubito

1973 2854 2141 2905 terras
2173 2849 2445 2906 innitenti
2477 2855 2533 2906 et
2572 2855 2747 2923 caput
2795 2851 3084 2908 attollenti
3118 2853 3229 2910 Leo
3273 2852 3622 2911 Abalantius

1976 2940 2179 2996 stricto
2208 2956 2347 2995 ense
2376 2939 2590 2996 vulnus
2621 2941 2830 3014 ingens
2867 2942 2924 2996 in
2953 2944 3179 2998 nudum
3225 2947 3405 3016 caput
3451 2943 3631 3015 (deci-

1977 3029 2141 3084 derat
2171 3028 2326 3084 enim
2357 3028 2696 3100 operculum
2729 3030 2929 3101 capiti,
2960 3031 3100 3087 dum
3140 3049 3202 3087 se
3245 3032 3628 3105 sublevareti)

1978 3118 2214 3186 incutit,
2246 3118 2440 3174 medio
2472 3120 2671 3174 cranio
2705 3118 2978 3175 dissecto.
3004 3120 3224 3177 Deinde
3255 3138 3390 3177 eum
3422 3120 3632 3179 alecto

209 3187 364 3263 λέων
486 3187 850 3270 ⁹Ἀ’ϐαλςιὶντιος
895 3187 1138 3284 γενναίαν
1185 3204 1433 3281 πληγὴν,
1466 3204 1555 3259 καὶ
1596 3187 1864 3259 διελαύνει

2002 3207 2307 3263 Luferentes
2338 3208 2407 3261 ad
2438 3207 2784 3263 Tzimiscam
2815 3209 3041 3264 ducunt
3073 3210 3131 3265 in
3181 3209 3326 3266 sella
3375 3211 3635 3282 impera-

215 3296 385 3369 μέσον
418 3297 480 3351 τὸ
512 3295 751 3369 κρανίον.
785 3297 918 3354 Εἶτα
954 3303 1053 3366 τῆς
1101 3301 1392 3370 στρωμνῆς
1440 3293 1597 3349 αὑτὸν
1644 3293 1873 3364 ἀναστή-

215 3406 409 3446 σαντες
463 3382 647 3461 ἄγουσι
697 3384 837 3461 πρὸς
880 3385 970 3440 τὸν
1014 3387 1322 3458 Τζιμισκῆν
1370 3384 1457 3437 ἐπὶ
1504 3389 1605 3452 τῆς
1656 3381 1869 3457 βασιλι-

213 3480 317 3543 κῆς
360 3472 657 3528 καθίσαντα
696 3472 913 3545 κλίνης,
960 3472 1050 3527 καὶ
1098 3470 1285 3527 πολλᾶ
1325 3472 1751 3543 παροινήσαντες
1781 3468 1871 3523 καὶ

215 3559 685 3624 κατονειδίσαντες
733 3562 823 3616 καὶ
874 3560 1324 3640 δυσφημήσαντες
1372 3560 1448 3622 εἷς
1498 3560 1655 3614 αὑτὸν
1704 3557 1873 3633 μηδὲν

218 3651 365 3708 ἄλλο
400 3650 628 3727 λέγοντα
658 3650 785 3707 ἀλλ’
816 3651 873 3721 ἢ,
909 3678 934 3702 ‹‹
971 3650 1159 3727 Κύριε,
1203 3649 1445 3715 ἐλέησον,
1485 3674 1512 3701 ››
1545 3650 1655 3713 καὶ,
1692 3674 1718 3700 ‹‹
1752 3656 1875 3703 Θεο-

217 3742 366 3812 τόκε,
417 3743 627 3817 βοήθει,
660 3766 688 3793 ››
729 3740 1035 3795 τελευταῖον
1090 3739 1203 3795 ἐπεί
1262 3759 1361 3815 περ
1419 3740 1873 3815 κατεφωράθησαν

218 3832 370 3907 παρὰ
412 3836 521 3885 τῶν
572 3831 880 3906 προκρίτων
915 3832 999 3903 [Ρ.
1030 3832 1160 3902 663]
1187 3833 1284 3884 τοῦ
1332 3826 1597 3883 παλατίου
1637 3827 1725 3882 καὶ
1757 3849 1877 3883 συν-

220 3920 407 3975 ίστατο
469 3918 551 3974 ἐπ’
610 3918 804 3981 αὐτοὺς
864 3917 1075 3988 πλῆθος
1154 3918 1532 3991 ἀμυνομένων,
1600 3916 1878 3992 ἀποσφάτ-

1978 3295 2129 3351 toria
2161 3295 2481 3363 sedentem,
2516 3295 2838 3367 multisque
2866 3296 3235 3354 contumeliis
3267 3302 3324 3355 et
3362 3297 3634 3356 convitiis

1982 3385 2295 3456 exagitant,
2332 3383 2475 3438 nihil
2508 3383 2668 3440 aliud
2714 3385 3006 3441 dicentem
3040 3398 3218 3457 quam
3254 3404 3266 3443 :
3306 3408 3331 3441 ε
3367 3387 3631 3457 Domine,

1982 3473 2282 3539 miserere,
2316 3471 2622 3544 opitulare,
2658 3473 2921 3545 Deipara.
2960 3498 2981 3527 ι
3038 3476 3297 3532 Tandem
3355 3493 3489 3532 cum
3539 3493 3631 3533 res

1982 3562 2424 3619 excubitoribus
2458 3562 2655 3633 palatii
2688 3562 3063 3627 innotuisset,
3097 3570 3153 3619 et
3197 3564 3514 3620 multitudo
3560 3567 3629 3620 ad

1986 3652 2417 3706 defendendum
2454 3653 2860 3721 imperatorem
2886 3655 3634 3724 accurreret,Nicephorum

1978 3741 2579 3811 jugulant,caputquc
2610 3743 2737 3809 ejus
2772 3749 3057 3795 resectum
3092 3744 3501 3799 defensoribus
3536 3763 3637 3816 per

1988 3831 2302 3885 fenestram
2335 3830 2673 3885 ostendunt.
2705 3834 2823 3884 Huc
2856 3835 3022 3901 pacto
3056 3830 3129 3886 iis
3159 3832 3399 3903 sedatis,
3432 3832 3640 3888 Tzimi-

1990 3935 2097 3973 scae
2132 3918 2310 3973 libere
2342 3934 2469 3988 quae
2500 3918 2667 3973 vellet
2699 3919 2907 3989 agendi
2938 3918 3165 3975 occasio
3196 3921 3351 3975 data.

218 4030 377 4064 τουσι
408 4012 625 4079 τοῦτον,
658 4009 747 4063 καὶ
776 4009 874 4077 τήν
909 4006 1151 4085 κεφαλὴν
1184 4006 1549 4079 ἀποτεμόντες
1580 4002 1667 4060 διά
1716 4026 1868 4068 τινος
1918 4003 2131 4081 θυρίδος
2178 4010 2293 4066 τοῖς
2342 4004 2417 4066 εἷς
2472 4006 2724 4078 βοήθειαν
2776 4007 3127 4081 συντρέχουσι
3178 4005 3499 4062 δεικνύουσι.
3544 4008 3641 4064 Καὶ

221 4100 275 4152 οἱ
311 4098 411 4171 μὶν
449 4095 590 4151 οὕτω
620 4097 1100 4170 κατεστορέθησαν.
1131 4101 1247 4158 τοῖς
1283 4093 1341 4150 δὲ
1371 4096 1493 4170 περί
1534 4096 1625 4150 τὸν
1677 4098 1974 4168 Τζιμισκῆν
2024 4093 2208 4166 καιρὸς
2256 4091 2416 4164 ἐδόθη
2467 4090 2638 4155 ἀδεῶς
2687 4093 2775 4148 καὶ
2823 4095 2941 4167 μετ’
2990 4092 3172 4157 ἀδείας
3220 4096 3393 4150 πάντα
3440 4101 3640 4154 ποιεῖν.

293 4224 529 4297 Λέγεται
603 4219 662 4276 δὲ
716 4222 798 4276 δτι
869 4221 977 4297 πρὸ
1035 4219 1163 4277 δέκα
1221 4222 1444 4296 ἡμερῶν
1492 4224 1588 4274 τοῦ
1648 4220 1883 4284 θανάτου

218 4311 421 4366 αὐτοῦν
476 4304 706 4388 ἔγγραφν
760 4311 908 4387 εὗρεν
942 4310 971 4365 6
1023 4307 1299 4386 βασιλεὺς,
1350 4306 1678 4385 ἐρριμμένον
1722 4307 1772 4363 ἐν
1806 4312 1884 4381 τῷ

218 4404 453 4455 κοιτῶνι
507 4399 669 4454 αὑτοῦ
712 4400 800 4454 καὶ
856 4403 1065 4473 μηνῦον
1125 4396 1518 4474 ἀσφαλίσασθαι
1570 4398 1754 4452 ἑαυτὸν
1805 4397 1881 4459 ὡς

222 4483 732 4560 έπιϐουλευόμενον
788 4488 891 4543 ὑπὸ
919 4491 1017 4543 τοῦ
1044 4490 1342 4561 Τζιμισκῆ.
1376 4486 1477 4541 Καί
1504 4506 1624 4541 τινα
1654 4484 1711 4541 δὲ
1740 4483 1881 4556 κλη-

2066 4222 2213 4277 377
2254 4221 2464 4276 Ferunt
2488 4221 2687 4276 decem
2714 4220 2925 4277 diebus
2947 4225 3265 4292 antequam
3290 4221 3648 4280 interﬁcere-

1990 4313 2109 4376 tur,
2140 4309 2532 4380 Nicephorum
2562 4307 2623 4365 in
2656 4324 2761 4365 suo
2811 4308 3082 4364 cubiculo
3136 4310 3432 4368 invenisse
3481 4312 3649 4369 libel-

1992 4398 2140 4466 lum,
2188 4396 2358 4468 cujus
2406 4396 2701 4469 scriptura
2748 4398 3101 4453 monebatur
3131 4402 3195 4453 ut
3223 4398 3339 4454 sibi
3374 4406 3645 4457 caveret:

1991 4502 2129 4541 nam
2162 4504 2195 4541 a
2222 4485 2509 4541 Tzimisca
2536 4484 2651 4556 ipsi
2681 4484 2930 4541 insidias
2964 4485 3436 4549 ﬁeri.Quemdam
3468 4486 3647 4545 etiam

223 4579 380 4653 ρικόν
414 4596 548 4651 φασι
596 4576 732 4631 κατά
776 4577 877 4645 τήν
927 4576 1152 4653 ἑσπέραν
1200 4582 1300 4645 τῆς
1347 4574 1669 4649 ἀναιρέσεως
1720 4571 1883 4629 δεδω-

2002 4576 2274 4631 clericum
2308 4575 2620 4647 perhibent
2648 4574 2896 4647 vesperi,
2931 4591 3048 4647 qua
3079 4581 3247 4631 nocte
3279 4576 3487 4632 deinde
3518 4593 3648 4649 per-

222 4667 373 4721 κέναι
407 4664 559 4737 αὐτῷ
604 4664 833 4741 γράμμα
879 4664 1138 4742 περιέχον
1186 4666 1323 4741 πρὸς
1374 4661 1505 4726 ἔπος
1541 4668 1725 4720 ταῦτα·
1763 4687 1791 4715 ‹‹
1822 4668 1887 4717 Ὢ

230 4754 483 4829 βοσιλεῦ,
526 4752 824 4831 ἀσφάλισαι
872 4754 1111 4809 σεαυτὸν’
1162 4751 1411 4817 κίνδυνος
1456 4755 1556 4830 γάρ
1615 4774 1699 4808 σοι
1754 4752 1890 4807 κατὰ

225 4842 436 4914 ταύτην
510 4844 612 4912 τήν
670 4842 835 4899 νύκτα
892 4842 954 4898 ού
1018 4844 1211 4919 μικρὸς
1282 4844 1553 4920 ἀρτύεται.
1615 4866 1643 4894 ››
1702 4842 1776 4898 Τὸ
1833 4838 1889 4895 δὲ

229 4934 584 5009 γραμμάτιον
617 4931 778 4989 ἄλλοι
807 4934 904 5006 μὲν
937 4931 1193 5008 λέγουσιν
1224 4934 1297 4995 ὡς
1342 4927 1636 4988 ὑπολαϐὼν
1669 4932 1696 4986 6
1732 4932 1891 5006 βασι-

234 5020 366 5085 λεὺς
402 5018 694 5096 δεητήριον
729 5022 859 5077 εἶναι
893 5023 995 5077 οὐκ
1043 5021 1246 5099 ἀνέγνω
1285 5025 1469 5093 τοῦτο,
1521 5018 1683 5077 ἄλλοι
1718 5018 1764 5074 δ’
1808 5020 1891 5075 ὅτι

238 5111 449 5186 ἀνέγνω
484 5110 603 5183 μὶν,
637 5109 765 5166 ἀλλ’
809 5109 1062 5184 ἠμέλησε
1106 5118 1208 5181 τῆς
1254 5108 1447 5166 έαυτοῦ
1497 5109 1764 5186 φυλακῆς,
1796 5112 1893 5163 τοῦ

227 5199 416 5274 χρεὼν
466 5197 884 5273 ἐμποδίσαντος,
934 5199 1299 5264 ἀποθανόντος
1346 5197 1402 5254 δὲ
1456 5200 1651 5255 τούτου
1702 5199 1891 5274 εὑρέθη

234 5282 365 5363 ἕχον
400 5290 468 5343 τὰ
501 5290 871 5365 γεγραμμένα.
902 5288 1104 5347 ’Ἄλλοι
1137 5287 1184 5345 δ’
1214 5289 1296 5345 δτι
1334 5288 1598 5366 ἀναγνοὺς
1640 5287 1897 5361 ἐπέτρεψε

233 5378 336 5445 τὴν
372 5380 606 5448 ζήτησιν
636 5380 724 5435 καὶ
759 5379 1007 5457 φυλακὴν
1036 5384 1116 5453 τῷ
1157 5374 1665 5456 πρωτοϐεστιαρίῳ,
1697 5376 1898 5453 ἔγραψε

240 5463 298 5521 δέ
345 5465 443 5521 καὶ
491 5471 571 5539 τῷ
621 5465 842 5545 ἀδελφῷ
897 5469 1084 5524 Λέοντι
1131 5467 1213 5523 ἐπ’
1264 5466 1419 5524 oi’xou
1470 5466 1713 5543 διάγοντι
1765 5466 1896 5522 λαὸν

242 5552 483 5611 ἔνοπλον
529 5556 813 5633 εἰληφέναι
860 5558 950 5613 καὶ
1000 5564 1256 5637 φοιτῆσαι
1303 5559 1402 5628 τὴν
1449 5559 1718 5633 ταχίστην
1765 5556 1901 5632 πρὸς

241 5647 305 5703 τὸ
363 5643 656 5707 παλάτιον.
704 5651 874 5705 Τοῦτο
932 5646 990 5706 δέ
1063 5646 1411 5725 διακομισθὶν
1482 5648 1685 5712 ἐκεῖνος
1753 5644 1901 5721 δεξά-

1998 4665 2087 4734 iit,
2123 4663 2349 4720 litteras
2383 4662 2435 4719 ei
2466 4662 2804 4718 exhibuisse
2836 4663 2894 4718 in
2948 4664 3165 4735 quibus
3213 4663 3334 4719 haec
3382 4664 3649 4721 contine-

1998 4758 2201 4810 rentur
2243 4769 2255 4808 :
2309 4776 2335 4803 «
2386 4752 2543 4808 Muni
2594 4753 2875 4823 teipsum,
2923 4752 3245 4824 imperator
3289 4769 3303 4807 :
3350 4770 3483 4808 nam
3537 4754 3649 4811 hac

2002 4846 2167 4899 nocte
2195 4840 2300 4896 tibi
2324 4840 2648 4913 periculum
2673 4841 2968 4897 haudleve
2998 4840 3317 4912 impendet.
3350 4864 3378 4892 »
3411 4842 3522 4898 Eas
3553 4842 3651 4899 lit-

1998 4937 2155 4988 teras
2167 4931 2264 4986 alii
2282 4931 2523 4987 tradunt
2538 4930 2951 5002 imperatorem
2968 4946 3083 4985 non
3101 4929 3652 5003 legisse,opinatum

2001 5022 2075 5077 iis
2107 5020 2447 5092 petitionem
2479 5019 2738 5092 aliquam
2772 5017 3197 5074 contineri.Alii
3228 5018 3439 5091 legisse
3468 5022 3656 5094 aiunt,

2002 5108 2106 5165 sed
2136 5109 2227 5165 sui
2249 5108 2620 5165 custodiendi
2667 5106 2953 5162 rationem
3004 5122 3121 5162 non
3170 5107 3409 5165 duxisse
3452 5109 3657 5180 ullam,

2005 5200 2120 5254 fsto
2152 5199 2501 5270 impeditum
2537 5213 2550 5251 :
2585 5209 2801 5267 easque
2832 5194 3059 5250 litteras
3086 5194 3215 5268 ipso
3246 5198 3433 5254 occiso
3455 5199 3660 5256 inven-

2004 5292 2096 5344 tas
2127 5288 2330 5344 fuisse.
2363 5287 2491 5343 Non
2522 5286 2738 5341 desunt
2768 5284 2870 5356 qui
2903 5283 2976 5340 iis
3029 5283 3196 5341 lectis
3245 5286 3662 5360 imperatorem

2006 5380 2271 5433 asserant
2298 5375 2740 5447 inquisitionem
2771 5376 2825 5429 et
2868 5374 3149 5430 custodire
3200 5392 3419 5434 munus
3462 5382 3662 5449 proto-

2008 5466 2276 5523 vestiario
2326 5464 2672 5532 mandasse;
2729 5461 3028 5533 simulque
3090 5462 3255 5518 fratri
3314 5481 3422 5521 suo
3483 5466 3660 5522 Leoni

2009 5555 2166 5613 domi
2185 5572 2303 5611 suae
2318 5553 2549 5626 degenti
2568 5551 2878 5626 scripsisse
2896 5555 2961 5606 ut
2981 5567 3117 5607 cum
3139 5556 3367 5608 armata
3384 5570 3564 5609 manu
3584 5556 3658 5611 ad

2009 5645 2291 5723 pelatium
2320 5644 2621 5704 celerrime
2649 5643 2883 5712 veniat;
2913 5640 3164 5699 Leonem
3193 5640 3422 5701 litteras
3452 5658 3660 5717 accep-
