3922 6132
348 352 460 413 111

1684 359 2003 422 GEORGII
2047 359 2388 423 CEDRENI

3638 373 3758 433 112

346 493 439 547 tas
469 508 583 548 non
614 488 1095 563 aperuisse,quod
1128 493 1251 547 tum
1282 490 1427 548 forte
1457 490 1593 549 talis
1623 508 1757 548 cum
1791 492 1971 564 aliqui

2125 511 2288 563 ιενος,
2330 490 2422 547 καί
2471 490 2603 567 μηδ’
2649 493 2894 565 ἆνελίξας
2938 491 3126 574 (ἔτυχε
3172 497 3275 575 γάρ
3324 494 3566 556 κυϐεύων
3624 502 3762 576 μετᾶ

348 585 596 640 certaret
624 590 681 636 et
708 579 1145 652 impensissime
1175 580 1286 637 isto
1317 579 1542 638 ludicro
1581 581 1990 651 delectaretur,

348 673 452 728 sed
472 687 571 727 eas
590 670 649 725 in
674 669 766 727 sui
790 667 990 725 lectuli
1012 670 1237 742 sponda
1255 670 1619 743 deposuisse.
1644 672 1803 727 Ludo
1826 672 1993 727 ﬁnito

345 761 547 819 statim
609 759 860 833 legisse,
929 764 986 815 et
1051 764 1321 833 percepta
1387 762 1679 818 sententia
1733 761 1994 834 coegisse

346 856 630 925 quantam
658 867 750 907 res
783 851 932 905 ferre
964 866 1229 919 manum,
1282 867 1349 906 ac
1398 852 1470 907 ad
1515 851 1800 924 palatium
1850 866 1991 906 con-

345 945 625 1002 tendisse.
678 945 789 1001 Sed
840 960 974 999 cum
1004 944 1075 999 ad
1107 944 1370 999 Fundam
1398 945 1544 1000 Circi
1574 945 1849 1013 venisset,
1885 961 1989 1001 au-

342 1035 500 1092 disse
529 1035 819 1107 quosdam
850 1033 1003 1089 inter
1052 1049 1113 1089 se
1164 1034 1235 1089 de
1284 1033 1590 1091 interfecto
1637 1033 1991 1106 imperatore

338 1124 664 1197 Nicephoro
696 1122 1118 1194 colloquentes,
1149 1140 1254 1179 nec
1285 1140 1401 1179 non
1450 1128 1508 1180 et
1555 1124 1614 1178 in
1667 1123 1882 1196 palatio
1931 1128 1990 1180 et

340 1212 666 1287 angiportis
691 1213 979 1268 Joannem
1029 1211 1441 1283 imperatorem
1490 1212 1986 1285 proclamantium

340 1320 507 1361 voces
529 1302 891 1375 percepisse:
914 1300 1109 1372 itaque
1130 1318 1190 1357 re
1217 1301 1515 1374 insperata
1545 1305 1985 1358 consternatum

340 1391 485 1449 nihil
499 1390 855 1464 magnaninu
867 1406 921 1445 m
936 1390 1029 1445 37
1042 1390 1089 1445 8
1104 1391 1412 1462 cogitasse,
1431 1391 1532 1447 sed
1548 1390 1703 1447 illico
1718 1408 1850 1446 cum
1867 1390 1986 1447 {ilio

338 1481 663 1553 Nicephoro
694 1480 751 1535 in
783 1480 1062 1552 Magnum
1092 1479 1401 1551 Templum
1433 1480 1986 1553 confugisse.Atque

338 1571 460 1627 hac
488 1568 775 1626 memoria
802 1567 1032 1641 prodita
1061 1573 1235 1638 sunt;
1269 1585 1474 1625 verene
1513 1586 1587 1625 an
1640 1569 1811 1638 falso,
1865 1586 1982 1625 non

337 1660 675 1733 pronuntio.
708 1658 769 1715 Id
804 1657 1043 1730 quidem
1073 1657 1278 1732 liquet,
1303 1658 1699 1733 Nicephorum
1734 1659 1791 1715 in
1825 1659 1983 1733 pala-

334 1750 416 1807 tio
449 1747 631 1806 luisse
663 1747 1058 1806 interfectum.

404 1927 557 1985 379
587 1926 841 1983 Joannes
873 1925 1194 1982 Tzimiscas
1232 1925 1341 1982 hoc
1386 1926 1619 1984 sublato
1662 1927 1979 1999 imperium

334 2017 487 2086 iniit,
520 2015 801 2072 adhibitis
835 2014 1072 2087 collegis
1104 2014 1319 2070 Basilio
1342 2018 1398 2070 et
1430 2017 1813 2073 Constantino
1865 2017 1981 2072 Ro-

334 2106 496 2162 mani
526 2105 683 2175 ﬁliis,
717 2120 967 2177 quorum
1018 2103 1112 2159 hic
1167 2104 1461 2176 quintum,
1514 2105 1610 2161 ille
1657 2106 1981 2177 septimum

333 2196 517 2251 atatis
537 2211 758 2251 annum
781 2193 1188 2265 agebat.lnitio
1210 2194 1410 2249 statim
1434 2194 1663 2267 imperii
1680 2196 1981 2261 Basilium,

333 2284 759 2341 cubicularium
785 2282 1088 2347 intimum,
1120 2298 1295 2355 quem
1326 2283 1689 2356 Nicephorus
1720 2285 1792 2339 ab
1825 2301 1889 2341 eo
1920 2284 1980 2339 in

334 2375 675 2446 occupando
711 2373 954 2444 imperio
990 2390 1101 2428 non
1136 2372 1339 2428 leviter
1388 2374 1631 2445 adjutus
1682 2392 1826 2430 novo
1880 2390 1981 2430 no-

334 2466 492 2519 mine
523 2465 653 2518 novi
687 2462 1070 2534 magistratus
1102 2462 1371 2517 instituto
1407 2463 1711 2535 prasidem
1753 2480 1981 2519 creave-

331 2558 625 2623 rat,noctu
645 2554 713 2608 ad
737 2568 799 2607 se
822 2556 1086 2606 vocatum
1112 2568 1306 2606 rerum
1330 2553 1720 2622 gerendarum
1752 2554 1979 2608 socium

329 2642 590 2708 asciscit,
642 2642 863 2713 q'uippe
913 2644 971 2696 et
1018 2641 1192 2712 longo
1242 2646 1507 2712 tempore
1563 2641 1623 2696 in
1682 2641 1981 2714 republica

329 2736 646 2800 versatum,
673 2731 781 2786 sub
800 2738 963 2801 patre
976 2729 1233 2784 Romano
1249 2729 1494 2801 seniore,
1528 2734 1584 2785 et
1596 2730 1979 2787 Constantino

328 2819 828 2893 Porphyrogenito
859 2818 1078 2874 sororis
1110 2835 1229 2874 sua
1261 2819 1494 2890 marito,
1526 2824 1585 2876 et
1632 2819 1732 2892 qui
1784 2820 1980 2892 sapis-

331 2909 482 2965 sime
528 2924 653 2964 rem
706 2911 910 2964 contra
956 2913 1255 2979 Agarenos
1284 2912 1565 2979 gesserat,
1598 2912 1656 2964 et
1686 2909 1863 2966 rebus
1893 2926 1980 2965 ar-

331 2996 468 3055 duis
499 2996 643 3055 scite
674 3011 738 3053 se
768 2997 1212 3053 accommodare
1243 2996 1509 3053 callebat.
1546 3002 1603 3054 Is
1632 2997 1982 3067 Basilius,ut

330 3086 589 3160 primum
616 3086 1059 3143 tractandarum
1092 3102 1287 3142 rerum
1319 3102 1537 3143 munus
1567 3086 1810 3160 accepit,
1852 3104 1979 3145 om-

329 3193 434 3233 nes
486 3175 811 3248 Nicephoro
842 3176 1148 3232 studentes
1178 3192 1208 3231 e
1240 3174 1435 3231 medio
1466 3176 1793 3232 submovet.
1831 3176 1978 3233 Leo-

2011 1880 2058 1945 B

2100 602 2263 636 τινων
2310 581 2401 637 καὶ
2452 580 2751 657 δαιμονίως
2798 588 2867 659 τῇ
2917 584 3110 657 παιδιᾷ
3159 589 3469 664 χρώμενος)
3512 586 3661 655 ἔθετο
3707 591 3761 647 ἰν

2100 673 2169 744 τῇ
2202 671 2393 727 ἑαυτοῦ
2450 670 2611 746 κλίνῃ
2659 672 2763 729 ὀπὸ
2809 675 2908 744 τὴν
2959 674 3151 748 τύλην.
3196 679 3353 754 Ἄρτι
3401 676 3459 735 δὲ
3498 684 3596 735 τοῦ
3627 701 3763 736 παι-

2101 759 2255 835 γνίου
2308 757 2654 825 διαλυθέντος
2715 763 2778 818 τὸ
2826 763 3172 840 γραμμάτιον
3233 766 3475 823 ἐπελθὼν
3527 769 3617 825 καὶ
3663 770 3761 825 τὸν

2101 848 2407 927 ἰγκείμενον
2460 855 2584 907 νοῦν
2637 850 2812 916 συνεῗς
2855 858 2963 908 τῶν
3013 856 3346 934 γραφέντων,
3402 855 3627 932 δύναμιν
3678 859 3760 923 ὣς

2100 938 2128 992 6
2186 940 2375 1015 καιρὸς
2430 939 2624 1016 ἀπῄτει
2686 944 3057 1020 συνηθροικὼς
3126 945 3289 1021 ἀπῄει
3346 948 3484 1022 πρὸς
3536 949 3605 1003 τὰ
3656 950 3759 1025 βα-

2100 1026 2297 1087 σίλεια,
2359 1030 2652 1104 Γενόμενος
2712 1028 2770 1086 δὲ
2824 1033 2960 1088 κατὰ
3014 1036 3114 1105 τήν
3169 1034 3221 1090 έν
3271 1040 3351 1109 τῷ
3396 1034 3757 1115 ἱπποδρομίῳ

2100 1115 2394 1192 σφενδόνην
2424 1117 2625 1187 ἤκουσέ
2654 1141 2815 1175 τινων
2851 1119 3255 1199 διαλεγομένων
3288 1136 3423 1200 πρός
3467 1124 3760 1198 ἀλλήλους

2097 1207 2170 1269 ὡς
2248 1204 2350 1283 ἄρα
2424 1205 2508 1279 εἷή
2585 1206 2897 1288 Νικηφόρος
2972 1211 3315 1287 ἀνῃρημένος
3383 1215 3412 1269 6
3472 1214 3756 1290 βασιλευς,

2094 1294 2295 1365 ἤκουσε
2326 1294 2383 1352 δὶ
2412 1297 2501 1352 καὶ
2528 1302 2637 1353 τῶν
2669 1298 2720 1353 έν
2752 1304 2832 1372 τῷ
2863 1297 3119 1375 παλατίῳ
3167 1303 3255 1358 καὶ
3309 1309 3426 1367 τοῖς
3456 1311 3760 1371 στενωποῖς

2094 1384 2550 1464 ἀνευφημούντων
2599 1388 2694 1444 τὸν
2736 1390 3019 1461 Ἰωάννην.
3050 1392 3146 1464 Τῷ
3196 1390 3510 1467 ἀνελπίστῳ
3558 1391 3617 1449 δὶ
3654 1415 3753 1451 κα·
3796 1388 3799 1391 ’

2092 1472 2411 1550 ταπλαγεὶς,
2461 1477 2550 1532 καὶ
2602 1476 2771 1551 μηδὶν
2828 1478 3084 1551 ἐννοήσας
3148 1487 3415 1556 γενναῖον,
3539 1483 3755 1560 τάχους

2094 1563 2211 1639 εἶχε
2238 1564 2329 1619 σὺν
2369 1570 2449 1638 τῷ
2494 1567 2598 1640 υίῷ
2645 1568 2949 1645 Νικηφόρῳ
2996 1573 3064 1644 τῇ
3115 1568 3348 1647 Μεγάλῃ
3382 1572 3748 1650 προσέρχεται

2092 1653 2410 1727 Ἐκκλησία.
2458 1656 2555 1710 Καὶ
2604 1654 2670 1712 τὰ
2715 1658 2809 1731 μὶν
2860 1655 3127 1734 λεγόμενα
3179 1665 3365 1716 ταῦτα·
3418 1662 3467 1718 εἴ
3511 1659 3569 1718 δὶ
3610 1662 3758 1735 ἀλη-

2092 1744 2201 1806 θῶς
2232 1742 2267 1813 ἢ
2311 1742 2543 1818 ψευδῶς,
2587 1746 2688 1801 οὐκ
2736 1743 2850 1822 ἔχω
2900 1746 3099 1825 λέγειν.
3147 1751 3381 1821 Θνήσκει
3425 1748 3472 1806 δ’
3517 1750 3674 1827 ὅμως
3721 1754 3753 1809 6

2090 1832 2410 1909 Νικηφόρος
2442 1830 2591 1889 ἔνδον
2622 1838 2719 1891 τοῦ
2752 1834 3021 1893 παλατίου
3051 1837 3452 1917 κατεργασθείς.

2162 1921 2420 1993 Ἰωάννης
2500 1920 2557 1978 δὲ
2614 1924 2643 1981 6
2699 1929 3008 1998 Τζιμισκῆς
3077 1933 3178 1996 τῆς
3239 1928 3506 2001 Ρωμαίων
3565 1929 3748 2007 ἀρχῆς

2089 2008 2458 2097 ἀποβανόντος
2488 2016 2585 2066 τοῦ
2632 2015 2947 2092 Νικηφόρου
2978 2014 3256 2087 ἀνεδέξατο
3293 2017 3389 2080 τὰς
3422 2016 3740 2097 φροντίδας,

2091 2095 2594 2173 συμϐασιλεύοντας
2662 2099 2805 2179 ἔχων
2866 2103 3147 2161 Βασίλειον
3194 2106 3281 2161 καὶ
3341 2095 3740 2164 Κωνσταντῖνον

2088 2188 2216 2251 τοὺς
2263 2188 2411 2252 υἱοὺς
2468 2192 2769 2264 Ῥωμανοῦ,
2820 2193 2894 2246 ὧν
2939 2193 2966 2247 6
3022 2193 3115 2267 μὲν
3164 2193 3445 2258 Βασίλειος
3501 2191 3741 2271 ἕϐδομον

2092 2280 2241 2332 εἷλκε
2283 2285 2381 2349 τῆς
2428 2277 2650 2348 ἡλικίας
2702 2275 2838 2349 ἔτος,
2894 2281 3083 2357 ἅτερος
3142 2280 3199 2338 δὲ
3251 2285 3279 2339 6
3338 2291 3745 2349 Κωνσταντῖνος

2090 2368 2336 2440 πέμπτον
2373 2370 2508 2442 (21).
2554 2368 2730 2433 Εὐθὺς
2777 2368 2870 2425 οὖν
2919 2369 3200 2427 Βασίλειον
3249 2373 3339 2428 τὸν
3384 2374 3754 2449 παρακοιμώ-

2096 2478 2273 2530 μενον,
2325 2457 2382 2511 ὃν
2421 2458 2734 2531 Νικηφόρος
2786 2459 2814 2513 6
2885 2459 3138 2535 βασιλεὺς
3198 2462 3261 2516 οὐ
3315 2463 3483 2537 μικρά
3531 2458 3751 2536 συμϐα-

2090 2544 2323 2618 λόμενον
2383 2545 2530 2619 αὐτῴ
2586 2547 2723 2621 πρὸς
2779 2549 2877 2617 τὴν
2928 2556 3030 2619 τῆς
3082 2550 3363 2625 βασιλείας
3417 2554 3756 2629 κατάσχεσιν

2088 2632 2353 2709 πρόεδρον
2407 2638 2519 2709 (22)
2569 2635 2848 2709 τετίμηκε,
2896 2639 2973 2711 μή
3026 2660 3112 2693 πω
3143 2639 3404 2717 πρότερον
3458 2637 3615 2705 ὄντος
3647 2647 3753 2698 τοῦ

2088 2720 2421 2797 ἀξιώματος,
2501 2726 2724 2794 πρώτου
2811 2723 2858 2781 δ’
2914 2726 3045 2783 αὐτὸ
3120 2733 3280 2785 τοῦτο
3352 2729 3747 2809 ἒφευρηκότος,

2089 2813 2282 2876 νυκτὸς
2334 2816 2824 2889 μεταπεμψάμενος
2871 2818 3129 2874 κοινωνὸν
3186 2825 3289 2890 τῆς
3336 2819 3513 2896 ἀρχῆς
3562 2841 3749 2896 προσ-

2088 2896 2339 2973 ελάϐετο,
2375 2903 2464 2956 ἅτε
2495 2903 2544 2957 ἒν
2578 2903 2815 2968 πολλοῖς
2848 2905 3072 2981 χρόνοις
3116 2905 3184 2962 τά
3224 2928 3283 2963 τε
3312 2907 3573 2965 πολιτικὰ
3602 2931 3748 2984 μετ·-

2089 2987 2314 3045 ελθόντα
2358 2990 2446 3046 ἐπὶ
2491 2997 2589 3048 τοῦ
2640 2992 2843 3049 οἷ’κείου
2896 2996 3100 3069 πατρὸς
3150 3000 3238 3069 [Ρ.
3276 3000 3405 3072 664]
3448 2999 3748 3073 Ῥωμανοῦ

2085 3084 2182 3134 τοῦ
2227 3078 2479 3157 γέροντος
2521 3103 2610 3138 και
2676 3084 3080 3140 Κωνσταντίνου
3130 3090 3227 3141 τοῦ
3281 3092 3747 3165 Πορφυρογεννή-

2085 3189 2182 3223 του
2212 3173 2309 3224 τοῦ
2358 3166 2612 3247 γαμϐροῦ
2669 3171 2855 3244 αὑτοῦ,
2904 3173 2993 3229 καὶ
3053 3173 3369 3238 πλειστάκις
3432 3178 3569 3231 κατὰ
3624 3183 3748 3233 τῶν

322 3282 459 3323 nem
492 3266 894 3338 curopalatam
926 3264 987 3320 in
1017 3264 1292 3333 Lesbum,
1317 3264 1708 3337 Nicephorum
1741 3265 1971 3322 Bestam

2125 3262 2398 3334 lyapmibv
2460 3259 2909 3337 έκστρατεύσαντα
2946 3309 2961 3332 ,
3020 3265 3110 3318 καὶ
3165 3261 3502 3341 δυσχερείαις
3559 3286 3753 3342 πραγ-

315 3356 445 3428 ejus
478 3354 670 3411 ﬁlium
694 3352 1237 3410 Imbrum.Bardam
1256 3353 1426 3410 Duca
1451 3352 1977 3432 filiumjuniorem,

319 3445 425 3516 qui
449 3449 576 3500 tum
626 3442 881 3501 Chaldia
903 3445 960 3498 et
978 3440 1227 3499 Colonia
1251 3446 1518 3514 praerat,
1549 3442 1827 3515 abrogato
1859 3460 1981 3499 ma-

323 3535 578 3606 gistratu
603 3531 900 3587 Amasiam
933 3530 1171 3602 relegat,
1202 3530 1475 3603 aliosque
1504 3531 1591 3587 vel
1643 3531 1841 3587 civiles
1887 3531 1976 3587 vel

313 3622 557 3679 bellicos
586 3620 972 3693 magistratus
1002 3623 1272 3691 gerentes
1310 3619 1366 3675 in
1420 3619 1684 3675 ordinem
1741 3619 1974 3693 redigit,

316 3711 376 3767 in
424 3725 748 3783 eorumque
800 3708 928 3765 loca
976 3706 1289 3763 substituit
1336 3706 1657 3765 familiares
1705 3725 1866 3780 suos,
1919 3713 1978 3766 et

313 3817 463 3875 quos
513 3816 661 3857 novo
696 3797 1053 3871 imperatori
1084 3798 1233 3854 ﬁdos
1262 3802 1481 3854 nosset.
1514 3798 1762 3855 Reditus
1794 3798 1971 3854 etiam

311 3893 586 3948 decretus
652 3889 726 3945 iis
791 3904 938 3959 quos
1015 3886 1385 3959 Nicephorus
1469 3886 1661 3943 solum
1745 3891 1972 3944 vertere

306 3981 595 4053 jusserat,
644 3977 1023 4051 pontiﬁcibus
1083 3976 1374 4048 praecipue
1432 3975 1771 4048 primariis;
1832 3976 1967 4049 qui-

310 4070 424 4125 bus
496 4067 865 4125 ostendimus
918 4065 975 4121 id
1032 4065 1186 4121 380
1252 4066 1533 4133 evenisse,
1604 4066 1759 4136 quod
1826 4082 1966 4121 con-

309 4157 607 4215 stitutioni
637 4157 709 4213 ab
740 4172 806 4212 eo
829 4155 1147 4228 spolianda
1172 4171 1239 4210 ac
1260 4154 1617 4211 contumelia
1647 4154 1967 4211 afﬁcienda

304 4247 575 4304 Ecclesia
605 4262 784 4302 causa
815 4246 977 4301 facta
1009 4242 1341 4300 noluissent
1369 4244 1762 4300 subscribere.

2092 3348 2274 3419 μάτων
2310 3344 2488 3403 εἰδότα
2538 3348 2748 3425 εὐφυῶς
2792 3352 3284 3427 προσαρμόζεσθαι.
3319 3354 3409 3415 Ὁς
3455 3353 3607 3416 εὐθὺς
3636 3356 3750 3423 τήν

2088 3435 2385 3510 ἐπιτροπὴν
2444 3437 2687 3516 εἰληφὼς
2757 3444 2867 3494 τῶν
2943 3440 3274 3518 πραγμάτων
3350 3442 3553 3505 πάντας
3605 3443 3752 3507 τοὺς

2087 3522 2294 3580 εὔνοιαν
2352 3531 2429 3599 τῷ
2486 3528 2783 3606 Νικηφόρῳ
2846 3527 3214 3607 φυλάττοντας
3291 3530 3351 3587 ἐκ
3418 3532 3582 3606 μέσου
3642 3553 3754 3588 πε-

2083 3614 2303 3685 ποίηκε,
2363 3614 2565 3671 Λέοντα
2639 3617 2733 3690 μὶν
2801 3617 2894 3672 τὸν
2952 3616 3377 3694 κουροπαλάτην
3434 3618 3485 3674 ἐν
3540 3615 3753 3694 Λέσϐῳ

2081 3704 2392 3779 περιορίσας
2447 3705 2535 3760 καὶ
2585 3702 2900 3784 Νικηφόρον
2961 3709 3166 3779 Βέστην
3224 3708 3315 3764 τὸν
3364 3710 3560 3764 τούτου
3612 3712 3747 3766 υἱὸν

2081 3790 2133 3847 ἐν
2181 3797 2250 3861 τῇ
2306 3788 2539 3869 Ἴμϐρῳ,
2595 3793 2800 3871 Βάρδαν
2857 3794 2914 3851 δὲ
2959 3797 3052 3853 τὸν
3097 3799 3359 3873 νεώτερον
3404 3796 3569 3855 δοῦκα
3604 3799 3749 3856 τότε

2080 3879 2325 3943 Χαλδίας
2376 3882 2467 3937 καὶ
2511 3882 2827 3948 Κολωνείας
2874 3888 3214 3962 τυγχάνοντα
3259 3888 3359 3957 τὴν
3404 3888 3583 3963 ἀρχὴν
3628 3889 3747 3968 ἀφ-

2081 3970 2343 4046 ελόμενος
2396 3972 2449 4028 έν
2500 3973 2767 4047 Ἀμασείᾳ
2815 3974 3155 4052 παρέπεμψε.
3214 3976 3311 4031 Καὶ
3349 3976 3477 4041 τοὺς
3522 3974 3753 4042 ἄλλους

2080 4060 2136 4117 δὶ
2190 4064 2307 4119 ὅσοι
2369 4062 2658 4128 πολιτικὰς
2708 4064 2743 4135 ἢ
2795 4066 3184 4142 στρατιωτικάς
3241 4066 3503 4142 μετῂεσαν
3555 4068 3751 4145 ἀρχὰς

2074 4157 2183 4207 τῶν
2234 4153 2420 4228 ἀρχῶν
2474 4153 2810 4229 παραλύσας,
2858 4155 2990 4219 τοὺς
3040 4156 3277 4220 οἰκείους
3324 4156 3587 4228 ἐπέστησε
3646 4161 3751 4215 καὶ

2073 4246 2152 4314 τῷ
2200 4242 2303 4315 νέῳ
2356 4241 2575 4319 βασιλεῖ
2621 4245 2991 4318 φυλάττοντας
3039 4243 3270 4304 εὔνοιαν.
3320 4251 3447 4308 Τοῖς
3493 4246 3620 4301 τότε
3687 4246 3756 4304 δὲ

304 4334 453 4410 παρὰ
476 4338 575 4390 τοῦ
604 4333 921 4409 Νικηφόρου
953 4327 1327 4409 φυγαδευθεῖσι
1354 4328 1585 4385 κάθοδον
1620 4329 1919 4403 ἐπιτρέπει,
1946 4331 2037 4386 καὶ
2088 4330 2195 4406 πρό
2243 4351 2306 4406 γε
2347 4335 2456 4385 τῶν
2502 4330 2689 4386 ἄλλων
2740 4338 2858 4395 τοῖς
2902 4332 3239 4409 ἀρχιερεῦσι,
3288 4338 3367 4406 τῷ
3417 4335 3492 4409 μὴ
3540 4332 3737 4392 Θέλειν

307 4425 621 4501 ὑπογράψαι
654 4427 731 4495 τῷ
758 4422 916 4496 τόμῳ
947 4422 1005 4476 ὃν
1038 4419 1114 4482 εἷς
1138 4421 1452 4495 κατατομὴν
1487 4417 1577 4474 καί
1607 4415 1762 4494 ὕϐριν
1791 4420 1979 4499 ἐφεῦρε
2007 4427 2108 4490 τῆς
2149 4418 2481 4491 Ἐκκλησίας
2526 4420 2727 4484 ἐκεῖνος
2775 4421 3142 4498 ἐξορισθεῖσιν,
3193 4424 3269 4486 ὡς
3316 4420 3424 4495 ἤδη
3467 4426 3685 4499 φθάσας
3715 4428 3748 4483 6

304 4510 469 4591 λόγος
494 4514 799 4590 ἱστόρησεν.

378 4606 575 4665 Rebus
640 4604 751 4662 hoc
818 4609 991 4661 modo
1055 4600 1419 4671 constitutis,
1482 4617 1549 4656 ea
1608 4600 1738 4672 ipsa
1795 4605 1964 4657 nocte

2145 4596 2303 4656 Οὕτω
2373 4595 2431 4654 δὶ
2506 4602 2614 4654 τῶν
2664 4600 2995 4675 πραγμάτων
3045 4600 3543 4676 οἷκονομηθέντων,
3596 4605 3754 4661 κατὰ

1499 4732 1876 4789 XYLANDRI
1916 4734 2005 4790 ET
2043 4733 2261 4790 GOARI
2298 4733 2532 4790 NOTJE.

380 4858 491 4928 (21)
522 4858 584 4911 Id
616 4872 820 4911 verum
854 4851 1176 4928 esse_nullo
1211 4851 1383 4928 modo
1418 4853 1630 4928 potest,
1658 4865 1791 4928 cum
1826 4866 1953 4905 om-
1985 4856 2033 4920 ι)

2132 4850 2247 4923 (22)
2279 4850 2417 4921 Ejus
2449 4866 2671 4923 munus
2705 4849 2815 4905 fuit
2843 4849 2902 4905 in
2935 4850 3091 4923 cives
3137 4854 3197 4923 et
3245 4866 3366 4906 rem
3420 4851 3749 4923 publicam

307 4922 446 4983 nino
473 4922 723 4999 uterque
754 4924 1036 4999 natusisit
1066 4930 1227 4999 patre
1257 4923 1519 4999 Romano
1548 4923 1602 4987 3,
1636 4927 1953 4999 antequam
2064 4922 2334 4992 prafecto
2382 4922 2543 4999 urbis
2592 4938 2707 4999 n_on
2734 4922 3027 4999 _abs_i_mile
3075 4939 3097 4999 :_
3136 4922 3201 4999 is“
3236 4923 3394 4999 enim
3424 4922 3502 4999 fin
3538 4924 3745 4999 Ιοπίοο

308 5006 497 5056 mater
524 4994 880 5071 Theophano
906 4994 1103 5071 Phoca
1122 4994 1450 5071 Nicephoro
1481 4994 1823 5071 imperatori
1853 5010 1954 5049 nu-

306 5074 490 5128 beret.
524 5072 604 5127 Ex
634 5065 707 5127 iis
735 5086 861 5142 qua
895 5067 1233 5132 Panvinius,
1267 5065 1441 5142 homo
1491 5067 1660 5142 longe
1702 5065 1959 5142 diligen-

304 5145 578 5200 tissimus
608 5149 667 5221 et
696 5137 1114 5221 peritissimus,
1149 5140 1470 5221 adnotavit,
1506 5137 1959 5221 .deprehendere

304 5221 469 5300 ρριθξ
492 5211 773 5271 θεείιίιίω
800 5213 1348 5300 thavmantias
1365 5211 1440 5300 4,?
1459 5211 1956 5300 evastasse

302 5281 416 5344 isto
446 5293 709 5359 tempore
738 5287 1075 5359 egisse,quo
1107 5281 1431 5359 adimperii
1456 5282 1795 5359 societatem
1818 5285 1960 5359 sunt

305 5376 339 5414 a
368 5351 623 5415 Zimisca
653 5351 841 5423 asciti,
894 5351 944 5427 a'
974 5351 1092 5427 qua
1137 5351 1384 5427 vitricus
1432 5368 1532 5407 eos
1583 5351 1672 5407 vel
1722 5356 1960 5427 propter

307 5435 537 5487 atatem
561 5426 941 5497 arcuerat,vel
973 5423 1349 5497 s'altemrnihil
1381 5428 1587 5497 prater
1606 5439 1818 5497 nomen
1852 5423 1954 5478 ha-

307 5503 577 5557 buerant.
603 5506 748 5557 Nam
773 5495 843 5555 in
864 5500 981 5554 fine
1006 5496 1202 5552 Basilii
1228 5496 1479 5550 Zonaras
1504 5495 1585 5548 ait
1614 5496 1786 5550 etiam
1818 5510 1953 5550 cum

304 5575 500 5630 Phoca
529 5590 629 5630 eos
656 5574 1001 5643 imperasse.
1053 5567 1328 5643 P_anvinio
1376 5566 1773 5643 astipulantur
1825 5582 1954 5637 qua

291 5646 473 5703 initio
496 5645 706 5702 horum
726 5638 958 5717 imperii
980 5640 1165 5717 multo
1183 5655 1364 5717 quam
1376 5638 1498 5717 hac
1516 5638 1739 5717 aptiora
1755 5638 1958 5717 leg-un-

294 5724 405 5776 tur
434 5719 589 5792 apud
608 5710 884 5774 Nostru'm
910 5720 967 5773 et
992 5710 1303 5770 Zonarium
1333 5710 1547 5768 habeat
1575 5710 1948 5766 tentem.Xn..

2073 4990 2366 5081 anonymo
2416 4992 2557 5079 bibl.
2585 4993 2798 5081 ‘Regia
2828 4994 3047 5081 dicitur
3077 4992 3104 5045 6
3134 4997 3235 5081 'r‘ﬁc
3267 4990 3550 5081 πολιτείας
3580 4993 3744 5081 dex-

2072 5061 2481 5146 ‘qy6q,:ﬁ‘f£p¢bv
2513 5062 2600 5149 καὶ
2637 5061 2874 5138 πρῶτος.
2906 5065 3054 5149 Nisih
3062 5064 3343 5149 malueris
3373 5083 3407 5121 a
3453 5061 3746 5149 cpnsiliis

2070 5136 2437 5218 praecipuum
2487 5136 2807 5219 afﬁrmare,
2849 5153 2986 5217 cum
3015 5137 3437 5219 Constantinus
3467 5141 3741 5198 Romani

2070 5207 2234 5288 [ilius
2251 5212 2452 5262 statim
2481 5209 2593 5262 sub
2619 5224 2824 5288 primis
2846 5225 2922 5288 1_m
2934 5209 3074 5280 perii
3096 5210 3378 5288 auspiciis
3398 5214 3520 5265 tres
3540 5211 3747 5270 simul

2065 5275 2370 5353 προέδρους
2392 5275 2693 5353 creaverit,
2717 5275 3052 5353 scholarum
3080 5275 3489 5353 domesticum,
3520 5288 3741 5353 proto-

2066 5350 2410 5423 vestiarium
2444 5355 2500 5405 et
2528 5350 2943 5423 drungarium,
2976 5367 3123 5423 quos
3157 5350 3747 5423 nonrofﬁciis'adau-

2065 5422 2356 5500 gere,_sed
2390 5421 2449 5500 in_
2484 5421 2869 5500 negotiorum
2886 5421 3473 5500 administrationem
3516 5430 3742 5500 magis

2064 5498 2347 5565 secretam
2381 5493 2662 5565 advocare
2711 5494 2919 5565 potuit,
2970 5499 3028 5550 et
3062 5496 3189 5565 jam
3230 5496 3531 5565 communi
3563 5493 3744 5558 facta

2063 5564 2347 5642 dignitate
2377 5563 2737 5642 praecipuum
2769 5582 2854 5642 ωεΔ
2867 5567 2954 5623 eis
2993 5563 3478 5642 πρωτοπρὸεδρον,
3512 5572 3581 5626 ut
3608 5568 3737 5632 hu-

2063 5636 2161 5694 bet
2191 5636 2569 5711 Curopalates
2594 5641 2653 5695 et
2680 5637 2706 5695 J
2715 5654 2784 5697 us
2813 5637 2910 5696 Gr.
2944 5636 3325 5697 constituere.
3358 5636 3543 5698 ϐολῇ.
