3966 6134
304 343 423 405 113

1442 338 1988 401 HISTORIARUM
2033 339 2587 404 COMPENDIUM.

3602 337 3722 399 HI

290 474 399 543 τὴν
455 471 623 542 αὐτὴν
683 471 849 528 νύκτα
903 468 1081 542 πάσης
1133 467 1365 545 ὑποψίας
1424 468 1720 533 ἀπολυθεὶς
1774 468 1856 527 ἄπι

2156 472 2232 530 ini
2262 472 2550 531 liberatus
2581 472 2917 545 suspicione
2943 470 3256 543 Tzimisca,
3284 470 3469 543 'paulo
3499 474 3633 544 post
3661 470 3722 526 in

302 564 420 636 μετ’
450 560 650 638 ὀλίγων
679 562 707 616 6
743 558 1000 636 βασιλεὺς
1030 558 1110 623 είς
1138 561 1238 630 τὴν
1291 558 1548 634 Μεγάλην
1601 558 1951 631 Ἐκκλησίαν,

293 651 458 728 χερσὶ
488 655 588 706 τοῦ
617 648 962 726 πατριάρχου
995 644 1184 705 λαϐεῖν
1221 647 1563 723 βουλόμενος
1592 649 1655 703 τὸ
1687 646 1951 723 διάδημα.

293 743 400 799 "Ov
455 739 684 804 ἐλθόντα
734 738 994 794 εἰσελθεῖν
1042 739 1143 793 οὐκ
1188 735 1359 792 εἶάσεν
1402 739 1431 792 ὁ
1460 735 1822 806 Πολύευκτος,
1876 738 1952 811 μὴ

297 830 450 902 ἄξιον
510 831 643 885 εἶναι
702 830 910 907 φήσσας
968 822 1221 895 ἐπιϐῆναι
1255 826 1401 881 θείου
1451 830 1581 881 ναοῦ
1638 831 1812 899 νεαρῷ
1862 826 1953 881 καὶ

299 918 583 993 ἀτμίζοντι
636 916 713 973 ἔτι
763 922 845 989 τῷ
892 920 1191 991 συγγενικῷ
1240 912 1432 988 αἶ’ματι
1473 918 1805 989 σταζομένας
1859 916 1952 978 τὰς

298 1014 496 1084 χεῖρας
544 1002 762 1082 ἔχοντα,
813 1004 960 1061 ἀλλᾶ
1009 1009 1231 1059 σπεῦσαι
1280 1000 1413 1079 ἔργα
1458 1003 1743 1077 μετανοίας
1781 1002 1952 1059 ἐνδεί-

298 1100 512 1170 ξασθαι,
551 1095 641 1151 καὶ
673 1095 845 1157 οὕτως
876 1094 1110 1173 ἐφίεσθαι
1157 1097 1344 1148 πατεῖν
1392 1089 1588 1170 ἔδαφος
1637 1092 1796 1147 οἷκου
1846 1094 1951 1149 Κυ-

300 1186 447 1260 ρίου.
491 1188 603 1242 Τοῦ
654 1181 712 1239 δὶ
765 1182 1018 1240 Ἰωάννου
1076 1182 1259 1253 ἠπίως
1315 1179 1602 1255 δεξαμένου
1646 1184 1745 1251 τὴν
1788 1179 1953 1236 ἒπιτί-

301 1296 471 1349 μησιν
524 1274 613 1329 καὶ
667 1272 843 1328 πάντα
910 1272 1106 1347 πρᾶξαι
1172 1272 1288 1345 μετ’
1345 1269 1641 1334 εὐπειθείας
1700 1270 1953 1347 ἐπαγγει-

295 1363 584 1438 λαμένου,
632 1360 1107 1437 ἀπολογισαμένου
1163 1358 1209 1415 δ’
1267 1359 1351 1415 ὅτι
1396 1359 1483 1415 καὶ
1538 1360 1795 1435 αὐτόχειρ
1850 1361 1953 1416 οὐκ

291 1452 457 1515 αὐτὸς
486 1452 693 1528 ἐγένετο
724 1455 821 1506 τοῦ
851 1449 1195 1527 Νικηφόρου,
1234 1446 1363 1503 ἀλλ’
1412 1450 1439 1503 6
1472 1447 1771 1511 Βαλάντιος
1800 1450 1890 1504 καὶ
1922 1452 1949 1505 6

290 1537 811 1615 Ἀτζυποθεόδωρος
869 1538 1139 1614 ἐπιτροπῇ
1192 1544 1290 1607 τῆς
1346 1534 1634 1609 δεσποίνης
1667 1584 1680 1607 ,
1747 1538 1947 1609 ταύτην

296 1631 400 1705 μὶν
455 1632 483 1685 6
528 1626 879 1706 πατριάρχης
927 1628 1254 1704 προσέταττε
1302 1630 1410 1681 τῶν
1458 1626 1766 1701 ἀνακτόρων
1820 1649 1949 1683 κατ-

290 1720 588 1796 ενεχθῆναι
635 1716 727 1773 καὶ
771 1714 823 1771 ἓν
857 1738 963 1773 τινι
1013 1717 1165 1788 νήσῳ
1212 1717 1645 1792 περιορισθῆναι,
1701 1715 1949 1791 ἐξοστρα-

2064 562 2343 635 Magnum
2376 563 2685 635 Templum
2720 579 2782 618 se
2814 562 3059 627 confert,
3074 565 3139 616 ut
3169 577 3347 615 manu
3379 560 3719 633 patriarchas

2066 652 2337 709 diadema
2368 653 2481 709 sibi
2510 652 2873 725 imponatur.
2924 651 3143 707 Verum
3193 665 3328 705 eum
3374 649 3717 722 Polyeuctus

2066 758 2182 797 non
2213 743 2493 813 admittit,
2543 760 2659 798 non
2696 741 2873 797 licere
2921 740 3200 812 inquiens
3249 738 3468 812 templo
3517 739 3720 795 subire

2065 848 2200 887 eum
2233 833 2404 903 cujus
2454 848 2668 887 manus
2718 831 2910 886 adhuc
2960 831 3179 886 recenti
3228 830 3457 901 cognati
3510 844 3716 903 cruore

2064 920 2356 977 stillarent
2385 926 2559 993 atque
2592 921 2889 977 fumarent
2917 941 2931 989 ;
2964 935 3200 992 operam
3230 920 3397 974 daret
3424 917 3507 973 uti
3533 918 3715 990 poeni-

2063 1010 2258 1065 tentiae
2289 1010 2483 1066 officia
2511 1014 2816 1083 praestaret
2843 1027 2855 1065 :
2880 1010 2962 1065 ita
2991 1010 3229 1064 demum
3262 1008 3617 1080 permissum
3644 1006 3718 1064 iri

2066 1098 2349 1154 utsolum
2400 1100 2612 1154 domus
2666 1099 2760 1154 Dei
2809 1097 3005 1154 calcet.
3060 1097 3200 1152 Eam
3248 1096 3717 1167 objurgationem

2064 1188 2291 1260 placide
2315 1188 2425 1243 fert
2443 1188 3101 1259 Tzimisca,promittens
3131 1203 3193 1242 se
3222 1185 3419 1241 omnia
3436 1184 3717 1241 obedien-

2061 1280 2152 1332 ter
2184 1277 2495 1347 facturum,
2534 1294 2595 1332 se
2617 1292 2851 1348 quoque
2872 1291 3133 1347 purgans
3167 1279 3230 1330 ut
3262 1275 3358 1346 qui
3384 1290 3596 1329 manus
3616 1273 3717 1328 Ni-

2062 1365 2312 1438 cephoro
2361 1382 2477 1420 non
2522 1365 2845 1436 intulisset,
2896 1365 2967 1419 ab
3016 1363 3319 1419 Abalantio
3368 1367 3426 1418 et
3466 1365 3713 1435 Atzypo-

2060 1454 2339 1509 theodoro
2365 1454 2539 1525 jussu
2572 1455 2846 1527 Augusta:
2876 1453 3187 1508 trucidato.
3230 1452 3572 1507 Patriarcha
3599 1451 3712 1523 igi-

2060 1546 2159 1597 tur
2184 1542 2333 1597 banc
2365 1541 2582 1615 palatio
2613 1542 2757 1614 exigi
2783 1543 2953 1614 jubet
2983 1546 3041 1598 et
3070 1542 3130 1597 in
3161 1541 3420 1614 aliquam
3450 1540 3710 1597 insulam

2060 1632 2394 1702 deportari;
2445 1632 2690 1703 relegari
2737 1631 2912 1687 etiam
2961 1629 3269 1702 Nicephori
3316 1645 3713 1701 percussores,

2060 1723 2117 1774 et
2148 1719 2448 1775 conscindi
2478 1719 2738 1775 libellum
2770 1720 2944 1775 edicti
2976 1720 3131 1792 quod
3164 1720 3235 1774 ad
3268 1719 3715 1775 confundendas

287 1810 545 1877 κισθῆναι
624 1804 681 1861 δὲ
751 1805 841 1860 γαὶ
899 1804 1028 1869 τοὺς
1081 1808 1183 1859 τοῦ
1235 1803 1550 1883 Νικηφόρου
1601 1803 1853 1880 αὐτόχειρ

2147 1828 2152 1863 ι
2181 1809 2631 1880 ecclesiasticas,
2665 1809 3029 1881 Nicephorus
3060 1808 3337 1865 ediderat.
3364 1809 3577 1864 Statim
3610 1808 3713 1881 igi-

292 1894 657 1974 διαρῥαγῆναι
689 1892 746 1951 δὶ
783 1894 874 1949 καὶ
929 1893 1019 1948 τὸν
1076 1902 1246 1966 τόμον
1281 1895 1394 1967 (23)
1452 1890 1509 1946 δν
1569 1890 1655 1947 ἐπὶ
1687 1893 1858 1969 συγχύ

2145 1916 2154 1930 ·
2206 1899 2493 1955 Tzimisca
2545 1915 2920 1971 percussores
2973 1899 3116 1955 istos
3162 1901 3418 1954 extorres
3463 1897 3601 1965 agit,
3652 1901 3711 1953 et

286 1993 406 2044 τῶν
461 1986 926 2056 ἱκκλησιαστικῶν
1001 1980 1332 2060 πραγμάτων
1412 1983 1441 2037 6
1499 1980 1813 2060 Νικηφόρος
1872 1981 1948 2053 ἐξ-

279 2078 462 2134 έθετο.
520 2075 740 2140 Εὐθέως
798 2073 888 2129 οὗν
922 2074 951 2127 6
984 2070 1239 2143 Ἰωάννης
1279 2069 1513 2133 ἐκείνους
1545 2092 1602 2126 τε
1633 2070 1795 2142 έξῶσε
1840 2075 1942 2137 τῆς

276 2165 507 2228 πόλεως
553 2164 643 2220 καὶ
691 2164 790 2232 τὴν
843 2162 1098 2240 Θεοφανὼ
1147 2160 1199 2216 ἐν
1244 2162 1633 2236 Προικοννήσῳ
1665 2159 1937 2235 ἐξώρισεν.

276 2258 443 2321 ’Ἠτις
472 2256 672 2310 ἐκεῖθεν
705 2252 923 2329 ὕστερον
961 2250 1135 2328 λάθρα
1165 2254 1410 2328 φυγοῦσα
1455 2248 1545 2304 καὶ
1592 2248 1663 2324 τῇ
1714 2249 1940 2325 Μεγάλῃ

274 2347 676 2421 προσφυγοῦσα
723 2338 1025 2412 Ἐκκλησία
1056 2382 1071 2413 ,
1133 2337 1223 2394 διὰ
1288 2342 1386 2394 τοῦ
1438 2340 1939 2413 παρακοιμωμένου

271 2431 576 2492 Βασιλείου
608 2426 940 2501 ἐκϐληθεῖσα
1004 2427 1055 2483 ἐν
1112 2433 1194 2501 τῷ
1252 2426 1445 2502 θίματι
1484 2433 1590 2482 τῶν
1651 2428 1938 2504 Ἀρμενια-

269 2524 391 2579 κῶν
433 2519 699 2598 ἐξωρίσθη
750 2518 826 2581 εἰς
857 2520 955 2589 τήν
1003 2518 1151 2594 παρᾶ
1204 2522 1301 2573 τοῦ
1362 2516 1631 2593 βασιλέως
1669 2538 1935 2594 νεουργη-

271 2616 460 2676 θεῖσαν
523 2610 694 2685 μονὴν
780 2608 877 2677 τὴν
930 2604 1168 2681 Δάμιδος
1201 2649 1216 2675 ,
1286 2602 1606 2682 ἐνυϐρίσασα
1664 2607 1932 2682 πρότερον

272 2700 356 2763 είς
411 2699 502 2755 τὸν
562 2695 788 2774 βασιλέα
818 2694 1003 2753 πολλὰ
1032 2695 1122 2751 καὶ
1154 2694 1229 2758 εἷς
1263 2696 1355 2751 τὸν
1383 2695 1681 2764 Βασίλειον,
1717 2694 1931 2766 Σκύθην

270 2790 369 2845 καὶ
426 2782 697 2865 βάρϐαρον
763 2781 1144 2841 ἀποκαλέσασα
1190 2783 1280 2840 καὶ
1336 2784 1472 2839 κατᾶ
1526 2783 1731 2861 κόρῥης
1786 2783 1931 2858 αὐτῷ

273 2876 579 2941 κονδύλονς
632 2875 977 2953 ἐπιτρίψασα.
1031 2874 1327 2951 Ἐξωρίσθη
1362 2872 1419 2930 δὲ
1451 2873 1543 2929 σὺν
1578 2874 1714 2949 αὐτῇ
1753 2874 1843 2929 καὶ
1893 2878 1928 2945 ἡ

2055 1988 2545 2060 Theophanonem
2615 1989 2674 2043 in
2742 1989 3172 2044 Proconnesum
3242 1986 3480 2059 relegat.
3540 1986 3708 2043 Unde

2054 2080 2256 2149 postea
2285 2076 2509 2132 occulte
2540 2093 2672 2132 cum
2706 2076 3061 2149 profugisset
3091 2075 3152 2131 in
3202 2076 3478 2147 Magnum
3528 2078 3701 2131 Tem-

2049 2166 2237 2236 plum,
2271 2167 2575 2222 exturbata
2606 2183 2673 2221 eo
2707 2184 2738 2222 a
2759 2166 2975 2222 Basilio
3001 2164 3361 2221 cubiculario
3391 2163 3448 2219 in
3473 2164 3704 2236 provin-

2050 2255 2195 2310 ciam
2228 2256 2598 2312 Armenicam
2631 2262 2717 2311 est
2749 2255 2894 2312 881
2954 2256 3277 2326 deportata,
3331 2254 3391 2309 in
3438 2252 3699 2310 Damidis

2049 2346 2471 2400 monasterium
2503 2360 2709 2399 recens
2739 2344 2810 2399 ab
2842 2343 3191 2414 imperatore
3222 2342 3701 2412 conditum,cum

2047 2433 2214 2505 prius
2244 2432 2304 2488 in
2335 2432 2753 2505 imperatorem
2786 2433 2972 2488 multa
2994 2432 3235 2503 jecisset
3277 2431 3531 2487 convitia
3555 2436 3613 2486 et
3641 2430 3702 2486 in

2046 2522 2351 2592 Basilium,
2385 2522 2479 2577 cui
2497 2521 2720 2591 Scythes
2747 2526 2805 2576 et
2828 2522 3061 2577 barbari
3094 2519 3331 2576 nomine
3353 2520 3703 2592 compellato

2044 2612 2218 2667 etiam
2256 2627 2483 2683 pugnos
2515 2611 2864 2682 ingesserat.
2897 2610 3080 2666 Mater
3100 2625 3335 2690 quoque
3381 2608 3698 2680 Theopha-

2045 2700 2218 2755 nonis
2247 2701 2306 2755 in
2338 2700 2700 2755 Mantineum
2732 2698 2921 2754 exsilii
2945 2715 3123 2754 causa
3150 2697 3331 2754 missa
3360 2716 3374 2764 ;
3407 2697 3699 2769 edictique

2042 2788 2276 2845 libellus
2308 2788 2569 2859 prolatus
2594 2792 2651 2842 et
2680 2788 3010 2860 discerptus
3041 2790 3151 2857 est,
3191 2785 3557 2857 pristinaque
3586 2786 3694 2841 Ec-

2040 2878 2229 2934 clesiae
2263 2877 2501 2933 libertas
2532 2877 2780 2933 reddita.

279 2969 489 3040 ταύτης
547 2969 732 3043 μήτηρ
786 2966 838 3021 ἐν
876 2966 1206 3040 Μαντινείῳ.
1262 2965 1537 3040 Ἐνεχθεὶς
1600 2962 1659 3040 δῖ
1701 2965 1728 3019 ὁ
1780 2964 1950 3039 τόμος
1999 2964 2225 3043 ἒρῥάγη,
2282 2964 2371 3021 καὶ
2411 2969 2478 3031 τῆ
2537 2962 2839 3037 Ἐκκλησία
2867 2964 3131 3040 ἐχαρίσθη
3164 2965 3200 3035 ἡ
3250 2963 3487 3041 προτέρα
3530 2962 3686 3020 ἇλευ-

279 3070 377 3135 θερ
390 3058 462 3114 ία.

352 3148 442 3221 [Ρ.
495 3148 621 3217 565]
678 3147 884 3200 τοῦτων
939 3144 1033 3199 οῦν
1090 3143 1470 3220 πραχθέντων,
1536 3140 1918 3217 ὑποσχομένου

2129 3145 2212 3200 iis
2243 3144 2760 3216 actis,Polyeuctus
2784 3144 3001 3215 peccati
3022 3143 3295 3216 expiandi
3313 3142 3504 3217 gratia
3523 3142 3695 3217 polli-

278 3234 343 3291 δὶ
398 3238 494 3290 τοῦ
546 3233 799 3291 Ἰωάννου
849 3232 937 3288 καὶ
998 3231 1074 3295 είς
1146 3230 1411 3305 ἐξίλασμα
1467 3237 1567 3301 τῆς
1624 3228 1933 3307 ἁμαρτάδος

272 3325 474 3394 πένησι
534 3320 809 3396 διανεῖμαι
865 3323 925 3391 ἢν
985 3319 1283 3377 ἰδιωτεύων
1341 3322 1458 3396 εἶχε
1513 3319 1846 3395 περιουσίαν,
1907 3322 1935 3375 6

273 3412 630 3474 Πολύευκτος
688 3411 960 3486 ἐπιτρέπει
1021 3412 1122 3478 τὴν
1180 3406 1425 3476 εἷ’σοδον,
1494 3409 1585 3464 καὶ
1642 3408 1779 3464 κατὰ
1833 3409 1931 3477 τὴν

271 3502 474 3575 ἒορτῆν
504 3507 603 3571 τῆς
632 3504 874 3575 Χριστοῦ
924 3502 1020 3554 τοῦ
1053 3502 1187 3554 Θεοῦ
1231 3500 1265 3567 ἠ
1276 3502 1391 3570 μῶν
1424 3500 1727 3569 Γεννήσεως
1757 3494 1934 3552 εἰσελ-

280 3591 450 3656 θόντα
504 3593 692 3644 τοῦτον
740 3593 822 3661 τῷ
877 3595 977 3657 τῆς
1036 3586 1316 3663 βασιλείας
1376 3584 1562 3641 ἀναδεῖ
1617 3584 1930 3659 διαδήματι.

272 3678 471 3738 ΙΙολὺν
504 3675 562 3734 δὶ
618 3677 781 3733 σάλον
832 3677 921 3732 καὶ
961 3677 1209 3752 ταραχὴν
1244 3674 1483 3751 ἐχούσης
1512 3678 1612 3741 τῆς
1664 3674 1937 3750 βασιλείας

275 3768 339 3824 ἔν
398 3789 458 3823 τε
511 3772 580 3842 τῇ
610 3770 725 3840 ’Ἐῳ
754 3767 936 3839 καὶτῇ
995 3766 1230 3839 Ἐσπέρᾳ
1287 3761 1363 3836 (α“ί
1414 3785 1473 3819 τε
1512 3764 1611 3839 γὰρ
1644 3762 1934 3841 ληφθεὶσαι

272 3856 423 3912 κατὰ
467 3857 566 3925 τὴν
624 3853 871 3910 Κιλικίαν
922 3855 1011 3909 καὶ
1070 3851 1329 3923 Φοινίκην
1378 3852 1470 3907 καὶ
1501 3850 1707 3921 Κοίλην
1743 3852 1939 3925 Συρίαν

281 3944 484 4009 πόλεις
527 3949 635 4000 τῶν
688 3945 1027 4021 Ἀγαρηνῶν,
1078 3944 1154 4014 μή
1213 3940 1438 4018 σχόντος
1484 3945 1579 3996 τοῦ
1616 3940 1937 4019 Νικηφόρου

273 4035 474 4111 καιρὸν
529 4034 596 4089 τὰ
641 4034 758 4088 κατ’
824 4033 991 4095 αὐτὰς
1055 4029 1325 4095 διαθέσθαι
1380 4028 1565 4092 καλῶς
1624 4030 1714 4084 καὶ
1768 4030 1936 4108 ἀσφα-

271 4124 558 4190 λίσασθαι,
614 4123 749 4199 πρὸς
805 4120 1138 4176 ἀποστασίαν
1201 4114 1534 4185 ἀπέϐλεπον,
1594 4119 1681 4173 καὶ
1743 4121 1777 4187 ἡ
1827 4123 1934 4173 τῶν

270 4215 423 4276 Ῥως
483 4210 697 4282 κίνησις
749 4209 811 4266 οὐ
870 4207 1055 4271 καλῶς
1113 4207 1376 4285 πρότερον
1437 4206 1522 4262 ἐπὶ
1585 4205 1935 4282 Βουλγάρους

277 4299 648 4375 μελετηθεῖσα
697 4300 949 4375 μέγιστον
1000 4296 1207 4352 ἐπέσειε
1262 4300 1379 4358 τοῖς
1438 4294 1718 4371 πράγμασι
1763 4292 1938 4349 κίνδυ-

273 4412 375 4445 νον
429 4389 519 4444 καὶ
579 4388 748 4461 λιμὸς
803 4386 890 4442 ἐπὶ
940 4387 1099 4441 πέντε
1150 4383 1315 4449 ὅλους
1361 4382 1637 4445 ἐνιαυτοὺς
1669 4388 1767 4452 τὴν
1799 4384 1934 4439 Ῥω-

2042 3233 2221 3290 citum
2257 3248 2319 3287 se
2349 3233 2630 3305 quidquid
2659 3233 2919 3304 privatus
2951 3232 3373 3304 possederat,in
3406 3234 3711 3305 pauperes

2042 3322 2453 3394 elargiturum,
2483 3322 2897 3393 imperatorem
2929 3322 2987 3375 in
3019 3320 3305 3393 templum
3339 3321 3619 3389 admittit,
3640 3309 3701 3378 et

2044 3411 2205 3468 feriis
2235 3411 2453 3467 Christi
2498 3410 2787 3465 natalitiis
2835 3410 3169 3481 ingressum
3219 3426 3309 3477 eo,
3368 3409 3700 3465 diademate

2044 3499 2419 3572 imperatorio
2453 3499 2705 3554 redimit.
2738 3500 2817 3554 Eo
2866 3504 3131 3570 tempore
3174 3502 3232 3553 et
3279 3499 3338 3553 in
3389 3497 3704 3555 Occidente

2044 3594 2100 3645 et
2149 3591 2205 3644 in
2259 3588 2493 3643 Oriente
2540 3604 2631 3643 res
2679 3587 2909 3659 imperii
2963 3587 3281 3643 admodum
3339 3587 3701 3642 conturbata:

2046 3677 2595 3733 ﬂuctuabant.Nam
2616 3681 2675 3731 et
2695 3676 2869 3732 urbes
2899 3675 3181 3748 Agarenis
3212 3676 3269 3729 in
3303 3674 3702 3742 Cilicia,Phcn-

2046 3765 2199 3821 nicia
2227 3770 2284 3821 et
2313 3764 2623 3836 leesyria
2652 3769 2888 3836 ereptae,
2939 3764 3094 3833 quod
3143 3763 3468 3835 Nicephoro
3497 3780 3701 3820 earum

2047 3854 2592 3910 constituendarum
2626 3858 2800 3924 atque
2828 3845 3281 3908 muniendarum
3297 3852 3522 3907 occasio
3554 3870 3700 3925 pre-

2047 3947 2212 4014 repta
2267 3943 2396 4010 fuit,
2452 3942 2522 3997 ad
2583 3941 2968 3997 defectionem
3028 3941 3410 4013 spectabant;
3458 3941 3701 3997 Rossica

2047 4033 2355 4088 adversum
2389 4029 2670 4102 Bulgaros
2703 4046 2816 4086 non
2850 4034 3002 4084 recte
3024 4029 3346 4101 excogitata
3375 4029 3539 4100 prius
3563 4046 3700 4085 con-

2048 4120 2247 4176 citatio
2296 4135 2577 4191 magnum
2632 4120 2689 4173 in
2722 4117 3047 4190 periculum
3072 4134 3191 4173 rem
3222 4119 3543 4174 Romanam
3563 4134 3701 4174 con-

2039 4209 2283 4281 jiciebat
2310 4227 2323 4275 ;
2358 4212 2414 4262 et
2447 4207 2690 4280 penuria
2710 4208 2970 4280 quinque
2991 4208 3250 4280 integros
3271 4224 3456 4262 annos
3488 4223 3702 4279 pressa

2044 4298 2219 4353 urbes
2243 4298 2299 4351 in
2329 4298 2581 4352 summis
2598 4301 2764 4351 erant
2782 4297 3254 4351 difﬁcultatibus.
3277 4296 3358 4352 Ea
3380 4295 3700 4351 sollicitum

2043 4387 2324 4442 tenebant
2343 4386 2780 4457 imperatorem,
2799 4384 3372 4457 circumspicientem
3399 4385 3701 4457 quodnam

279 4478 465 4554 μαίων
538 4477 933 4551 ἔπινεμόμενος
997 4472 1207 4549 σφόδρα
1268 4472 1363 4535 τὰς
1446 4471 1636 4533 πόλεις
1716 4471 1845 4528 ἐπίεί

2134 4474 2224 4529 itis
2255 4473 2427 4530 malis
2458 4472 2783 4528 remedium
2818 4473 3144 4540 adhiberet,
3177 4478 3233 4528 et
3275 4472 3700 4544 rempublicam

276 4566 628 4623 διεσκοπεῖτο
702 4565 790 4620 καὶ
890 4563 1156 4638 ὲμερίμνα
1250 4566 1369 4623 πῶς
1444 4560 1505 4616 ἂν
1580 4563 1646 4615 τὰ
1716 4565 1940 4615 τοιαῦτα

276 4653 635 4728 θεραπευθείη
694 4652 831 4709 κατὰ
894 4652 984 4707 καὶ
1039 4653 1102 4707 τὸ
1162 4651 1213 4721 ἐξ
1267 4648 1439 4705 αὐτῶν
1507 4650 1934 4719 ἀποσκευασθείη

278 4742 650 4817 ιλπιζόμενον
719 4740 877 4805 δέος.
928 4740 1071 4803 Τέως
1134 4738 1191 4795 δὲ
1240 4746 1340 4809 τῆς
1398 4740 1534 4813 πρὸς
1587 4743 1666 4811 τῷ
1715 4739 1938 4814 Ὀρόντῃ

277 4832 633 4907 ’Δντιοχείας
702 4828 1049 4907 χηρευούσης
1107 4828 1432 4904 ἀρχιερέως,
1489 4826 1768 4902 Θεόδωρόν
1822 4848 1939 4882 τινα

276 4919 694 4996 προχειρίζεται
748 4918 992 4993 μοναχὸν
1036 4923 1166 4973 πᾶσι
1230 4921 1487 4991 κομῶντα
1543 4921 1661 4978 τοῖς
1711 4916 1936 4991 ἀγαθοῖς

274 5010 378 5065 καὶ
464 5008 611 5079 σύτῷ
699 5006 1133 5081 προθεσπίσαντα
1222 5006 1322 5074 τήν
1417 5003 1711 5080 άτάρῥησιν
1746 5045 1759 5071 ,
1846 5003 1937 5058 καὶ

274 5095 801 5173 παρεγγυησάμενον
850 5096 925 5170 μὴ
978 5093 1292 5150 ἐπισπεῦσαι
1347 5094 1421 5156 ὡς
1459 5097 1556 5148 τοῦ
1615 5096 1748 5147 Θεοῦ
1802 5090 1936 5165 μέλ-

275 5188 477 5248 λοντος
509 5184 664 5240 αὐτὸν
699 5184 775 5247 είς
832 5185 895 5238 τὸ
941 5190 1040 5253 τῆς
1091 5182 1370 5260 βασιλείας
1412 5181 1548 5256 ὕψος
1593 5175 1935 5250 ἀναϐιϐάσαι,

275 5278 314 5348 ἢ
354 5276 465 5350 μήν
492 5275 777 5352 γινώσκειν
809 5272 882 5335 ὡς
914 5272 961 5327 εἷ’
986 5271 1279 5349 ὀλιγώρως
1322 5269 1583 5334 διατεθεὶς
1634 5269 1934 5345 ἐπιταχύνῃ

2048 4578 2220 4633 quam
2247 4579 2315 4617 ea
2344 4562 2709 4617 incutiebant
2739 4562 3031 4618 liberaret.
3063 4562 3206 4617 Cum
3259 4565 3455 4617 autem
3499 4559 3704 4616 Antio-

2048 4652 2179 4707 chia
2208 4652 2281 4707 ad
2313 4654 2587 4707 Orontem
2621 4651 2863 4706 ﬂuvium
2911 4651 3026 4706 sita
3072 4650 3413 4720 aliquandiu
3464 4664 3700 4705 summo

2047 4740 2320 4813 pontifice
2350 4739 2656 4806 caruisset,
2689 4740 2761 4795 ad
2791 4740 2849 4794 id
2882 4756 3102 4795 munus
3132 4737 3396 4811 provehit
3443 4737 3700 4809 impera-

2045 4834 2137 4885 tor
2163 4828 2533 4884 Theodorum
2566 4829 2883 4900 quemdam
2916 4828 3067 4885 382
3098 4825 3476 4895 monachum,
3509 4825 3702 4882 omni-

2046 4918 2156 4973 bus
2186 4918 2490 4973 ﬂorentem
2523 4917 2694 4973 bonis
2721 4934 2735 4983 ;
2769 4918 2869 4987 qui
2901 4917 2951 4971 ei
2985 4916 3162 4971 etiam
3209 4914 3553 4986 praedixerat
3582 4913 3699 4970 im-

2047 5006 2208 5079 perio
2242 5006 2592 5077 potiturum,
2625 5006 2739 5061 Deo
2767 5006 2962 5075 ipsum
2986 5004 3057 5059 ad
3082 5003 3190 5059 hoc
3213 5002 3445 5059 culmen
3476 5003 3701 5060 elaturo

2046 5094 2436 5165 hortatusque
2453 5094 2643 5149 fuerat
2665 5110 2735 5148 ne
2753 5092 3181 5165 praecipitanter
3198 5097 3404 5165 ageret
3434 5112 3447 5162 ;
3482 5092 3701 5164 alioqui

2047 5183 2099 5238 si
2132 5185 2391 5239 monitus
2423 5200 2561 5239 suos
2593 5186 2917 5253 sperneret,
2942 5199 3062 5237 suae
3087 5182 3273 5254 ipsius
3302 5182 3435 5237 vitae
3467 5198 3527 5237 se
3550 5182 3701 5239 insi-

2047 5271 2276 5328 diatum
2308 5272 2490 5327 fuisse
2520 5270 2977 5327 intellecturum.
3011 5272 3399 5329 Contenderat
3428 5270 3605 5327 etiam
3628 5271 3701 5328 ab

1469 5453 1848 5512 XYLANDRI
1887 5455 1976 5510 ET
2012 5453 2229 5509 GOABl
2267 5452 2505 5509 NO’l'IE.

358 5602 476 5675 (23)
505 5600 711 5675 Exstat
734 5599 799 5656 in
827 5598 1445 5675 Juris_Gra3_coromani
1474 5597 1770 5675 volumine
1798 5596 1839 5654 1.
1871 5615 1933 5670 ιι,
1966 5597 2026 5655 in
2059 5614 2195 5669 quo,
2228 5613 2355 5670 quae
2384 5597 2691 5671 Nicephori
2724 5598 2993 5657 Novellas
3023 5597 3287 5669 revulsit,
3336 5595 3537 5655 Basilii
3560 5597 3672 5653 Por

280 5669 663 5751 ph'yrogeniti
686 5672 946 5733 sanctior
974 5669 1211 5733 Novella
1238 5669 1640 5743 subjungitur.
1672 5669 1846 5728 Gom.
