3966 6134
215 379 337 440 H7

1361 370 1906 433 HISTORIARUM
1951 370 2501 434 COMPENDIUM.

3517 371 3641 436 “8

216 510 394 586 ὀλίγῳ
444 511 542 573 τὰς
604 508 776 581 Ἐῴας
828 503 1081 579 δυνάμεις
1129 504 1265 580 πρὸς
1318 506 1418 575 τήν
1452 504 1709 580 Ἑσπέραν
1745 501 1862 559 δια-

1986 509 2076 562 tus
2107 506 2301 562 adhuc
2330 506 2593 579 legitime
2625 508 2737 565 sibi
2790 509 3162 566 matrimonio
3216 511 3637 583 cenjunxerat;

214 595 469 667 ϐιϐάσας,
516 596 758 674 ἄρχοντά
803 616 863 651 τε
912 594 1099 657 αὐταῖς
1157 593 1451 665 ἐπιστήσας
1508 591 1564 647 ὅν
1622 592 1872 667 ὠνόμασε

210 687 596 764 στρατηλάτην
649 683 859 760 Βάρδαν
928 684 1219 758 μάγιστρον
1296 685 1388 739 τὸν
1460 683 1747 758 Σκληρὸν,
1808 681 1869 737 οὗ

211 780 316 847 τὴν
398 776 639 855 ἀδελφὴν
717 774 926 850 Μαρίαν
1017 773 1255 847 νόμιμον
1333 775 1569 849 ἡγάγετο
1626 773 1865 848 γαμετὴν

216 866 521 924 ἰδιωτεύων
581 869 608 922 6
670 862 946 941 βασιλεὺς,
1007 862 1237 936 ἔμελλεν
1296 861 1452 939 ἐαρος
1514 860 1869 939 ἐφισταμένου

205 956 301 1012 καὶ
362 957 527 1018 αὐτὸς
576 955 871 1030 ἐξορμῆσαι
908 998 922 1010 .
984 954 1050 1010 Οἱ
1116 953 1249 1014 Ῥὼς
1304 950 1362 1006 δὲ
1431 951 1520 1005 καὶ
1576 953 1603 1005 6
1659 950 1866 1006 τούτων

208 1047 461 1121 ἀρχηγὸς
495 1046 522 1099 6
555 1038 1028 1122 Σφενδοσθλάϐος,
1067 1043 1165 1111 τήν
1216 1039 1311 1096 τοῖ’)
1361 1039 1674 1114 Ῥωμαϊκοῦ
1707 1060 1867 1115 στρα-

206 1135 481 1206 τεύματος
531 1135 606 1197 ὡς
659 1132 921 1196 ἐπύθοντο
970 1130 1288 1204 περαίωσιν,
1338 1132 1867 1204 κοινοπραγήσαντες

208 1221 655 1297 δεδουλωμένοις
694 1219 803 1292 ἤδη
847 1224 963 1283 τοῖς
1015 1218 1375 1295 Βουλγάροις,
1438 1216 1868 1295 προσειληφότες

207 1311 267 1368 δὲ
335 1314 424 1367 καὶ
492 1313 821 1387 συμμάχους
882 1308 1010 1364 τούς
1067 1330 1127 1363 τε
1182 1308 1518 1377 Πατζινάκας
1577 1306 1667 1361 καὶ
1739 1305 1865 1368 τοὺς

204 1403 351 1478 πρὸς
411 1399 559 1456 δύσιν
630 1399 681 1455 ἐν
746 1403 1014 1471 Παννονίᾳ
1068 1396 1505 1471 κατῳκισμένους
1565 1394 1865 1470 Τούρκους,

203 1500 300 1555 καὶ
362 1496 445 1554 διὶ
489 1498 704 1554 πάντων
764 1498 990 1572 στρατὸν
1049 1494 1393 1569 πολεμιστήν
1436 1489 1755 1569 ἠθροικότες
1812 1492 1865 1555 ἐς

206 1587 664 1664 ὀκτακισχιλίους
694 1586 779 1642 ἐπὶ
811 1585 1102 1661 τριάκοντα
1162 1588 1383 1660 μυριάσι
1432 1583 1864 1661 κορυφούμενον,

205 1678 299 1733 καὶ
361 1678 458 1732 τὸν
514 1680 691 1749 Αἶμον
751 1670 1074 1745 διαϐάντες,
1134 1680 1305 1729 πᾶσαν
1366 1669 1706 1749 ἐπυρπόλουν
1767 1674 1866 1741 τήν

210 1766 435 1843 Θράκην
488 1765 577 1821 καὶ
611 1764 919 1836 ἐληΐζοντο,
951 1764 1255 1837 πηξάμενοι
1297 1757 1657 1839 παρεμϐολὴν
1692 1762 1866 1838 ἀγχοῦ

204 1876 319 1909 που
396 1859 504 1909 τῶν
572 1858 773 1930 τειχῶν
851 1851 1383 1929 Ἀρκαδιουπόλεως,
1465 1852 1681 1906 κάκεῖσε
1760 1852 1862 1919 τὴν

200 1942 541 2017 συμπλοκήν
619 1940 973 2019 ἐκδεχόμενοι
1043 1947 1141 1997 τοῦ
1217 1939 1467 2014 πολέμου
1527 1941 1740 2013 [Ρ.667]
1797 1941 1857 1996 Ὁ

202 2032 267 2088 δὶ
330 2035 626 2109 μάγιστρος
684 2028 889 2106 Βάρδας
948 2032 975 2085 ὁ
1034 2030 1287 2101 Σκληρὸς
1346 2030 1420 2092 ὡς
1484 2025 1677 2103 ᾔσθετο
1725 2028 1860 2083 κατᾶ

199 2120 356 2177 πολὺ
410 2126 491 2194 τῷ
546 2119 747 2193 πλήθει
809 2119 1135 2193 λειπόμενος
1188 2119 1520 2196 (περιίστατο
1567 2119 1667 2195 γὰρ
1714 2116 1860 2189 αὐτῷ

199 2216 355 2268 πᾶσα
402 2213 437 2282 ἡ
471 2210 693 2286 στρατιὰ
722 2210 796 2273 είς
834 2212 902 2285 ιβ’
931 2208 1239 2286 χιλιάδας),
1300 2213 1684 2286 στρατηγικαῖς
1719 2203 1859 2282 ἔγνω

198 2300 439 2363 ἀπάταις
494 2298 622 2362 τοὺς
694 2298 965 2361 ἐναντίους
1038 2297 1342 2375 περιελθεῖν
1402 2298 1492 2353 καὶ
1546 2298 1714 2372 τέχνῃ
1770 2296 1859 2351 καὶ

206 2388 442 2468 μηχανῇ
496 2389 562 2443 τὰ
614 2393 849 2444 τοσαῦτα
898 2388 1321 2465 κατεργάσασθαι
1369 2385 1558 2457 πλήθη
1588 2427 1600 2441 .
1670 2388 1734 2439 '0
1791 2383 1858 2454 δὴ

200 2479 300 2535 καὶ
360 2476 568 2554 γέγονε,
630 2475 961 2551 Συγκλείσας
1009 2479 1110 2552 γὰρ
1169 2477 1353 2531 ἐαυτὸν
1388 2475 1480 2530 σὺν
1538 2479 1607 2550 τῇ
1641 2474 1863 2551 στρατίᾷ

202 2566 343 2623 εἷ’σω
378 2570 601 2644 τειχῶν,
662 2564 851 2621 πολλὰ
904 2564 1366 2641 προκαλουμένων
1424 2568 1533 2619 τῶν
1574 2562 1858 2637 πολεμίων

203 2654 451 2729 ἐξελθεῖν
510 2656 601 2711 καὶ
674 2656 796 2731 περὶ
873 2660 980 2710 τῶν
1035 2653 1179 2709 ὅλων
1240 2652 1696 2729 διαγωνίσασθαι,
1756 2652 1864 2727 οὒχ

206 2746 545 2816 ὑπήκουσεν,
604 2745 732 2801 ἀλλ’
790 2742 1060 2821 ἐκαρτέρει
1113 2744 1187 2805 ὡς
1214 2743 1355 2819 τάχα
1412 2740 1706 2811 δειλιάσας,
1744 2739 1864 2817 βλέ-

200 2856 324 2889 πων
360 2834 487 2895 τοὺς
548 2833 882 2897 ἀντιπάλους
936 2833 1005 2888 τὰ
1059 2830 1446 2908 παρατυχόντα
1501 2831 1761 2905 φέροντάς
1804 2852 1863 2886 τε

200 2924 298 2979 καὶ
356 2924 606 2998 ἄγοντας.
659 2926 836 2980 Τοῦτο
870 2919 927 2977 δὶ
962 2923 1024 2977 τὸ
1073 2920 1354 2999 βούλευμα
1399 2920 1640 2996 μεγάλην
1695 2941 1861 2975 κατα-

206 3012 476 3091 φρόνησιν
527 3011 813 3081 ἐνεποίησε
874 3016 991 3073 τοῖς
1043 3007 1361 3087 βαρϐάροις·
1424 3009 1698 3081 οῗηθέντες
1758 3010 1861 3085 γὰρ

220 3102 300 3163 ὡς
389 3107 508 3164 ταῖς
566 3100 846 3172 ἀληθείαις
906 3098 1051 3172 ειλίᾳ
1108 3099 1472 3175 συνεχόμενος
1525 3100 1553 3153 6
1613 3097 1865 3174 Σκληρὸς

210 3188 616 3267 συγκεκλεικὼς
667 3186 787 3265 ἔχει
866 3190 1083 3265 τείχους
1166 3183 1317 3243 ἔνδον
1381 3189 1478 3250 τὰς
1553 3189 1862 3261 Ῥωμαϊκὰς

204 3278 515 3357 φάλαγγας,
572 3278 868 3350 ἐπεξελθεῖν
932 3280 1008 3351 μὴ
1065 3275 1313 3351 τολμῶν,
1375 3274 1545 3339 ἀδεῶς
1598 3297 1657 3331 τε
1712 3275 1860 3331 ἐσκε-

200 3364 471 3423 ϐάννυντο
539 3369 630 3423 καὶ
707 3365 931 3440 ἀμελῶς
1005 3364 1526 3443 ἐστρατοπεδεύοντο
1594 3366 1685 3421 καὶ
1762 3374 1861 3435 τῆς

200 3465 526 3541 πρεπούσης
581 3463 828 3538 ἠμέλουν
860 3464 1130 3543 φυλακῆς,
1170 3465 1360 3526 πότοις
1409 3464 1498 3519 καὶ
1534 3466 1719 3536 μέθαις
1771 3466 1860 3519 καὶ

213 3552 414 3617 αὐλοῖς
491 3555 581 3609 καὶ
658 3550 965 3628 κυμϐάλοις
1022 3555 1111 3609 καὶ
1180 3554 1446 3629 ἀρχήσεσι
1511 3549 1863 3628 βαρϐαρικαῖς

204 3643 713 3716 διανυκτερεύοντες
784 3644 874 3699 καὶ
938 3640 1170 3715 μηδενὸς
1218 3646 1325 3697 τῶν
1387 3639 1614 3696 δεόντων
1672 3641 1862 3715 ἐπιμε-

206 3734 466 3806 λόμενοι.
549 3737 749 3806 Καιροῦ
829 3733 1010 3787 τοίνυν
1091 3729 1403 3803 ἐπιτηδείου
1484 3728 1787 3804 λαϐόμενος
1836 3733 1862 3786 ὁ

205 3820 450 3896 Βάρδας,
504 3821 593 3877 καὶ
653 3821 801 3884 ὅπως
860 3821 1111 3893 ἐπίθηταί
1153 3827 1271 3884 τοῖς
1325 3820 1545 3897 ἐχθροῖς
1601 3822 1675 3879 εὗη
1718 3820 1863 3894 μάλα

212 3909 607 3980 διασκοπήσας,
663 3910 751 3966 καὶ
789 3913 889 3981 τὴν
918 3912 1129 3984 ἡμέραν
1167 3910 1255 3965 καὶ
1307 3911 1406 3978 τήν
1461 3905 1604 3982 ὥραν
1657 3910 1860 3985 ὁρίσας,

204 3999 421 4075 λόχους
479 3999 569 4054 καὶ
623 3997 842 4075 ἐνέδρας
896 4001 1087 4063 νυκτὸς
1119 3998 1208 4054 ἐπί
1248 4020 1412 4055 τινων
1473 3998 1863 4074 εύκαιροτάτων

204 4089 441 4164 χωρίων
500 4090 843 4162 στησάμενος
901 4090 1155 4159 Ἰωάννην
1213 4086 1498 4162 πατρίκιον
1555 4088 1647 4143 τὸν
1700 4085 1863 4144 Ἀλα-

204 4175 379 4231 κασέα
441 4178 576 4249 μετά
629 4197 771 4239 τινος
821 4175 1011 4251 ὀλίγης
1062 4175 1343 4250 δυνάμεως
1390 4174 1676 4251 ἐκπέμπει,
1727 4197 1862 4251 προ-

200 4264 433 4340 τρέχειν
482 4263 740 4327 κελεύσας
795 4266 885 4321 καὶ
936 4262 1245 4321 διασκοπεῖν
1299 4265 1427 4329 τοὺς
1489 4264 1720 4341 ἐχθροὺς
1772 4265 1862 4319 καὶ

206 4352 362 4426 θαμὰ
393 4354 534 4428 πρὸς
565 4354 726 4409 αὐτὸν
788 4354 1011 4427 μηνύειν
1058 4354 1147 4409 καὶ
1214 4355 1322 4425 ὅπη
1378 4354 1622 4430 πάρεισιν
1681 4351 1864 4409 ἀναδι-

209 4439 458 4513 δάσκειν,
513 4442 816 4517 ἐπισκήψας
849 4441 1024 4499 δὲκαὶ
1069 4446 1332 4517 συμμῖξαι
1361 4442 1575 4505 τούτοις
1623 4442 1863 4519 ἐγγίσασι

206 4543 302 4598 καὶ
362 4543 481 4615 ἅμα
523 4542 591 4618 τῇ
646 4542 943 4617 συμπλοκῇ
994 4542 1175 4599 δοῦναι
1230 4544 1296 4599 τὰ
1352 4549 1496 4599 νῶτα
1519 4545 1607 4599 καὶ
1640 4542 1861 4614 δόκησιν

1981 596 2278 668 statuique
2308 598 2459 653 veris
2489 598 2657 654 initio
2694 599 2821 670 ipse
2869 616 3103 670 quoque
3148 599 3206 653 in
3258 598 3473 655 bellum
3505 617 3639 671 pre-

1981 686 2297 741 ﬁcisci.Sed
2329 687 2495 742 Bessi
2520 704 2836 759 eorumque
2857 690 3064 743 ductor
3080 688 3640 759 Sphendesthlabus

1981 776 2181 830 audite
2214 776 2505 831 Romanas
2539 778 2738 848 copias
2768 779 3087 847 trajeeisse,
3124 780 3460 848 conjunctis
3492 795 3641 850 ques

1972 867 2097 935 jam
2130 865 2187 918 in
2204 866 2614 921 suahabebant
2639 872 2923 938 potestate
2938 867 3440 938 Bulgaris,ascitis
3457 868 3639 923 etiam

1981 956 2052 1009 ad
2070 954 2198 1011 belli
2214 956 2574 1009 consortium
2589 956 3002 1022 Patzinacis,et
3017 957 3113 1027 qui
3132 956 3189 1011 in
3210 956 3637 1012 Pannoniaver-

1980 1060 2081 1103 sus
2112 1060 2384 1099 occasum
2417 1044 2764 1099 habitabant
2793 1046 3019 1113 Turcis,
3053 1047 3307 1101 exercitu
3359 1046 3635 1102 bellicoso

1978 1137 2327 1204 congregato
2350 1134 2420 1187 ad
2453 1135 2555 1187 308
2587 1135 2847 1189 virorum
2890 1135 3096 1205 millia,
3128 1136 3360 1190 zEmum
3411 1137 3635 1206 egressi

1978 1221 2313 1277 universam
2357 1222 2663 1277 Thraciam
2716 1223 3005 1279 incendiis
3055 1240 3121 1279 ac
3171 1225 3634 1296 praedationibus

1976 1306 2317 1377 vastarunt;
2361 1311 2687 1382 castrisque
2737 1329 2915 1383 prope
2989 1329 3185 1368 mures
3229 1312 3634 1384 Arcadiopolis

1970 1400 2145 1457 factis
2176 1401 2357 1473 prmlii
2382 1403 2740 1458 occasionem
2776 1402 3092 1473 przestelati
3125 1407 3368 1459 sunt.At
3388 1404 3631 1472 Bardas,

1978 1492 2077 1563 qui
2108 1507 2170 1547 se
2201 1508 2443 1547 numero
2472 1492 2744 1548 hostibus
2775 1492 2958 1548 multo
2990 1492 3325 1548 inferiorem
3358 1493 3631 1561 sentiret,

1977 1581 2192 1653 quippe
2205 1581 2514 1636 duodecim
2529 1581 2770 1636 omnino
2788 1580 3038 1636 millium
3066 1581 3356 1636 exeercitu
3373 1582 3631 1636 instruc-

1976 1675 2093 1740 tus,
2128 1669 2355 1725 artibus
2385 1670 2781 1742 imperatoriis
2813 1670 3019 1725 statuit
3038 1670 3318 1725 barbaros
3350 1670 3497 1727 385
3519 1670 3631 1724 cir-

1977 1758 2313 1814 cumvenire
2343 1762 2593 1829 astuque
2623 1763 2680 1813 et
2713 1758 3004 1813 machinis
3034 1762 3258 1813 tantam
3307 1757 3631 1829 opprimere

1977 1848 2644 1920 multitudinem.Neque
2667 1864 2797 1904 eum
2820 1848 2870 1903 is
2893 1851 3137 1903 conatus
3156 1847 3477 1903 frustratus
3496 1847 3627 1902 fuit.

1968 1949 2191 2021 Quippe
2217 1963 2277 2003 se
2306 1963 2436 2003 cum
2468 1947 2595 2003 suis
2626 1948 2783 2003 intra
2814 1964 3012 2004 mures
3044 1946 3375 2018 continens,
3406 1946 3625 2002 Barba-

1969 2038 2169 2108 risque
2199 2035 2863 2108 erebreprevecantibus
2885 2036 2955 2091 ad
2979 2039 3272 2092 certamen
3295 2036 3366 2092 de
3387 2051 3624 2092 summa

1969 2142 2163 2181 rerum
2177 2125 2391 2180 ineund
2405 2142 2499 2180 um
2518 2142 2631 2180 non
2647 2126 3432 2196 ebtemperans,metumque
3446 2123 3625 2178 simu-

1967 2215 2119 2282 lans,
2153 2212 2532 2287 quantumvis
2562 2230 2804 2270 suorum
2836 2230 2928 2270 res
2957 2214 3028 2270 ab
3059 2213 3227 2269 hoste
3256 2214 3350 2285 agi
3371 2213 3627 2284 ferrique

1970 2309 2254 2374 cerneret,
2288 2309 2483 2359 tamen
2534 2320 2708 2359 suum
2761 2304 3042 2360 tenebant
3088 2304 3473 2374 prepositum.
3508 2302 3627 2357 Hoc

1970 2398 2137 2466 pacto
2156 2408 2435 2464 magnum
2456 2392 2545 2447 sui
2560 2397 2786 2447 contem
2798 2396 2963 2462 ptum
2986 2391 3139 2463 apud
3160 2391 3451 2447 Barbaros
3474 2390 3628 2445 exci-

1970 2482 2146 2538 tavit:
2168 2481 2208 2535 ii
2236 2480 2393 2536 enim
2414 2481 2520 2535 rati
2536 2481 2775 2536 omnino
2793 2479 3358 2535 fermidineduetum
3381 2480 3625 2534 bardam

1972 2588 2109 2627 suos
2125 2569 2415 2625 mccnibus
2431 2569 2687 2624 inclusos
2703 2569 3182 2640 detinere,neque
3201 2570 3416 2624 audere
3430 2567 3630 2639 egredi

1970 2657 2152 2714 libere
2185 2675 2353 2729 porro
2386 2657 2603 2729 vagari,
2655 2661 2846 2712 castra
2894 2657 3260 2729 negligenter
3309 2657 3540 2723 metari,
3574 2661 3631 2711 et

1972 2748 2248 2805 excubias
2279 2748 2503 2802 debitas
2554 2746 2923 2817 pesthabere,
2959 2752 3158 2802 noctes
3213 2746 3471 2818 potando
3525 2761 3630 2817 per

1970 2838 2309 2893 ebrietatem
2342 2837 2495 2891 inter
2524 2835 2755 2892 ﬁstulas
2787 2839 2843 2890 et
2881 2834 3134 2890 cimbala
3179 2842 3233 2889 et
3283 2834 3628 2890 saltationes

1971 2927 2304 2983 barbaricas
2336 2928 2565 2993 ducere,
2603 2924 2857 2996 denique
2897 2923 3045 2979 nihil
3078 2940 3282 2980 eorum
3333 2940 3460 2996 quzs
3492 2923 3637 2979 atti-'

1971 3016 2147 3071 nebat
2177 3031 2401 3070 curare.
2431 3015 2575 3085 Ergo
2624 3013 2843 3069 Bardas
2892 3012 3258 3069 occasionem
3308 3016 3539 3079 nactus,
3572 3014 3629 3068 et

1971 3105 2265 3177 quomodo
2295 3103 2493 3159 hostes
2526 3103 2857 3158 adoriretur
2883 3106 3155 3158 accurate
3187 3100 3628 3168 meditatus,die

1973 3203 2233 3274 horaque
2273 3203 2344 3256 ad
2377 3202 2484 3256 hoc
2512 3201 2859 3272 designatis,
2891 3200 3194 3272 dispositis
3216 3217 3320 3272 per
3349 3202 3628 3271 oppertus

1974 3292 2223 3348 nissima
2251 3290 2380 3346 loca
2406 3289 2952 3358 insidiis,Jeannem
2977 3288 3291 3359 patricium
3314 3286 3628 3343 Alacasen-

1972 3398 2097 3438 sem
2130 3396 2264 3437 cum
2314 3379 2541 3434 medica
2590 3395 2767 3434 manu
2815 3379 3052 3444 emittit,
3107 3376 3209 3449 qui
3259 3375 3630 3448 speculatum

1971 3472 2170 3526 hostes
2191 3468 2770 3539 excurreret,ubique
2793 3468 2830 3521 ii
2857 3472 3058 3523 essent
3089 3467 3244 3523 illico
3268 3466 3380 3522 sibi
3408 3482 3633 3521 renuu-

1972 3560 2162 3627 tiaret,
2195 3560 2463 3614 hostibus
2495 3558 3108 3629 apprepinquantibus
3141 3572 3380 3612 manum
3424 3571 3628 3611 cense-

1972 3648 2459 3719 reret,subiteque
2480 3652 2646 3718 terga
2668 3648 2818 3702 dans
2842 3647 3098 3718 speciem
3130 3648 3276 3716 fugae
3308 3644 3628 3715 exhiberet,

1974 3756 2087 3794 non
2120 3738 2359 3809 quidem
2394 3740 2455 3791 ut
2485 3737 2667 3791 effuse
2696 3735 2905 3790 laxatis
2938 3751 3229 3806 equorum
3261 3734 3506 3790 habenis
3538 3734 3631 3789 fu-

1972 3833 2196 3899 gerent,
2230 3827 2330 3881 sed
2386 3824 2670 3896 paulatim
2717 3828 2776 3880 et
2824 3824 2978 3879 386
3031 3823 3348 3895 composite
3395 3822 3631 3894 agmine

1973 3917 2328 3985 recederent,
2360 3930 2790 3985 nonnunquam
2822 3913 2999 3968 etiam
3025 3930 3189 3983 aeque
3213 3912 3339 3968 loco
3361 3911 3629 3967 conversi

1971 4023 2104 4061 cum
2137 4006 2303 4059 hoste
2335 4006 2685 4074 pugnarent,
2720 4004 2903 4057 donec
2941 4019 3073 4057 eum
3110 4002 3168 4056 in
3218 4000 3467 4056 insidias
3497 4016 3628 4071 per-

1971 4095 2275 4151 traherent
2307 4110 2319 4149 :
2351 4098 2478 4147 tum
2511 4108 2642 4147 vero
2686 4092 2865 4147 etfuse
2896 4095 2951 4145 et
2984 4090 3142 4146 nullo
3194 4091 3399 4146 ordine
3429 4090 3631 4158 fugam

1974 4184 2251 4239 facerent.
2302 4182 2481 4236 Erant
2525 4180 2759 4236 barbari
2808 4180 2868 4234 in
2921 4183 3038 4235 tres
3082 4179 3255 4234 divisi
3296 4183 3514 4250 partes.
3568 4179 3632 4233 In

1974 4272 2162 4345 prima
2192 4274 2520 4327 erantcum
2573 4268 2777 4325 Bessis
2828 4268 3089 4340 Bulgari,
3136 4268 3382 4324 seorsim
3432 4265 3631 4333 Turci,

1973 4362 2217 4418 seorsim
2249 4362 2426 4417 etiam
2460 4359 2798 4415 Patzinacas.
2834 4362 2973 4415 Fers
3004 4360 3087 4414 ita
3114 4358 3250 4413 tulit
3282 4362 3345 4413 ut
3372 4356 3633 4413 Joannes

1974 4451 2162 4523 prime
2193 4449 2459 4505 omnium
2491 4450 2551 4503 in
2594 4447 2937 4503 Patzinacas
2988 4447 3291 4503 incideret.
3344 4450 3627 4516 Cumque,

1975 4541 2059 4595 uti
2092 4541 2437 4595 mandatum
2467 4538 2519 4594 ei
2551 4538 2735 4593 fuisse
2781 4537 3337 4600 demonstravimus,
3388 4532 3627 4605 oblique

212 4631 529 4708 φευγόντων
565 4615 573 4618 ⁷
606 4615 1055 4708 παρεσχηκέναι,
1130 4633 1206 4707 μή
1265 4632 1508 4707 ἀκρατῶς
1569 4635 1747 4706 μέντοι
1805 4654 1865 4709 γε

1986 4630 2248 4686 recedens
2281 4630 2479 4700 fugam
2511 4626 2836 4695 simularet,
2872 4627 3190 4682 Patzinacas
3214 4622 3469 4681 turbatis
3500 4621 3625 4678 suis

200 4720 451 4799 φεύγειν,
518 4720 635 4795 ὅλῳ
715 4721 910 4798 ῥυτῆρι
987 4719 1236 4785 ἐνδόντας
1312 4728 1429 4784 τοῖς
1484 4722 1677 4785 ’ίπποις
1733 4721 1860 4786 τοὺς

203 4809 496 4886 χαλινοὺς,
572 4808 699 4866 ἀλλ’
757 4810 939 4886 ἡρέμα
993 4811 1081 4866 καὶ
1146 4812 1279 4884 μετά
1331 4810 1563 4882 τάξεως,
1624 4810 1731 4881 ὅπη
1803 4808 1861 4865 δὲ

202 4898 505 4974 παρείκοι,
579 4899 671 4953 καὶ
751 4899 1181 4979 ὁποστρέφοντας
1260 4899 1658 4975 συρρήγνυσθαι
1740 4905 1857 4962 τοῖς

203 4987 457 5063 ἐχθροῖς,
516 4988 605 5041 καὶ
637 4986 780 5043 οὕτω
810 4993 983 5043 ποιεῖν
1047 4988 1243 5064 μέχρις
1301 4987 1360 5043 ἂν
1391 4989 1465 5051 είς
1495 4990 1622 5053 τοὺς
1650 4988 1857 5064 λόχους

202 5075 462 5148 τούτους,
493 5075 582 5131 καὶ
626 5077 699 5138 εἰς
745 5076 839 5139 τὰς
871 5075 1085 5151 ἐνέδρας
1115 5074 1565 5147 ἐναπσκλείσωσι,
1622 5079 1746 5133 τότε
1804 5075 1860 5131 δὲ

207 5164 472 5237 ἀκόσμως
526 5163 739 5240 φεύγειν
792 5164 881 5221 καὶ
939 5164 1346 5241 προτροπάδην.
1406 5173 1586 5242 Τριχῆ
1639 5165 1697 5221 δὲ
1749 5171 1857 5221 τῶν

209 5247 507 5329 βαρϐάρων
571 5250 945 5328 διαιρεθέντων
1039 5254 1369 5330 (Βούλγαροι
1436 5256 1528 5329 μὲν
1601 5256 1700 5331 γὰρ
1769 5255 1859 5309 καὶ

205 5343 349 5404 Ῥὼς
411 5343 511 5411 τὴν
572 5343 794 5419 πρώτην
863 5341 1169 5419 ἀνεπλήρου
1224 5342 1453 5419 μερίδα,
1510 5350 1743 5419 Τοῦρκοι
1804 5342 1861 5398 δὲ

202 5433 322 5486 καθ’
385 5432 608 5493 ἑαυτοὺς
668 5434 799 5500 ἦσαν
838 5432 990 5505 μόνοι
1039 5433 1127 5487 καὶ
1180 5434 1505 5502 Πατζινάκαι
1556 5434 1858 5506 ὡσαύτως),

204 5527 518 5604 ἐρχόμενος
562 5527 652 5583 οὖν
707 5530 735 5583 ὁ
780 5527 1037 5599 Ἰωάννης
1085 5529 1447 5603 συμπλέκεται
1504 5537 1621 5595 τοῖς
1672 5538 1862 5601 Πατζι-

198 5617 395 5679 νάκαις
424 5617 561 5673 κατὰ
588 5616 764 5695 τύχην
798 5619 1163 5690 συνηντηκὼς,
1212 5619 1300 5674 καὶ
1350 5620 1528 5695 ὥσπερ
1585 5623 1650 5691 ἧν
1710 5623 1860 5694 αὐτῷ

206 5704 709 5785 παρηγγελμένον,
756 5713 1131 5786 προσποιεῖται
1181 5710 1377 5789 φυγὴν,
1431 5708 1698 5787 σχολαίαν
1756 5712 1858 5781 τήν

1968 4719 2274 4774 ordinibus
2305 4717 2741 4788 instabant,spe
2764 4716 3050 4785 fugientes
3074 4714 3265 4770 subito
3297 4726 3503 4768 omnes
3532 4711 3626 4765 de-

1966 4807 2145 4863 lendi.
2180 4806 2427 4863 Romani
2459 4806 2630 4862 modo
2662 4806 2895 4876 agmine
2940 4802 3262 4875 composito
3308 4800 3622 4872 fugientes,

1971 4904 2142 4959 modo
2174 4903 2443 4959 hostibus
2475 4918 2604 4958 sese
2635 4902 3001 4957 obvertentes
3051 4916 3117 4954 ac
3166 4896 3522 4970 praeliantes,
3551 4897 3624 4951 ad

1968 4993 2218 5048 insidias
2248 5008 2490 5048 cursum
2521 4992 2837 5057 tenebant;
2871 4990 2931 5044 in
2964 5005 3110 5059 quas
3145 4985 3369 5042 medias
3402 4983 3501 5040 ubi
3527 5001 3625 5040 ve-

1969 5088 2205 5147 nerunt,
2234 5080 2443 5137 laxatis
2475 5080 2722 5137 habenis
2756 5080 2935 5135 effuse
2970 5078 3339 5149 fugerunt,ac
3360 5075 3630 5130 Patzina-

1969 5188 2044 5226 cas
2077 5171 2377 5242 dissipatis
2401 5170 2708 5226 ordinibus
2734 5168 3058 5238 promiscue
3077 5183 3173 5222 eos
3196 5169 3338 5223 sunt
3366 5163 3625 5219 insecuti

1968 5261 2076 5315 Sed
2110 5261 2210 5315 ubi
2242 5261 2454 5316 Bardas
2487 5259 2681 5314 subite
2711 5274 2846 5312 cum
2878 5262 2999 5312 toto
3031 5257 3287 5312 exercitu
3330 5252 3624 5325 apparuit,

1970 5367 2029 5405 re
2060 5349 2381 5420 improvisa
2411 5348 2766 5404 consternati
2798 5346 3018 5402 emissa
3068 5344 3475 5417 persecutione
3507 5358 3625 5398 non

1969 5437 2207 5509 quidem
2240 5438 2392 5508 fugis
2420 5438 2520 5492 sed
2552 5435 2878 5491 defensioni
2912 5452 3040 5490 sese
3082 5437 3381 5507 pararunt.
3433 5429 3620 5485 Vehe-

1967 5525 2149 5582 menti
2182 5531 2377 5581 autem
2408 5543 2541 5582 cum
2575 5526 2798 5597 impetu
2831 5524 3025 5579 Bardas
3058 5523 3310 5579 exercitu
3333 5522 3617 5587 irruente,

1968 5628 2142 5695 atque
2172 5624 2355 5680 altera
2402 5639 2635 5697 quoque
2667 5641 2701 5679 a
2729 5628 2892 5695 terge
2940 5621 3229 5695 phalange
3276 5617 3617 5689 compositis

1986 5714 2310 5773 ordinibus
2350 5715 2888 5788 ingruente,statim
2921 5711 3231 5769 fortissimi
3261 5708 3476 5781 quique
3504 5707 3617 5779 Sey
