3966 6134
275 388 385 450 121

1406 377 1958 445 HISTORIARUM
2002 376 2551 443 GOMPENDIUM.

3568 387 3684 448 122

267 521 355 575 τὸν
407 519 703 594 μάγιστρον
737 537 751 551 ·
806 518 866 573 ὃν
924 517 1257 596 ἀφικόμενον
1320 515 1373 578 ές
1428 515 1528 583 τήν
1582 510 1764 568 ’Δσίαν
1823 533 1833 565 ι

2124 528 2160 567 n
2191 511 2731 585 exercitu,quantus
2746 515 3044 588 preposito
3057 517 3366 574 certamini
3390 519 3690 579 videretur

274 609 418 665 κεύει
502 609 922 683 περαιωθῆναι,
1002 608 1073 663 τὰ
1156 606 1293 683 πρὸς
1378 606 1470 660 τὸν
1563 601 1918 678 προκείμενον

277 700 541 773 ἀρκοῦντα
616 696 797 771 ἀγῶνα
894 695 1162 775 εἰληφότα
1248 694 1643 771 στρατεύματα,
1715 693 1919 764 Ἔτυχε

271 787 370 863 γάρ
424 784 635 862 Βάρδας
694 787 722 842 ὁ
778 790 975 848 Φωκᾶς
1052 781 1293 860 ἀποδρὰς
1362 782 1412 854 ἐξ
1471 778 1790 855 ’Λμασείας,
1848 778 1915 848 ἥν

275 876 439 932 οἲκεῖν
493 877 860 951 κατεκᾶκριτο,
914 874 1048 949 μετὰ
1120 877 1386 949 συγγενῶν
1455 871 1545 926 καὶ
1605 868 1778 945 φίλων
1828 868 1917 922 καὶ

277 966 541 1036 σνυήθων,
620 966 738 1039 μεθ’
805 966 878 1019 ὧν
951 964 1167 1043 ἀφανῶς
1233 962 1592 1041 φυνωμόσατο
1671 960 1769 1028 τὴν
1858 956 1909 1012 ἐν

278 1052 631 1126 Καππαδοκίᾳ
695 1048 1023 1109 καταλαϐεῖν
1104 1054 1443 1126 Καισάρειαν,
1502 1052 1716 1105 κάκεῖσε
1771 1048 1915 1102 έται-

277 1145 421 1219 ρικὸν
455 1145 558 1198 οὐκ
607 1141 794 1219 ὀλίγον
838 1142 1114 1218 ἀθροίσας,
1160 1141 1232 1196 ὥν
1291 1141 1427 1210 ἦσαν
1476 1134 1696 1216 ἕξαρχοι
1739 1138 1790 1192 οἱ
1819 1140 1916 1191 τοῦ

277 1231 559 1309 πατρικίου
644 1229 952 1288 Θεοδούλου
1030 1227 1218 1292 παῖδες
1292 1232 1389 1283 τοῦ
1467 1228 1917 1301 Παρσακουτηνοῦ

270 1320 548 1397 Θεόδωρος
605 1321 698 1376 καὶ
758 1321 1072 1399 Νικηφόρος
1128 1318 1218 1374 καί
1272 1340 1358 1382 τις
1412 1316 1696 1387 πατρίκιος
1744 1312 1917 1376 ἄλλος

273 1411 497 1484 Συμεών
545 1411 574 1465 ὁ
621 1407 921 1483 Ἀμπελᾶς,
999 1406 1244 1481 διάδημα
1290 1408 1534 1482 περιθεὶς
1593 1406 1771 1476 ἑαυτῷ
1829 1403 1916 1458 καὶ

266 1501 333 1555 τὰ
390 1498 562 1556 λοιπὰ
634 1505 737 1568 τῆς
820 1497 1095 1573 βασιλείας
1177 1495 1485 1571 ἀνειληφὼς
1568 1492 1919 1569 γνωρίσματα

269 1587 599 1644 ἀποστασίαν
649 1588 786 1643 κατὰ
835 1591 932 1643 τοῦ
988 1585 1256 1663 βασιλέως
1305 1592 1543 1655 κινῆσαι,
1588 1587 1685 1638 τοῦ
1714 1582 1918 1656 πατρὸς

272 1678 437 1734 αὐτοῦ
466 1678 698 1739 Λέοντος
746 1681 843 1733 τοῦ
898 1674 1318 1751 κουροπαλάτου
1362 1673 1491 1736 τοὺς
1553 1675 1645 1746 μὲν
1700 1671 1919 1726 ἀναπεί-

269 1787 457 1828 σαντος
486 1764 687 1841 δώροις
737 1766 811 1827 εἷς
854 1765 1038 1834 τοῦτο,
1075 1768 1201 1826 τοῦς
1253 1762 1311 1819 δὶ
1355 1762 1706 1838 ὑποσχέσεσιν
1756 1761 1919 1833 ἀξιω-

271 1857 458 1928 μάτων
511 1855 603 1911 καὶ
648 1856 912 1927 κτήσεων,
976 1854 1221 1929 ὕπηρὲτῃ
1280 1852 1417 1926 πρὸς
1480 1856 1640 1907 τοῦτο
1699 1869 1916 1925 χρησα-

272 1945 548 2017 μένουτῷ
595 1950 698 2014 τῆς
753 1939 984 2000 Ἀϐύδου
1034 1942 1336 2015 ἰπισκόπῳ.
1394 1936 1685 1999 Ἐϐούλετο
1746 1936 1921 1994 δὲκαὶ

266 2033 432 2095 αὐτός
488 2032 547 2088 lx
589 2040 690 2103 τῆς
748 2028 957 2089 Λέσϐου
1017 2029 1275 2108 διαπερᾷν
1338 2030 1512 2106 λάθρα
1570 2029 1663 2084 σὺν
1713 2033 1791 2100 τῷ
1820 2029 1925 2099 υἱῷ

270 2122 581 2197 Νικηφόρῳ
610 2121 689 2184 εἷς
719 2123 785 2176 τὰ
833 2121 921 2177 ἐπὶ
973 2118 1194 2196 Θρῆκην
1246 2119 1449 2195 χωρία.
1496 2118 1835 2181 Γνωσθέντος
1869 2114 1925 2170 δὲ

268 2209 466 2267 τούτου
512 2214 593 2281 τῷ
642 2209 879 2286 βασιλεῖ,
932 2209 1047 2265 ἐπεὶ
1095 2210 1245 2265 καὶὸ
1289 2208 1582 2269 έπίσκοπος
1622 2204 1920 2277 συνειλημ-

278 2299 441 2372 μένος
470 2298 561 2353 καὶ
590 2299 720 2361 τοὺς
751 2297 1018 2374 ἰλέγχους
1051 2299 1161 2373 οὐχ
1191 2297 1308 2361 οἷός
1326 2318 1384 2351 τε
1416 2297 1487 2351 ὥν
1525 2292 1923 2371 διαδιδράσκειν

273 2388 450 2443 πάντα
474 2388 672 2458 ἐξοῖσεν
703 2388 778 2450 εἷς
805 2387 1133 2462 τούμφανὲς,
1181 2384 1456 2463 παρεδόθη
1499 2390 1617 2447 τοῖς
1651 2382 1925 2444 δικασταῖς

276 2478 305 2532 ὁ
332 2476 779 2552 κουροπαλάτης,
810 2479 898 2532 καὶ
950 2476 1055 2532 ὕπὸ
1105 2478 1322 2531 πάντων
1372 2475 1579 2532 τούτων
1616 2478 1923 2549 προστιμᾶ-

272 2586 360 2621 ται
408 2568 654 2622 τεθνάναι
701 2565 795 2621 σὺν
843 2570 923 2637 τῷ
969 2566 1071 2637 υἱῷ
1104 2584 1117 2598 ο
1169 2564 1559 2639 ἐπιεικέστερον
1607 2560 1664 2617 δὲ
1706 2562 1924 2638 χρησα-

282 2656 451 2728 μένου
506 2659 605 2711 τοῦ
661 2652 951 2727 βασιλέως,
1011 2652 1261 2730 ἀειφυγίᾳ
1333 2654 1423 2708 καὶ
1495 2650 1603 2707 τῶν
1657 2650 1920 2724 ὀμμάτων

277 2744 529 2819 πηρώσει
575 2741 665 2798 καὶ
725 2744 891 2817 ἄμφω
946 2739 1416 2812 καταδικάζονται,
1476 2739 1813 2811 λεληθότως,
1848 2740 1924 2802 ὡς

279 2830 647 2908 λέγεται,τοῐ’›
693 2832 964 2908 βασιλέως
1022 2829 1485 2908 παραγγείλαντος
1524 2834 1641 2893 τοῖς
1697 2826 1921 2901 δημίοις

275 2919 548 2995 μηδαμῶς
618 2920 716 2984 τὰς
804 2917 956 2995 ὄψεις
1038 2921 1245 2977 τούτων
1336 2916 1708 2991 λωϐήσασθαι,
1777 2915 1923 2972 ἀλλὰ

280 3008 505 3081 δοκησιν
587 3010 680 3084 μὶν
761 3014 1061 3087 παρασχεῖν
1152 3006 1567 3088 ὶκτυφλώσεως,
1648 3003 1789 3082 ἔργῳ
1874 3003 1921 3061 δ’

279 3099 430 3154 ἰᾶσαι
488 3101 715 3164 τούτους
767 3100 830 3155 τὸ
897 3099 1098 3154 οἰκεῖον
1178 3098 1538 3174 ἀποφέρεσθαι
1596 3101 1728 3175 φῶς,
1782 3096 1917 3150 ἀπο-

278 3188 481 3264 κρύψαι
522 3185 579 3243 δὲ
634 3188 726 3243 καὶ
775 3188 858 3243 ὅτι
911 3186 1375 3264 προστεταγμένον
1432 3186 1497 3257 ἢν
1554 3191 1714 3241 τοῦτο
1774 3183 1920 3260 παρᾶ

1953 1895 2000 1959 Β

2028 602 2471 672 suﬁecturus,in
2504 603 2704 659 Asiam
2737 604 3260 677 trajicere.Etenim
3292 610 3511 666 Bardas
3531 611 3685 668 Pho-

2026 707 2126 747 cas
2158 706 2226 746 ex
2260 692 2500 747 Amasia
2530 693 2901 765 profugus,in
2933 711 3113 766 quam
3147 696 3441 769 relegatus
3473 700 3682 771 fuerat,

2027 781 2179 835 facta
2208 780 2432 837 occulte
2462 782 2896 854 conspiratione
2929 800 3063 839 cum
3093 786 3599 857 cognatis,amicis
3628 796 3689 846 et

2026 868 2417 926 familiaribus
2437 871 2988 945 suis,occupaverat
3028 874 3351 931 Casaream
3382 877 3685 949 Cappado-

2025 959 2352 1031 cize,ibique
2388 960 2578 1016 socios
2600 960 2754 1016 haud
2804 979 3023 1034 paucos
3072 964 3401 1036 collegerat,
3425 983 3678 1038 quorum

2025 1048 2320 1121 principes
2350 1054 2517 1105 erant
2547 1050 2649 1105 filii
2684 1051 2914 1123 patricii
2969 1051 3255 1108 Theoduli
3299 1058 3677 1111 Parsacuteni

2024 1137 2366 1193 Theodorus
2379 1139 2900 1211 etNicepborus,ac
2914 1141 3146 1212 quidam
3161 1142 3441 1214 patricius
3452 1144 3680 1201 Simeon

2025 1226 2432 1297 Ampelas.His
2454 1229 2639 1283 fretus
2661 1229 2813 1285 889
2842 1231 3054 1285 Bardas
3078 1231 3302 1287 Phocas
3319 1232 3679 1304 opibus,dia-

2025 1315 2256 1370 demate
2285 1315 2644 1388 reliquisque
2673 1318 2905 1389 imperii
2947 1319 3284 1391 insignibus
3333 1323 3681 1394 assumptis,

2024 1405 2305 1460 adversus
2335 1405 2747 1476 imperatorem
2780 1407 3124 1463 seditionem
3150 1412 3522 1466 moverat.Ad
3549 1426 3681 1467 eam

2026 1493 2402 1549 defectionem
2432 1499 2597 1565 pater
2616 1496 2745 1566 ejus
2766 1496 2875 1552 Leo
2894 1497 3263 1569 curOpalates
3293 1500 3441 1554 alios
3472 1516 3683 1556 mune-

2026 1582 2216 1649 ribus,
2246 1582 2392 1638 alios
2421 1584 2775 1655 dignitatum
2824 1590 2882 1641 et
2924 1602 3102 1657 opum
3156 1587 3683 1659 pollicitationibus

2028 1675 2564 1743 permoverat,usus
2584 1674 2652 1728 ad
2687 1674 2795 1729 hoc
2818 1675 3145 1731 ministerio
3175 1676 3433 1749 episcopi
3454 1679 3683 1750 Abyde-

2028 1759 2127 1830 ni;
2161 1764 2338 1831 atque
2385 1762 2512 1833 ipse
2560 1765 2847 1818 statuerat
2895 1762 3232 1820 clanculum
3280 1781 3350 1821 ex
3395 1766 3576 1821 Lesbo
3623 1767 3683 1821 in

2027 1848 2335 1905 Thraciam
2360 1867 2479 1906 una
2492 1867 2626 1906 cum
2659 1851 2778 1906 filio
2800 1869 2906 1908 suo
2928 1852 3252 1925 Nicephoro
3271 1854 3563 1925 trajicere.
3580 1855 3684 1911 Hic

2032 1939 2397 2010 curopalates
2436 1955 2497 1996 re
2545 1940 2884 2012 imperatori
2930 1942 3152 1997 delecta
3199 1944 3684 2016 (comprehensus

2033 2026 2187 2082 enim
2218 2028 2530 2099 episcopus
2559 2030 2873 2100 Abydenus
2902 2033 2961 2085 et
2982 2031 3282 2087 convictus
3314 2048 3437 2088 rem
3493 2037 3680 2090 totam

2033 2116 2403 2189 patefecerat)
2426 2118 2731 2187 judicibus
2759 2119 3033 2186 traditus,
3066 2120 3141 2175 ab
3171 2121 3365 2192 iisque
3389 2126 3578 2178 morte
3596 2126 3690 2179 est

2033 2220 2167 2260 cum
2197 2204 2314 2260 filio
2338 2206 2673 2262 damnatus.
2706 2207 2815 2262 Sed
2851 2208 3171 2280 imperator
3210 2209 3294 2265 ita
3324 2211 3685 2268 sententiam

2034 2295 2323 2366 mitigavit
2370 2300 2435 2350 ut
2479 2300 2719 2367 uterque
2782 2297 2970 2353 oculis
3036 2299 3277 2354 orbatus
3329 2304 3681 2371 perpetuum

2032 2383 2343 2439 exsularet.
2389 2385 2707 2457 Ferturque
2752 2386 2902 2442 clam
2947 2388 3322 2443 carnificibus
3371 2389 3687 2446 mandasse

2034 2489 2107 2528 ne
2137 2473 2324 2529 oculis
2354 2489 2453 2530 eos
2484 2475 2801 2545 privarent,
2843 2476 2943 2531 sed
2990 2475 3269 2532 simulato
3299 2493 3397 2533 eos
3430 2494 3492 2533 se
3538 2479 3683 2534 οπο-

2032 2562 2191 2617 disse
2218 2562 2412 2618 visum
2442 2563 2794 2619 incolumem
2830 2563 2974 2635 ipsis
3021 2564 3441 2637 relinquerent,
3491 2582 3683 2638 neque

2034 2652 2311 2706 mandato
2341 2652 2397 2706 id
2430 2668 2493 2706 se
2519 2652 2908 2724 imperatoris,
2940 2654 3039 2708 sed
3076 2654 3441 2709 humanitate
3490 2660 3680 2712 motos

2032 2740 2241 2796 fecisse
2267 2757 2381 2811 prae
2414 2757 2477 2795 se
2528 2741 2762 2797 ferrent.
2818 2744 2871 2797 Is
2918 2746 3045 2797 tum
3095 2742 3202 2797 fuit
3245 2743 3435 2799 exitus
3484 2761 3680 2800 rerum

2032 2829 2701 2901 curopalatze.Caaterum
2736 2831 2931 2887 Durus
2962 2837 3028 2886 ut
3056 2831 3114 2887 in
3149 2832 3344 2887 Asiam
3393 2834 3464 2888 ad
3498 2834 3679 2906 Dory-

2028 2917 2199 2973 laaum
2231 2918 2512 2990 pervenit,
2547 2919 2737 2991 primo
2766 2920 3017 2976 Pbocam
3050 2924 3107 2976 et
3135 2921 3264 2991 ejus
3292 2921 3682 2993 conspiratio-

2030 3008 2123 3063 nis
2147 3007 2453 3079 populares
2466 3008 2960 3080 promissionibus
2982 3008 3356 3081 splendidisa
3378 3010 3680 3083 proposito

2028 3095 2313 3151 deducere
2342 3096 2607 3151 tentavit.
2641 3097 3016 3153 Mandaverat
3046 3098 3202 3154 enim
3229 3098 3341 3171 ipsi
3360 3098 3682 3170 imperator

2027 3188 2093 3240 ut
2123 3185 2313 3256 quoad
2345 3186 2474 3256 ejus
2521 3185 2759 3241 omnino
2792 3186 2917 3242 fieri
2966 3192 3187 3259 posset,
3235 3204 3447 3243 manus
3492 3188 3681 3244 civilis

272 3282 367 3331 τοῦ
432 3275 728 3353 βασιλέως,
784 3277 996 3339 έαυτοῖς
1056 3274 1113 3332 δὲ
1169 3276 1231 3331 τὸ
1292 3274 1445 3352 ἔργον
1504 3274 1782 3329 ἀναθέσθαι

2114 3275 2338 3346 agninis
2370 3290 2547 3344 puras
2577 3280 2851 3330 servaret.
2884 3276 3199 3346 Postquam
3232 3293 3365 3331 vero
3397 3277 3456 3332 id
3489 3278 3595 3333 abs
3618 3294 3680 3333 re

264 3367 409 3442 τάχα
495 3364 1138 3444 φιλανθρωπευσαμένοις
1221 3365 1310 3420 καὶ
1385 3363 1777 3439 χαρισαμένοις
1854 3363 1917 3417 τὸ

166 3456 173 3461 ’
268 3454 494 3531 βλέπειν
535 3455 739 3518 αὐτοῖς.
801 3454 903 3509 Καὶ
958 3454 1025 3509 τὰ
1084 3455 1178 3528 μὲν
1235 3456 1332 3509 τοῦ
1374 3451 1789 3529 κουροπαλάτου
1843 3450 1919 3514 εἷς

260 3549 423 3599 τοῦτο
491 3542 785 3598 ἐτελεύτα·
880 3538 1069 3605 διαϐὰς
1152 3540 1209 3598 δὲ
1290 3543 1318 3597 ὁ
1377 3540 1629 3613 Σκληρὸς
1685 3540 1760 3602 εἰς
1816 3541 1915 3607 τήν

266 3633 455 3688 Ἀσίαν
508 3632 606 3687 κάν
657 3636 738 3704 τῷ
809 3630 1097 3707 Δορυλαίῳ
1172 3630 1453 3707 γενόμενος
1539 3634 1754 3705 πρῶτον
1822 3630 1914 3702 μὲν

265 3719 601 3797 ἀπεπειρᾶτο
631 3724 727 3775 τοῦ
767 3726 935 3776 Φωκᾰ
982 3720 1071 3775 καὶ
1115 3724 1222 3776 τῶν
1266 3741 1444 3793 του-τῳ
1491 3717 1913 3795 συναιρομένων,

265 3808 318 3864 εἷ’
370 3831 495 3872 πως
554 3809 807 3881 συνηθείη
872 3808 1032 3871 αὐτὸς
1106 3810 1316 3884 ἀγαθῶν
1380 3809 1730 3883 ὑποσχέσεσιν
1790 3809 1917 3861 ἀποο

262 3905 459 3968 στῆναι
509 3903 691 3952 πεῖσαι
752 3902 856 3952 τῶν
904 3894 1353 3973 βεϐουλευμένων
1406 3898 1512 3970 (καὶ
1570 3898 1670 3973 γὰρ
1728 3893 1795 3965 δὴ
1823 3896 1914 3950 καὶ

257 3986 636 4063 παραγγελίαν
698 3986 842 4061 εἶχεν
892 3985 953 4041 ἐκ
1001 3985 1270 4062 βασιλέως
1320 3986 1395 4048 ὡς
1442 3985 1665 4040 ἀνυστὸν
1713 3985 1916 4059 ἀγωνία

258 4088 450 4141 σασθαι
542 4074 817 4153 ἐμφυλίου
924 4071 1158 4149 αἵματος
1250 4075 1485 4149 καθαρὰς
1588 4071 1913 4149 διατηρῆσαι

261 4165 357 4227 τὰς
443 4167 709 4240 χεῖρας)⁶
770 4164 844 4227 ὡς
924 4161 972 4219 δ’
1056 4163 1341 4234 ἀνηνύτοις
1418 4163 1559 4238 ἔγνω
1615 4162 1911 4237 ἐπιχειρῶν

265 4252 652 4330 (ἐθρασύνοντο
697 4252 797 4329 γὰρ
857 4249 1071 4326 μᾶλλον
1147 4250 1183 4322 ἤ
1236 4252 1566 4328 ἐχαυνοῦντο
1613 4258 1730 4314 ταῖς
1788 4273 1914 4327 πρε-

262 4338 471 4405 σϐείαις
506 4342 557 4398 οἱ
619 4340 959 4409 ἀποστάται),
1020 4339 1185 4417 ἔργου
1237 4339 1345 4413 ἤδη
1402 4338 1657 4397 ἅπτεσθαι
1715 4339 1909 4416 ἔκρινε,

264 4431 345 4505 [Ρ.
395 4432 528 4503 670]
581 4430 672 4485 καὶ
717 4429 808 4484 τὸν
870 4430 1094 4505 στρατὸν
1151 4428 1365 4505 ἀγείρας
1419 4429 1583 4503 ἀπῄεί
1633 4430 1765 4504 πρὸς
1809 4430 1907 4497 τὴν

254 4521 611 4595 Καισάρειαν.
668 4520 833 4593 Ὅπερ
903 4519 955 4572 οἱ
1026 4518 1119 4573 σὺν
1198 4524 1278 4591 τῷ
1354 4524 1523 4589 Φωκᾷ
1591 4517 1908 4593 ἐγνωκότες,

252 4608 343 4663 καὶ
390 4609 457 4663 τὸ
507 4606 589 4662 ἐπ’
646 4604 878 4678 ἀδήλοις
936 4605 1145 4662 ἐλπίσιν
1208 4607 1457 4695 ὀχεῖσθαι
1512 4605 1780 4695 ἐάσαντεςᾼ
1816 4607 1907 4662 καί
1939 4631 1986 4695 D

252 4699 320 4753 τά
367 4696 420 4752 ἐν
484 4695 645 4772 χερσὶ
702 4697 1162 4770 προτιμήσαντες,
1220 4696 1314 4757 τὰς
1366 4694 1425 4750 ἐκ
1478 4700 1579 4751 τοῦ
1642 4693 1911 4772 βασιλέως

260 4784 557 4859 διδομένας
610 4784 797 4848 αὐτοῖς
853 4782 1060 4858 δωρεὰς
1105 4782 1381 4858 δεξάμενοι
1428 4786 1619 4847 νυκτὸς
1665 4785 1905 4861 ἐπιγενο-

263 4876 434 4949 μένης
491 4872 865 4947 αὐτομολοῦσι
918 4874 1057 4947 πρὸς
1102 4874 1194 4929 τὸν
1249 4874 1524 4949 Σκληρὸν,
1549 4878 1767 4948 πρῶτος
1809 4875 1903 4947 μὲν

258 4967 285 5020 ὁ
321 4964 581 5040 Διογένης
637 4959 1026 5037 Ἀδράλεστος,
1088 4963 1200 5018 ε’ίτα
1253 4963 1344 5018 καὶ
1404 4964 1432 5017 ὁ
1483 4960 1763 5037 ’Δμπελᾶς
1817 4962 1904 5017 καὶ

249 5054 300 5109 0i.
331 5057 431 5109 τοῦ
462 5048 771 5107 Θεοδούλου
820 5048 1032 5120 παῖδες,
1065 5053 1119 5107 οἱ
1166 5052 1255 5107 καὶ
1298 5052 1360 5107 τὸ
1398 5058 1500 5107 πᾶν
1539 5058 1641 5121 τῆς
1671 5053 1905 5107 ἀποστα-

254 5144 374 5204 σίας
460 5139 1014 5216 προκαταρτύσαντες,
1094 5140 1188 5196 καὶ
1281 5139 1472 5218 ἐφεξῆς
1554 5142 1617 5195 τὸ
1707 5139 1901 5195 λοιπὸν

253 5233 395 5288 ἅπαν
458 5231 693 5297 πλῆθος,
752 5229 829 5291 ὡς
893 5228 1055 5302 μόνον
1106 5231 1302 5305 ἀθρόον
1379 5230 1513 5303 μετὰ
1556 5234 1663 5283 τῶν
1712 5230 1903 5285 ἑαυτοῦ

254 5317 602 5396 θεραπόντων
674 5316 1095 5395 περελειφθῆναι
1170 5319 1263 5374 τὸν
1327 5325 1549 5377 Φωκᾶν.
1604 5320 1792 5389 Πάσης
1846 5316 1904 5373 δὲ

247 5406 508 5486 βοηθείας
592 5400 799 5481 ἔρημος
885 5407 1043 5469 οὗτος
1143 5406 1511 5487 ἄπολειφθεὶς,
1601 5409 1687 5463 καὶ
1780 5406 1901 5478 ἀνίᾳ

250 5494 570 5574 βαπτισθεὶς
628 5494 719 5549 καὶ
793 5492 940 5570 λύπῃ
1022 5498 1158 5552 κατά
1228 5502 1336 5552 τῶν
1395 5497 1899 5571 παρακινησάντων,

325 5715 342 5750 ¹
378 5709 539 5769 Psal.
570 5727 763 5780 xxxiv,
794 5711 847 5769 3.

2028 3379 2089 3419 se
2104 3363 2301 3418 conari
2323 3363 2478 3418 390
2516 3362 2659 3418 vidit
2686 3364 2923 3435 (quippe
2940 3363 3202 3419 seditiosi
3227 3365 3435 3436 legatis
3458 3366 3680 3423 auditis

2027 3453 2228 3525 potius
2259 3452 2649 3508 efferebantur
2704 3470 2881 3524 quam
2932 3458 2998 3508 ut
3039 3454 3364 3525 quidquam
3394 3456 3676 3511 concede-

2026 3544 2199 3611 rent),
2249 3558 2371 3596 rem
2420 3557 2617 3612 gerere
2684 3542 2957 3610 intendit,
3012 3542 3370 3615 collectoque
3417 3545 3675 3601 exercitu

2025 3635 2344 3687 Caesaream
2376 3631 2564 3702 petiit.
2590 3633 2656 3686 At
2695 3632 2834 3686 socii
2866 3632 3167 3693 Phocaico
3226 3632 3482 3704 cognito,
3538 3650 3675 3705 spes

2024 3722 2279 3776 incertas
2310 3722 2688 3792 repudiantes
2716 3720 2908 3791 iisque
2938 3721 2997 3776 in
3029 3729 3300 3793 promptu
3334 3723 3448 3778 sita
3477 3724 3673 3794 praefe-

2024 3814 2243 3874 rentes,
2281 3809 2537 3880 acceptis
2579 3826 2706 3881 quae
2755 3810 2829 3864 ab
2871 3809 3223 3881 imperatore
3281 3811 3675 3867 offerebantur

2024 3899 2388 3965 muneribus,
2423 3907 2588 3954 nocte
2618 3900 2770 3955 facta
2800 3900 2871 3954 ad
2905 3900 3153 3955 Bardam
3200 3902 3674 3972 transfugerunt,

2024 3989 2251 4060 primus
2303 3988 2569 4044 omnium
2622 3988 2909 4060 Diogenes
2956 3989 3322 4056 Adralestus,
3375 3990 3588 4044 deinde
3614 3995 3675 4046 et

2022 4076 2293 4147 Ampelas
2340 4081 2397 4131 et
2454 4077 2737 4132 Theoduli
2798 4077 2925 4147 filii,
2996 4078 3095 4149 qui
3172 4082 3438 4133 auctores
3485 4080 3671 4135 totius

2021 4164 2362 4220 defectionis
2393 4165 2658 4231 fuerant;
2691 4168 2817 4219 tum
2850 4164 3077 4237 reliqua
3099 4164 3293 4219 omnis
3327 4166 3671 4237 multitudo,

2020 4253 2102 4309 ita
2128 4259 2193 4307 ut
2239 4252 2401 4308 solus
2451 4270 2583 4308 cum
2637 4253 2762 4308 suis
2814 4254 3054 4309 famulis
3096 4254 3320 4309 Phocus
3363 4256 3671 4312 manserit.

2018 4345 2208 4412 Atque
2256 4341 2352 4397 hic
2416 4341 2575 4397 omni
2641 4341 2961 4397 destitutus
3026 4342 3264 4407 auxilio,
3334 4343 3669 4414 aegritudini

2019 4429 2202 4486 animi
2239 4434 2410 4502 atque
2456 4430 2848 4502 indignationi
2907 4431 3189 4485 adversus
3241 4447 3339 4487 eos
3388 4432 3488 4502 qui
3531 4446 3668 4487 eum

2017 4518 2181 4591 prius
2209 4521 2278 4575 ad
2310 4518 2689 4575 rebellionem
2720 4519 3034 4575 incitarant
3069 4524 3246 4590 atque
3290 4525 3414 4575 tum
3466 4521 3670 4591 prodi-

2018 4607 2220 4663 derant
2266 4608 2605 4678 immersus,
2664 4612 2833 4663 nocte
2872 4608 2997 4678 jam
3067 4609 3377 4679 ingruente
3436 4609 3667 4679 sopitus

2018 4703 2126 4752 est.
2163 4697 2264 4751 Per
2293 4712 2563 4752 somnum
2612 4696 2965 4768 imaginatus
2998 4702 3086 4751 est
3114 4695 3378 4766 quiritari
3424 4712 3487 4751 se
3535 4696 3668 4750 ani-

2018 4802 2232 4857 moque
2263 4786 2487 4857 angi,et
2513 4788 2581 4840 de
2610 4785 2683 4841 iis
2715 4786 2812 4856 qui
2846 4786 3067 4855 injuria
3096 4786 3290 4855 ipsum
3324 4785 3664 4853 affecerant,

2016 4874 2101 4929 sic
2134 4876 2246 4930 Deo
2278 4874 2557 4945 conqueri
2592 4892 2605 4930 :
2642 4897 2663 4924 ι
2703 4875 2967 4945 Domine,
2998 4873 3281 4928 ulciscere
3305 4889 3426 4941 eos,
3450 4873 3549 4945 qui
3573 4890 3667 4930 me

2015 4964 2438 5019 infestarunt‘.
2471 4985 2499 5013 ››
2530 4968 2793 5035 Cumque
2843 4963 3141 5034 reliquum
3185 4961 3397 5034 psalmi
3446 4962 3663 5020 addere

2013 5051 2205 5122 vellet,
2237 5068 2435 5108 vocem
2487 5052 2693 5107 audire
2742 5068 2866 5122 quaa
2919 5052 3187 5123 progredi
3230 5056 3473 5119 vetaret,
3505 5054 3664 5123 quod

2013 5141 2230 5197 diceret
2251 5141 2537 5213 reliquam
2562 5140 2844 5195 carminis
2871 5145 3093 5212 partem
3109 5142 3233 5210 jam
3263 5157 3391 5197 esse
3422 5158 3457 5196 a
3479 5141 3665 5199 Barda

2012 5235 2406 5302 anteceptam.
2441 5231 2705 5287 Surrexit
2733 5246 2869 5301 ergo
2900 5230 3347 5296 tremebundus,
3382 5230 3667 5302 omnique

2012 5337 2073 5376 se
2112 5337 2215 5392 spe
2246 5320 2530 5375 excidisse
2572 5320 2797 5386 videns,
2842 5324 2906 5375 ut
2958 5323 3083 5374 erat
3130 5320 3480 5389 instructus,
3528 5335 3663 5376 cum

2011 5410 2136 5464 suis
2176 5426 2356 5480 equos
2402 5409 2763 5478 conscendit,
2820 5408 3070 5482 fugaque
3115 5408 3421 5465 castellum
3480 5409 3666 5481 Tyro-

2011 5514 2204 5571 poeum
2239 5497 2419 5569 petiit.
2455 5498 2674 5554 Bardas
2725 5498 2823 5553 ubi
2857 5500 2927 5553 de
2976 5499 3115 5570 fuga
3160 5498 3290 5569 ejus
3334 5497 3546 5554 certior
3576 5502 3668 5554 est
