3922 6132
239 371 357 433 123

1588 369 1905 431 GEORGII
1948 368 2290 431 CEDBENI

3532 365 3655 427 124

233 505 435 576 frctas,
472 503 775 577 expeditos
824 504 1053 577 equites
1106 505 1315 572 mittit,
1380 504 1481 578 qui
1529 504 1795 561 celeriter
1836 504 1887 561 ei

2016 501 2117 558 εἶτα
2170 497 2622 577 προδεδωκότων,
2700 503 3010 579 κατηνέχθη
3074 500 3210 577 πρὸς
3297 497 3461 556 ὕπνον
3536 496 3648 571 ἤδη

235 598 547 653 occurrant
574 598 634 651 et
676 598 995 667 antequam
1043 595 1350 652 castellum
1406 595 1584 652 intret
1625 612 1893 668 compre-

237 685 519 742 hendant.
569 684 609 739 li
658 684 853 741 citatis
896 686 1046 741 891
1114 686 1283 756 equis
1330 684 1479 741 vecti
1527 684 1782 741 Phoeam
1832 686 1894 741 in

240 791 445 845 campo
502 778 907 846 assequuntur
963 774 1209 845 jamiam
1260 774 1379 829 imo
1430 775 1613 830 monti
1668 775 1727 829 in
1781 792 1894 847 quo

252 861 560 919 castellum
618 867 745 918 erat
773 863 954 918 situm
1000 864 1377 919 subeuntem.
1432 863 1567 919 Erat
1618 864 1769 919 inter
1798 880 1897 920 eos

242 952 488 1008 audacia
519 955 576 1007 et
623 950 818 1007 indole
865 952 1138 1025 princeps
1189 952 1614 1010 Constantinus
1643 953 1895 1009 Charon.

241 1042 298 1098 Is
330 1040 572 1112 reliquis
621 1057 656 1095 a
703 1045 867 1113 tergo
919 1041 1139 1098 relictis
1190 1041 1448 1098 Phoeam
1496 1042 1669 1098 citato
1718 1059 1895 1098 cursu

238 1131 551 1187 insecutus
599 1138 708 1196 est,
759 1146 967 1202 agmen
1017 1147 1261 1187 suorum
1312 1131 1681 1188 claudentem
1738 1138 1795 1188 et
1824 1132 1897 1187 ad

238 1224 478 1276 strenue
508 1219 934 1276 defendendam
964 1220 1087 1276 vim
1136 1225 1429 1293 paratum.
1471 1222 1638 1277 Hunc
1667 1221 1897 1278 Charon

238 1308 471 1365 eminus
503 1313 883 1381 conspectum
916 1326 1051 1365 cum
1076 1312 1643 1382 agnasceret,turpia
1672 1311 1729 1366 in
1762 1328 1896 1366 eum

228 1398 376 1469 jecit
400 1398 673 1465 convitia,
718 1400 1063 1471 degenerem
1124 1407 1182 1455 et
1238 1400 1512 1455 timidum
1569 1399 1900 1472 appellans,

233 1487 573 1559 jubensque
620 1487 920 1560 paulisper
968 1489 1161 1560 operi,
1207 1489 1347 1543 dum
1403 1489 1711 1560 praemium
1743 1490 1899 1545 defe-

236 1576 449 1632 ctionis
494 1575 802 1649 acciperet.
852 1576 1071 1632 Phocas
1119 1576 1512 1634 contumelias
1560 1578 1900 1645 inaudiens,

240 1681 429 1735 neque
478 1666 760 1737 ignorans
813 1666 914 1738 qui
978 1683 1074 1722 eas
1107 1667 1379 1738 jactaret,
1446 1666 1699 1724 inhibito
1749 1684 1900 1739 equo

240 1770 306 1812 se
335 1754 613 1812 Charonti
644 1754 915 1822 obvertit,
948 1760 1006 1812 et
1050 1778 1079 1806 «
1106 1757 1283 1826 Heus,
1335 1757 1551 1829 inquit,
1596 1758 1903 1829 oportebat

2003 592 2192 653 νυκτὸς
2250 591 2567 662 ἐπιστάσης.
2636 590 2860 663 Ἐδοξεν
2934 589 3025 646 οὗν
3105 591 3396 646 ὑπνώττων
3458 588 3653 664 ἀγαναο

2004 685 2147 736 κτεῖν
2198 680 2287 735 καὶ
2345 680 2528 737 ἀλύειν
2582 680 2672 736 καὶ
2737 680 2860 756 περὶ
2907 684 3018 736 τῶν
3062 677 3433 749 ἀδικησάντων
3472 675 3655 733 διαλέ-

2005 782 2193 844 γεσθαι
2244 776 2326 844 τῷ
2384 776 2519 843 Θεῷ,
2583 794 2611 823 ι(
2688 771 2936 838 Δίκασον,
3015 768 3198 844 Κύριε,
3267 767 3458 845 λέγων,
3524 767 3657 831 τοὺς

2006 857 2325 923 ἀδικοῦντάς
2358 881 2444 932 με.
2481 883 2509 911 ››
2554 861 2640 917 Ἐν
2688 859 2733 933 ᾧ
2784 856 2842 915 δὲ
2892 853 3094 932 ἔμελλε
3123 860 3188 913 τὰ
3218 859 3456 931 ἑπόμενα
3486 856 3659 912 εἰπεῖν

2005 954 2102 1005 τοῦ
2133 949 2382 1022 ψαλμοῦ,
2414 947 2615 1019 ἤκουσε
2643 949 2743 1025 γὰρ
2789 950 2817 1003 6
2868 946 3125 1024 Σκληρὸς
3164 946 3560 1024 προειληφέναι
3589 948 3658 1001 τὸ

2010 1037 2305 1095 ἐπίλοιπον
2364 1046 2465 1109 τῆς
2523 1036 2694 1111 ᾠδῆς.
2764 1037 3054 1099 Διαναστάς
3104 1035 3195 1093 οὗν
3225 1037 3547 1113 σύντρομος,
3581 1036 3661 1099 ὡς

2010 1134 2147 1212 ἔγνω
2212 1137 2390 1207 πάσης
2470 1135 2693 1198 ἐλπίδος
2775 1134 3123 1207 ὠλισθηκὼς,
3182 1136 3256 1198 ὠς
3312 1135 3454 1211 εἶχεν
3514 1134 3661 1205 ἐξιπ-

2008 1227 2319 1301 πασάμενος
2381 1227 2514 1299 μετά
2564 1230 2672 1280 τῶν
2720 1225 2843 1299 περὶ
2900 1225 3059 1279 αὐτὸν
3109 1226 3248 1300 πρὸς
3295 1224 3359 1279 τὸ
3391 1222 3656 1301 φρούριον

2010 1312 2201 1394 ἔφευγε
2254 1317 2345 1371 τὸν
2401 1314 2734 1391 Τυροποιόν.
2782 1316 3121 1376 Γνωσθέντος
3173 1311 3229 1369 δὲ
3270 1317 3365 1368 τοῦ
3414 1310 3659 1386 δρανμοῦ

2006 1410 2086 1478 τῷ
2136 1404 2420 1481 μαγίστρῳ
2480 1402 2659 1481 Βάρδᾳ
2707 1402 2787 1477 τῷ
2832 1402 3094 1479 Σκληρῷ,
3154 1404 3341 1465 ἱππεῖς
3388 1399 3659 1458 ἀπεστέλ-

2010 1493 2175 1550 λοντο
2208 1492 2434 1563 εὔζωνοι
2462 1497 2838 1569 καταταχῆσαι
2874 1491 2965 1548 καί
3004 1487 3329 1548 καταλαϐεῖν
3362 1490 3519 1547 αὐτὸν
3548 1491 3660 1565 πρὸ

2007 1589 2104 1640 τοῦ
2166 1584 2240 1646 εἰς
2284 1589 2381 1639 τοῦ
2454 1583 2712 1661 φρούριον
2786 1582 3084 1638 εἰσελθεῖν·
3163 1579 3361 1645 οἵτινες
3416 1580 3661 1652 συντόνῳ

2015 1684 2450 1759 χρησάμενοιτῇ
2484 1679 2661 1753 διώξει
2703 1675 3282 1755 καταταλαμϐάνουσιν
3332 1677 3491 1734 αὐτὸν
3519 1678 3663 1733 κατά

2008 1774 2071 1827 τὸ
2102 1770 2285 1828 πεδίον
2344 1772 2434 1827 καὶ
2495 1771 2771 1845 μέλλοντα
2813 1770 2936 1826 ὅσον
2968 1768 3184 1826 οὐδέπω
3212 1774 3333 1831 ταῖς
3360 1772 3458 1824 τοῦ
3486 1788 3660 1843 φρου-

245 1848 302 1901 te
331 1843 781 1900 instabilitatem
820 1844 1095 1900 humanas
1135 1846 1381 1901 fortunae
1432 1846 1896 1903 considerantem

2016 1861 2132 1938 ρίου
2164 1843 2538 1937 προσεγγίζειν
2593 1859 2904 1936 ὑπωρείαις.
2955 1862 3051 1923 Εἷς
3108 1858 3166 1914 δὶ
3213 1857 3421 1914 τούτων
3465 1854 3656 1931 τολμῃ

246 1950 364 1991 non
398 1934 767 2005 exprobrare,
799 1949 989 2005 neque
1020 1933 1306 1991 insultare
1353 1934 1578 1991 homini
1624 1936 1754 2007 ejus
1783 1936 1899 1992 im-

244 2021 532 2095 probitate
563 2022 623 2078 in
671 2022 825 2079 hane
862 2024 1126 2095 conjecto
1175 2025 1612 2093 necessitatem,
1662 2027 1764 2081 sed
1797 2025 1901 2081 mi-

245 2114 428 2170 serari
461 2112 657 2184 potius
686 2128 879 2169 meam
914 2113 1335 2186 calamitatem,
1368 2114 1492 2171 nati
1533 2118 1699 2187 patre
1729 2132 1901 2171 curo-

250 2201 471 2273 palata,
517 2218 622 2258 avo
667 2203 912 2272 Caesare,
963 2206 1174 2273 patruo
1218 2204 1605 2276 imperatore;
1655 2204 1904 2277 ejusque

252 2290 423 2361 adeo,
474 2289 578 2363 qui
623 2308 756 2347 cum
806 2296 866 2347 et
912 2292 1031 2348 dux
1077 2292 1289 2349 fuisset
1334 2297 1391 2349 et
1436 2294 1591 2349 inter
1640 2311 1907 2351 summos

246 2384 616 2451 numeratus,
649 2397 804 2436 nunc
833 2382 1110 2437 extremis
1141 2381 1576 2439 calamitatibus
1607 2388 1786 2454 atque
1813 2385 1903 2440 in-

252 2469 525 2525 iortuniis
553 2485 806 2541 premor.
840 2500 909 2511 —
942 2492 971 2521 ››
1002 2471 1089 2526 Ad
1122 2471 1244 2527 haec
1272 2471 1522 2538 Charon,
1554 2496 1582 2523 «
1618 2473 1905 2541 Recte,in-

259 2559 410 2631 quit,
443 2560 640 2631 pueris
665 2559 809 2627 hinc,
851 2559 1116 2631 sceleste,
1164 2561 1517 2630 dicerentur,
1569 2563 1671 2634 qui
1711 2564 1905 2620 verbis

257 2646 382 2703 ludi
413 2652 670 2719 queant:
704 2665 796 2705 me
826 2648 920 2704 his
951 2650 1126 2721 nugis
1156 2666 1272 2704 non
1319 2651 1597 2721 decipies.
1628 2673 1656 2702 »
1690 2652 1902 2708 Simul-

255 2753 367 2806 que
411 2753 560 2808 equo
602 2737 928 2793 calcaribus
993 2737 1294 2793 stimulato
1354 2738 1606 2795 ferocius
1655 2740 1900 2797 invadit.

251 2826 401 2881 Tum
434 2824 656 2881 Phocas
688 2824 935 2893 clavam,
967 2843 1147 2898 quam
1178 2827 1288 2882 sub
1321 2828 1737 2898 paludamento
1770 2846 1908 2902 pen-

250 2914 481 2969 dentem
514 2914 761 2985 ferehat,
794 2915 1021 2987 arripit,
1052 2916 1405 2985 obviumque
1432 2933 1497 2972 se
1542 2918 1754 2988 ferens,
1788 2920 1902 2977 ictu

249 3002 306 3058 in
342 3006 518 3076 caput
546 3002 823 3076 impacto,
850 3004 1003 3060 892
1031 3003 1145 3060 leto
1177 3006 1278 3060 dat
1317 3005 1688 3079 Charontem,
1738 3008 1906 3081 galea

252 3094 401 3149 nihil
432 3095 715 3151 adversus
756 3094 872 3151 vim
919 3095 1101 3168 plagae
1126 3096 1390 3167 valente;
1424 3103 1481 3153 et
1529 3115 1677 3171 equo
1724 3100 1903 3157 frenis

251 3198 453 3239 averso
484 3183 823 3240 institutum
856 3185 965 3241 iter
1004 3186 1399 3257 prosequitur.
1456 3188 1598 3243 Cum
1648 3205 1782 3245 vero
1812 3190 1902 3245 in-

248 3273 622 3344 sequentium
652 3273 863 3346 reliqui
894 3291 961 3331 so
992 3276 1417 3347 pervenissent,
1450 3279 1727 3334 cadavere
1756 3279 1903 3336 Cha-

250 3362 437 3432 ro_ntis
466 3367 867 3435 conspecto,re
897 3363 1217 3436 improvisa
1245 3367 1601 3422 consternati
1626 3368 1904 3424 substite-

250 3455 410 3523 runt,
459 3453 693 3508 nemine
739 3469 943 3508 eorum
992 3453 1147 3509 ultra
1195 3456 1463 3526 progredi
1513 3457 1787 3512 audente.
1821 3459 1908 3513 Ita

254 3541 473 3597 Phocas
502 3542 879 3597 securitatem
916 3548 1123 3597 nactus
1168 3542 1227 3596 in
1270 3543 1575 3599 castellum
1623 3546 1904 3617 pervenit.

250 3633 381 3685 Mox
424 3631 629 3685 eodem
682 3631 899 3685 Bardas
973 3630 1238 3698 recessit,
1305 3632 1784 3705 continenterque
1832 3635 1905 3689 ad
1976 3645 2003 3665 “

252 3718 507 3773 Phoeam
538 3718 738 3774 missis
765 3718 1173 3789 internuntiis,
1205 3720 1551 3792 interposito
1566 3723 1906 3792 juramento

256 3806 626 3862 conﬁrmavit
679 3824 741 3863 se
787 3808 978 3879 ipsius
1040 3825 1167 3864 eam
1214 3825 1415 3865 curam
1479 3827 1678 3882 gerere
1731 3828 1904 3883 quam

254 3896 450 3952 afﬁnis
481 3896 695 3952 habere
724 3914 831 3969 par
854 3900 1010 3953 esset
1043 3898 1204 3969 (nam
1236 3899 1454 3971 Sophia
1492 3900 1697 3956 Phocas
1744 3918 1909 3957 soror

252 3985 641 4051 Constantino
695 3987 836 4042 Duri
892 3986 1056 4044 fratri
1107 3988 1434 4059 nupserat),
1493 3991 1795 4062 suasitque
1842 3996 1909 4046 ut

255 4074 598 4145 imperatori
631 4092 693 4130 se
724 4076 983 4146 dederet,
1015 4076 1439 4147 impetraturus
1485 4079 1556 4133 ab
1605 4095 1672 4134 eo
1719 4080 1909 4135 rebel-

261 4162 434 4218 lionis
462 4162 714 4219 veniam.
746 4166 948 4236 Itaque
994 4164 1110 4220 ﬁde
1154 4181 1185 4220 a
1227 4166 1425 4235 jurato
1474 4166 1627 4223 Duro
1676 4174 1913 4241 accepta

262 4251 507 4322 Phocas,
558 4251 705 4307 nihil
752 4251 811 4308 in
862 4270 924 4310 se
967 4257 1132 4309 atrox
1178 4258 1467 4311 statutum
1516 4257 1610 4324 iri,
1655 4256 1791 4313 huic
1848 4274 1911 4313 se

262 4356 518 4413 suosque
550 4341 729 4396 dedit.
761 4341 1200 4414 Contentusque
1230 4343 1337 4400 hac
1370 4361 1538 4416 poena
1584 4346 1695 4401 fuit
1726 4347 1909 4419 impe-

265 4434 422 4484 rator
454 4432 519 4484 ut
545 4445 681 4484 cum
713 4429 990 4485 clericum
1018 4431 1234 4487 factum
1265 4432 1325 4488 in
1350 4432 1561 4489 Chium
1594 4435 1910 4507 relegaret;

257 4522 315 4574 et
345 4523 564 4573 Durum
596 4534 730 4575 eum
762 4520 1047 4591 expeditis
1077 4521 1418 4579 cohortibus
1456 4522 1635 4593 jussit
1658 4524 1717 4579 in
1750 4525 1913 4582 Occi-

260 4607 494 4665 dentem
526 4608 755 4665 reverti.

2011 1951 2299 2029 προφέρων
2356 1950 2447 2005 καὶ
2502 1949 2864 2026 γενναιότητι,
2930 1947 3175 2021 τοῦνομα
3231 1951 3657 2013 Κωνσταντῖνος,

2010 2041 2201 2117 Χάρων
2230 2041 2329 2109 τὴν
2362 2039 2753 2115 προσηγορίαν,
2802 2037 2931 2102 τοὺς
2983 2036 3189 2102 ἄλλους
3216 2036 3441 2093 κατόπιν
3476 2035 3659 2092 λιπὼν

2014 2140 2149 2212 μετὰ
2196 2138 2473 2199 συντονίας
2545 2136 2820 2212 ἐπήρχετο
2874 2139 2953 2208 τῷ
3008 2140 3197 2207 Φωκᾷ,
3252 2134 3467 2189 δπισθεν
3526 2132 3657 2207 οὐρ-

2012 2232 2230 2303 αγοῦντι
2263 2232 2368 2282 οῶν
2403 2227 2616 2295 ἑαυτοῦ,
2647 2226 2738 2281 καὶ
2784 2223 2850 2295 ἤν
2901 2246 2985 2287 τις
3009 2225 3137 2299 ἐπίῃ
3177 2222 3419 2294 δέξασθαι
3450 2221 3664 2297 προθύ-

2018 2339 2135 2391 μως
2185 2317 2694 2392 παρεσκευασμένῳ.
2763 2317 2972 2371 Τοῦτον
3046 2313 3326 2390 πόρῥωθιν
3386 2309 3520 2367 ἰδὼν
3567 2310 3664 2365 καὶ

2014 2406 2284 2483 γνωρίσας
2331 2408 2359 2460 ὁ
2417 2406 2609 2481 Χάρων
2670 2400 2884 2481 ὕϐρεσιν
2933 2404 3190 2476 ἀσέμνοις
3237 2401 3329 2457 καὶ
3368 2398 3665 2477 ἀπρεπέσιν

2014 2501 2265 2573 ἔϐαλλεν,
2298 2504 2483 2579 ἀγεννῆ
2535 2504 2624 2558 καὶ
2683 2500 2942 2577 ἄνανδρον
3000 2499 3315 2568 ἀποκαλῶν,
3364 2499 3452 2554 καὶ
3489 2518 3668 2573 προσ-

2017 2597 2190 2669 μένειν
2235 2592 2474 2649 κελεύων
2535 2592 2729 2667 μικρὸν
2785 2593 2923 2648 ὥστε
2952 2593 3017 2646 τά
3046 2592 3178 2666 γέρα
3206 2597 3305 2659 τῆς
3337 2587 3669 2648 ἀποστασίας

2015 2680 2218 2741 λαϐεῖν.
2252 2685 2311 2741 Ὀ
2345 2680 2401 2738 δὲ
2432 2688 2536 2737 τῶν
2589 2678 2794 2758 ὕϐρεων
2846 2680 3148 2749 ἐπακούων,
3192 2680 3281 2734 καὶ
3326 2678 3474 2740 ὅστις
3504 2678 3532 2732 6
3566 2674 3666 2731 λέ-

2012 2796 2123 2850 γων
2179 2775 2253 2846 μὴ
2311 2773 2603 2847 ἀγνοήσας,
2652 2770 2895 2846 ἐπισχών
2952 2770 3043 2825 τὸν
3101 2768 3329 2845 χαλινὸν
3388 2765 3476 2823 καὶ
3524 2766 3670 2841 πρὸς

2013 2864 2212 2919 ἐκεῖνον
2280 2860 2649 2939 ἐπιστραφεὶς,
2716 2883 2745 2916 α
2798 2857 2944 2915 Ἔδει
3002 2880 3082 2928 σε,
3114 2859 3159 2912 ὦ
3212 2858 3479 2931 ἅνθρωηε,
3520 2852 3653 2933 ἔφη,

2011 2962 2074 3018 τὸ
2105 2962 2450 3034 ἀστάθμητον
2506 2957 2867 3035 λογισάμενον
2926 2963 3025 3028 τῆς
3072 2960 3179 3011 τῶν
3226 2955 3523 3031 ἀνθρώπων
3566 2954 3666 3009 τύ-

2012 3071 2123 3127 χης
2161 3051 2237 3123 μὴ
2290 3046 2742 3122 προσονειδίζιιν,
2798 3044 2927 3120 μηδ’
2984 3040 3329 3119 ἐπεμϐαίνειν
3386 3044 3665 3118 ἀνθρώπῳ

2012 3144 2130 3203 ταῖς
2170 3138 2217 3213 ἐξ
2276 3139 2447 3208 αὐτῆς
2480 3136 2756 3212 ἐπῃρείαις
2793 3136 3215 3213 ἠναγκασμένῳ,
3267 3132 3395 3189 ἀλλ’
3452 3132 3664 3187 οἰκτεί-

1935 3244 1978 3313 C
2016 3251 2125 3306 ρειν
2162 3227 2374 3303 μᾶλλον
2431 3226 2520 3282 καὶ
2579 3225 2745 3282 ἐλεεῖν
2808 3226 2896 3281 τὸν
2950 3223 3318 3313 δυστυχοῦντά
3361 3244 3427 3297 με
3456 3223 3666 3313 πατέρα

2020 3320 2113 3394 μὲν
2162 3318 2440 3393 ἐσχηκότα
2486 3313 2931 3391 κουροπαλάτην,
2998 3313 3217 3369 πάππον
3278 3310 3334 3367 δὶ
3391 3309 3663 3388 Καίσαρα,

2013 3420 2154 3473 θεῖον
2217 3412 2465 3490 βασιλέα,
2523 3410 2690 3468 δοῦκα
2757 3415 2870 3487 (24)
2923 3409 2981 3466 δὲ
3031 3411 3123 3466 καὶ
3179 3410 3337 3465 αὑτὸν
3398 3408 3669 3485 γεγονότα

2013 3505 2101 3561 καὶ
2133 3509 2248 3565 τσῖς
2311 3503 2564 3577 ἀνωτέρω
2614 3500 3101 3577 συναριθμηθέντα,
3159 3499 3276 3554 νυνὶ
3325 3496 3382 3553 δὲ
3410 3496 3669 3573 ἐσχάτοις

2014 3598 2201 3655 κακοῖς
2263 3586 2713 3664 ὑποϐεϐλημένον
2770 3590 2860 3644 καὶ
2919 3591 3002 3664 [Ρ.
3036 3591 3162 3661 671]
3221 3587 3665 3663 ἀκληρήμασι.»

2013 3694 2117 3745 Τοῖ’)
2167 3688 2245 3758 δὲ,
2307 3714 2336 3742 ι(
2398 3688 2550 3743 Καλά
2604 3692 2791 3757 ταῦτα,
2855 3689 2899 3741 ὦ
2939 3686 3079 3754 κακὴ
3124 3683 3361 3763 κεφαλὴ,
3412 3684 3668 3758 λέγεσθαι

2014 3782 2151 3857 πρὸς
2180 3776 2375 3840 παῖδας
2432 3778 2559 3841 τοὺς
2616 3774 2944 3851 δυναμένους
2996 3776 3361 3845 ἀπατηθῆναι,
3393 3773 3665 3844 εἰπόντος,

2019 3868 2115 3943 ἐμὶ
2148 3866 2205 3924 δὶ
2234 3869 2299 3923 οὐ
2333 3867 2635 3943 φενακίσεις
2664 3872 2779 3928 τοῖς
2828 3864 3108 3928 τοιούτοις
3135 3886 3229 3919 σου
3262 3860 3595 3938 λογυδρίοις,
3633 3885 3665 3913 ››

2016 3970 2105 4026 καὶ
2160 3970 2250 4025 τὸν
2301 3968 2472 4023 ’ίππον
2532 3967 2910 4041 μυωπίζοντος
2958 3965 3049 4021 καὶ
3107 3964 3429 4041 θρασύτερον
3487 3983 3668 4037 προσ-

2022 4056 2216 4128 ιόντος,
2249 4056 2587 4131 σπασάμενος
2619 4058 2647 4112 6
2689 4060 2886 4120 Φωκᾶς
2936 4056 3034 4124 τὴν
3065 4052 3116 4108 ἐν
3147 4058 3217 4128 τῇ
3250 4050 3519 4131 ἱφεστρίδι
3552 4054 3669 4125 (25)

2016 4156 2461 4233 παρῃωρημένην
2510 4152 2746 4228 κορύνην
2807 4153 2898 4207 καὶ
2957 4152 3285 4212 ὕπαντιάσας
3338 4149 3485 4205 παίει
3545 4153 3673 4204 τοῦ-

2017 4267 2108 4301 τον
2170 4245 2305 4300 κατά
2358 4247 2455 4298 τοῦ
2510 4243 2763 4318 κράνους,
2818 4242 2905 4297 καὶ
2956 4239 3113 4296 αὐτὸν
3164 4240 3257 4313 μὶν
3318 4236 3669 4294 ἀποδείκνυσι

2019 4336 2206 4410 νεκρὸν
2250 4332 2575 4407 παραυτίκα,
2642 4328 2931 4405 ἐμποδίσαι
3018 4330 3096 4403 μὴ
3182 4326 3501 4398 δυνηθείσης
3554 4333 3660 4397 τῆς

2020 4425 2250 4500 κόρυθος
2276 4426 2345 4497 τῇ
2382 4422 2475 4497 βίᾳ
2528 4426 2629 4490 τῆς
2687 4418 2943 4493 πληγῆς,
2974 4417 3176 4480 ἐκεῖνος
3210 4414 3269 4472 δὶ
3324 4415 3673 4492 ἀποστρέψας

2019 4524 2113 4578 τὸν
2143 4518 2377 4597 ’χαλικὸν
2412 4514 2592 4595 εἴχετο
2622 4524 2722 4587 τῆς
2752 4515 2903 4573 ὀδοῦ.
2934 4516 3002 4574 Οἳ
3034 4513 3092 4570 δὲ
3118 4512 3405 4577 διώκοντες
3436 4514 3670 4570 κατόπιν

2022 4609 2449 4689 ἐρχόμενοι,καὶ
2511 4604 2634 4662 ἔνθα
2687 4607 2715 4660 ὁ
2764 4607 2955 4683 Χάρων
3000 4603 3275 4675 τεθνηκώς
3308 4600 3481 4659 ἔκειτο
3518 4603 3673 4679 γενό-

1444 4711 1817 4769 XYLANDRI
1857 4716 1950 4770 ET
1990 4712 2210 4770 GOARI
2251 4709 2486 4766 NOTAE.

328 4794 697 4874 (2i).Nob_ili_s
726 4799 816 4851 est
846 4795 904 4851 in
936 4794 1200 4851 historiis
1234 4796 1325 4874 his
1351 4800 1634 4874 Ducarum
1666 4801 1908 4857 familia.
1942 4806 1988 4870 1)
2022 4798 2286 4874 stragula
2326 4801 2507 4863 veste,
2564 4811 2682 4868 qua
2726 4809 2917 4874 equus
2979 4792 3358 4874 integeretur,
3406 4792 3670 4874 positum

257 4866 489 4944 Sedhic
520 4868 696 4944 ofﬁcii
731 4884 945 4944 nomen
977 4884 1105 4923 esse
1135 4884 1248 4923 non
1280 4870 1506 4944 dubito.
1537 4875 1739 4944 Neque
1755 4874 1911 4930 enim

258 4937 512 4993 arbitror
532 4940 765 4994 easdem
791 4940 971 4995 fuisse
989 4945 1279 4994 Ducarum
1310 4945 1367 4994 et
1395 4937 1719 5000 Phocarum
1744 4946 1911 5001 iami-

259 5008 611 5082 lias.Etcuqm
628 5011 921 5077 alibi,tum
939 5012 996 5065 in
1014 5011 1302 5082 principio
1329 5012 1531 5069 Basilii
1553 5016 1792 5071 Romani
1808 5017 1910 5072 ﬁlii

260 5080 519 5165 inve_nies
548 5080 697 5165 hanc
726 5098 925 5165 vocem
943 5080 1045 5165 pro
1073 5080 1221 5165 d_uce
1244 5085 1517 5165 positam.
1536 5086 1910 5165 Rursumque

258 5153 595 5227 praefectum
620 5153 1051 5227 Thessalonicae
1087 5153 1587 5227 Theophylactum
1636 5153 1908 5216 Botan'ia-

256 5220 372 5303 tem
404 5220 570 5303 δοζικα
601 5225 957 5303 v_ocat,_alia_s_
973 5222 1212 5303 ἄρχοντα
1238 5220 1296 5303 et
1323 5220 1624 5303 στρατηγόν
1657 5232 1911 5303 appella-

255 5300 399 5352 tum.
452 5297 545 5351 Sic
591 5301 648 5351 et
691 5296 1015 5352 Antiochiae
1047 5296 1121 5353 et
1154 5297 1349 5353 Iberiaa
1390 5296 1603 5364 ’δπύκας
1650 5296 1710 5357 in
1736 5296 1908 5358 'Con-

255 5367 497 5439 stantini
529 5367 727 5423 fratris
757 5368 1024 5439 imperio.
1058 5372 1210 5429 Θεῖος
1242 5375 1437 5427 autem
1469 5377 1527 5428 et
1557 5373 1651 5428 hic
1682 5378 1739 5429 et
1769 5375 1908 5430 alibi

258 5438 553 5509 signiﬁcat
585 5438 1046 5516 patrisfratrem
1076 5458 1092 5497 :
1125 5458 1259 5516 nam
1293 5442 1408 5516 Leo
1427 5444 1793 5516 curopalates
1815 5447 1909 5513 (de

258 5527 374 5589 qua
403 5526 539 5589 voce
571 5510 1196 5589 alibi.dictum)_fra_t_er
1224 5514 1334 5568 fuit
1364 5510 1675 5589 Nicephori
1708 5510 1905 5573 Phocea

260 5583 631 5662 imperatoris
665 5582 820 5662 ﬁlius
860 5583 1056 5638 Bardas
1088 5582 1691 5662 Phoca3,quem'pater
1720 5591 1904 5662 impe-

260 5654 420 5712 rator
450 5655 639 5711 factus
669 5654 954 5712 Caesarem
985 5662 1229 5713 crearat.
1260 5654 1407 5713 xu.

327 5727 443 5799 (25)
490 5726 771 5805 Ἐφιστρις
816 5728 913 5785 hic
958 5729 1218 5801 ponitur,
1277 5730 1431 5800 quod
1482 5734 1540 5787 et
1578 5748 1759 5804 supra
1802 5748 1905 5805 pro

2020 4866 2272 4927 videtur.
2322 4874 2438 4941 Ego
2460 4866 2597 4941 non
2643 4866 2893 4941 multam
2956 4866 3673 4941 proprietatemuistarum

2020 4883 2272 4927 Videtur.
2322 4883 2438 4941 h3g0
2478 4884 2596 4923 non
2643 4883 2893 4923 munem
2956 4883 3371 4993 procprietatem
3417 4883 3673 4920 istarum

2018 4942 2417 5020 vocumapud
2459 4939 2617 5020 hunc
2663 4938 3009 5020 scriptorem
3094 4936 3431 5020 e‘prehendi,
3466 4936 3676 5020 itaque

2019 5016 2163 5071 verti
2195 5008 2438 5069 liberius
2467 5012 2627 5066 talia.
2663 5008 2838 5067 Porro
2868 5010 3088 5066 circum
3122 5009 3245 5064 haec
3274 5008 3402 5064 loca
3432 5008 3669 5079 aliquo-

2018 5087 2129 5143 ties
2159 5102 2262 5158 per
2291 5084 2663 5141 Occidentem
2705 5079 2901 5210 C(polis
2948 5085 3006 5137 et
3053 5097 3184 5152 quae
3230 5081 3281 5134 ei
3332 5080 3390 5134 in
3441 5079 3679 5161 Europa

2019 5158 2213 5210 adhuc
2243 5158 2544 5210 suberant.
2582 5171 2686 5210 ner
2785 5153 3029 5209 rientem
3082 5154 3312 5207 Asiana:
3363 5167 3679 5210 nrovnnem

2019 5153 2213 5214 adhuc
2243 5158 2544 5221 suberant,
2582 5171 2686 5226 per
2734 5153 3029 5226 Orientem
3082 5154 3339 5226 Δικὶιιιιιιξ⁸
3363 5153 3680 5226 provincia

2020 5234 2161 5285 sunt
2189 5222 2603 5299 intelligendas,
2654 5242 2726 5281 ne
2775 5227 2911 5299 quia
2964 5224 3277 5299 imperitus
3320 5222 3544 5278 Italiam
3577 5223 3680 5280 hic

2020 5302 2296 5357 somniet.
2330 5294 2494 5366 Quod
2528 5302 2724 5354 autem
2782 5296 3088 5352 Theodora
3135 5294 3393 5350 Zimiscas
3444 5310 3612 5358 uxor,
3641 5312 3681 5351 a

2018 5373 2278 5428 Cedreno
2310 5371 2432 5426 filia
2461 5367 2826 5427 Constantini
2863 5368 3073 5424 Leonis
3104 5366 3206 5421 ﬁlii
3256 5370 3315 5421 et
3361 5382 3527 5421 soror
3556 5369 3680 5421 Ro-

2017 5445 2174 5499 mani
2208 5443 2364 5499 tertii
2413 5460 2446 5497 a
2474 5443 2683 5497 Nostro
2732 5440 2969 5509 dicitur,
3018 5438 3173 5494 idem
3222 5442 3310 5493 est
3355 5438 3470 5493 fere
3513 5439 3673 5508 apud

2017 5521 2322 5571 Zonaram.
2357 5514 2698 5581 Panvinius,
2726 5511 2871 5567 alios
2904 5515 3088 5582 (puto)
3120 5514 3386 5566 auctores
3409 5514 3674 5582 secutus,

2016 5587 2198 5641 ﬁliam
2234 5586 2481 5641 Romani
2510 5586 2544 5640 3
2573 5602 2641 5641 ex
2669 5581 3102 5656 TheOphanone
3150 5581 3461 5656 Anastasis
3509 5581 3673 5651 facit,

2016 5675 2273 5715 sororem
2307 5658 2533 5715 scilicet
2561 5656 2763 5714 Basilii
2792 5652 2847 5712 et
2870 5652 3240 5713 Constantini
3273 5654 3338 5709 10
3366 5655 3510 5709 Χνι..
