3966 6134
226 389 340 451 125
1361 386 1879 451 HISTORIARUR

2060 386 2497 449 MPENDIUM.
3523 390 3640 455 126

227 537 405 595 μενοι,
462 520 555 574 καὶ
609 523 690 591 τῷ
750 518 1108 591 ἀνυποστάτῳ
1162 521 1260 572 τοῦ
1303 519 1599 591 πτώματος
1648 514 2085 589 ἐκπληττόμενοι
2142 517 2335 581 πάντες
2379 514 2547 571 ⁹ίστων
2598 517 2695 586 τήν
2756 515 2963 589 δίωξιν,
3012 517 3246 591 μηδενὸς
3298 521 3629 595 τολμῶντος

224 610 558 686 προσωτέρω
608 608 762 665 ἰέναι.
794 608 894 664 Καὶ
944 607 1117 670 οὕτως
1167 604 1345 670 ἀδείας
1394 601 1698 680 λαϐόμενος
1724 606 1751 659 ὁ
1787 610 1984 667 Φωκᾶς
2017 606 2216 660 ἄνεισιν
2251 604 2326 668 είς
2360 607 2421 660 τὸ
2451 605 2732 683 φρούριον.
2765 609 3095 684 ΙΙαρεγὲνετο
3130 610 3263 683 μετὰ
3290 614 3459 666 ταῦτα
3485 612 3575 666 καὶ
3603 614 3632 667 ὁ

228 697 507 772 Σκληρὸς,
550 701 792 772 συνεχῶς
832 697 970 771 πρὸς
1012 695 1213 751 ἐκεῖνον
1254 694 1511 768 πέμπων,
1540 694 1629 749 καὶ
1674 690 1931 763 κήδεσθαι
1981 694 2097 765 μεθ’
2128 692 2304 769 ὅρκων
2349 695 2573 769 γράφων
2626 695 2702 757 ὡς
2731 693 2997 765 κηδεστοῦ
3026 696 3265 770 (νύμφην
3300 698 3404 774 γὰρ
3436 697 3524 753 ἐπὶ
3552 703 3633 770 τῷ

227 784 451 862 ἀδελφῷ
482 786 870 859 Κωνσταντίνῳ
900 788 1001 855 τήν
1032 784 1236 840 ἐκείνου
1269 786 1412 861 εἶχεν
1446 782 1684 861 ἀδελφὴν
1719 783 1968 860 Σοφίαν),
1992 783 2082 837 καὶ
2120 779 2509 857 συμϐουλεύων
2555 791 2954 860 προσχωρῆσαι
3010 790 3088 857 τῷ
3138 787 3352 861 βασιλεῖ
3403 787 3493 841 καὶ
3532 787 3631 856 τὴν

227 878 421 932 ἑαυτοῦ
454 875 541 930 διὰ
566 882 666 945 τῆς
699 872 1035 947 αὐτομολίας
1066 876 1398 947 συμπάθειαν
1440 872 1848 930 ἐπισπάσασθαι.
1878 874 2113 949 ’Όρκους
2146 872 2235 928 οὖν
2261 868 2441 928 λαϐὼν
2477 874 2552 935 ὡς
2583 871 2739 929 οὐδέν
2770 896 2821 928 τι
2852 874 3088 930 πείσεται
3122 876 3380 952 φλαῦρον,
3412 873 3640 951 παραδί-

229 963 395 1021 δωσιν
427 963 610 1020 ἑαυτὸν
640 969 718 1037 τῷ
754 962 991 1039 Σκληρῷ
1013 963 1105 1019 σὺν
1125 970 1241 1025 τοῖς
1272 968 1513 1017 συνοῦσιν
1546 962 1713 1035 αὐτῷ.
1742 965 1837 1020 “Ov
1876 959 2042 1034 μηδὲν
2077 961 2218 1017 ἄλλο
2248 963 2490 1026 παθόντα
2519 965 2707 1030 κακὸν,
2752 964 2911 1038 μόνον
2944 962 3000 1019 δὲ
3028 967 3316 1039 γενόμενον
3367 963 3633 1041 κληρικὸν

223 1056 281 1109 ἓν
311 1057 382 1127 τῇ
412 1056 561 1127 νήσῳ
592 1054 711 1126 Χίῳ
746 1053 1049 1130 ὑπερορίζει
1082 1053 1110 1108 ὁ
1147 1050 1421 1127 βασιλεύς.
1449 1053 1554 1109 Τὸν
1590 1049 1647 1106 δὲ
1680 1050 1933 1127 Σκληρὸν
1964 1049 2212 1120 εύζώνως
2248 1053 2382 1123 μετᾶ
2420 1056 2526 1107 τῶν
2572 1051 2789 1131 κούφων
2818 1052 3112 1129 ταγμάτων
3165 1050 3415 1125 διαϐῆναι
3465 1055 3633 1109 πάλιν

226 1142 440 1200 κελεύει
468 1145 603 1219 πρὸς
632 1146 731 1214 τὴν
757 1143 1042 1220 Ἑσπέραν.

300 1274 527 1345 ’Ἂγεται
579 1266 637 1323 δὶ
689 1269 866 1342 ἑαυτῷ
912 1272 1137 1344 γυναῖκα
1195 1268 1223 1322 ὁ
1280 1266 1536 1337 Ἰωάννης
1592 1264 1874 1342 Θεοδώραν

2062 1270 2345 1324 Praeterea
2398 1268 2720 1341 imperator
2771 1285 3010 1326 uxorem
3062 1270 3224 1326 ducit
3274 1270 3643 1327 Theodoram

225 1359 327 1427 τὴν
384 1355 624 1436 ἀδελφὴν
683 1358 988 1431 ⁸Ρωμανοῦ,
1017 1354 1280 1432 θυγατέρα
1335 1354 1393 1411 δὲ
1448 1353 1544 1411 τοῦ
1591 1358 1877 1432 Πορφυρο-

2060 1358 2239 1412 )mani
2270 1373 2554 1429 sororem,
2586 1357 2768 1415 filiam
2815 1359 3181 1414 Constantini
3237 1358 3641 1432 Porphyroge-

227 1449 496 1522 γεννήτου
528 1445 951 1501 Κωνσταντίνου’
985 1445 1075 1501 καὶ
1101 1444 1271 1520 ταύτῃ
1302 1448 1370 1519 τῇ
1399 1446 1589 1521 πράξει
1625 1443 1879 1519 μεγάλως

2060 1444 2118 1501 ti.
2150 1449 2283 1510 Quae
2315 1446 2534 1518 nuptiae
2566 1450 2846 1519 pergratas
2898 1448 3132 1503 fuerunt
3178 1448 3424 1515 civibus,
3481 1449 3639 1520 quod

229 1531 461 1612 εὖφρανε
514 1533 640 1596 τοὺς
695 1533 927 1597 πολίτας
986 1535 1060 1596 ὡς
1118 1533 1182 1588 τὸ
1236 1535 1336 1601 τῆς
1378 1531 1653 1608 βασιλείας
1681 1533 1877 1607 κράτος

228 1621 648 1702 περιφυλάττων
681 1628 758 1695 τῷ
787 1623 953 1699 γένει.

303 1714 547 1790 Δευτέρῳ
579 1711 635 1768 δὶ
676 1707 781 1767 ἔτει
827 1718 929 1782 τῆς
981 1709 1257 1788 βασιλείας
1306 1713 1471 1766 αὐτοῦ
1527 1710 1745 1783 μὲλλων
1793 1709 1879 1766 ἐκ·

230 1803 541 1877 στρατεύειν
581 1803 717 1857 κατά
758 1806 864 1856 τῶν
898 1801 1033 1864 Ῥὼς
1081 1800 1147 1857 τά
1186 1822 1243 1856 τε
1290 1800 1666 1878 στρατεύματα
1721 1800 1879 1879 φιλο-

226 1892 445 1964 τιμίαις
473 1886 833 1964 ἀνελάμϐανε,
864 1890 956 1946 καὶ
998 1890 1333 1967 στρατηγοὺς
1384 1889 1571 1967 ἐφίστα
1621 1889 1708 1945 ἐπὶ
1754 1911 1880 1944 συνο

230 1981 341 2035 ἐσει
388 1978 478 2034 καὶ
525 1978 782 2054 ἐμπειρίᾳ
829 1980 1297 2054 στρατηγημάτων
1349 1974 1741 2054 βεϐοημένους,
1792 1978 1881 2032 καὶ

224 2075 341 2125 τῶν
373 2067 559 2124 ἄλλων
584 2068 905 2143 ἐπεμελεῖτο
934 2069 1311 2142 παρασκευῶν,
1339 2066 1430 2122 ’ίνα
1465 2065 1697 2140 μηδενὸς
1746 2087 1881 2122 σπα-

227 2158 375 2226 νίζοι
418 2158 480 2214 τὸ
529 2159 854 2232 στράτευμα.
884 2157 1242 2231 Ἐπεμελήθη
1297 2154 1354 2212 δὶ
1399 2156 1490 2211 καὶ
1530 2160 1628 2211 τοΰ
1683 2154 1882 2212 στόλου

230 2246 323 2304 διὰ
355 2246 588 2310 Λίοντος
617 2250 713 2302 τοῦ
757 2247 894 2320 μετὰ
926 2251 1093 2301 ταῦτα
1136 2241 1659 2323 πρωτοϐεστιαρίου,
1687 2243 1882 2320 δρουγ·

1989 1550 2123 1589 eum
2156 1534 2472 1607 imperium
2504 1536 2601 1591 isti
2633 1536 2868 1593 familias
2901 1552 3244 1593 conservare
3297 1536 3445 1594 velle
3468 1537 3638 1610 judi-

1987 1626 2206 1678 carent.

2060 1712 2375 1767 Tzimisces
2407 1728 2559 1768 anno
2600 1714 2856 1771 secundo
2901 1714 3134 1787 imperii
3184 1715 3279 1771 sui
3318 1715 3377 1770 in
3419 1715 3638 1772 Rossos

1989 1800 2418 1872 expeditionem
2457 1807 2867 1875 suscepturus,
2917 1820 3051 1859 cum
3103 1804 3333 1861 animos
3382 1804 3639 1860 militum

1988 1888 2339 1945 liberalitate
2370 1908 2478 1947 sua
2508 1892 2826 1963 refecisset,
2861 1893 3039 1949 duces
3070 1893 3143 1951 iis
3175 1894 3430 1965 prafecit
3484 1895 3639 1950 393

1989 1979 2301 2050 prudentia
2320 1983 2376 2036 et
2397 1981 2609 2037 artium
2626 1980 3135 2054 imperatoriarum
3162 1983 3370 2057 peritia
3391 1982 3640 2052 nobiles;

1989 2073 2046 2124 et
2074 2068 2317 2140 reliquis
2347 2071 2626 2127 omnibus
2655 2072 3008 2143 apparandis
3037 2089 3165 2129 eam
3220 2071 3509 2145 impendit
3538 2089 3639 2128 cu-

1990 2173 2139 2226 ram,
2168 2174 2241 2213 ne
2270 2159 2409 2229 quid
2433 2175 2627 2215 rerum
2669 2161 3134 2217 necessariarum
3181 2161 3533 2218 exercitibus
3565 2162 3640 2218 de

1991 2249 2164 2302 esset.
2196 2245 2457 2303 Classem
2488 2264 2722 2320 quoque
2750 2250 2977 2305 curavit
3024 2266 3200 2322 opera
3246 2251 3454 2306 Leonis
3509 2250 3640 2320 ejus

226 2336 427 2413 γαρίου
492 2337 618 2393 τότε
686 2340 796 2391 τῶν
879 2335 1153 2411 πλωίμων
1218 2337 1607 2411 τυγχάνοντος,
1668 2338 1736 2390 τὰ
1790 2336 1879 2409 μὲν

2060 2334 2095 2389 ιί
2128 2339 2267 2389 tunc
2299 2335 2379 2391 rei
2411 2336 2631 2392 navalis
2661 2337 3041 2409 drungarius,
3074 2343 3276 2410 postea
3306 2343 3397 2394 est
3437 2343 3638 2410 proto-

230 2425 449 2482 παλαιὰ
477 2425 850 2494 ἐπισκευάσας,
876 2427 1270 2487 κατασκευάσας
1311 2424 1368 2480 δὲ
1412 2426 1502 2480 καὶ
1545 2423 1689 2480 ἄλλα
1728 2426 1879 2480 καινᾶ

2064 2423 2302 2481 stiarius
2330 2424 2519 2480 factus
2546 2442 2561 2491 ;
2586 2429 2642 2481 et
2670 2442 2803 2481 cum
2826 2431 3050 2482 veteres
3076 2443 3250 2483 naves
3283 2427 3483 2483 refecit
3512 2431 3639 2483 tum

228 2515 321 2571 καὶ
398 2514 593 2570 στόλον
663 2514 952 2590 ἀξιόλογον
1032 2516 1529 2587 καταστησάμενος.
1602 2514 1753 2568 Ἐπεὶ
1830 2512 1879 2568 δὲ

2060 2530 2174 2569 was
2204 2512 2524 2569 fabricatus
2555 2520 2662 2580 est,
2697 2518 2753 2569 et
2782 2516 3034 2571 classem
3059 2515 3285 2586 justam
3336 2515 3643 2572 constituit

230 2606 412 2660 πάντα
449 2608 634 2666 καλῶς
688 2605 832 2678 εἶχεν
867 2605 1016 2676 αὐτῷ
1062 2603 1219 2678 ἔαρος
1268 2602 1601 2670 ἐπιστάντος,
1647 2607 1727 2674 τῷ
1772 2608 1879 2674 Θεῷ

2060 2602 2280 2657 nnibus
2312 2604 2491 2672 probe
2520 2604 2839 2674 adornatis,
2873 2604 3111 2659 ineunte
3138 2620 3271 2660 vere
3312 2604 3493 2661 sacris
3525 2604 3641 2660 Deo

226 2693 294 2749 τὰ
358 2692 599 2766 ἐξιτήρια
656 2691 817 2755 θύσας
870 2692 957 2746 καὶ
1012 2692 1402 2764 συνταξάμενος
1458 2697 1574 2753 τοῖς
1628 2690 1879 2755 πολίταις

2060 2706 2095 2744 o
2127 2688 2278 2744 felici
2308 2689 2461 2744 exitu
2493 2694 2790 2761 operatus,
2822 2695 2880 2745 et
2910 2690 3129 2746 relictis
3162 2692 3232 2748 ad
3275 2692 3426 2747 cives
3469 2708 3638 2747 man-
3728 2734 3731 2738 ι

228 2778 395 2855 ἔξεισι
442 2784 542 2846 τῆς
598 2779 901 2857 βασιλίδος.
961 2782 1245 2854 Τενομένῳ
1294 2778 1338 2835 δ’
1389 2781 1537 2854 αύτῷ
1591 2781 1728 2836 κατὰ
1778 2783 1879 2851 τήν

2060 2780 2165 2847 .tis,
2197 2778 2521 2849 Cpolihexit.
2556 2778 2703 2833 Cum
2733 2780 2805 2834 ad
2838 2781 3165 2837 Raedestum
3195 2780 3472 2847 venisset,
3520 2781 3639 2836 duo

223 2869 535 2927 Ῥαιδεστὸν
592 2868 687 2925 δύο
747 2874 1040 2924 συναντῶσι
1100 2865 1421 2945 πρεσϐευταὶ
1472 2875 1577 2926 τῶν
1634 2875 1879 2943 Σκυθῶν,

223 2967 303 3033 τῷ
337 2960 518 3015 δοκεῖν
554 2960 648 3032 μὶν
681 2953 971 3035 πρεσϐείαν
1013 2959 1485 3034 ἀποπληροῦντες,
1517 2953 1658 3035 ἔργῳ
1706 2956 1764 3014 δὶ
1815 2960 1883 3013 τὰ

221 3047 514 3122 Ῥωμαίων
589 3046 840 3109 ἐλθόντες
909 3051 1317 3117 κατασκοπῆσαι
1391 3048 1716 3123 πράγματα·
1791 3045 1882 3110 οὓς

229 3135 597 3207 ὀνειδίζοντας
623 3138 713 3192 καὶ
770 3134 928 3191 ἄδικα
976 3136 1209 3212 πάσχειν
1257 3132 1667 3209 ἐπιϐοωμένους
1712 3156 1882 3211 προσ-

218 3226 403 3297 έταξεν
448 3226 477 3280 ὁ
525 3223 779 3302 βασιλεὺς
848 3222 1156 3299 περιελθεῖν
1220 3225 1357 3280 ἅπαν
1416 3226 1479 3280 τὸ
1520 3223 1879 3299 στρατόπεδον

219 3316 311 3371 καὶ
343 3313 586 3391 θεωροὺς
614 3314 858 3391 γενέσθαι
904 3317 1013 3369 τῶν
1056 3314 1260 3385 τάξεων
1302 3311 1450 3387 (οὐδὲ
1497 3315 1600 3389 γὰρ
1646 3314 1884 3389 ἠγνόησε

218 3407 322 3473 τῆς
380 3403 606 3481 ἀφίξεως
653 3404 753 3471 τὴν
806 3401 1032 3476 αΐτίαν).
1085 3404 1168 3476 [Ρ.
1213 3404 1339 3476 6⁸72]
1387 3399 1770 3478 περιελθόντας
1828 3399 1885 3457 δὶ

223 3494 315 3548 καὶ
388 3493 560 3548 πάντα
638 3493 1157 3561 κατασκοπήσαντας
1232 3490 1667 3547 ἀπαλλάττεσθαι
1745 3512 1883 3568 παρ-

226 3580 534 3655 εκελεύετο,
565 3581 656 3636 καὶ
709 3584 790 3653 τῷ
848 3585 995 3658 σφῶν
1058 3582 1349 3656 ἡγουμένῳ
1404 3580 1581 3656 λέγειν
1641 3582 1715 3643 ὡς
1751 3582 1886 3654 μετὰ

221 3670 493 3741 τοιαύτης
531 3669 824 3742 εὐκοσμίας
868 3670 958 3724 καὶ
1009 3668 1295 3736 πειθηνίου
1339 3667 1475 3724 λαοῦ
1524 3670 1551 3723 ὀ
1596 3669 1882 3742 Ῥωμαίων

227 3758 505 3837 βασιλεὺς
558 3757 776 3834 ἔρχεται
809 3756 1184 3833 ὡχυρωμὲνος
1215 3757 1552 3831 πολεμήσων
1584 3758 1750 3831 αύτῷ.
1780 3759 1881 3815 Καὶ

219 3850 351 3914 τοὺς
391 3848 488 3922 μὲν
526 3842 856 3923 πρεσϐευτὰς
918 3849 1276 3924 ὑπο-χωρῆσαι
1333 3848 1624 3919 πεποίηκεν
1685 3848 1880 3917 οὕτως,

217 3938 390 4001 αὐτὸς
425 3935 481 3993 δὶ
510 3937 733 3992 κατόπιν
786 3935 1053 4006 εὐζώνους
1100 3932 1307 4004 λαϐὼν,
1338 3935 1535 4003 πεζοὺς
1590 3937 1682 4009 μὶν
1736 3937 1875 4015 ἀμφὶ

1988 2868 2071 2924 illi
2087 2872 2444 2925 occurrunta
2468 2868 2703 2942 Scythis
2717 2869 2885 2926 missi
2907 2869 3336 2943 sublegationis
3357 2873 3638 2943 praetextu

1989 2959 2355 3031 exploratum
2386 2976 2478 3015 res
2503 2960 2813 3016 Romanas.
2843 2960 2998 3024 Quos
3028 2960 3467 3032 expostulantes
3492 2964 3551 3015 et
3571 2961 3642 3015 de

1990 3048 2226 3121 injuriis
2263 3048 2509 3121 Scythiaa
2561 3049 2719 3121 genti
2770 3050 2907 3105 facti
2957 3055 3291 3121 querentes,
3340 3066 3474 3105 cum
3524 3065 3640 3105 non

1991 3138 2287 3209 ignoraret
2315 3153 2552 3192 causam
2583 3153 2785 3193 eorum
2816 3138 3125 3205 adventus,
3168 3154 3273 3210 per
3302 3142 3425 3194 tota
3453 3137 3648 3193 castra

1991 3226 2259 3296 circuire,
2306 3229 2363 3281 et
2422 3241 2627 3281 omnes
2701 3226 2936 3282 ordines
3003 3226 3408 3298 contemplari,
3460 3242 3645 3297 eoque

1992 3316 2142 3371 facto
2173 3314 2416 3369 domum
2446 3312 2658 3380 redire,
2690 3330 2917 3385 suoque
2964 3314 3216 3387 principi
3263 3315 3454 3370 dicere
3478 3314 3647 3385 jubet

1992 3407 2317 3462 Romanum
2348 3406 2432 3461 sic
2461 3409 2666 3461 ornato
2697 3408 2753 3460 et
2779 3405 2951 3463 dictis
3003 3405 3358 3475 obsequente
3388 3404 3642 3461 exercitu

1992 3495 2065 3550 ad
2115 3493 2334 3549 bellum
2377 3497 2579 3549 contra
2625 3494 2821 3565 ipsum
2884 3495 3204 3566 gerendum
3253 3493 3469 3550 venire.
3518 3493 3642 3550 Hoc

1993 3585 2168 3639 modo
2200 3582 2462 3639 dimissis
2492 3582 2982 3654 exploratoribus,
3017 3583 3143 3655 ipse
3173 3600 3307 3639 cum
3356 3582 3643 3655 expeditis

1993 3673 2222 3729 circiter
2239 3673 2381 3727 5000
2405 3672 2700 3744 peditibus
2713 3676 2768 3727 et
2789 3677 3043 3745 quatuor
3063 3672 3328 3745 equitum
3352 3671 3644 3739 millibus,

1994 3762 2270 3816 mandato
2297 3760 2538 3832 reliquis
2570 3765 2635 3815 ut
2664 3761 2809 3817 duce
2851 3761 3062 3817 Basilio
3112 3760 3470 3817 cubiculario
3501 3762 3647 3817 citra

1992 3849 2424 3906 festinationem
2474 3849 3000 3921 subsequerentur,
3052 3854 3326 3922 superato
3376 3852 3538 3906 [Εωο
3583 3852 3644 3906 in

1992 3938 2286 3994 hosticum
2324 3938 2557 3993 nemine
2589 3942 2963 4009 exspectante
3014 3938 3311 4009 irrumpit,
3365 3944 3419 3994 et
3465 3956 3646 4011 prope

212 4030 313 4091 τὰς
366 3998 530 4083 πέντε
580 3998 1084 4102 χιλιάδαςψὶππεῖς
1144 4023 1202 4080 δὶ
1254 3998 1332 4089 είς
1371 3998 1874 4101 τετρακισχιλίους,

2060 4029 2190 4083 hem
2226 4044 2498 4100 magnam
2533 3998 3062 4088 Persthlabammbi
3089 3998 3249 4099 regia
3278 3998 3404 4083 erat
3424 3998 3643 4100 Bulga-

214 4119 277 4173 τὸ
311 4115 373 4173 δὲ
405 4115 600 4172 λοιπὸν
630 4116 766 4169 ἅπαν
799 4112 1013 4184 πλῆθος
1045 4113 1325 4190 σχολαίως
1356 4111 1582 4179 ἕπεσθαι
1618 4112 1878 4178 κελεύσας

218 4206 360 4278 μετὰ
390 4202 680 4260 Βασιλείου
710 4207 808 4258 τοῦ
840 4204 1366 4277 παρακοιμωμὲνου,
1397 4203 1488 4258 τὸν
1540 4205 1714 4277 Αἶμον
1760 4201 1875 4258 δια-

213 4290 314 4356 ϐὰς
347 4293 665 4367 ἀπρόοπτος
695 4292 770 4355 εἷς
796 4294 896 4363 τὴν
926 4289 1200 4365 πολεμίαν
1249 4286 1506 4347 διαϐαίνει
1556 4292 1646 4347 καὶ
1686 4287 1878 4347 ἐσϐάλ-

213 4382 323 4452 λει,
358 4381 455 4437 καὶ
485 4380 641 4458 ἐγγὺς
667 4388 768 4450 τῆς
795 4379 1012 4443 πόλεως
1050 4386 1150 4450 τῆς
1207 4378 1450 4455 μεγάλης
1497 4377 1872 4456 Περσθλάϐας,

210 4470 341 4541 ἥτις
374 4473 499 4545 εἶχε
525 4471 593 4524 τὰ
618 4473 725 4524 τῶν
757 4468 1095 4544 Βουλγάρων
1134 4467 1404 4543 βασίλεια,
1432 4469 1535 4537 τὴν
1580 4488 1874 4543 στρατοπε-

210 4558 361 4616 δείαν
393 4558 648 4630 ἐπήξατο.
683 4561 860 4615 Τοῦτο
911 4554 1196 4636 αἰφνιδίως
1244 4556 1537 4632 γενόμενον
1588 4556 1716 4620 τοὺς
1778 4560 1871 4630 μὲν

211 4649 435 4712 Σκύθας
461 4648 539 4710 είς
568 4643 812 4702 ἔκστασιν
838 4646 928 4701 καί
979 4646 1290 4721 ἀμηχανίαν
1346 4640 1587 4717 ἐνέϐαλε,
1620 4644 1872 4702 Κάλόκυ-

209 4759 307 4815 ρος
340 4736 401 4793 δὶ
434 4737 461 4792 ὁ
485 4740 595 4792 τῶν
629 4735 912 4809 παρόντων
943 4739 1122 4790 κακῶν
1158 4733 1515 4809 πρωτουργός
1545 4754 1605 4788 τε
1652 4734 1739 4789 καὶ
1793 4734 1873 4789 αἶ’-

204 4848 353 4895 τιος,
391 4824 535 4899 μηδὲ
560 4827 661 4894 τήν
691 4831 793 4894 τῆς
816 4822 1123 4899 σάλπιγγος
1155 4825 1304 4900 ἠχὴν
1338 4822 1691 4886 ἐνωτίσασθαι
1738 4843 1868 4898 καρ-

202 4918 449 4990 τερήσας
500 4909 684 4990 (ἔτυχε
724 4914 825 4990 γὰρ
874 4912 963 4968 καὶ
1019 4914 1176 4975 οὗτος
1238 4912 1407 4968 ἐκεῖσε
1462 4906 1866 4988 ἐνδιατρίϐων),

203 5003 434 5079 ἐπείπερ
501 5000 697 5077 ᾔσθετο
762 5004 853 5058 τὸν
928 5000 1157 5077 βασιλέα
1229 5002 1624 5076 παραγενέσθαι
1704 5002 1865 5056 αὐτὸν

201 5092 510 5168 αὐτουργὸν
563 5090 820 5165 ἐσόμενον
867 5088 965 5146 τοῖ’)
1012 5088 1286 5163 πολέμου,
1320 5089 1495 5166 λάθρα
1538 5094 1636 5145 τοῦ
1682 5091 1869 5152 ἄστεος

205 5178 449 5243 ὑπεκδὺς
484 5181 622 5255 πρὸς
650 5181 750 5249 τὴν
779 5174 1140 5255 παρεμϐολὴν
1163 5176 1547 5254 ἀποδιδράσκει
1577 5183 1684 5234 τῶν
1709 5180 1863 5243 Ῥώς.

196 5273 298 5329 ’ον
336 5269 545 5332 ἰδόντες
595 5270 765 5343 οὗτοι,
806 5270 892 5324 καὶ
943 5270 1041 5338 τὴν
1091 5269 1187 5323 τοῦ
1236 5266 1504 5343 βασιλέως
1558 5268 1865 5341 πυθὸμενοι

1986 4121 2409 4183 rerum,castra
2439 4115 2716 4188 ponit.Ea
2749 4116 2948 4172 subita
2980 4133 3073 4172 res
3102 4116 3332 4189 Scythis
3356 4120 3639 4173 terrorem

1986 4210 2410 4276 stuporemque
2440 4206 2595 4261 394
2626 4205 2914 4274 incussit;
2947 4210 3006 4262 et
3037 4205 3351 4278 Calocyrus
3384 4222 3642 4278 praesen-

1983 4295 2132 4350 tium
2165 4293 2452 4350 malorum
2486 4294 2815 4366 auctor,qui
2853 4300 2975 4351 tum
3009 4311 3078 4350 ea
3109 4295 3166 4350 in
3200 4296 3341 4351 urbe
3372 4295 3639 4368 degebat,

1985 4399 2058 4438 ne
2117 4383 2376 4438 sonitum
2448 4383 2682 4453 quidem
2758 4383 2913 4439 tubae
2977 4382 3252 4440 exaudire
3316 4384 3642 4455 sustinens,

1984 4472 2215 4543 cognito
2244 4471 2441 4543 ipsum
2470 4471 2884 4543 imperatorem
2918 4473 2988 4529 ad
3017 4490 3139 4529 rem
3189 4473 3505 4545 gerendam
3533 4473 3639 4529 ad-

1982 4577 2132 4630 esse,
2185 4560 2386 4616 furtim
2434 4561 2579 4617 urbe
2648 4563 2884 4635 elapsus
2946 4562 3003 4617 in
3074 4567 3266 4619 castra
3314 4563 3637 4618 Rossorum

1978 4650 2158 4706 venit.
2192 4650 2268 4705 Eo
2300 4650 2424 4706 viso
2471 4651 2694 4718 Rossis,
2745 4656 2802 4707 et
2833 4654 2904 4707 de
2959 4652 3211 4707 adventu
3265 4652 3637 4722 imperatoris

1981 4738 2255 4795 certiores
2284 4740 2713 4811 redditis,haud
2740 4741 3052 4797 mediocris
3075 4740 3281 4796 incidit
3302 4737 3633 4809 trepidatio.

1979 4829 2201 4883 Tamen
2245 4828 2756 4899 Sphendosthlabo
2808 4829 3013 4885 multis
3058 4845 3155 4884 eos
3209 4828 3531 4895 cohortato,
3580 4830 3637 4885 et

1978 4932 2101 4987 quae
2134 4932 2393 4987 praesens
2424 4933 2619 4972 rerum
2653 4921 2843 4974 status
2889 4917 3222 4987 requirebat
3268 4915 3633 4987 concionato,

1979 5004 2197 5062 animis
2229 5006 2479 5077 receptis
2509 5007 2580 5062 ad
2616 5008 2818 5062 urbem
2851 5008 3141 5062 accedunt
3191 5010 3250 5062 et
3296 5008 3488 5062 castra
3518 5006 3638 5062 Ro-

1979 5111 2290 5150 manorum
2326 5095 2535 5151 castris
2567 5099 2893 5168 opponunt,
2928 5094 3168 5150 Interim
3199 5095 3489 5150 exercitus
3521 5094 3639 5150 im-

1978 5184 2263 5255 peratoris
2296 5183 2355 5239 in
2388 5183 2718 5255 planitiem,
2767 5200 2891 5255 qua:
2928 5189 3055 5238 erat
3106 5187 3240 5239 ante
3289 5183 3516 5252 urbem,
3545 5198 3639 5239 se-

1977 5275 2284 5327 cont'erens
2318 5271 2376 5326 in
2418 5272 2618 5328 hostes
2665 5270 2811 5326 nihil
2860 5288 3105 5344 prorsus
3155 5270 3272 5328 tale
3322 5276 3634 5344 sperantes

200 5360 410 5439 ἃφιξιν,
444 5358 497 5422 ἐς
526 5361 776 5434 ταραχὴν
807 5357 868 5413 οὐ
900 5357 1117 5432 μετρίαν
1161 5356 1469 5429 ἐνέπιπτον,
1503 5352 1869 5422 ἀναλαϐόντες

2060 5360 2176 5416 bito
2212 5359 2421 5415 incidit
2452 5378 2465 5416 :
2499 5360 2538 5414 ii
2570 5364 2735 5415 erant
2763 5362 2797 5415 8
2848 5360 3107 5416 virorum
3154 5360 3343 5416 millia
3372 5365 3428 5415 et
3457 5360 3637 5431 quin-

198 5448 246 5506 δ’
275 5449 439 5522 ὅμως
471 5447 721 5515 ἑαυτοὺς,
753 5451 851 5502 τοῦ
888 5442 1341 5524 Σφενδοσθλάϐου
1391 5444 1583 5501 πολλά
1633 5466 1878 5523 παραινε-

194 5539 330 5593 τικᾶ
385 5537 605 5613 ῥήματα
651 5538 739 5592 καὶ
785 5540 868 5609 τῷ
925 5539 1101 5611 καιρῷ
1165 5533 1659 5609 δημηγορήσαντος
1707 5536 1876 5610 πρόσ-

195 5647 371 5707 φορα,
435 5627 789 5706 ἀφικνοῦνται
848 5626 937 5681 καὶ
994 5621 1683 5701 -παραστρατοπεδεύονται
1758 5630 1877 5688 τοῖς

191 5715 523 5791 Ῥωμαίοις.
560 5714 710 5778 Tito:
763 5712 821 5771 δί
862 5716 924 5771 τὸ
973 5713 1130 5771 συνὸν
1169 5718 1247 5785 τῷ
1302 5711 1518 5791 βασιλεῖ
1566 5714 1875 5789 στράτευμα

1990 5449 2353 5520 genti,extra
2385 5449 2588 5503 urbem
2620 5448 2679 5503 in
2723 5449 2904 5505 armis
2951 5465 3079 5505 sese
3126 5454 3479 5505 exercentes.
3527 5449 3638 5513 Qui

1989 5553 2119 5591 cum
2135 5536 2568 5608 aliquantulum
2585 5537 3101 5606 restitissent,mox
3114 5538 3413 5610 defatigati
3436 5538 3636 5610 fugam

1986 5627 2267 5694 fecerunt,
2302 5629 2358 5681 et
2387 5626 2603 5698 partim
2636 5626 2944 5700 ingloriam
2971 5628 3341 5700 oppetierunt
3361 5631 3635 5695 mortem,

1986 5714 2204 5789 partim
2242 5714 2300 5773 in
2352 5715 2559 5774 urbem
2610 5720 2939 5776 evaserunt.
2988 5721 3141 5773 Dum
3186 5715 3309 5773 hanc
3350 5718 3639 5788 geruntur
