3922 6132
303 389 422 452 127
1638 394 1956 456 GEORGII
2003 397 2342 458 CEDRENI
3596 390 3715 453 128

302 525 527 598 Scythes
559 524 660 597 qui
689 524 846 582 intra
877 527 1094 582 maanfa
1123 527 1635 598 erant,sentientes
1669 528 1850 585 Roma

2139 529 2236 590 ςτὸ
2265 531 2371 605 πρὸ
2400 535 2500 600 τῆς
2546 527 2762 589 πόλεως
2817 522 3002 582 πεδίον
3053 523 3479 600 παραγενόμενοι
3536 521 3688 597 αίφνι

303 631 371 670 ex
399 615 718 686 improviso
751 615 992 671 irruisse
1023 621 1080 670 et
1121 633 1255 671 cum
1305 617 1430 673 suis
1474 633 1718 672 manum
1751 635 1852 673 con

2169 639 2208 680 ις
2268 616 2438 692 μηδὲν
2493 615 2837 694 προσδοκῶσι
2885 621 3003 677 τοῖς
3045 612 3337 688 πολεμίοις
3368 611 3718 687 ἐμπίπτουσι,

308 705 467 770 lisse,
523 706 718 760 subito
769 710 834 760 ut
885 705 1104 776 quique
1152 723 1324 762 casus
1379 723 1676 762 armorum
1741 707 1857 779 aliq

2168 704 2554 781 παλαμϐάνουσι
2588 705 2646 762 δὲ
2676 705 2776 777 ἔξω
2799 710 3000 780 τειχῶν
3027 705 3127 773 τήν
3171 702 3422 759 ἐνόπλιον
3473 699 3717 756 παιδείαν

306 794 585 848 offerebat
611 793 902 861 instructi,
935 795 1078 849 urbe
1105 811 1166 849 se
1197 795 1268 849 ad
1301 796 1608 851 ferendum
1641 795 1768 850 suis
1800 814 1855 851 a1

2172 798 2520 870 ιναζομὲνους
2552 793 2749 871 ἄνδρας
2811 795 2884 857 είς
2946 792 3394 868 ὀκτακισχιλίους
3447 791 3536 846 καὶ
3589 812 3721 845 πεν-

305 883 452 937 lium
485 883 842 950 effundunt;
890 883 1106 954 quibus
1158 885 1547 955 incomposito
1595 886 1846 940 venienti

2178 887 2364 948 οσίους
2422 885 2881 959 ἀριθμουμένους,
2943 881 3137 946 οἵτινες
3191 881 3277 936 ἐπὶ
3337 881 3538 955 χρόνον
3598 880 3722 933 τινὰ

306 973 540 1043 agmine
564 983 933 1030 occurrentes
955 975 1203 1030 Romani
1229 992 1504 1047 magnam
1538 978 1723 1032 edunt
1745 979 1855 1032 cad

2176 975 2444 1049 ισγόντες,
2507 976 2622 1029 εἶτα
2680 974 3141 1043 καταπονηθέντες
3205 968 3463 1048 ἔφευγον
3523 967 3610 1023 καὶ
3671 968 3722 1022 οἱ

306 1070 364 1117 et
403 1064 637 1118 barbari
670 1081 741 1119 ne
771 1064 1205 1136 aliquantulum
1238 1067 1476 1136 quidem
1502 1068 1651 1123 395
1691 1066 1855 1121 resisl

2207 1064 2414 1126 ἀκλεῶς
2451 1065 2806 1138 ἀνῃρέθησαν,
2841 1063 2893 1116 οἳ
2924 1059 2981 1115 δὲ
3025 1060 3102 1122 εἷς
3150 1060 3247 1128 τήν
3295 1057 3460 1112 πόλιν
3519 1054 3723 1111 διασώ-

306 1152 566 1208 valentes
614 1155 756 1208 dant
816 1157 998 1225 terga.
1067 1155 1178 1208 Sed
1245 1155 1384 1225 quia
1432 1157 1680 1210 Romani
1740 1173 1846 1225 equ

2173 1175 2276 1210 ται.
2308 1155 2391 1208 Ἐν
2427 1155 2471 1225 ᾦ
2505 1151 2561 1208 δὲ
2589 1157 2754 1208 ταῦτα
2786 1150 3100 1226 ἐπράττετο,
3125 1149 3175 1202 οἱ
3208 1142 3356 1201 ἔνδον
3418 1142 3567 1207 ὄντες
3621 1151 3722 1213 τῆς

309 1244 502 1298 citatis
533 1242 703 1313 equis
735 1243 888 1298 viam
921 1245 980 1297 in
1015 1246 1215 1298 urbem
1251 1244 1561 1300 ducentem
1614 1262 1858 1316 occupar

2173 1265 2292 1305 ιεως
2323 1244 2545 1315 Σκύθαι,
2578 1243 2676 1311 τὴν
2711 1241 3020 1315 ἀπρόοπτον
3079 1235 3355 1293 ἐπέλευσιν
3411 1233 3722 1307 αἰσθόμενοι

309 1337 486 1402 atque
517 1331 878 1400 insederant,
912 1333 1048 1404 fuga
1080 1349 1181 1404 per
1211 1350 1449 1404 campos
1482 1334 1750 1404 palantes
1793 1339 1858 1388 att

2171 1334 2501 1406 ’Ῥωμαίων
2553 1330 2643 1386 καί
2697 1332 2795 1400 τήν
2856 1330 2992 1406 πρὸς
3047 1327 3174 1389 τοὺς
3232 1325 3519 1404 σφετέρους
3581 1346 3720 1396 συμ-

308 1421 658 1492 deprehensi
692 1422 1059 1476 occiduntur.
1095 1423 1296 1493 Itaque
1327 1429 1383 1477 et
1427 1424 1814 1478 cadaveribus
1847 1427 1857 1476 1

2171 1425 2314 1495 Μὴν,
2345 1419 2567 1484 ἕκαστος
2622 1422 2697 1485 ὡς
2750 1422 2777 1474 ὁ
2833 1420 3022 1494 καιρὸς
3080 1415 3260 1472 ἐδίδου
3319 1416 3378 1469 τὸ
3409 1413 3720 1487 προστυχὸν

308 1509 586 1581 planities
616 1515 915 1566 constrata
947 1515 1037 1565 est
1067 1516 1123 1567 ct
1178 1511 1472 1567 innumeri
1507 1513 1680 1584 capti.
1714 1513 1846 1568 Proi

2174 1507 2446 1574 ιϐάνοντες
2494 1509 2665 1565 ὅπλον
2717 1509 2932 1583 ἐξῄεσαν
2984 1506 3060 1569 εἷς
3123 1507 3399 1581 βοήθειαν.
3433 1501 3539 1564 Οὓς
3599 1523 3723 1556 συν-

309 1599 683 1670 Sphagellus,
717 1601 887 1670 cujus
919 1606 1052 1672 post
1100 1600 1682 1672 Sphendosthlabum
1733 1619 1858 1659 sum

2179 1605 2336 1664 ῶντες
2393 1601 2444 1654 οἱ
2502 1604 2785 1673 Ῥωμαῖοι,
2845 1597 3171 1652 ἀσύντακτον
3245 1593 3333 1650 καὶ
3396 1591 3728 1665 διεσπασμᾶ-

308 1692 432 1744 erat
461 1688 614 1744 inter
641 1688 887 1760 Scythas
918 1690 1259 1759 auctoritas,
1291 1690 1703 1746 Persthlabani
1747 1708 1849 1746 exe

2204 1691 2303 1759 τὴν
2356 1688 2578 1764 πορείαν
2629 1692 2941 1756 ποιοῦντας,
2975 1683 3230 1743 ἔκτεινον.
3273 1683 3365 1738 Διὸ
3412 1679 3542 1756 μηδ’
3581 1680 3730 1736 ἀντι-

308 1781 409 1832 tus
441 1777 770 1848 prmfectus,
795 1778 922 1848 jam
958 1779 1029 1832 de
1059 1777 1190 1850 ipsa
1228 1779 1371 1833 urbe
1403 1779 1707 1835 retinenda
1756 1798 1857 1836 an]

2186 1787 2229 1836 iv
2282 1781 2370 1836 καὶ
2431 1781 2520 1836 ἰπὶ
2583 1782 2775 1856 μικρὸν
2829 1781 3029 1855 χρόνον
3083 1775 3399 1848 δυνηθέντες
3452 1774 3735 1829 κΛίνουσιν

308 1871 511 1938 portas
542 1865 767 1921 claudit
797 1883 862 1922 ac
911 1867 1174 1922 vectibus
1223 1867 1468 1937 objectis
1521 1870 1740 1939 munit,
1789 1875 1848 1925 et

2205 1873 2400 1948 φυγήν.
2453 1868 2891 1946 ΙῙροδραμόντων
2945 1865 3002 1922 δὲ
3039 1871 3147 1922 τῶν
3197 1864 3408 1922 ἱππίων
3456 1871 3557 1935 τῆς
3602 1865 3732 1977 1P0:-

311 1971 482 2010 muro
513 1955 707 2011 omnis
733 1956 970 2028 generis
999 1956 1323 2013 missilibus
1353 1974 1419 2013 ac
1453 1958 1610 2014 saxis
1647 1959 1860 2014 subeur

2182 1983 2254 2014 ων
2289 1959 2574 2035 φάλαγγος
2605 1961 2692 2014 καὶ
2729 1959 2825 2028 τήν
2859 1956 2912 2019 ἐς
2935 1958 3036 2026 τήν
3078 1955 3241 2012 πόλιν
3292 1953 3551 2032 φέρουσαν
3604 1951 3728 2008 ἐπι-

307 2045 601 2102 Romanos
666 2051 849 2105 arcet.
909 2048 1034 2102 Nox
1094 2048 1298 2104 oborta
1362 2048 1728 2105 obsidionem
1774 2049 1856 2106 sol

2180 2049 2456 2124 (ισάντων,
2513 2049 2607 2103 ἀνὰ
2657 2052 2719 2103 τὸ
2767 2044 2951 2103 πεδίον
2998 2042 3375 2118 ἐσκεδασμένοι
3436 2042 3729 2121 φεύγοντες

305 2134 590 2190 Postridie
624 2137 816 2207 prima
842 2136 969 2192 luce
1000 2153 1214 2208 praeses
1243 2137 1498 2193 Basilius
1552 2155 1686 2194 cum
1723 2139 1854 2194 relic

2234 2133 2783 2211 καταλαμϐανόμενοι
2859 2136 3180 2210 ἀνῃροῦντο,
3241 2134 3315 2197 ὡς
3392 2133 3598 2188 ἅπαντα
3664 2129 3733 2186 τὰ

305 2224 494 2296 copiis
529 2225 736 2295 adfuit,
793 2226 962 2296 cujus
1015 2227 1303 2282 adventus
1353 2243 1636 2299 magnum
1685 2228 1854 2299 gaudi

2182 2226 2267 2282 ιλὰ
2298 2225 2907 2304 πληρωθῆναινεκρῶν,
2943 2223 3179 2300 ζωγρίας
3239 2220 3298 2276 δὲ
3352 2219 3557 2277 ἁλῶναι
3606 2220 3731 2294 ἀρι-

307 2313 652 2384 imperatori
685 2314 920 2384 attulit;
954 2318 1010 2370 et
1031 2314 1240 2371 collem
1261 2316 1580 2386 quamdam
1606 2333 1856 2372 conscen

2184 2321 2223 2369 ιῦ
2253 2316 2548 2390 κρείττους.
2587 2313 2909 2393 Σφάγελλος
2944 2312 3000 2368 δὲ
3038 2315 3065 2369 ὁ
3101 2314 3280 2383 πάσης
3334 2317 3435 2380 τῆς
3493 2307 3546 2364 ἐν
3593 2315 3733 2384 Περ-

315 2406 382 2457 ut
413 2402 642 2474 Scythis
691 2407 846 2458 esset
893 2403 1269 2475 conspicuus.
1324 2404 1564 2458 Interim
1614 2405 1790 2476 copiae
1821 2405 1864 2459 ir

2191 2401 2295 2476 άϐᾳ
2352 2411 2603 2480 στρατιᾶς
2653 2405 3015 2480 ἐξηγούμενος
3047 2400 3313 2476 (ἐτάττετο
3373 2397 3430 2454 δὶ
3488 2396 3740 2473 δεύτερος

316 2506 378 2547 se
409 2493 735 2562 conjuncta:
770 2493 973 2547 urbem
1014 2493 1278 2564 cingunt.
1332 2493 1530 2549 Multis
1579 2494 1809 2549 hortato
1840 2496 1865 2550 l:

2190 2496 2220 2549 ἀ
2248 2496 2339 2550 τὸν
2374 2488 2827 2574 Σφενδοσθλάϐον
2861 2492 2911 2546 ἐν
2943 2491 3217 2563 Σκύθαις),
3249 2488 3338 2544 καὶ
3367 2486 3490 2563 περὶ
3537 2488 3737 2574 αὐτῆς,

316 2581 493 2636 baros
526 2581 880 2653 imperatore
916 2585 978 2636 ut
1007 2582 1078 2637 ab
1113 2583 1340 2653 incepto
1390 2583 1741 2638 desisterent
1787 2600 1865 2637 net

2191 2583 2353 2655 εἷ’κὸς,
2389 2573 2567 2645 δείσας
2595 2589 2695 2653 τῆς
2743 2579 2985 2650 πόλεως,
3016 2579 3110 2640 τὰς
3169 2577 3347 2642 πύλας
3401 2573 3740 2637 ἀποκλείσας

317 2671 431 2725 sibi
460 2670 604 2742 ipsis
635 2671 795 2726 exitii
827 2688 1006 2726 causa
1035 2677 1253 2734 essent,
1288 2688 1423 2726 cum
1456 2672 1603 2726 nihil
1662 2673 1866 2744 proﬁce

2227 2671 2467 2748 μοχλοῖς
2526 2668 3020 2749 ὲξασφαλισάμενος
3088 2665 3285 2722 ἄνεισιν
3359 2665 3432 2727 είς
3497 2665 3557 2718 τὸ
3622 2669 3739 2718 τεῖ-

316 2765 434 2829 tur,
467 2759 712 2814 Romani
736 2761 902 2830 justa
946 2760 1169 2816 incensi
1204 2761 1290 2814 ira
1339 2762 1837 2832 oppugnationem

2194 2805 2206 2829 ,
2250 2763 2332 2834 [P'
2365 2764 2492 2834 673]
2545 2761 2634 2815 καὶ
2683 2758 2962 2821 παντοίοις
3015 2755 3195 2833 βέλεσι
3245 2754 3334 2811 καὶ
3385 2753 3559 2819 λίθοις
3603 2753 3738 2815 τοὺς

317 2849 502 2919 gressi
535 2848 770 2919 sagittis
803 2865 1110 2903 murorum
1145 2849 1480 2905 defensores
1509 2849 1866 2922 abigunt,sca

2189 2849 2334 2911 ivra;
2367 2851 2672 2923 Ῥωμαίους
2725 2848 2988 2921 ἠμύνετο.
3022 2845 3127 2916 Νὺξ
3191 2846 3283 2918 μὶν
3345 2841 3434 2898 οὖν
3490 2843 3738 2919 ἐπιγενο-

320 2937 506 2992 muris
535 2943 877 3008 opponunt;
914 2942 970 2992 et
994 2937 1232 3007 quidam
1256 2938 1561 2993 animosus
1584 2938 1751 2994 miles
1773 2940 1869 2994 de):

2192 2962 2221 3010 η
2283 2936 2497 2994 διέλυσε
2552 2940 2652 3007 τὴν
2711 2935 3059 3017 πολιορκίαν,
3089 2933 3252 2990 ἕωθεν
3303 2931 3361 2988 δὲ
3409 2934 3436 2987 ὁ
3466 2929 3741 3007 πρόεδρος

315 3025 574 3096 gladium
611 3029 838 3093 tenens,
869 3024 1127 3096 laevaque
1159 3030 1392 3082 scutum
1427 3027 1497 3082 ad
1530 3028 1740 3098 capitis
1774 3028 1864 3082 del

2188 3026 2370 3090 ιίλειος
2399 3027 2635 3102 ἀνεφάνη
2699 3027 2833 3099 μετᾶ
2891 3029 2986 3080 τοῦ
3043 3025 3269 3080 κατόπιν
3324 3023 3525 3083 παντὸς
3583 3019 3737 3092 πλή-

315 3114 543 3168 sionem
595 3113 812 3169 elatum
882 3117 1145 3185 gestans,
1198 3115 1425 3186 primus
1494 3132 1598 3187 per
1642 3117 1860 3172 scalam

2192 3139 2229 3180 ς·
2262 3116 2412 3172 καὶὸ
2478 3114 2732 3192 βασιλεὺς
2790 3119 2859 3188 τῇ
2917 3113 3112 3169 τούτου
3163 3111 3369 3168 ἰλεύσει
3426 3110 3741 3186 περιχαρὴς

316 3219 552 3258 murum
595 3203 806 3272 evadit,
852 3208 1018 3258 scuto
1065 3203 1217 3259 ictus
1250 3204 1538 3260 amoliens
1591 3211 1648 3261 et
1698 3223 1835 3263 ense

2190 3208 2374 3280 εμενος
2409 3202 2603 3260 ἄνεισιν
2664 3204 2749 3258 ἰπί
2799 3225 2947 3265 τινος
3006 3200 3315 3277 γεωλόφου,
3347 3200 3422 3263 ὡς
3476 3197 3560 3270 εἴη
3617 3203 3739 3260 τοῖς

314 3297 539 3348 stantes
563 3308 789 3362 arcens,
811 3293 1008 3363 itaque
1023 3310 1125 3364 per
1150 3293 1594 3365 propugnacula
1624 3297 1863 3352 ascende

2189 3279 2318 3358 ὶθαις
2378 3295 2714 3370 καταφανὴς,
2762 3291 2830 3346 τὰ
2888 3290 2946 3346 δὲ
2994 3289 3181 3361 πλήθη
3230 3290 3284 3352 ἐς
3332 3288 3494 3344 ταυτὸ
3544 3286 3738 3342 συνελ-

311 3380 613 3452 dissipatis
645 3382 746 3453 qui
778 3381 859 3437 ibi
890 3387 1056 3437 erant
1086 3381 1378 3448 hostibus,
1429 3385 1555 3439 suis
1589 3389 1783 3439 tutum
1814 3402 1860 3439 m

2189 3406 2245 3438 τα
2277 3383 2538 3439 ἐκύκλουν
2565 3383 2664 3451 τὴν
2697 3379 2882 3438 πόλιν.
2914 3382 3002 3444 Ὣς
3043 3378 3101 3435 δὶ
3125 3377 3310 3434 πολλὰ
3332 3375 3427 3433 τοῦ
3464 3375 3738 3453 βασιλέως

313 3469 747 3525 conscendendi
781 3469 973 3524 locum
1019 3471 1171 3525 396
1203 3471 1440 3540 praebet.
1493 3476 1660 3526 Hunc
1710 3473 1806 3528 alii
1840 3491 1862 3544 ι

2192 3472 2524 3534 ακαλοῦντος
2579 3469 2823 3526 ἐνδοῦναι
2877 3473 2974 3540 τῆς
3033 3470 3328 3529 ἔνο-τάσεως
3385 3468 3471 3522 καὶ
3527 3467 3603 3539 μὴ
3637 3462 3739 3541 ἄρ-

313 3557 461 3613 alios
513 3559 844 3624 imitantur,
910 3575 1164 3629 cumque
1226 3558 1335 3614 hoc
1405 3562 1576 3615 modo
1639 3562 1862 3632 complu

2218 3559 2586 3634 ἀπολωλέναι,
2621 3561 2719 3614 οὐκ
2755 3559 3032 3614 ἐπείθοντο
3058 3556 3297 3613 κατιέναι
3341 3560 3438 3612 τοῦ
3487 3555 3738 3630 τείχους,

314 3663 552 3701 murum
576 3649 703 3717 jam
736 3651 1024 3714 tenerent,
1058 3663 1240 3702 cuneo
1269 3649 1418 3704 facto
1442 3648 1688 3719 Scythas
1723 3649 1863 3716 pellt

2192 3656 2259 3705 οὔ
2311 3648 2521 3705 δικαίου
2576 3649 2907 3718 πλησθέντες
2955 3649 3008 3702 o't
3052 3649 3315 3719 Ῥωμαῖοι
3371 3644 3588 3720 εἷ’χοντο
3635 3651 3741 3712 τῆς

313 3735 473 3807 iique
505 3752 566 3790 se
597 3736 668 3790 de
699 3735 886 3791 muris
917 3741 1100 3807 agunt
1130 3737 1473 3808 praecipites.
1527 3737 1673 3793 Aliis
1744 3756 1854 3809 quo

2201 3740 2430 3814 ιορκίας,
2452 3740 2635 3809 τόξοις
2664 3759 2721 3793 τε
2751 3737 2880 3799 τοὺς
2914 3738 3108 3792 ἄνωθεν
3161 3734 3430 3810 εἷ’ργοντες
3474 3734 3561 3788 καὶ
3612 3732 3739 3788 κλί-

314 3824 563 3880 diversis
615 3823 762 3879 locis
813 3824 981 3878 multi
1031 3824 1251 3896 priores
1301 3825 1517 3881 imitati
1558 3844 1660 3897 per
1691 3829 1863 3884 scala:

2192 3851 2259 3892 ,ας
2286 3831 2403 3890 τοῖς
2438 3829 2643 3903 τείχεσι
2685 3824 3146 3903 προσερείδοντες.
3180 3823 3287 3880 Καί
3333 3846 3416 3887 τις
3465 3822 3741 3896 στρατιώ-

318 3930 553 3968 murum
579 3913 1000 3969 succedunt.Et
1023 3915 1254 3986 Scythis
1276 3916 1708 3986 trepidantibus
1733 3919 1867 3988 quid

2227 3915 2504 3992 γεννάδας,
2541 3918 2690 3995 ξίφος
2737 3920 2804 3989 τῇ
2849 3913 2993 3986 δεξιᾷ
3039 3915 3282 3990 κατέχων
3339 3913 3428 3967 καὶ
3483 3915 3552 3985 τῇ
3607 3909 3745 3982 λαιᾷ

316 4001 562 4056 Romani
597 4002 764 4057 hoste
795 4019 909 4057 non
951 4003 1452 4058 animadvertente
1479 4005 1550 4060 ad
1585 4011 1784 4076 portas
1817 4024 1865 4061 n1

2195 4010 2284 4061 ιθεν
2338 4013 2437 4075 τῆς
2494 4004 2739 4081 κεφαλῆς
2804 4006 2902 4073 τήν
2983 4000 3179 4057 ἀσπίδα
3255 3996 3744 4077 προϐεϐλημενος,

317 4090 548 4161 negotio
583 4091 1149 4163 perveniunt,iisque
1174 4093 1394 4164 apertis
1426 4098 1612 4148 totum
1649 4095 1866 4150 immitt

2196 4117 2303 4157 ›τος
2357 4093 2446 4149 διὰ
2502 4101 2627 4167 μιᾶς
2686 4099 2792 4148 τῶν
2825 4091 3112 4166 κλιμάκων
3146 4090 3616 4167 ἀναῤῥιχώμενος,
3650 4087 3745 4143 καὶ

320 4178 661 4234 exercitum.
723 4184 844 4235 Hoc
912 4181 1084 4237 modo
1157 4182 1301 4236 urbe
1378 4187 1566 4254 capta,
1626 4184 1846 4256 Scythae

2200 4186 2291 4258 μὲν
2329 4181 2513 4238 ἀσπίδι
2545 4184 2639 4245 τὰς
2675 4181 2844 4258 βολὰς
2875 4180 3338 4257 ἀποκρουόμενος,
3370 4183 3449 4250 τῶ
3488 4176 3546 4232 δὶ
3600 4177 3748 4254 ξίφει

300 4266 631 4339 angiporta
680 4268 1056 4340 diﬁ‘ugientes
1121 4271 1472 4341 deprehensi
1536 4272 1849 4328 interimun

2197 4297 2214 4336 :
2273 4273 2526 4334 ἐπιόντας
2584 4271 2672 4327 καὶ
2749 4270 3064 4332 κωλύοντας
3137 4270 3506 4342 ἀμυνόμενος,
3570 4265 3746 4321 ἄνεισι

323 4356 602 4411 mulieres
631 4361 688 4411 et
719 4357 883 4428 pueri
915 4357 1128 4430 captivi
1157 4360 1473 4416 ducuntur.
1502 4363 1739 4434 Capitur
1769 4367 1872 4418 etc

2236 4367 2342 4417 τῶν
2413 4359 2710 4433 ἐπάλξεων,
2769 4359 2862 4415 καῗ
2927 4358 3057 4422 τοὺς
3123 4357 3294 4413 ἐκεῖσε
3370 4358 3480 4429 (26)
3539 4355 3750 4418 πάντας

323 4445 574 4517 conjuge
607 4451 664 4500 et
695 4446 897 4503 liberis
947 4448 1179 4504 Borises
1213 4450 1594 4521 Bulgarorum
1647 4468 1768 4522 rex,
1815 4470 1872 4507 re

2195 4449 2444 4513 τκεδάσας
2493 4448 2671 4505 ἄδειαν
2728 4446 2924 4505 ἀνόδου
2976 4453 3095 4510 τοῖς
3145 4447 3372 4502 κατόπιν
3408 4443 3744 4520 παρεσχετο·

325 4533 581 4604 insignia
618 4534 808 4590 adhuc
839 4541 1098 4607 gestans,
1133 4541 1191 4592 et
1221 4537 1292 4592 ad
1343 4539 1756 4609 imperatorem
1789 4542 1874 4595 adt

2204 4538 2582 4613 μιμησάμενος
2642 4537 2814 4602 ἄλλος
2862 4537 2951 4593 καὶ
3012 4535 3077 4591 αὖ
3151 4533 3322 4599 ἄλλος
3374 4535 3460 4589 καὶ
3533 4530 3753 4588 πολλοὶ

324 4623 495 4677 citur.
532 4624 633 4677 Cui
661 4639 724 4679 se
751 4623 1070 4696 imperator
1101 4625 1420 4681 admodum
1473 4627 1738 4682 exhibuit
1769 4628 1873 4683 hur

2204 4651 2263 4684 ποι
2295 4628 2557 4698 ἀνῆλθον.
2591 4628 2694 4684 Καὶ
2736 4629 3111 4699 συνασπισμοῦ
3157 4622 3452 4700 γενομὲνου
3499 4623 3552 4676 οἱ
3602 4621 3753 4676 Σκύ-

324 4729 489 4780 num,
547 4729 743 4784 regem
822 4713 1209 4785 Bulgarorum
1272 4715 1594 4787 appellans,
1663 4734 1873 4774 omnes

2221 4717 2644 4793 κατισχυόμενοι
2689 4714 2912 4778 ἑαυτοὺς
2938 4714 3044 4770 ἀπὸ
3075 4719 3184 4770 τῶν
3215 4716 3418 4788 τειχῶν
3473 4713 3752 4787 κατεκρή-

322 4801 582 4872 captivos
617 4801 901 4874 Bulgaros
932 4803 1111 4858 libere
1143 4820 1256 4874 quo
1289 4805 1538 4876 quisque
1587 4805 1749 4862 abire
1809 4824 1871 4863 ve

2205 4812 2308 4877 ζον.
2341 4806 2555 4864 Πολλοὶ
2598 4803 2654 4861 δὲ
2682 4806 2773 4861 καὶ
2803 4806 3067 4878 Ῥωμαῖοι
3100 4803 3236 4858 κατὰ
3267 4799 3437 4872 ζῆλον
3470 4803 3578 4854 τῶν
3605 4819 3754 4875 προ-

1516 4923 1884 4980 XYLANDRI
1925 4926 2012 4981 ET
2048 4927 2261 4982 GOARI
2300 4927 2532 4982 NOTAE.

402 5016 515 5092 (26)
538 5017 853 5092 Librarius
891 5019 977 5092 in_
1009 5018 1272 5089 margine
1321 5020 1440 5092 haec
1497 5023 1770 5092 ascripsit
1804 5040 1816 5078 :
1850 5029 1984 5092 Θᾳυο
2091 5025 2320 5081 videtur
2348 5027 2452 5077 τῶν
2488 5020 2785 5077 ἀδυνάτων.
2831 5019 3197 5078 Nerissimile
3237 5023 3326 5075 est
3372 5019 3524 5090 quod
3560 5023 3753 5092 zona-

334 5088 671 5180 μιὲζωᾳεῗπεργ
693 5087 792 5176 οὐκ
820 5090 885 5157 ἦν
917 5089 1042 5174 τότ-ε
1083 5087 1210 5176 τοῖς,
1252 5087 1551 5180 βαρᾷάροις
1603 5087 1732 5166 δόρυ
1791 5109 1883 5180 στιΙ

2206 5116 2217 5152 ι
2251 5098 2496 5152 innuere
2527 5100 2931 5180 apparet,eum
2958 5093 3083 5180 loco
3115 5087 3755 5180 aliquodefensoribus

331 5155 447 5232 ρὸν,
483 5155 552 5212 δι’
611 5155 673 5235 ού
725 5155 1124 5235 τὸνντοιοῦτον
1183 5155 1260 5216 ἄν’
1303 5155 1580 5218 ἐκώλυσαν
1635 5155 1734 5234 τῆς
1785 5165 1879 5220 ἀνα

2208 5186 2272 5224 uo
2322 5155 2907 5233 murumutenuisse,
2959 5155 3229 5235 itemque-
3262 5163 3446 5230 alios;
3497 5162 3633 5235 inde
3691 5161 3757 5235 in

329 5232 677 5312 caw;._0uod
711 5233 939 5312 videtur
967 5251 1032 5289 eo
1067 5235 1373 5312 pertinere,
1425 5238 1564 5312 quia
1613 5232 1752 5312 sane
1783 5239 1981 5296 dilutas
2092 5254 2560 5312 propugnatores
2590 5239 2738 5312 facto
2761 5232 3086 5309 impetu,iis
3119 5232 3474 5312 proﬂigatis,
3498 5233 3761 5312 reliquis

329 5308 470 5358 sunt
498 5302 588 5385 bas
621 5304 1023 5385 narrationes;
1060 5302 1115 5360 et
1143 5310 1309 5385 tanta
1331 5302 1590 5364 facinora
1636 5310 1980 5385 diligentius
2092 5302 2446 5385 ascendendi
2481 5302 3137 5385 facultatemparasse.‘
3159 5302 3530 5385 Non—multo
3569 5302 3765 5361 artiﬁ-

328 5376 945 5454 Pelfﬁil'cumstantias
967 5378 1353 5454 describenda
1384 5385 1542 5448 sunt,
1598 5398 1668 5436 ne
1701 5376 1983 5454 ﬁgmenta
2092 5386 2283 5439 ciosor
2313 5388 2401 5438 est
2431 5383 2582 5454 infra
2613 5382 2671 5454 in
2703 5376 2919 5436 Basilio
2951 5381 3020 5435 de
3051 5379 3246 5454 Ibatza
3283 5381 3576 5454 excaecata
3607 5393 3762 5454 nar-

331 5447 870 5529 potiusyideantur
898 5449 1233 5529 et‘ineptiae.
1270 5457 1408 5529 Nam
1443 5447 1586 5521 quin
1622 5447 1773 5529 saepe
1804 5457 1980 5511 unius
2092 5455 2262 5529 ratio,
2298 5454 2396 5508 ubi
2428 5453 2879 5529 t_anti__facinoris
2911 5455 3112 5529 auctor
3141 5449 3330 5529 hostis
3370 5449 3562 5529 potuit
3593 5448 3762 5504 mul-

331 5518 587 5573 hominis
621 5519 806 5574 virtus
846 5524 1045 5575 contra
1081 5518 1312 5577 'multos
1354 5518 1551 5580 hostes
1591 5518 1878 5582 subsistat
1915 5543 1980 5582 ac
2089 5526 2402 5581 titudinem
2437 5523 2709 5580 hostilem
2742 5528 3029 5579 armatam
3053 5526 3111 5577 et
3158 5518 3501 5578 frementem
3529 5536 3762 5577 manus

328 5589 633 5666 vindicat.,
667 5608 782 5646 non
814 5597 904 5666 est
935 5592 1182 5666 dubium
1215 5593 1492 5666 historica
1522 5596 1777 5653 ﬁde.Sed
1795 5615 1980 5654 unum
2091 5604 2254 5653 motu
2288 5598 2492 5653 sedare
2521 5602 2578 5652 et
2608 5596 2869 5653 oratione
2895 5594 3264 5663 demitigare,
3297 5606 3528 5666 quaene
3561 5592 3764 5666 magi-

332 5661 590 5743 aliquem
623 5678 690 5743 eo
719 5665 892 5743 modo
924 5681 1037 5736 quo
1068 5664 1163 5720 hic
1194 5665 1557 5743 scribiturin
1591 5686 1979 5743 murumreva-
2091 5671 2346 5743 stratum
2404 5668 2644 5743 quidem
2699 5667 2879 5726 semel
2955 5661 3259 5723 'concitata'
3313 5661 3515 5722 audire
3569 5661 3761 5723 solét.

331 5733 489 5802 dere,
522 5733 727 5793 multis
757 5733 1012 5808 desuper
1042 5737 1288 5795 armatis
1318 5737 1590 5797 hostibus
1617 5742 1977 5812 videntibus,
2088 5742 2236 5808 Χγι,
