3922 6132
244 301 328 360 129
1307 290 1855 355 HISTORIARUM
1900 291 2452 357 COMPENDIUM.
3476 299 3596 360 I30

237 432 369 507 τέρων
394 426 474 483 καὶ
520 425 567 481 ἐν
616 422 909 504 διαφόροις
952 425 1142 488 τόποις
1173 422 1261 480 διὰ
1283 421 1573 497 κλιμάκων
1610 418 1786 479 ἆνέϐαι

2047 426 2310 499 mittens,
2338 445 2455 484 non
2500 428 2571 484 ad
2605 427 2967 501 subigendos
3018 430 3119 486 sed
3150 431 3222 487 ad
3256 431 3593 490 liberandos

239 541 309 574 νον
346 517 410 580 εἰς
459 516 514 570 τὸ
561 520 768 590 τεῖχος.
823 514 927 572 Καὶ
977 518 1082 569 τῶν
1134 518 1356 578 Σκυθῶν
1413 507 1788 589 θορυϐουμένιι

2050 532 2223 589 garos
2255 517 2473 573 bellum
2507 534 2569 575 se
2601 519 2854 576 movisse
2889 520 3112 587 dicens,
3144 521 3418 595 solosque
3451 523 3593 578 Ros-

236 608 391 672 ἔλαθόν
442 626 569 669 τινες
608 604 855 680 ἀμογητὶ
901 603 1039 679 πρὸς
1084 604 1180 666 τὰς
1232 603 1409 665 πύλας
1480 601 1677 676 ἐλθεῖν,
1737 625 1785 658 κι

1480 601 1677 676 ἐλθεῖν,
1737 604 1824 658 καὶ
1941 623 2037 663 sos
2063 622 2125 662 se
2156 605 2416 663 hostium
2448 608 2663 663 habere
2695 625 2961 665 numero.

233 697 392 756 ταύτας
439 694 851 757 ἀναπετάσαντες
901 691 1116 769 εἰσῆγον
1145 692 1207 748 τὸ
1234 694 1557 769 στράτευμα.
1595 691 1693 747 Καὶ
1746 693 1946 747 τοῦτον
1993 695 2084 749 τὸν
2134 694 2335 767 τρόπον
2393 702 2492 765 τῆς
2550 693 2769 757 πόλεως
2829 694 3072 766 ἁλούσης
3131 698 3183 752 οἱ
3247 699 3339 770 μὲν
3396 699 3594 755 Σκύθαι

236 784 443 846 ἀνὰτοὺς
486 782 788 847 στενωποὺς
835 782 1123 860 φεύγοντες
1178 783 1269 837 καὶ
1325 776 1881 855 καταλαμϐανόμενοι
1941 783 2261 858 ἀνῃροῦντο,
2321 790 2571 859 γυναῖκες
2629 783 2686 840 δὲ
2734 786 2823 839 καὶ
2874 783 3063 841 παιδία
3109 786 3591 863 ᾑχμαλωτίζοντο.

234 875 383 932 Ἑάλω
423 871 474 929 δὲ
514 873 603 928 καὶ
651 872 887 946 Βορίσης
918 873 945 927 ὁ
980 871 1233 947 βασιλεὺς
1263 876 1370 925 τῶν
1421 869 1752 947 Βουλγάρων
1812 872 1925 945 ἅμα
1979 872 2194 949 γυναικὶ
2252 874 2341 928 καὶ
2398 874 2631 945 τέκνοις,
2677 872 2757 929 ἓτι
2807 875 2874 929 τὰ
2922 876 3222 951 παράσημα
3272 878 3451 954 φέρων
3497 880 3595 946 τῆς

238 963 483 1040 βασιλείας,
538 963 625 1017 καὶ
687 962 763 1024 εἰς
822 960 1047 1037 βασιλέα
1104 962 1355 1037 ἀπήχθη.
1416 960 1608 1033 Τούτῳ
1669 958 1724 1015 δὲ
1777 962 1804 1017 ὁ
1868 960 2121 1036 βασιλεὺς
2180 960 2584 1041 φιλανθρώπως
2659 965 2953 1040 έχρήσατο,
3017 964 3177 1020 αὐτόν
3252 986 3311 1021 τε
3370 967 3597 1041 βασιλέα

238 1050 511 1128 Βουλγάρων
562 1048 880 1123 ἀποκαλῶν,
936 1049 1024 1104 καὶ
1086 1050 1288 1111 πάντας
1344 1048 1470 1111 τοὺς
1531 1046 1928 1122 ἁλισκομένους
2004 1048 2352 1128 Βουλγάρους
2424 1052 2646 1114 ἀνέτους
2720 1052 2896 1130 ἀφιεὶς
2953 1052 3044 1107 καὶ
3115 1052 3429 1127 ἐλευθέρους
3486 1053 3595 1125 ὅπη

234 1142 305 1196 καὶ
355 1139 626 1215 βούλοιντο
682 1140 916 1208 ἀπιέναι,
976 1138 1075 1193 οὐκ
1130 1137 1218 1193 ἐπὶ
1270 1136 1495 1210 δουλείᾳ
1547 1137 1763 1217 φάσκων
1823 1138 2166 1215 Βουλγάρων,
2227 1139 2354 1196 ἀλλ’
2405 1140 2491 1196 ἐπ’
2536 1140 2815 1218 ἐλευθερίᾳ
2866 1139 3079 1215 μᾶλλον
3140 1142 3595 1217 ἁφίξεσθαι,“Ρὼς

236 1229 279 1285 δὲ
304 1230 472 1301 μόνους
501 1229 782 1304 γινώσκειν
816 1227 1044 1304 ἐχθροὺς
1069 1227 1159 1283 καὶ
1189 1225 1407 1289 τούτοις
1439 1234 1679 1303 χρῆσθαι
1707 1228 1781 1290 ὡς
1812 1231 2132 1303 πολεμίοις.

288 1319 343 1377 Οἱ
368 1315 419 1373 δὶ
442 1322 547 1373 τῶν
582 1318 801 1372 Σκυθῶν
854 1316 1211 1393 γενναιότεροι
1260 1315 1533 1392 ὀχύρωμα
1571 1338 1621 1370 τι
1653 1337 1834 1372 κατει-

2049 1320 2258 1377 nterim
2288 1321 2640 1393 Scytharum
2692 1321 3077 1379 animosiores
3126 1322 3199 1378 ad
3249 1326 3377 1379 octo
3411 1322 3598 1380 millia

232 1406 427 1484 ληφότες
455 1405 604 1467 ἐντὸς
651 1410 761 1461 τῶν
808 1408 908 1470 τῆς
954 1405 1168 1467 πόλεως
1219 1404 1535 1481 βασιλείων,
1581 1405 1781 1461 ὀκτακιι

2048 1425 2140 1464 um
2174 1410 2231 1464 in
2265 1410 2426 1482 regia
2454 1412 2750 1467 munitum
2778 1416 3087 1482 occupant,
3112 1412 3310 1483 ibique
3331 1412 3597 1484 aliquan-

234 1493 378 1572 χίλιοι
402 1495 489 1550 τὸν
536 1494 790 1571 ἀριθμὸν,
830 1493 919 1549 ἐπί
964 1514 1085 1549 τινα
1130 1494 1333 1569 χρόνον
1385 1492 1696 1563 ἐλάνθανον,
1744 1516 1783 1549 κε

2078 1498 2283 1564 latent,
2316 1515 2381 1554 ac
2430 1500 2650 1555 multos
2700 1500 2802 1571 qui
2851 1500 2963 1556 loci
3013 1500 3449 1573 contemplandi
3496 1506 3598 1557 aut

231 1582 437 1647 πολλοὺς
460 1589 567 1639 τῶν
612 1585 730 1648 καθ’
783 1583 1023 1658 ἱστορίαν
1076 1583 1247 1638 ἐκεῖσε
1296 1583 1603 1658 γενομένων
1645 1584 1681 1653 ἢ
1714 1604 1778 1638 σκ

2049 1587 2270 1644 Iliorum
2319 1605 2499 1645 causa
2544 1605 2611 1645 eo
2656 1591 3015 1658 accederent,
3067 1590 3293 1646 occulte
3331 1595 3598 1663 arreptos

234 1674 325 1730 λων
384 1674 626 1749 ἁρπαγὴν
702 1673 1029 1751 ἆσυμφανῶς
1103 1676 1426 1748 κρατοῦντες
1501 1671 1779 1727 ἀπέκτεινο

2053 1676 2330 1733 ινθοίυιιι.
2367 1678 2693 1749 Imperator
2714 1693 2775 1734 re
2803 1678 3039 1750 cognita
3058 1678 3379 1733 exercitum
3401 1679 3602 1735 adver-

232 1765 291 1822 05
317 1763 634 1840 γνωσθέντος
663 1767 743 1837 τῷ
779 1762 995 1838 βασιλεῖ
1041 1765 1264 1839 στρατὸς
1311 1762 1396 1818 ἐπ’
1427 1763 1622 1828 αὐτοὺς
1653 1763 1781 1819 ἐστέι

2079 1781 2179 1821 eos
2220 1765 2425 1821 mittit.
2472 1767 2581 1831 Qui
2623 1782 2757 1821 cum
2789 1767 2987 1823 animo
3021 1766 3327 1839 langueret
3357 1768 3506 1823 397
3543 1770 3602 1824 et

233 1854 333 1909 λετο
373 1852 689 1929 ἀξιόμαχος.
734 1853 1015 1928 Ὀκνηρῶς
1068 1850 1126 1906 δὲ
1174 1853 1322 1927 εἶχον
1369 1852 1422 1907 οἱ
1465 1851 1782 1925 πεμπόμενο

2049 1854 2437 1924 mgnationem
2471 1859 2698 1911 tentare
2746 1872 2861 1911 non
2893 1856 3157 1923 auderet,
3189 1873 3305 1912 non
3336 1856 3598 1913 hostium

228 1945 297 1999 καὶ
360 1950 452 2013 τῆς
520 1941 851 2016 πολιορκίας
929 1939 1172 1997 ἱδειλίων
1246 1941 1660 2016 ἀποπειρᾶσθαι,
1741 1962 1777 1996 οι

2050 1948 2218 2014 netu,
2251 1945 2351 1999 sed
2384 1944 2538 2015 quod
2570 1943 2736 2000 locus
2765 1944 2817 1999 is
2848 1945 3114 2001 munitus
3145 1949 3322 2018 atque
3352 1945 3599 2018 inexpu-

229 2030 383 2100 ίπειδὴ
430 2031 554 2094 τοὺς
614 2032 747 2093 Ῥὼς
804 2025 1119 2107 ἐφοϐοῦντο,
1178 2028 1306 2086 ἀλλ’
1362 2029 1550 2100 ἐπειδὴ
1603 2032 1631 2085 ὁ
1668 2030 1776 2085 τόπ

2049 2032 2200 2088 ibitis
2230 2033 2558 2100 videbatur,
2592 2034 2915 2105 imperator
2943 2032 3112 2089 facile
3142 2034 3469 2090 remedium
3493 2035 3598 2092 ad-

228 2122 392 2197 ὀχυρὸς
435 2123 501 2191 ἦν
552 2120 648 2176 καὶ
696 2118 1002 2181 ἀνάλωτος.
1052 2123 1133 2194 [Ρ.
1181 2122 1310 2193 674]
1355 2120 1451 2174 Καὶ
1503 2124 1663 2175 τοῦτο
1710 2118 1767 2174 δὲ

2053 2121 2160 2183 uit.
2191 2122 2317 2193 ipse
2347 2122 2603 2194 sumptis
2633 2124 2814 2178 armis
2864 2122 3092 2194 primus
3123 2124 3385 2179 omnium
3422 2123 3597 2195 pedes

230 2209 441 2286 βασιλεὺς
489 2209 735 2286 εὐχερῶς
812 2206 1121 2280 διελύσατο,
1180 2209 1247 2263 τὰ
1304 2208 1453 2263 ὅπλα
1510 2207 1692 2264 λαὸὼν
1745 2230 1778 2263 κ

2051 2210 2218 2267 illum
2249 2212 2442 2266 locum
2473 2212 2854 2267 contendens.
2882 2213 2942 2267 Id
2976 2212 3133 2267 enim
3165 2229 3303 2267 cum
3334 2212 3600 2270 viderent

222 2299 355 2368 πεζὸς
379 2298 680 2374 ἔμπροσθεν
730 2303 839 2354 τῶν
892 2296 1076 2353 ἄλλων
1124 2298 1625 2372 προπορευόμενος·
1672 2301 1769 2351 τοῦ

2048 2300 2183 2367 .ites,
2216 2301 2524 2356 confertim
2556 2318 2720 2357 arma
2748 2302 3005 2373 rapiunt,
3034 2306 3091 2356 et
3120 2303 3314 2373 quivis
3346 2302 3597 2375 impera-

220 2390 299 2465 γὰρ
327 2388 515 2452 ἰδόντες
549 2392 607 2444 οἱ
657 2394 981 2464 στρατιῶται
1034 2388 1223 2462 ἀθρόοι
1273 2388 1339 2441 τὰ
1386 2386 1533 2442 ὅπλα
1574 2383 1769 2442 λαϐόνιι

2048 2404 2131 2443 em
2164 2394 2501 2461 praevertere
2525 2391 2825 2461 cupientes
2845 2390 3077 2446 sublato
3100 2390 3357 2446 clamore
3382 2392 3597 2447 Rossos

221 2475 361 2550 ἔθεον,
408 2476 629 2540 ἕκαστος
675 2479 769 2533 τὸν
828 2476 1053 2553 βασιλέα
1106 2472 1405 2551 προλαϐεῖν
1466 2476 1770 2550 έπειγόμενι

2047 2494 2279 2546 iugnare
2291 2480 2736 2550 aggrediuntur.
2755 2479 3085 2535 Fortiteriis
3099 2480 3596 2551 oppugnationem

222 2569 294 2623 καὶ
322 2569 440 2641 μετὰ
474 2570 612 2643 βοῆς
640 2568 731 2623 καὶ
763 2565 1092 2641 ἀλαλαγμοῦ
1134 2571 1213 2639 τῷ
1262 2566 1506 2642 φρουρίῳ
1549 2561 1771 2642 προσϐάῖ

2048 2567 2353 2634 arentibus,
2369 2568 2572 2624 multis
2593 2568 2736 2624 locis
2759 2570 2955 2640 ignem
2985 2569 3373 2637 succendunt,
3398 2568 3597 2640 itaque

224 2657 398 2713 λουσινο
426 2658 713 2730 Ἐκθύμως
746 2654 805 2712 δὲ
832 2661 938 2711 τῶν
982 2657 1120 2717 Ῥὼς
1173 2655 1553 2727 ὑπομενόντων
1602 2656 1702 2724 τὴν
1734 2676 1773 2710 π

2073 2661 2428 2727 expugnant.
2457 2657 2603 2711 Nam
2636 2657 2750 2712 vim
2784 2657 2940 2729 ignis
2970 2673 3084 2712 non
3117 2658 3368 2713 ferentes
3399 2657 3593 2727 Rossi,

223 2746 452 2822 λιορκίαν,
480 2751 593 2823 πῦρ
628 2746 706 2809 εἰς
735 2743 925 2801 πολλὰ
970 2747 1108 2821 μέρη
1164 2744 1483 2822 ὑφάψαντες,
1520 2743 1664 2799 οὕτω
1709 2765 1771 2799 το

2049 2761 2134 2813 [ue
2156 2744 2554 2801 Romanorum
2578 2746 2772 2801 robori
2789 2762 2981 2818 pares,
3001 2761 3104 2818 per
3129 2744 3449 2819 praecipitia
3470 2763 3598 2804 sese

224 2836 603 2909 ἀνθισταμένους
682 2833 1148 2909 κατηγωνίσαντοο
1236 2835 1312 2908 μὴ
1389 2834 1667 2908 στέγοντες
1734 2856 1773 2908 γι

2047 2832 2284 2889 icientes
2332 2834 2583 2906 quisque
2633 2836 2949 2907 aufugiunt
2984 2853 2997 2891 :
3031 2836 3204 2891 multi
3236 2851 3439 2892 eorum
3472 2836 3596 2908 igni

220 2926 298 2993 τὴν
338 2930 423 2981 τοῦ
472 2925 651 2999 πυρὸς
701 2921 931 2996 δύναμιν
978 2922 1068 2978 καὶ
1126 2924 1227 2993 τὴν
1279 2924 1591 2995 Ῥωμαϊκὴν
1651 2927 1769 2998 χεῖρ

2045 2922 2262 2994 ιυωριὶ,
2313 2922 2483 2978 multi
2532 2924 2812 2995 praecipiti
2861 2941 3000 2980 casu
3054 2925 3349 2994 exstincti,
3381 2925 3594 2997 reliqui

222 3008 408 3077 ἕκαστος
488 3014 684 3069 ἑαυτὸν
767 3012 1161 3087 κρημνίζοντες
1238 3009 1659 3086 ἀπεδίδρασκον·
1745 3031 1771 3065 κ

2048 3028 2096 3067 ro
2126 3012 2302 3067 occisi
2334 3018 2437 3067 aut
2466 3013 2641 3083 capti.
2664 3013 2784 3069 Hoc
2810 3014 2983 3070 modo
3016 3014 3171 3070 intra
3201 3015 3448 3070 biduum
3473 3019 3597 3070 tota

220 3099 389 3157 πολλοὶ
421 3104 510 3175 μὶν
544 3099 838 3172 ἀνήλωντο
885 3105 964 3174 τῷ
1012 3101 1165 3177 πυρὶ,
1197 3100 1403 3157 πολλοὶ
1443 3099 1501 3155 δὲ
1529 3105 1769 3175 κρημνιζ

2048 3117 2087 3155 με
2116 3106 2304 3171 capta.
2335 3102 2560 3157 Refecit
2578 3117 2707 3158 eam
2726 3102 3067 3174 imperator,
3085 3108 3141 3158 et
3170 3121 3205 3158 a
3233 3121 3339 3160 suo
3362 3104 3597 3160 nomine

225 3211 347 3262 μενοι
414 3191 726 3262 ἀπώλοντο,
799 3190 927 3253 τοὺς
1004 3188 1062 3245 δὶ
1128 3188 1358 3252 λοιποὺς
1430 3192 1677 3265 μάχαιρα
1744 3210 1774 3244 κ

2054 3189 2355 3260 nnopolim
2371 3190 2773 3246 denominavit
2794 3210 2808 3258 ;
2829 3191 3222 3262 impositoque
3240 3192 3431 3248 valido
3452 3210 3602 3264 pre-

219 3278 543 3355 ιῖχμαλωσία
575 3278 903 3351 διεδέξαντο.
932 3280 1027 3335 Καὶ
1060 3282 1096 3349 ἡ
1131 3279 1225 3352 μὲν
1257 3278 1422 3341 πόλις
1450 3283 1640 3333 τοῦτον
1683 3278 1768 3333 ἑά)

2047 3278 2113 3342 io,
2148 3278 2326 3334 rebus
2356 3280 2428 3334 ad
2460 3279 2637 3334 vitam
2661 3279 3010 3335 necessariis
3029 3280 3264 3337 abunde
3294 3280 3596 3337 instruxit.

218 3334 1030 3444 .as'...;...;'.;'s.;z.a...
1074 3334 1310 3443 ὶδιὶέραις
1367 3334 1442 3441 μὴ
1473 3367 1767 3442 ἀντισχοῦσ

2054 3384 2086 3423 ο
2130 3368 2277 3423 festo
2310 3367 2626 3423 Dominicaa
2673 3367 3137 3425 Resurrectionis
3187 3368 3283 3424 die
3312 3374 3462 3437 acto,
3497 3386 3599 3441 po-

217 3457 385 3529 ταύτην
446 3456 495 3514 δ’
540 3458 784 3514 ἀλοῦσαν
833 3457 1273 3530 ἀνακτησάμενος
1324 3457 1352 3512 ὁ
1403 3454 1700 3533 βασιλεὺς,
1744 3476 1766 3510 κ

2051 3455 2153 3511 die
2183 3456 2256 3510 ad
2299 3455 2700 3523 Dorostolum,
2734 3455 2828 3513 cui
2858 3460 2915 3512 et
2963 3455 3190 3513 Dristra
3221 3474 3458 3529 nomen,
3492 3458 3600 3516 iter

220 3549 421 3622 φρουρὰν
472 3547 761 3621 ἀξιόλογον
810 3546 1122 3617 ἐπιστήσας,
1180 3546 1271 3601 καὶ
1327 3547 1395 3601 τὰ
1449 3544 1589 3617 πρὸς
1636 3545 1699 3600 τὸ
1739 3550 1769 3613 ζπ

750 3568 761 3601 ρ
810 3546 1122 3617 ἐπιστήσας,
1180 3546 1271 3601 καὶ
1327 3547 1395 3601 τὰ
1449 3544 1589 3617 πρὸς
1636 3545 1699 3600 τὸ
1739 3548 1833 3617 ζῇν
1946 3544 2299 3617 ingreditur.

219 3632 464 3706 ἐπιτήδεια
514 3634 767 3709 δαψιλῶς
817 3634 1385 3709 παρασκευασάμενος,
1437 3634 1528 3689 καὶ
1573 3634 1672 3701 τήν
1720 3636 1821 3698 τῆς
1874 3630 2024 3708 ἁγίας
2072 3632 2428 3696 Ἀναστασίας
2637 3630 2859 3695 τελέσας
2908 3634 3122 3707 ἑορτὴν,
3167 3634 3254 3690 καὶ
3302 3633 3353 3706 ἕξ
3410 3634 3603 3691 ἑαυτοῦ

217 3723 605 3780 Ἰωαννούπολιν
645 3724 1016 3798 μετονομάσας
1042 3724 1143 3792 τήν
1174 3722 1361 3794 πόλιν,
1409 3726 1479 3796 τῇ
1524 3719 1783 3798 ἐπαύριον
1832 3726 1934 3790 τῆς
1962 3719 2049 3775 ἐπὶ
2096 3720 2160 3775 τὸ
2209 3719 2567 3795 Δορόστολον,
2600 3721 2628 3775 ὃ
2658 3722 2748 3776 καὶ
2806 3720 3039 3797 Δρίστρα
3088 3722 3358 3781 καλεῖται.
3393 3722 3597 3798 εἴχετο,

218 3814 430 3887 πορείας.

269 3904 321 3960 Ὀ
364 3901 419 3959 δὶ
465 3897 918 3981 Σφενδοσθλάϐος
962 3902 1063 3970 τὴν
1102 3907 1203 3971 τῆς
1258 3895 1610 3977 Ηερσθλάϐας
1662 3897 1818 3954 πυθό·

2055 3903 2085 3954 ι
2108 3915 2245 3956 vero
2278 3898 2854 3971 Sphendostblabus,
2881 3899 3117 3955 tametsi
3140 3899 3343 3956 audita
3367 3901 3604 3957 Persth-

216 4011 350 4061 μενος
397 3992 605 4049 ἅλωσιν
662 3993 740 4054 εἱς
793 3991 1042 4067 ταραχὴν
1101 3989 1367 4058 ένέπεσεν,
1426 3990 1501 4052 ὡς
1554 3988 1720 4059 εἱκὸς,

2056 4006 2087 4044 s
2119 3989 2549 4061 expugnatione
2574 3990 2955 4059 perturbatus
2992 3988 3150 4044 haud
3182 3990 3401 4059 injuria
3429 3995 3605 4068 esset,

216 4083 301 4150 μήν
329 4103 389 4155 γε
415 4082 504 4137 καὶ
546 4085 649 4136 τοῦ
698 4082 1046 4158 φρονήματος
1092 4085 1424 4156 καθυφῆκεν,
1469 4076 1615 4133 ἀλλὰ
1661 4096 1765 4150 παρ

2056 4082 2195 4134 acto
2216 4081 2415 4133 tamen
2449 4077 2647 4133 animo
2669 4094 2809 4133 suos
2841 4077 3178 4134 cohortatus
3206 4084 3271 4133 ut
3292 4080 3605 4150 porrojam

216 4169 446 4246 θἰῤῥύνας
490 4169 626 4232 τοὺς
671 4169 793 4245 περὶ
843 4169 1021 4241 αὐτὸν,
1068 4168 1160 4223 καὶ
1208 4172 1297 4223 νῦν
1343 4164 1555 4239 μᾶλλον
1601 4165 1765 4241 ἀγαθο

2056 4171 2110 4221 to
2140 4182 2203 4221 se
2236 4166 2448 4221 fortius
2479 4170 2709 4236 gerant,
2739 4166 3081 4222 constitutis
3114 4168 3293 4223 etiam
3327 4172 3506 4223 utres
3530 4168 3605 4223 fe-

216 4257 382 4334 ἄνδρας
422 4260 761 4337 ἀναφανῆναι
801 4255 1198 4326 παρακαλέσας,
1242 4253 1423 4311 τᾶλλά
1472 4276 1531 4310 τε
1586 4254 1661 4316 ὡς
1714 4253 1765 4309 έν

2055 4260 2153 4310 ant
2173 4254 2441 4325 reliquis,
2459 4259 2517 4309 et
2547 4270 2696 4325 quos
2718 4260 3024 4326 suspectos
3045 4254 3300 4312 habebat
3321 4256 3604 4329 Bulgaros

213 4347 703 4420 καταστησάμενος,
754 4346 843 4401 καὶ
898 4346 1099 4408 πάντας
1160 4344 1257 4409 οὓς
1312 4345 1456 4419 εἶχεν
1516 4343 1567 4398 ἰν
1633 4344 1762 4417 ὁποι]

2054 4343 2224 4398 nibus
2270 4343 2461 4414 (erant
2509 4348 2704 4398 autem
2736 4345 2983 4399 trecenti
3026 4344 3180 4399 398
3229 4346 3478 4417 circiter)
3511 4346 3603 4401 in-

212 4441 300 4489 τῶν
354 4436 690 4511 Βουλγάρων
738 4434 877 4510 ἀμφὶ
932 4434 1060 4497 τοὺς
1129 4434 1475 4511 τριακοσίους
1531 4428 1690 4497 ὄντας
1743 4453 1761 4487 οι

2054 4432 2231 4498 :‘ectis,
2258 4432 2565 4487 adversum
2590 4431 2888 4487 Romanos
2908 4433 3319 4504 proﬁciscitur.
3345 4435 3603 4507 Impera-

215 4523 414 4597 ἀριθμὸν
457 4524 697 4594 ἀνελὼν,
746 4521 902 4611 ἔξεισι
946 4522 1083 4579 κατᾶ
1126 4522 1429 4597 Ῥωμαίων.
1476 4527 1535 4580 Ὀ
1586 4518 1643 4576 δὲ
1686 4522 1764 4595 βαι

2086 4521 2431 4577 institutum
2478 4520 2591 4576 iter
2643 4537 3000 4593 persequens
3052 4523 3227 4578 urbes
3256 4524 3317 4578 in
3360 4538 3428 4578 eo
3458 4523 3602 4579 sitas

216 4610 318 4675 λεὺς
342 4616 430 4676 τὰς
460 4614 514 4669 ἂν
664 4609 889 4688 παρόδῳ
928 4611 1121 4674 πόλεις
1174 4610 1312 4667 ἑλὼν
1365 4611 1455 4666 καὶ
1501 4630 1765 4684 στρατηγο

2051 4626 2153 4667 ere
2183 4609 2362 4681 capit,
2393 4609 2584 4680 iisque
2616 4610 2919 4680 praefectos
2942 4612 3273 4681 constituit,
3306 4616 3365 4666 et
3394 4612 3600 4668 multis

216 4703 370 4765 αύταῖς
398 4703 715 4775 ἐπιστήσας,
761 4699 947 4757 πολλά
994 4722 1052 4757 τε
1098 4700 1332 4779 φρούρια
1380 4700 1469 4755 καὶ
1519 4699 1765 4772 ποΛίσμα

2052 4698 2201 4755 tellis
2250 4702 2427 4769 atque
2476 4699 2712 4770 oppidis
2760 4700 3035 4755 evastatis
3084 4716 3150 4755 ac
3200 4700 3393 4771 praeda
3425 4700 3601 4756 militi

216 4788 523 4866 έκπορθήσας
556 4792 652 4847 καὶ
680 4796 800 4853 τοῖς
841 4792 1194 4865 στρατιώταις
1245 4789 1323 4852 εἷς
1362 4788 1611 4864 ἁρπαγὴν
1663 4784 1765 4842 δεδι

2050 4804 2224 4843 ,οοεεο
2283 4787 2495 4859 pergit.
2552 4786 2661 4843 Ubi
2716 4787 3111 4859 exploratores
3176 4789 3599 4845 nuntiaverunt

215 4880 324 4952 κὼς,
353 4879 531 4957 εἴχετο
584 4887 689 4949 τῆς
733 4877 883 4935 ὀδοῦ.
914 4883 1031 4934 Τῶν
1066 4877 1122 4934 δὲ
1164 4883 1381 4934 σκοπῶν
1413 4877 1563 4947 ἥκειν
1597 4877 1764 4955 φρασὰ

2057 4877 2188 4933 thas
2218 4877 2552 4944 adventare,
2586 4875 2881 4932 delectum
2913 4878 3235 4932 exercitum
3268 4878 3600 4951 praemittit,

212 4987 301 5023 των
327 4971 524 5035 Σκύθας
554 4968 732 5042 τινὰς,
778 4966 912 5024 λαὸν
958 4967 1241 5025 ἐπίλεκτον
1293 4966 1579 5042 ἐκπέμπει.
1621 4964 1761 5022 Θεόδι

2053 4982 2092 5021 :e
2122 4965 2426 5022 Theodoro
2453 4982 2486 5021 a
2506 4964 2819 5034 Mistheia;
2845 4965 3137 5038 jubetque
3158 4966 3419 5025 hostium
3442 4967 3602 5025 mul-

1386 5138 1763 5196 XYLANDRI
1804 5138 1894 5194 ET
1929 5135 2146 5192 GOARI
2183 5135 2418 5193 NOT/E.

275 5267 374 5335 (27)
402 5268 541 5332 Quas
570 5280 681 5320 vox
732 5279 849 5319 non
901 5261 1129 5335 integra
1175 5265 1264 5335 est
1293 5263 1549 5335 scripta;
1586 5265 1727 5317 nota
1753 5265 1848 5335 _ta-
1956 5258 2239 5335 Anastasi
2260 5262 2317 5315 et
2343 5257 2657 5335 Anastasia
2684 5257 2893 5335 Noster
2921 5276 3103 5332 supra
3132 5260 3367 5318 alicubi.
3389 5266 3606 5335 Χηνέ-

223 5329 333 5393 men
364 5329 722 5394 'S_ostendit
770 5350 890 5406 non
940 5329 1278 5406 ἀναστασίας,
1341 5329 1456 5390 noh
1510 5331 1772 5406 ἀναστασίι

2055 5330 2308 5390 αστασίας
2354 5330 2635 5406 templum
2685 5329 3017 5406 ἀναστάσεως
3056 5350 3284 5406 quoque
3323 5333 3604 5390 miraculo

226 5411 309 5463 sed
372 5408 714 5467 ἀναστάσεως
778 5404 894 5477 legi
954 5405 1182 5461 debere.
1251 5406 1454 5477 Itaque
1520 5405 1716 5477 accepi
1781 5405 1852 5460 de
1962 5405 2179 5458 famam
2220 5400 3252 5477 accepit:hincpromiscua—voc'is
3299 5406 3605 5477 utriusque

228 5480 416 5537 Christi
448 5499 484 5538 a
536 5479 783 5537 mortuis
831 5472 1274 5544 resurrectione,
1308 5472 1375 5533 eo
1424 5472 1677 5533 facilius'
1696 5477 1852 5547 quod
1964 5473 2271 5546 usurpatio
2306 5491 2319 5529 :
2348 5472 2444 5528 hic
2489 5489 2593 5547 pro
2609 5472 2836 5547 _Qh‘risti
2868 5476 3294 5534 resurrectione
3324 5472 3603 5534 sumitur.

227 5552 379 5626 paulo
408 5557 547 5626 post
575 5548 859 5626 festusn
891 5549 1134 5626 Georgio
1182 5549 1306 5626 dies
1328 5544 1854 5626 commemorata},
1964 5544 2133 5626 Yide‘
2159 5548 2455 5602 auctorem
2494 5544 2565 5602 in
2608 5544 3023 5606 Valentiniano
3074 5550 3307 5621 juniore
3361 5566 3420 5624 p.
3476 5548 3603 5605 315.

229 5619 317 5697 imi
342 5619 457 5683 fere
485 5640 605 5682 non
635 5623 895 5682 multum
925 5619 1131 5679 abesse
1158 5625 1292 5696 post
1321 5621 1549 5680 Pascha
1577 5620 1743 5679 solet.
1776 5619 1857 5678 De
1965 5620 2145 5677 Goan.
