3922 6132
284 347 391 407 131

1634 342 1950 405 GEORGII
1994 342 2331 405 CEDRENI

3576 345 3693 406 132

282 476 597 533 titudinem
641 474 945 548 exquirere
990 478 1049 532 et
1095 475 1209 533 sibi
1239 476 1520 544 indicare,
1552 479 1610 532 et
1651 475 1702 532 si
1734 476 1816 531 ita
1842 475 1913 531 vi-

2093 475 2140 529 Sv
2186 494 2245 528 τε
2293 474 2385 529 τὸν
2436 474 2495 529 ἐκ
2539 474 2801 538 Μισθείας
2850 476 3029 530 αὐτῶν
3069 479 3149 547 τῷ
3194 477 3393 546 πλήθει
3438 474 3687 552 ἀρχηγὸν

282 569 488 623 deatur
509 568 910 635 commodum,
934 565 1043 621 levi
1067 566 1264 638 praelio
1280 583 1482 622 eorum
1504 566 1658 622 vires
1683 570 1927 621 tentare.

285 658 413 729 Ipse
435 672 564 712 cum
585 656 872 711 instructo
896 655 1168 710 universo
1190 655 1444 710 exercitu
1469 670 1617 726 pone
1639 654 1929 726 sequitur.

283 746 621 803 Theodorus
643 761 778 801 cum
811 744 937 800 suis
966 744 1067 800 ubi
1100 745 1171 799 ad
1202 745 1401 801 hostes
1424 743 1709 816 pervenit,
1738 744 1840 799 dat
1870 742 1931 799 in

279 850 377 890 eos
426 834 735 906 impetum.
788 833 957 889 Rossi
1007 833 1256 888 insidias
1307 832 1551 889 subesse
1597 831 1760 887 veriti
1796 848 1931 903 pro-

275 940 481 997 gressu
512 923 850 991 abstinent;
885 922 1210 994 multisque
1233 938 1471 977 suorum
1505 921 1661 987 ictis,
1690 920 1931 992 quibus—

274 1015 409 1069 dam
441 1014 617 1068 etiam
643 1013 906 1082 dejectis,
927 1013 1066 1085 fuga
1096 1012 1156 1066 in
1183 1011 1407 1067 vicinos
1431 1016 1663 1067 montes
1686 1011 1928 1066 densos-

276 1119 387 1173 que
416 1106 473 1157 et
494 1101 721 1172 amplos
739 1101 925 1156 saltus
958 1117 1021 1156 se
1039 1101 1411 1173 dispergunt,
1437 1117 1502 1155 ac
1524 1116 1627 1171 per
1648 1103 1930 1154 montana

275 1192 343 1245 ad
381 1190 660 1246 Dristram
683 1190 1041 1262 perfugiunt.
1063 1190 1230 1247 Rossi
1254 1191 1409 1244 fuere
1433 1205 1679 1244 numero
1701 1192 1923 1260 septem

277 1279 485 1348 millia,
536 1279 782 1335 Romani
832 1296 966 1334 vero
1025 1278 1125 1351 qui
1183 1296 1279 1334 eos
1326 1279 1605 1334 fuderunt
1659 1277 1923 1333 trecenti.

271 1368 493 1441 Scythae
517 1372 713 1423 autem
732 1367 1242 1440 Spbendosthlabo
1265 1368 1563 1439 conjuncti
1587 1372 1854 1422 auctores
1876 1365 1928 1421 ei

271 1459 509 1514 fuerunt
540 1462 603 1512 ut
629 1474 761 1513 cum
786 1458 1064 1513 omnibus
1094 1458 1279 1529 copiis
1310 1458 1800 1529 (numerabantur
1823 1473 1926 1510 au-

271 1551 389 1603 tem
439 1550 702 1603 trecenta
749 1547 997 1619 triginta
1046 1546 1304 1603 virorum
1354 1544 1564 1616 millia)
1615 1545 1925 1600 duodecim

158 1640 163 1643 ’
272 1638 408 1692 ante
437 1634 815 1692 Dorostolum
840 1634 1197 1691 milliaribus
1221 1639 1417 1691 castra
1442 1638 1700 1707 poneret,
1725 1633 1927 1705 ibique

270 1724 644 1797 imperatoris
688 1724 1005 1782 adventum
1057 1724 1344 1797 intrepide
1391 1721 1821 1797 exs‘pectarunt.
1852 1725 1926 1778 At

270 1813 567 1870 Romanos
596 1813 931 1870 recentibus
959 1813 1220 1869 victoriis
1251 1812 1459 1883 elatos,
1493 1817 1550 1868 et
1570 1813 1819 1884 jamjam
1852 1813 1924 1867 de

269 1918 507 1958 summa
556 1917 755 1959 rerum
800 1902 1000 1975 praelia
1058 1903 1419 1959 decertatum
1471 1901 1541 1957 iri
1593 1905 1920 1973 sperantes,

269 1990 521 2048 scientes
566 1991 812 2063 insuper
839 1992 1020 2048 Deum
1069 2008 1131 2047 se
1176 1992 1389 2048 habere
1440 1992 1791 2063 adjutorem,
1823 1990 1923 2061 qui

269 2097 386 2136 non
417 2081 570 2136 399
603 2079 990 2137 inferentibus
1036 2082 1138 2138 sed
1185 2080 1378 2152 passis
1409 2079 1688 2151 injuriam
1722 2080 1923 2152 opitu-

268 2168 376 2224 lari
435 2168 672 2239 soleret,
719 2186 835 2225 non
879 2185 978 2225 eos
1027 2169 1202 2224 modo
1253 2169 1353 2241 qui
1402 2169 1744 2225 fortitudine
1790 2168 1922 2223 aliis

269 2259 593 2329 anteibant,
627 2259 729 2313 sed
755 2259 881 2329 jam
914 2263 972 2314 et
992 2257 1324 2314 timidiores
1356 2257 1626 2313 alacritas
1648 2262 1706 2313 et
1736 2258 1920 2313 auda-

267 2347 357 2404 cia
385 2348 736 2415 incessebat,
772 2347 1118 2419 ardentique
1168 2363 1378 2419 pugnze
1410 2346 1702 2403 desiderio
1736 2346 1920 2418 agita-

269 2439 504 2493 bantur.
531 2436 637 2493 Ubi
668 2436 725 2490 in
746 2441 1126 2508 conspectum
1152 2441 1357 2491 mutuo
1377 2452 1588 2492 venere
1610 2436 1920 2500 exercitus,

272 2531 524 2597 utroque
554 2526 905 2598 imperatore
936 2543 1074 2581 suos
1096 2526 1271 2580 dictis
1304 2525 1503 2596 qualia
1533 2523 1805 2596 praesenti
1838 2523 1920 2579 rei

274 2616 713 2673 accommodata
744 2619 912 2671 erant
940 2614 1239 2670 animante
1280 2620 1455 2685 atque
1486 2614 1823 2685 instigante,
1856 2615 1923 2667 ut

273 2703 587 2759 classicum
620 2702 848 2770 cecinit,
875 2719 1089 2774 magna
1119 2719 1251 2757 cum
1275 2702 1325 2756 vi
1359 2702 1601 2774 parique
1623 2702 1923 2757 alacritate

274 2808 624 2848 concursum
655 2796 766 2847 est.
786 2793 981 2847 Primo
998 2792 1271 2847 conﬂictu
1304 2790 1568 2862 Romani,
1590 2790 1920 2846 vehementi

273 2882 425 2937 facto
457 2881 702 2950 impetu,
729 2879 935 2936 multis
984 2881 1226 2951 dejectis
1277 2880 1537 2936 hostium
1567 2880 1802 2935 ordines
1832 2878 1922 2935 la-

272 2972 586 3026 befactant.
623 2970 822 3042 Neque
852 2973 1048 3024 tamen
1081 2970 1299 3025 cedunt
1328 2969 1547 3036 hostes,
1593 2985 1775 3039 neque
1805 2969 1920 3023 Ro-

271 3059 465 3115 manis
495 3075 595 3115 eos
627 3059 1015 3131 persequendi
1034 3059 1208 3115 datur
1238 3057 1505 3128 facultas,
1537 3058 1770 3131 Scythis
1792 3074 1922 3113 sese

269 3148 756 3205 conﬁrmantibus
788 3164 1137 3219 rursumque
1168 3147 1399 3203 sublato
1430 3148 1682 3203 clamore
1717 3147 1775 3202 in
1807 3150 1918 3202 Ro-

2043 563 2334 634 ἐπιστήσας
2381 568 2736 639 προηγεῖσθαι
2786 563 3059 639 ἐπέσκηψε
3105 570 3199 619 τοῦ
3244 570 3496 638 στρατοῦ,
3527 586 3691 619 κατα-

2044 654 2264 707 σκοπεῖν
2290 672 2350 708 τε
2399 653 2461 708 τὸ
2509 652 2721 718 πλῆθος
2766 658 2873 708 τῶν
2924 652 3174 709 ἐναντίων
3224 653 3314 709 καὶ
3364 655 3514 726 αὐτῷ
3544 652 3697 709 διδό-

2040 762 2122 797 ναι
2150 746 2372 816 γνῶσιν,
2406 742 2451 797 εἰ
2496 742 2820 818 προχωροίη
2873 739 2950 814 δὲ,
2980 742 3070 798 καὶ
3121 740 3398 818 διάπειραν
3440 746 3541 809 τῆς
3587 742 3692 798 αύ-

2039 836 2144 886 τῶν
2192 831 2386 906 ἰσχύος
2444 826 2943 907 ἀκροϐολισάμενον
3017 831 3337 911 εἷληφέναι·
3397 831 3556 895 αὐτὸς
3636 830 3694 888 δὲ

2041 919 2266 976 κατόπιν
2347 920 2525 976 εἶπετο
2611 921 3030 997 συντεταγμένος
3126 921 3259 995 μετᾶ
3329 923 3510 992 πάσης
3595 924 3699 991 τῆς

2041 1014 2309 1085 στρατιᾶς.
2371 1011 2439 1068 Οἱ
2496 1009 2587 1065 σὺν
2645 1012 2723 1083 τῷ
2796 1009 3064 1087 Θεοδώρῳ
3134 1016 3264 1086 γοῦν
3337 1010 3557 1087 ἐπείπερ
3617 1010 3696 1073 είς

2039 1104 2229 1175 χεῖρας
2288 1098 2464 1168 ἦλθον
2520 1105 2637 1160 τοῖς
2689 1097 3021 1173 πολεμίοις,
3077 1098 3409 1172 ἐμπίπτουσι
3472 1099 3695 1163 τούτοις

2039 1186 2307 1265 ῥαγδαῖοι.
2370 1190 2439 1246 Oi
2497 1187 2555 1245 δὲ
2609 1191 2740 1253 Ῥὼς
2799 1187 3014 1261 ἐνέδραν
3067 1184 3453 1261 εὐλαϐηθέντες
3497 1191 3693 1266 πρόσω

2042 1279 2134 1350 μὲν
2160 1278 2336 1332 οὐκέτι
2369 1278 2637 1354 ἐχώρουν,
2671 1279 2897 1335 πολλῶν
2929 1277 2987 1334 δὲ
3024 1278 3341 1355 πληγέντων
3385 1280 3476 1334 καί
3523 1300 3693 1333 τινων

2039 1365 2095 1422 δὲ
2124 1364 2395 1422 πεσόντων
2448 1366 2788 1431 ἐκκλίναντες
2838 1368 2890 1431 ἐς
2938 1369 3005 1423 τὰ
3032 1366 3270 1439 πλησίον
3312 1366 3689 1423 σκεδάννυνται

2038 1454 2137 1531 ὅρη
2206 1456 2296 1511 καὶ
2344 1456 2439 1518 τὰς
2497 1456 2668 1512 ἐκεῖσε
2719 1458 2892 1519 νάπας
2944 1457 3157 1533 βαθείας
3203 1457 3293 1512 καὶ
3348 1458 3690 1532 ἀμφιλαφεῖς

2034 1544 2427 1621 τυγχανούσας,
2479 1546 2568 1600 καὶ
2622 1544 2711 1601 διὰ
2757 1553 2857 1615 τῆς
2908 1546 3125 1621 ὀρεινῆς
3173 1546 3260 1601 ἐπὶ
3289 1548 3389 1617 τήν
3425 1546 3685 1621 Δρίστραν

2035 1633 2492 1704 ἐπανασώζονται.
2525 1638 2693 1690 Ἦσαν
2750 1633 2808 1690 δὲ
2848 1636 2911 1690 τὸ
2964 1635 3178 1706 πλῆθος
3235 1634 3383 1691 οὗτοι
3438 1634 3693 1691 ἑπτακισ-

2035 1724 2238 1799 χίλιοι,
2285 1725 2335 1778 oi
2392 1722 2449 1779 δὲ
2494 1724 2708 1787 τούτοις
2759 1722 3167 1798 συμπλακέντες
3223 1723 3313 1780 καὶ
3362 1727 3689 1800 τρεψάμενοι

2034 1815 2299 1886 Ῥωμαῖοι
2355 1813 2446 1868 τὸν
2506 1814 2737 1889 ἀριθμὸν
2795 1811 3120 1890 τριακόσιοι.
3179 1815 3492 1879 Ἑνωθέντες
3542 1812 3587 1870 δ’
3636 1815 3691 1871 οἱ

2035 1902 2239 1967 Σκύθαι
2289 1907 2367 1975 τῷ
2410 1898 2868 1979 Σφενδοσθλάϐῳ,
2918 1903 3009 1958 καὶ
3056 1907 3246 1958 τοῦτον
3311 1902 3510 1968 ἐκεῖθεν
3559 1904 3690 1958 ἀνα-

2032 1994 2324 2063 στήσαντες
2385 1992 2517 2064 μετὰ
2584 1992 2786 2054 παντὸς
2841 1996 2942 2046 τοῦ
2995 1997 3247 2067 στρατοῦ,
3308 1993 3416 2067 πρὸ
3474 1989 3689 2048 δώδεκα

2027 2086 2123 2136 τοῦ
2155 2080 2498 2155 Δοροστόλου
2531 2080 2730 2153 μιλίων
2777 2079 3110 2150 αὐλίζονται,
3142 2082 3196 2144 ἐς
3243 2081 3562 2159 τριακοσίας
3591 2083 3689 2137 καὶ

2028 2171 2319 2246 τριάκοντα
2377 2169 2637 2246 χιλιάδας
2698 2169 3092 2245 ἀριθμούμενοι
3149 2172 3231 2244 [Ρ.
3263 2173 3396 2245 675]
3453 2168 3542 2226 καὶ
3590 2172 3687 2227 τὸν

2034 2258 2262 2334 βασιλέα
2310 2258 2529 2314 ἐπιόντα
2575 2258 2823 2332 ἐκθύμως
2870 2260 2961 2313 καὶ
3013 2259 3316 2335 ῥωμαλέως
3375 2258 3687 2336 ἐκδεχόμε-

2028 2369 2133 2405 νοι.
2191 2349 2257 2405 Οἱ
2316 2346 2374 2403 δὲ
2429 2349 2691 2420 Ῥωμαῖοι
2746 2353 2868 2409 ταῖς
2921 2347 2971 2419 ἐξ
3034 2346 3276 2423 ὑπογύου
3319 2349 3495 2411 νίκαις
3547 2369 3686 2424 γαυ-

2032 2437 2287 2512 ρούμενοι
2318 2437 2406 2491 καὶ
2450 2438 2549 2504 τήν
2593 2435 2661 2491 τὰ
2709 2437 2880 2491 πάντα
2924 2441 3105 2509 κρῖναι
3142 2435 3447 2508 μέλλουσαν
3493 2435 3682 2513 μάχην

2029 2525 2484 2603 προσδεχόμενοι,
2531 2523 2733 2587 εἰδότες
2782 2523 2828 2580 δ’
2874 2524 2956 2579 ὅτι
3007 2526 3096 2579 καὶ
3145 2526 3276 2580 Θεὸν
3321 2525 3687 2602 συλλήπτορα

2029 2611 2259 2685 ἕξουσιν,
2311 2614 2373 2669 οὐ
2422 2618 2540 2676 τοῖς
2592 2611 2789 2668 ἀδίκων
2848 2618 3052 2690 χειρῶν
3105 2611 3336 2689 ἄρχουσι
3392 2612 3682 2691 φιλοῦντα,

2031 2702 2175 2759 ἀλλὰ
2228 2708 2344 2764 τοῖς
2398 2700 2780 2775 ἀδικουμένοις
2840 2700 2927 2757 διᾶ
2982 2702 3179 2764 παντὸς
3237 2700 3552 2777 ἐπαρήγειν,
3612 2703 3684 2757 οὐ

2033 2793 2197 2867 μόνον
2230 2794 2281 2847 οἱ
2313 2792 2694 2868 εύψυχότεροι,
2726 2790 2835 2862 ἤδη
2870 2789 2927 2846 δὲ
2982 2791 3073 2847 καὶ
3125 2791 3177 2846 οἰ
3214 2790 3561 2868 καταπλῆγες
3589 2794 3686 2846 καί

2033 2880 2270 2954 μαλακοὶ
2299 2882 2395 2943 τὰς
2426 2881 2606 2956 ψυχὰς
2638 2880 2916 2955 πρόθυμοι
2952 2879 3044 2935 καὶ
3096 2879 3387 2957 θαρραλέοι
3434 2879 3684 2955 ἐγίνοντο

2027 2970 2117 3025 xui
2147 2970 2285 3046 πρὸς
2332 2971 2433 3038 τὴν
2485 2968 2812 3041 συμπλοκὴν
2866 2968 2987 3024 λίαν
3039 2967 3358 3048 ἐσφάδαζον.
3406 2968 3504 3033 Εἲς
3552 2965 3682 3043 ὄψιν

2030 3056 2087 3114 δὲ
2115 3063 2222 3114 τῶν
2269 3059 2683 3133 στρατευμάτων
2738 3056 3014 3129 ἀλλήλοις
3064 3057 3390 3133 γενομένων,
3440 3057 3530 3113 καὶ
3579 3058 3680 3113 λό-

2026 3169 2145 3224 γοις
2193 3146 2626 3218 παρακλητικοῖς
2673 3152 2772 3202 τοῦ
2821 3167 2880 3202 τε
2934 3144 3202 3223 βασιλέως
3243 3147 3459 3202 καὶτοῦ
3506 3146 3682 3221 Σφεν-

269 3255 472 3295 manos
516 3239 900 3295 irruentibus.
948 3242 1253 3307 Pugnatur
1283 3237 1706 3309 aliquantisper
1748 3252 1913 3308 aequo

2096 3232 2335 3291 σθλάϐου
2393 3237 2521 3299 τοὺς
2573 3235 2806 3298 οἷ’κείους
2853 3234 3270 3312 ἐπιρρωσάντων
3328 3236 3419 3290 καὶ
3476 3235 3544 3290 τὰ
3598 3240 3685 3309 τῷ

272 3336 476 3384 marte.
508 3328 640 3384 Jam
671 3331 869 3383 autem
901 3327 971 3382 ad
1003 3342 1306 3398 vesperam
1338 3326 1654 3381 inclinante
1686 3326 1778 3381 die
1810 3326 1921 3381 Ro-

273 3417 432 3473 mani
466 3433 594 3473 sese
643 3416 1015 3473 cohortantes
1064 3420 1122 3471 et
1167 3414 1345 3471 veluti
1392 3419 1670 3471 acuentes
1703 3413 1925 3469 mutuis

265 3506 772 3561 exhortationibus
822 3505 1129 3561 sinistrum
1182 3505 1528 3577 Scytharum
1583 3520 1762 3559 cornu
1794 3519 1925 3575 pre-

264 3598 455 3658 munt,
487 3598 545 3649 et
573 3593 922 3650 intolerabili
955 3594 1010 3648 vi
1042 3594 1385 3667 ingruentes
1419 3594 1639 3648 multos
1674 3599 1925 3664 proster-

264 3687 435 3737 nunt.
469 3682 733 3753 Cumque
762 3682 833 3737 ad
854 3682 1136 3736 afflictam
1168 3690 1390 3753 partem
1425 3682 1651 3755 Scythae
1677 3682 1924 3751 coirent,

266 3788 509 3827 suorum
544 3773 834 3843 quosdam
870 3771 1170 3827 Romanus
1203 3771 1520 3843 imperator
1549 3772 1674 3825 suis
1709 3770 1924 3826 auxilio

264 3860 469 3932 mittit,
493 3861 737 3933 ipseque
768 3861 1152 3932 subsequitur
1184 3862 1402 3932 apertis
1434 3878 1564 3916 cum
1596 3862 1827 3933 imperii
1852 3860 1926 3917 si-

264 3948 419 4021 gnis,
452 3950 965 4021 equocalcaribus
997 3949 1260 4017 incitato,
1283 3954 1340 4005 et
1367 3950 1598 4005 hastam
1632 3950 1922 4006 infensam

268 4039 486 4107 ferens,
518 4019 778 4111 suosque
805 4038 998 4095 verbis
1047 4039 1405 4094 exstimulat.
1460 4041 1756 4095 Acerrime
1784 4046 1925 4096 tunc

264 4132 617 4199 pugnatum,
652 4132 710 4182 et
736 4127 917 4183 variis
937 4128 1167 4183 vicibus
1199 4128 1398 4200 praelio
1422 4132 1648 4184 mutato
1680 4130 1925 4200 (duode-

263 4218 382 4271 cies
405 4218 559 4271 400
580 4215 737 4271 enim
762 4217 1000 4272 fuerunt
1028 4216 1341 4273 inclinatas
1364 4218 1543 4289 acies)
1563 4218 1655 4272 vix
1680 4220 1921 4275 tandem

265 4305 455 4375 Rossi,
479 4306 787 4377 desperata
809 4304 1019 4375 salute,
1040 4306 1374 4362 inordinata
1406 4307 1543 4380 fuga
1562 4306 1620 4362 in
1646 4323 1923 4381 campum

265 4393 706 4461 se'eli‘undunt;
739 4408 958 4464 eosque
989 4392 1245 4448 insecuti
1279 4394 1525 4449 Romani
1557 4395 1778 4450 multos
1803 4412 1926 4466 per-

262 4481 478 4536 imunt.
526 4486 604 4537 De
635 4481 837 4537 Rossis
885 4482 1145 4537 cecidere
1177 4481 1368 4552 multi,
1400 4483 1554 4555 capti
1583 4485 1755 4539 etiam
1793 4485 1922 4557 plu-

261 4586 354 4625 res
390 4585 403 4625 :
440 4570 651 4642 reliqui
686 4570 1055 4626 Dorostolum
1091 4571 1228 4644 fuga
1258 4576 1591 4629 evaserunt.

2029 3327 2203 3402 καιρῷ
2249 3325 2536 3401 πρόσφορα
2582 3322 3164 3401 παρακελευσαμένων,
3215 3323 3287 3386 ὠς
3336 3325 3391 3378 αἱ
3450 3322 3683 3400 σάλπιγ-

2029 3436 2117 3490 γες
2164 3414 2226 3470 τὸ
2275 3413 2524 3469 ἐνυάλιον
2569 3411 2812 3490 ἤχησαν,
2858 3414 3223 3491 συρρήγνυται
3295 3411 3569 3483 ἀλλήλοις
3618 3413 3687 3468 τὰ

2032 3506 2221 3575 πλήθη
2270 3505 2370 3573 τήν
2418 3502 2583 3574 αὐτὴν
2633 3499 2832 3579 ἔχοντα
2878 3504 3208 3578 προθυμίαν.
3260 3503 3358 3557 Καὶ
3408 3503 3545 3558 κατὰ
3587 3503 3683 3575 μὶν

2031 3594 2127 3661 τὴν
2187 3592 2410 3669 πρώτην
2482 3588 2804 3669 προσϐολήν
2883 3594 2934 3647 οἳ
2988 3594 3250 3665 Ῥωμαῖοι
3312 3594 3446 3663 μετὰ
3504 3591 3687 3667 ῥύμης

2034 3683 2408 3758 έπενεχθέντες
2455 3681 2691 3760 σφοδρᾶς
2741 3681 2831 3736 καὶ
2872 3680 3116 3743 πολλοὺς
3147 3675 3545 3743 καταλαϐόντες
3586 3681 3685 3743 τὰς

2037 3769 2368 3847 βαρϐαρικὰς
2437 3771 2611 3841 τάξεις
2687 3772 3036 3825 κατέσεισανο
3111 3769 3172 3825 ού
3256 3772 3364 3842 μήν
3440 3790 3501 3845 γε
3588 3769 3682 3824 καὶ

2037 3862 2302 3936 ὑπαγωγὴ
2347 3864 2454 3914 τῶν
2507 3859 2758 3915 ἐναντίων
2810 3858 3020 3934 ἐγένετο
3068 3855 3190 3913 οὔτε
3238 3862 3343 3912 τῶν
3387 3858 3679 3931 Ῥωμαίων

2033 3948 2286 4023 λαμπρὸς
2316 3947 2586 4023 διωγμὸς,
2637 3947 2762 4004 ἀλλ’
2806 3947 3201 4025 ἐπιῤῥώσαντες
3249 3945 3415 4002 πάλιν
3457 3947 3682 4010 ἑαυτοὺς

2033 4039 2086 4092 oi
2119 4038 2317 4092 Σκύθαι
2358 4036 2508 4100 αὖθις
2566 4036 2805 4107 ἐπῆλθον
2865 4038 2981 4109 μετ’
3023 4035 3349 4112 ἀλαλαγμοῦ
3396 4042 3512 4099 τοῖς
3544 4038 3685 4092 Ῥω-

2036 4126 2240 4199 μαίοις.
2292 4127 2389 4183 Καὶ
2442 4126 2607 4203 μέχρι
2670 4127 2763 4199 μὲν
2816 4148 2964 4188 τινος
3013 4123 3284 4195 ΐσοπαλής
3331 4128 3395 4195 ἦν
3443 4127 3471 4180 ὁ
3514 4124 3686 4200 ἀγὼν,

2031 4213 2139 4286 ἤδη
2174 4213 2232 4270 δὲ
2260 4216 2383 4289 περὶ
2430 4213 2616 4286 δείλην
2664 4215 2824 4289 ἀψίαν
2870 4218 2969 4283 τῆς
3018 4214 3229 4289 ἡμέρας
3276 4213 3435 4280 aiio-nc
3466 4216 3519 4270 oi
3548 4220 3684 4270 Ῥω-

2034 4310 2190 4378 μαῖοι
2247 4304 2714 4381 παρακαλέσαντες
2788 4302 3072 4375 ἀλλήλους
3141 4304 3231 4358 καὶ
3304 4305 3506 4377 τρόπον
3561 4305 3688 4361 τινὰ

2032 4395 2408 4466 στομώσαντες
2465 4398 2582 4457 ταῖς
2630 4393 3003 4468 παραινέσεσιν
3064 4386 3350 4464 ἐπέϐρισαν
3408 4397 3488 4464 τῷ
3544 4392 3690 4447 εύω-

2031 4482 2185 4556 νύμῳ
2221 4481 2404 4556 κέρατι
2447 4486 2555 4537 τῶν
2608 4486 2853 4553 Σκυθῶν,
2901 4481 2993 4536 καὶ
3040 4480 3287 4543 πολλοὺς
3338 4485 3420 4553 τῷ
3475 4481 3686 4537 ἀνυπο-

2032 4572 2209 4644 στάτῳ
2255 4566 2554 4626 κατέϐαλον
2603 4578 2703 4641 τῆς
2749 4572 2949 4647 ὁρμῆς.
3000 4570 3412 4645 Συνισταμένων
3464 4567 3523 4625 δὲ
3565 4576 3681 4627 τῶν

261 4658 396 4719 Ῥὼς
448 4655 537 4712 ἐπὶ
593 4657 657 4713 τὸ
687 4658 1013 4727 πεπονηκὸς,
1070 4662 1179 4712 τῶν
1235 4660 1357 4733 περὶ
1418 4659 1584 4713 αὐτὸν
1653 4660 1681 4713 ὁ
1743 4659 1995 4735 βασιλεὺς
2052 4661 2129 4724 είς
2186 4659 2494 4736 ἐπικουρίαν
2529 4659 2793 4734 ἐκπέμπει
2843 4660 3012 4733 τινὰς,
3042 4659 3269 4715 κατόπιν
3312 4656 3369 4714 δὲ
3396 4658 3488 4714 καὶ
3523 4659 3691 4724 αὐτὸς

264 4743 444 4801 ε’ίπετο
496 4745 1033 4820 ἀνακεκαλυμμένοις
1096 4752 1212 4808 τοῖς
1272 4750 1626 4823 παρασήμοις
1678 4756 1779 4819 τῆς
1842 4750 2143 4825 βασιλείας,
2200 4749 2262 4804 τὸ
2319 4746 2452 4825 δόρυ
2514 4747 3005 4825 διηγκωνισμένος,
3061 4749 3151 4804 τόν
3209 4769 3267 4804 τε
3319 4746 3489 4803 ’ίππον
3557 4769 3686 4803 κεν-

262 4836 463 4908 τρίζων
496 4837 642 4909 θαμὰ
670 4838 757 4891 καὶ
792 4840 860 4909 τῇ
919 4836 1021 4910 βοῇ
1069 4833 1343 4911 διεγείρων
1398 4836 1526 4900 τοὺς
1584 4839 1935 4912 στρατιώτας.
1970 4841 2208 4914 Ἀγῶνος
2254 4836 2311 4893 δὶ
2365 4843 2626 4916 καρτεροῦ
2671 4839 2959 4902 συστάντος
2998 4837 3087 4893 xui
3137 4836 3356 4900 πολλὰς
3419 4835 3684 4911 μετακλί-

262 4945 372 4987 σεις
429 4922 725 4997 δεξαμένης
781 4932 881 4994 τῆς
941 4925 1128 5000 μάχης
1181 4923 1523 4997 (δυοκαίδεκα
1580 4930 1683 5002 γάρ
1745 4950 1872 5006 φησι
1929 4928 2133 5005 τροπὰς
2186 4925 2431 4999 δέξασθαι
2476 4928 2568 4983 τὸν
2620 4929 2843 5004 ἀγῶνα),
2902 4925 3063 5001 μόλις
3110 4928 3163 4982 οἱ
3211 4927 3346 4988 Ῥὼς
3374 4926 3681 5002 ἀπειρηκό-

255 5033 343 5067 τες
398 5013 533 5086 πρὸς
561 5013 689 5077 τοὺς
718 5011 996 5075 κινδύνους
1030 5013 1256 5086 ἀκόσμῳ
1287 5019 1427 5091 φυγῇ
1460 5017 1596 5090 πρὸς
1632 5018 1695 5071 τὸ
1733 5015 1922 5071 ’πεδίον
1973 5014 2301 5071 ἐσκίδναντο·
2337 5016 2416 5078 οἷς
2472 5016 2525 5071 οἷ
2584 5018 2849 5089 Ῥωμαῖοι
2903 5015 3158 5088 ἐπόμενοι
3205 5016 3334 5081 τοὺς
3385 5016 3683 5093 καταλαμ-

260 5098 597 5174 ϐανομένους
649 5100 968 5172 ἀνήλισκον.
1030 5105 1260 5157 Ἕπεσον
1290 5102 1379 5158 οὖν
1419 5103 1649 5179 πολλοὶ,
1680 5106 1769 5161 καὶ
1801 5106 2026 5168 πλείους
2057 5104 2324 5163 ἑάλωσαν.
2352 5107 2508 5163 ’Ὀσοι
2542 5102 2600 5160 δὲ
2648 5103 2929 5181 διαδρᾶναι
2976 5106 3066 5160 τὸν
3117 5102 3365 5160 κίνδυνον
3420 5103 3683 5182 ἴσχυσαν,

271 5190 345 5252 είς
374 5190 436 5245 τὸ
467 5190 807 5266 Δορόστολον
839 5188 1219 5260 διασώζονται.

2093 5320 2157 5377 Ὁ
2206 5317 2264 5374 δὲ
2316 5319 2570 5395 βασιλεὺς
2620 5318 2687 5375 τὰ
2734 5317 2972 5375 ἐπινικία
3018 5320 3179 5381 θύσας
3238 5340 3321 5392 τῳ
3367 5316 3685 5394 καλλινίκῳ

2027 5409 2256 5484 μάρτυρι
2318 5408 2573 5485 Γεωργίῳ
2647 5409 2736 5481 (ἦν
2791 5409 2895 5484 γὰρ
2964 5409 3101 5463 κατὰ
3154 5408 3250 5476 τήν
3313 5407 3521 5483 ἡμέραν
3583 5416 3688 5479 τῆς

326 5321 651 5390 Imperator
681 5318 753 5373 ob
776 5318 1141 5391 impetratam
1174 5319 1478 5377 victoriam
1512 5323 1800 5378 sacrificio
1827 5339 1913 5379 ve-

257 5411 495 5464 neratus
544 5407 868 5481 gloriosum
921 5413 1234 5481 martyrem
1282 5412 1593 5483 Georgium
1627 5412 1786 5485 (nam
1818 5413 1913 5469 die

255 5497 436 5568 hujus
467 5498 761 5555 memoriae
812 5504 1155 5555 consecrato
1186 5515 1320 5554 cum
1370 5500 1539 5556 hoste
1569 5503 1910 5558 conﬂictum

2093 5501 2181 5552 τοῦ
2220 5498 2444 5569 μνήμης
2495 5496 2756 5573 συρράξας
2802 5503 2918 5559 τοῖς
2969 5496 3284 5571 πολεμίοις)
3312 5501 3397 5571 τῇ
3439 5496 3674 5574 ἐπιούσῃ

254 5586 677 5660 fuit)postridie
709 5588 783 5644 ad
822 5588 1188 5644 Dorostolum
1236 5588 1421 5660 ducit,
1455 5589 1657 5663 ibique
1701 5590 1911 5648 castris

2093 5587 2109 5641 i
2149 5584 2310 5648 αὐτὸς
2334 5589 2438 5651 τῆς
2469 5587 2604 5660 πρὸς
2653 5586 2718 5642 τὸ
2768 5585 3105 5661 Δορόστολον
3156 5585 3357 5660 ἥψατο,
3410 5586 3586 5643 ἐκεῖσε
3621 5607 3684 5643 τε

260 5676 642 5760 communitis
670 5677 916 5737 classem
940 5678 1262 5735 Romanam
1294 5678 1590 5752 operitur:
1614 5697 1751 5739 nam
1775 5685 1911 5740 ante

2093 5674 2315 5752 νόμενος
2362 5673 2783 5754 στρατοπεδείαν
2814 5675 3072 5748 ἐπιήξατο
3120 5676 3351 5754 ὀχυράν.
3384 5675 3462 5735 Οὐ
3516 5677 3687 5752 μέντο
