3966 6134
172 316 183 321 ν
290 288 395 349 133

1410 289 1957 351 HISTORIARUM
2006 290 2549 361 COMPENDIUM.

3565 321 3682 381 134

282 440 336 495 γε
362 416 447 473 καὶ
475 415 803 493 πολιορκίας
834 418 1033 494 ἥψατο,
1066 416 1259 482 δεδιὼς
1306 422 1380 493 μή
1433 441 1550 483 πως
1599 418 1909 497 ἀφυλάκτου

2029 423 2210 497 hujus
2241 428 2559 489 adventum
2604 438 3104 509 oppugnationem
3153 449 3389 518 aggredi
3421 450 3679 524 nolebat,

282 513 371 563 τοῦ
398 512 647 581 ποταμοῦ
672 509 1041 583 τυγχάνοντος
1071 506 1370 585 ἀποδρᾶσαι
1423 511 1557 583 μετὰ
1602 514 1709 565 τῶν
1765 515 1910 582 νηῶν

282 596 542 668 δυνηθεῖεν
597 599 648 652 οἱ
696 599 866 660 Ῥώςο
926 598 1287 673 αὐλισάμενος
1351 597 1407 654 δὲ
1463 603 1764 675 προσέμενε
1818 601 1910 655 τὸν

277 688 572 760 Ῥωμαϊκὸν
603 685 825 745 στόλον.
858 689 943 743 Ἐν
990 692 1068 761 τῷ
1102 688 1297 762 μεταξὺ
1344 686 1403 743 δὲ
1450 691 1478 743 6
1531 686 1911 767 Σφενδοσθλά-

279 772 369 840 ϐος
394 775 482 838 οὓς
511 781 734 851 κατεῖχε
766 777 996 852 ζωγρίας
1026 777 1393 853 Βουλγάρους,
1428 779 1568 856 ἀμφὶ
1618 779 1715 841 τὰς
1748 780 1792 834 κ’
1822 798 1914 854 χιο

279 862 457 926 λιάδας
542 866 1027 941 ἀριθμουμένους,
1088 865 1475 943 σιδηροπέδαις
1547 870 1638 922 καὶ
1721 866 1915 930 ἄλλοις

280 953 486 1027 δεσμοῖς
516 953 879 1032 ἠσφαλίσατο,
910 957 1261 1012 ἐπανάστασιν
1315 953 1598 1033 φοϐηθεὶς,
1631 959 1718 1012 καὶ
1773 957 1911 1033 πρὸς

281 1042 552 1119 ὑποδοχὴν
599 1046 957 1119 ηὐτρεπίζετο
1003 1053 1101 1116 τῆς
1149 1045 1492 1123 πολιορκίας.
1527 1045 1669 1117 Ἤδη
1724 1044 1781 1101 δὲ
1823 1047 1914 1101 καὶ

278 1146 366 1196 τοῦ
421 1140 617 1197 στόλου
676 1139 1079 1207 καταλαϐόντος
1131 1144 1402 1221 ἐπεχείρει
1461 1149 1529 1219 τῇ
1574 1145 1917 1220 τειχομαχίᾳ

279 1232 305 1286 6
362 1231 633 1304 βασιλεὺς,
688 1235 773 1305 [Ρ.
822 1236 949 1307 676]
1003 1235 1093 1288 καὶ
1150 1233 1424 1299 πολλάκις
1480 1230 1913 1308 ἐπεκδραμόντας

279 1321 399 1382 τοὺς
438 1320 647 1383 Σκύθας
702 1321 983 1397 ἐτρέψατο.
1015 1328 1128 1394 Μιᾷ
1190 1322 1247 1378 δὲ
1301 1329 1407 1378 τῶν
1449 1327 1671 1399 ἡμερῶν
1722 1321 1917 1378 σκεδα-

278 1415 435 1473 σθεῖσι
482 1416 598 1472 τοῖς
636 1412 935 1484 Ῥωμαίοις
985 1411 1062 1475 εἷς
1103 1412 1319 1488 ἄριστον
1369 1414 1490 1490 περὶ
1534 1411 1721 1483 δείλην
1754 1412 1912 1486 ὀψίαν

276 1500 325 1553 οἱ
377 1494 662 1575 βάρϐαροι,
705 1499 784 1563 εἷς
829 1499 925 1556 δύο
977 1499 1333 1579 διαιρεθέντες
1391 1501 1783 1578 μέρη,ηἱππεῖς
1825 1499 1915 1556 καὶ

272 1589 416 1657 πεζοὶ
448 1587 507 1645 ἐκ
538 1586 787 1644 πυλίδων
825 1587 923 1645 δύο
954 1598 1054 1661 τῆς
1086 1590 1324 1660 πόλεως,
1356 1599 1458 1662 τῆς
1505 1612 1563 1647 τε
1606 1593 1741 1646 κατὰ
1789 1591 1915 1645 ἀνα-

270 1676 445 1749 τολὰς,
480 1678 542 1747 ἣν
576 1684 828 1756 φρουρεῖν
862 1678 1110 1735 ὶτέτακτο
1142 1680 1343 1756 Πέτρος
1373 1681 1400 1735 6
1432 1678 1916 1756 στρατοπεδάρχης

275 1765 398 1838 μετὰ
442 1771 664 1840 Θρᾳκῶν
712 1768 802 1822 καὶ
848 1767 1201 1838 Μακεδόνων,
1253 1770 1349 1825 καῖ
1393 1777 1494 1839 τῆς
1540 1771 1678 1843 πρὸς
1738 1766 1911 1841 δύσιν,

274 1855 400 1909 ὅπου
448 1853 658 1930 Βάρδας
705 1858 734 1911 6
785 1855 1040 1934 Σκληρὸς
1089 1860 1220 1933 μετᾶ
1248 1864 1356 1913 τῶν
1389 1860 1575 1933 Ἑῴων
1630 1857 1911 1930 δυνάμεων

275 1946 366 2014 τὴν
432 1943 680 2021 φυλακὴν
739 1945 1122 2023 ἐπετέτραπτο,
1177 1947 1403 2019 ἐξῆλθον
1462 1949 1921 2025 παραταξάμενοι»

281 2043 389 2095 κότε
444 2045 662 2117 πρῶτον
719 2044 964 2120 φανέντες
1019 2041 1266 2123 ἔφιπποι·
1300 2046 1399 2107 τὰς
1447 2047 1548 2121 γὰρ
1596 2065 1922 2122 προηγησα-

280 2129 430 2201 μένας
471 2130 656 2206 μάχας
702 2133 853 2200 πεζοῖ
904 2130 1321 2207 διηγωνίσαντο.
1356 2134 1458 2197 Οὓς
1521 2136 1812 2210 εὐρώστως
1868 2136 1921 2189 οἱ

274 2220 531 2291 Ῥωμαῖοι
582 2217 862 2292 δεξάμενοι
933 2220 1177 2294 ἐκθύμως
1229 2221 1540 2299 ἐμάχοντο’
1600 2224 1692 2278 καὶ
1750 2222 1919 2298 μέχρι

272 2306 478 2362 πολλοῦ
513 2307 867 2372 ίσοτάλαντος
897 2312 960 2379 ἦν
997 2313 1024 2364 6
1055 2311 1225 2387 ἀγών.
1261 2313 1436 2377 Τέλος
1478 2310 1535 2367 δὶ
1580 2316 1649 2387 τῇ
1694 2314 1919 2391 σφετέρᾳ

271 2396 425 2472 ἀρετῇ
472 2398 740 2470 Ῥωμαῖοι
784 2398 1038 2474 τρέπουσι
1083 2399 1212 2464 τοὺς
1272 2396 1575 2476 βαρϐάρους
1635 2402 1724 2456 καὶ
1778 2401 1915 2475 πρὸς

271 2487 447 2558 τεῖχος
477 2482 852 2557 συγκλείουσι,
885 2484 1117 2541 πολλῶν
1157 2489 1250 2543 κάν
1282 2493 1360 2560 τῷ
1410 2489 1581 2564 ἀγῶνι
1620 2488 1763 2561 τῶδε
1819 2510 1913 2544 πε-

271 2572 483 2644 σόντων,
519 2573 611 2627 καὶ
672 2572 882 2646 μᾶλλον
938 2576 1173 2647 ἱππέων,
1210 2575 1442 2650 μηδενὸς
1505 2576 1562 2633 δὲ
1617 2583 1726 2634 τῶν
1780 2580 1915 2633 Ῥω-

273 2660 437 2731 μαίων
467 2666 980 2739 τραυματισθέντος,
1013 2665 1139 2721 ἀλλ’
1174 2668 1208 2737 ἢ
1254 2669 1432 2740 μόνων
1478 2666 1665 2723 ἳππων
1717 2668 1909 2723 πεσόν-

270 2770 370 2804 των
422 2756 615 2826 τριῶν.
656 2753 812 2808 Οὕτω
871 2751 929 2808 δὲ
987 2758 1332 2829 θραυσθέντες
1392 2759 1444 2811 οἱ
1506 2752 1771 2834 βάρϐαροι
1819 2758 1910 2811 καὶ

271 2837 389 2893 εἷ’σω
444 2842 667 2916 τείχους
720 2842 1094 2909 συνελαθέντες
1148 2846 1338 2908 νυκτὸς
1383 2846 1774 2921 ἰπιγενομένης
1825 2844 1909 2900 δι-

272 2931 603 3006 ενυκτέρευον
633 2928 918 3009 ἄγρυπνοι,
949 2934 1039 2989 καὶ
1068 2934 1194 2997 τοὺς
1227 2935 1279 2991 ἓν
1305 2940 1375 3011 τῇ
1434 2937 1589 3012 μάχῃ
1648 2935 1911 3000 πεσόντας

273 3018 690 3098 ἀπωλοφύροντο
764 3023 975 3098 ἀγρίοις
1050 3026 1139 3079 καὶ
1225 3023 1545 3103 φρικώδεσιν
1608 3024 1903 3102 ὀδυρμοῖς,

274 3106 341 3171 ὡς
376 3106 556 3165 δοκεῖν
587 3109 714 3173 τοὺς
747 3111 1044 3177 ἀκούοντας
1099 3113 1305 3191 θηρίων
1358 3116 1486 3169 εἶναι
1541 3116 1903 3191 βρυχηθμοὺς

270 3197 352 3250 καὶ
384 3198 622 3275 ὠρυγὰς,
657 3199 782 3257 ἀλλ’
814 3201 875 3256 ού
908 3205 1142 3279 θρήνους
1174 3188 1478 3278 ’ἀνθρώπων
1513 3188 1601 3260 καὶ
1634 3188 1905 3280 οίμωγάς.
1939 3188 1982 3255 C

270 3294 490 3373 Ἡμέρας
556 3295 612 3353 δὲ
666 3296 783 3375 άρτι
844 3296 1189 3376 διαγελώσης
1264 3302 1461 3365 πάντας
1513 3302 1641 3365 τοὺς
1692 3301 1743 3356 ἔν
1798 3323 1909 3357 τισι

272 3386 549 3461 φρουρίοις
578 3386 653 3449 εἷς
686 3386 933 3466 φυλακήν
962 3389 1391 3465 ἐσκεδασμένους
1450 3392 1811 3447 ἀνεκαλοῦντο
1860 3392 1914 3457 ἐς

271 3473 329 3527 τὸ
358 3474 723 3551 Δορόστολον,
747 3479 833 3533 καὶ
865 3480 1080 3554 ταχέως
1134 3482 1266 3549 ἧκον
1323 3480 1770 3553 μετακληθέντες.
1804 3483 1909 3538 Καὶ

274 3563 299 3617 6
327 3563 581 3638 βασιλεὺς
614 3564 671 3621 δὲ
701 3566 1013 3643 ἀνειληφὼς
1044 3567 1180 3640 ὅλην
1203 3571 1303 3639 τὴν
1336 3568 1560 3644 δύναμιν
1610 3571 1777 3640 ἦλθεν
1832 3571 1907 3634 είς

270 3651 327 3705 τὸ
358 3654 460 3729 πρὸ
488 3662 591 3724 τῆς
623 3655 840 3719 πόλεως
867 3654 1076 3730 πεδίον,
1108 3661 1199 3713 καὶ
1229 3660 1365 3735 πρὸς
1398 3658 1640 3733 πόλεμον
1691 3659 1910 3735 ἠρέθιζε

269 3740 386 3802 τοὺς
420 3738 750 3819 βαρϐάρους.
784 3746 937 3802 Ἐπεὶ
978 3745 1035 3802 δὶ
1067 3750 1143 3820 μὴ
1194 3747 1434 3822 ἐξῄεσαν,
1467 3748 1540 3810 εἷς
1586 3750 1649 3803 τὸ
1683 3748 1906 3821 στρατό-

271 3826 422 3884 πεδον
459 3834 801 3909 ὑποστρέψας
828 3834 1061 3910 ἡσυχίαν
1090 3837 1213 3911 ἦγε.
1248 3838 1342 3891 Καὶ
1395 3836 1708 3914 προσῆλθον
1755 3839 1907 3910 αύτῷ

269 3914 510 3994 πρέσϐεις
543 3920 603 3976 ἐκ
633 3924 1030 3986 Κωνσταντείας
1079 3926 1169 3979 καὶ
1219 3930 1322 3980 τῶν
1383 3925 1567 3981 ἄλλων
1632 3926 1903 4004 φρουρίων

268 4012 367 4062 τῶν
399 4008 565 4084 πέραν
614 4008 917 4087 ἱδρυμένων
973 4018 1071 4068 τοῦ
1102 4015 1333 4087 Ἴστρου,
1365 4015 1663 4089 ἀμνηστίαν
1723 4019 1901 4070 κακῶν

272 4096 576 4172 αἰτούμενοι
606 4101 696 4154 καὶ
746 4102 967 4165 ἑαυτοὺς
1012 4101 1403 4180 ἐγχειρίζοντες
1454 4104 1545 4159 σὺν
1588 4110 1706 4168 τοῖς
1768 4106 1904 4180 ὀχυ-

270 4187 538 4260 ρώμασιν·
603 4188 696 4252 οὓς
752 4196 1044 4266 προσηνῶς
1095 4191 1382 4266 δεξάμενος
1442 4193 1723 4250 ἀπέστειλε
1778 4195 1904 4259 τοὺς

268 4276 761 4353 παραληψομένους
783 4280 850 4335 τὰ
881 4281 1114 4359 φρούρια
1142 4283 1232 4337 καὶ
1260 4284 1507 4359 στρατιὰν
1570 4284 1900 4360 ἀποχρῶσαν

270 4364 340 4425 εἶς
392 4368 489 4435 τὴν
553 4367 728 4424 αὐτῶν
789 4368 1064 4447 φυλακήν.
1095 4369 1234 4442 Ἤδη
1270 4370 1325 4427 δὲ
1378 4372 1604 4449 ἑσπέρας
1663 4374 1900 4430 καταλα-

2024 530 2096 570 ne
2125 532 2297 573 amne
2348 522 2627 579 custodiae
2672 542 2856 582 vacuo
2888 530 3134 588 navibus
3183 535 3436 608 effugere
3477 540 3678 599 Rossis

2024 602 2246 662 liceret.
2299 609 2533 667 Interim
2586 612 3137 685 Sphendosthlabus
3185 602 3470 697 Bulgaros
3526 646 3677 702 quos

2024 695 2283 766 captivos
2314 696 2588 769 habebat,
2638 704 2712 758 ad
2739 704 2810 758 20
2851 706 3037 762 millia
3079 695 3418 771 numeratos
3446 695 3678 791 compe-

2024 783 2198 839 dibus
2229 802 2294 840 ac
2322 787 2575 846 vinculis
2623 795 2997 867 constringit,
3032 804 3301 858 metuens
3348 821 3418 859 ne
3447 807 3486 861 ii
3518 810 3681 865 sedi-

2023 872 2244 929 tionem
2276 878 2731 949 concitarent,et
2755 900 2817 938 se
2834 886 2904 940 ad
2924 886 3288 947 tolerandam
3310 893 3679 955 obsidionem

2023 966 2210 1032 parat.
2238 965 2563 1035 Imperator
2581 970 2681 1025 ubi
2716 971 2923 1029 classis
2955 978 3203 1047 appulit,
3223 997 3564 1055 oppugnare
3587 1004 3681 1044 ur-

2023 1048 2156 1104 bem
2206 1052 2436 1125 incipit,
2473 1060 2530 1112 et
2579 1075 2732 1131 saepe
2784 1070 3161 1136 erumpentes
3210 1048 3353 1126 urbe
3385 1048 3682 1135 "barbaros

2024 1138 2317 1211 proﬂigat.
2350 1144 2614 1206 Quadam
2665 1149 2760 1205 die
2807 1152 2918 1206 sub
2946 1169 3249 1226 vesperam
3296 1160 3576 1221 Romanis
3607 1169 3681 1223 ad

2024 1243 2251 1283 ccnnam
2280 1231 2609 1305 dissipatis,
2644 1238 2879 1294 barbari
2901 1241 3180 1313 bipartito
3202 1248 3435 1319 agmine
3456 1256 3684 1325 equites

2024 1329 2081 1379 et
2112 1327 2338 1396 pedites
2371 1333 2521 1399 (tum
2545 1335 2805 1406 primum
2838 1338 2878 1393 ii
2906 1341 3136 1412 equites
3164 1344 3271 1401 visi
3301 1353 3461 1418 sunt,
3484 1350 3687 1410 hacte-
3740 1416 3749 1425 _

2026 1430 2138 1469 nus
2170 1417 2395 1487 pedites
2444 1425 2676 1479 tantum
2710 1432 3137 1504 pugnaverant)
3169 1435 3397 1493 duabus
3428 1456 3495 1501 se,
3521 1443 3686 1501 urbis

2025 1504 2211 1574 portis
2261 1509 2596 1583 effundunt,
2650 1531 2902 1586 quarum
2952 1536 3072 1576 una
3118 1539 3325 1582 versus
3374 1528 3682 1604 orientem,

2026 1608 2204 1664 quam
2236 1600 2537 1657 custodire
2561 1603 2770 1673 jussus
2796 1611 2922 1662 erat
2945 1608 3152 1685 Petrus
3181 1618 3506 1675 castrorum
3539 1637 3685 1691 prae-

2025 1680 2216 1739 fectus
2245 1700 2377 1744 cum
2398 1688 2722 1749 Thracibus
2753 1698 2810 1750 et
2836 1680 3250 1759 Macedonibus
3275 1721 3289 1769 ;
3322 1707 3471 1763 401
3500 1680 3685 1769 altera

2033 1772 2437 1845 occidentalis,
2460 1780 2531 1835 ad
2556 1797 2730 1851 quam
2753 1783 2812 1839 in
2828 1788 3087 1844 excubiis
3109 1789 3336 1849 locatus
3358 1800 3483 1853 erat
3501 1799 3688 1859 Barda

2020 1859 2256 1919 Sclerus
2279 1881 2411 1922 cum
2441 1868 2847 1930 Orientalibus
2868 1877 3074 1949 copiis.
3098 1880 3324 1939 Acriter
3339 1885 3685 1947 dimicatum

2036 1953 2144 2018 est,
2181 1952 2462 2012 Romanis
2482 1958 2706 2015 fortiter
2726 1979 2825 2019 eos
2856 1966 3341 2028 subsistentibus.
3365 1974 3434 2029 Et
3456 1978 3687 2036 tametsi

2032 2038 2379 2109 aliquandiu
2425 2047 2605 2103 dubia
2651 2052 2815 2107 stetit
2841 2054 3107 2124 victoria,
3140 2062 3337 2117 tamen
3388 2064 3458 2119 ad
3492 2071 3685 2124 extre-

2032 2142 2196 2183 mum
2230 2131 2479 2190 Romani
2512 2154 2621 2194 sua
2649 2140 2863 2197 virtute
2894 2144 3173 2204 barbaros
3219 2150 3490 2224 fundunt,
3524 2157 3679 2213 mul-

2027 2217 2225 2288 tisque
2257 2223 2463 2279 occisis
2514 2228 2765 2284 maxime
2807 2234 2878 2287 de
2926 2236 3211 2306 equitatu,
3242 2239 3302 2295 in
3344 2243 3548 2300 urbem
3583 2263 3677 2302 re-

2026 2302 2220 2376 liquos
2233 2313 2615 2383 compellunt.
2642 2318 3037 2379 Romanorum
3055 2327 3352 2385 sauciatus
3367 2336 3456 2387 est
3478 2350 3675 2404 nemo,

2027 2411 2215 2466 neque
2246 2398 2359 2455 nisi
2407 2406 2526 2458 tres
2557 2407 2691 2476 equi
2742 2410 3067 2481 quidquam
3101 2416 3291 2485 periit.
3344 2419 3462 2476 Hoc
3488 2398 3677 2493 lpacto

2024 2483 2193 2540 fracti
2226 2487 2455 2545 barbari
2500 2497 2555 2547 et
2584 2494 2738 2551 intra
2772 2514 2973 2555 muros
3017 2505 3203 2559 coacti
3234 2512 3463 2565 noctem
3496 2511 3671 2568 istam

2024 2571 2355 2634 insomnem
2369 2589 2770 2653 exegerunt,et
2786 2602 2884 2643 eos
2906 2590 3002 2660 qui
3028 2590 3087 2645 in
3112 2609 3308 2664 pugna
3321 2598 3675 2673 ceciderant,

2022 2662 2161 2718 feris
2210 2670 2381 2737 atque
2424 2671 2787 2730 terribilibus
2838 2662 3156 2747 ejulatibus
3197 2662 3672 2762 deploraverunt,

2020 2754 2086 2805 ut
2138 2753 2476 2829 quicunque
2524 2762 2816 2831 audirent,
2865 2783 2983 2822 non
3031 2768 3337 2829 hominum
3386 2773 3671 2848 lamenta,

2020 2842 2121 2895 sed
2146 2842 2397 2900 ferarum
2423 2850 2653 2920 rugitus
2677 2855 2733 2907 et
2754 2855 3019 2926 mugitus
3032 2863 3336 2929 putaretse
3348 2842 3667 2938 percipere.

2018 2939 2140 2994 Sub
2168 2958 2437 3001 auroram
2457 2964 2659 3005 omnes
2677 2951 2776 3022 qui
2805 2952 2940 3010 hinc
2970 2954 3108 3013 inde
3136 2974 3235 3030 per
3262 2962 3505 3020 castella
3528 2982 3672 3037 prte-

2017 3028 2151 3084 sidii
2192 3048 2367 3088 causa
2397 3041 2582 3107 erant,
2617 3040 2687 3094 ad
2720 3056 2782 3096 se
2811 3028 3183 3103 Dorostolum
3215 3057 3477 3123 evocant,
3510 3054 3671 3127 iique

2021 3122 2229 3187 praesto
2254 3121 2509 3179 fuerunt.
2530 3126 2852 3198 Imperator
2874 3148 3104 3205 quoque
3135 3139 3325 3193 totum
3349 3121 3666 3201 exercitum

2019 3205 2077 3260 in
2113 3223 2384 3281 campum
2410 3213 2507 3284 qui
2531 3219 2619 3270 est
2649 3220 2783 3273 ante
2806 3220 3009 3276 urbem
3028 3224 3226 3280 eduxit
3251 3243 3263 3294 ;
3297 3232 3354 3282 et
3384 3228 3667 3289 barbaros

2022 3309 2156 3350 cum
2187 3298 2406 3356 frustra
2435 3302 2504 3356 ad
2536 3318 2795 3376 pugnam
2842 3316 3232 3379 provocasset,
3264 3314 3322 3369 in
3355 3321 3546 3374 castra
3576 3336 3666 3376 re-

2023 3383 2207 3452 duxit,
2242 3403 2308 3442 ac
2335 3389 2575 3460 quievit.
2609 3393 2687 3449 Ea
2718 3395 2810 3450 die
2840 3398 2909 3452 ad
2934 3397 3130 3470 ipsum
3161 3404 3404 3461 veniunt
3434 3405 3609 3481 legati
3633 3427 3668 3467 a

2020 3472 2377 3544 Constantia,
2411 3483 2468 3534 et
2499 3480 2630 3536 aliis
2660 3486 2821 3540 trans
2851 3487 3065 3544 Istrum
3098 3489 3224 3546 sitis
3255 3472 3535 3568 castellis,
3565 3515 3664 3555 ve-

2019 3561 2178 3617 niam
2209 3568 2474 3635 petentes
2504 3576 2557 3623 el
2588 3587 2649 3626 se
2680 3589 2746 3627 ac
2799 3576 3160 3635 munitiones
3190 3580 3487 3640 dedentes.
3522 3587 3664 3650 Qui-

2016 3650 2129 3706 bus
2169 3652 2419 3726 benigne
2450 3660 2704 3731 acceptis
2738 3661 2919 3719 mittit
2959 3666 3059 3737 qui
3092 3670 3330 3727 castella
3358 3673 3663 3749 recipiant,

2016 3741 2313 3815 simulque
2364 3748 2659 3817 praesidia,
2692 3752 2907 3823 quibus
2959 3772 3026 3812 ea
3074 3763 3359 3817 asservari
3404 3765 3660 3835 quirent.

2018 3830 2265 3903 Vespere
2287 3835 2409 3905 jam
2443 3838 2591 3893 facto
2635 3840 2798 3896 Rossi
2831 3845 2984 3902 402
3028 3849 3305 3906 omnibus
3334 3830 3497 3910 urbis
3526 3870 3659 3926 por-

2014 3920 2091 3976 tis
2122 3924 2358 3993 apertis,
2404 3942 2648 3984 numero
2696 3932 3016 3991 admodum
3050 3938 3228 4004 aucti,
3260 3939 3321 3995 in
3364 3945 3659 4004 Romanos

2014 4011 2086 4065 ob
2116 4015 2345 4068 noctem
2367 4015 2509 4071 nihil
2531 4018 2641 4074 tale
2658 4022 3027 4092 suspicantes
3050 4026 3307 4084 irruunt.
3333 4034 3397 4086 Et
3419 4034 3654 4105 quidem

2014 4101 2204 4173 primo
2236 4104 2509 4162 conflictu
2556 4108 2804 4167 victores
2850 4113 3219 4189 videbantur,
3252 4101 3537 4191 paulatim
3569 4128 3657 4181 ta-

2014 4206 2148 4246 men
2181 4192 2427 4250 Romani
2460 4198 2790 4269 superiores
2818 4208 2959 4259 sunt
2989 4205 3148 4261 facti.
3181 4208 3327 4266 Nam
3351 4211 3453 4268 ubi
3482 4212 3670 4285 Spha-

2013 4279 2201 4352 gellus
2227 4283 2545 4341 fortissime
2576 4304 2847 4362 pugnans
2872 4294 3103 4361 cecidit,
3129 4312 3195 4353 eo
3227 4300 3448 4357 amisso
3482 4303 3669 4360 animi

2013 4370 2388 4429 barbarorum
2417 4374 2691 4447 languere
2723 4388 3026 4453 cmperunt
3046 4390 3103 4441 et
3132 4387 3363 4445 remisit
3389 4391 3672 4465 impetus.

268 4449 460 4528 ϐούσης
490 4459 589 4520 τὰς
615 4460 786 4523 πάσας
818 4460 993 4525 πύλας
1050 4470 1150 4533 τῆς
1206 4462 1421 4527 πόλεως
1478 4466 1900 4529 ἀναπετάσαντες

2018 4458 2116 4515 Per
2147 4465 2329 4519 totam
2386 4467 2585 4522 tamen
2640 4449 2870 4527 noctem
2920 4474 3280 4545 subsistunt,
3312 4449 3495 4550 atque
3528 4449 3673 4540 adeo

268 4545 319 4598 οἱ
374 4547 529 4620 Ῥὼς,
562 4548 762 4622 πολλῷ
807 4554 913 4605 τῶν
966 4553 1245 4628 προτέρων
1289 4552 1538 4618 πλείονες
1588 4553 1755 4623 ὄντες,
1801 4555 1909 4611 ἐπι·

2032 4554 2103 4609 ad
2130 4554 2433 4610 meridiem
2458 4573 2647 4628 usque
2671 4576 2684 4615 :
2719 4563 2843 4616 tum
2870 4563 3109 4621 demum
3141 4568 3673 4630 animadvertentes

268 4632 515 4691 πίπτουσι
544 4643 664 4701 τοῖς
691 4640 989 4713 Ῥωμαίοις
1038 4640 1375 4706 ἀνελπίστως
1435 4641 1523 4698 διὰ
1579 4646 1677 4713 τὴν
1738 4645 1906 4701 νύκτα

269 4719 522 4801 διάγουσι·
556 4727 807 4783 καὶκατὰ
839 4730 932 4802 μὶν
961 4732 1060 4799 τὴν
1102 4733 1324 4802 πρώτην
1379 4729 1663 4807 συμϐολὴν
1722 4729 1905 4808 ἔδοξαν

268 4823 617 4891 προτερῆσαι,
681 4819 814 4891 μετᾶ
890 4822 1080 4894 μικρὸν
1143 4818 1200 4876 δὲ
1258 4822 1556 4899 ὑπερέσχον
1614 4825 1903 4899 Ῥωμαῖοι.

267 4912 348 4977 Ὠς
376 4918 475 4992 γάρ
508 4912 706 4988 συνέϐη
739 4924 918 4973 πεσεῖν
950 4920 1040 4974 τὸν
1102 4919 1419 4997 Σφάγελλον
1466 4925 1722 4997 ἡρωϊκῶς
1756 4924 1905 4999 ἀγω-

267 5003 567 5077 νιζόμενον,
630 5005 1003 5083 συνεχύθησαν
1058 5013 1126 5083 τῇ
1182 5014 1279 5064 τοῦ
1332 5012 1590 5074 πεσόντος
1660 5014 1907 5087 στερήσει

264 5093 467 5157 καὶτὰς
524 5096 700 5171 ὁρμὰς
749 5095 1161 5172 ἰχαυνώθησαν.
1193 5101 1390 5173 ’Ὁμώς
1446 5099 1723 5157 ἀνένδοτοι
1780 5103 1907 5176 παρ’

267 5178 395 5253 ὅλην
425 5185 525 5254 τήν
559 5185 726 5241 νύκτα
770 5184 1040 5260 διέμειναν
1086 5189 1177 5243 καὶ
1231 5190 1329 5258 τήν
1384 5189 1636 5245 ἐπιοῦσαν
1696 5191 1906 5265 ἡμέραν

269 5270 426 5345 μέχρι
461 5278 734 5350 σταθηρᾶς
772 5271 1135 5352 μεσημϐρίας.
1167 5278 1297 5333 Τότε
1354 5276 1420 5349 δὴ
1480 5285 1577 5334 τοῦ
1639 5278 1910 5357 βασιλέως

269 5354 488 5434 δύναμιν
519 5364 874 5443 πεπομφότος
909 5364 988 5443 ἐφ’
1022 5367 1067 5438 ᾧ
1114 5373 1232 5430 τοῖς
1294 5363 1589 5444 βαρϐάροις
1640 5354 1909 5425 ⁷ἀποκλεῖ-

267 5468 347 5502 σαι
377 5451 474 5520 τήν
504 5451 582 5515 εἰς
612 5454 711 5522 τὴν
758 5453 922 5510 πόλιν
964 5453 1194 5525 εἷ’σοδον,
1227 5457 1440 5533 γνόντες
1488 5459 1539 5514 οἱ
1570 5460 1704 5522 Ῥὼς
1760 5456 1908 5515 ἔκλι-

266 5557 350 5591 ναν
383 5538 460 5603 εἰς
480 5543 677 5619 φυγήν,
708 5543 798 5598 καὶ
826 5545 921 5606 τὰς
948 5545 1088 5620 πρὸς
1134 5548 1235 5617 τήν
1279 5545 1442 5603 πόλιν
1495 5546 1740 5612 εἰσόδους
1788 5547 1908 5605 ἐπι-

263 5630 667 5707 τετειχισμᾶνας
700 5630 944 5709 εὑρόντες
990 5629 1214 5715 ἔφευγον
1278 5633 1368 5692 διὰ
1416 5640 1514 5693 τοῦ
1569 5635 1762 5694 πεδίου
1816 5638 1908 5694 καὶ

2015 4644 2086 4698 ab
2119 4642 2470 4714 imperatore
2514 4647 2759 4704 missam
2793 4668 2923 4708 esse
2971 4657 3256 4711 exercitus
3286 4662 3512 4729 partem
3543 4677 3674 4733 qum

2020 4733 2235 4787 Rossos
2283 4733 2444 4789 aditu
2487 4734 2545 4790 in
2599 4738 2803 4795 urbem
2835 4741 3195 4815 excluderet,
3230 4746 3377 4817 fugae
3412 4764 3475 4804 se
3507 4750 3671 4825 dant,

2018 4846 2269 4900 cumque
2298 4833 2422 4889 vias
2467 4834 2525 4889 in
2558 4837 2763 4893 urbem
2797 4841 3079 4897 ducentes
3112 4843 3443 4902 invenirent
3473 4848 3676 4909 obses-

2019 4938 2137 4986 sas,
2173 4937 2276 4992 per
2306 4938 2584 4995 campum
2637 4927 2770 4999 fuga
2804 4928 3077 5000 dispersi,
3113 4933 3184 4987 ab
3220 4932 3675 5008 insequentibus

2019 5009 2188 5065 multi
2222 5012 2588 5070 occiduntur.
2639 5015 2715 5071 Ea
2765 5033 2889 5089 quae
2936 5020 3256 5078 subsecuta
3286 5026 3551 5096 proxime
3580 5031 3673 5084 est

2018 5116 2150 5166 nox,
2182 5099 2729 5171 Sphendosthlabus
2762 5105 2927 5162 urbis
2958 5124 3161 5167 muros
3198 5112 3351 5169 fossa
3380 5116 3674 5187 profunda

2019 5189 2528 5256 circumdabat,ne
2560 5193 2725 5249 facile
2744 5194 2993 5252 Romani
3018 5215 3151 5255 cum
3186 5201 3408 5275 impetu
3433 5211 3677 5277 possent

2018 5294 2118 5333 eos
2148 5283 2553 5350 oppugnatum
2605 5283 2922 5355 accedere;
2966 5290 3141 5359 atque
3171 5289 3279 5346 hoc
3324 5294 3497 5349 modo
3528 5295 3674 5353 urbe

2020 5368 2386 5422 communita
2415 5369 2622 5425 statuit
2645 5370 3010 5431 obsidionem
3040 5376 3360 5438 fortissime
3391 5384 3670 5455 perferre.

2020 5465 2168 5528 Quia
2197 5469 2394 5522 autem
2423 5467 2689 5540 plerique
2712 5471 2966 5530 militum
2993 5476 3121 5547 ejus
3153 5479 3226 5534 ob
3256 5479 3502 5538 vulnera
3519 5482 3672 5541 male

2020 5554 2335 5624 habebant,
2355 5560 2412 5612 et
2423 5557 2550 5629 jam
2582 5563 2949 5635 consumptis
2978 5564 3277 5625 alimentis
3297 5573 3543 5642 penuria
3564 5571 3674 5629 im-

2020 5643 2302 5717 minebat,
2322 5661 2456 5703 cum
2474 5647 2781 5722 importari
2812 5651 3050 5711 aliunde
3071 5656 3392 5730 quidquam
3418 5659 3673 5721 Romani
