3922 6132
268 328 383 389 135
1610 318 1927 380 GEORGII
1973 318 2314 383 CEDRENI
3556 329 3684 393 136

262 478 379 539 non
404 459 685 525 sinerent,
719 454 1026 513 observata
1075 455 1243 509 nocte
1272 452 1581 509 tenebrosa
1617 468 1683 508 ac
1712 450 1811 507 illu

2141 448 2583 528 ιλαμόανόμενοι
2638 456 2961 534 ἀνῃροῦντο.
3010 460 3072 518 Ὁ
3128 457 3186 515 δὲ
3238 456 3690 539 Σφενδοσθλάϐος

259 532 515 624 ἥτιόιιοω
535 547 755 603 imbres
772 543 992 616 magni,
1016 543 1237 616 grando
1260 541 1538 598 terribilis
1563 541 1808 614 fulgurat

2137 542 2213 604 τὸς
2244 540 2629 619 ἐπιγενομένης
2661 532 2891 623 διώρυγι
2947 549 3138 624 βαθείᾳ
3193 550 3255 604 τὸ
3297 532 3413 621 ’τῆς
3464 548 3686 612 πόλεως

259 645 317 697 et
345 638 604 696 tonitrua
632 634 925 691 horrenda
953 631 1303 700 inciderant,
1335 647 1468 685 cum
1500 630 1732 686 duobus
1762 630 1808 683 vi

2131 633 2359 706 εφάνωσε
2387 639 2597 708 τεῖχος,
2631 638 2711 709 [Ρ.
2744 639 2873 710 677]
2910 635 3002 692 ’ίνα
3071 638 3147 711 μὴ
3198 638 3441 715 εὐχερῶς
3500 635 3680 715 ἔχοιεν

262 745 394 786 rum
426 726 690 783 millibus
738 723 945 780 lintres
993 719 1333 777 conscendit
1379 727 1436 775 et
1487 720 1557 774 ad
1602 735 1811 790 quare]

2131 726 2370 794 Ρωμαῖοι
2405 724 2523 795 μεθ’
2553 724 2735 800 ὁρμῆς
2764 730 2843 798 τῷ
2870 728 2971 795 τῆς
3021 726 3237 791 πόλεως
3285 728 3457 805 τείχει
3505 748 3680 803 προσ-

259 817 438 875 victui
469 814 804 873 necessaria
848 810 1106 882 navigat.
1156 809 1301 864 Cum
1333 807 1709 880 collegissent
1740 824 1807 878 pr

2131 809 2296 878 άζειν.
2331 812 2432 867 Καὶ
2492 811 2635 867 οὕτω
2693 815 2791 883 τήν
2850 813 3015 869 πόλιν
3066 814 3505 894 ἀσφαλισάμενος
3538 815 3679 894 ἔγνω

260 908 512 981 quisque
528 906 681 962 403
713 901 973 959 nancisci
1007 902 1252 973 poterat,
1274 899 1653 965 frumentum,
1680 896 1800 951 mili

2165 899 2509 975 εὐψυχότατοι
2534 902 2633 970 τὴν
2686 901 3015 977 πολιορκίαν
3069 903 3488 982 προσδέχεσθαι.
3526 907 3677 962 Ἐπεὶ

257 1003 314 1055 et
334 997 481 1054 alias
496 997 564 1051 ad
581 996 761 1050 vitam
776 989 1222 1047 sustentandam
1248 986 1527 1042 facientes
1550 1003 1803 1053 res,rurs

2124 986 2166 1041 εὸ
2196 985 2362 1043 πλέον
2386 996 2488 1059 τῆς
2519 996 2773 1066 στρατιᾶς
2830 989 3095 1068 διὲκειγτο
3154 999 3336 1057 κακῶς
3397 996 3504 1050 ἀπὸ
3562 1001 3673 1050 τῶν

256 1088 497 1144 adverso
526 1083 772 1139 ﬂumine
792 1077 1167 1136 Dorostolum
1197 1075 1514 1131 vehuntur.
1540 1078 1728 1147 Atque
1756 1076 1805 1129 in

2123 1078 2362 1149 υμάτων,
2426 1076 2867 1153 συνεπελάμϐανε
2924 1079 2983 1137 δὶ
3037 1082 3126 1137 καὶ
3179 1082 3342 1157 λιμὸς
3394 1081 3502 1155 ἤδη
3561 1090 3672 1140 τῶν

257 1175 821 1240 revehendum,cum
848 1169 909 1224 in
942 1168 1070 1240 ripa
1092 1164 1356 1221 ﬂuminis
1378 1165 1641 1219 viderent
1672 1165 1806 1219 calo:

2125 1165 2314 1239 γκαίων
2367 1166 2779 1239 δαπανηθέντων
2862 1171 3066 1241 αὐτοῖς,
3128 1193 3215 1227 και
3295 1170 3425 1245 μηδ’
3483 1168 3674 1244 ἔξωθεν

254 1265 406 1321 haud
464 1278 701 1336 paucos,
757 1274 1009 1331 quorum
1067 1255 1164 1311 alii
1214 1270 1397 1326 equos
1449 1254 1750 1325 potabant,
1802 1292 1803 1301 χ

2121 1254 2241 1330 πρὸς
2298 1256 2485 1331 χρείαν
2544 1264 2964 1334 συνεχωροῦντο
3024 1261 3209 1323 αὐτοῖς
3267 1261 3670 1335 εἰσκομίζεσθαι

250 1354 495 1410 herbam
525 1355 627 1408 aut
654 1350 812 1423 ligna
834 1346 1204 1419 colligebant,
1226 1343 1469 1399 navibus
1491 1343 1709 1415 egressi
1727 1347 1785 1397 et

2125 1344 2156 1398 ὰ
2209 1349 2316 1399 τῶν
2375 1347 2682 1421 Ῥωμαίων,
2732 1348 2898 1404 νύκτα
2978 1350 3194 1426 βαθεῖαν
3245 1350 3335 1405 καὶ
3400 1349 3668 1423 ἀσέληνον

253 1442 463 1499 silvam
513 1442 737 1513 absque
785 1436 1033 1509 strepitu
1084 1434 1442 1500 incedentes,
1476 1448 1576 1486 eos
1609 1430 1754 1486 nihil
1786 1437 1802 1486 t

2122 1436 2342 1507 τηρήσας
2419 1437 2447 1489 ὁ
2533 1433 3002 1513 Σφενδοσθλάϐος,
3055 1440 3176 1504 καθ’
3232 1441 3296 1509 ἣν
3385 1440 3536 1502 ὑετός
3610 1461 3671 1495 τε

251 1531 574 1604 cogitantes
604 1528 798 1585 subito
820 1525 1186 1590 adoriuntur,
1207 1520 1529 1593 multisque
1558 1520 1796 1576 interfec

2121 1519 2265 1585 δαῖος
2306 1522 2357 1593 ἐξ
2408 1522 2637 1597 οὐρανοῦ
2683 1528 2992 1608 κατηνέχθη
3044 1529 3133 1583 καὶ
3184 1526 3402 1604 χάλαζα
3460 1525 3670 1608 φοϐερὰ

250 1620 511 1693 reliquos
559 1616 805 1691 palatim
855 1615 914 1670 in
963 1612 1228 1685 proxima
1277 1624 1519 1665 nemora
1565 1625 1627 1665 se
1684 1609 1793 1665 abd

2116 1610 2272 1687 Ξράγη
2306 1612 2393 1666 καὶ
2458 1614 2676 1687 βρονταὶ
2736 1616 2823 1670 καὶ
2860 1605 3149 1692 ’ἀστραπαὶ
3210 1605 3665 1695 φρικωδέσταται.

249 1714 488 1783 cogunt.
523 1707 663 1780 Ipsi,
697 1706 822 1762 suis
854 1702 1131 1758 lintribus
1162 1716 1399 1756 rursum
1422 1699 1779 1770 conscensis,

2115 1699 2335 1771 οξύλοις
2363 1702 2477 1776 (28)
2507 1698 2680 1775 ἐμϐὰς
2713 1703 2845 1776 μετά
2878 1701 3169 1781 δισχιλίων
3211 1704 3421 1781 ἀνδρῶν
3471 1704 3663 1779 ἔξεισιν

248 1799 439 1855 cundo
462 1802 633 1854 vento
655 1792 1025 1852 Dorostolum
1047 1790 1312 1846 redeunt.
1337 1790 1683 1859 Imperator,
1704 1787 1797 1842 ut}

2159 1789 2522 1864 ἄπισιτισμόν.
2586 1789 2991 1866 Συλλεξάμενοι
3053 1792 3108 1851 δὲ
3167 1794 3286 1860 ὅθεν
3361 1796 3661 1873 εὖπόρηκεν

244 1887 524 1961 percepit,
570 1882 986 1942 molestissime
1034 1880 1190 1944 tulit,
1233 1882 1291 1934 et
1339 1876 1639 1950 prazfectos
1687 1876 1793 1931 clas

2116 1899 2227 1941 ττος
2285 1885 2432 1934 σῖτον
2490 1880 2579 1935 καὶ
2637 1882 2870 1957 κὲγχρον
2919 1882 3007 1938 καὶ
3057 1882 3174 1956 ε’ίδη
3208 1882 3351 1940 ἄλλα
3382 1886 3665 1941 συνεκτικᾶ

246 1976 597 2051 gravissime
627 1973 902 2046 culpavit,
926 1970 1081 2044 quod
1102 1966 1709 2038 barbarostorostolo
1729 1982 1795 2020 av

2155 1971 2321 2037 ζωῆς,
2354 1970 2615 2043 ἀνήγοντο
2674 1967 2766 2025 διὰ
2821 1975 2918 2027 τοῦ
2968 1978 3221 2046 ποταμοῦ
3276 1978 3396 2039 τοῖς
3429 1975 3663 2049 μονοξῦ-

244 2084 362 2124 non
395 2066 738 2133 sensissent,
756 2062 1012 2118 minatus
1032 2058 1207 2115 etiam
1231 2061 1499 2123 mortem,
1525 2056 1570 2110 si
1596 2055 1733 2127 quid
1761 2072 1793 2127 p

2113 2077 2125 2117 :
2177 2055 2254 2120 εἷς
2305 2057 2368 2111 τὸ
2426 2057 2787 2133 Δορόστολον.
2823 2061 2910 2117 Ἐν
2975 2058 3033 2115 δὲ
3061 2066 3140 2134 τῷ
3170 2060 3431 2118 ἀναπλεῖν
3468 2066 3662 2128 θεασά-

244 2160 403 2213 terea
432 2155 548 2211 tale
594 2154 741 2227 ipsis
789 2168 909 2208 non
943 2146 1389 2206 observantibus
1438 2146 1618 2201 fieret.
1653 2146 1774 2210 Quo

2118 2166 2160 2199 οι
2191 2144 2326 2201 κατᾶ
2370 2146 2433 2200 τὸ
2491 2144 2683 2222 χεῖλος
2739 2152 2834 2203 τοῦ
2881 2154 3135 2223 ποταμοῦ
3186 2150 3512 2229 θεράποντας
3560 2152 3667 2209 οὐκ

244 2251 406 2303 ctum
438 2249 503 2300 ut
532 2244 572 2299 ii
602 2248 915 2313 utramque
940 2238 1200 2295 ﬂuminis
1224 2236 1411 2308 ripam
1443 2233 1791 2306 diligentissi

2113 2256 2227 2310 γους
2256 2240 2361 2289 τῶν
2395 2241 2764 2313 στρατιωτῶν,
2789 2237 2915 2301 τοὺς
2943 2239 3037 2312 μὶν
3061 2238 3265 2303 τίπιττοος
3314 2241 3662 2311 ποτίζοντας,

169 2318 177 2325 ’
244 2335 490 2408 posthac
521 2332 901 2390 custodirent.
952 2328 1264 2384 Enimvero
1311 2324 1631 2395 imperator
1659 2339 1718 2377 cu

2113 2320 2210 2387 τδὶ
2266 2323 2764 2401 γορτολογοῦντας,
2798 2324 3004 2390 ἄλλους
3058 2326 3115 2383 δὲ
3169 2329 3261 2385 καὶ
3318 2329 3662 2402 ξυλεύοντας,

244 2425 555 2481 continuos
594 2422 720 2478 dies
770 2419 973 2476 urbem
1018 2417 1440 2488 oppugnasset,
1490 2429 1616 2468 eam
1651 2413 1793 2484 postl

2113 2408 2302 2475 ϐάντες
2331 2418 2440 2469 τῶν
2469 2413 2678 2471 πλοίων
2729 2413 2817 2471 διὰ
2869 2424 2969 2487 τῆς
3020 2416 3158 2489 ὕλης
3210 2418 3451 2497 ἀψοφητῖ
3505 2418 3661 2495 βαδί-

244 2513 552 2570 obsidione
582 2516 639 2567 et
670 2511 822 2566 fame
853 2506 1059 2564 statuit
1090 2509 1333 2560 tentare.
1371 2503 1503 2559 Ideo
1532 2502 1656 2556 vias
1687 2518 1793 2556 omi

2113 2524 2181 2566 τες
2234 2499 2519 2573 ἀδοκήτως
2581 2503 2640 2559 ἐκ
2692 2508 2790 2560 τοῦ
2846 2505 3079 2582 ἀφανοῦς
3137 2506 3498 2580 ἐμπίπτουσιν
3560 2509 3662 2564 αὖ-

243 2601 421 2659 fossis
453 2601 597 2657 actis
626 2604 683 2656 et
714 2596 1003 2671 praesidiis
1035 2592 1252 2650 additis
1284 2591 1497 2658 munit,
1521 2607 1593 2646 ne
1624 2591 1759 2662 quis
1791 2630 1792 2640 χ

2111 2615 2135 2661 η,
2169 2593 2259 2647 καὶ
2308 2590 2555 2655 πολλοὺς
2618 2595 2714 2666 μὶν
2766 2593 2972 2649 τούτων
3027 2595 3357 2667 ἀπέκτειναν,
3414 2598 3541 2660 τοὺς
3597 2595 3660 2653 δὲ

244 2694 576 2747 mentorum
626 2688 1014 2761 petendorum
1061 2700 1239 2739 causa
1279 2681 1433 2737 exire
1480 2681 1623 2735 urbe
1654 2696 1788 2751 poss

2109 2681 2231 2743 τοὺς
2264 2679 2351 2736 ἐπὶ
2397 2682 2493 2743 τὰς
2549 2680 2787 2754 πλησίον
2826 2682 3045 2760 λόχμας
3105 2682 3459 2756 σκεδασθῆναι
3516 2687 3658 2757 ἠνά-

239 2778 478 2851 ipseque
508 2778 570 2832 in
601 2776 906 2832 obsidione
938 2772 1173 2828 interim
1206 2770 1322 2826 otio
1354 2768 1587 2824 fruitur.

2109 2790 2221 2826 σαν.
2255 2768 2417 2834 Αὖθις
2449 2768 2496 2824 δ’
2525 2769 2602 2834 εἷς
2628 2772 2725 2834 τάς
2772 2771 2978 2849 σκάφας
3028 2768 3291 2847 ἐμϐάντες
3335 2775 3427 2829 καὶ
3479 2774 3658 2850 οὐρίῳ

244 2866 534 2944 φερόμενοι
566 2862 830 2936 πνεύματι
862 2862 997 2937 πρὸς
1029 2860 1089 2914 τὸ
1122 2856 1456 2932 Δορόστολον
1485 2856 1765 2931 φέρονται.
1807 2857 1980 2944 Τοῦτο
2014 2855 2072 2913 δὲ
2095 2858 2325 2932 γνωσθὲν
2354 2858 2430 2921 εἷς
2466 2858 2712 2935 μεγάλην
2752 2860 2902 2917 ἀνίαν
2941 2856 3211 2936 ἐμϐάλλει
3249 2863 3341 2919 τὸν
3399 2861 3659 2939 βασιλέα,

242 2940 332 3011 καί
386 2955 516 3018 τοὺς
568 2955 850 3031 ἀρχηγοὺς
905 2955 1002 3007 τοῦ
1060 2949 1261 3005 στόλου
1318 2946 1368 3001 ἐν
1428 2945 1573 3017 αἰτίᾳ
1607 2945 1814 3020 μεγάλῃ
1848 2940 2023 3023 ἔσχεν,
2057 2947 2139 3003 δτι
2176 2949 2250 3021 μὴ
2285 2947 2585 3023 ἐπῄσθοντο
2610 2954 2709 3005 τοῦ
2738 2948 2799 3006 ἐκ
2828 2950 3171 3028 Δοροστόλω
3219 2957 3326 3008 τῶν
3365 2947 3659 3029 βαρϐάρων

245 3043 524 3100 ἀπόπλου’
558 3040 899 3114 ἐπηπείλησε
929 3038 987 3095 δὲ
1009 3039 1098 3094 καὶ
1129 3040 1352 3093 θάνατον
1386 3035 1590 3101 αὐτοῖς,
1619 3034 1663 3089 εἰ
1696 3032 1774 3088 ἔτι
1806 3035 1942 3106 ἅπαξ
1974 3034 2112 3111 λάθῃ
2138 3032 2382 3092 τοιοῦτόν
2414 3059 2464 3093 τι
2496 3040 2762 3115 γενεσθαι.
2795 3040 2894 3095 Καὶ
2927 3040 2978 3096 οἱ
3011 3041 3107 3115 μὲν
3142 3040 3237 3104 τὰς
3264 3042 3394 3117 παρ’
3425 3041 3661 3117 ἑκάτερα

242 3128 415 3208 ὄχθας
466 3136 562 3187 τοῦ
620 3134 871 3205 ποταμοῦ
916 3130 1141 3203 ἐτήρουν
1205 3122 1501 3198 ἐπιμελῶς,
1535 3125 1563 3178 ὁ
1596 3120 1653 3177 δὲ
1714 3122 1968 3198 βασιλεὺς
2028 3124 2108 3203 ἐφ’
2140 3125 2274 3188 ὅλας
2327 3127 2486 3181 πέντε
2542 3127 2630 3182 καὶ
2689 3129 2949 3200 ἑξήκοντα
2994 3130 3206 3207 ἡμέρας
3251 3133 3321 3204 τῇ
3351 3128 3663 3208 πολιορκίᾳ

241 3221 614 3298 χρησάμενος,
645 3222 734 3275 καὶ
765 3221 886 3284 καθ’
915 3218 1143 3288 ἑκάστην
1166 3215 1427 3289 πολεμῶν
1445 3213 1533 3268 καὶ
1569 3214 1645 3286 μὴ
1679 3212 1870 3276 ἀνιείς.
1898 3211 2019 3269 δέον
2050 3215 2269 3288 ἐνόμισε
2295 3214 2383 3271 διὰ
2411 3214 2760 3291 προσεδρείας
2790 3218 2878 3273 καὶ
2907 3216 3078 3293 λιμοῦ
3119 3220 3509 3294 ἀποπειρᾶσθαι
3549 3227 3661 3291 τῆς

234 3309 472 3375 πόλεως.
506 3311 599 3366 Διὸ
646 3309 737 3365 καὶ
775 3308 1033 3365 πάντοθεν
1083 3308 1309 3384 τάρφοις
1352 3305 1445 3366 τὰς
1492 3300 1652 3365 ὁδοὺς
1699 3301 2031 3367 ἀποκλείσας
2079 3304 2168 3360 καὶ
2218 3304 2460 3382 φύλακας
2508 3304 2801 3379 ἐπιστήσας
2849 3307 3056 3376 αὐταῖς,
3089 3309 3164 3372 ὡς
3199 3309 3274 3382 μή
3302 3329 3384 3371 τις
3419 3307 3549 3379 ἐξίοι
3580 3310 3657 3365 τὰ

236 3398 515 3473 ἐπιτήδεια
542 3400 810 3474 κομίσων,
843 3397 1079 3469 ἐκάθητο
1111 3399 1356 3473 ἠρεμῶν.
1391 3396 1488 3449 Καὶ
1520 3395 1588 3449 τὰ
1613 3394 1709 3467 μὶν
1737 3392 1786 3449 ἐν
1822 3393 2143 3468 Δοροστόλω
2176 3390 2392 3472 ἐφέρετο
2424 3394 2573 3470 τῇδε.

295 3494 446 3550 Dum
478 3493 600 3548 hac
628 3493 699 3547 ad
730 3490 1101 3547 Dorustolum
1144 3491 1447 3560 geruntur,
1483 3488 1593 3542 Leo
1624 3504 1841 3559 curopo

2103 3486 2202 3539 ἑων
2237 3483 2294 3540 δὲ
2346 3487 2374 3539 ὁ
2425 3485 2843 3561 κουροπαλάτης
2889 3488 2980 3543 καὶ
3034 3489 3345 3567 Νικηφόρος
3387 3489 3415 3543 ὁ
3443 3488 3648 3546 τούτου

223 3580 372 3637 lates
400 3586 458 3637 et
481 3580 846 3652 Nicephorus
867 3579 995 3649 ejus
1019 3576 1195 3647 filius,
1217 3592 1364 3648 quos
1397 3579 1530 3630 ante
1562 3577 1772 3630 docuin

2099 3595 2131 3639 :,
2167 3571 2385 3644 δοκήσει
2429 3576 2548 3648 μὲν,
2582 3576 2657 3640 ὡς
2712 3574 2933 3650 ε’ίπομεν
2992 3573 3316 3653 ἔμπροσθεν,
3350 3578 3648 3653 πηρωθέν-

225 3669 623 3726 incolumibus
673 3668 860 3725 oculis
910 3665 1207 3736 dimissos,
1238 3664 1471 3720 tametsi
1504 3665 1658 3719 404
1702 3664 1774 3718 eff

2124 3657 2201 3717 ἔτι
2234 3660 2280 3717 δ’
2311 3663 2513 3727 ἀσινεῖς
2543 3666 2640 3727 τὰς
2668 3664 2879 3742 ὁράσεις
2932 3661 3174 3741 ἔχοντες,
3210 3664 3287 3729 εἲς
3344 3664 3640 3741 τυραννίδα

222 3775 321 3815 eos
339 3758 939 3829 sententiajussisset,
957 3772 1163 3810 rursus
1181 3754 1545 3826 tyrannidem
1565 3753 1771 3808 invadu

2101 3750 2250 3814 αὖθις
2280 3755 2762 3826 παρεσκευάζοντο,
2794 3752 3043 3817 πολλοὺς
3069 3760 3175 3810 τῶν
3234 3753 3288 3810 ἐν
3343 3759 3412 3830 τῇ
3469 3754 3637 3811 πόλει

222 3850 485 3921 Cumque
518 3847 735 3903 multos
777 3846 939 3902 urbis
982 3848 1039 3901 et
1068 3845 1237 3916 regiae
1270 3844 1543 3899 custodes
1573 3859 1771 3913 cor-ru;

2123 3845 2230 3895 τῶν
2283 3840 2333 3896 ἐν
2388 3847 2506 3907 τοῖς
2566 3840 2865 3919 βασιλείοις
2907 3848 3156 3921 φρουρῶν
3192 3842 3637 3920 ὑποφθείραντες.

219 3942 370 4006 sent,
404 3941 583 4009 atque
613 3952 681 3991 ex
714 3935 897 3991 animi
921 3933 1213 3989 sententia
1238 3932 1576 3987 viderentur
1601 3931 1711 3986 sibi
1748 3949 1768 3985 r

2114 3929 2224 3984 ἐπεὶ
2258 3930 2321 3985 τὰ
2349 3931 2485 3986 κατὰ
2527 3932 2754 4007 γνώμην
2817 3933 3005 3995 αὐτοῖς
3075 3932 3404 4008 ἀπηρτίσθη,
3435 3932 3638 3989 πλοῖον

215 4027 559 4093 confecisse,
609 4026 899 4081 conducta
947 4022 1077 4077 navi
1132 4039 1200 4077 ex
1233 4020 1428 4076 insula
1476 4023 1533 4076 in
1567 4037 1743 4093 quam

2091 4021 2388 4092 θωσάμενοι
2427 4022 2513 4076 καὶ
2576 4020 2627 4075 ἐν
2683 4022 2829 4094 αὐτῷ
2887 4017 3145 4096 ἐμϐάντες
3198 4022 3483 4099 ἀπαίρουσι
3532 4030 3640 4093 τῆς

215 4114 393 4187 legati
426 4116 677 4184 fuerant,
704 4115 773 4169 ad
807 4113 1200 4168 continentem
1235 4111 1364 4166 urbi
1395 4128 1425 4166 e
1455 4110 1684 4179 regione
1715 4109 1764 4165 lo

2095 4130 2149 4163 ου
2204 4110 2266 4178 ἣν
2328 4111 2494 4165 οἰκεῖν
2550 4122 2965 4186 κατεκρῖθησαν,
3008 4113 3099 4166 καὶ
3151 4112 3288 4188 πρὸς
3337 4113 3436 4181 τὴν
3494 4112 3644 4167 ἀντί-

217 4209 338 4260 tam
372 4203 944 4274 devehuntur,juxta
971 4200 1319 4257 suburbium
1347 4200 1439 4255 cui
1463 4198 1759 4271 Pelamydi

2093 4200 2223 4270 θμον
2256 4205 2356 4267 τῆς
2382 4198 2601 4261 πόλεως
2633 4197 2861 4276 ἤπειρον
2921 4198 3158 4276 γίνονται
3216 4200 3351 4257 κατᾶ
3393 4203 3457 4256 τὸ
3505 4222 3642 4269 προ-

221 4308 453 4363 nomen,
487 4296 662 4363 atque
690 4291 826 4347 inde
859 4291 969 4346 sub
1001 4290 1256 4362 primum
1290 4288 1427 4362 galli
1460 4292 1695 4344 cantum
1730 4287 1769 4342 C

2091 4307 2188 4342 ιιον
2218 4287 2246 4342 ὃ
2275 4290 2710 4362 κατονομάζουσι
2746 4287 3127 4363 Πηλαμύδιον,
3160 4288 3359 4354 ἐκεῖθεν
3403 4287 3462 4345 δὶ
3508 4290 3640 4364 περί

220 4381 325 4437 lim
375 4381 681 4438 accedunt.
730 4380 839 4435 Sed
890 4384 1019 4447 Leo,
1079 4378 1160 4434 rei
1211 4377 1435 4433 navalis
1489 4376 1767 4449 drungari

2091 4397 2198 4439 »τας
2256 4376 2632 4453 ἀλεκτρυόνων
2664 4375 2809 4449 ᾠδάς
2857 4377 2945 4433 ἰπὶ
2983 4377 3046 4433 τὸ
3095 4378 3385 4449 Βυζάντιον
3438 4373 3640 4455 ἔρχον-

219 4471 312 4525 cui
348 4487 465 4527 una
493 4486 626 4526 cum
678 4468 891 4526 Basilio
926 4474 1148 4524 rectore
1178 4466 1378 4540 palatii
1410 4467 1680 4521 custodia
1709 4482 1768 4521 cc

2118 4465 2272 4529 Ἑνὸς
2303 4463 2359 4520 δὲ
2387 4470 2494 4520 τῶν
2528 4466 2858 4541 συνιστόρων
2894 4464 3066 4538 δῆλον
3101 4466 3329 4542 θεμένου
3376 4467 3438 4523 τὸ
3478 4464 3642 4543 ἔργον

218 4560 494 4616 mendata
543 4561 751 4625 fuerat,
783 4574 851 4615 ea
898 4559 969 4613 de
1018 4574 1077 4613 re
1128 4574 1160 4612 a
1208 4554 1441 4612 conscio
1488 4553 1762 4610 consilior

2095 4575 2172 4609 ντι
2203 4559 2283 4627 τῷ
2314 4552 2657 4632 δρουγγαρίῳ
2686 4556 2781 4611 τοῦ
2814 4554 3036 4626 στόλου,
3067 4556 3165 4626 τὴν
3214 4555 3460 4635 φυλακὴν
3522 4556 3644 4611 ἐπι-

217 4649 465 4705 istorum
499 4648 753 4722 quodam
788 4648 978 4703 factus
1027 4645 1259 4716 certior,
1292 4660 1533 4699 manum
1581 4642 1764 4698 mittit

2092 4642 2333 4719 ιαμμὲνῳ
2390 4649 2496 4699 τῶν
2561 4643 2850 4719 βασιλείων
2911 4645 3002 4701 σὺν
3056 4644 3327 4720 Βασιλείῳ
3388 4643 3468 4719 τῷ
3523 4645 3641 4721 ῥαί-

216 4739 616 4812 curopalatam
656 4742 713 4793 et
746 4737 930 4792 filium
964 4736 1092 4805 ejus
1125 4734 1709 4806 comprehendendos
1740 4750 1765 4787 s

2094 4753 2169 4809 ρι,
2229 4735 2310 4807 [Ρ.
2343 4736 2469 4807 678]
2501 4735 2528 4788 ὁ
2572 4731 2630 4788 δὲ
2688 4732 2915 4808 δύναμιν
2972 4734 3270 4812 ἀξιόχρεων
3322 4734 3409 4791 ἐπὶ
3464 4756 3639 4790 κατα-

219 4826 571 4895 ﬁcientem;
633 4825 755 4899 qui,
817 4825 925 4881 hoc
981 4823 1409 4894 animadverso,
1469 4822 1529 4876 in
1586 4820 1768 4895 Magn

2090 4843 2159 4877 σει
2189 4826 2289 4877 τοῦ
2319 4820 2738 4899 κουροπαλάτου
2781 4825 2868 4880 καὶ
2927 4829 3024 4880 τοῦ
3073 4822 3267 4887 παιδὸς
3326 4824 3491 4880 αὐτοῦ
3547 4823 3639 4880 ὲκ-

218 4915 528 4987 Templum
590 4914 935 4988 confugiunt
997 4932 1010 4969 :
1070 4913 1205 4967 inde
1261 4910 1445 4966 avulsi
1507 4910 1563 4965 in
1637 4911 1767 4966 Prot

2086 4933 2201 4967 .πει.
2262 4914 2435 4985 ’Όπερ
2496 4914 2646 4967 οὗτοι
2698 4913 2957 4986 μαθόντες
3038 4914 3113 4977 εἷς
3195 4914 3295 4984 τὴν
3374 4912 3635 4990 Μεγάλην

215 5002 473 5061 insulam
504 5004 861 5077 relegantur,
911 5007 1086 5074 atque
1132 5000 1209 5056 ibi
1259 5000 1411 5057 oculi
1459 5000 1544 5056 eis
1574 5000 1764 5056 effodit

2086 4999 2396 5078 κφεύγουσιν
2460 5000 2788 5073 Ἐκκλησίαν
2825 5020 2839 5033 ⁸
2883 5001 3080 5058 ἐκεῖθεν
3128 4999 3185 5057 δὲ
3257 5001 3635 5067 ἀποσπασθέν-

220 5096 335 5147 tur.
1972 5110 2059 5151 τες
2110 5089 2187 5151 εἷς
2241 5092 2339 5159 τήν
2400 5092 2632 5167 Πρώτην
2690 5098 2855 5161 νῆσον
2915 5089 3372 5163 ίξαπεστάλησαν,
3415 5092 3638 5147 κάκεῖσε

1969 5176 2098 5241 τοὺς
2132 5177 2451 5257 ὀφθαλμοὺς
2474 5178 2883 5256 ἐξωρύχθησαν.

1406 5358 1781 5417 XYLANDRI
1819 5358 1908 5415 ET
1945 5359 2159 5417 GOARI
2197 5360 2433 5417 ΝΟΤιΕ.

288 5506 396 5579 (28)
427 5498 713 5577 Μονόξυλα
743 5503 945 5579 lintres
996 5508 1158 5579 sunt,
1191 5520 1307 5559 uno
1342 5503 1663 5579 pinguioris
1694 5502 1833 5579 arbo

2095 5501 2242 5579 "P63:
2278 5502 2427 5579 percit
2454 5505 2561 5579 τῶν
2598 5502 2912 5579 μονοξύλων
2945 5501 2998 5559 ἐν
3042 5506 3158 5562 ΚΙΙ.
3206 5506 3638 5564 Constantinus

214 5573 303 5636 ris
343 5573 548 5635 trunco
587 5573 880 5648 'excavati,
930 5576 1013 5632 ita
1061 5575 1217 5648 leves
1267 5573 1555 5648 ut‘getiam
1603 5573 1867 5648 humeris
1978 5575 2050 5631 de
2080 5576 2241 5631 Adm.
2275 5573 2420 5648 imp.
2453 5591 2504 5631 c.
2534 5576 2570 5631 9
2600 5573 2830 5635 diﬁ'use.
2864 5581 3044 5635 Goan.

214 5650 663 5710 transferantur.
717 5643 1001 5727 Περῖτῶν
1053 5645 1160 5702 ἀπὸ
1209 5651 1311 5717 τῆς
1353 5644 1579 5707 Ῥωσίας
1627 5643 1869 5721 ἐρχομί-
