3966 6134
244 329 310 388 13
1366 316 1911 383 HISTORIARUM
1957 317 2505 381 COMPENDIUM.

3528 335 3644 398 138

304 458 497 535 Ἐφάνη
532 454 590 512 δὶ
643 458 735 512 καὶ
784 456 901 511 κατ’
961 456 1128 511 έκεῖνο
1178 455 1373 528 καιροῦ
1420 449 1510 506 καὶ
1543 446 1688 505 ἄλλο
1717 469 1768 503 τι
1799 447 1867 504 ὡς

2066 450 2279 505 Eodem
2327 454 2592 524 tempore
2638 454 2814 512 etiam
2863 456 3022 515 aliud
3071 462 3379 535 quidpiam
3433 470 3650 527 accidit

242 546 355 605 ολον
384 544 529 618 ἄξιον
562 546 693 601 εἶναι
747 543 1078 622 διηγήσεως.
1131 544 1385 601 Ηινάκιον
1435 539 1495 595 ἐκ
1524 537 1682 594 λίθου
1706 544 1877 614 Προι-

237 635 512 708 κοννησίας
564 635 652 692 ἰπὶ
719 633 1050 709 παραδείσου
1127 634 1272 695 τινὸς
1328 636 1434 687 τῶν
1493 628 1876 705 συγκλητικῶν

237 727 410 803 εύρέθη
468 725 688 799 ἀμελῶς
739 724 1096 803 ὲρῥιμμένον,
1155 721 1525 795 εἷ’κονισμένας
1584 714 1714 794 ἔχον
1777 714 1872 771 δύο

234 815 518 889 ἀνθρώπων
557 813 768 893 μορφὰς
815 813 905 869 ἐπὶ
960 820 1060 883 τῆς
1111 810 1440 886 ἐπιφανείας,
1493 808 1616 882 μίαν
1656 806 1748 879 μὶν
1784 805 1871 859 ἆν-

234 903 369 982 δρὸς,
400 904 580 977 ἑτέραν
606 901 664 957 δὲ
722 902 978 978 γυναικός
1008 921 1020 935 °
1071 901 1122 957 ἐν
1174 899 1233 955 δὲ
1262 904 1340 971 τῷ
1385 897 1747 982 μετώπῳτῆς
1781 914 1873 982 πι-

234 991 433 1055 νακίδος
467 992 533 1061 ἦν
581 992 957 1066 γεγραμμένον
1013 989 1330 1066 ἐπίγραμμα
1379 984 1485 1040 ὧδέ
1515 1007 1591 1056 πη
1628 981 1820 1053 διεξιόν
1856 999 1869 1014 ·

239 1082 471 1137 Ἰωάννου
521 1080 615 1134 καῖ
665 1078 950 1153 Θεοδώρας
994 1084 1102 1133 τῶν
1150 1077 1524 1155 φιλοχρίστων
1585 1072 1772 1128 πολλὰ
1809 1069 1875 1125 τὰ

240 1166 345 1241 ἔτη.
375 1176 538 1245 Ὅπερ
590 1170 742 1233 τινᾶς
807 1169 901 1241 μὲν
962 1168 1042 1230 εἷς
1100 1163 1361 1235 ἔκπληξιν
1420 1163 1576 1238 ἦγεν,
1620 1161 1768 1215 ὅπως
1807 1158 1873 1213 τὰ

238 1258 488 1314 ἐνεστῶτα
551 1256 700 1331 μάλα
750 1254 1134 1333 προεδηλοῢτο
1192 1259 1371 1332 σαφῶς
1408 1273 1420 1284 ·
1479 1252 1621 1313 τινὶς
1677 1248 1732 1304 δὲ
1792 1250 1867 1320 μὴ

240 1346 590 1422 ἀπηλλάχθαι
642 1346 706 1402 τὸ
760 1353 989 1424 πρᾶγμα
1047 1345 1343 1417 σκευωρίας
1398 1342 1486 1397 καὶ
1549 1338 1870 1415 μαγγανείας

237 1437 500 1510 ἐνόμιζον,
530 1435 622 1492 τὸν
654 1436 751 1492 τοῦ
784 1432 1113 1510 παραδείσου
1164 1431 1429 1503 δεσπότην
1470 1428 1558 1485 διὰ
1584 1425 1749 1497 τῆσδε
1771 1433 1870 1498 τῆς

231 1533 477 1602 μηχανῆς
529 1534 630 1595 τήν
714 1525 1007 1600 βασιλικὴν
1083 1523 1221 1598 πρὸς
1278 1522 1466 1576 ἑαυτὸν
1527 1516 1867 1580 ἐκκαλεῐτθαι

226 1614 490 1686 οἰηθέντες
520 1614 909 1688 προσπάθειαν.
943 1609 1064 1670 Εἷίτε
1113 1609 1171 1666 δὲ
1219 1610 1389 1671 οὕτως
1431 1603 1569 1682 ἔχει,
1604 1604 1708 1660 εἲίτε
1739 1604 1869 1659 ἐκεί-

225 1726 322 1766 νως
346 1711 379 1774 ἧ
415 1702 667 1775 ἀλήθεια,
696 1708 915 1781 φραζειν
950 1701 1049 1756 οὐκ
1077 1695 1215 1776 ἔχω.

286 1795 351 1851 Οἱ
378 1790 439 1848 δὲ
488 1792 688 1847 Σκύθαι
748 1787 978 1890 ἔνδοθεν.
1017 1794 1097 1890 τῶ
1152 1790 1306 1861 λιμῷ
1327 1786 1662 1890 πιεζόμενοι,
1702 1784 1865 1890 ,ἐκτὸς
1897 1824 1944 1890 Β

226 1884 321 1938 ὑπὸ
350 1886 456 1937 νῶν
487 1885 905 1957 τειχομαχικῶν
954 1878 1200 1954 ἀργά-κων
1252 1874 1603 1948 κακούμενοι,
1630 1872 1719 1928 καὶ
1751 1872 1865 1927 κατ’

224 1971 480 2046 ἐξαίρετον
516 1971 566 2026 ἐν
600 1970 788 2043 ἐκείνῳ
814 1968 894 2042 τῷ
922 1969 1079 2041 τόπῳ
1119 1968 1178 2023 ’ὸν
1216 1968 1243 2021 ὁ
1279 1968 1579 2041 μάγιστρος
1611 1962 1866 2030 Ἰωὰννης

223 2063 248 2116 ὁ
289 2062 572 2134 Ῥωμανοῦ
628 2064 724 2115 τοῦ
774 2057 1055 2129 Κουρκούα
1102 2056 1217 2119 υίὸς
1268 2054 1556 2134 φυλάττειν
1616 2049 1866 2105 ἐτέτακτο

222 2150 299 2223 (τὸ
327 2150 428 2225 γὰρ
477 2147 651 2204 ἐκεῖσε
699 2142 1036 2224 πετροϐόλον
1090 2144 1317 2221 ὄργανον
1373 2143 1434 2198 οὐ
1491 2145 1698 2217 μικρῶς
1742 2138 1867 2200 τοὺς

218 2236 361 2301 ἐντὸς
410 2238 794 2311 ἐπημαίνετο),
845 2234 1233 2311 ἀποκρίναντες
1281 2252 1431 2293 τινας
1461 2235 1567 2286 τῶν
1612 2227 1863 2301 ἀλκιμω-

213 2327 375 2401 τέρων
430 2326 660 2391 ὁπλίτας
714 2325 900 2399 ψιλοῖς
929 2323 1389 2397 έπιμεμιγμένους
1415 2320 1502 2375 ἐπὶ
1556 2341 1618 2374 το
1681 2321 1863 2372 τοιοῦ-

213 2436 300 2471 τον
355 2416 754 2489 ἐκπέμπουσιν,
815 2410 1061 2491 ὄργανον,
1121 2412 1173 2467 εἴ
1222 2432 1337 2472 πως
1396 2408 1665 2480 δυνηθεῖεν
1733 2406 1862 2461 αὐτὸ

213 2506 656 2581 κατεργάσασθαι.
702 2507 879 2562 Τοῦτο
929 2503 1090 2578 γνοὺς
1138 2503 1166 2557 ὁ
1210 2498 1544 2574 Κουρκούας,
1591 2493 1673 2553 ὅτι
1731 2497 1862 2571 κρά-

211 2615 386 2651 τιστον
418 2596 488 2664 ἦν
517 2594 639 2670 περὶ
696 2592 856 2647 αὐτὸν
909 2586 1341 2664 ἀναλαϐόμενος,
1394 2584 1608 2658 ἐϐοήθει
1651 2583 1740 2640 διὰ
1766 2606 1861 2639 ταο

213 2704 375 2759 χεων.
406 2687 494 2746 Ἐς
528 2684 724 2757 μέσους
756 2680 813 2737 δὲ
859 2680 987 2745 τοὺς
1035 2680 1243 2741 Σκύθας
1292 2677 1581 2755 γενόμενος
1625 2675 1860 2745 ἀκοντίῳ

214 2772 515 2848 βληθέντος
570 2770 738 2828 αὐτοῦ
814 2770 986 2826 ΐππου
1069 2769 1160 2824 καὶ
1224 2767 1317 2822 σὺν
1374 2768 1522 2837 αύτῷ
1578 2763 1860 2820 πεπτωκό-

211 2883 298 2924 τος
331 2863 640 2936 ἆναιρεῖται
693 2858 1099 2936 κρεουργηθείς.
1149 2859 1218 2915 Οἱ
1251 2859 1517 2930 Ῥωμαῖοι
1559 2852 1616 2909 δὶ
1640 2850 1859 2928 ἐπιδρα-

216 2952 403 3023 μόντες
452 2950 546 3006 καὶ
584 2955 703 3013 τοῖς
751 2951 886 3013 Ῥὼς
944 2946 1350 3021 συμπλακέντες
1396 2944 1458 3000 τό
1518 2964 1576 2999 τε
1625 2940 1853 3019 ὄργανον

212 3034 449 3103 ashes:
484 3037 809 3112 διετήρησαν
859 3037 950 3092 καῖ
1000 3036 1132 3091 τοὺσ
1182 3034 1390 3098 Σκύθας
1423 3034 1697 3106 ὠσάμενοι
1730 3052 1855 3085 συν-

211 3126 453 3184 έκλεισαν
514 3128 592 3190 εἰς
647 3128 745 3196 τὴν
794 3124 978 3183 πόλιν.
1027 3123 1261 3181 Ἰουλίου
1334 3121 1392 3178 δὲ
1448 3115 1854 3182 καταλαϐόντος

213 3218 405 3291 μηνός,
467 3217 559 3272 καὶ
619 3195 867 3286 εἰκοστήν
936 3216 1148 3291 ἡμέραν
1214 3210 1460 3286 ἄγοντος,
1519 3210 1744 3280 ἐξῆλθον
1805 3209 1857 3262 οἱ
1888 3195 1930 3263 C

209 3308 335 3370 Ῥὼς
379 3304 747 3380 παμπληθεῖς
792 3305 881 3360 καὶ
929 3310 1047 3367 τοῖς
1102 3303 1398 3376 Ῥωμαίοις
1454 3297 1859 3374 συμπλακέντες

205 3395 515 3473 ἐμάχοντο,
571 3393 1050 3471 παραθαρρύνοντα
1115 3387 1334 3467 ἔχοντες
1386 3390 1477 3445 καὶ
1533 3389 1669 3463 πρὸς
1736 3386 1863 3448 τοὺς

204 3484 420 3559 ἀγῶνας
453 3483 749 3563 ἀλείφοντα
779 3481 943 3559 ἄνδρα
988 3483 1111 3537 τινὰ
1156 3482 1303 3555 παρὰ
1334 3479 1565 3543 Σκύθαις
1597 3475 1865 3550 ἐπισημό-

206 3593 387 3645 τατον,
417 3575 674 3650 Ἰκμορα.
730 3573 864 3646 μετὰ
908 3572 1152 3644 τοῦνομα
1213 3568 1561 3648 Σφάγγελλον
1595 3568 1685 3623 τὸν
1719 3566 1863 3620 ἀναι-

214 3661 433 3736 ρέθέντα
490 3663 832 3736 τιμώμενον,
902 3658 1025 3716 οὔτε
1096 3660 1233 3715 κατὰ
1302 3659 1605 3733 συγγένειαν
1654 3658 1753 3724 τὴν
1814 3655 1867 3725 ἐξ

210 3748 447 3825 αἶ’ματος
482 3751 538 3807 ἐν
593 3756 710 3812 τοῖς
760 3748 994 3824 μάλιστα
1042 3749 1308 3824 ἀγόμενον
1364 3747 1489 3821 παρ’
1534 3745 1717 3807 αὐτοῖς
1750 3742 1870 3798 οὕτε

214 3842 349 3895 κατᾶ
407 3840 775 3914 συμπάθειαν,
833 3836 958 3893 ἀλλ’
1010 3837 1071 3893 ἐκ
1132 3836 1306 3910 μόνης
1352 3840 1451 3900 τῆς
1502 3835 1694 3907 ἀρετῆς
1726 3833 1872 3907 παρὰ

214 3936 345 3986 πᾶσι
378 3926 704 4002 σεϐόμενον.
755 3933 956 3984 Τοῦτον
1001 3924 1130 3981 ἷδὼν
1181 3928 1408 3999 Ἀνεμᾶς
1445 3925 1473 3979 ὁ
1504 3928 1610 3978 τῶν
1645 3926 1870 3998 Κρητῶν

213 4024 308 4075 τοῦ
345 4019 626 4094 βασιλέως
652 4021 766 4092 (29)
819 4018 936 4079 υἱὸς
984 4018 1295 4091 Κουρουπᾶ,
1357 4034 1431 4075 εις
1481 4011 1554 4066 ὢν
1583 4016 1691 4067 τῶν
1730 4012 1878 4085 βασι-

218 4105 391 4165 λικῶν
446 4105 963 4186 σωματοφυλάκων,
1008 4105 1168 4160 αὐτὸν
1210 4123 1265 4158 τε
1315 4102 1570 4176 εύψυχως
1604 4099 1879 4175 ἀγωνιζό-

221 4219 383 4270 μενον
440 4197 539 4254 καὶ
593 4196 721 4258 τοὺς
763 4194 993 4258 λοιποὺς
1056 4194 1134 4258 εἷς
1179 4197 1341 4248 τοῦτο
1391 4194 1759 4267 παρορμῶντα
1788 4188 1878 4243 καὶ

217 4283 573 4363 διεγείραντα
620 4285 709 4341 καὶ
758 4286 853 4348 τὰς
900 4289 1008 4339 τῶν
1050 4282 1341 4356 Ῥωμαίων
1373 4280 1547 4351 τάξεις
1587 4277 1882 4354 διαταράσ-

208 4396 398 4446 σοντα,
439 4378 587 4449 μήτε
614 4375 753 4451 πρὸς
783 4375 845 4430 τὸ
902 4375 1129 4448 μέγεθος
1165 4369 1536 4445 καταπλάγεὶς
1558 4372 1654 4424 τοῦ
1685 4366 1881 4440 ἀνδρὸς

221 4467 364 4539 μήτε
394 4467 502 4537 τὴν
537 4462 713 4533 ἀλκὴν
761 4461 1060 4531 δειλιάσας,
1111 4464 1191 4535 [Ρ.
1240 4462 1369 4534 679]
1421 4458 1567 4513 ἀλλὰ
1621 4476 1884 4530 περικαρ-

1989 553 2103 592 non
2138 539 2447 612 indignum
2491 541 2699 598 relatu.
2735 548 2795 600 In
2839 548 3101 617 pomario
3134 555 3409 610 senatorii
3443 560 3640 629 cujus-

1989 627 2124 682 dam
2167 631 2274 685 viri
2320 629 2556 687 inventa
2602 637 2691 688 est
2740 635 2952 693 tabella
3000 655 3068 693 ex
3114 627 3524 701 Proconnesioi
3555 647 3641 703 la-

1986 717 2139 787 pide,
2175 718 2321 773 forte
2363 721 2609 790 abjecta,
2639 722 2695 776 in
2731 726 3041 795 superﬁcie
3080 745 3386 801 expressas
3418 734 3643 793 habens

1984 804 2133 861 duas
2181 806 2476 864 humanas
2527 810 2770 882 ﬁguras,
2805 830 2982 871 unam
3032 818 3235 890 maris,
3270 819 3514 879 alteram
3555 826 3639 881 fe-

1986 893 2156 949 minae
2212 914 2224 951 :
2276 896 2333 950 in
2384 898 2567 954 altera
2613 902 2925 971 superﬁcie
2974 905 3261 977 scriptum
3311 916 3436 967 erat
3476 930 3489 968 :
3531 912 3641 970 Diu

1981 983 2178 1039 vivant
2217 985 2474 1041 Joannes
2519 992 2575 1043 et
2619 990 2926 1047 Theodora
2973 993 3191 1051 Christi
3241 999 3441 1056 dediti.
3490 1003 3641 1059 Fue-

1982 1078 2120 1128 runt
2148 1074 2251 1144 qui
2281 1090 2410 1130 eam
2461 1077 2734 1133 tabellam
2781 1096 3137 1153 magnopere
3184 1088 3640 1160 admirarentur,

1982 1178 2094 1232 qua
2141 1180 2395 1233 praesens
2444 1182 2639 1222 rerum
2691 1171 2950 1226 conditio
3001 1175 3081 1227 ita
3136 1182 3332 1247 aperte
3381 1181 3640 1252 explica-

1982 1255 2143 1305 retur
2185 1270 2198 1310 :
2247 1252 2345 1307 alii
2399 1272 2513 1309 non
2564 1272 2760 1313 carere
2808 1261 2938 1316 fuco
2991 1269 3047 1317 et
3096 1263 3424 1335 impostura
3470 1275 3637 1340 puta-

1981 1347 2138 1407 runt,
2168 1347 2340 1412 atque
2390 1346 2537 1402 405
2594 1346 2703 1400 hoc
2758 1358 3089 1406 commento
3137 1355 3393 1412 voluisse
3444 1360 3636 1415 domi-

1980 1445 2121 1484 num
2172 1431 2422 1501 pomarii
2455 1449 2516 1488 se
2549 1434 2604 1488 in
2640 1436 2894 1507 gratiam
2945 1439 3318 1512 imperatoris
3370 1445 3637 1505 insinua-

1980 1534 2061 1572 re.
2124 1518 2331 1575 Utrum
2396 1539 2526 1577 vero
2594 1530 2697 1580 aut
2762 1525 2907 1582 falso
2972 1529 3049 1584 sit
3113 1532 3427 1603 creditum,
3484 1536 3636 1593 nihil

1979 1607 2229 1663 afﬁrmo.

2048 1787 2284 1842 Interim
2316 1788 2540 1860 Scytha:
2572 1789 2733 1845 intus
2758 1793 2909 1849 fame
2937 1796 3121 1866 pressi
3147 1798 3383 1855 simula
3405 1802 3631 1857 machi-

1981 1874 2074 1929 nis
2095 1877 2537 1947 oppugnatoriis
2570 1877 2830 1936 hostium
2865 1900 2980 1938 non
3012 1883 3215 1941 leviter
3246 1887 3630 1961 laedebantur,

1978 1965 2270 2033 prfecipue
2291 1982 2356 2019 eo
2385 1964 2509 2021 loco
2531 1970 2627 2037 qui
2652 1968 2858 2025 Joanni
2888 1975 3191 2044 magistro,
3218 1976 3463 2033 Romani
3490 1985 3634 2036 Cur-

1978 2068 2095 2108 cuae
2128 2052 2270 2125 ﬁlio,
2295 2053 2687 2113 demandatus
2731 2059 2949 2130 fuerat;
2983 2079 3119 2119 nam
3160 2081 3302 2121 saxa
3349 2071 3635 2141 torquens

1977 2141 2436 2199 instrumentum
2460 2143 2540 2199 ibi
2565 2145 2914 2203 collocatum
2938 2151 3196 2208 obsessis
3215 2154 3399 2211 multa
3418 2159 3636 2214 damna

1976 2231 2173 2285 dabat.
2203 2236 2404 2303 Itaque
2435 2234 2627 2304 gravis
2660 2242 2971 2293 armaturae
2999 2240 3255 2299 delectos
3287 2245 3507 2302 milites
3537 2264 3631 2303 ve-

1976 2320 2179 2377 litibus
2214 2323 2525 2392 permistos
2573 2326 2870 2393 emittunt,
2905 2330 2953 2384 si
2987 2347 3105 2401 qua
3153 2332 3193 2386 ii
3242 2335 3468 2391 ratione
3498 2353 3629 2393 eam

1974 2411 2312 2467 machinam
2354 2415 2739 2483 pessumdare
2791 2424 3049 2487 possent.
3084 2420 3144 2476 Id
3195 2423 3295 2478 ubi
3345 2425 3632 2482 intellexit

1971 2498 2253 2571 Curcuas,
2273 2501 2703 2559 robustissimis
2731 2521 2973 2562 suorum
3007 2510 3330 2581 assumptis
3361 2513 3629 2571 celeriter

1971 2589 2040 2643 ad
2090 2606 2218 2643 eam
2271 2591 2697 2647 defendendam
2732 2610 2793 2649 se
2824 2596 3080 2665 confert;
3133 2599 3518 2673 invectusque
3564 2604 3625 2659 in

1968 2677 2188 2735 medios
2206 2678 2451 2751 Scythas
2482 2681 2552 2735 ab
2584 2697 2733 2753 equo
2766 2684 2979 2739 missili
3010 2685 3122 2743 icto
3154 2688 3407 2760 eiicitur,
3430 2696 3611 2765 atque

1967 2785 2001 2822 a
2030 2768 2258 2840 Scythis
2291 2768 2612 2826 dilaniatus
2652 2771 2801 2826 ferro
2851 2774 3068 2829 interit.
3100 2777 3330 2849 Reliqui
3363 2780 3614 2837 Romani

1967 2873 2256 2912 concursu
2290 2858 2439 2912 facto
2469 2862 2527 2913 et
2562 2860 2895 2917 machinam
2941 2864 3228 2938 integram
3263 2874 3616 2927 conservant

1966 2949 2023 3000 et
2052 2945 2270 3002 Rossos
2309 2946 2368 3001 in
2403 2947 2607 3004 urbem
2658 2950 3040 3022 compellunt.
3074 2956 3176 3011 Die
3220 2956 3363 3012 Julii
3397 2957 3618 3014 mensis

1964 3035 2245 3090 vicesima
2270 3037 2434 3091 Rossi
2461 3038 2715 3094 universi
2739 3041 2810 3094 ad
2836 3057 3093 3113 pugnam
3118 3046 3396 3101 adversus
3420 3048 3621 3103 Roma.

1968 3141 2076 3181 nos
2098 3124 2416 3181 exiverunt.
2443 3125 2868 3184 Exhortabatur
2896 3147 2996 3186 eos
3022 3136 3078 3187 et
3109 3134 3181 3188 ad
3216 3133 3620 3192 fortitudinem

1970 3214 2259 3269 excitabat
2292 3214 2499 3280 lcmor,
2523 3216 2610 3269 vir
2635 3224 2765 3286 post
2783 3218 3162 3290 Sphagellum
3187 3224 3341 3294 apud
3375 3224 3622 3297 Scythas

1971 3302 2159 3373 primo
2191 3301 2337 3370 loco,
2364 3320 2477 3359 non
2507 3305 2661 3375 quod
2687 3305 2775 3361 vel
2809 3306 3029 3363 familia
3059 3311 3187 3381 ejus
3217 3312 3510 3383 praecipua
3529 3329 3621 3370 es-

1972 3396 2082 3461 set,
2104 3392 2190 3447 vel
2223 3392 2475 3447 favorem
2510 3392 2757 3449 aliorum
2800 3396 2914 3451 sibi
2959 3397 3197 3454 aliunde
3228 3402 3620 3467 conciliasset,

1974 3481 2072 3536 sed
2107 3480 2292 3536 solius
2320 3481 2553 3536 virtutis
2588 3498 2723 3555 ergo
2756 3485 2825 3539 ab
2859 3486 3149 3544 universis
3180 3488 3238 3543 in
3270 3488 3490 3546 honore
3518 3490 3622 3547 ha-

1976 3571 2156 3626 bitus.
2189 3570 2354 3625 Hunc
2386 3571 2703 3627 ceinmissa
2734 3589 2934 3646 pugna
2964 3577 3234 3644 Anemas,
3256 3579 3625 3636 Cretensium

1979 3675 2186 3714 ameraa
2220 3660 2413 3713 Basilii
2445 3663 2687 3731 Curupze
2720 3662 2895 3729 ﬁlius,
2932 3681 3084 3720 unus
3116 3666 3489 3738 imperatoris
3519 3671 3628 3724 sti-

1981 3752 2274 3820 patorum,
2308 3749 2461 3803 406
2493 3764 2740 3805 cernens
2789 3751 3017 3808 fortiter
3066 3771 3325 3826 pugnam
3374 3756 3534 3813 obire
3565 3774 3631 3813 ac

1984 3836 2240 3907 reliquos
2272 3835 2522 3891 excitare
2552 3842 2608 3891 et
2638 3841 3033 3896 Romanorum
3066 3844 3297 3900 ordines
3326 3846 3634 3902 conturba-

1985 3942 2066 3991 re,
2092 3924 2237 3979 nihil
2257 3925 2348 3979 vel
2371 3925 2639 3982 vastitate
2659 3929 2918 3999 corporis
2947 3931 3075 4001 ejus
3096 3932 3182 3987 vel
3214 3934 3419 3989 robore
3441 3934 3633 3991 deter-

1985 4016 2153 4079 ritus,
2188 4016 2473 4086 sanguine
2516 4016 2673 4071 circa
2702 4034 2802 4072 cor
2829 4019 3235 4077 effervescente
3273 4038 3489 4094 equum
3526 4024 3635 4079 hac

1985 4102 2118 4158 illac
2140 4106 2438 4171 torquens,
2464 4104 2669 4159 stricto
2692 4105 2789 4177 qui
2813 4106 2883 4160 ad
2915 4108 3107 4163 femur
3137 4111 3424 4181 pendebat
3444 4112 3635 4183 gladio

1987 4192 2271 4263 impetum
2295 4191 2351 4246 in
2375 4207 2509 4247 eum
2532 4192 2633 4248 dat
2652 4193 3259 4269 vehementissimum,
3282 4204 3638 4273 tantumque

1989 4281 2045 4334 in
2080 4280 2388 4335 sinistrum
2443 4282 2753 4337 humerum
2778 4284 2947 4353 juxta
2992 4285 3335 4343 claviculam
3387 4291 3639 4361 imponit

1988 4368 2227 4437 vulnus,
2263 4372 2328 4424 ut
2366 4373 2422 4425 et
2453 4369 2668 4426 collum
2727 4371 3094 4430 abscinderet
3141 4380 3199 4432 et
3248 4393 3381 4433 cum
3436 4380 3640 4435 dextra

1993 4476 2172 4513 manu
2214 4463 2585 4529 amputatum
2629 4465 2805 4530 caput
2833 4460 2891 4515 in
2926 4461 3112 4519 solum
3163 4466 3475 4521 decideret.
3511 4470 3641 4539 Ipse

216 4553 319 4629 δίῳ
364 4555 554 4629 θέρμῃ
606 4552 836 4631 ληφθεὶς
880 4552 970 4608 καὶ
1019 4552 1109 4607 τὸν
1155 4548 1319 4606 ἵππον
1367 4545 1502 4623 τῇδε
1537 4548 1751 4602 κάκεῖσε
1779 4566 1867 4601 πα·

2019 4546 2210 4601 llaesus
2242 4545 2310 4600 ad
2347 4562 2485 4601 suos
2519 4545 2708 4603 rediit.
2734 4548 3137 4606 Exclamatum
3171 4553 3239 4607 ad
3276 4553 3384 4610 hoc
3414 4554 3644 4611 facinus

219 4646 555 4717 ρακινήσας,
606 4643 724 4715 μεθ’
772 4643 953 4717 ὁρμῆς
1008 4640 1382 4714 ἀκατασχέτου
1414 4637 1478 4691 τὸ
1520 4634 1886 4710 παρῃωρημέ-

213 4755 305 4788 νον
366 4739 456 4807 τῷ
512 4736 679 4807 μηρῷ
733 4730 899 4787 αὐτοῦ
957 4730 1109 4808 ξίφος
1175 4728 1515 4801 σπασάμενος
1556 4723 1698 4780 ’ίεται
1748 4725 1885 4779 κατὰ

214 4826 313 4876 τοῦ
348 4822 598 4889 Σκύθου,
648 4819 738 4876 καὶ
782 4818 929 4875 παίει
973 4823 1167 4875 τοῦτον
1212 4820 1293 4889 τῷ
1349 4814 1603 4891 φασγάνῳ
1633 4814 1769 4868 κατὰ
1790 4816 1886 4868 τοῦ

214 4912 521 4987 ἀριστεροῦ
554 4906 711 4982 ὣμου
765 4910 887 4984 περί
937 4908 1038 4977 τὴν
1090 4902 1301 4977 κλεῖδα,
1332 4903 1425 4959 καὶ
1472 4902 1765 4974 ἀποτέμνει
1796 4902 1885 4955 τὸν

215 4999 455 5075 αὐχένα,
493 4998 572 5060 ὡς
605 4992 879 5071 συμϐῆναι
925 4997 1027 5065 τήν
1080 4994 1323 5072 κεφαλὴν
1356 4991 1448 5047 σὺν
1479 4994 1547 5065 τῇ
1571 4988 1716 5063 δεξιᾷ
1740 4989 1889 5065 χειρὶ

1997 4635 2347 4708 promiscue,
2379 4636 2659 4691 Romanis
2709 4637 2780 4693 ob
2824 4638 3126 4695 victoriam
3176 4641 3378 4697 lwtum
3424 4643 3644 4699 clamo-

1996 4741 2117 4780 rem
2152 4724 2579 4795 attollentibus,
2602 4726 2835 4799 Scythis
2866 4733 3062 4783 autem
3086 4732 3395 4786 confusum
3419 4732 3648 4803 ejulan-

1997 4814 2154 4870 tibus
2185 4818 2242 4869 et
2268 4813 2525 4885 vigorem
2559 4831 2729 4870 suum
2764 4816 3217 4874 dimittentibus.
3239 4819 3499 4877 Tandem
3534 4822 3647 4879 Ro-

1999 4903 2189 4958 manis
2248 4903 2650 4973 prementibus
2706 4907 2873 4961 Rossi
2935 4907 3131 4977 fugam
3195 4908 3432 4979 faciunt,
3464 4927 3652 4983 eaque

1998 5009 2133 5049 cum
2167 4991 2446 5048 dedecore
2476 4992 2534 5047 in
2565 4993 2768 5049 urbem
2803 4995 3073 5050 evadunt.
3103 4995 3274 5052 Multi
3301 5014 3367 5055 eo
3398 5000 3491 5056 die
3521 5018 3651 5074 per-

219 5088 562 5147 ἐκκοπεῖσαν
614 5091 793 5143 πεσεῖν
854 5085 931 5149 εἷς
985 5086 1047 5141 τὸ
1086 5081 1409 5153 ἔδαφος.Καὶ
1454 5081 1482 5135 ὁ
1530 5080 1624 5154 μὶν
1677 5079 1858 5150 Σκύθη

2008 5084 2215 5151 ierunt,
2240 5080 2451 5152 partim
2484 5083 2556 5137 ob
2586 5081 2846 5138 locorum
2879 5086 3216 5156 angustiam
3250 5105 3282 5143 a
3310 5106 3373 5145 se
3401 5089 3651 5149 invicem

1426 5240 1797 5299 XYLANDRI
1832 5240 1927 5297 ΕΤ
1964 5238 2185 5297 GOARI
2223 5239 2458 5295 NOTIE.

289 5376 411 5448 (29)
441 5377 568 5431 Aut
604 5373 814 5448 Basilii
862 5386 1183 5448 cognomen
1233 5372 1323 5426 est
1368 5370 1668 5448 Curupasa
1693 5369 1751 5422 et
1793 5381 1900 5448 vox
2008 5368 2248 5448 pr-etor:
2288 5365 2464 5448 Iluan
2496 5381 2621 5419 cum
2666 5365 2890 5448 vidisset
2938 5367 3180 5448 Auernae
3227 5374 3389 5448 regia
3438 5372 3658 5431 Cretum

216 5446 421 5523 ἀμηρᾶ
492 5446 740 5503 omissa.
776 5450 905 5523 aut

222 5591 410 5664 ditur,
480 5589 727 5664 nomine
782 5589 1025 5664 omisso.

222 5655 610 5739 conje'oturis
639 5665 698 5720 et
725 5658 1205 5734 corruptionibus
1247 5656 1370 5714 hac
1405 5657 1582 5713 verba
1611 5655 1692 5711 sic
1722 5655 1901 5709 inter-

572 5792 836 5857 ΡΑτιιοι..
883 5790 997 5854 Gn.
1041 5786 1275 5852 CXXII.

973 5439 1252 5518 βασίλειος
1310 5438 1573 5518 ameram
1633 5438 1896 5518 denotat.

218 5510 399 5577 Prius
432 5534 646 5574 verum
687 5520 850 5590 puto.
878 5517 949 5599 Et
974 5510 1201 5599 postea
1228 5510 1750 5599 dpnpadeeod'em
1798 5510 1899 5599 ale
2009 5510 2619 5599 inﬁguidgclarius?
2671 5512 3021 5599 namnpaulo
3049 5510 3209 5599 "post
3253 5518 3529 5599 Auernae

1058 5590 1202 5641 XYL.
1228 5581 1297 5626 -ἕ
1325 5581 1574 5640 Omissis
1622 5581 1901 5655 Xylandri
2008 5581 2375 5655 Cretensium
2408 5596 2638 5650 emeres,
2666 5599 2781 5639 non
2813 5584 3012 5640 Basilii
3045 5581 3201 5643 ﬁlius
3231 5581 3659 5648 enuntiabitur;

2007 5438 2400 5513 ,ςιὶνρρρςα-ιιιδ,⁸
2419 5437 2656 5513 cur-una?
2686 5436 2864 5509 ﬁlius,
2895 5456 3037 5513 unius
3066 5436 3416 5513 imperal'oris
3444 5448 3658 5503 satelli-

2010 5513 2147 5586 tum.
2175 5507 2323 5586 Quid
2356 5507 2619 5564 clarius?
2671 5527 2804 5566 nam
2849 5507 3021 5586 paulo
3075 5507 3209 5585 post
3253 5518 3509 5573 Anemas
3540 5517 3659 5586 hic,

2008 5654 2190 5712 Goxa.

3302 5789 3340 5848 5
