3922 6132
332 283 449 346 139

1692 275 2006 338 GEORGII
2051 275 2389 338 CEDRENI

3628 284 3746 344 HO

336 415 683 486 conculcati,
741 415 957 487 partim
1004 430 1038 470 a
1088 412 1366 470 Romanis
1421 411 1710 468 assecutis
1767 426 1866 466 eos

2168 428 2271 464 ειτο
2301 410 2503 483 πεσὼν,
2561 412 2589 466 6
2638 410 2684 467 δ’
2745 415 2975 488 Ἀνεμᾶς
3021 415 3213 485 ἀσινὴς
3265 413 3528 481 ἐπανῆκεν
3572 416 3648 473 εἰς
3678 416 3741 473 τὸ

335 510 471 579 fuga
503 507 655 562 caesi.
688 506 850 570 Quod
900 504 1012 560 nisi
1045 520 1157 560 nox
1196 502 1479 575 ingruens
1523 500 1985 573 Sphendosthla-

334 597 478 651 hum
510 596 843 666 eripuisset,
876 594 1079 664 utique
1109 597 1166 648 et
1196 593 1323 664 ipse
1372 592 1536 647 vivus
1584 591 1643 645 in
1696 591 1984 646 Romano-

334 702 466 739 rum
498 685 757 740 venisset
798 688 1170 756 potestatem.
1204 681 1563 753 Superstites
1594 697 1627 736 a
1658 680 1820 735 clade
1850 696 1982 735 cum

336 775 490 829 intra
555 774 770 829 moenia
833 773 1153 839 venissent,
1211 788 1422 842 magno
1489 787 1623 825 cum
1693 769 1854 825 luctu
1920 785 1987 824 ac

336 864 576 935 planctu
636 866 884 918 mortem
935 862 1178 917 Icmoris
1229 860 1696 932 deploraverunt.
1755 859 1820 913 Et
1872 864 1986 913 Ro-

337 953 497 1007 mani
555 969 687 1007 cum
744 953 1009 1007 barbaris
1080 950 1287 1006 occisis
1346 948 1532 1021 spolia
1592 948 1984 1017 detraherent,

333 1045 488 1097 inter
529 1043 813 1097 cadavera
871 1041 1050 1096 etiam
1103 1039 1380 1095 mulieres
1436 1039 1789 1093 invenerunt
1839 1037 1986 1091 virili

334 1131 540 1187 habitu
573 1135 776 1200 tectas,
812 1147 936 1202 quae
969 1130 1120 1184 inter
1154 1128 1398 1183 maritos
1442 1128 1501 1182 in
1555 1127 1848 1182 Romanos
1881 1143 1986 1198 pu-

333 1225 672 1290 gnaverant.

2096 498 2474 572 στρατοπεδον.
2502 502 2678 577 Ἤρθη
2732 502 2817 558 ἐπὶ
2869 503 2949 577 τῷ
3002 503 3148 581 ἔργῳ
3206 506 3359 582 φωνὴ
3418 508 3737 583 παμμιγὴς,

2093 593 2200 643 τῶν
2253 590 2345 661 μὲν
2405 592 2690 665 Ῥωμαίων
2744 591 3128 664 ἀλαλαξάντων
3181 594 3268 649 ἐπὶ
3322 598 3391 669 τῇ
3450 594 3599 670 νίκῃ,
3631 600 3739 651 τῶν

2096 674 2154 731 δὲ
2214 679 2434 742 Σκυθὼν
2495 681 2723 754 ἀσήμως
2801 681 3177 753 ὀλολυξάντων
3248 684 3336 738 καὶ
3392 692 3493 754 τῆς
3536 686 3736 740 ἑαυτῶν

2100 766 2432 823 ὑπενδόντων
2479 769 2794 833 ἐνστάσεως.
2847 768 3275 847 Ἐπιϐρισάντων
3334 771 3391 828 δὲ
3446 778 3555 829 τῶν
3603 775 3739 829 Ῥω-

2101 856 2275 929 μαίων
2325 857 2400 919 εἷς
2460 861 2639 933 φυγὴν
2700 858 3064 934 ἔγκεκλίκασι,
3124 862 3213 917 καὶ
3270 861 3478 925 ἀκλεῶς
3528 863 3603 924 εἰς
3637 865 3736 933 τὴν

2095 944 2259 999 πόλιν
2293 945 2581 1014 ἐσωζοντο.
2634 949 2858 1003 Ἐπεσον
2910 948 2968 1004 δὲ
3020 951 3224 1007 πολλοὶ
3272 954 3407 1006 κατά
3444 950 3610 1023 τήνδε
3639 953 3737 1022 τήν

2097 1037 2330 1111 ἡμέραν,
2360 1036 2448 1090 ὑπ’
2483 1036 2747 1108 ἀλλήλων
2794 1060 2851 1094 τε
2898 1042 3341 1114 συμπατούμενοι
3371 1040 3459 1097 διὰ
3487 1044 3585 1111 τὴν
3623 1064 3737 1097 στε-

2097 1126 2371 1199 νοχωρίαν
2420 1127 2509 1179 καὶ
2572 1127 2675 1181 ὑπὸ
2716 1129 3002 1201 Ῥωμαίων
3055 1130 3412 1207 σφαττόμενοι
3452 1135 3533 1203 τῷ
3574 1152 3739 1187 κατα-

2101 1208 2489 1285 λαμϐάνεσθαι.
2519 1222 2727 1292 Μικροῦ
2776 1214 2826 1271 δ’
2871 1216 2929 1273 ἄν
2982 1218 3129 1274 ἑάλω
3180 1221 3270 1274 καὶ
3301 1222 3328 1275 6
3363 1218 3740 1297 Σφενδοσθλά-

332 1304 426 1369 ϐος
460 1308 647 1377 αὐτὸς,
681 1308 726 1362 εἰ
783 1309 859 1380 μή
909 1308 998 1380 νὺξ
1052 1306 1408 1382 ἐπιγενομένη
1467 1308 1656 1359 τοῦτον
1714 1303 1995 1380 έρῥύσατο.
2054 1304 2120 1360 Οἱ
2179 1302 2236 1357 δὶ
2290 1306 2382 1359 τὸν
2442 1304 2689 1360 κίνδυνον
2744 1305 3075 1385 διαδράντες,
3109 1308 3257 1372 ἐντὸς
3297 1315 3393 1365 τοῦ
3438 1306 3739 1387 περιϐόλου

332 1398 644 1472 γενόμενοι,
703 1399 944 1453 κωκυτὸν
1013 1397 1099 1453 ἐπὶ
1159 1402 1238 1468 τῷ
1294 1400 1389 1451 τοῦ
1442 1399 1697 1470 Ἰκμορος
1764 1394 1975 1467 Θανάτῳ
2058 1392 2222 1470 μέγαν
2279 1393 2565 1469 ἐκόψαντο.
2626 1397 2769 1460 Τοὺς
2831 1396 2887 1453 δὲ
2942 1399 3204 1462 πεσόντας
3252 1405 3360 1455 τῶν
3424 1396 3739 1477 βαρϐάρων,

331 1487 681 1549 σκυλεύοντες
738 1489 789 1542 οἱ
848 1486 1109 1561 Ῥωμαῖοι
1169 1486 1320 1561 εὗρον
1397 1487 1487 1540 καὶ
1566 1490 1821 1560 γυναῖκας
1905 1483 1960 1538 ἐν
2037 1488 2154 1547 τοῖς
2229 1484 2595 1558 ἀνῃρημένοις
2645 1487 2898 1562 κειμένας
2951 1486 3215 1565 ἀνδρικῶς
3265 1489 3597 1565 ἐσταλμένας
3648 1490 3738 1546 καὶ

336 1579 469 1650 μετὰ
496 1581 602 1631 τῶν
636 1574 841 1653 ἀνδρῶν
874 1578 1009 1650 πρὸς
1042 1576 1353 1650 Ῥωμαίους
1380 1575 1812 1651 ἀγωνισαμένας.

402 1707 551 1761 407
586 1705 718 1761 Jam
757 1704 1024 1760 barbaris
1073 1703 1227 1759 bello
1258 1702 1449 1759 omnia
1496 1706 1665 1758 erant
1716 1700 1980 1757 adversa.

328 1796 475 1851 Nam
508 1811 695 1866 neque
716 1794 1125 1866 suppetiarum
1148 1810 1283 1864 spes
1304 1798 1596 1863 erat,cum
1629 1796 1685 1847 et
1715 1791 1981 1861 ipsorum

328 1884 577 1956 gentiles
607 1884 807 1956 procul
830 1886 1103 1940 abessent
1124 1888 1182 1939 et
1204 1882 1467 1938 ﬁnitimae
1501 1882 1761 1937 barbara:
1782 1886 1981 1952 gentes

329 1993 361 2030 a
392 1974 667 2030 Romanis
708 1974 820 2030 sibi
877 1977 1207 2028 metuentes
1258 1972 1474 2028 auxilia
1504 1971 1890 2040 denegarent;
1923 1970 1981 2023 et

2168 1700 2316 1756 Ἐπεὶ
2376 1696 2432 1754 δὲ
2487 1707 2603 1766 τοῖς
2664 1698 2961 1779 βαρϐάροις
3019 1710 3201 1768 κακῶς
3258 1703 3473 1783 ἐφέρετο
3532 1707 3601 1760 τὰ
3638 1709 3738 1760 τοῦ

2091 1785 2340 1860 πολέμου
2369 1789 2457 1843 καὶ
2491 1789 2803 1867 ξυμμαχίας
2852 1794 2918 1861 ἦν
2967 1792 3125 1858 ἐλπὶς
3153 1792 3402 1867 οὐδαμοῦ
3432 1792 3522 1867 (οἷ’
3544 1815 3605 1850 τε
3633 1795 3737 1869 γὰρ

2091 1877 2367 1951 ὁμόφυλοι
2399 1878 2537 1947 ἦσαν
2589 1881 2820 1957 μακρὰν,
2869 1882 2959 1937 καὶ
2993 1883 3058 1938 τὰ
3104 1883 3281 1958 ὅμορα
3328 1879 3583 1961 Βάρϐαρα
3624 1889 3735 1939 τῶν

2090 1965 2257 2030 ἐθνῶν
2291 1966 2533 2023 δείσαντα
2585 1970 2710 2031 τοὺς
2760 1972 3063 2044 Ῥωμαίους
3115 1972 3407 2028 ἀπείπαντο
3457 1974 3557 2040 τὴν
3605 1974 3739 2048 βοή-

327 2069 694 2121 commeatus
737 2064 900 2135 ipsos
947 2064 1238 2125 deficeret.
1274 2062 1427 2134 quod
1487 2061 1745 2115 Romana
1793 2058 1896 2113 cla:

2173 2075 2273 2110 αν·
2308 2057 2651 2113 ἐπελελοίπει
2698 2057 2744 2113 δ’
2792 2060 2988 2123 αὐτοὺς
3034 2061 3124 2116 καὶ
3170 2062 3237 2117 τὰ
3282 2060 3596 2133 ἐπιτήδεια,
3644 2062 3737 2117 καὶ

325 2154 485 2225 ripas
535 2153 978 2209 accuratissime
1010 2152 1373 2208 custodiente
1423 2150 1571 2205 nihil
1617 2149 1701 2204 eis
1751 2152 1978 2220 poterat

326 2243 672 2315 importari;
740 2243 1062 2314 eademque
1141 2258 1233 2296 res
1303 2240 1559 2295 obstaret
1606 2256 1721 2309 quo
1780 2237 1977 2291 minus

327 2332 540 2389 lembis
572 2332 698 2387 suis
730 2332 1007 2404 aufugere
1038 2337 1299 2403 possent,
1334 2347 1468 2385 cum
1505 2329 1739 2383 interim
1770 2331 1976 2382 Roma-

326 2423 419 2477 nis
449 2422 707 2492 quotidie
736 2421 914 2476 veluti
946 2438 1010 2475 ex
1043 2421 1283 2492 perenni
1333 2420 1491 2475 fonte
1523 2417 1722 2474 omnia
1771 2416 1974 2471 afflue-

322 2517 451 2568 rent
478 2512 650 2583 bona,
670 2516 726 2567 et
747 2510 997 2567 subinde
1021 2514 1323 2582 equestres
1352 2513 1777 2579 terrestresque
1798 2505 1972 2576 copiae

320 2602 680 2657 accederent.
708 2602 914 2672 Itaque
943 2600 1256 2655 concilium
1288 2604 1526 2671 cogunt.
1553 2597 1635 2651 Ibi
1669 2596 1766 2651 alii
1798 2600 1973 2650 noctu

320 2690 525 2745 furtim
576 2689 999 2761 aufugiendum
1040 2689 1378 2753 censebant,
1428 2686 1525 2742 alii
1572 2690 1971 2741 Romanorum

319 2779 495 2834 ﬁdem
555 2795 871 2848 pacemque
927 2777 1382 2849 implorandam,
1418 2780 1596 2846 atque
1654 2773 1737 2828 ita
1783 2772 1973 2843 (aliter

319 2870 479 2925 enim
511 2886 627 2924 non
670 2868 860 2939 licere)
893 2870 1134 2923 domum
1184 2869 1548 2923 redeundum
1584 2883 1597 2921 :
1633 2865 1764 2921 aliis
1812 2864 1970 2919 aliud

318 2975 425 3030 pro
452 2976 512 3015 re
534 2962 671 3014 nata
690 2958 1013 3014 videbatur.
1043 2957 1321 3013 Omnium
1343 2961 1539 3012 tamen
1562 2972 1628 3011 eo
1651 2954 1972 3011 tendebant

319 3048 647 3114 sententiae,
671 3047 808 3103 belli
836 3048 1014 3103 ﬁnem
1044 3064 1173 3103 esse
1202 3046 1554 3102 faciendum.
1578 3048 1649 3100 At
1667 3043 1967 3116 Sphendo-

321 3137 591 3193 sthlabus
643 3137 863 3193 hortari
923 3141 987 3192 ut
1032 3137 1223 3193 adhuc
1271 3135 1453 3192 semel
1502 3151 1637 3191 cum
1693 3131 1971 3190 Romanis

322 3227 598 3298 congredi
628 3225 863 3296 vellent,
893 3230 950 3281 et
975 3225 1067 3281 vel
1115 3225 1341 3281 fortiter
1388 3224 1703 3297 pugnando
1735 3239 1833 3279 eos
1863 3223 1967 3278 de-

321 3317 578 3388 vincere,
595 3315 683 3371 vel
705 3317 754 3372 si
776 3316 1015 3372 victoria
1036 3315 1214 3387 potiri
1238 3332 1351 3371 non
1375 3316 1632 3382 daretur,
1652 3312 1966 3386 gloriosam

321 3409 497 3477 atque
540 3405 767 3462 felicem
825 3409 1073 3461 mortem
1128 3405 1485 3476 turpissimae
1536 3409 1711 3474 atque
1761 3402 1962 3458 infami

319 3495 451 3550 vitze
500 3496 789 3566 praeferre.
833 3495 938 3559 Qui
985 3494 1140 3549 enim
1190 3496 1371 3548 vitam
1418 3492 1721 3549 toleraturi
1768 3497 1968 3548 essent

320 3585 463 3655 fuga
493 3583 1335 3651 servatam,contemnentibus
1364 3582 1523 3653 ipsos
1557 3598 1728 3653 porro
1761 3582 1967 3637 v1ciuis

320 3671 575 3744 populis,
600 3672 820 3743 quibus
849 3678 1022 3727 antea
1063 3673 1273 3728 terrori
1305 3672 1594 3727 fuissent?
1623 3672 1703 3726 Ea
1732 3678 1967 3726 senten-

318 3762 403 3816 tia
432 3761 676 3833 placuit,
697 3761 1041 3832 assensique
1081 3766 1219 3817 sunt
1251 3777 1476 3828 omnes,
1502 3765 1559 3817 et
1599 3760 1842 3833 polliciti
1873 3777 1967 3815 ex-

320 3854 576 3905 tremum
616 3850 769 3905 408
802 3868 864 3905 se
896 3867 999 3921 pro
1030 3851 1149 3904 vita
1180 3868 1288 3905 sua
1318 3856 1611 3906 certamen
1654 3866 1888 3905 summa
1918 3849 1968 3903 vi

322 3939 607 3995 obituros.
634 3939 915 3994 Postridie
944 3955 1081 4010 ergo
1115 3939 1368 3994 universi
1396 3941 1540 3995 urbe
1571 3943 1801 4006 exeunt,
1837 3956 1970 4011 por-

324 4032 536 4099 tasque
560 4028 861 4096 claudunt,
889 4045 959 4084 ne
982 4028 1115 4100 quis
1146 4030 1203 4084 in
1230 4029 1429 4084 urbem
1454 4045 1484 4084 e
1509 4029 1645 4101 fuga
1678 4029 1974 4100 pervenire

326 4118 533 4190 possit.
563 4117 884 4173 Commisso
942 4118 1141 4190 praelio
1198 4119 1409 4173 acriter
1467 4124 1781 4190 pugnatur.
1840 4117 1971 4173 Jam

329 4206 597 4263 barbaris
628 4207 891 4261 animose
933 4208 1356 4278 pugnantibus,
1390 4208 1637 4262 Romani
1681 4215 1739 4263 et
1781 4206 1975 4278 gravis

331 4313 450 4352 suae
481 4300 793 4351 armaturae
832 4296 1088 4367 pondere
1118 4302 1174 4352 et
1203 4296 1344 4352 solis
1375 4313 1578 4352 sereno
1613 4297 1854 4351 meridie
1884 4314 1974 4351 ar-

332 4387 469 4441 dore
501 4402 565 4440 ac
596 4385 691 4440 siti
738 4383 1018 4457 languere
1062 4384 1442 4457 incipiebant,
1476 4402 1609 4441 cum
1661 4386 1979 4457 imperator

331 4492 392 4531 re
426 4476 831 4530 animadversa
857 4477 1148 4530 succurrit
1172 4492 1304 4530 cum
1336 4478 1484 4541 suis,
1509 4481 1565 4530 et
1595 4476 1853 4531 hostium
1884 4491 1978 4530 ve-

330 4564 641 4619 hementia:
662 4580 723 4618 se
754 4563 974 4633 objicit,
1002 4569 1278 4635 utresque
1310 4565 1543 4620 interim
1578 4582 1729 4636 aqua
1751 4569 1805 4619 ct
1844 4565 1977 4619 vino

329 4653 531 4722 plenos
554 4651 744 4708 afferri
778 4652 959 4722 jubet.
986 4653 1123 4708 Inde
1147 4670 1293 4723 quos
1318 4661 1498 4708 aastus
1519 4670 1582 4708 ac
1609 4654 1737 4708 silis
1759 4652 1977 4708 afflixe-

329 4748 418 4796 rat
467 4741 703 4797 recreati
738 4740 990 4796 violento
1038 4741 1260 4813 impetu
1311 4743 1368 4797 in
1417 4743 1661 4814 Scythas
1710 4743 1974 4810 irruunt;

2089 2142 2395 2219 οὐδαμόθεν
2449 2147 2855 2221 εἷσκομίσασθαι
2907 2147 3130 2206 δυνατὸν
3170 2152 3261 2223 ἧν,
3289 2157 3386 2207 τοῦ
3418 2152 3735 2225 Ῥωμαϊκοῦ

2089 2233 2287 2289 στόλου
2317 2237 2413 2298 τὰς
2465 2234 2635 2312 ὄχθας
2677 2234 2918 2314 ἀκριϐῶς
2968 2245 3268 2315 τηροῦντος
3313 2246 3408 2296 τοῦ
3447 2246 3733 2314 ποταμοῦ-

2088 2322 2303 2399 ἰπέρῥει
2355 2323 2411 2380 δὲ
2464 2326 2553 2380 καὶ
2602 2332 2717 2389 τοῖς
2758 2329 3052 2401 Ῥωμαίοις
3112 2331 3338 2401 ἑκάστης
3395 2330 3607 2406 ἡμέρας
3659 2331 3735 2393 ὡς

2086 2411 2146 2470 ἔκ
2172 2435 2323 2476 τινος
2377 2415 2613 2493 ἀφθόνου
2662 2424 2848 2492 πηγῆς
2894 2420 3069 2474 πάντα
3113 2420 3179 2473 τὰ
3226 2420 3415 2495 ἀγαθὰ,
3447 2420 3538 2474 καὶ
3568 2421 3735 2475 ἱππι-

2082 2504 2173 2559 καὶ
2206 2504 2295 2558 καὶ
2326 2505 2540 2573 πεζικαὶ
2599 2502 2853 2580 δυνάμεις
2903 2504 2993 2561 διὰ
3047 2509 3243 2570 παντὸς
3289 2508 3674 2585 προσετίθεντο
3694 2530 3729 2557 δ

2082 2593 2169 2649 καὶ
2203 2590 2327 2648 οὐδὲ
2365 2599 2481 2657 τοῖς
2528 2593 2806 2665 κελητίοις
2857 2597 3059 2651 ἑαυτῶν
3109 2593 3381 2670 ἐμϐάντας
3425 2595 3734 2673 ἀποδρᾶναι

2080 2684 2147 2751 ἧν
2186 2680 2431 2749 δυνατὸν,
2462 2687 2569 2737 τῶν
2620 2681 2897 2758 διεξόδων,
2948 2686 3022 2747 ὡς
3074 2684 3319 2760 εἴπομεν,
3352 2682 3595 2761 ἀκριϐῶς
3629 2710 3733 2762 φυ-

2084 2771 2477 2845 λαττομένων),
2510 2768 2829 2845 συμϐουλὴν
2880 2773 3275 2849 συστησάμενοι
3322 2774 3381 2831 οἴ
3412 2776 3508 2849 μὶν
3537 2778 3731 2839 νυκτὸς

2082 2856 2469 2916 συνεϐούλευον
2519 2860 2715 2935 κλέψαι
2767 2865 2865 2932 τὴν
2917 2863 3289 2940 ἀναχώρησιν,
3344 2864 3511 2920 ἄλλοι
3552 2864 3613 2921 δὲ
3643 2864 3733 2921 δε-

2082 2948 2194 3019 ξιὰς
2238 2949 2327 3004 καὶ
2376 2950 2579 3012 πίστεις
2627 2952 2772 3026 παρά
2822 2953 3106 3025 Ῥωμαίων
3153 2953 3473 3025 αἰτήσασθαι
3526 2956 3614 3010 οἶα
3650 2958 3730 3029 μή

2082 3036 2270 3101 ἄλλως
2325 3037 2556 3108 δυνατῆς
2605 3038 2771 3111 οὔσης
2825 3043 2924 3111 τὴς
2973 3042 3406 3117 ὑποχωρήσεως,
3440 3043 3530 3098 καὶ
3580 3042 3731 3099 οὕτω

2079 3129 2216 3203 πρὸς
2244 3128 2311 3183 τὰ
2355 3127 2528 3183 ο“κεῖα
2569 3128 2787 3205 ἀπᾶραι.
2838 3132 2935 3185 Καὶ
2985 3128 3171 3187 ἄλλων
3223 3131 3296 3193 ὥς
3339 3153 3414 3202 πη
3448 3133 3664 3205 ἑκάστῳ
3698 3134 3729 3188 6

2080 3218 2267 3290 καιρὸς
2318 3215 2500 3273 ἐδίδου
2551 3213 3098 3292 συμϐουλευσάντων.
3147 3222 3361 3276 πάντων
3397 3218 3454 3276 δὶ
3480 3222 3729 3293 καθάπαξ

2078 3308 2394 3362 καταθέσθαι
2451 3308 2542 3363 τὸν
2596 3306 2841 3381 πόλεμον
2915 3308 3348 3382 ἐπιθυμούντων,
3408 3312 3436 3365 6
3488 3308 3726 3389 Σφενδο-

2081 3391 2315 3461 σθλάϐος
2360 3396 2595 3471 παφῄνει
2648 3395 2862 3470 μᾶλλον
2913 3393 2990 3453 ἔτι
3042 3397 3176 3469 ἅπαξ
3224 3399 3538 3473 πολεμῆσαι
3588 3402 3727 3455 Ῥω-

2083 3485 2287 3559 μαίοις,
2319 3486 2408 3540 καὶ
2438 3485 2473 3555 ἤ
2532 3484 2718 3549 καλῶς
2768 3485 3207 3561 ἀγωνισαμένους
3256 3487 3564 3563 ἐπικρατεῖς
3609 3494 3722 3544 τῶν

2077 3573 2324 3633 ἐναντίων
2356 3576 2621 3651 γενέσθαι,
2654 3574 2690 3645 ἤ
2739 3578 3069 3646 ἡττηθέννας
3120 3575 3411 3652 αἰσχίστης
3456 3583 3602 3648 ζωῆς
3631 3580 3727 3635 καὶ

2078 3662 2449 3719 ἐπονειδίστου
2508 3664 2706 3725 εὐκλεᾷ
2770 3664 2859 3719 καὶ
2940 3667 3203 3741 μακάριον
3280 3670 3736 3740 προτιμήσασθαι

2080 3755 2303 3816 θάνατον
2341 3772 2353 3786 ·
2388 3749 2621 3809 ἀϐίωτον
2653 3755 2755 3831 γὰρ
2809 3751 2954 3809 ἔσται
3004 3755 3189 3817 αὐτοῖς
3235 3753 3462 3832 δρασμῷ
3487 3758 3587 3826 τήν
3620 3779 3735 3812 σω-

2077 3843 2267 3918 τηρίαν
2313 3846 2720 3917 πορισαμέέοις,
2772 3843 2921 3917 εἷ’περ
2975 3842 3231 3917 μέλλοιεν
3284 3845 3741 3922 εὐκαταρφρόνηος

2079 3953 2164 3986 τοι
2197 3928 2403 3997 ἔσεσθαι
2472 3939 2588 3996 τοῖς
2639 3938 2971 4009 γειτονοῦσιν
3021 3930 3244 4004 ἔθνεσιν,
3292 3934 3326 3987 ἆ
3372 3935 3433 3990 τὸ
3488 3939 3732 4008 προσθεν

2082 4020 2279 4083 αὐτοὺς
2334 4019 2601 4077 ἐδεδίεσαν
2654 4019 2920 4098 σφοδρῶς.
2983 4024 3067 4095 [Ρ.
3092 4025 3218 4095 680]
3264 4029 3487 4099 Ἣρεσεν
3546 4027 3583 4095 ἡ
3636 4030 3741 4080 τοῦ

2086 4107 2542 4187 Σφενδοσθλάϐου
2604 4111 2806 4186 βουλὴ,
2876 4113 2966 4166 καὶ
3036 4114 3317 4168 κατέθεντο
3383 4113 3578 4175 πάντες
3638 4117 3738 4171 τὸν

2087 4202 2218 4276 ὑπὶρ
2250 4204 2434 4275 ψυχῆς
2466 4196 2694 4276 ἔσχατον
2746 4198 3099 4276 ἀναδέχεσθαι
3148 4199 3395 4258 κίνδυνον
3424 4208 3541 4266 ταῖς
3575 4202 3746 4270 ὅλαις

2087 4288 2366 4363 δυνάμεσι.
2425 4293 2501 4363 Τῇ
2554 4295 2686 4365 γοῦν
2745 4290 2971 4364 ἱπιούσῃ
3028 4289 3335 4361 ἐξελθόντες
3384 4297 3481 4347 τοῦ
3539 4291 3743 4357 ἄστεος

2085 4377 2382 4452 πανδημεὶ,
2429 4379 2517 4434 καὶ
2565 4380 2659 4441 τὰς
2704 4378 2881 4442 πύλας
2930 4378 3372 4454 ἀποκλείσαντες,
3406 4382 3481 4444 ὡς
3513 4386 3591 4456 μή
3624 4406 3741 4440 τινι

2088 4466 2309 4523 δυνατὸν
2344 4467 2426 4539 εἷή
2476 4468 2729 4543 τραπέντι
2776 4466 3131 4538 διασώζεσθαι
3189 4472 3325 4545 πρὸς
3380 4473 3480 4541 τὴν
3539 4471 3743 4547 πόλιν,

2087 4554 2464 4631 συμϐάλλουσι
2523 4564 2641 4620 τοῖς
2698 4558 3011 4631 Ῥωμαίοις.
3073 4560 3307 4635 Ἀγῶνος
3366 4558 3425 4616 δὲ
3464 4568 3746 4640 καρτεροῦ

2090 4649 2378 4709 συστάντος
2429 4648 2519 4702 καὶ
2565 4652 2673 4703 τῶν
2726 4643 3012 4723 βαρϐάρων
3086 4648 3340 4724 εὐψύχως
3399 4651 3750 4727 ἀγωνιζομὲ-

2087 4760 2218 4805 νων,
2249 4743 2327 4810 τῷ
2356 4736 2502 4810 ἡλίῳ
2531 4738 2893 4809 καυσοτόμενοι
2945 4737 2995 4792 οἱ
3036 4738 3300 4811 Ῥωμαῖοι
3330 4740 3420 4794 καὶ
3452 4739 3597 4814 δίψει
3628 4764 3750 4798 πο-

328 4831 519 4903 iisque
567 4831 843 4886 audacter
892 4831 1379 4898 subsistentibus,
1420 4832 1766 4902 aliquandiu
1813 4849 1896 4903 ως]

2168 4828 2343 4901 ίμενοι
2376 4828 2449 4889 ὡς
2471 4825 2803 4882 πανοπλῖται
2985 4826 3087 4902 γὰρ
3118 4826 3207 4881 καὶ
3239 4830 3481 4905 στάθηρά
3514 4852 3743 4905 μεσημ-

332 4920 516 4974 Marte
549 4924 873 4991 pugnatum
923 4929 1027 4974 esl.
1060 4920 1318 4973 Tandem
1364 4921 1679 4990 imperator
1719 4923 1977 4977 sentiens

330 5007 443 5063 loci
475 5009 809 5079 angustiam
855 5008 1055 5062 virtuti
1104 5026 1343 5063 suorum
1395 5011 1625 5065 obstare
1655 5028 1721 5066 ac
1751 5010 1980 5083 Scythis

335 5113 402 5152 eo
432 5096 660 5151 animos
691 5097 911 5167 augeri,
936 5098 1179 5152 mandat
1207 5098 1455 5153 ducibus
1487 5104 1550 5152 ut
1579 5104 1730 5154 retro
1762 5101 1819 5155 iu
1856 5100 1977 5171 pla-

336 5186 539 5239 nitiem
599 5186 798 5256 procul
849 5186 921 5240 ab
970 5187 1113 5241 urbe
1166 5187 1477 5257 abducant,
1513 5188 1981 5261 fugientiumque

336 5274 589 5345 speciem
624 5292 737 5329 non
771 5275 952 5329 effuse
981 5275 1079 5329 sed
1123 5275 1341 5330 sensim
1374 5278 1630 5331 cedendo
1663 5279 1978 5349 praebcant,

335 5372 511 5434 atque
541 5363 641 5418 ubi
676 5364 900 5419 hostem
950 5363 1116 5432 longe
1146 5364 1218 5419 ab
1251 5366 1394 5420 urbe
1441 5366 1760 5434 avocarint,
1783 5367 1978 5422 subito

331 5453 500 5523 equis
548 5452 843 5507 conversis
892 5453 1326 5523 aggrediantur.
1358 5455 1531 5510 Jussa
1577 5460 1979 5527 exsequuntur

330 5544 529 5598 duces.
565 5541 631 5596 Et
678 5541 848 5597 Rossi
878 5542 1148 5598 cedentes
1180 5548 1472 5599 Romanos
1503 5545 1702 5617 fugere
1732 5545 1975 5617 opinati,

329 5634 536 5691 mutuo
557 5647 685 5690 sese
705 5630 1013 5703 exhortati,
1031 5648 1243 5708 magno
1267 5648 1398 5691 cum
1428 5632 1666 5691 fremitu
1696 5651 1794 5693 eos
1821 5635 1972 5692 409

2089 4911 2216 4989 ϐρία
2249 4914 2500 4993 (ἤρξαντο
2552 4914 2838 4970 ἐνδιδόναι.
2892 4918 3061 4989 ’Ὁπερ
3117 4915 3437 4989 αἰσθόμενος
3488 4920 3515 4973 6
3573 4921 3746 4994 βασι·-

2088 5004 2214 5069 λεὺς
2257 5004 2345 5060 διὰ
2385 5008 2597 5083 ταχέων
2652 5005 2785 5078 μετὰ
2832 5005 2940 5059 τῶν
2976 5004 3101 5079 περὶ
3159 5005 3316 5060 αὑτὸν
3367 5002 3610 5079 ἰϐοήθει,
3642 5012 3746 5066 καὶ

2089 5094 2248 5157 αὐτὸς
2284 5096 2378 5167 μὲν
2408 5096 2505 5163 τὴν
2556 5095 2737 5168 ἀκμὴν
2792 5091 3077 5163 ὑπεδέξατο
3125 5098 3224 5149 τοῦ
3260 5093 3533 5168 πολέμου,
3564 5103 3645 5170 τῷ
3676 5097 3753 5156 δὲ

2085 5184 2419 5256 πεπονηκότι
2457 5183 2813 5261 στρατεύματι
2867 5183 2967 5237 ὑπὸ
3016 5181 3182 5251 ἡλίου
3215 5184 3302 5238 καὶ
3329 5181 3493 5258 δίψης
3531 5186 3753 5252 ἀσκοὺς

2088 5272 2242 5329 οἷ’νου
2290 5274 2379 5329 καὶ
2438 5270 2637 5328 ὕδατοσ
2691 5272 2924 5348 πλήρεις
2976 5272 3265 5346 προσέταξε
3313 5273 3582 5346 κομίζειν.
3634 5276 3753 5341 Οἷς

2086 5364 2424 5437 χρησάμενοι
2454 5363 2544 5417 καὶ
2573 5364 2671 5432 τὴν
2706 5360 2861 5435 δίψαν
2910 5360 3000 5416 καὶ
3046 5360 3137 5415 τὸν
3169 5365 3264 5415 τοῦ
3289 5361 3455 5431 ἡλίου
3479 5364 3757 5424 καύσωνα

2085 5453 2551 5528 ἀποκρουσάμενοι
2598 5450 2687 5505 καὶ
2732 5450 2952 5512 ἑαυτοὺς
3000 5445 3362 5513 ἀναλαϐόντες
3424 5454 3560 5524 μετὰ
3597 5475 3756 5531 σφο-

2086 5538 2347 5616 δρὸτητος
2397 5540 2486 5595 καὶ
2540 5540 2721 5618 ῥύμης
2758 5544 2874 5601 τοῖς
2920 5536 3151 5603 Σκύθαις
3198 5538 3510 5616 ὶπέρῥαξαν.
3553 5542 3754 5599 Ἐκει-

2081 5653 2188 5693 νων
2223 5629 2280 5689 δὶ
2307 5630 2563 5711 γενναίως
2610 5626 3022 5705 ὑποδεξαμένων
3064 5628 3131 5704 ἦν
3163 5630 3200 5705 ἡ
3236 5629 3391 5709 μάχη
3426 5629 3755 5715 ἶσοπαλῆςν
