3966 6134
250 303 356 363 Mi

1385 292 1935 356 HISTORIARUM
1980 291 2522 357 COMPENDIUM.

3540 298 3655 359 142

255 435 447 509 μέχρις
503 429 564 486 ἂν
602 432 630 486 ὁ
666 428 919 504 βασιλεὺς
975 430 1076 498 τήν
1136 426 1500 502 στενοχωρίαν
1561 423 1882 501 φρασάμενο‹

2006 425 2419 498 insequuntur.
2440 428 2704 495 Romani,
2727 431 2789 483 ut
2818 429 2888 483 ad
2922 430 3325 502 prazscriptum
3348 430 3542 489 locum
3564 436 3655 488 est

248 528 343 579 τοῦ
398 523 592 587 τόπου,
616 519 705 575 καὶ
766 517 825 574 ἐκ
878 517 1074 573 τούτου
1104 517 1442 586 κατανοήσας
1488 519 1605 577 τοῖς
1665 512 1898 577 Σκύθαις

252 611 573 686 ἐπιγίνεσθαι
625 610 724 677 τὴν
757 608 1043 682 καρτερίαν
1094 611 1172 677 τῷ
1226 605 1354 667 τοὺς
1400 604 1704 675 Ῥωμαίους
1751 602 1895 657 ἐστε-

252 700 599 776 νοχωρῆσθαι
652 699 739 753 καὶ
801 698 876 770 μή
938 694 1086 760 οἵους
1144 696 1277 749 εἶναι
1334 690 1463 769 ἔργα
1494 693 1768 769 πρέποντα
1795 698 1895 761 τῆς

251 792 451 845 ἑαυτῶν
508 789 679 857 ἀλκῆς
754 782 1169 853 ἐπιδείκνυσθαι,
1224 782 1496 855 ἐπέσκηψε
1546 787 1661 843 τοῖς
1710 801 1897 852 στρατ-

251 884 407 954 ηγοῖς
440 876 597 932 ε’ίκειν
634 876 708 937 εἰς
740 874 982 929 τούπίσω
1013 873 1150 947 πρὸς
1180 872 1242 927 τὸ
1289 869 1492 941 πεδίον,
1525 869 1613 924 καὶ
1652 872 1750 938 τῆς
1799 870 1895 923 πό-

252 968 387 1031 λεως
417 966 606 1043 πόρῥω
637 964 957 1040 ἀφίστασθαι
1003 960 1223 1032 δόκησιν
1278 960 1588 1039 φευγόντων
1622 958 1891 1033 παρέχον-

245 1079 356 1129 τας,
412 1059 487 1129 μή
568 1056 751 1129 μέντοι
810 1074 873 1128 γε
930 1048 1347 1127 προτροπάδην,
1400 1047 1527 1104 ἀλλ’
1573 1049 1755 1121 ἡμέρα
1804 1046 1891 1101 καὶ

246 1147 356 1202 κατ’
408 1145 597 1220 ὀλίγον
653 1142 916 1211 ε’ίκοντας,
958 1137 1216 1196 κάπειδάν
1274 1136 1467 1193 ἄποθεν
1523 1144 1622 1207 τῆς
1676 1136 1891 1199 πόλεως

2006 522 2368 587 perventum,
2402 517 2666 573 conversi
2700 518 2928 573 fortiter
2958 517 3185 574 hostem
3222 519 3527 577 invadunt.
3564 521 3650 576 lbi

2009 606 2206 676 prmlio
2239 606 2511 673 fervente,
2543 607 2754 661 ductor
2781 606 3120 663 Theodorus
3151 626 3185 662 a
3214 607 3483 665 Mistheia
3502 628 3652 681 equo

2005 710 2112 749 suo
2143 694 2341 749 lancea
2373 696 2641 750 confosso
2686 696 2743 749 in
2777 700 2988 750 terram
3022 697 3200 765 cadit,
3234 700 3287 751 et
3333 696 3486 753 circa
3516 716 3651 753 eum

2004 800 2135 838 acre
2165 786 2353 838 oritur
2395 789 2711 851 certamen,
2745 784 2947 840 Rossis
2992 784 3340 851 interﬁcere,
3374 786 3653 843 Romanis

2004 888 2234 927 servare
2269 874 2693 945 satagcntibus.
2733 875 2860 945 Ipse
2893 874 2963 929 ab
3004 890 3154 945 equo
3185 873 3479 945 collapsus
3511 876 3653 949 Scy-

2000 961 2163 1016 tham
2198 964 2515 1033 quemdam
2569 962 2807 1035 cingulo
2840 967 3140 1035 arreptum
3174 963 3284 1019 hac
3317 963 3449 1020 illac
3481 964 3648 1037 peltae

2000 1050 2188 1106 instar
2217 1052 2554 1119 observans,
2588 1069 2653 1106 eo
2684 1053 2975 1123 conjectas
3003 1053 3059 1107 in
3085 1069 3146 1109 se
3176 1052 3377 1109 hastas
3409 1055 3647 1126 excutit,

2000 1139 2342 1211 sensimque
2372 1146 2523 1195 retro
2559 1141 2762 1195 abiens
2811 1141 2881 1195 ad
2916 1158 3055 1196 suos
3103 1142 3433 1212 revertitur,
3464 1143 3647 1199 donec

246 1234 536 1291 διώκονται·
620 1231 1039 1298 ἱκκαλέσωνται,
1109 1226 1373 1306 αἰφνίδιον
1463 1226 1882 1301 παρενεγκόντας

2001 1229 2248 1283 Romani
2281 1229 2514 1301 Scythis
2541 1230 2593 1284 vi
2629 1230 2880 1301 repulsis
2908 1248 3041 1285 eum
3084 1231 3340 1301 periculo
3366 1232 3642 1303 eripiunt.

240 1324 361 1387 τοὺς
417 1322 681 1400 χαλινοὺς
739 1320 1072 1397 ἐπιστρέφειν
1124 1317 1252 1381 τοὺς
1292 1316 1499 1378 ἵππους
1539 1315 1625 1370 καὶ
1674 1314 1882 1377 τούτοις

1997 1318 2056 1372 Id
2088 1317 2353 1389 praelium
2386 1318 2745 1391 diremptum
2776 1324 2885 1387 est,
2916 1319 3137 1375 incerta
3166 1321 3487 1378 etiamnum
3518 1324 3645 1379 vic-

241 1413 655 1488 συμπλέκεσθαι.
692 1411 793 1468 Καὶ
839 1411 890 1463 οἱ
953 1409 1047 1481 μὶν
1107 1406 1323 1462 ἐποίουν
1382 1406 1444 1459 τὸ
1498 1403 1803 1470 κελευσθὲν,
1836 1405 1887 1458 οἱ
1998 1406 2167 1461 toria.

245 1502 458 1565 δὶορὼς
484 1504 583 1572 τὴν
619 1501 694 1563 εἷς
747 1498 995 1555 τούπίσω
1054 1496 1410 1570 ὑποχώρησιν
1465 1497 1576 1547 τῶν
1606 1492 1892 1565 Ῥωμαίων
1952 1494 2127 1569 φυγὴν
2183 1491 2481 1563 οῗηθέντες,
2517 1493 2798 1565 ἀλλήλους
2859 1494 3370 1570 παρακαλεσάμενοι
3426 1496 3644 1553 ε’ίποντο

243 1594 329 1647 σὺν
386 1590 836 1666 ἀλαλαγμῷ.’ος
894 1584 950 1642 δι
1003 1586 1140 1641 κατᾶ
1192 1585 1281 1639 τὸν
1345 1583 1647 1658 ὡρισμένον
1714 1580 1958 1656 ἐγένοντο
2039 1581 2206 1637 τόπον
2262 1584 2314 1638 o't
2373 1584 2662 1656 Ῥωμαῖοι,
2724 1584 3135 1660 ἐπιστραφέντες
3209 1588 3645 1664 προσρήγνυνται

238 1681 448 1744 τούτοις
504 1679 787 1755 γενναίως,
840 1679 1100 1739 Ἐνταῦθα
1157 1672 1344 1748 μάχης
1400 1672 1631 1747 ἰσχυρᾶς
1688 1672 1990 1745 γενομένης
2049 1667 2246 1740 συνέϐη
2303 1674 2600 1747 στρατηγὸν
2661 1671 2941 1749 Θεόδωρον
2996 1675 3089 1729 τὸν
3137 1676 3196 1729 ἐκ
3226 1677 3489 1739 Μισθείας
3543 1683 3643 1734 τοῦ

234 1770 401 1826 ’ίππου
457 1770 621 1826 αὐτοῦ
675 1767 1063 1842 λογχευθέντος
1120 1767 1301 1818 πεσεῖν
1347 1761 1483 1817 κατά
1528 1768 1652 1836 γῆς.
1708 1760 1838 1833 Περὶ
1895 1765 2085 1815 τοῦτον
2142 1759 2356 1832 ἅμιλλα
2428 1761 2631 1837 ἐγένετο
2711 1764 2964 1838 καρτερὰ,
3019 1768 3127 1818 τῶν
3205 1765 3297 1837 μέν
3358 1767 3489 1829 Ῥῶς
3547 1768 3639 1823 ἀν-

237 1860 463 1932 ελέσθαι,
493 1863 601 1914 τῶν
655 1855 713 1912 δὲ
766 1854 1049 1928 Ῥωμαίων
1108 1851 1257 1913 ὅπως
1320 1852 1394 1924 μὴ
1452 1850 1769 1927 ἀφαιρεθείη
1830 1847 2333 1927 φιλρτιμουμένων.
2370 1851 2539 1911 Οὗτος
2594 1850 2694 1926 γὰρ
2757 1853 2784 1905 ὁ
2839 1848 3117 1926 Θεόδωρος
3168 1851 3264 1907 τοῖ’)
3314 1851 3489 1909 ’ίππου
3536 1877 3633 1911 πε-

237 1946 477 2021 σὼν,’ένα
529 1946 653 2002 τινὰ
700 1948 809 2000 τῶν
865 1944 1085 1998 Σκυθῶν
1144 1946 1245 2009 τῆς
1304 1940 1476 2009 ζώνης
1536 1936 1866 2012 δραξάμενος
1908 1937 2000 1992 καὶ
2057 1935 2191 2011 τῇδε
2244 1940 2458 1993 κάκεῖσε
2516 1944 2594 2011 τῷ
2651 1941 2839 2015 χειρὸς
2893 1940 3063 2003 σθένει
3117 1946 3281 1996 κινῶν
3332 1941 3406 2005 ὥς
3436 1964 3488 1998 τι
3538 1967 3628 2018 μι-

235 2039 355 2093 κοὸν
414 2034 759 2092 ἀσπιδίσκιον
816 2036 1043 2106 κοῦφον,
1100 2029 1195 2092 τὰς
1253 2030 1369 2083 κατ’
1427 2027 1593 2083 αὐτοῦ
1647 2026 2001 2100 πεμπομένας
2057 2026 2265 2102 αἰχμὰς
2322 2028 2674 2104 ἀπεκρούετο,
2722 2029 2811 2084 καὶ
2865 2030 3002 2085 κατά
3058 2032 3248 2105 μικρὸν
3306 2031 3443 2108 πρὸς
3500 2038 3628 2098 τοὺς

236 2127 530 2200 Ῥωμαίους
565 2120 1336 2199 ὑπανεχώρειόπισθοκινήτῳ
1358 2122 1427 2191 τῇ
1453 2116 1667 2193 πορείᾳ.
1701 2115 1879 2180 Τέλος
1935 2110 2305 2191 ἐπιϐρίσαντες
2362 2119 2414 2172 οἱ
2463 2119 2730 2191 Ῥωμαῖοι
2784 2120 2909 2180 τούς
2964 2140 3023 2173 τε
3081 2122 3290 2184 Σκύθας
3342 2121 3631 2180 ἀπώσαντο

234 2216 430 2271 καὶτὸν
458 2212 629 2290 ἄνδρα
652 2217 747 2267 τοῦ
776 2208 1028 2265 κινδύνου
1061 2206 1372 2283 ἰρῥύσαντο.
1399 2207 1495 2261 Καὶ
1528 2205 1595 2260 τὰ.
1623 2203 1995 2280 στρατεύματα
2025 2202 2348 2276 διελύθησαν
2379 2205 2625 2275 τελείως,
2644 2205 2915 2282 μηδαμῶς
2948 2208 3025 2263 ἔτι
3054 2210 3226 2286 κρίσιν
3258 2216 3354 2267 τοῦ
3384 2212 3633 2289 πολέμου

236 2301 643 2469 “gmina;
702 2389 759 2446 δὶ
807 2388 1168 2464 εὐψυχότερον
1227 2390 1321 2441 νῦν
1372 2382 1585 2459 μᾶλλον
1618 2385 1653 2452 ἢ
1687 2382 1876 2459 πρότε-

2057 2390 2130 2441 At
2158 2386 2473 2459 imperator
2504 2389 2831 2445 animosius
2853 2407 3029 2461 quam
3053 2394 3185 2447 ante
3214 2392 3465 2463 praeliari
3496 2395 3634 2468 Scy-

234 2505 322 2559 ρον
370 2486 515 2557 ὀρῶν
547 2480 983 2557 ἀγωνιζομένους
1035 2476 1163 2539 τοὺς
1222 2475 1451 2541 Σκύθας,
1484 2473 1573 2528 καὶ
1627 2474 1727 2541 τήν
1784 2476 1881 2527 τοῦ

233 2574 429 2650 χρόνου
475 2566 675 2648 τριϐὴν
745 2567 1105 2645 βαρούμενος,
1165 2562 1449 2640 οἰκτείρων
1489 2560 1562 2650 ,δὲ
1613 2561 1703 2617 καὶ
1751 2560 1877 2624 τοὺς

229 2649 530 2733 Ῥωμαίους
560 2654 1115 2731 ταλαιπωρουμένους
1144 2652 1235 2707 καὶ
1274 2652 1354 2723 τῷ
1411 2649 1644 2724 πολέμῳ
1700 2653 1882 2712 κακῶς

229 2751 560 2825 πάσχοντας,
606 2741 925 2820 μονομαχίᾳ
983 2743 1137 2815 ᾠήθη
1201 2747 1381 2815 κρῖναι
1437 2741 1505 2794 τὰ
1560 2738 1877 2825 πράγματα.

232 2821 374 2895 Καὶν-
408 2836 475 2906 δὴ
556 2828 1000 2909 διαπρεσϐεύεται
1059 2831 1196 2907 πρὸς
1254 2829 1343 2884 τὸν
1406 2821 1877 2905 Σφενδοσθλάϐον,

228 2926 673 3004 προκαλούμενος
727 2922 885 2977 αὐτὸν
942 2920 1018 2983 εἷς
1051 2917 1421 2994 μονομαχίαν,
1456 2914 1574 2971 δέον
1613 2917 1742 2970 εἶναι
1795 2914 1880 2970 λέ·

227 3000 330 3091 γῶν
375 3017 491 3078 ἑνὸς
545 3010 739 3088 ἀνδρὸς
791 3010 1002 3083 θανάτῳ
1050 3014 1304 3079 κριθῆναι
1350 3007 1412 3062 τὸ
1441 3008 1530 3078 [Ρ.
1562 3007 1689 3078 681]
1722 3000 1875 3079 ἔργον

225 3106 257 3175 ἢ
303 3103 764 3183 κατασφάττεσθαι
813 3098 901 3155 καί
950 3099 1087 3154 κατά
1174 3097 1366 3173 μικρὸν
1429 3092 1757 3149 δαπανᾶσθαι
1811 3093 1878 3148 τὰ

223 3192 361 3264 ἔθνη,
394 3180 493 3249 καὶῆ
544 3192 637 3246 τὸν
696 3190 988 3260 νικήσαντα
1042 3188 1228 3260 κύριον
1271 3186 1405 3239 εἶναι
1435 3187 1540 3237 τῶν
1571 3180 1737 3236 ὅλων.
1770 3182 1875 3238 Οὗ-

224 3304 307 3345 τος
362 3281 419 3338 δὲ
473 3283 581 3350 τήν
638 3275 945 3355 πρόκλησιν
1005 3277 1097 3349 μὲν
1160 3274 1259 3329 οὐκ
1315 3270 1550 3345 ἐδέξατο,
1600 3269 1799 3345 λόγους
1831 3268 1876 3324 δν

229 3373 488 3451 ἐπαφῆκεν
552 3366 967 3444 ὑπεροπτικοὺς,
1019 3365 1092 3427 ὡς
1150 3364 1217 3418 τὰ
1267 3363 1382 3417 κατ’
1440 3362 1598 3415 αὑτὸν
1658 3358 1873 3433 ἄμεινον

225 3448 375 3523 αὐτός
430 3466 534 3516 τοῦ
591 3458 792 3533 ἐχθροῦ
851 3456 1155 3524 σκοπήσει·
1207 3451 1366 3515 αὐτὸς
1425 3448 1483 3505 δὲ
1535 3449 1580 3504 εἰ
1642 3449 1718 3521 μή
1780 3452 1873 3523 ζῇν

228 3552 333 3628 ἄγει
364 3548 609 3626 σχολήν,
642 3547 742 3601 είσὶ
780 3544 962 3619 μυρίαι
996 3540 1160 3598 ἄλλαι
1217 3542 1441 3605 θανάτου
1494 3536 1638 3594 ὁδοί·
1671 3539 1877 3592 τούτων

228 3640 408 3695 ὁποίαν
470 3640 707 3713 αἱρεῖται
792 3632 1021 3696 ἑλέσθω.
1078 3635 1257 3686 Ταῦτα
1335 3627 1703 3706 φρυαξάμενος
1774 3632 1874 3713 τῆς

224 3712 541 3802 πολεμικῆς
582 3724 761 3800 ε’ίχετο
821 3726 1163 3796 παρασκευῆς
1212 3719 1642 3831 προθυμότῑρον.
1699 3716 1760 3774 Ὀ
1816 3712 1873 3769 δὲ
1904 3765 1945 3831 C

229 3819 253 3831 Α
416 3816 427 3831 ι
576 3815 589 3831 \
693 3813 707 3831 1
951 3807 971 3831 ἰ
1008 3811 1081 3831 Ιγκ
1151 3829 1162 3831 _
1227 3805 1477 3831 __--._.-f._
1542 3810 1686 3831 --;".....
1742 3810 1865 3831 _.‘:'._-

228 3816 475 3892 βασιλεὺς
534 3815 629 3870 τὸν
690 3813 749 3867 ἐκ
804 3807 1163 3887 προκλήσεως
1205 3805 1477 3881 ἀπογνοὺς
1509 3806 1708 3892 ἀγῶνα,
1740 3810 1869 3859 πᾶσι

222 3890 438 3981 τρόποις
494 3905 818 3978 ἐμηχανᾶτο
869 3901 969 3968 τήν
1030 3896 1106 3959 εἷς
1164 3897 1263 3965 τήν
1325 3892 1489 3949 πόλιν
1548 3890 1870 3981 ἀποκλεῖσαι

227 3980 430 4052 εῖσοδον
455 3999 581 4057 τοῖς
614 3985 932 4068 βαρϐάροις,
963 3986 1051 4041 καὶ
1107 3986 1242 4060 πρὸς
1294 3984 1356 4038 τὸ
1413 3981 1565 4057 ἔργον
1610 3980 1872 4053 ἐκπέμπει

232 4083 432 4160 Βάρδαν
465 4084 765 4158 μάγιστρον
796 4078 888 4133 τὸν
918 4074 1169 4149 Σκληρὸν
1234 4073 1370 4146 μετά
1426 4075 1532 4125 τῶν
1584 4072 1877 4145 ταγμάτων

231 4176 299 4229 ὧν
331 4175 495 4237 αὐτὸς
526 4170 866 4247 ἐστρατήγει*
897 4167 992 4222 τὸν
1042 4162 1099 4219 δὲ
1144 4162 1427 4238 πατρίκιον
1455 4161 1736 4233 Ῥωμανὸν

1990 2474 2120 2530 thas
2150 2475 2373 2543 videns,
2401 2482 2755 2549 tempusque
2795 2480 2903 2533 teri
2936 2496 3086 2550 aegre
3112 2479 3323 2551 ferens,
3356 2499 3632 2539 suorum—

1989 2580 2103 2636 que
2132 2581 2428 2621 aarumnas
2461 2566 2588 2637 ejus
2618 2566 2753 2621 belli
2786 2566 3097 2638 miserans,
3120 2569 3403 2640 singulari
3438 2588 3637 2643 pugna

1989 2654 2423 2709 decernendum
2456 2659 2675 2711 censet.
2703 2654 2902 2727 Itaque
2921 2655 3501 2727 Sphendosthlabum
3532 2677 3636 2731 per

1991 2741 2212 2814 legatos
2242 2750 2513 2815 provocat
2534 2749 2591 2799 et
2619 2745 2865 2800 ostendit
2887 2752 3159 2816 praestare
3178 2747 3351 2803 unius
3374 2748 3633 2807 hominis

1988 2830 2228 2887 interitu
2263 2849 2385 2888 rem
2434 2832 2619 2889 decidi
2669 2850 2848 2904 quam
2898 2833 3183 2905 paulatim
3231 2839 3385 2892 totas
3427 2842 3631 2909 gentes

1988 2921 2217 2991 perimi,
2260 2926 2325 2976 ut
2380 2921 2583 2976 victori
2630 2923 2690 2977 in
2749 2940 2952 2977 omnes
3010 2932 3245 2994 paretur
3290 2924 3628 2997 imperium.

1987 3009 2281 3065 Barbarus
2310 3010 2705 3066 conditionem
2736 3010 2991 3066 oblatam
3026 3012 3313 3083 repudiat,
3348 3015 3628 3086 superbe-

1988 3116 2099 3170 que
2127 3101 2441 3170 respondet
2470 3100 2680 3155 melius
2722 3102 2864 3172 quid
2896 3102 3009 3157 sibi
3040 3118 3108 3157 ex
3138 3118 3196 3158 re
3229 3102 3324 3172 sit,
3358 3122 3420 3161 se
3451 3121 3630 3177 quam

1986 3188 2216 3243 hostem
2252 3189 2593 3261 intelligere.
2614 3190 2672 3245 Si
2695 3191 2953 3245 Romano
2970 3191 3311 3263 imperatori
3333 3210 3446 3248 non
3470 3200 3635 3252 vacet

1988 3276 2195 3345 vivere,
2224 3277 2483 3332 infinitas
2514 3294 2643 3333 esse
2686 3279 2888 3334 mortis
2936 3279 3057 3334 vias
3091 3296 3104 3334 :
3133 3280 3411 3352 deligeret
3453 3300 3633 3354 quam

1985 3364 2176 3420 vellet.
2210 3367 2365 3419 410
2396 3367 2525 3437 Ipse
2556 3368 2624 3420 ad
2669 3366 2887 3422 bellum
2919 3368 3079 3422 omni
3129 3370 3324 3425 studio
3356 3387 3414 3426 se
3444 3379 3631 3443 parat.

1988 3452 2315 3524 Singularis
2362 3470 2569 3526 pugna:
2621 3472 2723 3527 spe
2764 3455 3029 3525 dimissa,
3082 3456 3420 3529 imperator,
3472 3462 3631 3517 omni

1988 3544 2159 3597 modo
2182 3542 2238 3597 id
2260 3543 2521 3609 molitur,
2546 3550 2606 3598 ut
2635 3545 2902 3615 ingressu
2927 3546 3091 3600 urbis
3112 3547 3390 3603 barbaros
3414 3556 3627 3606 arceat.

1984 3632 2054 3685 At
2084 3631 2139 3685 id
2189 3632 2403 3703 negotii
2449 3633 2666 3688 emittit
2714 3635 2960 3689 Bardam
3010 3634 3234 3690 Durum
3276 3638 3623 3709 magistrum

1985 3736 2119 3775 cum
2165 3720 2289 3775 suis
2338 3721 2696 3777 cohortibus.
2732 3723 3057 3778 Romanum
3106 3726 3623 3797 vero—patricium,

1982 3808 2347 3863 Constantini
2377 3810 2617 3866 Caesaris
2664 3810 2851 3866 filium
2895 3812 3137 3867 Romani
3188 3814 3434 3869 senioris
3465 3817 3533 3871 N.
3569 3825 3628 3873 et

1981 3900 2219 3953 Petrum
2233 3900 2520 3955 exercitus
2535 3901 2866 3972 praefectum
2892 3918 3025 3957 cum
3044 3902 3167 3959 suis
3193 3905 3377 3976 copiis
3395 3906 3623 3965 hostem

1983 3985 2256 4042 invadere
2283 3988 2500 4058 jussit;
2545 3996 2750 4061 estque
2779 3992 3060 4047 acerrime
3091 3992 3368 4064 utrinque
3399 4013 3626 4067 pugna-

1985 4080 2134 4146 tum,
2168 4083 2222 4131 et
2251 4078 2406 4134 varie
2431 4095 2585 4135 nunc
2606 4079 2676 4134 ad
2703 4079 2810 4135 hos
2832 4096 2989 4136 nunc
3009 4081 3079 4135 ad
3106 4079 3319 4138 alteros
3348 4083 3631 4144 inclinata

1987 4165 2229 4221 victoria
2260 4166 2357 4220 diu
2390 4184 2605 4239 anceps
2638 4168 2768 4223 fuit.
2794 4168 2876 4224 Ibi
2908 4186 3143 4225 rursum
3168 4188 3376 4228 ameris
3398 4176 3633 4232 Creten-

1420 4294 1789 4352 XYLANDRI
1829 4296 1917 4351 ET
1954 4297 2176 4354 GOARI
2217 4299 2446 4356 NOTE.

297 4410 409 4479 (30)
440 4408 639 4479 Hujus
665 4403 784 4468 alii,
818 4400 970 4475 quod
1006 4398 1211 4467 sciam,
1242 4412 1358 4452 non
1396 4393 1622 4450 faciunt
1669 4393 2049 4452 mentionem.
2101 4400 2165 4454 In
2213 4398 2463 4470 gratiam
2516 4400 2750 4457 lectoris
2797 4401 3209 4462 Constantinos
3257 4409 3315 4462 et
3344 4406 3638 4469 Romanos

231 4482 428 4539 ordine
460 4481 558 4536 hic
591 4491 897 4549 exponam.

661 4575 777 4631 Leo
808 4569 1008 4661 Basilii
1031 4564 1365 4702 Maceidonis
1394 4564 1554 4621 ﬁlius

993 4664 1141 4702 lmD.
1212 4686 1227 4701 .

993 4664 1141 4720 imp.
1173 4664 1227 4702 1.

232 4818 450 4874 Halena
481 4813 771 4886 Lacapcni
811 4750 926 4854 /
954 4790 1032 4853 \.
1071 4728 1616 4886 (ionstant.ALeonis
1648 4802 1727 4858 ﬁl.
1759 4802 1903 4876 imp.

1374 4883 1557 4940 Zeti;

234 4898 476 4955 senioris
498 4897 787 5108 ﬁlﬁ/
912 4886 927 5127 |

233 5131 999 5202 Theodora/\Zimisces.

235 5226 509 5284 Cedreno.
797 5225 851 5280 6.

1153 5227 1870 5366 /l\

2441 4810 2567 4880 ejus
2600 4807 2820 4880 collega
2851 4816 2909 4866 et
2936 4828 3101 4867 socer
3129 4817 3427 4874 Romanus
3458 4817 3639 4877 Laca-

2731 4907 2919 4962 penus
2951 4893 3144 4949 senior
3172 4892 3315 4966 imp.
3347 4897 3381 4950 3

2756 4988 3292 5086 //l\

3296 5061 3324 5074 κ

3336 5075 3471 5123 \

1078 5127 1380 5184 Romanus
1409 5121 1931 5225 3;/__>:I‘eophano
1966 5140 2109 5195 χχ
2136 5126 2501 5225 Nicephorus
2540 5087 2850 5189 Christifer
2923 5087 3200 5210 Steplhan.
3276 5087 3648 5202 Cogantin.

2100 5217 2345 5273 Phocas.
2372 5218 2426 5272 9.
2466 5217 2575 5275 hoc
2607 5221 2865 5280 Caesares
2896 5242 3058 5293 voco,
3092 5245 3207 5285 non
3242 5228 3650 5301 imperatores.

895 5373 1172 5435 Basilius.
1248 5375 1693 5437 Constantinus.
1770 5376 2077 5433 Theodore
2106 5378 2197 5432 Zi-
2449 5382 2751 5439 Romanus
3356 5373 3654 5453 Romanus

895 5456 997 5527 qui
1020 5461 1153 5529 post
1169 5458 1486 5516 Zimiscam
1517 5460 1700 5534 impe-
1757 5456 1961 5543 misces
1985 5474 2158 5543 uxor.
2571 5462 2627 5517 2.
3344 5472 3650 5543 patricius.

887 5541 1114 5596 rarunt.
1757 5536 2058 5596 Panvinio.

967 5615 1023 5673 7'
1347 5620 1402 5680 8.

3359 5630 3494 5690 ΧΠ..
