3922 6132
296 298 326 357 1
341 296 417 355 43
1664 296 1917 359 GEORG

2072 297 2372 359 ,EDRENI
3600 302 3717 368 144

296 426 383 483 sis
416 425 576 483 ﬁlius
614 428 867 484 Anemas
910 444 1061 500 equo
1105 428 1215 484 hac
1244 426 1378 484 illac
1408 428 1650 486 obverso
1680 432 1737 485 et
1781 428 1917 485 vehe

2072 427 2162 483 τὸν
2218 429 2333 483 υἱὸν
2384 428 2785 487 Κωνσταντίνου
2838 433 2936 485 τοῦ
2988 430 3279 507 βασιλέως,
3307 436 3404 487 τοῦ
3460 433 3579 488 υἱοῦ
3620 437 3719 490 τοῦ

298 522 524 572 menter
554 516 883 573 calcaribus
912 517 1177 588 incitato,
1203 518 1478 573 audacter
1508 519 1566 573 in
1601 518 1796 590 ipsum
1832 519 1916 573 fer

2072 513 2435 595 πρεσϐυτέρου
2494 520 2796 592 Ῥωμανοῦ,
2851 520 2943 575 καὶ
2997 522 3198 597 Πέτρον
3254 523 3348 577 τὸν
3424 543 3716 599 στρατοπε-

297 610 396 661 tur
424 606 1028 677 Sphendosthlabum,
1053 607 1368 679 hostilique
1402 607 1692 679 phalange
1722 607 1914 663 divuls

2072 604 2297 683 Ξάρχην,
2330 610 2446 680 μεθ’
2496 609 2569 663 ὧν
2623 607 2857 685 ἐξῆρχον
2903 606 3212 684 δυνάμεων,
3242 612 3538 687 προσράξαι
3596 619 3716 676 τοῖς

300 695 562 767 gladium
593 695 645 751 ei
699 696 757 750 in
807 697 1068 752 medium
1124 702 1300 768 caput
1346 697 1581 768 inﬂigit,
1614 713 1799 768 eoque
1829 697 1917 753 icti

2072 696 2353 769 πολεμίοις
2413 695 2721 771 ἐπέτρεψεν.
2756 698 2823 755 Οἳ
2857 694 2924 767 δὴ
2956 693 3360 775 προσϐαλόντες
3404 705 3523 763 τοῖς
3568 702 3717 756 Σκύ-

302 800 452 856 equo
484 784 683 855 dejicit
716 801 729 838 :
764 802 835 841 ne
864 790 1061 841 tamen
1111 786 1484 853 interﬁceret,
1519 802 1681 840 arma
1731 787 1915 858 quibu

2072 798 2181 850 θαις
2211 786 2488 862 ἐμάχοντο
2518 791 2812 863 καρτερῶς.
2847 787 3130 861 Ἐκθύμως
3163 785 3222 842 δε
3264 788 3526 844 κάκείνων
3579 792 3713 846 ὑπο-

299 877 491 929 tectus
521 878 645 930 erat
682 874 971 930 barbarus
1015 874 1389 931 obstiterunt.
1422 881 1553 947 Ipse
1584 875 1917 932 circumven

2072 875 2364 948 δεξαμένων
2424 874 2639 937 πολλὰς
2695 876 2900 952 τροπὰς
2957 878 3048 931 καὶ
3105 876 3447 950 μετακλίσεις
3511 874 3709 949 συνέϐη

301 970 414 1029 tus,
449 968 507 1018 et
538 964 858 1018 multorum
891 964 1023 1019 telis
1054 965 1272 1036 petitus
1304 964 1623 1020 fortissime
1654 982 1917 1036 pugnans.

2072 967 2151 1020 τὸν
2204 965 2447 1038 πόλεμον
2506 963 2775 1037 δέξασθαι,
2808 966 2897 1021 xui
2956 966 3039 1040 ἐφ’
3069 969 3249 1022 ἱκανὸν
3282 970 3483 1044 χρόνον
3534 970 3715 1024 ἱσοτά-

296 1050 560 1123 ipsorum
594 1052 770 1108 etiam
802 1069 935 1109 cum
988 1053 1250 1109 hostium
1299 1054 1691 1110 admiratione
1721 1055 1915 1110 interii

2072 1056 2255 1117 λαντος
2287 1055 2352 1123 ἦν
2393 1057 2421 1123 ἦ
2459 1054 2635 1129 μάχη.
2670 1058 2931 1119 Ἐνταῦθα
2970 1054 3135 1111 πάλιν
3188 1058 3215 1111 ὁ
3262 1058 3359 1112 τοῦ
3400 1065 3500 1127 τῆς
3555 1062 3715 1134 Κρή-

298 1141 469 1196 citur.
2058 1158 2158 1207 της
2219 1136 2409 1209 ἀμηρᾶ
2466 1136 2581 1197 υἱὸς
2639 1134 3056 1210 Ἀνεμᾶς,τῇδε
3111 1139 3325 1193 κάκεῖσε
3381 1139 3473 1193 τὸν
3528 1136 3709 1194 ’ίππον

305 1229 666 1299 μετακινήσας
723 1227 812 1283 καὶ
873 1225 1235 1304 σφοδρότερον
1269 1228 1571 1303 μυωπίσας,
1603 1231 1719 1285 κατ’
1779 1228 1941 1284 αύτοῦ
1998 1230 2094 1281 τοῦ
2145 1220 2600 1299 Σφενδοσθλάϐου
2661 1224 2878 1298 φέρεται
2935 1224 3071 1297 μετὰ
3129 1222 3378 1298 λήματος
3437 1231 3709 1300 νεανικοῦ,

301 1316 396 1371 καὶ
452 1317 551 1385 τήν
612 1315 867 1393 φάλαγγα
926 1315 1211 1392 διασ-χίσας
1268 1323 1376 1373 τῶν
1436 1316 1714 1391 δυσμενῶν
1766 1319 1913 1373 παίει
1970 1320 2160 1372 τοῦτον
2194 1318 2271 1385 τῷ
2301 1313 2439 1390 ξίφει
2469 1314 2605 1368 κατά
2632 1313 2802 1386 μέσην
2835 1315 2932 1384 τήν
2961 1312 3227 1391 κεφαλὴν,
3256 1315 3345 1370 καὶ
3375 1311 3715 1372 καταϐάλλει

299 1406 402 1475 μὲν
460 1410 558 1460 τοῦ
592 1406 791 1475 ’ίππου,
848 1408 911 1461 ού
966 1409 1072 1480 μήν
1132 1429 1191 1482 γε
1245 1408 1334 1461 καὶ
1393 1408 1603 1482 ἀναιρεῖ
1653 1408 2057 1482 ἐπαρκεσάντων
2116 1408 2223 1458 τῶν
2284 1401 2471 1457 ὅπλων
2527 1401 2560 1456 ἂ
2598 1400 2894 1459 ἐνεδέδυτο.
2935 1405 3114 1466 Αὐτὸς
3172 1402 3355 1476 μέντοι
3410 1405 3715 1470 κυκλωθεὶς

292 1494 382 1549 καὶ
446 1495 549 1551 ὑπὸ
606 1493 835 1551 πολλῶν
896 1493 1240 1572 βαλλόμενος
1301 1496 1621 1573 ἀναιρεῖται,
1649 1500 1907 1573 ἡρωικῶς
1957 1494 2328 1569 καταστρέψας
2379 1493 2471 1548 τὸν
2535 1492 2674 1567 βίον,
2707 1496 2887 1567 θαῦμα
2945 1495 3086 1570 μέγα
3123 1494 3211 1549 καὶ
3242 1499 3359 1557 τοῖς
3389 1492 3711 1559 ἀντιπάλοις

292 1585 603 1659 γενόμενος.

364 1676 581 1731 Ferunt
609 1691 677 1732 ea
707 1692 905 1749 pugna
934 1676 1219 1734 divinitus
1269 1693 1502 1750 quoque
1552 1679 1828 1736 Romanis
1858 1678 1943 1735 la-

292 1769 420 1821 tum
452 1766 757 1822 auxilium.
789 1767 934 1822 Nam
969 1768 1041 1823 ab
1071 1770 1282 1823 Austro
1327 1768 1593 1824 obortam
1626 1768 1941 1840 procellam

291 1855 351 1909 in
385 1856 561 1911 facies
590 1855 939 1927 Scytharum
971 1856 1288 1928 ingruisse,
1315 1872 1532 1929 eosque
1564 1856 1941 1929 impedivisse

291 1961 363 2000 ne
392 1961 501 2001 suo
541 1946 826 2001 arbitratu
875 1962 999 2001 rem
1029 1950 1314 2017 gererent.
1348 1945 1415 2001 Et
1442 1946 1512 2001 ab
1542 1944 1700 2002 omni
1732 1945 1942 2000 Roma-

286 2050 498 2089 norum
530 2035 784 2091 exercitu
817 2040 1195 2106 conspectum
1214 2035 1396 2090 fuisse
1416 2034 1604 2091 virum
1636 2034 1767 2090 albo
1789 2050 1938 2105 equo

284 2124 610 2195 vehentem,
651 2124 753 2193 qui
799 2123 1076 2196 princeps
1126 2141 1384 2196 pugnam
1415 2126 1565 2180 411
1602 2123 1811 2180 obierit
1841 2123 1938 2179 ho-

285 2213 585 2282 stiumque
643 2213 879 2268 ordines
955 2213 1407 2280 conturbaverit,
1466 2213 1687 2268 nemini
1748 2228 1938 2284 neque

284 2307 416 2357 ante
436 2318 624 2373 neque
648 2302 956 2372 postmodo
976 2302 1274 2374 cognitum
1305 2321 1317 2358 :
1344 2318 1477 2357 eum
1500 2303 1734 2357 aiebant
1756 2301 1935 2357 fuisse

284 2392 677 2460 Theodorum,
715 2408 898 2445 unum
931 2392 1003 2446 de
1033 2390 1456 2461 pulcherrimas
1486 2391 1816 2446 consecutis
1847 2390 1932 2444 vi-

283 2480 497 2535 ctorias
546 2481 926 2551 martyribus.
978 2482 1129 2535 Sane
1180 2480 1272 2536 his
1319 2497 1549 2552 semper
1593 2479 1934 2552 auspicibus

283 2574 461 2640 atque
513 2568 919 2638 antesignanis
968 2569 1280 2625 adversum
1330 2568 1528 2625 hostes
1581 2569 1664 2624 uti
1712 2568 1932 2625 solebat

280 2658 602 2730 imperator
632 2658 762 2725 hic;
796 2663 852 2713 et
882 2673 997 2728 quo
1028 2659 1121 2711 die
1153 2657 1272 2712 haec
1302 2675 1498 2729 pugna
1528 2662 1618 2713 est
1650 2663 1931 2729 pugnata,

278 2747 334 2802 is
366 2747 552 2803 festus
586 2746 695 2801 fuit
724 2746 1022 2802 memoriae
1068 2745 1228 2801 illius
1256 2746 1539 2802 Theodori
1570 2746 1929 2802 exercituum

279 2836 562 2891 ductoris.
594 2835 701 2889 Sed
733 2840 790 2889 et
833 2835 1164 2889 veneranda
1212 2835 1481 2904 quaedam
1515 2833 1727 2889 mulier
1767 2834 1930 2906 Cpoli

278 2922 457 2979 ﬁdem
489 2922 622 2978 fecit
652 2923 708 2978 id
741 2922 931 2979 visum
964 2922 1149 2979 fuisse
1180 2922 1469 2978 divinum.
1504 2922 1583 2978 Ea
1626 2922 1782 2978 enim
1816 2923 1931 2995 pri-

277 3014 371 3069 die
400 3013 573 3070 istius
620 3013 737 3069 diei
767 3013 826 3068 in
872 3013 1098 3069 somnis
1147 3012 1273 3069 visa
1319 3013 1429 3067 sibi
1481 3012 1669 3068 fuerat
1697 3013 1929 3069 adstare

274 3103 557 3174 Deiparas,
590 3110 648 3159 et
682 3102 886 3158 audire
933 3117 1062 3157 eam
1109 3100 1399 3156 dicentem
1430 3101 1663 3156 cuidam
1698 3102 1874 3157 militi
1910 3119 1923 3158 :

277 3215 305 3243 ‹‹
335 3192 576 3248 Domine
615 3191 943 3261 Theodore,
990 3207 1157 3247 meus
1186 3189 1284 3246 ille
1314 3194 1371 3246 et
1398 3194 1536 3246 tuus
1578 3190 1835 3247 Joannes
1866 3192 1925 3247 in

1970 1900 2018 1966 B

2126 1674 2348 1749 Λέγεται
2408 1669 2465 1726 δὲ
2516 1671 2607 1727 καὶ
2661 1673 2934 1747 θειοτέρας
2989 1672 3113 1728 τότε
3169 1678 3358 1748 τυχεῖν
3401 1673 3528 1737 τοὺς
3573 1675 3712 1731 Ῥω-

2057 1763 2252 1836 μαίους
2301 1761 2631 1836 ἐπικουρίας.
2684 1760 2899 1818 Θύελλα
2956 1763 3057 1837 γάρ
3106 1782 3189 1825 τις
3237 1760 3298 1817 ἐκ
3342 1761 3517 1819 Νότου
3571 1765 3712 1821 κειτὰ

2050 1853 2344 1928 πρόσωπον
2398 1852 2614 1923 ἀρθεῖσα
2663 1849 2853 1906 τίστατο
2907 1852 3015 1905 τῶν
3072 1855 3318 1923 Σκυθῶν,
3356 1852 3431 1925 μὴ
3486 1873 3711 1930 συγχω-

2052 1946 2219 2017 ροῦσα
2260 1948 2501 2015 χρῆσθαι
2559 1941 2696 1995 κατὰ
2754 1940 2854 2009 τήν
2919 1938 3104 2016 μάχην
3163 1946 3282 2004 ταῖς
3336 1940 3709 2018 προαιρέσεσι.

2048 2029 2154 2085 Καί
2201 2052 2283 2091 τις
2332 2030 2465 2102 ἀνὴρ
2510 2028 2665 2084 ὦπτο
2719 2028 2880 2083 παντὶ
2936 2028 3390 2104 τῷστρατοπέδῳ
3420 2032 3711 2104 Ῥωμαίων

2048 2119 2130 2197 ἐφ’
2156 2116 2331 2175 ’ίππου
2364 2118 2561 2174 λευκοῦ
2590 2119 3109 2193 προαγωνιζόμενος
3158 2118 3249 2174 καὶ
3295 2119 3391 2184 τὰς
3435 2125 3541 2176 τῶν
3597 2141 3711 2176 πο-

2049 2208 2259 2280 λεμίων
2307 2208 2520 2263 κλονῶν
2580 2209 2668 2262 καὶ
2722 2205 3092 2282 διαταράσσων
3155 2205 3461 2286 φάλαγγας,
3506 2207 3706 2282 μηδενὶ

2044 2298 2307 2373 πρότερον
2339 2298 2373 2369 ἢ
2411 2297 2544 2369 μετὰ
2582 2301 2747 2352 ταῦτα
2792 2297 3082 2373 γενόμενος
3125 2297 3423 2374 γνώριμος,
3456 2299 3512 2353 ὃν
3563 2294 3704 2377 ἔφα-

2045 2408 2172 2441 σκον
2229 2384 2323 2440 ἕνα
2379 2386 2508 2441 εἶναι
2567 2390 2673 2440 τῶν
2730 2383 3062 2441 καλλινίκων
3094 2387 3207 2459 (31)
3245 2387 3534 2462 μαρτύρων
3563 2389 3699 2444 Θεό-

2044 2473 2239 2551 δωρον.
2272 2474 2496 2538 Τούτοις
2528 2472 2586 2529 δὲ
2614 2474 2933 2551 προμάχοις
2963 2474 3045 2530 ἀεὶ
3077 2476 3165 2530 καὶ
3212 2472 3516 2551 προϐόλοις
3555 2478 3702 2532 κατά

2041 2569 2147 2620 τῶν
2190 2564 2476 2638 πολεμίων
2538 2564 2743 2640 ἐχρῆτο
2794 2565 2821 2619 ὁ
2874 2562 3147 2640 βασιλεύς·
3178 2564 3267 2619 καὶ
3315 2566 3421 2642 γὰρ
3480 2562 3546 2635 δὴ
3601 2567 3698 2621 καὶ

2041 2655 2301 2729 συνέτυχε
2327 2652 2483 2709 τόνδε
2536 2654 2627 2708 τὸν
2678 2655 2864 2728 ἀγῶνα
2907 2656 3028 2708 κατ’
3081 2653 3246 2723 αὐτὴν
3300 2661 3692 2730 συνενεχθῆναι

2039 2745 2136 2812 τήν
2161 2745 2370 2818 ἡμέραν
2403 2744 2523 2806 καθ’
2550 2744 2613 2811 ἣν
2660 2741 2927 2816 εἴώθαμεν
2976 2742 3247 2820 ἑορτάζειν
3298 2749 3397 2812 τήν
3460 2746 3696 2817 μνήμην

2038 2838 2135 2888 τοῦ
2183 2830 2580 2907 στρατηλάτου.
2609 2833 2713 2888 Καὶ
2772 2833 2909 2907 γυνή
2969 2829 3027 2887 δέ
3074 2854 3157 2895 τις
3197 2831 3249 2887 ἐν
3278 2833 3547 2905 Βυζαντίῳ
3600 2854 3695 2889 σε·

2043 2923 2151 2996 μνῆ
2188 2923 2489 2998 ὑπερτάτης
2520 2920 2801 2995 δυνάμεως
2856 2922 2985 2976 εἶναι
3033 2923 3097 2976 τὸ
3146 2921 3333 2998 φάσμα
3378 2921 3697 2993 ἐπιστοῦτο,

2044 3017 2141 3086 μιᾷ
2196 3010 2457 3087 πρότερον
2510 3018 2612 3081 τῆς
2678 3009 3006 3083 συμπλοκῆς
3065 3010 3248 3085 ἡμέρᾳ
3307 3007 3435 3088 ὅναρ
3493 3022 3700 3076 θεασα-

2043 3100 2200 3174 μένη,
2233 3104 2321 3155 καί
2375 3098 2570 3170 δόξασα
2622 3104 2690 3173 τῇ
2750 3101 3000 3172 Θεοτόκῳ
3055 3099 3312 3174 παρίσθαι
3358 3100 3447 3155 καὶ
3498 3101 3700 3174 Λεγού-

2039 3211 2140 3259 σης
2198 3189 2424 3245 ἀκοῦσαι
2480 3188 2618 3259 πρός
2673 3210 2796 3245 τινα
2854 3189 3224 3265 στρατιώτηνο
3267 3209 3291 3240 ε
3343 3187 3503 3264 Κύριε
3560 3190 3699 3246 Θεό-

276 3280 535 3353 periculo
565 3286 833 3336 versatur
865 3298 878 3336 :
912 3281 1125 3335 festina
1156 3281 1228 3335 ad
1257 3294 1427 3352 opem
1457 3280 1508 3336 ei
1540 3280 1864 3346 ferendam,
1899 3302 1917 3330 ›;

2078 3300 2206 3353 ωρε,
2239 3280 2266 3333 ὁ
2307 3279 2438 3350 ἒμὸς
2496 3278 2585 3333 καὶ
2644 3279 2736 3340 σὸς
2796 3278 3048 3349 Ἰωάννης
3108 3278 3415 3352 περιστάσει
3469 3277 3699 3354 συνέχε-

278 3371 457 3443 idque
488 3371 849 3427 insomnium
900 3369 1092 3441 prima
1136 3368 1266 3425 luce
1312 3368 1520 3424 vicinis
1568 3372 1925 3425 narraverat.

279 3460 588 3513 Enimvero
620 3457 843 3529 Scythae
876 3474 942 3512 eo
969 3455 1168 3527 praelio
1201 3457 1549 3522 funduntur,
1582 3473 1834 3528 cumque
1866 3474 1929 3513 se

281 3547 468 3619 portis
497 3545 847 3600 interclusos
890 3562 923 3600 a
972 3545 1159 3599 Barda
1207 3546 1510 3614 sentirent,
1542 3545 1600 3599 in
1652 3561 1927 3618 campum

281 3637 423 3706 fuga
452 3635 889 3706 disperguntur,
923 3633 1769 3705 pereuntqueinnumerabiles
1803 3652 1929 3705 par-

275 3727 381 3779 tim
414 3741 449 3779 a
493 3740 555 3779 se
602 3724 847 3778 invicem
896 3722 1244 3792 conculcati,
1297 3723 1510 3794 partim
1562 3740 1595 3777 a
1644 3722 1925 3780 Romanis

275 3814 650 3884 obtruncati,|
675 3811 957 3869 vulnerati
1007 3828 1153 3884 pene
1196 3829 1421 3868 omnes.
1456 3811 1700 3884 Martyri
1732 3812 1923 3869 Theo-

271 3906 411 3958 doro
443 3902 695 3975 gratiam
729 3918 832 3973 pro
864 3918 971 3973 ope
1014 3902 1132 3957 lata
1164 3902 1419 3957 referens
1467 3901 1804 3972 imperator,
1836 3904 1919 3957 fa-

269 4010 412 4049 num
442 3994 502 4047 in
539 4008 653 4063 quo
685 3993 736 4048 is
760 3992 1045 4048 humatus
1068 3995 1194 4046 erat
1225 3991 1293 4046 ad
1329 3991 1711 4046 fundamenta
1732 4006 1921 4063 usque

268 4081 609 4149 demolitus,
644 4081 800 4136 aliud
835 4080 1483 4151 magniﬁcentissimum
1516 4080 1823 4151 exstruxit,
1854 4098 1920 4137 ac

265 4171 502 4242 pnediis
526 4170 753 4241 amplos
781 4169 1137 4225 habentibus
1161 4169 1382 4224 reditus
1406 4168 1643 4224 donavit
1673 4184 1687 4226 :
1713 4170 1916 4225 urbem

262 4259 324 4314 in
357 4275 475 4330 qua
503 4259 562 4314 id
602 4263 747 4329 erat,
780 4274 883 4329 pro
935 4257 1266 4315 Euchaneia
1311 4258 1776 4329 Theodoropolin
1809 4275 1917 4315 no—

263 4348 531 4404 minavit.

328 4617 877 4693 Sphendosthlabus
934 4632 1071 4672 cum
1129 4616 1403 4672 omnibus
1471 4616 1706 4673 tentatis
1763 4616 1987 4698 nihilD

255 4710 663 4779 successisset,
696 4706 919 4762 nullam
942 4722 1106 4777 spem
1130 4705 1415 4775 reliquam
1442 4704 1553 4759 sibi
1585 4706 1808 4773 videns,
1834 4707 1907 4762 ad

251 4798 718 4870 pacificationem
751 4797 1017 4851 animum
1046 4794 1271 4865 adjicit,
1298 4794 1617 4866 missisque
1640 4797 1792 4851 412
1826 4795 1904 4851 Ie-

250 4888 403 4959 gatis
453 4886 713 4959 postulat
761 4886 833 4941 ab
882 4884 1233 4956 imperatore
1282 4900 1343 4938 se
1391 4884 1505 4938 ﬁde
1555 4884 1792 4955 publica
1844 4885 1905 4941 in

249 4990 563 5031 numerum
590 4977 916 5030 amicorum
968 4978 1025 5029 et
1070 4973 1360 5027 sociorum
1398 4973 1642 5028 Romani
1672 4973 1905 5045 imperii

248 5064 450 5136 recipi,
485 5063 712 5135 sibique
742 5079 875 5117 eum
910 5063 1035 5118 suis
1059 5061 1313 5117 reditum
1346 5065 1538 5116 tutum
1572 5062 1811 5118 concedi
1843 5063 1901 5119 in

244 5152 522 5224 patriam,
582 5159 638 5207 et
692 5151 920 5222 Scythis
980 5150 1160 5206 libere
1210 5149 1548 5222 negotiandi
1606 5168 1784 5206 causa
1841 5150 1901 5206 in

247 5242 646 5299 Romanorum
699 5240 979 5297 ditionem
1019 5240 1215 5297 venire
1265 5238 1548 5311 permitti.
1599 5240 1902 5297 Postulata

2037 3390 2148 3441 ται,
2207 3369 2295 3423 καὶ
2353 3371 2580 3423 σπεῦσον
2648 3368 2722 3429 εἲς
2770 3368 2869 3435 τήν
2943 3367 3106 3422 αὐτοῦ
3186 3368 3459 3443 βοήθειαν,
3510 3390 3538 3420 ››
3596 3369 3697 3423 καὶ

2036 3457 2203 3528 ἡλίου
2235 3459 2557 3532 ἀνίσχοντος
2588 3461 2703 3519 τοῖς
2742 3455 2978 3531 γείτοσιν
3029 3455 3431 3531 έξηγησαμένη.
3463 3457 3567 3512 Καὶ
3620 3458 3697 3512 τὰ

2040 3548 2135 3621 μὲν
2196 3545 2450 3621 ὁραθέντα
2504 3550 2690 3616 ταῦτα,
2720 3546 3007 3620 τρέπονται
3067 3542 3124 3600 δὲ
3168 3542 3336 3599 πάλιν
3369 3545 3421 3598 οἱ
3452 3544 3693 3615 Σκύθαι,

2034 3636 2123 3692 καὶ
2184 3633 2613 3708 ἀποκλεισμένας
2662 3634 2755 3698 τὰς
2808 3642 2910 3703 τῆς
2954 3632 3171 3697 πόλεως
3201 3634 3445 3710 εὑρόντες
3501 3632 3693 3697 πύλας

2038 3726 2141 3780 ὑπὸ
2170 3729 2266 3779 τοῦ
2290 3723 2547 3800 Σκληροῦ
2568 3724 2667 3778 ἀνὰ
2694 3725 2757 3778 τὸ
2786 3720 2971 3778 πεδίον
2995 3726 3076 3796 [Ρ.
3108 3726 3235 3795 682]
3275 3719 3690 3792 έσκεδάννυντο,

2032 3814 2120 3868 καὶ
2167 3814 2492 3888 ἀνῃρέθησαν
2527 3813 2614 3868 ὑπ’
2644 3810 2912 3883 ἀλλήλων
2967 3832 3026 3867 τε
3082 3810 3528 3885 συμπατούμενοι
3585 3811 3692 3867 καὶ

2034 3903 2136 3957 ὑπὸ
2193 3902 2475 3975 Ῥωμαίων
2564 3902 2996 3976 συγκοπτόμενοι
3077 3901 3311 3975 ἂριθμοῦ
3379 3899 3693 3975 κρείττους,

2030 3990 2358 4067 τραυματίαι
2393 3989 2449 4046 δὲ
2492 3990 2735 4067 ἐγένοντο
2788 3987 2983 4068 σχεδόν
3032 4011 3084 4044 τι
3130 3991 3347 4052 πάντες.
3381 3990 3488 4047 Τὸν
3538 3988 3691 4066 μάρ-

2026 4101 2161 4156 τυρα
2190 4078 2238 4135 δ’
2274 4081 2301 4135 ὁ
2350 4077 2604 4155 βασιλεὺς
2654 4084 2853 4153 τιμῶν,
2884 4080 2976 4134 καὶ
3029 4086 3131 4149 τῆς
3181 4077 3493 4154 ἐπικουρίας
3540 4078 3695 4135 ἀπο-

2024 4168 2203 4233 τιννὺς
2254 4170 2402 4242 αὐτῷ
2448 4170 2543 4231 τὰς
2601 4164 2861 4243 ἀμοιϐὰς,
2907 4169 2998 4223 τὸν
3052 4169 3178 4223 ναὸν
3230 4167 3281 4223 ἐν
3342 4168 3387 4239 ᾧ
3433 4167 3494 4221 τὸ
3535 4172 3697 4231 θεῖον

2025 4258 2192 4314 αὐτοῦ
2232 4258 2511 4314 ἀπόκειται
2566 4262 2725 4331 σῶμα
2784 4256 2843 4313 έκ
2895 4258 3109 4334 βάθρων
3139 4252 3461 4312 καταϐαλὼν
3513 4256 3695 4333 μέγαν

2021 4368 2079 4401 τε
2130 4349 2217 4402 καὶ
2276 4347 2570 4403 κάλλιστον
2629 4342 2976 4421 ᾠκοδόμησε,
3034 4344 3473 4421 μεγαλοπρεπεῖς
3523 4344 3695 4419 αὐτῷ

2019 4435 2219 4499 κτίσεις
2264 4436 2690 4515 προσαφορίσας·
2739 4437 2799 4492 ’ὀν
2858 4436 2947 4491 καὶ
3015 4435 3132 4491 ἂντὶ
3189 4433 3490 4511 Εὗχανείας
3542 4440 3689 4490 θεο-

2022 4523 2332 4601 δωρόπολιν
2364 4528 2771 4600 κατωνόμασεν.

2088 4617 2149 4673 Ὁ
2207 4615 2263 4671 δὲ
2321 4610 2772 4694 Σφενδοσθλάϐος
2828 4621 2999 4671 πᾶσαν
3071 4615 3347 4689 μετελθὼν
3410 4617 3693 4690 μηχανὴν

2018 4705 2108 4759 καὶ
2139 4702 2230 4760 διὰ
2258 4710 2439 4760 πασῶν
2472 4703 2889 4778 ἐλαττούμενος,
2913 4706 2986 4768 ὡς
3015 4699 3152 4780 ἔγνω
3195 4702 3469 4778 μηδεμίαν
3519 4705 3691 4779 αὐτῷ

2019 4793 2410 4870 ὑπολελεῖφθαι
2443 4793 2661 4867 ἐλπίδα,
2692 4794 2831 4871 πρὸς
2878 4796 3146 4866 συνθήκας
3190 4790 3482 4867 ἀπέϐλεψε.
3522 4794 3691 4867 Πέμ-

2015 4905 2103 4938 πει
2135 4882 2225 4938 οὗν
2268 4884 2403 4958 πρὸς
2457 4882 2680 4958 βασιλέα
2724 4878 3055 4960 πρεσϐευτὰς
3102 4881 3312 4946 πίστεις
3360 4881 3693 4956 ἐξαιτούμε-

2012 4993 2124 5040 νος,
2158 4973 2240 5047 ἇφ’
2272 4972 2316 5045 ᾦ
2366 4972 2684 5049 συμμάχοις
2733 4974 2822 5027 καὶ
2876 4971 3060 5051 φίλοις
3091 4971 3376 5045 Ῥωμαίων
3435 4972 3693 5028 καταλε-

2012 5062 2125 5138 γεὶς
2174 5061 2363 5132 ἀσινὴς
2414 5063 2748 5137 συγχωρηθῇ
2799 5060 2882 5116 ἐπ’
2925 5059 3077 5117 οἴκου
3120 5061 3480 5137 ἀναχωρῆσαι
3535 5062 3697 5134 μετὰ

2011 5156 2117 5205 τῶν
2167 5151 2302 5229 ἀμφ’
2342 5150 2524 5223 αὐτὸν,
2558 5148 2728 5215 ἀδεῶς
2782 5172 2839 5206 τε
2898 5152 2991 5206 τὸν
3049 5149 3387 5227 βουλόμενον
3450 5152 3692 5223 Σκύθην

2011 5238 2305 5313 έμπορείας
2340 5238 2501 5317 χάριν
2543 5244 2754 5318 φοιτᾷν.
2790 5238 3090 5313 Δεξάμενος
3144 5237 3200 5295 δὲ
3246 5242 3346 5309 τὴν
3377 5235 3700 5317 πρεσϐείαν

1439 5373 1807 5431 XYLANDRI
1847 5374 1937 5432 ET
1974 5373 2193 5431 GOARI
2232 5375 2461 5432 ΝΟΤᾹΞ.

311 5491 424 5564 (31)
453 5490 765 5564 Geminum
798 5489 1171 5564 Theodorum
1203 5488 1892 5564 prmcipuopcultuvene-

239 5557 448 5622 rantur
491 5562 721 5635 Grzecip:
756 5557 1131 5635 στρατηλᾴτην
1186 5557 1399 5627 unum;
1443 5561 1625 5617 alium
1656 5560 1891 5635 τύρωνα,

238 5654 305 5697 ac
338 5640 658 5709 utrumque
684 5633 746 5692 in
778 5632 950 5692 bellis
979 5633 1348 5690 defensorem
1374 5632 1893 5708 propugnatdrem-

2005 5504 2116 5617 sine
2145 5504 2248 5572 ceu
2278 5486 2597 5543 καλλίνικον
2629 5490 3002 5574 invocabant,
3047 5506 3114 5546 ac
3145 5490 3432 5563 imagines
3482 5491 3544 5548 in
3577 5508 3702 5553 ve-

2005 5577 2023 5617 ι
2050 5561 2123 5617 lis
2158 5565 2339 5617 motas
2370 5562 2653 5617 ferebant.
2685 5566 2887 5617 Codin.
2920 5579 2968 5617 c.
2993 5562 3056 5617 6.
3088 5579 3147 5617 n.
3178 5563 3269 5617 22.
3301 5563 3482 5617 Gom.

2004 5561 2123 5618 illis
2155 5561 2339 5635 pictas
2370 5562 2653 5621 ferebant.
2685 5562 2887 5621 Codin.
2920 5561 3056 5636 c.'6,
3088 5579 3147 5620 n.
3178 5561 3482 5621 2256mm
