3966 6134
257 403 381 464 145·

1427 398 1974 463 HISTORIARUM
2019 400 2564 465 COMPENDIUM.

3552 401 3672 466 “6

250 537 283 591 ὁ
343 531 621 609 βασιλεὺς,
679 530 769 587 καὶ
822 532 886 586 τὸ
943 527 1211 604 ᾀδόμενον
1272 530 1457 604 λόγιον
1516 530 1778 599 ἦπειπὼν,
1829 532 1904 593 ὡς

2042 552 2139 591 ιδεο
2205 536 2407 592 omnia
2472 536 2793 609 imperator
2857 535 3256 603 conﬁrmavit,
3310 537 3463 591 fatus
3521 535 3669 591 illud

250 622 377 688 ἔθος
407 620 701 697 Ῥωμαίοις
746 620 874 684 τοὺς
921 619 1224 694 πολεμίους
1268 618 1435 675 πλέον
1485 620 1817 697 εὐεργεσίαις
1867 621 1902 691 ἥ

252 713 457 777 ὅπλοις
484 716 657 782 νικᾷν,
707 712 881 766 πάντα
928 711 995 765 τὰ
1043 709 1341 782 αἶ’τούμενα
1384 705 1697 767 ἐϐεϐαίωσε.
1750 716 1903 765 Γενο-

256 804 434 878 μὲνων
468 799 525 857 δὲ
554 806 659 855 τῶν
707 798 950 863 ςπονδῶν
998 801 1026 854 ὁ
1074 794 1521 876 Σφενδοσθλάϐος
1553 800 1642 854 καὶ
1676 799 1750 862 εἷς
1784 796 1906 874 ὄψιν

253 892 436 956 ἱλθεῖν
469 891 557 947 καὶ
589 888 810 964 ὁμιλίαν
854 894 935 962 τῷ
983 888 1198 964 βασιλεῖ
1250 887 1464 959 ἐδεήθη.
1494 888 1906 951 Ἐπινεύσαντος

254 979 319 1037 δὲ
348 982 435 1037 καὶ
487 982 623 1056 πρὸς
670 984 837 1034 τοῦτο
883 978 1128 1057 ἀφίκετο.
1178 978 1285 1034 Καὶ
1336 978 1694 1051 συμμίξαντες
1727 978 1906 1049 ἀλλή-

252 1070 404 1143 λοις,
435 1070 525 1125 καὶ
574 1067 955 1144 διαλεχθέντες
1007 1068 1130 1143 περὶ
1164 1066 1237 1121 ὧν
1274 1067 1333 1122 ἂν
1366 1063 1686 1136 ἐϐούλοντο,
1720 1067 1907 1137 ἀπηλ-

256 1158 527 1232 λάγησαν.
562 1158 622 1214 Ὁ
675 1154 732 1211 δὶ
783 1155 1038 1231 βασιλεὺς
1088 1155 1411 1226 αἰτήσαντος
1462 1155 1552 1210 καί
1600 1160 1762 1210 τοῦτο
1809 1160 1905 1210 τοῦ

255 1240 739 1321 Σφενδοσθλάϐου,
790 1246 880 1300 καὶ
950 1245 1087 1321 πρὸς
1142 1246 1476 1315 ΙΙατζινάκας
1523 1240 1903 1319 διαπρεσϐεύε-

249 1358 367 1403 ται,
402 1336 447 1390 εἰ
482 1334 796 1410 βούλονται,
821 1333 1016 1412 φίλους
1045 1334 1239 1396 αὐτοὺς
1276 1334 1366 1390 καὶ
1391 1334 1722 1409 συμμάχους
1743 1334 1902 1403 ἀξιῶν

251 1422 431 1500 ἔχειν,
463 1424 552 1479 καὶ
588 1426 663 1498 μὴ
722 1423 1001 1500 διαπερᾳν.
1044 1425 1135 1479 τὸν
1183 1427 1393 1500 Ἴστρον
1443 1424 1629 1477 καὶτὰ
1662 1422 1907 1498 Βουλγά-

253 1535 367 1587 ρων
398 1512 702 1583 ληίζεσθαι,
752 1517 1153 1590 παραχωρῆσαι
1207 1510 1264 1568 δὲ
1310 1514 1400 1568 καὶ
1449 1518 1564 1575 τοῖς
1596 1513 1726 1574 Ῥὼς
1761 1513 1906 1566 ἀκω-

255 1603 442 1665 λύτως
470 1601 704 1668 διελθεῖν
752 1605 853 1672 τήν
902 1602 1080 1658 αὐτῶν
1110 1609 1213 1677 γῆν
1264 1602 1353 1656 καὶ
1400 1600 1585 1656 οἷ’καδε
1627 1600 1903 1656 ἀπελθεῖν.

248 1692 614 1767 Ἀπεπλήρου
665 1690 723 1747 δὲ
778 1695 875 1763 τὴν
922 1686 1218 1767 πρεσϐείαν
1266 1689 1536 1766 Θεόφιλος
1588 1692 1615 1746 ὁ
1658 1695 1765 1745 τῶν
1808 1691 1909 1745 Εὐ-

245 1782 466 1858 χαΐτων
526 1782 838 1857 ἀρχιερεύς.
894 1783 962 1839 Οἱ
1009 1778 1067 1835 δὲ
1112 1782 1211 1849 τήν
1267 1775 1551 1851 πρεσϐείαν
1605 1778 1905 1852 δεξάμενοι,

250 1872 362 1940 τὴν
396 1864 645 1925 διάϐασιν
700 1870 871 1944 μόνην
918 1869 1377 1945 ἀπαγορεύσαντες
1420 1873 1530 1924 τῶν
1576 1867 1729 1938 Ῥὼς,
1772 1870 1909 1944 πρὸς
1938 1900 1987 1966 Β

252 1958 446 2016 τᾶλλα
474 1957 706 2021 σπονδὰς
736 1955 936 2023 ἔθεντο.
988 1964 1106 2014 Τῶν
1155 1956 1213 2013 δὲ
1260 1959 1397 2020 Ῥὼς
1428 1958 1909 2029 ἀποπλευσάντων,

252 2053 370 2105 τῶν
432 2048 577 2124 παρὰ
623 2050 742 2110 ταὶς
798 2044 989 2125 ὄχθαις
1046 2052 1142 2103 τοῦ
1192 2052 1444 2120 ποταμοῦ
1494 2046 1767 2125 φρουρίων
1819 2046 1910 2101 καὶ

255 2136 484 2195 πόλεων
532 2137 794 2213 πρόνοιαν
850 2139 1075 2210 θέμενος
1135 2138 1163 2192 ὁ
1217 2135 1471 2212 βασιλεὺς
1528 2137 1619 2191 καὶ
1672 2138 1908 2214 φρουρὰν

253 2226 583 2283 καταλιπὼν
644 2229 744 2296 τὴν
821 2227 1089 2302 ἀρκοῦσαν
1167 2226 1220 2289 ἐς
1296 2226 1404 2297 ἤθη
1486 2226 1553 2281 τὰ
1624 2226 1910 2299 Ῥωμαίων

251 2316 557 2387 ἀνέζευξεν.
616 2317 713 2374 ’ον
773 2317 801 2371 ὁ
856 2322 956 2385 τῆς
1009 2314 1225 2378 πόλεως
1283 2314 1572 2391 ἀρχιερεὺς
1631 2316 1765 2388 μετᾶ
1813 2318 1911 2384 τῆς

249 2402 491 2460 συνόδου
539 2405 630 2461 καὶ
678 2404 872 2469 πάντες
930 2406 984 2459 oi
1041 2404 1091 2459 ἐν
1148 2403 1293 2460 τὲλει
1353 2405 1487 2477 μετὰ
1539 2405 1779 2459 παιάνων
1821 2404 1911 2459 καὶ

249 2493 534 2550 ἐπινικίων
621 2493 908 2573 εὐφημιῶν
1017 2491 1338 2565 ὑπεδέξαντο
1429 2497 1909 2569 στεφανηροῦντες,

246 2583 555 2658 τέθριππον
607 2578 805 2656 ὄχημα
866 2580 1237 2638 λευκοπώλων
1303 2579 1519 2657 ἔχοντες
1572 2583 1909 2655 ἡτοιμασμέ-

247 2694 350 2728 νον
409 2673 547 2727 πάνυ
612 2669 946 2747 διαπρεπῶς,
997 2671 1088 2726 καὶ
1136 2671 1337 2726 τούτου
1386 2667 1646 2726 ἐπιϐάντα
1703 2672 1911 2743 ἀξιοῦν-

249 2783 346 2824 τες
406 2755 765 2836 θριαμϐεῦσαι
820 2761 915 2816 τὸν
978 2759 1220 2837 βασιλέα.
1277 2762 1338 2818 Ὁ
1396 2758 1453 2815 δὲ
1517 2758 1686 2833 μηδὲν
1744 2756 1908 2815 σοϐα-

255 2853 358 2928 ρὸν
440 2849 663 2922 ἰθᾶλων,
753 2849 900 2905 ἀλλὰ
983 2849 1201 2925 μέτριον
1273 2851 1460 2904 ἑαυτὸν
1539 2849 1912 2923 ἐπιδεικνύμε-

253 2961 380 3011 νος,
409 2938 536 3001 τοὺς
598 2940 694 3012 μὲν
756 2940 1219 3015 προσενεχθὲντας
1280 2937 1561 3015 ἀνειλήφει
1620 2941 1911 3017 στεφάνους

255 3030 354 3084 καὶ
386 3025 544 3100 ’ίππῳ
577 3026 755 3100 λευκῷ
796 3029 888 3082 τὸν
939 3022 1203 3101 θρίαμϐον
1241 3026 1635 3101 ἐξεπλήρωσεν,
1663 3026 1713 3082 ἐν
1749 3027 1805 3083 δὲ
1833 3034 1913 3102 τῷ

259 3119 474 3191 ἅρματι
511 3116 604 3193 τὰς
653 3117 1027 3192 Βουλγαθικὰς
1092 3115 1199 3179 θεὶς
1255 3120 1361 3171 τῶν
1417 3116 1685 3192 βασιλέων
1717 3116 1914 3183 στολὰς

253 3205 355 3261 καὶ
388 3207 589 3270 ἄνωθεν
618 3205 832 3261 τούτων
876 3206 1053 3261 είκόνο
1083 3213 1181 3275 τῆς
1211 3209 1556 3282 Θεομήτορος
1587 3208 1658 3268 ὡς
1688 3206 1914 3262 πολιού-

261 3317 403 3373 χου,
456 3296 888 3372 προπορεύεσθαι
951 3298 1142 3351 ἑαυτοῦ
1218 3295 1513 3367 διετάξατο.
1576 3298 1660 3351 Ἐν
1722 3294 1779 3351 δὲ
1832 3302 1913 3370 τῷ

264 3384 556 3461 λεγομένῳ
587 3384 742 3461 φόρῳ
790 3384 1077 3460 γενόμενος
1122 3385 1213 3439 καὶ
1258 3385 1630 3461 ἀποχρώντως
1661 3384 1911 3464 εὐφημη-

254 3474 400 3544 θεὶς,
430 3495 520 3528 και
550 3480 618 3549 τῇ
651 3476 961 3549 Θεομήτορι
992 3476 1082 3529 καὶ
1131 3479 1211 3547 τῷ
1241 3474 1441 3544 ταύτης
1478 3476 1585 3547 Υίῷ
1612 3477 1708 3536 τὰς
1741 3476 1912 3529 ἐπινι-

249 3564 420 3627 κίους
474 3563 819 3639 εὔχαριστίας
885 3563 1276 3639 παρεσχηκὼς,
1334 3565 1401 3617 τὰ
1472 3563 1769 3639 παράσημα
1814 3571 1914 3634 τῆς

253 3650 649 3727 Βουλγαρικῆς
703 3649 1003 3727 βασιλείας,
1062 3651 1144 3706 ἐπ’
1203 3652 1321 3725 ὅψει
1369 3656 1476 3706 τῶν
1523 3650 1766 3707 πολιτῶν
1821 3653 1911 3706 τὸν

254 3739 506 3815 Βορίσην
540 3737 887 3796 ἀποδιδύσκει
925 3761 937 3775 ’
974 3742 1059 3814 [Ρ.
1110 3742 1238 3812 683]
1288 3740 1353 3794 τὰ
1384 3738 1441 3794 δὲ
1469 3741 1535 3809 ἦν
1570 3742 1823 3817 στέφανος
1857 3740 1915 3795 ἐκ

255 3836 478 3906 χρυσοῦ
533 3830 623 3887 καί
674 3831 832 3906 τιάρα
886 3831 1182 3903 νενησμένη
1242 3829 1300 3887 ἐκ
1351 3832 1551 3905 βύσσου
1598 3831 1685 3886 καὶ
1718 3829 1916 3887 πέδιλα

257 3924 487 3999 ἐρυθρά,
525 3923 759 3977 Ἐκεῖθεν
806 3922 882 3985 εἷς
926 3923 1026 3990 τὴν
1078 3919 1331 3996 Μεγάλην
1375 3924 1636 3998 φοιτήσας
1676 3920 1913 3991 Ἐκκλη-

2019 624 2419 696 decantatum,
2454 625 2700 682 Romani
2732 626 2913 682 moris
2961 642 3090 683 esse
3130 625 3356 682 hostem
3389 625 3667 681 beneﬁcio

2017 716 2207 787 magis
2255 732 2433 787 quam
2482 716 2664 771 armis
2711 716 2960 771 vincere.
3008 716 3191 771 Paetis
3233 716 3395 770 initis
3442 715 3669 786 Sphen-

2016 804 2363 860 dosthlabus
2419 806 2594 859 etiam
2652 805 3011 877 colloquium
3058 804 3431 877 imperatoris
3479 804 3666 876 petiit.

2014 897 2231 965 Estque
2264 895 2583 960 admissus,
2618 900 2674 949 et
2718 895 3045 951 collocutus
3075 897 3144 951 de
3174 895 3392 966 quibus
3436 893 3670 949 volebat

2017 984 2277 1037 recessit.
2304 984 2443 1053 Ejus
2474 989 2676 1055 rogatu
2721 984 2893 1039 etiam
2928 985 3250 1054 imperator
3296 1000 3399 1056 per
3446 984 3672 1055 legatos

2016 1089 2049 1128 a
2080 1072 2402 1128 Patzinacis
2436 1073 2581 1144 petit
2632 1077 2695 1128 ut
2743 1072 2885 1129 socii
2934 1074 3225 1145 amicique
3270 1077 3667 1129 Romanorum

2016 1161 2180 1227 ﬁant,
2236 1178 2429 1233 neque
2476 1162 2691 1217 Istrum
2755 1162 3099 1234 populandis
3160 1163 3445 1234 Bulgarias
3494 1179 3671 1217 causa

2016 1254 2340 1320 transeant,
2373 1254 2554 1322 utque
2586 1252 2786 1307 Rossis
2818 1266 2921 1323 per
2956 1268 3124 1307 suam
3157 1251 3441 1308 ditionem
3472 1251 3530 1307 in
3562 1268 3663 1322 pa-

2016 1339 2190 1394 triam
2237 1340 2520 1394 redeundi
2568 1340 2905 1395 facultatem
2960 1342 3300 1397 concedant.
3335 1340 3491 1395 Obiit
3536 1358 3665 1395 eam

2018 1427 2369 1499 legationem
2400 1428 2817 1484 Euchaitorum
2868 1446 3141 1485 summus
3190 1430 3448 1502 pontifex
3478 1430 3666 1485 Theo-

2018 1516 2234 1587 philus.
2281 1517 2603 1572 Patzinacaa
2663 1517 2889 1589 reliqua
2945 1520 3097 1589 pacti
3145 1519 3365 1585 omnia,
3430 1524 3660 1575 tantum

2020 1606 2223 1661 Rossis
2255 1623 2357 1677 per
2388 1623 2496 1661 sua
2538 1607 2852 1663 transitum
2887 1610 3273 1680 denegarunt.
3301 1610 3445 1664 Cum
3494 1609 3665 1663 Bessi

2018 1694 2265 1751 navibus
2296 1695 2420 1751 suis
2452 1696 2638 1751 avecti
2668 1697 2906 1752 domum
2938 1714 3140 1754 versus
3170 1703 3390 1764 essent,
3413 1698 3672 1768 impera-

2018 1788 2109 1839 tor
2164 1784 2421 1839 castellis
2473 1790 2531 1840 et
2579 1786 2825 1841 urbibus
2873 1803 2998 1856 quea
3058 1787 3128 1841 ad
3187 1787 3345 1858 ripas
3405 1788 3671 1843 ﬂuminis

2019 1877 2160 1929 sunt
2190 1874 2568 1931 communitis
2597 1874 2801 1946 Cpolin
2843 1875 3035 1931 rediit.
3071 1875 3306 1949 Excepit
3341 1892 3475 1931 eum
3506 1876 3672 1932 urbis

2022 1962 2353 2034 patriarcha
2383 1968 2441 2017 et
2470 1964 2816 2034 pontificum
2847 1965 2989 2020 ordo
3010 1982 3078 2020 ac
3098 1970 3339 2021 senatus
3360 1981 3497 2020 cum
3528 1982 3675 2036 paea-

2021 2052 2199 2107 nibus
2230 2058 2286 2107 et
2314 2052 2463 2107 laetis
2493 2053 2743 2109 victoriae
2775 2053 3271 2126 gratulationibus
3294 2058 3669 2123 coronatum;

2022 2146 2079 2197 et
2140 2142 2504 2197 adduxerant
2567 2144 2887 2215 quadrigas
2949 2145 3258 2215 magnifice
3332 2145 3669 2205 adornatas,

2023 2247 2170 2302 quas
2203 2236 2457 2302 quatuor
2493 2231 2611 2286 albi
2641 2234 2777 2303 equi
2827 2234 3147 2301 traherent,
3181 2234 3335 2289 413
3365 2247 3549 2304 eoque
3580 2233 3669 2287 in-

2019 2320 2151 2376 vehi
2193 2336 2326 2376 eum
2360 2337 2425 2376 ac
2458 2321 2825 2393 triumphare
2872 2322 3163 2379 volebant.
3196 2323 3305 2378 Sed
3353 2321 3673 2394 imperator

2019 2409 2169 2466 nihil
2204 2408 2461 2464 insolens
2494 2414 2594 2465 aut
2636 2412 2960 2481 superbum
3010 2411 3349 2480 admittens,
3377 2411 3675 2466 moderate

2020 2515 2082 2554 se
2111 2498 2323 2570 gessit;
2355 2498 2648 2570 sertisque
2679 2515 2804 2570 quae
2836 2500 3226 2555 oﬂ‘erebantur
3255 2500 3509 2571 acceptis
3541 2498 3673 2555 albo

2019 2605 2170 2659 equo
2193 2587 2558 2659 triumphum
2576 2588 2761 2657 duxit,
2782 2588 3084 2660 quadrigis
3108 2587 3447 2659 Bulgaricas
3465 2603 3669 2658 regum

2020 2682 2208 2732 vestes
2240 2676 2544 2747 imposuit,
2578 2692 2875 2749 supraque
2906 2677 3013 2732 has
3044 2676 3361 2750 imaginem
3397 2676 3671 2748 Deiparae,

2020 2772 2085 2822 ut
2115 2783 2242 2838 quae
2269 2765 2511 2822 tutelam
2536 2765 2700 2822 urbis
2720 2770 2968 2836 gereret,
2988 2783 3236 2838 eamque
3261 2781 3323 2822 se
3345 2767 3673 2838 praecedere

2012 2856 2214 2926 jussit.
2248 2854 2322 2910 Ut
2351 2855 2407 2909 in
2444 2856 2631 2909 forum
2663 2854 2844 2919 venit,
2879 2855 3393 2927 gratulatoriarum
3419 2856 3541 2924 jam
3574 2871 3674 2910 sa-

2021 2950 2117 3001 tur
2137 2943 2652 3010 acclamationum,
2678 2943 2821 3001 actis
2843 2960 2947 3016 pro
2968 2948 3133 3015 parta
3151 2944 3392 3000 victoria
3411 2944 3670 3010 Deiparte

2021 3039 2079 3089 et
2110 3035 2237 3102 ejus
2269 3033 2409 3089 Filio
2457 3033 2684 3105 gratiis,
2719 3034 2774 3089 in
2807 3038 3121 3105 conspectu
3172 3033 3367 3105 populi
3418 3034 3669 3105 insigni-

2021 3123 2133 3178 bus
2156 3122 2446 3193 Bulgarici
2480 3123 2643 3195 regni
2665 3122 2926 3178 Borisem
2958 3123 3119 3178 exuit
3151 3124 3239 3191 (ea
3266 3126 3435 3179 erant
3458 3138 3673 3179 corona

2023 3228 2221 3281 aurea,
2252 3211 2425 3266 taenia
2464 3211 2704 3282 byssina
2750 3216 2807 3267 et
2853 3210 3030 3266 calcei
3078 3210 3283 3281 rubei),
3318 3210 3570 3281 indeque
3598 3211 3671 3265 ad

1943 3265 1986 3333 α
2022 3306 2297 3373 Magnum
2350 3316 2693 3371 progressus
2722 3301 3030 3371 Templum
3081 3316 3358 3356 coronam
3409 3300 3673 3371 Bulgari-

2022 3407 2149 3446 cam
2178 3391 2287 3445 Deo
2307 3389 2531 3444 denarii
2552 3389 2676 3444 loco
2696 3389 3026 3460 suspendit.
3048 3388 3284 3445 Borisen
3307 3390 3379 3444 ad
3406 3389 3677 3459 magistri

2023 3479 2421 3550 dignationem
2454 3477 2664 3546 evehit,
2698 3483 2874 3549 atque
2902 3478 2984 3532 ita
3016 3478 3073 3532 in
3107 3476 3387 3548 palatium
3430 3478 3674 3532 reverti-

2022 3571 2135 3623 tur.
2163 3569 2442 3623 Caeterum
2490 3566 3039 3639 Sphendosthlabus
3085 3566 3333 3637 patriam
3379 3570 3674 3637 repetens,

2023 3659 2163 3712 dum
2186 3674 2288 3727 per
2305 3656 2641 3711 Patzinacas
2660 3656 2894 3724 transit,
2912 3656 3283 3727 insidiisjam
3303 3660 3436 3711 ante
3455 3657 3681 3726 paratis

2023 3750 2080 3801 et
2112 3746 2305 3817 ipsum
2348 3746 2823 3816 exspectantibus
2866 3744 3115 3817 illapsus
3146 3762 3280 3801 cum
3331 3744 3456 3800 suis
3487 3745 3556 3800 ad
3588 3746 3680 3799 in-

2024 3835 2414 3891 ternecionem
2450 3835 2692 3890 caeditur
2726 3851 2739 3888 :
2773 3836 3202 3890 succensebant
3230 3834 3388 3890 enim
3420 3835 3472 3889 ei
3502 3835 3687 3892 Patzi.

2027 3941 2183 3979 nacae
2216 3925 2287 3979 ob
2314 3923 2495 3979 ictum
2528 3940 2659 3979 cum
2688 3924 2967 3979 Romanis
2998 3923 3207 3978 foedus.

261 4013 388 4067 σίαν
424 4010 514 4066 καὶ
544 4010 595 4066 ὲν
620 4011 759 4084 αὐτῇ
816 4011 907 4066 τὸν
967 4007 1337 4086 Βουλγαρικὸν
1391 4010 1646 4087 στίφανον
1703 4008 1957 4084 ἀνάθημα
2010 4016 2091 4083 τῷ
2146 4015 2261 4081 Θεῷ
2318 4007 2593 4074 δεδωκὼς,
2652 4011 2929 4085 ἀναγαγὼν
2992 4007 3050 4064 δὲ
3096 4009 3305 4064 καὶτὸν
3338 4007 3570 4079 Βορίσην
3598 4008 3676 4072 εἷς

256 4102 332 4158 τὸ
361 4105 469 4155 τῶν
500 4101 811 4175 μαγίστρων
845 4100 1082 4172 ἀξίωμα,
1122 4098 1387 4175 ἐπορεύθη
1422 4098 1497 4161 εἷς
1544 4099 1610 4154 τὰ
1662 4099 1930 4174 βασίλεια.
1979 4101 2035 4153 Ὀ
2084 4098 2142 4154 δὲ
2202 4095 2654 4176 Σφενδοσθλάϐος
2702 4098 2778 4161 εἷς
2834 4099 2900 4152 τὰ
2953 4098 3126 4153 οἰκεῖα
3176 4096 3284 4169 ἤθη
3322 4096 3675 4174 ὑποστρέφων

258 4191 323 4248 ἰν
378 4194 461 4262 τῷ
515 4186 705 4244 διιέναι
761 4189 859 4257 τὴν
913 4192 1020 4243 τῶν
1082 4188 1426 4258 Ηατζινάκῶν
1484 4194 1587 4263 γῆν
1647 4189 1959 4264 περιπίπτει
2021 4188 2257 4264 ἐνέδραις
2313 4187 2421 4259 ἤδη
2481 4187 3042 4264 προευτρεπισθείσαις
3097 4187 3186 4243 καὶ
3248 4184 3682 4262 ὑποδεχομέναις

262 4278 464 4345 αὐτὸν,
496 4278 585 4333 καὶ
617 4277 786 4354 ἄρδην
820 4278 981 4340 αὐτός
1011 4299 1070 4332 τε
1121 4278 1209 4332 καὶ
1265 4278 1327 4332 τὸ
1387 4279 1543 4332 συνὸν
1598 4278 1743 4349 αὐτῷ
1792 4276 2100 4333 ἀπόλλυται
2151 4276 2389 4349 πλῆθος,
2452 4278 2776 4349 μηνιώντων
2836 4278 2985 4349 αὑτῷ
3038 4282 3149 4341 τῶς
3197 4276 3544 4345 Πατζινάκων
3586 4274 3681 4331 διὰ

260 4369 370 4430 τὰς
403 4366 480 4429 εἲς
510 4367 637 4430 τοὺς
667 4367 969 4441 Ῥωμαίους
1000 4364 1258 4429 σπονδάς.

340 4458 405 4515 Ὀ
450 4453 507 4510 δὲ
553 4454 806 4531 βασιλεὺς
861 4458 1195 4531 χαριστήρια
1248 4458 1353 4511 τῶν
1402 4455 1680 4529 τροπαίων
1726 4453 1916 4511 ἀποδι-

2100 4457 2275 4513 Porro
2308 4456 2627 4526 imperator
2656 4460 2721 4511 ut
2748 4457 2970 4528 gratias
3002 4457 3232 4512 Christo
3267 4454 3558 4512 Servatori
3590 4470 3684 4509 re-

259 4546 401 4609 δοὺς
430 4550 509 4619 τῷ
540 4552 758 4620 Σωτηρι
810 4547 1029 4621 Χριστῷ
1076 4545 1200 4599 ναὸν
1244 4548 1441 4607 ἄνωθεν
1467 4550 1568 4613 τῆς
1592 4541 1789 4618 ἁψῖδος
1817 4551 1918 4614 τῆς

257 4634 492 4711 χαλκῆς
540 4632 965 4708 ἀνῳκοδόμησεν
1016 4634 1075 4689 ἆκ
1110 4637 1322 4702 καινῆς,
1366 4631 1602 4706 μηδενὸς
1661 4634 1918 4711 φεισάμε-

258 4744 363 4785 νος
392 4728 501 4778 τῶν
559 4723 636 4787 εἷς
687 4721 1050 4780 πολυτέλειαν
1110 4723 1489 4778 συντεινόντων
1543 4720 1631 4777 καί
1689 4722 1918 4794 κόσμον.

260 4813 486 4887 Ἀφῆκε
516 4806 573 4864 δὲ
619 4810 708 4865 καὶ
757 4814 877 4872 τοῖς
917 4809 1211 4887 ὑποφόροις
1259 4814 1387 4864 πᾶσι
1432 4812 1538 4863 τῶν
1581 4806 1727 4863 δλῶν
1755 4810 1919 4882 θεμά-

261 4920 383 4954 των
412 4898 475 4953 τὸ
526 4898 818 4975 λεγόμενον
867 4901 1154 4957 καπνικόν.
1205 4899 1500 4973 Προσὲταξε
1549 4895 1606 4953 δὲ
1637 4898 1727 4953 καὶ
1761 4897 1810 4953 ἐν
1843 4903 1923 4971 τῶ

261 4986 568 5061 νομίσματι
618 4989 707 5044 καὶ
752 4988 803 5044 ἐν
855 4993 935 5062 τῷ
983 4984 1171 5062 ὀϐολῷ
1222 4988 1400 5044 εῗκόνα
1447 4986 1796 5066 ἐγγράφεσθαι
1826 4992 1923 5042 τοῦ

264 5083 564 5151 Σωτῆρος,
626 5080 703 5151 μὴ
783 5081 1045 5153 πρότερον
1116 5077 1306 5134 τούτον
1363 5076 1675 5151 γινομένου.
1736 5075 1926 5151 Ἐγρά-

274 5186 450 5223 cono
483 5164 542 5221 δὲ
591 5170 679 5222 καὶ
736 5169 1036 5243 γράμματα
1090 5166 1387 5240 Ῥωμαϊστί
1437 5168 1549 5239 (32)
1606 5166 1657 5220 ἰν
1718 5166 1925 5240 θατέρῳ

267 5256 429 5332 μιρει
463 5252 572 5312 ὧδέ
599 5277 676 5330 πη
723 5253 986 5328 διεξιόντα
1017 5276 1030 5289 ·
1079 5280 1108 5309 ιι
1138 5258 1347 5327 ἰησοῦς
1393 5254 1626 5331 Χριστὸς
1658 5252 1922 5318 Βασιλεὺς

2030 4546 2226 4613 ferret,
2250 4546 2538 4617 templum
2572 4546 2725 4617 quod
2773 4561 2950 4616 supra
2989 4546 3269 4601 fornicem
3305 4542 3544 4599 Chalces
3575 4547 3685 4606 est,

2029 4636 2100 4691 de
2131 4652 2277 4691 novo
2309 4634 2634 4705 aedificavit,
2658 4634 2805 4690 nulli
2858 4634 3124 4705 sumptui
3175 4648 3418 4704 parcens
3450 4633 3591 4686 dum
3624 4632 3682 4686 id

2030 4741 2205 4795 quam
2240 4724 2685 4779 ornatissimum
2728 4725 2963 4780 faceret.
2988 4722 3257 4779 Absolvit
3279 4720 3455 4775 etiam
3480 4720 3691 4774 subdi-

2030 4818 2121 4868 tos
2173 4812 2475 4868 universos
2525 4812 2773 4868 fumario
2823 4812 3065 4867 tributo.
3100 4812 3167 4866 Et
3210 4808 3388 4865 edixit
3436 4812 3502 4863 ut
3550 4824 3686 4864 cum

2033 4902 2092 4956 in
2144 4917 2322 4956 aureo
2380 4918 2626 4956 nummo
2674 4907 2798 4956 tum
2830 4901 2887 4955 in
2921 4903 3077 4955 414
3135 4897 3306 4954 obolo
3365 4898 3690 4953 Servatoris

2033 4989 2467 5061 insculperetur
2503 4991 2721 5060 imago,
2755 4991 2908 5062 quod
2952 4988 3201 5044 antehac
3232 5004 3347 5042 non
3380 4988 3567 5043 fuerat
3597 5003 3689 5042 re-

2034 5083 2297 5150 ceptum;
2340 5083 2398 5135 et
2458 5079 2626 5135 alteri
2692 5077 2844 5149 parti
2901 5076 3146 5133 inscribi
3193 5075 3381 5147 jussit
3413 5075 3690 5133 :«Jesus

2034 5168 2301 5225 Christus
2360 5185 2459 5224 rex
2513 5184 2741 5238 regum.
2777 5189 2805 5217 »
2858 5167 3021 5232 Quod
3081 5182 3452 5223 successores
3508 5165 3688 5221 etiam

2035 5258 2435 5315 observarunt.
2470 5256 2685 5314 Basilio
2732 5254 3076 5328 patriarchae
3122 5254 3373 5313 crimina
3417 5254 3688 5328 quaedam

1472 5444 1843 5501 XYLANDRI
1881 5446 1974 5501 ET
2015 5444 2229 5501 GOARI
2270 5442 2497 5499 NOTIE.

345 5601 462 5669 (32)
495 5600 637 5674 Mihi
663 5618 853 5674 nuper
881 5601 939 5657 in
972 5599 1207 5656 Oriente
1237 5600 1463 5672 degenti
1498 5601 1787 5657 numisma
1818 5600 1930 5656 hu-

268 5673 541 5746 jusmodi
562 5673 813 5745 tensum,
836 5674 897 5728 in
921 5689 1195 5729 muscum
1216 5673 1522 5729 Thuanum
1546 5674 1755 5746 deinde
1775 5678 1934 5746 tran-

2038 5602 2233 5653 Graeca
2262 5597 2564 5653 character
2601 5601 2795 5651 autem
2836 5597 3096 5660 Latinus,
3125 5595 3193 5648 τὰ
3221 5596 3518 5666 γράμματα
3546 5594 3689 5666 Ῥω,-

2088 5668 2250 5737 αἷστί,
2282 5670 2391 5723 hac
2424 5670 2611 5741 ﬁgura
2635 5674 2957 5725 cernuntur
2985 5684 2997 5724 :
3030 5669 3205 5725 Jesus
3233 5665 3504 5724 Christus
3537 5665 3695 5721 Basi-

278 5742 526 5816 slatum,
587 5742 808 5803 incidit
850 5747 910 5802 in
963 5761 1197 5817 manus,
1240 5746 1410 5817 cujus
1468 5745 1644 5803 dictio
1696 5744 1933 5817 quidem
2044 5742 2171 5799 leus
2201 5742 2691 5799 basileon.G0An.
