3966 6134
268 440 386 499 147

1617 438 1936 502 GEOllGll
1979 403 2342 501 CEDHENI‘

3570 440 3691 502 “8

263 569 517 642 objecta,
570 569 741 642 isque
807 569 867 626 in
927 570 1176 627 concilio
1242 575 1549 645 propterea
1614 572 1905 660 depositus

2104 568 2331 628 εσιλέων.
2369 572 2600 627 »Τοῦτο
2632 567 2689 626 δὲ
2734 570 2823 625 καὶ
2871 571 2923 625 οἳ
2972 569 3198 642 καθεξῆς
3223 570 3489 646 έτήρησαν
3527 571 3686 660 βασι-

266 677 402 715 cum
433 664 609 727 esset,
640 661 891 717 Antonio
922 661 1163 716 Studitaa
1206 662 1639 733 patriarchatus
1674 661 1921 717 manda-

268 754 367 806 tus
401 754 508 807 est.

343 932 605 1001 Augusto
637 945 855 995 mense,
890 928 1209 984 indictione
1252 930 1444 997 tertia,
1477 935 1702 985 cometa
1742 932 1923 986 exsti-

271 1019 362 1086 tit,
388 1035 561 1091 quem
587 1037 618 1073 a
641 1019 833 1073 barbae
863 1018 1049 1073 forma
1078 1020 1389 1090 pogoniam
1422 1024 1659 1088 vocant;
1683 1026 1741 1075 et
1760 1020 1921 1076 visus

271 1116 357 1163 est
389 1122 575 1178 usque
606 1106 677 1161 ad
711 1112 977 1161 octavum
1013 1123 1274 1162 mensem
1306 1107 1647 1163 indictionie
1677 1114 1918 1180 quartae.

268 1199 325 1252 Is
360 1196 846 1267 praemonstrabat
878 1195 1249 1267 imperatoris
1275 1196 1500 1252 obitum
1534 1200 1592 1251 et
1623 1196 1921 1251 calamita-

267 1290 355 1341 tes
385 1286 873 1353 immedicabiles,
898 1302 1025 1357 quae
1059 1290 1296 1358 propter
1316 1286 1507 1342 civilia
1538 1285 1692 1342 bella
1714 1286 1923 1343 Roma-

267 1391 477 1430 norum
510 1374 716 1430 ditioni
750 1379 917 1429 erant
946 1379 1244 1431 eventura.

338 1462 673 1518 Secundum
734 1463 855 1518 haec
917 1464 1236 1534 imperator
1294 1464 1718 1535 expeditionem
1788 1465 1923 1522 facit

270 1557 473 1607 contra
501 1569 601 1607 eas
632 1553 807 1608 urbes
833 1569 981 1624 quae,
1006 1552 1091 1606 uti
1122 1553 1452 1621 docuimus,
1478 1554 1548 1608 ab
1572 1553 1922 1625 imperatore

272 1641 594 1713 Nicephoro
644 1642 899 1697 subactae
936 1642 1086 1697 bello
1119 1646 1175 1696 et
1208 1642 1481 1697 Romanis
1526 1642 1920 1714 stipendiariae

275 1731 436 1784 factae
468 1731 825 1797 defecerant;
866 1736 923 1785 et
973 1736 1323 1786 Damascum
1384 1748 1570 1803 usque
1629 1734 1920 1804 profectus

275 1818 591 1874 nonnullas
620 1819 1133 1891 verbis,quasdam
1166 1819 1316 1875 bello
1347 1824 1403 1875 et
1434 1820 1486 1874 vi
1518 1826 1842 1893 recuperat,
1866 1826 1923 1877 et

2032 658 2169 721 λεῖς.
2217 660 2502 715 Βασιλείου
2553 660 2609 715 δὶ
2650 664 2746 715 τοῦ
2793 680 3139 735 πατριαρχου
3186 658 3269 714 ἐπ’
3317 659 3516 721 αἰτίαις
3564 657 3684 714 δια-

2032 743 2330 818 ϐληθέντος
2378 750 2468 804 καὶ
2538 748 2834 811 συνοδικῶς
2900 751 3304 824 καθαιρεθέντος
3359 744 3683 823 προεϐλήθη

2033 840 2384 913 πατριάρχης
2407 840 2696 900 Ἀντώνιος
2727 840 2753 893 6
2784 835 3107 908 Στουδίτης.

2106 928 2407 1003 Αὐγούστῳ
2439 926 2496 983 δε
2548 926 2701 1001 μηνί,
2756 925 3091 991 ίνδικτιῶνος
3143 928 3211 1002 γ’,
3271 925 3437 1004 ἐφάνη
3470 927 3561 981 καὶ
3588 948 3691 981 κο-

2038 1018 2217 1089 μήτης
2268 1018 2296 1070 6
2354 1016 2644 1092 λεγόμενος
2722 1016 3041 1092 πωγωνίας,
3114 1016 3205 1071 καὶ
3282 1015 3527 1093 ἐφαίνετο
3585 1014 3694 1079 ἕως

2032 1100 2364 1180 Ὀκτωϐρίού
2426 1106 2595 1177 μηνὸς
2641 1112 2740 1175 τῆς
2796 1105 3057 1181 τετάρτης
3118 1102 3480 1167 ίνδικτιῶνος.
3544 1110 3691 1179 Προ-

2034 1196 2236 1267 εμήνυε
2287 1192 2329 1248 δ’
2361 1193 2519 1256 οὗτος
2568 1196 2658 1249 τὸν
2716 1192 2812 1250 τοῦ
2866 1192 3134 1271 βασιλέως
3179 1192 3401 1249 θάνατον
3448 1194 3540 1248 καὶ
3588 1196 3688 1257 τὰς

2037 1280 2343 1356 μελλούσας
2374 1289 2664 1358 κατασχεῖν
2722 1285 2823 1353 τήν
2873 1284 3162 1358 Ῥωμαίων
3205 1290 3309 1359 γῆν
3350 1282 3409 1337 ἐκ
3436 1288 3546 1337 τῶν
3581 1282 3687 1357 ἒμ-

2031 1370 2237 1449 φυλίων
2271 1370 2534 1444 πολέμων
2568 1373 3025 1449 ἀπαραμυθήτους
3054 1372 3247 1449 τύχας.

2102 1464 2224 1518 Τῶν
2258 1457 2303 1515 δ’
2339 1461 2442 1515 ὑπὸ
2492 1466 2589 1516 τοῦ
2653 1461 2921 1536 βασιλέως
2972 1463 3295 1540 Νικηφόρου
3328 1463 3688 1537 προσκτηθει-

2032 1556 2137 1606 σῶν
2196 1551 2411 1605 πόλεων
2472 1550 2560 1605 καί
2631 1557 2739 1606 τῶν
2819 1550 3110 1628 ὑπόφόρων
3182 1552 3493 1625 γενομένων
3548 1552 3685 1605 Ῥω-

2035 1641 2240 1713 μαίοις,
2294 1641 2367 1704 ὡς
2424 1638 2727 1716 ἔμπροσθεν
2807 1641 3039 1717 εἶ’ρηται,
3114 1642 3397 1714 ἀραμένων
3448 1642 3681 1715 πτέρναν

2031 1730 2245 1798 καὶτήν
2306 1731 2624 1803 Ῥωμαϊκὴν
2679 1731 3121 1805 ἆποσεισαμένων
3191 1730 3457 1803 ἐξουσίαν,
3513 1726 3684 1799 ἔξεισι

2029 1821 2144 1874 κατ’
2175 1819 2349 1874 αὐτῶν
2397 1821 2424 1873 6
2480 1818 2732 1895 βασιλεὺς
2787 1820 2878 1875 καὶ
2937 1822 3148 1875 ἄπεισιν
3200 1818 3332 1895 ἄχρι
3365 1822 3680 1893 Δαμασκοῦ.

274 1906 547 1962 omnibus
579 1907 687 1962 rite
717 1908 1077 1976 constitutis,
1108 1909 1217 1963 iter
1246 1909 1486 1964 domum
1518 1926 1721 1966 versus
1748 1911 1905 1967 insti-

2104 1905 2128 1959 ;ὶ
2156 1906 2252 1967 τὰς
2290 1906 2384 1979 μὶν
2417 1908 2599 1961 πειθοῖ
2650 1907 2740 1961 καὶ
2791 1906 2963 1982 λόγῳ,
2994 1908 3091 1971 τὰς
3111 1904 3169 1962 δὲ
3197 1907 3431 1980 πολέμῳ
3457 1906 3551 1962 καὶ
3586 1906 3685 1983 βίᾳ

270 1995 402 2050 tuit.
437 1995 515 2051 Eo
547 1996 605 2050 in
649 1996 858 2051 itinere
906 2013 1038 2051 cum
1074 1997 1453 2066 Anazarbam,
1487 2000 1828 2053 Podandum
1862 2004 1919 2054 et

269 2084 495 2155 reliqua
524 2084 651 2140 loca
688 2085 985 2155 transiret,
1007 2086 1345 2159 videretque
1386 2086 1576 2142 obiter
1604 2088 1919 2159 magniﬁca

267 2178 325 2229 et
355 2173 721 2229 fertilissima
771 2175 1005 2246 praedia.
1031 2175 1299 2246 qumsivit
1327 2191 1395 2230 ex
1424 2176 1498 2231 iis
1528 2176 1628 2248 qui
1674 2178 1918 2233 aderant

268 2261 512 2334 quinam
539 2261 749 2319 horum
773 2269 972 2319 essent
993 2264 1235 2319 domini.
1261 2268 1516 2336 Cumque
1538 2267 1917 2338 respondere-

269 2354 368 2405 tur
398 2351 601 2406 omnia
626 2368 692 2407 ea
711 2368 840 2408 esse
863 2352 1061 2408 Basilii
1092 2353 1435 2409 cubicularii
1467 2355 1679 2423 intimi,
1706 2355 1916 2426 partim

272 2456 458 2511 nuper
489 2441 637 2498 415
674 2441 935 2497 Romano
981 2442 1226 2513 imperio
1274 2443 1502 2513 adjecta
1533 2461 1565 2499 a
1596 2444 1918 2517 Nicephoro

272 2528 643 2599 imperatore,
680 2530 889 2601 partim
923 2532 994 2585 ab
1036 2531 1163 2599 hoc,
1197 2533 1405 2602 partim
1440 2534 1511 2587 ab
1543 2534 1653 2588 alio
1685 2534 1917 2589 schola-

274 2633 405 2672 rum
454 2619 797 2687 domestico,
832 2620 1099 2691 quaedam
1152 2621 1224 2676 ab
1254 2621 1381 2692 ipso
1413 2623 1718 2693 Tzimisca,
1742 2626 1920 2694 atque

274 2722 342 2761 ea
372 2708 572 2764 omnia
620 2708 833 2763 Basilio
864 2710 1099 2775 donata,
1131 2709 1278 2764 nihil
1312 2716 1633 2766 memoratu
1678 2713 1920 2783 dignum

273 2795 479 2851 videns
514 2795 781 2851 relictum
816 2797 896 2851 rei
929 2797 1177 2868 publicis
1224 2800 1293 2854 de
1342 2806 1463 2854 tam
1504 2799 1705 2856 multis
1738 2801 1787 2855 ei
1821 2818 1918 2856 ac-

273 2882 510 2954 quisitis
566 2884 755 2950 bonis,
794 2886 954 2957 gravi
1000 2890 1299 2957 correptus
1349 2887 1544 2944 dolore
1592 2892 1649 2943 et
1695 2890 1917 2961 gemitu

270 2987 340 3028 ex
369 2972 484 3028 imo
516 2978 746 3044 pectore
784 2974 960 3029 ducto
995 2991 1062 3029 ζα
1094 2976 1238 3031 Proh
1291 2976 1617 3049 indignam,
1641 2980 1742 3050 ait,
1774 2995 1919 3050 rem,

271 3062 535 3129 comites,
572 3061 840 3133 publicas
870 3063 1089 3119 insumi
1123 3066 1421 3137 pecunias,
1444 3071 1736 3123 Romanos
1765 3086 1920 3124 exer-

271 3150 424 3208 citus
480 3167 775 3207 aerumnas
822 3152 1139 3219 exantlare,
1185 3154 1567 3225 imperatores
1617 3162 1778 3213 extra
1826 3159 1917 3213 sui

274 3238 503 3312 imperii
537 3241 686 3297 ﬁnes
732 3240 962 3297 labores
1010 3242 1280 3314 tolerare,
1312 3251 1369 3299 et
1398 3250 1591 3301 tamen
1630 3248 1915 3319 quidquid

271 3298 685 3386 totzlaboribus
714 3334 891 3402 atque
922 3298 1207 3387 molestiis
1237 3298 1917 3401 cbnﬁcituéidleninje—in
1948 3298 1992 3365 C

274 3418 453 3473 unius
481 3419 675 3473 venire
706 3420 987 3491 spadonis
1025 3422 1515 3491 possessionem.»
1540 3425 1704 3480 Hune
1736 3425 1921 3498 impe-

275 3506 487 3562 ratoris
518 3524 847 3563 sermonem
877 3509 1115 3579 quidam
1141 3510 1210 3565 ad
1234 3510 1518 3567 Basilium
1552 3513 1778 3570 detulit.
1799 3516 1920 3579 Quo

276 3594 376 3650 ille
406 3595 669 3651 irritatus
713 3614 779 3651 ex
828 3614 893 3653 eo
948 3603 1208 3671 tempore
1257 3604 1621 3657 occasionem
1656 3606 1923 3674 quaesivit

277 3683 650 3755 imperatoris
699 3684 959 3741 tollendi.
1008 3690 1207 3759 Itaque
1245 3706 1376 3745 cum
1427 3691 1523 3762 qui
1573 3692 1843 3749 minister
1889 3710 1923 3749 a

276 3773 504 3846 poculis
527 3774 862 3846 imperatori
890 3780 1031 3843 erat,
1051 3776 1365 3850 aliquando
1395 3779 1695 3837 blanditiis
1718 3788 1775 3838 et
1799 3801 1921 3839 mu-

274 3861 512 3918 neribus
544 3865 887 3936 corrumpit,
911 3868 1157 3938 ejusque
1177 3884 1353 3937 opera
1374 3885 1660 3925 venenum
1695 3889 1807 3927 non
1829 3890 1919 3928 ve-

271 3951 702 4007 hementissimi
751 3955 981 4024 generis
1012 3961 1070 4010 et
1099 3958 1253 4026 quod
1288 3958 1485 4013 statim
1536 3968 1786 4029 necaret,
1815 3964 1913 4017 sed

268 4040 425 4110 quod
449 4041 670 4094 sensim
696 4041 846 4096 vires
880 4043 1202 4099 haurientis
1227 4046 1639 4118 exstingueret,
1664 4050 1915 4120 impera-

264 4126 377 4183 tori
411 4129 702 4199 prOpinat.
728 4130 849 4193 Quo
896 4131 943 4186 is
976 4137 1143 4203 epoto
1187 4133 1466 4204 paulatim
1495 4137 1914 4195 contabescens

267 4220 326 4271 et
350 4214 573 4271 viribus
606 4218 903 4285 deficiens,
936 4222 1172 4276 tandem
1200 4222 1374 4277 etiam
1407 4225 1782 4282 carbunculis
1818 4246 1917 4298 per

266 4304 986 4375 humerosexortis,multo
1009 4310 1609 4380 peroculosefﬂuente
1629 4318 1914 4389 sanguine

264 4391 469 4462 Cpolin
504 4410 771 4450 reversus
801 4395 1027 4452 vivendi
1074 4398 1247 4454 finem
1282 4400 1437 4463 fecit,
1470 4401 1715 4473 imperio
1746 4407 1913 4462 Basi-

262 4480 339 4536 lio
370 4485 427 4536 et
457 4483 840 4539 Constantino
871 4487 1119 4541 Romani
1162 4489 1297 4543 (illis
1340 4490 1560 4548 relicto.
1600 4494 1914 4566 Imperavit

260 4585 448 4625 annos
476 4572 511 4625 6
540 4571 901 4644 totidemque
933 4591 1165 4632 menses
1198 4581 1253 4632 et
1289 4578 1461 4649 paulo
1493 4580 1764 4652 amplius.

2029 1993 2485 2068 ἀνακτησάμενος,
2515 1995 2607 2050 καὶ
2656 1997 2826 2051 πάντα
2874 1997 3011 2051 κατὰ
3053 1996 3117 2051 τὸ
3160 1997 3370 2072 πρέπον
3400 2017 3680 2065 καταστη-

2028 2085 2281 2157 σάμενος,
2340 2083 2580 2156 ἀνέζευξε
2640 2085 2775 2161 πρὸς
2820 2085 2917 2154 τήν
2973 2082 3249 2159 βασιλίδα.
3280 2090 3577 2156 Γενομενος
3620 2082 3681 2139 δὲ

2025 2176 2159 2229 κατά
2187 2169 2658 2250 τήνἈνάζαρϐον,
2701 2174 2790 2229 καὶ
2848 2174 2939 2228 τὸν
2995 2171 3267 2228 Ποδανδὸν
3319 2172 3409 2228 καὶ
3431 2173 3527 2235 τὰς
3563 2172 3683 2229 λοι-

2026 2264 2128 2324 πὰς
2184 2260 2497 2340 παροδεύων
2578 2264 2790 2339 χώρας,
2850 2260 2941 2316 καὶ
3017 2261 3235 2337 βλέπων
3289 2261 3355 2316 τὰ
3408 2260 3461 2317 ἐν
3520 2263 3679 2333 ποσὶ,

2026 2355 2244 2423 κτήσεις
2274 2373 2332 2407 τε
2382 2354 2522 2427 ὁρῶν
2569 2350 2895 2414 πολυτελεῖς
2944 2350 3035 2406 καὶ
3088 2351 3271 2427 χωρία
3302 2350 3468 2429 εὐφυῆ
3499 2371 3561 2405 τε
3589 2350 3682 2405 καί

2026 2443 2313 2518 πάμφορα,
2373 2439 2753 2506 διεπυνθάνετο
2824 2439 2949 2505 τοὺς
3022 2441 3469 2517 παρευρημένους
3526 2439 3683 2502 τίνος

2029 2532 2087 2586 ἂν
2134 2533 2222 2586 καὶ
2258 2533 2356 2586 εἷεν
2416 2531 2592 2588 αὗται.
2626 2539 2695 2593 Ως
2758 2528 2803 2586 δ’
2863 2529 3123 2604 ἐμάνθανε
3170 2530 3318 2605 παρὰ
3374 2534 3480 2583 τῶν
3539 2527 3685 2604 έρω-

2026 2621 2284 2694 τωμένων
2332 2622 2518 2695 ὅτιπερ
2566 2624 2663 2676 τοῦ
2708 2618 3210 2695 παρακοιμωμένου
3250 2617 3355 2674 εἶσὶ
3386 2616 3680 2673 Βασιλείου

2027 2716 2212 2768 πᾶσαι.
2271 2710 2403 2779 αὕτη
2466 2712 2559 2783 μὲν
2629 2709 2719 2764 καὶ
2769 2708 2902 2778 αὕτη
2958 2706 3257 2781 Ῥωμαίοις
3311 2709 3686 2783 προσκτηθεῖ-

2030 2822 2114 2855 σαι
2146 2797 2375 2875 ἔναγχος
2424 2801 2570 2873 παρὰ
2620 2799 2935 2876 Νικηφόρου
2974 2802 3071 2853 τοῦ
3123 2796 3415 2873 βασιλέως,
3448 2796 3587 2865 αὕτη
3619 2794 3685 2851 δὶ

2028 2890 2172 2963 παρᾶ
2212 2887 2371 2944 τοῦδε
2424 2892 2520 2944 τοῦ
2571 2886 2895 2961 δομεστίκου
2949 2892 3057 2942 τῶν
3113 2885 3358 2962 σχολῶν,
3407 2886 3494 2939 καὶ
3535 2884 3677 2955 αὸτη

2028 2980 2174 3054 παρὰ
2203 2983 2298 3033 τοῦ
2353 2977 2544 3047 δεῖνος,
2593 2978 2682 3032 καὶ
2735 2976 2867 3048 αὕτη
2922 2977 3011 3031 καὶ
3059 2973 3195 3047 αὕτη
3244 2975 3390 3049 παρὰ
3419 2978 3538 3041 σοῦ,
3584 2974 3681 3028 καὶ

2027 3073 2107 3141 τῷ
2161 3067 2431 3141 Βασιλείῳ
2481 3065 2837 3141 δεδώρηνται,
2899 3064 3051 3121 οὐδὲν
3108 3063 3165 3120 δὲ
3214 3064 3244 3120 δ
3290 3086 3341 3119 τι
3374 3063 3462 3118 καὶ
3502 3060 3681 3139 λόγου

2030 3158 2175 3229 ἄξιον
2228 3155 2361 3212 εἶδεν
2425 3154 2894 3229 ὑπολελειμμένον
2942 3161 3050 3210 τῶν
3097 3154 3548 3231 προσκτηθέντων
3596 3157 3682 3224 τῷ

2032 3247 2308 3322 δημοσίῳ,
2357 3247 2641 3323 γενόμενος
2692 3245 3000 3321 περιαλγὴς
3048 3244 3138 3299 καὶ
3186 3243 3369 3318 βύθιον
3403 3240 3683 3311 στενάξας,

2035 3363 2058 3392 ι
2094 3338 2295 3407 Δεινὸν,
2328 3338 2371 3391 ὦ
2424 3335 2703 3409 παρόντες,
2763 3334 2886 3413 ἔφη,
2950 3334 2994 3388 εἰ
3051 3332 3117 3388 τὰ
3167 3330 3405 3405 δημόσια
3441 3351 3682 3384 κατανα-

2033 3427 2310 3484 λίσκονται
2362 3426 2626 3501 χρήματα
2678 3423 2767 3478 καὶ
2822 3424 2891 3478 τὰ
2932 3423 3215 3495 Ῥωμαῖκὰ
3260 3418 3683 3493 ταλαιπωροῦν-

2028 3538 2116 3572 ται
2151 3518 2229 3585 [Ρ.
2261 3517 2387 3587 684]
2436 3514 2809 3589 στρατεύματα
2856 3512 2947 3567 καὶ
2981 3513 3031 3565 οἱ
3077 3509 3321 3587 βασιλεῖς
3350 3509 3685 3585 ὑπερορίους

2030 3604 2386 3680 ἀναδέχονται
2415 3599 2639 3675 κόπους,
2688 3602 2756 3656 τὰ
2800 3599 2855 3656 δὶ
2884 3600 2942 3656 ἐκ
2968 3599 3248 3656 τοσούτων
3277 3598 3685 3674 προσκτώμενα

2033 3694 2259 3769 μόχθων
2306 3692 2394 3746 καὶ
2447 3690 2614 3745 κόπαν
2665 3688 2778 3753 ἐνὸς
2820 3688 3092 3765 εὐνούχου
3136 3690 3249 3761 (33)
3269 3686 3505 3759 γίνονται
3538 3689 3681 3754 κτῆ-

2033 3805 2123 3855 μα.
2159 3808 2186 3833 ››
2226 3781 2321 3835 Καὶ
2355 3783 2381 3835 6
2439 3781 2532 3854 μὶν
2582 3778 2835 3855 βασιλεὺς
2883 3782 3069 3847 ταῦτα,
3099 3780 3207 3831 τῶν
3256 3796 3339 3836 τις
3385 3772 3442 3829 δὲ
3471 3772 3679 3851 παρόν-

2025 3893 2133 3925 των
2182 3875 2260 3942 τῷ
2310 3867 2581 3941 Βασιλείῳ
2625 3868 2715 3922 τὸν
2764 3871 2861 3922 τοῦ
2913 3864 3179 3942 βασιλέως
3222 3863 3389 3938 λόγον
3444 3862 3679 3940 διαπορ-

2028 3959 2261 4032 θμεύσας
2304 3957 2582 4031 ἀνηρέθισε
2631 3957 2766 4033 πρὸς
2807 3956 2992 4032 ὀργήν.
3032 3955 3137 4010 Καὶ
3183 3952 3367 4009 ἔκτοτε
3398 3952 3676 4029 εὐκαιρίαν

2025 4050 2203 4118 ἑζήτει
2256 4048 2349 4102 τὸν
2414 4045 2639 4122 βασιλέα
2706 4045 3189 4100 ἀποσκευάσασθαι.
3251 4042 3523 4106 Θωπείαις
3580 4040 3676 4097 οὖν

2028 4136 2275 4201 ὑπελθὼν
2307 4157 2438 4191 ποτε
2484 4134 2571 4189 καὶ
2620 4132 2816 4211 δώροις
2856 4133 3192 4206 έξαπατήσας
3223 4133 3314 4187 τὸν
3335 4131 3521 4206 ἐγχεῖν
3554 4131 3680 4185 εἰω-

2024 4227 2151 4281 θότα
2180 4228 2269 4281 τὸν
2303 4226 2447 4281 οἶνον
2504 4229 2584 4295 τῷ
2638 4223 2870 4299 βασιλεῖ,
2921 4224 3009 4277 καὶ
3061 4220 3402 4296 δηλητήριον
3448 4222 3681 4296 κερασά-

2028 4336 2187 4389 μενος
2218 4316 2279 4370 ού
2309 4320 2414 4369 τῶν
2468 4310 2913 4390 δραστικωτάτιυν
2963 4312 3051 4365 καὶ
3098 4309 3269 4384 ταχὺν
3303 4309 3680 4385 ἐπιφερόντων

2020 4406 2112 4461 τὸν
2171 4402 2439 4472 κίνδυνον,
2491 4401 2637 4457 ἀλ)ὰ
2678 4405 2787 4456 τῶν
2835 4399 3116 4475 σχολαίως
3162 4399 3253 4453 καὶ
3300 4398 3435 4452 κατὰ
3476 4397 3676 4471 μικρόν

2022 4493 2419 4550 ἀναλισκόντων
2464 4493 2564 4560 τὴν
2634 4495 2731 4545 τοῦ
2795 4489 3116 4552 πεπωκότος
3172 4484 3424 4559 δύναμιν,
3484 4486 3680 4562 κεράν-

2021 4605 2138 4640 νυσι
2171 4587 2251 4654 τῷ
2289 4579 2523 4658 βασιλεῖ.
2558 4580 2653 4634 Καὶ
2689 4578 2828 4634 πιὼν
2877 4579 2963 4633 καὶ
2997 4578 3114 4632 κατ’
3147 4576 3335 4652 ὀλίγον
3365 4574 3677 4646 νοσηλευόο

261 4677 423 4729 μενος
478 4660 567 4713 καὶ
610 4666 710 4730 τῆς
761 4660 959 4723 οἰκείας
1018 4661 1297 4734 δυνάμεως
1353 4666 1714 4739 ἀποπίππων,
1767 4671 2083 4729 τελευταῖον
2145 4670 2201 4727 δὲ
2259 4672 2343 4727 καὶ
2393 4670 2520 4734 τοὺς
2576 4664 2762 4741 ὤμους
2811 4666 3190 4741 ἀνθρακιάσας,
3252 4664 3482 4738 αίματος
3530 4663 3677 4719 πολ·

257 4741 357 4840 λοῦ
390 4745 606 4821 ῥυέντος
637 4748 783 4821 αύτῷ
815 4747 903 4840 διά
942 4754 1050 4805 τῶν
1111 4752 1431 4840 ὀφθαλμῶν,
1488 4756 1740 4813 εἰσελθὼν
1793 4760 1843 4816 ἐν
1897 4767 1964 4837 τῇ
2028 4758 2265 4840 βασιλίδι
2324 4757 2587 4814 κατέλυσε
2640 4759 2739 4827 τὴν
2803 4760 2970 4827 ζωὴν,
3006 4754 3326 4831 βασιλεύσας
3346 4751 3437 4825 ἔτι)
3476 4761 3678 4840 ς’τοσ-

257 4832 448 4898 ούτους
478 4857 533 4891 τε
578 4844 749 4909 μῆνας
807 4839 898 4892 καὶ
946 4840 1105 4915 πρὸς,
1166 4838 1458 4917 διαδόχους
1508 4844 1819 4904 καταλιπὼν
1878 4854 1976 4921 τῆς
2026 4832 2300 4927 βασιλείας
2358 4846 2637 4903 Βασίλειον
2679 4845 2768 4901 καὶ
2822 4849 3223 4901 Κωνσταντῖνον
3280 4841 3409 4907 τοὺς
3472 4838 3676 4906 παῖδας

254 4927 355 4977 τοῖ’)
385 4924 692 4998 Ῥωμανοῦ.

328 5014 484 5068 416
511 5018 670 5071 Anno
696 5017 900 5073 mundi
921 5020 1081 5087 5484,
1108 5019 1427 5078 indictione
1455 5029 1683 5095 quarta,
1711 5045 1905 5087 mense

2104 5029 2169 5086 Γὸ
2203 5028 2296 5101 μὶν
2331 5025 2421 5081 οὖν
2474 5026 2730 5080 Ἰωάννου
2775 5021 2937 5086 τέλος
2983 5024 3073 5079 τὸν
3130 5020 3420 5098 εἰρημένον
3449 5021 3676 5091 συνηνέ-

256 5100 586 5174 Decembri,
618 5105 874 5161 Basilius
926 5114 982 5163 et
1025 5109 1447 5166 Constantinus
1503 5117 1749 5171 Romani
1808 5118 1911 5174 filii

256 5189 570 5260 imperium
638 5193 950 5251 iniverunl.
1017 5200 1249 5254 Annum
1317 5202 1504 5258 aetatis
1562 5204 1906 5264 vicesimum

256 5278 511 5339 Basilius
537 5287 661 5337 tum
696 5284 941 5354 agebat:
974 5288 1226 5343 triennio
1248 5289 1453 5359 junior
1480 5297 1605 5347 erat
1630 5294 1909 5352 Conslan-

251 5366 436 5424 tinus.
467 5373 658 5442 Atque
691 5371 748 5425 hi
782 5372 1017 5442 quidem
1050 5391 1260 5431 nomen
1295 5386 1347 5432 el
1376 5379 1626 5450 ﬁguram
1663 5382 1906 5454 impera-

249 5460 443 5513 torum
494 5460 820 5531 gerebant:
855 5462 1116 5517 omnium
1165 5480 1359 5521 rerum
1410 5485 1586 5539 penes
1620 5470 1900 5530 Basilium

2020 5121 2128 5193 χθη
2157 5118 2380 5192 τρόπον,
2412 5115 2474 5170 τὸ
2507 5113 2567 5169 δὲ
2592 5121 2694 5184 τῆς
2732 5112 3005 5190 βασιλείας
3042 5113 3237 5188 κράτος
3268 5111 3345 5173 είς
3378 5109 3675 5165 Βασίλειον

2024 5210 2274 5283 μετήχθη
2335 5205 2424 5259 καὶ
2504 5206 2905 5261 Κωνσταντῖνον
2980 5202 3107 5265 τοὺς
3158 5202 3309 5263 υἱοὺς
3362 5202 3677 5273 Ῥωμανοῦ,

2016 5300 2152 5351 κατὰ
2196 5299 2257 5352 τὸ
2307 5292 2474 5369 Ιεῖυπδ’
2520 5291 2662 5362 ἓτος,
2752 5290 3093 5354 ῒνδικτιῶνος
3161 5288 3225 5364 δ’,
3284 5289 3411 5364 μηνὶ
3472 5295 3681 5361 Δεκεμ-

2020 5385 2159 5460 βρίῳ
2193 5405 2204 5417 ·
2241 5386 2316 5439 ὧν
2368 5386 2395 5439 6
2456 5385 2549 5457 μὶν
2592 5380 2876 5444 Βασίλειος
2930 5384 3021 5437 τὸν
3079 5382 3125 5436 x'
3155 5382 3285 5450 ἡνυε
3315 5382 3412 5447 τῆς
3446 5377 3676 5449 ἡλικίας

2014 5476 2236 5549 χρόνον,
2293 5472 2432 5529 ἔτεσι
2483 5471 2539 5529 δὲ
2584 5472 2729 5549 τρισὶ
2776 5470 2973 5529 τούτου
3030 5471 3292 5546 νεώτερος
3342 5468 3406 5537 ἦν
3454 5470 3671 5523 ὁΚων-

1433 5628 1812 5689 XYLANDRI
1852 5636 1944 5692 ET
1983 5636 2201 5695 GOARI
2241 5636 2469 5693 NOTAE.

318 5762 425 5835 (33)
458 5764 983 5839 Παρακοιμωμένου,
1017 5767 1089 5824 de
1120 5782 1280 5826 more
1312 5769 1587 5826 eunuchi.
1620 5774 1800 5829 Gem.
