3966 6134
226 418 326 479 149

1335 410 1884 474 HISTORIARUM
1927 411 2477 474 COMPENDIUM.

3500 411 3616 472 150

222 551 500 608 σταντῖνος.
558 548 767 622 Σχῆμα
821 544 918 619 μὶν
976 540 1073 599 οὗκ
1127 542 1217 599 καὶ
1275 537 1449 616 ὄνομα
1520 542 1683 616 μόνον
1735 547 1830 597 tot?

1966 543 2272 616 praesidem
2305 545 2540 600 interim
2586 543 3019 601 administratio
3060 546 3204 612 erat,
3237 543 3310 599 iis
3340 544 3531 600 adhuc
3560 550 3615 601 et

226 635 491 713 βασιλεῦσι
564 633 959 710 περιετέοειτο,
1037 636 1072 703 ἡ
1148 630 1205 687 δὲ
1284 632 1667 707 μεταχείρησις
1745 636 1852 686 τῶν

220 728 536 801 πραγμάτων
592 724 737 799 παρά
784 728 879 777 τοῦ
912 719 1181 797 προέδρου
1230 722 1509 798 ἐνηργεῖτο
1563 719 1853 777 Βασιλείου

220 813 301 870 διὰ
326 815 387 869 τὸ
426 812 607 882 νεάζον
652 819 751 881 τῆς
794 811 1014 881 ἡλικίας
1055 816 1162 866 τῶν
1219 809 1483 884 βασιλέων
1525 811 1612 864 καὶ
1646 810 1852 864 ἀπαλὸν

217 904 299 959 καὶ
354 905 516 975 μήπω
578 896 811 977 βεϐηκὸς
866 905 962 955 τοῦ
1023 902 1411 978 φρονήματος.
1470 902 1565 961 ’⁸ος
1626 901 1738 971 ἅμα
1793 921 1851 954 τε

217 991 493 1067 περιῆλθεν
522 990 596 1052 εἷς
644 990 770 1052 τοὺς
817 987 1014 1052 παῖδας
1062 994 1159 1044 τοῦ
1207 993 1487 1061 Ῥωμανοῦ
1534 990 1594 1043 τὸ
1629 990 1846 1064 κράτος,

215 1081 295 1135 καὶ
338 1082 443 1152 ἅμα
504 1076 891 1153 ταχυδρόμους
971 1078 1251 1151 ἐκπέμψας
1326 1076 1442 1152 ἄγει
1512 1080 1610 1145 τήν
1672 1077 1844 1131 αὐτῶν

217 1169 410 1242 μητέρα
460 1169 563 1223 ἀπὸ
607 1174 707 1238 τῆς
763 1168 1050 1243 ὑπερορίας
1101 1168 1176 1230 εἷς
1230 1167 1295 1222 τὰ
1345 1166 1612 1242 βασίλεια.
1647 1164 1845 1229 Δεδιὼς

213 1256 265 1313 δὲ
317 1257 401 1313 καὶ
457 1258 553 1319 τὰς
602 1256 740 1311 κατά
794 1264 896 1326 τῆς
957 1256 1233 1331 βασιλείας
1292 1254 1695 1319 ἐπαναστάσεις,
1754 1256 1845 1309 καὶ

213 1346 408 1420 μᾶλλον
438 1350 543 1401 τῶν
596 1344 783 1400 ἄλλων
838 1343 1046 1421 Βάρδαν
1104 1344 1401 1421 μάγιστρον
1433 1345 1524 1398 τὸν
1565 1342 1843 1418 Σκληρὸν,

211 1434 283 1490 ἀεὶ
340 1439 403 1508 τῇ
466 1433 715 1510 βασιλείᾳ
772 1431 1125 1511 ἐφεδρεύοντα
1180 1434 1270 1487 καὶ
1350 1430 1438 1486 διὰ
1491 1432 1687 1494 παντὸς
1742 1434 1840 1501 τὴν

211 1524 522 1578 ἀποστασίαν
575 1523 838 1578 ὠόίνοντα
885 1523 1059 1593 (ἑάλω
1107 1523 1209 1598 γὰρ
1261 1522 1350 1577 καὶ
1400 1522 1485 1576 ἐπὶ
1541 1526 1637 1575 τοῦ
1689 1522 1841 1596 βασι-

210 1611 337 1675 λέως
411 1613 658 1669 Ἰωάννου
750 1607 1141 1683 ἐπιϐουλεύων,
1242 1611 1330 1665 καὶ
1433 1608 1841 1675 καταδικασθεῖς

208 1701 549 1777 ἐξορυχθῆναι
600 1700 729 1763 τοὺς
779 1697 1096 1779 ὀφθαλμοὺς
1152 1699 1436 1776 ἐξεῤῥύσθη
1492 1701 1618 1775 παρ’
1678 1699 1841 1755 αὐτοῦ

207 1798 297 1860 τῆς
346 1793 588 1863 ποινῆς),
631 1794 821 1844 τοῦτον
867 1787 1103 1863 μάλιστα
1154 1787 1413 1851 δεδοικὼς
1460 1795 1628 1843 πᾶσαν
1686 1811 1839 1860 τηνι-

1964 638 2130 689 aetate
2148 639 2201 688 et
2220 633 2532 706 prudentia
2551 634 2900 689 minoribus.
2918 638 2971 689 Is
2990 651 3227 705 praeses,
3242 633 3419 688 simul
3438 639 3614 705 atque

1963 724 2034 778 ad
2070 724 2174 779 hos
2218 724 2617 779 adolescentes
2664 740 2900 778 summa
2950 740 3142 777 rerum
3181 722 3453 777 devoluta
3502 728 3614 789 est,

1963 816 2211 868 matrem
2244 813 2469 867 clerum
2495 811 2684 867 celoce
2715 813 2785 867 ab
2810 812 3012 867 exsilio
3045 816 3291 867 revocat.
3314 810 3613 867 Sollicitus

1962 918 2131 972 porro
2163 919 2233 955 ne
2260 902 2394 972 quis
2416 902 2568 955 alius
2590 901 2902 973 imperium
2930 901 3245 971 invaderet,
3271 918 3336 955 ac
3358 899 3611 955 maxime

1959 990 2223 1045 omnium
2258 990 2507 1045 Bardam
2538 989 2800 1045 Sclerum
2838 992 2985 1044 417
3032 994 3300 1044 metuens
3333 989 3612 1060 (namque

1957 1080 2008 1133 is
2062 1080 2111 1133 ei
2171 1096 2401 1150 semper
2457 1080 2805 1147 inhiaverat,
2847 1084 2903 1134 et
2945 1078 3228 1134 Tzimisca
3282 1077 3612 1149 imperante

1956 1168 2287 1239 tyrannidis
2354 1173 2647 1223 attentata?
2714 1169 3011 1223 convictus
3070 1167 3255 1223 oculis
3325 1167 3607 1223 multatus

1955 1257 2184 1325 fuisset,
2212 1257 2323 1313 nisi
2352 1274 2487 1312 eum
2519 1257 2646 1328 ipse
2678 1275 2856 1327 poenae
2888 1257 3251 1328 eripuisset);
3284 1257 3442 1312 hunc
3467 1274 3603 1328 ergo

1957 1346 2209 1401 maxime
2241 1351 2579 1417 suspectum
2628 1346 2873 1413 habens,
2906 1351 2968 1401 ut
3000 1345 3091 1401 cui
3132 1351 3271 1400 tunc
3316 1346 3602 1402 universas

1953 1435 2128 1507 copiis
2152 1435 2478 1491 commissa:
2499 1441 2715 1502 essent,
2738 1435 3019 1506 facileque
3041 1452 3140 1490 eas
3161 1451 3279 1505 qua
3295 1435 3467 1490 vellet
3488 1436 3599 1491 im-

1954 1525 2166 1596 pellere
2196 1530 2411 1595 posset,
2446 1531 2647 1596 utpote
2686 1528 2866 1579 totius
2899 1524 3149 1579 Orientis
3180 1525 3296 1577 dux
3327 1526 3599 1596 designa-

1952 1620 2071 1682 tus,
2103 1630 2171 1669 ex
2203 1631 2313 1669 usu
2348 1613 2425 1669 rei
2459 1600 2705 1684 publica:
2736 1614 2856 1668 fore
2894 1617 2950 1668 et
2988 1614 3061 1669 ad
3098 1612 3409 1682 imperium
3441 1630 3596 1669 com-

1953 1704 2340 1759 muniendum
2375 1704 2665 1758 facturum
2699 1702 3007 1772 judicavit,
3039 1702 3089 1756 si
3118 1703 3248 1773 ejus
3279 1703 3597 1773 potentiam

1951 1793 2239 1849 accideret
2291 1793 2600 1864 ipsumque
2630 1808 2695 1847 eo
2728 1790 3111 1846 inﬁrmiorem
3160 1791 3231 1846 ad
3283 1808 3374 1846 res
3422 1809 3599 1847 novas

204 1884 359 1934 καῦτα
412 1882 511 1948 τήν
561 1880 875 1951 Ῥωμαϊκὴν
937 1876 1165 1951 δύναμιν
1225 1876 1687 1954 ἐγκεχειρισμένον
1745 1881 1830 1934 καὶ

208 1968 231 1983 u
420 1967 433 1983 \
471 1969 499 1983 Α
554 1966 596 1983 I‘
793 1968 805 1983 Ι
856 1965 902 1983 ἢ,
1046 1968 1071 1983 ου
1353 1967 1368 1983 \
1611 1962 1641 1983 ρ
1684 1966 1698 1983 I

1960 1883 2264 1937 tentandae
2292 1881 2599 1952 redigeret.
2622 1881 2823 1951 Itaque
2844 1880 2895 1934 ei
2918 1880 3172 1935 Orientis
3195 1880 3600 1950 praal'ecturam

204 1968 301 2039 ὅπη
348 1967 435 2022 καὶ
470 1966 731 2044 βούλοιτο
783 1965 984 2044 ῥᾳδίως
1038 1968 1232 2042 ἄγοντα
1279 1967 1369 2021 καὶ
1405 1962 1835 2039 μετακυϐεύοντα

202 2058 281 2129 (ἦν
308 2057 406 2132 γὰρ
454 2055 835 2131 στρατηλάτης
882 2050 1336 2132 προϐεϐλημέδος
1379 2056 1556 2126 πάσης
1607 2058 1834 2113 Ἀνατο-

202 2144 319 2217 λῆς)
347 2146 618 2223 συμφέρον
651 2146 781 2200 εἶναι
813 2149 880 2219 τῇ
937 2142 1187 2221 βασιλείᾳ
1229 2144 1317 2198 καὶ
1348 2143 1582 2219 ἀσφαλὲς
1616 2144 1833 2219 ἐνόμισε

158 2230 255 2290 ’τὸ
283 2233 420 2290 πολῦ
449 2241 552 2305 τῆς
598 2231 881 2307 δυνάμεως
932 2234 1337 2310 ἀκρωτηριάσαι
1384 2233 1473 2287 καὶ
1523 2233 1831 2298 ἀσθενέστε-

198 2343 281 2399 ρον
337 2324 491 2379 αὐτὸν
573 2324 953 2401 ἀποφήνασθαι
1029 2323 1166 2396 πρὸς
1217 2322 1317 2390 τήν
1380 2323 1827 2395 ὑποπτευομένην

196 2411 525 2468 ἀποστασίαν.
589 2411 686 2466 Καὶ
735 2416 865 2487 γοῦν
916 2412 1005 2465 καὶ
1054 2410 1321 2487 παραλύει
1368 2416 1560 2466 τοῦτον
1602 2416 1699 2481 τῆς
1728 2418 1827 2469 τοῦ

194 2501 553 2574 στρατηλάτου
617 2502 816 2578 ἀρχῆς,
862 2498 1027 2556 δοῦκα
1087 2498 1143 2555 δί
1206 2498 1551 2555 ἀποδείκνυσι
1606 2508 1711 2556 τῶν
1772 2502 1821 2558 ἐν

191 2592 256 2662 τῇ
305 2590 697 2664 Μεσοποταμίᾳ
759 2590 1075 2665 ταγμάτων,
1140 2588 1493 2666 ἐπαγρυπνεῖν
1568 2591 1826 2657 κελεύσας

191 2679 276 2741 τὰς
333 2677 603 2754 ἐκδρομὰς
661 2683 770 2734 τῶν
840 2682 1170 2754 Σαρακηνῶν
1230 2678 1586 2751 φυλάττοντα.
1648 2682 1718 2735 Τὸ
1779 2679 1824 2736 δ’

189 2768 309 2824 αὐτὸ
346 2774 506 2824 τοῦτο
556 2768 646 2823 καὶ
700 2768 775 2829 είς
824 2766 1059 2843 Μιχαὴλ
1111 2770 1201 2822 τὸν
1252 2768 1528 2839 Βούρτζην
1578 2768 1822 2824 ὕποπτον

191 2853 305 2913 ὄντα
332 2858 751 2935 ἐμηχανήσατο,
787 2854 1071 2928 διαστῆσαι
1117 2862 1306 2912 τοῦτον
1346 2864 1447 2927 τῆς
1494 2862 1590 2913 1:05
1636 2859 1822 2931 Σκλη-

189 2951 275 3021 ροῦ
304 2948 569 3023 ἑταιρείας
621 2944 926 3009 σπουδάσας
980 2948 1163 3019 (συνῆν
1211 2947 1314 3021 γὰρ
1362 2946 1451 3001 καὶ
1484 2946 1637 3010 οὗτος
1678 2948 1824 3021 αὐτῷ

184 3038 449 3111 τάγματός
488 3058 643 3100 τινος
692 3034 981 3111 κατάρχων
1039 3038 1477 3110 στρατιωτικοῦ).
1530 3035 1690 3112 ὅνπερ
1742 3042 1822 3109 τῷ

184 3129 278 3180 τῶν
352 3125 663 3201 μαγίστρων
732 3127 968 3197 τιμήσας
1024 3125 1289 3198 ἀξιώματι
1347 3128 1434 3198 [Ρ.
1651 3124 1823 3181 δοῦκα

184 3221 274 3283 τῆς
335 3216 479 3289 παρὰ
553 3218 632 3268 τῶ
701 3215 929 3289 Ὀρόντῃ
1006 3214 1343 3288 Ἀντιοχείας
1423 3210 1817 3287 προϐάλλεται.

1947 1970 2156 2026 adimit
2186 1971 2511 2040 ducemque
2532 1969 2839 2024 constituit
2871 1968 3319 2039 Mesopotamia,
3345 1986 3410 2023 ac
3432 1986 3599 2024 man-

1946 2062 2047 2116 dat
2072 2064 2133 2115 ut
2154 2058 2462 2129 diligenter
2484 2058 2765 2114 adversus
2786 2059 3204 2113 Saracenorum
3225 2058 3601 2114 excursiones
3656 2090 3665 2097 ~

1944 2150 2209 2205 excubet.
2245 2149 2456 2203 Eodem
2492 2148 2663 2201 modo
2696 2146 3038 2203 Michaelem
3070 2162 3304 2217 quoque
3325 2146 3596 2202 Burtzam

1944 2238 2057 2295 sibi
2106 2242 2446 2309 suspectum
2500 2240 2741 2304 tractat;
2793 2251 2968 2307 quem
3018 2238 3146 2291 uta
3176 2234 3316 2291 Duri
3350 2236 3509 2307 (nam
3542 2236 3593 2292 ei

1943 2330 2145 2383 aderat
2174 2327 2483 2396 cujusdam
2523 2325 2778 2381 cohortis
2818 2325 3046 2395 ductor)
3077 2324 3351 2379 societate
3381 2326 3591 2381 avelle-

1942 2422 2048 2483 rct,
2082 2418 2151 2473 ad
2187 2414 2450 2484 magistri
2482 2420 2739 2470 evectum
2768 2412 3115 2485 dignitatem
3147 2414 3353 2468 ducem
3384 2415 3589 2469 Antio-

1941 2507 2084 2562 chice
2136 2506 2207 2561 ad
2266 2505 2541 2559 Orontem
2591 2503 2713 2557 sitas
2772 2501 3097 2557 constituit.
3158 2503 3584 2573 Inspectionem

1940 2602 2115 2667 atque
2164 2594 2475 2666 imperium
2509 2594 2566 2646 in
2598 2609 2802 2647 omnes
2833 2592 3147 2646 orientales
3196 2591 3393 2663 cepias
3428 2593 3588 2648 Petro

1938 2686 2125 2739 del‘ert
2155 2682 2419 2755 patricio,
2454 2681 2650 2736 Phocee
2689 2680 2828 2736 olim
2879 2681 3121 2745 famulo,
3147 2696 3400 2752 eumque
3426 2698 3587 2737 exer-

1934 2776 2157 2829 cituum
2212 2773 2551 2844 praelectum
2600 2771 2900 2838 nominat;
2952 2775 3272 2824 castratum
3325 2770 3588 2840 quidem,

1935 2864 2032 2919 sed
2060 2868 2364 2917 strenuum
2389 2859 2696 2930 czeteroqui
2716 2862 2772 2914 et
2790 2858 2871 2914 rei
2893 2857 3111 2913 bellicae
3135 2859 3586 2930 peritissimum.

1936 2952 2178 3024 Indigne
2209 2955 2405 3005 autem
2458 2949 2513 3003 id
2564 2948 2700 3003 tulit
2731 2953 2943 3017 Durus,
2970 2949 3114 3002 adeo
3148 2953 3209 3002 ut
3240 2965 3312 3003 ne
3342 2950 3493 3020 apud
3528 2966 3591 3005 se

1936 3040 2176 3111 quidem
2210 3055 2422 3111 magno
2467 3038 2662 3093 animo
2713 3036 2996 3092 occultam
3046 3037 3291 3092 retinere
3322 3054 3449 3094 eam
3484 3055 3590 3111 po-

1933 3130 2111 3186 tuerit
2156 3127 2713 3201 zegritudinem,sed
2765 3127 3029 3182 invectus
3074 3127 3228 3181 4I8
3278 3127 3469 3183 verbis
3526 3128 3587 3185 in

1937 3222 2236 3274 auctorem
2268 3216 2708 3271 contumeliosis
2750 3216 2847 3281 sit,
2878 3216 2978 3285 qui
3028 3215 3220 3285 ipsum
3256 3232 3358 3286 pro
3391 3232 3586 3271 rerum

185 3305 402 3382 Ἔφορον
446 3302 504 3359 δὲ
542 3303 629 3359 καὶ
661 3288 951 3373 ἐπιστάτην
979 3306 1084 3358 τῶν
1120 3302 1263 3375 ὶῴων
1309 3305 1424 3375 (34)
1475 3300 1821 3359 ἀποδείκνυσι

1960 3307 2207 3363 iraeclare
2237 3310 2539 3377 gestarum
2571 3303 3061 3371 victoriarumque
3100 3307 3401 3374 partarum
3434 3321 3587 3360 mer-

186 3394 385 3448 πάντων
439 3391 737 3466 ταγμάτων
818 3393 907 3446 τὸν
984 3392 1265 3467 πατρίκιον
1327 3391 1526 3466 Πέτρον
1583 3393 1673 3447 τὸν
1731 3398 1827 3447 τοῦ

190 3486 343 3536 Φωκᾶ
396 3479 621 3549 δοῦλον,
672 3477 1153 3557 στρατοπεδάρχην
1200 3479 1358 3535 αὐτὸν
1409 3478 1695 3554 ὸνομάσας,
1740 3503 1826 3536 το-

190 3571 303 3641 μίαν
364 3572 460 3643 μὲν
523 3570 831 3646 ἄνθρωπον,
892 3568 1215 3645 δραστήριον
1268 3567 1313 3623 δ’
1372 3568 1558 3633 ἄλλως
1615 3570 1703 3625 καὶ
1760 3573 1827 3626 τὰ

184 3658 449 3733 πολεμικά
486 3658 907 3734 ἐμπειρότατον.
963 3662 1139 3715 Τοῦτο
1191 3657 1248 3713 δὲ
1279 3660 1367 3713 τὸν
1403 3658 1654 3735 Σκληρὸν
1688 3661 1823 3734 σφό-

183 3745 272 3823 δρα
302 3748 598 3820 ἐλύπησεν,
650 3748 724 3811 ὡς
780 3746 920 3820 μηδὲ
967 3749 1094 3823 παρ’
1142 3749 1317 3820 ἑαυτῷ
1367 3745 1658 3819 δυνηθῆναι
1697 3771 1820 3823 συγ-

1936 3397 2074 3452 cede
2113 3396 2185 3450 ab
2236 3394 2403 3465 equis
2436 3394 2613 3464 (quod
2646 3392 2831 3454 aiunt)
2862 3392 2933 3446 ad
2980 3392 3179 3446 asinos
3228 3392 3584 3448 detruderet.

1935 3487 2045 3541 Sed
2082 3501 2295 3555 przeses
2342 3482 2454 3537 ista
2484 3481 2569 3537 vel
2603 3497 2810 3553 parum
2860 3479 2945 3535 vel
2999 3479 3146 3535 nihil
3178 3480 3423 3550 curavit,
3446 3498 3583 3536 con-

1934 3577 2165 3629 tentum
2197 3589 2331 3628 eum
2363 3588 2494 3627 esse
2534 3571 2755 3641 jubens
2786 3570 2856 3624 iis
2886 3587 3011 3640 quas
3051 3570 3347 3624 dabantur
3396 3587 3585 3642 neque

1936 3663 2182 3718 ulterius
2213 3662 2533 3733 quidquam
2582 3664 2829 3725 tentare,
2863 3659 2975 3713 nisi
3012 3658 3183 3715 vellet
3211 3659 3427 3715 amisso
3458 3677 3585 3716 ma-

1935 3752 2185 3823 gistratu
2221 3751 2483 3820 privatus
2513 3748 2571 3803 in
2605 3749 2846 3802 domum
2879 3764 3049 3803 suam
3081 3747 3368 3802 concludi.

181 3838 405 3913 καλύψαι
462 3842 570 3909 τὴν
625 3838 774 3893 ἀνίαν
830 3836 1255 3914 μεγαλοψύχως,
1314 3837 1437 3893 ἀλλ’
1477 3837 1827 3915 ἐπεγκαλέσαι
1886 3840 1974 3894 καὶ
2025 3836 2441 3914 προσονειδίσαι,
2500 3837 2548 3891 εἴ
2605 3836 2721 3890 ἀντὶ
2772 3840 2877 3889 τῶν
2932 3836 3017 3890 ὑπ’
3065 3836 3230 3889 αὐτοῦ
3282 3836 3587 3909 γενομένων

186 3925 683 4004 ἀνδραγαθημάτων
742 3949 801 3982 τε
856 3928 945 3982 καὶ
1001 3928 1279 4003 τροπαίων
1335 3928 1586 3991 τοιαύτας
1644 3924 2033 4001 ἀντιλαμϐάνει
2087 3930 2180 3990 τὰς
2238 3922 2493 4000 ἀμοιϐὰς,
2551 3925 2640 3980 ἐπὶ
2694 3926 2755 3979 τὸ
2814 3930 3000 3999 χεῖρον
3059 3923 3383 3999 προκόπτων
3419 3971 3434 3997 ,
3493 3924 3589 3980 κᾶν

186 4014 367 4090 ὀλίγον
398 4019 435 4088 ἢ
470 4014 632 4071 οὐδὲν
663 4016 742 4087 τῷ
772 4019 1253 4090 παρακοιμωμένῳ
1284 4016 1571 4090 ἐμέλησεν,
1605 4019 1812 4094 ἀγαπᾷτ
1843 4017 2048 4073 εἰπόντι
2080 4022 2195 4078 τοῖς
2229 4013 2541 4088 δεδομένοις
2573 4014 2662 4069 καὶ
2697 4015 2772 4086 μὴ
2805 4012 3049 4067 ἐπέκεινα
3086 4012 3587 4089 πολυπραγμονεῖν,

181 4102 220 4158 εί
254 4108 326 4178 μή
362 4127 469 4160 που
505 4104 705 4178 μέλλει
740 4106 855 4160 ἀντὶ
886 4103 1151 4179 ἄρχοντος
1185 4106 1435 4181 οἰκουρὸς
1468 4102 1674 4170 ἔσεσθαι
1704 4114 1803 4177 τῆς
1836 4104 1975 4170 ἰδίας
2014 4106 2209 4168 οἰκίας.

241 4192 452 4249 Τούτων
487 4192 550 4249 δὲ
598 4192 770 4255 οὕτως
819 4194 1290 4265 οἷκονομηθέντων
1344 4199 1424 4267 τῷ
1470 4215 1823 4269 παρακοιμω-

184 4278 319 4354 μένῳ
371 4281 587 4357 ἀπάρας
644 4283 671 4335 ὁ
713 4280 917 4355 Βάρδας
982 4289 1083 4352 τῆς
1167 4280 1451 4357 βασιλίδος
1512 4283 1601 4336 σὺν
1663 4286 1821 4359 τάχει

179 4369 367 4443 πολλῷ
414 4374 518 4441 τήν
579 4370 1008 4447 ἐγχειρισθεῖσαν
1067 4371 1214 4445 αὐτῷ
1270 4368 1675 4445 καταλαμϐάνει
1732 4374 1821 4449 ἀρ-

180 4460 297 4533 χήν.
358 4461 447 4517 Ἐν
502 4458 565 4515 δὶ
607 4466 728 4522 ταῖς
772 4462 1255 4536 προηγησαμέναις
1314 4462 1663 4537 στρατηγίαις
1724 4462 1821 4536 ἐμ-

178 4541 360 4621 ϐριθὴς
418 4547 701 4612 πολλάκις
763 4549 942 4627 φανεὶς
997 4549 1084 4604 καὶ
1164 4546 1508 4625 δραστήριος,
1566 4551 1656 4606 καὶ
1720 4552 1822 4606 ὑπὸ

2003 4198 2101 4253 His
2135 4198 2213 4250 ita
2240 4213 2272 4251 a
2305 4195 2550 4267 praeside
2573 4192 2911 4249 constitutis
2944 4193 3158 4247 Bardas
3184 4197 3373 4247 Durus
3405 4192 3586 4248 celer-

1932 4287 2077 4341 rime
2112 4286 2167 4340 in
2193 4300 2359 4339 suam
2395 4282 2752 4355 provinciam
2786 4281 3197 4353 proﬁciscitur.
3234 4282 3300 4335 Et
3330 4298 3462 4336 cum
3486 4298 3586 4337 su-

1933 4374 2260 4447 perioribus
2294 4372 2654 4443 temporibus
2699 4370 2895 4441 εεειίεμ
2915 4370 3362 4442 magistratibus
3392 4371 3585 4441 gravi—

1931 4470 2109 4519 tatem
2142 4470 2317 4534 atque
2348 4461 2750 4517 el‘ﬁcacitatem
2774 4476 2943 4513 suam
2971 4476 3368 4530 saepenumero
3401 4459 3584 4514 decla-

1932 4558 2140 4620 rasset,
2174 4568 2362 4623 neque
2396 4551 2511 4605 fere
2541 4548 2857 4620 quisquam
2905 4548 2965 4603 in
3014 4548 3267 4603 exercitu
3300 4564 3433 4604 eum
3467 4564 3581 4602 non

178 4638 388 4709 παντὸς,
441 4639 519 4700 ὡς
568 4636 697 4701 ἔπος
744 4637 936 4706 εἰπεῖν,
993 4643 1090 4693 τοῦ
1144 4644 1373 4714 στρατοῦ
1418 4638 1690 4713 φιληθεὲς,
1736 4641 1825 4695 καὶ

1960 4648 2176 4706 .maret,
2194 4641 2263 4694 ad
2290 4640 2547 4709 haacjam
2572 4646 2708 4693 ante
2729 4637 2882 4692 haud
2910 4638 3113 4708 paucis
3132 4637 3343 4707 quibus
3369 4636 3585 4691 ﬁdebat

178 4726 304 4800 πρὸς
352 4724 610 4789 πολλοὺς
671 4726 762 4790 οὓς
823 4726 1032 4804 ἐθάρρει
1084 4730 1145 4782 τὸ
1210 4735 1310 4798 τῆς
1372 4727 1604 4801 μελέτης
1659 4750 1825 4805 παρα-

180 4817 462 4888 γυμνώσας
529 4820 853 4891 μυστήριον,
902 4818 991 4872 καὶ
1053 4816 1265 4891 μᾶλλον
1324 4822 1404 4889 τῷ
1444 4819 1678 4892 τάγματι
1716 4822 1825 4872 τῶν

180 4904 563 4977 στρατηλατῶν
626 4909 760 4980 (35),
820 4904 939 4981 ἄρτι
996 4928 1055 4961 τι
1112 4909 1297 4981 καιρὸν
1358 4906 1565 4976 οἰηθεὶς
1624 4906 1827 4976 ἐπιτή-

184 4987 318 5047 δειον
371 4993 448 5057 εἷς
506 4994 573 5049 τὸ
629 4992 969 5069 ἀνακαλύψαι
1030 4996 1092 5051 τὸ
1150 4992 1632 5068 σπουδαζόμενον,
1693 4996 1829 5068 μετά

180 5084 283 5135 τῶν
338 5081 665 5154 ἐπιτηδείων
745 5084 1099 5158 σκεψάμενος,
1161 5086 1220 5153 ἣν
1292 5084 1351 5140 ἐκ
1412 5089 1631 5159 μακρῶν
1694 5082 1825 5140 ὤδι-

184 5188 263 5224 νεν
336 5171 619 5229 ἀποτίκτει
694 5172 1039 5245 ἀποστασίαν,
1112 5173 1202 5229 καὶ
1272 5173 1408 5228 κατᾶ
1474 5178 1583 5228 τῶν
1667 5174 1824 5249 βασι-

186 5255 317 5315 λίων
365 5261 458 5317 καὶ
508 5266 619 5317 τῶν
668 5260 968 5340 ὁμοφύλων
1013 5260 1156 5339 αἴρει
1202 5262 1271 5317 τὰ
1322 5260 1487 5321 ὅπλα.
1528 5262 1702 5327 Εὐθὺς
1734 5260 1822 5317 οὖν

1936 4746 2213 4785 arcanum
2231 4746 2401 4783 suum
2421 4744 2521 4799 per
2534 4728 2811 4799 ambages
2826 4726 3179 4781 ostendisset
3196 4724 3557 4796 propositum
3570 4768 3583 4791 ,

1936 4822 2224 4891 praecipue
2256 4818 2505 4873 ducibus
2554 4815 2834 4885 militum,
2868 4821 3007 4871 tunc
3041 4832 3103 4870 se
3144 4820 3377 4885 tempus
3422 4819 3585 4870 ratus

1936 4914 2333 4981 opportunum
2378 4906 2591 4961 habere
2622 4905 2751 4976 ejus
2785 4902 3080 4974 vulgandi,
3114 4918 3175 4957 re
3207 4918 3340 4957 cum
3385 4918 3584 4958 neces-

1937 4997 2110 5053 sariis
2131 4994 2655 5057 communicata.id
2684 4994 2839 5063 quod
2859 4991 2960 5046 diu
2982 4990 3335 5062 parturierat
3357 4990 3587 5062 imperii

1936 5084 2238 5140 obtinendi
2270 5084 2531 5139 studium
2566 5083 2803 5136 tandem
2836 5079 2891 5134 in
2926 5079 3114 5135 lucem
3143 5080 3282 5147 edit,
3306 5096 3588 5151 armaque

1938 5179 2139 5231 contra
2168 5174 2552 5246 imperatores
2597 5174 2655 5225 et
2684 5168 2995 5241 populares
3026 5186 3167 5225 suos
3220 5168 3395 5241 capit.
3428 5168 3589 5225 Illico

1937 5264 2209 5335 Anthem,
2230 5261 2581 5335 cognomine
2599 5258 2893 5331 Alyatam,
2913 5258 3321 5315 ministrorum
3344 5274 3589 5313 suorum

1368 5443 1738 5503 XYLANDRI
1776 5444 1862 5499 ET
1900 5442 2119 5499 GOARI
2156 5441 2388 5497 NOTAE.

250 5592 647 5677 (3‘4)-Qualem
694 5596 1050 5677 magistrum
1095 5598 1421 5677 ofﬁciorum
1452 5598 1704 5677 orientis
1735 5599 1832 5653 de-

189 5666 385 5741 scribit
409 5666 849 5741 commentator
876 5670 1101 5727 Notitias
1146 5670 1374 5741 imperii
1412 5687 1460 5725 c.
1494 5672 1584 5726 62.
1616 5676 1794 5726 Goaa.

251 5736 362 5811 (35)
396 5739 661 5805 Quorum
701 5758 910 5815 agmen
942 5743 1083 5800 viris
1122 5736 1331 5800 bell-ica
1360 5742 1533 5800 laude
1562 5748 1681 5801 tam
1715 5742 1833 5799 cla-

1944 5597 2046 5669 ris,
2081 5596 2379 5669 generosis
2402 5612 2468 5669 ac
2500 5596 2748 5651 fortibus
2777 5598 2902 5648 erat
2930 5592 3259 5669 collectum,
3284 5594 3348 5646 ut
3378 5590 3595 5669 singuli

1943 5666 2161 5799 guique
2195 5666 2581 5741 στρατηλάται,
2608 5669 2853 5725 militum
2892 5666 3153 5736 magistri
3192 5668 3593 5721 censerentur.

1993 5758 2123 5798 om.

1993 5758 2123 5798 CAR.
