3966 6134
224 369 337 431 151

1587 356 1914 420 GEORGII
1957 357 2298 421 CEDBENI

3532 363 3652 424 152

224 500 480 558 maxime
511 497 897 568 industrium,
922 494 1123 568 Cpolin
1158 492 1358 560 mittit,
1388 493 1486 565 qui
1521 492 1707 548 filium
1740 496 1790 546 Bt

2085 500 2201 561 νθην
2255 492 2377 546 τινὰ
2431 489 2697 566 τοῦνομα,
2753 490 3033 565 Ἀλυάτην
3086 494 3185 563 τὴν
3245 492 3651 572 προσηγορίαν,

226 595 361 648 dam
384 592 715 646 Romanum
746 592 886 643 tunc
917 586 976 641 in
1001 586 1143 640 urbe
1170 585 1477 655 degentem
1500 584 1570 637 ad
1605 600 1687 644 se.
1712 581 1882 637 modo

229 684 289 737 id
323 680 445 736 ﬁeri
486 682 703 750 posset,
729 677 1061 732 adduceret.
1088 674 1305 729 Anthes
1346 689 1479 729 cum
1513 688 1579 727 eo
1608 673 1883 741 venisset,

235 770 436 827 omnia
492 785 563 824 ne
611 766 1144 837 deprehenderetur
1192 767 1581 831 commentus,
1613 760 1885 817 sinistros

240 863 306 917 de
335 860 490 916 Duro
535 872 801 912 rumores
856 854 1183 925 spargendo
1233 853 1390 907 omni
1442 868 1505 906 se
1554 851 1887 922 suspicione

239 952 365 1022 ejus
396 948 550 1019 quod
584 944 934 1000 moliebatur
960 941 1227 997 liberavit
1256 957 1267 996 :
1294 941 1491 1012 itaque
1524 940 1757 995 nemine
1785 940 1887 995 ob-

237 1041 507 1095 servante
539 1036 869 1089 Romanum
902 1031 1224 1085 suil‘uratus
1272 1047 1341 1085 ex
1388 1030 1531 1084 urbe
1561 1030 1631 1083 ad
1665 1033 1889 1101 patrem

235 1125 528 1202 perduxit.
559 1125 723 1179 Tunc
785 1122 1019 1176 demum
1067 1125 1254 1175 Durus
1302 1119 1357 1173 in
1411 1122 1677 1191 apertum
1740 1118 1890 1173 419

238 1215 482 1291 protulit
507 1230 615 1269 sua
645 1209 916 1275 consilia,
948 1217 1001 1265 et
1031 1209 1363 1264 diademate
1394 1207 1756 1279 reliquisque
1788 1206 1895 1263 im-

242 1306 387 1379 perii
420 1303 606 1376 signis
636 1299 888 1371 sumptis
924 1299 994 1354 ab
1028 1298 1187 1354 omni
1213 1315 1318 1352 suo
1350 1298 1600 1352 exercitu
1625 1302 1714 1353 est
1744 1296 1897 1351 salu-

240 1402 396 1452 tatus
427 1392 765 1462 imperator,
802 1389 1111 1459 primoque
1143 1387 1405 1442 omnium
1460 1386 1532 1441 ab
1580 1385 1894 1442 Armeniis.

244 1484 463 1540 Exinde
494 1482 565 1536 ad
599 1479 918 1549 cogendam
964 1475 1270 1546 pecuniam
1304 1476 1514 1547 (neque
1564 1476 1720 1530 enim
1753 1474 1896 1529 illud

248 1569 665 1629 Demosthenis
716 1566 1039 1639 ignorabat,
1075 1565 1201 1620 sine
1240 1564 1350 1620 hac
1382 1563 1526 1618 nihil
1577 1568 1729 1620 recte
1777 1564 1898 1635 geri

252 1677 445 1734 posse,
478 1657 801 1731 praesertim
840 1670 966 1709 vero
1012 1654 1105 1708 cui
1140 1654 1211 1708 de
1242 1657 1406 1708 tanta
1453 1670 1514 1708 re
1554 1653 1715 1722 jacta
1746 1658 1903 1708 esset

254 1749 401 1819 alca)
422 1747 579 1802 illico
607 1760 944 1810 conversus,
972 1742 1316 1814 publicanos
1346 1741 1809 1813 comprehendit,
1833 1740 1902 1795 ab

252 1839 444 1910 iisque
482 1834 789 1908 pecuniam
836 1832 1135 1904 publicam
1187 1831 1456 1900 extorsit;
1489 1829 1658 1895 alios,
1680 1830 1779 1902 qui
1812 1830 1905 1885 di-

249 1930 395 1984 vites
425 1926 807 2000 putabantur,
832 1926 1034 1994 captos
1066 1921 1316 1990 pecunia
1339 1922 1600 1975 emunxit
1627 1937 1640 1974 :
1666 1921 1904 1991 quidam

253 2018 453 2083 ultrc,-
490 2032 594 2087 spe
653 2012 875 2083 majora
922 2010 1267 2082 recipiendi,
1313 2027 1451 2066 suas
1501 2009 1806 2066 facultates
1861 2009 1913 2065 ei

244 2096 617 2165 bbtulerunt.
656 2104 741 2157 Ita
788 2101 995 2172 exiguo
1044 2098 1326 2170 temporis
1377 2098 1566 2170 spatio
1614 2100 1911 2170 ingentem

258 2197 376 2253 vim
410 2192 671 2267 pecuniae
714 2189 921 2262 coegit.
958 2187 1207 2243 Proinde
1254 2187 1314 2242 in
1365 2186 1789 2259 Mesopotamia
1815 2202 1913 2242 ca-

263 2285 501 2343 stellum
550 2280 813 2338 validum
871 2282 1141 2349 occupat,
1187 2277 1280 2331 cui
1336 2294 1548 2332 nomen
1595 2276 1913 2348 Cbarpote;

267 2374 423 2447 quod
446 2389 581 2428 cum
603 2370 864 2441 undique
886 2366 1372 2423 communivisset
1392 2373 1445 2421 et
1467 2366 1738 2438 praesidio
1761 2366 1911 2422 sufﬁ-

270 2462 443 2519 cienti
495 2462 800 2525 armasset,
833 2472 898 2514 eo
945 2456 1250 2527 pecuniam
1282 2462 1612 2523 congestam
1646 2455 1917 2527 deponit;

272 2552 429 2624 quod
460 2550 654 2622 ipsum
699 2547 871 2602 etiam
920 2546 1094 2600 rebus
1126 2545 1387 2599 adversis
1437 2545 1547 2615 ipsi
1597 2561 1698 2614 pro
1749 2547 1920 2616 portu

274 2641 452 2713 (quod
503 2639 690 2706 aiunt)
722 2636 779 2691 in
814 2651 988 2707 quem
1023 2652 1084 2689 se
1114 2638 1239 2689 tuto
1284 2633 1588 2704 reciperet,
1622 2634 1740 2687 fore
1789 2649 1919 2704 spe-

274 2732 455 2787 rabat.
476 2728 625 2793 Quin
661 2731 713 2781 et
747 2741 878 2779 cum
912 2723 1116 2777 vicinis
1162 2721 1463 2776 Saracenis
1495 2723 1629 2777 data
1660 2724 1923 2793 accepta-

272 2835 384 2891 que
416 2817 530 2873 fide
561 2818 730 2887 pacta
749 2813 899 2877 iniit,
927 2826 1108 2882 eaque
1135 2810 1360 2881 nuptiis
1386 2810 1700 2865 contractis
1732 2810 1925 2865 ﬁrma-

270 2910 374 2977 vit,
406 2920 619 2976 nempe
658 2918 793 2957 cum
838 2917 1035 2955 amera
1079 2900 1298 2954 Amidae
1329 2899 1463 2969 (ipsi
1503 2899 1667 2953 Emet
1698 2900 1926 2971 vocant)

274 2993 605 3069 Apolulpho
627 2996 683 3046 et
704 3007 901 3045 amera
923 2989 1331 3061 Martyropolis
1357 2990 1444 3057 (ea
1473 2988 1620 3058 ipsis
1641 2988 1927 3059 Miepher-

273 3086 375 3141 kin
408 3081 647 3153 dicitur)
672 3079 978 3152 Apotagle;
1002 3078 1076 3134 ab
1107 3078 1297 3147 iisque
1327 3094 1459 3131 cum
1494 3078 1752 3148 pecunia:
1777 3078 1929 3133 mul-

278 3180 402 3231 tum
434 3177 562 3228 tum
592 3171 807 3226 Arabes
838 3167 1064 3240 equites
1104 3171 1395 3221 trecentos
1427 3166 1737 3221 auxiliares
1766 3182 1927 3221 acce—

1990 581 2057 634 τὰ
2113 578 2350 653 μάλιστα
2404 577 2531 636 ὅντα
2588 581 2735 655 αύτῴ
2784 587 2889 637 τῶν
2942 580 3387 657 δραστικωτάτων
3443 584 3649 657 ὑπηρε-

1993 673 2127 738 τῶν,
2186 668 2238 733 ἐς
2294 671 2393 739 τήν
2456 669 2712 747 βασιλίδα
2767 673 3007 746 πὲμπει,
3068 671 3237 742 ὅπως,
3299 671 3348 728 εὶ
3403 670 3649 743 δύναιτο,

1994 760 2270 830 Ῥωμανὸν
2319 761 2410 815 τὸν
2463 762 2653 815 ἑαυτοῦ
2699 761 2905 835 κλέψας
2947 762 3061 816 υἱὸν
3114 757 3297 836 (ἔτυχε
3338 763 3442 838 γὰρ
3487 760 3651 832 ἐνδη·

2002 853 2117 921 μῶν
2169 852 2238 923 τῇ
2302 848 2679 924 βασιλευούσῃ)
2740 851 2874 927 πρὸς
2930 852 3088 905 αὑτὸν
3146 850 3538 928 ἀφίκηται.”0
3594 849 3656 906 δὲ

1996 938 2287 1014 γενόμενος
2344 938 2394 994 ἐν
2452 943 2522 1014 τῇ
2583 936 2769 1009 πόλει,
2828 939 2917 995 καὶ
2974 941 3147 995 πάντα
3202 939 3403 1014 τρόπον
3465 937 3653 995 λαθεῖν

2001 1026 2369 1101 ἐπειγόμενος,
2444 1030 2632 1106 φήμας
2693 1030 2755 1083 ού
2816 1029 2987 1091 καλὰς
3046 1030 3183 1084 κατὰ
3236 1033 3331 1084 τοῦ
3390 1027 3659 1105 Σκληροῦ

2002 1115 2294 1192 ἐνέσπειρε,
2344 1115 2415 1170 δι’
2465 1118 2509 1170 ὧ
2560 1115 2740 1172 λαθεῖν
2786 1138 2843 1173 τε
2886 1116 3134 1189 ἠδυνήθη
3184 1117 3493 1181 ἀνύποπτος
3555 1140 3658 1195 φα-

2002 1205 2108 1267 νεὶς
2138 1205 2228 1259 καὶ
2273 1205 2364 1259 τὸν
2393 1207 2672 1279 Ῥωμανὸν
2719 1205 3033 1280 ἀποκλέψας
3075 1208 3212 1282 πρὸς
3258 1206 3347 1261 τὸν
3398 1206 3660 1282 Σκληρὸν

2005 1294 2245 1368 ἀγαγεῖν.
2278 1295 2338 1351 Ὀ
2392 1292 2603 1368 Βάρδας
2654 1292 2709 1349 δὲ
2755 1297 2816 1349 τὸ
2874 1295 3159 1371 βουλευθὶν
3222 1294 3297 1358 εἷς
3353 1296 3665 1373 τούμφανὲς

2006 1379 2114 1452 ἤδη
2161 1381 2385 1455 ἐκρήξας
2437 1380 2680 1456 διάδημά
2728 1405 2785 1439 τε
2831 1379 3221 1459 περιϐάλλεται
3268 1384 3356 1439 καὶ
3394 1385 3463 1440 τὰ
3491 1382 3669 1440 λοιπὰ

2006 1478 2106 1540 τῆς
2194 1471 2469 1545 βασιλείας
2558 1468 2926 1545 ἀναλαμϐάνει
2998 1476 3345 1549 παράσημα,
3400 1475 3509 1528 καίΔ
3558 1474 3667 1529 ὑπὸ

2008 1560 2207 1621 παντὸς
2246 1564 2343 1615 τοῦ
2395 1560 2644 1623 συνόντος
2698 1566 2928 1636 στρατοῦ
2984 1562 3269 1636 Ῥωμαίων
3340 1562 3667 1639 ἀναγορεύε-

2008 1670 2094 1703 ται
2180 1648 2455 1722 βασιλεὺς,
2534 1654 2641 1704 τῶν
2724 1650 3021 1727 Ἀρμενίων
3102 1652 3476 1726 καταρξάντων
3562 1654 3666 1720 τῆς

2011 1738 2303 1816 εὐφημίας.
2365 1740 2511 1794 Ἐπεὶ
2576 1736 2631 1793 δὲ
2686 1743 2765 1811 τῷ
2793 1744 3039 1795 τοιοῦτον
3088 1740 3440 1817 ἀναῤῥίψαντι
3491 1736 3665 1795 κύϐον

2012 1827 2316 1902 χρημάτων
2376 1825 2484 1882 δεῖν
2542 1826 2770 1884 πολλῶν
2828 1828 3120 1903 ἠπίστατο,
3178 1830 3252 1886 ὧν
3317 1832 3440 1885 ἄνευ
3510 1828 3667 1885 οὐδὲν

2022 1912 2130 1969 ἔστι
2164 1915 2405 1991 γενέσθαι
2458 1916 2565 1970 τῶν
2618 1913 2871 1989 δεόντων,
2904 1919 3038 1972 καθά
3066 1918 3172 1972 πού
3203 1940 3361 1997 φησιν
3396 1920 3425 1974 ὁ
3456 1919 3672 1995 ῥήτωρ,

2021 2006 2156 2079 πρὸς
2208 2002 2488 2080 συλλογὴν
2547 2005 2752 2061 τούτων
2810 2014 3156 2083 παραχρῆμα
3218 2006 3491 2083 ἐτρέπετο,
3541 2008 3675 2070 τούς

2020 2115 2080 2149 τε
2108 2099 2214 2149 τῶν
2268 2092 2548 2168 δημοσίων
2580 2097 2889 2173 πράκτορας
2932 2098 3114 2173 φόρων
3161 2098 3408 2172 κατέχων
3458 2099 3553 2153 καὶ
3610 2099 3680 2153 τὰ

2023 2185 2181 2239 κοινά
2257 2183 2714 2261 εἰσπραττόμενος
2782 2188 3067 2261 χρήματα,
3140 2186 3231 2241 καὶ
3284 2186 3412 2250 τοὺς
3487 2185 3681 2250 ἄλλως

2028 2273 2282 2329 ὑπόνοιαν
2334 2273 2676 2349 παρέχοντας
2731 2273 2974 2330 πλούτου
3025 2270 3427 2349 συλλαμϐάνων
3478 2297 3541 2331 τε
3587 2277 3681 2331 καὶ

2026 2384 2070 2417 τ·
2088 2366 2306 2436 μωρῶν,
2339 2362 2491 2417 ἐνίων
2539 2361 2596 2417 δὲ
2642 2364 2731 2418 καὶ
2783 2362 3114 2440 αὗθαιρέτως
3166 2366 3549 2441 προσαγόντων
3582 2366 3681 2420 τὸν

2029 2452 2229 2507 ἑαυτῶν
2283 2452 2396 2527 βίον
2446 2449 2627 2507 ἐλπίδι
2680 2457 2776 2507 τοῦ
2824 2452 3208 2528 ἀπολήψεσθαι
3263 2454 3483 2527 μείζονα
3515 2473 3531 2487 “
3586 2456 3682 2510 καὶ

2031 2540 2202 2603 οὕτως
2255 2540 2306 2595 ἐν
2353 2541 2413 2596 οὐ
2464 2546 2656 2618 μακρῷ
2705 2547 2783 2614 τῷ
2840 2542 3030 2618 χρόνῳ
3091 2543 3306 2613 πλῆθος
3364 2545 3683 2619 χρημάτων

2032 2629 2239 2707 συνάγει
2311 2629 2472 2686 πολύ.
2550 2632 2640 2701 [Ρ.
2672 2634 2798 2704 686]
2876 2632 3147 2708 Φρούριόν
3230 2654 3289 2687 τε
3383 2634 3683 2708 κατασχὼν

2032 2719 2261 2795 ἐρυμνὸν
2293 2720 2356 2774 τὸ
2410 2720 2707 2794 λεγόμενον
2754 2723 3025 2795 Χάρποτε,
3056 2720 3108 2775 ἐν
3143 2722 3540 2795 Μεσοποταμίᾳ
3568 2722 3690 2776 κεί-

2038 2829 2219 2881 μενον,
2279 2807 2369 2862 καὶ
2426 2808 2695 2871 παντοίως
2772 2808 3211 2887 ἀσφαλισάμενος
3266 2812 3357 2865 καὶ
3427 2810 3685 2884 φυλακὴν

2035 2898 2328 2968 ἐπιστήσας
2376 2900 2475 2968 τὴν
2534 2897 2878 2975 ὲξαρκοῦσαν,
2929 2897 2980 2953 ἐν
3028 2900 3204 2973 τούτῳ
3249 2900 3315 2955 τὰ
3349 2894 3697 2975 συναγόμενα

2037 2987 2278 3041 ἆπετίθει
2340 2988 2624 3063 χρήματα,
2683 2987 2773 3041 καὶ
2852 2986 3194 3063 ὁρμητήριον
3270 2988 3321 3059 ἐξ
3381 2988 3695 3063 ἀποτυχίας

2036 3075 2125 3130 καὶ
2186 3073 2385 3147 λιμένα
2441 3075 2713 3151 σωτηρίας
2767 3074 2913 3152 ἔχειν
2974 3076 3305 3150 ἐταμιεύετο.
3376 3078 3480 3134 Καὶ
3552 3079 3697 3152 πρὸς

2036 3164 2163 3225 τοὺς
2212 3169 2588 3241 γειτονοῦντας
2648 3165 3017 3241 Σαρακηνοὺς,
3065 3167 3157 3221 τόν
3215 3188 3272 3221 τε
3312 3173 3411 3237 τῆς
3454 3165 3700 3240 Ἀμίδης

275 3263 381 3335 pit.
416 3262 595 3319 Fama
636 3258 816 3329 hujus
850 3238 929 3313 rei
958 3255 1073 3311 late
1104 3254 1392 3326 dissipata
1422 3255 1826 3311 confluxerunt

2126 3260 2258 3330 ηρᾶν
2320 3253 2653 3332 Ἀποτοὺλφ,
2715 3254 2836 3324 ἥτις
2894 3257 3063 3327 Ἐμετ
3122 3254 3388 3324 καλεῖται,
3446 3255 3539 3310 καὶ
3598 3257 3692 3310 τὸν

277 3368 409 3409 eum
442 3349 612 3406 multi
662 3347 783 3413 alii,
820 3347 921 3418 qui
970 3346 1144 3400 rebus
1197 3347 1361 3399 novis
1409 3345 1762 3414 gaudebant.
1793 3343 1922 3399 Jam

280 3446 450 3499 astas
494 3438 837 3511 appetierat,
863 3452 997 3490 cum
1030 3434 1250 3489 Bardas
1300 3449 1431 3488 cum
1468 3434 1620 3489 420
1652 3434 1929 3489 omnibus

279 3530 403 3587 suis
433 3528 618 3599 copiis
648 3542 849 3580 versus
879 3523 1084 3595 Cpolin
1116 3523 1227 3578 iter
1256 3522 1534 3593 instituit,
1564 3522 1772 3594 plenus
1805 3524 1927 3595 spei

280 3624 339 3677 et
365 3620 595 3673 tantum
628 3631 743 3669 non
776 3614 833 3667 in
860 3611 1005 3667 solio
1031 3611 1401 3683 imperatoris
1425 3612 1624 3666 sedere
1646 3629 1707 3667 se
1728 3612 1928 3667 existi-

282 3722 473 3762 mans.
498 3701 726 3759 Etenim
758 3699 1022 3756 animum
1067 3698 1151 3753 illi
1199 3699 1452 3753 addebat
1483 3700 1673 3770 adque
1705 3703 1927 3755 tantam

280 3811 401 3851 rem
436 3792 787 3848 moliendam
819 3788 1196 3845 audaciorem
1229 3788 1508 3843 reddebat
1533 3789 1802 3844 monachi
1833 3806 1931 3844 cu—

275 3884 515 3956 jusdam
567 3881 693 3936 vitae
754 3877 946 3950 probas
995 3877 1381 3932 insomnium.
1428 3878 1479 3932 Is
1528 3894 1629 3947 per
1675 3878 1931 3947 quietem

282 3973 444 4027 visus
475 3970 585 4025 sibi
636 3969 825 4023 fuerat
854 3967 1047 4021 videre
1079 3969 1232 4020 viros
1280 3966 1505 4037 igneos,
1536 3967 1634 4036 qui
1682 3966 1932 4021 Bardam

286 4063 582 4130 arreptum
616 4057 673 4113 in
708 4055 1022 4112 sublimem
1056 4054 1373 4126 quamdam
1417 4054 1771 4110 adducerent
1800 4070 1936 4125 spe-

290 4149 482 4206 culam
519 4165 531 4203 :
574 4146 656 4201 ibi
708 4162 843 4200 eum
902 4144 1208 4199 convenire
1265 4142 1572 4199 mulierem
1623 4145 1935 4213 quamdam

290 4240 553 4297 humana
584 4234 775 4307 specie
809 4233 1203 4306 grandiorem,
1238 4248 1367 4303 quae
1406 4233 1456 4287 ei
1497 4233 1937 4304 imperatorium

292 4327 577 4401 praeberet
617 4321 938 4394 ﬂagellum.
967 4322 1029 4377 Id
1075 4320 1371 4393 ﬂagellum
1421 4320 1652 4392 imperii
1701 4323 1937 4394 signum

290 4417 512 4473 Bardas
561 4412 1101 4484 interpretabatur:
1136 4412 1235 4465 sed
1280 4411 1555 4465 nimirum
1611 4428 1675 4467 eo
1725 4413 1812 4467 ira
1843 4413 1939 4467 Dei

288 4508 350 4563 in
383 4506 679 4562 Romanos
709 4500 1041 4556 notabatur.

2034 3348 2132 3408 τῆς
2186 3341 2659 3417 Μαρτυροπόλεως
2734 3344 3057 3420 Ἀποτάγλε,
3125 3344 3318 3413 ἥντινα
3388 3345 3693 3422 Μιεφερκίν

2039 3431 2388 3504 ὀνομάζουσι,
2421 3431 2633 3495 πίστεες
2687 3430 2812 3495 δοὺς
2855 3434 2944 3487 καὶ
2977 3428 3185 3505 λαϐὼν,
3216 3433 3305 3488 καὶ
3363 3435 3477 3507 μετ’
3513 3432 3696 3489 αὐτῶν

2036 3519 2303 3591 κηδεύσας
2328 3521 2417 3575 καὶ
2469 3519 2559 3577 διὰ
2599 3526 2696 3577 τοῦ
2744 3520 2944 3592 κήδους
2982 3525 3049 3578 τὰ
3076 3530 3177 3592 τῆς
3229 3521 3415 3598 φιλίας
3459 3522 3697 3600 ἀσφαλι-

2040 3614 2292 3684 σάμενος,
2343 3613 2608 3687 χρήματά
2651 3633 2709 3666 τε
2752 3607 3019 3685 λαμϐάνει
3076 3609 3264 3668 πολλὰ
3320 3612 3409 3667 καὶ
3468 3633 3695 3686 συμμα-

2041 3701 2201 3775 χικὸν
2233 3695 2469 3774 ’Ἄραϐας
2520 3700 2752 3763 ἱππότας
2799 3708 2863 3758 τ’.
2910 3708 3019 3771 Τῆς
3068 3703 3263 3775 φήμης
3306 3699 3362 3756 δὲ
3407 3706 3697 3776 πανταχοῦ

2044 3786 2455 3862 διαδραμούσης
2502 3789 2783 3865 συνέρῤεον
2838 3790 2972 3864 πρὸς
3028 3790 3186 3845 αὐτὸν
3248 3790 3440 3846 ὁπόσοι
3494 3792 3697 3846 νεωτέ-

2045 3898 2160 3953 ροις
2210 3878 2462 3953 χαίρουσι
2514 3879 2850 3954 πράγμασιν.
2902 3876 3045 3950 ’Ήδη
3097 3878 3153 3934 δὲ
3198 3884 3295 3934 τοῦ
3344 3880 3533 3955 θέρους
3575 3878 3701 3934 ἐπι-

2046 3968 2340 4043 γενομένου
2411 3965 2539 4043 ὂὶρας
2610 3968 2769 4023 παντὶ
2826 3973 2906 4041 τῷ
2966 3969 3177 4043 στρατῷ
3244 3968 3496 4042 ἠπείγετο
3558 3969 3702 4041 πρὸς

2047 4058 2145 4125 τὴν
2195 4055 2605 4132 βασιλεύουσαν,
2662 4057 2855 4131 μεστὸς
2904 4054 3146 4113 ἐλπίδων
3178 4058 3268 4113 καὶ
3322 4055 3551 4130 μονονοὺ
3583 4062 3705 4118 τοῖς

2052 4144 2349 4221 βασιλείοις
2388 4148 2653 4214 καθῆσθαι
2707 4142 2905 4203 δοκῶν.
2957 4146 3053 4200 Καὶ
3104 4146 3203 4220 γὰρ
3236 4144 3303 4214 δὴ
3349 4146 3439 4199 καὶ
3469 4144 3706 4220 ἐθράσυε-

2046 4255 2130 4288 νεν
2166 4235 2328 4289 αὐτὸν
2360 4235 2447 4288 καὶ
2492 4233 2902 4311 τολμηρότερον
2935 4233 3095 4299 ἐτίθει
3127 4236 3263 4310 πρὸς
3298 4234 3359 4288 τὸ
3393 4233 3707 4309 ἐγχείρημα

2052 4326 2299 4398 μοναχοῦ
2347 4345 2491 4385 τινος
2547 4323 2740 4397 ἀρετῆς
2804 4320 3262 4396 ἀντιποιουμένου
3327 4320 3451 4396 ὄψις
3519 4344 3707 4378 νυκτε-

2052 4414 2199 4488 ρινή.
2262 4409 2468 4468 Ἐδόκει
2542 4413 2644 4487 γὰρ
2724 4413 2880 4475 οὗτος
2933 4409 3065 4466 ἰδεῖν
3134 4408 3331 4488 ἄνδρας
3384 4412 3654 4487 πυρίνους
3690 4456 3705 4483 ,

2052 4499 2243 4564 οἵτινες
2295 4503 2383 4556 τὸν
2468 4499 2678 4576 Βάρδαν
2754 4496 3011 4564 λαϐόντες
3083 4500 3369 4576 ἀνάγουσιν
3447 4499 3527 4563 εἴς
3584 4522 3711 4556 τινα

295 4592 645 4666 ὑψηλοτάτην
707 4592 1013 4665 περιωπήν·
1078 4588 1316 4664 ἐντυχεῖν
1374 4587 1420 4643 δ’
1480 4588 1531 4643 ἐν
1561 4589 1695 4663 αὐτῇ
1727 4591 1941 4664 γυναικὶ
1985 4593 2330 4667 ἀνθρωπίνης
2382 4588 2558 4665 ὅψεως
2607 4592 2946 4669 περῤοτῆρᾳ,
2997 4593 3085 4647 καὶ
3127 4594 3226 4661 τὴν
3273 4594 3508 4667 μάστιγα
3571 4595 3712 4665 (36),

293 4686 441 4758 αὖτῷ
468 4680 741 4739 ἐπιδοῦναι
781 4678 1091 4755 βασιλικήν.
1124 4679 1332 4750 Ταύτην
1364 4681 1464 4749 τήν
1501 4680 1736 4755 μάστιγα
1766 4681 1793 4735 ὁ
1829 4681 1921 4755 μὲν
1956 4680 2162 4758 Βάρδας
2196 4678 2473 4756 σύμϐολον
2507 4680 2789 4757 ἐλογίζετο
2825 4680 3125 4758 βασιλείας,
3165 4684 3231 4752 ἦν
3268 4680 3325 4737 δὲ
3357 4681 3460 4759 ἄρα
3487 4683 3524 4752 ἡ
3569 4682 3709 4758 πρὸ(ς

290 4773 595 4848 Ῥωμαίους
627 4770 767 4846 ὀργὴ
800 4773 895 4823 τοῦ
927 4772 1079 4825 Θεοῦ.

371 4865 592 4920 Allatus
623 4865 817 4918 autem
850 4859 1030 4930 hujus
1058 4856 1140 4913 rei
1171 4857 1369 4928 Cpolin
1406 4858 1650 4913 nuntius
1682 4874 1810 4913 cum
1843 4858 1937 4913 im-

2144 4861 2285 4933 Ἀρτι
2321 4858 2377 4915 δὶ
2405 4863 2502 4929 τῆς
2546 4862 2738 4937 φήμης
2783 4860 2873 4916 καὶ
2922 4861 3021 4929 τήν
3074 4858 3330 4937 βασιλίδα
3359 4856 3710 4917 καταλαϐού-

298 4959 594 5029 peratores
625 4951 681 5004 in
719 4965 993 5021 magnam
1030 4945 1281 5017 conjecit
1318 4946 1797 5016 sollicitudinem,
1826 4953 1949 5004 tum

296 5043 587 5118 optimum
632 5046 808 5112 atque
858 5038 1337 5093 cordatissimum
1390 5053 1683 5108 quemque
1732 5038 1946 5093 civium

2062 4970 2209 5017 σης,
2270 4951 2321 5004 οἱ
2383 4949 2625 5024 βασιλεῖς
2698 4970 2757 5004 τε
2812 4948 2864 5004 ἑν
2932 4948 3134 5024 ἀγωνίᾳ
3188 4948 3559 5023 καθίσταντο,
3619 4952 3710 5007 καὶ

2062 5038 2263 5108 ἀθυμία
2319 5038 2549 5114 κατέσχε
2602 5040 2664 5094 τὸ
2720 5039 2975 5116 νουνεχὶς
3028 5044 3127 5095 τοῦ
3174 5037 3580 5114 πολιτεύματος
3620 5040 3713 5095 καὶ

1498 5163 1866 5219 XYLANDRI
1908 5166 1999 5221 ET
2040 5166 2257 5221 GOARI
2298 5166 2532 5222 NOTJE.

371 5277 479 5347 (36)
510 5275 625 5330 Ceu
657 5270 969 5347 equisones
1014 5268 1263 5347 ﬂagellis
1294 5269 1679 5341 imperatores
1710 5270 1954 5347 instruit

300 5342 612 5421 Xylander,
646 5343 904 5421 Codinus
936 5342 1437 5421 {triplicisceptro2
1472 5359 1643 5421 cruce
1675 5343 1955 5421 nimirum

303 5410 373 5477 οἵ
393 5410 607 5485 ferula,
652 5432 700 5470 ο.
740 5416 825 5477 17,
855 5432 913 5468 n.
943 5410 1178 5488 35⁷εῄτῆ
1217 5410 1307 5481 μὲν
1352 5411 1507 5488 δεξςᾷν
1552 5413 1698 5488 χειρὶ
1738 5415 1954 5487 κατέχει

308 5494 400 5547 τὸν
469 5482 717 5564 σταυρὸν,
792 5488 860 5557 τῇ
939 5482 996 5537 δὶ
1068 5484 1317 5564 ἀριστερᾷ
1392 5482 1954 5559 κατέχέι’νάρθηκα.

314 5567 573 5635 Utraque
604 5557 911 5635 sceptrpm
943 5559 1067 5635 est,
1086 5561 1143 5612 et
1173 5561 1238 5635 u_t
1262 5557 1521 5635 loquitur
1542 5557 1957 5635 Ifexirondapo—

314 5624 559 5709 nymum
611 5624 751 5709 bibl.
790 5630 928 5709 Reg:
963 5628 1099 5709 930;.
1124 5624 1396 5709 σκῇπτρον
1436 5626 1690 5709 βασιλικὴ
1733 5624 1953 5705 ῥάϐδοςο

310 5699 557 5783 S§meon
590 5704 829 5779 quidem
858 5699 1699 5774 Thessalonices'metropolita
1728 5699 1959 5758 crucem

2064 5273 2214 5345 ferpe
2272 5271 2348 5345 εἷς
2404 5269 2599 5345 δεῖγμα
2665 5279 2766 5337 τῆς
2840 5267 3119 5345 εὐσεϐείας,
3186 5274 3425 5342 asserit,
3483 5273 3577 5327 καὶ
3637 5271 3716 5328 ἔτι

2067 5338 2270 5420 ῥαβδονΔ
2318 5338 2607 5420 λαμβάνει,
2659 5346 2862 5420 subdit
2908 5346 3026 5420 ille,
3067 5343 3127 5420 ού
3182 5338 3421 5420 βαρεῖαν-γ
3448 5366 3577 5420 τινα
3624 5347 3721 5400 καὶ

2067 5413 2511 5494 σκληρᾲνηᾶλγ
2565 5415 2803 5494 ξλαφρὰν
2836 5417 2951 5494 ικαὶ.
2999 5413 3273 5494 μαλακήν.
3330 5417 3534 5494 atare
3585 5438 3720 5494 παι-

2068 5468 2393 5577 δευξὲκὸίέν
2433 5468 2735 5577 ρπραότητί.
2762 5486 2962 5577 καὶμὴ
2999 5468 3226 5577 ⁸ὁρήγίλον
3259 5489 3373 5577 καὶ¹
3396 5490 3719 5577 φθῆαρτξκὸνι,

2071 5556 2211 5637 μηδὲ
2241 5556 2527 5637 συντρῖβον
2573 5556 2662 5615 καὶ
2713 5556 2992 5637 ἁφανίζον.
3042 5556 3290 5637 ΕὲῒνίμιϐΔ
3314 5556 3418 5618 illa-
3451 5556 3717 5636 βασιλικὴ

2073 5630 2259 5703 μάστιξ
2294 5630 2490 5691 Bardae
2523 5651 2627 5707 per
2659 5630 2935 5692 somnum
2956 5630 3218 5691 ostensa.
3252 5633 3432 5691 (ἰοω
