3966 6134
248 310 356 373 153

1370 307 1919 373 HISTORIARUM
1963 307 2504 373 COMPENDIUM.

3526 307 3644 369 184

245 438 491 515 ἂκίραιον,
545 434 749 511 μόνους
799 433 858 494 δὶ
902 434 1146 518 ηὔφρανε
1186 437 1317 502 τοὺς
1348 437 1465 494 ὅσοι
1494 440 1615 501 ταῖς
1644 434 1878 495 ἐναλλα-

2017 440 2156 513 ;ravi
2185 440 2377 498 aﬁ’ecit
2423 456 2669 498 maerore
2700 456 2715 498 :
2746 440 2820 497 iis
2866 439 3008 498 solis
3054 438 3340 511 voluptati
3388 437 3498 495 fuit
3544 438 3647 511 qui

245 533 354 603 γαῖς
378 524 599 596 ἥδονται
629 531 739 582 τῶν
779 526 1111 603 πραγμάτων
1144 527 1233 583 καὶ
1265 527 1520 604 χαίρουσι
1577 533 1698 589 ταῖς
1748 527 1881 598 λεη-

244 616 452 679 λασίαις.
512 615 663 691 Ταχό
712 637 773 672 τε
829 617 920 671 οὗν
983 618 1283 693 γράμματα
1319 619 1469 694 πρὸς
1500 617 1594 672 τὸν
1655 638 1879 693 στρατο-

243 705 506 781 πεδάρχην
564 704 808 781 ἐγένοντο
866 708 1111 781 Πέτρον,
1173 706 1265 761 καὶ
1311 704 1453 781 ταχὺ
1509 708 1573 761 τὸ
1633 708 1879 780 ὑγιαῖνον

244 801 329 851 τοῦ
383 799 608 868 στρατοῦ
665 796 828 868 μέρος
885 794 1170 869 ἠθροίζετο
1229 794 1307 859 εἷς
1359 798 1679 866 Καισάρειαν
1716 840 1727 855 .
1789 797 1878 853 Ἐν

245 884 344 957 ὅσῳ
372 882 425 939 δὲ
450 888 617 938 ταῦτα
646 880 959 959 ἐπράττετο,
1012 885 1040 938 ὁ
1087 883 1389 958 σόγκελλος
1440 886 1552 957 (37)
1611 882 1880 963 Στέφανος

244 974 324 1029 καὶ
368 980 463 1041 τῆς
512 970 882 1045 Νικομηδείας
932 971 1219 1049 πρόεδρος,
1271 974 1409 1049 ἀνὴρ
1441 973 1742 1049 ἰλλόγιμος
1789 975 1883 1029 καὶ

248 1061 327 1118 ἐπὶ
356 1062 511 1139 σοφία
558 1060 647 1116 καὶ
694 1060 861 1135 ἀρετῇ
905 1056 1200 1133 διαϐόητος
1259 1062 1349 1116 καὶ
1408 1063 1592 1117 πειθοῖ
1646 1062 1879 1136 μαλάξαι

245 1152 413 1215 ἱκανὸς
466 1152 694 1225 γνώμην
751 1149 994 1226 σκληρὰν
1054 1151 1144 1206 καὶ
1174 1150 1480 1220 ἀτίθασσον,
1512 1147 1748 1227 πρέσϐυς
1807 1152 1883 1213 εἰς

243 1240 324 1295 τὸν
373 1238 620 1314 Σκληρὸν
674 1238 1092 1313 ἀποστέλλεται,
1154 1237 1209 1293 εἷ’
1258 1243 1376 1303 πῶς
1435 1236 1642 1314 δυνηθῇ
1698 1245 1879 1294 πεῖσαι

242 1330 417 1383 τοῦτον
444 1326 735 1392 ἀποθέσθαι
766 1329 835 1383 τὰ
863 1326 1028 1385 ὅπλα.
1070 1326 1232 1384 Ἀλλ’
1262 1326 1417 1391 οὗτος
1448 1329 1583 1403 πρὸς
1633 1325 1686 1384 ἓν
1740 1328 1883 1404 ἔχων

243 1420 330 1488 τήν
379 1416 615 1472 διάνοιαν
662 1418 989 1491 τεταμένην,
1045 1419 1144 1485 τὴν
1193 1424 1293 1488 τῆς
1348 1418 1626 1494 βασιλείας
1679 1414 1879 1494 ὄρεξιν,

243 1505 454 1571 ἐλθόντα
508 1506 643 1582 πρὸς
688 1506 850 1561 αὐτὸν
896 1505 986 1562 καὶ
1022 1503 1208 1561 πολλᾶ
1239 1506 1459 1562 εἰπόντα
1488 1506 1746 1582 ἐπαγωγὰ
1791 1506 1884 1563 καὶ

246 1595 545 1671 θελκτήρια,
580 1594 756 1671 λόγων
794 1596 893 1667 μὶν
924 1595 1151 1651 πολλῶν
1186 1598 1286 1651 οὐκ
1315 1596 1565 1666 ἠξίωσεν,
1610 1596 1885 1659 ἀνατείνας

246 1683 296 1741 δὲ
321 1685 405 1740 τὸν
452 1682 623 1756 δεξιὸν
671 1681 815 1740 πόδα
860 1686 949 1740 καὶ
1004 1684 1066 1739 τὸ
1117 1680 1456 1763 κοκκοϐαιρὶς
1508 1683 1680 1756 δείξας
1732 1683 1883 1740 πέδι-

246 1773 355 1846 λον,
413 1799 442 1826 ‹‹
500 1771 820 1842 Ἀδύνατόν,
866 1772 911 1828 ὦ
960 1771 1231 1849 ἄνθρωπε,
1263 1769 1389 1852 ἔφη,
1432 1774 1524 1829 τὸν
1553 1779 1716 1830 τοῦτο
1748 1776 1885 1846 ἅπαξ

245 1859 662 1939 περιϐαλόμενον
714 1860 949 1937 ἐπ’ὄψει
1008 1862 1240 1919 πολλῶν
1303 1861 1505 1940 ῥᾳδίως
1563 1861 1886 1923 ἀποϐαλεῖν.

247 1956 320 2025 [Ρ.
376 1954 498 2023 687]
565 1950 779 2027 Φράσον
828 1952 1007 2007 τοίνυν
1079 1958 1196 2014 τοῖς
1270 1952 1655 2008 ἀποστείλασιν
1730 1955 1806 2017 ὡς
1851 1954 1886 2022 ἢ

246 2041 407 2098 ἔχοντί
463 2062 530 2115 με
575 2039 960 2117 παραδέξονται
1014 2039 1263 2117 βασιλέα,
1311 2041 1347 2110 ἢ
1380 2043 1467 2096 καὶ
1504 2044 1577 2115 μὴ
1613 2040 1885 2117 βουλομέ-

246 2153 341 2187 νων
372 2133 700 2205 πειράσομαι
747 2125 933 2186 λαϐεῖν
994 2132 1094 2200 τὴν
1152 2129 1356 2206 ἀρχήν.
1410 2154 1438 2182 ››
1489 2135 1665 2187 Ταῦτα
1720 2131 1885 2186 εἷ’πὼν

243 2222 322 2277 καὶ
410 2220 752 2295 προθεσμίαν
847 2220 1063 2295 ἡμέρας
1153 2221 1553 2294 τεσσαράκοντα
1638 2218 1889 2282 δεδωκὼς

243 2308 668 2373 ἀπαλλάττεσθαι
736 2306 984 2364 κελεύει.
1064 2306 1575 2383 Ἐπαναδραμόντος
1653 2307 1711 2364 δὲ
1790 2314 1888 2364 τοῖ’)

244 2396 540 2473 συγκὲλλου
620 2399 706 2453 καὶ
783 2419 883 2465 την
958 2398 1244 2472 ἀπόκρισιν
1303 2397 1735 2471 ἀποκομίσαντος
1790 2403 1889 2453 τοῦ

247 2486 492 2563 Σκληροὖ
518 2492 641 2551 τοῖς
675 2485 951 2561 βασιλεῦσι
1000 2487 1089 2541 καὶ
1144 2491 1226 2560 τῷ
1278 2488 1377 2556 τὴν
1441 2486 1722 2563 βασιλείαν
1780 2486 1891 2551 106-

246 2597 383 2630 νοντι
436 2574 730 2648 Βασιλείῳ,
789 2577 1090 2650 γράμματα
1128 2574 1359 2650 ἐφοίτων
1390 2576 1528 2651 πρὸς
1584 2578 1675 2631 τὸν
1734 2597 1891 2653 στρα-

248 2662 588 2741 τοπεδάρχην
648 2664 919 2743 ἐμφυλίου
976 2665 1069 2737 μὲν
1124 2666 1200 2737 μὴ
1253 2666 1541 2741 κατάρχειν
1600 2665 1886 2738 πολέμου,

243 2752 331 2815 τὰς
380 2750 434 2807 δὲ
492 2750 769 2829 παρόδους
813 2757 1001 2828 τηρεῖν
1058 2752 1337 2829 ἀσῨαλῶς,
1397 2753 1487 2808 καὶ
1517 2755 1578 2822 ἣν
1633 2775 1715 2816 τις
1769 2752 1891 2828 ἐπίῃ

244 2840 593 2913 πολεμήσων,
647 2841 965 2913 ἀμύνεσθαι.
1019 2841 1080 2899 Ὁ
1139 2838 1197 2896 δὶ
1249 2840 1503 2918 Σκληρὸς
1534 2843 1709 2897 ἀπιὼν
1755 2843 1891 2919 πρὸς

246 2929 556 3007 Καισάρειαν
644 2928 996 3006 προδρόμους
1084 2930 1370 2987 ἀπέστειλε
1425 2931 1516 2986 καὶ
1594 2930 1889 3002 κατόπτας,

246 3016 323 3092 ἐφ’
379 3020 424 3091 ᾧ
478 3024 841 3074 κατασκοπεῖν
874 3062 889 3089 ,
938 3016 1030 3073 καὶ
1089 3017 1304 3095 ὅπηπὲρ
1362 3019 1495 3074 εἶσιν
1556 3020 1609 3075 οἱ
1660 3019 1893 3074 ἐναντίοι

250 3108 491 3180 μηνύειν,
544 3107 636 3163 καὶ
668 3105 1072 3183 προομαλίζειν
1106 3107 1255 3180 αὐτῴ
1283 3109 1381 3177 τὴν
1430 3105 1580 3164 ὁδόν.
1625 3108 1894 3183 Ἔξαρχος

1991 530 2422 586 mutationibus
2445 546 2641 586 rerum
2671 531 2931 603 gaudent
2949 533 3006 585 et
3024 533 3192 600 rapto
3211 528 3402 583 vivere
3423 534 3645 584 amant.

1993 618 2155 675 Illico
2207 620 2279 675 ad
2332 620 2562 677 Petrum
2621 620 2983 677 exercituum
3040 618 3378 690 praefectum
3435 616 3647 674 littera

1993 709 2340 778 mittuntur;
2385 716 2443 765 et
2491 710 2801 775 exercitus,
2844 708 3131 781 quidquid
3182 707 3374 762 adhuc
3422 707 3483 761 in
3534 707 3647 761 fide

1991 803 2416 869 permanserat,
2432 799 2755 855 Caesaream
2778 798 3024 870 cogitur.
3053 796 3288 852 interim
3312 795 3649 868 Stephanus

1991 884 2308 955 syncellus,
2343 886 2693 942 Nicomedia
2742 886 2976 957 prasul,
3010 886 3098 940 vir
3136 884 3423 957 sapientia
3468 887 3648 956 atque

1989 974 2205 1029 virtute
2236 982 2542 1046 prastans,
2562 982 2616 1030 et
2636 976 2831 1032 verbis
2853 975 3115 1031 emollire
3138 975 3401 1029 animum
3429 974 3647 1029 durum

1991 1067 2169 1135 atque
2199 1063 2554 1121 indomitum
2607 1081 2846 1136 gnarus,
2882 1065 2954 1121 ad
2985 1065 3235 1120 Bardam
3270 1063 3521 1135 legatur,
3554 1078 3649 1118 co-

1991 1158 2242 1207 naturus
2265 1154 2315 1208 ei
2344 1154 2697 1224 persuadere
2719 1160 2784 1208 ut
2805 1155 2875 1207 ab
2896 1155 3076 1208 armis
3096 1153 3379 1208 discedat.
3399 1155 3472 1206 At
3489 1152 3648 1207 enim

1991 1242 2186 1297 Durus
2213 1243 2397 1297 unica
2432 1243 2661 1314 imperii
2686 1242 2995 1313 cupiditati
3022 1242 3288 1298 animum
3313 1241 3649 1306 intendens,

1992 1348 2127 1386 eum
2160 1332 2233 1386 ad
2266 1349 2328 1387 se
2361 1333 2684 1403 profectum
2718 1338 2775 1387 et
2816 1330 3003 1387 multa
3049 1331 3121 1386 ad
3172 1331 3647 1402 persuadendum

1992 1422 2140 1476 421
2178 1421 2390 1476 idonea
2423 1422 2679 1475 locutum
2707 1421 2879 1492 longo
2902 1436 3186 1491 responso
3208 1435 3322 1474 non
3347 1418 3648 1490 dignatus,

1992 1508 2261 1565 dextrum
2295 1512 2498 1582 pedem
2535 1510 2836 1582 proferens
2886 1514 2945 1565 et
2996 1509 3298 1566 coccinum
3333 1509 3649 1565 ostendens

1994 1598 2250 1654 calceum
2288 1617 2351 1654 :«
2386 1600 2535 1655 Fieri
2586 1616 2699 1654 non
2753 1603 2963 1671 potest,
2995 1598 3207 1669 inquit,
3239 1597 3553 1669 Stephane,
3586 1599 3653 1651 ut

1994 1688 2152 1744 hunc
2174 1688 2354 1743 semel
2378 1689 2437 1743 in
2457 1693 2770 1760 conspectu
2798 1687 3194 1744 multitudinis
3215 1686 3458 1743 indutus
3484 1685 3652 1743 facile

1993 1783 2186 1834 exuat.
2213 1777 2492 1847 Signiﬁca
2511 1794 2648 1849 ergo
2674 1778 2766 1833 his
2798 1779 2897 1849 qui
2920 1782 2976 1833 te
3007 1778 3318 1842 miserunt,
3334 1775 3420 1831 vel
3443 1779 3655 1847 sponte

1999 1882 2092 1922 me
2122 1868 2536 1939 imperatorem
2571 1871 2911 1940 agnoscant,
2934 1865 3019 1923 vel
3050 1866 3253 1922 invitis
3291 1866 3436 1938 ipsis
3466 1865 3654 1936 impe-

1996 1956 2152 2012 rium
2187 1972 2278 2012 me
2313 1956 2459 2011 mihi
2486 1956 2777 2012 vindicare
2800 1961 3176 2012 conaturum.
3202 1979 3230 2005 υ
3253 1960 3372 2011 Ηοο
3395 1954 3572 2022 fatus,
3597 1956 3656 2008 et

1998 2046 2393 2117 quadraginta
2437 2046 2665 2100 dierum
2712 2046 3033 2101 terminum
3082 2044 3487 2116 prascribens,
3519 2057 3655 2098 eum

1998 2134 2159 2191 abire
2189 2135 2380 2206 jubet.
2414 2134 2665 2190 Reverso
2699 2133 2976 2207 syncello,
2999 2137 3056 2189 et
3104 2133 3559 2206 imperatoribus
3588 2148 3655 2187 ac

1998 2222 2099 2294 qui
2126 2223 2437 2293 imperium
2471 2223 2924 2278 administrabat
2950 2222 3183 2294 prasidi
3209 2221 3421 2277 Basilio
3452 2221 3653 2275 Barda

1998 2329 2346 2384 responsum
2394 2312 2587 2380 eﬂato,
2624 2311 2836 2368 litteris
2886 2312 3087 2367 missis
3119 2315 3287 2366 Petro
3338 2310 3657 2365 mandatur

1997 2418 2071 2457 ne
2100 2400 2233 2456 belli
2258 2399 2445 2457 civilis
2467 2400 2703 2455 initium
2732 2401 2857 2471 ipse
2887 2400 3160 2471 prabeat,
3189 2400 3290 2454 sed
3325 2399 3536 2454 itinera
3564 2397 3656 2451 di-

1997 2489 2248 2561 ligenter
2289 2489 2585 2543 custodiat
2615 2493 2671 2543 et
2698 2489 2815 2542 vim
2860 2489 3133 2543 inferenti
3163 2487 3215 2541 vi
3250 2487 3508 2542 resistat.
3538 2486 3659 2541 Du-

2000 2594 2101 2633 rus
2115 2579 2432 2633 Caesaream
2451 2578 2698 2632 tendens
2715 2575 3083 2648 speculatum
3103 2576 3388 2646 quosdam
3409 2574 3659 2646 pramit-

1999 2666 2090 2731 tit,
2111 2666 2207 2737 qui
2234 2666 2341 2720 sibi
2370 2682 2482 2736 quo
2506 2664 2631 2720 loco
2650 2671 2888 2736 agerent
2910 2666 3109 2720 hostes
3131 2665 3459 2719 indicarent
3479 2664 3662 2719 viam-

2000 2771 2113 2828 que
2137 2756 2450 2826 apcrirent.
2481 2755 2602 2809 Dux
2625 2769 2825 2809 eorum
2850 2752 3071 2808 Anthes
3095 2753 3318 2824 Alyata.
3342 2751 3412 2807 Hi
3443 2752 3500 2806 in
3533 2751 3661 2822 qui-

2000 2844 2250 2900 busdam
2274 2843 2567 2915 angustiis
2594 2842 2989 2914 (Buculithus,
3014 2842 3071 2897 id
3104 2849 3195 2897 est
3220 2841 3393 2897 Bucci
3427 2856 3658 2905 saxum,

2000 2935 2050 2989 ei
2076 2933 2201 2988 loco
2225 2934 2459 3004 nomen)
2480 2932 2750 2987 incidunt
2776 2931 2831 2985 in
2858 2936 3082 3002 partem
3107 2929 3469 3002 imperatorii
3493 2943 3658 2983 exer-

2001 3022 2366 3092 citus,quam
2389 3021 2640 3077 ducebat
2658 3020 3004 3076 Eustathius
3032 3019 3315 3090 magister
3337 3016 3658 3085 Maleinus;

2000 3109 2229 3181 levique
2248 3109 2443 3180 pralio
2461 3110 2941 3176 commisso,cum
2964 3108 3308 3179 aliquandiu
3330 3111 3659 3178 pugnatum

244 3192 298 3250 δὲ
324 3200 429 3250 τῶν
480 3196 835 3272 πεμφθέντων
886 3197 1212 3272 προκὲκριτο
1259 3198 1463 3268 Ἄνθης
1511 3199 1538 3251 ὁ
1598 3194 1885 3267 Ἀλυάτης.

2017 3204 2163 3254 esset
2192 3215 2257 3254 ac
2290 3199 2479 3253 neutri
2522 3204 2687 3269 terga
2727 3198 2953 3264 darent,
2981 3196 3188 3271 Alyata
3237 3196 3445 3251 ardore
3478 3193 3661 3249 animi

248 3283 453 3347 O'ittveq
507 3288 937 3354 καταντήσαντες
993 3281 1046 3340 ἔν
1102 3307 1208 3340 τινι
1269 3284 1605 3361 στενοχωρίᾳ
1659 3285 1895 3357 (Βοῦκου

246 3372 396 3429 λίθον
476 3375 569 3431 τὸν
648 3373 817 3430 τόπον
901 3374 1357 3449 κατονομάζουσι)
1433 3374 1523 3429 καὶ
1591 3376 1741 3449 μίρει
1796 3382 1895 3444 τῆς

256 3461 545 3537 βασιλικῆς
624 3468 876 3537 στρατιᾶς
949 3462 1264 3537 ἐντυχόντες
1336 3460 1583 3538 ἄρχοντα
1660 3463 1896 3539 ἐχούσης

251 3550 538 3617 Εὐστάθιον
627 3553 921 3628 μάγιστρον
983 3552 1076 3607 τὸν
1148 3551 1445 3622 Μαλεῖνον,
1524 3552 1894 3625 ἀπεπειρῶντο

242 3644 333 3693 τοῦ
408 3643 824 3712 συναντήματος
893 3640 983 3695 καὶ
1068 3634 1511 3714 ἀκροϐολισμοὺς
1589 3640 1892 3699 ἐποιοῦντο.

237 3728 355 3785 Ἐπί
386 3750 508 3784 τινα
554 3727 614 3785 δὲ
658 3728 845 3802 καιρὸν
891 3723 1404 3805 ἀκροϐολιζομένων
1464 3727 1738 3799 ἀλλήλοις
1784 3735 1893 3784 τῶν

239 3823 680 3895 στρατευμάτων,
730 3820 819 3875 καὶ
874 3816 1105 3892 μηδενὸς
1134 3823 1277 3874 νῶτα
1308 3815 1573 3885 διδόντος,
1606 3820 1634 3873 ὁ
1693 3816 1896 3876 Ἀλυά-

2003 3288 2192 3342 victus
2224 3304 2289 3342 ac
2311 3304 2371 3342 se
2405 3287 2599 3357 ipsum
2628 3304 2742 3342 non
2766 3285 3096 3351 continens,
3122 3300 3272 3354 equo
3304 3284 3544 3338 incitato
3570 3283 3661 3335 in-

2005 3378 2371 3433 considerate
2404 3378 2459 3431 in
2494 3377 2769 3431 adversos
2802 3376 2993 3442 irruit,
3030 3373 3309 3445 nullaque
3340 3388 3400 3429 re
3437 3387 3662 3428 memo-

2005 3466 2172 3521 rabili
2231 3469 2395 3537 gesta
2450 3464 2749 3533 dejicitur.
2782 3464 2937 3521 422
2986 3466 3142 3529 Quos
3201 3463 3464 3527 duxerat,
3498 3460 3539 3515 ii
3598 3460 3658 3514 in

2003 3556 2225 3611 vicinos
2256 3555 2446 3611 saltus
2472 3554 2913 3626 disperguntur.
2942 3554 3105 3608 Tunc
3127 3552 3300 3607 etiam
3334 3550 3660 3606 indicatum

2004 3644 2116 3700 fuit
2137 3644 2292 3699 Duro
2313 3642 2639 3698 sodalitatis
2663 3642 2995 3712 prafectum
3019 3641 3298 3697 statuisse
3316 3639 3388 3695 ad
3414 3639 3664 3710 impera-

2004 3732 2187 3789 torios
2206 3732 2575 3803 transfugere
2595 3730 2905 3786 exercitus.
2930 3733 3108 3796 Quem
3139 3730 3187 3784 is
3210 3730 3279 3783 ad
3304 3744 3366 3782 se
3387 3734 3659 3784 vocatum

2004 3830 2059 3878 et
2090 3821 2495 3893 obiurgatum,
2528 3819 2789 3891 nihilque
2818 3824 3094 3892 praterea
3131 3817 3189 3874 in
3223 3834 3357 3874 eum
3391 3820 3662 3873 statuens

1439 3927 1804 3982 XYLANDRI
1844 3929 1936 3985 ET
1975 3928 2193 3985 GOARI
2234 3927 2468 3984 NOT/E.

305 4016 415 4087 (3’7)
444 4016 809 4090 Syncellum,
831 4016 1218 4090 sacerdotem,
1243 4014 1486 4090 spiritus
1504 4019 1767 4090 patrem,
1800 4033 1897 4087 pa-

242 4088 504 4144 triarcha
545 4089 775 4144 socium
807 4106 874 4144 ac
904 4088 1382 4143 contubernalem
1429 4088 1638 4157 primis
1669 4094 1894 4159 tempo-

243 4160 397 4215 ribus
431 4162 620 4215 fuisse
642 4166 779 4215 nota
801 4176 857 4231 p.
885 4162 909 4214 1
938 4159 1354 4231 manifestavit.
1378 4160 1661 4231 Eumdem
1687 4161 1899 4214 deinde

241 4247 527 4287 annorum
564 4230 844 4304 processu
879 4247 993 4284 non
1026 4230 1182 4304 cella
1224 4232 1396 4286 modo
1429 4235 1486 4284 et
1518 4230 1898 4304 habitationis

239 4302 597 4375 consortem}
652 4304 753 4359 sed
795 4308 852 4358 et
899 4303 1242 4375 patriarcha
1293 4302 1898 4375 successoremgdesi-

238 4380 479 4445 gnatum
514 4372 841 4448 pradicant
861 4372 1131 4448 exempla
1177 4373 1436 4445 plurium
1468 4390 1502 4428 a
1531 4372 1898 4448 syncelligdi-

237 4448 455 4516 gnitate
486 4446 561 4502 a'd
599 4446 1071 4519 patriarcharum
1122 4448 1323 4501 sedem
1366 4448 1723 4519 egvectorum;
1773 4446 1900 4519 ipse

240 4524 438 4601 auctor
470 4516 806 4601 perspicuis
851 4517 1045 4601 verbis
1092 4520 1342 4601 testatur
1391 4516 1633 4599 inferius
1682 4534 1739 4588 p.
1769 4518 1897 4601 Z75.

236 4589 358 4644 Jam
392 4589 531 4645 cum
578 4589 677 4645 hic
715 4589 1043 4659 Stephanus
1076 4605 1179 4643 nec
1210 4589 1405 4643 throni
1443 4605 1751 4643 successor
1780 4590 1903 4644 fue-

243 4660 331 4731 rit,
363 4678 470 4717 nec
511 4668 677 4717 esset
726 4661 1070 4731 patriarcha
1114 4660 1543 4721 concellaneus,
1580 4666 1643 4714 ut
1667 4660 1767 4729 qui
1800 4661 1899 4715 Ni-

242 4735 516 4805 comedia
550 4750 658 4789 ceu
692 4732 903 4805 prasul
945 4748 1048 4802 pro
1087 4732 1267 4805 solito,
1290 4732 1597 4805 resideret,
1623 4732 1722 4803 qui
1756 4749 1896 4805 syn-

244 4803 369 4859 celli
396 4821 616 4861 nomen
642 4802 1066 4877 et'dignitatem
1091 4803 1556 4877 gerit‘f‘Honores
1584 4802 1899 4877 immodice

237 4892 467 4947 semper
489 4874 837 4958 ambierant
858 4875 1057 4958 (graeci,
1084 4874 1189 4958 nec
1211 4874 1384 4929 ofﬁcii
1415 4874 1750 4958 QUJ‘USpiQE'n.
1775 4876 1901 4930 fun-

239 4946 443 5030 ge_ntes
478 4946 1606 5030 ministerio,dignitatisnomeatribui
1641 4946 1752 5001 sibi
1786 4963 1899 5030 non

236 5018 645 5091 i’nfrequenter
674 5019 1214 5091 cupiebantrunde
1260 5018 1682 5091 magistrorum
1745 5019 1899 5091 apud

240 5107 360 5159 eos,
405 5089 792 5148 decrescente
852 5090 1119 5162 imperio,
1179 5090 1417 5161 integra
1468 5089 1758 5155 cohortes,
1800 5090 1902 5160 qui

239 5163 464 5232 vigente
496 5164 557 5220 in
589 5169 681 5218 tot
707 5162 1076 5235 negotiorum
1098 5162 1466 5235 turbisupus
1491 5165 1718 5235 erat,_et
1746 5162 1899 5235 apud

240 5229 524 5308 Cddinum
579 5229 813 5308 pluries
850 5233 1095 5308 repetita
1123 5236 1230 5308 vpx
1257 5230 1320 5285 τὸ
1351 5229 1408 5286 δέ
1436 5250 1498 5308 γε
1517 5229 1905 5308 ῥφφίκιονόρκ

241 5303 555 5381 ἐνεργεῖται.
579 5303 735 5363 Cum
776 5303 971 5381 itaque
999 5304 1120 5359 vita
1150 5304 1350 5381 functo
1381 5303 1715 5381 patriarcha
1746 5305 1903 5360 sedis

243 5374 684 5450 successionem
743 5374 940 5450 plures
995 5374 1609 5450 expeterentfplures
1670 5391 1903 5450 quoque

241 5451 482 5523 syncelli
533 5449 714 5506 titulo
743 5446 1113 5523 'spemdaler'e
1160 5446 1647 5523 nitebantunaut
1693 5446 1900 5503 saltem

240 5518 481 5580 honoris
512 5539 731 5578 vanam
765 5518 1126 5593 cupidinem.
1159 5519 1307 5593 Hinc
1338 5518 1902 5593 syncellorumexa-

242 5595 419 5664 mina,
454 5611 526 5651 ac
566 5594 816 5649 remotis
846 5588 880 5647 ξι
913 5591 1254 5663 patriarcha
1279 5588 1479 5664 Ado'mo
1530 5588 1901 5663 prasulibus,

245 5667 341 5737 qui
399 5662 707 5737 nusquam
756 5662 922 5721 sedis
945 5664 1219 5737 baredes
1236 5733 1250 5737 Α
1270 5662 1543 5737 fuerunt,
1559 5678 1903 5737 concessum

246 5733 488 5810 syncelli
537 5733 767 5794 homsn
802 5752 816 5791 :
858 5735 958 5808 qui
1008 5750 1142 5791 cum
1201 5733 1273 5791 ab
1329 5734 1589 5806 impositi
1646 5733 1904 5791 nominis

1932 4552 1979 4617 D

2006 4018 2262 4078 exordio,
2295 4015 2353 4070 in
2407 4014 2654 4085 publicis
2704 4013 2970 4069 Ecclesia
3001 4013 3411 4085 conventibus,
3440 4011 3660 4068 multos

2007 4105 2195 4143 annos
2227 4084 2571 4157 patriarcha
2619 4086 2843 4156 precari
2890 4085 3121 4153 soleret,
3154 4102 3220 4140 ac
3252 4085 3309 4139 in
3340 4084 3659 4140 missarum

2008 4159 2478 4215 solemnitatibus
2518 4176 2583 4213 ea
2613 4159 2789 4213 verba
2838 4157 3021 4212 sacris
3051 4174 3121 4212 ex
3151 4158 3341 4228 adytis
3394 4172 3655 4228 pronun-

2008 4232 2174 4298 tiare,
2210 4231 2426 4301 quibus
2457 4231 2526 4285 ad
2562 4231 2848 4284 orandum
2897 4246 2998 4299 pro
3040 4227 3373 4300 patriarcha
3404 4227 3658 4301 populus

2009 4299 2433 4369 commonetur,
2460 4303 2506 4357 is
2540 4301 2668 4356 ideo
2699 4305 2754 4356 et
2777 4299 3054 4356 sacerdos
3070 4317 3199 4356 esse
3229 4305 3285 4355 et
3317 4299 3659 4371 patriarcha

2009 4367 2424 4431 concelebrare
2470 4372 2797 4439 tenebatur,
2850 4389 2914 4427 ac
2963 4371 3089 4444 ipse
3125 4367 3660 4444 idem'wpwjroaéy-

2007 4444 2206 4505 κελλος
2237 4445 2384 4526 erait
2413 4445 2473 4499 in
2503 4445 2713 4526 Magna
2744 4443 3148 4526 Ecclesia,qui.
3168 4443 3517 4526 hujusmodi.
3537 4458 3663 4495 mu-

2012 4536 2147 4582 nus,
2170 4517 2329 4571 velut
2358 4515 2771 4587 syncellor‘um
2821 4514 3290 4587 spectatissimus
3319 4514 3544 4587 gobiret,
3595 4529 3662 4568 a0

2011 4584 2430 4663 «atpiapxixcq:
2464 4584 2763 4661 σύγκελλος
2809 4584 3102 4655 audiebat,
3144 4585 3366 4663 relictis
3398 4585 3472 4663 Ain
3522 4599 3659 4663 syn-

2010 4656 2288 4717 celloruni
2319 4659 2513 4725 turba,
2542 4656 2677 4713 cum
2714 4675 2923 4714 nomen
2956 4674 3271 4713 commune
3301 4656 3517 4711 factum
3550 4660 3660 4722 est,

2009 4732 2254 4793 cateris,
2277 4732 2378 4802 qui
2428 4731 2671 4801 privatis
2701 4730 2759 4785 in
2791 4730 3051 4802 ecclesiis
3100 4729 3157 4784 id
3179 4730 3664 4802 exsequerentur

2011 4799 2480 4859 muneriszddo
2524 4806 2582 4858 et
2621 4801 2959 4873 spirituales
2991 4820 3024 4856 a
3053 4799 3534 4873 confessionibus
3557 4815 3663 4873 pa-

2009 4880 2127 4957 tres
2160 4870 2838 4957 imperatoremubique
2854 4874 3224 4957 comitantes,
3256 4888 3323 4926 ac
3354 4873 3412 4925 in
3447 4870 3661 4957 palatio

2012 4948 2208 5018 (cujus
2240 4942 2517 5000 intimum
2550 4951 2606 5001 et
2636 4942 2917 5001 secretius
2956 4942 3291 5018 cubiculum
3329 4942 3665 5018 vocabatur

2010 5014 2228 5073 κελλίον
2264 5034 2330 5071 ex
2360 5018 2600 5089 Codino)
2634 5021 3089 5089 commorantes,
3123 5020 3187 5069 ut
3232 5014 3658 5089 ipsi_concella.

2010 5107 2159 5151 neos.
2194 5085 2590 5161 syncellorum'
2637 5087 3026 5161 appellatione
3064 5090 3321 5161 ornatos.
3354 5085 3546 5141 Testis
3575 5090 3664 5161 est

2017 5156 2302 5216 Phranies
2325 5161 2568 5216 Joannis
2607 5156 2683 5215 ad
2712 5156 3025 5214 concilium
3058 5157 3453 5213 Florentinum
3483 5156 3660 5227 profi-

2013 5234 2289 5290 ciscentis
2317 5232 2656 5288 describens
2687 5230 3051 5286 comitatum.
3075 5230 3323 5286 Aderant
3349 5231 3423 5297 ei,
3445 5228 3662 5299 inquit,

2012 5306 2316 5362 sacerdotes
2352 5305 2442 5360 sui
2469 5308 2524 5373 (a
2563 5302 2971 5376 patriarchicis
3002 5302 3235 5376 diversi)
3268 5304 3319 5357 et
3347 5300 3667 5376 δρίνίιιιολιίδ

2011 5386 2168 5449 pater
2196 5372 2510 5449 Gregorii“,
2538 5372 2772 5444 magnus
2797 5374 3249 5449 protqsynceuus.
3273 5376 3520 5449 Magnus
3545 5372 3665 5449 hic,

2014 5443 2079 5505 ut
2107 5466 2141 5504 a
2173 5443 2518 5520 patriarcha
2566 5443 3000 5518 protosy'ncello'
3034 5446 3150 5520 alio
3188 5444 3526 5520 distinctus.
3559 5443 3664 5520 His

2014 5513 2440 5575 addednierius
2469 5513 2717 5589 legenda
2835 5520 2962 5583 723,
2995 5534 3066 5573 ne
3097 5516 3392 5588 plerisque
3423 5513 3667 5589 syncelli

2012 5610 2118 5665 vox
2150 5593 2349 5661 ignota
2380 5591 2625 5647 dubium
2657 5590 2886 5665 ingerat
2908 5607 2974 5646 ex
2994 5590 3166 5647 dictis
3198 5604 3313 5645 non
3344 5590 3663 5646 evolutum.

2014 5664 2193 5722 Goaa.
