3966 6134
242 418 359 479 157
1387 410 1872 476 HISTORIARU

2006 412 2526 482 IOMPENDIUM.
3542 426 3658 488 158

235 547 470 603 ἑκόντων
505 541 690 602 λαϐὼν
723 548 830 600 τῶν
850 543 1120 633 ,ἐντοπίων
1152 541 1392 600 πλοῦτον
1418 541 1707 633 συνέλεξεν,
1734 544 1835 598 οὐκ
1864 542 2073 621 ὀλίγον.
2102 546 2251 619 Αὕτη
2284 551 2318 618 ἡ
2350 551 2475 620 νίκη
2510 550 2757 616 πολλοὺς
2788 559 2895 610 τῶν
2924 560 3005 629 τῷ
3054 556 3270 632 βασιλεῖ
3315 557 3655 633 προπειμέ-

234 659 346 693 νων
379 637 654 692 κατέσεισε
684 634 774 689 καὶ
803 631 1181 706 αὐτομολῆσαι
1222 634 1359 721 πρὸς
1378 632 1469 687 τὸν
1500 630 1753 721 Σκληρὸν
1786 634 2100 709 ἠνάγκασεν·
2137 636 2166 690 6'
2194 658 2253 691 τε
2282 639 2385 715 γὰρ
2419 641 2697 717 Βούρτζης
2730 649 2947 721 πρῶτος
2980 630 3282 719 αὐτομολεῖ
3307 630 3387 718 τῷ
3416 630 3657 721 Σκληρῷ

234 728 328 783 καὶ
362 728 390 782 6
420 725 704 801 πατρίκιος
730 720 1081 796 ’Λνδρόνικος
1114 722 1203 777 καὶ
1237 719 1360 792 δοὺξ
1393 722 1419 775 ὁ
1450 718 1625 783 Λυδὸς
1657 721 1748 775 σὺν
1785 727 1901 785 τοῖς
1936 725 2092 779 υἱέσι·
2128 728 2225 780 Καὶ
2260 729 2535 793 Ἀτταλεῖς
2573 734 2685 805 (40)
2717 718 2887 807 δεσμᾶ
2931 718 3227 811 περιθέντες
3270 740 3348 807 τῷ
3396 718 3659 811 ναυάρχῳ

234 822 340 873 τοῦ
376 815 658 901 βασιλέως.
673 818 753 885 τῷ
787 811 1055 886 Κουρτίκῃ
1089 811 1323 887 Μιχαὴλ
1349 815 1739 886 προσχωροῦσι
1776 813 1910 885 μετὰ
1937 816 2138 877 παντὸς
2169 815 2265 870 τοῦ
2299 820 2518 890 στόλου,
2552 828 2871 898 στρατηγεῖν
2902 826 3049 901 παρὰ
3076 829 3172 879 τοῦ
3206 822 3461 900 Σκληροῦ
3479 846 3658 901 πεμφ-

231 905 383 961 Θέντι
420 910 528 960 τῶν
560 899 982 979 Κιϐυρῥαιωτῶν
1019 904 1153 975 (41).

313 995 410 1048 Ὧν
466 990 831 1068 ἀγγελθέντων
863 994 942 1061 τῷ
989 989 1205 1063 βασιλεῖ
1250 990 1337 1043 καὶ
1396 992 1475 1060 τῷ
1532 1008 1873 1063 παρακοιμωι

2076 994 2178 1050 His
2223 996 2559 1067 imperatori
2607 1004 2664 1055 et
2709 1003 3067 1059 cubiculario
3121 1003 3427 1074 nuntiatis,
3458 1003 3658 1059 habito

239 1082 412 1155 μένῳ,
476 1080 684 1156 βουλῆς
759 1077 1114 1152 προτεθείσης
1174 1074 1322 1150 ἔδοξε
1376 1081 1483 1132 τῶν
1538 1083 1617 1151 τῷ
1680 1078 1897 1154 βασιλεῖ

231 1170 599 1243 ᾤκειωμένων
668 1170 791 1223 τινὰ
858 1166 1201 1240 ἰσοτύραννον
1253 1166 1523 1243 εἴληφότα
1572 1168 1748 1243 ἀρχὴν
1804 1168 1893 1223 καὶ

232 1260 543 1330 ἀνεύθυνον,
602 1258 690 1313 καὶ
741 1256 983 1330 ἐξουσίαν
1035 1251 1230 1331 ἔχοντα
1274 1261 1463 1328 τιμαῖς
1511 1277 1570 1310 τι
1618 1251 1894 1331 προϐιϐά-

230 1355 342 1419 ζειν
412 1348 501 1403 καὶ
563 1345 763 1421 δώροις
809 1342 1257 1414 καταπλουτίζειν
1314 1345 1442 1407 τοὺς
1496 1350 1891 1421 προσχωροῦν-

222 1459 350 1506 τας,
384 1440 636 1513 χωρῆσαι
682 1435 817 1489 κατᾶ
863 1439 959 1489 τοῦ
1006 1436 1289 1509 τυράννου.
1340 1435 1561 1510 ’Ὴρεσεν
1604 1436 1637 1502 ἠ
1671 1436 1889 1508 γνώμη,

222 1527 320 1582 καὶ
390 1528 660 1599 πέμπεται
712 1525 861 1579 Λέων
912 1525 938 1579 ὁ
995 1528 1093 1578 τοῦ
1159 1522 1429 1597 βασιλέως
1487 1520 1891 1598 πρωτοϐεστιά-

226 1636 374 1691 ριος,
436 1611 754 1688 σύμϐουλον
810 1614 1055 1691 εἴληφὼς
1101 1613 1191 1667 καὶ
1243 1612 1498 1682 Ἰωάννην
1532 1612 1651 1667 τινὰ
1698 1612 1891 1687 πατρί-

224 1726 379 1778 κιον,
425 1702 595 1778 ἄνδρα
645 1702 913 1777 ἐπίσημον
963 1703 1053 1757 καὶ
1104 1702 1190 1757 ἐπὶ
1236 1700 1416 1776 λόγων
1461 1696 1562 1771 ἔξει
1618 1696 1889 1777 βεϐοημέ-

226 1815 349 1863 νον,
430 1792 667 1866 ἐξουσίαν
750 1792 809 1848 ἐκ
884 1790 1157 1868 βασιλέως
1217 1788 1500 1863 δεξάμενος
1554 1792 1664 1863 (42)
1717 1789 1890 1845 πάντα

226 1880 571 1944 ἀδιστάκτως
614 1886 789 1936 ποιεῖν
849 1879 948 1935 ὅσα
1002 1877 1168 1951 ἔξεστι
1230 1878 1463 1955 βασιλεῖ.
1499 1876 1761 1949 Ἐξελθὼν
1796 1878 1886 1933 οὖν

227 1972 492 2027 καὶκατᾶ
531 1972 593 2026 τὸ
650 1977 751 2040 τῆς
804 1968 1045 2046 Φρυγίας
1101 1968 1389 2044 γενόμενος
1447 1969 1738 2023 Κοτυάειον
1798 1968 1887 2022 καὶ

223 2064 311 2132 τῷ
367 2057 817 2135 στρατοπεδάρχῃ
884 2058 1105 2122 ἐνωθείς
1173 2060 1356 2133 Πέτρῳ
1407 2057 1577 2112 ἐκεῖσε
1629 2058 1729 2124 τὴν
1784 2078 1888 2111 πα-

226 2144 516 2224 ρεμϐολήν
596 2148 863 2220 ἐπήξατο,
951 2146 1437 2220 κατεσκηνωμένου
1519 2150 1616 2200 τοῦ
1704 2143 1888 2220 Βάρδα

220 2236 595 2313 τυγχάνοντος
656 2236 708 2291 ἐν
766 2241 845 2309 τῷ
875 2237 1174 2309 Διποτάμῳ
1203 2238 1337 2309 (43)·
1370 2234 1577 2311 χωρίον
1628 2231 1685 2288 δὲ
1738 2235 1885 2308 βασι-

222 2325 386 2382 λικὸν
419 2328 479 2381 τὸ
528 2326 863 2400 Διπόταμον,
917 2328 947 2380 6'
991 2326 1308 2380 Μεσάνακτα
1338 2322 1799 2397 κατονομάζουσιν
1832 2324 1883 2377 οἱ

220 2415 518 2491 έγχώριοι.
565 2418 660 2490 [Ρ.
724 2416 852 2487 689]
901 2413 1082 2490 Λάθρα
1130 2412 1224 2469 οὖν
1284 2412 1607 2488 ὑποσχέσεσι
1664 2410 1882 2487 δωρεῶν

219 2504 319 2562 καὶ
394 2509 570 2578 τιμῶν
642 2499 1047 2581 προϐιϐασμοῖς
1108 2503 1356 2579 ἐπειρᾶτο
1429 2500 1696 2577 διασύρειν
1754 2500 1882 2563 τοὺς

224 2594 537 2657 ἀποστάτας
602 2594 691 2650 καὶ
748 2594 881 2670 πρὸς
946 2593 1128 2648 ἑαυτὸν
1187 2590 1510 2647 ἐπισπᾶσθαι
1562 2593 1649 2646 καὶ
1702 2587 1885 2651 εὔνους

224 2684 437 2747 τιθέναι
495 2689 576 2756 τῷ
606 2682 839 2759 βασιλεῖ,
875 2680 1128 2746 ἐλάνθανε
1176 2679 1233 2736 δὲ
1280 2680 1491 2754 μᾶλλον
1548 2680 1882 2757 ἆπιρῥωννὺς

225 2772 291 2827 τὸ
339 2770 680 2845 ἀντίπαλον,
759 2772 1030 2835 ἀσθενείας
1088 2777 1314 2845 σημεῖον
1376 2770 1728 2846 λογιζόμενον
1785 2772 1883 2839 τὴν

226 2861 623 2934 παράκλησιν.
697 2863 855 2925 Ὃθεν
930 2861 1020 2916 καὶ
1076 2859 1343 2935 ἀπογνοὺς
1378 2904 1392 2929 ,
1470 2858 1600 2935 ἄρας
1659 2859 1718 2915 ἐκ
1774 2863 1881 2917 Κο-

224 2951 444 3006 τυαείου
491 2952 706 3006 καὶτὸν
759 2949 1010 3026 Σκληρὸν
1067 2950 1259 3012 νυκτὸς
1312 2948 1622 3024 παρελάσας
1679 2948 1878 3024 ἐχώρει

226 3040 366 3115 πρὸς
397 3041 497 3109 τήν
529 3038 820 3111 ἀνατολήν.
853 3044 1021 3095 Τοῦτο
1070 3040 1131 3095 τὸ
1181 3034 1333 3114 ἔργον
1394 3037 1514 3093 λίαν
1572 3037 1698 3101 τοὺς
1757 3038 1881 3114 περὶ

234 3130 333 3184 τὸν
388 3128 639 3204 Σκληρὸν
667 3127 1019 3202 ἐδειμάτωσε,
1052 3126 1293 3191 δεδιότας
1322 3129 1387 3183 οὐ
1428 3129 1550 3202 περὶ
1578 3128 1883 3202 χρημάτων

223 3219 320 3275 καὶ
368 3220 663 3291 κτημάτων
718 3218 907 3292 μόνον,
954 3217 1098 3273 ἀλλᾶ
1154 3218 1241 3272 καὶ
1298 3217 1421 3292 περὶ
1478 3221 1585 3271 τῶν
1615 3215 1881 3291 τιμιωτά-

226 3330 340 3364 των
374 3308 573 3364 «trav.
606 3307 817 3364 Πολλοὶ
864 3308 959 3380 μὲν
1020 3308 1112 3362 οὗν
1182 3305 1533 3379 ἐξομνύμενοι
1588 3306 1686 3374 τὴν
1745 3306 1879 3360 ἀπο-

221 3397 448 3454 στασίαν
502 3402 580 3469 τῷ
626 3392 1109 3473 πρωτοόεστιαρίῳ
1164 3394 1488 3471 προσέρρεον
1516 3440 1529 3466 ,
1580 3396 1654 3458 ὡς
1700 3392 1879 3448 κινδυ-

219 3487 399 3543 νεύειν
460 3490 750 3563 κονιορτοτὶ
804 3484 957 3555 δίκην
1021 3483 1343 3554 διαλυθῆναι
1382 3485 1443 3538 τὸ
1499 3483 1876 3539 ἀποστατικόν.

218 3578 399 3652 Ὅπερ
455 3577 546 3630 ἳνα
593 3576 669 3648 μή
719 3574 938 3651 γένηται
981 3569 1244 3653 φοϐηθεὶς
1291 3574 1318 3627 ὁ
1369 3571 1621 3647 Σκληρὸς
1648 3572 1737 3627 τὸν
1775 3573 1878 3645 μά-

218 3687 448 3742 γιστρον
496 3662 734 3740 Μιχαὴλ
777 3665 869 3720 τὸν
928 3663 1230 3737 Βούρτζην,
1293 3658 1434 3738 ἄρτι,
1507 3662 1583 3726 ὡς
1630 3660 1874 3735 εἴπομεν,

2005 1084 2251 1139 consilio
2283 1087 2579 1143 decretum
2607 1095 2696 1145 est
2718 1095 2781 1146 ut
2813 1092 3053 1163 quidam
3089 1092 3462 1164 imperatoris
3488 1093 3657 1148 fami-

2002 1170 2240 1242 liarum,
2291 1182 2517 1245 aequata
2576 1179 2705 1248 ejus
2756 1196 2887 1235 cum
2942 1182 3296 1252 imperatore
3348 1185 3656 1254 potestate,

2004 1278 2135 1316 cum
2171 1262 2339 1334 pleno
2369 1266 2637 1337 imperio,
2662 1273 2719 1322 et
2746 1268 2838 1323 cui
2863 1271 3212 1340 permissum
3238 1274 3395 1326 esset
3423 1269 3657 1325 honori-

2003 1349 2113 1405 bus
2144 1366 2209 1405 ac
2246 1353 2590 1409 muneribus
2636 1356 2706 1410 ad
2758 1372 2821 1411 se
2872 1373 3018 1426 quos
3066 1362 3265 1428 posset
3315 1356 3567 1423 allicere,
3596 1355 3656 1410 in

2002 1442 2318 1509 tyrannum
2373 1443 2724 1498 mitteretur.
2768 1446 3021 1500 Mittitur
3064 1461 3198 1517 ergo
3245 1446 3492 1500 dictator
3544 1445 3657 1500 Leo

2002 1530 2503 1601 protovestiarius,
2517 1533 2714 1588 addito
2732 1534 2782 1588 ei
2805 1534 3138 1592 consiliario
3152 1538 3376 1591 Joanne
3396 1534 3652 1606 quodam

2002 1616 2267 1687 patricio,
2293 1617 2415 1675 viro
2448 1620 2664 1691 insigni
2698 1627 2754 1677 et
2782 1622 3125 1694 eloquentiae
3154 1623 3391 1687 nobilis,
3412 1624 3545 1677 data
3576 1622 3649 1678 ab

2000 1704 2351 1775 imperatore
2383 1714 2669 1778 potestate
2709 1711 2906 1764 omnia
2951 1710 3132 1765 libere
3178 1710 3389 1783 agendi
3419 1726 3548 1780 qua
3579 1724 3649 1765 ex

2000 1810 2108 1848 usu
2129 1794 2502 1866 imperatoris
2521 1804 2735 1855 essent.
2754 1800 2865 1856 Leo
2890 1800 3042 1872 apud
3057 1800 3369 1872 Cotymium
3388 1799 3650 1871 Phrygiae

1999 1899 2129 1938 cum
2160 1888 2327 1939 Petro
2352 1903 2413 1941 se
2442 1890 2765 1957 conjunxit,
2786 1889 2986 1960 ibique
3015 1894 3203 1945 castra
3234 1888 3406 1945 locat.
3430 1888 3651 1943 Bardas

1998 1988 2063 2028 eo
2084 1977 2199 2028 tem
2210 1989 2347 2046 pore
2374 1976 2658 2049 Dipotami
2683 1978 3177 2034 commorabatur.
3193 1978 3254 2034 Id
3278 1983 3367 2034 est
3387 1981 3650 2033 castrum

1997 2061 2465 2135 imperatorium,
2497 2066 2828 2122 Mesenacta
2873 2068 2945 2123 ab
3009 2066 3216 2123 incolis
3266 2065 3647 2138 appellatum.

1996 2151 2231 2206 Occulta
2262 2158 2454 2209 autem
2491 2155 2602 2211 Leo
2643 2161 2888 2212 conatus
2929 2171 3239 2211 munerum
3268 2159 3325 2211 et
3354 2155 3646 2211 bonorum

1996 2239 2519 2311 pollicitationibus
2543 2244 2869 2316 perduelles
2900 2263 2931 2300 a
2962 2246 3151 2301 Barda
3179 2244 3425 2301 avellere
3453 2249 3512 2301 et.
3531 2243 3647 2300 sibi

1995 2328 2451 2403 imperatorique
2479 2350 2579 2388 eos
2619 2335 2951 2400 conciliare,
2974 2334 3157 2390 falsus
3187 2339 3279 2389 est
3306 2332 3487 2389 animi
3520 2349 3647 2388 ma-

1992 2419 2200 2490 gisque
2233 2420 2431 2476 hostes
2457 2423 2842 2493 confirmavit,
2862 2424 2961 2495 qui
2993 2424 3100 2480 has
3126 2424 3251 2494 ejus
3281 2422 3646 2479 sollicitatio-

1994 2523 2095 2562 nes
2124 2516 2537 2579 argumentum
2573 2512 2931 2567 inﬁrmitatis
2964 2528 3093 2567 esse
3128 2513 3497 2583 judicabant.
3531 2514 3645 2566 Ita-

1994 2613 2105 2666 que
2138 2602 2243 2652 Leo
2293 2598 2407 2654 ista
2454 2601 2679 2655 ratione
2720 2618 2781 2655 se
2822 2601 3135 2672 quicquam
3185 2604 3643 2655 consecuturum

1993 2685 2333 2758 desperans,
2353 2689 2561 2744 castris
2583 2690 2759 2745 motis
2784 2696 2955 2745 noctu
2974 2691 3197 2746 Durum
3214 2689 3429 2745 transit
3446 2696 3504 2744 et
3522 2705 3644 2743 ver-

1992 2791 2095 2829 sus
2131 2776 2413 2832 orientem
2446 2779 2767 2833 contendit.
2793 2780 2849 2834 Id
2892 2780 3104 2834 factum
3138 2779 3196 2833 in
3230 2782 3450 2834 metum
3486 2778 3636 2833 425

1992 2864 2286 2936 ingentem
2328 2867 2575 2937 conjecit
2622 2884 2722 2923 eos
2762 2868 2861 2939 qui
2904 2883 3037 2923 cum
3073 2869 3225 2923 Duro
3263 2870 3449 2931 erant,
3481 2866 3640 2937 quod

1984 2952 2109 3023 jam
2155 2970 2270 3009 non
2326 2955 2397 3010 de
2456 2956 2702 3026 pecunia
2741 2961 2799 3011 et
2845 2957 3011 3011 honis
3069 2956 3194 3011 suis
3248 2961 3502 3021 tantum,
3537 2955 3640 3009 sed

1991 3040 2166 3098 etiam
2200 3043 2271 3097 de
2301 3043 2668 3100 charissimis
2686 3045 2949 3101 venirent
2976 3044 3036 3100 in
3068 3044 3404 3100 discrimen.
3440 3044 3641 3114 Itaque

1992 3131 2163 3186 multi
2196 3133 2421 3203 ejurata
2471 3133 2865 3205 perduellione
2912 3134 2982 3189 ad
3034 3132 3543 3205 protovestiarium
3577 3151 3640 3190 se

1991 3220 2394 3289 contulerunt;
2430 3223 2671 3293 jamque
2719 3224 2776 3278 in
2825 3239 2891 3278 eo
2942 3223 3197 3293 periculo
3247 3222 3467 3278 Bardas
3512 3227 3638 3278 erat

1990 3324 2061 3363 ne
2092 3310 2280 3380 ipsius
2329 3311 2506 3382 copiae
2556 3311 2809 3382 pulveris
2853 3313 3039 3366 instar
3085 3312 3535 3381 dissiparentur.
3570 3313 3633 3367 Id

1989 3414 2125 3468 ergo
2176 3416 2248 3452 ne
2306 3399 2485 3463 ﬁeret,
2521 3399 2868 3455 Michaelum
2927 3401 3195 3454 Burtzam
3256 3400 3630 3471 magistrum,

1988 3501 2160 3557 quem
2194 3503 2381 3557 nuper
2410 3487 2461 3540 ei
2494 3488 2808 3543 accessisse
2850 3486 3180 3554 docuimus,
3213 3491 3269 3542 et
3300 3486 3629 3541 Romanum

1986 3575 2296 3647 patricium
2338 3576 2665 3631 Taronitam
2716 3593 2850 3630 cum
2898 3578 3163 3649 expedito
3210 3575 3462 3631 exercitu
3498 3576 3633 3629 mit-

1988 3663 2077 3729 tit,
2121 3664 2218 3734 qui
2278 3665 2484 3719 Leonis
2543 3666 2950 3736 progressibus
3007 3666 3331 3733 obstarent,
3383 3679 3639 3735 eumque

218 3754 735 3830 προσκεχωρηκότα
770 3754 939 3824 αὐτῷ,
992 3753 1082 3807 καὶ
1130 3752 1410 3825 Ῥωμανὸν
1452 3750 1734 3827 πατρίκιον
1788 3753 1873 3806 τὸν

2006 3752 2204 3807 subitis
2252 3753 2693 3809 incursionibus
2736 3759 3010 3809 vexarent
3056 3759 3114 3809 et
3160 3753 3641 3825 pabulationibus

216 3843 543 3919 Ταρωνίτην
598 3845 713 3916 μετ’
768 3842 1005 3912 εὐζώνου
1065 3841 1330 3914 ἐκπέμπει
1380 3847 1670 3917 στρατιᾶς,
1718 3839 1883 3912 ἐμπι-

218 3932 332 3989 δὼν
374 3934 611 3987 ιστασθαι
655 3937 733 4003 τῷ
803 3926 1289 4006 πρωτοϐεστιαρίῳ
1357 3929 1642 3993 κελεύσας,
1702 3928 1883 3984 ἐπιτι-

216 4022 484 4095 θεμένους
544 4019 596 4091 ἐξ
655 4019 873 4098 έιρόδου,
904 4020 994 4073 καὶ
1042 4020 1137 4081 τάς
1188 4017 1456 4094 ἐκδρομὰς
1511 4017 1743 4072 κωλύειν
1804 4020 1878 4080 ὡς

216 4109 476 4183 δύναμις,
511 4109 837 4181 συμπλοκῆς
873 4105 931 4163 δὲ
961 4106 1264 4177 καθολικῆς
1310 4108 1444 4162 κατὰ
1490 4108 1551 4162 τὸ
1597 4107 1876 4181 ἐγχωροῦν

217 4196 520 4278 φείδεσθαι.
592 4196 993 4268 Πλησιάσαντες
1050 4194 1107 4251 δὲ
1156 4201 1237 4269 τῷ
1300 4194 1569 4271 βασιλικῷ
1626 4197 1878 4271 στρατεύ-

225 4310 364 4363 ματι
396 4286 601 4363 οἱπερὶ
638 4288 731 4343 τὸν
781 4285 1064 4361 Βούρτζην
1118 4286 1532 4359 ἡναγκάσθησαν
1579 4283 1667 4339 καὶ
1718 4281 1876 4339 ἄκον-

214 4400 308 4442 τες
366 4375 683 4449 πολεμῆσαι
714 4377 860 4450 παρὰ
888 4376 989 4443 τήν
1027 4375 1124 4429 τοῦ
1186 4373 1443 4447 Σκληροῦ
1486 4372 1876 4448 παραγγελίαν,

215 4469 328 4523 ἀπὸ
372 4464 633 4537 τοιαύτης
682 4464 877 4527 αἰτίας.
932 4464 1240 4539 Σαρακηνοῖ
1292 4462 1349 4517 ἐκ
1389 4469 1489 4533 τῆς
1533 4464 1667 4539 πρὸς
1704 4462 1877 4535 Έῴαν

215 4554 486 4633 Βερῥοίας
562 4556 628 4609 τὰ
698 4553 885 4624 ἐτήσια
960 4549 1094 4623 τέλη
1183 4551 1475 4626 Ῥωμαίοις
1557 4552 1877 4623 κομίζοντες

213 4642 575 4719 ἠγγέλλοντο
605 4644 742 4718 πρὸς
799 4643 899 4709 τήν
939 4637 1196 4717 βασιλίδα
1250 4640 1481 4706 ἀπιέναι,
1513 4641 1603 4693 καὶ
1635 4639 1709 4701 ὡς
1745 4638 1877 4712 μέλ-

214 4733 378 4790 λουσι
423 4732 562 4787 κατά
606 4751 726 4786 τινα
774 4729 945 4807 ῥητὴν
978 4730 1187 4802 ἡμέραν
1223 4726 1313 4783 διὰ.
1363 4727 1538 4801 μέσων
1590 4728 1723 4782 ἰέναι
1771 4732 1877 4782 τῶν

213 4820 659 4898 στρατευμάτων.
720 4820 816 4874 Καὶ
876 4816 1063 4887 ἐπειδὴ
1097 4826 1273 4891 παρῆν
1310 4820 1345 4887 ἡ
1377 4817 1533 4893 κυρία
1572 4816 1661 4870 καὶ
1714 4814 1876 4889 ἔμελ-

214 4911 314 4969 λον
349 4910 487 4967 κατᾶ
514 4910 577 4966 τὸ
607 4907 908 4986 λεγόμενον
943 4908 1220 4980 Ὀξύλιθον
1270 4906 1526 4984 φρούριον
1587 4906 1639 4960 οἱ
1698 4912 1877 4982 Σαρα-

2000 3858 2101 3911 pro
2144 3840 2295 3895 virili
2343 3848 2627 3907 arcerent,
2658 3844 2897 3897 omnino
2945 3848 3140 3898 autem
3173 3848 3461 3913 quantum
3512 3844 3642 3913 ejus

1992 3930 2113 3984 ﬁeri
2141 3932 2595 4001 posset,justam
2623 3947 2881 4003 pugnam
2907 3931 3177 3986 vitarent.
3206 3936 3445 3986 Burtzas
3465 3934 3521 3985 et
3542 3931 3641 4001 qui

1990 4035 2123 4073 cum
2147 4035 2213 4072 eo
2231 4024 2417 4085 erant,
2435 4036 2501 4073 cu
2516 4036 2566 4073 m
2583 4020 2707 4090 jam
2729 4021 3309 4091 appropinquassent
3331 4020 3644 4090 imperato-

1990 4108 2074 4163 rio
2096 4108 2590 4175 exercitui,coacti
2616 4114 2754 4163 sunt
2777 4109 2861 4164 vel
2892 4108 3051 4164 inviti
3076 4113 3280 4164 contra
3305 4108 3438 4162 Duri
3473 4125 3644 4163 man-

1989 4197 2192 4252 datum
2230 4198 2491 4268 praelium
2528 4197 2694 4252 inire.
2722 4197 3116 4253 Nuntiabatur
3137 4198 3292 4253 enim
3323 4202 3645 4254 Saracenos

1989 4302 2253 4342 annuum
2305 4287 2376 4341 ab
2428 4286 2694 4342 orientali
2745 4288 2973 4342 Berrma
3019 4288 3307 4342 tributum
3362 4286 3641 4343 Romanis

1988 4375 2294 4428 afferentes
2324 4374 2523 4444 Cpolin
2553 4375 2656 4440 ire,
2692 4392 2757 4430 ac
2787 4380 2943 4429 certo
2972 4376 3063 4429 die
3094 4392 3196 4447 per
3228 4376 3451 4431 medios
3480 4391 3640 4430 exer-

1989 4463 2142 4518 citus
2173 4462 2245 4516 iis
2278 4464 2698 4518 transeundum
2733 4465 2871 4519 fore.
2895 4463 2968 4519 Ut
2998 4481 3060 4519 ea
3093 4464 3216 4519 dies
3247 4464 3515 4536 appetiit,
3536 4469 3637 4518 Sa-

1987 4550 2214 4608 racenis
2247 4569 2347 4622 per
2376 4551 2682 4607 castellum
2708 4552 3086 4625 cuiOxylitho
3114 4570 3325 4609 nomen
3349 4553 3636 4608 transitu-

1988 4641 2067 4696 ris
2093 4642 2365 4710 utrinque
2391 4640 2687 4696 instructae
2714 4646 2853 4697 sunt
2884 4643 3137 4708 acies,et
3166 4658 3380 4713 magno
3412 4641 3634 4712 impetu

1988 4729 2322 4784 animorum
2354 4731 2425 4784 ad
2457 4747 2715 4801 pugnam
2748 4733 2990 4799 eductae,
3026 4731 3248 4803 praemii
3283 4730 3405 4785 loco
3435 4730 3637 4785 victori

1988 4818 2308 4889 proposito,
2363 4819 2517 4889 quod
2566 4819 2836 4874 Saraceni
2889 4820 3171 4888 ferebant,
3221 4835 3383 4874 auro.
3424 4818 3636 4874 Conﬂi-

1988 4910 2291 4978 ctumque,
2325 4910 2382 4963 et
2414 4906 2617 4980 pulsus
2667 4908 2929 4975 Burtzas,
2964 4906 3168 4964 multis
3211 4908 3282 4963 ab
3313 4909 3443 4979 ejus
3473 4912 3637 4980 parte

1414 5096 1785 5153 XYLANDRI
1825 5098 1914 5153 ET
1954 5096 2174 5154 GOARI
2212 5096 2442 5153 ΝΟΤίΕ.

286 5254 403 5323 (40)
436 5253 525 5307 Ab
555 5251 774 5308 Attalia
812 5248 1165 5323 Pamphyliae
1209 5249 1372 5323 urbe,
1403 5248 1553 5306 sicut
1584 5254 1641 5306 et
1669 5250 1875 5322 Cibyra

218 5321 476 5381 minoris
507 5325 677 5390 Asiae,
706 5324 895 5379 navali
930 5321 1223 5394 praeclara.
1256 5322 1436 5377 GOAR.

286 5398 405 5476 (41)
438 5397 543 5476 Hic
564 5395 728 5451 locus
755 5399 845 5451 est
867 5391 1149 5476 confusus
1171 5397 1518 5476 etmaneus,
1542 5396 1607 5446 ut
1636 5391 1871 5476 quidem

206 5464 439 5541 judico.
475 5472 592 5523 Hoc
650 5485 718 5541 ex
750 5466 1160 5541 _sequent_ibu_s
1217 5464 1415 5541 didici,
1462 5464 1619 5519 hunc
1677 5464 1872 5541 ipsum

213 5536 513 5596 Curticem
546 5539 681 5594 Duri
716 5536 965 5594 classem
997 5537 1253 5603 duxisse,
1286 5537 1624 5603 victumque
1655 5536 1727 5591 ab
1759 5537 1870 5591 im-

212 5612 521 5685 peratoriae
552 5613 701 5667 duce
730 5611 1033 5685 Tbeodoro
1065 5608 1256 5685 navali
1289 5608 1490 5680 proelio
1523 5608 1724 5685 fuisse:
1759 5608 1871 5663 Sed

214 5679 501 5757 Cibyratas
530 5700 604 5740 an
638 5699 741 5755 pro
772 5682 926 5765 Dure
966 5680 1256 5749 steterint,
1279 5679 1353 5735 an
1382 5696 1516 5736 vero
1546 5679 1726 5807 (guod
1761 5696 1872 5749 pu-

214 5758 354 5807 tavit
406 5757 481 5807 ab
537 5756 917 5807 imperatoris
963 5752 1170 5807 classe.
1222 5768 1358 5807 cum
1411 5768 1479 5807 ea
1526 5768 1560 5807 a
1650 5755 1872 5806 Durum

212 5752 354 5821 tavi')
406 5757 481 5813 ab
537 5752 917 5828 imperatoris
963 5752 1170 5821 classe,
1222 5768 1358 5809 cum
1411 5768 1479 5808 ea
1526 5752 1600 5808 ad
1650 5755 1872 5806 Durum

1984 5249 2373 5317 transivisset,
2426 5249 2678 5319 jusserit
2726 5265 2824 5305 eos
2874 5248 3066 5304 Durus
3114 5248 3463 5322 oppugnari,
3514 5265 3631 5304 non

1983 5338 2116 5377 sum
2150 5327 2363 5375 certus.
2396 5323 2539 5375 XYL.
3044 5346 3056 5355 ε
3606 5366 3609 5369 λ

2055 5394 2164 5463 (42)
2197 5392 2412 5446 Scribit
2457 5393 2746 5463 interpres
2793 5386 3099 5463 δεξάμενος·
3135 5392 3356 5448 retineo
3407 5386 3631 5463 δεξάμε-

1981 5459 2091 5518 νον.
2128 5459 2205 5518 Ad
2235 5464 2519 5518 Joannem
2553 5459 2709 5534 enim
2742 5459 2944 5519 auctor
2988 5462 3114 5534 ipse
3154 5464 3355 5520 retulit
3380 5462 3446 5516 τό
3481 5459 3632 5532 δεξά-

1985 5555 2167 5608 μενον,
2196 5536 2351 5608 sicut
2382 5540 2439 5590 et.
2468 5534 2530 5588 τὸ
2565 5528 2728 5607 βεϐοη
2743 5536 2923 5607 μένον.
2950 5528 3130 5590 ΟόΑῐι.

2052 5608 2159 5678 (43)
2193 5605 2572 5677 Οἱροῐοωυῐῠ
2598 5605 2829 5663 videtur
2865 5608 3111 5673 dictum,
3141 5607 3297 5679 quod
3329 5606 3483 5662 inter
3513 5605 3631 5661 duo

1983 5679 2249 5743 ﬂumina,
2283 5685 2384 5733 aut
2428 5680 2622 5750 potius
2672 5681 2744 5735 ad
2795 5680 3152 5736 confluentes
3201 5680 3453 5734 duorum
3499 5692 3629 5732 am-

1983 5752 2170 5823 nium,
2202 5750 2381 5808 situm
2412 5757 2586 5809 esset.
2618 5750 2753 5808 Χη..
