3966 6134
243 353 360 417 159
1606 358 1913 422 GEORGII

2096 358 2309 421 )RENI
3546 361 3672 425 160

240 491 470 559 occisis,
505 494 755 550 maxime
783 492 1048 549 Armenia
1074 509 1087 549 :
1120 509 1257 549 nam
1288 494 1359 550 de
1385 493 1479 550 his
1509 509 1893 566 quoscunque

2096 492 2161 546 vol
2221 487 2539 561 διαϐαινειν,
2590 492 3015 556 καθοπλίσαντες
3075 494 3128 547 oi.
3182 492 3307 569 περῖ
3337 493 3429 549 τὸν
3481 492 3671 568 Βούρ-

242 582 733 651 comprehendere
755 587 1070 654 potuerunt
1092 583 1359 650 Romani,
1380 584 1533 640 426
1556 584 1898 640 interfecere

2096 601 2137 652 ιν
2165 580 2289 643 τοὺς
2338 580 2471 659 ἀμφ’
2519 580 2733 651 αὐτοὺς,
2783 581 2848 637 τὸ
2908 579 2955 637 δ’
3012 581 3141 638 αὐτὸ
3170 585 3331 638 τοῦτο
3360 580 3451 637 καὶ
3484 583 3540 637 οἱ
3568 586 3672 637 τοῦ

243 670 469 741 absque
499 671 613 726 ulla
647 671 1048 739 miseratione,
1076 673 1228 743 quod
1261 671 1300 726 ii
1334 672 1506 745 primi
1538 672 1801 728 omnium
1837 690 1897 729 se

2096 664 2507 744 υτοϐεστιαρίου
2591 670 3003 741 πεποιηκότες,
3108 671 3257 743 μάλα
3342 672 3672 746 ὁρμητικῶς

242 761 493 829 tyranno
523 761 948 831 adjunxisseut.

2096 760 2142 821 ὃς
2175 761 2272 829 τήν
2330 762 2515 835 μάχην
2565 760 2835 837 ἐχώρουν·
2892 757 3184 836 προῦκειτο
3231 762 3332 837 γὰρ
3387 760 3672 835 ἑκατέροις

247 846 428 922 ὥσπερ
455 868 536 910 τις
592 850 756 911 ἆθλος
789 850 816 903 6
866 848 1010 922 παρὰ
1034 852 1138 903 τῶν
1174 853 1499 921 Σαρακηνῶν
1550 849 1915 923 κομιζόμενος
1970 849 2194 925 χρυσός.
2248 850 2350 904 Καὶ
2397 850 2612 925 ἐπείπερ
2663 848 2914 926 ἤγγισαν,
2966 850 3333 924 συμπεσόντες
3367 849 3671 927 ἐμάχοντο.

248 939 510 1011 Τρέπεται
542 942 675 1013 γοῦν
710 940 737 992 6
772 939 1064 1012 Βούρτζης,
1109 938 1198 992 καὶ
1227 936 1431 994 πολλοὶ
1462 942 1568 993 τῶν
1601 940 1694 994 σὺν
1726 939 1872 1012 αύτῷ
1903 937 2221 1007 ἀπώλοντο,
2251 939 2343 994 καὶ
2380 938 2593 1012 μᾶλλον
2618 945 2725 994 τῶν
2762 940 3092 1017 Ἀρμενίων·
3139 939 3339 1002 πάντας
3396 942 3499 1015 γὰρ
3540 940 3675 1003 τοὺς

250 1023 484 1089 ἁλόντας
516 1031 620 1082 τῶν
656 1027 952 1102 Ἀρμενίων
986 1026 1322 1105 ἀπέσφαττον
1353 1029 1405 1083 οἱ
1440 1030 1733 1103 Ῥωμαῖοι,
1786 1030 1861 1103 μὴ
1909 1023 2281 1103 λαμϐάνοντες
2337 1028 2515 1084 οἶκτον
2579 1026 2669 1084 διὰ
2721 1030 2783 1086 τὸ
2833 1031 3084 1105 πρώτους
3134 1032 3533 1106 προσχωρῆσαι
3591 1035 3678 1103 τῷ

252 1114 545 1189 ἀποστάτῃ.

320 1224 535 1282 Nuntio
557 1226 685 1295 ejus
721 1225 904 1281 eladis
936 1225 1427 1296 accepto,Bardae
1460 1224 1623 1281 nulla
1652 1225 1905 1296 interpo-

250 1314 361 1370 sita
395 1330 557 1370 mora
586 1316 785 1370 statim
820 1331 952 1369 cum
986 1331 1092 1369 suo
1124 1315 1376 1369 exercitu
1420 1315 1819 1385 subsequitur,
1851 1318 1909 1369 et

249 1419 384 1457 eum
415 1402 485 1458 ad
516 1402 712 1458 locum
757 1403 851 1458 cui
889 1403 1116 1475 Ragcos
1148 1418 1363 1458 nomen
1413 1405 1791 1474 pervenisset,
1827 1403 1904 1457 ibi

250 1495 442 1547 castra
454 1491 593 1546 facit
607 1497 958 1563 tempusque
974 1508 1181 1563 pugnae
1196 1492 1505 1547 commodu
1517 1508 1570 1545 m
1585 1496 1902 1564 exspectat.

251 1580 679 1636 Cunctantibus
702 1585 897 1636 autem
932 1580 1347 1651 imperatoriis,
1368 1584 1423 1635 et
1455 1596 1663 1652 pugnae
1695 1597 1903 1652 oppor-

249 1670 503 1726 tunitate
533 1674 808 1740 extracta,
834 1668 1005 1725 multi
1032 1687 1065 1726 a
1086 1670 1276 1725 Barda
1301 1669 1373 1725 ad
1404 1671 1656 1725 Leonem
1680 1670 1902 1726 defece-

250 1760 542 1830 runt,jam
567 1760 730 1815 clade
756 1759 1043 1831 superiori
1069 1758 1285 1814 animis
1309 1775 1512 1815 eorum
1532 1758 1901 1814 nutantibus.

249 1850 358 1905 Sed
391 1849 491 1920 qui
522 1849 581 1903 in
614 1848 868 1904 exercitu
908 1848 1113 1903 Leonis
1135 1852 1305 1903 erant
1330 1864 1526 1903 rerum
1560 1847 1903 1903 bellicarum

250 1938 663 2010 imperitiores,
694 1937 732 1991 ii
765 1937 981 1993 animis
1012 1953 1215 1993 recens
1246 1942 1417 2008 parta
1442 1937 1687 1993 victoria
1714 1937 1904 1993 exsul-

248 2027 513 2084 tantibus
562 2042 819 2098 pugnam
870 2026 1243 2098 expetebant;
1278 2030 1420 2082 natu
1465 2025 1901 2097 grandioribus,

250 2121 309 2174 et
333 2117 433 2188 qui
482 2114 686 2170 multis
738 2115 1165 2171 certaminibus
1214 2115 1509 2170 exercitati
1558 2119 1776 2182 essent,
1810 2116 1911 2169 de-

253 2205 641 2261 trectantibus
680 2206 855 2275 atque
902 2203 1308 2259 differentibus
1335 2219 1346 2259 :
1373 2220 1505 2259 cum
1541 2204 1653 2259 Leo
1684 2206 1910 2274 (verum

254 2293 413 2351 enim
447 2291 595 2348 illud
624 2292 829 2347 tritum
864 2297 954 2348 est
986 2309 998 2347 :
1025 2316 1051 2343 ‹‹
1082 2293 1358 2348 Homines
1383 2292 1553 2348 malis
1575 2293 1689 2349 eito
1718 2293 1911 2349 consi-

253 2382 353 2437 liis
382 2380 716 2437 assentiunt
739 2382 794 2453 ν)
817 2380 1156 2452 junioribus
1206 2382 1621 2453 obtemperans
1668 2398 1807 2437 suos
1839 2382 1907 2436 ad

254 2486 515 2544 pugnam
558 2470 883 2526 instructos
916 2471 1051 2526 dato
1081 2471 1219 2527 tuba
1257 2470 1423 2542 signo
1465 2471 1683 2527 educit.
1719 2475 1910 2526 Durus

254 2560 437 2632 copiis
467 2560 590 2614 suis
631 2559 689 2614 in
739 2564 859 2615 tres
910 2563 1107 2632 partes
1137 2560 1341 2615 divisis
1392 2559 1653 2615 medium
1704 2576 1910 2631 agmen

251 2648 379 2721 ipse
408 2649 591 2715 ducit,
619 2650 892 2705 dextrum
936 2665 1115 2704 cornu
1167 2649 1333 2704 fratri
1374 2665 1480 2704 suo
1504 2649 1909 2716 Constantino,

256 2739 565 2794 sinistrum
591 2738 976 2793 Constantino
998 2737 1199 2793 Gabrae
1223 2738 1559 2793 committit.
1580 2738 1652 2793 Ut
1673 2755 1914 2793 concur-

261 2843 394 2882 sum
420 2831 510 2881 est
543 2831 601 2881 et
640 2827 839 2881 Bardaa
868 2826 1144 2881 cornibus
1168 2826 1418 2898 praefecti
1459 2827 1715 2897 equitem
1757 2826 1910 2881 hosti

263 2916 660 2984 immiserunt,
688 2915 895 2971 Leonis
928 2914 1146 2970 milites
1167 2915 1453 2987 impetum
1477 2933 1591 2972 non
1618 2916 1912 2971 sustinen-

264 3009 355 3061 tes
388 3005 581 3073 fugam
616 3004 858 3075 t‘aciunt,
887 3020 1208 3075 eorumque
1240 3020 1454 3077 magna
1484 3005 1678 3060 editur
1707 3005 1913 3061 caedes.

266 3093 623 3149 Interﬁcitur
654 3097 911 3150 Joannes
943 3093 1224 3166 patricius
1255 3098 1311 3149 et
1340 3094 1547 3149 Petrus
1585 3101 1912 3151 castrorum

263 3183 569 3255 praefectus
592 3183 741 3239 427
773 3182 1061 3253 multique
1087 3182 1183 3238 alii
1221 3182 1481 3238 illustres
1503 3182 1628 3237 viri.
1659 3184 1761 3238 Leo
1785 3200 1916 3254 pro-

262 3273 638 3328 tovestiarius
659 3273 822 3328 vivus
840 3289 958 3328 una
976 3288 1110 3327 cum
1133 3271 1264 3328 aliis
1287 3272 1695 3344 magistratum
1719 3288 1919 3344 geren-

260 3361 420 3417 tibus
450 3362 592 3417 viris
632 3361 691 3415 in
743 3361 877 3416 Duri
926 3364 1271 3431 potestatem
1305 3363 1481 3416 venit.
1521 3364 1711 3433 Atque
1760 3362 1917 3417 hunc

2087 1222 2470 1298 Ἀγγελθείσης
2511 1222 2567 1279 δὲ
2602 1230 2703 1293 τῆς
2750 1223 2921 1295 ἥττης
2971 1225 2999 1279 6
3048 1221 3261 1298 Βάρδας
3304 1226 3489 1300 καιρὸν
3542 1224 3676 1279 ἀνα-

2016 1306 2192 1381 ϐολῆς
2247 1314 2322 1385 μὴ
2376 1310 2646 1376 δεδωκὼς,
2678 1314 2900 1390 ἀγείρας
2947 1313 3075 1376 τοὺς
3108 1314 3243 1387 ἀμφ’
3274 1314 3433 1368 αὐτὸν
3460 1314 3677 1383 ὑπήντα

2017 1398 2106 1456 διὰ
2133 1402 2371 1477 ταχέων,
2423 1402 2513 1456 καὶ
2559 1402 2695 1457 κατά
2743 1423 2861 1457 τινα
2914 1402 3083 1457 τόπον
3142 1403 3361 1477 Ῥαγέας
3392 1401 3676 1476 ὀνομαζό-

2019 1511 2176 1563 μενον
2240 1492 2526 1566 γενόμενος
2574 1489 3073 1565 στρατοπεδεύεται,
3126 1489 3431 1562 ἐπιτήδειον
3480 1492 3676 1567 μάχης

2012 1579 2199 1653 καιρὸν
2246 1578 2508 1649 ἐκζητῶν.
2559 1574 3066 1655 Χρονοτριϐούντων
3111 1577 3167 1634 δὲ
3209 1584 3317 1635 τῶν
3370 1578 3678 1656 βασιλικῶν

2011 1666 2300 1743 ταγμάτων
2336 1669 2362 1721 ὁ
2392 1674 2491 1736 τῆς
2542 1669 2727 1744 μάχης
2772 1670 2960 1741 καιρὸς
2990 1667 3352 1740 παρετείνετο,
3385 1668 3476 1723 καὶ
3527 1666 3677 1722 πολ-

2015 1755 2107 1811 λοὶ
2153 1760 2260 1809 τῶν
2322 1757 2638 1810 ἀποστατῶν
2696 1760 2764 1830 τῇ
2830 1758 3257 1833 προηγησαμένῃ
3312 1754 3452 1832 ἥττῃ
3514 1778 3677 1812 σεσα-

2014 1843 2270 1917 λευμένοι
2350 1849 2432 1916 τῷ
2508 1840 2991 1921 πρωτοϐεστιαρίῳ
3049 1848 3439 1922 προσέτρεχον.
3499 1848 3673 1903 ’Όσον

2018 1934 2112 2006 μὶν
2136 1932 2232 1987 οὖν
2264 1938 2507 2011 σφριγῶν
2538 1934 2602 2001 ἦν
2635 1934 2686 1988 ἐν
2716 1938 2783 2008 τῇ
2827 1940 3050 2010 στρατιᾷ
3095 1940 3193 1990 τοῦ
3246 1934 3516 2011 βασιλέως
3575 1938 3676 1989 καὶ

2020 2022 2463 2098 ἀπειροπόλεμον
2501 2065 2515 2091 ,
2589 2026 2658 2097 τῇ
2715 2022 2766 2094 ἐξ
2827 2022 3068 2098 ὑπογύου
3122 2023 3492 2099 γαυρούμενον
3546 2024 3678 2097 νίκῃ

2020 2106 2171 2188 ὤργα
2200 2112 2336 2186 πρὸς
2395 2114 2745 2185 συμπλοκὴν,
2788 2113 2840 2166 οὶ
2897 2113 3251 2189 γηραιότεροι
3302 2111 3359 2167 δὲ
3404 2112 3493 2167 καὶ
3544 2134 3681 2167 κατ-

2019 2198 2165 2271 ηθλη
2178 2202 2325 2273 μένοι
2375 2207 2493 2263 τοῖς
2523 2200 2725 2276 ἀγῶσιν
2760 2197 2967 2257 ὤκνουν
2992 2201 3083 2256 καὶ
3113 2199 3400 2257 ἀνεδύοντο
3428 2223 3528 2272 τηι
3568 2202 3680 2275 μά·

2020 2309 2126 2365 χην
2190 2294 2268 2363 [Ρ.
2302 2293 2430 2364 690]
2488 2290 2647 2347 Ἀλλ’
2705 2290 2821 2347 ἐπεὶ
2876 2293 3012 2346 κατὰ
3063 2294 3155 2347 τὸν
3202 2292 3442 2360 εἰπόντα,
3506 2316 3535 2343 ι(
3566 2297 3682 2345 Τα-

2018 2385 2146 2454 χεῖα
2202 2379 2374 2443 πειθὼ
2406 2384 2511 2434 τῶν
2560 2385 2739 2435 κακῶν
2799 2381 3112 2453 ἀκολουθεῖ,
3173 2404 3201 2432 ››
3261 2381 3501 2435 πείθεται
3560 2386 3688 2442 τοῖς

2020 2467 2302 2545 νεωτέροις
2350 2470 2440 2523 καὶ
2491 2470 2517 2524 6
2568 2465 3106 2545 πρωτοϐεστιάριος,
3164 2469 3256 2524 καὶ
3311 2470 3374 2525 τὸ
3420 2467 3680 2524 ἐνυάλιον

2019 2561 2272 2631 σημήνας
2315 2556 2491 2633 ἐξάγει
2538 2560 2612 2613 τὰ
2668 2560 3045 2634 στρατεύματα
3114 2559 3250 2635 πρὸς
3296 2559 3395 2629 τὴν
3458 2558 3682 2634 μάχην.

2020 2648 2115 2701 Καὶ
2169 2648 2196 2701 6
2247 2645 2457 2720 Βάρδας
2505 2645 2563 2703 δὲ
2607 2655 2776 2723 τριχῆ
2820 2645 3015 2704 διελὼν
3068 2649 3159 2703 τὸν
3190 2647 3389 2703 οἷ’κεῖον
3446 2649 3686 2722 crputh

2017 2736 2079 2790 τὸ
2116 2737 2209 2807 μὲν
2266 2736 2427 2808 μέσον
2472 2737 2613 2811 εἶχεν
2667 2736 2848 2805 αὐτός,
2880 2741 2977 2791 τοῦ
3009 2734 3184 2807 δεξιοῦ
3217 2734 3276 2791 δὲ
3304 2737 3474 2809 κέρως
3525 2738 3687 2793 Κων-

2022 2829 2298 2878 σταντῖνον
2342 2825 2432 2879 τὸν
2490 2823 2746 2903 ἀδελφὸν,
2791 2828 2886 2879 τοῦ
2938 2822 2985 2878 δ’
3016 2824 3300 2898 εὐωνύμου
3342 2827 3692 2880 Κωνσταντῖ-

2020 2934 2110 2969 νον
2141 2914 2230 2968 τὸν
2266 2910 2476 2983 Γαϐρᾶν
2503 2910 2691 2990 ἅρχέιν
2745 2913 3025 2983 ἐπέστησε.
3078 2909 3378 2987 Συμϐολῆς
3430 2912 3487 2968 δὲ
3526 2930 3719 2989 γενο-ο

2027 3002 2191 3076 μένης
2218 3003 2304 3057 καὶ
2337 3007 2446 3057 τῶν
2475 3003 2598 3075 περὶ
2641 3003 2707 3057 τὰ
2754 3004 2951 3077 κέρατα
2999 3008 3319 3079 στρατηγῶν
3364 3004 3464 3071 τήν
3504 3001 3684 3057 ἵππον

2022 3091 2404 3147 ἐπισεισάντων
2482 3097 2598 3154 τοῖς
2666 3091 2949 3161 ἐναντίοις,
3035 3094 3110 3165 μὴ
3201 3093 3514 3167 ἐνεγκόντες
3580 3093 3685 3161 τήν

2027 3180 2204 3257 ῥύμην
2254 3183 2306 3236 οἱ
2358 3181 2481 3255 περὶ
2539 3182 2631 3236 τὸν
2679 3176 3175 3259 πρωτοϐεστιάριον
3216 3184 3529 3257 τρέπονται,
3591 3182 3687 3236 καὶ

2024 3270 2225 3345 γίνεται
2284 3272 2449 3349 φόνος
2504 3268 2703 3333 πολύς.
2767 3272 3026 3327 Ἐνταῦθα
3076 3270 3167 3326 καὶ
3199 3270 3453 3341 Ἰωάννης
3486 3266 3683 3327 ἔπεσεν

2028 3361 2056 3415 ὁ
2088 3358 2373 3434 πατρίκιος
2405 3362 2493 3414 καὶ
2530 3361 2557 3415 ὁ
2609 3357 3091 3436 στρατοπεδάρχης
3126 3360 3328 3433 Πέτρος
3369 3361 3458 3415 καὶ
3515 3358 3690 3415 ἄλλοι

263 3452 498 3523 quidem
535 3456 726 3506 Durus
748 3450 805 3504 in
830 3450 1159 3505 custodiam
1182 3451 1360 3505 dedit.
1387 3451 1688 3506 Theodoro
1721 3457 1913 3506 autem

2096 3447 2231 3503 ιλλοὶ
2283 3454 2390 3503 τῶν
2442 3447 2737 3523 διαφανῶν.
2770 3448 2951 3505 Ἑάλω
2985 3447 3042 3504 δὲ
3090 3450 3177 3504 καὶ
3210 3450 3238 3504 ὁ
3268 3443 3688 3524 πρωτοϐεστιά-

263 3545 321 3597 et
366 3539 579 3595 Nicetes
628 3538 1127 3610 Hagiozacharitis
1180 3539 1479 3611 germanis
1526 3540 1806 3595 fratribus
1856 3540 1916 3595 in

263 3634 578 3699 conspectu
609 3628 792 3683 totius
823 3628 1113 3683 exercitus
1142 3628 1315 3684 effodi
1340 3628 1915 3700 oculosjubet,quod

263 3718 302 3772 ii
343 3715 623 3771 nimirum
675 3715 887 3772 violato
929 3716 1339 3786 jurejurando,
1377 3734 1491 3788 quo
1541 3734 1604 3773 se
1650 3718 1764 3790 ipsi
1814 3719 1919 3775 obs

265 3805 644 3870 strinxerant,
678 3805 748 3859 ad
782 3805 1032 3859 Leonem
1067 3806 1499 3861 transivissent.

2028 3559 2142 3614 ριος
2197 3539 2311 3611 μεθ’
2380 3539 2573 3613 ἐτέρων
2654 3536 2864 3614 ἀνδρῶν
2928 3539 3202 3614 ἆρχικῶν.
3259 3538 3367 3596 Τὸν
3428 3539 3525 3610 μὶν
3591 3540 3686 3592 οὗν

2025 3624 2521 3704 πρωτοϐεστιάριον
2582 3630 2930 3704 φρουρεῖσθαι
2988 3629 3325 3703 προσέταξε,
3386 3624 3683 3703 Θεοδώρου

2027 3715 2084 3772 δὲ
2126 3717 2215 3771 καὶ
2247 3719 2461 3788 Νικήτα
2487 3722 2594 3773 τῶν
2641 3714 2990 3794 αὐταδέλφων
3030 3720 3139 3772 τῶν
3200 3718 3685 3792 Ἀγιοζαχαριτῶν

2027 3805 2110 3861 ἐπ’
2166 3802 2287 3880 ὄψει
2340 3807 2542 3870 παντὸς
2596 3811 2693 3861 τοῦ
2765 3804 3167 3881 στρατεύματος
3224 3804 3493 3880 ἐξορύττει
3557 3804 3691 3866 τοὺς

271 3892 593 3971 ὀφθαλμοὺς
647 3894 720 3955 ὡς
772 3888 1127 3968 παραϐάντων
1184 3893 1328 3971 τάχα
1373 3894 1501 3960 τοὺς
1557 3890 1752 3973 ὅρκους
1798 3894 1892 3958 οὕς
1948 3896 2084 3971 πρὸς
2142 3896 2299 3951 αὐτὸν
2356 3894 2535 3960 ἔθεντο
2593 3896 2682 3950 καὶ
2746 3900 2824 3968 τῷ
2876 3890 3357 3973 πρωτοϐεστιαρίῳ
3414 3914 3690 3970 προσχω-

269 4002 335 4058 ρη
345 3982 572 4039 σάντων.

342 4091 474 4146 Haec
503 4090 745 4146 victoria
782 4091 979 4146 Bardaz
1029 4091 1205 4148 rebus
1253 4092 1575 4164 plurimum
1610 4092 1806 4149 attulit
1836 4093 1922 4150 in-

271 4180 573 4244 crementi,
599 4195 922 4250 omnesque
962 4183 1029 4234 ad
1075 4198 1208 4235 eum
1241 4182 1440 4252 magni
1475 4182 1750 4252 parvique
1779 4183 1923 4238 defi-

273 4268 533 4336 ciebant;
565 4267 937 4339 imperatoris
970 4285 1062 4325 res
1096 4287 1231 4340 una,
1259 4286 1441 4342 eaque
1474 4287 1640 4326 sacra
1668 4271 1925 4327 anchora

276 4357 746 4426 sustinebantur,
776 4356 972 4412 divino
1004 4359 1285 4414 nimirum
1318 4358 1553 4415 auxilio.
1584 4361 1655 4414 At
1685 4359 1922 4415 cubicu-

274 4446 461 4503 larius
492 4463 730 4519 prasses,
762 4462 1101 4518 quanquam
1150 4454 1205 4504 et
1250 4449 1626 4504 terrestribus
1676 4449 1925 4521 negotiis

278 4552 481 4592 curam
513 4536 897 4608 impenderet,
933 4536 1120 4593 multo
1160 4536 1348 4609 magis
1388 4543 1583 4595 tamen
1616 4538 1924 4594 maritimas

277 4625 361 4682 rei
412 4630 535 4681 erat
576 4625 855 4681 intentus.
887 4626 1031 4681 Nam
1082 4626 1315 4683 hostilis
1364 4627 1570 4682 classis
1618 4628 1927 4700 praefectus

279 4713 600 4770 Michaelus
648 4714 942 4784 Curtices,
993 4731 1196 4770 omnes
1246 4715 1468 4771 insulas
1513 4715 1925 4788 depopulatus,

273 4804 399 4875 jam
446 4803 633 4874 ipsam
667 4820 902 4875 quoque
946 4804 1003 4858 in
1036 4803 1412 4876 Hellesponto
1462 4805 1637 4861 sitam
1671 4806 1928 4877 Abydum

275 4893 587 4948 videbatur
614 4898 1081 4965 oppugnaturus.
1120 4894 1323 4964 Itaque
1347 4894 1594 4950 classem
1630 4896 1808 4968 probe
1837 4897 1928 4951 in-

278 4982 470 5048 struit,
522 4999 770 5053 eamque
820 4988 1021 5037 contra
1050 4982 1345 5038 Citrucam
1396 4983 1630 5053 emittit,
1665 4985 1931 5056 praefecto

275 5070 581 5126 Theodoro
632 5074 955 5126 Caranteno
1003 5071 1269 5143 patricio.
1320 5076 1375 5127 Is
1424 5071 1771 5128 'Iheodurus
1831 5089 1934 5146 per

278 5160 479 5215 fauces
511 5158 871 5230 Hellesponti
894 5166 1092 5216 vectus
1118 5161 1268 5231 apud
1303 5162 1604 5217 Phocaeam
1637 5178 1769 5217 cum
1801 5166 1935 5218 Cur-

278 5251 396 5305 tica
446 5249 708 5306 navalem
761 5251 1017 5308 conserit
1067 5268 1321 5323 pugnam
1370 5252 1822 5309 vehementem:
1866 5270 1934 5311 ea

276 5339 472 5395 victus
506 5340 768 5396 Curtices
808 5338 1105 5411 classique
1152 5341 1281 5412 ejus
1331 5343 1596 5414 disjecta,
1628 5347 1685 5399 et
1713 5343 1931 5400 Caran-

280 5434 414 5483 teno
444 5429 652 5482 exinde
704 5445 863 5484 mare
913 5429 1212 5485 obtinente
1243 5448 1334 5487 res
1368 5432 1671 5487 maritimas
1725 5434 1933 5503 quietas

281 5518 540 5573 fuerunt.
602 5517 849 5573 Proinde
907 5519 1289 5575 terrestribus
1353 5522 1602 5593 negotiis
1670 5523 1933 5577 intentus

281 5622 494 5680 praeses
546 5606 881 5664 Manuelum
936 5608 1090 5665 428
1139 5609 1454 5680 Eroticum,
1496 5610 1676 5665 nobili
1724 5626 1935 5684 genere

280 5700 476 5753 ortum
507 5701 564 5753 et
593 5696 806 5754 virtute
836 5714 901 5755 ac
944 5698 1290 5755 fortitudine
1334 5697 1580 5770 clarum,
1612 5699 1829 5755 emittit
1858 5702 1930 5757 ad

2106 4095 2195 4146 'Ex
2239 4091 2441 4163 ταύτης
2487 4099 2586 4161 τῆς
2632 4090 2788 4162 νίκης
2831 4089 2898 4146 τὰ
2950 4092 3043 4165 μὲν
3091 4094 3189 4146 τοῦ
3240 4088 3422 4165 Βάρδα
3482 4090 3693 4164 ὑψοῦτο

2031 4180 2121 4236 καὶ
2154 4180 2241 4235 ἐπὶ
2276 4182 2412 4257 μέγα
2467 4178 2652 4257 ᾔρετο,
2706 4182 2945 4248 πάντων,
3000 4180 3073 4243 ὡς
3108 4178 3303 4246 εἲπεῖν,
3335 4184 3546 4253 μικρῶν
3599 4181 3694 4234 καὶ

2038 4267 2289 4345 μεγάλων
2325 4269 2837 4346 προσρυϊσκομένων
2873 4270 3043 4342 αὐτῷ,
3074 4268 3141 4323 τὰ
3173 4266 3231 4324 δὶ
3277 4272 3373 4323 τοῦ
3418 4267 3698 4343 βασιλέως

2036 4358 2124 4414 ἐπὶ
2178 4364 2304 4432 μιᾶς
2358 4359 2648 4428 ἐσάλευεν,
2691 4360 2837 4435 ἱερᾶς
2892 4360 3074 4431 μέντοι
3123 4358 3397 4432 ἀγκύρας,
3443 4364 3547 4425 τῆς
3595 4362 3695 4411 τοῦ

2036 4452 2167 4504 Θεοῦ
2204 4448 2475 4524 βοηθείας.
2530 4449 2590 4505 Ὁ
2622 4446 2679 4502 δὲ
2719 4449 3217 4521 παρακοιμώμενος
3264 4445 3541 4521 ἐφρόντιζε
3597 4448 3694 4519 μὲν

2034 4538 2259 4592 καὶτῶν
2310 4540 2445 4592 κατὰ
2496 4536 2716 4613 χέρσον,
2770 4536 2938 4592 πλέον
2990 4534 3036 4590 δ’
3087 4534 3353 4610 ἐμερίμνα
3396 4538 3505 4589 τῶν
3554 4536 3698 4590 κατᾶ

2038 4624 2345 4692 θάλατταν·
2403 4626 2591 4681 ἐλύπει
2650 4626 2753 4702 γὰρ
2813 4626 2972 4680 αὐτὸν
3028 4627 3055 4680 6
3110 4629 3205 4678 τοῦ
3258 4623 3504 4678 ἐναντίου
3562 4646 3696 4679 κατ-

2038 4718 2226 4792 άρχων
2286 4713 2483 4771 στόλον.)
2518 4762 2532 4788 ,
2589 4713 2822 4791 Μιχαὴλ
2883 4716 2910 4769 6
2971 4714 3312 4788 Κουρτίκιος,
3363 4718 3537 4767 πᾶσαν
3602 4715 3699 4787 μὲν

2038 4813 2200 4875 νῆσον
2259 4806 2646 4880 πεπορθηκὼς,
2699 4802 2808 4875 ἤδη
2864 4802 2910 4858 δ’
2951 4801 3197 4875 ἐπίδοξος
3252 4800 3326 4856 ὢν
3386 4803 3473 4857 καὶ
3509 4804 3615 4869 τὴν
3646 4803 3695 4857 ἐν

2039 4892 2431 4968 Ἑλλησπόντῳ
2462 4891 2778 4970 πολιορκεῖν
2828 4889 3091 4950 “Ἀ6υδον.
3125 4890 3335 4949 Ούκοῦν
3369 4892 3456 4946 καὶ
3494 4892 3697 4947 στόλον

2042 4982 2461 5059 ἐξαρτυσάμενος
2550 4981 2701 5056 μάλα
2792 4980 2975 5045 καλῶς
3060 4980 3327 5054 ἐκπέμπει
3407 4981 3546 5035 κατὰ
3602 4987 3701 5036 τοῦ

2040 5073 2389 5147 Κουρτικίου,
2467 5072 2740 5149 ναύαρχον
2814 5068 3013 5147 ἔχοντα
3068 5068 3349 5146 Θεόδωρον
3408 5071 3703 5145 πατρίκιον

2038 5162 2131 5219 τόν
2188 5161 2560 5239 Καραντηνόν.
2622 5151 2794 5224 Οὗτος
2858 5159 2902 5216 δ’
2963 5160 3262 5222 ἐκπλεύσας
3307 5162 3398 5214 καὶ
3448 5159 3519 5213 τὰ
3552 5163 3709 5215 arui

2042 5246 2230 5313 διαϐάς
2259 5256 2353 5305 τοῦ
2386 5249 2796 5323 Ἑλλησπόντου
2825 5251 2963 5305 κατᾶ
2994 5250 3251 5305 Φώκαιαν
3277 5254 3358 5321 τῷ
3392 5250 3708 5324 Κουρτικῖῳ

2041 5342 2472 5416 προσρήγνυται,
2538 5341 2627 5396 καὶ
2701 5341 2999 5415 γενομένης
3059 5342 3320 5413 καρτερᾶς
3388 5339 3709 5413 ναυμαχίας

2042 5433 2095 5485 οἱ
2142 5430 2266 5505 περὶ
2312 5430 2404 5484 τὸν
2451 5431 2774 5505 Κουρτίκιον
2825 5428 3110 5503 τρέπονται
3153 5428 3244 5482 καὶ
3295 5424 3705 5494 σκεδάννυνται,

2040 5519 2129 5575 καὶ
2162 5518 2356 5574 λοιπὸν
2399 5520 3008 5593 θαλασσοκρατήσαντος
3064 5521 3159 5571 τοῦ
3218 5519 3576 5591 Καραντηνοῦ
3606 5521 3709 5586 τήν

2044 5608 2350 5684 ἐπεχειρίαν
2381 5607 2511 5685 ἔσχε
2536 5609 2604 5665 τὰ
2629 5616 2728 5680 τῆς
2763 5606 3064 5678 θαλάσσης.
3110 5602 3250 5675 Ἤδη
3306 5602 3363 5661 δὲ
3405 5610 3517 5660 τῶν
3566 5608 3706 5662 κατᾶ

2044 5698 2308 5765 θάλατταν
2342 5698 2582 5775 ἐχόντων
2609 5697 2793 5763 καλῶς
2826 5700 2854 5753 6
2883 5695 3395 5775 παρακοιμώμενυςη
3415 5698 3526 5750 τῶν
3562 5698 3705 5754 κατὰ
