  <div class='ocr_page' id='page_1' title='image "/cluster/home/n/w/nwhite01/storage/ocr_20150623/122 pt.2/mdp.39015037401315/088.png"; bbox 0 0 3966 6134; ppageno 0'>
   <div class='ocr_carea' id='block_1_1' title="bbox 258 313 368 374">
    <p class='ocr_par' dir='ltr' id='par_1_1' title="bbox 258 313 368 374">
     <span class='ocr_line' id='line_1_1' title="bbox 258 313 368 374; baseline 0.018 -2"><span class='ocrx_word' id='word_1_1' title='bbox 258 313 368 374; x_wconf 79' lang='grc'><strong>161</strong></span> 
     </span>
    </p>
   </div>
   <div class='ocr_carea' id='block_1_2' title="bbox 1399 308 2543 375">
    <p class='ocr_par' dir='ltr' id='par_1_2' title="bbox 1399 308 2543 375">
     <span class='ocr_line' id='line_1_2' title="bbox 1399 308 2543 375; baseline -0.003 -1"><span class='ocrx_word' id='word_1_2' title='bbox 1399 308 1949 375; x_wconf 81' lang='lat' dir='ltr'><strong>HISTORIARUM</strong></span> <span class='ocrx_word' id='word_1_3' title='bbox 1991 308 2543 373; x_wconf 79' lang='lat' dir='ltr'><strong>GOMPENDIUM.</strong></span> 
     </span>
    </p>
   </div>
   <div class='ocr_carea' id='block_1_3' title="bbox 3559 315 3678 378">
    <p class='ocr_par' dir='ltr' id='par_1_3' title="bbox 3559 315 3678 378">
     <span class='ocr_line' id='line_1_3' title="bbox 3559 315 3678 378; baseline 0.017 -2"><span class='ocrx_word' id='word_1_4' title='bbox 3559 315 3678 378; x_wconf 74' lang='grc'><strong>162</strong></span> 
     </span>
    </p>
   </div>
   <div class='ocr_carea' id='block_1_4' title="bbox 248 439 1814 518">
    <p class='ocr_par' dir='ltr' id='par_1_4' title="bbox 248 439 1814 518">
     <span class='ocr_line' id='line_1_4' title="bbox 248 439 1814 518; baseline -0.002 -19"><span class='ocrx_word' id='word_1_5' title='bbox 248 444 351 513; x_wconf 77' lang='grc' dir='ltr'>τήν</span> <span class='ocrx_word' id='word_1_6' title='bbox 400 442 630 518; x_wconf 78' lang='grc' dir='ltr'>ἤπειρον</span> <span class='ocrx_word' id='word_1_7' title='bbox 680 440 883 507; x_wconf 77' lang='grc' dir='ltr'><strong>ἐτίθετο</strong></span> <span class='ocrx_word' id='word_1_8' title='bbox 937 439 1294 517; x_wconf 70' lang='grc' dir='ltr'>ἐπιμίλειαν.</span> <span class='ocrx_word' id='word_1_9' title='bbox 1357 441 1459 501; x_wconf 84' lang='grc' dir='ltr'>Καὶ</span> <span class='ocrx_word' id='word_1_10' title='bbox 1516 440 1583 511; x_wconf 76' lang='grc' dir='ltr'>δὴ</span> <span class='ocrx_word' id='word_1_11' title='bbox 1641 446 1814 498; x_wconf 76' lang='grc' dir='ltr'>Μανοι</span> 
     </span>
    </p>
   </div>
   <div class='ocr_carea' id='block_1_5' title="bbox 2109 439 3675 518">
    <p class='ocr_par' dir='ltr' id='par_1_5' title="bbox 2109 441 3675 516">
     <span class='ocr_line' id='line_1_5' title="bbox 2109 441 3675 516; baseline 0.005 -19"><span class='ocrx_word' id='word_1_12' title='bbox 2109 441 2471 499; x_wconf 76' lang='lat' dir='ltr'><strong>stodiendam</strong></span> <span class='ocrx_word' id='word_1_13' title='bbox 2515 441 2788 499; x_wconf 67' lang='lat' dir='ltr'><strong>Nicmam.</strong></span> <span class='ocrx_word' id='word_1_14' title='bbox 2824 441 2999 500; x_wconf 88' lang='lat' dir='ltr'><strong>Paulo</strong></span> <span class='ocrx_word' id='word_1_15' title='bbox 3031 448 3163 516; x_wconf 89' lang='lat' dir='ltr'><strong>post</strong></span> <span class='ocrx_word' id='word_1_16' title='bbox 3193 446 3263 502; x_wconf 86' lang='lat' dir='ltr'><strong>ad</strong></span> <span class='ocrx_word' id='word_1_17' title='bbox 3297 461 3426 502; x_wconf 87' lang='lat' dir='ltr'><strong>eam</strong></span> <span class='ocrx_word' id='word_1_18' title='bbox 3468 447 3675 505; x_wconf 85' lang='lat' dir='ltr'><strong>urbem</strong></span> 
     </span>
    </p>
   </div>
   <div class='ocr_carea' id='block_1_6' title="bbox 250 528 1911 608">
    <p class='ocr_par' dir='ltr' id='par_1_6' title="bbox 250 528 1911 608">
     <span class='ocr_line' id='line_1_6' title="bbox 250 528 1911 608; baseline -0.002 -22"><span class='ocrx_word' id='word_1_19' title='bbox 250 532 543 607; x_wconf 74' lang='grc' dir='ltr'>πατρίκιον</span> <span class='ocrx_word' id='word_1_20' title='bbox 598 533 692 586; x_wconf 89' lang='grc' dir='ltr'>τὸν</span> <span class='ocrx_word' id='word_1_21' title='bbox 727 532 1030 608; x_wconf 83' lang='grc' dir='ltr'>Ἐρωτικὸν</span> <span class='ocrx_word' id='word_1_22' title='bbox 1066 575 1080 601; x_wconf 91' lang='grc'><strong>,</strong></span> <span class='ocrx_word' id='word_1_23' title='bbox 1139 531 1197 587; x_wconf 87' lang='grc' dir='ltr'><strong>ἐκ</strong></span> <span class='ocrx_word' id='word_1_24' title='bbox 1245 533 1437 608; x_wconf 83' lang='grc' dir='ltr'>γένους</span> <span class='ocrx_word' id='word_1_25' title='bbox 1486 553 1545 587; x_wconf 92' lang='grc' dir='ltr'><strong>τε</strong></span> <span class='ocrx_word' id='word_1_26' title='bbox 1597 528 1763 605; x_wconf 76' lang='grc' dir='ltr'>ἄνδρα</span> <span class='ocrx_word' id='word_1_27' title='bbox 1820 531 1911 585; x_wconf 84' lang='grc' dir='ltr'><strong>καὶ</strong></span> 
     </span>
    </p>
   </div>
   <div class='ocr_carea' id='block_1_7' title="bbox 251 616 1911 699">
    <p class='ocr_par' dir='ltr' id='par_1_7' title="bbox 251 616 1911 699">
     <span class='ocr_line' id='line_1_7' title="bbox 251 616 1911 699; baseline -0.002 -22"><span class='ocrx_word' id='word_1_28' title='bbox 251 621 337 677; x_wconf 74' lang='grc' dir='ltr'>ἐπ’</span> <span class='ocrx_word' id='word_1_29' title='bbox 394 622 558 699; x_wconf 77' lang='grc' dir='ltr'>ἀρετῇ</span> <span class='ocrx_word' id='word_1_30' title='bbox 616 616 908 692; x_wconf 75' lang='grc' dir='ltr'>διαϐόητον</span> <span class='ocrx_word' id='word_1_31' title='bbox 941 620 1032 675; x_wconf 82' lang='grc' dir='ltr'><strong>καὶ</strong></span> <span class='ocrx_word' id='word_1_32' title='bbox 1073 619 1285 698; x_wconf 81' lang='grc' dir='ltr'><strong>ἀνδρίᾳ,</strong></span> <span class='ocrx_word' id='word_1_33' title='bbox 1344 625 1596 699; x_wconf 80' lang='grc' dir='ltr'>φρουρεῖν</span> <span class='ocrx_word' id='word_1_34' title='bbox 1644 621 1911 692; x_wconf 70' lang='grc' dir='ltr'>ἐκπέμπει</span> 
     </span>
    </p>
   </div>
   <div class='ocr_carea' id='block_1_8' title="bbox 250 705 1912 785">
    <p class='ocr_par' dir='ltr' id='par_1_8' title="bbox 250 705 1912 785">
     <span class='ocr_line' id='line_1_8' title="bbox 250 705 1912 785; baseline -0.001 -19"><span class='ocrx_word' id='word_1_35' title='bbox 250 713 355 779; x_wconf 81' lang='grc' dir='ltr'>τὴν</span> <span class='ocrx_word' id='word_1_36' title='bbox 413 710 662 766; x_wconf 81' lang='grc' dir='ltr'>Νίκαιαν.</span> <span class='ocrx_word' id='word_1_37' title='bbox 722 712 871 769; x_wconf 74' lang='grc' dir='ltr'>Μετὰ</span> <span class='ocrx_word' id='word_1_38' title='bbox 931 711 1124 785; x_wconf 87' lang='grc' dir='ltr'>μικρὸν</span> <span class='ocrx_word' id='word_1_39' title='bbox 1186 708 1244 765; x_wconf 79' lang='grc' dir='ltr'>δὶ</span> <span class='ocrx_word' id='word_1_40' title='bbox 1306 705 1715 783; x_wconf 78' lang='grc' dir='ltr'>καταλαμϐάνει</span> <span class='ocrx_word' id='word_1_41' title='bbox 1763 709 1912 765; x_wconf 81' lang='grc' dir='ltr'><strong>καὶὸ</strong></span> 
     </span>
    </p>
   </div>
   <div class='ocr_carea' id='block_1_9' title="bbox 257 797 1914 874">
    <p class='ocr_par' dir='ltr' id='par_1_9' title="bbox 257 797 1914 874">
     <span class='ocr_line' id='line_1_9' title="bbox 257 797 1914 874; baseline -0.002 -19"><span class='ocrx_word' id='word_1_42' title='bbox 257 800 536 873; x_wconf 87' lang='grc' dir='ltr'>Σκληρὸς,</span> <span class='ocrx_word' id='word_1_43' title='bbox 566 801 655 854; x_wconf 85' lang='grc' dir='ltr'><strong>καὶ</strong></span> <span class='ocrx_word' id='word_1_44' title='bbox 685 800 754 854; x_wconf 69' lang='grc' dir='ltr'><strong>τὰ</strong></span> <span class='ocrx_word' id='word_1_45' title='bbox 782 800 935 873; x_wconf 37' lang='grc' dir='ltr'>πέροιξ</span> <span class='ocrx_word' id='word_1_46' title='bbox 954 806 1055 869; x_wconf 79' lang='grc' dir='ltr'>τῆς</span> <span class='ocrx_word' id='word_1_47' title='bbox 1090 798 1315 861; x_wconf 77' lang='grc' dir='ltr'><strong>Νικαίας</strong></span> <span class='ocrx_word' id='word_1_48' title='bbox 1341 797 1703 874; x_wconf 80' lang='grc' dir='ltr'><strong>πυρπολήσας</strong></span> <span class='ocrx_word' id='word_1_49' title='bbox 1731 797 1914 874; x_wconf 84' lang='grc' dir='ltr'>χωρία</span> 
     </span>
    </p>
   </div>
   <div class='ocr_carea' id='block_1_10' title="bbox 252 886 1912 964">
    <p class='ocr_par' dir='ltr' id='par_1_10' title="bbox 252 886 1912 964">
     <span class='ocr_line' id='line_1_10' title="bbox 252 886 1912 964; baseline -0.002 -20"><span class='ocrx_word' id='word_1_50' title='bbox 252 888 571 944; x_wconf 87' lang='grc' dir='ltr'>τελευταῖον</span> <span class='ocrx_word' id='word_1_51' title='bbox 628 887 717 943; x_wconf 86' lang='grc' dir='ltr'>καὶ</span> <span class='ocrx_word' id='word_1_52' title='bbox 775 887 859 943; x_wconf 83' lang='grc' dir='ltr'>ἐπ’</span> <span class='ocrx_word' id='word_1_53' title='bbox 915 887 1081 957; x_wconf 75' lang='grc' dir='ltr'>αὐτὴν</span> <span class='ocrx_word' id='word_1_54' title='bbox 1133 890 1232 958; x_wconf 73' lang='grc' dir='ltr'>τὴν</span> <span class='ocrx_word' id='word_1_55' title='bbox 1289 887 1518 946; x_wconf 86' lang='grc' dir='ltr'>Νίκαιαν</span> <span class='ocrx_word' id='word_1_56' title='bbox 1549 886 1789 964; x_wconf 81' lang='grc' dir='ltr'>ἔρχεται,</span> <span class='ocrx_word' id='word_1_57' title='bbox 1822 886 1912 942; x_wconf 84' lang='grc' dir='ltr'>καὶ</span> 
     </span>
    </p>
   </div>
   <div class='ocr_carea' id='block_1_11' title="bbox 256 976 1913 1054">
    <p class='ocr_par' dir='ltr' id='par_1_11' title="bbox 256 976 1913 1054">
     <span class='ocr_line' id='line_1_11' title="bbox 256 976 1913 1054; baseline -0.001 -22"><span class='ocrx_word' id='word_1_58' title='bbox 256 976 549 1033; x_wconf 71' lang='grc' dir='ltr'>ἐλεπόλεσι</span> <span class='ocrx_word' id='word_1_59' title='bbox 603 979 695 1031; x_wconf 78' lang='grc' dir='ltr'><strong>καὶ</strong></span> <span class='ocrx_word' id='word_1_60' title='bbox 757 982 1033 1053; x_wconf 83' lang='grc' dir='ltr'><strong>μηχαναῖς</strong></span> <span class='ocrx_word' id='word_1_61' title='bbox 1087 977 1419 1054; x_wconf 81' lang='grc' dir='ltr'>ἐκπορθῆσαι</span> <span class='ocrx_word' id='word_1_62' title='bbox 1464 977 1740 1053; x_wconf 77' lang='grc' dir='ltr'>ἠπείγετο.</span> <span class='ocrx_word' id='word_1_63' title='bbox 1794 982 1913 1030; x_wconf 89' lang='grc' dir='ltr'>Γεν-</span> 
     </span>
    </p>
   </div>
   <div class='ocr_carea' id='block_1_12' title="bbox 253 1064 1911 1141">
    <p class='ocr_par' dir='ltr' id='par_1_12' title="bbox 253 1064 1911 1141">
     <span class='ocr_line' id='line_1_12' title="bbox 253 1064 1911 1141; baseline -0.002 -20"><span class='ocrx_word' id='word_1_64' title='bbox 253 1068 426 1130; x_wconf 87' lang='grc' dir='ltr'>ναίως</span> <span class='ocrx_word' id='word_1_65' title='bbox 486 1065 543 1122; x_wconf 80' lang='grc' dir='ltr'>δὶ</span> <span class='ocrx_word' id='word_1_66' title='bbox 592 1071 689 1121; x_wconf 72' lang='grc' dir='ltr'>τοῦ</span> <span class='ocrx_word' id='word_1_67' title='bbox 716 1066 980 1137; x_wconf 69' lang='grc' dir='ltr'>Μανουήλ</span> <span class='ocrx_word' id='word_1_68' title='bbox 1016 1064 1418 1141; x_wconf 63' lang='grc' dir='ltr'>ὑποδεξαμένου</span> <span class='ocrx_word' id='word_1_69' title='bbox 1446 1069 1545 1137; x_wconf 75' lang='grc' dir='ltr'>τὴν</span> <span class='ocrx_word' id='word_1_70' title='bbox 1586 1066 1911 1140; x_wconf 80' lang='grc' dir='ltr'><strong>πολιορκίαν</strong></span> 
     </span>
    </p>
   </div>
   <div class='ocr_carea' id='block_1_13' title="bbox 256 1156 1917 1233">
    <p class='ocr_par' dir='ltr' id='par_1_13' title="bbox 256 1156 1917 1233">
     <span class='ocr_line' id='line_1_13' title="bbox 256 1156 1917 1233; baseline -0.001 -22"><span class='ocrx_word' id='word_1_71' title='bbox 256 1159 350 1211; x_wconf 83' lang='grc' dir='ltr'><strong>καὶ</strong></span> <span class='ocrx_word' id='word_1_72' title='bbox 405 1158 501 1220; x_wconf 74' lang='grc' dir='ltr'>τὰς</span> <span class='ocrx_word' id='word_1_73' title='bbox 555 1156 965 1233; x_wconf 84' lang='grc' dir='ltr'>προσαγομένας</span> <span class='ocrx_word' id='word_1_74' title='bbox 995 1162 1075 1229; x_wconf 77' lang='grc' dir='ltr'>τῷ</span> <span class='ocrx_word' id='word_1_75' title='bbox 1133 1158 1304 1232; x_wconf 86' lang='grc' dir='ltr'>τείχει</span> <span class='ocrx_word' id='word_1_76' title='bbox 1357 1156 1633 1229; x_wconf 87' lang='grc' dir='ltr'>κλίμακας</span> <span class='ocrx_word' id='word_1_77' title='bbox 1670 1156 1759 1210; x_wconf 85' lang='grc' dir='ltr'>καὶ</span> <span class='ocrx_word' id='word_1_78' title='bbox 1814 1176 1917 1228; x_wconf 90' lang='grc' dir='ltr'>μη-</span> 
     </span>
    </p>
   </div>
   <div class='ocr_carea' id='block_1_14' title="bbox 256 1244 1913 1323">
    <p class='ocr_par' dir='ltr' id='par_1_14' title="bbox 256 1244 1913 1323">
     <span class='ocr_line' id='line_1_14' title="bbox 256 1244 1913 1323; baseline -0.002 -23"><span class='ocrx_word' id='word_1_79' title='bbox 256 1246 431 1323; x_wconf 72' lang='grc' dir='ltr'>χανὰς</span> <span class='ocrx_word' id='word_1_80' title='bbox 462 1247 738 1319; x_wconf 85' lang='grc' dir='ltr'>σκευαστῷ</span> <span class='ocrx_word' id='word_1_81' title='bbox 791 1246 921 1320; x_wconf 86' lang='grc' dir='ltr'>πυρὶ</span> <span class='ocrx_word' id='word_1_82' title='bbox 953 1245 1433 1320; x_wconf 77' lang='grc' dir='ltr'>πυρπολήσαντος,</span> <span class='ocrx_word' id='word_1_83' title='bbox 1462 1247 1561 1316; x_wconf 76' lang='grc' dir='ltr'><strong>τήν</strong></span> <span class='ocrx_word' id='word_1_84' title='bbox 1593 1244 1652 1299; x_wconf 89' lang='grc' dir='ltr'><strong>ἐκ</strong></span> <span class='ocrx_word' id='word_1_85' title='bbox 1681 1244 1913 1318; x_wconf 90' lang='grc' dir='ltr'>πολιορ-</span> 
     </span>
    </p>
   </div>
   <div class='ocr_carea' id='block_1_15' title="bbox 253 1332 1912 1410">
    <p class='ocr_par' dir='ltr' id='par_1_15' title="bbox 253 1332 1912 1410">
     <span class='ocr_line' id='line_1_15' title="bbox 253 1332 1912 1410; baseline -0.001 -21"><span class='ocrx_word' id='word_1_86' title='bbox 253 1335 378 1399; x_wconf 88' lang='grc' dir='ltr'>κίας</span> <span class='ocrx_word' id='word_1_87' title='bbox 460 1335 665 1390; x_wconf 81' lang='grc' dir='ltr'>ἅλωσιν</span> <span class='ocrx_word' id='word_1_88' title='bbox 760 1335 1028 1410; x_wconf 76' lang='grc' dir='ltr'>ἀπογνοὺς</span> <span class='ocrx_word' id='word_1_89' title='bbox 1111 1336 1140 1390; x_wconf 99' lang='lat'><strong>6</strong></span> <span class='ocrx_word' id='word_1_90' title='bbox 1224 1334 1474 1410; x_wconf 86' lang='grc' dir='ltr'>Σκληρὸς</span> <span class='ocrx_word' id='word_1_91' title='bbox 1558 1332 1727 1405; x_wconf 81' lang='grc' dir='ltr'>ἐνδείᾳ</span> <span class='ocrx_word' id='word_1_92' title='bbox 1806 1337 1912 1388; x_wconf 88' lang='grc' dir='ltr'><strong>τῶν</strong></span> 
     </span>
    </p>
   </div>
   <div class='ocr_carea' id='block_1_16' title="bbox 256 1420 1918 1502">
    <p class='ocr_par' dir='ltr' id='par_1_16' title="bbox 256 1420 1918 1502">
     <span class='ocr_line' id='line_1_16' title="bbox 256 1420 1918 1502; baseline -0.001 -24"><span class='ocrx_word' id='word_1_93' title='bbox 256 1424 569 1500; x_wconf 80' lang='grc' dir='ltr'>ἀναγκαίων</span> <span class='ocrx_word' id='word_1_94' title='bbox 628 1422 859 1494; x_wconf 70' lang='grc' dir='ltr'>ἤλπιζεν</span> <span class='ocrx_word' id='word_1_95' title='bbox 896 1426 1119 1502; x_wconf 69' lang='grc' dir='ltr'>αἱρῆσαι</span> <span class='ocrx_word' id='word_1_96' title='bbox 1149 1427 1251 1495; x_wconf 76' lang='grc' dir='ltr'><strong>τήν</strong></span> <span class='ocrx_word' id='word_1_97' title='bbox 1303 1424 1491 1497; x_wconf 79' lang='grc' dir='ltr'>πόλιν,</span> <span class='ocrx_word' id='word_1_98' title='bbox 1521 1424 1729 1499; x_wconf 83' lang='grc' dir='ltr'>Χρόνου</span> <span class='ocrx_word' id='word_1_99' title='bbox 1765 1420 1822 1477; x_wconf 72' lang='grc' dir='ltr'>δὲ</span> <span class='ocrx_word' id='word_1_100' title='bbox 1849 1421 1918 1496; x_wconf 71' lang='grc' dir='ltr'>τῇ</span> 
     </span>
    </p>
   </div>
   <div class='ocr_carea' id='block_1_17' title="bbox 254 1507 1916 1588">
    <p class='ocr_par' dir='ltr' id='par_1_17' title="bbox 254 1507 1916 1588">
     <span class='ocr_line' id='line_1_17' title="bbox 254 1507 1916 1588; baseline -0.002 -20"><span class='ocrx_word' id='word_1_101' title='bbox 254 1510 561 1588; x_wconf 80' lang='grc' dir='ltr'>πολιορκίᾳ</span> <span class='ocrx_word' id='word_1_102' title='bbox 605 1507 884 1588; x_wconf 73' lang='grc' dir='ltr'>τριϐέντος</span> <span class='ocrx_word' id='word_1_103' title='bbox 942 1511 1161 1569; x_wconf 79' lang='grc' dir='ltr'>πολλοῦ</span> <span class='ocrx_word' id='word_1_104' title='bbox 1188 1514 1277 1569; x_wconf 87' lang='grc' dir='ltr'><strong>καὶ</strong></span> <span class='ocrx_word' id='word_1_105' title='bbox 1307 1517 1415 1569; x_wconf 88' lang='grc' dir='ltr'><strong>τῶν</strong></span> <span class='ocrx_word' id='word_1_106' title='bbox 1472 1510 1623 1567; x_wconf 80' lang='grc' dir='ltr'>ἔνδον</span> <span class='ocrx_word' id='word_1_107' title='bbox 1654 1509 1916 1585; x_wconf 63' lang='grc' dir='ltr'>πιεζομέ-</span> 
     </span>
    </p>
   </div>
   <div class='ocr_carea' id='block_1_18' title="bbox 255 1597 1919 1677">
    <p class='ocr_par' dir='ltr' id='par_1_18' title="bbox 255 1597 1919 1677">
     <span class='ocr_line' id='line_1_18' title="bbox 255 1597 1919 1677; baseline -0.001 -21"><span class='ocrx_word' id='word_1_108' title='bbox 255 1625 370 1658; x_wconf 89' lang='grc' dir='ltr'>νων</span> <span class='ocrx_word' id='word_1_109' title='bbox 426 1605 497 1677; x_wconf 81' lang='grc' dir='ltr'>τῇ</span> <span class='ocrx_word' id='word_1_110' title='bbox 558 1600 815 1674; x_wconf 78' lang='grc' dir='ltr'>σιτοδείᾳ,</span> <span class='ocrx_word' id='word_1_111' title='bbox 876 1605 960 1676; x_wconf 89' lang='grc' dir='ltr'><strong>[Ρ.</strong></span> <span class='ocrx_word' id='word_1_112' title='bbox 992 1605 1120 1673; x_wconf 75' lang='grc'><strong>6911</strong></span> <span class='ocrx_word' id='word_1_113' title='bbox 1182 1604 1259 1675; x_wconf 81' lang='grc' dir='ltr'>μὴ</span> <span class='ocrx_word' id='word_1_114' title='bbox 1314 1600 1458 1677; x_wconf 78' lang='grc' dir='ltr'>ἔχων</span> <span class='ocrx_word' id='word_1_115' title='bbox 1520 1602 1549 1656; x_wconf 83' lang='lat'>6&#39;</span> <span class='ocrx_word' id='word_1_116' title='bbox 1588 1623 1638 1656; x_wconf 90' lang='grc' dir='ltr'><strong>τι</strong></span> <span class='ocrx_word' id='word_1_117' title='bbox 1670 1602 1759 1655; x_wconf 89' lang='grc' dir='ltr'><strong>καὶ</strong></span> <span class='ocrx_word' id='word_1_118' title='bbox 1794 1597 1919 1675; x_wconf 87' lang='grc' dir='ltr'>δρά-</span> 
     </span>
    </p>
   </div>
   <div class='ocr_carea' id='block_1_19' title="bbox 257 1687 1917 1764">
    <p class='ocr_par' dir='ltr' id='par_1_19' title="bbox 257 1687 1917 1764">
     <span class='ocr_line' id='line_1_19' title="bbox 257 1687 1917 1764; baseline -0.002 -19"><span class='ocrx_word' id='word_1_119' title='bbox 257 1711 401 1746; x_wconf 88' lang='grc' dir='ltr'>σειεν</span> <span class='ocrx_word' id='word_1_120' title='bbox 440 1691 468 1745; x_wconf 91' lang='lat'><strong>6</strong></span> <span class='ocrx_word' id='word_1_121' title='bbox 516 1690 779 1761; x_wconf 75' lang='grc' dir='ltr'>Μανουῆλ</span> <span class='ocrx_word' id='word_1_122' title='bbox 829 1688 959 1764; x_wconf 84' lang='grc' dir='ltr'>μηδ’</span> <span class='ocrx_word' id='word_1_123' title='bbox 1009 1690 1129 1744; x_wconf 79' lang='grc' dir='ltr'>ὅθεν</span> <span class='ocrx_word' id='word_1_124' title='bbox 1178 1689 1542 1764; x_wconf 84' lang='grc' dir='ltr'>είσκομίσεται</span> <span class='ocrx_word' id='word_1_125' title='bbox 1580 1688 1645 1744; x_wconf 81' lang='grc' dir='ltr'>τὰ</span> <span class='ocrx_word' id='word_1_126' title='bbox 1687 1689 1825 1763; x_wconf 87' lang='grc' dir='ltr'>πρὸς</span> <span class='ocrx_word' id='word_1_127' title='bbox 1854 1687 1917 1743; x_wconf 87' lang='grc' dir='ltr'><strong>τὸ</strong></span> 
     </span>
    </p>
   </div>
   <div class='ocr_carea' id='block_1_20' title="bbox 258 1774 1918 1856">
    <p class='ocr_par' dir='ltr' id='par_1_20' title="bbox 258 1774 1918 1856">
     <span class='ocr_line' id='line_1_20' title="bbox 258 1774 1918 1856; baseline -0.002 -22"><span class='ocrx_word' id='word_1_128' title='bbox 258 1784 361 1854; x_wconf 79' lang='grc' dir='ltr'><strong>ζῇν</strong></span> <span class='ocrx_word' id='word_1_129' title='bbox 397 1781 682 1856; x_wconf 87' lang='grc' dir='ltr'>ἀναγκαῖα,</span> <span class='ocrx_word' id='word_1_130' title='bbox 737 1778 1012 1853; x_wconf 77' lang='grc' dir='ltr'>ἐπιμελῶς</span> <span class='ocrx_word' id='word_1_131' title='bbox 1065 1783 1163 1835; x_wconf 79' lang='grc' dir='ltr'>τοῦ</span> <span class='ocrx_word' id='word_1_132' title='bbox 1215 1778 1473 1851; x_wconf 80' lang='grc' dir='ltr'>Σκληροῦ</span> <span class='ocrx_word' id='word_1_133' title='bbox 1520 1780 1617 1840; x_wconf 72' lang='grc' dir='ltr'>τὶς</span> <span class='ocrx_word' id='word_1_134' title='bbox 1676 1774 1918 1837; x_wconf 83' lang='grc' dir='ltr'>εἰσόδους</span> 
     </span>
    </p>
   </div>
   <div class='ocr_carea' id='block_1_21' title="bbox 255 1863 1913 1944">
    <p class='ocr_par' dir='ltr' id='par_1_21' title="bbox 255 1863 1913 1944">
     <span class='ocr_line' id='line_1_21' title="bbox 255 1863 1913 1944; baseline 0 -20"><span class='ocrx_word' id='word_1_135' title='bbox 255 1873 584 1944; x_wconf 73' lang='grc' dir='ltr'>τηροῦντος,</span> <span class='ocrx_word' id='word_1_136' title='bbox 652 1868 831 1943; x_wconf 77' lang='grc' dir='ltr'>ἀπάτῃ</span> <span class='ocrx_word' id='word_1_137' title='bbox 891 1869 983 1923; x_wconf 90' lang='grc' dir='ltr'>τὸν</span> <span class='ocrx_word' id='word_1_138' title='bbox 1064 1866 1316 1942; x_wconf 86' lang='grc' dir='ltr'>Σκληρὸν</span> <span class='ocrx_word' id='word_1_139' title='bbox 1389 1863 1530 1944; x_wconf 79' lang='grc' dir='ltr'>ἔγνω</span> <span class='ocrx_word' id='word_1_140' title='bbox 1592 1866 1913 1942; x_wconf 82' lang='grc' dir='ltr'>περιελθεῖν.</span> 
     </span>
    </p>
   </div>
   <div class='ocr_carea' id='block_1_22' title="bbox 255 1952 1918 2031">
    <p class='ocr_par' dir='ltr' id='par_1_22' title="bbox 255 1952 1918 2031">
     <span class='ocr_line' id='line_1_22' title="bbox 255 1952 1918 2031; baseline -0.003 -16"><span class='ocrx_word' id='word_1_141' title='bbox 255 1956 486 2031; x_wconf 71' lang='grc' dir='ltr'>Ἀμέλει</span> <span class='ocrx_word' id='word_1_142' title='bbox 520 1957 610 2012; x_wconf 86' lang='grc' dir='ltr'>καὶ</span> <span class='ocrx_word' id='word_1_143' title='bbox 665 1957 794 2021; x_wconf 77' lang='grc' dir='ltr'>τοὺς</span> <span class='ocrx_word' id='word_1_144' title='bbox 827 1964 927 2027; x_wconf 80' lang='grc' dir='ltr'><strong>τῆς</strong></span> <span class='ocrx_word' id='word_1_145' title='bbox 976 1957 1202 2020; x_wconf 85' lang='grc' dir='ltr'>Νικαίας</span> <span class='ocrx_word' id='word_1_146' title='bbox 1250 1952 1629 2019; x_wconf 75' lang='grc' dir='ltr'>σιτοϐολῶνας</span> <span class='ocrx_word' id='word_1_147' title='bbox 1686 1955 1918 2030; x_wconf 76' lang='grc' dir='ltr'>ψάμμου</span> 
     </span>
    </p>
   </div>
   <div class='ocr_carea' id='block_1_23' title="bbox 256 2044 1921 2121">
    <p class='ocr_par' dir='ltr' id='par_1_23' title="bbox 256 2044 1921 2121">
     <span class='ocr_line' id='line_1_23' title="bbox 256 2044 1921 2121; baseline -0.003 -18"><span class='ocrx_word' id='word_1_148' title='bbox 256 2045 584 2116; x_wconf 80' lang='grc' dir='ltr'>λεληθότως</span> <span class='ocrx_word' id='word_1_149' title='bbox 642 2046 1049 2121; x_wconf 81' lang='grc' dir='ltr'>πεπληρωκὼς,</span> <span class='ocrx_word' id='word_1_150' title='bbox 1096 2048 1187 2101; x_wconf 89' lang='grc' dir='ltr'><strong>καὶ</strong></span> <span class='ocrx_word' id='word_1_151' title='bbox 1230 2046 1361 2119; x_wconf 88' lang='grc' dir='ltr'>σίτῳ</span> <span class='ocrx_word' id='word_1_152' title='bbox 1419 2044 1618 2100; x_wconf 75' lang='grc' dir='ltr'>ἄνωθεν</span> <span class='ocrx_word' id='word_1_153' title='bbox 1659 2048 1759 2114; x_wconf 76' lang='grc' dir='ltr'><strong>τήν</strong></span> <span class='ocrx_word' id='word_1_154' title='bbox 1808 2044 1921 2099; x_wconf 62' lang='grc' dir='ltr'>ἐπι-</span> 
     </span>
    </p>
   </div>
   <div class='ocr_carea' id='block_1_24' title="bbox 258 2131 1919 2212">
    <p class='ocr_par' dir='ltr' id='par_1_24' title="bbox 258 2131 1919 2212">
     <span class='ocr_line' id='line_1_24' title="bbox 258 2131 1919 2212; baseline -0.001 -23"><span class='ocrx_word' id='word_1_155' title='bbox 258 2134 485 2212; x_wconf 81' lang='grc' dir='ltr'>φάνειαν</span> <span class='ocrx_word' id='word_1_156' title='bbox 551 2134 889 2212; x_wconf 86' lang='grc' dir='ltr'>ἐπιχρώσας,</span> <span class='ocrx_word' id='word_1_157' title='bbox 942 2136 1015 2197; x_wconf 85' lang='grc' dir='ltr'>ὡς</span> <span class='ocrx_word' id='word_1_158' title='bbox 1078 2134 1403 2199; x_wconf 71' lang='grc' dir='ltr'>κλέπτεσθαι</span> <span class='ocrx_word' id='word_1_159' title='bbox 1455 2134 1551 2197; x_wconf 74' lang='grc' dir='ltr'><strong>τὰς</strong></span> <span class='ocrx_word' id='word_1_160' title='bbox 1606 2131 1759 2208; x_wconf 75' lang='grc' dir='ltr'>ὄψεις</span> <span class='ocrx_word' id='word_1_161' title='bbox 1810 2136 1919 2188; x_wconf 89' lang='grc' dir='ltr'><strong>τῶν</strong></span> 
     </span>
    </p>
   </div>
   <div class='ocr_carea' id='block_1_25' title="bbox 263 2216 1921 2297">
    <p class='ocr_par' dir='ltr' id='par_1_25' title="bbox 263 2216 1921 2297">
     <span class='ocr_line' id='line_1_25' title="bbox 263 2216 1921 2297; baseline -0.002 -19"><span class='ocrx_word' id='word_1_162' title='bbox 263 2225 583 2297; x_wconf 71' lang='grc' dir='ltr'>θεωμένων,</span> <span class='ocrx_word' id='word_1_163' title='bbox 630 2224 782 2287; x_wconf 80' lang='grc' dir='ltr'>τινὰς</span> <span class='ocrx_word' id='word_1_164' title='bbox 830 2229 937 2278; x_wconf 86' lang='grc' dir='ltr'><strong>τῶν</strong></span> <span class='ocrx_word' id='word_1_165' title='bbox 986 2223 1288 2293; x_wconf 85' lang='grc' dir='ltr'>ἡλωκότων</span> <span class='ocrx_word' id='word_1_166' title='bbox 1332 2224 1436 2278; x_wconf 86' lang='grc' dir='ltr'>ἀπὸ</span> <span class='ocrx_word' id='word_1_167' title='bbox 1468 2216 1579 2293; x_wconf 81' lang='grc' dir='ltr'><strong>τῆς</strong></span> <span class='ocrx_word' id='word_1_168' title='bbox 1619 2227 1726 2277; x_wconf 87' lang='grc' dir='ltr'><strong>τῶν</strong></span> <span class='ocrx_word' id='word_1_169' title='bbox 1778 2221 1921 2276; x_wconf 85' lang='grc' dir='ltr'>ἐναν-</span> 
     </span>
    </p>
   </div>
   <div class='ocr_carea' id='block_1_26' title="bbox 260 2310 1920 2387">
    <p class='ocr_par' dir='ltr' id='par_1_26' title="bbox 260 2310 1920 2387">
     <span class='ocr_line' id='line_1_26' title="bbox 260 2310 1920 2387; baseline -0.002 -20"><span class='ocrx_word' id='word_1_170' title='bbox 260 2312 404 2368; x_wconf 88' lang='grc' dir='ltr'>τίων</span> <span class='ocrx_word' id='word_1_171' title='bbox 465 2312 661 2387; x_wconf 80' lang='grc' dir='ltr'>μοίρας</span> <span class='ocrx_word' id='word_1_172' title='bbox 717 2310 1230 2387; x_wconf 88' lang='grc' dir='ltr'>προσκαλεσάμενος</span> <span class='ocrx_word' id='word_1_173' title='bbox 1286 2310 1493 2368; x_wconf 81' lang='grc' dir='ltr'>ἐδείκνυ</span> <span class='ocrx_word' id='word_1_174' title='bbox 1536 2313 1603 2366; x_wconf 72' lang='grc' dir='ltr'>τὰ</span> <span class='ocrx_word' id='word_1_175' title='bbox 1660 2316 1920 2383; x_wconf 82' lang='grc' dir='ltr'>ταμιεῖα,</span> 
     </span>
    </p>
   </div>
   <div class='ocr_carea' id='block_1_27' title="bbox 263 2399 1923 2479">
    <p class='ocr_par' dir='ltr' id='par_1_27' title="bbox 263 2399 1923 2479">
     <span class='ocr_line' id='line_1_27' title="bbox 263 2399 1923 2479; baseline -0.002 -23"><span class='ocrx_word' id='word_1_176' title='bbox 263 2402 362 2457; x_wconf 87' lang='grc' dir='ltr'><strong>καὶ</strong></span> <span class='ocrx_word' id='word_1_177' title='bbox 423 2403 558 2477; x_wconf 88' lang='grc' dir='ltr'>πρὸς</span> <span class='ocrx_word' id='word_1_178' title='bbox 585 2402 675 2456; x_wconf 89' lang='grc' dir='ltr'><strong>τὸν</strong></span> <span class='ocrx_word' id='word_1_179' title='bbox 708 2400 962 2477; x_wconf 83' lang='grc' dir='ltr'>Σκληρὸν</span> <span class='ocrx_word' id='word_1_180' title='bbox 1021 2401 1335 2479; x_wconf 76' lang='grc' dir='ltr'>ἐπαφίησιν,</span> <span class='ocrx_word' id='word_1_181' title='bbox 1396 2401 1563 2455; x_wconf 73' lang='grc' dir='ltr'>εἰπεῖν</span> <span class='ocrx_word' id='word_1_182' title='bbox 1597 2399 1923 2472; x_wconf 73' lang='grc' dir='ltr'>ἐπισκήψας,</span> 
     </span>
    </p>
   </div>
   <div class='ocr_carea' id='block_1_28' title="bbox 270 2487 1924 2567">
    <p class='ocr_par' dir='ltr' id='par_1_28' title="bbox 270 2487 1924 2567">
     <span class='ocr_line' id='line_1_28' title="bbox 270 2487 1924 2567; baseline -0.002 -22"><span class='ocrx_word' id='word_1_183' title='bbox 270 2492 490 2564; x_wconf 76' lang='grc' dir='ltr'>ὅτιπερ,</span> <span class='ocrx_word' id='word_1_184' title='bbox 519 2492 628 2559; x_wconf 77' lang='grc' dir='ltr'>Τὴν</span> <span class='ocrx_word' id='word_1_185' title='bbox 656 2490 715 2546; x_wconf 86' lang='grc' dir='ltr'><strong>ἐκ</strong></span> <span class='ocrx_word' id='word_1_186' title='bbox 741 2494 838 2545; x_wconf 72' lang='grc' dir='ltr'><strong>τοῦ</strong></span> <span class='ocrx_word' id='word_1_187' title='bbox 870 2488 1040 2565; x_wconf 74' lang='grc' dir='ltr'><strong>λιμοῦ</strong></span> <span class='ocrx_word' id='word_1_188' title='bbox 1070 2489 1397 2567; x_wconf 79' lang='grc' dir='ltr'>πολιορκίαν</span> <span class='ocrx_word' id='word_1_189' title='bbox 1431 2490 1492 2544; x_wconf 72' lang='grc' dir='ltr'><strong>οὺ</strong></span> <span class='ocrx_word' id='word_1_190' title='bbox 1525 2487 1741 2544; x_wconf 75' lang='grc' dir='ltr'>δέδοικα</span> <span class='ocrx_word' id='word_1_191' title='bbox 1766 2488 1924 2558; x_wconf 86' lang='grc' dir='ltr'>(ἀπο-</span> 
     </span>
    </p>
   </div>
   <div class='ocr_carea' id='block_1_29' title="bbox 267 2576 1925 2657">
    <p class='ocr_par' dir='ltr' id='par_1_29' title="bbox 267 2576 1925 2657">
     <span class='ocr_line' id='line_1_29' title="bbox 267 2576 1925 2657; baseline -0.002 -23"><span class='ocrx_word' id='word_1_192' title='bbox 267 2581 500 2657; x_wconf 79' lang='grc' dir='ltr'>χρώσας</span> <span class='ocrx_word' id='word_1_193' title='bbox 539 2582 644 2656; x_wconf 72' lang='grc' dir='ltr'>γὰρ</span> <span class='ocrx_word' id='word_1_194' title='bbox 692 2577 808 2656; x_wconf 79' lang='grc' dir='ltr'>ἔχω</span> <span class='ocrx_word' id='word_1_195' title='bbox 849 2580 1053 2657; x_wconf 81' lang='grc' dir='ltr'>τροφὰς</span> <span class='ocrx_word' id='word_1_196' title='bbox 1104 2579 1193 2635; x_wconf 83' lang='grc' dir='ltr'>καὶ</span> <span class='ocrx_word' id='word_1_197' title='bbox 1245 2579 1332 2635; x_wconf 75' lang='grc' dir='ltr'><strong>ἐπὶ</strong></span> <span class='ocrx_word' id='word_1_198' title='bbox 1373 2577 1523 2635; x_wconf 87' lang='grc' dir='ltr'>δυσὶν</span> <span class='ocrx_word' id='word_1_199' title='bbox 1554 2578 1708 2640; x_wconf 77' lang='grc' dir='ltr'>ὅλοις</span> <span class='ocrx_word' id='word_1_200' title='bbox 1741 2576 1925 2651; x_wconf 83' lang='grc' dir='ltr'>ἔτεσι),</span> 
     </span>
    </p>
   </div>
   <div class='ocr_carea' id='block_1_30' title="bbox 270 2665 1926 2743">
    <p class='ocr_par' dir='ltr' id='par_1_30' title="bbox 270 2665 1926 2743">
     <span class='ocr_line' id='line_1_30' title="bbox 270 2665 1926 2743; baseline -0.002 -20"><span class='ocrx_word' id='word_1_201' title='bbox 270 2668 573 2743; x_wconf 83' lang='grc' dir='ltr'>πολιορκίᾳ</span> <span class='ocrx_word' id='word_1_202' title='bbox 605 2667 661 2723; x_wconf 78' lang='grc' dir='ltr'>δὶ</span> <span class='ocrx_word' id='word_1_203' title='bbox 690 2669 878 2731; x_wconf 80' lang='grc' dir='ltr'>ἄλλως</span> <span class='ocrx_word' id='word_1_204' title='bbox 910 2672 943 2739; x_wconf 77' lang='grc' dir='ltr'>ἡ</span> <span class='ocrx_word' id='word_1_205' title='bbox 977 2668 1140 2734; x_wconf 87' lang='grc' dir='ltr'>πόλις</span> <span class='ocrx_word' id='word_1_206' title='bbox 1170 2669 1469 2731; x_wconf 83' lang='grc' dir='ltr'>ἀνάλωτος·</span> <span class='ocrx_word' id='word_1_207' title='bbox 1501 2670 1569 2723; x_wconf 73' lang='grc' dir='ltr'><strong>τά</strong></span> <span class='ocrx_word' id='word_1_208' title='bbox 1599 2668 1666 2721; x_wconf 71' lang='grc' dir='ltr'><strong>σά</strong></span> <span class='ocrx_word' id='word_1_209' title='bbox 1714 2665 1758 2721; x_wconf 81' lang='grc' dir='ltr'>δ’</span> <span class='ocrx_word' id='word_1_210' title='bbox 1816 2666 1926 2742; x_wconf 86' lang='grc' dir='ltr'>ἐγὼ</span> 
     </span>
    </p>
   </div>
   <div class='ocr_carea' id='block_1_31' title="bbox 268 2754 1930 2833">
    <p class='ocr_par' dir='ltr' id='par_1_31' title="bbox 268 2754 1930 2833">
     <span class='ocr_line' id='line_1_31' title="bbox 268 2754 1930 2833; baseline -0.002 -20"><span class='ocrx_word' id='word_1_211' title='bbox 268 2762 492 2833; x_wconf 89' lang='grc' dir='ltr'>φρονῶν</span> <span class='ocrx_word' id='word_1_212' title='bbox 536 2755 760 2831; x_wconf 71' lang='grc' dir='ltr'>ἓτοιμός</span> <span class='ocrx_word' id='word_1_213' title='bbox 806 2756 921 2831; x_wconf 69' lang='grc' dir='ltr'>εἶμι</span> <span class='ocrx_word' id='word_1_214' title='bbox 973 2758 1293 2827; x_wconf 82' lang='grc' dir='ltr'>ὑπεκστῆναί</span> <span class='ocrx_word' id='word_1_215' title='bbox 1350 2778 1435 2812; x_wconf 91' lang='grc' dir='ltr'><strong>σοι</strong></span> <span class='ocrx_word' id='word_1_216' title='bbox 1477 2763 1578 2827; x_wconf 83' lang='grc' dir='ltr'>τῆς</span> <span class='ocrx_word' id='word_1_217' title='bbox 1604 2754 1846 2827; x_wconf 88' lang='grc' dir='ltr'>πόλεως,</span> <span class='ocrx_word' id='word_1_218' title='bbox 1878 2754 1930 2810; x_wconf 78' lang='grc' dir='ltr'><strong>εἷ’</strong></span> 
     </span>
    </p>
   </div>
   <div class='ocr_carea' id='block_1_32' title="bbox 1950 1814 1997 1879">
    <p class='ocr_par' dir='ltr' id='par_1_32' title="bbox 1950 1814 1997 1879">
     <span class='ocr_line' id='line_1_32' title="bbox 1950 1814 1997 1879; baseline 0 0"><span class='ocrx_word' id='word_1_219' title='bbox 1950 1814 1997 1879; x_wconf 92' lang='grc' dir='ltr'><strong>Β</strong></span> 
     </span>
    </p>
   </div>
   <div class='ocr_carea' id='block_1_33' title="bbox 2023 531 3675 599">
    <p class='ocr_par' dir='ltr' id='par_1_33' title="bbox 2023 531 3675 599">
     <span class='ocr_line' id='line_1_33' title="bbox 2023 531 3675 599; baseline 0.004 -12"><span class='ocrx_word' id='word_1_220' title='bbox 2023 531 2247 587; x_wconf 83' lang='lat' dir='ltr'><strong>accedit</strong></span> <span class='ocrx_word' id='word_1_221' title='bbox 2276 531 2489 599; x_wconf 91' lang='lat' dir='ltr'><strong>Durus,</strong></span> <span class='ocrx_word' id='word_1_222' title='bbox 2513 536 2572 586; x_wconf 90' lang='lat' dir='ltr'><strong>et</strong></span> <span class='ocrx_word' id='word_1_223' title='bbox 2602 532 2871 587; x_wconf 89' lang='lat' dir='ltr'><strong>incendio</strong></span> <span class='ocrx_word' id='word_1_224' title='bbox 2901 538 3163 589; x_wconf 88' lang='lat' dir='ltr'><strong>evastata</strong></span> <span class='ocrx_word' id='word_1_225' title='bbox 3191 534 3407 591; x_wconf 76' lang='lat' dir='ltr'><strong>vicinia</strong></span> <span class='ocrx_word' id='word_1_226' title='bbox 3436 538 3675 593; x_wconf 84' lang='lat' dir='ltr'><strong>tandem</strong></span> 
     </span>
    </p>
   </div>
   <div class='ocr_carea' id='block_1_34' title="bbox 2023 620 3676 695">
    <p class='ocr_par' dir='ltr' id='par_1_34' title="bbox 2023 620 3676 695">
     <span class='ocr_line' id='line_1_34' title="bbox 2023 620 3676 695; baseline 0.005 -21"><span class='ocrx_word' id='word_1_227' title='bbox 2023 620 2213 692; x_wconf 83' lang='lat' dir='ltr'><strong>ipsam</strong></span> <span class='ocrx_word' id='word_1_228' title='bbox 2236 637 2469 691; x_wconf 90' lang='lat' dir='ltr'><strong>quoque</strong></span> <span class='ocrx_word' id='word_1_229' title='bbox 2494 621 2784 676; x_wconf 84' lang='lat' dir='ltr'><strong>machinis</strong></span> <span class='ocrx_word' id='word_1_230' title='bbox 2807 622 3090 678; x_wconf 80' lang='lat' dir='ltr'><strong>adhibitis</strong></span> <span class='ocrx_word' id='word_1_231' title='bbox 3111 630 3431 695; x_wconf 80' lang='lat' dir='ltr'><strong>oppugnat.</strong></span> <span class='ocrx_word' id='word_1_232' title='bbox 3448 625 3516 681; x_wconf 87' lang='lat' dir='ltr'><strong>Et</strong></span> <span class='ocrx_word' id='word_1_233' title='bbox 3541 642 3676 681; x_wconf 92' lang='lat' dir='ltr'><strong>cum</strong></span> 
     </span>
    </p>
   </div>
   <div class='ocr_carea' id='block_1_35' title="bbox 2023 709 3678 784">
    <p class='ocr_par' dir='ltr' id='par_1_35' title="bbox 2023 709 3678 784">
     <span class='ocr_line' id='line_1_35' title="bbox 2023 709 3678 784; baseline 0.004 -21"><span class='ocrx_word' id='word_1_234' title='bbox 2023 709 2248 765; x_wconf 75' lang='lat' dir='ltr'><strong>fortiter</strong></span> <span class='ocrx_word' id='word_1_235' title='bbox 2277 710 2614 765; x_wconf 80' lang='lat' dir='ltr'><strong>defenderet</strong></span> <span class='ocrx_word' id='word_1_236' title='bbox 2642 710 2964 781; x_wconf 87' lang='lat' dir='ltr'><strong>Manuelus,</strong></span> <span class='ocrx_word' id='word_1_237' title='bbox 2995 711 3304 784; x_wconf 90' lang='lat' dir='ltr'><strong>scalasque</strong></span> <span class='ocrx_word' id='word_1_238' title='bbox 3350 719 3409 769; x_wconf 90' lang='lat' dir='ltr'><strong>et</strong></span> <span class='ocrx_word' id='word_1_239' title='bbox 3452 715 3678 770; x_wconf 89' lang='lat' dir='ltr'><strong>machi-</strong></span> 
     </span>
    </p>
   </div>
   <div class='ocr_carea' id='block_1_36' title="bbox 2023 798 3677 871">
    <p class='ocr_par' dir='ltr' id='par_1_36' title="bbox 2023 798 3677 871">
     <span class='ocr_line' id='line_1_36' title="bbox 2023 798 3677 871; baseline 0.004 -18"><span class='ocrx_word' id='word_1_240' title='bbox 2023 816 2130 854; x_wconf 93' lang='lat' dir='ltr'><strong>nas</strong></span> <span class='ocrx_word' id='word_1_241' title='bbox 2161 799 2429 854; x_wconf 88' lang='lat' dir='ltr'><strong>admotas</strong></span> <span class='ocrx_word' id='word_1_242' title='bbox 2458 798 2581 871; x_wconf 85' lang='lat' dir='ltr'><strong>igni</strong></span> <span class='ocrx_word' id='word_1_243' title='bbox 2613 799 2933 855; x_wconf 81' lang='lat' dir='ltr'><strong>artiﬁcioso</strong></span> <span class='ocrx_word' id='word_1_244' title='bbox 2965 806 3267 871; x_wconf 87' lang='lat' dir='ltr'><strong>cremaret,</strong></span> <span class='ocrx_word' id='word_1_245' title='bbox 3292 802 3344 857; x_wconf 89' lang='lat' dir='ltr'><strong>vi</strong></span> <span class='ocrx_word' id='word_1_246' title='bbox 3377 819 3439 859; x_wconf 89' lang='lat' dir='ltr'><strong>se</strong></span> <span class='ocrx_word' id='word_1_247' title='bbox 3470 805 3677 859; x_wconf 89' lang='lat' dir='ltr'><strong>urbem</strong></span> 
     </span>
    </p>
   </div>
   <div class='ocr_carea' id='block_1_37' title="bbox 2023 889 3678 963">
    <p class='ocr_par' dir='ltr' id='par_1_37' title="bbox 2023 889 3678 963">
     <span class='ocr_line' id='line_1_37' title="bbox 2023 889 3678 963; baseline 0.003 -20"><span class='ocrx_word' id='word_1_248' title='bbox 2023 904 2356 961; x_wconf 85' lang='lat' dir='ltr'><strong>expugnare</strong></span> <span class='ocrx_word' id='word_1_249' title='bbox 2396 904 2568 959; x_wconf 84' lang='lat' dir='ltr'><strong>posse</strong></span> <span class='ocrx_word' id='word_1_250' title='bbox 2611 889 2931 960; x_wconf 82' lang='lat' dir='ltr'><strong>desperans</strong></span> <span class='ocrx_word' id='word_1_251' title='bbox 2978 890 3217 961; x_wconf 89' lang='lat' dir='ltr'><strong>Bardas,</strong></span> <span class='ocrx_word' id='word_1_252' title='bbox 3251 892 3323 947; x_wconf 93' lang='lat' dir='ltr'><strong>ob</strong></span> <span class='ocrx_word' id='word_1_253' title='bbox 3372 894 3678 963; x_wconf 88' lang='lat' dir='ltr'><strong>penuriam</strong></span> 
     </span>
    </p>
   </div>
   <div class='ocr_carea' id='block_1_38' title="bbox 2024 976 3677 1049">
    <p class='ocr_par' dir='ltr' id='par_1_38' title="bbox 2024 976 3677 1049">
     <span class='ocr_line' id='line_1_38' title="bbox 2024 976 3677 1049; baseline 0.005 -18"><span class='ocrx_word' id='word_1_254' title='bbox 2024 982 2220 1032; x_wconf 88' lang='lat' dir='ltr'><strong>autem</strong></span> <span class='ocrx_word' id='word_1_255' title='bbox 2238 977 2501 1031; x_wconf 70' lang='lat' dir='ltr'><strong>deditum</strong></span> <span class='ocrx_word' id='word_1_256' title='bbox 2522 976 2589 1031; x_wconf 85' lang='lat' dir='ltr'><strong>iri</strong></span> <span class='ocrx_word' id='word_1_257' title='bbox 2615 977 2852 1033; x_wconf 89' lang='lat' dir='ltr'><strong>tandem</strong></span> <span class='ocrx_word' id='word_1_258' title='bbox 2872 978 3156 1049; x_wconf 86' lang='lat' dir='ltr'><strong>cogitans,</strong></span> <span class='ocrx_word' id='word_1_259' title='bbox 3188 978 3287 1034; x_wconf 90' lang='lat' dir='ltr'><strong>diu</strong></span> <span class='ocrx_word' id='word_1_260' title='bbox 3308 980 3677 1039; x_wconf 86' lang='lat' dir='ltr'><strong>obsidionem</strong></span> 
     </span>
    </p>
   </div>
   <div class='ocr_carea' id='block_1_39' title="bbox 2022 1063 3679 1139">
    <p class='ocr_par' dir='ltr' id='par_1_39' title="bbox 2022 1063 3679 1139">
     <span class='ocr_line' id='line_1_39' title="bbox 2022 1063 3679 1139; baseline 0.004 -19"><span class='ocrx_word' id='word_1_261' title='bbox 2022 1066 2219 1120; x_wconf 85' lang='lat' dir='ltr'><strong>traxit.</strong></span> <span class='ocrx_word' id='word_1_262' title='bbox 2243 1063 2564 1137; x_wconf 88' lang='lat' dir='ltr'><strong>Oppidanis</strong></span> <span class='ocrx_word' id='word_1_263' title='bbox 2592 1065 3005 1120; x_wconf 85' lang='lat' dir='ltr'><strong>alimentorum</strong></span> <span class='ocrx_word' id='word_1_264' title='bbox 3028 1066 3259 1123; x_wconf 85' lang='lat' dir='ltr'><strong>defectu</strong></span> <span class='ocrx_word' id='word_1_265' title='bbox 3290 1073 3531 1139; x_wconf 89' lang='lat' dir='ltr'><strong>pressis,</strong></span> <span class='ocrx_word' id='word_1_266' title='bbox 3555 1074 3679 1127; x_wconf 84' lang='lat' dir='ltr'><strong>Ma-</strong></span> 
     </span>
    </p>
   </div>
   <div class='ocr_carea' id='block_1_40' title="bbox 2025 1154 3679 1225">
    <p class='ocr_par' dir='ltr' id='par_1_40' title="bbox 2025 1154 3679 1225">
     <span class='ocr_line' id='line_1_40' title="bbox 2025 1154 3679 1225; baseline 0.005 -17"><span class='ocrx_word' id='word_1_267' title='bbox 2025 1154 2235 1209; x_wconf 88' lang='lat' dir='ltr'><strong>nuelus</strong></span> <span class='ocrx_word' id='word_1_268' title='bbox 2268 1170 2383 1225; x_wconf 91' lang='lat' dir='ltr'><strong>quo</strong></span> <span class='ocrx_word' id='word_1_269' title='bbox 2432 1170 2492 1209; x_wconf 90' lang='lat' dir='ltr'><strong>se</strong></span> <span class='ocrx_word' id='word_1_270' title='bbox 2537 1158 2785 1209; x_wconf 87' lang='lat' dir='ltr'><strong>verteret</strong></span> <span class='ocrx_word' id='word_1_271' title='bbox 2824 1156 3080 1223; x_wconf 89' lang='lat' dir='ltr'><strong>nescius,</strong></span> <span class='ocrx_word' id='word_1_272' title='bbox 3115 1172 3250 1212; x_wconf 92' lang='lat' dir='ltr'><strong>cum</strong></span> <span class='ocrx_word' id='word_1_273' title='bbox 3297 1162 3450 1214; x_wconf 91' lang='lat' dir='ltr'><strong>Duro</strong></span> <span class='ocrx_word' id='word_1_274' title='bbox 3483 1161 3679 1216; x_wconf 88' lang='lat' dir='ltr'><strong>aditus</strong></span> 
     </span>
    </p>
   </div>
   <div class='ocr_carea' id='block_1_41' title="bbox 2029 1243 3678 1318">
    <p class='ocr_par' dir='ltr' id='par_1_41' title="bbox 2029 1243 3678 1318">
     <span class='ocr_line' id='line_1_41' title="bbox 2029 1243 3678 1318; baseline 0.005 -21"><span class='ocrx_word' id='word_1_275' title='bbox 2029 1243 2191 1298; x_wconf 88' lang='lat' dir='ltr'><strong>urbis</strong></span> <span class='ocrx_word' id='word_1_276' title='bbox 2221 1248 2486 1297; x_wconf 86' lang='lat' dir='ltr'><strong>accurate</strong></span> <span class='ocrx_word' id='word_1_277' title='bbox 2509 1243 2875 1298; x_wconf 86' lang='lat' dir='ltr'><strong>custodiente</strong></span> <span class='ocrx_word' id='word_1_278' title='bbox 2906 1244 3099 1299; x_wconf 91' lang='lat' dir='ltr'><strong>invehi</strong></span> <span class='ocrx_word' id='word_1_279' title='bbox 3127 1245 3273 1300; x_wconf 88' lang='lat' dir='ltr'><strong>nihil</strong></span> <span class='ocrx_word' id='word_1_280' title='bbox 3304 1253 3523 1318; x_wconf 88' lang='lat' dir='ltr'><strong>posset,</strong></span> <span class='ocrx_word' id='word_1_281' title='bbox 3545 1248 3678 1306; x_wconf 91' lang='lat' dir='ltr'><strong>dolo</strong></span> 
     </span>
    </p>
   </div>
   <div class='ocr_carea' id='block_1_42' title="bbox 2027 1332 3679 1395">
    <p class='ocr_par' dir='ltr' id='par_1_42' title="bbox 2027 1332 3679 1395">
     <span class='ocr_line' id='line_1_42' title="bbox 2027 1332 3679 1395; baseline 0.005 -8"><span class='ocrx_word' id='word_1_282' title='bbox 2027 1332 2449 1388; x_wconf 88' lang='lat' dir='ltr'><strong>circumvenire</strong></span> <span class='ocrx_word' id='word_1_283' title='bbox 2500 1348 2635 1388; x_wconf 86' lang='lat' dir='ltr'><strong>cum</strong></span> <span class='ocrx_word' id='word_1_284' title='bbox 2684 1332 2907 1387; x_wconf 87' lang='lat' dir='ltr'><strong>statuit.</strong></span> <span class='ocrx_word' id='word_1_285' title='bbox 2952 1334 3231 1390; x_wconf 88' lang='lat' dir='ltr'><strong>Grenaria</strong></span> <span class='ocrx_word' id='word_1_286' title='bbox 3277 1335 3478 1393; x_wconf 63' lang='lat' dir='ltr'><strong>Nicaea:</strong></span> <span class='ocrx_word' id='word_1_287' title='bbox 3528 1339 3679 1395; x_wconf 89' lang='lat' dir='ltr'><strong>clam</strong></span> 
     </span>
    </p>
   </div>
   <div class='ocr_carea' id='block_1_43' title="bbox 2027 1420 3683 1493">
    <p class='ocr_par' dir='ltr' id='par_1_43' title="bbox 2027 1420 3683 1493">
     <span class='ocr_line' id='line_1_43' title="bbox 2027 1420 3683 1493; baseline 0.005 -18"><span class='ocrx_word' id='word_1_288' title='bbox 2027 1439 2203 1477; x_wconf 87' lang='lat' dir='ltr'><strong>arena</strong></span> <span class='ocrx_word' id='word_1_289' title='bbox 2231 1425 2509 1491; x_wconf 85' lang='lat' dir='ltr'><strong>congesta</strong></span> <span class='ocrx_word' id='word_1_290' title='bbox 2540 1420 2768 1493; x_wconf 87' lang='lat' dir='ltr'><strong>implet,</strong></span> <span class='ocrx_word' id='word_1_291' title='bbox 2798 1421 2855 1477; x_wconf 90' lang='lat' dir='ltr'><strong>in</strong></span> <span class='ocrx_word' id='word_1_292' title='bbox 2887 1422 3196 1493; x_wconf 83' lang='lat' dir='ltr'><strong>superﬁcie</strong></span> <span class='ocrx_word' id='word_1_293' title='bbox 3227 1426 3517 1483; x_wconf 83' lang='lat' dir='ltr'><strong>frumento</strong></span> <span class='ocrx_word' id='word_1_294' title='bbox 3548 1444 3683 1484; x_wconf 85' lang='lat' dir='ltr'><strong>con-</strong></span> 
     </span>
    </p>
   </div>
   <div class='ocr_carea' id='block_1_44' title="bbox 2028 1509 3681 1585">
    <p class='ocr_par' dir='ltr' id='par_1_44' title="bbox 2028 1509 3681 1585">
     <span class='ocr_line' id='line_1_44' title="bbox 2028 1509 3681 1585; baseline 0.005 -20"><span class='ocrx_word' id='word_1_295' title='bbox 2028 1515 2235 1579; x_wconf 86' lang='lat' dir='ltr'><strong>trata,</strong></span> <span class='ocrx_word' id='word_1_296' title='bbox 2269 1513 2333 1564; x_wconf 88' lang='lat' dir='ltr'><strong>ut</strong></span> <span class='ocrx_word' id='word_1_297' title='bbox 2365 1526 2538 1566; x_wconf 89' lang='lat' dir='ltr'><strong>arena</strong></span> <span class='ocrx_word' id='word_1_298' title='bbox 2569 1509 2759 1565; x_wconf 87' lang='lat' dir='ltr'><strong>visum</strong></span> <span class='ocrx_word' id='word_1_299' title='bbox 2798 1510 3044 1567; x_wconf 77' lang='lat' dir='ltr'><strong>falleret.</strong></span> <span class='ocrx_word' id='word_1_300' title='bbox 3078 1513 3230 1568; x_wconf 90' lang='lat' dir='ltr'><strong>Tum</strong></span> <span class='ocrx_word' id='word_1_301' title='bbox 3261 1517 3575 1585; x_wconf 89' lang='lat' dir='ltr'><strong>quemdam</strong></span> <span class='ocrx_word' id='word_1_302' title='bbox 3608 1519 3681 1574; x_wconf 90' lang='lat' dir='ltr'><strong>de</strong></span> 
     </span>
    </p>
   </div>
   <div class='ocr_carea' id='block_1_45' title="bbox 2027 1597 3686 1678">
    <p class='ocr_par' dir='ltr' id='par_1_45' title="bbox 2027 1597 3686 1678">
     <span class='ocr_line' id='line_1_45' title="bbox 2027 1597 3686 1678; baseline 0.005 -24"><span class='ocrx_word' id='word_1_303' title='bbox 2027 1597 2298 1654; x_wconf 90' lang='lat' dir='ltr'><strong>hostibus</strong></span> <span class='ocrx_word' id='word_1_304' title='bbox 2330 1602 2569 1669; x_wconf 89' lang='lat' dir='ltr'><strong>captum</strong></span> <span class='ocrx_word' id='word_1_305' title='bbox 2602 1613 2667 1653; x_wconf 92' lang='lat' dir='ltr'><strong>eo</strong></span> <span class='ocrx_word' id='word_1_306' title='bbox 2698 1598 2960 1668; x_wconf 90' lang='lat' dir='ltr'><strong>adducit,</strong></span> <span class='ocrx_word' id='word_1_307' title='bbox 2993 1604 3050 1655; x_wconf 91' lang='lat' dir='ltr'><strong>et</strong></span> <span class='ocrx_word' id='word_1_308' title='bbox 3080 1600 3182 1657; x_wconf 91' lang='lat' dir='ltr'><strong>illa</strong></span> <span class='ocrx_word' id='word_1_309' title='bbox 3210 1603 3594 1678; x_wconf 87' lang='lat' dir='ltr'><strong>demonstrat,</strong></span> <span class='ocrx_word' id='word_1_310' title='bbox 3626 1609 3686 1663; x_wconf 77' lang='lat' dir='ltr'><strong>et</strong></span> 
     </span>
    </p>
   </div>
   <div class='ocr_carea' id='block_1_46' title="bbox 2028 1687 3683 1765">
    <p class='ocr_par' dir='ltr' id='par_1_46' title="bbox 2028 1687 3683 1765">
     <span class='ocr_line' id='line_1_46' title="bbox 2028 1687 3683 1765; baseline 0.006 -24"><span class='ocrx_word' id='word_1_311' title='bbox 2028 1688 2098 1741; x_wconf 91' lang='lat' dir='ltr'><strong>ad</strong></span> <span class='ocrx_word' id='word_1_312' title='bbox 2135 1692 2356 1742; x_wconf 90' lang='lat' dir='ltr'><strong>Durum</strong></span> <span class='ocrx_word' id='word_1_313' title='bbox 2389 1687 2627 1755; x_wconf 89' lang='lat' dir='ltr'><strong>emittit,</strong></span> <span class='ocrx_word' id='word_1_314' title='bbox 2652 1703 2787 1742; x_wconf 89' lang='lat' dir='ltr'><strong>cum</strong></span> <span class='ocrx_word' id='word_1_315' title='bbox 2828 1687 2921 1744; x_wconf 90' lang='lat' dir='ltr'><strong>his</strong></span> <span class='ocrx_word' id='word_1_316' title='bbox 2964 1690 3281 1759; x_wconf 89' lang='lat' dir='ltr'><strong>mandatis,</strong></span> <span class='ocrx_word' id='word_1_317' title='bbox 3316 1709 3378 1748; x_wconf 91' lang='lat' dir='ltr'><strong>se</strong></span> <span class='ocrx_word' id='word_1_318' title='bbox 3406 1693 3579 1765; x_wconf 89' lang='lat' dir='ltr'><strong>plane</strong></span> <span class='ocrx_word' id='word_1_319' title='bbox 3610 1695 3683 1751; x_wconf 88' lang='lat' dir='ltr'><strong>ab</strong></span> 
     </span>
    </p>
   </div>
   <div class='ocr_carea' id='block_1_47' title="bbox 2029 1775 3684 1850">
    <p class='ocr_par' dir='ltr' id='par_1_47' title="bbox 2029 1775 3684 1850">
     <span class='ocr_line' id='line_1_47' title="bbox 2029 1775 3684 1850; baseline 0.005 -19"><span class='ocrx_word' id='word_1_320' title='bbox 2029 1775 2333 1832; x_wconf 91' lang='lat' dir='ltr'><strong>obsidione</strong></span> <span class='ocrx_word' id='word_1_321' title='bbox 2362 1776 2621 1847; x_wconf 64' lang='lat' dir='ltr'><strong>penuriae</strong></span> <span class='ocrx_word' id='word_1_322' title='bbox 2642 1792 2821 1832; x_wconf 91' lang='lat' dir='ltr'><strong>causa</strong></span> <span class='ocrx_word' id='word_1_323' title='bbox 2852 1776 2999 1832; x_wconf 90' lang='lat' dir='ltr'><strong>nihil</strong></span> <span class='ocrx_word' id='word_1_324' title='bbox 3022 1778 3133 1833; x_wconf 90' lang='lat' dir='ltr'><strong>sibi</strong></span> <span class='ocrx_word' id='word_1_325' title='bbox 3158 1789 3435 1850; x_wconf 78' lang='lat' dir='ltr'><strong>metuere,</strong></span> <span class='ocrx_word' id='word_1_326' title='bbox 3460 1782 3684 1839; x_wconf 85' lang='lat' dir='ltr'><strong>instru-</strong></span> 
     </span>
    </p>
   </div>
   <div class='ocr_carea' id='block_1_48' title="bbox 2029 1865 3681 1937">
    <p class='ocr_par' dir='ltr' id='par_1_48' title="bbox 2029 1865 3681 1937">
     <span class='ocr_line' id='line_1_48' title="bbox 2029 1865 3681 1937; baseline 0.005 -17"><span class='ocrx_word' id='word_1_327' title='bbox 2029 1870 2187 1921; x_wconf 91' lang='lat' dir='ltr'><strong>ctum</strong></span> <span class='ocrx_word' id='word_1_328' title='bbox 2221 1865 2397 1920; x_wconf 89' lang='lat' dir='ltr'><strong>etiam</strong></span> <span class='ocrx_word' id='word_1_329' title='bbox 2431 1865 2651 1920; x_wconf 90' lang='lat' dir='ltr'><strong>biennii</strong></span> <span class='ocrx_word' id='word_1_330' title='bbox 2694 1865 2904 1937; x_wconf 84' lang='lat' dir='ltr'><strong>integri</strong></span> <span class='ocrx_word' id='word_1_331' title='bbox 2937 1866 3232 1924; x_wconf 90' lang='lat' dir='ltr'><strong>alimentis</strong></span> <span class='ocrx_word' id='word_1_332' title='bbox 3266 1888 3279 1925; x_wconf 91' lang='lat'><strong>:</strong></span> <span class='ocrx_word' id='word_1_333' title='bbox 3312 1876 3439 1926; x_wconf 88' lang='lat' dir='ltr'><strong>tum</strong></span> <span class='ocrx_word' id='word_1_334' title='bbox 3472 1873 3681 1928; x_wconf 91' lang='lat' dir='ltr'><strong>urbem</strong></span> 
     </span>
    </p>
   </div>
   <div class='ocr_carea' id='block_1_49' title="bbox 2027 1953 3681 2029">
    <p class='ocr_par' dir='ltr' id='par_1_49' title="bbox 2027 1953 3681 2029">
     <span class='ocr_line' id='line_1_49' title="bbox 2027 1953 3681 2029; baseline 0.006 -21"><span class='ocrx_word' id='word_1_335' title='bbox 2027 1953 2218 2026; x_wconf 85' lang='lat' dir='ltr'><strong>ipsam</strong></span> <span class='ocrx_word' id='word_1_336' title='bbox 2277 1953 2331 2008; x_wconf 88' lang='lat' dir='ltr'><strong>vi</strong></span> <span class='ocrx_word' id='word_1_337' title='bbox 2398 1970 2774 2025; x_wconf 77' lang='lat' dir='ltr'><strong>nequaquam</strong></span> <span class='ocrx_word' id='word_1_338' title='bbox 2839 1957 3163 2028; x_wconf 86' lang='lat' dir='ltr'><strong>expugnari</strong></span> <span class='ocrx_word' id='word_1_339' title='bbox 3218 1975 3408 2029; x_wconf 89' lang='lat' dir='ltr'><strong>posse.</strong></span> <span class='ocrx_word' id='word_1_340' title='bbox 3458 1962 3681 2018; x_wconf 89' lang='lat' dir='ltr'><strong>Tamen</strong></span> 
     </span>
    </p>
   </div>
   <div class='ocr_carea' id='block_1_50' title="bbox 2031 2042 3681 2124">
    <p class='ocr_par' dir='ltr' id='par_1_50' title="bbox 2031 2042 3681 2124">
     <span class='ocr_line' id='line_1_50' title="bbox 2031 2042 3681 2124; baseline 0.005 -26"><span class='ocrx_word' id='word_1_341' title='bbox 2031 2044 2184 2114; x_wconf 91' lang='lat' dir='ltr'><strong>quod</strong></span> <span class='ocrx_word' id='word_1_342' title='bbox 2218 2042 2330 2114; x_wconf 92' lang='lat' dir='ltr'><strong>ipsi</strong></span> <span class='ocrx_word' id='word_1_343' title='bbox 2360 2042 2506 2098; x_wconf 91' lang='lat' dir='ltr'><strong>bene</strong></span> <span class='ocrx_word' id='word_1_344' title='bbox 2532 2042 2724 2114; x_wconf 88' lang='lat' dir='ltr'><strong>vellet,</strong></span> <span class='ocrx_word' id='word_1_345' title='bbox 2751 2044 2893 2099; x_wconf 90' lang='lat' dir='ltr'><strong>urbe</strong></span> <span class='ocrx_word' id='word_1_346' title='bbox 2924 2046 3199 2103; x_wconf 82' lang='lat' dir='ltr'><strong>excedere</strong></span> <span class='ocrx_word' id='word_1_347' title='bbox 3228 2053 3499 2119; x_wconf 91' lang='lat' dir='ltr'><strong>paratum</strong></span> <span class='ocrx_word' id='word_1_348' title='bbox 3530 2066 3681 2124; x_wconf 89' lang='lat' dir='ltr'><strong>esse,</strong></span> 
     </span>
    </p>
   </div>
   <div class='ocr_carea' id='block_1_51' title="bbox 2032 2133 3685 2203">
    <p class='ocr_par' dir='ltr' id='par_1_51' title="bbox 2032 2133 3685 2203">
     <span class='ocr_line' id='line_1_51' title="bbox 2032 2133 3685 2203; baseline 0.006 -16"><span class='ocrx_word' id='word_1_349' title='bbox 2032 2134 2081 2188; x_wconf 88' lang='lat' dir='ltr'><strong>si</strong></span> <span class='ocrx_word' id='word_1_350' title='bbox 2114 2133 2221 2187; x_wconf 90' lang='lat' dir='ltr'><strong>hoc</strong></span> <span class='ocrx_word' id='word_1_351' title='bbox 2275 2133 2532 2187; x_wconf 88' lang='lat' dir='ltr'><strong>obtineat</strong></span> <span class='ocrx_word' id='word_1_352' title='bbox 2563 2137 2627 2187; x_wconf 92' lang='lat' dir='ltr'><strong>ut</strong></span> <span class='ocrx_word' id='word_1_353' title='bbox 2659 2133 2998 2203; x_wconf 89' lang='lat' dir='ltr'><strong>juramento</strong></span> <span class='ocrx_word' id='word_1_354' title='bbox 3047 2137 3353 2193; x_wconf 82' lang='lat' dir='ltr'><strong>conﬁrmet</strong></span> <span class='ocrx_word' id='word_1_355' title='bbox 3394 2139 3589 2197; x_wconf 90' lang='lat' dir='ltr'><strong>Durus</strong></span> <span class='ocrx_word' id='word_1_356' title='bbox 3620 2157 3685 2197; x_wconf 88' lang='lat' dir='ltr'><strong>se</strong></span> 
     </span>
    </p>
   </div>
   <div class='ocr_carea' id='block_1_52' title="bbox 2031 2221 3686 2299">
    <p class='ocr_par' dir='ltr' id='par_1_52' title="bbox 2031 2221 3686 2299">
     <span class='ocr_line' id='line_1_52' title="bbox 2031 2221 3686 2299; baseline 0.007 -24"><span class='ocrx_word' id='word_1_357' title='bbox 2031 2221 2145 2292; x_wconf 91' lang='lat' dir='ltr'><strong>ipsi</strong></span> <span class='ocrx_word' id='word_1_358' title='bbox 2178 2225 2233 2276; x_wconf 86' lang='lat' dir='ltr'><strong>et</strong></span> <span class='ocrx_word' id='word_1_359' title='bbox 2261 2221 2387 2276; x_wconf 90' lang='lat' dir='ltr'><strong>suis</strong></span> <span class='ocrx_word' id='word_1_360' title='bbox 2419 2221 2660 2276; x_wconf 82' lang='lat' dir='ltr'><strong>liberam</strong></span> <span class='ocrx_word' id='word_1_361' title='bbox 2694 2238 2810 2292; x_wconf 91' lang='lat' dir='ltr'><strong>quo</strong></span> <span class='ocrx_word' id='word_1_362' title='bbox 2834 2222 3049 2277; x_wconf 89' lang='lat' dir='ltr'><strong>vellent</strong></span> <span class='ocrx_word' id='word_1_363' title='bbox 3078 2226 3331 2280; x_wconf 87' lang='lat' dir='ltr'><strong>abeundi</strong></span> <span class='ocrx_word' id='word_1_364' title='bbox 3364 2229 3500 2284; x_wconf 89' lang='lat' dir='ltr'><strong>dare</strong></span> <span class='ocrx_word' id='word_1_365' title='bbox 3530 2235 3686 2299; x_wconf 85' lang='lat' dir='ltr'><strong>pote-</strong></span> 
     </span>
    </p>
   </div>
   <div class='ocr_carea' id='block_1_53' title="bbox 2034 2308 3683 2386">
    <p class='ocr_par' dir='ltr' id='par_1_53' title="bbox 2034 2308 3683 2386">
     <span class='ocr_line' id='line_1_53' title="bbox 2034 2308 3683 2386; baseline 0.005 -21"><span class='ocrx_word' id='word_1_366' title='bbox 2034 2314 2268 2365; x_wconf 88' lang='lat' dir='ltr'><strong>statem.</strong></span> <span class='ocrx_word' id='word_1_367' title='bbox 2295 2308 2566 2364; x_wconf 89' lang='lat' dir='ltr'><strong>Libenter</strong></span> <span class='ocrx_word' id='word_1_368' title='bbox 2602 2326 2729 2365; x_wconf 91' lang='lat' dir='ltr'><strong>eam</strong></span> <span class='ocrx_word' id='word_1_369' title='bbox 2762 2312 3156 2367; x_wconf 82' lang='lat' dir='ltr'><strong>conditionem</strong></span> <span class='ocrx_word' id='word_1_370' title='bbox 3204 2316 3471 2386; x_wconf 86' lang='lat' dir='ltr'><strong>amplexo</strong></span> <span class='ocrx_word' id='word_1_371' title='bbox 3503 2318 3683 2386; x_wconf 89' lang='lat' dir='ltr'><strong>Duro,</strong></span> 
     </span>
    </p>
   </div>
   <div class='ocr_carea' id='block_1_54' title="bbox 2035 2398 3683 2468">
    <p class='ocr_par' dir='ltr' id='par_1_54' title="bbox 2035 2398 3683 2468">
     <span class='ocr_line' id='line_1_54' title="bbox 2035 2398 3683 2468; baseline 0.006 -15"><span class='ocrx_word' id='word_1_372' title='bbox 2035 2403 2091 2453; x_wconf 91' lang='lat' dir='ltr'><strong>et</strong></span> <span class='ocrx_word' id='word_1_373' title='bbox 2108 2399 2282 2452; x_wconf 82' lang='lat' dir='ltr'><strong>fidem</strong></span> <span class='ocrx_word' id='word_1_374' title='bbox 2303 2400 2593 2468; x_wconf 83' lang='lat' dir='ltr'><strong>ﬁrmante,</strong></span> <span class='ocrx_word' id='word_1_375' title='bbox 2612 2399 2738 2453; x_wconf 83' lang='lat' dir='ltr'><strong>Man</strong></span> <span class='ocrx_word' id='word_1_376' title='bbox 2751 2398 2918 2454; x_wconf 92' lang='lat' dir='ltr'><strong>uelus</strong></span> <span class='ocrx_word' id='word_1_377' title='bbox 2936 2416 3068 2455; x_wconf 92' lang='lat' dir='ltr'><strong>cum</strong></span> <span class='ocrx_word' id='word_1_378' title='bbox 3089 2402 3485 2461; x_wconf 66' lang='lat' dir='ltr'><strong>Nicaeensibus</strong></span> <span class='ocrx_word' id='word_1_379' title='bbox 3503 2414 3561 2462; x_wconf 89' lang='lat' dir='ltr'><strong>et</strong></span> <span class='ocrx_word' id='word_1_380' title='bbox 3577 2425 3683 2463; x_wconf 92' lang='lat' dir='ltr'><strong>suo</strong></span> 
     </span>
    </p>
   </div>
   <div class='ocr_carea' id='block_1_55' title="bbox 2033 2488 3682 2565">
    <p class='ocr_par' dir='ltr' id='par_1_55' title="bbox 2033 2488 3682 2565">
     <span class='ocr_line' id='line_1_55' title="bbox 2033 2488 3682 2565; baseline 0.007 -24"><span class='ocrx_word' id='word_1_381' title='bbox 2033 2488 2289 2542; x_wconf 79' lang='lat' dir='ltr'><strong>exercitu</strong></span> <span class='ocrx_word' id='word_1_382' title='bbox 2302 2488 2694 2558; x_wconf 84' lang='lat' dir='ltr'><strong>omnibusque</strong></span> <span class='ocrx_word' id='word_1_383' title='bbox 2706 2489 2857 2543; x_wconf 70' lang='lat'><strong>429</strong></span> <span class='ocrx_word' id='word_1_384' title='bbox 2871 2488 3311 2560; x_wconf 90' lang='lat' dir='ltr'><strong>impedimentis</strong></span> <span class='ocrx_word' id='word_1_385' title='bbox 3322 2494 3524 2565; x_wconf 87' lang='lat' dir='ltr'><strong>Cpolin</strong></span> <span class='ocrx_word' id='word_1_386' title='bbox 3539 2497 3682 2554; x_wconf 92' lang='lat' dir='ltr'><strong>abit.</strong></span> 
     </span>
    </p>
   </div>
   <div class='ocr_carea' id='block_1_56' title="bbox 2036 2576 3682 2648">
    <p class='ocr_par' dir='ltr' id='par_1_56' title="bbox 2036 2576 3682 2648">
     <span class='ocr_line' id='line_1_56' title="bbox 2036 2576 3682 2648; baseline 0.005 -15"><span class='ocrx_word' id='word_1_387' title='bbox 2036 2576 2152 2633; x_wconf 88' lang='lat' dir='ltr'><strong>Hoc</strong></span> <span class='ocrx_word' id='word_1_388' title='bbox 2166 2581 2330 2648; x_wconf 91' lang='lat' dir='ltr'><strong>pacto</strong></span> <span class='ocrx_word' id='word_1_389' title='bbox 2344 2577 2531 2632; x_wconf 73' lang='lat' dir='ltr'><strong>Nicaea</strong></span> <span class='ocrx_word' id='word_1_390' title='bbox 2544 2577 2762 2647; x_wconf 88' lang='lat' dir='ltr'><strong>potitus</strong></span> <span class='ocrx_word' id='word_1_391' title='bbox 2778 2578 2993 2645; x_wconf 90' lang='lat' dir='ltr'><strong>Durus,</strong></span> <span class='ocrx_word' id='word_1_392' title='bbox 3009 2582 3682 2641; x_wconf 78' lang='lat' dir='ltr'><strong>tametsivat‘ramentum</strong></span> 
     </span>
    </p>
   </div>
   <div class='ocr_carea' id='block_1_57' title="bbox 2036 2666 3687 2743">
    <p class='ocr_par' dir='ltr' id='par_1_57' title="bbox 2036 2666 3687 2743">
     <span class='ocr_line' id='line_1_57' title="bbox 2036 2666 3687 2743; baseline 0.005 -21"><span class='ocrx_word' id='word_1_393' title='bbox 2036 2666 2179 2722; x_wconf 92' lang='lat' dir='ltr'><strong>illud</strong></span> <span class='ocrx_word' id='word_1_394' title='bbox 2208 2668 2278 2721; x_wconf 89' lang='lat' dir='ltr'><strong>de</strong></span> <span class='ocrx_word' id='word_1_395' title='bbox 2309 2668 2599 2720; x_wconf 84' lang='lat' dir='ltr'><strong>frumento</strong></span> <span class='ocrx_word' id='word_1_396' title='bbox 2622 2666 3066 2737; x_wconf 88' lang='lat' dir='ltr'><strong>deprehendens</strong></span> <span class='ocrx_word' id='word_1_397' title='bbox 3093 2670 3338 2726; x_wconf 89' lang='lat' dir='ltr'><strong>moleste</strong></span> <span class='ocrx_word' id='word_1_398' title='bbox 3368 2672 3561 2743; x_wconf 84' lang='lat' dir='ltr'><strong>ferret,</strong></span> <span class='ocrx_word' id='word_1_399' title='bbox 3591 2691 3687 2730; x_wconf 89' lang='lat' dir='ltr'><strong>va-</strong></span> 
     </span>
    </p>
   </div>
   <div class='ocr_carea' id='block_1_58' title="bbox 2035 2753 3687 2831">
    <p class='ocr_par' dir='ltr' id='par_1_58' title="bbox 2035 2753 3687 2831">
     <span class='ocr_line' id='line_1_58' title="bbox 2035 2753 3687 2831; baseline 0.007 -22"><span class='ocrx_word' id='word_1_400' title='bbox 2035 2753 2222 2809; x_wconf 89' lang='lat' dir='ltr'><strong>lidum</strong></span> <span class='ocrx_word' id='word_1_401' title='bbox 2257 2753 2642 2811; x_wconf 89' lang='lat' dir='ltr'><strong>nihilominus</strong></span> <span class='ocrx_word' id='word_1_402' title='bbox 2668 2755 2795 2810; x_wconf 92' lang='lat' dir='ltr'><strong>urbi</strong></span> <span class='ocrx_word' id='word_1_403' title='bbox 2819 2755 2869 2810; x_wconf 92' lang='lat' dir='ltr'><strong>ei</strong></span> <span class='ocrx_word' id='word_1_404' title='bbox 2903 2756 3238 2827; x_wconf 75' lang='lat' dir='ltr'><strong>praasidium</strong></span> <span class='ocrx_word' id='word_1_405' title='bbox 3262 2759 3687 2831; x_wconf 89' lang='lat' dir='ltr'><strong>imponit,duce</strong></span> 
     </span>
    </p>
   </div>
   <div class='ocr_carea' id='block_1_59' title="bbox 265 2842 1831 2923">
    <p class='ocr_par' dir='ltr' id='par_1_59' title="bbox 265 2844 1831 2922">
     <span class='ocr_line' id='line_1_59' title="bbox 265 2844 1831 2922; baseline -0.002 -20"><span class='ocrx_word' id='word_1_406' title='bbox 265 2847 405 2920; x_wconf 86' lang='grc' dir='ltr'>ἐμοί</span> <span class='ocrx_word' id='word_1_407' title='bbox 432 2868 491 2903; x_wconf 78' lang='grc' dir='ltr'><strong>τε</strong></span> <span class='ocrx_word' id='word_1_408' title='bbox 526 2847 618 2901; x_wconf 84' lang='grc' dir='ltr'><strong>καὶ</strong></span> <span class='ocrx_word' id='word_1_409' title='bbox 672 2852 790 2909; x_wconf 85' lang='grc' dir='ltr'>τοῖς</span> <span class='ocrx_word' id='word_1_410' title='bbox 837 2853 948 2920; x_wconf 85' lang='grc' dir='ltr'>μετ’</span> <span class='ocrx_word' id='word_1_411' title='bbox 1004 2846 1139 2921; x_wconf 78' lang='grc' dir='ltr'>ἐμοῦ</span> <span class='ocrx_word' id='word_1_412' title='bbox 1189 2846 1259 2902; x_wconf 86' lang='grc' dir='ltr'>δι’</span> <span class='ocrx_word' id='word_1_413' title='bbox 1317 2846 1494 2922; x_wconf 79' lang='grc' dir='ltr'>ὅρκων</span> <span class='ocrx_word' id='word_1_414' title='bbox 1527 2844 1679 2916; x_wconf 87' lang='grc' dir='ltr'>δοίης</span> <span class='ocrx_word' id='word_1_415' title='bbox 1712 2844 1831 2899; x_wconf 77' lang='grc' dir='ltr'><strong>ἀπιέ</strong></span> 
     </span>
    </p>
   </div>
   <div class='ocr_carea' id='block_1_60' title="bbox 2096 2842 3662 2923">
    <p class='ocr_par' dir='ltr' id='par_1_60' title="bbox 2096 2842 3662 2923">
     <span class='ocr_line' id='line_1_60' title="bbox 2096 2842 3662 2923; baseline 0.006 -24"><span class='ocrx_word' id='word_1_416' title='bbox 2096 2844 2291 2899; x_wconf 75' lang='grc' dir='ltr'>ιοάοω</span> <span class='ocrx_word' id='word_1_417' title='bbox 2311 2842 2644 2914; x_wconf 85' lang='lat' dir='ltr'><strong>Pegasio,et</strong></span> <span class='ocrx_word' id='word_1_418' title='bbox 2660 2842 2783 2914; x_wconf 92' lang='lat' dir='ltr'><strong>ipse</strong></span> <span class='ocrx_word' id='word_1_419' title='bbox 2802 2843 3026 2915; x_wconf 90' lang='lat' dir='ltr'><strong>reliqua</strong></span> <span class='ocrx_word' id='word_1_420' title='bbox 3044 2849 3412 2918; x_wconf 87' lang='lat' dir='ltr'><strong>persequitur</strong></span> <span class='ocrx_word' id='word_1_421' title='bbox 3429 2853 3662 2923; x_wconf 89' lang='lat' dir='ltr'><strong>negotia</strong></span> 
     </span>
    </p>
   </div>
   <div class='ocr_carea' id='block_1_61' title="bbox 263 2928 3682 3012">
    <p class='ocr_par' dir='ltr' id='par_1_61' title="bbox 263 2928 3682 3012">
     <span class='ocr_line' id='line_1_61' title="bbox 263 2928 3682 3012; baseline -0.001 -20"><span class='ocrx_word' id='word_1_422' title='bbox 263 2936 380 3007; x_wconf 80' lang='grc' dir='ltr'>ὅπη</span> <span class='ocrx_word' id='word_1_423' title='bbox 417 2934 484 3005; x_wconf 75' lang='grc' dir='ltr'>δὴ</span> <span class='ocrx_word' id='word_1_424' title='bbox 530 2936 620 2990; x_wconf 88' lang='grc' dir='ltr'>καὶ</span> <span class='ocrx_word' id='word_1_425' title='bbox 656 2936 974 3012; x_wconf 70' lang='grc' dir='ltr'>αἱρούμεθα.</span> <span class='ocrx_word' id='word_1_426' title='bbox 1008 2936 1284 3010; x_wconf 79' lang='grc' dir='ltr'>Ἀσμένως</span> <span class='ocrx_word' id='word_1_427' title='bbox 1319 2934 1375 2991; x_wconf 75' lang='grc' dir='ltr'>δὲ</span> <span class='ocrx_word' id='word_1_428' title='bbox 1402 2940 1498 2991; x_wconf 74' lang='grc' dir='ltr'><strong>τοῦ</strong></span> <span class='ocrx_word' id='word_1_429' title='bbox 1529 2932 1711 3009; x_wconf 82' lang='grc' dir='ltr'>Βάρδα</span> <span class='ocrx_word' id='word_1_430' title='bbox 1736 2931 2027 3007; x_wconf 75' lang='grc' dir='ltr'>δεξαμένου</span> <span class='ocrx_word' id='word_1_431' title='bbox 2052 2932 2142 2987; x_wconf 82' lang='grc' dir='ltr'>τὸν</span> <span class='ocrx_word' id='word_1_432' title='bbox 2167 2928 2335 3004; x_wconf 91' lang='grc' dir='ltr'>λόγον</span> <span class='ocrx_word' id='word_1_433' title='bbox 2380 2930 2470 2985; x_wconf 84' lang='grc' dir='ltr'><strong>καὶ</strong></span> <span class='ocrx_word' id='word_1_434' title='bbox 2518 2930 2723 2992; x_wconf 87' lang='grc' dir='ltr'>πίστεις</span> <span class='ocrx_word' id='word_1_435' title='bbox 2761 2932 3201 3006; x_wconf 88' lang='grc' dir='ltr'>πααεσχηκότας,</span> <span class='ocrx_word' id='word_1_436' title='bbox 3230 2934 3357 2999; x_wconf 81' lang='grc' dir='ltr'>τοὺς</span> <span class='ocrx_word' id='word_1_437' title='bbox 3404 2940 3625 3006; x_wconf 81' lang='grc' dir='ltr'>Νικαεῖς</span> <span class='ocrx_word' id='word_1_438' title='bbox 3654 2945 3682 2998; x_wconf 84' lang='grc' dir='ltr'>ὁ</span> 
     </span>
    </p>
   </div>
   <div class='ocr_carea' id='block_1_62' title="bbox 260 3018 3686 3104">
    <p class='ocr_par' dir='ltr' id='par_1_62' title="bbox 260 3018 3686 3104">
     <span class='ocr_line' id='line_1_62' title="bbox 260 3018 3686 3104; baseline 0 -25"><span class='ocrx_word' id='word_1_439' title='bbox 260 3022 535 3095; x_wconf 81' lang='grc' dir='ltr'>Μανουήλ</span> <span class='ocrx_word' id='word_1_440' title='bbox 566 3024 811 3104; x_wconf 80' lang='grc' dir='ltr'>εἰληφὼς</span> <span class='ocrx_word' id='word_1_441' title='bbox 834 3026 923 3080; x_wconf 85' lang='grc' dir='ltr'>καὶ</span> <span class='ocrx_word' id='word_1_442' title='bbox 953 3026 1044 3081; x_wconf 86' lang='grc' dir='ltr'>τὸν</span> <span class='ocrx_word' id='word_1_443' title='bbox 1078 3028 1213 3101; x_wconf 86' lang='grc' dir='ltr'>ἀμφ’</span> <span class='ocrx_word' id='word_1_444' title='bbox 1245 3025 1405 3081; x_wconf 81' lang='grc' dir='ltr'>αὐτὸν</span> <span class='ocrx_word' id='word_1_445' title='bbox 1438 3022 1664 3101; x_wconf 71' lang='grc' dir='ltr'>πρατόν</span> <span class='ocrx_word' id='word_1_446' title='bbox 1700 3023 1833 3097; x_wconf 74' lang='grc' dir='ltr'>μετὰ</span> <span class='ocrx_word' id='word_1_447' title='bbox 1861 3023 2077 3079; x_wconf 87' lang='grc' dir='ltr'>πάντων</span> <span class='ocrx_word' id='word_1_448' title='bbox 2110 3022 2182 3075; x_wconf 86' lang='grc' dir='ltr'>ὧν</span> <span class='ocrx_word' id='word_1_449' title='bbox 2217 3020 2389 3095; x_wconf 78' lang='grc' dir='ltr'>εἶχον,</span> <span class='ocrx_word' id='word_1_450' title='bbox 2422 3018 2638 3075; x_wconf 77' lang='grc' dir='ltr'>εἷ’σεισιν</span> <span class='ocrx_word' id='word_1_451' title='bbox 2673 3020 2750 3083; x_wconf 82' lang='grc' dir='ltr'><strong>είς</strong></span> <span class='ocrx_word' id='word_1_452' title='bbox 2798 3022 2899 3090; x_wconf 83' lang='grc' dir='ltr'>τὴν</span> <span class='ocrx_word' id='word_1_453' title='bbox 2954 3021 3371 3097; x_wconf 68' lang='grc' dir='ltr'>βασιλεύουσαν.</span> <span class='ocrx_word' id='word_1_454' title='bbox 3430 3031 3537 3100; x_wconf 73' lang='grc' dir='ltr'><strong>Τὴν</strong></span> <span class='ocrx_word' id='word_1_455' title='bbox 3588 3032 3686 3089; x_wconf 79' lang='grc' dir='ltr'><strong>Νι.</strong></span> 
     </span>
    </p>
   </div>
   <div class='ocr_carea' id='block_1_63' title="bbox 256 3108 3682 3195">
    <p class='ocr_par' dir='ltr' id='par_1_63' title="bbox 256 3108 3682 3195">
     <span class='ocr_line' id='line_1_63' title="bbox 256 3108 3682 3195; baseline 0.002 -27"><span class='ocrx_word' id='word_1_456' title='bbox 256 3134 422 3168; x_wconf 86' lang='grc' dir='ltr'>καιαν</span> <span class='ocrx_word' id='word_1_457' title='bbox 478 3111 535 3168; x_wconf 71' lang='grc' dir='ltr'>δὲ</span> <span class='ocrx_word' id='word_1_458' title='bbox 589 3114 947 3193; x_wconf 82' lang='grc' dir='ltr'>παρειληφὼς</span> <span class='ocrx_word' id='word_1_459' title='bbox 1006 3116 1034 3169; x_wconf 89' lang='lat'><strong>6</strong></span> <span class='ocrx_word' id='word_1_460' title='bbox 1063 3115 1339 3190; x_wconf 74' lang='grc' dir='ltr'>Σκληρὸς,</span> <span class='ocrx_word' id='word_1_461' title='bbox 1367 3115 1455 3170; x_wconf 83' lang='grc' dir='ltr'><strong>καὶ</strong></span> <span class='ocrx_word' id='word_1_462' title='bbox 1485 3115 1548 3168; x_wconf 84' lang='grc' dir='ltr'>τὸ</span> <span class='ocrx_word' id='word_1_463' title='bbox 1579 3115 1703 3187; x_wconf 85' lang='grc' dir='ltr'>περὶ</span> <span class='ocrx_word' id='word_1_464' title='bbox 1732 3113 1823 3166; x_wconf 89' lang='grc' dir='ltr'><strong>τὸν</strong></span> <span class='ocrx_word' id='word_1_465' title='bbox 1880 3117 2028 3167; x_wconf 79' lang='grc' dir='ltr'>σῖτον</span> <span class='ocrx_word' id='word_1_466' title='bbox 2082 3110 2249 3185; x_wconf 85' lang='grc' dir='ltr'>εὐρὼν</span> <span class='ocrx_word' id='word_1_467' title='bbox 2312 3108 2699 3185; x_wconf 72' lang='grc' dir='ltr'>ῥᾳδιούργημα</span> <span class='ocrx_word' id='word_1_468' title='bbox 2728 3110 2921 3182; x_wconf 80' lang='grc' dir='ltr'>ἠνιάθη</span> <span class='ocrx_word' id='word_1_469' title='bbox 2962 3112 3056 3185; x_wconf 76' lang='grc' dir='ltr'><strong>μὶν</strong></span> <span class='ocrx_word' id='word_1_470' title='bbox 3084 3112 3166 3191; x_wconf 85' lang='grc' dir='ltr'>ἐφ’</span> <span class='ocrx_word' id='word_1_471' title='bbox 3217 3117 3299 3177; x_wconf 84' lang='grc' dir='ltr'>οἷς</span> <span class='ocrx_word' id='word_1_472' title='bbox 3355 3116 3682 3195; x_wconf 83' lang='grc' dir='ltr'>ἐξηπάτητο,</span> 
     </span>
    </p>
   </div>
   <div class='ocr_carea' id='block_1_64' title="bbox 254 3198 3686 3289">
    <p class='ocr_par' dir='ltr' id='par_1_64' title="bbox 254 3198 3686 3289">
     <span class='ocr_line' id='line_1_64' title="bbox 254 3198 3686 3289; baseline 0.002 -33"><span class='ocrx_word' id='word_1_473' title='bbox 254 3204 507 3279; x_wconf 72' lang='grc' dir='ltr'>φρουράν</span> <span class='ocrx_word' id='word_1_474' title='bbox 540 3201 585 3258; x_wconf 90' lang='grc' dir='ltr'>δ’</span> <span class='ocrx_word' id='word_1_475' title='bbox 614 3202 767 3277; x_wconf 81' lang='grc' dir='ltr'>ὅμως</span> <span class='ocrx_word' id='word_1_476' title='bbox 797 3204 952 3283; x_wconf 83' lang='grc' dir='ltr'>ἀφεὶς</span> <span class='ocrx_word' id='word_1_477' title='bbox 984 3203 1286 3280; x_wconf 84' lang='grc' dir='ltr'>ἀξιόμαχον</span> <span class='ocrx_word' id='word_1_478' title='bbox 1318 3205 1371 3261; x_wconf 84' lang='grc' dir='ltr'><strong>ἐν</strong></span> <span class='ocrx_word' id='word_1_479' title='bbox 1406 3202 1567 3278; x_wconf 75' lang='grc' dir='ltr'>αὐτῇ,</span> <span class='ocrx_word' id='word_1_480' title='bbox 1599 3202 1689 3257; x_wconf 89' lang='grc' dir='ltr'><strong>καὶ</strong></span> <span class='ocrx_word' id='word_1_481' title='bbox 1718 3202 2018 3279; x_wconf 87' lang='grc' dir='ltr'>στρατηγὸν</span> <span class='ocrx_word' id='word_1_482' title='bbox 2054 3198 2325 3276; x_wconf 88' lang='grc' dir='ltr'>Πηγάσιόν</span> <span class='ocrx_word' id='word_1_483' title='bbox 2357 3220 2477 3255; x_wconf 91' lang='grc' dir='ltr'>τινα</span> <span class='ocrx_word' id='word_1_484' title='bbox 2506 3199 2559 3255; x_wconf 79' lang='grc' dir='ltr'><strong>ἐν</strong></span> <span class='ocrx_word' id='word_1_485' title='bbox 2588 3199 2770 3263; x_wconf 81' lang='grc' dir='ltr'>αὐτοῖς</span> <span class='ocrx_word' id='word_1_486' title='bbox 2801 3200 3115 3274; x_wconf 71' lang='grc' dir='ltr'>ἐπιστήσας,</span> <span class='ocrx_word' id='word_1_487' title='bbox 3148 3206 3309 3269; x_wconf 80' lang='grc' dir='ltr'>αὐτὸς</span> <span class='ocrx_word' id='word_1_488' title='bbox 3336 3214 3443 3264; x_wconf 88' lang='grc' dir='ltr'><strong>τῶν</strong></span> <span class='ocrx_word' id='word_1_489' title='bbox 3494 3211 3686 3289; x_wconf 75' lang='grc' dir='ltr'>ἐφεξῆς</span> 
     </span>
    </p>
   </div>
   <div class='ocr_carea' id='block_1_65' title="bbox 257 3290 679 3369">
    <p class='ocr_par' dir='ltr' id='par_1_65' title="bbox 257 3290 679 3369">
     <span class='ocr_line' id='line_1_65' title="bbox 257 3290 679 3369; baseline 0.009 -23"><span class='ocrx_word' id='word_1_490' title='bbox 257 3290 453 3367; x_wconf 67' lang='grc' dir='ltr'>εἴχετο</span> <span class='ocrx_word' id='word_1_491' title='bbox 484 3291 679 3369; x_wconf 84' lang='grc' dir='ltr'>ἔργων.</span> 
     </span>
    </p>
   </div>
   <div class='ocr_carea' id='block_1_66' title="bbox 340 3414 1906 3494">
    <p class='ocr_par' dir='ltr' id='par_1_66' title="bbox 340 3414 1906 3494">
     <span class='ocr_line' id='line_1_66' title="bbox 340 3414 1906 3494; baseline 0 -24"><span class='ocrx_word' id='word_1_492' title='bbox 340 3418 399 3470; x_wconf 82' lang='grc' dir='ltr'>Ὀ</span> <span class='ocrx_word' id='word_1_493' title='bbox 430 3414 487 3471; x_wconf 74' lang='grc' dir='ltr'>δὲ</span> <span class='ocrx_word' id='word_1_494' title='bbox 534 3419 1027 3492; x_wconf 87' lang='grc' dir='ltr'>παρακοιμώμενος</span> <span class='ocrx_word' id='word_1_495' title='bbox 1076 3423 1193 3481; x_wconf 81' lang='grc' dir='ltr'>τοῖς</span> <span class='ocrx_word' id='word_1_496' title='bbox 1242 3416 1396 3483; x_wconf 77' lang='grc' dir='ltr'>ὅλοις</span> <span class='ocrx_word' id='word_1_497' title='bbox 1438 3417 1733 3494; x_wconf 76' lang='grc' dir='ltr'>ἀπορηθεὶς</span> <span class='ocrx_word' id='word_1_498' title='bbox 1788 3414 1906 3489; x_wconf 76' lang='grc' dir='ltr'>(ἤδτ</span> 
     </span>
    </p>
   </div>
   <div class='ocr_carea' id='block_1_67' title="bbox 2120 3414 3686 3494">
    <p class='ocr_par' dir='ltr' id='par_1_67' title="bbox 2120 3417 3686 3490">
     <span class='ocr_line' id='line_1_67' title="bbox 2120 3417 3686 3490; baseline 0.01 -18"><span class='ocrx_word' id='word_1_499' title='bbox 2120 3418 2412 3473; x_wconf 69' lang='lat' dir='ltr'><strong>Enimvero</strong></span> <span class='ocrx_word' id='word_1_500' title='bbox 2445 3434 2657 3490; x_wconf 74' lang='lat' dir='ltr'><strong>praeses</strong></span> <span class='ocrx_word' id='word_1_501' title='bbox 2690 3417 2941 3475; x_wconf 89' lang='lat' dir='ltr'><strong>Basilius</strong></span> <span class='ocrx_word' id='word_1_502' title='bbox 2973 3420 3145 3478; x_wconf 88' lang='lat' dir='ltr'><strong>rebus</strong></span> <span class='ocrx_word' id='word_1_503' title='bbox 3175 3427 3404 3481; x_wconf 90' lang='lat' dir='ltr'><strong>tantum</strong></span> <span class='ocrx_word' id='word_1_504' title='bbox 3438 3445 3549 3484; x_wconf 91' lang='lat' dir='ltr'><strong>non</strong></span> <span class='ocrx_word' id='word_1_505' title='bbox 3585 3430 3686 3487; x_wconf 90' lang='lat' dir='ltr'><strong>de-</strong></span> 
     </span>
    </p>
   </div>
   <div class='ocr_carea' id='block_1_68' title="bbox 267 3505 1929 3584">
    <p class='ocr_par' dir='ltr' id='par_1_68' title="bbox 267 3505 1929 3584">
     <span class='ocr_line' id='line_1_68' title="bbox 267 3505 1929 3584; baseline -0.001 -23"><span class='ocrx_word' id='word_1_506' title='bbox 267 3505 379 3582; x_wconf 79' lang='grc' dir='ltr'>γᾶρ</span> <span class='ocrx_word' id='word_1_507' title='bbox 408 3507 436 3561; x_wconf 88' lang='grc' dir='ltr'>ὁ</span> <span class='ocrx_word' id='word_1_508' title='bbox 470 3505 726 3583; x_wconf 87' lang='grc' dir='ltr'>Σκληρὸς</span> <span class='ocrx_word' id='word_1_509' title='bbox 784 3505 1079 3578; x_wconf 84' lang='grc' dir='ltr'>ἐπλησιάζε</span> <span class='ocrx_word' id='word_1_510' title='bbox 1133 3511 1201 3582; x_wconf 78' lang='grc' dir='ltr'>τῇ</span> <span class='ocrx_word' id='word_1_511' title='bbox 1229 3505 1491 3584; x_wconf 87' lang='grc' dir='ltr'>βασιλίδι)</span> <span class='ocrx_word' id='word_1_512' title='bbox 1546 3505 1673 3581; x_wconf 87' lang='grc' dir='ltr'>μίαν</span> <span class='ocrx_word' id='word_1_513' title='bbox 1705 3506 1929 3581; x_wconf 84' lang='grc' dir='ltr'>ἐγνώκει</span> 
     </span>
    </p>
   </div>
   <div class='ocr_carea' id='block_1_69' title="bbox 272 3594 1929 3673">
    <p class='ocr_par' dir='ltr' id='par_1_69' title="bbox 272 3594 1929 3673">
     <span class='ocr_line' id='line_1_69' title="bbox 272 3594 1929 3673; baseline 0 -23"><span class='ocrx_word' id='word_1_514' title='bbox 272 3597 534 3670; x_wconf 82' lang='grc' dir='ltr'>βοήθειαν</span> <span class='ocrx_word' id='word_1_515' title='bbox 574 3596 926 3673; x_wconf 77' lang='grc' dir='ltr'>ἀποχρῶσαν,</span> <span class='ocrx_word' id='word_1_516' title='bbox 980 3594 1189 3673; x_wconf 76' lang='grc' dir='ltr'>Βάρδαν</span> <span class='ocrx_word' id='word_1_517' title='bbox 1246 3599 1339 3652; x_wconf 87' lang='grc' dir='ltr'>τὸν</span> <span class='ocrx_word' id='word_1_518' title='bbox 1397 3603 1592 3653; x_wconf 84' lang='grc' dir='ltr'>Φωκᾶν</span> <span class='ocrx_word' id='word_1_519' title='bbox 1647 3596 1929 3670; x_wconf 68' lang='grc' dir='ltr'>μεταπέμ-</span> 
     </span>
    </p>
   </div>
   <div class='ocr_carea' id='block_1_70' title="bbox 270 3682 1926 3761">
    <p class='ocr_par' dir='ltr' id='par_1_70' title="bbox 270 3682 1926 3761">
     <span class='ocr_line' id='line_1_70' title="bbox 270 3682 1926 3761; baseline -0.001 -22"><span class='ocrx_word' id='word_1_520' title='bbox 270 3688 478 3759; x_wconf 79' lang='grc' dir='ltr'>ψασθαι</span> <span class='ocrx_word' id='word_1_521' title='bbox 541 3692 640 3755; x_wconf 80' lang='grc' dir='ltr'>τῆς</span> <span class='ocrx_word' id='word_1_522' title='bbox 718 3685 1027 3760; x_wconf 86' lang='grc' dir='ltr'>ὑπερορίας,</span> <span class='ocrx_word' id='word_1_523' title='bbox 1099 3686 1259 3759; x_wconf 84' lang='grc' dir='ltr'>μόνον</span> <span class='ocrx_word' id='word_1_524' title='bbox 1344 3685 1643 3761; x_wconf 80' lang='grc' dir='ltr'>ἀξιόμαχον</span> <span class='ocrx_word' id='word_1_525' title='bbox 1723 3682 1926 3755; x_wconf 71' lang='grc' dir='ltr'>οίηΘεῖς</span> 
     </span>
    </p>
   </div>
   <div class='ocr_carea' id='block_1_71' title="bbox 267 3770 1927 3851">
    <p class='ocr_par' dir='ltr' id='par_1_71' title="bbox 267 3770 1927 3851">
     <span class='ocr_line' id='line_1_71' title="bbox 267 3770 1927 3851; baseline -0.002 -21"><span class='ocrx_word' id='word_1_526' title='bbox 267 3779 468 3830; x_wconf 81' lang='grc' dir='ltr'>τοῦτον</span> <span class='ocrx_word' id='word_1_527' title='bbox 502 3773 793 3829; x_wconf 80' lang='grc' dir='ltr'>ἀντίπαλον</span> <span class='ocrx_word' id='word_1_528' title='bbox 826 3772 1032 3829; x_wconf 81' lang='grc' dir='ltr'>ἔσεσθαι</span> <span class='ocrx_word' id='word_1_529' title='bbox 1061 3779 1141 3846; x_wconf 79' lang='grc' dir='ltr'>τῷ</span> <span class='ocrx_word' id='word_1_530' title='bbox 1176 3774 1434 3851; x_wconf 82' lang='grc' dir='ltr'>Σκληρῷ.</span> <span class='ocrx_word' id='word_1_531' title='bbox 1468 3774 1649 3849; x_wconf 86' lang='grc' dir='ltr'>Λόγου</span> <span class='ocrx_word' id='word_1_532' title='bbox 1698 3770 1755 3828; x_wconf 75' lang='grc' dir='ltr'><strong>δὲ</strong></span> <span class='ocrx_word' id='word_1_533' title='bbox 1802 3777 1927 3836; x_wconf 70' lang='grc' dir='ltr'>θᾶτ-</span> 
     </span>
    </p>
   </div>
   <div class='ocr_carea' id='block_1_72' title="bbox 267 3862 1923 3942">
    <p class='ocr_par' dir='ltr' id='par_1_72' title="bbox 267 3862 1923 3942">
     <span class='ocr_line' id='line_1_72' title="bbox 267 3862 1923 3942; baseline -0.002 -24"><span class='ocrx_word' id='word_1_534' title='bbox 267 3884 367 3918; x_wconf 87' lang='grc' dir='ltr'><strong>τον</strong></span> <span class='ocrx_word' id='word_1_535' title='bbox 418 3863 908 3936; x_wconf 84' lang='grc' dir='ltr'>μεταπεμψάμενος</span> <span class='ocrx_word' id='word_1_536' title='bbox 957 3863 1046 3918; x_wconf 79' lang='grc' dir='ltr'>καὶ</span> <span class='ocrx_word' id='word_1_537' title='bbox 1106 3862 1288 3939; x_wconf 81' lang='grc' dir='ltr'>ὅρκοις</span> <span class='ocrx_word' id='word_1_538' title='bbox 1321 3863 1778 3942; x_wconf 79' lang='grc' dir='ltr'>ἀσφαλισάμενος,</span> <span class='ocrx_word' id='word_1_539' title='bbox 1835 3863 1923 3915; x_wconf 80' lang='grc' dir='ltr'>καὶ</span> 
     </span>
    </p>
   </div>
   <div class='ocr_carea' id='block_1_73' title="bbox 269 3950 1923 4029">
    <p class='ocr_par' dir='ltr' id='par_1_73' title="bbox 269 3950 1923 4029">
     <span class='ocr_line' id='line_1_73' title="bbox 269 3950 1923 4029; baseline -0.002 -22"><span class='ocrx_word' id='word_1_540' title='bbox 269 3951 515 4008; x_wconf 75' lang='grc' dir='ltr'>πλοῦτον</span> <span class='ocrx_word' id='word_1_541' title='bbox 543 3951 907 4027; x_wconf 85' lang='grc' dir='ltr'>παρεσχηκὼς</span> <span class='ocrx_word' id='word_1_542' title='bbox 955 3950 1161 4026; x_wconf 76' lang='grc' dir='ltr'>δαψιλῆ</span> <span class='ocrx_word' id='word_1_543' title='bbox 1192 3952 1280 4007; x_wconf 86' lang='grc' dir='ltr'><strong>καὶ</strong></span> <span class='ocrx_word' id='word_1_544' title='bbox 1322 3957 1402 4025; x_wconf 82' lang='grc' dir='ltr'>τῷ</span> <span class='ocrx_word' id='word_1_545' title='bbox 1450 3956 1557 4007; x_wconf 85' lang='grc' dir='ltr'><strong>τῶν</strong></span> <span class='ocrx_word' id='word_1_546' title='bbox 1607 3950 1923 4029; x_wconf 84' lang='grc' dir='ltr'>μαγίστφων</span> 
     </span>
    </p>
   </div>
   <div class='ocr_carea' id='block_1_74' title="bbox 270 4038 1924 4117">
    <p class='ocr_par' dir='ltr' id='par_1_74' title="bbox 270 4038 1924 4117">
     <span class='ocr_line' id='line_1_74' title="bbox 270 4038 1924 4117; baseline -0.002 -21"><span class='ocrx_word' id='word_1_547' title='bbox 270 4041 545 4113; x_wconf 81' lang='grc' dir='ltr'>ἀξιώματι</span> <span class='ocrx_word' id='word_1_548' title='bbox 617 4044 874 4114; x_wconf 89' lang='grc' dir='ltr'>τιμήσας,</span> <span class='ocrx_word' id='word_1_549' title='bbox 944 4038 1263 4114; x_wconf 80' lang='grc' dir='ltr'>δομὲστικον</span> <span class='ocrx_word' id='word_1_550' title='bbox 1337 4040 1744 4117; x_wconf 79' lang='grc' dir='ltr'>προχειρίζεται</span> <span class='ocrx_word' id='word_1_551' title='bbox 1816 4044 1924 4094; x_wconf 88' lang='grc' dir='ltr'><strong>τῶν</strong></span> 
     </span>
    </p>
   </div>
   <div class='ocr_carea' id='block_1_75' title="bbox 271 4126 1925 4209">
    <p class='ocr_par' dir='ltr' id='par_1_75' title="bbox 271 4126 1925 4209">
     <span class='ocr_line' id='line_1_75' title="bbox 271 4126 1925 4209; baseline -0.002 -23"><span class='ocrx_word' id='word_1_552' title='bbox 271 4129 500 4207; x_wconf 78' lang='grc' dir='ltr'>σχολῶν</span> <span class='ocrx_word' id='word_1_553' title='bbox 543 4130 631 4185; x_wconf 82' lang='grc' dir='ltr'><strong>καὶ</strong></span> <span class='ocrx_word' id='word_1_554' title='bbox 688 4129 823 4185; x_wconf 85' lang='grc' dir='ltr'><strong>κατά</strong></span> <span class='ocrx_word' id='word_1_555' title='bbox 875 4134 973 4185; x_wconf 78' lang='grc' dir='ltr'><strong>τοῦ</strong></span> <span class='ocrx_word' id='word_1_556' title='bbox 1028 4130 1283 4206; x_wconf 78' lang='grc' dir='ltr'>Σκληροῦ</span> <span class='ocrx_word' id='word_1_557' title='bbox 1342 4129 1585 4209; x_wconf 81' lang='grc' dir='ltr'>ἀφίησιν.</span> <span class='ocrx_word' id='word_1_558' title='bbox 1618 4130 1680 4186; x_wconf 74' lang='grc' dir='ltr'><strong>Ὀ</strong></span> <span class='ocrx_word' id='word_1_559' title='bbox 1721 4126 1777 4183; x_wconf 74' lang='grc' dir='ltr'><strong>δέ</strong></span> <span class='ocrx_word' id='word_1_560' title='bbox 1831 4127 1925 4182; x_wconf 86' lang='grc' dir='ltr'>τὸν</span> 
     </span>
    </p>
   </div>
   <div class='ocr_carea' id='block_1_76' title="bbox 269 4216 1923 4295">
    <p class='ocr_par' dir='ltr' id='par_1_76' title="bbox 269 4216 1923 4295">
     <span class='ocr_line' id='line_1_76' title="bbox 269 4216 1923 4295; baseline -0.002 -19"><span class='ocrx_word' id='word_1_561' title='bbox 269 4222 410 4295; x_wconf 74' lang='grc' dir='ltr'>ὑπὶρ</span> <span class='ocrx_word' id='word_1_562' title='bbox 466 4224 574 4274; x_wconf 88' lang='grc' dir='ltr'><strong>τῶν</strong></span> <span class='ocrx_word' id='word_1_563' title='bbox 647 4219 792 4275; x_wconf 75' lang='grc' dir='ltr'>ὅλων</span> <span class='ocrx_word' id='word_1_564' title='bbox 850 4216 1240 4293; x_wconf 82' lang='grc' dir='ltr'>ἀναδεξάμενος</span> <span class='ocrx_word' id='word_1_565' title='bbox 1306 4219 1491 4295; x_wconf 88' lang='grc' dir='ltr'>ἀγῶνα</span> <span class='ocrx_word' id='word_1_566' title='bbox 1549 4222 1765 4293; x_wconf 84' lang='grc' dir='ltr'>πρῶτον</span> <span class='ocrx_word' id='word_1_567' title='bbox 1830 4217 1923 4290; x_wconf 75' lang='grc' dir='ltr'><strong>μὲν</strong></span> 
     </span>
    </p>
   </div>
   <div class='ocr_carea' id='block_1_77' title="bbox 265 4302 1923 4385">
    <p class='ocr_par' dir='ltr' id='par_1_77' title="bbox 265 4302 1923 4385">
     <span class='ocr_line' id='line_1_77' title="bbox 265 4302 1923 4385; baseline -0.003 -20"><span class='ocrx_word' id='word_1_568' title='bbox 265 4308 629 4385; x_wconf 81' lang='grc' dir='ltr'>ἐπεχείρησεν</span> <span class='ocrx_word' id='word_1_569' title='bbox 699 4308 805 4363; x_wconf 84' lang='grc' dir='ltr'><strong>ἀπὸ</strong></span> <span class='ocrx_word' id='word_1_570' title='bbox 858 4308 1072 4384; x_wconf 62' lang='grc' dir='ltr'>Θρᾴκης</span> <span class='ocrx_word' id='word_1_571' title='bbox 1122 4310 1492 4383; x_wconf 73' lang='grc' dir='ltr'>περαιωθῆναι</span> <span class='ocrx_word' id='word_1_572' title='bbox 1541 4308 1618 4371; x_wconf 83' lang='grc' dir='ltr'><strong>εἰς</strong></span> <span class='ocrx_word' id='word_1_573' title='bbox 1662 4302 1923 4364; x_wconf 57' lang='grc' dir='ltr'>’Ἄϐυδον</span> 
     </span>
    </p>
   </div>
   <div class='ocr_carea' id='block_1_78' title="bbox 268 4394 1926 4478">
    <p class='ocr_par' dir='ltr' id='par_1_78' title="bbox 268 4394 1926 4478">
     <span class='ocr_line' id='line_1_78' title="bbox 268 4394 1926 4478; baseline -0.002 -24"><span class='ocrx_word' id='word_1_574' title='bbox 268 4396 645 4478; x_wconf 77' lang='grc' dir='ltr'>φυλάττοντος</span> <span class='ocrx_word' id='word_1_575' title='bbox 678 4394 735 4453; x_wconf 72' lang='grc' dir='ltr'>δὲ</span> <span class='ocrx_word' id='word_1_576' title='bbox 781 4398 848 4453; x_wconf 77' lang='grc' dir='ltr'>τὰ</span> <span class='ocrx_word' id='word_1_577' title='bbox 875 4397 926 4452; x_wconf 87' lang='grc' dir='ltr'><strong>ἐν</strong></span> <span class='ocrx_word' id='word_1_578' title='bbox 965 4396 1358 4471; x_wconf 78' lang='grc' dir='ltr'>Ἑλλησπόντῳ</span> <span class='ocrx_word' id='word_1_579' title='bbox 1411 4396 1594 4474; x_wconf 88' lang='grc' dir='ltr'>χωρία</span> <span class='ocrx_word' id='word_1_580' title='bbox 1641 4397 1926 4470; x_wconf 81' lang='grc' dir='ltr'>Ῥωμανοῦ</span> 
     </span>
    </p>
   </div>
   <div class='ocr_carea' id='block_1_79' title="bbox 264 4483 1927 4562">
    <p class='ocr_par' dir='ltr' id='par_1_79' title="bbox 264 4483 1927 4562">
     <span class='ocr_line' id='line_1_79' title="bbox 264 4483 1927 4562; baseline -0.003 -18"><span class='ocrx_word' id='word_1_581' title='bbox 264 4492 371 4544; x_wconf 78' lang='grc' dir='ltr'>τοῦ</span> <span class='ocrx_word' id='word_1_582' title='bbox 420 4486 545 4541; x_wconf 76' lang='grc' dir='ltr'>υἱοῦ</span> <span class='ocrx_word' id='word_1_583' title='bbox 591 4491 687 4541; x_wconf 76' lang='grc' dir='ltr'>τοῦ</span> <span class='ocrx_word' id='word_1_584' title='bbox 766 4486 1021 4561; x_wconf 80' lang='grc' dir='ltr'>Σκληροῦ</span> <span class='ocrx_word' id='word_1_585' title='bbox 1054 4530 1070 4560; x_wconf 92' lang='grc'><strong>,</strong></span> <span class='ocrx_word' id='word_1_586' title='bbox 1128 4487 1522 4562; x_wconf 81' lang='grc' dir='ltr'>ἀποκρουσθεὶς</span> <span class='ocrx_word' id='word_1_587' title='bbox 1573 4486 1769 4541; x_wconf 82' lang='grc' dir='ltr'>ἐκεῖθεν</span> <span class='ocrx_word' id='word_1_588' title='bbox 1826 4483 1927 4539; x_wconf 83' lang='grc' dir='ltr'>ἐπ-</span> 
     </span>
    </p>
   </div>
   <div class='ocr_carea' id='block_1_80' title="bbox 267 4568 1927 4651">
    <p class='ocr_par' dir='ltr' id='par_1_80' title="bbox 267 4568 1927 4651">
     <span class='ocr_line' id='line_1_80' title="bbox 267 4568 1927 4651; baseline -0.002 -20"><span class='ocrx_word' id='word_1_589' title='bbox 267 4576 476 4632; x_wconf 86' lang='grc' dir='ltr'>άνεισιν</span> <span class='ocrx_word' id='word_1_590' title='bbox 523 4574 597 4637; x_wconf 75' lang='grc' dir='ltr'><strong>εἶς</strong></span> <span class='ocrx_word' id='word_1_591' title='bbox 649 4576 747 4644; x_wconf 67' lang='grc' dir='ltr'>τὴν</span> <span class='ocrx_word' id='word_1_592' title='bbox 785 4574 1059 4651; x_wconf 77' lang='grc' dir='ltr'>βασιλίδα,</span> <span class='ocrx_word' id='word_1_593' title='bbox 1120 4573 1315 4631; x_wconf 78' lang='grc' dir='ltr'>ἐκεῖθέν</span> <span class='ocrx_word' id='word_1_594' title='bbox 1369 4596 1428 4631; x_wconf 86' lang='grc' dir='ltr'><strong>τε</strong></span> <span class='ocrx_word' id='word_1_595' title='bbox 1479 4574 1677 4631; x_wconf 88' lang='grc' dir='ltr'>πλοίου</span> <span class='ocrx_word' id='word_1_596' title='bbox 1736 4568 1927 4637; x_wconf 74' lang='grc' dir='ltr'>ἐπιϐὰς</span> 
     </span>
    </p>
   </div>
   <div class='ocr_carea' id='block_1_81' title="bbox 267 4663 1925 4741">
    <p class='ocr_par' dir='ltr' id='par_1_81' title="bbox 267 4663 1925 4741">
     <span class='ocr_line' id='line_1_81' title="bbox 267 4663 1925 4741; baseline -0.001 -21"><span class='ocrx_word' id='word_1_597' title='bbox 267 4666 363 4721; x_wconf 85' lang='grc' dir='ltr'>καὶ</span> <span class='ocrx_word' id='word_1_598' title='bbox 416 4663 546 4727; x_wconf 77' lang='grc' dir='ltr'>τοὺς</span> <span class='ocrx_word' id='word_1_599' title='bbox 606 4663 877 4727; x_wconf 75' lang='grc' dir='ltr'>ἐναντίους</span> <span class='ocrx_word' id='word_1_600' title='bbox 944 4663 1124 4719; x_wconf 79' lang='grc' dir='ltr'>λαϐὼν</span> <span class='ocrx_word' id='word_1_601' title='bbox 1202 4666 1338 4741; x_wconf 86' lang='grc' dir='ltr'>πρὸς</span> <span class='ocrx_word' id='word_1_602' title='bbox 1396 4666 1496 4734; x_wconf 72' lang='grc' dir='ltr'>τὴν</span> <span class='ocrx_word' id='word_1_603' title='bbox 1556 4664 1925 4741; x_wconf 84' lang='grc' dir='ltr'>ἀντίπορθμον</span> 
     </span>
    </p>
   </div>
   <div class='ocr_carea' id='block_1_82' title="bbox 268 4749 1924 4831">
    <p class='ocr_par' dir='ltr' id='par_1_82' title="bbox 268 4749 1924 4831">
     <span class='ocr_line' id='line_1_82' title="bbox 268 4749 1924 4831; baseline -0.003 -21"><span class='ocrx_word' id='word_1_604' title='bbox 268 4754 481 4831; x_wconf 85' lang='grc' dir='ltr'>γίνεται</span> <span class='ocrx_word' id='word_1_605' title='bbox 531 4760 659 4830; x_wconf 75' lang='grc' dir='ltr'>γῆν,</span> <span class='ocrx_word' id='word_1_606' title='bbox 723 4754 808 4809; x_wconf 82' lang='grc' dir='ltr'><strong>καὶ</strong></span> <span class='ocrx_word' id='word_1_607' title='bbox 868 4752 1250 4829; x_wconf 65' lang='grc' dir='ltr'>νυκτοπορίαις</span> <span class='ocrx_word' id='word_1_608' title='bbox 1304 4756 1656 4830; x_wconf 82' lang='grc' dir='ltr'>χρησάμενος</span> <span class='ocrx_word' id='word_1_609' title='bbox 1715 4749 1924 4807; x_wconf 78' lang='grc' dir='ltr'>ἄπεισιν</span> 
     </span>
    </p>
   </div>
   <div class='ocr_carea' id='block_1_83' title="bbox 268 4842 1925 4919">
    <p class='ocr_par' dir='ltr' id='par_1_83' title="bbox 268 4842 1925 4919">
     <span class='ocr_line' id='line_1_83' title="bbox 268 4842 1925 4919; baseline -0.004 -19"><span class='ocrx_word' id='word_1_610' title='bbox 268 4845 349 4906; x_wconf 80' lang='grc' dir='ltr'>εἰς</span> <span class='ocrx_word' id='word_1_611' title='bbox 411 4843 764 4919; x_wconf 80' lang='grc' dir='ltr'>Καισάρειαν,</span> <span class='ocrx_word' id='word_1_612' title='bbox 824 4842 994 4897; x_wconf 85' lang='grc' dir='ltr'>ἐκεῖσέ</span> <span class='ocrx_word' id='word_1_613' title='bbox 1040 4863 1097 4897; x_wconf 87' lang='grc' dir='ltr'><strong>τε</strong></span> <span class='ocrx_word' id='word_1_614' title='bbox 1149 4843 1434 4915; x_wconf 85' lang='grc' dir='ltr'>Εὐσταθίῳ</span> <span class='ocrx_word' id='word_1_615' title='bbox 1506 4843 1790 4918; x_wconf 82' lang='grc' dir='ltr'>μαγίστρῳ</span> <span class='ocrx_word' id='word_1_616' title='bbox 1844 4843 1925 4911; x_wconf 70' lang='grc' dir='ltr'>τῷ</span> 
     </span>
    </p>
   </div>
   <div class='ocr_carea' id='block_1_84' title="bbox 266 4928 1922 5007">
    <p class='ocr_par' dir='ltr' id='par_1_84' title="bbox 266 4928 1922 5007">
     <span class='ocr_line' id='line_1_84' title="bbox 266 4928 1922 5007; baseline -0.004 -18"><span class='ocrx_word' id='word_1_617' title='bbox 266 4931 531 5004; x_wconf 73' lang='grc' dir='ltr'>Μαλεΐνῳ</span> <span class='ocrx_word' id='word_1_618' title='bbox 556 4931 646 4985; x_wconf 79' lang='grc' dir='ltr'>καὶ</span> <span class='ocrx_word' id='word_1_619' title='bbox 678 4930 912 5007; x_wconf 80' lang='grc' dir='ltr'>Μιχαὴλ</span> <span class='ocrx_word' id='word_1_620' title='bbox 948 4930 1225 5007; x_wconf 85' lang='grc' dir='ltr'>μαγίστρῳ</span> <span class='ocrx_word' id='word_1_621' title='bbox 1254 4936 1332 5004; x_wconf 80' lang='grc' dir='ltr'>τῷ</span> <span class='ocrx_word' id='word_1_622' title='bbox 1374 4930 1613 5005; x_wconf 72' lang='grc' dir='ltr'>Βοῦρτζῃ</span> <span class='ocrx_word' id='word_1_623' title='bbox 1650 4928 1922 5004; x_wconf 79' lang='grc' dir='ltr'>συμμίξας</span> 
     </span>
    </p>
   </div>
   <div class='ocr_carea' id='block_1_85' title="bbox 260 5018 1923 5097">
    <p class='ocr_par' dir='ltr' id='par_1_85' title="bbox 260 5018 1923 5097">
     <span class='ocr_line' id='line_1_85' title="bbox 260 5018 1923 5097; baseline -0.002 -20"><span class='ocrx_word' id='word_1_624' title='bbox 260 5018 492 5097; x_wconf 80' lang='grc' dir='ltr'>(ἔφθασε</span> <span class='ocrx_word' id='word_1_625' title='bbox 520 5021 624 5096; x_wconf 77' lang='grc' dir='ltr'>γὰρ</span> <span class='ocrx_word' id='word_1_626' title='bbox 671 5021 759 5076; x_wconf 83' lang='grc' dir='ltr'><strong>καὶ</strong></span> <span class='ocrx_word' id='word_1_627' title='bbox 811 5019 971 5083; x_wconf 75' lang='grc' dir='ltr'>αὐτὸς</span> <span class='ocrx_word' id='word_1_628' title='bbox 999 5019 1058 5075; x_wconf 89' lang='grc' dir='ltr'><strong>ἐκ</strong></span> <span class='ocrx_word' id='word_1_629' title='bbox 1090 5020 1369 5093; x_wconf 87' lang='grc' dir='ltr'>μετανοίας</span> <span class='ocrx_word' id='word_1_630' title='bbox 1402 5020 1468 5075; x_wconf 79' lang='grc' dir='ltr'>τὰ</span> <span class='ocrx_word' id='word_1_631' title='bbox 1492 5025 1591 5076; x_wconf 77' lang='grc' dir='ltr'><strong>τοῦ</strong></span> <span class='ocrx_word' id='word_1_632' title='bbox 1655 5018 1923 5096; x_wconf 65' lang='grc' dir='ltr'>βασιλέως</span> 
     </span>
    </p>
   </div>
   <div class='ocr_carea' id='block_1_86' title="bbox 258 5108 1921 5187">
    <p class='ocr_par' dir='ltr' id='par_1_86' title="bbox 258 5108 1921 5187">
     <span class='ocr_line' id='line_1_86' title="bbox 258 5108 1921 5187; baseline -0.001 -21"><span class='ocrx_word' id='word_1_633' title='bbox 258 5111 435 5167; x_wconf 89' lang='grc' dir='ltr'>πάλιν</span> <span class='ocrx_word' id='word_1_634' title='bbox 484 5108 719 5183; x_wconf 81' lang='grc' dir='ltr'>ἐλέσθαι)</span> <span class='ocrx_word' id='word_1_635' title='bbox 783 5111 897 5183; x_wconf 87' lang='grc' dir='ltr'>μετ’</span> <span class='ocrx_word' id='word_1_636' title='bbox 956 5109 1131 5165; x_wconf 76' lang='grc' dir='ltr'>αὐτῶν</span> <span class='ocrx_word' id='word_1_637' title='bbox 1162 5111 1298 5187; x_wconf 84' lang='grc' dir='ltr'>πρὸς</span> <span class='ocrx_word' id='word_1_638' title='bbox 1330 5108 1577 5183; x_wconf 87' lang='grc' dir='ltr'>πόλεμον</span> <span class='ocrx_word' id='word_1_639' title='bbox 1611 5109 1921 5183; x_wconf 79' lang='grc' dir='ltr'>ἐξηρτύετο.</span> 
     </span>
    </p>
   </div>
   <div class='ocr_carea' id='block_1_87' title="bbox 258 5196 1924 5275">
    <p class='ocr_par' dir='ltr' id='par_1_87' title="bbox 258 5196 1924 5275">
     <span class='ocr_line' id='line_1_87' title="bbox 258 5196 1924 5275; baseline -0.002 -20"><span class='ocrx_word' id='word_1_640' title='bbox 258 5199 363 5255; x_wconf 82' lang='grc' dir='ltr'><strong>Καὶ</strong></span> <span class='ocrx_word' id='word_1_641' title='bbox 398 5196 466 5268; x_wconf 82' lang='grc' dir='ltr'>δὴ</span> <span class='ocrx_word' id='word_1_642' title='bbox 502 5197 631 5253; x_wconf 90' lang='grc' dir='ltr'>λαὸν</span> <span class='ocrx_word' id='word_1_643' title='bbox 684 5198 757 5261; x_wconf 83' lang='grc' dir='ltr'>ὡς</span> <span class='ocrx_word' id='word_1_644' title='bbox 803 5198 831 5252; x_wconf 90' lang='lat'><strong>6</strong></span> <span class='ocrx_word' id='word_1_645' title='bbox 881 5199 1068 5275; x_wconf 85' lang='grc' dir='ltr'>καιρὸς</span> <span class='ocrx_word' id='word_1_646' title='bbox 1118 5196 1298 5254; x_wconf 83' lang='grc' dir='ltr'>ἐδίδου</span> <span class='ocrx_word' id='word_1_647' title='bbox 1330 5198 1607 5274; x_wconf 84' lang='grc' dir='ltr'>ἀθροίσας,</span> <span class='ocrx_word' id='word_1_648' title='bbox 1653 5197 1743 5253; x_wconf 86' lang='grc' dir='ltr'>καὶ</span> <span class='ocrx_word' id='word_1_649' title='bbox 1796 5197 1924 5260; x_wconf 73' lang='grc' dir='ltr'>τοὺς</span> 
     </span>
    </p>
   </div>
   <div class='ocr_carea' id='block_1_88' title="bbox 260 5284 1924 5366">
    <p class='ocr_par' dir='ltr' id='par_1_88' title="bbox 260 5284 1924 5366">
     <span class='ocr_line' id='line_1_88' title="bbox 260 5284 1924 5366; baseline -0.002 -21"><span class='ocrx_word' id='word_1_650' title='bbox 260 5289 323 5345; x_wconf 88' lang='grc' dir='ltr'><strong>ἐκ</strong></span> <span class='ocrx_word' id='word_1_651' title='bbox 352 5292 457 5355; x_wconf 80' lang='grc' dir='ltr'>τῆς</span> <span class='ocrx_word' id='word_1_652' title='bbox 508 5294 681 5366; x_wconf 84' lang='grc' dir='ltr'>φυγῆς</span> <span class='ocrx_word' id='word_1_653' title='bbox 723 5284 1142 5361; x_wconf 74' lang='grc' dir='ltr'>ἐσκεδασμένους</span> <span class='ocrx_word' id='word_1_654' title='bbox 1195 5286 1406 5358; x_wconf 79' lang='grc' dir='ltr'>ἁλίσας,</span> <span class='ocrx_word' id='word_1_655' title='bbox 1446 5289 1583 5364; x_wconf 79' lang='grc' dir='ltr'>πρὸς</span> <span class='ocrx_word' id='word_1_656' title='bbox 1623 5288 1685 5342; x_wconf 86' lang='grc' dir='ltr'>τὸ</span> <span class='ocrx_word' id='word_1_657' title='bbox 1733 5287 1924 5360; x_wconf 85' lang='grc' dir='ltr'>Ἀμώ-</span> 
     </span>
    </p>
   </div>
   <div class='ocr_carea' id='block_1_89' title="bbox 264 5373 1922 5454">
    <p class='ocr_par' dir='ltr' id='par_1_89' title="bbox 264 5373 1922 5454">
     <span class='ocr_line' id='line_1_89' title="bbox 264 5373 1922 5454; baseline -0.003 -19"><span class='ocrx_word' id='word_1_658' title='bbox 264 5400 383 5452; x_wconf 92' lang='grc' dir='ltr'>ριον</span> <span class='ocrx_word' id='word_1_659' title='bbox 415 5376 642 5453; x_wconf 88' lang='grc' dir='ltr'>γίνεται.</span> <span class='ocrx_word' id='word_1_660' title='bbox 676 5377 772 5432; x_wconf 79' lang='grc' dir='ltr'><strong>Καὶ</strong></span> <span class='ocrx_word' id='word_1_661' title='bbox 834 5377 862 5432; x_wconf 89' lang='lat'><strong>6</strong></span> <span class='ocrx_word' id='word_1_662' title='bbox 909 5375 1163 5454; x_wconf 89' lang='grc' dir='ltr'>Σκληρός</span> <span class='ocrx_word' id='word_1_663' title='bbox 1225 5374 1281 5433; x_wconf 88' lang='grc' dir='ltr'><strong>δέ</strong></span> <span class='ocrx_word' id='word_1_664' title='bbox 1336 5379 1436 5448; x_wconf 78' lang='grc' dir='ltr'>τήν</span> <span class='ocrx_word' id='word_1_665' title='bbox 1491 5376 1687 5433; x_wconf 67' lang='grc' dir='ltr'>τούτου</span> <span class='ocrx_word' id='word_1_666' title='bbox 1742 5373 1922 5450; x_wconf 78' lang='grc' dir='ltr'>ἔξοδον</span> 
     </span>
    </p>
   </div>
   <div class='ocr_carea' id='block_1_90' title="bbox 265 5462 1925 5544">
    <p class='ocr_par' dir='ltr' id='par_1_90' title="bbox 265 5462 1925 5544">
     <span class='ocr_line' id='line_1_90' title="bbox 265 5462 1925 5544; baseline -0.004 -19"><span class='ocrx_word' id='word_1_667' title='bbox 265 5467 547 5540; x_wconf 86' lang='grc' dir='ltr'>ἀκηκοὼς,</span> <span class='ocrx_word' id='word_1_668' title='bbox 580 5465 669 5521; x_wconf 84' lang='grc' dir='ltr'><strong>καὶ</strong></span> <span class='ocrx_word' id='word_1_669' title='bbox 699 5469 791 5520; x_wconf 81' lang='grc' dir='ltr'><strong>νῦν</strong></span> <span class='ocrx_word' id='word_1_670' title='bbox 822 5466 1045 5544; x_wconf 83' lang='grc' dir='ltr'>πφῶτον</span> <span class='ocrx_word' id='word_1_671' title='bbox 1095 5466 1298 5537; x_wconf 81' lang='grc' dir='ltr'>οἰηθεὶς</span> <span class='ocrx_word' id='word_1_672' title='bbox 1344 5468 1436 5522; x_wconf 87' lang='grc' dir='ltr'><strong>τὸν</strong></span> <span class='ocrx_word' id='word_1_673' title='bbox 1482 5466 1669 5543; x_wconf 82' lang='grc' dir='ltr'>ἀγῶνα</span> <span class='ocrx_word' id='word_1_674' title='bbox 1716 5462 1925 5529; x_wconf 83' lang='grc' dir='ltr'>ἔσεσθαι</span> 
     </span>
    </p>
   </div>
   <div class='ocr_carea' id='block_1_91' title="bbox 270 5552 1929 5634">
    <p class='ocr_par' dir='ltr' id='par_1_91' title="bbox 270 5552 1929 5634">
     <span class='ocr_line' id='line_1_91' title="bbox 270 5552 1929 5634; baseline -0.002 -20"><span class='ocrx_word' id='word_1_675' title='bbox 270 5558 419 5631; x_wconf 78' lang='grc' dir='ltr'>αὐτῷ</span> <span class='ocrx_word' id='word_1_676' title='bbox 488 5557 625 5633; x_wconf 86' lang='grc' dir='ltr'>πρὸς</span> <span class='ocrx_word' id='word_1_677' title='bbox 695 5552 865 5632; x_wconf 79' lang='grc' dir='ltr'>ἄνδρα</span> <span class='ocrx_word' id='word_1_678' title='bbox 928 5554 1270 5629; x_wconf 78' lang='grc' dir='ltr'>πολεμιστὴν</span> <span class='ocrx_word' id='word_1_679' title='bbox 1359 5556 1451 5612; x_wconf 79' lang='grc' dir='ltr'>καὶ</span> <span class='ocrx_word' id='word_1_680' title='bbox 1508 5555 1691 5634; x_wconf 72' lang='grc' dir='ltr'>φίρειν</span> <span class='ocrx_word' id='word_1_681' title='bbox 1748 5553 1929 5611; x_wconf 86' lang='grc' dir='ltr'>εἰδότα</span> 
     </span>
    </p>
   </div>
   <div class='ocr_carea' id='block_1_92' title="bbox 273 5643 1928 5729">
    <p class='ocr_par' dir='ltr' id='par_1_92' title="bbox 273 5643 1928 5729">
     <span class='ocr_line' id='line_1_92' title="bbox 273 5643 1928 5729; baseline -0.001 -24"><span class='ocrx_word' id='word_1_682' title='bbox 273 5646 538 5728; x_wconf 85' lang='grc' dir='ltr'>γενναίως</span> <span class='ocrx_word' id='word_1_683' title='bbox 586 5647 677 5704; x_wconf 81' lang='grc' dir='ltr'>καὶ</span> <span class='ocrx_word' id='word_1_684' title='bbox 718 5648 988 5729; x_wconf 77' lang='grc' dir='ltr'>τακτικῶς</span> <span class='ocrx_word' id='word_1_685' title='bbox 1023 5645 1119 5711; x_wconf 79' lang='grc' dir='ltr'>τὰς</span> <span class='ocrx_word' id='word_1_686' title='bbox 1163 5643 1467 5722; x_wconf 84' lang='grc' dir='ltr'>πολεμίους</span> <span class='ocrx_word' id='word_1_687' title='bbox 1520 5645 1778 5725; x_wconf 77' lang='grc' dir='ltr'>στροφὰς,</span> <span class='ocrx_word' id='word_1_688' title='bbox 1836 5645 1928 5703; x_wconf 76' lang='grc' dir='ltr'>καὶ</span> 
     </span>
    </p>
   </div>
   <div class='ocr_carea' id='block_1_93' title="bbox 2038 3508 3687 3580">
    <p class='ocr_par' dir='ltr' id='par_1_93' title="bbox 2038 3508 3687 3580">
     <span class='ocr_line' id='line_1_93' title="bbox 2038 3508 3687 3580; baseline 0.008 -17"><span class='ocrx_word' id='word_1_689' title='bbox 2038 3508 2287 3580; x_wconf 89' lang='lat' dir='ltr'><strong>speratis</strong></span> <span class='ocrx_word' id='word_1_690' title='bbox 2321 3508 2473 3579; x_wconf 91' lang='lat' dir='ltr'><strong>(cum</strong></span> <span class='ocrx_word' id='word_1_691' title='bbox 2498 3508 2625 3579; x_wconf 89' lang='lat' dir='ltr'><strong>jam</strong></span> <span class='ocrx_word' id='word_1_692' title='bbox 2658 3508 2728 3563; x_wconf 90' lang='lat' dir='ltr'><strong>ad</strong></span> <span class='ocrx_word' id='word_1_693' title='bbox 2769 3508 2958 3579; x_wconf 91' lang='lat' dir='ltr'><strong>ipsam</strong></span> <span class='ocrx_word' id='word_1_694' title='bbox 3006 3511 3209 3567; x_wconf 91' lang='lat' dir='ltr'><strong>urbem</strong></span> <span class='ocrx_word' id='word_1_695' title='bbox 3241 3516 3538 3574; x_wconf 89' lang='lat' dir='ltr'><strong>accederet</strong></span> <span class='ocrx_word' id='word_1_696' title='bbox 3566 3520 3687 3576; x_wconf 90' lang='lat' dir='ltr'><strong>Du-</strong></span> 
     </span>
    </p>
   </div>
   <div class='ocr_carea' id='block_1_94' title="bbox 2039 3596 3685 3677">
    <p class='ocr_par' dir='ltr' id='par_1_94' title="bbox 2039 3596 3685 3677">
     <span class='ocr_line' id='line_1_94' title="bbox 2039 3596 3685 3677; baseline 0.009 -26"><span class='ocrx_word' id='word_1_697' title='bbox 2039 3602 2160 3668; x_wconf 90' lang='lat' dir='ltr'><strong>rus)</strong></span> <span class='ocrx_word' id='word_1_698' title='bbox 2196 3614 2380 3652; x_wconf 91' lang='lat' dir='ltr'><strong>unum</strong></span> <span class='ocrx_word' id='word_1_699' title='bbox 2411 3596 2520 3652; x_wconf 91' lang='lat' dir='ltr'><strong>hoc</strong></span> <span class='ocrx_word' id='word_1_700' title='bbox 2564 3597 2838 3668; x_wconf 86' lang='lat' dir='ltr'><strong>cogitavit</strong></span> <span class='ocrx_word' id='word_1_701' title='bbox 2885 3600 3225 3670; x_wconf 64' lang='lat' dir='ltr'><strong>praesidium</strong></span> <span class='ocrx_word' id='word_1_702' title='bbox 3276 3620 3601 3677; x_wconf 89' lang='lat' dir='ltr'><strong>superesse,</strong></span> <span class='ocrx_word' id='word_1_703' title='bbox 3635 3610 3685 3664; x_wconf 88' lang='lat' dir='ltr'><strong>si</strong></span> 
     </span>
    </p>
   </div>
   <div class='ocr_carea' id='block_1_95' title="bbox 2037 3686 3684 3765">
    <p class='ocr_par' dir='ltr' id='par_1_95' title="bbox 2037 3686 3684 3765">
     <span class='ocr_line' id='line_1_95' title="bbox 2037 3686 3684 3765; baseline 0.008 -24"><span class='ocrx_word' id='word_1_704' title='bbox 2037 3686 2226 3742; x_wconf 91' lang='lat' dir='ltr'><strong>Barda</strong></span> <span class='ocrx_word' id='word_1_705' title='bbox 2256 3686 2477 3742; x_wconf 89' lang='lat' dir='ltr'><strong>Phocas</strong></span> <span class='ocrx_word' id='word_1_706' title='bbox 2509 3687 2579 3741; x_wconf 90' lang='lat' dir='ltr'><strong>ab</strong></span> <span class='ocrx_word' id='word_1_707' title='bbox 2611 3686 2812 3742; x_wconf 86' lang='lat' dir='ltr'><strong>exsilio</strong></span> <span class='ocrx_word' id='word_1_708' title='bbox 2863 3696 3443 3765; x_wconf 83' lang='lat' dir='ltr'><strong>revocaretur,quem</strong></span> <span class='ocrx_word' id='word_1_709' title='bbox 3493 3697 3684 3755; x_wconf 89' lang='lat' dir='ltr'><strong>solum</strong></span> 
     </span>
    </p>
   </div>
   <div class='ocr_carea' id='block_1_96' title="bbox 2038 3776 3686 3856">
    <p class='ocr_par' dir='ltr' id='par_1_96' title="bbox 2038 3776 3686 3856">
     <span class='ocr_line' id='line_1_96' title="bbox 2038 3776 3686 3856; baseline 0.008 -26"><span class='ocrx_word' id='word_1_710' title='bbox 2038 3776 2311 3831; x_wconf 87' lang='lat' dir='ltr'><strong>censebat</strong></span> <span class='ocrx_word' id='word_1_711' title='bbox 2344 3776 2493 3830; x_wconf 90' lang='lat' dir='ltr'><strong>Duro</strong></span> <span class='ocrx_word' id='word_1_712' title='bbox 2539 3781 2691 3831; x_wconf 89' lang='lat' dir='ltr'><strong>recte</strong></span> <span class='ocrx_word' id='word_1_713' title='bbox 2721 3778 2936 3847; x_wconf 90' lang='lat' dir='ltr'><strong>opponi</strong></span> <span class='ocrx_word' id='word_1_714' title='bbox 2968 3796 3159 3850; x_wconf 90' lang='lat' dir='ltr'><strong>posse.</strong></span> <span class='ocrx_word' id='word_1_715' title='bbox 3184 3782 3329 3837; x_wconf 90' lang='lat' dir='ltr'><strong>Eum</strong></span> <span class='ocrx_word' id='word_1_716' title='bbox 3361 3801 3497 3856; x_wconf 86' lang='lat' dir='ltr'><strong>ergo</strong></span> <span class='ocrx_word' id='word_1_717' title='bbox 3528 3787 3686 3844; x_wconf 86' lang='lat' dir='ltr'><strong>dicto</strong></span> 
     </span>
    </p>
   </div>
   <div class='ocr_carea' id='block_1_97' title="bbox 2036 3865 3686 3947">
    <p class='ocr_par' dir='ltr' id='par_1_97' title="bbox 2036 3865 3686 3947">
     <span class='ocr_line' id='line_1_97' title="bbox 2036 3865 3686 3947; baseline 0.007 -27"><span class='ocrx_word' id='word_1_718' title='bbox 2036 3865 2212 3920; x_wconf 91' lang='lat' dir='ltr'><strong>citius</strong></span> <span class='ocrx_word' id='word_1_719' title='bbox 2244 3870 2461 3936; x_wconf 89' lang='lat' dir='ltr'><strong>evocat,</strong></span> <span class='ocrx_word' id='word_1_720' title='bbox 2487 3866 2876 3935; x_wconf 85' lang='lat' dir='ltr'><strong>jurejurando</strong></span> <span class='ocrx_word' id='word_1_721' title='bbox 2903 3868 2955 3922; x_wconf 91' lang='lat' dir='ltr'><strong>ei</strong></span> <span class='ocrx_word' id='word_1_722' title='bbox 2988 3884 3198 3925; x_wconf 90' lang='lat' dir='ltr'><strong>cavens</strong></span> <span class='ocrx_word' id='word_1_723' title='bbox 3238 3876 3413 3943; x_wconf 91' lang='lat' dir='ltr'><strong>atque</strong></span> <span class='ocrx_word' id='word_1_724' title='bbox 3443 3876 3686 3947; x_wconf 90' lang='lat' dir='ltr'><strong>amplis-</strong></span> 
     </span>
    </p>
   </div>
   <div class='ocr_carea' id='block_1_98' title="bbox 2036 3954 3689 4036">
    <p class='ocr_par' dir='ltr' id='par_1_98' title="bbox 2036 3954 3689 4036">
     <span class='ocr_line' id='line_1_98' title="bbox 2036 3954 3689 4036; baseline 0.007 -27"><span class='ocrx_word' id='word_1_725' title='bbox 2036 3954 2218 4009; x_wconf 89' lang='lat' dir='ltr'><strong>simas</strong></span> <span class='ocrx_word' id='word_1_726' title='bbox 2248 3957 2554 4009; x_wconf 85' lang='lat' dir='ltr'><strong>conferens</strong></span> <span class='ocrx_word' id='word_1_727' title='bbox 2583 3971 2754 4026; x_wconf 89' lang='lat' dir='ltr'><strong>opes;</strong></span> <span class='ocrx_word' id='word_1_728' title='bbox 2788 3961 3181 4030; x_wconf 89' lang='lat' dir='ltr'><strong>ornatumque</strong></span> <span class='ocrx_word' id='word_1_729' title='bbox 3206 3962 3469 4032; x_wconf 81' lang='lat' dir='ltr'><strong>magistri</strong></span> <span class='ocrx_word' id='word_1_730' title='bbox 3492 3965 3689 4036; x_wconf 87' lang='lat' dir='ltr'><strong>digni-</strong></span> 
     </span>
    </p>
   </div>
   <div class='ocr_carea' id='block_1_99' title="bbox 2036 4043 3685 4110">
    <p class='ocr_par' dir='ltr' id='par_1_99' title="bbox 2036 4043 3685 4110">
     <span class='ocr_line' id='line_1_99' title="bbox 2036 4043 3685 4110; baseline 0.007 -11"><span class='ocrx_word' id='word_1_731' title='bbox 2036 4048 2155 4099; x_wconf 89' lang='lat' dir='ltr'><strong>tate</strong></span> <span class='ocrx_word' id='word_1_732' title='bbox 2189 4043 2578 4098; x_wconf 89' lang='lat' dir='ltr'><strong>domesticum</strong></span> <span class='ocrx_word' id='word_1_733' title='bbox 2609 4044 2946 4099; x_wconf 90' lang='lat' dir='ltr'><strong>scholarum</strong></span> <span class='ocrx_word' id='word_1_734' title='bbox 2980 4046 3117 4102; x_wconf 85' lang='lat' dir='ltr'><strong>facit</strong></span> <span class='ocrx_word' id='word_1_735' title='bbox 3147 4054 3202 4103; x_wconf 93' lang='lat' dir='ltr'><strong>et</strong></span> <span class='ocrx_word' id='word_1_736' title='bbox 3233 4057 3435 4107; x_wconf 89' lang='lat' dir='ltr'><strong>contra</strong></span> <span class='ocrx_word' id='word_1_737' title='bbox 3465 4054 3685 4110; x_wconf 90' lang='lat' dir='ltr'><strong>Durum</strong></span> 
     </span>
    </p>
   </div>
   <div class='ocr_carea' id='block_1_100' title="bbox 2036 4132 3684 4211">
    <p class='ocr_par' dir='ltr' id='par_1_100' title="bbox 2036 4132 3684 4211">
     <span class='ocr_line' id='line_1_100' title="bbox 2036 4132 3684 4211; baseline 0.005 -22"><span class='ocrx_word' id='word_1_738' title='bbox 2036 4133 2271 4189; x_wconf 85' lang='lat' dir='ltr'><strong>emittit.</strong></span> <span class='ocrx_word' id='word_1_739' title='bbox 2301 4132 2519 4189; x_wconf 86' lang='lat' dir='ltr'><strong>Phocas</strong></span> <span class='ocrx_word' id='word_1_740' title='bbox 2550 4149 2786 4188; x_wconf 87' lang='lat' dir='ltr'><strong>summa</strong></span> <span class='ocrx_word' id='word_1_741' title='bbox 2816 4133 2927 4189; x_wconf 89' lang='lat' dir='ltr'><strong>sibi</strong></span> <span class='ocrx_word' id='word_1_742' title='bbox 2960 4151 3154 4192; x_wconf 91' lang='lat' dir='ltr'><strong>rerum</strong></span> <span class='ocrx_word' id='word_1_743' title='bbox 3186 4139 3406 4195; x_wconf 90' lang='lat' dir='ltr'><strong>credita</strong></span> <span class='ocrx_word' id='word_1_744' title='bbox 3435 4140 3623 4211; x_wconf 89' lang='lat' dir='ltr'><strong>primo</strong></span> <span class='ocrx_word' id='word_1_745' title='bbox 3653 4158 3684 4198; x_wconf 91' lang='lat' dir='ltr'><strong>e</strong></span> 
     </span>
    </p>
   </div>
   <div class='ocr_carea' id='block_1_101' title="bbox 2036 4222 3690 4293">
    <p class='ocr_par' dir='ltr' id='par_1_101' title="bbox 2036 4222 3690 4293">
     <span class='ocr_line' id='line_1_101' title="bbox 2036 4222 3690 4293; baseline 0.007 -16"><span class='ocrx_word' id='word_1_746' title='bbox 2036 4223 2285 4278; x_wconf 79' lang='lat' dir='ltr'><strong>Thracia</strong></span> <span class='ocrx_word' id='word_1_747' title='bbox 2314 4222 2385 4276; x_wconf 92' lang='lat' dir='ltr'><strong>ad</strong></span> <span class='ocrx_word' id='word_1_748' title='bbox 2416 4222 2683 4293; x_wconf 77' lang='lat' dir='ltr'><strong>Abydum</strong></span> <span class='ocrx_word' id='word_1_749' title='bbox 2734 4223 3003 4293; x_wconf 85' lang='lat' dir='ltr'><strong>trajicere</strong></span> <span class='ocrx_word' id='word_1_750' title='bbox 3050 4234 3292 4283; x_wconf 85' lang='lat' dir='ltr'><strong>conatus</strong></span> <span class='ocrx_word' id='word_1_751' title='bbox 3335 4233 3442 4284; x_wconf 91' lang='lat' dir='ltr'><strong>est.</strong></span> <span class='ocrx_word' id='word_1_752' title='bbox 3476 4231 3589 4287; x_wconf 89' lang='lat' dir='ltr'><strong>Sed</strong></span> <span class='ocrx_word' id='word_1_753' title='bbox 3620 4248 3690 4289; x_wconf 89' lang='lat' dir='ltr'><strong>ea</strong></span> 
     </span>
    </p>
   </div>
   <div class='ocr_carea' id='block_1_102' title="bbox 2038 4312 3690 4392">
    <p class='ocr_par' dir='ltr' id='par_1_102' title="bbox 2038 4312 3690 4392">
     <span class='ocr_line' id='line_1_102' title="bbox 2038 4312 3690 4392; baseline 0.004 -24"><span class='ocrx_word' id='word_1_754' title='bbox 2038 4328 2140 4383; x_wconf 92' lang='lat' dir='ltr'><strong>spe</strong></span> <span class='ocrx_word' id='word_1_755' title='bbox 2170 4312 2452 4382; x_wconf 86' lang='lat' dir='ltr'><strong>dejectus,</strong></span> <span class='ocrx_word' id='word_1_756' title='bbox 2477 4312 2631 4382; x_wconf 91' lang='lat' dir='ltr'><strong>quod</strong></span> <span class='ocrx_word' id='word_1_757' title='bbox 2664 4315 2963 4368; x_wconf 83' lang='lat' dir='ltr'><strong>Romanus</strong></span> <span class='ocrx_word' id='word_1_758' title='bbox 2993 4313 3133 4369; x_wconf 88' lang='lat' dir='ltr'><strong>Duri</strong></span> <span class='ocrx_word' id='word_1_759' title='bbox 3166 4315 3321 4372; x_wconf 82' lang='lat' dir='ltr'><strong>ﬁlius</strong></span> <span class='ocrx_word' id='word_1_760' title='bbox 3353 4318 3690 4392; x_wconf 84' lang='lat' dir='ltr'><strong>Hellespon-</strong></span> 
     </span>
    </p>
   </div>
   <div class='ocr_carea' id='block_1_103' title="bbox 2037 4400 3688 4477">
    <p class='ocr_par' dir='ltr' id='par_1_103' title="bbox 2037 4400 3688 4477">
     <span class='ocr_line' id='line_1_103' title="bbox 2037 4400 3688 4477; baseline 0.006 -22"><span class='ocrx_word' id='word_1_761' title='bbox 2037 4405 2163 4456; x_wconf 85' lang='lat' dir='ltr'><strong>tum</strong></span> <span class='ocrx_word' id='word_1_762' title='bbox 2214 4404 2456 4469; x_wconf 88' lang='lat' dir='ltr'><strong>teneret,</strong></span> <span class='ocrx_word' id='word_1_763' title='bbox 2480 4400 2679 4471; x_wconf 91' lang='lat' dir='ltr'><strong>Cpolin</strong></span> <span class='ocrx_word' id='word_1_764' title='bbox 2711 4401 2904 4456; x_wconf 93' lang='lat' dir='ltr'><strong>rediit.</strong></span> <span class='ocrx_word' id='word_1_765' title='bbox 2930 4402 3069 4458; x_wconf 90' lang='lat' dir='ltr'><strong>Inde</strong></span> <span class='ocrx_word' id='word_1_766' title='bbox 3109 4406 3338 4477; x_wconf 89' lang='lat' dir='ltr'><strong>navigio</strong></span> <span class='ocrx_word' id='word_1_767' title='bbox 3370 4424 3688 4465; x_wconf 89' lang='lat' dir='ltr'><strong>conscenso</strong></span> 
     </span>
    </p>
   </div>
   <div class='ocr_carea' id='block_1_104' title="bbox 2037 4489 3688 4568">
    <p class='ocr_par' dir='ltr' id='par_1_104' title="bbox 2037 4489 3688 4568">
     <span class='ocr_line' id='line_1_104' title="bbox 2037 4489 3688 4568; baseline 0.004 -22"><span class='ocrx_word' id='word_1_768' title='bbox 2037 4490 2307 4546; x_wconf 89' lang='lat' dir='ltr'><strong>hostibus</strong></span> <span class='ocrx_word' id='word_1_769' title='bbox 2328 4506 2439 4545; x_wconf 92' lang='lat' dir='ltr'><strong>non</strong></span> <span class='ocrx_word' id='word_1_770' title='bbox 2465 4489 3064 4547; x_wconf 88' lang='lat' dir='ltr'><strong>animadvertentibus</strong></span> <span class='ocrx_word' id='word_1_771' title='bbox 3086 4494 3155 4548; x_wconf 90' lang='lat' dir='ltr'><strong>ad</strong></span> <span class='ocrx_word' id='word_1_772' title='bbox 3190 4497 3519 4568; x_wconf 90' lang='lat' dir='ltr'><strong>oppositam</strong></span> <span class='ocrx_word' id='word_1_773' title='bbox 3551 4514 3688 4553; x_wconf 87' lang='lat' dir='ltr'><strong>con-</strong></span> 
     </span>
    </p>
   </div>
   <div class='ocr_carea' id='block_1_105' title="bbox 2036 4579 3691 4655">
    <p class='ocr_par' dir='ltr' id='par_1_105' title="bbox 2036 4579 3691 4655">
     <span class='ocr_line' id='line_1_105' title="bbox 2036 4579 3691 4655; baseline 0.005 -19"><span class='ocrx_word' id='word_1_774' title='bbox 2036 4581 2320 4637; x_wconf 76' lang='lat' dir='ltr'><strong>tinentem</strong></span> <span class='ocrx_word' id='word_1_775' title='bbox 2378 4579 2629 4651; x_wconf 89' lang='lat' dir='ltr'><strong>trajecit,</strong></span> <span class='ocrx_word' id='word_1_776' title='bbox 2678 4583 3104 4655; x_wconf 80' lang='lat' dir='ltr'><strong>nocturnisque</strong></span> <span class='ocrx_word' id='word_1_777' title='bbox 3152 4584 3459 4644; x_wconf 90' lang='lat' dir='ltr'><strong>itineribus</strong></span> <span class='ocrx_word' id='word_1_778' title='bbox 3509 4589 3691 4645; x_wconf 64' lang='lat' dir='ltr'><strong>Caesa-</strong></span> 
     </span>
    </p>
   </div>
   <div class='ocr_carea' id='block_1_106' title="bbox 2038 4670 3688 4744">
    <p class='ocr_par' dir='ltr' id='par_1_106' title="bbox 2038 4670 3688 4744">
     <span class='ocr_line' id='line_1_106' title="bbox 2038 4670 3688 4744; baseline 0.004 -17"><span class='ocrx_word' id='word_1_779' title='bbox 2038 4687 2195 4727; x_wconf 90' lang='lat' dir='ltr'><strong>ream</strong></span> <span class='ocrx_word' id='word_1_780' title='bbox 2226 4670 2507 4742; x_wconf 89' lang='lat' dir='ltr'><strong>pervenit.</strong></span> <span class='ocrx_word' id='word_1_781' title='bbox 2544 4670 2625 4725; x_wconf 91' lang='lat' dir='ltr'><strong>Ibi</strong></span> <span class='ocrx_word' id='word_1_782' title='bbox 2658 4686 2719 4726; x_wconf 92' lang='lat' dir='ltr'><strong>se</strong></span> <span class='ocrx_word' id='word_1_783' title='bbox 2752 4687 2884 4725; x_wconf 91' lang='lat' dir='ltr'><strong>cum</strong></span> <span class='ocrx_word' id='word_1_784' title='bbox 2919 4673 3201 4744; x_wconf 87' lang='lat' dir='ltr'><strong>magistro</strong></span> <span class='ocrx_word' id='word_1_785' title='bbox 3235 4676 3536 4733; x_wconf 85' lang='lat' dir='ltr'><strong>Eustathio</strong></span> <span class='ocrx_word' id='word_1_786' title='bbox 3565 4681 3688 4735; x_wconf 87' lang='lat' dir='ltr'><strong>Ma-</strong></span> 
     </span>
    </p>
   </div>
   <div class='ocr_carea' id='block_1_107' title="bbox 2037 4758 3687 4829">
    <p class='ocr_par' dir='ltr' id='par_1_107' title="bbox 2037 4758 3687 4829">
     <span class='ocr_line' id='line_1_107' title="bbox 2037 4758 3687 4829; baseline 0.005 -14"><span class='ocrx_word' id='word_1_787' title='bbox 2037 4759 2190 4815; x_wconf 91' lang='lat' dir='ltr'><strong>leino</strong></span> <span class='ocrx_word' id='word_1_788' title='bbox 2222 4765 2280 4815; x_wconf 85' lang='lat' dir='ltr'><strong>et</strong></span> <span class='ocrx_word' id='word_1_789' title='bbox 2308 4758 2591 4816; x_wconf 87' lang='lat' dir='ltr'><strong>Michaelo</strong></span> <span class='ocrx_word' id='word_1_790' title='bbox 2626 4761 2838 4815; x_wconf 77' lang='lat' dir='ltr'><strong>Burtza</strong></span> <span class='ocrx_word' id='word_1_791' title='bbox 2867 4763 3027 4829; x_wconf 88' lang='lat' dir='ltr'><strong>(nam</strong></span> <span class='ocrx_word' id='word_1_792' title='bbox 3058 4768 3113 4817; x_wconf 93' lang='lat' dir='ltr'><strong>et</strong></span> <span class='ocrx_word' id='word_1_793' title='bbox 3142 4763 3192 4818; x_wconf 91' lang='lat' dir='ltr'><strong>is</strong></span> <span class='ocrx_word' id='word_1_794' title='bbox 3226 4771 3454 4821; x_wconf 90' lang='lat' dir='ltr'><strong>mutata</strong></span> <span class='ocrx_word' id='word_1_795' title='bbox 3480 4766 3687 4824; x_wconf 86' lang='lat' dir='ltr'><strong>volun-</strong></span> 
     </span>
    </p>
   </div>
   <div class='ocr_carea' id='block_1_108' title="bbox 2034 4848 3691 4924">
    <p class='ocr_par' dir='ltr' id='par_1_108' title="bbox 2034 4848 3691 4924">
     <span class='ocr_line' id='line_1_108' title="bbox 2034 4848 3691 4924; baseline 0.005 -21"><span class='ocrx_word' id='word_1_796' title='bbox 2034 4855 2155 4904; x_wconf 88' lang='lat' dir='ltr'><strong>tate</strong></span> <span class='ocrx_word' id='word_1_797' title='bbox 2186 4850 2257 4904; x_wconf 91' lang='lat' dir='ltr'><strong>ad</strong></span> <span class='ocrx_word' id='word_1_798' title='bbox 2306 4848 2676 4920; x_wconf 88' lang='lat' dir='ltr'><strong>imperatoris</strong></span> <span class='ocrx_word' id='word_1_799' title='bbox 2726 4853 2920 4920; x_wconf 90' lang='lat' dir='ltr'><strong>partes</strong></span> <span class='ocrx_word' id='word_1_800' title='bbox 2970 4849 3238 4924; x_wconf 89' lang='lat' dir='ltr'><strong>redierat)</strong></span> <span class='ocrx_word' id='word_1_801' title='bbox 3282 4854 3585 4924; x_wconf 79' lang='lat' dir='ltr'><strong>conjunxit</strong></span> <span class='ocrx_word' id='word_1_802' title='bbox 3632 4861 3691 4913; x_wconf 89' lang='lat' dir='ltr'><strong>et</strong></span> 
     </span>
    </p>
   </div>
   <div class='ocr_carea' id='block_1_109' title="bbox 2035 4935 3687 5014">
    <p class='ocr_par' dir='ltr' id='par_1_109' title="bbox 2035 4935 3687 5014">
     <span class='ocr_line' id='line_1_109' title="bbox 2035 4935 3687 5014; baseline 0.005 -21"><span class='ocrx_word' id='word_1_803' title='bbox 2035 4935 2185 4994; x_wconf 72' lang='lat' dir='ltr'><strong>bello</strong></span> <span class='ocrx_word' id='word_1_804' title='bbox 2217 4938 2469 5009; x_wconf 88' lang='lat' dir='ltr'><strong>gerendo</strong></span> <span class='ocrx_word' id='word_1_805' title='bbox 2513 4936 2755 5009; x_wconf 89' lang='lat' dir='ltr'><strong>paravit.</strong></span> <span class='ocrx_word' id='word_1_806' title='bbox 2788 4941 2934 5008; x_wconf 87' lang='lat' dir='ltr'><strong>Ergo</strong></span> <span class='ocrx_word' id='word_1_807' title='bbox 2976 4939 3193 4995; x_wconf 89' lang='lat' dir='ltr'><strong>coactis</strong></span> <span class='ocrx_word' id='word_1_808' title='bbox 3228 4946 3291 4997; x_wconf 91' lang='lat' dir='ltr'><strong>ut</strong></span> <span class='ocrx_word' id='word_1_809' title='bbox 3322 4948 3549 5014; x_wconf 91' lang='lat' dir='ltr'><strong>poterat</strong></span> <span class='ocrx_word' id='word_1_810' title='bbox 3579 4944 3687 5001; x_wconf 89' lang='lat' dir='ltr'><strong>mi-</strong></span> 
     </span>
    </p>
   </div>
   <div class='ocr_carea' id='block_1_110' title="bbox 2035 5024 3687 5103">
    <p class='ocr_par' dir='ltr' id='par_1_110' title="bbox 2035 5024 3687 5103">
     <span class='ocr_line' id='line_1_110' title="bbox 2035 5024 3687 5103; baseline 0.006 -23"><span class='ocrx_word' id='word_1_811' title='bbox 2035 5024 2260 5094; x_wconf 83' lang='lat' dir='ltr'><strong>litibus,</strong></span> <span class='ocrx_word' id='word_1_812' title='bbox 2294 5024 2670 5095; x_wconf 90' lang='lat' dir='ltr'><strong>collectisque</strong></span> <span class='ocrx_word' id='word_1_813' title='bbox 2714 5025 2785 5079; x_wconf 90' lang='lat' dir='ltr'><strong>iis</strong></span> <span class='ocrx_word' id='word_1_814' title='bbox 2837 5041 2983 5096; x_wconf 93' lang='lat' dir='ltr'><strong>quos</strong></span> <span class='ocrx_word' id='word_1_815' title='bbox 3037 5027 3175 5099; x_wconf 79' lang='lat' dir='ltr'><strong>fuga</strong></span> <span class='ocrx_word' id='word_1_816' title='bbox 3204 5029 3583 5103; x_wconf 83' lang='lat' dir='ltr'><strong>diSperserat,</strong></span> <span class='ocrx_word' id='word_1_817' title='bbox 3615 5035 3687 5091; x_wconf 92' lang='lat' dir='ltr'><strong>ad</strong></span> 
     </span>
    </p>
   </div>
   <div class='ocr_carea' id='block_1_111' title="bbox 2034 5114 3688 5180">
    <p class='ocr_par' dir='ltr' id='par_1_111' title="bbox 2034 5114 3688 5180">
     <span class='ocr_line' id='line_1_111' title="bbox 2034 5114 3688 5180; baseline 0.002 -11"><span class='ocrx_word' id='word_1_818' title='bbox 2034 5115 2339 5170; x_wconf 90' lang='lat' dir='ltr'><strong>Amorium</strong></span> <span class='ocrx_word' id='word_1_819' title='bbox 2371 5114 2611 5169; x_wconf 91' lang='lat' dir='ltr'><strong>accedit.</strong></span> <span class='ocrx_word' id='word_1_820' title='bbox 2639 5118 2832 5169; x_wconf 85' lang='lat' dir='ltr'><strong>Durus</strong></span> <span class='ocrx_word' id='word_1_821' title='bbox 2862 5115 2961 5169; x_wconf 92' lang='lat' dir='ltr'><strong>ubi</strong></span> <span class='ocrx_word' id='word_1_822' title='bbox 2996 5114 3243 5174; x_wconf 88' lang='lat' dir='ltr'><strong>Phocam</strong></span> <span class='ocrx_word' id='word_1_823' title='bbox 3276 5121 3346 5175; x_wconf 91' lang='lat' dir='ltr'><strong>ad</strong></span> <span class='ocrx_word' id='word_1_824' title='bbox 3378 5124 3532 5180; x_wconf 74' lang='lat'><strong>480</strong></span> <span class='ocrx_word' id='word_1_825' title='bbox 3560 5123 3688 5179; x_wconf 76' lang='lat' dir='ltr'><strong>bel-</strong></span> 
     </span>
    </p>
   </div>
   <div class='ocr_carea' id='block_1_112' title="bbox 2037 5204 3687 5275">
    <p class='ocr_par' dir='ltr' id='par_1_112' title="bbox 2037 5204 3687 5275">
     <span class='ocr_line' id='line_1_112' title="bbox 2037 5204 3687 5275; baseline 0.007 -16"><span class='ocrx_word' id='word_1_826' title='bbox 2037 5205 2160 5259; x_wconf 92' lang='lat' dir='ltr'><strong>lum</strong></span> <span class='ocrx_word' id='word_1_827' title='bbox 2192 5204 2401 5260; x_wconf 86' lang='lat' dir='ltr'><strong>exiisse</strong></span> <span class='ocrx_word' id='word_1_828' title='bbox 2432 5204 2722 5275; x_wconf 86' lang='lat' dir='ltr'><strong>cognovit,</strong></span> <span class='ocrx_word' id='word_1_829' title='bbox 2754 5221 2910 5259; x_wconf 85' lang='lat' dir='ltr'><strong>nunc</strong></span> <span class='ocrx_word' id='word_1_830' title='bbox 2955 5205 3194 5262; x_wconf 90' lang='lat' dir='ltr'><strong>demum</strong></span> <span class='ocrx_word' id='word_1_831' title='bbox 3227 5214 3391 5267; x_wconf 90' lang='lat' dir='ltr'><strong>ratus</strong></span> <span class='ocrx_word' id='word_1_832' title='bbox 3422 5212 3534 5267; x_wconf 90' lang='lat' dir='ltr'><strong>sibi</strong></span> <span class='ocrx_word' id='word_1_833' title='bbox 3565 5229 3687 5269; x_wconf 91' lang='lat' dir='ltr'><strong>rem</strong></span> 
     </span>
    </p>
   </div>
   <div class='ocr_carea' id='block_1_113' title="bbox 2036 5291 3691 5373">
    <p class='ocr_par' dir='ltr' id='par_1_113' title="bbox 2036 5291 3691 5373">
     <span class='ocr_line' id='line_1_113' title="bbox 2036 5291 3691 5373; baseline 0.005 -24"><span class='ocrx_word' id='word_1_834' title='bbox 2036 5295 2158 5349; x_wconf 84' lang='lat' dir='ltr'><strong>fore</strong></span> <span class='ocrx_word' id='word_1_835' title='bbox 2187 5309 2322 5349; x_wconf 89' lang='lat' dir='ltr'><strong>cum</strong></span> <span class='ocrx_word' id='word_1_836' title='bbox 2352 5292 2473 5348; x_wconf 91' lang='lat' dir='ltr'><strong>viro</strong></span> <span class='ocrx_word' id='word_1_837' title='bbox 2507 5293 2781 5348; x_wconf 90' lang='lat' dir='ltr'><strong>bellicoso</strong></span> <span class='ocrx_word' id='word_1_838' title='bbox 2813 5297 2868 5348; x_wconf 92' lang='lat' dir='ltr'><strong>et</strong></span> <span class='ocrx_word' id='word_1_839' title='bbox 2906 5291 3133 5350; x_wconf 83' lang='lat' dir='ltr'><strong>fortiter</strong></span> <span class='ocrx_word' id='word_1_840' title='bbox 3162 5301 3337 5369; x_wconf 90' lang='lat' dir='ltr'><strong>atque</strong></span> <span class='ocrx_word' id='word_1_841' title='bbox 3367 5301 3691 5373; x_wconf 89' lang='lat' dir='ltr'><strong>composite</strong></span> 
     </span>
    </p>
   </div>
   <div class='ocr_carea' id='block_1_114' title="bbox 2038 5381 3692 5460">
    <p class='ocr_par' dir='ltr' id='par_1_114' title="bbox 2038 5381 3692 5460">
     <span class='ocr_line' id='line_1_114' title="bbox 2038 5381 3692 5460; baseline 0.005 -22"><span class='ocrx_word' id='word_1_842' title='bbox 2038 5383 2187 5438; x_wconf 78' lang='lat' dir='ltr'><strong>ferre</strong></span> <span class='ocrx_word' id='word_1_843' title='bbox 2218 5383 2368 5438; x_wconf 85' lang='lat' dir='ltr'><strong>vices</strong></span> <span class='ocrx_word' id='word_1_844' title='bbox 2418 5381 2554 5437; x_wconf 90' lang='lat' dir='ltr'><strong>belli</strong></span> <span class='ocrx_word' id='word_1_845' title='bbox 2599 5398 2801 5452; x_wconf 83' lang='lat' dir='ltr'><strong>gnaro,</strong></span> <span class='ocrx_word' id='word_1_846' title='bbox 2834 5398 2966 5438; x_wconf 89' lang='lat' dir='ltr'><strong>cum</strong></span> <span class='ocrx_word' id='word_1_847' title='bbox 3017 5383 3300 5442; x_wconf 90' lang='lat' dir='ltr'><strong>hactenus</strong></span> <span class='ocrx_word' id='word_1_848' title='bbox 3333 5388 3445 5443; x_wconf 89' lang='lat' dir='ltr'><strong>sibi</strong></span> <span class='ocrx_word' id='word_1_849' title='bbox 3477 5391 3692 5460; x_wconf 87' lang='lat' dir='ltr'><strong>objecti</strong></span> 
     </span>
    </p>
   </div>
   <div class='ocr_carea' id='block_1_115' title="bbox 2039 5470 3696 5542">
    <p class='ocr_par' dir='ltr' id='par_1_115' title="bbox 2039 5470 3696 5542">
     <span class='ocr_line' id='line_1_115' title="bbox 2039 5470 3696 5542; baseline 0.004 -14"><span class='ocrx_word' id='word_1_850' title='bbox 2039 5475 2237 5528; x_wconf 89' lang='lat' dir='ltr'><strong>essent</strong></span> <span class='ocrx_word' id='word_1_851' title='bbox 2269 5470 2691 5527; x_wconf 89' lang='lat' dir='ltr'><strong>homunciones</strong></span> <span class='ocrx_word' id='word_1_852' title='bbox 2722 5474 2983 5542; x_wconf 90' lang='lat' dir='ltr'><strong>castrati,</strong></span> <span class='ocrx_word' id='word_1_853' title='bbox 3006 5472 3065 5529; x_wconf 89' lang='lat' dir='ltr'><strong>in</strong></span> <span class='ocrx_word' id='word_1_854' title='bbox 3093 5474 3371 5533; x_wconf 88' lang='lat' dir='ltr'><strong>thalamis</strong></span> <span class='ocrx_word' id='word_1_855' title='bbox 3399 5479 3615 5534; x_wconf 88' lang='lat' dir='ltr'><strong>versati</strong></span> <span class='ocrx_word' id='word_1_856' title='bbox 3638 5485 3696 5535; x_wconf 91' lang='lat' dir='ltr'><strong>et</strong></span> 
     </span>
    </p>
   </div>
   <div class='ocr_carea' id='block_1_116' title="bbox 2038 5560 3694 5631">
    <p class='ocr_par' dir='ltr' id='par_1_116' title="bbox 2038 5560 3694 5631">
     <span class='ocr_line' id='line_1_116' title="bbox 2038 5560 3694 5631; baseline 0.005 -15"><span class='ocrx_word' id='word_1_857' title='bbox 2038 5560 2099 5616; x_wconf 91' lang='lat' dir='ltr'><strong>in</strong></span> <span class='ocrx_word' id='word_1_858' title='bbox 2158 5560 2369 5616; x_wconf 89' lang='lat' dir='ltr'><strong>umbra</strong></span> <span class='ocrx_word' id='word_1_859' title='bbox 2428 5561 2633 5631; x_wconf 82' lang='lat' dir='ltr'><strong>degere</strong></span> <span class='ocrx_word' id='word_1_860' title='bbox 2689 5560 2870 5628; x_wconf 87' lang='lat' dir='ltr'><strong>soliti,</strong></span> <span class='ocrx_word' id='word_1_861' title='bbox 2921 5578 2954 5619; x_wconf 88' lang='lat' dir='ltr'><strong>a</strong></span> <span class='ocrx_word' id='word_1_862' title='bbox 3001 5562 3193 5621; x_wconf 71' lang='lat' dir='ltr'><strong>Nicaea</strong></span> <span class='ocrx_word' id='word_1_863' title='bbox 3246 5566 3570 5623; x_wconf 85' lang='lat' dir='ltr'><strong>exercitum</strong></span> <span class='ocrx_word' id='word_1_864' title='bbox 3620 5568 3694 5625; x_wconf 90' lang='lat' dir='ltr'><strong>ad</strong></span> 
     </span>
    </p>
   </div>
   <div class='ocr_carea' id='block_1_117' title="bbox 2038 5649 3695 5731">
    <p class='ocr_par' dir='ltr' id='par_1_117' title="bbox 2038 5649 3695 5731">
     <span class='ocr_line' id='line_1_117' title="bbox 2038 5649 3695 5731; baseline 0.005 -23"><span class='ocrx_word' id='word_1_865' title='bbox 2038 5649 2341 5708; x_wconf 76' lang='lat' dir='ltr'><strong>Amorium</strong></span> <span class='ocrx_word' id='word_1_866' title='bbox 2378 5650 2558 5708; x_wconf 90' lang='lat' dir='ltr'><strong>ducit.</strong></span> <span class='ocrx_word' id='word_1_867' title='bbox 2592 5650 2679 5708; x_wconf 91' lang='lat' dir='ltr'><strong>Ibi</strong></span> <span class='ocrx_word' id='word_1_868' title='bbox 2726 5650 2953 5710; x_wconf 87' lang='lat' dir='ltr'><strong>collatis</strong></span> <span class='ocrx_word' id='word_1_869' title='bbox 3002 5653 3190 5728; x_wconf 82' lang='lat' dir='ltr'><strong>signis</strong></span> <span class='ocrx_word' id='word_1_870' title='bbox 3237 5660 3604 5731; x_wconf 89' lang='lat' dir='ltr'><strong>pugnatum;</strong></span> <span class='ocrx_word' id='word_1_871' title='bbox 3637 5661 3695 5717; x_wconf 80' lang='lat' dir='ltr'><strong>et</strong></span> 
     </span>
    </p>
   </div>
  </div>
