3922 6132
326 276 445 337 163

1687 259 2008 329 GEORGII
2052 264 2363 327 CEDltEN
2372 264 2394 325 Ι

3623 279 3737 341 164

323 410 521 465 Phocas
567 405 882 473 exercitus,
914 404 1017 478 qui
1064 404 1467 478 superioribus
1515 401 1730 476 praeliis
1779 401 1867 456 vic

2097 395 2191 484 >ῦχ
2255 398 2329 459 ὡς
2406 397 2469 452 τὸ
2525 398 2787 474 πρότερον
2846 403 2981 478 πρὸς
3042 402 3303 483 ἀνδράρια
3361 407 3735 484 ἐπιτετμημένα

320 497 626 553 audaciam
672 495 976 567 animique
1002 495 1260 567 vigorem
1294 493 1618 559 dimiserat,
1645 493 1848 563 pedem
1883 506 1969 545 re-

318 586 475 657 tulit,
509 602 575 641 ac
604 584 850 639 victoria
898 599 1074 655 penes
1104 584 1328 639 Durum
1378 582 1506 637 fuit.
1546 581 1743 652 Neque
1772 583 1967 633 tamen

317 675 566 748 turpiter
622 678 723 728 aut
780 672 1085 729 dissolutis
1145 671 1454 728 ordinibus
1502 670 1703 725 Phocas
1754 666 1968 723 milites

316 768 643 831 cesserunt,
677 763 776 818 sed
830 761 982 816 lente
1014 767 1070 817 et
1100 762 1441 833 composite,
1477 760 1556 814 ita
1588 763 1653 813 ut
1686 774 1798 812 non
1850 772 1969 828 prae

318 859 475 911 metu
507 854 607 909 sed
642 853 817 923 jussu
863 851 1031 906 ducis
1081 851 1284 905 cedere
1330 850 1683 904 viderentur.
1735 846 1964 901 Etenim

315 944 540 999 Phocas
574 941 864 996 militibus
914 945 1078 1011 terga
1128 940 1281 994 hosti
1332 938 1612 993 dantibus
1659 941 1715 991 et
1763 936 1962 1007 fugam

315 1031 681 1104 parantibus,
713 1034 1039 1085 extremum
1092 1026 1372 1083 claudens
1415 1043 1624 1099 agmen
1672 1025 1963 1080 irruentes

313 1119 713 1194 propulsabat,
739 1134 927 1189 neque
953 1134 1051 1173 eos
1083 1134 1216 1172 cum
1249 1117 1470 1187 impetu
1506 1116 1726 1169 irruere
1749 1113 1962 1168 ceden-

310 1212 469 1267 tibus
516 1209 639 1265 suis
687 1208 937 1263 sinebat.
968 1207 1052 1261 lbi
1083 1206 1464 1261 Constantino
1521 1206 1711 1258 t'erunt
1756 1202 1959 1258 Gabrae

308 1317 442 1355 cum
485 1300 609 1354 suis
668 1297 896 1352 hostem
948 1295 1277 1366 insequenti
1331 1298 1605 1349 conatum
1657 1291 1957 1363 egregium

234 1444 237 1447 λ
307 1389 504 1446 animo
557 1387 857 1450 incidisse,
888 1385 1089 1439 Phocas
1138 1383 1622 1453 capiendi,quam
1674 1396 1795 1435 rem
1846 1379 1957 1435 sibi

306 1494 556 1535 summae
587 1474 743 1531 laudi
778 1474 899 1530 fore
928 1476 1212 1545 speraret.
1240 1474 1439 1544 Itaque
1461 1487 1610 1542 equo
1633 1468 1957 1525 calcaribus

306 1569 550 1623 incitato
579 1564 861 1620 acerrimo
894 1562 949 1617 in
984 1562 1141 1617 hunc
1184 1561 1409 1632 impetu
1453 1560 1766 1614 invectum.
1802 1557 1954 1612 Pho-

306 1673 431 1713 cam
460 1673 526 1712 eo
558 1657 869 1725 conspecto
898 1655 955 1708 et
984 1651 1180 1721 agnito
1226 1649 1428 1705 leviter
1456 1663 1670 1720 equum
1724 1645 1955 1701 ﬂexisse

304 1752 361 1803 et
404 1764 466 1803 se
509 1745 744 1802 obvium
790 1743 1030 1812 tulisse;
1088 1742 1286 1813 itaque
1341 1741 1566 1796 clavam
1614 1740 1673 1794 in
1724 1738 1948 1809 galeam

300 1834 665 1893 Constantini
697 1832 1033 1905 impegisse,
1055 1836 1121 1887 ut
1150 1830 1200 1885 is
1232 1831 1305 1886 ob
1340 1830 1494 1884 ictus
1524 1826 1947 1883 intolerabilem

296 1926 414 1981 vim
466 1924 668 1982 statim
730 1922 927 1978 animo
971 1920 1348 1991 delinquente
1398 1918 1468 1973 ab
1517 1933 1583 1973 eo
1633 1915 1945 1972 decideret.

297 2018 479 2080 Quem
511 2015 653 2070 dum
686 2012 776 2068 sui
808 2011 1029 2067 omissa
1060 2010 1318 2064 hostium
1354 2006 1754 2080 persecutione
1785 2004 1951 2060 attol-

293 2105 426 2160 lunt
482 2107 657 2174 atque
714 2104 943 2164 curant,
994 2096 1227 2154 interim
1278 2097 1531 2152 Phocam
1590 2094 1945 2151 securiorem

293 2195 439 2249 431
472 2194 597 2264 jam
644 2191 888 2255 factum,
920 2190 1019 2243 sed
1074 2204 1189 2243 non
1242 2187 1449 2241 laxatis
1495 2201 1643 2256 equo
1698 2184 1944 2238 habenis

292 2282 445 2338 lente
495 2295 893 2354 progressum,
927 2277 1203 2334 evasisse.
1237 2276 1328 2330 Sic
1361 2275 1583 2330 Phocas
1630 2289 1762 2328 cum
1817 2272 1943 2327 suis

252 2432 263 2438 ,
292 2371 551 2443 elapsus,
585 2373 864 2439 occupato
896 2366 1218 2424 Charsiano
1261 2370 1316 2420 et
1368 2364 1576 2419 castris
1607 2361 1834 2433 positis,
1870 2362 1940 2415 de

288 2462 485 2517 futuro
518 2457 816 2530 cogitavit,
851 2455 1087 2511 interim
1124 2453 1341 2510 multos
1372 2455 1440 2509 ad
1487 2469 1548 2509 se
1595 2452 1937 2507 accedentes

283 2548 657 2620 imperatoris
690 2546 926 2602 nomine
977 2545 1301 2599 honoribus
1348 2542 1632 2606 afficiens,
1665 2555 1937 2595 suorum-

281 2655 394 2708 que
417 2636 775 2693 alucritatem
801 2634 1101 2689 beneficiis
1118 2633 1401 2688 excitans.
1422 2635 1562 2684 Eum
1584 2630 1937 2683 subsecutus

280 2728 496 2796 Durus,
519 2725 730 2781 castris
774 2725 844 2778 ad
895 2723 1176 2778 Thermas
1226 2718 1791 2792 imperatorias(loci
1827 2717 1935 2772 hoc

281 2830 491 2870 nomen
552 2818 661 2877 est)
712 2811 938 2881 locatis,
986 2811 1391 2883 cognominem
1446 2825 1619 2864 suum
1671 2806 1934 2876 (utrique

282 2903 434 2959 enim
460 2902 662 2957 Bardm
692 2906 815 2957 erat
844 2898 1077 2971 nomen)
1099 2900 1170 2953 ad
1204 2914 1461 2970 pugnam
1496 2900 1788 2968 provocat.
1810 2897 1931 2960 Quo

282 2991 553 3048 alacriter
577 2990 935 3046 assentiente
956 3005 1188 3043 rursum
1226 3003 1422 3059 pugna
1443 2984 1933 3041 committitur.“

277 3080 509 3137 tametsi
542 3078 885 3150 aliquandiu
914 3077 1273 3133 restitissent
1304 3075 1521 3129 milites
1556 3074 1775 3141 Phocas,
1799 3073 1928 3144 ipso

2081 482 2499 559 θσιλαμευόμενα
2551 487 2640 542 καὶ
2699 498 3044 570 σκιατραφῆ,
3110 482 3243 568 ἄρας
3315 496 3422 551 ἀπὸ
3497 482 3731 564 Μιχαίας

2078 576 2214 650 πρὸς
2270 575 2333 628 τὸ
2391 576 2665 650 Ἀμώριον
2727 577 2901 633 ἄπεισι
2963 583 3044 653 [P.
3075 584 3202 657 692]
3260 587 3350 639 καὶ
3399 591 3731 659 συναντήσας

2079 662 2445 737 συμπλέκεται
2499 669 2576 737 τῷ
2633 672 2841 737 Φωκᾷ.
2919 670 3033 727 Οὐκ
3099 673 3444 731 ὑποστάντων
3506 673 3564 732 δὲ
3618 683 3725 734 τῶν

2076 753 2198 828 περὶ
2229 755 2320 808 τὸν
2352 760 2546 808 Φωκᾶν
2576 752 2663 809 διὰ
2712 757 2773 811 τὸ
2827 764 2944 820 ταῖς
2995 764 3476 837 προηγησαμέναις
3533 774 3724 834 ῆτταις

2076 844 2426 918 χαυνωθῆναι
2498 844 2590 898 τὸν
2661 851 2763 914 τῆς
2828 844 3048 922 ἀνδρίας
3122 850 3305 915 αὐτοῖς
3362 854 3451 909 καὶ
3507 857 3727 928 τόλμης

2072 932 2250 1000 τόνον,
2305 930 2745 1008 ἐπικρατέστερος
2776 933 2973 1011 γίνεται
3031 939 3058 992 6
3118 939 3391 1013 Σκληρός.
3427 945 3506 1001 Οὐ
3542 946 3727 1017 μέντοι

2072 1020 2162 1075 καὶ
2222 1023 2556 1077 παντάπασιν
2617 1022 2670 1087 ἐς
2720 1024 3019 1101 ὑπαγωγὴν
3070 1026 3307 1103 ἄκοσμον
3368 1031 3657 1090 ἐσκέδαστο
3688 1038 3721 1105 ἡ

2069 1110 2293 1183 στρατιὰ
2345 1114 2425 1197 τῷ
2487 1116 2674 1183 Φωκᾷ,
2734 1112 2861 1168 ἀλλ’
2918 1115 3257 1175 ὑποκλίνασα
3318 1122 3411 1193 μὲν
3469 1120 3719 1197 ἐνέδωκε,

2071 1197 2335 1273 σχολαίαν
2394 1196 2452 1252 δὲ
2505 1199 2745 1255 ἐποιεῖτο
2796 1205 2894 1272 τήν
2957 1205 3329 1282 ὑποχώρησιν,
3394 1211 3468 1272 ὡς
3502 1212 3580 1283 μή
3616 1196 3719 1268 ὑπὺ

2070 1283 2274 1348 δειλίας
2353 1284 2530 1343 δοκεῖν
2606 1287 2955 1361 ἐλαύνεσθαι,
3035 1293 3161 1351 ἀλλ’
3223 1296 3273 1367 ἐξ
3347 1297 3721 1374 ἐπιτάγματος

2072 1376 2307 1431 ὑπείκειν
2393 1385 2753 1453 στρατηγικοῦ
2809 1383 2926 1453 μετ’
2978 1383 3273 1457 εὐκοσμίας
3330 1388 3421 1442 καὶ
3485 1389 3713 1461 τάξεως.

2067 1466 2168 1521 Καὶ
2230 1467 2330 1541 γὰρ
2404 1463 2470 1535 δὴ
2547 1470 2637 1522 καὶ
2714 1474 2856 1524 νῶτα
2926 1468 3117 1535 δόντας
3183 1474 3309 1538 τοὺς
3377 1479 3715 1552 στρατιώτας

2064 1554 2155 1608 καὶ
2214 1555 2352 1629 πρὸς
2405 1558 2577 1633 φυγὴν
2629 1557 2995 1632 ὡρμημένους
3029 1604 3044 1630 ,
3096 1558 3314 1620 ὄπισθεν
3376 1564 3627 1643 οὐραγῶν
3684 1571 3714 1625 6

2064 1645 2259 1733 (Ponti:
2302 1645 2441 1733 frob;
2474 1645 2721 1707 ἐπιόντας
2760 1647 2998 1720 ἠμύνετο
3045 1653 3136 1705 καὶ
3185 1652 3247 1708 οῦ
3306 1655 3440 1727 μετᾶ
3481 1654 3717 1733 σφοδροο

2059 1731 2226 1803 τάτης
2255 1731 2336 1787 εἷ¹α
2372 1733 2491 1808 βίας
2535 1736 2624 1789 καὶ
2677 1735 2857 1811 ῥύμης
2913 1742 3331 1818 προσφέρεσθαι.
3402 1731 3569 1802 Ἔνθα
3616 1746 3711 1802 καὶ

2061 1820 2275 1896 λέγεται
2336 1829 2727 1879 Κωνσταντῖνον
2784 1828 2877 1881 τὸν
2941 1825 3150 1904 Γαϐρᾶν
3207 1832 3343 1905 μετὰ
3397 1837 3503 1889 τῶν
3570 1836 3710 1915 ἀμφ’

2058 1910 2217 1965 αὐτόν
2276 1912 2337 1966 τὸ
2394 1917 2587 1989 φεῦγον
2666 1911 2933 1971 διώκοντα
3001 1916 3293 1993 φιλοτιμίᾳ
3351 1910 3701 1998 χρησάμενον

2057 1998 2283 2075 ἀκαίρῳ,
2369 2000 2457 2055 καί
2528 2000 2769 2079 μεγάλην
2841 2003 3083 2062 εὔκλειαν
3159 2004 3289 2079 ἕξειν
3351 2011 3602 2081 οἰηθέντα
3656 2014 3704 2069 εί

2056 2088 2419 2164 αἰχμάλωτος
2452 2092 2538 2146 ὑπ’
2586 2093 2753 2147 αὑτοῦ
2777 2096 2987 2168 γένοιτο
3020 2098 3047 2151 6
3079 2103 3294 2168 Φωκᾶς,
3349 2102 3707 2174 μυωπίσαντα

2052 2178 2143 2233 τὸν
2177 2180 2222 2250 ᾧ
2256 2179 2525 2255 ἐπωχεῖτο
2553 2179 2749 2251 ἵππον,
2813 2184 2945 2255 μετᾶ
3007 2186 3264 2261 μεγίστης
3307 2191 3487 2263 ὁρμῆς
3536 2213 3709 2268 προσ-

2054 2275 2337 2341 ενεχθῆναι
2381 2274 2459 2340 τῷ
2520 2274 2713 2343 Φωκῇ.
2767 2273 2864 2329 ’Όν
2926 2272 3084 2337 οὗτος
3119 2275 3247 2330 ίδὼν
3293 2279 3385 2332 καὶ
3436 2279 3585 2344 ὅστις
3619 2280 3706 2353 εἴη

2051 2359 2412 2427 κατανοήσας,
2497 2359 2680 2434 ἠρέμα
2763 2361 2855 2416 τὸν
2936 2361 3107 2420 ’ίππον
3187 2370 3530 2444 παρενεγκὼν
3611 2372 3705 2426 καὶ

2053 2445 2377 2508 ὑπαντιάσας
2428 2447 2576 2503 παίει
2640 2450 2843 2525 κορύνῃ
2899 2453 3033 2507 κατὰ
3088 2461 3187 2524 τῆς
3241 2457 3490 2532 κόρυθος.
3537 2461 3639 2515 Καὶ
3673 2461 3703 2515 6

2054 2536 2149 2607 μὲν
2193 2534 2601 2610 λειποθυμήσας
2631 2542 2698 2611 τῇ
2733 2540 3079 2615 ἀνυποστάτῳ
3132 2550 3271 2620 φορᾷ
3315 2553 3415 2615 τῆς
3471 2547 3699 2624 πληγῆς

2046 2624 2230 2679 πίπτει
2285 2627 2587 2699 παραυτίκα
2639 2632 2736 2681 τοῦ
2789 2626 2999 2700 τίππου,
3055 2632 3083 2686 6
3142 2630 3199 2687 δὲ
3257 2640 3453 2698 Φωκᾶς
3513 2636 3701 2701 ἀδείας

2049 2714 2298 2802 μείζονος
2356 2716 2540 2790 τυχὼν
2572 2723 2671 2785 τῆς
2722 2716 2809 2771 ἐπὶ
2859 2720 2926 2774 τὰ
2980 2721 3168 2796 πρόσω
3227 2725 3447 2798 πορείας
3479 2723 3691 2802 εἶάετο,

2044 2801 2227 2876 σχολῇ
2286 2804 2374 2857 καὶ
2451 2802 2622 2878 βάδην
2702 2805 2819 2875 ἰὼν,
2894 2807 3019 2864 ἀλλ’
3072 2811 3174 2866 οὐκ
3229 2801 3691 2886 ἀνειμένοςμτοῖς

2042 2890 2318 2965 χαλινοῖς·
2381 2894 2432 2946 οἱ
2487 2893 2587 2969 γὰρ
2642 2893 2732 2949 σὺν
2763 2901 2843 2967 τῷ
2873 2893 3055 2971 Γαϐρᾷ
3080 2900 3171 2954 τὸν
3235 2901 3431 2957 οἰκεῖον
3465 2925 3690 2961 πεπτω-

2038 2979 2171 3033 κότα
2218 2980 2537 3053 θεασάμενοι
2593 2987 2914 3060 στρατηγὸν,
2973 2987 3063 3041 καὶ
3120 2987 3434 3062 ἐπιμέλειαν
3487 2994 3689 3050 τούτου

2035 3070 2333 3141 τιθέμενοι,
2382 3068 2581 3139 ἀνῆκαν
2629 3072 2721 3128 τὸν
2773 3070 3043 3149 διωγμόν.
3101 3078 3162 3135 Ὀ
3212 3076 3269 3133 δὲ
3317 3086 3512 3145 Φωκᾶς
3570 3083 3691 3157 ἄμα

274 3169 653 3241 undiquaque
705 3165 1227 3238 circumequitante
1257 3173 1311 3222 et
1343 3166 1527 3220 ferrea
1574 3162 1735 3218 clava
1788 3161 1874 3216 ho:

2097 3164 2159 3221 ιῖς
2214 3160 2303 3212 σὺν
2336 3159 2483 3250 αῦτῷ
2509 3161 2604 3215 τὸν
2638 3160 2960 3236 λεγνόμενον
3011 3167 3311 3241 Χαρσιανὸν
3339 3175 3690 3250 κατειληφὼς

276 3259 423 3313 tium
466 3257 790 3328 dissipante
837 3254 1073 3310 ordines
1105 3261 1281 3326 atque
1327 3253 1671 3308 innumeras
1724 3252 1929 3305 edente

278 3348 486 3412 condes,
517 3351 714 3402 tamen
750 3344 860 3400 fusi
894 3345 965 3400 ad
996 3348 1322 3400 extremum
1360 3343 1558 3413 fugam
1593 3341 1835 3395 faciunt.

2037 3249 2249 3310 κάκεῖςε
2301 3246 2661 3322 αὐλισάμενος
2705 3250 2919 3306 ἐσκόπει
2985 3254 3047 3308 τὸ
3099 3254 3327 3327 μέλλον,
3383 3246 3596 3332 τιμαῖς-
3629 3284 3691 3318 τε

2036 3341 2154 3397 ταῖς
2208 3335 2267 3390 ἐκ
2319 3337 2583 3411 βασιλέως
2615 3338 2958 3413 δεξιούμενος
3001 3341 3248 3407 πολλοὺς
3298 3354 3687 3425 προσφοιτῶν-

277 3452 393 3499 τας,
425 3431 514 3484 καὶ
543 3434 650 3484 τῶν
678 3430 943 3483 συνόντων
974 3426 1294 3504 εὐεργεσίαις
1322 3426 1775 3501 παραθερμαίνων
1807 3423 1901 3483 τὰς
1934 3421 2265 3497 προθυμίας.
2316 3423 2616 3495 Ἑπόμενος
2649 3421 2705 3478 δὲ
2734 3425 2911 3499 τούτῳ
2939 3429 3028 3481 καὶ
3061 3430 3087 3482 6
3121 3421 3397 3506 lenpoq.
3438 3421 3527 3488 καὶ
3557 3437 3688 3511 περ(

275 3539 398 3574 τινα
425 3520 592 3573 τόπον
628 3516 895 3573 Βασιλικᾶ
927 3518 1100 3590 οέρμα
1129 3514 1465 3587 καλούμενον
1494 3514 1935 3583 κατασκηνώσας,
1969 3510 2045 3573 εἷς
2083 3512 2267 3585 μάχην
2300 3512 2398 3579 τήν
2441 3512 2733 3586 ὁμώνυμον
2787 3514 3111 3587 ἐξεκαλεῖτο.
3165 3496 3471 3585 Ἀσπασίως
3511 3521 3567 3579 δὲ
3594 3496 3686 3579 καὶ

265 3609 461 3663 τούτου
493 3606 781 3680 δεξαμένου
811 3609 909 3676 τήν
944 3605 1249 3673 πρόκλησιν
1284 3604 1434 3662 αὖθις
1468 3603 1621 3677 ἑτέρα
1650 3600 1957 3657 συνίσταται
1990 3602 2169 3674 μάχη.
2202 3601 2296 3654 Καὶ
2330 3602 2529 3675 χρόνον
2562 3604 2656 3675 μέν
2682 3625 2803 3659 τινα
2824 3605 3082 3682 ἀντέσχον
3115 3609 3166 3661 οἳ
3187 3612 3307 3684 περὶ
3340 3614 3430 3666 τὸν
3456 3620 3679 3685 Φωκᾶν,

266 3697 435 3751 αὐτοῦ
460 3696 656 3750 τούτου
686 3693 1120 3769 παριππεύοντος
1152 3694 1465 3767 ἁπανταχοῦ
1494 3691 1582 3746 καὶ
1611 3695 1679 3764 τῇ
1714 3688 1937 3764 σιδηρέᾳ
1963 3687 2168 3761 κορύνῃ
2189 3689 2283 3749 τὰς
2315 3694 2421 3743 τῶν
2450 3688 2699 3745 ἐναντίων
2726 3692 3021 3769 ῥηγνύντως
3051 3696 3336 3773 φάλαγγας
3366 3700 3452 3755 καὶ
3479 3703 3677 3774 μῦοιον

1642 3777 1648 3778 ,
1706 3777 1709 3778 ,
3557 3756 3568 3778 Ι

268 3785 631 3863 ἐργαζομένου
662 3785 845 3864 φόνον·
880 3786 1032 3859 ὅμως
1066 3782 1121 3839 δὲ
1150 3783 1239 3838 καὶ
1264 3782 1426 3837 πάλιν
1459 3786 1604 3837 νῶτα
1636 3777 1930 3841 δεδωκότες
1962 3778 2013 3832 οἱ
2044 3778 2167 3851 περί
2198 3782 2390 3833 τοῦτον
2423 3779 2745 3855 ἐτράπησαν.

331 3913 412 3968 Ab
444 3912 551 3968 hoc
581 3910 781 3984 prazlio
829 3911 1052 3967 Phocas
1085 3913 1300 3981 quanta
1342 3907 1465 3963 fieri
1512 3909 1737 3978 poterat
1767 3905 1914 3961 cele-

261 4002 431 4056 ritate
461 4001 521 4055 in
558 4001 802 4055 lberiam
846 4000 987 4066 abit,
1019 4003 1076 4053 et
1127 4016 1161 4053 a
1208 3996 1423 4053 Davido
1474 3998 1603 4065 ejus
1658 3995 1914 4066 regionis

260 4089 524 4160 principe
582 4088 884 4160 suppetias
933 4087 1098 4159 petit,
1131 4092 1188 4142 et
1233 4086 1510 4157 impetrat
1567 4101 1707 4139 sane
1756 4084 1911 4138 baud

260 4178 673 4249 exiguas.Erat
701 4177 859 4232 enim
890 4176 1111 4232 Phocas
1141 4174 1663 4244 amicitiajunctns
1695 4172 1910 4227 Davido

259 4282 326 4322 ex
359 4282 425 4321 eo
454 4270 716 4339 tempore
747 4281 861 4337 quo
893 4264 1144 4321 Cbaldia:
1176 4265 1293 4319 dux
1320 4264 1526 4319 fuerat.
1560 4267 1698 4317 Cum
1735 4261 1824 4316 bis
1856 4264 1912 4315 et

258 4354 383 4411 suis
410 4372 557 4425 quos
577 4372 645 4409 ex
668 4355 804 4426 fuga
825 4352 1156 4425 collegerat,
1176 4352 1246 4407 ad
1273 4351 1619 4407 Pancaleam
1642 4354 1909 4422 (campus

257 4449 346 4500 est
374 4443 529 4499 latus
560 4460 626 4499 ac
657 4443 738 4498 rei
781 4441 1039 4514 equestri
1090 4445 1280 4511 aptus,
1314 4439 1576 4512 proxime
1622 4440 1767 4511 Alyn
1799 4439 1907 4492 ﬂu-

259 4548 389 4588 men
424 4532 599 4604 situs)
631 4532 813 4601 ducit,
848 4530 945 4585 ubi
995 4530 1137 4586 Duri
1187 4535 1382 4586 castra
1428 4532 1612 4585 erant.
1649 4527 1905 4583 Rursum

256 4621 415 4676 omni
446 4621 497 4677 vi
530 4625 879 4693 pugnatum.
902 4620 1055 4675 432
1079 4624 1260 4689 Atque
1292 4618 1385 4673 hic
1407 4617 1629 4673 Phocas
1661 4633 1907 4673 cernens

254 4726 392 4765 suos
415 4709 694 4781 paulatim
721 4708 1105 4764 succumbere
1121 4710 1294 4779 atque
1313 4708 1383 4760 ad
1408 4706 1599 4777 fugam
1621 4709 1902 4776 spectare,

253 4798 555 4854 honestam
588 4803 835 4853 mortem
870 4795 1028 4868 turpi
1050 4800 1225 4867 atque
1256 4795 1463 4850 infami
1484 4796 1609 4850 vitae
1634 4798 1905 4866 prmstare

253 4892 436 4953 ratus,
472 4886 738 4957 disjectis
777 4886 1039 4942 hostium
1076 4884 1382 4940 ordinibus
1412 4884 1471 4938 in
1510 4884 1705 4955 ipsum
1737 4883 1905 4939 vehe-

254 4976 435 5030 menti
468 4975 690 5046 impctu
722 4976 906 5030 fertur
951 4975 1173 5029 Durum
1205 4972 1432 5028 fortiter
1462 4973 1901 5040 subsistentem,

252 5064 487 5120 nemine
518 5064 768 5118 militum
795 5062 1137 5135 opitulante,
1165 5063 1314 5132 quod
1348 5078 1552 5117 omnes
1583 5062 1903 5117 certamine

253 5153 469 5207 ducum
516 5152 749 5209 decerni
799 5152 1018 5208 bellum
1070 5155 1371 5223 cuperent.
1402 5151 1472 5206 Et
1502 5151 1739 5222 quidem
1772 5148 1900 5222 pul-

250 5240 606 5297 cherrimum
665 5240 973 5295 videbatur
1028 5238 1451 5311 spectaculum,
1506 5256 1900 5312 magnamque

247 5330 696 5386 admirationem
719 5328 1148 5401 spectatoribus
1171 5329 1583 5396 excitaturum,
1602 5328 1898 5400 singulare

245 5423 541 5475 certamen
595 5417 810 5474 intueri
840 5418 1089 5473 duorum
1120 5417 1379 5473 virorum
1429 5416 1672 5474 audacia
1719 5422 1897 5488 atque

244 5508 427 5565 animi
451 5507 658 5565 robore
679 5506 1327 5580 praestantissimorum.
1343 5506 1445 5562 His
1466 5521 1602 5578 ergo
1624 5505 1893 5561 cominus

242 5596 508 5659 duellum
562 5596 929 5673 ineuntibus,
986 5595 1181 5656 Durus
1237 5596 1440 5654 Phocas
1496 5595 1629 5671 equi
1689 5611 1890 5654 aurem

2097 3902 2332 3958 Ἐκεῖθεν
2366 3901 2458 3957 οῦν
2486 3905 2512 3959 ὁ
2574 3906 2792 3975 Φωκᾶς,
2829 3907 2904 3969 ὡς
2936 3908 3072 3984 εἶχε,
3110 3906 3197 3965 διὰ
3226 3914 3438 3987 ταχέων
3472 3914 3677 3971 ἄνεισιν

2025 3988 2099 4052 εἷς
2145 3992 2243 4059 τὴν
2296 3987 2562 4067 Ἰϐηρίαν,
2610 3995 2698 4047 καὶ
2732 3991 2899 4050 Δαϐὶδ
2929 4002 3007 4068 τῷ
3035 4003 3142 4053 τῶν
3175 3995 3405 4075 Ἰϐήρων
3439 4004 3678 4079 ἄρχοντι

2021 4077 2339 4153 προσελθὼν
2374 4081 2450 4144 εἷς
2481 4080 2792 4158 ἐπικουρίαν
2835 4080 2954 4159 ᾔτει
3000 4088 3242 4163 στρατόν·
3287 4095 3383 4145 τοῦ
3433 4077 3681 4167 δὲὺμετᾶ

2020 4168 2325 4242 προθυμίας
2369 4170 2764 4246 ὑπηρετοῦντος
2813 4173 3163 4252 (ἐπεφιλίωτο
3208 4180 3309 4255 γὰρ
3357 4185 3435 4252 τῷ
3502 4188 3678 4255 duoin

2020 4256 2070 4347 ἐξ
2099 4256 2160 4313 οὗ
2192 4256 2316 4329 δοὺξ
2346 4259 2413 4329 ἦν
2452 4260 2503 4314 ἐν
2544 4259 2797 4337 Χαλδίᾳ),
2848 4264 2977 4320 λαὸν
3026 4264 3225 4331 ἐκεῖθεν
3277 4267 3520 4347 εἰληφὼς
3570 4273 3677 4329 οὐκ

2020 4343 2228 4434 ὀλίγον,
2288 4348 2543 4421 ἀθροίσας
2584 4347 2641 4405 δὲ
2670 4351 2760 4406 καὶ
2803 4351 2929 4416 τοὺς
2984 4355 3099 4419 μετ’
3142 4356 3307 4411 αὐτοῦ
3354 4343 3676 4434 ἐσκεδασμέ-

2016 4456 2147 4523 νους
2194 4432 2347 4500 ὄντας
2398 4438 2457 4492 ἐκ
2497 4446 2598 4509 τῆς
2637 4448 2864 4517 τροηῆς,
2898 4444 3133 4498 κάτεισιν
3166 4444 3243 4507 είς
3299 4432 3673 4523 Παγκάλειαν,

2018 4520 2141 4588 ἔνθα
2174 4524 2766 4602 στρατοπεδευσάμενος
2810 4530 2875 4599 ἦν
2921 4532 2950 4585 6
3002 4532 3278 4609 Σκληρός.
3312 4520 3495 4599 Τόπος
3543 4520 3669 4611 δξή

2016 4612 2346 4688 Παγκάλεια,
2401 4614 2587 4672 πεδίον
2650 4618 3093 4695 ἀναπεπταμένον
3145 4644 3205 4679 τε
3261 4627 3349 4679 καὶ
3425 4627 3673 4698 ἱππήλα-

2019 4724 2132 4776 τον,
2186 4698 2401 4778 ἔγγιστά
2465 4728 2572 4762 που
2630 4712 2726 4763 τοῦ
2756 4715 3008 4784 ποταμοῦ
3035 4709 3235 4776 ’Ἅλυος
3261 4713 3528 4789 κείμενον.
3567 4720 3669 4775 Καὶ

2017 4792 2217 4868 γίνεται
2267 4793 2431 4850 πάλιν
2492 4797 2748 4873 καρτερὸς
2796 4799 2966 4876 ἀγών.
3027 4802 3284 4867 Ἐνταῦθα
3334 4805 3425 4860 τὸν
3474 4806 3669 4863 ἑαυτοῦ

2018 4880 2150 4937 λαὸν
2183 4884 2506 4958 θεασάμενος
2565 4888 2592 4941 6
2651 4892 2845 4950 Φωκᾶς
2886 4892 3023 4945 κατὰ
3055 4893 3247 4965 μικρὸν
3280 4890 3553 4951 ἐνδιδόντα
3576 4897 3669 4952 καὶ

2014 4971 2150 5046 πρὸς
2190 4973 2377 5061 ,φυγὴν
2441 4974 2732 5048 βλέποντα,
2766 4980 2847 5051 [Ρ.
2879 4981 3005 5053 693]
3050 4978 3263 5055 βέλτιον
3316 4984 3447 5039 εἶναι
3480 4986 3669 5061 κρίνας

2010 5061 2103 5115 τὸν
2150 5059 2346 5132 εὐκλεῆ
2399 5063 2622 5127 θάνατον
2686 5074 2787 5136 τῆς
2849 5067 3102 5143 ἀγεννοῦς
3149 5071 3240 5125 καὶ
3298 5059 3669 5131 ἐπονειδίστου

2014 5153 2181 5240 ζωῆς,
2239 5152 2334 5213 τὰς
2393 5156 2500 5208 τῶν
2557 5154 2806 5211 ἐναντίων
2859 5157 3130 5232 συγκόψας
3197 5158 3479 5237 φάλαγγας
3524 5165 3667 5240 πρὸς

2010 5237 2167 5293 αὐτὸν
2219 5240 2354 5312 μετὰ
2400 5240 2776 5319 σφοδρότητος
2805 5247 2946 5301 ἳεται
3011 5247 3103 5301 τὸν
3164 5247 3437 5323 Σκληρόν.
3475 5237 3665 5328 Εὑρώ-

2007 5346 2147 5417 στως
2205 5324 2262 5417 δὲ
2318 5327 2564 5386 κάκείνου
2620 5333 2719 5401 τήν
2780 5332 2945 5389 αὐτοῦ
2995 5333 3395 5410 ὑποδεξαμένου
3454 5324 3662 5417 ὁρμήν,

2002 5415 2092 5470 καὶ
2141 5415 2375 5487 μηδενὸς
2432 5423 2539 5474 τῶν
2606 5428 2950 5498 στρατιωτῶν
3009 5420 3449 5499 ἐπιϐοηθοῦντος,
3490 5415 3660 5488 Ἵάλλᾶ

2000 5509 2082 5597 τῷ
2111 5591 2125 5597 Δ
2154 5509 2261 5560 τῶν
2300 5506 2595 5597 νάρχηγῶν
2668 5511 2840 5588 ἀγῶνι
2916 5515 3165 5589 κριθῆναι
3238 5517 3308 5571 τὰ
3362 5518 3658 5597 πράγγατα

2003 5591 2416 5678 βουλευομένων
2452 5598 2563 5674 (καὶ
2594 5598 2695 5679 γὰρ
2724 5598 2792 5671 δὴ
2823 5602 2912 5659 καὶ
2973 5602 3215 5684 ἐφαίνετο
3272 5591 3556 5685 πάγκαλόν
3600 5633 3655 5671 τι
