3966 6134
287 416 404 478 165

1424 396 1969 463 HISTORIARUM
2012 393 2560 458 COMPENDIUM.

3582 400 3698 461 166

289 544 467 619 θέαμα
505 541 594 597 καὶ
643 537 979 610 κατάπληξιν
1047 540 1165 597 τοῖς
1217 536 1411 610 ὁρῶσιν
1470 532 1666 607 ἐπάγον
1721 527 1855 603 ἀνδρη

2127 532 2307 584 xtram
2340 546 2456 583 una
2480 544 2614 583 cum
2663 528 2825 582 freno
2856 543 2994 582 ense
3040 532 3325 598 amputat,
3358 530 3477 587 Pbo
3504 549 3567 587 as
3597 551 3693 588 ca-

291 634 389 690 δύο
421 629 739 708 μονομαχία
780 628 859 683 ἐπ’
915 624 1185 698 εὐτολμίᾳ
1225 623 1314 679 καὶ
1368 623 1527 699 ῥώμῃ
1572 625 1755 697 ψυχῆς
1805 621 1938 695 μέγα

291 726 683 802 φρονοῦντων),
747 715 1073 777 ὑποστάντες
1130 712 1417 784 ἀλλήλους
1475 709 1740 781 συστάδην
1803 708 1939 782 ἐμά-

292 800 492 890 χοντο.
526 810 624 865 Καὶ
666 809 693 862 6
729 807 823 881 μὶν
870 804 1117 881 Σκλροὸς
1167 807 1264 857 τοῦ
1308 800 1484 857 ’ίππου
1539 805 1633 856 τοῦ
1682 805 1850 854 Φωκᾰ
1878 800 1939 854 τὸ

295 889 470 974 δεξιὸν
532 898 624 961 οῦς
685 897 776 952 σὺν
836 894 917 968 τῷ
990 892 1205 970 χαλινῷ
1257 892 1448 954 παίσας
1509 889 1807 945 ἀποκόπτει
1864 892 1944 959 τῶ

296 991 439 1069 ξίφει
473 1031 486 1044 .
531 991 558 1043 6
590 986 646 1043 δὲ
695 990 891 1046 Φωκᾶς
948 987 1018 1058 τῇ
1067 983 1268 1058 κορύνῃ
1318 982 1556 1051 πατάξας
1605 978 1762 1033 αὐτὸν
1809 978 1946 1032 νοιτά

293 1066 397 1150 τῆς
430 1076 673 1156 κεφαλῆς
702 1079 895 1130 τοῦτον
931 1074 1024 1147 μὲν
1075 1070 1161 1127 ἐπὶ
1205 1074 1303 1126 τοῦ
1326 1067 1617 1147 τραχήλου
1646 1072 1741 1123 τοῦ
1768 1066 1944 1122 θίππου

299 1171 480 1247 ῥίπτει
513 1171 592 1240 τῶ
626 1167 776 1243 βάρει
828 1170 928 1234 τῆς
979 1160 1201 1236 πληγῆς
1251 1161 1658 1235 κατενεχθέντα,
1692 1158 1848 1220 αὐτὸς
1890 1156 1947 1211 δὲ

302 1245 399 1314 τὸν
427 1256 598 1312 ’ίππον
632 1253 906 1328 κεντρίσας
955 1251 1042 1306 καὶ
1092 1249 1186 1311 τάς
1229 1254 1339 1304 τῶν
1390 1247 1641 1303 ἐναντίων
1676 1245 1944 1320 διατεμὼν

300 1348 588 1427 φάλαγγας
622 1341 803 1417 ἔξεισι,
851 1341 940 1396 καὶ
992 1339 1128 1416 πρός
1174 1359 1294 1393 τινα
1344 1336 1505 1415 λόφεν
1558 1337 1794 1392 ἀνελθὼν
1823 1336 1949 1398 τοὺς

301 1425 369 1493 ἔκ
392 1444 492 1506 τῆς
540 1440 751 1510 τροπῆς
798 1429 1133 1487 ἀνεκαλεῖτο.
1176 1429 1245 1486 Οἱ
1290 1426 1347 1483 δὶ
1398 1428 1521 1503 περί
1568 1428 1658 1482 τὸν
1695 1425 1947 1501 Σκληρὸν

300 1530 485 1587 κακῶς
542 1522 742 1600 ἔχοντα
803 1524 994 1576 τοῦτον
1064 1517 1125 1573 ἐκ
1178 1520 1276 1587 τῆς
1354 1514 1576 1593 πληγῆς
1634 1515 1950 1590 θεασάμενοι

302 1616 399 1672 καὶ
431 1614 539 1685 ἤδη
578 1612 1023 1687 λειποψυχοῦντα
1051 1609 1130 1680 τῷ
1161 1605 1430 1683 τραύματι
1475 1605 1562 1661 ἐπί
1603 1627 1724 1660 τινα
1765 1606 1951 1680 πηγὴν

305 1702 504 1781 ἄγουσι
561 1703 654 1758 τὸν
712 1700 911 1776 λύθρον
972 1696 1412 1771 ἀπονιψόμενον·
1477 1693 1790 1750 ὑπώπτευον
1849 1694 1952 1769 γὰρ

301 1795 398 1850 καὶ
442 1792 534 1848 τὸν
588 1794 783 1846 Φωκᾶν
830 1786 1026 1860 τελείῳ
1067 1783 1177 1857 ἤδη
1221 1783 1593 1861 παραδοθῆναι
1642 1786 1952 1860 ἀφανισμῷ.

302 1886 422 1941 Τοῦ
467 1880 642 1937 ’ίππου
701 1876 758 1934 δὲ
814 1877 1313 1952 ἀποσκιρτήσαντος
1368 1874 1459 1929 καὶ
1507 1874 1595 1928 τὸν
1655 1872 1957 1948 κατέχοντα

305 1970 651 2048 ἀποδράντος
709 1967 800 2023 καὶ
877 1964 967 2021 διὰ
1038 1969 1145 2020 τῶν
1224 1964 1636 2039 στρατευμάτων
1698 1958 1957 2018 ὲπιϐάτου

304 2060 492 2138 χωρὶς
525 2060 741 2125 θέοντος
801 2058 1013 2127 ἀτάκτῳ
1072 2053 1238 2130 ῥύμῃ,
1269 2054 1359 2107 καὶ
1407 2057 1487 2125 τῷ
1526 2052 1715 2126 αἶ’ματι
1747 2072 1953 2130 πεφυρς

310 2152 484 2223 μένου
531 2146 850 2224 (Λῖγύπτιον
896 2145 989 2198 τὸν
1043 2141 1214 2197 ’ίππον
1269 2140 1544 2213 ἐκάλουν),
1595 2140 1683 2196 καὶ
1715 2162 1956 2213 καταμα-

306 2240 495 2301 Οόντες
524 2236 736 2297 οὗτινος
789 2236 816 2289 ὁ
868 2232 1061 2304 ἵππος,
1104 2232 1193 2286 καὶ
1244 2231 1564 2305 νομίσαννες
1612 2231 1703 2285 τὸν
1754 2231 1954 2285 ἑαυτῶν

309 2326 560 2404 ἄρχοντα
657 2322 1018 2404 πεπτωκέναι,
1104 2321 1360 2404 ἀκόσμως
1456 2319 1742 2404 τρέπονται
1812 2319 1956 2404 πρὸς

310 2392 515 2477 φῦγήν,
561 2402 833 2470 κρημνοῖς
892 2395 979 2449 καὶ
1034 2392 1198 2450 Ἂλυϊ
1238 2392 1316 2463 τῷ
1360 2392 1595 2465 ποταμῷ
1648 2392 1960 2468 ῥιπτοῦντες

312 2488 540 2549 ἑαυτοὺς
608 2487 698 2541 καὶ
764 2482 975 2546 ἀκλεῶς
1053 2480 1455 2555 ἀπολλύμενοι,
1518 2478 1753 2555 μηδενὸς
1807 2480 1958 2542 ὄντος

312 2579 412 2634 τοῦ
463 2575 781 2637 διώκοντος.
842 2575 1015 2631 Τοῦτο
1072 2568 1304 2626 κατιδὼν
1367 2572 1395 2624 ὁ
1455 2576 1651 2632 Φωκᾶς
1709 2570 1812 2624 ἀπὸ
1865 2574 1963 2624 τοῦ

319 2666 521 2741 λόφου,
553 2664 643 2719 καὶ
676 2665 817 2717 θεῖον
880 2659 1035 2737 ἔργον
1087 2661 1217 2715 εἶναι
1275 2660 1337 2714 τὸ
1394 2681 1639 2736 πραγμα,
1685 2659 1865 2736 ὥσπερ
1894 2661 1959 2729 ἦν

319 2756 488 2827 εἶκὸς,
524 2750 887 2822 ὑποτοπάσας,
936 2751 1143 2805 κάτεισι
1190 2748 1325 2822 μετὰ
1378 2752 1484 2803 τῶν
1533 2747 1797 2805 συνόντων
1845 2748 1963 2805 ἐπι-

2048 621 2152 688 put
2176 617 2311 671 Duri
2338 616 2497 671 clava
2519 617 2603 671 ita
2633 616 2785 687 ferit,
2803 620 2866 672 ut
2886 616 2936 672 is
2957 617 3010 670 vi
3045 616 3159 671 ictu
3196 623 3524 689 prostratus
3546 622 3694 677 collo

2048 707 2182 777 equi
2214 705 2616 761 incumberet:
2643 706 2767 777 ipse
2795 706 3097 761 ordinibus
3120 706 3378 762 hostium
3402 711 3697 781 perruptis

2050 795 2229 850 citato
2260 813 2410 867 equo
2442 795 2653 864 evadit,
2677 800 2734 850 et
2777 795 2835 849 in
2885 795 3183 851 tumulum
3215 798 3529 867 quemdam
3564 816 3696 855 eve-

2053 887 2181 940 ctus
2214 901 2351 939 suos
2374 900 2403 939 e
2432 884 2566 955 fuga
2588 883 2828 956 colligit.
2855 883 3077 938 Durum
3102 884 3191 939 sui
3217 884 3471 957 graviter
3489 903 3558 942 ex
3578 887 3700 943 ictu

2052 972 2317 1028 laborare
2367 974 2607 1044 jamque
2664 973 2859 1028 animo
2917 972 3255 1044 delinquere
3304 975 3586 1046 videntes,
3628 974 3707 1032 ad

2054 1062 2269 1116 fontem
2305 1065 2611 1133 quemdam
2634 1062 2935 1117 adducunt
2964 1061 3191 1118 cruoris
3221 1062 3454 1119 eluendi
3486 1082 3703 1122 causa:

2056 1167 2193 1205 nam
2224 1156 2419 1206 actum
2457 1152 2582 1222 jam
2626 1167 2867 1223 prorsus
2914 1167 3041 1207 esse
3073 1152 3143 1207 de
3173 1152 3365 1209 Phoca
3393 1155 3704 1226 putabant.

2057 1240 2144 1295 lbi
2177 1257 2308 1294 cum
2343 1256 2529 1310 equus
2570 1240 2732 1309 Duri,
2764 1239 3062 1313 Egyptius
3111 1239 3367 1309 nomine,
3401 1242 3475 1297 ab
3506 1259 3572 1300 eo
3604 1243 3708 1315 qui

2057 1330 2248 1400 ipsum
2282 1331 2537 1401 tenebat,
2562 1346 2622 1385 se
2649 1328 2964 1395 evellisset,
2985 1347 3051 1385 ac
3081 1330 3206 1386 sine
3228 1348 3456 1388 sessore
3485 1349 3587 1405 por
3614 1350 3707 1389 or-

2059 1420 2228 1475 dines
2273 1419 2491 1475 iucerto
2540 1420 2759 1491 impetu
2793 1436 2997 1475 cruore
3028 1419 3298 1491 oppletus
3329 1421 3707 1493 discurreret,

2061 1508 2256 1579 agnito
2288 1525 2353 1564 eo
2395 1508 2611 1564 milites
2661 1509 2816 1579 Duri,
2851 1524 3026 1564 suum
3075 1509 3488 1580 imperatorem
3538 1529 3710 1567 occu-

2064 1596 2260 1653 buisse
2292 1598 2422 1665 rati,
2452 1598 2650 1669 fugam
2682 1598 3078 1654 inordinatam
3109 1598 3353 1665 faciunt,
3386 1617 3489 1672 per
3518 1603 3714 1672 praeci-

2064 1686 2211 1760 pitia
2241 1703 2368 1742 sese
2415 1691 2471 1742 et
2519 1687 2578 1741 in
2626 1687 2770 1759 Alyn
2822 1704 3055 1743 amnem
3086 1687 3429 1757 dejicientes
3459 1691 3613 1746 483
3645 1708 3713 1747 ac

2064 1775 2319 1847 turpiter
2374 1780 2710 1847 pereuntes,
2759 1776 2992 1832 nemine
3036 1777 3403 1847 insequente.
3436 1778 3598 1842 Quod
3627 1780 3714 1849 ,de

2067 1865 2213 1921 colle
2244 1865 2446 1920 videns
2485 1865 2729 1935 Phocus,
2763 1865 2979 1936 Deique
3023 1864 3133 1921 hoc
3167 1866 3311 1933 fieri,
3346 1872 3411 1921 ut
3439 1884 3580 1923 sane
3613 1869 3714 1924 {ie-

2067 1957 2187 2023 bat,
2212 1959 2355 2010 nutu
2391 1954 2671 2022 sentiens,
2697 1971 2828 2011 cum
2862 1954 2988 2011 suis
3018 1956 3323 2011 descendit
3350 1961 3407 2012 et
3437 1958 3715 2030 fugienti-

2067 2046 2179 2101 bus
2222 2045 2421 2114 instat,
2456 2062 2584 2100 sese
2635 2044 2879 2101 invicem
2930 2045 3411 2101 conculcantibus
3443 2052 3499 2102 et
3527 2047 3719 2105 omnis

2069 2134 2426 2189 defensionis
2467 2133 2686 2198 oblitis,
2711 2150 3032 2204 eorumque
3063 2133 3209 2189 alios
3239 2133 3535 2207 interficit,
3571 2138 3718 2193 alios

2068 2223 2243 2294 capit.
2271 2227 2461 2278 Durus
2485 2239 2617 2277 cum
2642 2222 2845 2294 paucis
2868 2222 3103 2295 elapsus
3127 2223 3561 2296 Martyropolim
3585 2242 3720 2282 con-

2068 2312 2236 2381 fugit.
2259 2312 2397 2367 Inde
2415 2314 2649 2367 fratrem
2671 2329 2845 2367 suum
2861 2312 3314 2368 Constantinum
3335 2315 3405 2369 ad
3425 2315 3717 2371 Chosroen

2070 2399 2379 2471 Babylonis
2425 2399 2752 2471 principem
2801 2400 2981 2455 mittit
3027 2406 3366 2458 soeietatem
3406 2408 3465 2459 et
3502 2403 3721 2459 auxilia

2069 2489 2343 2561 petitum.
2366 2489 2632 2559 Cumque
2653 2489 2702 2545 is
2736 2506 2926 2544 moras
2958 2496 3195 2545 nectens
3227 2507 3416 2563 neque
3439 2496 3723 2548 annueret

2071 2594 2262 2649 neque
2292 2579 2607 2648 denegaret
2636 2578 2788 2648 quod
2822 2581 3150 2649 petebatur,
3174 2579 3421 2651 ideoque
3441 2583 3725 2637 Constan-

2072 2666 2233 2722 tinus
2274 2667 2499 2722 diutius
2556 2668 2808 2732 abesset,
2842 2674 3079 2724 coactus
3126 2667 3252 2740 ipse
3300 2686 3537 2742 quoque
3590 2687 3727 2728 cum

2077 2755 2355 2811 omnibus
2386 2754 2510 2811 suis
2541 2756 2745 2810 eodem
2781 2755 2921 2811 abit.

315 2844 534 2900 διώκων
567 2841 697 2903 τοὺς
731 2840 1025 2919 φεύγοντας
1078 2839 1167 2893 ὑπ’
1215 2836 1482 2909 ἀλλήλων
1536 2837 2029 2914 συμπαλουμένους
2072 2844 2161 2898 καὶ
2220 2843 2393 2912 ἀλκῆς
2441 2842 2589 2905 ὅλως
2623 2843 2699 2916 μή
2736 2844 3138 2917 μεμνημένους,
3177 2844 3422 2908 καὶτοὺς
3456 2847 3550 2919 μὶν
3584 2847 3733 2901 ἀναι-

319 2939 457 3011 ρῶν,
486 2933 616 2997 τοὺς
650 2929 706 2986 δὲ
732 2928 1114 3006 χειρούμενος.
1146 2929 1208 2985 Ὀ
1232 2925 1288 2982 δί
1321 2926 1572 3001 Σκληρὸς
1608 2930 1723 3001 μετ’
1770 2927 1958 3008 ἀλίγνν
1993 2930 2276 2994 διασωθεὶς
2308 2953 2487 3011 φευγει
2520 2933 2655 3007 πρὸς
2685 2932 3131 3007 Μαρτυρόπολιψ
3162 2933 3361 2989 ἐκεῖθεν
3397 2933 3455 2991 δὲ
3481 2931 3740 3010 πρεσϐευ-

312 3027 418 3094 τὴν
456 3021 721 3093 ἐκπέμπει
750 3019 840 3074 τὸν
869 3018 1058 3073 taurea
1091 3013 1322 3094 ἀδελφὸν
1354 3023 1753 3072 Κωνσταντῖνον
1805 3022 1941 3094 πρὸς
1972 3022 2218 3097 Χοσρόην
2249 3025 2339 3075 τὸν
2387 3028 2487 3090 τῆς
2518 3016 2848 3083 Βαϐυλῶνος
2880 3018 3454 3100 ἅρχοντα,έπικουρίαν
3484 3026 3574 3079 καὶ
3605 3046 3739 3099 συμ-

323 3111 533 3187 μαχίαν
568 3111 757 3167 αἰτῶν.
788 3106 1158 3184 Παρέλκοντος
1193 3103 1239 3161 δ’
1270 3104 1473 3161 ἐκείνου
1520 3107 1609 3160 καὶ
1661 3109 1802 3180 μήτε
1854 3112 1922 3182 τῇ
1975 3106 2119 3165 δόσει
2154 3110 2531 3181 συντιθεμένου
2568 3110 2694 3182 μήτ’
2732 3110 3182 3183 ἀπαναινομένου,
3214 3112 3304 3166 καὶ
3334 3116 3430 3166 τοῦ
3464 3116 3740 3169 Κωνσταν-

316 3202 479 3257 τίνου
502 3192 1021 3276 χροιοτριῦοῦντος,
1060 3196 1377 3271 ἠναγκάσθη
1410 3195 1499 3250 καὶ
1532 3194 1693 3259 αὐτὸς
1726 3198 1754 3252 6
1806 3195 2059 3273 Σκληρὸς
2113 3199 2246 3273 μετά
2291 3204 2396 3252 τῶν
2440 3199 2708 3253 συνόντων
2739 3198 2987 3253 ἀπάντων
3016 3200 3150 3275 πρὸς
3179 3200 3427 3275 Χοσρόην
3460 3209 3741 3279 φοιτῆσαι⁸

396 3293 512 3354 Τῆς
544 3286 601 3343 δὲ
647 3291 744 3342 τοῦ
788 3285 1044 3359 Σκληροῦ
1090 3289 1300 3360 τροπῆς
1348 3283 1705 3362 ἀγγελθείσης
1758 3288 1838 3358 τῷ
1874 3288 1962 3361 βα.

2186 3297 2478 3361 mperator
2508 3289 2709 3345 Phoce
2754 3288 2968 3345 litteris
3000 3290 3071 3344 de
3101 3289 3241 3344 Duri
3273 3290 3439 3346 clade
3468 3295 3525 3346 et
3554 3291 3742 3365 Baby-

323 3379 475 3434 σιλεῖ
507 3377 597 3432 διὰ
645 3374 983 3451 γραμμάτων
1034 3378 1130 3429 τοῦ
1184 3372 1374 3443 Φωκᾶ,
1404 3375 1494 3429 καὶ
1542 3381 1640 3444 τῆς
1697 3375 1773 3438 εἰς
1809 3370 1974 3450 βαϐυ-

326 3469 484 3524 λῶνα
512 3466 943 3541 ἀναχωρήσεως,
994 3468 1185 3519 τοῦτον
1252 3465 1345 3537 μὶν
1407 3465 1434 3518 6
1497 3462 1751 3539 βασιλεὺς
1779 3461 1976 3519 ἀποδε-

325 3557 562 3629 ξάμενος
623 3555 785 3626 ἀξίως
844 3553 1087 3627 ἐτίμησε,
1146 3553 1281 3628 πρὸς
1342 3551 1400 3607 δὲ
1448 3553 1695 3627 Χοσρόην
1740 3554 1831 3608 τὸν
1877 3560 1977 3622 τῆς

333 3640 659 3723 βαϐυλῶνος
723 3643 1122 3718 ἀμερμουμνῆν
1188 3636 1522 3715 πρεσϐευτὴν
1565 3641 1829 3715 ἐκπέμπει
1889 3643 1981 3696 τὸν

336 3735 547 3803 Βέστην
606 3733 923 3809 Νικηφόρον
976 3730 1067 3786 τὸν
1118 3731 1383 3806 Οὐρανὸν,
1418 3730 1671 3786 ἱκετεύων
1708 3729 1981 3805 μηδεμιᾶς

335 3821 677 3899 ἐπιστροφῆς
727 3822 947 3893 ἀξιῶσαι
1017 3820 1110 3875 τὸν
1170 3819 1504 3890 ἀποστάτην,
1560 3817 1701 3893 μηδέ
1757 3820 1981 3889 θελῆσαι

331 3908 686 3985 παράδειγμα
740 3909 983 3985 γενέσθαι
1057 3913 1175 3970 τοῖς
1235 3908 1515 3984 ὀψιγόνοις
1570 3908 1798 3985 φαῦλον,
1850 3909 1982 3981 ἀμε-

332 4001 515 4070 λήσας
554 3999 645 4072 μὲν
684 3994 953 4072 βασιλέως
997 3994 1361 4069 ἀδικουμένου
1416 3996 1675 4072 βασιλεὺς
1702 3998 1789 4052 καὶ
1824 3997 1984 4060 αὐτὸς

334 4090 442 4159 ὢν,
476 4092 557 4159 [Ρ.
589 4089 717 4160 694]
749 4085 1118 4161 προσθέμενος
1162 4084 1218 4140 δὲ
1253 4084 1499 4159 τυράννῳ
1531 4083 1703 4158 ἀδίκῳ
1733 4086 1821 4140 καὶ
1853 4086 1988 4140 ἀπο-

335 4179 531 4251 στάτῃ.
612 4175 939 4253 Ἐνεχείρισε
1032 4174 1089 4230 δὲ
1168 4175 1257 4229 καὶ
1354 4174 1652 4249 γράμματα
1735 4173 1991 4249 βασιλικά

345 4265 820 4339 ἐνσεσημασμένα,
877 4263 946 4320 δι’
996 4266 1069 4319 ὧν
1135 4263 1469 4338 συμπαθείας
1544 4264 1754 4334 ἀπάσης
1810 4268 1988 4319 κακῶν

338 4356 508 4427 ἠξίου
542 4355 633 4410 τὸν
688 4353 941 4429 Σκληρὸν
1000 4356 1090 4409 καὶ
1141 4353 1267 4415 τοὺς
1319 4352 1574 4415 συνόντας
1625 4352 1791 4425 αὐτῷ,
1825 4354 1870 4408 εὶ
1906 4374 1995 4426 με·

344 4444 689 4518 ταμαθόντες
737 4445 801 4499 τὸ
852 4440 969 4498 δέον
1004 4444 1095 4498 τόν
1135 4464 1194 4498 τε
1243 4443 1445 4497 ὶαυτῶν
1496 4440 1753 4517 ἐπιγνωσι
1805 4439 1997 4497 δεσπο-

346 4557 456 4605 την
488 4532 580 4587 καὶ
611 4533 748 4606 πρὸς
797 4533 864 4587 τὰ
918 4532 1091 4586 οῗκεῖα
1133 4532 1581 4602 ὑπονοστήσουσι.
1634 4530 1999 4595 Διασωθέντος

2084 3378 2275 3434 Ionica
2320 3378 2675 3450 profectione
2705 3377 2916 3433 certior
2961 3379 3171 3446 factus,
3191 3378 3387 3450 dignis
3416 3379 3742 3437 honoribus

2086 3467 2337 3522 Phocam
2371 3470 2779 3522 remuneratus
2800 3468 2867 3522 ad
2891 3467 3182 3523 Chosroen
3209 3467 3518 3540 Babylonis
3548 3485 3741 3525 amer-

2089 3572 2392 3611 mumnam
2428 3556 2652 3611 litteras
2700 3555 2893 3619 mittit,
2918 3555 3106 3628 legato
3152 3556 3222 3610 ad
3255 3572 3383 3612 eam
3414 3573 3535 3612 rem
3569 3558 3743 3614 Besta

2086 3644 2432 3717 Nicepboro,
2457 3645 2547 3699 cui
2606 3644 2831 3700 Uranus
2860 3644 2940 3715 (id
2991 3650 3081 3701 est
3126 3644 3341 3716 Caelus)
3382 3662 3741 3718 cognomen;

2092 3734 2163 3789 ab
2195 3751 2376 3804 eoque
2409 3735 2709 3788 contendit
2748 3751 2820 3789 ne
2865 3752 3039 3805 quam
3092 3734 3408 3806 perduellis
3460 3736 3747 3791 rationem

2091 3822 2325 3889 habeat,
2358 3839 2545 3893 neque
2598 3823 2846 3894 posteris
2896 3823 3031 3877 mali
3074 3823 3325 3895 exempli
3372 3828 3575 3879 auctor
3622 3840 3752 3880 esse

2093 3912 2250 3982 velit,
2286 3929 2382 3967 rex
2421 3913 2546 3983 ipse
2596 3911 2714 3982 regi
2764 3911 3011 3981 injurias
3063 3911 3244 3967 factas
3295 3912 3621 3984 negligens,
3656 3918 3756 3986 ty-

2095 4017 2281 4056 ranno
2314 4005 2507 4056 autem
2542 4001 2760 4069 injusto
2789 4005 2847 4055 et
2876 4000 3162 4071 perduelli
3190 4000 3508 4072 opitulans.
3535 4007 3642 4057 Dat
3672 4002 3753 4058 le-

2097 4095 2230 4162 gato
2262 4091 2439 4145 etiam
2474 4089 2700 4144 litteras
2726 4080 2799 4144 ab
2821 4089 3173 4162 imperatore
3205 4091 3603 4163 consignatas,
3629 4092 3756 4163 qui-

2097 4179 2211 4235 bus
2259 4180 2482 4234 Durum
2516 4183 2573 4234 et
2615 4195 2763 4250 quos
2813 4196 3013 4234 secum
3074 4179 3125 4235 is
3183 4179 3437 4235 habebat
3492 4181 3756 4236 omnium

2100 4272 2474 4341 peccatorum
2506 4267 2675 4322 venia
2713 4268 3089 4339 dignabatur,
3128 4269 3421 4341 siquidem
3454 4268 3758 4341 resipisce-

2101 4361 2233 4413 rent
2270 4372 2336 4411 ac
2384 4372 2557 4411 suum
2616 4356 2919 4412 dominum
2974 4363 3361 4429 agnoscerent
3406 4362 3464 4414 et
3510 4359 3754 4414 domum

2103 4447 2261 4501 434
2291 4445 2542 4516 quisque
2586 4462 2752 4500 suam
2801 4462 2860 4501 se
2910 4448 3263 4503 conferrent.
3295 4450 3439 4503 Cum
3473 4448 3542 4502 ad
3576 4447 3759 4502 Chos-

2107 4551 2245 4591 roen
2279 4534 2637 4605 pervenisset
2660 4535 2884 4591 Uranus
2914 4536 3241 4608 litteraeque
3273 4534 3643 4608 imperatoris
3674 4535 3759 4590 in-

348 4622 414 4679 3‘s
464 4623 599 4698 πρὸς
640 4621 888 4694 Χοσρόην
942 4626 1039 4676 τοῦ
1096 4620 1339 4695 Οὐρανοῦ
1392 4621 1478 4675 καὶ
1530 4623 1638 4674 τῶν
1697 4619 1914 4695 βασιλικ

2194 4624 2460 4692 tuissent,
2483 4623 2765 4680 Chosroes
2797 4625 3035 4681 sinistra
3074 4626 3386 4697 suspicans
3416 4630 3473 4680 et
3499 4624 3760 4695 legatum

354 4711 721 4785 φωραθέντων
771 4711 1137 4784 γραμμάτων,
1197 4710 1225 4763 6
1284 4710 1535 4782 Χοσρόης
1589 4708 1679 4763 καὶ
1735 4709 1826 4763 τὸν
1871 4729 2000 4785 πρε-

354 4797 593 4870 σϐευτὴν
624 4801 714 4855 καὶ
768 4800 863 4855 τὸν
915 4797 1166 4873 Σκληρὸν
1216 4798 1304 4853 καὶ
1345 4799 1543 4860 πάντας
1570 4798 1698 4861 τοὸς
1731 4797 1821 4851 σὺν
1858 4798 2003 4871 αῦτῷ

350 4889 665 4963 Ῥωμαίους
704 4890 1010 4959 ὑπονοήσας
1064 4893 1273 4966 φρουρᾷ
1318 4885 1678 4962 παραδίδωσι.
1738 4887 1838 4941 Καὶ
1873 4887 2001 4943 τού-

353 5001 490 5041 τους
522 4981 615 5051 μὶν
651 4980 793 5054 εἶχεν
817 4981 851 5047 ἡ
913 4979 1144 5053 φρουρὰ,
1187 4982 1293 5033 τῶν
1354 4974 1412 5031 δὲ
1459 4978 1533 5049 μή
1568 4975 1999 5033 συνανελθόντων

359 5071 685 5125 ἀποστατῶν
725 5071 804 5139 τῷ
851 5066 1090 5142 Σκληρῷ
1137 5065 1287 5124 Αέων
1344 5065 1436 5137 μὲν
1471 5065 1498 5120 6
1533 5062 1895 5141 αἰχμάλωτος
1914 5067 2004 5121 καὶ

359 5159 416 5214 oi
444 5161 544 5212 τοῦ
566 5154 732 5211 ὂοῦκα
790 5154 1140 5231 ’Δνδρονίκου
1185 5159 1283 5209 τοῦ
1328 5152 1506 5209 Λυδοῦ
1535 5152 1723 5216 παῖδες
1772 5156 2006 5229 Χριστο-

364 5249 539 5325 φόρος
572 5246 600 5301 6
631 5243 921 5317 Ἐπείκτης
967 5244 1056 5300 καὶ
1109 5242 1315 5320 Βάρδας
1358 5244 1385 5298 ὁ
1438 5243 1661 5319 Μογγὸς
1708 5238 1862 5321 (ἔφθη
1906 5244 2009 5320 γὰρ

364 5338 574 5398 ἐκεῖνος
630 5335 936 5409 ἀποθανεῖν)
990 5335 1052 5389 τὸ
1124 5333 1523 5410 Ἀρμακούριον
1570 5332 1660 5388 καὶ
1713 5335 1813 5403 τὴν
1864 5333 2011 5389 Πλα-

363 5432 516 5483 τεῖαν
547 5425 746 5500 πέτραν
803 5424 893 5479 καὶ
951 5422 1096 5479 ἄλλα
1154 5425 1274 5478 τινὰ
1322 5421 1558 5498 φρούρια
1614 5420 1826 5501 ἐφυμνὰ
1856 5421 1908 5477 ἐν
1936 5427 2017 5495 τῷ

369 5517 567 5587 Θέματι
597 5511 822 5585 κείμενα
858 5517 968 5568 τῶν
1018 5510 1336 5588 Θρᾳκησίων
1394 5510 1791 5586 κατεσχητότες
1840 5511 2019 5567 ἀντεῖ-

369 5624 477 5682 χον
530 5601 633 5666 ἔως
692 5600 898 5678 ὀγδόης
980 5598 1342 5670 ΐνδικτιῶνος,
1397 5600 1489 5656 καὶ
1570 5598 1909 5677 ἒπεκδρομάς
1963 5599 2024 5656 ἐκ

368 5693 583 5755 τούτων
642 5692 968 5770 ποιούμενοι
1017 5692 1084 5750 τὰ
1135 5688 1407 5771 βασιλέως
1465 5688 1699 5750 ἰλύπουν
1734 5708 1748 5725 ο
1809 5690 1899 5749 καὶ
1959 5689 2022 5750 οὐ

2109 4717 2165 4770 et
2198 4717 2416 4767 Durum
2448 4728 2770 4783 omnesque
2801 4714 2901 4784 qui
2943 4731 3078 4769 cum
3119 4716 3248 4786 ipso
3276 4717 3444 4769 erant
3471 4714 3765 4769 Romanos

2114 4802 2173 4857 in
2205 4801 2533 4857 custodiam
2590 4801 2851 4857 tradidit.
2887 4803 2966 4858 De
3023 4801 3425 4874 perduellibus
3476 4802 3576 4873 qui
3630 4818 3765 4859 cum

2114 4896 2268 4946 Duro
2299 4906 2366 4945 eo
2398 4906 2513 4944 non
2562 4896 2861 4960 venerant,
2884 4890 2993 4946 Leo
3025 4891 3294 4962 captivus
3340 4895 3399 4945 et
3446 4891 3772 4946 Andronici

2114 4981 2258 5053 Lydi
2290 4981 2473 5044 ducas,
2501 4978 2598 5051 qui
2622 4979 2746 5050 jam
2774 4996 2804 5034 e
2826 4979 2970 5035 vivis
3000 4984 3349 5046 excesserat,
3374 4979 3499 5049 filii,
3523 4979 3772 5036 Christi-

2116 5069 2202 5125 fer
2232 5068 2465 5140 Epeicta
2493 5072 2550 5123 sl.
2571 5067 2791 5123 Bardas
2813 5068 3079 5135 Moncus,
3102 5068 3539 5137 Armacurium,
3567 5069 3771 5125 Latum

2119 5174 2323 5215 saxum
2351 5160 2407 5211 et
2437 5155 2550 5210 alia
2582 5157 2810 5210 munita
2832 5156 3073 5211 castella
3103 5157 3164 5211 in
3196 5156 3514 5212 Thracensi
3547 5157 3777 5228 provin-

2122 5248 2212 5305 cia
2255 5250 2648 5317 occuparunt;
2699 5244 2953 5317 indeque
3001 5246 3169 5301 factis
3219 5246 3649 5317 eruptionibus,
3685 5246 3776 5301 di-

2122 5338 2343 5393 tionem
2391 5333 2762 5405 imperatoris
2802 5335 3132 5390 infestando
3182 5351 3370 5406 usque
3401 5336 3473 5390 ad
3506 5334 3777 5392 indictio-

2126 5440 2261 5481 nem
2291 5424 2323 5477 8
2357 5427 2823 5494 perseverarunt,
2871 5440 3061 5496 neque
3108 5423 3287 5480 ﬁnem
3338 5428 3473 5480 ante
3519 5424 3785 5480 iecerunt

2126 5511 2567 5570 latrociniorum
2601 5527 2779 5583 quam
2821 5513 3114 5585 promissa
3160 5512 3303 5586 ipsis
3357 5529 3462 5586 per
3489 5511 3785 5584 Nicepho-

2131 5618 2262 5660 rum
2296 5599 2607 5674 patricium
2637 5600 3085 5661 Parsacutinum
3114 5601 3468 5676 impunitate
3497 5600 3570 5659 ad
3599 5600 3784 5676 tmpe-

2136 5695 2393 5753 ratorem
2424 5690 2845 5753 transivorunt.
