3966 6134
260 391 372 452 167

256 522 383 596 πρὶν
436 520 734 576 ἐπαύσαντο
789 520 884 580 τὰς
953 516 1141 592 χώρας
1199 515 1614 583 λεηλατοῦντες,
1678 512 1803 590 πρὶν
1863 511 1924 568 ἂν

257 611 378 665 κίου
402 615 501 664 τοῦ
534 612 988 682 Παρσακουτῆνοῦ
1018 611 1096 679 τῷ
1134 605 1348 681 βασιλεῖ
1377 605 1835 680 προσεχώρησαν.

1605 380 1925 447 GEORGII
1968 381 2307 443 CEDRENI

3554 384 3681 446 168

2011 512 2311 586 ἀμνηστίαν
2402 512 2690 592 εἰληφότες
2721 518 2899 569 κακῶν
2955 512 3045 569 διὰ
3104 516 3425 593 Νικηφόρου
3478 536 3679 590 πατρι-

331 719 613 774 Caeterum
638 716 924 772 Antonius
949 715 1278 787 patriarcha
1304 730 1436 769 cum
1472 713 1800 769 sacerdotio
1832 730 1835 737 '

2101 708 2240 766 Τότε
2291 708 2357 779 δὴ
2412 713 2498 765 κᾶὶ
2562 713 2853 773 Ἀντώνιος
2910 713 2937 765 6
2985 712 3333 786 πατριάρχης
3386 711 3525 766 κατά
3581 712 3686 779 τήν

260 808 617 876 nuntiasset,
646 808 795 862 Duro
820 805 1193 861 rebellionem
1219 808 1508 871 movente,
1534 807 1660 858 tum
1693 808 1917 873 tempo-

262 900 345 953 ris
387 900 655 952 mortuus
689 901 811 961 est;
861 900 1213 965 creatusque
1261 893 1597 964 patriarcha
1646 891 1921 946 Nicolaus

262 985 745 1057 Chrysohergius,
778 1000 911 1038 cum
956 1000 1058 1055 per
1091 984 1121 1036 4
1152 999 1337 1037 annos
1388 981 1645 1037 Ecclesia
1687 985 1919 1052 pastore

264 1078 572 1132 caruisset.
608 1073 704 1129 Sol
738 1074 915 1129 etiam
962 1072 1205 1129 meridie
1235 1072 1446 1126 defecit
1475 1076 1532 1125 et
1564 1069 1745 1125 stellae
1777 1087 1920 1125 con-

264 1170 475 1235 specta:
507 1169 666 1218 sunt.
700 1162 885 1216 Simul
922 1167 1097 1231 atque
1146 1162 1296 1215 diem
1352 1165 1677 1214 extremum
1710 1159 1922 1214 clausit

263 1253 585 1309 Tzimiscas
620 1253 961 1323 imperator,
984 1250 1223 1322 Bulgari
1255 1249 1593 1305 defecerunt
1632 1253 1685 1303 et
1729 1247 1918 1318 impe—

263 1342 414 1397 rium
441 1342 499 1396 in
522 1358 585 1397 se
610 1346 867 1413 quatuor
898 1341 1183 1394 fratribus
1210 1339 1658 1407 commiserunt,
1686 1338 1920 1407 Davido,

262 1430 659 1500 Mosi,Aaroni
681 1434 738 1485 et
760 1428 1052 1498 Samuelo,
1072 1428 1227 1483 filius
1250 1427 1425 1482 unius
1445 1426 1540 1483 cui
1562 1430 1686 1483 erat
1708 1442 1922 1498 magna

261 1520 414 1575 inter
477 1518 763 1591 Bulgaros
836 1518 1098 1590 potentia
1156 1517 1425 1584 comitis,
1486 1533 1520 1571 a
1578 1533 1695 1587 qua
1750 1533 1810 1570 re
1866 1519 1923 1571 et

260 1610 411 1666 435
447 1607 799 1679 Comitopuli
851 1606 1322 1679 appellabantur.
1364 1604 1594 1661 Etenim
1645 1605 1716 1660 de
1766 1605 1921 1660 Petri

262 1702 433 1770 gente
465 1696 723 1768 reliquos
764 1713 923 1752 mors
965 1695 1293 1751 abstulerat
1324 1713 1336 1751 :
1372 1695 1605 1750 Borises
1636 1698 1832 1749 autem
1866 1700 1923 1749 et

264 1789 563 1842 Romanus
597 1786 771 1854 hujus
801 1783 906 1839 ﬁlii
942 1784 1204 1853 abducti,
1228 1788 1292 1838 ut
1325 1789 1459 1839 ante
1491 1783 1822 1849 retulimus,
1859 1783 1918 1838 in

261 1876 467 1931 urbem
500 1874 581 1929 ibi
628 1875 939 1946 degebant,
972 1872 1205 1929 Borises
1257 1872 1523 1943 magistri
1572 1872 1855 1943 dignitate
1887 1890 1921 1928 a

258 1964 548 2021 Tzimisca
588 1968 853 2031 ornatus,
886 1967 1185 2017 Romanus
1217 1979 1249 2016 a
1276 1962 1531 2032 Josepho
1564 1961 1919 2016 cubiculario

2027 806 2123 856 τοῦ
2152 802 2409 879 Σκληροῦ
2457 803 2867 877 ἀποταξάμενος
2925 803 3248 860 ἀποστασίαν
3303 806 3371 877 τῇ
3421 803 3687 875 ἱερατείᾳ,

2029 887 2235 945 ἀπεϐίω
2265 912 2279 925 '
2340 895 2427 947 καὶ
2480 899 2874 969 χειροτονεῖται
2923 914 3271 969 πατριαργης
3324 891 3606 955 Νικόλαος
3649 893 3678 947 6

2027 981 2125 1049 τὴν
2161 983 2474 1054 ἐπωνυμίαν
2525 978 2945 1059 Χρυσοϐέργιος,
2994 990 3093 1053 τῆς
3153 982 3479 1053 Ἐκκλησίας
3520 982 3687 1036 ἀποι-

2034 1071 2237 1142 μάντου
2266 1067 2649 1141 διατελεσάσης
2701 1071 2789 1126 ἐπὶ
2850 1070 2941 1143 ἔτη
2999 1073 3230 1148 τέσσαρα
3260 1071 3395 1147 πρὸς
3430 1077 3508 1143 τῷ
3545 1071 3684 1143 ἡμί-

2030 1180 2129 1216 σει.
2160 1161 2411 1233 Ἐγένετο
2445 1158 2619 1215 δὲκαὶ
2669 1156 2916 1235 ἔκλειψις
2962 1161 3126 1231 ἡλίου
3165 1162 3289 1237 περὶ
3332 1162 3498 1234 μέσην
3534 1162 3685 1233 ἠμέ-

2034 1268 2152 1323 ραν,
2186 1249 2262 1311 ὡς
2310 1249 2399 1303 καὶ
2458 1249 2682 1324 ἀστέρας
2734 1257 2985 1327 φανῆναι.
3047 1253 3169 1307 Τῶν
3228 1247 3284 1304 δὲ
3343 1249 3682 1325 Βουλγάρων

2034 1336 2148 1410 ἅμα
2176 1342 2244 1412 τῇ
2293 1336 2520 1413 τελευτῇ
2577 1344 2674 1394 τοῦ
2737 1338 3008 1415 βασιλέως
3068 1340 3321 1397 Ἰωάννου
3370 1339 3687 1407 ἀποστατη-

2346 1426 2534 1503 ἄρχειν
2615 1427 2789 1483 αὐτῶν
2897 1430 3344 1505 προχειρίζονται
3431 1427 3693 1503 τέσσαρες

2030 1515 2277 1595 ἀδελφοὶ,
2325 1512 2515 1588 Δαϐἰδ,
2566 1523 2830 1587 Μωῦτῆς,
2863 1517 3074 1593 Ἀαρὼν
3126 1517 3217 1572 καὶ
3252 1514 3546 1590 Σαμουὴλ,
3573 1516 3694 1579 ἑνὸς

2028 1610 2134 1659 τῶν
2193 1605 2339 1681 παρὰ
2418 1605 2763 1682 Βουλγάροις
2837 1606 2971 1680 μέγα
3044 1604 3384 1677 δυνηθέντων
3438 1625 3693 1679 κομητος

2031 1691 2183 1757 ὄντες
2209 1693 2399 1757 παῖδες
2430 1695 2517 1749 καὶ
2571 1693 2660 1750 διὰ
2709 1700 2869 1750 τοῦτο
2918 1697 3342 1770 κομητόπουλοι
3374 1716 3689 1769 κατονομα-

2034 1784 2234 1857 ζόμεδυ
2268 1833 2275 1840 .
2313 1788 2437 1842 Τῶν
2475 1786 2578 1860 γάρ
2636 1787 2771 1840 κατά
2817 1788 2970 1862 γένος
3021 1786 3411 1861 προσηκόντων
3457 1789 3536 1857 τῷ
3591 1783 3694 1839 Πέ-

2032 1430 2261 1497 σάντων,

2033 1894 2143 1946 αρῳ
2192 1874 2243 1927 οἱ
2301 1888 2396 1946 μεν
2456 1872 2621 1929 ἄλλοι
2679 1875 2888 1948 Θανάτῳ
2946 1872 3294 1947 διεκόπησαν,
3354 1873 3602 1949 Βορίσης
3635 1872 3695 1928 δὶ

2032 1963 2123 2017 καὶ
2154 1964 2440 2035 Ῥωμαιὸς
2467 1965 2519 2018 οἱ
2541 1968 2739 2019 τοῦτου
2796 1965 2904 2020 υἱοὶ
2954 1964 3031 2027 εἲς
3086 1966 3184 2033 τὴν
3216 1963 3378 2019 πόλιν
3403 1962 3693 2038 εἰσαχθέν-

264 2055 473 2111 intimo
505 2057 817 2110 castratus.
852 2052 1080 2108 Mortuo
1118 2051 1405 2107 Tzimisca
1434 2068 1501 2107 ex
1540 2052 1682 2107 urbe
1712 2050 1835 2122 prol

2028 2072 2133 2119 τες,
2167 2051 2241 2113 ὡς
2274 2051 2326 2106 έν
2382 2057 2500 2113 τοῖς
2550 2051 2855 2126 ἔμπροσθεν
2918 2052 3151 2129 εἴρηται,
3204 2048 3393 2126 ἔμενον
3426 2050 3479 2105 ἐν
3512 2053 3686 2125 αὐτῇ,

262 2147 474 2216 gerunt
503 2148 559 2198 et
600 2144 661 2197 in
701 2141 1034 2214 Bulgariam
1086 2142 1531 2197 contenderunt.
1564 2143 1642 2195 Ac
1674 2140 1915 2195 Borisen

262 2233 500 2305 quidem
536 2232 793 2287 Romano
834 2232 1035 2285 habitu
1081 2231 1378 2299 indutum,
1404 2231 1544 2285 dum
1579 2247 1680 2301 per
1710 2230 1918 2285 silvam

263 2322 574 2394 quamdam
600 2320 835 2385 transit,
856 2318 1147 2391 Bulgarus
1171 2319 1413 2389 quidam
1436 2319 1767 2374 Romanum
1792 2334 1921 2373 esse

264 2417 427 2467 ratus
455 2410 768 2466 interfecit.
794 2414 1095 2464 Romanus
1126 2408 1442 2463 incolumis
1466 2409 1706 2475 mansit,
1733 2412 1789 2462 et
1820 2406 1921 2462 ali-

262 2504 481 2571 quanto
514 2503 645 2571 post
691 2497 748 2552 in
782 2498 986 2553 urbem
1022 2498 1213 2564 rediit,
1247 2502 1313 2553 ut
1362 2514 1468 2553 suo
1514 2496 1640 2552 loco
1671 2497 1917 2552 dicetur.

259 2588 340 2644 De
375 2594 628 2658 quatuor
659 2594 856 2641 autem
901 2586 1032 2640 istis
1077 2586 1359 2639 fratribus
1395 2586 1648 2639 Davidus
1681 2584 1917 2655 quidem

258 2677 460 2733 statim
493 2676 659 2745 obiit,
685 2676 879 2731 Moses
925 2680 1121 2729 autem
1155 2674 1358 2729 Serras
1399 2690 1749 2745 oppugnans
1781 2688 1920 2727 saxo

260 2784 294 2821 a
327 2782 491 2821 muro
540 2766 694 2820 ictus
739 2764 933 2835 periit.
963 2770 1253 2817 Aaronem
1305 2762 1587 2817 Romanis
1630 2763 1825 2831 rebus,
1858 2766 1923 2817 ut

260 2855 575 2919 ferebatur,
597 2854 885 2907 faventem
920 2852 1097 2906 frater
1118 2850 1425 2907 Samuelus
1448 2867 1581 2906 cum
1610 2851 1807 2906 sobole
1831 2850 1921 2905 in-

262 2941 525 3007 terfecit,
574 2940 697 2997 solo
755 2940 1206 3006 Bladosthlabo,
1267 2941 1368 3011 qui
1429 2941 1605 2995 etiam
1662 2941 1920 2995 Joannes

261 3036 604 3103 usurpatur,
655 3030 774 3084 ﬁlio
824 3032 952 3099 ejus
1001 3033 1196 3099 erepto
1228 3046 1260 3084 a
1290 3029 1616 3085 Radomero
1665 3028 1921 3085 Samueli

259 3119 403 3187 ﬁlio,
430 3135 605 3191 quem
639 3124 696 3174 et
726 3118 1056 3174 Romanum
1079 3123 1306 3173 vocant.
1334 3119 1386 3173 Is
1408 3117 1719 3173 Samuelus
1742 3117 1918 3174 homo

259 3209 579 3266 bellicosus
612 3225 677 3263 ac
720 3207 937 3278 quietis
986 3207 1326 3276 impatiens,
1360 3211 1569 3261 nactus
1621 3207 1920 3261 licentiam

260 3298 540 3354 Romanis
578 3297 928 3353 exercitibus
982 3296 1134 3351 bello
1185 3297 1464 3351 adversus
1496 3295 1717 3351 Durum
1749 3312 1920 3351 occu-

258 3388 434 3460 patis,
469 3387 623 3443 436
654 3390 839 3441 totum
868 3385 1242 3441 Occidentem
1278 3385 1716 3441 incursionibus
1748 3401 1915 3439 vexa-

2030 2142 2057 2194 6
2094 2138 2270 2213 μὲνμά
2316 2161 2533 2214 γιστρος
2580 2142 2725 2215 παρὰ
2783 2146 2880 2196 τοῦ
2924 2140 3189 2218 βασιλέως
3213 2141 3465 2214 τιμηθεὶς
3494 2138 3692 2195 Ἰωάν-

2027 2253 2122 2285 νου
2154 2232 2181 2285 ὁ
2214 2228 2271 2285 δὲ
2325 2232 2607 2304 Ῥωμανὸς
2667 2232 2956 2304 ἐκτμηθείς
3014 2232 3082 2287 τὰ
3144 2229 3453 2306 παιδουργά
3505 2227 3682 2304 μόρια

2028 2322 2173 2395 παρά
2222 2325 2318 2376 τοῦ
2389 2324 2891 2394 παρακοιμωμένου
2960 2322 3224 2398 πρότερον
3273 2320 3497 2396 Ἰωσήφ.
3556 2321 3667 2374 Καὶ

2030 2408 2142 2464 ἐπεὶ
2193 2404 2388 2479 συνέϐη
2436 2410 2531 2463 τὸν
2591 2407 2817 2485 βασιλέα
2866 2410 3120 2479 Ἰωάννην
3178 2409 3494 2475 ἀποθανεῖν,
3530 2406 3687 2461 ἐκεῖ·

2031 2500 2115 2552 θεν
2176 2495 2657 2573 ἀποδιδράσκουσι,
2736 2498 2824 2553 καὶ
2901 2501 3002 2568 τὴν
3077 2495 3417 2573 Βουλγαρίαν
3493 2497 3699 2571 φθάσαι

2030 2588 2348 2662 ἠπείγοντο.
2400 2587 2498 2641 Καὶ
2558 2587 2584 2643 ὁ
2638 2589 2733 2660 μὶν
2798 2586 3034 2663 Βορίσης
3078 2588 3220 2660 τόξῳ
3255 2585 3482 2663 βληθεὶς
3522 2585 3573 2639 ἰν
3620 2584 3702 2657 τῷ

2031 2673 2224 2730 διιέναι
2256 2676 2389 2731 κατά
2417 2696 2538 2730 τινα
2587 2676 2809 2752 λόχμην
2864 2677 3009 2752 παρά
3065 2696 3210 2738 τινος
3256 2672 3568 2748 Βουλγάρου
3605 2694 3698 2728 νο-

2035 2765 2292 2838 μίσαντος
2342 2766 2503 2820 αὐτὸν
2553 2770 2823 2838 Ῥωμαῖον
2881 2766 3013 2821 εἶναι
3065 2761 3362 2839 (ἐνεδέδυτο
3409 2762 3515 2839 γὰρ
3567 2784 3697 2818 crto-

2032 2852 2136 2923 λήν
2167 2856 2508 2929 Ῥωμαϊκὴν)
2556 2852 2886 2925 ἀπόλλυται,
2936 2855 3219 2927 Ῥωμανὸς
3252 2851 3309 2908 δὶ
3343 2850 3692 2926 διασώζεται,

2031 2944 2119 2998 καὶ
2151 2943 2340 3018 χρόνῳ
2370 2942 2588 3018 ὕστερον
2650 2942 2887 2998 ἒπάνεισι
2920 2942 3086 2997 πάλιν
3132 2942 3209 3004 εἷς
3253 2942 3354 3010 τὴν
3412 2938 3698 3017 βασιλίδα,

2032 3033 2107 3093 ὡς
2141 3031 2192 3087 ἐν
2223 3038 2301 3104 τῷ
2360 3030 2485 3104 ἰδίῳ
2532 3032 2687 3106 τόπῳ
2728 3030 3021 3102 λελέξεται.
3080 3030 3295 3087 Τούτων
3351 3028 3408 3085 δὲ
3435 3034 3545 3084 τῶν
3577 3050 3698 3085 τεσ-

2033 3120 2209 3196 σάρων
2246 3119 2496 3195 ἀδελφῶν
2557 3117 2725 3175 Δαϐὶδ
2788 3122 2881 3195 μὶν
2928 3119 3086 3182 εὐθὺς
3135 3114 3343 3174 ἀπεϐίω
3386 3119 3694 3189 ἀναιρεθεὶς

2035 3210 2196 3281 μέσον
2260 3209 2561 3286 Καστορίας
2619 3210 2708 3264 καὶ
2786 3211 3033 3285 Πρέσπας
3088 3209 3177 3263 καὶ
3233 3207 3328 3269 τὰς
3378 3205 3692 3281 λεγομένας

2030 3297 2209 3362 Καλάς
2265 3296 2393 3373 δρῦς
2450 3300 2596 3374 παρά
2641 3318 2801 3353 τινων
2876 3297 3111 3373 Βλαχῶν
3160 3294 3381 3363 ὀδιτῶν,
3440 3302 3695 3366 Μωϋσῆς

2031 3385 2087 3442 δὲ
2139 3388 2231 3449 τὰς
2283 3386 2487 3463 Σέῤῥας
2567 3386 2884 3462 πολιορκῶν
2963 3386 3102 3459 λίθῳ
3162 3386 3267 3440 ἀπὸ
3310 3389 3407 3439 τοῦ
3460 3384 3695 3461 τείχους

259 3478 361 3545 vit,
396 3494 511 3532 non
542 3476 844 3530 Thraciam
879 3476 1051 3528 modo
1096 3478 1153 3528 et
1202 3474 1597 3529 Macedoniam
1633 3490 1698 3527 ac
1731 3475 1835 3528 Thr

2033 3476 2255 3553 βληθεὶς
2311 3475 2673 3546 ἐτελεύτησε·
2736 3476 2825 3530 καὶ
2883 3476 2973 3530 τὸν
3032 3476 3242 3550 Ἀαρὼν
3314 3472 3371 3528 δὲ
3421 3474 3487 3528 τά
3557 3476 3694 3531 Ῥωυ

259 3565 531 3621 εαίοηίοεε
566 3563 916 3636 propinqua,
951 3564 1051 3619 sed
1083 3562 1447 3617 Thessaliam
1481 3579 1733 3633 quoque,
1767 3562 1915 3617 Gras-

248 3656 401 3709 ciam
451 3660 510 3708 et
560 3652 1047 3722 Peloponnesum.
1081 3654 1158 3705 Ac
1210 3651 1397 3705 multa
1449 3651 1601 3721 cepit
1650 3651 1911 3724 castella,

254 3758 504 3815 quorum
555 3742 909 3812 praecipuum
965 3739 1217 3796 Larissa.
1269 3740 1456 3809 Hujus
1504 3740 1726 3795 incolas
1775 3757 1908 3795 cum

250 3833 389 3888 totis
421 3830 663 3887 familiis
705 3830 763 3885 in
818 3829 1085 3885 intimam
1138 3828 1440 3884 transtulit
1484 3829 1820 3901 Bulgariam
1854 3834 1911 3885 et

250 3938 490 3978 suorum
527 3920 780 3975 militum
808 3918 1024 3975 tabulis
1046 3918 1367 3990 inscripsit,
1393 3934 1712 3989 eorumque
1735 3935 1910 3990 opera

251 4017 457 4067 contra
486 4011 777 4065 Romanos
828 4026 972 4064 usus
1022 4012 1128 4063 est.
1156 4008 1353 4062 Avexit
1402 4007 1578 4061 etiam
1629 4007 1908 4078 reliquias

252 4100 439 4156 sancti
476 4098 740 4162 Achillei,
774 4098 873 4168 qui
904 4098 1101 4153 sedem
1143 4096 1383 4150 Larissae
1422 4100 1690 4150 tenuerat
1724 4096 1907 4167 impe-

248 4192 416 4245 rante
443 4186 822 4243 Constantino
848 4186 1079 4257 Magno,
1097 4189 1155 4241 et
1177 4184 1384 4253 majori
1406 4184 1582 4240 simul
1615 4188 1673 4241 et
1704 4186 1903 4256 primaa

246 4275 470 4347 synodo
501 4274 767 4328 adfuerat
796 4288 930 4327 cum
964 4273 1183 4344 Regino
1208 4272 1540 4343 Scopelensi
1569 4278 1626 4327 et
1662 4274 1904 4329 Diodoro

248 4362 566 4430 Triccensi,
626 4377 845 4434 easque
902 4360 1151 4432 Prespis,
1212 4360 1311 4415 ubi
1370 4360 1588 4432 regiam
1648 4361 1903 4418 habebat

246 4469 445 4520 suam,
472 4452 764 4525 deposuit.

2030 3565 2229 3638 μαίων,
2289 3555 2364 3626 ὡς
2415 3561 2651 3640 λέγεται,
2730 3568 3028 3640 φρονοῦντα
3102 3562 3139 3633 ἤ
3205 3564 3306 3631 τὴν
3364 3562 3547 3637 ἀρχὴν
3611 3564 3694 3624 εἷς

2023 3654 2207 3708 ἑαυτὸν
2260 3656 2706 3731 σφετεριζόμενον
2760 3652 2969 3708 ἀνεῖλεν
3032 3654 3058 3708 6
3120 3650 3355 3729 ἀδελφὸς
3413 3652 3689 3723 Σαμουὴλ

2020 3744 2294 3818 παγγενεὶ,
2326 3743 2461 3797 κατά
2516 3744 2614 3811 τὴν
2677 3740 2744 3797 ιδ’
2800 3747 2897 3797 τοῦ
2956 3740 3196 3798 Ἰουλίου
3258 3742 3451 3813 μηνὸς,
3510 3740 3566 3796 ἐν
3611 3746 3688 3816 τῇ

2018 3832 2311 3904 τοποθεσίᾳ
2356 3840 2454 3902 τῆς
2508 3834 2951 3907 Ῥαμετανίτζας,
3012 3836 3093 3903 [Ρ.
3144 3834 3271 3904 695]
3326 3831 3494 3904 μόνου
3531 3830 3684 3887 Βλα-

2019 3917 2331 3976 δοσθλάϐου
2358 3926 2453 3977 τοῦ
2510 3923 2599 3977 καὶ
2652 3924 2903 3977 Ἰωάννου
2964 3919 3343 3989 διασωθέντος,
3401 3924 3499 3974 τοῦ
3557 3921 3685 3975 υἱοῦ

2016 4010 2206 4083 αὐτοῦ,
2261 4011 2409 4085 παρά
2481 4008 2824 4084 Ῥαδομηροῦ
2908 4014 3002 4064 τοῦ
3076 4013 3169 4065 καὶ
3224 4011 3530 4083 Ῥωμανοῦ,
3583 4014 3687 4064 τοῦ

2016 4100 2138 4153 ι)ἱοῦ
2168 4103 2265 4154 τοῦ
2325 4098 2613 4174 Σαμουηλ.
2663 4100 2761 4154 Καὶ
2814 4098 3129 4163 καθίσταται
3191 4098 3469 4174 μόναρχος
3498 4097 3684 4154 Βουλ-

2014 4187 2213 4263 γαρίας
2244 4189 2457 4258 ἀπάσης
2510 4190 2537 4243 ὁ
2586 4187 2875 4261 Σαμουήλ.
2909 4190 3076 4249 Οὗτος
3134 4187 3437 4260 πολεμικὸς
3470 4184 3687 4261 ἅνθρω-

2015 4297 2117 4337 πος
2170 4275 2241 4331 ὣν
2275 4277 2361 4332 καὶ
2401 4274 2675 4350 μηδέποτε
2712 4274 2871 4339 εἷδὼς
2929 4278 3181 4353 ἠρεμεῖν,
3213 4280 3320 4330 τῶν
3350 4277 3689 4348 Ῥωμαϊκῶν

2013 4364 2427 4441 στρατευμάτων
2458 4371 2579 4429 ταῖς
2634 4366 2774 4440 πρὸς
2828 4367 2919 4421 τὸν
2984 4365 3239 4441 Σκληρὸν
3275 4363 3482 4440 μάχαις
3509 4365 3690 4440 ἀσχο-

2012 4453 2295 4528 λουμένων
2327 4453 2506 4517 ἀδείας
2560 4456 2745 4531 τυχὼν
2804 4453 3109 4529 κατέδραμε
3154 4459 3324 4509 πᾶσαν
3352 4455 3452 4521 τὴν
3488 4455 3684 4511 Ἑσπέ-

246 4560 365 4616 ραν,
425 4541 488 4595 οὐ
558 4541 722 4614 μόνον
783 4539 997 4613 Θρᾴκην
1056 4539 1145 4594 καὶ
1224 4537 1559 4595 Μακεδονίαν
1618 4541 1706 4595 καὶ
1796 4540 1863 4597 τά
1938 4547 2008 4617 τῇ
2061 4543 2427 4619 Θεσσαλονίκῃ
2503 4544 2829 4619 πρόσχωρα,
2889 4543 3036 4600 ἀλλά
3079 4545 3167 4599 καὶ
3230 4542 3524 4599 Θετταλίαν
3593 4544 3688 4599 καὶ

248 4626 490 4687 Ἐλλάδα
543 4631 634 4685 καὶ
695 4628 1112 4695 Πελοπόννησον
1145 4648 1157 4661 ⁸
1217 4628 1308 4683 καὶ
1371 4627 1558 4684 πολλά
1614 4629 1847 4708 φρούρια
1890 4635 2289 4709 παρεστήσατο,
2325 4635 2398 4688 ὧν
2458 4634 2523 4703 ἦν
2568 4634 2631 4688 τὸ
2674 4639 2970 4712 κορυφαῖον
3018 4637 3053 4704 ἡ
3109 4634 3375 4709 Λάρισσα,
3425 4635 3495 4701 ἧς
3542 4634 3684 4697 τοὺς

246 4719 500 4782 ἐποίκους
554 4720 848 4792 μετῴκισεν
906 4717 983 4779 εἷς
1039 4718 1106 4771 τά
1160 4724 1260 4786 τῆς
1306 4719 1650 4793 Βουλγαρίας
1710 4718 1963 4798 ἰνδότερα
2018 4724 2361 4793 πανεστίους,
2420 4722 2509 4778 καὶ
2558 4729 2676 4785 τοῖς
2734 4720 3069 4799 καταλόγοις
3128 4726 3239 4777 τῶν
3295 4723 3495 4777 ἑαυτοῦ
3520 4738 3693 4778 κατα·

242 4811 404 4882 τάξας
462 4812 806 4882 στρατιωτῶν
863 4827 1183 4882 συμμάχοις
1238 4806 1444 4882 ἐχρῆτο
1497 4810 1633 4864 κατά
1689 4811 1997 4883 Ῥωμαίων.
2073 4814 2359 4887 Μετήγαγε
2416 4810 2473 4868 δὲ
2528 4811 2619 4866 καί
2675 4813 2736 4867 τὸ
2783 4811 3037 4886 λείψανον
3097 4816 3193 4867 τοῦ
3254 4810 3413 4888 ἁγίου
3474 4812 3694 4888 Ἀχιλ-

247 4897 416 4964 λείου,
476 4896 773 4953 ἐπισκόπου
832 4896 1110 4970 Λαρίσσης
1166 4896 1611 4972 χρηματίσαντος
1684 4899 1771 4953 ἐπὶ
1848 4901 2258 4956 Κωνσταντίνου
2300 4906 2397 4957 τοῦ
2457 4899 2720 4976 Μεγάλου
2781 4901 2877 4955 κάν
2936 4904 3006 4967 τῆ
3071 4898 3287 4977 μεγάλῃ
3344 4899 3437 4954 καὶ
3484 4902 3688 4976 πρώτῃ

243 4984 453 5057 συνόδῳ
499 4988 767 5061 παρόντος
821 4984 912 5040 σὺν
962 4985 1193 5060 Ῥηγίνῳ
1266 4985 1561 5041 Σκοπέλων
1636 4987 1723 5042 καὶ
1784 4986 2047 5064 Διοδώρῳ
2119 4990 2375 5067 Τρίκκης,
2439 4991 2527 5046 καὶ
2588 4990 2666 5053 είς
2726 4988 2973 5065 Πρέσπαν
3030 4989 3281 5059 ἀπέθετο,
3340 4987 3470 5054 ἔνθα
3527 4989 3693 5058 ἦσαν

243 5076 394 5150 αὐτῷ
422 5076 489 5131 τὰ
523 5077 792 5152 βασίλεια.

317 5184 565 5241 Proinde
598 5184 847 5240 Basilius
877 5186 1215 5257 imperator,
1249 5189 1312 5241 ut
1341 5185 1599 5258 primum
1634 5186 1769 5243 Duri
1804 5207 1835 5244 n

2086 5189 2421 5262 Ἀμύνασθαι
2454 5187 2513 5243 δὲ
2541 5193 2734 5244 τοῦτον
2786 5190 2814 5243 ὁ
2872 5185 3129 5263 βασιλεὺς
3176 5191 3283 5241 τῶν
3319 5185 3693 5263 εἰργασμένων

246 5275 401 5347 gotio
426 5290 487 5329 se
510 5274 783 5345 expediit,
808 5274 1011 5329 ulcisci
1039 5275 1295 5330 Samueli
1321 5275 1605 5331 maleficia
1645 5277 1909 5349 cupiens,

245 5364 504 5420 collectis
555 5362 834 5419 Romanis
883 5363 1258 5431 exercitibus,
1294 5365 1354 5420 in
1407 5364 1744 5440 Bulgariam
1777 5367 1904 5439 ipse

245 5456 458 5510 ducere
511 5453 740 5520 statuit,
774 5470 846 5508 ne
895 5453 1326 5509 communicata
1372 5456 1611 5527 quidem
1663 5474 1721 5511 re
1770 5474 1904 5511 cum

242 5544 434 5601 Barda
483 5544 695 5609 Phoca,
730 5542 1066 5599 scholarum
1117 5543 1439 5600 etiamnum
1474 5546 1819 5617 domestico,
1848 5550 1907 5602 et

244 5632 491 5706 reliquis
521 5630 907 5689 orientalibus
952 5633 1227 5689 ducibus.
1258 5633 1407 5706 Ergo
1461 5650 1563 5705 per
1610 5635 1904 5707 Rhodopae

245 5740 311 5788 ao
352 5724 502 5784 Euro
548 5722 777 5782 ﬂumini
835 5723 1104 5799 regiones
1153 5722 1517 5797 propinquae
1565 5723 1906 5797 Bulgariam

2021 5276 2381 5355 γλιχόμενος,
2417 5278 2638 5354 ἐπείπερ
2683 5278 3032 5348 ἀπετινάξατο
3074 5275 3170 5341 τὰς
3213 5275 3337 5353 περὶ
3369 5280 3465 5330 τοῦ
3501 5276 3695 5347 Σκλη-

2024 5372 2121 5443 ροῦ
2172 5365 2486 5445 φροντίδας,
2535 5367 2635 5430 τὰς
2704 5367 3016 5441 Ῥωμαϊκὰς
3096 5365 3347 5442 ὀθροίσας
3424 5362 3689 5437 δυνάμεις

2022 5456 2183 5520 αὐτὸς
2215 5454 2287 5511 δι’
2319 5456 2511 5512 ἑαυτοῦ
2564 5451 2822 5525 εἰσϐολὴν
2874 5456 2926 5511 ἐν
2969 5453 3284 5530 Βουλγαρίᾳ
3316 5451 3493 5509 ἐδόκει
3520 5457 3699 5525 ποιή-

2017 5547 2228 5617 σασθαι,
2277 5543 2488 5621 Βάρδαν
2540 5546 2631 5601 τὸν
2692 5552 2890 5601 Φωκᾶν
2952 5542 3030 5601 ἔτι
3077 5547 3185 5599 τῶν
3244 5541 3468 5619 σχολῶν
3523 5539 3699 5618 δομὲ-

2012 5652 2197 5688 στικον
2230 5631 2358 5689 ὄντα
2404 5634 2497 5689 καὶ
2544 5633 2672 5697 τοὺς
2725 5631 2958 5697 λοιποὺς
3017 5634 3187 5707 ἓῲους
3242 5629 3512 5697 δυνάστας
3564 5630 3706 5705 μηδ’

2015 5721 2248 5797 ἀξιώσας
2309 5722 2501 5803 λόγου.
2556 5721 2963 5801 Εἰσερχόμενος
3012 5720 3070 5781 δὲ
3130 5723 3185 5780 tv
3243 5719 3560 5800 Βουλγαρίᾳ
3604 5719 3661 5780 δι
