3966 6134
227 293 329 353 £69

1339 292 1879 354 HISTORIARUM
1927 291 2470 357 COMPENDIUM.

3489 320 3609 381 170

217 432 307 495 τῆς
357 427 502 500 παρά
555 430 622 501 τῇ
682 425 919 502 Ῥοδόπη
978 428 1203 525 καί..τῷ
1256 427 1491 525 ποταμῷ
1515 418 1727 525 ἱἘϐρῳ,
1753 423 1824 477 τὸε

1962 426 2285 497 ingressus,
2315 430 2666 503 magistrum
2699 437 2951 495 Leonem
2980 442 3354 505 Melissenum
3386 468 3419 507 ο,
3442 456 3606 525 tergo

217 514 499 589 μάγιστροι
579 517 784 572 Λὲοντα
839 516 932 571 τὸν
1006 515 1342 584 Μελισσηνὸν
1399 512 1623 567 κατόπιν
1679 511 1845 582 εἴασε,

213 603 299 664 τὰς
363 600 668 680 δυσχωρίας
728 602 1013 683 φυλάττειν
1061 602 1382 680 προστάξας,
1449 602 1610 663 αὐτὸς
1670 598 1728 655 δὲ
1783 601 1850 655 τὰ

216 692 397 763 μεταξὺ
453 692 794 766 Τριαδίτζης,
824 692 947 763 ἥτις
975 694 1146 749 πάλαι
1194 690 1435 768 Σαρδική
1468 690 1845 763 ἒπωνόμαστο,

212 782 357 836 στενά
412 779 639 846 διελθὼν
699 782 789 837 καὶ
844 784 940 845 τὰς
1004 782 1247 857 λόχμας,
1303 782 1392 835 καὶ
1442 775 1495 833 ἔν
1542 800 1645 833 τινι
1692 779 1847 851 τόπῳ

215 870 516 943 Στωπωνίῳ
549 870 833 947 λεγομένῳ
861 873 1176 947 γενόμενος,
1210 869 1358 934 ἔθετο
1390 868 1624 945 χάρακα,
1676 866 1847 923 ἐκεῖσέ

212 979 267 1013 τε
304 955 555 1014 διενοεῖτο
616 958 734 1023 πῶς
790 960 850 1015 ἂν
905 959 1232 1036 ἐπιχειρήσῃ
1286 962 1354 1033 τῇ
1406 956 1701 1034 πολιορκίᾳ
1746 959 1843 1025 τῆς

215 1044 494 1119 Σαρδικῆς.
524 1048 779 1104 Ἧκούετο
831 1048 889 1104 δὲ
938 1050 1031 1103 καὶ
1089 1050 1117 1103 6
1170 1046 1437 1119 Σαμουὴλ
1467 1046 1560 1107 τὰς
1607 1047 1844 1123 κορυφὰς

212 1141 309 1191 τῶν
364 1136 638 1201 κύκλωθεν
696 1138 864 1213 ὀρέων
914 1139 1162 1213 κατέχων
1234 1137 1390 1210 (πρὸς
1449 1136 1676 1212 φανερὰν
1737 1135 1841 1209 γὰρ

212 1223 519 1298 συμπλοκήν
594 1228 685 1281 καὶ
760 1227 1081 1303 ἀγχέμαχον
1158 1223 1385 1292 ἐδειλία)
1435 1224 1523 1279 καὶ
1581 1224 1840 1277 πάντοθεν

208 1313 506 1391 ἐνεδρεύων,
564 1315 617 1371 εἷ’
657 1339 774 1379 πως
807 1314 1056 1387 δυνηθείη
1118 1315 1322 1392 βλάψαι
1369 1313 1495 1375 τοὺς
1546 1312 1838 1375 ἐναντίους.

209 1404 289 1457 Ἐν
317 1405 361 1475 ᾦ
392 1402 451 1459 δὶ
476 1409 644 1459 ταῦτα
673 1404 874 1481 ἐγίνετο
905 1406 997 1460 καὶ
1024 1409 1272 1466 τοιοῦτος
1304 1404 1371 1472 ἦν
1421 1407 1500 1474 τῷ
1556 1400 1772 1477 βασιλεῖ
1811 1401 1839 1455 6

205 1494 412 1562 σκοπὸς,
471 1500 745 1571 Στεφανος
795 1495 823 1548 6
900 1490 1223 1565 δομὲστικος
1279 1497 1387 1546 τῶν
1467 1488 1688 1565 σχολῶν
1741 1496 1840 1559 τῆς

203 1580 421 1652 Δύσεως,
470 1581 528 1637 δν
589 1580 678 1637 διὰ
723 1583 787 1637 τὸ
848 1584 1027 1659 βραχὺ
1072 1589 1171 1651 τῆς
1220 1580 1439 1651 ἡλικίας
1469 1581 1838 1656 Κοντοστὲφα-

201 1692 284 1726 νον
336 1672 449 1744 (44)
498 1670 879 1744 ὲπωνόμαζον,
934 1670 1329 1746 ἀπεχθέστατος
1390 1669 1465 1724 ὢν
1526 1670 1709 1723 Λὲοντι
1756 1673 1835 1740 τῷ

202 1759 513 1833 Μελισσηνῷ
567 1760 813 1837 πρόσεισι
866 1761 1055 1823 νυκτὸς
1112 1757 1221 1831 ἤδη
1283 1753 1701 1829 καταλαϐούσης
1758 1758 1835 1830 τῷ

204 1848 424 1924 βασιλεῖ,
474 1850 564 1905 καὶ
616 1848 987 1924 ἀναζευγνύειν
1018 1849 1093 1913 ὡς
1120 1847 1353 1924 τάχιστα
1407 1846 1724 1923 παρεκάλει,
1767 1852 1835 1902 τα

200 1937 333 1993 ἄλλα
382 1935 740 2015 λογιζόμενον
787 1936 1029 2013 δεύτερα,
1083 1937 1173 1993 καὶ
1220 1939 1320 2007 τήν
1370 1934 1623 2012 βασιλίδα
1670 1957 1833 1991 κατα-

200 2022 392 2097 λαϐεῖν,
424 2028 499 2090 ὡς
532 2031 630 2083 τοῦ
658 2025 1004 2098 Μελισσηνοῦ
1035 2025 1523 2104 ἐποφθαλμιῶντος
1553 2029 1623 2099 τῇ
1676 2026 1832 2100 βασι-

199 2116 309 2189 λείᾳ
336 2118 550 2172 κάκεῖσε
578 2117 834 2178 ἀπιόντος
862 2114 983 2192 ἄρτι
1012 2115 1104 2171 σὺν
1125 2117 1285 2191 τάχει
1330 2113 1550 2187 πολλῷ.
1603 2116 1834 2190 Ἐορόη-

193 2207 323 2260 σενὸ
355 2203 518 2282 λόγος
571 2207 663 2261 τὸν
714 2203 963 2280 βασιλέα,
992 2205 1083 2259 καὶ
1144 2206 1413 2289 ἀναζυγὴν
1463 2202 1656 2265 εὐθέως
1704 2203 1832 2274 ἐκή·

192 2297 353 2368 ρυξεν.
409 2296 471 2352 Ὁ
521 2291 579 2349 δὶ
630 2292 899 2367 Σαμουὴλ
956 2294 1054 2362 τὴν
1099 2294 1423 2348 ἀσύντακτον
1479 2291 1829 2368 ἀναχώρησιν

187 2388 376 2459 φυγήν,
402 2384 478 2448 ὡς
509 2382 679 2451 εἰκὸς,
713 2382 869 2456 εἶναι,
903 2382 1269 2451 ὑποτοπάσας,
1302 2382 1631 2437 ἐπεισπεσὼν
1664 2380 1830 2457 ἀθρό-

189 2494 258 2534 ως
287 2475 400 2545 μετ’
430 2471 764 2546 ἀλαλαγμοῦ
792 2473 883 2526 καὶ
914 2472 1049 2547 βοῆς
1099 2470 1225 2533 τούς
1256 2492 1314 2526 τε
1350 2470 1652 2543 Ῥωμαίους
1702 2491 1833 2525 κατ-

187 2560 378 2632 ὲπληξε
426 2560 519 2616 καὶ
578 2566 761 2637 φυγεῖν
820 2562 1135 2636 ἠνάγκασε,
1204 2560 1294 2615 καὶ
1348 2562 1408 2614 τὸ
1467 2558 1829 2632 στρατόπεδον

182 2650 430 2724 κατέσχε,
475 2650 568 2704 καὶ
622 2656 724 2719 τῆς
775 2651 1083 2719 ἀποσκευῆς
1129 2649 1342 2719 ἀπάσης
1386 2647 1599 2723 ἐγένετο
1644 2647 1830 2720 κύριος

178 2739 263 2793 καὶ
310 2740 478 2809 αὑτῆς
506 2745 608 2808 τῆς
641 2736 792 2814 βασι)
813 2746 938 2807 ικῆς
990 2740 1191 2809 σκηνῆς
1233 2738 1320 2791 καὶ
1370 2741 1479 2792 τῶν
1528 2735 1826 2812 βασιλικῶν

185 2828 544 2899 παρασήμωνι
578 2826 763 2889 Μόλις
794 2824 852 2882 δὲ
896 2828 923 2881 ὁ
958 2826 1212 2901 βασιλεὺς
1268 2826 1335 2881 τὰ
1391 2826 1547 2881 στενὰ
1599 2823 1825 2880 διελθὼν

190 2914 262 2976 εἰς
291 2914 742 2971 Φιλιππούπολιν
775 2912 1115 2983 διασώζεταιο
1179 2918 1261 2984 [Ρ.
1308 2916 1434 2986 696]
1486 2912 1536 2968 ἰν
1587 2912 1623 2987 ᾖ
1672 2914 1827 2989 γενό-

194 3023 364 3074 μενος,
413 3005 505 3058 καὶ
548 3004 641 3057 τὸν
686 3001 1033 3073 Μελισσηνὸν
1090 3002 1480 3076 ἀμετακίνητον
1531 3002 1699 3077 εὑρὼν
1739 3004 1827 3058 καὶ

190 3091 283 3159 τήν
341 3092 782 3164 ἐμπιστευθεῖσαν
859 3091 1006 3163 αὐτῷ
1076 3089 1323 3168 φυλακὴν
1396 3090 1673 3164 ἐπιμελῶς
1727 3114 1829 3163 τη-

1958 514 2214 585 reliquit,
2262 519 2358 587 qui
2410 523 2714 591 angustias
2763 530 3125 587 custodiret:
3160 536 3285 607 ipse
3338 514 3606 598 faucibus

1958 607 2015 658 et
2047 604 2211 661 silvis
2242 623 2371 678 quae
2394 614 2534 665 sunt
2554 612 2622 665 ad
2644 614 2999 674 Triaditzam
3021 604 3201 693 (olim.
3218 624 3337 682 haec
3362 629 3607 688 Serdica

1958 692 2280 767 dicebatur)
2312 701 2656 770 peregratis,
2689 703 2746 757 in
2779 704 2905 761 loco
2937 692 3036 763 cui
3062 714 3337 785 Stoponio
3368 733 3605 789 nomen,

1956 789 2149 838 castra
2179 787 2363 855 ponit,
2385 788 2582 859 ibique
2604 792 2675 846 de
2697 800 3094 867 oppugnanda
3124 801 3362 861 Serdica
3393 787 3606 882 cogita-

1955 871 2143 926 tiones
2174 874 2450 930 instituit.
2484 879 2846 938 Audiebatur
2864 885 3041 942 etiam
3076 891 3225 947 437
3260 871 3603 955 Samuelum

1956 964 2184 1015 montes
2215 962 2313 1032 qui
2348 964 2769 1038 circumjecent
2822 976 3037 1043 tenere,
3072 979 3142 1034 ab
3174 987 3373 1053 aperto
3402 986 3604 1058 praelia

1955 1052 2113 1103 metu
2147 1049 2578 1123 abhorrentem,
2613 1061 2669 1112 et
2711 1061 2971 1134 undique
3005 1049 3252 1124 insidias
3287 1049 3470 1131 hostis
3498 1075 3603 1133 lie-

1952 1136 2127 1191 dendi
2162 1156 2335 1194 causa
2365 1143 2721 1200 tendentem.
2776 1154 2922 1205 Dum
2959 1153 3050 1208 his
3085 1155 3344 1216 intentus
3372 1168 3461 1218 est
3490 1165 3604 1221 im-

1954 1233 2202 1297 perator,
2227 1229 2558 1300 Stephanus
2582 1235 2914 1294 scholarum
2932 1243 3381 1304 occidentalium
3408 1252 3605 1310 dome-

1952 1314 2155 1387 sticus,
2191 1333 2361 1388 quem
2394 1320 2465 1373 ob
2497 1325 2737 1380 statura:
2758 1326 3150 1388 humilitatem
3178 1335 3599 1413 Contostepha-

1951 1420 2092 1459 num
2132 1406 2530 1478 appellabant,
2562 1412 2737 1469 Leoni
2770 1416 3078 1476 Melisseno
3112 1423 3597 1504 inimicissimus,

1952 1502 2116 1548 nocte
2146 1512 2209 1550 se
2233 1497 2354 1565 jam
2390 1502 2726 1559 intendente
2779 1505 3191 1578 imperatorem
3225 1517 3366 1584 adit,
3397 1497 3598 1577 horta;

1946 1587 2007 1635 tu
2020 1599 2161 1653 rque
2193 1590 2277 1650 ut,
2297 1588 2573 1643 omnibus
2594 1592 2765 1647 rebus
2785 1598 3160 1668 posthabitis,
3187 1605 3365 1661 motis
3387 1608 3598 1667 castris

1946 1670 2145 1741 Cpolin
2182 1680 2473 1731 recurrat:
2498 1678 2869 1739 Melissenum
2889 1686 3291 1749 eniminhiare
3321 1694 3595 1769 imperio,

1943 1763 2000 1814 et
2032 1760 2103 1814 ad
2138 1761 2340 1817 urbem
2373 1781 2607 1823 summa
2639 1771 2934 1830 celeritate
2976 1778 3287 1847 proﬁcisci.
3322 1760 3439 1840 Hoc
3471 1802 3596 1842 ser-

1947 1866 2118 1904 mone
2147 1854 2530 1910 conturbatus
2576 1858 2893 1931 imperator
2923 1868 3122 1923 statim
3152 1876 3344 1927 castra
3375 1876 3595 1932 moveri

1934 1937 2124 2007 jubet.
2155 1941 2228 1993 At
2255 1942 2560 2000 Samuelus
2588 1946 3048 2021 incompositum
3084 1956 3338 2015 hostium
3372 1963 3593 2022 disces-

1943 2042 2074 2080 sum
2110 2043 2212 2098 pro
2254 2029 2413 2101 fuga,
2449 2038 2514 2087 ut
2565 2051 2670 2105 par
2718 2042 2861 2110 erat,
2909 2041 3132 2101 habens
3177 2049 3373 2105 subito
3405 2051 3460 2107 in
3492 2069 3593 2111 eos

1942 2132 2075 2171 cum
2109 2116 2360 2175 clamore
2394 2137 2458 2175 ac
2490 2124 2739 2196 strepitu
2788 2127 2980 2201 irruit,
3013 2135 3365 2209 territosque
3412 2140 3471 2196 in
3507 2142 3589 2198 fu-

1941 2222 2074 2276 gam
2107 2208 2365 2278 conjicit,
2400 2214 2610 2270 castris
2634 2231 2833 2273 eorum
2870 2222 3088 2291 potitur
3116 2231 3173 2281 et
3195 2208 3591 2299 impedimen-

1940 2294 2014 2348 tis
2045 2297 2321 2353 omnibus
2351 2300 2615 2372 ipsisque
2637 2307 2780 2361 adeo
2811 2308 3202 2381 imperatoriis
3231 2315 3587 2389 insignibus.

1943 2383 2263 2455 Imperator
2292 2404 2607 2479 cum‘aagre
2638 2409 2742 2464 per
2765 2395 2955 2453 fauces
2983 2383 3432 2477 Philippopolim
3458 2424 3589 2479 per-

1939 2473 2219 2544 venisset,
2253 2476 2654 2551 inveniretque
2702 2483 3075 2545 Melissenum
3107 2473 3309 2549 iri—sua
3335 2496 3590 2554 statione

1941 2568 2291 2629 morantem,
2326 2566 2638 2640 diligenter
2654 2573 2768 2628 sibi
2786 2575 3196 2636 demandatam
3218 2583 3375 2640 obire
3397 2588 3590 2641 custo-

1938 2650 2119 2719 diam,
2151 2657 2463 2723 exprobrat
2492 2660 2862 2717 mendacium
2896 2669 3393 2739 Contostephano,
3427 2674 3586 2745 quod

1937 2740 2087 2793 tanti
2140 2742 2277 2795 mali
2328 2758 2504 2801 causa
2556 2747 2787 2806 fuisset.
2843 2753 3109 2827 Eumque
3158 2775 3271 2815 non
3305 2740 3588 2819 ferentem

1939 2828 2165 2900 placide
2196 2832 2688 2906 objurgationem,
2712 2842 2812 2896 sed
2847 2842 3110 2901 ferociter
3141 2856 3589 2921 responsantem

1937 2925 1994 2974 et
2023 2922 2466 2979 contendentem
2500 2943 2562 2980 se
2594 2935 2746 2984 recte
2778 2933 2930 2987 438
2964 2936 3355 3009 consuluisse,
3380 2941 3585 3014 impu-

1938 3010 2095 3062 denti
2131 3009 2389 3066 hominis
2440 3016 2767 3084 petulantia
2813 3021 3079 3080 irritatus
3128 3027 3275 3082 solio
3306 3009 3591 3089 desiliens

1937 3097 2200 3152 crinibus
2230 3116 2295 3153 ac
2328 3100 2508 3157 barba
2537 3106 2743 3176 arripit
2772 3113 2831 3163 et
2860 3110 2919 3164 in
2950 3115 3164 3168 terram
3210 3120 3548 3186 prosternit.

186 3185 393 3252 ροῦντα,
444 3186 528 3253 τῷ
558 3182 982 3259 Κοντοστεφάνῳ
1006 3178 1340 3255 ἐλοιδορεῖτο
1372 3182 1444 3242 ὡς
1470 3182 1788 3254 ψευσαμένῳ
1816 3184 1903 3237 καὶ
1935 3184 2206 3258 παραιτίῳ
2232 3188 2474 3263 γεγονότι
2504 3194 2765 3249 τοσούτου
2797 3203 2987 3254 κακοῦ.
3022 3198 3189 3265 Οὗτος
3221 3200 3277 3257 δὶ
3328 3206 3403 3275 μή
3440 3204 3585 3283 ἐνεγ-

3178 3264 3183 3265 ,
3328 3264 3338 3275 ,
3394 3264 3403 3273 ,
3535 3264 3548 3283 ,

178 3270 281 3323 κὼν
320 3272 509 3345 πράως
541 3272 641 3339 τὴν
673 3271 1010 3343 ἐπιτίμησιν,
1043 3268 1168 3325 ἀλλ’
1194 3264 1273 3324 ἔτι
1307 3269 1517 3342 μᾶλλον
1545 3272 1953 3345 τραχυνόμενος
1982 3272 2070 3327 καί
2111 3271 2291 3329 δίκαια
2348 3274 2752 3349 συμϐουλεῦσαι
2812 3284 3256 3362 ΐσχυριζόμενος,
3313 3294 3585 3369 ἠνάγκασε

178 3358 262 3411 τὸν
298 3358 525 3434 βασιλέα
552 3356 641 3413 διὰ
667 3360 765 3427 τὴν
799 3358 1152 3434 ἀναίσχυντον
1183 3358 1488 3432 ἰταμότητα
1519 3357 1864 3430 ἀναπηδῆσαί
1893 3383 1952 3416 τε
1979 3366 2074 3416 τοῦ
2108 3363 2323 3439 θρόνου,
2356 3368 2443 3420 καὶ
2474 3374 2581 3423 τῶν
2612 3378 2818 3447 τριχῶν
2852 3375 3015 3429 αὐτοῦ
3045 3378 3134 3431 καὶ
3162 3387 3262 3448 τῆς
3305 3379 3582 3455 γενειάδος

174 3441 469 3519 λαϐόμενον
495 3449 829 3503 κατασπάσαι
858 3448 932 3509 είς
963 3455 1087 3523 γῆν.

230 3533 588 3598 Ἰνδικτιῶνος
637 3535 693 3591 δὲ
749 3538 828 3604 ιε’,
878 3534 1031 3599 ἔτους
1077 3535 1261 3615 ,ςυῐιδλ
1316 3534 1631 3613 Ὀκτωϐρίῳ
1676 3538 1805 3610 μηνὶ

1993 3542 2313 3600 Indictione
2348 3548 2433 3615 15,
2466 3566 2618 3605 anno
2653 3554 2857 3608 mundi
2887 3556 3048 3625 6494,
3083 3574 3286 3615 mense
3316 3560 3579 3629 Octobri,

171 3618 364 3695 ἐγένετο
405 3623 609 3685 κλόνος
669 3626 852 3699 μὲγας,
902 3625 991 3680 καὶ
1034 3628 1325 3681 κατέπεσον
1378 3627 1544 3681 οἰκίαι
1602 3626 1809 3683 πολλαὶ

1958 3646 2076 3685 arra
2129 3632 2501 3690 vehementer
2550 3655 2837 3696 concussa
2886 3644 3081 3700 multis
3131 3648 3343 3704 domus
3398 3655 3579 3721 atque

168 3710 248 3764 καὶ
293 3711 407 3767 ναοὶ
462 3713 553 3767 καὶ
603 3712 766 3787 μέρος
815 3720 914 3783 τῆς
962 3713 1191 3791 σφαίρης
1242 3718 1354 3788 (45)
1383 3718 1481 3783 τῆς
1524 3721 1622 3770 τοῦ
1675 3720 1809 3806 θεοῦ

1958 3722 2138 3790 ampla
2169 3730 2515 3779 corruerunt
2536 3732 2593 3780 et
2611 3746 2746 3797 pars
2776 3732 3015 3801 sphaerae
3037 3739 3261 3806 Magnae
3280 3737 3381 3793 Dei
3408 3710 3572 3795 aedis.

166 3801 410 3873 Μεγάλης
463 3801 815 3872 Ἐκκλησίας·
880 3803 1010 3877 ὅπερ
1062 3802 1226 3858 πάλιν
1269 3805 1296 3858 6
1349 3802 1600 3879 βασιλεὺς
1641 3803 1806 3879 φιλο-

164 3888 325 3961 τίμως
355 3890 816 3966 ἐπηνωρθώσατο,
860 3888 1171 3962 δαπανήσας
1216 3892 1293 3954 εἷς
1343 3894 1508 3965 μόνας
1553 3894 1646 3955 τάς
1701 3916 1806 3967 μη-

162 3979 317 4052 χανὰς
358 3987 460 4050 τῆς
507 3978 725 4049 ἀνόδου,
775 3978 844 4034 δι’
892 3982 965 4034 ὧν
1017 3982 1067 4035 οἱ
1114 3987 1362 4056 τεχνῖται
1406 3982 1685 4054 ἱστάμενοι
1717 3982 1806 4036 καὶ

161 4067 245 4131 τὰς
268 4068 401 4133 ὕλας
433 4070 768 4147 ἀναγομένοις
799 4066 1092 4145 δεχόμενοι
1124 4068 1444 4144 ᾠκοδόμουν
1474 4072 1536 4126 τὸ
1590 4091 1806 4125 πεπτω-

160 4156 268 4225 κὸς,
299 4158 536 4234 χρυσίου
564 4160 825 4233 ηντηνάρ
838 4179 887 4213 ια
909 4155 1058 4213 δίκα.

222 4247 288 4303 Οἱ
345 4244 403 4302 δὶ
468 4252 579 4304 τῶν
642 4247 932 4321 Ῥωμαίων
1016 4252 1326 4323 μεγιστᾶνες
1377 4252 1678 4322 μηνιῶντες
1727 4254 1805 4322 τῷ

160 4332 385 4406 βασιλεῖ,
421 4334 450 4391 ό
518 4338 611 4408 μὶν
671 4342 871 4398 Φωκᾶς
920 4333 1133 4410 Βάρδας
1179 4335 1269 4390 γαί
1308 4358 1450 4401 τινες
1504 4336 1594 4391 σὺν
1658 4336 1804 4410 αὐτῷ

155 4422 332 4500 ’ὀτιπερ
412 4424 491 4488 είς
599 4424 937 4500 Βουλγαρίαν
1042 4425 1426 4501 ἐκστρατεύσας
1527 4424 1800 4499 ὑπερεῖδεν

154 4510 361 4581 αὖτοὺς,
443 4510 579 4587 μηδ’
650 4513 702 4568 ἂν
780 4514 960 4590 Καρὸς
1038 4513 1399 4589 λογισάμενος
1477 4514 1639 4591 μοίρᾳ
1664 4518 1801 4589 (46).

154 4598 308 4656 ἄλλοι
341 4600 400 4657 δὲ
427 4603 523 4658 καὶ
574 4599 737 4659 ἄλλοι
770 4600 841 4658 δι’
870 4602 1080 4665 ἄλλους
1106 4601 1600 4678 προπηλακισμούς
1622 4625 1682 4658 τε
1710 4605 1800 4659 καὶ

153 4691 449 4765 παροινίας,
521 4693 549 4747 6
608 4689 665 4746 δὶ
736 4690 1030 4769 μάγιστρος
1091 4691 1391 4756 Εὐστάθιος
1449 4694 1477 4747 6
1529 4691 1800 4756 Μαλεῖνος

156 4775 236 4833 διὰ
262 4780 325 4835 τό
367 4780 583 4854 ἀτίμως
629 4782 734 4835 ἀπὸ
772 4788 871 4851 τῆς
930 4782 1227 4857 εἰρημένης
1277 4780 1615 4855 ἐκστρατείας
1661 4784 1797 4837 ἀπο-

1917 3808 2100 3870 Quam
2136 3810 2455 3881 imperator
2485 3818 2797 3887 magniﬁce
2828 3822 3051 3887 refecit,
3085 3824 3369 3896 impensis
3400 3827 3459 3882 in
3483 3844 3575 3885 so-

1916 3895 2001 3951 las
2054 3898 2354 3956 machinas
2405 3904 2622 3974 quibus
2674 3908 2821 3962 fabri
2868 3895 3213 3969 insistentes
3263 3916 3573 3973 materiam

1916 4001 2155 4041 sursum
2188 3993 2497 4047 attractam
2532 3994 2899 4066 excipiebant
2917 4004 2974 4054 et
2995 4002 3155 4072 operi
3188 4002 3568 4076 adhibebant,

1915 4077 2268 4133 centenariis
2298 4080 2425 4135 auri
2456 4082 2680 4139 decem.

1986 4255 2227 4312 Interim
2286 4259 2533 4317 Romani
2593 4263 2823 4336 imperii
2882 4284 3152 4339 proceres
3222 4271 3563 4346 imperatori

1912 4351 2347 4416 succensentes,
2386 4348 2601 4407 Pbocas
2636 4354 2852 4410 Bardas
2883 4362 2941 4412 et
2971 4359 3215 4428 quidam
3247 4378 3381 4417 cum
3409 4363 3561 4435 ipso,

1911 4435 2067 4504 quod
2126 4435 2492 4507 Bulgaricam
2543 4440 2859 4499 instituens
2916 4449 3345 4517 expeditionem
3398 4452 3560 4523 ipsos

1910 4522 2228 4593 sprevisset
2276 4525 2554 4597 nulloque
2610 4546 2856 4588 numero
2905 4535 3229 4608 habuisset,
3279 4538 3374 4594 alii
3417 4522 3563 4597 alias

1911 4612 1983 4666 ob
2042 4614 2451 4682 contumelias,
2514 4616 2856 4677 Eustathius
2914 4624 3198 4696 magister
3249 4627 3559 4701 Maleinus,

1909 4701 2063 4771 quod
2101 4700 2486 4772 ignominioso
2512 4722 2545 4759 a
2579 4706 2735 4763 dicta
2755 4712 3121 4781 expeditione
3144 4715 3333 4771 fuerat
3362 4716 3563 4773 dimis-

1909 4805 2033 4857 sus,
2067 4790 2373 4846 Charsiaui
2408 4794 2465 4847 in
2499 4796 2672 4851 domo
2726 4798 2965 4854 Maleini
3014 4808 3293 4859 coeuntes
3320 4805 3414 4860 die
3444 4809 3563 4862 Au-

154 4871 484 4945 πεμφθῆναι,
540 4869 1006 4945 συναθροισθέντες
1078 4868 1131 4925 ἐν
1187 4869 1266 4944 τῷ
1331 4872 1618 4946 Χαρσιανῷ
1664 4872 1800 4926 κατὰ

154 4958 236 4984 -ὶη
279 4960 419 4984 -τ.---.
456 4962 553 4984 --2
617 4958 823 4984 S--nl.._-
851 4982 860 4984 Α
903 4959 1011 4984 ιιῃἹ
1033 4958 1148 4984 -4.-.
1233 4967 1283 4984 _-l
1329 4964 1417 4984 ___‘!
1491 4959 1789 4984 A_’.__’____,

1958 4877 2063 4932 usti
2097 4879 2180 4945 15,
2212 4879 2531 4937 indictione
2556 4884 2639 4945 15,
2675 4887 2924 4942 Bardam
2958 4890 3209 4945 Pbocam
3240 4891 3560 4965 imperato-

152 4958 237 5012 τὸν
275 4960 421 5013 οἶκον
454 4962 557 5014 τοῦ
607 4958 862 5034 ῥηθέντος
902 4958 1192 5029 Μαλεΐνου,
1230 4967 1283 5015 ιε’
1324 4964 1421 5015 τοῦ
1479 4959 1798 5035 Αὐγούστου

157 5047 344 5119 μηνὸς,
373 5051 474 5118 τῆς
509 5051 572 5103 ιε’
612 5045 972 5123 ίνδικτιῶνος,
1026 5047 1231 5121 Βάρδαν
1282 5051 1373 5105 τὸν
1407 5054 1602 5106 Φωκᾶν
1650 5049 1798 5105 ἀνεῖ-

1911 4981 2031 5020 rem
2061 4966 2373 5039 designant
2404 4970 2848 5045 diademateque
2875 4984 2929 5030 et
2950 4977 3082 5033 aliis
3113 4978 3341 5052 imperii
3377 4983 3558 5057 insig-

1908 5055 2083 5111 nibus
2116 5062 2415 5114 exornantl
2450 5060 2636 5116 Simul
2670 5064 3052 5121 nuntiabatur
3082 5072 3303 5125 Durum
3335 5088 3365 5127 e
3394 5055 3561 5145 Syria

1338 5192 1707 5249 XYLANDRI
1747 5194 1837 5251 ET
1874 5194 2094 5252 GOARI
2134 5197 2364 5255 ΝΟΤᾸΕ.

220 5316 564 5393 (nixam:
597 5318 751 5393 enim
798 5318 1014 5376 Graecis
1059 5336 1310 5393 parvum,
1341 5322 1645 5391 modicum,
1679 5320 1800 5378 bre-

156 5404 269 5444 vem
298 5391 621 5463 signiﬁcat.
649 5391 825 5446 Goaa.

224 5463 335 5549 (.‘él
358 5462 565 5549 ἲνυηί·
595 5462 770 5544 δίέλιι·
872 5537 883 5549 .
1109 5533 1124 5549 ,
1475 5535 1488 5549 .
1516 5535 1529 5548 .
1709 5536 1766 5549 η.

227 5533 337 5605 (46)
367 5535 434 5608 In
486 5533 753 5605 margine
801 5537 893 5589 est
931 5549 1063 5589 esse
1109 5533 1221 5608 hoc
1267 5535 1659 5608 proverbium.
1708 5536 1804 5594 Sic

164 5608 351 5663 autem
384 5607 457 5664 de
493 5608 932 5679 Agamemnone
978 5606 1134 5678 apud
1178 5606 1493 5665 Homerum
1526 5608 1804 5683 Achilles,

476 5732 739 5797 Ρετιιοι..
790 5733 900 5796 Ga.
947 5730 1183 5797 CXXII.

1906 5321 2016 5374 Τίω
2039 5319 2230 5409 ,δὲρμιν
2282 5322 2346 5409 ἐχ
2380 5325 2543 5409 καρὸς
2578 5326 2757 5409 ,α”σῃκ
2792 5329 3179 5409 Ubi_quid_am
3212 5331 3433 5409 ἐγκαρός
3472 5336 3557 5395 le-

1952 5400 2056 5449 unt
2098 5392 2255 5479 ἑφέν.
2315 5392 2660 5479 Sed.'_\_rar_ias
2690 5392 2835 5471 "ejus
2895 5392 3118 5479 dicterii
3167 5392 3560 5479 expositiones

1952 5410 2056 5449 unt
2108 5410 2255 5470 υφεν.
2315 5410 2421 5453 sed
2471 5410 2660 5455 varias
2707 5410 2835 5471 ejus
2895 5410 3118 5459 dicterii
3167 5410 3560 5479 expositiones

1909 5410 2261 5545 ἐπείξει-το
2289 5468 2603 5545 non__libet,
2636 5489 2767 5528 cum
2800 5476 3028 5545 possint
3057 5494 3125 5534 ex
3157 5478 3476 5537 scholiasta
3504 5487 3563 5540 et

1914 5538 2216 5597 Eustathio
2246 5557 2313 5597 ac
2344 5540 2476 5600 aliis
2507 5538 2709 5618 repeti.
2740 5538 2872 5605 Xer.

3202 5750 3241 5810 6
