3922 6132
341 322 454 383 171

1687 320 2012 382 GEORGII
2057 320 2396 383 CEDRENI

3633 328 3746 390 ιη

342 456 675 512 adventare.
700 453 756 510 Is
785 453 943 509 enim
976 469 1010 509 a
1038 453 1313 525 Chosroe,
1359 454 1447 509 uti
1496 452 1895 525 eXposuimus,
1939 453 1985 508 ir

2165 473 2215 507 ον
2266 450 2523 528 βασιλέα,
2592 450 2838 528 διάδημά
2881 476 2942 510 τε
2986 456 3289 532 περιθέντες
3334 458 3485 529 αὐτῷ
3540 458 3629 514 καὶ
3684 458 3750 515 τὰ

337 558 632 601 carcerem
664 549 1005 615 compactus
1036 541 1331 615 Babylone
1361 541 1420 599 in
1454 542 1725 598 custodia
1746 542 1990 608 vixerat,

336 633 497 690 omni
527 648 668 688 cura
696 631 958 704 corporis
988 633 1329 700 destitutus,
1361 631 1731 703 carcerisque
1763 632 1990 688 incom-

339 723 533 779 modis
562 727 621 777 et
667 723 980 778 custodum
1014 720 1389 778 contumeliis
1433 721 1751 776 divexatus.
1786 721 1989 777 Subito

340 811 394 868 ei
444 810 667 867 atfulsit
714 811 948 866 fortuna
996 810 1273 882 propitia,
1323 809 1638 883 ipsumque
1686 826 1817 865 cum
1864 810 1990 866 suis

342 917 573 958 carcere
623 901 845 958 eduxit.
896 902 1020 969 Quo
1069 906 1268 958 autem
1322 901 1493 957 modo
1542 900 1789 956 vinculis
1836 902 1989 958 439

341 990 628 1047 liberatus
654 990 717 1045 in
747 991 1043 1047 Romanas
1075 990 1408 1062 provincias
1441 989 1756 1046 incolumis
1786 1007 1989 1062 perve-

338 1081 515 1151 uerit,
541 1081 668 1151 jam
700 1097 857 1136 nunc
887 1081 1285 1137 narrabimus.

341 1166 590 1246 ἐξαίφνης
651 1165 697 1222 δ’
748 1166 1057 1242 ἐπέλαμψεν
1117 1165 1265 1240 αἰ)τῷ
1307 1167 1449 1242 τύχη
1506 1168 1753 1244 “pupa,
1811 1167 1901 1223 καὶ
1955 1174 2055 1237 τῆς

341 1255 458 1330 Οίῳ
488 1253 544 1312 δὲ
572 1257 763 1333 τρόπῳ
791 1260 899 1313 τῶν
937 1254 1148 1332 δεσμῶν
1182 1255 1554 1333 ἠλευθερώθη,
1588 1257 1675 1312 καὶ
1708 1256 1856 1320 ὅπως
1884 1257 1957 1320 εἰς
1990 1258 2055 1311 τὰ

338 1345 531 1422 λόγος.

408 1437 642 1493 Persica
670 1453 815 1509 gens
846 1454 1021 1508 regno
1052 1456 1087 1494 a
1114 1438 1420 1494 Saracenis
1470 1442 1642 1494 exuta
1680 1455 1985 1510 nunquam

334 1542 451 1582 non
482 1525 557 1583 iis
586 1526 973 1596 irascebatur,
1006 1528 1299 1599 taciteque
1330 1528 1621 1599 cogitabat
1650 1532 1705 1583 et
1735 1527 1988 1583 occasio-

335 1630 469 1671 nem
499 1614 848 1687 dispiciebat
868 1631 966 1671 eos
983 1615 1291 1685 dejiciendi
1312 1603 1641 1687 avitamque
1662 1617 1985 1689 potentiam

340 1702 746 1775 recuperandi.
777 1704 911 1760 Erat
935 1703 1088 1760 inter
1116 1721 1215 1760 eos
1246 1704 1489 1775 quidam
1522 1705 1706 1777 stirpe
1738 1703 1986 1761 nobilis-

341 1793 493 1849 sima
518 1798 685 1849 ortus
711 1794 979 1865 Inargus,
1013 1799 1071 1849 et
1092 1793 1427 1865 eloquentia
1454 1800 1514 1850 et
1542 1793 1751 1851 bellica
1782 1811 1843 1849 re
1873 1794 1987 1849 cla-

341 1897 445 1938 rus
476 1886 654 1954 atque
702 1886 1000 1938 strenuus.
1053 1883 1107 1937 Is
1148 1883 1443 1939 Chosroen
1495 1884 1754 1939 sentiens
1798 1884 1990 1940 disso-
2021 1869 2067 1935 Β

339 1968 461 2026 lute
488 1974 662 2041 atque
686 1970 880 2042 inepte
910 1970 1222 2043 imperium
1243 1987 1463 2044 gerere,
1491 1973 1614 2043 jam
1649 1989 1805 2028 nunc
1836 1989 1989 2044 quaa-

340 2058 519 2114 sitam
575 2059 674 2114 diu
733 2059 1235 2132 opportunitatem
1291 2061 1489 2118 Persis
1541 2062 1745 2118 adesse
1802 2065 1985 2131 ratus,

337 2148 675 2204 universam
699 2149 1243 2206 Achazmenidarum
1262 2154 1491 2223 gentem
1512 2151 1581 2207 ad
1606 2150 1986 2207 defectionem

338 2252 374 2292 a
402 2236 710 2293 Saracenis
740 2238 1017 2305 concitat,
1046 2243 1486 2311 Turcarumque
1517 2239 1887 2295 orientalium
1914 2239 1985 2293 ad

336 2325 546 2399 viginti
578 2325 764 2383 millia
793 2328 1059 2384 mercede
1077 2329 1431 2399 conducens,
1449 2344 1541 2383 res
1564 2328 1985 2384 Saracenorum

340 2416 461 2487 agit
490 2420 665 2489 atque
690 2417 819 2485 fert,
841 2417 1053 2489 siquos
1071 2418 1342 2490 cepisset,
1368 2434 1467 2473 eos
1502 2422 1684 2474 morte
1706 2417 1985 2490 multans,

339 2521 406 2561 ac
439 2521 509 2561 ne
541 2506 737 2577 pueris
787 2508 1027 2578 quidem
1078 2524 1339 2579 parcens.
1386 2507 1531 2563 Cum
1564 2508 1671 2563 hoc
1701 2507 1986 2563 Chosroes

336 2611 489 2666 sape
518 2595 666 2667 ipse,
699 2612 839 2667 sape
889 2612 990 2666 per
1022 2597 1197 2651 duces
1243 2614 1383 2652 suos
1417 2596 1714 2667 praeliatus
1755 2614 1989 2668 semper

335 2685 673 2740 succubuit.
709 2684 1026 2756 Desperata
1051 2685 1176 2756 jam
1210 2701 1292 2750 re,
1333 2701 1397 2740 ac
1430 2702 1599 2756 porro
1633 2687 1893 2741 sentiens
1926 2702 1988 2741 se

335 2788 503 2827 arma
525 2775 727 2828 contra
742 2773 951 2828 Persas
985 2773 1132 2828 ferre
1150 2789 1264 2828 non
1300 2790 1489 2844 posse,
1510 2791 1640 2829 cum
1670 2791 1821 2846 saepe
1843 2791 1983 2830 con-

332 2858 441 2915 cisi
473 2860 667 2933 ipsius
699 2862 987 2918 exercitus
1014 2863 1137 2933 jam
1170 2879 1242 2918 ne
1275 2880 1486 2919 nomen
1518 2864 1755 2934 quidem
1784 2864 1985 2919 Persa-

330 2965 464 3004 rum
483 2949 694 3005 audire
711 2950 1094 3015 sustinerent,
1113 2951 1534 3021 Romanorum,
1558 2969 1706 3023 quos
1728 2953 1987 3023 captivos

330 3038 1031 3111 detinebat,frecordatur.
1051 3040 1340 3112 Subitque
1368 3041 1418 3095 ei
1444 3042 1759 3112 prudenter
1790 3042 1988 3097 admo-

337 3129 480 3186 dum
511 3130 869 3199 ratiocinari,
907 3129 1020 3186 nisi
1050 3131 1281 3188 Sclerus
1305 3130 1623 3188 illustrium
1654 3149 1808 3188 unus
1830 3135 1986 3188 esset

335 3235 403 3276 ac
434 3236 806 3276 summorum
845 3222 1105 3277 virorum
1156 3226 1213 3276 et
1245 3220 1427 3277 animi
1458 3221 1834 3293 corporisque
1866 3220 1984 3277 for-

330 3308 589 3365 titudine
624 3315 930 3381 praestans,
981 3327 1283 3382 nunquam
1333 3327 1468 3366 eum
1503 3311 1755 3381 profecto
1786 3315 1989 3365 contra

336 3397 648 3453 dominum
698 3414 872 3454 suum
919 3398 1412 3465 insurrecturum,
1446 3400 1601 3453 440
1629 3413 1897 3469 .eumque
1927 3397 1987 3453 in

335 3490 534 3543 tantas
565 3488 873 3559 angustias
920 3486 1390 3559 compulsurum,
1424 3503 1611 3560 neque
1640 3486 1859 3555 deinde
1891 3504 1985 3542 ex-

335 3575 449 3631 suli
483 3581 542 3632 et
562 3576 857 3632 infelicem
882 3576 1156 3632 toleranti
1183 3580 1361 3633 vitam
1390 3582 1474 3633 tot
1492 3580 1803 3648 tantosque
1834 3577 1988 3633 viros

335 3665 784 3737 imperatorium
816 3666 1097 3721 honorem
1152 3665 1457 3720 habituros
1506 3665 1709 3722 fuisse.
1741 3667 1889 3737 Ergo
1927 3682 1988 3722 re

338 3771 477 3810 cum
509 3771 617 3811 suo
648 3759 856 3810 senatu
910 3753 1343 3810 communicata
1392 3754 1610 3809 Durum
1645 3761 1702 3810 et
1744 3755 1988 3811 comites

336 3845 464 3916 ejus
495 3861 527 3901 e
556 3861 784 3900 carcere
805 3844 1000 3900 educit
1021 3843 1299 3916 omnique
1330 3860 1471 3900 cura
1502 3842 1987 3913 reﬁcit,tandem-

337 3949 451 4006 que
480 3935 552 3991 ab
583 3950 649 3991 eo
668 3934 890 4006 petitut
920 3933 1031 3989 sibi
1061 3934 1122 3989 in
1140 3933 1330 3990 Persis
1362 3932 1728 3989 debellandis
1750 3949 1986 4004 operam

335 4028 530 4081 navet.
564 4023 926 4080 Simulanter
953 4023 1122 4079 initio
1152 4023 1347 4079 Durus
1394 4023 1453 4077 id
1499 4024 1811 4089 recusavit,
1844 4039 1987 4078 cau-

340 4119 507 4169 satus
562 4115 720 4169 viros
778 4117 939 4168 tanto
984 4116 1247 4183 tempore
1296 4112 1353 4166 in
1404 4113 1671 4167 custodia
1719 4112 1986 4166 detentos

340 4201 711 4274 carcerisque
732 4201 1010 4258 aerumnis
1034 4202 1264 4257 attritos
1288 4218 1402 4257 non
1428 4216 1599 4273 posse
1630 4217 1793 4256 arma
1817 4200 1982 4256 ferre.

339 4291 625 4349 Cbosroes
656 4297 852 4348 autem
896 4291 1085 4362 magis
1119 4291 1425 4363 magisque
1455 4292 1730 4359 instabat,
1764 4290 1985 4361 flagita-

335 4380 557 4453 batque
587 4386 655 4436 ut
678 4397 816 4453 pecu
829 4379 1097 4435 niaminn
1110 4396 1368 4434 umeram
1387 4386 1446 4434 et
1470 4381 1753 4433 exercitus
1779 4396 1984 4435 nume-

336 4472 679 4528 rosissimos
730 4469 1156 4541 splendideque
1198 4468 1517 4523 instructos
1573 4469 1859 4538 acciperet
1927 4471 1985 4523 et

327 4559 551 4617 bellum
586 4560 642 4614 in
677 4559 881 4615 Persas
903 4562 1146 4631 gereret,
1175 4575 1361 4629 neque
1395 4554 1745 4628 injuriarum
1774 4557 1977 4611 memi-

327 4650 512 4706 nisset
545 4653 603 4704 et
632 4652 883 4705 carceris
916 4646 1337 4713 molestiarum,
1373 4664 1521 4717 quas
1553 4646 1677 4717 ipse
1709 4646 1766 4700 in
1794 4650 1979 4717 poste-

326 4755 459 4794 rum
490 4737 875 4810 amplissimis
910 4736 1131 4791 meritis
1163 4742 1317 4791 esset
1340 4736 1689 4790 aboliturus.
1715 4735 1975 4790 Tandem

324 4843 463 4901 ergo
499 4829 688 4883 Durus
721 4826 928 4881 annuit
957 4830 1014 4879 et
1048 4824 1182 4879 belli
1214 4824 1788 4879 administrationem
1826 4824 1881 4877 in
1913 4841 1975 4879 se

323 4915 550 4988 recipit.
580 4916 777 4987 Neque
812 4932 940 4970 vero
971 4915 1192 4968 Arabes
1223 4917 1325 4968 aut
1354 4913 1670 4967 Saracenos
1697 4916 1798 4967 aut
1828 4911 1974 4967 alios

322 5004 565 5060 Chosroi
596 5005 867 5060 subditos
900 5002 1147 5076 populos
1181 5002 1391 5057 ducere
1422 5003 1696 5067 sustinet,
1729 5003 1828 5057 sed
1863 5002 1970 5075 Sy-

320 5092 613 5149 riacarum
644 5095 879 5148 urbium
914 5091 1261 5163 perlustrari
1282 5092 1455 5159 jubet
1484 5107 1767 5156 carceres,
1791 5096 1847 5145 et
1868 5091 1971 5160 qui

318 5182 380 5239 in
432 5182 504 5238 iis
554 5182 970 5238 detinebantur
1020 5181 1234 5253 captivi
1286 5180 1532 5235 Romani
1581 5180 1748 5235 educi
1795 5184 1970 5250 atque

321 5272 560 5343 armari,
593 5271 704 5327 hoc
750 5276 807 5327 et
836 5270 997 5327 nullo
1046 5270 1160 5327 alio
1202 5269 1456 5325 exercitu
1505 5285 1569 5324 se
1600 5284 1719 5324 rem
1769 5272 1970 5323 contra

322 5360 528 5419 Persas
581 5365 891 5435 gesturum
962 5360 1290 5417 afﬁrmans.
1369 5358 1597 5415 Placuit
1654 5356 1968 5415 consilium

2103 543 2271 597 Λοιπὰ
2300 549 2401 613 τῆς
2453 541 2731 618 βασιλείας
2781 544 3149 621 γνωρίσματα.
3198 550 3402 603 Τούτου
3451 544 3512 603 δὲ
3551 547 3744 625 ἀναγο·

2096 632 2383 705 ρευθέντος
2428 631 2743 709 ἠγγέλλετο
2789 634 2879 691 καὶ
2925 636 2953 691 6
2998 634 3252 713 Σκληρὸς
3296 632 3446 707 ἥκων
3496 637 3603 693 ἀπὸ
3653 644 3751 694 Συ-

2100 721 2242 794 ρίας.
2290 723 2645 797 Καθειρχθεὶς
2693 723 2819 801 γὰρ,
2871 723 2946 788 ὡς
2998 725 3245 801 εἷ’πομεν,
3301 726 3448 803 παρὰ
3490 729 3589 782 τοῦ
3635 729 3749 785 Χο-

2101 809 2266 885 σρὸου
2345 811 2479 884 μετὰ
2549 816 2655 866 τῶν
2715 814 2839 889 περὶ
2914 813 3075 869 αὐτὸν
3147 813 3200 870 ἐν
3254 810 3540 871 Βαϐυλῶνι
3599 814 3750 890 ἔμενε

2097 901 2437 975 τηρούμενος
2496 899 2547 955 ἐν
2596 905 2665 967 τῆ
2719 907 2950 980 φρουρᾷ,
3005 904 3185 975 πάσης
3239 902 3557 977 ἐπιμελείας
3601 903 3750 962 ἐστε-

2100 989 2343 1064 ρημένος
2397 990 2487 1044 καὶ
2553 993 2621 1064 τῇ
2686 990 2745 1046 ἐκ
2794 999 2894 1063 τῆς
2954 992 3276 1067 καθείρξεως
3331 993 3606 1069 κακουχίᾳ
3664 996 3752 1051 καὶ

2096 1084 2218 1140 ταῖς
2292 1083 2401 1133 τῶν
2467 1077 2849 1153 φυλαττόντων
2926 1083 3236 1156 παροινίαις
3308 1086 3748 1159 τετρυχωμένος·

2110 1166 2359 1245 φυλακῆς
2406 1163 2730 1225 ἐκϐάλλεται
2761 1170 2851 1225 σὺν
2879 1177 2997 1233 τοῖς
3030 1172 3163 1249 ἀμφ’
3193 1171 3351 1227 αὐτὸν
3409 1170 3748 1245 παραδόξως.

2082 1257 2374 1329 Ῥωμαίων
2402 1254 2511 1328 ἤθη
2545 1254 2777 1328 διεσώθη
2827 1259 2916 1314 καὶ
2948 1259 3271 1331 ἐπανῆλθεν,
3307 1259 3487 1317 ἄπεισι
3519 1261 3690 1336 Λέξων
3720 1264 3747 1319 6

2165 1436 2235 1490 T6
2284 1439 2393 1489 τῶν
2445 1441 2662 1512 Περσῶν
2716 1437 2871 1513 γένος
2922 1440 3021 1509 τήν
3070 1438 3250 1515 ἀρχὴν
3312 1445 3414 1509 τῆς
3468 1439 3748 1516 βασιλείας

2095 1523 2380 1598 ἀφαιρεθὲν
2464 1526 2566 1580 ὑπὸ
2631 1532 2738 1581 τῶν
2822 1533 3148 1602 Σαρακηνῶν
3227 1528 3309 1583 ἀεὶ
3371 1528 3465 1602 μὲν
3521 1528 3749 1585 ὲνεκότει

2094 1612 2310 1676 τούτοις
2358 1613 2449 1669 καὶ
2491 1612 2836 1692 ἐνεδομύχει,
2880 1614 2971 1672 καὶ
3027 1617 3213 1693 καιρὸν
3265 1615 3445 1689 ἐζήτει
3498 1616 3588 1673 καὶ
3640 1640 3749 1691 μη-

2095 1704 2271 1777 χανὴν
2329 1704 2479 1767 ὅπως
2531 1703 2659 1767 τοὺς
2716 1706 2778 1761 τὸ
2820 1705 3017 1781 κράτος
3048 1702 3278 1782 ἔχοντας
3307 1706 3625 1782 κατασπάσῃ
3657 1707 3748 1763 καὶ

2092 1793 2193 1860 τήν
2245 1793 2475 1866 πάτριον
2530 1792 2695 1848 πάλιν
2764 1790 3009 1870 ἀναλαϐῃ
3069 1795 3273 1871 ἀρχήν·
3323 1797 3389 1865 ἢν
3450 1794 3508 1852 δέ
3556 1819 3643 1860 τις
3693 1796 3747 1853 ἐν

2097 1880 2280 1943 αύτοὶς
2340 1883 2476 1958 ἀνὴρ
2524 1880 2576 1952 ἐξ
2622 1870 2869 1959 εὐγενοῦς
2912 1890 3091 1959 σειρᾶς
3118 1870 3509 1961 καταγόμενος.
3568 1892 3749 1964 ’Ἰναρ-

2095 1991 2187 2043 γος
2217 1966 2479 2043 τοῦνομα,
2531 1970 2708 2048 λέγειν
2746 1982 2804 2027 τι
2846 1970 3014 2038 δεινὸς
3057 1974 3147 2029 καὶ
3205 1972 3392 2040 ἄλλως
3436 1974 3749 2051 πολεμικὸς

2097 2058 2185 2113 καὶ
2232 2055 2557 2134 δραστήριος
2606 2060 2911 2133 ἄνθρωπος.
2963 2063 3136 2126 Οὗτος
3189 2063 3279 2119 τὸν
3345 2063 3571 2139 βασιλέα
3632 2066 3747 2123 Χο-

2098 2148 2265 2220 σρόην
2320 2152 2655 2219 κατανοήσας
2716 2150 3009 2223 ἀνειμένως
3061 2154 3149 2208 καὶ
3200 2150 3425 2230 φαύλως
3476 2153 3748 2230 ἄρχοντα,

2095 2236 2184 2290 καὶ
2238 2235 2328 2293 νῦν
2383 2243 2631 2313 παρεῖναι
2680 2237 2738 2294 6'v
2793 2240 3016 2310 ἐζήτουν
3048 2242 3101 2295 οἱ
3147 2241 3345 2318 Πέρσαι
3401 2244 3589 2317 καιρὸν
3624 2244 3752 2315 οἰη-

2099 2324 2228 2393 θεὶς,
2270 2325 2499 2380 ἀνασείει
2544 2348 2604 2381 τε
2657 2329 2719 2382 τὸ
2775 2328 2930 2402 γένος
2979 2333 3086 2384 τῶν
3147 2328 3547 2405 ’Λχαιμενιδῶν
3608 2333 3751 2388 ἁπαν

2095 2414 2184 2468 καὶ
2216 2414 2508 2470 ἀπόστασιν
2565 2422 2703 2471 κινεῖ
2747 2419 2884 2472 κατὰ
2931 2422 3037 2473 τὼν
3088 2422 3442 2494 Σαρακηνῶν.
3497 2420 3755 2495 Προσλα-

2097 2498 2332 2576 ϐόμενος
2363 2502 2419 2559 δὲ
2466 2505 2555 2559 καὶ
2608 2508 2995 2584 μισθοφορικὸν
3055 2508 3161 2562 ἀπὸ
3210 2512 3317 2562 τῶν
3378 2509 3529 2581 ἑῴων
3581 2511 3757 2586 Τούρ·

2096 2612 2205 2646 κων
2237 2594 2351 2665 (47)
2405 2593 2541 2670 ἀμφὶ
2589 2595 2685 2656 τὰς
2743 2593 2914 2649 εἶ’κοσι
2966 2593 3228 2670 χιλιάδας
3271 2594 3435 2669 ἐδῄου
3479 2598 3565 2652 καὶ
3616 2619 3756 2655 κατ-

2098 2678 2287 2756 έτρεχε
2343 2682 2408 2735 τὰ
2454 2686 2801 2755 Σαρακηνῶν,
2856 2684 2935 2757 [Ρ.
2970 2686 3097 2758 697]
3130 2682 3300 2759 ἄρδην
3346 2684 3582 2757 ἀναιρῶν
3624 2686 3761 2749 τοὺς

2097 2768 2491 2843 ἄλισκομένους
2563 2772 2649 2825 καὶ
2727 2770 2869 2844 μηδὲ
2938 2769 3146 2827 παίδων
3212 2771 3553 2852 φειδόμενος.
3605 2777 3761 2850 Πρὸς

2093 2855 2284 2913 τοῦτον
2338 2860 2366 2913 6
2425 2859 2679 2934 Χοσρόης
2730 2858 3001 2922 πολλάκις
3054 2860 3144 2915 καὶ
3220 2858 3313 2916 διὰ
3372 2866 3480 2917 τῶν
3528 2862 3759 2919 οἰκείων

2098 2951 2411 3023 στρατηγῶν
2482 2948 2569 3002 καὶ
2650 2947 2810 3021 αὐτὸς
2873 2946 2943 3003 δι’
2995 2950 3187 3004 ἑαυτοῦ
3239 2950 3753 3026 ἀντιπαραταξάμε-

2094 3056 2186 3097 νος
2234 3035 2285 3091 tv
2330 3035 2526 3098 πάσαις
2567 3042 2683 3099 ταῖς
2746 3035 2952 3113 μάχαις
3001 3040 3237 3110 ἡττήθη.
3295 3039 3597 3117 Ἀπογνοὺς
3656 3040 3757 3097 οὖν

2097 3123 2289 3180 λοιπὸν
2344 3126 2431 3181 καὶ
2468 3122 2625 3188 εἰδὼς
2664 3128 2741 3199 μή
2773 3121 2846 3181 ὥν
2879 3127 3057 3191 ἱκανὸς
3090 3128 3236 3184 ὅπλα
3263 3126 3370 3184 ἀπὸ
3398 3126 3559 3184 τοῦδε
3586 3133 3754 3196 κινῆ-

2017 3235 2060 3303 C
2098 3235 2183 3269 σαι
2232 3215 2367 3269 κατὰ
2411 3216 2654 3290 Περσῶν,
2704 3219 2811 3269 τῶν
2846 3216 3012 3271 αὐτοῦ
3060 3219 3476 3293 στρατευμάτων
3528 3216 3756 3274 πολλά-

2095 3324 2180 3365 κις
2210 3305 2620 3358 κατακοπέντων
2653 3303 2740 3359 καὶ
2775 3302 2904 3376 μηδ’
2936 3301 3111 3379 ὄνομα
3162 3306 3461 3382 στεγόντων
3517 3308 3755 3364 ἀκοῦσαι

2097 3396 2338 3468 Περσῶν,
2384 3392 2459 3453 εἰς
2502 3391 2705 3448 ἔννοιαν
2752 3392 2971 3469 ἔρχεται
3024 3398 3134 3449 τῶν
3164 3394 3216 3450 ἐν
3247 3399 3313 3469 τῇ
3356 3400 3567 3474 φρουρᾷ
3611 3399 3762 3454 Ῥω-

2101 3480 2301 3555 μαίων,
2353 3480 2806 3558 ἐπιλογισάμενος
2841 3481 2985 3555 λίαν,
3043 3482 3330 3560 ἐμφρόνως
3362 3485 3436 3547 ὡς
3466 3483 3518 3538 εἴ
3549 3486 3626 3557 μή
3661 3506 3759 3547 τις

2094 3574 2201 3625 τῶν
2236 3570 2521 3643 ἐπισήμων
2579 3572 2647 3640 ἦν
2701 3571 2792 3625 καὶ
2826 3570 3079 3649 ἐμφανῶν
3135 3574 3163 3627 6
3220 3572 3606 3648 καθειργμένος
3655 3574 3760 3629 καὶ

2095 3660 2231 3714 κατᾶ
2284 3661 2469 3734 ψυχήν
2526 3660 2616 3714 καὶ
2665 3664 2825 3733 σῶμα
2880 3659 3143 3734 γενναίως
3200 3658 3369 3735 ἔχων,
3426 3661 3526 3716 οὐκ
3557 3660 3764 3717 ἂντοῦ

2096 3747 2301 3803 οἰκείου
2358 3746 2621 3803 δεσπότου
2668 3748 3019 3819 κατεξανέστη
3077 3749 3168 3804 καὶ
3227 3748 3281 3811 ἐς
3325 3746 3451 3805 τόδε
3505 3749 3763 3826 ἀνάγκης

2097 3836 2363 3907 σονήλασε
2418 3840 2636 3907 τοῦτον,
2700 3835 2791 3891 καί
2845 3838 2980 3911 μετὰ
3026 3842 3195 3893 ταῦτα
3249 3837 3418 3915 φυγᾶς
3470 3839 3563 3893 καὶ
3624 3840 3761 3910 βίον

2098 3923 2363 3981 διαντλῶν
2397 3927 2577 4001 ἀτυχῆ
2638 3926 2742 3981 ὑπὸ
2786 3926 3061 3982 τοσούτων
3118 3928 3207 3981 καὶ
3263 3927 3609 3998 τηλικούτων
3673 3931 3767 3992 ὠς

2101 4015 2354 4091 βασιλεὺς
2428 4015 2759 4088 ἀνυμνεῖται.
2835 4013 3374 4093 Κοινολογησάμενος
3444 4017 3586 4089 μετὰ
3638 4026 3766 4090 τῆς

2096 4104 2287 4160 ἑαυτοῦ
2336 4104 2622 4180 γερουσίας
2676 4099 2933 4160 ἐκϐάλλει
2987 4126 3047 4160 τε
3088 4106 3180 4160 τὸν
3238 4103 3403 4182 ἄνδρα
3428 4111 3619 4162 τοῦτον
3650 4108 3768 4164 καὶ

2092 4193 2221 4256 τοὺς
2281 4192 2375 4249 σὺν
2425 4192 2572 4266 αύτῷ
2620 4200 2722 4264 τῆς
2766 4193 3017 4271 φυλακῆς
3063 4194 3152 4250 καὶ
3203 4198 3383 4266 πάσης
3428 4195 3773 4269 ἐπιμελείας

2093 4283 2355 4353 καταξιοῖ,
2386 4283 2476 4338 καὶ
2505 4281 2817 4338 τελευταῖον
2843 4285 2943 4353 τὴν
2969 4282 3094 4360 περὶ
3132 4287 3228 4339 τοῦ
3274 4282 3526 4358 πολέμου
3578 4306 3773 4360 προσ-

2096 4372 2241 4449 φέρει
2310 4372 2546 4445 ἀξίωσιν.
2616 4372 2999 4449 Θρυπτομένου
3079 4370 3137 4428 δὶ
3196 4375 3315 4428 κατ’
3392 4374 3569 4449 ἀρχὰς
3641 4381 3772 4432 τοῦ

2096 4460 2375 4538 Σκληροῦ,
2429 4462 2518 4517 καὶ
2582 4469 2693 4535 μετ’
2750 4460 3025 4536 εἰρωνείας
3057 4467 3172 4525 πῶς
3230 4463 3292 4517 ἂν
3338 4460 3613 4532 δυνηθεῖεν
3645 4462 3771 4521 λέ-

2091 4572 2282 4626 γοντος
2338 4550 2484 4607 ὅπλα
2542 4558 2759 4621 κινῆσαι
2807 4549 2993 4627 ἄνδρες
3052 4550 3103 4604 ἐν
3130 4550 3376 4625 τοσούτῳ
3401 4557 3580 4628 καιρῷ
3607 4566 3771 4620 καθ-

2087 4641 2363 4715 ειργμένοι
2416 4641 2503 4695 καὶ
2565 4638 2879 4715 κατακόρως
2936 4640 3300 4715 μετασχόντες
3359 4646 3466 4695 τῶν
3523 4639 3586 4696 ἐκ
3642 4646 3769 4713 τῆς

2088 4736 2323 4807 φρουρᾶς
2352 4732 2747 4799 κακοπαθειῶν,
2776 4730 2803 4783 6
2836 4728 3083 4805 Χοσρόης
3126 4729 3217 4784 καὶ
3265 4730 3433 4785 πάλιν
3477 4730 3763 4801 ἐνέκειτο,

2083 4819 2171 4873 καὶ
2204 4821 2468 4894 χρήματα
2512 4814 2700 4872 λαϐεῖν
2763 4817 2920 4873 αὐτὸν
2976 4817 3204 4873 ἱκέτευεν
3236 4817 3473 4892 ἀριθμοῦ
3520 4815 3765 4875 διεκπί-

2082 4928 2287 4962 πτοντα
2331 4909 2421 4962 καὶ
2452 4906 2821 4981 στρατεύματα
2850 4906 3052 4977 πλήθει
3094 4929 3155 4963 τε
3202 4905 3398 4984 ἄπειρα
3441 4908 3531 4962 καὶ
3591 4907 3765 4984 λαμ-

2082 4996 2191 5073 πρᾶ
2228 5001 2348 5057 ταῖς
2405 5001 2784 5071 παρασκευαῖς,
2843 4996 2932 5050 καὶ
2988 5003 3355 5072 στρατηγῆσαι
3410 4998 3501 5052 τὸν
3560 4997 3767 5055 πόλι-

2084 5107 2203 5158 μον,
2237 5084 2326 5139 καὶ
2373 5086 2448 5156 μὴ
2499 5090 2899 5157 μνησικακῆσαι
2950 5090 3050 5153 τῆς
3097 5086 3443 5158 καθείρξεως,
3503 5087 3582 5149 ὡς
3642 5085 3769 5143 δυ-

2079 5175 2311 5246 ναμένου
2368 5174 2461 5229 καὶ
2516 5172 2684 5227 αὐτοῦ
2734 5177 2850 5234 τοῖς
2904 5172 3037 5246 μετᾶ
3073 5177 3240 5227 ταῦτα
3269 5172 3463 5235 καλοῖς
3492 5175 3585 5229 καὶ
3616 5183 3768 5240 ταῖς

2079 5262 2507 5341 φιλοφροσύναις
2594 5259 2937 5337 ἐπηλυγάσαι
3019 5260 3088 5315 τὰ
3158 5260 3539 5339 προφθάσαντα
3595 5267 3769 5325 κακὰ

2076 5352 2290 5413 καὶτὰς
2322 5350 2380 5406 ἐκ
2406 5357 2506 5421 τῆς
2565 5348 2814 5429 φυλακῆς
2873 5347 3089 5423 ἀηδίας.
3120 5349 3367 5416 Πείθεται
3426 5351 3490 5407 τὸ
3538 5350 3764 5410 τελευ-

1511 5528 1872 5586 XYLANDRI
1910 5527 2000 5584 ET
2039 5524 2254 5583 GOARI
2290 5523 2519 5582 NOTE.

380 5678 496 5757 (47)
524 5676 689 5736 Unde
717 5674 890 5734 Turoi
917 5673 1131 5733 redditi
1160 5673 1486 5733 Orientales
1514 5671 1753 5747 exponit
1783 5674 1985 5729 auctor
2013 5686 2072 5746 p.
2102 5666 2229 5726 768.
2262 5667 2444 5727 Gom.
