3922 6132
300 362 413 422 175

1642 354 1961 418 GEORGII
2005 353 2347 417 CEDRENI

3596 351 3715 416 {'16

293 493 613 565 imperator
658 491 815 547 Duro
858 490 918 545 in
963 489 1192 562 Syriam
1242 490 1500 561 profecto
1548 489 1947 545 sollicitudine

2140 486 2420 564 οχώρησιν
2454 492 2551 543 τοῦ
2600 487 2857 563 Σκληροῦ
2903 492 3011 543 τῶν
3062 484 3363 565 φροντίδων
3396 489 3425 543 6
3460 489 3716 564 βασιλεὺς

294 583 601 653 liberatus,
641 597 777 637 cum
827 596 1024 635 rerum
1071 578 1569 634 administrationi
1617 579 1947 650 impensius

297 688 427 729 sese
466 672 655 737 daret,
685 668 970 725 Basilium
1019 667 1471 737 cubicularium,
1505 667 1763 723 sentiens
1811 683 1945 722 eum

298 779 408 818 sua
435 764 566 816 acta
594 759 927 829 improbare
956 762 1014 813 et
1057 773 1326 813 mussare
1374 762 1551 829 atque
1582 757 1737 812 haud
1770 758 1948 813 dubie

298 849 665 907 occasionem
690 848 1005 920 aliquando
1029 851 1268 902 nactum
1303 846 1531 902 facinus
1554 852 1719 902 atrox
1749 851 1951 903 contra

298 957 361 997 se
391 954 699 1007 ausurum,
734 937 869 993 aula
897 935 1221 991 dimoverat
1248 937 1403 990 443
1435 936 1712 1007 domique
1737 952 1856 991 suae
1888 952 1950 991 se

299 1029 596 1086 continere
638 1028 919 1097 jusserat.
954 1025 1212 1080 Rursum
1243 1026 1445 1080 videns
1497 1025 1792 1080 hominem
1835 1041 1949 1079 non

299 1119 618 1191 quiescere,
644 1118 745 1172 sed
778 1131 1010 1187 semper
1041 1113 1197 1169 mala
1226 1114 1470 1169 consilia
1492 1114 1759 1169 meditari
1793 1130 1859 1169 ac
1881 1114 1951 1169 de

300 1206 549 1279 pristina
581 1205 844 1277 potentia
874 1203 1278 1275 recuperanda
1307 1203 1579 1275 cogitare,
1612 1203 1670 1258 in
1704 1204 1950 1259 Stenum

298 1294 605 1367 relegarat,
637 1292 929 1365 ademptis
977 1292 1156 1348 etiam
1199 1292 1492 1363 plerisque
1521 1292 1902 1348 facultatibus
1936 1307 1949 1346 :

299 1401 439 1441 nam
472 1382 812 1455 sumptibus
829 1382 1351 1453 suppeditantibus
1366 1398 1537 1451 grave
1563 1382 1797 1452 aliquod
1823 1397 1953 1436 mo-

305 1473 395 1529 liri
428 1478 628 1544 posset
657 1470 971 1544 ﬂagitium.
1005 1470 1254 1526 Proinde
1281 1471 1455 1541 hujus
1485 1470 1749 1527 consiliis
1782 1470 1955 1525 desti-

304 1566 493 1629 tutus,
525 1561 842 1632 amicisque
872 1576 1019 1632 opus
1036 1560 1262 1616 habens
1281 1576 1530 1632 quorum
1564 1559 1695 1615 ﬁdei
1724 1564 1954 1631 tempo-

304 1651 471 1708 ribus
527 1650 726 1707 dubiis
782 1666 846 1706 se
902 1651 1183 1719 crederet,
1239 1665 1372 1705 vere
1428 1654 1570 1705 tunc
1624 1649 1957 1706 Romanum

309 1740 613 1813 amplexus
644 1744 753 1806 est,
783 1738 971 1794 virum
1004 1738 1197 1794 sciens
1225 1755 1355 1794 esse
1384 1742 1683 1795 versutum
1708 1756 1774 1794 ac
1804 1743 1955 1794 stre-

311 1845 498 1886 nuum
530 1832 587 1884 et
615 1827 827 1883 bellica
857 1844 918 1883 re
948 1828 1526 1899 praestantissimum.

380 1919 598 1975 Bardas
628 1933 764 1973 vero
795 1917 1017 1973 Phocas
1040 1916 1139 1972 ubi
1171 1917 1241 1971 de
1273 1917 1462 1972 reditu
1496 1917 1635 1972 Duri
1659 1916 1951 1990 cognovit,

305 2009 535 2066 litteras
566 2007 638 2064 ad
690 2023 825 2062 eum
871 2006 1072 2074 mittit,
1122 2006 1232 2061 hoc
1276 2005 1473 2078 ipsum
1520 2008 1675 2078 quod
1727 2006 1956 2064 volebat

305 2098 501 2154 Durus
557 2095 905 2168 interposito
967 2095 1144 2151 etiam
1190 2096 1575 2166 jurejurando
1624 2097 1954 2152 offerentes.

300 2186 691 2243 Promittebat
710 2191 997 2255 autem,re
1017 2201 1086 2240 ex
1104 2184 1284 2239 animi
1299 2186 1590 2241 sententia
1607 2186 1955 2253 confecta,se

307 2279 459 2332 Duro
506 2275 848 2345 Antiochiae,
882 2274 1211 2345 Phoenicim,
1244 2274 1585 2347 leesyriaa,
1630 2275 1955 2330 Palaestinae

304 2370 364 2421 et
393 2364 825 2437 Mesopotamia
854 2364 1169 2436 imperium
1203 2379 1531 2429 cessurum,
1566 2364 1675 2420 sibi
1710 2364 1869 2436 Cpoli
1900 2369 1958 2420 et

305 2454 549 2525 reliquis
595 2453 871 2526 gentibus
915 2454 1182 2508 servatis.
1239 2454 1429 2508 Laetus
1479 2454 1798 2508 admodum
1850 2452 1957 2506 has

305 2544 673 2599 conditiones
724 2541 944 2614 accepit
974 2542 1203 2609 Durus;
1232 2543 1735 2613 jurejurandoque
1780 2542 1955 2595 tidem

310 2634 618 2701 adhibens,
668 2631 728 2686 in
777 2631 1204 2703 Cappadociam
1257 2631 1329 2685 ad
1379 2632 1632 2687 Phocam
1683 2631 1845 2701 abiit,
1892 2634 1958 2684 ut

312 2724 468 2794 quod
499 2723 571 2778 de
601 2723 878 2777 societate
899 2721 1302 2789 componenda
1332 2720 1623 2790 reliquum
1657 2724 1781 2774 erat
1824 2736 1956 2790 pcr-

311 2813 527 2867 ﬁceret.
548 2812 603 2866 Is
635 2827 769 2866 cum
788 2826 921 2865 eum
953 2809 1011 2863 in
1044 2826 1277 2865 nassam
1298 2808 1596 2875 illexisset,
1623 2808 1956 2880 insignibus

308 2900 543 2972 imperii
600 2906 839 2954 exutum
889 2901 948 2952 in
998 2897 1307 2953 castellum
1359 2898 1698 2969 Tyropaaum
1754 2898 1953 2964 mittit,

304 2988 500 3044 valida
555 2992 787 3058 septum
846 2987 1133 3042 custodia.
1194 2986 1333 3042 Inde
1381 2991 1609 3057 partem
1669 2986 1955 3041 exercitus

303 3078 578 3151 Calocyro
610 3075 912 3148 Delphines
951 3075 1199 3148 patricio
1233 3075 1411 3130 tradit
1440 3080 1496 3130 et
1525 3075 1595 3130 ad
1628 3074 1951 3146 Chrysopo-

299 3169 404 3237 lin,
437 3184 568 3239 quae
594 3168 666 3222 ab
697 3166 881 3221 altera
904 3165 1029 3220 freti
1057 3170 1218 3235 parte
1244 3169 1450 3220 contra
1478 3163 1683 3235 Cpolin
1705 3164 1818 3220 sita
1836 3169 1944 3234 est,

2057 575 2394 652 ἀπαλλαγεὶς
2425 577 2515 632 καὶ
2553 581 2661 632 τῶν
2716 575 3046 648 δίουκήσεων
3105 578 3412 650 ἁπτόμενος
3444 575 3716 651 ἀνδρικώ-

2055 686 2230 742 τερον,
2264 665 2379 721 ἐπεὶ
2440 665 2575 741 ἔγνω
2631 668 2722 722 τὸν
2782 667 3713 745 παρακοιμώμενονωμὴξξᾶρεσκό-

2063 775 2222 827 μενον
2272 761 2389 819 τοῖς
2460 754 2787 832 δρωμένοις,
2860 754 2987 812 ἀλλ’
3044 756 3547 833 ὑποτονθορύζοντα
3618 758 3709 813 καὶ

2060 841 2210 898 δεινά
2259 842 2494 921 δράσειν,
2543 845 2586 900 εἰ
2633 850 2823 919 καιροῦ
2873 840 3122 915 λάϐοιτο,
3170 844 3551 920 ἐλπιζόμενον,
3583 852 3713 902 τοῦ·

2056 954 2149 987 τον
2184 936 2275 1006 μὲν
2306 935 2523 1008 κατάγει
2572 942 2674 1004 τῆς
2735 935 2975 1008 ἐξουσίας
3019 936 3108 990 καὶ
3153 934 3294 991 οἷ’κοι
3330 938 3506 1009 μένειν
3539 958 3712 1012 προσ-

2057 1022 2257 1091 τάττει,
2318 1025 2401 1098 [Ρ.
2486 1026 2614 1098 699]
2694 1024 2846 1089 αὖθις
2925 1022 2983 1079 δὲ
3057 1027 3132 1098 μὴ
3196 1026 3509 1101 ἠρεμοῦντα
3566 1028 3711 1101 ὁρῶν

2061 1110 2186 1167 ἀλλ’
2240 1112 2317 1166 ἀεὶ
2387 1110 2699 1185 μελετῶντα
2768 1111 3045 1168 ἀλλόκοτα
3116 1113 3207 1168 καὶ
3273 1117 3371 1185 τήν
3438 1115 3711 1192 προτέραν

2062 1199 2420 1278 ἀπειληφέναι
2481 1200 2779 1257 σπεύδοντα
2847 1200 3088 1275 ἐξουσίαν
3152 1202 3438 1279 ὑπερόριον
3497 1205 3597 1259 ἀνὰ
3649 1203 3714 1259 τὸ

2064 1291 2257 1345 Στενὸν
2306 1291 2539 1361 τίθησιν,
2590 1290 2927 1366 ἀφελόμενος
2974 1292 3064 1347 καὶ
3119 1293 3187 1347 τὰ
3240 1292 3419 1349 πλείω
3466 1300 3565 1363 τῆς
3616 1294 3716 1349 οὑο

2063 1379 2179 1441 σίας
2211 1378 2396 1448 αὐτοῦ,
2429 1380 2504 1444 ὡς
2554 1382 2629 1453 μὴ
2678 1382 3140 1457 κεχορηγημένην
3175 1379 3320 1456 ἔχων
3350 1381 3488 1453 ὕλην
3517 1394 3716 1461 φθασαι

2061 1489 2113 1523 τι
2146 1467 2335 1545 δρᾶσαι
2384 1474 2490 1523 τῶν
2551 1468 2899 1540 ἆνηκέστων’
2953 1470 3116 1533 αὐτὸς
3176 1469 3233 1526 δὶ
3288 1474 3386 1537 τῆς
3446 1471 3498 1542 ἐξ
3546 1471 3717 1528 αὑτοῦ

2068 1560 2330 1632 μονωθεὶς
2359 1553 2702 1632 τυμϐοῦλῆς,
2751 1558 2839 1613 καὶ
2889 1556 3065 1637 φίλων
3116 1557 3372 1634 δεόμενος
3403 1564 3493 1615 καὶ
3528 1581 3718 1637 συνερ-

2064 1649 2178 1723 γῶν
2210 1648 2260 1703 έν
2314 1653 2433 1710 ταῖς
2491 1647 2853 1722 περιστάσεσι,
2909 1649 3033 1703 τότε
3082 1648 3321 1724 γνησίως
3373 1650 3465 1706 τὸν
3496 1651 3717 1723 Ῥωμα-

2064 1738 2155 1791 νὸν
2206 1735 2586 1809 προσεδέξατο,
2636 1734 2803 1813 ἄνδρα
2845 1734 3002 1800 εἰδὼς
3043 1738 3270 1815 ἐντρεχῆ
3328 1740 3420 1794 καὶ
3476 1736 3717 1814 δραστή-

1986 1866 2033 1931 Β
2067 1846 2180 1900 ριον
2216 1826 2304 1881 καὶ
2336 1827 2403 1880 τὰ
2427 1826 2703 1899 πολεμικᾶ
2733 1827 3085 1884 ἱκανώτατον.

2141 1917 2175 1931 h
2196 1914 2207 1931 I
2257 1912 2280 1931 ᾗ
2380 1913 2422 1931 ευ
2472 1916 2484 1931 ο
2538 1921 2558 1931 π
2661 1920 2688 1930 -υ
2784 1917 2797 1931 Ι
2930 1918 2942 1931 ι

2136 1912 2345 1990 Βάρδας
2377 1913 2433 1970 δὲ
2465 1916 2492 1969 6
2523 1920 2719 1978 Φωκᾶς
2768 1917 2844 1980 ὡς
2885 1918 2982 1987 τὴν
3031 1921 3128 1971 τοῦ
3158 1915 3417 1993 Σκληροῦ
3447 1915 3715 1976 ἐπάνοδον

2062 2002 2559 2079 προσαγγελοεῖσαν
2645 2005 2890 2075 έπυθετο,
2949 2004 3244 2081 γράμματά
3318 2028 3378 2062 τε
3447 2008 3719 2081 ἐκπέμπει

2064 2093 2201 2147 αὐτὰ
2244 2092 2420 2148 ἐκεῖνα
2475 2091 2750 2165 δηλοῦντα
2804 2094 2872 2148 τὰ
2926 2093 3116 2167 ἐκείνῳ
3166 2096 3302 2167 πρὸς
3344 2096 3579 2171 τρόπου,
3626 2097 3721 2151 καὶ

2065 2183 2248 2257 ὅρκοις
2299 2182 2583 2236 ἐπιστοῦτο
2630 2183 2724 2243 τὰς
2784 2182 3106 2257 ὑποσχέσεις
3140 2227 3154 2256 ,
3211 2207 3236 2239 α
3280 2184 3342 2238 El
3383 2190 3492 2239 τῶν
3539 2184 3724 2255 ἠλπι-

2066 2273 2276 2345 σμένων
2320 2270 2599 2347 τύχωμεν,
2643 2271 2839 2345 λέγων,
2901 2270 2962 2325 σὺ
3013 2272 3105 2345 μὲν
3148 2270 3321 2347 ἄρξεις
3380 2274 3721 2351 Ἀντιοχείας

2063 2361 2152 2415 καὶ
2212 2359 2474 2430 Φοινίκης
2515 2361 2603 2414 καὶ
2665 2360 2868 2430 Κοίλης
2943 2366 3139 2435 Συρίας
3196 2362 3285 2416 καὶ
3341 2362 3722 2435 Παλαιστίνης

2064 2452 2153 2503 καὶ
2186 2449 2633 2521 Μεσοποταμίας,
2696 2448 2800 2523 ἐγὼ
2849 2447 2907 2503 δὲ
2945 2446 3131 2525 ἅρχων
3188 2448 3380 2524 ἔσομαι
3411 2460 3512 2521 τῆς
3562 2454 3723 2527 βασι-

2067 2536 2221 2599 λίδος
2254 2538 2419 2606 αὐτῆς
2465 2539 2553 2592 καὶ
2605 2543 2713 2592 τῶν
2764 2537 3079 2593 ὑπολοίπων
3130 2539 3316 2604 ἐθνῶν.
3350 2565 3378 2594 ››
3414 2543 3722 2616 Δεξάμενος

2068 2625 2123 2681 δὲ
2153 2631 2469 2702 περιχαρῶς
2500 2628 2527 2681 6
2561 2628 2811 2703 Σκληρὸς
2839 2627 2967 2690 τοὺς
3012 2627 3229 2705 λόγους,
3261 2630 3349 2685 καὶ
3379 2636 3495 2693 τοῖς
3529 2634 3722 2707 ὅρκοις

2067 2716 2361 2792 θαρρήσας,
2415 2713 2622 2770 ἄπεισιν
2668 2714 2720 2769 ἐν
2792 2714 3144 2789 Καππαδοκίᾳ
3190 2720 3326 2791 πρὸς
3373 2720 3462 2774 τὸν
3518 2726 3724 2777 Φωκᾶν

2066 2807 2141 2866 ὡς
2188 2826 2333 2879 ταχα
2388 2807 2702 2878 πληρώσων
2744 2807 2843 2874 τὴν
2896 2806 3307 2883 κοινοπραγίαν.
3369 2810 3610 2873 Ἐκεῖνος
3658 2808 3726 2866 δὶ

2062 2898 2252 2948 τοῦιον
2295 2888 2444 2948 ἔνδον
2489 2901 2590 2963 τῆς
2645 2897 2889 2968 σαγήνης
2936 2891 3118 2951 λαϐὼν
3147 2897 3541 2976 ἀπαμφιέννυσί
3564 2920 3622 2954 τε
3649 2901 3725 2955 τὰ

2063 2990 2162 3052 τῆς
2191 2980 2469 3058 βασιλείας
2508 2984 2807 3057 παράσημα
2855 2983 2943 3037 καὶ
2994 2983 3072 3047 είς
3122 2984 3185 3040 τὸ
3240 2986 3499 3063 φρούριον
3526 2989 3586 3043 τὸ
3611 2994 3722 3044 Tu-

2066 3072 2287 3147 ροποιὸν
2339 3070 2624 3144 ἐκπέμπει,
2679 3073 2915 3148 φρουρὰν
2977 3072 3076 3127 οὐκ
3132 3074 3319 3148 ἀγεννῆ
3388 3079 3725 3151 περιστήσας

2064 3161 2236 3233 αὐτῷ,
2283 3159 2457 3223 Αὐτὸς
2518 3158 2575 3215 δὲ
2626 3162 2788 3235 μέρος
2832 3165 2929 3215 τοῦ
2974 3167 3201 3235 στρατοῦ
3249 3167 3547 3241 παρασχὼν
3601 3174 3725 3223 Κα-

299 3235 482 3315 mittit
513 3273 526 3312 :
561 3256 687 3328 ipse
715 3257 873 3309 444
901 3269 1035 3308 cum
1067 3253 1294 3323 reliquo
1326 3252 1594 3323 Abydum
1627 3253 1790 3322 petit,
1814 3269 1943 3323 spe-

2136 3255 2280 3325 κυρῷ
2335 3249 2606 3325 πατρικίῳ
2659 3253 2739 3322 τῷ
2815 3249 3050 3328 Δελφινᾷ
3104 3235 3367 3326 ἐκπέμπει
3418 3235 3555 3309 κατὰ
3610 3256 3720 3325 τὴν

299 3363 437 3404 rans
468 3346 578 3402 huc
618 3345 786 3400 modo
836 3342 1126 3414 angustiis
1174 3344 1474 3413 occupatis
1523 3357 1583 3398 se
1613 3341 1947 3413 Cpolitanos

302 3452 494 3494 rerum
518 3433 978 3492 necessariarum
995 3431 1194 3503 inopia
1206 3431 1615 3486 subacturum.
1633 3432 1711 3485 Im
1720 3436 1952 3502 perator

302 3524 505 3582 multis
538 3525 759 3579 frustra
787 3522 1057 3577 hortatus
1085 3519 1435 3591 Delphinam
1470 3525 1587 3575 uta
1606 3519 1950 3591 Chrysopoli

300 3614 609 3670 decederet
647 3627 835 3683 neque
881 3614 1069 3664 castra
1114 3626 1146 3663 e
1188 3610 1425 3679 regione
1474 3609 1638 3664 urbis
1685 3608 1946 3676 haberet,

301 3708 478 3759 noctu
512 3700 760 3756 navibus
805 3697 1104 3753 adornatis
1158 3698 1373 3753 Rossos
1406 3697 1657 3769 imponit
1685 3699 1843 3770 (nam
1876 3698 1947 3753 ab

298 3792 373 3847 iis
430 3788 732 3862 suppetias
779 3786 1214 3859 impetraverat,
1264 3787 1417 3857 quod
1470 3802 1723 3842 sororem
1778 3803 1947 3843 suam

297 3882 521 3935 Annam
543 3877 872 3933 Bladimero
904 3893 1105 3932 eorum
1138 3875 1389 3947 principi
1412 3875 1787 3931 matrimonio
1810 3893 1945 3931 con-

286 3968 625 4039 junxisset),
659 3982 914 4036 cumque
959 3965 1053 4020 his
1099 3982 1215 4019 non
1266 3965 1554 4019 sentiente
1602 3964 1770 4019 hoste
1801 3966 1946 4021 freto

292 4058 559 4129 trajecto,
591 4071 691 4111 eos
723 4056 963 4111 adortus
1012 4054 1174 4108 nullo
1216 4054 1449 4125 negotio
1480 4054 1779 4125 opprimit.
1815 4053 1946 4109 Del-

294 4146 535 4218 phinam
565 4144 625 4199 in
656 4143 789 4215 palo
829 4142 1057 4214 sufﬁgit
1087 4159 1154 4198 eo
1203 4141 1330 4213 ipso
1360 4141 1506 4213 loco,
1539 4143 1638 4198 ubi
1669 4143 1943 4198 taberna-

294 4234 495 4290 culum
546 4234 597 4289 is
645 4232 972 4288 deﬁxerat:
1007 4233 1246 4287 fratrem
1296 4231 1501 4287 Phocae
1550 4232 1943 4303 Nicephorum

295 4340 511 4380 caseum
544 4322 604 4377 in
654 4320 984 4377 custodiam
1016 4321 1136 4385 dat,
1170 4325 1228 4375 et
1274 4320 1514 4391 reliquis
1556 4322 1803 4393 captivis
1835 4338 1943 4377 suo

292 4413 577 4468 arbitratu
608 4409 830 4483 punitis
861 4408 1061 4480 Cpolin
1091 4409 1260 4463 redit.

2058 3338 2427 3413 ἀντίπορθμον
2477 3342 2545 3411 τῇ
2611 3335 2851 3413 βασῖλίδι
2899 3338 3268 3413 Χρυσόπολιν.
3300 3342 3374 3398 Τὸ
3407 3340 3463 3397 δὲ
3513 3341 3720 3400 λοιπὸν

2059 3430 2195 3482 ἅπαν
2242 3434 2341 3497 τῆς
2402 3433 2651 3501 στρατιᾶς
2694 3425 2837 3503 ἄγων
2926 3430 3041 3501 μεθ’
3096 3430 3287 3486 ἑαυτοῦ
3343 3439 3578 3487 κάτεισιν
3636 3433 3722 3496 εἷς

2058 3512 2312 3587 ἸΑϐυδον,
2369 3515 2593 3577 ἐλπίσας
2661 3516 2805 3571 οὕτω
2882 3518 3269 3594 κατεχομένων
3343 3526 3452 3575 τῶν
3508 3527 3717 3577 στενῶν

2056 3607 2453 3677 πεπιεσμένους
2507 3602 2684 3677 ἐνδείᾳ
2757 3609 3188 3680 παραστήσεσθαι
3254 3610 3383 3673 τοὺς
3450 3608 3715 3675 πολίτας.

2056 3694 2117 3751 Ὀ
2178 3692 2234 3749 δὲ
2295 3693 2549 3770 βασιλεὺς
2597 3692 2786 3750 πολλὰ
2855 3695 3231 3771 παρακαλέσας
3291 3698 3385 3754 τὸν
3444 3699 3719 3777 Δελφινᾶν

2056 3785 2424 3853 ἀπαναστῆναι
2480 3790 2581 3852 τῆς
2652 3784 3053 3859 Χρυσοπόλεως
3124 3786 3216 3841 καὶ
3267 3787 3345 3859 μὴ
3403 3787 3713 3862 ἀντιμέτω-

2056 3896 2156 3930 πον
2204 3878 2273 3949 τῇ
2328 3870 2569 3949 βασιλίδι
2642 3876 2915 3928 ποιεῖσθαι
2978 3874 3414 3951 στρατοπεδείαν,
3473 3879 3548 3940 ὡς
3606 3880 3717 3935 οὐκ

2056 3960 2250 4033 ἔπειθε,
2292 3962 2462 4018 πλοῖα
2511 3964 2919 4036 παρασκευάσας
2968 3964 3156 4025 νυκτὸς
3210 3966 3301 4019 καὶ
3347 3964 3561 4028 τούτοις
3602 3967 3717 4041 έμ-

2056 4048 2285 4113 ϐιϐάσας
2329 4050 2463 4113 Ῥὼς
2507 4049 2695 4126 (ἔτυχε
2761 4052 2863 4126 γὰρ
2941 4052 3257 4129 συμμαχίαν
3333 4053 3718 4131 προσκαλεσά-

2059 4162 2215 4215 μενος
2245 4139 2298 4211 ἐξ
2330 4140 2527 4211 αὐτῶν,
2587 4141 2676 4195 καὶ
2726 4138 2994 4211 κηδεστὴν
3045 4142 3413 4217 ποιησάμενος
3455 4146 3546 4200 τὸν
3607 4143 3717 4220 ἄρ-

2053 4251 2225 4306 χοντα
2279 4228 2485 4284 τούτων
2553 4226 2911 4305 Βλαδιμηρὸν
2970 4229 3058 4285 ἐπὶ
3114 4235 3184 4305 τῇ
3245 4233 3436 4287 ἑαυτοῦ
3490 4231 3711 4311 ἀδελφῇ

2053 4321 2267 4392 ”Λννῃ),
2328 4319 2650 4391 περαιωθεὶς
2711 4319 2827 4390 μετ’
2867 4319 3042 4373 αὐτῶν
3104 4320 3351 4391 ἀνοήτως
3409 4321 3710 4386 ἐπιτίθεται

2049 4414 2168 4471 τοῖς
2211 4406 2432 4482 ἐχθροῖς
2455 4406 2543 4461 καὶ
2596 4406 2722 4483 ῥᾷον
2769 4412 3072 4483 χειροῦται.
3103 4410 3209 4466 Τὸν
3248 4410 3341 4481 μὶν
3378 4410 3469 4464 οὗν
3504 4412 3712 4490 Δελφι-

287 4505 384 4555 νᾶν
417 4498 503 4553 ἐπὶ
536 4496 699 4568 ξύλου
750 4500 925 4571 κρεμᾷ
979 4495 1095 4549 κατ’
1153 4492 1352 4549 ἐκεῖνον
1409 4497 1500 4550 τὸν
1545 4495 1711 4550 τόπον
1765 4491 1988 4574 ἔνθαπερ
2048 4498 2165 4571 εἶχε
2219 4496 2320 4563 τὴν
2378 4495 2582 4565 σκηνήν
2634 4495 3018 4569 πεπηγμένην,
3078 4497 3169 4552 τὸν
3227 4494 3285 4552 δὶ
3340 4495 3577 4575 ἀδελφὸν
3608 4504 3711 4555 τοῦ

290 4594 459 4647 Φωκᾶ
510 4586 824 4666 Νικηφόρον
872 4587 964 4641 τὸν
1016 4583 1220 4664 τυφλὸν
1273 4591 1482 4663 φρουρᾷ
1538 4584 1899 4663 παραδίδωσι,
1951 4590 2043 4643 καὶ
2093 4593 2208 4649 τοῖς
2264 4585 2483 4648 λοιποῖς
2539 4590 2656 4649 τοῖς
2715 4585 2907 4641 ἁλοῦσι
2959 4588 3149 4651 ποινὰς
3209 4586 3415 4652 ἐπιθεὶς
3468 4590 3567 4652 τὰς
3619 4589 3715 4646 δο-

284 4680 483 4741 κούσας
517 4679 840 4751 ὑπέστρεψεν
880 4675 954 4739 είς
981 4677 1079 4743 τὴν
1117 4673 1391 4750 βασιλίδα.

360 4805 600 4861 Interim
623 4804 845 4859 Phocas
868 4802 1137 4873 Abydum
1163 4818 1396 4857 summa
1428 4818 1603 4872 opera
1626 4820 1932 4875 oppugna-

2136 4803 2175 4859 Ο
2233 4798 2290 4856 δὲ
2345 4806 2542 4865 Φωκᾶς
2587 4801 2685 4869 τήν
2747 4795 2981 4855 Ἄϐυδον
3037 4797 3359 4858 καταλαϐὼν
3417 4803 3711 4877 ἐπιμελῶς

288 4896 411 4964 bat,
440 4893 750 4965 oppidanis
771 4893 994 4947 fortiter
1011 4906 1071 4944 se
1091 4890 1539 4945 defendentibus
1566 4908 1576 4946 :
1606 4910 1739 4946 nam
1763 4894 1940 4947 drun-

292 4985 493 5055 garius
523 4982 604 5036 rei
638 4981 860 5034 navalis
882 4979 1154 5049 Cyriacus
1177 4979 1518 5048 praemissus
1549 4985 1690 5044 erat,
1718 4982 1816 5050 qui
1842 4998 1937 5053 0p-

291 5072 639 5143 pidanorum
674 5068 904 5124 animos
935 5066 1329 5122 conﬁrmaret.
1358 5068 1531 5123 Paulo
1557 5073 1689 5140 post
1714 5071 1940 5141 trajecit

291 5157 1058 5231 adAbydumConstantinus
1072 5156 1833 5227 imperator,elsubsecutus
1852 5166 1940 5216 est

290 5249 490 5305 statim
510 5248 827 5316 fraterejus
842 5244 1758 5317 Basilius.Hisitagestis,Phocas
1778 5253 1937 5318 parte

286 5338 577 5394 exercitus
609 5336 680 5391 ad
699 5334 1064 5390 obsidionem
1087 5333 1273 5405 Abydi
1304 5335 1527 5404 relicta,
1551 5351 1684 5391 cum
1711 5336 1938 5407 reliqua

288 5430 453 5499 parte
482 5423 939 5497 imperatoribus
968 5422 1389 5477 occurrit.Jam
1415 5424 1485 5479 ad
1518 5440 1776 5495 pugnam
1799 5442 1936 5482 con-

288 5516 599 5573 serendam
657 5511 804 5568 nihil
862 5516 1070 5583 praeter
1128 5509 1443 5567 classicum
1507 5515 1934 5584 requirebatur,

292 5620 428 5661 cum
458 5602 685 5660 Phooas
733 5602 978 5656 honeste
1027 5601 1220 5672 potius
1267 5603 1655 5673 oppetendam
1687 5608 1936 5659 mortem

291 5708 474 5771 quam
503 5691 755 5767 turpiter
782 5690 1091 5750 vivendum
1120 5692 1308 5761 ratus,
1339 5704 1472 5746 cum
1504 5690 1726 5749 videret
1755 5691 1940 5765 impe-

2048 4889 2380 4967 έπολιόρκει,
2444 4888 2747 4965 ῥωμαλέως
2816 4890 3189 4967 ὑφίσταμένων
3245 4891 3333 4946 καί
3380 4897 3491 4947 τῶν
3548 4889 3707 4950 ἔνδον

2046 4984 2145 5049 τὴν
2202 4978 2548 5054 πολιορκίαν,
2599 4983 2694 5032 τοῦ
2746 4976 3102 5056 δρουγγαρίου
3141 4982 3248 5035 τῶν
3288 4979 3561 5055 πλωΐμων
3600 4990 3708 5038 Κυ-

2050 5073 2239 5143 ριακοῦ
2305 5066 2815 5145 προεκπεμφοέντος
2894 5070 3040 5143 παρὰ
3121 5074 3217 5124 τοῦ
3289 5070 3556 5146 βασιλέως
3612 5071 3712 5127 καὶ

2044 5156 2172 5221 τοὺς
2237 5155 2389 5213 ἔνδον
2446 5155 2974 5232 παραθαρρύνοντος.
3033 5158 3186 5215 Μετὰ
3245 5160 3436 5234 μικρὸν
3493 5158 3550 5215 δὲ
3608 5160 3713 5217 ἐπε

2049 5248 2257 5323 ραιὼοη
2316 5247 2405 5301 καὶ
2464 5248 2869 5310 Κωνσταντῖνος
2917 5248 2944 5301 ὁ
2978 5252 3075 5303 τοῦ
3123 5246 3393 5324 βασιλέως
3439 5246 3710 5327 ἀδελφὸς,

2046 5336 2271 5389 κατόπιν
2334 5332 2381 5389 δ’
2436 5335 2653 5412 ἀφίκετο
2705 5335 2796 5389 καὶ
2853 5336 3014 5400 αὐτὸς
3066 5338 3093 5392 6
3145 5336 3400 5412 βασιλεύς
3431 5357 3444 5370 '
3491 5338 3566 5392 ὧν
3601 5360 3713 5395 πε-

2048 5426 2388 5497 ραιωθέντων
2422 5425 2448 5478 6
2499 5430 2697 5486 Φωκᾶς
2750 5426 2912 5501 μέρος
2960 5426 3054 5498 μὶν
3102 5434 3201 5497 τῆς
3242 5433 3497 5504 στρατιᾶς
3528 5448 3713 5502 προσ-

2047 5509 2278 5584 εδρεύειν
2334 5511 2549 5583 ἐπέταξε
2596 5516 2663 5586 τῇ
2721 5520 2822 5583 τῆς
2879 5512 3113 5570 Ἀϐύδου
3170 5514 3485 5594 πολιορκίᾳ,
3537 5517 3715 5582 αὐτὸς

2048 5598 2105 5655 δὲ
2152 5607 2269 5664 τοῖς
2320 5600 2538 5664 λοιποῖς
2595 5605 2691 5656 τοῦ
2741 5608 2971 5681 στρατοῦ
3026 5604 3535 5683 ἀννιπαρατάττεται
3583 5613 3718 5674 τοῖς

2049 5688 2331 5772 βασιλεῦσι
2361 5693 2444 5767 [Ρ.
2474 5692 2603 5769 700]
2651 5691 2750 5750 Καὶ
2804 5690 3119 5770 μελλούσης
3178 5692 3287 5771 ἤδη
3344 5694 3527 5776 ἀρχην
3558 5692 3720 5776 λαμ-
