3968 6140
254 377 359 440 177

1379 377 1928 443 HISTORIABUM
1971 376 2511 444 GOMPENDIUM.

3545 377 3665 441 178

255 503 422 564 ϐάνειν
474 512 576 578 τῆς
634 507 822 585 μάχης
882 507 911 564 ὁ
974 512 1173 575 Φωκᾶς
1222 514 1319 565 τοῦ
1378 513 1473 585 ζῇν
1532 510 1770 586 ἀγεννῶς
1826 511 1889 565 τὸ

2016 516 2263 569 ratorem
2294 512 2528 569 eminus
2559 510 2856 569 hincinde
2907 511 3346 585 obequitantem
3394 512 3661 570 ordines-

253 597 493 675 γενναίως
541 598 833 663 ἀποθανεῖν
885 597 1116 676 εὐγενῶς
1169 600 1488 677 προκρίνας,
1520 602 1612 655 τὸν
1673 598 1898 675 βασιλέα

257 688 571 759 θεασάμενος
628 687 909 763 πόρῥωθεν
968 687 1103 762 τῇδε
1154 690 1369 745 κάκεῖσε
1420 688 1893 763 καθιππαζόμενον

256 776 339 831 καὶ
383 777 478 838 τὰς
532 781 641 831 τῶν
695 776 912 832 οῗκείων
971 776 1374 851 διακοσμοῦντα
1417 778 1592 849 τάξεις
1645 779 1734 832 καὶ
1792 799 1896 832 πα-

259 864 667 941 ραθαρρύνοντα,
726 866 815 920 καὶ
873 867 1010 943 πρὸς
1071 868 1256 923 ἑαυτὸν
1311 867 1665 944 λογισάμενος
1724 868 1796 928 ὡς
1851 866 1895 920 εἰ

256 952 443 1009 τούτου
473 952 742 1030 ἐπιτυχὴς
774 955 1022 1028 γένηται,
1057 955 1183 1032 ῥᾷον
1232 956 1291 1010 ἂν
1340 957 1431 1011 καὶ
1482 956 1608 1018 τοὺς
1666 954 1895 1018 λοιποὺς

259 1047 688 1117 καταγωνιεῖται,
721 1044 812 1097 τὸν
867 1041 1039 1099 θίππον
1095 1044 1375 1117 μυωπίσας
1439 1044 1711 1121 ῥαγδαίως
1745 1043 1896 1099 τίκετο

261 1133 369 1186 κατ’
426 1130 611 1199 αὐτοῦ,
664 1131 759 1193 τὰς
819 1130 1053 1194 ἐναντίας
1113 1132 1398 1210 φάλαγγας
1449 1131 1755 1188 διακόπτων
1806 1133 1897 1187 καὶ

254 1219 614 1282 ἀνυπόστατος
643 1226 764 1283 τοῖς
794 1226 925 1275 πᾶσι
984 1221 1329 1295 φαινόμενος.
1361 1220 1504 1293 ’Ἠδη
1565 1220 1621 1276 δὲ
1673 1227 1753 1294 τῷ
1800 1223 1895 1297 βα-

256 1307 392 1363 σιλεῖ
432 1308 805 1385 προσεγγίζων
868 1309 1029 1371 εὐθὺς
1103 1310 1421 1389 ὑποστρέφει
1498 1311 1585 1366 καὶ
1643 1310 1718 1373 ε’ίς
1777 1332 1897 1365 τινα

254 1395 413 1475 λόφον
473 1395 667 1466 ἄνεισι,
700 1398 791 1453 καὶ
842 1403 941 1453 τοῦ
992 1398 1169 1454 ’ίππου
1227 1395 1439 1462 ἀποϐὰς
1487 1399 1742 1473 καὶπρὸς
1792 1404 1895 1474 γῆν

255 1485 479 1549 ἰκτείνας
541 1486 727 1541 ἑαυτὸν
788 1486 1023 1543 ἀπέλιπε
1076 1490 1174 1558 τήν
1235 1491 1402 1562 ζωὴν,
1444 1488 1550 1544 εἴτε
1600 1490 1745 1563 παρά
1798 1509 1898 1544 του

252 1579 351 1630 τῶν
434 1580 783 1651 στρατιωτῶν
851 1576 904 1632 ἐν
975 1582 1054 1649 τῷ
1124 1577 1367 1640 ἀτάκτως
1447 1579 1696 1656 φέρεσθαι
1774 1598 1899 1633 καις

254 1663 363 1737 ρίαν
416 1665 628 1735 τυπεὶς,
682 1662 787 1720 ε’ἶτε
836 1666 925 1721 καὶ
986 1664 1173 1728 ἄλλως
1232 1667 1339 1722 ἀπὸ
1397 1674 1715 1739 σωματικῆς
1771 1666 1897 1722 ἀτα-

255 1752 361 1822 ξίας
401 1754 809 1829 κατεργασθείς·
852 1754 1072 1830 πληγήν
1128 1756 1311 1829 μεντοι
1362 1755 1473 1811 οὐδ’
1506 1756 1652 1818 ὅλως
1706 1756 1894 1831 εὐρὲθη

253 1842 301 1897 ἐν
330 1846 409 1915 τῷ
439 1844 656 1915 σώματι
687 1843 855 1918 ἔχων,
887 1844 977 1898 καὶ
1009 1842 1098 1899 διὰ
1125 1849 1287 1900 τοῦτο
1314 1846 1342 1900 6
1364 1845 1535 1919 λέγων
1571 1846 1737 1919 λόγος
1797 1843 1897 1915 δη-

248 1931 498 2006 λητηρίῳ
530 1932 692 1987 αὐτὸν
734 1932 1084 2007 ἀναιρεθῆναι
1133 1940 1339 2010 κρατεῖ.
1375 1935 1603 2009 Φέρεται
1656 1936 1761 2010 γὰρ
1812 1932 1894 1987 ὅτι

251 2021 479 2094 Συμεὼν
515 2022 545 2076 6
574 2023 973 2086 πιστικώτατος
1026 2027 1133 2078 τῶν
1189 2023 1530 2099 θεραπόντων
1560 2023 1745 2096 αὐτοῦ,
1789 2020 1895 2077 δώ-

258 2129 369 2184 ροις
434 2111 543 2165 ὑπὸ
606 2109 875 2186 βασιλέως
951 2113 1312 2180 ἀναπεισθεὶς,
1373 2116 1645 2191 φαρμάκῳ
1707 2117 1897 2168 τοῦτον

249 2197 581 2255 ἀπέκτεινεν.
641 2198 840 2255 Εῒώθει
898 2200 999 2277 γὰρ
1049 2201 1077 2255 6
1137 2208 1333 2264 Φωκᾶς
1392 2202 1443 2257 ἐν
1512 2207 1591 2273 τῷ
1662 2200 1895 2274 πολέμῳ

249 2284 436 2349 ὕδατος
497 2291 716 2364 ψυχροῦ
783 2288 890 2363 πρὸ
960 2296 1060 2359 τῆς
1114 2290 1443 2364 συμπλοκῆς
1499 2290 1850 2366 ἀπογεύεσθαι
1879 2298 1892 2312 ⁸

249 2376 277 2431 ’ὀ
328 2376 421 2432 κάν
477 2377 644 2451 ταύτῃ
694 2380 763 2452 τῇ
825 2373 1082 2453 συμϐολῇ
1157 2382 1395 2451 ποιήσας
1462 2374 1619 2435 ἔλαθε
1700 2400 1893 2455 συγκα-

247 2466 452 2520 ταπιὼν
484 2471 567 2537 τῷ
599 2463 751 2521 ὕδατι
783 2466 873 2521 καὶ
922 2468 985 2522 τὸ
1036 2464 1399 2544 δηλητήριον.
1434 2468 1556 2523 Ἐπὶ
1603 2467 1776 2523 πολὺν
1838 2466 1896 2523 δὲ

249 2553 441 2629 χρόνον
476 2553 527 2609 ἐν
558 2559 640 2626 τῷ
670 2554 827 2632 λόφῳ
858 2557 1110 2628 κειμένου
1137 2562 1233 2611 τοῦ
1265 2563 1435 2612 Φωκᾶ
1481 2555 1655 2629 ᾤοντο
1701 2561 1894 2619 πάντες

250 2640 334 2697 διά
361 2664 484 2697 τινα
514 2646 832 2717 σωματικὴν
878 2644 1146 2717 μαλακίαν
1198 2646 1488 2701 ἀναπαύσει
1551 2651 1717 2720 μικρᾷ
1772 2648 1891 2701 ἑαυ-

249 2731 337 2785 τὸν
368 2728 742 2786 ἑκδεδωκὲναι·
776 2733 850 2795 ὡς
887 2730 943 2787 δὶ
992 2731 1242 2809 ἐχρόνιζε
1290 2736 1540 2808 κείμενος
1586 2733 1677 2789 καὶ
1730 2755 1895 2810 προσ-

250 2821 413 2875 ελθών
475 2841 559 2883 τις
619 2822 807 2896 νεκρὸν
860 2820 1021 2877 αὐτὸν
1069 2824 1191 2898 εὗρε
1244 2824 1335 2877 καὶ
1386 2821 1635 2893 ἄναυδον,
1667 2825 1756 2879 καὶ
1820 2821 1896 2878 δι-

250 2909 488 2984 εγνώσθη
521 2913 637 2971 τοῖς
667 2915 829 2964 πᾶσιν
863 2910 891 2964 6
911 2910 1111 2966 τούτου
1139 2912 1454 2979 θάνατος,οἱ
1480 2914 1574 2985 μὲν
1600 2913 1895 2967 ἀποστάται

248 2996 398 3061 εὐθὺς
431 2996 516 3059 εἷς
548 2998 725 3073 φυγὴν
759 2996 1048 3072 ὥρμησαν,
1080 3000 1147 3055 τὰ
1178 2998 1235 3055 δὲ
1262 3005 1359 3056 τοῦ
1415 3000 1685 3077 βασιλέως
1731 3000 1892 3078 ἐπερ-

251 3084 430 3161 ῥώσθη
497 3086 892 3160 στρατεύματα,
924 3087 1013 3143 καὶ
1072 3087 1297 3145 ἐδίωκον
1355 3089 1772 3165 ἀμεταστρεπτὶ,
1805 3090 1893 3145 καὶ

255 3179 587 3250 ζωγροῦνται
612 3176 707 3249 μὲν
733 3178 886 3233 Λέων
916 3176 1005 3231 καὶ
1036 3178 1375 3253 Θεόγνωστος
1434 3180 1485 3234 οἳ
1539 3178 1893 3249 Μελισσηνοί,

2008 619 2121 673 que
2167 619 2410 659 suorum
2459 603 2847 659 instruentem
2896 603 3048 659 445
3097 606 3154 658 et
3205 602 3433 658 animos
3483 602 3658 659 dictis

2005 693 2402 755 roborantem,
2436 709 2632 748 secum
2666 694 2952 765 cogitans,
2987 692 3276 763 siquidem
3307 691 3464 747 hunc
3494 692 3658 763 deje-

2007 780 2205 844 cisset,
2236 798 2299 836 se
2339 780 2582 851 reliquis
2615 780 2782 835 facile
2809 781 3109 836 victoriam
3141 785 3503 852 erepturum,
3537 780 3655 836 cal-

2006 869 2242 925 caribus
2292 871 2498 925 adacto
2548 887 2697 942 equo
2747 886 2849 942 per
2897 870 3170 925 adversos
3220 869 3453 925 ordines
3491 872 3656 924 tanto

2006 959 2229 1030 impetu
2288 958 2347 1013 in
2408 960 2818 1031 imperatorem
2873 960 3058 1016 fertur
3106 963 3170 1014 ut
3218 976 3354 1014 eum
3408 958 3657 1014 subsisti

2006 1065 2177 1119 posse
2210 1056 2379 1104 nem‘o
2412 1049 2809 1120 putaret.Cum
2835 1054 3026 1103 autem
3054 1066 3167 1103 non
3203 1047 3403 1118 procul
3429 1050 3551 1119 jam
3584 1048 3657 1103 ab

2007 1138 2359 1207 imperatore
2385 1140 2637 1203 abesset,
2673 1138 2868 1192 subito
2899 1154 3217 1192 conversus
3248 1137 3305 1191 in
3340 1137 3657 1208 quemdam

2005 1226 2302 1281 tumulum
2336 1226 2760 1297 evadit,ibique
2794 1226 2864 1280 ab
2898 1242 3046 1296 equo
3078 1225 3463 1291 descendit,et
3492 1225 3657 1280 humi

2004 1319 2379 1385 exporrectus
2412 1315 2774 1386 exspirat.De
2806 1318 2989 1370 morte
3020 1314 3149 1384 ejus
3180 1313 3337 1369 varia
3368 1314 3655 1371 feruntur.

2006 1404 2277 1469 Quidam,
2309 1404 2447 1457 dum
2486 1420 2586 1475 per
2614 1404 2811 1459 hostes
2842 1404 3231 1475 incomposito
3260 1403 3480 1474 impetu
3514 1403 3653 1474 ruit,

2004 1492 2177 1548 letale
2206 1492 2420 1548 vulnus
2453 1493 2748 1565 accepisse
2778 1497 3010 1563 putant,
3042 1492 3140 1547 alii
3174 1492 3393 1562 absque
3422 1491 3531 1547 hoc
3580 1493 3654 1548 ob

2006 1598 2221 1654 corpus
2242 1582 2632 1654 negligentius
2659 1586 2928 1637 curatum
2964 1582 3400 1654 periisseﬂerte
3422 1580 3653 1637 nullum

2008 1671 2194 1744 plagae
2226 1671 2463 1743 signum
2495 1671 2555 1727 in
2587 1672 2864 1727 cadavere
2891 1672 3021 1742 ejus
3050 1670 3296 1738 exstitit;
3329 1686 3446 1742 quo
3478 1672 3545 1725 fit
3576 1670 3652 1726 ub

2005 1777 2226 1816 veneno
2258 1760 2611 1816 exstinctum
2646 1762 2827 1816 fuisse
2875 1761 3031 1816 fama
3082 1759 3424 1815 obtinuerit.
3474 1760 3656 1815 Aiunt

2010 1850 2165 1904 enim
2196 1848 2550 1915 Simeonem,
2586 1850 2677 1903 cui
2711 1848 2977 1903 omnium
3012 1847 3367 1903 famulorum
3401 1848 3656 1904 maxime

2010 1937 2323 2003 ﬁdebat,ab
2344 1938 2690 2009 imperatore
2712 1937 3057 1992 muneribus
3073 1940 3414 2010 corruptum
3438 1952 3656 2008 aquam

2004 2030 2212 2100 poturo
2243 2043 2375 2082 cum
2408 2026 2673 2099 praelium
2705 2027 2881 2082 iniret
2910 2026 3207 2098 (omnibus
3238 2026 3392 2082 enim
3440 2024 3656 2097 praeliis

2004 2116 2380 2172 consuevisse
2408 2115 2663 2171 Pbocam
2697 2120 2832 2171 ante
2864 2116 3200 2171 conﬂictum
3246 2114 3517 2187 frigidam
3567 2114 3656 2170 bi-

2006 2207 2161 2270 bere)
2190 2221 2477 2260 venenum
2515 2204 2685 2260 letale
2708 2205 3005 2274 injecisse,
3038 2205 3215 2272 idque
3245 2204 3317 2259 ab
3361 2219 3427 2258 eo
3471 2201 3652 2259 simul

2004 2312 2137 2351 cum
2184 2311 2339 2366 aqua
2386 2294 2685 2350 haustum.
2743 2296 2885 2349 Cum
2940 2294 3283 2366 aliquandiu
3326 2295 3385 2349 in
3418 2293 3649 2349 tumulo

2002 2383 2114 2439 isto
2140 2383 2420 2452 jacuisset
2458 2382 2703 2449 Phocas,
2753 2383 3009 2437 universi
3059 2383 3344 2453 putabant
3391 2397 3525 2436 eum
3574 2381 3649 2436 ob

2002 2471 2260 2542 corporis
2290 2470 2544 2542 aliquem
2576 2471 2915 2541 languorem
2967 2471 3150 2541 quieti
3200 2487 3261 2526 se
3308 2470 3646 2541 aliquantu-

2002 2559 2125 2615 lum
2158 2560 2409 2614 dedisse.
2447 2560 2556 2614 Sed
2590 2575 2724 2614 cum
2759 2560 3224 2630 diutiusjaceret
3244 2563 3302 2613 et
3331 2574 3649 2630 aggressus

2004 2649 2243 2721 quidam
2278 2653 2574 2703 mortuum
2608 2665 2740 2703 eum
2770 2648 3332 2718 deprehendissetac
3363 2648 3433 2702 de
3465 2650 3650 2702 morte

2004 2740 2132 2809 ejus
2164 2754 2366 2792 rumor
2394 2736 2802 2803 increbuisset,
2831 2737 3030 2793 statim
3064 2738 3192 2808 ejus
3232 2735 3451 2792 milites
3498 2736 3647 2807 fuga

2005 2844 2067 2883 se
2098 2827 2418 2896 dederunt;
2449 2832 2507 2882 et
2550 2826 2924 2897 imperatoris
2972 2825 3148 2897 copiae
3199 2824 3417 2881 animis
3466 2828 3653 2880 aucta

2006 2919 2165 2970 sunt.
2218 2918 2376 2970 Inter
2423 2916 2682 2985 captivos
2734 2916 2892 2970 fuere
2956 2916 3067 2969 Leo
3131 2914 3653 2985 Theognostusque

2004 3003 2323 3072 Melisseni,
2357 3004 2721 3059 Theodosius
2771 3004 3156 3076 Mesanyctes,
3206 3007 3265 3058 et
3312 3002 3409 3058 alii
3460 3001 3652 3071 mulli,

2004 3110 2153 3165 quos
2184 3092 2432 3148 Basilius
2464 3093 2778 3165 imperator
2807 3108 3004 3149 secum
3036 3093 3096 3148 in
3128 3094 3280 3148 449
3313 3092 3516 3148 urbem
3549 3090 3653 3146 ad-

2004 3187 2196 3238 vectos
2223 3200 2325 3255 per
2356 3184 2612 3238 medium
2640 3184 2828 3238 forum
2854 3183 2910 3238 in
2942 3182 3242 3255 triumpho
3273 3180 3655 3247 duxit,asinis

258 3261 545 3326 Θεοδόσιος
577 3266 604 3319 6
633 3264 976 3336 Μεσανύκτης
1007 3266 1095 3321 καί
1150 3267 1313 3323 ἄλλοι
1370 3266 1597 3325 πολλοί.
1630 3266 1736 3329 Οὓς
1786 3269 1898 3341 μεθ’

2016 3253 2547 3344 imposi'tosﬁolum
2572 3272 2631 3327 in
2656 3272 2762 3326 hac
2786 3289 2844 3326 re
2864 3253 3143 3326 eximium
3166 3270 3373 3325 habuit
3402 3271 3653 3326 Leonem

261 3353 451 3408 ἑαυτοῦ
474 3354 503 3408 6
539 3353 795 3428 βασιλεὺς
828 3354 905 3417 εἰς
933 3356 1031 3424 τὴν
1058 3351 1222 3410 πόλιν
1256 3355 1549 3432 εἰσαγαγὼν
1600 3354 1687 3411 διὰ
1738 3358 1906 3430 μέσης

264 3436 624 3517 ἐθριάμϐευσε
675 3448 776 3513 τῆς
837 3444 1035 3521 ἀγορᾶς
1089 3440 1234 3508 ὄνοις
1300 3445 1676 3524 ἐφεζομένους,
1736 3446 1905 3518 μόνου

267 3532 596 3607 φεισάμενος
646 3530 875 3595 Λέοντος
929 3537 1025 3588 τοῦ
1102 3533 1465 3604 Μελισσηνοῢ,
1526 3534 1744 3610 Λέγεται
1803 3535 1906 3610 γάρ

266 3619 421 3682 οὗτος
484 3618 572 3674 ἐπὶ
621 3623 722 3689 τῆς
760 3620 1103 3697 παρατάξεως
1149 3627 1231 3695 τῷ
1279 3622 1462 3696 οἰκείῳ
1510 3621 1730 3702 ἀδελφῷ
1786 3630 1913 3679 Θεο-

264 3708 512 3783 γνώστῳ,
538 3708 956 3785 ἑπιχλευάζοντι
987 3710 1113 3772 τοὺς
1146 3711 1389 3787 βασιλεῖς
1418 3712 1509 3767 καὶ
1541 3708 1722 3788 ὕϐρεις
1753 3713 1911 3787 ἀπρε-

263 3802 382 3861 πεῖς
432 3796 490 3861 ἐς
536 3796 731 3860 αὐτοὺς
798 3798 1247 3875 ἀπορῥιπτοῦντι,
1288 3801 1609 3874 ἐπιτιμῆσαί
1663 3822 1722 3856 τε
1777 3802 1910 3874 μετᾶ

266 3882 515 3963 δακρύων
581 3884 788 3957 πολλὰ,
846 3888 935 3943 καὶ
999 3887 1369 3964 παρακαλέσαι
1444 3890 1745 3945 παύσασθαι
1810 3897 1908 3960 τῆς

262 3974 669 4050 ἀθυροστομίας
696 3978 784 4032 καὶ
825 3979 899 4051 μή
934 3977 1168 4041 ἀναιδῶς
1220 3974 1516 4055 ἐνυϐρίζειν
1547 3980 1624 4041 εἷς
1672 3979 1799 4041 τοὺς
1826 3979 1907 4034 οἷ-

261 4064 438 4127 κιίους
481 4061 765 4128 δεσπότας·
801 4065 917 4121 ἐπεὶ
948 4064 1006 4121 δὶ
1067 4070 1140 4137 μή
1202 4065 1399 4137 ἔπειθε,
1440 4068 1527 4123 καὶ
1586 4069 1677 4123 τὸν
1737 4089 1909 4144 σειρο-

265 4153 475 4225 μάστην
511 4156 623 4228 (48)
655 4154 890 4218 ἐκτείνας
922 4153 1107 4211 δοῦναι
1150 4159 1330 4230 τούτῳ
1367 4155 1603 4230 πολλὰς,
1637 4158 1773 4213 ὥστε
1815 4158 1906 4212 καὶ

260 4242 351 4297 τὸν
414 4242 646 4319 βασιλέα
700 4245 899 4320 θεωρὸν
959 4241 1089 4301 ὅντα
1142 4250 1249 4301 τῶν
1307 4246 1607 4322 γινομένων
1668 4248 1904 4303 ἀνειπεῖν

261 4333 396 4405 πρὸς
435 4332 565 4395 τοὺς
612 4335 912 4409 παρόντας’
955 4359 983 4387 ι(
1015 4333 1203 4404 Ἴδετε,
1235 4337 1281 4391 ὦ
1328 4336 1500 4407 οὗτοι,
1532 4337 1620 4415 ἀφ’
1651 4336 1768 4399 ὲνὸς
1817 4336 1904 4407 ξό-

264 4417 364 4476 λου
392 4423 485 4477 καὶ
518 4422 743 4498 σταυρὸν
773 4425 864 4478 καὶ
892 4424 1059 4479 πτύον
1088 4427 1223 4499 (49)·
1252 4448 1282 4478 ››
1310 4426 1407 4480 Διά
1450 4425 1649 4495 ταύτην
1682 4424 1771 4480 οὗν
1804 4427 1904 4494 τὴν

264 4510 434 4568 αἰτίαν
460 4510 674 4589 λᾶγεται
703 4516 784 4585 τῷ
813 4514 1002 4569 Λέοντι
1034 4517 1459 4591 συγχωρηθῆναι
1490 4514 1582 4569 τὸν
1612 4510 1902 4590 θρίαμϐον.

2015 3360 2415 3417 Melissenum.
2448 3364 2502 3417 Is
2530 3362 2743 3416 etenim
2778 3361 2977 3429 fertur,
3010 3377 3144 3415 cum
3169 3361 3295 3433 jam
3329 3360 3483 3415 acies
3530 3358 3655 3413 ins-

2019 3453 2370 3514 truerentur,
2402 3449 2835 3521 Theoguostum
2888 3451 3122 3505 fratrem
3175 3464 3350 3504 suum
3403 3448 3657 3504 subsan-

2019 3544 2256 3594 nantem
2289 3544 2346 3594 et
2374 3538 2648 3611 turpibus
2680 3538 3007 3595 maledictis
3038 3538 3423 3594 insectantem
3471 3536 3661 3608 impe-

2020 3632 2242 3683 ratores
2288 3627 2618 3699 lacrymans
2665 3629 2918 3699 graviter
2964 3629 3328 3700 objurgasse,
3362 3630 3420 3681 et
3447 3625 3658 3695 lingua

2017 3716 2131 3771 ista
2164 3716 2484 3787 petulantia
2512 3716 2806 3771 abstinere
2834 3717 3105 3786 jussisse,
3135 3731 3325 3786 neque
3353 3714 3433 3770 ita
3463 3713 3661 3785 impu-

2019 3805 2224 3859 denter
2272 3804 2528 3860 dominis
2577 3804 2701 3859 suis
2748 3803 3095 3872 conviciari;
3142 3819 3397 3874 cumque
3444 3802 3495 3856 is
3543 3818 3660 3857 non

2018 3894 2466 3964 obtemperaret,
2512 3894 2860 3949 seiromasta
2885 3894 3169 3948 intentato
3198 3892 3422 3962 aliquot
3450 3891 3499 3946 ei
3534 3890 3662 3962 pla-

2018 4000 2120 4052 gas
2178 3982 2565 4053 imposuisse;
2615 3987 2792 4053 atque
2833 3982 3027 4053 ipsum
3079 3983 3489 4052 imperatorem
3538 3979 3662 4035 haec

2020 4076 2383 4143 spectantem
2419 4072 2805 4143 prasentibus
2845 4071 3063 4125 dixisse
3103 4089 3116 4127 :
3169 4093 3196 4119 «
3250 4069 3545 4126 Videtisne
3591 4084 3663 4124 ex

2018 4161 2220 4215 eodem
2273 4160 2432 4231 ligno
2480 4176 2710 4215 crucem
2769 4163 2827 4214 et
2870 4158 3306 4214 ventilabrum?
3346 4176 3373 4209 ι
3410 4159 3481 4214 Et
3510 4158 3663 4213 hanc

2018 4247 2200 4305 fuisse
2229 4265 2469 4305 causam
2502 4265 2606 4304 cur
2639 4248 2885 4304 Leonem
2916 4248 2975 4303 in
3006 4248 3304 4321 triumpho
3335 4264 3451 4305 non
3487 4248 3663 4304 duce-

2015 4340 2125 4394 ret.

1400 4643 1798 4705 XYLANDRI
1844 4646 1943 4707 ET
1986 4643 2221 4705 GOARI
2266 4643 2521 4703 ΝΟΤᾹΞ.

332 4756 445 4844 (άξξ)
480 4754 647 4844 Σειρά
675 4759 764 4812 est
811 4757 1009 4844 restis.
1056 4757 1164 4813 Sed
1209 4757 1374 4844 quid,
1424 4757 1510 4844 si‘t’
1548 4759 1913 4844 σειρομάσττγς
1942 4765 1993 4828 D
2025 4758 2161 4844 quia
2189 4761 2245 4844 et
2274 4756 2392 4839 hinc
2413 4774 2480 4844 ex
2501 4758 2705 4844 eodem
2727 4756 3137 4844 quoqueliguo
3164 4756 3482 4844 fieri-posse
3504 4755 3667 4813 nulla

265 4828 485 4884 nescio.
520 4828 673 4899 Pene
699 4828 983 4884 scuticam
1016 4837 1434 4885 converteram.
1468 4828 1603 4899 Χγμι..
1633 4828 1724 4899 '+
1774 4832 1915 4899 Quid

264 4900 358 4975 εἰε-
383 4898 775 4975 σειρομάᾼστης,
824 4900 1034 4975 docent
1081 4900 1403 4975 Hesychius
1440 4918 1453 4975 :_
1488 4896 1627 4961 εἶδος
1676 4896 1913 4975 λόγῇίης,

264 4966 480 5026 Βυὶᾱιιε
510 4966 699 5043 εεῖδος
728 4970 1000 5042 ἀκοντίου,
1049 4966 1280 5028 Tzeties
1313 4990 1325 5027 :
1359 4971 1628 5027 ἀκόντιον.
1681 4966 1917 5043 Legitur

266 5057 431 5115 num.
482 5043 553 5095 25
601 5042 846 5115 Phioees
896 5044 1219 5099 Israelitam
1259 5052 1636 5115 scortumque
1666 5042 1917 5115 turpiter

267 5114 569 5188 copulatas
600 5113 935 5188 σειρομάστῃ
979 5116 1337 5188 confecisse;
1390 5133 1491 5188 pro
1540 5113 1655 5187 quo
1704 5113 1915 5188 Aquila

262 5181 429 5310 ponit
456 5181 1087 5257 xowév.'Symmachus
1118 5182 1269 5260 δόρυ,
1304 5181 1572 5257 νυὶεζειε’
1591 5181 1911 5260 pugionem.

310 5257 513 5310 exicon
544 5274 904 5310 anonvmum
936 5257 1075 5310 alibi
1108 5261 1223 5310 iam
1274 5260 1517 5310 citatum
1564 5255 1703 5310 εἶδος
1753 5259 1911 5310 ἀκον-

310 5257 513 5329 exicon
544 5255 904 5329 anonymum
936 5257 1075 5313 alibi
1100 5255 1223 5329 jam
1274 5255 1517 5315 citatum
1564 5255 1703 5320 εἶδός
1753 5259 1914 5313 ἀκον-

264 5324 895 5403 τέρειλόγχηςιίῦοιιιι-

335 5400 450 5471 (49)
482 5400 641 5473 Quod
669 5402 741 5457 de
788 5416 957 5456 cruce
1006 5404 1063 5456 et
1109 5400 1433 5456 ventilabro
1483 5402 1700 5456 dicitur
1746 5402 1914 5473 quasi

266 5471 497 5598 adagio,
533 5472 690 5528 hunc
720 5473 986 5544 suspicor
1020 5473 1227 5528 habere
1258 5489 1517 5540 sensum,
1571 5475 1722 5544 quod
1764 5471 1917 5530 crux

266 5559 376 5598 anu
446 5544 591 5598 istos
607 5561 800 5598 rerum
824 5543 1245 5598 pretiosissima
1265 5546 1522 5598 adeooue
1540 5547 1915 5598 sanctissima

266 5543 419 5616 apud
446 5544 591 5601 istos
607 5561 800 5600 rerum
824 5543 1245 5616 pretiosissima
1261 5546 1522 5616 adeoque
1540 5543 1915 5601 sanctissima

265 5630 357 5670 res
389 5615 725 5683 haberetur,
757 5615 1146 5672 ventilabrum
1176 5615 1444 5688 vulgaris
1467 5620 1523 5671 et
1570 5617 1721 5673 vilis.
1772 5617 1916 5672 Huic

266 5701 403 5760 ergo
435 5688 903 5757 maledicum,illi
927 5689 1261 5745 modestum
1285 5690 1662 5760 comparabat
1682 5690 1913 5754 fratres,

2023 4829 2113 4885 est
2144 4829 2368 4899 religio,
2399 4834 2457 4882 et
2486 4836 2620 4885 nota
2653 4829 2799 4885 vatis
2826 4829 3021 4885 divina
3051 4829 3360 4884 sententia.
3401 4830 3545 4883 XYL.
3598 4858 3666 4871 -—

2024 4904 2267 4956 Sensum
2320 4900 2580 4971 quidem,
2634 4919 2746 4955 non
2798 4905 2973 4956 verba
3020 4900 3312 4967 paruamiae
3367 4899 3667 4970 Xylander

2025 4977 2330 5027 assecutus
2352 4980 2459 5026 est.
2485 4972 2630 5037 Quid
2656 4974 2810 5027 enim
2837 4975 2891 5026 in
2918 4974 3220 5027 ventilabro
3243 4973 3370 5030 vile.
3396 4976 3496 5026 aut
3526 4972 3666 5040 quid

2026 5062 2058 5099 a
2088 5060 2256 5098 cruce
2287 5044 2371 5097 sic
2398 5043 2676 5109 alienum,
2708 5050 2771 5097 ut
2801 5059 2933 5097 cum
2982 5043 3053 5097 de
3104 5044 3285 5113 pretio
3336 5044 3403 5098 fit
3450 5058 3666 5107 sermo,

2024 5120 2349 5170 extremum
2399 5117 2734 5184 oppositum
2784 5114 3023 5169 teneat?
3069 5119 3127 5167 at
3158 5115 3379 5170 tenebit
3408 5119 3581 5181 certe,
3616 5116 3667 5170 si

2024 5202 2302 5257 germano
2334 5186 2390 5239 in
2425 5188 2755 5257 significatu
2792 5185 2893 5256 pro
2916 5186 3100 5251 ligneo
3124 5185 3468 5255 batillo,quo
3489 5191 3671 5254 terra,

2025 5256 2465 5322 rudera,sordes
2487 5256 2773 5327 exportari
2797 5257 2880 5311 vel
2903 5256 3115 5312 moveri
3146 5258 3355 5323 solent,
3376 5263 3670 5314 sumatur.

2024 5331 2268 5383 Sensum
2305 5330 2461 5382 hunc
2503 5331 2629 5398 jam
2680 5330 2751 5383 ab
2805 5329 3043 5397 antiquo
3094 5327 3371 5385 habuisse
3423 5333 3677 5385 testatur

2024 5398 2441 5469 Euchelnginm
2479 5400 2533 5454 in
2569 5399 3221 5472 defunctorumot‘ﬁcio,
3255 5417 3370 5472 quo
3401 5402 3674 5472 sacerdos

2024 5478 2238 5527 terram
2263 5472 2584 5541 injecturus
2608 5473 2870 5527 cadaveri
2904 5469 3069 5545 πτῦον
3105 5469 3405 5529 assumere
3436 5476 3491 5528 et
3518 5470 3673 5545 πτύῳ

2024 5561 2156 5616 θοιη
2217 5558 2524 5613 aspergere
2593 5546 2824 5616 legitur.
2896 5542 3159 5614 Πτυάριον
3220 5548 3277 5599 et
3336 5542 3670 5616 corruptius

2023 5614 2232 5689 πτυςιὶριΔ
2267 5617 2532 5689 ωνοᾶοτηὶ
2590 5614 2990 5689 pronuntiant.
3045 5617 3137 5689 Ita
3174 5616 3416 5672 Lexicon
3450 5614 3673 5689 anony-

2025 5686 2188 5743 mum
2223 5687 2363 5744 bibl.
2395 5692 2534 5761 Reg.
2560 5686 2754 5761 πτύον,
2785 5689 3066 5764 πτυάριον.
3108 5687 3289 5745 GOAR.
