3972 6146
269 392 387 459 {‘19

1621 382 1943 449 GEORGII
1986 380 2328 445 GEDRENI

3569 391 3688 454 180

340 526 648 585 Enimvero
682 524 870 583 Phoca
899 522 1083 597 Aprili
1116 538 1317 581 mense
1347 517 1927 588 mortuo,indictione

2114 514 2204 588 [P.
2242 516 2371 588 701]
2422 515 2581 590 Ἀρτι
2642 514 2701 571 δὶ
2754 520 2852 572 τοῦ
2907 522 3077 574 Φωκᾶ
3130 518 3494 585 ἀποθανόντος
3549 524 3686 579 κατὰ

273 617 566 685 secunda;
603 632 757 672 anno
789 617 860 671 ab
894 616 1118 685 origine
1147 630 1342 669 rerum
1374 613 1538 677 6497,
1569 611 1816 681 ejusque
1848 622 1932 661 re-

274 707 531 764 bellione
562 722 923 776 compressa,
970 705 1157 759 Durus
1203 704 1531 757 libertatem
1581 701 1933 754 consecutus

277 813 340 854 se
370 796 568 868 ipsum
602 793 919 865 recollegit,
955 797 1013 847 et
1043 792 1359 864 pristinum
1409 794 1685 845 conatum
1736 800 1930 857 perse-

278 887 380 958 qui
413 884 606 956 cmpit.
629 883 792 949 Quod
822 882 919 936 ubi
952 882 1188 936 rescivit
1216 880 1293 934 im
1307 884 1554 952 perator,
1576 893 1677 947 per
1707 876 1932 931 litteras

279 992 414 1032 eum
448 974 715 1029 hortatur
746 978 806 1027 ut
840 972 1074 1025 tandem
1106 968 1422 1025 Christiani
1458 965 1765 1037 sanguinis
1797 963 1931 1018 fun-

281 1063 457 1121 dendi
486 1063 659 1118 finem
691 1061 867 1116 faciat
898 1060 1073 1114 homo
1100 1063 1156 1113 et
1203 1058 1261 1112 in
1306 1056 1529 1127 judicio
1578 1054 1704 1107 vitae
1755 1057 1931 1125 gestae

279 1154 569 1210 rationem
602 1146 1057 1206 reddituruszvel
1089 1163 1217 1202 sero
1252 1145 1540 1217 intelligat
1571 1143 1711 1215 quid
1756 1156 1931 1213 expe-

281 1244 493 1309 diat,et
523 1241 937 1311 magistratum
971 1238 1084 1292 sibi
1116 1235 1394 1291 divinitus
1426 1233 1727 1306 praelatum
1761 1246 1937 1301 agno-

282 1335 426 1389 scat.
461 1330 562 1385 His
596 1328 806 1384 litteris
837 1328 1031 1383 Durus
1063 1325 1380 1392 emollitus,
1413 1339 1547 1378 cum
1578 1322 1629 1378 ei
1662 1322 1774 1375 fide
1823 1336 1935 1390 pu-

282 1420 437 1478 blica
460 1420 531 1475 de
561 1417 915 1490 impunitate
945 1420 1183 1471 cautum
1216 1418 1370 1469 esset
1399 1430 1465 1468 ac
1496 1413 1832 1475 securitate,
1878 1411 1937 1463 et

284 1506 636 1579 ouropalatas
667 1505 925 1577 dignitas
953 1504 1011 1558 in
1045 1504 1239 1575 ipsum
1270 1501 1658 1571 collata,cum
1688 1498 1937 1569 impera-

283 1603 410 1653 tore
437 1596 498 1651 in
524 1593 771 1667 gratiam
816 1593 1007 1649 rediit.
1058 1597 1185 1648 Non
1235 1596 1431 1647 tamen
1475 1591 1755 1661 dignatus
1801 1600 1936 1641 eum

288 1688 445 1744 Deus
494 1688 584 1740 est
631 1688 696 1739 ut
745 1683 933 1738 oculis
962 1682 1086 1736 suis
1116 1682 1529 1751 imperatorem
1560 1680 1887 1733 intueretur
1918 1689 1935 1729 ε

289 1790 425 1831 nam
456 1772 514 1827 in
550 1773 700 1828 447
737 1772 947 1827 itinere
977 1770 1138 1826 visus
1169 1785 1410 1825 sensum
1452 1767 1669 1836 amisit,
1719 1780 1936 1821 caecus-

2037 604 2128 658 τὸν
2164 603 2486 677 Ἀπρίλλιον
2540 612 2686 677 μῆνα
2738 613 2841 675 τῆς
2891 606 3138 683 δευτέρας
3198 607 3539 675 ίνδικτιῶνος
3588 618 3687 668 τοῦ

2039 693 2201 770 ,ςυιυζῖ
2232 688 2403 760 ἔτους,
2452 694 2541 747 καὶ
2589 701 2691 764 τῆς
2736 697 2854 750 κατ’
2884 696 3043 751 αύτὸν
3103 698 3439 762 ἀποστασίας
3496 700 3689 757 διαλυ-

2041 782 2240 852 Θείσης,
2274 779 2456 847 ἀδείας
2508 778 2808 856 λαϐόμενος
2855 786 2883 839 ὁ
2930 784 3183 862 Σκληρὸς
3229 788 3394 845 πάλιν
3452 790 3688 865 ἀνελάμ-

2042 866 2197 927 ϐανεν
2259 872 2445 927 ὶαυτὸν
2500 871 2589 926 καὶ
2644 873 2744 942 τὴν
2799 874 3062 951 προτέραν
3105 874 3410 950 ἐσωμάσκει
3452 879 3691 935 ἀποστα-

2041 960 2180 1017 σίαν.
2213 963 2386 1035 Ὅπερ
2415 961 2715 1035 πυθόμενος
2745 964 2773 1018 6
2819 962 3070 1039 βασιλεὺς
3121 967 3408 1041 γράμμασι
3455 968 3694 1043 παρῄνει

2041 1051 2203 1126 κόρον
2237 1045 2423 1105 λαϐεῖν
2467 1052 2566 1121 τῆς
2611 1056 2720 1106 τῶν
2770 1058 3112 1127 Χριστιανῶν
3162 1055 3375 1130 χύσεως
3421 1059 3690 1131 αἱμάτων,

2043 1138 2325 1217 ἄνθρωπον
2358 1140 2447 1194 καὶ
2480 1140 2639 1196 αὐτὸν
2674 1137 2804 1197 ὄντα
2831 1142 2921 1198 καί
2961 1144 3185 1209 θάνατον
3243 1143 3692 1222 προσδεχόμενον

2041 1230 2132 1285 καὶ
2188 1230 2388 1305 κρίσιν,
2421 1228 2510 1285 καὶ
2569 1230 2668 1305 ὀψέ
2715 1252 2849 1287 ποτε
2897 1240 3224 1307 μεταμαθεῖν
3277 1236 3341 1290 τὸ
3391 1239 3691 1315 συμφέρον,

2041 1319 2248 1375 καὶτὸν
2283 1319 2343 1374 έκ
2370 1324 2504 1375 Θεοῦ
2559 1318 2849 1394 δεδομένον
2909 1324 3151 1398 ἄρχοντα
3201 1323 3519 1399 ἐπιγνῶναι,
3556 1326 3698 1384 Τού-

2041 1428 2158 1469 τοις
2217 1404 2276 1462 δὲ
2326 1413 2447 1470 τοῖς
2501 1409 2789 1483 γράμμασι
2850 1409 3161 1486 μαλαχθεὶς
3191 1410 3418 1481 ἐκεῖνος,
3451 1413 3542 1469 καὶ
3604 1414 3700 1469 πί-

2045 1516 2187 1558 στεις
2220 1492 2404 1551 λαϐὼν
2434 1496 2508 1559 ὡς
2567 1495 2722 1553 οὐδὶν
2772 1498 3139 1571 ῥποστήσεται
3189 1499 3452 1579 φλαῦρον,
3482 1503 3700 1559 κατατί-

2046 1585 2285 1643 θεταιτά
2314 1584 2461 1641 ὅπλα
2509 1587 2597 1641 καὶ
2649 1592 2732 1660 τῷ
2787 1585 3002 1662 βασιλεῖ
3057 1587 3359 1660 σπένδεται,
3417 1611 3699 1667 κουροπα-

2045 1676 2220 1746 λάτης
2249 1675 2521 1749 τιμηθείς.
2549 1675 2627 1733 Οὐ
2663 1676 2849 1749 μέντοι
2876 1698 2938 1753 γε
2964 1677 3055 1733 καὶ
3088 1677 3397 1753 ὀφθαλμοῖς
3441 1679 3535 1736 τὸν
3597 1682 3700 1758 βα-

2046 1763 2203 1820 σιλέα
2258 1766 2544 1829 θεάσασθαι
2595 1765 2828 1836 ἠξιώθη’
2860 1766 2996 1822 κατὰ
3045 1769 3150 1843 γὰρ
3200 1769 3302 1837 τήν
3358 1767 3482 1825 ὁδὸν
3532 1769 3701 1847 ἄορα-

290 1880 405 1936 que
429 1863 501 1919 ad
534 1861 814 1918 Basilium
846 1865 936 1916 est
964 1859 1359 1915 introductus.
1407 1859 1478 1913 Et
1525 1857 1576 1913 is
1624 1859 1936 1928 conspecto

2096 1853 2138 1926 ἷᾳ
2192 1853 2429 1930 πληγεὶς
2472 1855 2571 1923 τὴν
2631 1856 2889 1930 ὁρατικὴν
2954 1852 3220 1912 ἀπέϐαλεν
3297 1855 3543 1930 αἵσθησιν
3600 1860 3699 1915 καὶ

289 1952 446 2009 Duro
476 1950 695 2006 dixisse
722 1950 908 2005 fertur
936 1948 1304 2004 astantibus:
1335 1970 1362 1999 ‹‹
1392 1949 1575 2013 Quem
1606 1946 1688 2001 ita
1718 1950 1939 2001 metue-

290 2039 427 2095 bam
459 2042 524 2092 ut
553 2036 1087 2104 contremiscerem,
1121 2036 1170 2090 is
1214 2023 1463 2091 aliorum
1514 2034 1787 2090 manibus
1834 2033 1938 2088 de-

291 2128 510 2184 ductus
541 2125 717 2181 venit.
746 2145 776 2175 »

361 2303 629 2360 Civilium
660 2301 948 2358 bellorum
976 2303 1130 2359 mole
1160 2319 1225 2359 ac
1255 2303 1415 2359 curis
1443 2302 1726 2360 liberatus
1755 2302 1939 2374 impe-

295 2401 459 2449 rator
484 2393 555 2449 de
588 2391 923 2448 ulcisr'endo
955 2392 1224 2447 Samuelo
1256 2392 1505 2463 aliisque
1535 2392 1753 2463 regulis
1800 2409 1941 2448 eon-

297 2482 432 2539 silia
453 2481 606 2549 iniit;
623 2480 722 2553 qui
742 2481 870 2552 ipso
895 2480 1320 2537 rebellionibus
1343 2487 1624 2551 occupato
1646 2481 1944 2536 licentiam

290 2572 452 2628 nacti
483 2570 640 2626 haud
674 2571 884 2642 exigua
913 2570 1131 2625 damna
1164 2571 1424 2627 Romano
1454 2571 1699 2642 imperio
1730 2570 1945 2625 intule-

293 2664 446 2717 rant.
484 2660 611 2714 Exit
657 2675 797 2730 ergo
846 2658 907 2713 in
960 2658 1267 2714 Thraciam
1313 2664 1371 2714 et
1420 2659 1841 2725 Macedoniam,
1889 2663 1946 2714 et

293 2750 775 2807 Thessalonicam
834 2751 1164 2818 descendit,
1219 2750 1438 2821 gratias
1485 2754 1680 2806 actum
1731 2766 1945 2821 magno

294 2838 539 2911 martyri
571 2838 883 2894 Demetrio.
916 2840 1064 2893 Tum
1097 2839 1443 2910 magistrum
1466 2839 1811 2911 Gregorium
1842 2840 1948 2894 Ta-

296 2928 547 2984 ronitam
583 2927 662 2982 ibi
693 2943 824 2981 cum
860 2928 1051 2982 valido
1084 2928 1351 2996 praesidio
1373 2928 1651 2997 relinquit
1672 2930 1739 2982 ad
1769 2928 1945 2999 repri-

296 3018 543 3073 mendas
564 3016 821 3072 Samueli
844 3016 1238 3085 grassationes
1268 3016 1417 3088 .Ipse
1451 3017 1653 3087 Cpolin
1677 3033 1946 3073 reversus

295 3105 434 3161 inde
462 3106 521 3159 in
556 3104 803 3161 Iberiam
836 3106 1259 3175 prolisciscitur
1290 3123 1303 3160 :
1339 3122 1472 3160 nam
1514 3107 1643 3175 ejus
1692 3107 1947 3177 regionis

2043 1942 2248 2022 τυφλὸς
2280 1942 2512 2020 εἰσήχθη
2554 1945 2691 2017 πρὸς
2749 1943 2993 2019 βασιλέα.
3025 1947 3121 2004 “Ov
3179 1947 3697 2024 χειραγωγούμενον

2048 2033 2253 2097 έκεῖνος
2332 2033 2655 2106 Θεασάμενός
2729 2054 2861 2111 φησι
2945 2035 3082 2111 πρὸς
3162 2035 3292 2098 τοὺς
3375 2037 3698 2113 παρόντας·

2049 2147 2079 2175 ι(
2108 2124 2205 2180 ‘Ov
2240 2116 2557 2201 ἐφοϐούμην
2613 2122 2704 2178 καὶ
2754 2120 3003 2197 ἔτρεμον,
3033 2124 3554 2201 χειραγωγούμενος
3616 2125 3704 2204 ἶρ-

2046 2231 2225 2288 χεται.
2260 2234 2289 2263 ))

2119 2298 2442 2365 Ἀπολυθεὶς
2474 2297 2530 2355 δὲ
2565 2304 2673 2356 τῶν
2734 2300 3016 2379 ἐμφυλίων
3075 2303 3335 2377 πολέμων
3382 2304 3472 2360 καὶ
3529 2324 3707 2384 φρον-

2046 2389 2211 2447 τίδων
2270 2392 2298 2445 6
2356 2389 2631 2465 βασιλεὺς,
2690 2396 2808 2453 πῶς
2862 2389 2922 2447 ἂν
2983 2388 3236 2463 διάθηται
3292 2395 3359 2449 τὰ
3414 2394 3552 2449 κατὰ
3605 2396 3709 2449 τὸν

2053 2478 2324 2552 Σαμουὴλ
2355 2477 2569 2534 ἐσκόπει
2602 2478 2692 2534 καὶ
2720 2478 2846 2543 τοὺς
2887 2478 3120 2543 λοιποὺς
3165 2483 3470 2558 τοπάρχας,
3505 2481 3711 2546 οἵτινες

2048 2575 2167 2631 ταῖς
2224 2567 2574 2632 ἁποστασίαις
2620 2566 3102 2645 ένασχολουμίνου
3308 2569 3490 2627 ἄδειαν
3548 2570 3711 2642 εἴλη-

2052 2659 2209 2736 φότες
2284 2657 2345 2713 ού
2423 2658 2589 2732 μικρᾶ
2659 2659 2755 2721 τὰς
2825 2663 2933 2713 τῶν
2990 2659 3279 2733 Ῥωμαίων
3355 2658 3710 2736 ἐπικρατείας

2051 2746 2609 2817 ἰλύπησαν.Ἕξεισιν
2660 2744 2750 2801 οὖν
2807 2746 2887 2810 εἷς
2924 2747 3055 2803 τάπὶ
3112 2749 3325 2823 Θρᾴκης
3380 2750 3469 2803 καὶ
3528 2756 3714 2805 Μακε-

2053 2835 2235 2898 δονίας
2284 2836 2487 2911 χωρία,
2529 2837 2620 2890 καὶ
2677 2836 2913 2892 κάτεισιν
2969 2837 3046 2899 εἰς
3092 2836 3517 2909 Θεσσαλονίκην,
3567 2839 3710 2893 ἀπο·-

2054 2924 2242 2981 δώσων
2301 2926 2368 2979 τὰ
2418 2924 2809 3001 εύχαριστήρια
2862 2930 2943 2999 τῷ
3004 2925 3446 3003 μεγαλομάρτυρι
3504 2934 3709 3001 Δημη-

2050 3015 2206 3092 τρίῳ·
2260 3013 2430 3069 ἰκεῖσέ
2484 3035 2541 3069 τε
2592 3013 2895 3090 Γρηγόριον
2959 3017 3252 3092 μάγιστρον
3309 3016 3401 3071 τὸν
3461 3015 3710 3091 Ταρωνὶ-

2050 3126 2149 3174 την
2208 3102 2396 3179 ἄρχειν
2454 3104 2653 3175 λιπὼν,
2688 3100 2815 3165 δοὺς
2863 3102 3012 3176 αὖτῷ
3057 3104 3148 3159 καὶ
3196 3106 3420 3180 στρατὸν
3476 3102 3708 3178 ἀξιόμα-

291 3193 655 3267 curopalates
687 3194 940 3248 Davidus
974 3195 1229 3249 moriens
1259 3194 1670 3265 imperatorem
1702 3211 1941 3250 suarum

2096 3216 2159 3267 ον
2182 3193 2265 3268 ἐφ’
2295 3193 2340 3265 ᾧ
2371 3191 2568 3267 ε’ίργειν
2596 3193 2686 3247 καὶ
2730 3192 3047 3248 ἀνακόπτειν
3106 3193 3202 3257 τὰς
3255 3191 3556 3268 ἐπιδρομὰς
3602 3200 3709 3251 τοῦ

289 3255 733 3356 possessionum
766 3283 1040 3339 heredem
1070 3255 1402 3355 scripserat.
1454 3288 1530 3340 Eo
1578 3284 1759 3356 igitur
1807 3301 1941 3356 pro-

2096 3255 2347 3354 ,αμουήλ,
2380 3255 2541 3343 αύτὸς
2594 3279 2932 3354 ὑποστρέψας
2983 3280 3081 3335 κάν
3249 3255 3490 3358 βασιλίδι
3543 3255 3707 3359 λγενό-

287 3375 498 3439 tectua
530 3372 853 3428 constituta
881 3372 1285 3441 hereditale,et
1312 3372 1557 3445 Georgio
1589 3374 1783 3429 Davidi
1829 3375 1942 3429 fra-

292 3466 382 3518 tre
409 3478 476 3517 eo
506 3461 760 3516 adducto
790 3466 856 3514 ut
885 3461 935 3515 is
967 3478 1031 3516 se
1060 3461 1339 3515 interiore
1370 3462 1559 3517 Iberia
1600 3467 1941 3517 contentum

288 3550 414 3605 fore
444 3564 634 3620 neque
666 3548 858 3603 aliena
888 3542 1230 3603 invasurum
1267 3551 1651 3620 promitteret,
1686 3551 1798 3605 icto
1843 3552 1941 3605 foe-

290 3639 430 3695 dere
478 3654 614 3693 cum
664 3654 731 3693 eo
762 3642 820 3693 et
850 3644 1085 3709 accepto
1117 3638 1246 3709 ejus
1278 3638 1397 3693 filio
1430 3639 1655 3704 obside,
1688 3640 1745 3693 in
1779 3640 1942 3694 Phoe-

289 3726 504 3785 niciam
541 3726 752 3798 pergit,
786 3740 982 3782 secum
1020 3728 1239 3783 ducens
1270 3725 1447 3782 etiam
1480 3745 1599 3783 sua:
1622 3729 1817 3783 Iberia:
1844 3744 1942 3800 ge-

292 3831 431 3870 nere
464 3814 898 3882 nobilissimos;
953 3832 1202 3885 quorum
1251 3816 1495 3886 primari
1544 3823 1712 3872 erant
1757 3823 1943 3873 Pacu-

290 3904 861 3971 rianus,Phebdatus
891 3912 949 3961 et
980 3907 1224 3961 Pherses
1258 3910 1464 3961 fratres
1496 3909 1942 3979 germani,quos

289 3993 467 4049 etiam
500 3994 742 4065 patricio
788 3994 1007 4050 honore
1054 3996 1366 4051 decoravit.
1417 4000 1735 4066 Postquam
1786 3997 1940 4053 448

288 4082 349 4136 in
384 4082 740 4137 Phaniciam
773 4089 1013 4137 ventum
1045 4089 1156 4150 est,
1189 4085 1465 4154 Tripolis,
1500 4086 1941 4158 Damasci,Tyri

289 4169 600 4243 Berytique
632 4185 863 4225 ameras
891 4170 1051 4242 (nam
1087 4170 1146 4225 hi
1200 4171 1376 4243 paulo
1427 4177 1563 4228 ante
1609 4173 1737 4243 ipso
1786 4173 1941 4229 civili

287 4265 491 4313 contra
539 4256 791 4314 Phocam
841 4258 990 4314 bello
1038 4259 1295 4326 detento,
1328 4261 1471 4317 inito
1499 4262 1713 4318 {cedere
1741 4267 1944 4319 contra

284 4344 665 4403 Antiocheam
697 4363 862 4402 arma
891 4347 1227 4413 tulerant,et
1256 4349 1601 4406 Damianum
1628 4351 1941 4423 patricium

284 4436 414 4506 ejus
447 4435 612 4490 urbis
645 4437 985 4506 praefectum
1014 4454 1209 4509 pugna
1233 4456 1610 4509 congressum
1645 4440 1945 4497 interfece-

285 4529 439 4590 rant,
473 4523 725 4594 urbique
750 4524 901 4578 haud
928 4528 1199 4595 exiguum
1232 4528 1553 4595 periculum
1596 4530 1942 4603 objicerant)

2057 3391 2216 3444 μενος
2267 3372 2462 3425 ἄνεισιν
2520 3367 2598 3433 εῗς
2649 3364 2913 3443 Ἰϐηρίαν·
2946 3367 3055 3439 ἤδη
3112 3369 3213 3445 γὰρ
3252 3371 3341 3425 καὶ
3368 3372 3396 3426 6
3426 3390 3709 3447 κουροπα-

2053 3460 2225 3529 λάτης
2255 3457 2526 3529 ἐτεθνήκει
2560 3453 2747 3529 Δαϐὶδ,
2774 3456 3129 3533 κληρονόμον
3176 3463 3283 3514 τῶν
3332 3460 3478 3531 αὐτῷ
3531 3480 3712 3533 προσ-

2052 3548 2296 3617 ηκόντων
2328 3546 2539 3622 γράψας
2587 3547 2679 3601 τὸν
2740 3544 2983 3620 βασιλέα.
3016 3548 3222 3602 ’Βκεῖσε
3284 3544 3341 3602 δὲ
3385 3547 3710 3622 γενόμενος,

2049 3638 2135 3691 καὶ
2169 3637 2268 3705 τήν
2303 3633 2545 3690 δοθεῖσαν
2584 3635 2730 3707 αὐτῷ
2776 3634 3152 3712 κληρονομίαν
3202 3636 3703 3709 καταστησάμενος,

2048 3726 2258 3781 καὶτὸν
2302 3728 2399 3779 τοῦ
2446 3722 2862 3799 κουροπαλάτου
2908 3719 3075 3780 Δαϐὶδ
3118 3726 3229 3798 (51)
3280 3725 3547 3799 Γεώργιον
3604 3725 3704 3780 τὸν

2048 3822 2149 3883 τῆς
2191 3809 2455 3887 ἐνδοτέρω
2485 3808 2725 3885 Ἰϐηρίας
2776 3814 3017 3888 ἄρχοντα
3062 3818 3179 3876 τοῖς
3232 3811 3453 3877 οἰκείοις
3510 3813 3707 3886 ἀδιρεῖ-

2051 3914 2171 3967 σθαι
2202 3903 2389 3963 πείσας
2420 3903 2508 3957 καὶ
2546 3904 2620 3974 μὴ
2653 3897 2946 3956 ἐπιϐαίνειν
3004 3908 3122 3964 τοῖς
3172 3899 3514 3977 ἀλλοτρίοις,
3547 3922 3708 3957 σπει-

2051 3990 2279 4063 σάμενός
2340 4011 2399 4045 τε
2454 3990 2601 4063 αὐτῷ
2657 3991 2746 4044 καὶ
2799 3989 3012 4066 ὅμηρον
3071 3988 3319 4067 εἲληφὼς
3372 3990 3465 4045 τὸν
3503 3989 3709 4046 τούτου

2052 4080 2191 4149 υἱὸν,
2237 4076 2445 4135 ἄπεισιν
2506 4078 2582 4141 εἲς
2639 4079 2927 4149 Φοινίκην,
2988 4075 3134 4154 ἔχων
3198 4078 3317 4152 μεθ’
3369 4079 3559 4134 ἑαυτοῦ
3611 4080 3709 4134 καὶ

2048 4168 2174 4231 τοὺς
2223 4168 2276 4224 έν
2332 4171 2401 4242 τῇ
2450 4169 2566 4223 κατ’
2597 4166 2755 4223 αὐτὸν
2789 4162 3001 4243 Ἰϐηρίᾳ
3030 4165 3165 4223 κατᾶ
3189 4167 3341 4241 γένος
3397 4166 3712 4241 πρωτεύον-

2047 4280 2166 4327 τας,
2199 4260 2273 4312 ὧν
2331 4258 2466 4326 ἦσαν
2525 4261 2815 4334 κορυφαῖοι
2874 4258 2903 4311 6
2962 4255 3333 4329 Πακουριάνος
3363 4257 3452 4311 καὶ
3485 4251 3711 4311 Φεϐδά-

2019 4342 2141 4410 ίτος
2172 4348 2261 4402 καὶ
2295 4348 2511 4422 Φέρσης
2542 4346 2595 4400 οἱ
2644 4342 2995 4424 αὐτάδελφοι,
3027 4343 3123 4406 οὓς
3169 4344 3257 4399 καὶ
3317 4345 3395 4409 εἷς
3448 4346 3540 4400 τὸν
3598 4350 3717 4400 τῶν

2049 4436 2347 4511 πατρικίων
2396 4430 2679 4490 ἀνεϐίϐασε
2735 4439 2931 4499 θῶκον.
2970 4477 2983 4491 .
3019 4435 3107 4491 Ἐν
3159 4433 3387 4508 Φοινίκῃ
3435 4431 3493 4489 δὶ
3548 4436 3713 4509 γενό-

2054 4547 2233 4599 μενος,
2262 4530 2354 4580 καί
2383 4525 2474 4580 τὸν
2508 4522 2829 4597 Τριπόλεως
2856 4522 3075 4598 ἀμηρᾶν
3123 4524 3211 4578 καὶ
3263 4524 3358 4578 τὸν
3415 4528 3713 4597 Δαμασκοῦ

284 4613 472 4685 coegit
498 4612 779 4667 Romanis
814 4616 1110 4684 parere.Et
1140 4622 1426 4687 quantum
1459 4619 1589 4688 ejus
1622 4618 1745 4673 ﬁeri
1776 4624 1940 4690 pote-

2096 4617 2142 4670 αὶ
2189 4615 2367 4687 Τύρου
2417 4613 2507 4669 καὶ
2566 4612 2815 4686 Βηρύτου
2868 4612 3041 4685 (οὗτοι
3069 4610 3171 4685 γὰρ
3202 4611 3308 4686 πρὸ
3341 4611 3534 4689 ὀλίγου
3566 4613 3716 4686 ὁμου

286 4707 377 4758 rat
406 4702 582 4758 rebus
609 4702 739 4757 istis
770 4702 827 4757 in
883 4708 1075 4758 tutum
1127 4705 1401 4773 redactis,
1457 4707 1713 4779 acceptis
1767 4709 1942 4766 etiam

286 4790 615 4861 obsidibus,
650 4792 799 4847 redit
829 4791 1193 4864 Byzantium.

2056 4708 2350 4777 νοήσαντες
2410 4702 2498 4757 καὶ
2560 4699 2707 4755 ὅπλα
2757 4701 2893 4755 κατὰ
2931 4708 3031 4769 τῆς
3061 4700 3396 4775 Ἀντιοχείας
3449 4703 3716 4771 κινήσαν-

2051 4816 2160 4865 τες,
2192 4798 2287 4847 τοῦ
2321 4791 2588 4866 βασιλέως
2615 4794 2695 4863 τῷ
2738 4790 2878 4865 πρὸς
2914 4789 3006 4844 τὸν
3058 4794 3254 4843 Φωκᾶν
3301 4787 3537 4863 πολέμῳ
3577 4810 3722 4866 σχο-

289 4875 578 4946 λάζοντος,
611 4878 878 4950 Δαμιανὸν
937 4900 995 4934 τε
1048 4881 1141 4935 τὸν
1201 4883 1485 4956 πατρίκιον
1519 4884 1577 4945 ὃς
1606 4885 1777 4959 ἦρχεν
1808 4887 2146 4963 ’Δντιοχείας
2176 4882 2409 4957 πολέμῳ
2438 4875 2791 4954 συμϐαλόντα
2826 4878 3043 4941 τούτοις
3091 4878 3308 4935 ἀνεῖλον
3340 4878 3429 4934 καὶ
3460 4876 3714 4936 κίνδυνον

291 4964 355 5020 ού
388 4966 581 5040 μικρὸν
613 4970 680 5039 τῇ
713 4966 874 5022 πόλει
906 4966 1171 5041 έπέσειον)
1194 4972 1277 5043 [Ρ.
1308 4973 1438 5041 70;[
1466 4972 1539 5032 ὡς
1579 4971 1703 5042 ένῆν
1736 4973 2177 5052 ἀσφαλισάμενος
2212 4971 2387 5047 μένειν
2414 4974 2483 5044 τῇ
2525 4967 2790 5025 δουλώσει
2822 4967 3134 5043 Ῥωμαίων,
3163 4967 3253 5024 καὶ
3297 4966 3485 5043 ὅμηρα
3522 4964 3717 5025 λαϐὼν

293 5052 704 5128 έπαναζευγνύει
736 5056 871 5131 πρὸς
900 5056 963 5111 τὸ
997 5059 1307 5126 Βυζάντιον.

370 5144 435 5199 In
467 5143 658 5201 reditu
690 5162 824 5202 eum
853 5164 956 5219 per
997 5147 1427 5221 Cappadociam
1476 5149 1588 5207 iter
1636 5152 1945 5210 facientem

2129 5151 2345 5206 Διιόντα
2377 5147 2435 5204 δὶ
2473 5150 2663 5203 τοῦτον
2706 5144 2766 5201 bc
2814 5141 3206 5209 Καππαδοκίας
3258 5142 3557 5211 Εὖστάθιὸς
3606 5143 3719 5219 μά·-

1430 5299 1837 5359 ΧΥΙΑΑΝΟΗΙ
1883 5300 1983 5361 ET
2029 5299 2268 5361 GOARI
2314 5297 2573 5359 NOT/E.

367 5410 475 5495 (βο)
509 5411 641 5495 Haec
670 5429 777 5495 vox
806 5418 1233 5495 quantumlibet
1266 5422 1620 5495 reclamante
1650 5423 1947 5495 Xylandro

296 5486 626 5566 retinenda,
658 5490 715 5541 et
741 5489 928 5566 vorsio
959 5490 1064 5544 hoc
1100 5496 1274 5566 pacto
1295 5494 1639 5566 corrigenda
1674 5486 1821 5566 {qui
1862 5510 1946 5549 re-

296 5555 636 5683 gellionibm
666 5563 879 5615 assueti
907 5566 957 5616 et
987 5555 1295 5633 exercitati,
1328 5555 1784 5633 datavoccasion'e,
1832 5571 1943 5622 etc.

346 5642 479 5681 om.

369 5697 483 5770 (51)
515 5693 781 5777 ’Λδελφόν
825 5703 1031 5760 deest:
1066 5705 1167 5759 sed
1215 5708 1273 5761 et
1312 5721 1524 5762 sensus
1574 5707 1682 5764 hoc
1731 5722 1945 5781 sugge-

2060 5422 2225 5477 rebat
2249 5425 2305 5475 et
2335 5420 2511 5475 habet
2538 5420 2813 5475 Zonaras.
2847 5416 2965 5473 Hoc
2994 5416 3217 5490 exloco
3248 5420 3492 5490 apparet
3537 5432 3717 5490 regu-

2058 5495 2145 5549 los
2177 5493 2343 5557 istos,
2373 5509 2477 5546 seu
2504 5491 2810 5563 regionum
2842 5489 3121 5545 Romanis
3152 5488 3474 5563 vicinarum
3520 5488 3716 5545 domi-

2056 5581 2186 5631 nos,
2218 5565 2411 5619 vocari
2442 5560 2834 5633 euro'palatas,
2859 5565 2916 5617 et
2945 5576 3124 5633 supra
3155 5576 3388 5633 quoque
3418 5560 3573 5616 facta
3622 5564 3715 5619 est

2058 5635 2273 5693 alicubi
2309 5635 2505 5691 Iberia
2546 5631 2895 5707 europalatte
2925 5631 3332 5689 ωθιιιὶοζχγιζ.
