3968 6140
235 365 343 431 {ﬁt

1355 362 1905 427 HISTORIARUM
1949 362 2496 428 COMPENDIUM.

3517 364 3638 429 182

232 495 496 574 γιετροςὸ
525 493 801 558 Μαλεῖνος
830 492 882 551 ἰν
938 498 1056 558 τοῖς
1113 493 1334 558 οἰκείοις
1392 492 1681 568 ὑπεδέξατο
1728 515 1861 550 παν-

1982 497 2263 570 magister
2283 497 2624 555 Eustathius
2648 498 2935 557 Maleinus
2965 498 3221 571 hospitio
3250 498 3475 570 excepit
3494 514 3629 557 cum

232 587 430 661 στρατὶ,
461 592 629 642 πᾶσαν
684 585 831 657 αὖτῷ
869 606 930 640 τε
975 584 1064 640 καὶ
1106 590 1188 658 τῷ
1232 584 1591 661 στρατεύματι
1624 586 1874 662 ἀφθόνως

229 676 586 751 παρεσχηκὼς
650 674 920 750 χορηγίαν
955 693 967 705 ·
1020 673 1077 729 6'v
1137 674 1212 738 ὡς
1267 675 1411 749 τάχα
1475 671 1873 746 ἀποδεξάμενος

228 766 310 822 καὶ
340 763 616 826 ἐπαινέσας
663 764 754 819 καὶ
789 764 903 836 μετ’
948 761 1112 818 αύτοῦ
1154 757 1605 838 προσλαϐόμενος
1659 763 1735 824 εἰς
1773 764 1873 830 τὴν

230 852 477 919 Βασιλίδα
533 850 718 909 ἔκτοτε
779 852 1110 926 ὑποστρέψαι
1170 852 1230 907 οὐ
1288 853 1694 927 συνεχώρησεν,
1728 850 1872 907 ἀλλὰ

228 946 474 1017 χορηγῶν
525 939 672 1013 αύτῷ
722 937 969 1013 δαψιλῶς
996 940 1065 993 τὰ
1091 939 1228 1011 πρὸς
1256 940 1354 1007 τὴν
1388 938 1577 1013 χρείαν
1624 938 1712 993 καὶ
1762 934 1870 992 ὤσ-

227 1051 321 1106 περ
359 1051 411 1084 τι
441 1029 629 1105 θηρίον
660 1029 871 1105 τρέφων
903 1026 955 1083 ἒν
982 1048 1088 1081 τινι
1127 1032 1279 1100 σηκῷ
1307 1034 1579 1103 κατεῖχεν,
1619 1026 1725 1090 ἓως
1775 1027 1869 1082 αὐ-

226 1120 310 1175 τὸν
331 1118 419 1173 καὶ
464 1119 528 1174 τὸ
557 1117 723 1193 πέρας
749 1118 847 1174 τοῦ
882 1116 1005 1193 βίου
1031 1112 1318 1173 κατέλαϐε.
1370 1116 1583 1173 Τούτου
1635 1114 1693 1170 δὲ
1739 1115 1870 1170 ἀπο-

227 1209 465 1269 θανόντος
492 1209 530 1277 ἡ
573 1213 765 1277 κτῆσις
796 1206 961 1263 αὐτοῦ
990 1210 1134 1262 πᾶσα
1163 1202 1579 1279 δεδημοσίευτο.
1626 1207 1869 1280 Ἔγραψε

227 1294 280 1353 δὶ
307 1296 392 1352 καί
448 1297 617 1369 νόμον
673 1296 701 1350 6
764 1293 1018 1371 βασιλεὺς
1051 1292 1305 1370 εἷ’ργοντα
1354 1293 1479 1359 τοὺς
1513 1292 1769 1356 δυνατοὺς
1812 1293 1867 1351 ἐν

224 1382 378 1457 ὁμάδι
434 1384 657 1459 χωρίων
716 1384 1035 1456 αὐξάνεσθαί
1093 1385 1234 1457 (52).
1296 1386 1474 1440 Τοῦτο
1533 1380 1591 1437 δὲ
1646 1382 1735 1437 καὶ
1760 1383 1867 1457 πρὸ

1983 587 2252 643 universo
2284 588 2559 654 exercitu,
2592 590 2910 661 omniaque
2942 590 3175 645 abunde
3212 588 3627 661 suppeditavit.

1982 677 2141 740 Quod
2162 678 2416 732 officium
2438 693 2499 733 se
2519 679 2763 749 probare
2783 679 3071 735 simulans
3088 678 3411 750 imperator
3427 693 3630 734 secum

1980 781 2115 820 eum
2145 765 2346 838 Cpolin
2374 767 2637 834 abduxit,
2672 785 2861 839 neque
2887 769 3021 824 inde
3069 769 3309 823 domum
3361 783 3629 839 unquam

1977 855 2200 922 reverti,
2242 872 2451 926 passus
2500 862 2608 925 est,
2640 856 2701 911 in
2763 858 2905 913 urbe
2963 857 3163 913 omnia
3218 855 3630 928 copiosissime

1979 944 2389 1014 suppeditans,
2422 945 2596 999 veluti
2631 946 2811 1001 feram
2848 948 2903 1000 in
2937 963 3111 1002 cavea
3140 949 3325 1014 alens,
3357 945 3431 1000 ad
3463 960 3631 1000 mor-

1978 1036 2095 1086 tem
2127 1033 2256 1103 ejus
2280 1050 2467 1104 usque
2501 1034 2993 1090 detinuit.Mortui
3024 1036 3222 1090 omnia
3252 1034 3406 1090 bona
3437 1032 3633 1105 publi-

1977 1125 2105 1175 cata
2135 1125 2295 1176 sunt.
2332 1123 2480 1193 Lege
2510 1122 2685 1177 etiam
2719 1124 2915 1179 sanxit
2944 1140 3016 1179 ne
3048 1122 3404 1195 potentiores
3430 1120 3632 1178 multi-

1977 1208 2268 1281 plicandis
2309 1212 2546 1283 praediis
2587 1217 2989 1283 augescerent,
3038 1227 3379 1283 quanquam
3426 1212 3633 1267 eadem

1976 1298 2153 1355 etiam
2203 1301 2274 1355 ab
2329 1317 2431 1355 avo
2490 1300 2617 1371 ejus
2662 1301 3044 1359 Constantino
3093 1301 3387 1373 hujusque
3432 1315 3634 1359 socero

1979 1386 2242 1442 Romano
2274 1388 2392 1446 lata
2423 1389 2552 1444 fuit.

227 1475 384 1531 αὑτοῦ
440 1479 840 1536 Κωνσταντῖνος
899 1474 927 1529 6
986 1473 1520 1552 πορφυρογέννητος,
1577 1473 1606 1527 6
1662 1473 2029 1550 πατροπάτωρ
2082 1479 2179 1530 τοῦ
2214 1475 2503 1554 βασιλέως,
2560 1480 2650 1535 καὶ
2702 1478 2981 1552 Ῥωμανὸς
3033 1479 3061 1533 6
3109 1475 3317 1533 έκείνου
3372 1477 3630 1554 πενθερὸς

228 1560 567 1633 ἐποιήσαντο.

285 1650 557 1709 Νικολάου
590 1649 647 1708 δε
701 1656 798 1707 τοῦ
855 1646 1206 1727 Χρυσοϐέργη
1264 1650 1351 1707 ἐπὶ
1373 1650 1610 1727 χρόνους
1652 1650 1724 1726 ιβ’
1770 1650 1860 1706 καὶ

2043 1655 2277 1713 Nicolao
2334 1659 2756 1732 Chrysobergio
2818 1662 2951 1732 post
2997 1657 3476 1714 administratum
3525 1672 3631 1729 per

227 1748 391 1815 μῆνας
420 1743 475 1812 η’
501 1743 600 1812 τὴν
634 1740 961 1811 Ἐκκλησίαν
1008 1740 1287 1803 ίθύναντος
1332 1741 1422 1795 καὶ
1470 1738 1872 1801 καταλύσαντος

222 1831 313 1900 τὴν
365 1831 552 1900 ζωὴν,
614 1834 1013 1906 χειροτονεῖται
1075 1828 1309 1890 Σισίνιος
1370 1827 1685 1905 μᾶγιστρος,
1733 1829 1869 1905 ἀνὴρ

223 1918 517 1994 ἕλλόγιμος
565 1940 656 1975 και
715 1918 968 1993 ίατρικῆς
1020 1919 1225 1993 τέχνης
1269 1915 1419 1987 ἥκων
1475 1917 1551 1981 εἷς
1601 1917 1663 1972 τὸ
1708 1916 1871 1993 ἀκρό-

223 2028 396 2079 τατον,
427 2008 484 2063 ἰν
529 2002 634 2064 ἔτει
667 2010 822 2085 ’ςφγ’,
877 2004 1215 2070 ίνδικτιῶνος
1265 2008 1338 2075 η“’
1398 2004 1544 2070 ὅστις
1601 2005 1689 2061 καὶ
1745 2007 1874 2070 τοὺς

225 2094 665 2171 διακρινομένους
724 2097 904 2166 ἥνωσε
991 2094 1080 2152 διὰ
1133 2097 1234 2165 τήν
1289 2096 1652 2172 τετραγαμίαν
1689 2137 1701 2151 .
1766 2095 1870 2152 Καὶ

222 2186 369 2251 οὗτος
425 2186 519 2241 ἂπὶ
580 2190 730 2261 τρεῖς
795 2186 994 2258 μόνους
1049 2185 1325 2244 ἐνιαυτοὺς
1382 2185 1481 2252 τήν
1546 2183 1871 2253 Ἐκκλησίαν

221 2272 488 2347 ποιμάνας
520 2273 703 2346 ἐξέστη
760 2280 860 2343 τῆς
916 2278 1084 2343 ζωῆς,
1141 2272 1234 2328 καί
1288 2268 1609 2347 προεϐλήθη
1647 2274 1869 2349 Σέργιος

220 2362 519 2438 ἡγούμενος
570 2362 644 2419 ὢν
698 2370 798 2434 τῆς
842 2370 1017 2437 μονῆς
1044 2366 1141 2419 τοῦ
1172 2361 1432 2431 Μανουήλ
1456 2360 1545 2417 καί
1601 2363 1663 2417 τὸ
1715 2362 1871 2437 γένος

219 2452 491 2530 ἀναφέρων
523 2454 661 2527 πρὸς
700 2452 915 2507 Φώτιον
944 2453 1036 2507 τὸν
1066 2453 1439 2527 πατριάρχην.

283 2547 385 2598 Τοῦ
415 2540 477 2599 δὶ
506 2542 776 2617 Σαμουὴλ
836 2542 1318 2618 ἐκστρατεύσαντος
1367 2543 1503 2597 κατὰ
1551 2540 1872 2596 Θεσσαλονί-

218 2652 337 2701 κης,
383 2631 478 2687 καὶ
533 2632 597 2687 τὸ
631 2631 726 2704 μὶν
757 2627 899 2686 ἄλλο
932 2629 1150 2700 πλῆθος
1183 2629 1258 2692 είς
1291 2628 1499 2706 λόχους
1530 2631 1618 2685 καὶ
1655 2630 1868 2703 ἐνέδρας

219 2716 902 2793 διαμερίσαντος,ἆλίγους
960 2716 1017 2774 δέ
1066 2740 1215 2781 τινας
1269 2718 1346 2781 είς
1402 2716 1676 2793 ἐκδρομὴν
1736 2717 1867 2794 ἄχρι

221 2808 613 2878 Θεσσαλονίκης
675 2808 843 2878 αὐτῆς
895 2806 1279 2883 πεπομφότος,
1328 2807 1581 2882 ἐπιγνοὺς
1611 2810 1710 2876 τήν
1773 2805 1866 2882 ἔφ-

221 2894 337 2951 οδον
377 2899 406 2953 6
466 2895 589 2970 δοὺξ
650 2892 956 2973 Γρηγόριος
985 2898 1078 2952 τὸν
1115 2898 1210 2965 μὶν
1242 2896 1444 2952 οἷ’κεῖον
1473 2896 1584 2951 υἱὸν
1621 2898 1863 2965 Ἀσώτην

1980 1760 2169 1799 annos
2227 1746 2533 1803 duodecim
2584 1765 2715 1803 cum
2773 1748 2945 1803 besse
3010 1746 3466 1819 patriarchatum
3512 1746 3632 1803 vita

1982 1832 2182 1890 functo
2215 1837 2601 1892 substituitur
2628 1835 2927 1893 Sisinnius
2958 1833 3352 1907 magister,vir
3380 1833 3633 1906 insignis

1980 1924 2133 1978 449
2164 1931 2222 1979 et
2274 1925 2509 1981 medicaa
2560 1926 2700 1982 artis
2755 1924 3175 1997 peritissimus,
3222 1940 3377 1979 anno
3425 1924 3631 1979 mundi

1978 2026 2160 2081 supra
2185 2014 2371 2069 sexies
2402 2014 2784 2070 millesimum
2812 2014 2937 2078 503,
2972 2012 3292 2069 indictione
3321 2016 3543 2068 octava.
3577 2013 3633 2069 Is

1978 2099 2295 2156 discidium
2329 2107 2564 2173 propter
2594 2107 2830 2174 quartas
2880 2101 3117 2174 nuptias
3163 2101 3388 2156 dudum
3435 2106 3630 2157 ortum

1978 2188 2559 2260 sustulit,concordia
2586 2191 3024 2263 facta.Cumque
3047 2195 3165 2246 tres
3186 2194 3418 2246 tantum
3442 2206 3631 2247 annos

1978 2276 2242 2334 Ecclesiae
2273 2280 2810 2349 praefuisset,vitam
2838 2297 2972 2336 cum
3007 2284 3192 2336 morte
3222 2280 3625 2336 commutavit.

1977 2365 2046 2421 Et
2072 2367 2353 2422 suffectus
2385 2372 2475 2423 est
2503 2367 2741 2439 Sergius
2770 2368 3079 2424 Manuelici
3109 2366 3448 2423 monasterii
3478 2384 3628 2439 pras-

1977 2454 2090 2520 sul,
2123 2470 2309 2525 genus
2340 2472 2374 2511 a
2407 2456 2607 2511 Photio
2639 2457 2972 2529 patriarcha
2999 2459 3243 2511 ducens.-

2047 2543 2164 2598 Hoc
2194 2544 2442 2600 maxime
2470 2549 2732 2617 tempore
2761 2544 3073 2600 Samuelus
3105 2548 3259 2599 moto
3290 2544 3348 2599 in
3372 2544 3623 2601 Thessa-

1978 2632 2229 2689 lonicam
2279 2633 2450 2705 bello,
2502 2635 2692 2706 cupiis
2744 2634 2869 2690 suis
2897 2634 2954 2688 in
2987 2633 3235 2688 insidias
3264 2632 3622 2704 distributis,

1977 2737 2195 2792 paucos
2218 2720 2504 2793 quosdam
2529 2723 2932 2777 excursionem
2961 2736 3147 2792 usque
3168 2721 3240 2776 ad
3263 2736 3393 2776 eam
3416 2722 3623 2778 urbem

1977 2811 2165 2866 facere
2186 2811 2377 2881 jubet.
2410 2812 2571 2877 Quod
2607 2817 2671 2866 ut
2702 2812 2887 2866 sensit
2934 2812 3241 2881 prafectus
3288 2810 3624 2882 Gregorius,

1975 2904 2195 2955 Asoten
2229 2900 2416 2955 ﬁlium
2450 2916 2622 2955 suum
2658 2901 2861 2968 mittit,
2888 2899 2985 2970 qui
3018 2898 3347 2969 exploraret
3370 2898 3628 2967 hostium

219 2983 448 3061 ἔπεμψεν
504 2983 638 3041 ἰδεῖν
684 2986 773 3041 καὶ
812 2992 1219 3055 κατασκοπῆσαι
1251 2986 1313 3040 τὸ
1337 2984 1551 3055 πλῆθος
1578 2984 1667 3039 καὶ
1721 2984 1861 3057 αύτῷ

1978 2989 2419 3045 multitudinem
2449 2994 2502 3045 et
2537 2989 2649 3045 sibi
2682 2988 3048 3045 indicaret.ls
3083 2988 3141 3043 in
3164 2986 3509 3044 emissarios
3529 3003 3629 3044 eos

219 3076 412 3149 γνῶσιν
445 3073 655 3144 δοῦναι,
688 3073 849 3137 αὐτὸς
881 3072 938 3130 δὶ
968 3069 1187 3139 ὄπισθεν
1220 3072 1421 3130 εἷ’πετο.
1452 3075 1513 3131 Ὁ
1545 3072 1602 3129 δὲ
1633 3072 1863 3145 ἐξελθὼν

217 3165 299 3219 καὶ
355 3170 475 3227 τοῖς
506 3162 844 3238 προδρόμοις
872 3161 1210 3236 συμπλακεὶς
1250 3163 1339 3218 καὶ
1368 3163 1704 3237 τρεψάμενος
1737 3161 1863 3218 έλα-

220 3264 301 3315 θεν
332 3252 409 3316 εῗς
437 3255 635 3327 μέσους
676 3252 805 3315 τοὺς
862 3250 1068 3327 λόχους
1121 3250 1501 3329 περιληφθείς.
1560 3255 1729 3307 Τοῦτο
1787 3253 1862 3315 ὡς

218 3341 573 3418 ὁΓρηγόριος
628 3335 850 3414 ἔμαθεν,
909 3337 1128 3412 ἐϐοήθει
1170 3339 1258 3395 8ιᾶ
1312 3339 1524 3415 ταχέων
1554 3342 1644 3395 τὸν
1697 3339 1865 3397 παῖδα

218 3431 313 3494 τῆς
380 3428 772 3505 αἰχμαλωσίας
811 3427 1149 3506 γλιχόμενος
1209 3426 1667 3504 έκλυτρώσασῦαιο
1718 3427 1863 3485 ἀλλὰ

215 3517 300 3572 καὶ
349 3518 514 3580 αὐτὸς
552 3516 854 3581 κυκλωθεὶς
906 3519 1010 3574 ὑπό
1066 3523 1173 3573 τῶν
1223 3517 1558 3593 Βουλγάρων
1607 3520 1696 3573 καὶ
1742 3540 1860 3593 γεν-

216 3606 375 3670 ναίως
433 3607 527 3664 καὶ
582 3610 845 3681 ἠρωΐκῶς
903 3605 1302 3682 ἀγωνισάμενος
1366 3601 1570 3661 ἔπεσεν.
1629 3606 1860 3682 Ἀγγελ-

218 3693 392 3766 θείσης
453 3693 515 3750 δὲ
564 3701 643 3768 τῷ
707 3694 925 3771 βασιλεῖ
981 3702 1081 3763 τῆς
1133 3699 1230 3749 τοῦ
1289 3691 1482 3755 δουκὸς
1539 3696 1860 3770 ἀναιρέσεως

216 3785 487 3858 πέμπεται
544 3783 719 3855 πάσης
776 3783 987 3847 Δύσεως
1041 3782 1226 3859 ἄρχων
1261 3783 1289 3838 6
1341 3783 1633 3858 μάγιστρος
1682 3789 1860 3853 Νικη-

216 3871 377 3948 φόρος
433 3874 463 3927 6
522 3871 766 3948 Οὐρανός
800 3893 812 3906 ·
893 3868 1089 3949 ἔφθασε
1133 3871 1233 3946 γὰρ
1288 3870 1375 3926 καὶ
1434 3872 1591 3933 οὗτος
1646 3873 1743 3940 τήν
1801 3872 1860 3927 ἐκ

213 3956 543 4024 Βαϐυλῶνος
600 3962 773 4038 φυγὴν
811 3960 1162 4032 ὠνησάμενος
1189 3960 1276 4015 καὶ
1319 3962 1417 4028 τὴν
1469 3958 1722 4035 βασιλίδα
1764 3983 1858 4016 κα-

213 4045 491 4105 ταλαϐών.
562 4055 747 4112 Ὀστις
818 4048 872 4104 ἐν
939 4048 1304 4123 Θεσσαλονίκῃ
1371 4050 1680 4123 γενόμενος,
1742 4049 1857 4105 ἐπεὶ

214 4134 345 4213 ἔγνω
400 4139 496 4194 τὸν
526 4137 793 4212 Σαμουὴλ
817 4138 889 4210 τῇ
924 4142 1020 4193 τοῦ
1052 4134 1247 4199 δουκὸς
1298 4137 1602 4213 Γρηγορίου
1631 4143 1726 4193 τοῦ
1757 4141 1859 4196 Τα-

212 4227 437 4302 ρωνίτου
467 4230 647 4306 σφαγῇ
692 4227 781 4283 καὶ
834 4230 903 4301 τῇ
947 4225 1151 4282 ἁλώσει
1179 4231 1275 4282 τοῦ
1305 4228 1425 4281 υἱοῦ
1450 4226 1614 4282 αὐτοῦ
1637 4226 1859 4302 ἐπαιρό-

216 4336 393 4388 μενον,
442 4317 538 4372 καὶ
605 4314 693 4371 διὰ
758 4319 924 4371 τοῦτο
995 4314 1062 4370 τά
1134 4335 1194 4370 τε
1249 4314 1547 4371 Θετταλικά
1600 4311 1857 4372 διαϐάντα

211 4406 403 4478 Τέμπη
461 4405 556 4460 καὶ
608 4406 698 4462 τὸν
758 4405 990 4475 Πηνειὸν
1058 4403 1501 4480 περαιωσάμενον
1588 4406 1858 4478 ποταμὸν,

212 4493 502 4550 θετταλίαν
558 4515 618 4551 τε
664 4494 754 4549 καὶ
794 4492 1054 4551 Βοιωτίαν
1099 4493 1189 4549 καὶ
1238 4494 1492 4563 Ἀττικὴν
1538 4490 1861 4551 εἰσϐαλόντα

209 4602 267 4638 τε
315 4585 404 4640 καὶ
459 4582 516 4641 ἐν
548 4581 948 4655 Πελοποννήσῳ
995 4581 1085 4639 διὰ
1132 4587 1231 4638 τοῦ
1260 4581 1312 4639 ἰν
1369 4583 1614 4658 Κορίνθῳ
1641 4584 1859 4657 ἴσθμώ,

211 4672 299 4727 καὶ
352 4674 530 4730 πάντα
580 4672 749 4729 ταῦτα
806 4669 1043 4748 δῃοῦντα
1105 4672 1195 4728 καὶ
1254 4670 1585 4746 ληῖζόμενον
1620 4677 1699 4747 [Ρ.
1732 4676 1861 4748 703]

1975 3078 2262 3145 incidens,
2316 3079 2479 3134 fusos
2532 3078 2856 3146 insecutus,
2905 3077 3249 3149 imprudens
3299 3076 3360 3131 in
3409 3076 3629 3133 medias

1974 3167 2184 3222 incidit
2230 3166 2498 3221 insidias.
2548 3167 2862 3236 Gregorius
2912 3184 2972 3221 re
2998 3166 3233 3236 cognita
3264 3163 3418 3219 illico
3448 3165 3519 3219 ad
3549 3165 3627 3223 fee

1974 3256 2219 3311 rendum
2253 3255 2533 3310 auxilium
2570 3255 2899 3323 t'estinat,ut
2930 3253 3112 3309 ﬁlium
3143 3253 3403 3309 hostium
3433 3254 3625 3310 mani-

1975 3346 2086 3400 bus
2115 3344 2381 3415 eriperet.
2408 3345 2517 3399 Sed
2551 3350 2607 3400 et
2636 3344 2759 3415 ipse
2791 3360 2823 3399 a
2867 3341 3134 3414 Bulgaria
3182 3341 3620 3399 circumventus

1972 3433 2198 3489 fortiter
2229 3450 2494 3504 pugnans
2525 3431 3026 3488 interficitur.Hac
3055 3432 3222 3487 ducis
3252 3430 3416 3487 clade
3445 3431 3618 3487 intel-

1972 3521 2121 3577 lecta
2152 3522 2405 3577 mittitur
2432 3522 2613 3577 totius
2637 3522 2968 3577 Occidentis
2999 3521 3306 3593 praefectus
3336 3520 3618 3591 magister

1972 3612 2335 3682 Nicephorus
2366 3616 2597 3666 Uranus
2625 3629 2637 3666 :
2666 3628 2800 3665 nam
2836 3617 2892 3665 et
2920 3610 3016 3664 hic
3048 3609 3234 3681 pretio
3265 3610 3402 3665 dato
3432 3610 3621 3681 Baby-

1972 3699 2103 3755 lone
2135 3699 2335 3770 Cpolin
2369 3700 2790 3771 profugerath
2822 3704 2887 3754 ut
2915 3697 3395 3754 Thessalonicam
3428 3715 3626 3770 perve-

1971 3789 2296 3852 nit,certior
2318 3788 2381 3843 ﬁt
2403 3787 2742 3844 Samuelum
2760 3788 2958 3843 animo
2982 3787 3388 3858 elatum,quod
3411 3787 3621 3844 ducem

1969 3877 2311 3948 Gregorium
2343 3877 2678 3932 Taronitam
2714 3876 3103 3932 interfecisset
3139 3875 3447 3945 filiumque
3492 3877 3622 3947 ejus

1968 3966 2239 4037 cepisset,
2288 3965 2626 4020 Thessalica
2666 3966 2790 4033 jam
2838 3964 3054 4035 Tempe
3095 3968 3533 4034 transgressum
3566 3968 3625 4020 et

1967 4055 2221 4110 Peneum
2256 4070 2490 4109 amnem
2540 4050 2964 4118 transmisisse,
3014 4055 3071 4108 et
3122 4052 3180 4106 in
3226 4050 3619 4123 Thessaliam,

1967 4144 2245 4200 Bmotiam
2278 4149 2454 4214 atque
2485 4142 2757 4211 Atticam,
2791 4142 2945 4198 450
2978 4145 3032 4197 et
3066 4155 3168 4212 per
3198 4139 3488 4195 Isthmum
3520 4140 3624 4198 Co.

1968 4233 2325 4288 rinthiacum
2348 4232 2525 4286 etiam
2550 4232 2609 4286 in
2633 4231 3095 4302 Peloponnesum
3119 4229 3399 4301 grassari.
3416 4231 3621 4301 Itaque

1967 4326 2025 4377 et
2054 4320 2166 4393 ipsi
2199 4320 2323 4375 suis
2372 4337 2504 4375 cum
2556 4319 2740 4391 copiis
2788 4320 2859 4374 ad
2908 4319 3137 4374 radices
3185 4316 3418 4390 Olympi
3466 4317 3618 4374 facto

1969 4410 2177 4465 itinere
2209 4409 2503 4464 Larissam
2534 4408 2722 4475 venit;
2757 4408 2956 4479 itaque
3003 4405 3445 4479 impedimentis
3484 4405 3619 4462 reli-

1971 4498 2080 4555 ctis
2110 4497 2470 4554 Thessaliam
2504 4496 2733 4569 magnis
2765 4496 3073 4553 itineribus
3121 4502 3410 4568 peragrat,
3460 4511 3620 4551 cam-

1973 4587 2183 4658 pisque
2210 4585 2521 4642 Pharsaliae
2547 4590 2606 4640 et
2632 4585 2898 4656 Apidano
2928 4600 3101 4641 amne
3140 4582 3507 4639 transmissis
3556 4583 3617 4641 in

1971 4676 2103 4747 ripa
2130 4674 2427 4747 Spercheii
2457 4674 2652 4730 amnis
2681 4679 2874 4730 castra
2904 4674 3151 4746 ponit,in
3185 4672 3456 4744 opposita
3486 4672 3617 4744 ripa

1342 4788 1745 4849 XYLANDRI
1790 4790 1891 4852 ET
1935 4790 2171 4851 GOARI
2217 4790 2472 4851 NOTIE.

278 4882 390 4957 (52)
420 4888 590 4939 Hunc
622 4888 761 4956 puto
793 4884 988 4957 potius
1024 4900 1218 4957 Aquam
1267 4885 1387 4940 scio
1431 4900 1669 4940 sensum
1725 4901 1855 4942 esse

209 4951 501 5028 legis,qua
532 4951 948 5028 reprimeretur
977 4951 1162 5011 nimia
1191 4958 1547 5026 privatorum
1577 4958 1853 5028 potentia,

250 5026 440 5099 ublica
474 5026 712 5099 quoque
740 5028 904 5099 bona,
938 5028 1020 5099 ἱυ⁸
1047 5044 1227 5099 suam
1265 5026 1853 5099 remgredigentium.

250 5040 440 5083 unnca
474 5043 712 5099 quoque
740 5040 896 5083 bona
938 5044 997 5081 1n
1047 5044 1214 5082 suam
1265 5044 1386 5082 rem
1436 5040 1853 5099 redigentlum.

208 5040 370 5171 800d
403 5100 768 5171 putohl'uisse
798 5096 849 5152 ἐν
886 5094 1049 5171 ὁμάδι
1082 5096 1307 5171 χωρίων
1360 5097 1692 5169 αὐξάνεσθαι,
1739 5101 1855 5157 alia

208 5115 548 5224 uuoatputo
580 5115 768 5155 tuisse
798 5115 849 5152 εν
886 5115 1049 5168 ομαοι
1082 5115 1307 5171 χωριων
1360 5115 1692 5169 αυξανεσθαι,
1739 5115 1849 5157 alia

208 5168 403 5251 subin-
426 5168 621 5251 {aliis
651 5170 868 5251 praedia
900 5170 1342 5251 adjicer_e.0uod
1374 5176 1432 5226 et
1463 5171 1619 5251 hunc
1640 5172 1849 5251 yslei-

210 5255 344 5295 num
378 5240 587 5297 fecisse
620 5240 904 5309 videmus,
934 5246 991 5296 et
1021 5242 1077 5295 in
1110 5242 1323 5297 Basilio
1364 5242 1609 5312 praaaide
1640 5243 1852 5298 Tzimi-

211 5326 336 5367 scas
358 5312 517 5368 malo
534 5330 641 5369 suo
660 5318 980 5377 notaverat,
1012 5312 1067 5367 Si
1085 5314 1219 5383 quis
1235 5314 1371 5383 quid
1395 5316 1613 5370 rectius
1630 5316 1851 5381 all'eret,

210 5398 321 5456 non
355 5383 596 5456 herbam
630 5386 679 5440 ei
718 5385 818 5441 sed
852 5401 1123 5456 coronam
1159 5385 1572 5456 praebebimus,
1625 5403 1739 5440 non
1790 5392 1854 5443 ut

210 5452 408 5509 victori
436 5457 538 5511 sed
571 5460 634 5513 ut
662 5457 809 5513 bene
838 5454 1068 5512 merito.
1094 5452 1228 5512 Xﬁ.
1255 5488 1319 5497 —
1352 5462 1501 5513 Bene
1533 5452 1851 5514 meriturus

212 5525 279 5601 de
297 5525 889 5601 _Xylandro,gratiam
921 5527 1214 5601 siquidem
1244 5528 1551 5600 pollicetur
1581 5531 1639 5584 in
1671 5531 1849 5585 adno-

209 5596 667 5673 tationibus,haé
686 5600 814 5673 lege
836 5599 962 5656 dico
984 5596 1849 5672 sanxisse'imperatorem,non,

1968 4888 2106 4942 bona
2136 4888 2194 4941 in
2222 4902 2382 4940 suam
2410 4902 2524 4941 rem
2554 4885 2843 4953 redigeret,
2874 4883 3004 4938 dum
3032 4883 3151 4938 alia
3194 4881 3432 4936 subinde
3473 4883 3612 4938 aliis

1961 4958 2171 5029 praedia
2200 4958 2520 5025 adﬁcies-ret
2549 4975 2567 5012 :
2604 4973 2798 5029 verum
2833 4972 2905 5010 ne
2936 4954 3154 5029 publici
3199 4955 3606 5029 magistratus,

1964 5026 2105 5084 dum
2128 5035 2392 5099 gererent
2420 5028 3063 5099 ot‘ticium,privatorum
3097 5026 3440 5099 bonaetiam
3472 5026 3609 5099 dato

1965 5096 2157 5172 pretio
2216 5101 2336 5172 sibi,
2394 5096 2798 5171 compararent
2859 5104 3035 5169 atque
3088 5098 3295 5172 exinde
3326 5096 3457 5152 aliis
3477 5096 3610 5172 alia.

1964 5166 2181 5243 praedia
2212 5171 2378 5226 facile
2426 5166 2830 5243 coacervarent
2876 5166 2957 5223 etv
2978 5170 3424 5243 conjungergent.
3458 5166 3608 5243 _Bla-

1963 5238 2151 5299 stares
2182 5260 2228 5296 c.
2249 5244 2408 5313 4,7105
2440 5250 2484 5296 A
2518 5241 2792 5313 στοιχείου
2816 5257 2883 5313 ex
2916 5239 3169 5311 politicis
3202 5238 3432 5313 legibus
3452 5238 3611 5313 _hanc

1963 5318 2140 5387 refert
2195 5312 2315 5387 περί
2368 5309 2720 5387 ᾁγορᾷςλκαὶ
2777 5309 3044 5387 πράσεως·
3079 5312 3139 5387 'Q
3176 5309 3388 5387 κρατῶν
3444 5309 3606 5387 69ml-

1963 5329 2140 5371 retert
2195 5333 2315 5387 περι
2368 5332 2570 5387 αγορας
2630 5332 2720 5365 και
2777 5329 3044 5383 πρασεως·
3094 5329 3139 5368 υ
3176 5331 3388 5385 κρατων
3444 5329 3571 5434 ora:

1960 5406 2077 5469 κιόν
2111 5383 2161 5438 ἐν
2196 5384 2449 5475 ἐπαρχίᾳ.
2477 5384 2537 5439 ού
2586 5379 2810 5475 δύναται
2850 5382 3070 5475 δξνητὸν
3103 5383 3153 5469 ἢν
3171 5382 3423 5475 ἀξίνη-ξοδ
3458 5452 3469 5475 ι
3506 5401 3571 5455 γο

1962 5457 2139 5530 ργάζειν
2201 5455 2275 5530 ἐν,
2301 5452 2473 5530 ἀὖτ’ῇλ
2508 5460 2732 5530 πρᾶγμα
2778 5456 2812 5524 ἢ
2862 5452 2935 5530 δι’
2969 5455 3162 5530 tanta?
3205 5456 3239 5526 ἢ
3296 5453 3367 5510 δι’
3393 5452 3603 5530 ἑτέρου,

1962 5523 2006 5583 εἴ
2147 5528 2291 5615 παρὰ
2318 5523 2751 5615 τοῦδημὶοσίξουὶ
2774 5523 2901 5615 Καὶ,
2925 5527 3029 5602 γὰρ
3080 5526 3176 5615 καὶ,
3202 5523 3303 5615 rei},
3345 5523 3603 5615 πράγμα-

1957 5592 2052 5662 τος
2088 5592 2334 5656 ἐκπίπτει
2381 5601 2469 5657 καὶ
2509 5592 2588 5656 ’τὸ
2642 5598 2794 5657 δοθὲν
2850 5592 3071 5674 τίμημα
3122 5598 3223 5656 οὐκ
3279 5592 3600 5670 ἀναλαμϐά-

213 5671 275 5725 ut
302 5670 508 5730 scribit
534 5672 686 5746 ipse,
710 5670 1059 5745 privatorum
1081 5674 1334 5744 potentia
1361 5670 1597 5746 publica
1624 5670 1851 5746 queque
1956 5693 2056 5730 νει.
2087 5678 2265 5731 ΘοΑιι.
