3968 6140
264 312 381 378 183

1613 306 1929 370 GEORGII
1973 305 2315 369 GEDRENI

3560 304 3681 366 184

256 444 529 504 Samuelo
558 460 669 501 sua
696 445 891 499 castra
918 441 1192 499 habente.
1229 441 1504 515 Ingentes
1535 442 1756 498 imbres
1782 444 1909 497 turn
1942 494 1951 512 Α

2133 460 2157 501 ς
2205 438 2293 493 καὶ
2336 438 2496 504 αὐτὸς
2527 441 2793 513 μετὰτῶν
2852 437 2977 516 περὶ
3038 437 3200 496 αὐτὸν
3260 438 3691 515 στρατευμάτων

264 537 625 602 deciderant,
659 537 718 589 et
747 532 962 588 ﬂuvius
1008 532 1165 589 alveo
1213 535 1485 603 turgente
1536 532 1850 603 stagnabat
1903 547 1916 586 :

265 630 468 699 itaque
498 640 563 679 eo
596 623 834 694 quidem
870 626 1127 692 tempore
1158 621 1422 693 przelium
1461 621 1689 677 nullum
1723 636 1919 690 spera-

270 719 467 774 batur.
523 714 631 767 Sed
684 711 915 765 Uranus
966 727 1204 766 sursum
1255 713 1653 782 deorsumque
1700 714 1922 764 tentato

271 804 515 862 ﬂumine
536 803 749 857 vadum
777 800 1031 866 invenit;
1065 816 1249 871 eaque
1271 800 1595 871 intelligere
1617 815 1678 853 se
1701 798 1923 854 exerci—

276 899 404 949 tum
426 893 486 946 in
510 890 836 961 Oppositam
863 889 1047 960 ripam
1070 890 1375 943 traducere
1398 894 1767 959 posse,noctu
1792 903 1924 942 cum

276 982 406 1040 suis
439 995 673 1037 amnem
704 979 936 1045 transit,
973 978 1364 1049 Bulgarosque
1395 993 1596 1032 secure
1629 976 1926 1030 dormien-

275 1078 367 1127 tes
401 1068 685 1133 adoritur,
730 1067 1188 1137 innumerosque
1239 1066 1533 1132 interﬁcit,
1586 1066 1819 1120 nemine
1867 1080 1928 1119 se

279 1159 594 1217 defendere
624 1156 925 1227 auso.lpse
950 1172 1182 1226 quoque
1201 1155 1504 1210 Samuelus
1526 1160 1584 1210 et
1613 1154 1770 1209 ﬁlius
1801 1155 1929 1224 ejus

282 1250 585 1305 Romanus
615 1245 908 1317 profunda
939 1250 1290 1315 acceperunt
1327 1244 1601 1310 vulnera;
1654 1244 1930 1298 fuissent-

286 1352 399 1410 que
431 1336 610 1407 capti,
642 1333 757 1388 nisi
789 1334 941 1387 inter
971 1333 1248 1388 cadavera
1279 1333 1651 1387 delituissent
1680 1337 1737 1387 et
1767 1337 1933 1386 nocte

283 1422 619 1496 insequenti
650 1421 871 1478 occulte
898 1421 955 1476 in
987 1427 1217 1477 montes
1238 1421 1512 1477 Etolicos
1544 1421 1931 1492 aufugissent,

292 1531 396 1587 per
424 1528 671 1584 quorum
706 1511 914 1566 deinde
948 1510 1253 1566 cacumina
1284 1511 1355 1565 ad
1386 1510 1638 1566 Pindum
1670 1514 1933 1565 montem

283 1609 462 1674 atque
490 1600 627 1655 hinc
657 1600 716 1654 in
751 1599 1082 1672 Bulgariam
1111 1603 1679 1655 evaserunt.Uranus
1707 1600 1935 1655 interim

285 1697 581 1749 Romanos
610 1689 869 1760 captivos
903 1688 1359 1754 liberat,occisos
1392 1688 1672 1760 Bulgaros
1704 1688 1934 1761 spoliat,

2025 528 2115 583 καὶ
2172 528 2265 590 τὰς
2320 528 2590 604 ὑπωρείας
2622 528 2850 594 διελθὼν
2881 534 2983 584 τοῦ
3041 528 3336 602 Ὀλύμπου
3367 530 3461 584 καὶ
3493 528 3546 584 ἐν
3582 538 3693 583 Λα-

2029 619 2187 693 ρίσσῃ
2244 618 2559 691 γενόμενος,
2605 620 2821 673 κάκεῖσε
2879 617 3057 673 λιπὼν
3099 620 3203 687 τὴν
3235 620 3545 687 ἀποσκευὴν
3596 620 3692 672 καὶ

2029 704 2256 775 εὔζωνον
2292 702 2474 761 λαϐὼν
2519 708 2611 763 τὸν
2666 708 2908 784 στρατὸν,
2967 709 3067 778 τὴν
3121 707 3411 763 Θετταλίαν
3466 704 3696 762 ὁδοιπο-

2034 795 2122 871 ρίᾳ
2176 796 2411 868 συντόνῳ
2471 793 2697 851 διελθὼν
2751 798 2932 852 καὶτὸ
2998 802 3097 866 τῆς
3132 795 3449 874 Φαρσαλίας
3503 794 3697 851 πεδίον

2031 884 2121 939 καὶ
2178 885 2268 938 τὸν
2330 883 2621 939 Ἀπιδανὸν
2669 881 2858 949 διαϐὰς
2911 887 3181 959 ποταμὸν,
3212 886 3348 940 κατὰ
3398 886 3460 939 τὸ
3492 884 3695 961 χεῖλος

2031 978 2129 1028 τοῦ
2189 979 2495 1049 Σπερχειοῦ
2551 980 2800 1047 ποταμοῦ
2826 977 3065 1050 πήγνυσι
3095 977 3195 1043 τὴν
3248 972 3694 1046 στρατοπεδείαν,

2038 1060 2115 1123 εἷς
2165 1063 2263 1131 τὴν
2319 1063 2539 1137 περαίαν
2598 1064 2686 1118 καὶ
2746 1063 2908 1119 αὐτοῦ
2962 1068 3061 1119 τοῦ
3094 1062 3360 1136 Σαμουὴλ
3393 1061 3699 1137 αὐλιζομε-

2037 1160 2153 1207 νου⁸
2217 1147 2441 1228 ὄμϐρων
2472 1153 2571 1228 γὰρ
2605 1151 2855 1209 ἀπλὲτων
2889 1152 3153 1217 ὑσθὲντων
3187 1152 3238 1223 ἐξ
3288 1151 3546 1227 οὐρανοῦ,
3607 1152 3701 1207 καὶ

2036 1243 2134 1294 τοῦ
2213 1246 2465 1313 ποταμοῦ
2549 1240 3021 1318 πλημμυροῦντος
3092 1241 3183 1296 καὶ
3257 1239 3701 1316 πελαγίζοντος,

2041 1329 2357 1403 ἀπέγνωστο
2413 1330 2476 1384 τὸ
2522 1335 2613 1385 νῦν
2648 1330 2776 1407 ἔχον
2836 1334 2871 1401 ἡ
2921 1330 3240 1405 συμπλοκή.
3284 1328 3443 1385 Ἀλλ’
3471 1330 3500 1385 6
3538 1329 3702 1405 μάγιο

2043 1438 2202 1493 στρος
2252 1419 2362 1473 ἄνω
2409 1419 2500 1473 καὶ
2550 1420 2696 1475 κάτω
2724 1420 2817 1475 τὸν
2848 1421 3094 1494 ποταμὸν
3122 1420 3559 1495 περισκοπήσας,
3606 1420 3698 1473 καί

2041 1529 2165 1562 τινα
2209 1507 2376 1562 τόπον
2410 1507 2579 1585 εὑρὼν
2613 1506 2683 1564 δι’
2715 1510 2776 1564 οὗ
2806 1509 2962 1582 ᾠήθη
2998 1506 3219 1564 δυνατὸν
3256 1507 3465 1571 ἔσεσθαι
3513 1506 3705 1563 τούτω

2044 1601 2437 1675 περαιωθῆναι,
2504 1600 2724 1676 ἀγείρας
2762 1602 2955 1665 νυκτὸς
3003 1601 3098 1656 τὸν
3154 1601 3379 1675 στρατὸν
3439 1604 3705 1675 περαιοῦ-

2043 1710 2132 1744 ται
2162 1690 2253 1743 τὸν
2283 1690 2528 1763 ποταμὸν
2573 1691 2662 1745 καὶ
2710 1696 2826 1754 τοῖς
2872 1691 2996 1766 περὶ
3044 1689 3135 1745 τὸν
3181 1689 3451 1763 Σαμουὴλ
3507 1689 3709 1765 ἀμερί-

293 1784 484 1837 castra
512 1794 712 1834 eorum
748 1777 970 1849 diripit,
1004 1778 1345 1850 ingentique
1377 1782 1542 1850 parta
1572 1779 1768 1851 praeda
1799 1794 1936 1833 suos

2133 1800 2200 1841 ως
2278 1776 2628 1834 καθεύδουσιν
2702 1779 3037 1835 ἐπιτίθεται·
3097 1779 3189 1833 καὶ
3245 1779 3543 1852 σφάζονται
3609 1779 3707 1850 μὶν

2147 1878 2157 1881 ,
2250 1871 2276 1881 ..
2456 1868 2467 1881 .
2819 1866 2843 1881 ,ι
2912 1869 2925 1881 ι
3125 1868 3139 1881 .
3264 1866 3309 1881 η
3373 1869 3386 1881 .
3501 1868 3516 1881 .
3599 1864 3625 1881 εκ
3660 1872 3682 1881 -

290 1867 767 1925 Thessalonicam
801 1867 1045 1922 reducit.

2046 1867 2279 1939 ἀριθμοῦ
2352 1868 2647 1943 κρείττους,
2732 1866 2965 1941 μηδενὸς
3042 1868 3179 1943 πρὸς
3253 1866 3428 1936 ἀλκὴν
3490 1864 3709 1922 ἀπιδεῖν

295 1955 702 2028 τολμήσαντος,
736 1951 955 2029 ἐπλήγη
991 1952 1047 2008 δὲ
1077 1954 1166 2008 καὶ
1200 1954 1359 2015 αὐτὸς
1387 1954 1414 2008 6
1448 1952 1713 2026 Σαμουὴλ
1746 1955 1835 2008 καὶ
1868 1956 1896 2009 ὁ
1920 1954 2115 2011 τούτου
2148 1957 2264 2019 υίὸς
2294 1959 2322 2011 ὁ
2353 1958 2636 2030 Ῥωμανὸς
2665 1957 2905 2033 βαθείαις
2933 1954 3200 2031 πληγαῖς.
3226 1956 3321 2009 Καὶ
3345 1954 3592 2011 ἑάλωσαν
3626 1955 3714 2028 ἂν,

293 2045 345 2101 εἷ’
379 2047 453 2118 μὴ
485 2050 604 2105 τοῖς
635 2049 844 2117 νεκροῖς
877 2043 1236 2116 συμμίξαντες
1267 2043 1487 2105 ἑαυτοὺς
1521 2042 1725 2098 ἔκειντο
1757 2044 1831 2105 ὡς
1860 2046 2169 2107 τεθνεῶτες,
2202 2046 2290 2099 καὶ
2320 2048 2507 2108 νυκτὸς
2540 2043 2925 2121 ἐπιγενομένης
2950 2043 3143 2109 ἔλαθον
3190 2043 3504 2120 διαδράντες
3538 2044 3618 2106 εἷς
3649 2045 3718 2098 τὰ

289 2130 394 2210 ὅρη
422 2136 528 2187 τῶν
565 2130 855 2205 Αἰτωλῶν,
887 2134 1129 2196 κάκεῖθεν
1162 2129 1249 2186 διὰ
1277 2136 1383 2186 τῶν
1424 2137 1676 2210 κορυφῶν
1703 2137 1810 2186 τῶν
1844 2134 2108 2189 τοιούτων
2143 2134 2310 2211 ὁρέων
2340 2134 2645 2200 διελθόντες
2671 2138 2765 2191 τὸν
2814 2133 3008 2191 Πίνδον
3063 2133 3397 2206 διεσώθησαν
3441 2134 3492 2188 ἰν
3545 2132 3720 2189 Βουλ-

289 2222 472 2297 γαρίᾳ.
498 2222 556 2278 Ὁ
588 2219 645 2275 δὲ
681 2222 974 2297 μάγιστρος
1004 2220 1130 2283 τοὺς
1162 2220 1557 2296 αἶ’χμαλώτους
1588 2221 1895 2294 Ῥωμαίους
1928 2220 2314 2299 ἐλευθερώσας,
2344 2225 2640 2289 σκυλεύσας
2666 2222 2723 2280 δὲ
2750 2226 2837 2279 καὶ
2870 2223 3000 2287 τοὺς
3027 2219 3288 2286 πεσόντας
3340 2221 3717 2298 Βουλγάρους,

295 2307 593 2385 διαρπάσας
627 2306 683 2364 δὲ
721 2307 811 2364 καί
839 2310 901 2364 τὸ
930 2314 1038 2364 τῶν
1066 2307 1354 2383 πολεμίων
1385 2308 1743 2383 στρατόπεδον
1775 2311 1866 2365 καὶ
1897 2308 2135 2368 πλοῦτον
2164 2312 2246 2368 ὅτι
2276 2313 2535 2369 πλεῖστον
2563 2308 3017 2390 περιϐαλόμενος,
3046 2312 3137 2367 σὺν
3168 2317 3237 2386 τῇ
3271 2317 3494 2389 στρατιᾷ
3517 2311 3721 2367 ἰπανὲ-

297 2399 468 2469 ζευξεν
504 2398 580 2459 είς
613 2398 1033 2469 Θεσσαλονίκην.

368 2490 518 2547 461
579 2489 887 2545 Samuelus
937 2491 1177 2545 domum
1230 2506 1500 2546 reversus
1550 2490 1729 2545 ﬁliam
1781 2507 1951 2546 suam

296 2581 487 2637 Aeetae
514 2578 805 2633 Taronita:
840 2578 956 2635 ﬁlio
990 2579 1257 2634 libertate
1289 2580 1516 2635 reddita
1548 2581 1603 2634 in
1650 2580 1947 2635 matrimo-

302 2669 468 2725 nium
519 2666 764 2722 collocat
796 2684 809 2724 :
844 2684 979 2721 nam
1028 2669 1156 2738 ejus
1200 2685 1398 2723 amore
1448 2667 1641 2740 puella
1689 2671 1954 2740 correpta

306 2760 557 2813 mortem
588 2772 651 2812 se
680 2756 792 2811 sibi
824 2757 1208 2811 conscituram
1245 2758 1720 2824 minabatur,nisi
1741 2775 1808 2815 eo
1830 2775 1955 2813 ma-

306 2846 418 2901 rito
451 2844 754 2916 potiretur.
785 2844 1011 2915 Nuptiis
1042 2846 1319 2900 confectis
1350 2862 1626 2913 generum
1670 2863 1802 2900 cum
1837 2847 1957 2902 ﬁlia

317 2932 701 3006 Dyrrachium
726 2932 909 2987 mittit
939 2938 995 2989 et
1027 2935 1283 3005 regionis
1315 2936 1442 3005 ejus
1474 2937 1750 2991 custodiae
1777 2936 1957 3007 praeti-

314 3021 414 3077 cit.
444 3022 660 3076 Verum
693 3027 901 3077 Asotes
928 3039 992 3078 eo
1039 3024 1348 3094 profectus,
1390 3041 1568 3078 uxore
1614 3042 1847 3095 quoque
1897 3026 1955 3080 in

318 3126 485 3166 suam
517 3110 865 3165 sententiam
920 3113 1210 3181 traducta,
1262 3127 1395 3167 cum
1446 3129 1511 3167 ea
1559 3114 1617 3166 in
1662 3114 1954 3169 Romanas
1985 3133 2027 3200 ρ

311 3199 603 3269 triremes,
628 3216 754 3271 quae
783 3200 988 3255 ﬁnium
1021 3202 1368 3255 tuendorum
1405 3218 1583 3257 causa
1614 3202 1778 3258 littus
1808 3202 1953 3257 illud

312 3287 605 3361 legebant,
639 3288 934 3361 confugit;
970 3289 1159 3362 iisque
1189 3290 1260 3346 ad
1294 3291 1706 3361 imperatorem
1740 3293 1959 3364 perfer-

310 3379 508 3445 tur,ah
539 3394 724 3450 eoque
757 3379 1022 3448 magistri
1053 3379 1197 3447 ipse,
1232 3396 1377 3435 uxor
1405 3386 1575 3436 zostae
1599 3382 1815 3437 honore
1835 3382 1956 3437 afﬁ-

313 3467 656 3522 eitur.Idem
689 3466 917 3522 litteras
950 3468 1283 3540 imperatori
1313 3470 1509 3525 attulit
1555 3488 1587 3526 a
1634 3471 1955 3543 Chrysalio,

310 3571 427 3610 uno
457 3572 659 3611 eorum
682 3572 931 3627 quorum
952 3573 1186 3612 summa
1207 3563 1331 3613 erat
1356 3560 1650 3630 Dyrrachii
1673 3561 1953 3631 potentia:

306 3642 359 3699 is
389 3660 493 3715 pro
525 3646 789 3700 mercede
824 3644 1141 3716 stipulatus
1174 3646 1281 3701 sibi
1316 3651 1374 3701 et
1404 3648 1632 3703 duobus
1664 3648 1788 3703 suis
1820 3648 1955 3704 ﬁliis

307 3732 585 3803 patricios
610 3733 1262 3805 honores,promittebat
1284 3735 1622 3807 imperatori
1657 3753 1718 3792 se
1751 3738 1953 3793 urbem

306 3836 439 3876 eam
482 3822 859 3877 traditurum.
908 3829 1168 3894 Cumque
1220 3841 1321 3894 per
1372 3827 1591 3880 litteras
1638 3827 1957 3899 imperator

310 3910 719 3966 conﬁrmasset
774 3929 835 3968 se
892 3918 1184 3983 promissa
1240 3915 1480 3968 omnino
1532 3916 1951 3986 pra‘stiturum.

308 4000 687 4070 Dyrrachium
721 4001 1028 4056 Eustathio
1061 4002 1304 4073 patricio
1338 4004 1746 4073 Daphnomelaa
1780 4005 1957 4059 tradi-

307 4090 432 4142 tum
458 4091 565 4155 est,
598 4093 653 4143 et
681 4089 962 4162 Chrysclii
994 4090 1093 4144 ﬁlii
1129 4092 1469 4163 patriciatus
1519 4093 1738 4148 honore
1786 4095 1953 4150 deco-

308 4176 419 4232 rati
452 4182 611 4249 sunt,
644 4177 743 4234 illo
777 4184 962 4235 morte
992 4186 1301 4252 prazvento.

379 4352 500 4407 Sub
524 4353 676 4409 idem
728 4358 962 4428 tempus
1011 4358 1228 4414 Paulus
1276 4359 1559 4431 magister
1607 4362 1817 4430 Bobus,
1868 4362 1956 4417 vir

304 4440 734 4498 Thessalonicae
768 4445 1107 4515 primarius,
1140 4451 1196 4501 et
1228 4447 1585 4503 Malaceinus
1644 4456 1951 4522 protospa-

2133 2493 2195 2544 '0
2252 2490 2516 2565 Σαμουὴλ
2576 2490 2633 2547 δὲ
2688 2492 2826 2568 πρὸς
2872 2492 2940 2547 τὲ
2992 2489 3166 2546 οίκεῖα
3213 2490 3508 2552 ἀνασωθεὶς
3567 2512 3716 2567 γαμ-

2063 2576 2192 2656 ϐρὸν
2242 2580 2423 2655 ἄγεται
2468 2580 2555 2636 ἐπὶ
2610 2585 2679 2655 τῇ
2711 2578 2873 2637 αότοῦ
2933 2581 3156 2655 θυγατρὶ
3203 2580 3449 2651 Ἀσώτην
3476 2580 3571 2635 τὸν
3617 2583 3719 2634 τοῦ

2060 2670 2371 2742 Ταρωνίτου
2427 2671 2579 2738 υἱὸν,
2634 2675 2744 2726 τῶν
2827 2667 3039 2741 δεσμῶν
3098 2668 3493 2744 ἐλευθερώσας’
3574 2668 3720 2743 πρὸς

2063 2764 2252 2813 τοῦτον
2325 2759 2429 2835 γὰρ
2507 2762 2542 2828 ἡ
2619 2765 2746 2821 παῖς
2824 2758 3099 2834 ἐρωτικῶς
3166 2755 3467 2821 διατεθεῖσα
3516 2757 3719 2829 ἐξάξειν

2065 2848 2257 2917 ἑαυτὴν
2335 2846 2574 2917 ἠπείλει,
2654 2847 2699 2902 εί
2768 2848 2843 2920 μὴ
2892 2847 3145 2919 νομίμως
3190 2844 3340 2917 αὖτῷ
3395 2846 3721 2924 συναφθείη.

2064 2936 2378 2998 Ἐκτελὲσας
2458 2934 2515 2991 δὲ
2593 2935 2718 2998 τοὺς
2784 2935 2993 3011 γάμους
3047 2933 3312 3008 ἐκπέμπει
3373 2935 3489 3007 μετ’
3546 2933 3724 3004 αὐτῆς

2063 3028 2253 3078 τοῦτον
2310 3023 2386 3087 είς
2441 3024 2504 3078 τὸ
2576 3021 2922 3099 Δυρράχιον,
2986 3020 3073 3076 ἐπὶ
3133 3020 3350 3098 φυλακῇ
3406 3022 3556 3096 τάχα
3614 3030 3720 3092 τῆς

2066 3114 2273 3188 χώρας*
2334 3113 2362 3166 ὁ
2390 3109 2447 3166 δὲ
2480 3110 2652 3166 ἐκεῖσε
2681 3111 2972 3185 γενόμενος
3001 3109 3091 3164 καὶ
3218 3110 3432 3185 συζύγῳ
3455 3109 3725 3166 κοινολο-

2064 3202 2372 3277 γησάμενος
2415 3200 2503 3254 καὶ
2553 3199 2739 3261 πείσας
2790 3198 2975 3274 φεύγει
3011 3200 3125 3272 μετ’
3173 3198 3341 3268 αὐτῆς
3391 3197 3470 3261 είς
3519 3200 3621 3261 τὰς
3668 3200 3721 3256 ἰν

2063 3296 2141 3365 τῷ
2211 3294 2366 3365 τόπῳ
2421 3291 2668 3370 φυλακῆς
2716 3292 2876 3366 ’χάριν
2925 3288 3342 3362 παραπλεούσας
3400 3291 3725 3364 Ῥωμαϊκὰς

2062 3383 2329 3455 τριήρεις,
2378 3382 2468 3435 καὶ
2519 3378 2586 3434 δι’
2636 3379 2809 3435 αὐτῶν
2842 3379 2919 3443 εἷς
2942 3380 3035 3434 τὸν
3078 3378 3303 3454 βασιλέα
3356 3379 3723 3448 ἀνασώζεται,

2061 3470 2316 3542 τιμηθεὶς
2376 3471 2675 3544 μάγιστρος
2731 3469 2820 3523 καὶ
2885 3472 2919 3538 ἡ
2978 3468 3173 3523 τούτου
3232 3467 3460 3543 σύζυγος
3510 3471 3719 3539 ζωστή,

2065 3559 2351 3631 Διεκόμισε
2403 3556 2460 3613 δὲ
2518 3558 2673 3620 οὗτος
2727 3557 2816 3612 καὶ
2869 3556 3167 3634 γράμματα
3218 3553 3480 3611 δυνάστου
3541 3560 3718 3626 τινὸς,

2065 3648 2181 3710 ἑνὸς
2256 3651 2364 3703 τῶν
2437 3647 2488 3703 ἐν
2554 3650 2622 3721 τῇ
2687 3645 3002 3722 Δυῤῥαχίῳ,
3075 3643 3389 3720 Χρυσηλίου
3444 3642 3723 3720 τοῦνομα,

2067 3732 2506 3812 ὑπισχνουμένου
2563 3732 2895 3809 παραδοῦναι
2923 3736 3021 3803 τὴν
3062 3734 3156 3788 τοῦ
3208 3733 3519 3810 Δυῤῥαχίου
3553 3734 3720 3791 πόλιν

2060 3831 2141 3898 τῶ
2176 3824 2407 3901 βασιλεῖ,
2460 3826 2505 3880 εἰ
2555 3827 2813 3898 τιμηθείη
2874 3824 3033 3885 αὐτός
3089 3844 3149 3877 τε
3204 3824 3294 3877 καὶ
3344 3823 3395 3876 οἳ
3456 3822 3557 3878 δύο
3609 3824 3722 3878 υἱοὶ

2062 3915 2226 3969 αὐτοῦ
2281 3914 2577 3989 πατρίκιοι.
2641 3916 2928 3986 Γραμμασι
2990 3909 3047 3965 δὶ
3096 3915 3192 3965 τοῦ
3227 3909 3501 3984 βασιλέως
3533 3910 3723 3967 ἐπιτε-

2064 4003 2177 4067 λεῖς
2204 4003 2299 4065 τὰς
2332 4001 2654 4077 ὑποσχέσεις
2691 4008 2918 4071 ποιῆσαι
2970 3995 3391 4075 βεϐαιώσαντος,
3437 3998 3722 4075 προεδόθη

2060 4095 2123 4149 τὸ
2172 4091 2477 4169 Δυρράχιον
2538 4091 2823 4162 Εὑσταθίῳ
2888 4088 3161 4164 πατρικίῳ
3209 4092 3293 4159 τῷ
3352 4088 3721 4165 Δαφνομήλῃ,

2062 4184 2150 4239 καὶ
2182 4184 2234 4237 οἱ
2262 4186 2359 4236 τοῦ
2384 4178 2700 4254 Χρυσηλίου
2724 4178 2833 4233 υἱοὶ
2854 4177 3148 4252 τετίμηντο
3170 4176 3478 4251 πατρίκιοι,
3506 4174 3723 4232 ἐκείνου

2063 4269 2361 4349 φθάσαντος
2391 4265 2750 4343 καταστρέψαι
2779 4267 2879 4334 τήν
2916 4267 3059 4335 ζωήν
3093 4266 3227 4337 (53).

2133 4360 2323 4431 Τούτῳ
2353 4362 2432 4430 τῷ
2486 4355 2669 4432 χρόνῳ
2711 4354 2928 4416 Παῦλος
2963 4352 3257 4430 μάγιστρος
3288 4353 3316 4407 6
3358 4346 3551 4413 Βωϐὸς
3585 4354 3725 4427 (5i),

2066 4450 2201 4521 ἀνήρ
2250 4452 2357 4503 τῶν
2419 4445 2470 4501 ἂν
2518 4442 2882 4518 Θεσσαλονίκῃ
2936 4443 3004 4499 τὰ
3061 4447 3270 4517 πρῶτα,
3329 4445 3418 4516 [Ρ.
3465 4443 3601 4515 704]
3630 4442 3725 4496 καὶ

305 4500 888 4603 tharius,prudentia3
920 4551 985 4588 ac
1017 4500 1951 4608 faciundis;celebri‘s,d2lati‘q1‘icd

2133 4500 2395 4606 αλακηνὸς
2445 4500 2934 4609 πρωτοσπαθάρίος
2987 4500 3345 4586 ἐπῖισυνὲίτεί
3398 4529 3489 4583 καὶ

306 4619 520 4675 animis
544 4623 614 4675 ad
650 4622 917 4695 Bulgaros
950 4623 1321 4693 inclinarent,
1343 4626 1437 4681 hic
1469 4628 1829 4697 Byzantium,
1854 4628 1950 4683 ille

295 4708 356 4763 in
409 4708 801 4767 Thraccnscm
854 4713 1164 4769 Pediadem
1196 4715 1465 4770 translati
1493 4722 1651 4772 sunt.
1688 4718 1845 4773 Idem
1882 4735 1952 4774 ne

296 4796 409 4853 sibi
437 4800 694 4856 eveniret
720 4802 888 4857 veriti
942 4804 1183 4873 quidam
1239 4804 1502 4860 illustres
1552 4806 1949 4879 Adrianopoli,

2060 4624 2375 4700 ἰμπρέπων,
2435 4618 2823 4691 διαϐληθέντες
2882 4621 2956 4682 ὡς
2985 4621 3052 4674 τὰ
3083 4618 3415 4695 Βουλγάρων
3448 4623 3725 4696 φρονοῦν-

2057 4736 2145 4775 τες
2182 4712 2611 4787 μετῳκίσθησαν,
2647 4712 2673 4764 ὁ
2709 4718 2801 4781 μὲν
2837 4707 3052 4772 Παῦλος
3091 4708 3165 4770 εἷς
3192 4709 3293 4775 τὴν
3337 4706 3390 4761 ἐν
3423 4707 3722 4782 Θρᾳκησίῳ

2060 4802 2454 4877 πεδιάδα
2510 4802 2538 4855 6
2570 4798 2626 4854 δὲ
2674 4797 3006 4867 Μαλακηνὸς
3044 4796 3119 4860 εἰς
3164 4797 3483 4866 Βυζάντιον.
3535 4799 3721 4854 Τοῦτο

1434 4945 1838 5005 XYLANDltI
1884 4948 1982 5008 ET
2028 4945 2264 5009 GOARI
2311 4944 2569 5005 NOTAE.

367 5064 481 5135 (53)
511 5064 637 5120 Non
670 5064 875 5119 dubito
906 5064 1047 5136 quin
1083 5065 1173 5121 hic
1206 5066 1367 5122 locus
1394 5068 1468 5123 sit
1493 5084 1758 5124 mancus.
1810 5069 1946 5123 Sen-

295 5136 661 5220 tentiamque
694 5136 876 5220 fuisse
908 5138 1172 5220 conjicio,
1210 5156 1325 5194 non
1368 5141 1726 5220 successisse
1774 5141 1947 5220 istam

294 5208 600 5280 Dyrrachii
632 5208 1034 5283 proditionem
1067 5210 1138 5264 ob
1187 5229 1616 5283 praeproperam
1668 5212 1947 5283 Chryselii

302 5284 575 5335 mortem.
602 5280 738 5352 Sed
790 5280 973 5334 fuisse
1021 5298 1086 5336 eo
1138 5280 1389 5352 petitum
1420 5280 1747 5350 'Basilium,
1786 5280 1951 5339 facile

286 5351 645 5423 judicaveris
678 5368 743 5407 ex
778 5351 1257 5421 sequentibus.ut
1288 5372 1420 5410 cum
1454 5356 1704 5411 Basilius
1737 5356 1951 5410 dicitur

297 5423 649 5478 defendendi
699 5441 732 5480 a
777 5423 999 5478 Joanne
1052 5425 1347 5494 Dyrrachii
1398 5444 1573 5483 causa
1622 5428 1953 5483 instituisse

297 5494 745 5568 profectionem,
765 5501 818 5549 rt
851 5495 920 5549 de
951 5496 1160 5549 Joanni
1192 5498 1268 5552 ibi
1294 5499 1423 5553 ι·ωεὶ
1451 5503 1687 5554 murtea
1711 5499 1953 5568 patricio

299 5567 580 5638 Pegonita
614 5568 800 5621 factus
831 5567 1060 5633 certior,
1078 5572 1184 5622 etc.
1214 5568 1345 5624 XYL.
1368 5602 1435 5609 —
1467 5571 1623 5627 Nihil
1655 5567 1751 5625 hic
1784 5588 1951 5626 man-

300 5654 440 5695 cum
473 5644 576 5696 aut
607 5640 885 5696 mutilum
938 5638 1231 5711 Xylandro
1280 5658 1521 5699 sensum
1571 5642 1953 5714 percipienti;

2059 5070 2121 5125 Si
2150 5069 2312 5124 modo
2342 5067 2597 5139 patriciis
2628 5064 3441 5139 honoribusraugeretur,q_uam
3465 5060 3724 5139 gamdgn

2059 5156 2273 5214 quoque
2327 5133 2670 5215 dignitatem,
2723 5152 2782 5191 eo
2826 5138 2964 5191 vivis
2994 5133 3384 5215 _erepto,__duo
3433 5133 3552 5215 {ius
3606 5133 3726 5215 ﬁiii

2059 5203 2541 5283 consequerentur.
2567 5209 2830 5283 _Hacque
2863 5203 3197 5283 conditione
3228 5203 3569 5278 Chrysalius
3602 5205 3724 5260 im-

2061 5279 2330 5356 peratori
2347 5279 2749 5356 Dyrrachium
2768 5281 3066 5353 prodebat.
3102 5279 3282 5356 GoAn.

2134 5356 2245 5425 (54)
2277 5354 2370 5409 Sic
2398 5346 2622 5425 'balbum
2652 5358 2709 5408 ct
2735 5346 2951 5425 niuium
2980 5354 3190 5425 vocant
3218 5347 3420 5425 Graeci.
3454 5346 3646 5425 Goan.

2282 5426 2484 5481 l‘edias
2517 5424 2820 5502 planitiem
2877 5423 3188 5502 signiﬁcat.
3246 5421 3372 5502 S-ed.
3406 5419 3718 5502 propri-um

2064 5490 2396 5567 suspicatus
2428 5490 3003 5569 ευῐῐι.’1λλουστρίοῦς
3024 5494 3181 5569 dicit
3200 5493 3299 5563 qui
3324 5490 3425 5545 viri
3450 5490 3723 5569 illustres

2063 5560 2340 5645 inclinato
2364 5569 2611 5645 imperio
2643 5560 2921 5645 solebant
2952 5567 3086 5645 dici,
3136 5560 3719 5645 sichtﬂspectabileg.

2065 5641 2399 5711 clarissimi,
2432 5646 2540 5697 etc.
2575 5644 2685 5715 Res
2711 5645 2801 5697 est
2830 5642 2986 5705 nota,
3037 5642 3096 5696 et
3143 5641 3506 5695 notationem
3557 5641 3722 5691 vocis
