3968 6140
326 400 444 464 185

1464 410 2019 478 HISTORIABUM
2062 415 2613 482 COMPENDIUM.

3630 418 3749 482 186

321 528 863 625 παθεῖνφοϐηθὲντες
887 535 980 625 καί
1006 557 1149 601 τινες
1192 542 1298 594 τῶν
1355 538 1415 595 εκ
1458 548 1560 612 τῆς
1588 539 1979 619 Ἀδριανουπό-

2105 549 2272 621 atqui
2298 550 2480 621 gestis
2501 554 2668 607 erant
2689 552 2827 608 clari
2852 551 3476 625 magistratibus,quod
3508 551 3569 609 in
3594 554 3751 612 452

326 620 471 684 λεως
506 620 849 699 ἰλλούστριοι
880 624 970 680 καὶ
998 634 1386 703 στρατηγικαῖς
1426 629 1626 707 ἀρχαῖς
1658 629 1985 707 διαπρέψαν-

325 732 415 773 τες
453 708 544 766 διὰ
565 712 629 767 τὸ
662 712 1054 779 ὑποπτεύεσθαι
1080 720 1159 789 τῷ
1192 719 1460 789 Σαμουὴλ
1491 720 1924 797 προσεῤῥύησαν,
1959 723 1987 776 6

336 800 432 872 μὲν
464 799 742 871 Βατάτζης
774 805 1012 871 πανοικὶ,
1049 806 1215 877 μόνος
1249 803 1306 861 δὲ
1352 807 1634 870 Βασίλειος
1676 811 1704 863 6
1748 806 1983 874 Γλαϐἆς’

332 890 397 944 οὗ
423 890 515 944 τὸν
545 891 660 944 υἱὸν
690 892 717 945 6
752 891 1007 965 βασιλεὺς
1032 896 1279 969 καθεῖρξε
1334 896 1424 951 καὶ
1475 896 1564 951 ἐπὶ
1623 904 1767 973 τρεῖς
1824 899 1989 963 ὅλους

333 976 614 1042 ἐνιαυτοὺς
673 987 947 1057 κατεῖχεν,
978 982 1091 1038 εἶτα
1147 983 1403 1042 ἂπέλυσε.
1458 986 1591 1042 Τότε
1645 988 1853 1061 καὶτῷ
1891 988 1987 1065 ἅρ-

333 1086 495 1141 χοντι
551 1068 799 1132 Βενετίας
855 1077 1082 1145 γυναῖκα
1140 1072 1378 1148 νόμιμον
1431 1073 1629 1131 ἔδωκεν
1664 1079 1691 1132 ὁ
1730 1078 1986 1153 βασιλεὺς

328 1157 433 1224 τὴν
490 1158 754 1232 θυγατέρα
808 1164 905 1215 τοῦ
958 1162 1243 1236 Ἀργυροῦ,
1284 1162 1527 1242 ἀδελφὴν
1585 1164 1643 1221 δὲ
1698 1168 1987 1239 Ῥωμανοῦ

329 1249 431 1299 τοῦ
468 1247 603 1318 μετὰ
629 1252 797 1303 ταῦτα
831 1248 1274 1322 βασιλεύσαντος,
1303 1253 1365 1307 τὸ
1406 1251 1562 1317 ἔθνος
1613 1254 1790 1318 οὕτως
1854 1258 1985 1311 ὑπο-

331 1333 690 1407 ποιούμενος.
739 1338 1071 1409 Ἐποιήσατο
1131 1336 1188 1394 δὶ
1238 1341 1327 1395 καὶ
1388 1338 1650 1413 εῗσϐολήν
1698 1343 1751 1399 ἐν
1806 1345 1988 1403 Βουλο

330 1420 502 1495 γαρίᾳ
533 1417 622 1476 διὰ
651 1421 1164 1488 Φιλιππουπόλεως
1201 1428 1229 1482 6
1265 1426 1539 1502 βασιλεὺς,
1570 1430 1769 1503 ταύτην
1828 1454 1990 1510 φρου-

214 1580 217 1583 λ
331 1514 458 1584 ρεῖν
490 1510 652 1583 τάξας
677 1512 769 1566 τὸν
832 1514 1114 1588 πατρίκιον
1159 1514 1595 1593 Θεοδωροκάνον.
1646 1522 1746 1578 Καὶ
1805 1520 1991 1579 πολλὰ

327 1602 443 1653 τῶν
496 1597 548 1654 ἐν
601 1598 898 1677 Τριαδίτζῃ
973 1604 1247 1681 φρουρίων
1319 1607 1822 1683 καταστρεψάμενος
1890 1610 1990 1667 ιπ-

336 1685 575 1757 ανῆλθεν
610 1688 687 1752 εἷς
719 1690 1128 1750 Μοσυνόπολιν.

409 1778 504 1848 Τῷ
529 1773 587 1832 δε
634 1780 770 1856 ,ςφη’
818 1774 947 1848 ἔτει,
992 1779 1334 1848 ῗνδικτιῶνος
1366 1806 1453 1860 ιγ,
1497 1784 1723 1861 δύναμιν
1773 1789 1987 1864 βαρεῖαν

2096 639 2495 711 suspicionem
2528 646 2585 697 et
2615 641 2726 713 ipsi
2758 641 3075 711 venissent,
3105 643 3178 698 ad
3226 643 3572 699 Samuelum
3622 659 3755 700 sese

2095 728 2491 796 contulerunt,
2544 731 2804 787 Batatzes
2856 747 2991 787 cum
3040 735 3166 787 tota
3209 731 3457 800 familia,
3499 734 3755 791 Basilius

2094 816 2307 873 Glahas
2337 818 2519 874 solus.
2537 819 2717 891 Cujus
2749 821 2937 875 filium
2970 820 3291 891 imperator
3318 838 3422 893 per
3450 822 3749 894 integrum

2095 907 2414 962 triennium
2456 908 2515 963 in
2563 911 2829 964 custodia
2874 911 3175 965 detentum
3226 911 3465 966 tandem
3498 912 3751 969 dimisit.

2096 997 2261 1052 Tunc
2306 997 2482 1052 etiam
2534 998 2779 1069 principi
2825 998 3076 1054 Venetiaa
3127 1000 3447 1070 imperator
3495 1006 3746 1072 nuptum

2094 1085 2341 1141 tradidit
2380 1086 2560 1142 filiam
2604 1088 2831 1160 Argyri,
2877 1105 3137 1145 sororem
3186 1090 3314 1161 ejus
3366 1090 3615 1146 Romani
3646 1090 3749 1164 qui

2096 1180 2229 1245 post
2259 1174 2506 1245 imperio
2540 1178 2760 1247 potitus
2808 1182 2915 1245 est,
2966 1178 3075 1234 hoc
3123 1180 3295 1235 modo
3343 1178 3455 1235 sibi
3510 1185 3747 1252 gentem

2096 1264 2430 1319 devinciens
2465 1268 2757 1321 Venetam.
2787 1266 2892 1322 Per
2923 1266 3346 1339 Philippopolin
3379 1285 3615 1340 quoque
3636 1270 3746 1323 im-

2097 1354 2461 1426 pressionem
2493 1353 2550 1409 in
2569 1354 2898 1426 Bulgariam
2914 1356 3352 1421 fecit,custodia
3383 1356 3561 1428 hujus
3579 1358 3745 1413 urbis

2097 1443 2417 1499 commissa
2443 1444 2685 1516 patricio
2715 1444 3164 1501 Theodorocano
3189 1462 3203 1514 ;
3237 1445 3561 1518 multisque
3588 1446 3749 1503 Tria-

2098 1532 2261 1588 ditzaa
2284 1533 2501 1589 eversis
2532 1532 2788 1590 castellis
2817 1532 3222 1607 Mosynopolin
3252 1534 3423 1591 redit.

2169 1804 2336 1859 Anno
2369 1800 2574 1858 mundi
2601 1802 2765 1868 5508,
2798 1801 3118 1858 indictione
3141 1802 3226 1869 13,
3261 1817 3496 1875 gravem
3525 1803 3748 1859 exerci-

331 1862 621 1974 ἰκπξμψας
675 1868 703 1922 6
766 1868 1018 1943 βασιλεὺς
1075 1873 1212 1926 κατὰ
1266 1877 1374 1929 τῶν
1431 1875 1595 1948 πέραν
1655 1880 1751 1930 τοῦ
1807 1862 1986 1951 Ᾱ⁹ίμου

2105 1897 2225 1949 tum
2240 1891 2490 1948 Basilius
2502 1892 2684 1947 mittit
2703 1862 2983 1948 adversus
3000 1862 3309 1964 Bulgarica
3330 1897 3494 1949 trans
3512 1893 3746 1949 Emum

331 1950 732 2053 Βουλγαρικῶν
764 1956 1032 2032 κάστρων,
1064 1959 1349 2036 ἀρχηγοὺς
1403 1957 1634 2038 ἔχουσαν
1664 1965 1755 2020 τὸν
1794 1967 1986 2039 πατρί-

2105 1981 2570 2050 castra,ducibus
2592 1980 2836 2051 patricio
2866 1950 3318 2037 Theodor’ocano
3334 1984 3393 2036 et
3417 1980 3746 2053 Nicephoro

329 2063 459 2098 κιον
513 2042 929 2121 Θεοδωροκάνον
985 2048 1075 2103 καὶ
1125 2051 1441 2127 Νικηφόρον
1506 2058 1989 2131 πρωτοσπαθάριον

331 2132 434 2187 τὸν
459 2134 686 2209 Ξιφίαν,
715 2136 814 2205 τήν
844 2156 905 2191 τε
938 2137 1184 2213 μεγάλην
1213 2140 1325 2195 εἷλε
1369 2138 1717 2216 Περσθλάϐαν
1760 2145 1850 2200 καὶ
1892 2148 1991 2216 τήν

333 2222 537 2295 μικρὰν
568 2222 658 2277 καὶ
687 2224 787 2292 τήν
810 2221 1246 2297 Πλίσκοϐαν,καὶ
1277 2230 1467 2299 ἀσινὴς
1498 2232 1587 2285 καὶ
1616 2239 1992 2310 τροπαιοῦχος

334 2314 375 2378 ὴ
404 2310 688 2383 Ῥωμαΐκή
726 2312 1053 2385 ὑπενόστησε
1083 2313 1332 2389 δύναμις.

411 2399 507 2470 Τῷ
539 2396 585 2454 δ’
615 2400 823 2457 ἐπιόντι
869 2402 1036 2459 πάλιν
1095 2400 1199 2461 ἔτει
1240 2408 1420 2463 ἄπεισι
1473 2411 1609 2465 κατὰ
1660 2410 1990 2486 Βουλγάρων

335 2487 367 2542 ὁ
419 2487 671 2576 βασιλεὺς
731 2487 821 2546 διὰ
868 2492 1293 2567 Θεσσαλονίκης,
1334 2497 1422 2552 καὶ
1478 2499 1790 2576 προσερρόη
1840 2502 1988 2574 αὐτῷ

340 2572 710 2652 Δοϐρομηρὸς
770 2581 799 2635 ὁ
853 2583 953 2649 τῆς
1008 2582 1262 2659 Βερῥοίας
1344 2572 1988 2663 κατάρχωνξπαραδοὺίς

333 2663 433 2719 καὶ
454 2666 556 2735 τὴν
588 2665 752 2721 πόλιν
805 2673 885 2739 τῷ
945 2670 1163 2745 βασιλεῖ
1211 2672 1301 2728 καὶ
1357 2674 1659 2741 ἀνθύπατος
1712 2679 1986 2749 τιμηθείς.

337 2754 400 2807 Ὀ
433 2751 491 2809 δὲ
519 2754 586 2809 τὰ
643 2752 843 2832 Σάρϐία
892 2757 1178 2835 φυλάττων
1227 2761 1523 2831 Νικόλαος,
1556 2766 1615 2821 ὃν
1664 2765 1985 2837 Νικολιτζᾶν

338 2840 800 2919 ὑποκοριζόμενοι
860 2844 949 2901 διὰ
998 2850 1061 2903 τὸ
1123 2850 1299 2926 βραχὺ
1327 2859 1426 2923 τῆς
1458 2853 1680 2923 ἡλικίας
1735 2853 1983 2926 ἐκάλουν,

338 2929 594 3020 ἐκθύμως
620 2931 839 3010 ἀντεῖχε
867 2934 957 2990 καὶ
988 2938 1088 3007 τήν
1137 2938 1562 3015 ἐπενηνεγμένην
1614 2944 1762 3017 αὐτῷ
1817 2965 1985 3020 γεγη-

333 3013 515 3084 θὸτως
604 3021 834 3100 ὑπέφερε
915 3024 1285 3102 πολιορκίαν.
1348 3013 1667 3105 φιλοτίμως
1736 3013 1841 3089 δὲ⁷
1887 3013 1985 3089 τοῦ

334 3108 609 3200 βασιλέως
667 3116 1025 3187 χρησαμένου
1080 3116 1217 3191 αὐτῇ
1276 3116 1421 3174 ἑάλω
1466 3121 1529 3175 τὸ
1579 3122 1839 3200 φρούριον
1894 3126 1984 3179 καὶ

328 3197 496 3263 αὐτὸς
557 3199 586 3254 6
645 3200 973 3272 Νικολιτζᾶς
1006 3221 1019 3234 ⁶
1065 3205 1153 3260 καὶ
1235 3208 1544 3279 μετοικίσας
1592 3197 1811 3276 εκεῖθεν
1858 3211 1984 3275 τοὺς

335 3284 688 3363 Βουλγάρους
748 3290 776 3344 ὁ
841 3290 1097 3365 βασιλεὺς
1156 3276 1460 3369 Ῥωμαίους
1517 3298 1805 3371 φυλάττειν
1889 3301 1985 3356 ἐπι·
2017 3276 2060 3345 C

330 3374 547 3445 ἑστησε.
584 3377 682 3431 Καὶ
712 3382 879 3434 ταῦτα
913 3377 1112 3456 δράσας
1145 3380 1382 3439 ἐπάνεισι
1413 3387 1549 3461 πρὸς
1576 3389 1674 3456 τήν
1708 3386 1984 3463 βασιλίδα,

330 3464 668 3540 ἐπαγόμενος
728 3469 847 3539 μεθ’
880 3469 1071 3524 ἑαυτοῦ
1126 3472 1216 3526 καὶ
1264 3473 1354 3528 τὸν
1412 3475 1755 3548 Νικολιτζᾷν,
1786 3478 1844 3533 ὃν
1894 3480 1985 3534 καὶ

329 3551 718 3629 πατρικιότητι
801 3554 1078 3630 ἐτίμησεν.
1165 3557 1327 3617 Ἀλλ’
1408 3558 1664 3621 ἀϐεϐαίου
1762 3568 1987 3642 γνώμης

336 3643 500 3707 οὗτος
577 3642 789 3718 τυχὼν,
849 3645 1045 3701 ἐκεῖθεν
1133 3646 1395 3724 ἀποδρὰς,
1448 3647 1637 3718 ἔλαθεν
1694 3653 1987 3720 ἀνασωθεὶς

324 3732 468 3806 πρὸς
498 3732 592 3819 τὸν
620 3732 911 3804 Σαμουὴλ,
943 3735 1032 3789 καὶ
1095 3738 1212 3809 μετ’
1240 3738 1405 3799 αὐτοῦ
1461 3739 1634 3797 ἐλθὼν
1671 3741 1982 3819 ἐπολιόρκει

318 3821 393 3911 τά
442 3814 1094 3911 ΣὲρϐιαηἋλλὰῲπάλιν
1156 3826 1184 3880 6
1229 3827 1483 3901 βασιλεὺς
1532 3830 1654 3901 ὀξὺς
1709 3814 1986 3911 ἐπιφανεὶς

322 3910 432 3979 τὴν
465 3915 567 3979 τῆς
614 3908 833 3974 πόλεως
890 3906 1048 3968 ἔλυσε
1103 3914 1449 3991 πολιορκίαν,
1486 3915 1711 3995 δρασμῷ
1769 3906 1983 3997 χρησα-

324 3999 500 4071 μένου
527 4002 623 4053 τοῦ
653 3999 953 4070 Νικολιτζᾶ
983 4000 1077 4057 σὺν
1103 4007 1183 4075 τῷ
1237 4005 1529 4079 Σαμουήλ.
1562 4005 1722 4064 Ἀλλ’
1754 4009 1852 4065 οὐκ
1904 4011 1982 4075 εἰς

318 4086 489 4151 τέλος
546 4084 729 4162 διέδρα
786 4089 815 4143 ὁ
868 4088 1116 4153 ἄπιστος·
1152 4091 1312 4168 λόχῳ
1366 4097 1469 4171 γάρ
1525 4117 1631 4151 τινι
1690 4099 1981 4173 Ῥωμαϊκῷ

320 4177 635 4251 περιπεσὼν
669 4177 994 4256 συνελήφθη,
1027 4179 1117 4235 καὶ
1148 4182 1285 4257 πρὸς
1322 4184 1414 4238 τὸν
1475 4184 1701 4259 βασιλέα
1756 4184 1977 4261 δέσμιος

2102 2068 2573 2142 protospathario
2605 2069 2832 2140 Xiphia.
2862 2069 3044 2141 Capta
3074 2070 3145 2125 ab
3172 2069 3264 2124 his
3300 2070 3489 2141 major
3528 2069 3747 2125 minor-

2099 2175 2211 2230 que
2242 2158 2558 2215 Pershlaba
2604 2163 2777 2230 atque
2824 2157 3108 2227 Pliscoba,
3158 2158 3457 2230 victorque
3503 2159 3746 2214 domum

2101 2248 2274 2303 rediit
2302 2248 2602 2303 Romanus
2633 2247 2939 2302 exercitus.

2172 2408 2512 2481 Insequenti
2544 2424 2698 2464 anno
2726 2424 2961 2464 rursum
2992 2407 3385 2479 imperatorin
3409 2406 3745 2480 Bulgariam

2100 2498 2218 2554 abit
2252 2514 2353 2569 per
2381 2495 2876 2552 Thessalonicam.
2908 2495 2993 2551 Ibi
3022 2512 3086 2551 se
3114 2496 3437 2568 urbemque
3459 2497 3745 2552 Berrasam

2098 2588 2227 2658 ejus
2276 2585 2548 2658 princeps
2594 2584 2983 2640 Dobromerus
3030 2582 3209 2652 dedit,
3267 2588 3323 2640 et
3374 2583 3744 2656 proconsulis

2098 2675 2353 2731 afﬁcitur
2393 2676 2625 2731 honore.
2676 2675 2750 2729 At
2791 2673 2892 2746 qui
2936 2672 3133 2729 Servia
3186 2672 3456 2745 praesidio
3510 2672 3747 2730 tenebat

2096 2763 2391 2827 Nicotaus,
2424 2779 2596 2834 quem
2629 2760 2976 2817 diminutiva
3008 2762 3197 2817 forma
3225 2764 3297 2817 ob
3347 2765 3584 2817 staturae
3615 2761 3746 2817 bre-

2094 2852 2333 2909 vitatem
2360 2850 2699 2908 Nicolitzam
2732 2850 3038 2915 vocabant,
3078 2854 3418 2922 oppugnato
3447 2850 3520 2905 ab
3552 2850 3741 2922 impe-

2096 2946 2285 2998 ratore
2298 2940 2539 2997 castello
2562 2939 2786 2996 fortiter
2806 2956 2873 2995 ac
2890 2938 3162 2996 alacriter
3179 2938 3743 3009 resistebant,donec

2095 3032 2249 3088 458
2281 3031 2354 3086 ab
2385 3030 2733 3101 imperatore
2763 3028 2817 3084 vi
2845 3027 3084 3085 castello
3114 3031 3445 3100 expugnato
3472 3026 3653 3084 simul
3684 3030 3743 3085 et

2093 3121 2220 3193 ipse
2250 3120 2309 3175 in
2332 3121 2459 3190 ejus
2492 3122 2838 3191 potestatem
2859 3118 3038 3173 venit.
3072 3118 3134 3173 Id
3183 3115 3512 3185 castellum,
3545 3121 3739 3173 trans-

2095 3209 2228 3265 latis
2259 3208 2372 3264 alio
2404 3207 2690 3279 Bulgaria,
2721 3206 3041 3278 imperator
3070 3208 3333 3261 Romano
3366 3205 3560 3260 munit
3589 3222 3738 3278 pra-

2095 3298 2243 3355 sidio
2268 3315 2281 3365 ;
2314 3315 2379 3353 ac
2410 3297 2548 3353 inde
2569 3295 2769 3367 Cpolin
2794 3295 3038 3365 redit,eo
3061 3293 3236 3351 etiam
3253 3292 3534 3349 Nicolitza
3554 3292 3738 3349 abdu-

2094 3393 2187 3444 cto
2235 3404 2302 3444 ac
2342 3385 2570 3460 patricii
2619 3384 2838 3441 honore
2884 3387 3111 3439 ornato.
3163 3385 3382 3439 Verum
3428 3380 3743 3441 Nicolitzas

2094 3477 2269 3533 homo
2299 3476 2640 3532 inconstans
2670 3473 2815 3530 urbe
2853 3472 3133 3545 profugit,
3178 3471 3501 3543 furtimque
3529 3471 3602 3527 ad
3633 3471 3741 3528 Sa-

2094 3564 2355 3622 muelum
2383 3563 2623 3636 elapsus
2653 3578 2789 3617 cum
2822 3576 2890 3617 eo
2932 3560 3132 3617 Servia
3178 3564 3501 3632 oppugnat.
3548 3561 3738 3624 Quam

2088 3653 2458 3711 obsidionem
2490 3650 2754 3708 celeriter
2782 3649 3202 3722 superveniens
3222 3648 3540 3720 imperator
3569 3647 3740 3704 facile

2092 3742 2396 3811 discussit,
2427 3741 2665 3797 Nicolao
2697 3746 2754 3796 et
2783 3739 3057 3796 Samuelo
3078 3737 3739 3810 diﬂ‘ugientibusEtNi-

2089 3832 2295 3889 colitza
2322 3850 2357 3889 a
2379 3831 2634 3902 quodam
2666 3830 3064 3886 Romanorum
3112 3828 3436 3898 manipulo,
3468 3827 3527 3881 in
3558 3842 3736 3898 quem

2089 3921 2395 3989 inciderat,
2426 3924 2634 3992 captus
2684 3923 2739 3975 et
2770 3918 2829 3973 in
2872 3916 3126 3972 vinculis
3169 3917 3485 3980 adductus,
3532 3914 3734 3985 Cpolin

2090 4012 2309 4067 missus
2341 4010 2397 4066 in
2432 4024 2723 4066 carcerem
2747 4006 3080 4078 conjicitur.
3102 4005 3245 4061 Inde
3275 4005 3333 4060 in
3362 4002 3731 4060 Thessaliam

2088 4100 2388 4173 profectus
2418 4099 2736 4169 imperator
2764 4094 3001 4152 castella
3022 4112 3055 4150 a
3074 4092 3346 4150 Samuelo
3369 4091 3565 4148 diruta
3598 4093 3730 4149 refi-

2087 4192 2185 4259 cit,
2219 4206 2346 4259 quaa
2377 4204 2411 4241 a
2439 4186 2704 4257 Bulgaria
2742 4184 3092 4240 tenebantur
3142 4186 3461 4254 expugnat,
3515 4181 3731 4253 Bulga-

320 4264 523 4339 ἀχθεὶς
554 4263 628 4327 εἷς
657 4267 904 4342 φυλακὴν
959 4263 1228 4341 ἐνεϐλήθη
1291 4270 1345 4327 ἐν
1402 4275 1978 4333 Κωνσταντινουπόλει

2105 4276 2571 4350 'osqueBolerum
2588 4273 2720 4341 (loci
2745 4274 2854 4329 hoc
2872 4272 3108 4343 nomen)
3124 4271 3735 4340 transfert,omnibus-

315 4352 613 4431 πεμφθείς.
648 4355 709 4412 Ὀ
742 4351 1088 4440 δὶῗβασιλεὺς
1119 4356 1290 4413 ελθὼν
1340 4359 1416 4423 εἰς
1469 4360 1762 4419 Θετταλίαν
1816 4367 1883 4420 τὰ
1920 4365 1975 4422 ἂν

2105 4384 2200 4440 lue
2226 4365 2482 4422 castellis
2514 4362 2780 4435 praesidio
2813 4361 3058 4417 munitis
3089 4362 3160 4417 ad
3183 4360 3419 4417 Bodena
3448 4360 3730 4431 pervenit.

314 4440 466 4529 αὐτῇ
498 4440 731 4518 φρούρια
758 4439 868 4512 ἤδη
900 4444 1048 4519 παρὰ
1101 4450 1199 4500 τοῦ
1250 4448 1518 4520 Σαμουὴλ
1574 4453 1976 4529 κατασκαφέντα

2105 4439 2317 4512 iodena
2346 4452 2654 4511 castellum
2699 4456 2787 4508 est
2834 4468 2973 4507 saxo
3022 4453 3313 4523 prmrupto
3363 4447 3730 4520 impositum,

313 4527 710 4618 ἀνωρθῴσατο,
742 4531 830 4585 καὶ
881 4531 949 4587 τὰ
987 4533 1135 4607 παρὰ
1183 4539 1290 4590 τῶν
1352 4536 1684 4614 Βουλγάρων
1736 4527 1974 4618 κατεχό-

2105 4561 2186 4599 rer
2213 4543 2367 4615 quod
2401 4558 2605 4597 saxum
2625 4558 2778 4612 aqua
2805 4540 3040 4612 paludis
3070 4539 3302 4596 Ostrobi
3333 4537 3559 4594 occulte
3579 4537 3734 4596 infra

322 4638 464 4712 μενοι
521 4616 960 4712 ἐκπολιορκήσας
1013 4621 1143 4712 τοὺς
1202 4625 1296 4712 μὶν
1326 4626 1407 4699 [Ρ.
1456 4629 1583 4702 705]
1631 4616 1975 4707 Βουλγάρους

2107 4649 2296 4689 erram
2329 4632 2553 4697 deﬂuit,
2585 4630 2837 4702 indeque
2865 4645 3099 4685 rursum
3150 4628 3416 4699 emergit.
3462 4627 3729 4697 Cumque

315 4704 376 4769 ἐς
407 4706 498 4761 τὸν
548 4705 842 4784 λεγόμενον
893 4711 1158 4783 μετῴκισε
1213 4711 1471 4790 Βολερὸν,
1504 4717 1741 4794 φρουρὰν
1790 4704 1861 4775 ⁷δὲ
1917 4720 1969 4776 ἐν

2105 4720 2297 4779 leditio
2331 4737 2443 4776 non
2477 4720 2657 4786 fleret,
2690 4719 2741 4774 vi
2772 4722 3085 4791 expugnat,
3128 4715 3497 4789 Bulgaricum
3529 4716 3728 4787 presi-

315 4798 454 4850 πᾶσι
480 4794 798 4883 καταλιπὼν
848 4799 1150 4876 ἀξιόμαχον
1213 4801 1513 4869 ἐπανῆλθεν
1574 4804 1651 4869 εἷς
1703 4807 1771 4862 τὰ
1813 4807 1973 4883 λεγό-

2105 4811 2246 4866 lium
2278 4810 2547 4866 Bolerum
2580 4810 2866 4881 deportat,
2889 4812 2945 4863 et
2970 4805 3211 4863 castello
3232 4804 3506 4877 praesidio
3535 4802 3729 4862 valido

320 4904 461 4957 μενα
518 4881 765 4956 Βοδηνά·
800 4885 1061 4962 φρούριον
1119 4886 1176 4943 δὶ
1230 4891 1298 4945 τὰ
1355 4890 1573 4962 Βοδηνὰ
1628 4893 1717 4949 ἐπὶ
1775 4881 1973 4972 πέτρας

2107 4900 2357 4970 mposito
2388 4898 2869 4955 Thessalonicam
2903 4897 3042 4952 abit.

314 4972 606 5045 ἀποτόμου
657 4974 931 5048 κείμενον,
964 4974 1035 5031 δι’
1084 4979 1151 5049 ἧς
1207 4980 1465 5057 καταρρεῖ
1510 4984 1572 5037 τὸ
1633 4990 1734 5053 τῆς
1794 4983 1996 5058 λίμνης
2049 4991 2147 5042 τοῦ
2177 4981 2477 5059 Ὀστροϐοὖ
2534 4984 2703 5061 ὕδωρ,
2738 4984 2841 5039 ὑπὸ
2896 4991 3002 5059 γῆς
3057 4983 3297 5037 κάτωθεν
3352 4979 3471 5057 βίον
3509 4981 3726 5059 ἀφανῶς

318 5061 540 5117 κάκεῖσε
568 5060 732 5118 πάλιν
770 5061 1165 5139 ὑποδυόμενον.
1199 5069 1298 5124 Καὶ
1341 5069 1452 5126 ἐπεὶ
1489 5072 1565 5143 μή
1617 5071 1874 5136 ἑκουσίως
1903 5073 2257 5151 παρεδίδοσαν
2318 5074 2537 5138 ἑαυτοὺς
2593 5075 2644 5129 οἱ
2702 5070 2879 5140 ἔνδον,
2910 5069 3207 5146 πολιορκίᾳ
3250 5074 3415 5126 τοῦτο
3471 5071 3725 5146 κατέσχε.

314 5148 419 5204 Καὶ
459 5149 685 5293 τρότρυς
746 5152 955 5225 ὁμοίως
1014 5153 1090 5217 εἲς
1147 5156 1239 5211 τὸν
1298 5157 1541 5229 Βυλερὸν
1599 5159 1906 5235 ἀποικίσας,
1940 5148 2148 5241 φρουρᾷ
2206 5163 2263 5221 δὲ
2317 5169 2479 5220 τοῦτο
2539 5162 2962 5240 ὀχυρωσάμενος
2993 5159 3294 5237 ἀξιολόγῳ,
3321 5158 3589 5217 ἐπάνεισιν
3648 5158 3725 5223 είς

314 5245 487 5293 Θεσσα
528 5259 585 5293 ον
610 5260 734 5293 xm.

311 5245 709 5310 Θεσσαλονίκην
720 5281 734 5296 .

1516 5383 1881 5444 XYLANDRI
1921 5389 2004 5444 ET
2042 5389 2257 5446 GOARI
2295 5389 2522 5446 NOTAE.

303 5506 450 5595 ipse!
471 5509 681 5595 N‘oster
701 5507 1036 5595 subjunxit.
1069 5514 1211 5595 XvL.
1244 5545 1316 5557 —
1347 5511 1713 5595 ’lllt_odctptot
1756 5520 1968 5577 nobiles

2105 5520 2265 5595 ὒγενῆ
2309 5526 2625 5594 exponunt.
2676 5522 2998 5580 Confirmat
3045 5522 3361 5595 Blastares,
3395 5539 3455 5595 0.
3506 5524 3574 5580 17
3628 5526 3725 5579 τοῦ

302 5578 405 5635 hic
434 5578 1051 5682 interpretorfzi'avet'
1074 5590 1280 5641 auctor
1325 5578 1612 5682 subden‘s,‘
1658 5607 1967 5682 αοηστρατ-

2105 5578 2433 5682 λιτοὶχείξρ
2476 5595 2781 5682 mulierem
2824 5578 3077 5682 notam;
3096 5578 3723 5682 'tpouanwdappan:

304 5656 529 5723 ηγικαῖς
580 5656 780 5726 ἀρχαῖς
832 5656 1227 5785 διαπρῗιαντας
1280 5674 1492 5717 vocans
1543 5661 1651 5717 hos
1698 5656 1963 5722 illustres.

302 5721 714 5794 Sntfragantur
743 5723 976 5783 Basilio.
1059 5726 1251 5798 lossm,
1297 5745 1424 5802 qua
1475 5727 1826 5809 ἲλλούστριον
1857 5752 1963 5794 ceu

2105 5682 2206 5722 ana
2241 5683 2255 5723 :
2281 5656 2345 5722 Ἦ
2376 5662 2434 5721 δὲ
2480 5664 2801 5743 ΐλλουστρία
2829 5667 3131 5741 νομίμους-
3153 5656 3360 5741 ἔχουσαί
3385 5656 3723 5729 παῖδαξ’καὶ

2105 5742 2441 5813 τορνογενεῖς.
2474 5738 2650 5799 GOAB.
