3968 6140
243 401 358 463 ιετ

1568 402 1887 468 GEORGII
1932 403 2273 466 CEDRENI

3533 403 3654 468 188

314 529 423 596 Qui
452 530 824 604 prmfueratei
841 529 1081 586 castello
1093 530 1532 598 Draxamus,vir
1552 531 1886 597 bellicosus,

2070 532 2129 588 '0
2189 527 2246 585 δὶ
2325 527 2424 585 τοῦ
2493 530 2756 607 φρουρίου
2811 551 3105 606 καταρχων
3167 531 3456 607 Δραξάνος,
3511 533 3649 608 ἀνὴρ

244 622 317 677 ab
350 621 702 693 imperatore
735 621 889 677 454
919 621 1196 691 impetrat
1223 625 1286 675 ut
1314 621 1741 677 Thessalonicae
1778 621 1890 677 sibi

245 710 445 768 liceret
475 711 719 782 degere;
753 710 952 781 ibique
977 727 1211 766 uxorem
1273 711 1436 766 ducit
1485 711 1666 766 ﬁliam
1718 712 1891 784 primi

248 800 735 871 peribatariorum
775 801 914 855 aedis
964 802 1236 870 martyris
1285 801 1582 857 Demetrii.
1632 805 1894 872 Cumque

241 890 336 945 bis
367 906 433 945 ea
465 890 740 944 maritum
776 896 998 960 patrem
1035 889 1286 954 fecisset,
1320 890 1445 958 ipse
1477 890 1748 960 profuerit.
1782 891 1892 945 De-

241 979 567 1051 prehensus
599 995 798 1034 socero
828 979 1219 1033 intercedente
1257 979 1484 1033 veniam
1535 979 1889 1050 impetravit.

242 1069 312 1124 Et
339 1085 472 1123 cum
496 1068 687 1123 denuo
715 1067 1332 1139 profugisset,rursum
1366 1077 1452 1124 est
1482 1069 1685 1123 eodem
1719 1069 1890 1124 modo

241 1157 544 1213 dimissus.
576 1157 722 1212 Aliis
773 1163 972 1212 autem
1022 1157 1253 1212 duobus
1299 1156 1502 1211 liberis
1553 1157 1888 1227 procreatis,

240 1247 480 1302 tertium
515 1251 578 1300 ut
595 1245 1285 1318 profugit,captusinque
1300 1246 1496 1316 palum
1518 1246 1888 1301 sufﬁxusest.

310 1425 545 1483 Interim
581 1425 899 1481 Numeritae
929 1429 986 1481 et
1019 1425 1302 1497 Ataphitaa
1331 1425 1551 1482 Arabes
1600 1443 1733 1482 cum
1768 1430 1889 1482 Cce-

239 1516 517 1587 lesyriam
539 1515 846 1585 ipsamque
865 1515 1043 1569 etiam
1067 1514 1328 1570 Africam
1349 1515 1603 1584 graviter
1617 1520 1891 1572 vexarent

240 1603 1052 1673 incursionibus,magistrum
1075 1603 1459 1672 Nicephorum
1495 1603 1752 1659 Uranum
1778 1605 1888 1659 im-

241 1697 481 1767 perator
511 1695 812 1764 praetorem
849 1690 1170 1746 Antiochia
1202 1691 1728 1762 mittit,succedere
1757 1693 1805 1747 ei
1827 1693 1886 1748 in

240 1787 550 1854 praeturam
576 1779 1193 1851 Thessalonicesjusso
1216 1780 1459 1854 patricio
1482 1781 1700 1837 Davido
1724 1783 1888 1838 Aria-

2002 617 2368 692 πολεμιστὴς,
2409 620 2650 694 ᾐτήσατο
2703 621 2837 675 κατᾶ
2891 621 2990 689 τὴν
3049 620 3443 692 Θεσσαλονίκην
3493 621 3652 692 οἰκῆ-

2004 731 2111 766 σαι.
2146 710 2553 772 Ἐπινεύσαντος
2614 707 2672 764 δὲ
2727 707 2824 765 τοῦ
2885 708 3152 785 βασιλέως
3209 710 3492 783 ἡρμόσατο
3551 733 3650 785 γυ-

2000 805 2160 854 ναῖκα
2227 801 2327 868 τὴν
2391 798 2654 874 θυγατίρα
2721 803 2818 854 τοῦ
2899 799 3121 873 πρώτου
3189 805 3294 853 τῶν
3354 794 3651 876 περιὸατα-

2002 889 2134 962 ρίων
2323 893 2420 941 τοῦ
2473 892 2604 942 ναοῦ
2658 893 2756 942 τοῦ
2807 888 3125 965 ἀθλοφόρου
3184 891 3526 964 Δημητρίου,
3559 888 3653 943 καὶ

2001 975 2198 1039 παῖδας
2231 976 2280 1032 ἐν
2314 977 2480 1047 αύτὴς
2513 973 2640 1052 ἔσχε
2698 975 2815 1034 δύο.
2867 978 2995 1032 Εἶτα
3051 975 3296 1053 ἀποδρὰς
3356 975 3523 1050 ἑάλω,
3559 978 3653 1033 καὶ

2002 1065 2224 1140 ἐντεύξει
2293 1063 2389 1121 τοῦ
2457 1065 2725 1137 κηδεστοῦ
2795 1068 3181 1141 συνεχωρήθη.
3242 1068 3337 1122 Καὶ
3400 1065 3653 1141 δεύτερον

2001 1154 2242 1231 ἀποδρὰς
2302 1155 2508 1227 ὁμοίως
2564 1157 2788 1233 ἀφείθη.
2829 1157 2927 1210 Καὶ
2983 1153 3141 1230 ἵτερα
3200 1154 3258 1210 δὲ
3313 1156 3471 1210 τὲκνα
3550 1155 3652 1212 δύο

1999 1247 2234 1315 ποιήσας
2285 1246 2348 1300 τὸ
2402 1245 2582 1320 τρίτον
2615 1243 2842 1320 ἀπέδρα,
2874 1245 2963 1300 καὶ
3024 1244 3366 1323 συλληφθεὶς
3419 1247 3653 1300 ἀνεσκο-

2001 1332 2261 1405 λοπίσθη.

2067 1427 2182 1478 Τῶν
2240 1421 2297 1478 δὲ
2350 1425 2708 1498 Νουμεριτῶν
2763 1444 2852 1478 και
2904 1424 3207 1501 Ἀταφιτῶν
3238 1417 3486 1498 Ἀράϐων
3539 1421 3654 1479 δει-

1997 1518 2102 1574 νῶς
2156 1517 2258 1583 τήν
2313 1535 2374 1568 τε
2431 1511 2642 1583 Κοίλην
2703 1513 2903 1587 Συρίαν
2949 1512 3039 1568 καί
3068 1515 3240 1582 αὐτὴν
3272 1515 3654 1589 κατατρεχόν-

1996 1622 2103 1656 των
2152 1603 2250 1670 τὴν
2286 1601 2644 1677 Ἀντιόχειαν,
2676 1601 2767 1657 τὸν
2831 1601 3126 1676 μάγιστρον
3181 1603 3494 1680 Νικηφόρον
3553 1604 3650 1658 τὸν

1998 1691 2233 1767 Οὐρανὸν
2285 1693 2312 1745 6
2375 1689 2630 1766 βασιλεὺς
2693 1688 2932 1766 ἄρχοντὰ
2989 1691 3332 1766 Ἀντιοχείας
3393 1693 3502 1764 (75)
3565 1690 3654 1747 ἐκ·

1997 1782 2224 1852 πέμπει,
2257 1777 2517 1855 διάδοχον
2552 1779 2716 1836 αὐτοῦ
2745 1781 2844 1849 τῆς
2878 1777 3280 1850 Θεσσαλονίκης
3330 1781 3655 1850 πεποιηκὼς

238 1871 456 1928 nita.Et
486 1869 914 1941 Philippopolis
948 1876 1258 1940 praeturam
1290 1870 1364 1925 ob
1394 1886 1627 1941 gravem
1653 1876 1884 1926 atatem

2061 1892 2084 1922 ν
2128 1868 2410 1941 πατρίκιον
2465 1865 2631 1924 Δαϐὶδ
2688 1870 2780 1923 τὸν
2811 1869 3145 1943 Ἀριανίτην.
3178 1871 3266 1926 Ἐν
3328 1867 3386 1924 δὶ
3437 1868 3656 1926 Φιλιπ-

237 1960 570 2029 resignante
602 1959 907 2013 Theodoro
938 1975 1106 2025 cano,
1157 1974 1284 2011 eam
1335 1959 1660 2029 Nicephoro
1692 1966 1887 2029 proto-

240 2048 584 2121 sphathario
615 2047 846 2120 Xipbie
880 2049 1140 2102 mandat.
1167 2051 1398 2103 Uranus
1426 2052 1489 2102 ut
1519 2049 1890 2106 Antiochiam

242 2138 400 2196 venit
430 2139 661 2194 duobus
683 2141 784 2194 aut
802 2136 994 2193 tribus
1017 2135 1232 2209 praliis
1253 2137 1613 2194 Cistrinitam
1632 2139 1888 2195 Arabum

244 2230 453 2284 ducem
501 2225 788 2294 contudit,
835 2225 1122 2296 facileque
1173 2227 1466 2297 persuasit
1511 2232 1575 2282 ut
1619 2227 1670 2282 is
1718 2244 1890 2299 porro

240 2318 590 2389 quiesceret,
623 2315 938 2384 omniaque
968 2314 1223 2369 reddidit
1254 2315 1654 2386 pacatissima.

242 2408 531 2479 στρατηγῷ
586 2403 675 2458 καὶ
732 2403 1062 2479 τρεψάμενος
1123 2400 1326 2457 ἔπεισεν
1376 2403 1610 2478 ἡσυχίαν
1667 2401 1953 2479 ἄγειν,καὶ

243 2495 565 2569 μετήγαγεν.

307 2588 474 2640 Anno
506 2583 1186 2655 insequenti,indictione
1219 2584 1446 2639 decima
1476 2584 1892 2654 quinta,Bidy-

238 2691 372 2730 nam
406 2675 609 2728 urbem
642 2673 890 2739 obsidet,
923 2677 981 2726 et
1009 2679 1137 2726 octo
1170 2689 1404 2728 menses
1453 2674 1890 2745 oppugnatione

239 2766 443 2828 tracta,
480 2779 608 2816 eam
640 2761 692 2814 vi
724 2760 895 2831 capit.
931 2761 1079 2814 Dum
1109 2761 1227 2815 haec
1267 2762 1387 2832 agit
1416 2761 1751 2833 imperator,
1786 2764 1888 2818 Sa-

1997 1957 2266 2013 πουπόλει
2294 1959 2393 2027 τὴν
2425 1957 2914 2034 πρωτοσπαθάριον
2945 1958 3262 2034 Νικηφόρον
3293 1959 3384 2013 τὸν
3443 1959 3651 2033 Ξιφίαν

1999 2046 2320 2123 στρατηγεῖν
2404 2044 2575 2119 ἔταξε,
2640 2051 2738 2101 τοῦ
2814 2043 3229 2123 Θεοδωροκάνου
3309 2045 3396 2102 διὰ
3475 2054 3654 2124 γῆρας

1998 2136 2500 2210 παραιτησαμένου.
2531 2138 2596 2193 ’0
2653 2133 2710 2191 δὲ
2768 2137 3063 2212 μάγιστρος
3119 2136 3434 2212 Νικηφόρος
3485 2137 3513 2192 6
3544 2136 3654 2191 Οὖ-

2001 2225 2160 2300 ρανὸς
2221 2225 2272 2279 ἐν
2328 2225 2638 2300 Ἀντιοχείᾳ
2691 2225 2984 2300 γενόμενος
3036 2225 3127 2280 καὶ
3187 2224 3306 2280 δυσὶ
3361 2226 3452 2280 καὶ
3504 2224 3656 2295 τρισὶ

2006 2315 2210 2389 μάχαις
2268 2313 2606 2385 συμπλακεὶς
2691 2316 3016 2389 Κιστρινήτῃ
3078 2319 3158 2386 τῷ
3235 2319 3341 2370 τῶν
3396 2309 3656 2390 Ἀράϐων

2007 2403 2076 2458 τὰ
2125 2404 2420 2480 πράγματα
2471 2401 2548 2465 είς
2613 2404 2828 2478 βαθεῖαν
2887 2401 3104 2478 εἶ’ρήνην
3169 2405 3256 2459 καὶ
3300 2404 3659 2480 γαληνιῶσαν

2070 2584 2130 2638 Ὀ
2161 2579 2219 2636 δὶ
2257 2579 2510 2656 βασιλεὺς
2541 2582 2675 2636 κατὰ
2716 2582 2778 2636 τὸ
2828 2581 2976 2636 ἐπιὸν
3019 2578 3141 2643 ἔτος
3183 2580 3525 2644 ίνδικτιῶνος
3592 2585 3659 2637 ιε’

2000 2671 2333 2744 ἐκστρατεύει
2365 2672 2502 2724 κατὰ
2532 2667 2782 2739 Βιδύνης,
2814 2671 2904 2724 καὶ
2945 2671 3026 2747 ἐφ’
3052 2669 3216 2732 ὅλους
3269 2670 3411 2724 ὀκτὼ
3475 2676 3657 2742 μῆνας

2001 2758 2474 2836 ἐμφιλοχωρήσας
2525 2762 2594 2833 τῇ
2653 2757 2978 2834 προσεδρείᾳ
3061 2760 3205 2834 αἱρεῖ
3260 2757 3394 2814 κατᾶ
3447 2758 3657 2835 κράτος

247 2850 477 2907 muelus
507 2850 808 2921 expeditos
839 2850 1061 2904 ducens
1099 2849 1651 2921 Adrianopctitanos
1703 2851 1892 2907 obiter

2059 2870 2099 2918 ιν
2130 2847 2316 2905 πόλιν.
2347 2849 2435 2904 Ἐν
2469 2848 2515 2920 ᾦ
2547 2845 2605 2903 δὲ
2637 2851 2700 2922 τῇ
2733 2845 3034 2922 πολιορκίᾳ
3063 2848 3220 2910 οὗτος
3253 2846 3651 2924 προσήδρευεν,

245 2940 530 3008 adoritur,
564 2940 712 2995 455
750 2938 842 2992 die
873 2938 1263 3008 assumptioni
1296 2937 1555 3009 Deiparze
1588 2940 1753 3009 festo,
1775 2956 1889 3009 quo

2063 2934 2329 3008 Σαμουὴλ
2383 2935 2601 3008 εὐζώνῳ
2633 2936 2982 3010 χρησάμενος
3013 2933 3301 3009 ὁδοιπορίᾳ
3356 2936 3656 2991 ἐπιτίθεται

243 3029 477 3101 publica
491 3033 617 3082 tum
635 3028 705 3082 de
719 3042 877 3081 more
898 3027 1662 3097 peragebatursolemnitas.
1686 3030 1890 3084 Subito

2079 3022 2273 3103 ἐφόδου
2302 3028 2371 3098 τῇ
2424 3023 2878 3099 Ἀδριανουπόλει
2930 3025 3047 3079 κατ’
3075 3024 3241 3094 αὐτὴν
3284 3026 3382 3092 τὴν
3437 3027 3656 3100 ἡμέραν

244 3118 427 3190 igitur
457 3117 689 3170 irruens
718 3130 932 3186 magna
956 3120 1119 3186 parta
1142 3116 1336 3187 praeda
1357 3116 1889 3189 discedit.Impera-

2059 3122 2099 3184 ξς
2123 3116 2438 3186 κοιμήσεως
2468 3120 2571 3183 τῆς
2606 3115 2902 3189 ὑπεράγνου
2935 3113 3202 3168 Θεοτόκου
3233 3115 3368 3187 (58),
3401 3113 3493 3168 καὶ
3551 3117 3657 3185 τήν

236 3211 328 3263 tor
359 3206 584 3278 Bidyna
616 3203 1069 3278 diligentissime
1099 3204 1459 3260 communita
1485 3205 1544 3260 in
1579 3206 1781 3262 urbem
1803 3206 1891 3261 in-

2089 3205 2415 3278 πανήγυριν,
2448 3201 2572 3272 ἥτις
2603 3201 2781 3266 εἷ’ώθει
2816 3202 3049 3273 ἐτησίως
3091 3201 3360 3266 τελεῖσθαι
3415 3199 3658 3275 δημοτε-

237 3295 487 3352 columis
532 3295 789 3350 reditum
824 3293 1101 3362 instituit,
1139 3294 1328 3349 obiter
1358 3295 1558 3351 omnia
1592 3296 1892 3368 Bulgarica

2059 3295 2131 3363 ἧς,
2165 3294 2308 3368 αἱρεῖ
2339 3290 2590 3368 ἐξαίφνης
2617 3291 2906 3359 ἐπιπεσὼν,
2939 3292 3030 3347 καὶ
3060 3289 3208 3346 λείαν
3239 3289 3456 3359 πολλὴν
3487 3292 3658 3364 ὑπερ-

239 3384 480 3440 castella
508 3389 744 3438 vastans
773 3387 947 3454 atque
977 3383 1385 3452 subigens.Sed
1421 3400 1553 3438 cum
1587 3385 1657 3438 ad
1691 3386 1892 3440 urbem

2059 3383 2376 3453 οιησάμενος
2413 3382 2736 3456 ὑπέστρεψεν
2770 3380 2848 3442 είς
2884 3380 2952 3434 τὰ
3001 3378 3131 3435 ἴδια.
3162 3381 3222 3436 Ὁ
3283 3377 3341 3434 δὲ
3400 3380 3661 3454 βασιλεὺς

241 3474 486 3544 Scopias
517 3471 1231 3541 accederet,deprehendit
1251 3477 1414 3526 trans
1444 3473 1653 3528 Axium
1679 3474 1892 3528 ﬂumen

2059 3477 2104 3542 ἣν
2133 3469 2359 3541 Βιδύνην
2423 3468 2570 3542 μάλα
2627 3467 2813 3531 καλῶς
2875 3468 3296 3544 ὀχυρωσάμενος
3353 3466 3662 3539 ιπανῆλθεν

242 3563 422 3634 (nunc
441 3561 758 3616 Bardarius
788 3559 1214 3631 appellabatur)
1234 3561 1571 3617 Samuelum
1598 3563 1892 3635 negligen-

2059 3561 2197 3629 πίνης
2229 3559 2304 3622 εἷς
2335 3559 2433 3627 τὴν
2472 3555 2750 3633 βασιλίδα,
2784 3556 2835 3611 ἐν
2869 3561 2946 3630 τῷ
3005 3553 3196 3612 διιέναι
3253 3558 3428 3612 πάντα
3479 3557 3552 3612 τὰ
3603 3557 3658 3613 ἓν

243 3656 330 3707 ter
361 3653 556 3706 castra
584 3649 820 3704 habere.
841 3649 939 3702 llic
970 3649 1124 3704 enim
1160 3649 1342 3704 fretus
1374 3654 1566 3706 amnis
1596 3653 1898 3707 abundan-

236 3740 342 3804 tia,
378 3743 436 3792 et
465 3754 599 3792 eum
633 3738 705 3792 ob
740 3754 1024 3806 aquarum
1060 3736 1409 3792 insolentem
1442 3739 1722 3794 afﬂuxum
1745 3747 1897 3794 tran-

242 3828 344 3885 siri
369 3844 486 3882 non
511 3843 680 3898 posse
710 3831 1149 3894 ratus,securus
1180 3833 1324 3881 erat.
1348 3831 1418 3881 At
1450 3829 1772 3899 imperator
1793 3845 1895 3901 per

245 3918 458 3973 vadum
477 3916 776 3988 aquodam
798 3916 1355 3971 suoruminventum
1383 3918 1583 3989 copias
1619 3920 1892 3976 traducit.

248 4007 451 4077 Itaque
505 4023 565 4062 re
617 4005 918 4077 insperata
981 4010 1391 4062 consternatus
1448 4007 1756 4063 Samuelus
1818 4010 1898 4066 ita

246 4096 431 4151 effuse
461 4095 613 4165 fugit
640 4110 775 4149 cum
807 4095 954 4160 suis,
985 4100 1050 4149 ut
1080 4111 1252 4150 nemo
1281 4111 1481 4150 eorum
1514 4096 1667 4151 hosti
1693 4114 1896 4168 pectus

251 4199 511 4254 unquam
546 4183 899 4238 ostenderet.
937 4184 1127 4253 Ipsius
1168 4184 1611 4239 tabernaculum
1658 4191 1896 4257 totaque

247 4277 440 4329 castra
471 4276 660 4344 capta.
692 4272 802 4326 Sed
835 4276 891 4327 et
920 4273 1123 4327 urbem
1156 4274 1389 4345 Scopias
1421 4275 1761 4345 imperatori
1784 4281 1897 4332 tra-

243 4362 397 4417 didit
427 4361 479 4417 ei
509 4378 542 4416 a
571 4359 841 4416 Samuelo
873 4361 1179 4432 praefectus
1211 4362 1533 4433 Romanus,
1575 4364 1730 4419 Petri
1759 4365 1895 4420 Bul-

245 4467 516 4523 garorum
551 4450 700 4518 regis
731 4449 905 4517 ﬁlius,
947 4451 1166 4506 Borisaa
1211 4453 1408 4520 frater,
1449 4454 1682 4508 Simeon
1715 4454 1894 4509 etiam

245 4541 337 4596 avi
371 4540 608 4595 nomine
640 4538 1178 4610 appellatus.0uem
1211 4541 1340 4611 ejus
1371 4541 1545 4596 ofﬁcii
1577 4558 1757 4597 causa
1780 4543 1895 4597 im-

250 4634 484 4702 perator
513 4628 822 4700 patricium
857 4629 1354 4701 praepositumque
1393 4631 1686 4703 designat,
1737 4633 1894 4704 Aby-

250 4721 444 4791 doque
475 4717 734 4790 praeficit.

2005 3653 2134 3707 ποσὶ
2194 3648 2538 3724 Βουλγαρικᾶ
2596 3647 2829 3726 φρούρια
2886 3646 3026 3721 δῃῶν
3077 3649 3165 3702 καὶ
3196 3649 3656 3725 καταστρεφόμε-

2003 3761 2112 3801 νος.
2140 3743 2221 3813 Τῇ
2279 3737 2440 3793 πόλει
2500 3735 2556 3792 δὲ
2607 3742 2716 3791 τῶν
2752 3737 3002 3791 Σκοπίων
3049 3737 3258 3812 ἐγγίσας
3314 3738 3434 3811 εὗρε
3482 3739 3657 3811 πᾶραν

2005 3831 2186 3902 Ἀξιοῦ
2243 3832 2340 3883 τοῦ
2396 3831 2669 3900 ποταμοῦ,
2703 3826 2759 3880 ὃν
2817 3829 2909 3879 νῦν
2952 3823 3249 3902 Βαρδάριον
3299 3825 3657 3898 ὀνομάζουσι,

2004 3915 2484 3989 κατεσκηνωμὲνον
2545 3914 2859 3989 ἀμερίμνως
2906 3915 2998 3970 τὸν
3066 3913 3372 3987 Σαμουήλ·
3435 3913 3658 3990 θαῤῥῶν

2003 4008 2104 4084 γὰρ
2135 4011 2204 4080 τῇ
2235 4004 2551 4079 πλημμύρᾳ
2577 4009 2674 4059 τοῦ
2704 4009 2976 4076 ποταμοῦ,
3008 4003 3098 4058 καὶ
3142 4004 3216 4065 ὡς
3278 4002 3338 4057 οὗ
3397 3998 3658 4065 διαϐατὸς

2001 4098 2066 4154 τὸ
2123 4101 2213 4150 νῦν
2276 4093 2405 4169 ἔχον
2464 4092 2662 4162 ἔσεται,
2694 4092 2955 4164 ηὐλίζετο
3015 4091 3258 4164 ἀμελῶς.
3290 4094 3372 4164 [Ρ.
3402 4093 3533 4166 706]
3566 4099 3658 4147 Τι-

2001 4186 2096 4247 νὸς
2128 4183 2185 4240 δὲ
2231 4190 2341 4240 τῶν
2391 4187 2737 4258 στρατιωτῶν
2791 4182 2962 4259 πόρον
3019 4180 3268 4257 εὑρόντος
3321 4181 3412 4234 καὶ
3465 4179 3537 4234 δι’
3570 4180 3662 4235 αὖ·

2003 4278 2099 4331 τοῦ
2128 4274 2220 4330 τὸν
2257 4273 2485 4349 βασιλέα
2543 4266 2980 4340 διαϐιϐάσαντος,
3014 4272 3042 4325 6
3094 4272 3187 4344 μὲν
3259 4267 3527 4343 Σαμουὴλ
3579 4275 3660 4341 τῷ

2004 4362 2261 4439 αἰφνιδίῳ
2308 4360 2674 4435 καταπλαγεὶς
2727 4358 2914 4438 ἔφυγεν
2976 4358 3394 4432 ἀμεταστρεπτὶ,
3435 4357 3656 4437 ἐλήφθη

2005 4451 2140 4522 δι’ὴ
2171 4453 2368 4507 τούτου
2421 4452 2593 4520 σκηνή
2653 4450 2742 4504 καὶ
2798 4449 2862 4503 τὸ
2919 4447 3048 4504 ὅλον
3109 4444 3488 4524 στρατόπεδον.
3535 4449 3658 4504 Ἐν-

2005 4540 2242 4618 εχείρισε
2272 4538 2329 4595 δὲ
2357 4540 2444 4595 καὶ
2475 4540 2575 4608 τὴν
2605 4537 2768 4594 πόλιν
2795 4544 2903 4594 τῶν
2943 4537 3196 4592 Σκοπίων
3245 4541 3325 4610 τῷ
3376 4537 3601 4611 βασιΑεῖ
3631 4539 3660 4593 6

2003 4630 2205 4702 ταύτης
2235 4631 2424 4707 ἄρχειν
2456 4627 2604 4702 παρὰ
2651 4631 2752 4684 τοῦ
2812 4625 3079 4701 Σαμουὴλ
3136 4623 3460 4701 τεταγμένος
3515 4624 3659 4681 Ῥω-

1927 4703 1974 4768 D
2009 4722 2193 4794 μανὸς,
2227 4703 2488 4794 ὁνῐίετρου
2533 4717 2626 4791 μὶν
2673 4720 2769 4772 τοῦ
2822 4715 3090 4793 βασιλέως
3147 4718 3254 4770 τῶν
3313 4711 3659 4788 Βουλγάρων

254 4807 395 4879 υἱος,
423 4810 522 4860 τοῦ
567 4803 625 4860 δὲ
662 4805 890 4880 Βορίσου
919 4802 1171 4881 ἀδελφὸς,
1206 4808 1430 4878 Συμεὼν
1462 4811 1540 4878 τῷ
1570 4812 1666 4862 τοῦ
1695 4809 1920 4864 πάππου
1953 4809 2179 4881 ὀνόματι
2214 4806 2656 4881 μετονομασθείς·
2691 4807 2748 4862 ὃν
2777 4807 2804 4860 6
2841 4804 3092 4881 βασιλεὺς
3123 4801 3514 4876 ἀποδεξάμενος
3557 4811 3662 4873 τῆς

252 4897 626 4971 προαιρὲσεως
656 4894 942 4970 πατρίκιόν
968 4915 1026 4948 τε
1053 4900 1189 4968 τιμᾷ
1216 4895 1305 4949 καὶ
1337 4897 1716 4970 πραιπόσιτον,
1747 4899 1835 4952 καὶ
1867 4904 2183 4975 στρατηγεῖν
2212 4896 2476 4969 ἐκπέμπει
2507 4891 2758 4953 Ἀϐύδου.

323 4987 463 5042 Inde
482 4985 798 5058 imperator
820 4986 890 5040 ad
917 4985 1221 5041 Pernicum
1249 4986 1592 5057 ducit,quod
1624 4988 1899 5045 tuebatur

2080 4988 2311 5043 Ἐκεῖθεν
2347 4986 2373 5040 6
2409 4983 2664 5063 βασιλεὺς
2695 4978 2884 5047 διαϐὰς
2932 4981 3149 5059 ἔρχεται
3195 4982 3330 5059 πρὸς
3377 4981 3469 5036 τὸν
3515 4981 3658 5056 Πέρ-

1434 5108 1800 5166 XYLANDRI
1839 5112 1931 5169 ET
1971 5112 2191 5168 GOARI
2229 5111 2459 5167 NOTAE.

321 5214 433 5296 (5_6)
458 5220 571 5296 Hoc
599 5213 739 5296 quid
773 5213 869 5282 sit,
905 5214 1181 5296 nondum_
1201 5214 1398 5272 didici.
1421 5217 1569 5296 Quid
1593 5217 1897 5296 si_ali_quid

275 5286 836 5354 trahendiariorum,
868 5303 1014 5357 quos
1046 5286 1219 5342 hodie
1245 5294 1470 5344 vocant.
1515 5289 1708 5345 simile
1738 5286 1895 5347 fuit?

275 5307 836 5354 ιῐωυυηαιειτιοτυω,
868 5307 1014 5357 quos
1049 5307 1219 5342 00016
1245 5307 1470 5344 νοοαῑιι.
1515 5307 1708 5345 sunue
1738 5307 1849 5346 ιιιιῐ.
1873 5307 1895 5347 ι’

249 5307 451 5433 iteque
471 5357 676 5433 nescio
710 5359 743 5413 b
775 5374 877 5433 pro
929 5374 956 5411 υ
991 5358 1124 5433 poni
1173 5359 1392 5433 solere,
1427 5364 1492 5415 ut
1536 5362 1895 5433 privatarum

249 5429 441 5502 possis
471 5429 842 5502 legere,quod
869 5431 1210 5485 tantundem
1253 5431 1394 5486 mihi
1419 5436 1506 5487 est
1529 5429 1892 5489 notum.XYL.

247 5501 319 5546 ἐ-
350 5506 424 5557 Ut
451 5501 724 5574 comitem
750 5501 1105 5574 privatarum
1131 5519 1320 5558 rerum
1352 5507 1406 5558 et
1439 5505 1750 5574 peculiaris
1772 5507 1897 5561 fisci

247 5533 319 5546 ν-
354 5519 424 5557 Ut.
451 5519 724 5557 comitem
749 5519 1105 5627 privatarum
1131 5519 1320 5558 rerum
1352 5519 1406 5558 et
1439 5519 1750 5574 peculiaris
1772 5519 1893 5561 nec:

247 5575 566 5645 imperator
595 5573 742 5629 habe
790 5576 868 5639 at,
901 5573 1108 5645 privati
1135 5575 1324 5630 aerarii
1360 5576 1696 5645 praefectum
1731 5579 1893 5634 dein-

249 5643 386 5718 Ceps
417 5645 662 5715 dictum,
695 5645 775 5702 ita
806 5649 863 5701 et
891 5643 1145 5702 ecclesiae
1176 5663 1321 5720 suos
1343 5643 1663 5720 curatores,
1698 5649 1895 5720 defen-

250 5716 435 5789 sores,
468 5734 820 5787 meonomos,
854 5722 929 5787 et,
964 5722 1029 5774 ut
1060 5722 1261 5775 auctor
1309 5719 1592 5790 loquitur,
1635 5716 1897 5796 πριόατα-

2255 5215 2611 5290 azophylacii
2642 5214 2940 5287 praesides.
2975 5212 3156 5290 ςίοΑιι.

2098 5285 2186 5346 57l
2216 5285 2387 5346 Prius
2421 5285 2586 5343 δόῦκα
2617 5285 2938 5343 vocaverat.
2973 5286 3151 5341 Com.

2220 5360 2485 5434 Κοίμησις
2515 5357 2912 5434 τῆς-λθεοτόκου
2958 5357 3191 5434 videtur
3236 5371 3371 5434 esse
3406 5356 3660 5434 Assum:

2007 5427 2148 5505 ptio,
2176 5427 2296 5489 nisi
2323 5427 2545 5505 siquid
2572 5427 2736 5505 aliud
2769 5435 2860 5505 est
2889 5448 2900 5484 :
2937 5446 3051 5484 non
3075 5427 3247 5505 enim
3269 5427 3465 5505 habeo
3499 5429 3659 5505 quod

2005 5499 2316 5562 affirmem.
2351 5499 2488 5562 Vide
2520 5504 2672 5559 infra
2714 5503 2772 5558 in
2822 5502 3032 5558 Ibatzm
3075 5499 3343 5569 historia,
3393 5499 3548 5568 quod
3584 5501 3656 5556 ad

2006 5578 2162 5633 hunc
2211 5575 2405 5634 locum
2452 5571 3265 5648 intelligendum_iaciat.__Es
3318 5589 3433 5627 war
3479 5576 3659 5629 etwa:

2003 5666 2213 5707 amem
2244 5643 2676 5722 kirchveyhineﬁ
2699 5648 2782 5705 nit
2811 5644 3130 5704 unehntich.
3159 5643 3304 5701 ΧΠ..

2007 5217 2178 5293 ρίους,

2077 5293 2178 5364 (57]

2175 5296 2187 5431 l
