3968 6140
265 380 385 447 189

1403 375 1961 442 HISTORIABUM
2000 375 2546 441 COMPENDIUM.

3562 377 3681 444 ια)

263 532 443 595 νικον,
476 511 543 568 οὗ
574 507 749 589 φύλαξ
779 509 845 580 ἧν
888 511 917 567 6
948 514 1215 586 Κρακρᾶς,
1243 510 1380 587 ἀνὴρ
1429 511 1648 587 ἄριστος
1689 509 1758 565 τὰ
1812 529 1893 563 πο

2041 508 2292 578 Cracras,
2319 510 2409 565 vir
2430 508 2585 566 bello
2626 508 2901 583 sptimus.
2951 507 3035 565 Ibi
3081 524 3214 567 cum
3253 506 3413 566 haud
3462 524 3674 583 parum

182 654 192 663 ,
266 600 493 675 λεμικά.
528 602 615 658 Ἐν
649 602 694 673 ᾧ
722 599 924 676 χρόνον
955 599 1053 654 οὐκ
1080 598 1270 677 ὀλίγον
1314 597 1598 673 διατρίψας
1643 599 1733 654 καὶ
1783 596 1917 653 λαὸν

268 690 324 747 ἐν
376 694 446 765 τῇ
499 687 797 766 πολιορκίᾳ
855 689 955 745 ούκ
1012 688 1206 764 ὀλίγον
1266 684 1583 759 ἀποϐαλὼν,
1644 689 1719 751 ὡς
1776 686 1917 762 ἔγνω

265 784 513 855 κρεῖττον
578 780 825 855 ὑπάρχον
871 777 1197 852 πολιορκίας
1250 778 1313 833 τὸ
1371 776 1564 852 ἔρυμα,
1596 777 1686 833 καὶ
1744 774 1856 832 οὐδ’
1888 778 1916 834 ὁ

268 873 526 945 Κρακρᾶς
584 868 841 931 θωπείαις
897 866 933 936 ἢ
987 865 1185 930 ἄλλαις
1249 867 1603 943 ὑποσχὲσεσιν
1675 864 1917 940 ἐμαλάσ-

267 977 391 1012 σετο
447 957 538 1011 καὶ
586 949 1186 1030 ἰπαγγελίαις,μετέϐη
1247 956 1383 1030 πρὸς
1442 952 1914 1010 Φιλιππούπολιν.

266 1044 505 1102 Ἐκεῖθεν
539 1066 597 1100 τε
625 1044 835 1116 ἀπάρας
865 1042 1073 1100 ἄπεισιν
1108 1044 1183 1106 εἷς
1214 1042 1806 1099 Κωνσταντινούπολιν.

340 1134 439 1189 Καὶ
494 1133 564 1208 τῇ
622 1134 761 1207 αὐτῇ
821 1131 1138 1207 ἐπινεμήσει
1196 1129 1378 1208 δόγμα
1407 1131 1633 1203 ἐξέθετο,
1662 1132 1758 1196 τὰς
1806 1136 1913 1188 τῶν

263 1222 645 1279 ἀπολωλότων
681 1226 949 1278 ταπεινῶν
982 1221 1290 1284 συντελείας
1319 1221 1591 1278 τελεῖσθαι
1620 1224 1765 1298 παρὰ
1805 1226 1914 1278 τῶν

258 1309 531 1367 δυνατῶν.
563 1310 972 1385 Κατωνομάσθη
1027 1308 1083 1366 δὲ
1136 1312 1171 1380 ὴ
1230 1313 1455 1380 τοιαύτη
1516 1309 1757 1382 σύνταξις
1816 1310 1916 1368 ἀλ·

261 1397 571 1475 ληλὲγγυον
607 1402 738 1472 (59).
769 1403 874 1455 Τοῦ
902 1401 1246 1475 πατριάρχου
1279 1398 1335 1454 δὲ
1370 1398 1601 1476 Σεργίου
1637 1401 1727 1455 καὶ
1774 1398 1918 1456 πολ-

260 1486 382 1545 λῶν
442 1489 743 1565 ἀρχιερέων
814 1488 905 1544 καὶ
983 1490 1231 1559 ἀσκητῶν
1288 1486 1493 1565 ἀνδρῶν
1554 1488 1652 1544 οὐκ
1708 1487 1913 1565 ὀλίγων

260 1575 568 1648 δεηθᾶντων
620 1576 917 1645 ὶκκοπῆναι
970 1578 1033 1633 τὸ
1090 1576 1401 1654 παράλογον
1455 1574 1624 1654 ἄχθος
1679 1578 1853 1653 τουτὶ,
1886 1579 1915 1635 6

266 1664 529 1741 βασιλεὺς
564 1665 671 1741 οὐχ
696 1667 1024 1738 ὑπήκουσεν.

336 1753 534 1833 Ὀγδόῃ
568 1754 626 1812 δὲ
661 1753 974 1825 ίνδικτιῶνι,
1008 1754 1060 1811 ἐν
1093 1754 1197 1813 ἔτει
1235 1772 1417 1832 ,ςφιηι
1452 1758 1481 1813 6
1507 1761 1606 1823 τῆς
1637 1758 1913 1836 Αίγύπτου

2030 602 2309 673 temporis
2338 601 2597 657 trivisset
2624 605 2682 657 et
2710 601 2770 656 in
2798 600 3233 673 Oppugnatione
3276 598 3497 657 multos
3527 599 3676 656 ami-

2029 688 2224 755 sisset,
2256 704 2390 743 cum
2423 692 2479 743 et
2505 688 2810 743 castellum
2843 686 3293 759 inexpugnabile
3323 686 3588 753 sentiret,
3624 690 3683 741 et

2028 776 2295 833 Cracram
2328 779 2480 836 456
2511 793 2702 846 neque
2725 776 3079 832 blandiendo
3099 791 3288 847 neque
3311 773 3679 847 pollicitatio-

2027 865 2201 923 nibus
2231 866 2501 938 subigere
2531 870 2749 938 posset,
2779 868 2850 921 ad
2882 864 3313 939 Philippopolin
3342 863 3676 931 transit,in-

2026 956 2216 1027 deque
2247 956 2306 1010 in
2341 957 2543 1011 urbem
2576 955 2904 1011 revertitur.

2098 1137 2311 1193 Eadem
2333 1134 2651 1191 indictione
2677 1133 2866 1207 legem
2896 1132 3111 1189 tulitut
3134 1132 3474 1205 pensionem
3495 1148 3675 1205 quam

2026 1242 2311 1299 pauperes
2344 1224 2552 1297 perditi
2573 1224 2884 1293 debebant,
2915 1222 3125 1278 divites
3155 1221 3570 1295 persolverent.
3604 1223 3668 1279 Id

2024 1315 2340 1371 vocabatur
2368 1312 2790 1386 Allelengyum.
2822 1312 2891 1367 Et
2920 1312 3265 1383 patriarchae
3293 1310 3490 1383 Sergio
3520 1310 3674 1367 mul-

2024 1404 2221 1476 tisque
2249 1403 2381 1459 aliis
2412 1402 2787 1474 pontiﬁcibus
2809 1416 2877 1456 ac
2896 1401 3199 1456 monachis
3219 1400 3673 1472 deprecantibus

2026 1496 2090 1547 ut
2119 1492 2442 1548 absurdum
2474 1490 2583 1547 hoc
2612 1506 2762 1547 onus
2793 1489 3049 1546 subditis
3090 1490 3370 1559 demeret,
3421 1504 3537 1544 non
3567 1489 3675 1545 ob-

2024 1580 2388 1654 temperavit.

2096 1766 2159 1819 In
2186 1761 2441 1818 dictione
2497 1763 2720 1829 octava,
2780 1774 2933 1815 anno
2984 1755 3190 1813 mundi
3237 1757 3400 1823 6518,
3451 1757 3663 1830 Egypt

259 1846 561 1940 κατάρχων
616 1845 845 1916 Ἀζίζιος
904 1843 999 1940 διά.
1052 1845 1248 1921 μικρὰς
1301 1847 1478 1910 αἰτίας
1528 1847 1618 1903 καὶ
1680 1847 1893 1923 μηδενὸς

2041 1853 2299 1925 princeps
2322 1851 2549 1906 Azizius
2577 1851 2650 1906 ob
2691 1848 2875 1905 levem
2922 1863 3162 1904 causam
3210 1850 3271 1903 et
3318 1846 3572 1903 offensas
3603 1863 3676 1904 ne

262 1932 439 2011 λόγου
495 1934 922 2010 προσκρούματα
969 1931 1088 2005 ἄξια
1142 1934 1237 1997 τὰς
1280 1936 1418 2009 πρὸς
1453 1936 1758 2010 Ῥωμαίους
1818 1938 1917 1995 λύ-

262 2044 361 2087 σας
425 2020 684 2090 σπονδάς,
714 2023 807 2079 τόν
858 2043 919 2078 τε
971 2021 1023 2078 ἐν
1066 2021 1473 2099 Ἱεροσολύμοις
1532 2023 1586 2081 ἐν
1642 2030 1723 2097 τῷ
1768 2028 1923 2104 τάφῳ

262 2116 363 2168 τοῦ
395 2117 661 2188 Σωτῆρος
691 2113 929 2188 Χριστοῦ
959 2112 1392 2188 ἀνεγηγερμένον
1422 2112 1744 2178 πολυτελῶς
1775 2118 1917 2171 θεῖον

261 2200 394 2255 ναὸν
418 2198 838 2275 κατεστρέψατο,
868 2198 960 2253 καὶ
988 2198 1054 2254 τὰ
1080 2199 1245 2275 εὐαγῆ
1300 2199 1611 2275 ἐλυμήνατο
1646 2205 1920 2277 μυναστή-

263 2309 382 2366 ρια,
412 2287 506 2344 καὶ
534 2286 662 2352 τοὺς
692 2286 745 2344 ἐν
777 2288 994 2352 τούτοις
1043 2288 1413 2363 ἀσκουμένους
1458 2291 1772 2368 ἁπανταχοῦ
1814 2300 1918 2370 γῆς

260 2375 615 2453 ἰφυγάδευσε.

336 2471 434 2539 Τῷ
489 2465 539 2522 δ’
576 2465 785 2523 ἰπιόντι
840 2462 945 2522 ἔτει
1004 2466 1190 2543 γέγονε
1246 2467 1460 2543 χειμὼν
1493 2468 1915 2545 ἐπαχθὲστατος,

260 2559 342 2620 ὡς
388 2554 988 2629 ἀποκρυσταλλωθῆναι
1037 2556 1207 2613 πάντα
1263 2559 1509 2630 ποταμὸν
1537 2558 1657 2637 ⁸καὶ
1714 2558 1914 2633 λίμνην

258 2648 358 2702 καὶ
416 2646 581 2717 αὐτὴν
641 2646 742 2715 τὴν
795 2645 1086 2702 θάλασσαν.
1120 2646 1218 2702 Καὶ
1259 2646 1572 2722 Ἰανουαρίῳ
1631 2646 1760 2721 μηνὶ
1814 2655 1914 2718 τῆς

262 2736 437 2802 αὐτῆς
498 2734 871 2808 ἰπινεμήσεως
930 2733 1118 2810 γέγονε
1183 2736 1406 2808 σεισμὸς
1459 2734 1912 2814 φρικωδέστατος,

254 2826 355 2880 καὶ
417 2822 736 2901 διεκράτησι
778 2821 1120 2898 κλονουμὲνη
1172 2826 1207 2893 ἡ
1257 2828 1325 2900 γῆ
1385 2823 1548 2899 μέχρι
1596 2832 1698 2893 τῆς
1748 2827 1791 2889 θ’
1816 2830 1914 2881 τοῦ

258 2912 514 2989 Μαρτίου
549 2914 741 2986 μηνός*
786 2910 838 2967 ἂν
870 2910 1036 2986 ταύτῃ
1067 2910 1123 2967 δὲ
1169 2912 1294 2986 περὶ
1344 2913 1573 2983 δεκάτην
1634 2913 1776 2988 ὥραν
1815 2921 1914 2984 τῆς

255 3003 476 3078 ἡμέρας
507 3001 688 3078 γέγονε
717 3000 960 3077 βρασμὸς
984 3000 1073 3055 καὶ
1131 3000 1329 3064 κλόνος
1389 3002 1610 3079 φρικτὸς
1664 3004 1800 3058 κατά
1854 3024 1914 3059 τε

263 3092 370 3159 τὴν
406 3087 661 3166 βασιλίδα
690 3090 779 3145 ααὶ
813 3088 865 3144 ἐν
904 3095 1023 3152 τοῖς
1073 3090 1289 3163 θέμασι,
1315 3090 1405 3145 καὶ
1454 3090 1797 3147 πεπτώκασιν
1856 3093 1911 3146 αἱ

259 3184 490 3258 σφαῖραι
510 3183 606 3233 τοῦ
636 3182 766 3233 ναοῦ
813 3182 919 3233 τῶν
950 3177 1146 3253 Ἀγίων
1194 3180 1601 3253 Τεσσαράκοντα
1655 3179 1746 3235 καὶ
1800 3185 1907 3235 τῶν

256 3241 464 3344 ’Ᾰγίων
519 3266 765 3326 Πάντων·
825 3265 887 3330 ἃς
946 3268 975 3322 ὁ
1026 3241 1291 3341 ’βασιλεὺς
1349 3241 1505 3331 εὐθὺς
1554 3267 1905 3340 ἀνεκτήσατο.
1937 3241 1981 3311 C

250 3361 437 3414 Ταῦτα
493 3353 549 3412 δὲ
600 3356 917 3430 προεμήνυε
962 3356 1061 3424 τήν
1122 3356 1256 3428 μετά
1302 3360 1468 3411 ταῦτα
1496 3357 1794 3431 γενομένην
1855 3356 1908 3413 ἐν

250 3445 471 3517 Ἰταλίᾳ
524 3444 731 3502 στάσιν.
776 3443 1048 3515 Δυνάστης
1103 3444 1206 3520 γάρ
1264 3465 1346 3507 τις
1400 3449 1507 3499 τῶν
1551 3444 1781 3501 ἐποίκων
1811 3454 1912 3517 τῆς

250 3535 500 3609 Βάρεως,
548 3531 797 3606 τοῦνομα
844 3530 1055 3604 Μέλης,
1105 3534 1418 3608 παραθήξας
1465 3534 1558 3589 τὸν
1608 3533 1658 3589 ἐν
1709 3543 1909 3612 Λογγι-

252 3624 461 3701 ϐαρδίᾳ
504 3624 635 3681 λαὸν
684 3622 831 3679 ὅπλα
876 3625 1013 3679 κατὰ
1043 3622 1328 3697 Ῥωμαίων
1363 3622 1522 3699 α’ίρει.
1558 3624 1660 3682 Καὶ
1692 3626 1719 3681 6
1753 3627 1912 3703 βασι-

251 3715 390 3778 λεὺς
455 3712 734 3773 Βασίλειον
804 3712 1069 3786 ἐκπέμπει
1140 3713 1231 3769 τὸν
1284 3714 1542 3790 Ἀργυρὸν
1611 3716 1910 3792 στρατηγὸν

249 3802 392 3861 ὄντα
420 3810 521 3873 τῆς
554 3802 764 3876 Σάμου,
797 3801 887 3857 καὶ
916 3803 1009 3857 τὸν
1062 3799 1352 3877 λεγόμενον
1388 3802 1760 3859 Κοντολέοντα
1813 3811 1912 3875 τῆς

252 3891 604 3971 Κεφαληνίας
656 3894 1080 3965 στρατηγοῦντα,
1130 3890 1216 3945 ἐπὶ
1273 3895 1353 3963 τῷ
1399 3898 1728 3961 καταστῆσαι
1786 3894 1914 3947 Ῥω-

2030 1942 2195 2000 relati
2226 1941 2461 2011 quidem
2492 1940 2703 2011 dignas
2730 1937 2945 1995 {cedere
2976 1937 3133 2010 quod
3150 1935 3201 1993 ei
3231 1952 3367 1993 cum
3395 1936 3677 2001 Romanis

2028 2036 2154 2089 erat
2183 2033 2440 2101 rupto,et
2465 2028 2751 2099 templum
2785 2025 3202 2098 Hierosolymis
3228 2026 3301 2081 ad
3335 2023 3674 2097 sepulcrum

2028 2120 2242 2178 Christi
2272 2118 2789 2191 sumptuosissime
2808 2116 3114 2172 conditum
3136 2114 3427 2185 evertit,et
3451 2113 3681 2187 religio-

2028 2226 2095 2265 sa
2124 2207 2381 2281 perdidit
2409 2205 2785 2277 monasteria,
2814 2209 2871 2260 et
2900 2204 2997 2276 qui
3029 2205 3088 2259 in
3117 2202 3191 2258 iis
3223 2203 3330 2275 pia)
3354 2203 3486 2258 vita
3516 2219 3679 2259 exer-

2028 2297 2406 2355 citationibus
2425 2299 2593 2351 erant
2622 2293 2823 2365 dediti,
2858 2309 2956 2350 eos
2986 2309 3090 2366 per
3119 2308 3324 2349 omnes
3369 2296 3558 2350 terras
3580 2309 3676 2350 ex-

2026 2390 2214 2442 torres
2245 2385 2383 2457 egit.

2095 2478 2259 2530 Anno
2289 2472 2622 2545 insequenti
2652 2470 2841 2527 hiems
2871 2470 2983 2525 fuit
3010 2470 3523 2542 gravissima,qua3
3548 2486 3675 2525 om-

2026 2580 2130 2620 nes
2160 2562 2366 2619 fluvios
2398 2561 2644 2633 paludes
2675 2560 2990 2632 ipsumque
3012 2574 3171 2614 mare
3192 2559 3251 2613 in
3273 2558 3521 2630 glaciem
3545 2575 3673 2615 coe-

2024 2653 2129 2724 git.
2164 2653 2362 2708 Mense
2388 2648 2668 2707 Januario
2705 2648 2973 2721 ejusdem
3017 2647 3357 2704 indictionis
3404 2647 3674 2720 apprime

2023 2741 2353 2797 horrendus
2384 2739 2494 2795 fuit
2524 2744 2688 2794 terres
2722 2745 2937 2805 motus,
2968 2737 3068 2808 qui
3104 2736 3335 2792 duravit
3365 2754 3552 2807 usque
3598 2737 3670 2793 ad

2024 2846 2243 2885 nonum
2278 2828 2469 2884 Martii
2500 2827 2678 2883 diem.
2713 2827 2850 2895 Ejus
2894 2826 3053 2880 enim
3097 2825 3211 2879 diei
3263 2825 3406 2881 hora
3442 2825 3671 2881 decima

2021 2918 2218 2991 fragor
2245 2918 2355 2973 fuit
2384 2921 2439 2972 et
2469 2915 2775 2973 concussio
2806 2914 3088 2969 terribilis
3136 2918 3192 2969 et
3224 2914 3283 2968 in
3332 2914 3477 2969 urbe
3520 2918 3576 2968 et
3606 2913 3665 2969 in

2018 3006 2371 3079 provinciis;
2407 3023 2473 3062 ac
2504 3008 2848 3062 corruerunt
2893 3003 3133 3076 sphaerae
3179 3002 3382 3076 templi
3429 3004 3666 3060 Sancto-

2019 3113 2149 3153 rum
2174 3098 2244 3151 40
2272 3102 2330 3153 et
2349 3095 2553 3167 templi
2576 3094 2848 3151 Omnium
2870 3094 3400 3158 Sanctorum.Quas
3420 3092 3667 3164 impera-

2010 3190 2110 3242 tor
2140 3186 2337 3242 statim
2379 3184 2746 3240 instauravit.
2783 3184 2908 3237 Haec
2957 3182 3197 3237 fuerunt
3226 3181 3409 3236 Italici
3469 3186 3666 3237 motus

2020 3271 2485 3345 przeviaindicia.
2514 3271 2761 3335 Quidam
2809 3269 2963 3325 enim
3013 3268 3094 3324 vix
3142 3273 3371 3340 potens,
3417 3284 3571 3323 unus
3595 3268 3667 3322 de

2019 3363 2168 3420 457
2206 3360 2279 3416 iis
2309 3361 2407 3432 qui
2438 3359 2605 3416 Barin
2637 3357 2991 3425 incolebant,
3026 3356 3261 3413 nomine
3292 3355 3492 3425 Meles,
3525 3372 3668 3412 con-

2021 3451 2214 3508 citatis
2245 3448 2629 3521 Longibardis
2666 3464 2830 3503 arma
2877 3452 3083 3502 contra
3138 3446 3434 3502 Romanos
3465 3444 3664 3502 movit.

2019 3538 2285 3609 Cumque
2314 3537 2633 3608 imperator
2676 3536 2956 3591 adversus
2988 3535 3145 3589 hunc
3194 3533 3455 3589 misisset
3499 3534 3666 3589 Basi-

2019 3627 2163 3683 lium
2198 3633 2483 3698 Argyrum
2516 3624 2674 3680 Sami
2716 3629 2771 3679 et
2819 3624 3230 3679 Contoleonem
3283 3621 3667 3693 Cephalleniae

2021 3716 2345 3789 praefectos,
2386 3713 2565 3771 Meles
2600 3713 2813 3769 illustri
2865 3729 2965 3769 eos
3010 3711 3206 3784 proelio
3254 3711 3413 3779 vicit,
3466 3709 3669 3767 multis

2021 3806 2208 3873 caesis,
2240 3804 2396 3861 haud
2420 3803 2624 3876 paucis
2650 3801 3115 3875 captis,reliquis
3146 3800 3304 3872 turpi
3334 3800 3475 3873 fuga
3492 3799 3668 3857 vitam

2020 3895 2247 3951 tutetis.

257 3966 451 4056 μαίοις
508 3980 575 4036 τὰ
624 3979 934 4057 πράγματα’
970 3981 1051 4052 [Ρ.
1084 3982 1213 4052 707]
1264 3980 1343 4042 οῖς
1399 3979 1961 4056 ἀντιπαραταξάμενος
1992 3984 2020 4038 6
2049 3980 2238 4053 Μίλης
2291 3979 2477 4057 τρέπει
2536 3977 2829 4055 λαμπρῶς,
2859 3975 3086 4034 πολλῶν
3144 3976 3536 4049 πεπτωκότων,
3569 3966 3671 4032 ούκ

255 4070 468 4145 ὀλίγων
500 4066 558 4125 δὲ
586 4068 677 4124 καὶ
701 4068 1118 4143 ζωγρηθέντων,
1148 4072 1254 4124 τῶν
1290 4066 1347 4123 δὲ
1376 4065 1587 4125 λοιπῶν
1612 4071 1713 4140 τὴν
1748 4068 1836 4126 διὰ
1864 4079 2043 4149 φυγῆς
2072 4071 2369 4146 ἀσχήμονα
2395 4068 2800 4146 προκρινάντων
2834 4069 3000 4137 ζωήν.

324 4160 389 4217 Ὁ
439 4156 498 4214 δὶ
548 4157 802 4233 βασιλεὺς
852 4156 914 4212 ού
962 4154 1177 4212 διέλιπε
1224 4158 1343 4212 καθ’
1390 4155 1613 4215 ἕκαστον
1670 4157 1908 4215 ἐνιαυτὸν

250 4244 444 4302 εἲσιὼν
495 4244 547 4300 ἐν
597 4241 906 4319 Βουλγαρίᾳ
962 4243 1055 4298 καὶ
1109 4245 1176 4298 τὰ
1226 4242 1279 4299 ἂν
1307 4245 1435 4299 ποσὶ
1465 4244 1660 4319 κείρων
1706 4268 1765 4302 τε
1818 4247 1907 4302 καὶ

249 4334 517 4410 δῃῶν.’0
575 4331 849 4405 Σαμουὴλ
908 4328 967 4387 δὲ
1030 4333 1107 4406 μή
1167 4330 1463 4407 δυνάμενος
1489 4339 1598 4390 τῶν
1632 4335 1904 4411 ὑπαίθρων

248 4426 654 4487 ἀντιποιεῖσθαι
714 4417 855 4493 μηδὲ
911 4421 1048 4495 πρὸς
1094 4419 1308 4499 ιμφανῆ
1370 4422 1555 4499 μάχην
1596 4423 1905 4496 ἀντιστῆναι

248 4512 335 4583 τῷ
372 4508 612 4586 βασιλεῖ,
645 4505 793 4564 ἀλλά
833 4508 1091 4573 πάντοθεν
1145 4510 1479 4582 θραυόμενος
1522 4511 1609 4566 καὶ
1663 4514 1763 4582 τήν
1825 4514 1905 4569 οἱ-

2002 4212 2005 4213 ν
2090 4162 2269 4219 Porro
2299 4160 2889 4230 Basiliusimperator
2909 4156 3226 4229 quotannis
3248 4156 3309 4213 in
3332 4155 3668 4229 Bulgariam

1998 4250 2443 4321 expeditionem
2479 4249 2725 4304 faciebat
2743 4252 2799 4302 et
2820 4248 2989 4303 obvia
3006 4261 3254 4317 quisque
3275 4246 3671 4318 populabatur

2017 4356 2084 4395 ac
2113 4338 2399 4394 vastabat.
2431 4338 2564 4394 Ideo
2596 4335 2908 4393 Samuelus
2947 4341 3140 4392 castra
3186 4336 3298 4392 sub
3347 4336 3445 4391 dio
3476 4334 3667 4391 locare

2016 4431 2116 4484 aut
2144 4430 2345 4495 aperto
2373 4424 2572 4497 praelio
2601 4438 2946 4481 concurrere
2977 4440 3090 4479 non
3125 4424 3368 4494 audens,
3399 4422 3665 4494 undique

2015 4515 2232 4571 attritis
2261 4513 2485 4570 viribus
2516 4513 2852 4584 amissoque
2881 4512 3077 4585 vigore
3103 4529 3234 4580 suo,
3260 4513 3468 4569 statuit
3488 4512 3662 4569 fossis

250 4600 405 4657 κείαν
440 4599 619 4673 ἀκμήν
674 4593 1035 4664 ἀποϐάλλων,
1066 4592 1205 4671 ἔγνω
1252 4598 1477 4675 τάφροις
1519 4601 1608 4654 καὶ
1665 4608 1893 4678 θριγγοῖι

2041 4622 2083 4659 ιο
2112 4605 2294 4675 septis
2325 4603 2495 4658 factis
2524 4618 2659 4657 eum
2716 4601 2985 4674 ingressu
3020 4601 3303 4671 Bulgaria
3328 4600 3657 4658 excludere.

249 4687 585 4764 ἐπιτειχίσαι
633 4685 813 4758 τούτῳ
854 4686 958 4755 τὴν
1001 4685 1079 4749 εἰς
1124 4687 1227 4756 τὴν
1274 4684 1614 4762 Βουλγαρίαν
1673 4689 1902 4749 εἴσοδον.

2015 4694 2083 4749 Et
2114 4693 2253 4765 quia
2281 4696 2451 4747 norat
2481 4690 2668 4747 solere
2698 4707 2830 4746 eum
2866 4708 2969 4763 per
2997 4691 3265 4747 Cimbam
3311 4690 3574 4761 Longum
3604 4694 3663 4745 et

248 4776 434 4840 Βῗδὼς
468 4773 558 4832 οὗν
590 4776 664 4838 ὡς
698 4772 818 4838 ἔθος
849 4771 931 4829 ἀεῖ
961 4778 1041 4846 τῷ
1077 4772 1294 4850 βασιλεῖ
1336 4772 1425 4830 διὰ
1464 4780 1561 4831 τοῦ
1609 4774 1893 4853 λεγομένου

2041 4782 2292 4838 :leidium
2325 4781 2876 4853 intrare,angustias
2897 4780 3032 4836 illas
3050 4785 3215 4852 septo
3248 4779 3365 4835 late
3383 4778 3662 4850 producto

249 4860 438 4940 Κίμὸα
484 4864 696 4940 Λόγγου
740 4861 831 4917 καὶ
877 4866 975 4917 τοῦ
1022 4860 1278 4918 Κλειδίου
1332 4866 1603 4920 ποιεῖσθαι
1661 4866 1759 4930 τὰς
1820 4865 1905 4922 δι-

247 4952 520 5021 ελεύσεις,
547 4953 750 5022 ταύτην
782 4947 920 5025 ἔγνω
948 4952 1048 5019 τήν
1078 4948 1391 5026 δυσχωρίαν
1440 4952 1768 5030 ὗπιτειχίσιι
1812 4958 1905 5011 καὶ

240 5048 327 5116 τῷ
354 5040 572 5117 βασιλεῖ
628 5038 953 5095 ἀποκλεῖσα.
1008 5039 1109 5108 τὴν
1176 5038 1410 5099 εἷ’σοδον.
1478 5044 1738 5119 Φραγμὸν
1812 5044 1904 5100 οὗν

249 5127 645 5207 δομησάμενος
673 5128 751 5191 είς
808 5127 965 5205 εὖρος
1016 5125 1183 5197 πολὺ,
1212 5129 1303 5183 καὶ
1361 5127 1604 5207 φύλακας
1651 5130 1705 5187 ἐν
1763 5132 1909 5206 αύτῷ

2016 4872 2208 4928 munit
2236 4874 2415 4943 atque
2446 4870 2764 4943 intercipit,
2777 4870 3054 4941 justeque
3084 4869 3280 4925 ﬁrmat
3310 4867 3663 4941 praesidio,et

2014 4962 2099 5016 sic
2130 4961 2541 5029 imperatorem
2564 4960 3169 5030 operitur.Postquam
3189 4974 3256 5014 eo
3288 4956 3444 5013 venit
3470 4956 3663 5029 impe-

2016 5052 2176 5104 rator
2203 5054 2260 5103 et
2288 5047 2507 5103 intrare
2536 5052 2625 5102 est
2654 5052 2923 5118 conatus,
2974 5046 3200 5101 fortiter
3243 5062 3381 5103 eum
3422 5062 3664 5105 arcuere

2016 5136 2316 5201 custodes,
2331 5152 2430 5192 eos
2442 5135 2544 5208 qui
2558 5135 2609 5191 vi
2623 5140 2928 5209 penetrare
2940 5136 3352 5193 niterenturde
3361 5135 3662 5209 superiore

1410 5258 1785 5316 XYLANDRI
1820 5263 1913 5318 ET
1950 5262 2172 5320 GOARI
2208 5261 2443 5318 NOTAE.

321 5359 439 5447 ‘59)
474 5360 535 5447 l‘n
567 5358 851 5447 margine.
879 5358 1152 5447 librarius
1196 5354 1255 5447 ὣῗ
1289 5362 1388 5447 τῆς
1422 5356 1740 5447 θαυμαστῆς
1784 5355 1903 5412 ἐπι-

245 5430 437 5493 νοίαςί
473 5433 608 5497 Quae
639 5430 893 5486 si’recte
938 5431 1157 5486 habent
1204 5431 1356 5501 quod
1409 5432 1478 5484 ad
1526 5430 1902 5501 scripturam,

245 5505 455 5561 mirari
490 5504 721 5559 videtur
744 5502 1065 5558 exactionis
1100 5508 1219 5557 tam
1265 5501 1542 5557 subtilem
1592 5501 1901 5558 rationem.

248 5592 371 5647 qua
395 5574 574 5631 etiam
595 5591 698 5647 pro
721 5574 793 5647 iis
812 5574 1126 5647 satisfieret
1146 5573 1243 5644 qui
1277 5576 1615 5647 paupertate
1645 5578 1905 5632 extrema

248 5644 519 5720 etrebus
540 5644 786 5720 perditis
814 5645 1243 5720 impedirentur
1261 5644 1555 5720 autetiam
1579 5644 1662 5720 ita
1685 5647 1902 5720 mortui

244 5718 475 5776 solvere
504 5715 955 5791 nequirentsed
980 5716 1264 5775 Basilium
1296 5715 1406 5773 hoc
1436 5732 1553 5774 non
1582 5716 1896 5791 invenisse,

2010 5640 2576 5725 καλέσαντος-[πολλά
2603 5650 2733 5725 τῶι
2759 5666 2903 5725 παρα

2016 5377 2082 5416 ex
2112 5359 2432 5433 Justiniani
2465 5359 2706 5414 historia
2735 5360 3056 5433 liquet.7Ne
3104 5377 3171 5417 eo
3213 5360 3451 5433 quidem
3483 5359 3661 5418 lecto-

2014 5448 2137 5486 rem
2169 5431 2550 5503 del'raudabo,
2581 5433 2747 5503 quod
2777 5432 3060 5489 adscribit
3110 5431 3262 5500 mox,
3307 5433 3406 5490 ubi
3454 5434 3658 5503 depre-

2013 5506 2243 5587 catores
2273 5502 2566 5587 pontiﬁcis
2594 5502 2885 5587 repulsam
2910 5505 3069 5587 passi
3092 5505 3413 5587 dicuntur;
3444 5502 3599 5560 Ἀλλ’
3631 5506 3660 5559 6

2013 5572 2143 5646 ἐμὸς
2198 5572 2450 5648 βασιλεὺς
2512 5572 2772 5637 Ἰσαάκιος
2827 5575 2855 5629 6
2910 5572 2945 5632 ἆ
3017 5573 3143 5637 ελος
3204 5572 3438 5649 μηδενὸς
3488 5596 3661 5651 παρα-

2013 5644 2339 5703 καλέσαντος
2390 5640 2576 5700 πολλά
2603 5650 2711 5701 τῶν
2759 5597 3086 5703 παραλόῌων
3142 5648 3321 5703 Βαοῶν
3377 5654 3476 5703 τῆς
3524 5647 3659 5703 Ῥω-

2516 5645 2576 5725 tot
2603 5650 2733 5725 τῶι
2759 5645 3086 5725 παραλόγων
3141 5645 3321 5724 βαρῶν
3377 5654 3476 5719 τῆς
3524 5645 3659 5703 Ῥω-

2013 5716 2186 5789 μαίων
2220 5722 2327 5793 γῆς
2352 5715 2662 5792 ἰξετίναξεν.
2693 5720 2826 5778 Χγι.
