3968 6140
269 375 380 440 l9!

278 604 685 674 desperantem
710 605 835 674 jam
863 605 1274 676 imperatorem
1304 607 1658 679 Nicephorus
1676 606 1926 679 Xiphias

278 691 702 764 PhilippOpolis
733 698 856 749 tum
891 696 1197 765 prmfectus
1230 701 1428 751 monet
1456 701 1520 751 ut
1554 697 1675 751 loco
1710 712 1775 752 eo
1808 713 1929 751 ma-

280 784 435 846 neat,
468 786 822 854 septumque
853 783 996 838 illud
1031 801 1370 857 oppugnare
1409 785 1775 841 continenter
1800 802 1926 857 per-

280 874 380 940 gat
414 888 426 926 :
460 886 523 926 se
555 870 665 926 alio
698 872 1017 941 abiturum,
1052 890 1409 945 operamque
1455 874 1610 932 458
1651 875 1925 929 daturum

282 960 614 1015 utsalutare
631 960 851 1030 aliquid
877 962 1290 1016 conﬁciat.Hoe
1313 964 1485 1018 modo
1509 980 1567 1017 re
1586 965 1929 1034 composita,

283 1063 414 1102 cum
448 1048 571 1103 suis
604 1055 859 1104 montem
893 1052 962 1105 ad
998 1052 1300 1106 meridiem
1346 1052 1622 1107 claustris
1673 1053 1744 1105 iis
1776 1053 1936 1123 obje~

283 1140 443 1191 ctum
474 1136 887 1207 celsissimum,
923 1139 1013 1194 cui
1060 1139 1392 1196 Balathistze
1442 1158 1674 1210 nomen,
1705 1140 1936 1213 magnis

282 1224 595 1282 itincribus
626 1228 834 1283 circuit
864 1254 877 1295 ;
909 1233 966 1284 et
992 1230 1061 1283 29
1093 1231 1186 1284 die
1214 1229 1377 1299 Julii,
1413 1230 1730 1285 indictione
1762 1233 1845 1296 12,
1868 1231 1939 1284 de

283 1316 581 1384 superiore
612 1316 735 1372 loco
767 1318 964 1373 subito
987 1318 1206 1385 ingenti
1230 1336 1363 1374 cum
1387 1321 1631 1390 strepitu
1659 1320 1940 1387 Bulgaros

283 1419 317 1458 a
346 1412 504 1476 tergo
536 1406 938 1472 adorttur.Qui
969 1423 1102 1462 cum
1128 1424 1187 1462 re
1209 1408 1505 1480 insperata
1536 1408 1826 1479 perterriti
1856 1409 1943 1461 fu-

283 1496 506 1564 gerent,
558 1492 881 1564 imperator
940 1496 1349 1552 defensoribus
1396 1513 1645 1551 vacuum
1709 1500 1942 1567 septum

285 1580 466 1635 diruit
495 1598 563 1637 ac
596 1581 888 1653 fugientes
917 1584 1270 1656 insequitur.
1320 1585 1485 1641 Multi
1539 1589 1669 1641 tum
1704 1584 1943 1657 Bulgari

289 1669 486 1735 occisi,
540 1671 725 1726 multo
774 1672 974 1744 plures
1020 1675 1194 1745 capti.
1246 1676 1374 1745 Ipse
1427 1674 1745 1730 Samuelus
1794 1690 1945 1745 aegre

291 1758 477 1814 evasit
505 1758 609 1813 ﬁlii
639 1776 837 1831 opera,
880 1761 1172 1818 irruentes
1219 1762 1449 1819 fortiter
1498 1762 1816 1833 repellente
1847 1779 1948 1833 pa-

1620 382 1941 447 GEOBGII
1984 381 2327 445 CEDRENI

297 527 400 571 oco
430 511 707 571 ferientes
745 516 921 589 atque
966 512 1359 588 vqlnerantes.
1409 515 1493 573 Ibi
1547 516 1619 574 de
1669 517 1921 573 transitu

2148 518 2387 589 mpem‘ic

3572 383 3689 445 192

3419 513 3650 592 βασιλέα
3671 557 3689 575 .

2037 604 2398 681 Ἀφικομένου
2457 603 2515 659 δὲ
2569 605 2661 659 καὶ
2722 603 2924 659 τούτου
2999 605 3091 659 καὶ
3176 604 3689 681 ἀποπειρασαμένου

2034 699 2135 763 τῆς
2190 690 2425 761 εἷ’σόδου,
2478 692 2694 767 ἐπείπερ
2754 693 3005 769 ἀντεῖχον
3050 695 3311 768 γενναίως
3369 694 3420 748 o't
3479 692 3689 771 φυλάσ-

2040 802 2224 843 σοντες
2280 782 2367 836 καὶ
2424 780 2551 845 τοὺς
2616 782 2971 857 βιαζομένους
3001 782 3052 856 έξ
3086 780 3409 855 ὑπερδεξίων
3455 781 3688 858 ἀνῃρουν

2045 868 2340 946 βάλλοντες
2370 870 2459 925 καὶ
2487 872 2898 945 τιτρώσκοντες,
2932 875 3021 927 καὶ
3076 869 3186 942 ἤδη
3246 871 3561 946 ἀπέγνωστο
3616 877 3697 943 τῷ

2045 958 2263 1035 βασιλεῖ
2293 961 2328 1029 ἡ
2362 955 2628 1028 διάϐασις,
2664 960 2985 1036 Νικηφόρος
3014 962 3042 1015 6
3071 959 3274 1038 Ξιφίας
3326 968 3429 1029 τῆς
3481 960 3697 1016 Φιλιπ-

2043 1048 2367 1110 πουπόλεως
2397 1048 2518 1103 τότε
2548 1054 2867 1125 στρατηγῶν
2900 1054 2977 1122 τῷ
3006 1048 3221 1125 βασιλεῖ
3278 1050 3699 1123 συνταξάμενος,

2044 1136 2134 1192 καὶ
2189 1137 2347 1193 αὐτὸν
2406 1138 2499 1210 μὲν
2555 1139 2878 1214 προσμένειν
2946 1140 3033 1194 καὶ
3096 1144 3342 1214 συνεχεῖς
3386 1134 3707 1213 προσϐολὰς

2045 1231 2125 1298 τῷ
2157 1223 2351 1299 δέματι
2380 1228 2648 1281 ποιεῖσθαι
2708 1229 3109 1302 παρεγγυήσας,
3142 1226 3302 1291 αὐτὸς
3360 1225 3417 1282 δὲ
3483 1228 3706 1282 ἀπιέναι

2050 1317 2247 1390 φήσας,
2281 1312 2335 1370 εἷ’
2374 1335 2491 1376 πως
2549 1312 2804 1385 δυνηθείη
2866 1313 3150 1377 λυσιτελές
3197 1335 3248 1369 τι
3309 1312 3709 1386 διαπράξασθαι

2050 1405 2139 1458 καὶ
2172 1405 2466 1480 σωτήριον,
2497 1403 2587 1458 τὸν
2616 1405 2741 1480 περὶ
2772 1404 2931 1459 αὑτὸν
2966 1402 3213 1479 εἰληφὼς
3256 1403 3386 1460 λαὸν
3443 1405 3711 1481 ὑποστρέ-

2054 1514 2162 1568 φει,
2194 1491 2285 1547 καὶ
2342 1490 2692 1568 περιοδεύσας
2742 1492 2805 1548 τὸ
2861 1493 2997 1567 πρὸς
3060 1488 3405 1569 μεσημϐρίαν
3458 1494 3715 1566 κείμενον

2051 1587 2149 1638 τοῦ
2206 1578 2459 1637 Κλειδίου
2523 1580 2867 1654 ὑψηλότατον
2936 1576 3087 1656 ὅρος,
3119 1582 3147 1635 ὃ
3198 1580 3531 1645 Βαλαθίσταν
3580 1603 3713 1636 κατ-

2056 1672 2408 1743 ονομάζουσι,
2438 1670 2529 1725 καὶ
2566 1669 2964 1746 τραχυπορίαις
3003 1670 3094 1725 καὶ
3137 1666 3380 1734 ἀνοδίαις
3426 1669 3715 1745 χρησάμερ

2055 1781 2167 1829 νος,
2198 1760 2278 1814 κθ¹
2307 1763 2405 1814 τοῦ
2462 1758 2696 1815 Ἰουλίου
2760 1759 2952 1832 μηνὸς,
2983 1759 3299 1832 έπινεμήσει
3363 1759 3453 1835 ιβ’.
3500 1756 3712 1822 ἄνωθεν

2472 512 2765 586 έπιστήσας
2803 558 2818 585 ,
2872 513 3170 591 προσέμενε
3240 515 3334 572 τὸν

287 1844 558 1918 tremque
580 1850 1092 1922 equoimpositum
1114 1851 1172 1906 in
1200 1851 1504 1907 castellum
1534 1851 1828 1924 Prilapum
1855 1852 1941 1907 ab-

2156 1847 2313 1922 ίφνης
2374 1848 2488 1921 μετ’
2546 1846 2881 1921 ἀλαλαγμοῦ
2937 1847 3026 1903 καὶ
3082 1845 3288 1903 δούπου
3352 1845 3487 1902 κατᾶ
3531 1847 3718 1902 νώτου

2372 1942 2398 1952 -
2518 1943 2552 1952 ..
2626 1934 2647 1952 κ
2721 1937 2731 1952 .
2989 1937 3002 1952 .
3070 1934 3113 1952 κ,
3218 1941 3244 1951 -
3323 1935 3337 1952 ς
3497 1933 3522 1952 ρ.
3621 1938 3634 1952 ,

286 1935 559 1992 ducente.
591 1937 846 2009 Captivis
876 1939 1170 2011 Bulgaria,
1205 1939 1303 2011 qui
1337 1940 1520 1996 fuisse
1564 1941 1635 1995 ad
1671 1941 1736 1995 15
1768 1939 1941 1995 millia

2148 1958 2257 1992 εται
2331 1942 2440 1992 τῶν
2517 1934 2847 2012 Βουλγάρων
2884 1955 2897 1969 ⁸
2958 1937 3009 1991 οἱ
3067 1934 3125 1991 δὲ
3179 1941 3257 2007 τῷ
3312 1933 3722 2011 ἀπροσδοκήτῳ

285 2025 793 2091 feruntur,oculos
822 2027 1142 2096 imperator
1170 2028 1724 2100 eruit,singulisque
1747 2034 1949 2083 centu-

285 2113 393 2168 riis
426 2115 745 2170 unoculum
779 2118 1225 2188 praeficit,atque
1256 2118 1349 2172 bis
1384 2118 1732 2172 ductoribus
1756 2134 1857 2172 eos
1879 2118 1949 2171 ad

293 2202 633 2259 Samuelum
659 2205 1025 2272 mittit.Quos
1046 2206 1359 2263 Samuelus
1380 2207 1493 2261 isto
1516 2223 1761 2263 numero
1780 2210 1953 2277 atque

298 2292 503 2348 ordine
534 2293 730 2349 venire
773 2294 978 2351 videns
1026 2296 1209 2352 animi
1260 2297 1329 2351 ad
1379 2295 1768 2352 calamitatem
1823 2311 1952 2351 eam

298 2381 525 2436 fortiter
555 2383 847 2438 ferendam
882 2401 995 2439 non
1028 2385 1234 2440 habuit
1262 2384 1429 2453 satis,
1461 2387 1560 2439 sed
1596 2385 1803 2439 oborta
1832 2402 1955 2440 ver-

297 2469 486 2541 tigine
515 2472 883 2528 exanimatus
915 2472 971 2526 in
1005 2476 1223 2527 terram
1273 2473 1512 2528 corruit.
1558 2475 1724 2543 Aqua
1755 2477 1952 2527 autem

297 2562 353 2615 et
374 2560 691 2631 unguentis
710 2576 743 2614 a
761 2562 1145 2631 praesentibus
1166 2566 1466 2633 utcunque
1492 2566 1953 2627 recreatus,cum

299 2664 427 2704 sese
458 2647 895 2720 aliquantulum
930 2650 1280 2723 collegisset,
1312 2651 1531 2723 frigidas
1555 2650 1831 2706 haustum
1858 2666 1953 2720 pe-

301 2736 437 2805 tiit;
471 2754 725 2809 cumque
755 2739 1021 2808 bibisset,
1054 2740 1390 2810 cardiagmo
1434 2744 1734 2810 correptus
1778 2739 1955 2793 biduo

304 2830 439 2895 post
489 2826 654 2881 obiit.
707 2827 1005 2882 Successit
1053 2828 1104 2882 ei
1161 2828 1318 2883 filius
1371 2828 1700 2895 Gabrielus,
1753 2827 1853 2897 qui
1904 2832 1960 2881 et

304 2917 604 2971 Romanus
636 2914 959 2985 dicebatur,
990 2921 1156 2988 patre
1188 2916 1484 2971 robustior
1512 2915 1630 2982 ille,
1686 2916 1783 2971 sed
1818 2932 1956 2987 pru-

307 3002 506 3058 dentia
532 3002 701 3075 longe
731 3004 991 3071 inferior,
1024 3011 1197 3061 natus
1229 3004 1455 3076 captiva
1498 3006 1649 3062 459
1701 3006 1957 3077 quadam

309 3090 605 3147 Larissam.
627 3092 763 3147 Iniit
777 3093 1004 3149 decima
1026 3094 1233 3165 quinta
1249 3094 1957 3165 Septembris,indiotione

306 3181 533 3236 decima
561 3183 1019 3251 tertia.Cumque
1049 3184 1310 3237 nondum
1345 3184 1639 3254 integrum
1672 3183 1958 3254 imperas-

2057 2024 2494 2099 καταπλαγέντες
2551 2027 2843 2100 τρέπονται
2901 2027 3039 2099 πρὸς
3086 2028 3285 2102 φυγήν.
3320 2026 3419 2081 Καὶ
3474 2027 3503 2080 6
3560 2027 3721 2100 βασι-

2063 2113 2192 2177 λεὺς
2227 2115 2470 2187 μονωθὶν
2511 2112 2802 2190 διαρρήξας
2853 2116 2915 2169 τὸ
2962 2119 3149 2191 τεῖχος
3198 2111 3441 2169 ἒδίωκεν.
3482 2115 3726 2171 Ἔπεσον

2060 2204 2151 2260 οῦν
2184 2202 2527 2273 πολλοὶ,καὶ
2571 2201 2771 2276 πολλῷ
2816 2203 3042 2266 πλείους
3091 2204 3359 2273 ἑάλωσαν,
3404 2201 3575 2276 μόλις
3627 2209 3729 2259 τοῦ

2064 2292 2332 2366 Σαμουὴλ
2382 2290 2666 2367 διαφυγεῖν
2720 2289 3043 2362 δυνηθέντος
3096 2294 3188 2348 τὸν
3227 2290 3473 2348 κίνδυνον
3534 2314 3731 2369 συνερ-

2060 2382 2151 2458 γίᾳ
2178 2386 2274 2437 τοῦ
2306 2379 2447 2436 ἰδίου
2489 2382 2609 2435 υἱοῦ
2666 2380 2927 2456 γενναίως
2978 2382 3105 2444 τοὺς
3160 2381 3412 2444 ἐπιόντας
3464 2380 3729 2453 ὑποδεξα-

2066 2475 2252 2544 μένου,
2302 2469 2393 2525 καί
2444 2468 2601 2542 ’ίππῳ
2651 2474 2842 2525 τοῦτον
2903 2466 3321 2535 έπιϐιόάσαντος
3376 2471 3469 2526 καὶ
3519 2470 3601 2534 εΐς
3661 2474 3730 2528 τὸ

2064 2560 2359 2637 λεγόμενον
2408 2559 2694 2636 Πρίλαπον
2754 2559 2818 2614 τὸ
2885 2559 3148 2637 φρούριον
3210 2561 3612 2636 ἀπαγαγόντος.
3662 2563 3729 2619 Ὀ

2066 2647 2124 2704 δὲ
2177 2647 2432 2725 βασιλεὺς
2477 2648 2605 2712 τοὺς
2654 2646 2965 2711 ἑαλωκότας
3013 2654 3123 2704 τῶν
3186 2647 3509 2725 Βουλγάρων
3578 2649 3729 2727 ἀμφὶ

2064 2739 2158 2800 τὰς
2223 2739 2300 2810 ιε’,
2333 2736 2409 2798 ὥς
2465 2758 2644 2815 φασιν,
2678 2733 2836 2799 ὄντας
2885 2736 3146 2813 χιλιάδας
3210 2738 3590 2815 ἀπετύφλωσε,
3632 2738 3732 2792 καὶ

2066 2825 2292 2896 ἑκάστην
2368 2822 2692 2881 έκατοντάδα
2757 2827 3173 2900 πεπηρωμένων
3249 2826 3335 2903 ὑφ’
3401 2826 3518 2888 ἑνὸς
3590 2847 3732 2898 μον-

2067 2912 2357 2993 οφθάλμου
2389 2910 2699 2989 ὁδηγεῖσθαι
2724 2912 2984 2976 κελεύσας
3017 2913 3093 2976 εἷς
3124 2915 3216 2969 τὸν
3269 2911 3535 2988 Σαμουὴλ
3589 2914 3735 2969 ἀπο-

2065 3005 2291 3077 πέμπει.
2326 3001 2433 3065 Οὓς
2466 3001 2669 3065 ἐκεῖνος
2718 3002 3145 3081 ἀφικνουμένους
3194 3004 3311 3059 κατ’
3359 3004 3595 3078 ἀριθμὸν
3640 3005 3734 3059 καὶ

2067 3093 2212 3164 τάξιν
2248 3094 2537 3165 θεώμενος,
2568 3092 2659 3146 καὶ
2687 3092 2750 3147 τὸ
2790 3092 2963 3156 πάθος
3017 3092 3122 3147 οὐκ
3172 3091 3408 3167 ένεγλὼν
3467 3096 3739 3157 νεανικῶς

2065 3184 2153 3238 καὶ
2210 3180 2484 3256 εὐψύχως,
2536 3178 2870 3254 λειποθυμίᾳ
2923 3179 3016 3235 καί
3069 3181 3249 3253 σκότῳ
3318 3179 3581 3255 βάλλεται
3637 3182 3731 3235 καὶ

306 3274 396 3325 set
425 3286 669 3335 annum,
699 3277 977 3326 venatum
1010 3271 1207 3327 exiens
1248 3271 1599 3327 interﬁcitur
1627 3289 1661 3327 a
1704 3272 1941 3343 Joanne,

2172 3249 2510 3347 ﬁv‘ﬂiit‘ttt'
2543 3266 2697 3323 ὕδατι
2731 3249 2787 3323 δέ
2816 3249 2906 3323 καὶ
2951 3267 3147 3345 μύροις
3198 3249 3251 3324 οἱ
3297 3249 3565 3343 παρόντες
3626 3268 3733 3337 τὴν

306 3358 406 3431 qui
438 3364 495 3415 et
528 3359 986 3431 Bladisthlabus,
1016 3360 1134 3416 (ilio
1166 3360 1429 3428 Aaronis,
1468 3376 1643 3433 quem
1672 3359 1796 3432 ipse
1830 3360 1957 3416 neci

306 3447 626 3519 aliquando
658 3450 1045 3505 subtraxerat.

2066 3362 2238 3429 πνοὴν
2325 3357 2489 3413 αὑτοῦ
2566 3354 3026 3430 ἀνακαλεσάμενοι
3118 3357 3413 3432 ἀνενεγκεῖν
3526 3358 3730 3431 μικρὸν

2067 3449 2454 3518 πεποιήκασιν.
2508 3446 2838 3521 Ἀνενεγκὼν
2897 3444 2954 3501 δὶ
3011 3443 3158 3522 ὕδωρ
3216 3451 3358 3501 πιεῖν
3418 3444 3735 3516 έπεζήτησε

306 3536 543 3609 ψυχρόν.
576 3530 769 3589 Λαϐὼν
806 3533 864 3590 Si
887 3537 977 3591 καὶ
1016 3536 1158 3590 πιὼν
1189 3535 1403 3612 έλήφθη
1432 3534 1878 3612 καρδιαγμῷ,καί
1911 3536 2045 3610 μετά
2071 3534 2166 3592 δύο
2194 3536 2405 3611 ἡμέρας
2436 3536 2676 3605 θνήσκει.
2710 3529 3135 3608 Παραλαμϐάνει
3167 3531 3226 3589 δὶ
3252 3536 3351 3604 τὴν
3385 3532 3730 3609 Βουλγάρων

304 3622 485 3698 ἀρχὴν
516 3623 545 3677 6
576 3624 692 3685 υἱὸς
748 3624 910 3678 αὐτοῦ
947 3619 1194 3700 Γαϐριὴλ
1250 3625 1277 3677 6
1330 3624 1417 3678 καὶ
1449 3625 1747 3695 Ῥωμανὸς,
1782 3624 1943 3701 ῥώμῃ
2002 3626 2096 3701 μὲν
2141 3624 2233 3680 καὶ
2276 3623 2432 3699 ἰσχύϊ
2485 3628 2583 3679 τοῦ
2636 3623 2842 3699 πατρὸς
2900 3622 3205 3700 ὑπερέχων,
3240 3624 3499 3702 φρονήσει
3533 3621 3594 3677 δὲ
3635 3625 3729 3678 καὶ

310 3705 520 3779 διανοίᾳ
550 3707 748 3781 πολλῷ
780 3707 1128 3782 λειπόμενος,
1160 3708 1372 3786 τεχθεὶς
1398 3713 1476 3781 τῷ
1511 3708 1777 3782 Σαμουὴλ
1804 3711 1909 3766 ἀπό
1939 3733 2081 3775 τινος
2111 3707 2532 3786 αἶ’χμαλώτιδος
2573 3709 2923 3786 Λαρισσαίας.
2958 3711 3042 3783 [Ρ-
3089 3711 3217 3784 708]
3262 3710 3421 3781 Ἦρξε
3479 3706 3539 3763 δὶ
3585 3711 3735 3764 κατὰ

308 3797 407 3865 τὴν
469 3798 529 3852 ιε’
579 3801 676 3852 τοῦ
734 3794 1112 3875 Σεπτεμϐρίου
1172 3800 1361 3871 μηνὸς,
1420 3796 1738 3871 ἐπινεμήσει
1797 3807 1880 3874 ιγ.
1942 3801 2044 3858 Καὶ
2106 3797 2236 3874 μηδ’
2292 3798 2421 3854 ὅλον
2480 3797 2892 3873 ἀποπληρώσας
2963 3797 3206 3853 ινιαυτὸν
3279 3799 3589 3875 σφάττεται,
3650 3797 3734 3853 εἲς

311 3886 629 3962 κυνηγέσιον
664 3886 1090 3964 έξελθὼν,παρὰ
1111 3890 1363 3945 Ἰωάννου
1391 3892 1486 3942 τοῦ
1515 3888 1603 3943 καὶ
1630 3884 2049 3953 Βλαδισθλάϐου
2078 3893 2176 3945 τοῦ
2222 3889 2342 3943 υἱοῦ
2396 3889 2636 3961 Ἀαρὼν,
2685 3889 2742 3943 ὃν
2793 3885 2952 3949 αὐτὸς
3000 3888 3250 3958 θνήσκειν
3308 3884 3585 3961 μέλλοντα
3636 3890 3739 3941 τοῦ

311 3975 540 4031 Θανάτου
569 3975 1014 4051 ἀπελυτρώσατο.

388 4068 711 4139 Antequam
759 4068 863 4124 hoc
924 4069 1105 4137 ﬁeret,
1154 4067 1581 4141 Theophylacto
1631 4068 1972 4125 Botaneiata

315 4154 746 4212 Thessalonice
769 4162 901 4227 post
922 4157 1201 4213 Davidum
1222 4158 1541 4212 Arianitam
1567 4159 1836 4229 przsfecto
1864 4160 1968 4214 Sa-

321 4244 552 4301 muelus
581 4244 1182 4314 Nestoritzam,unum
1213 4247 1284 4301 de
1307 4246 1734 4316 potentissimis
1764 4248 1971 4318 Bulga-

321 4333 426 4403 ris,
473 4350 687 4405 magno
733 4349 866 4389 cum
907 4334 1161 4389 exercitu
1231 4335 1302 4389 ad
1371 4349 1498 4389 eam
1557 4334 1761 4390 urbem
1789 4335 1969 4391 misit.

321 4424 501 4489 Quem
533 4422 1151 4495 Theophylactueﬁlio
1183 4438 1291 4478 suo
1319 4421 1602 4479 Michaelo
1633 4422 1970 4494 comitatus,

2148 4066 2263 4142 Πρὸ
2326 4069 2423 4121 τοῦ
2499 4064 2556 4121 δὲ
2629 4068 2797 4121 ταῦτα
2864 4063 3127 4141 γενέσθαι,
3183 4062 3565 4143 Θεοφυλάκτου
3636 4070 3739 4120 τοῦ

2078 4158 2432 4212 Βοτανειάτου
2477 4156 2664 4231 ἄρχειν
2711 4151 3109 4224 Θεσσαλονίκης
3176 4153 3310 4227 μετὰ
3354 4153 3443 4208 τὸν
3487 4153 3739 4228 ’Δριανὶ-

2076 4267 2177 4316 την
2205 4250 2543 4320 πεμφθέντος
2582 4239 2748 4299 Δαϐὶδ
2802 4244 2829 4297 6
2879 4242 3261 4319 Νεστορίτζης,
3300 4244 3378 4304 εἷς
3424 4246 3536 4298 τῶν
3588 4244 3740 4319 παρὰ

2080 4333 2426 4409 Βουλγάροις
2482 4333 2618 4408 μέγα
2675 4329 2985 4405 δυναμένων
3049 4332 3332 4406 ὑπάρχων,
3380 4330 3516 4404 μετὰ
3574 4328 3741 4387 δυνά-

2087 4444 2232 4498 μεως
2300 4420 2464 4497 ἁδρᾶς
2534 4420 2670 4477 κατά
2745 4417 3145 4491 Θεσσαλονίκης
3207 4418 3544 4493 ἰκπέμπεται
3594 4421 3745 4495 παρᾶ

325 4528 523 4585 pugna
551 4528 903 4585 congressus
934 4510 1088 4568 fudit
1114 4527 1445 4583 magnaque
1496 4514 1691 4583 praeda
1720 4516 1889 4584 parta
1917 4530 1941 4569 ε

2148 4517 2178 4567 ῦ
2210 4510 2499 4582 Σαμουήλ·
2535 4513 2619 4574 οἷς
2651 4512 2988 4580 συναντήσας
3021 4510 3049 4565 6
3081 4506 3463 4583 Θεοφύλακτος
3510 4509 3610 4564 σὺν
3665 4514 3744 4581 τῷ

328 4601 531 4659 multis
558 4602 909 4672 captis,cum
932 4601 1023 4655 bis
1045 4604 1116 4656 ad
1138 4601 1551 4671 imperatorem
1583 4606 1723 4656 tunc
1742 4607 1975 4673 septum

320 4693 379 4747 in
415 4690 707 4765 angustiis
724 4693 877 4761 apud
902 4690 1193 4744 Chlidium
1214 4695 1651 4760 oppugnantem
1673 4689 1973 4744 venit.lm-

324 4785 559 4855 perator
586 4780 877 4852 angustiis
908 4795 1025 4850 quo
1057 4778 1313 4833 diximus
1346 4779 1519 4834 modo
1552 4778 1871 4851 superatis,
1902 4781 1974 4835 ad

323 4870 739 4942 Strumpitzam
791 4867 1061 4934 accedit;
1103 4871 1161 4923 et
1202 4865 1439 4922 castello
1487 4867 1580 4923 cui
1632 4867 1975 4924 Matzucium

326 4977 541 5017 nomen
612 4959 855 5029 potitus,
923 4958 1290 5027 Strumpitzaa
1349 4957 1476 5024 jam
1554 4957 1977 5028 propinquans,

325 5048 825 5120 Theopbylactum
858 5045 1260 5101 Botoneiatam
1306 5044 1735 5100 Thessalonica;
1766 5047 1977 5102 ducem

328 5137 505 5195 colles
536 5138 605 5193 ad
640 5136 1063 5209 Strumpitzam
1087 5134 1231 5189 sitos
1254 5150 1530 5205 superare
1547 5134 1717 5205 jubet
1739 5138 1794 5189 et
1813 5139 1980 5207 septa

327 5226 498 5284 obvia
528 5226 857 5296 incendere,
890 5224 1120 5295 sibique
1149 5222 1257 5279 hoc
1291 5222 1589 5279 modoiter
1608 5222 1979 5279 Thessaloni-

328 5332 456 5373 cam
495 5316 720 5371 ducens
770 5312 1061 5385 expedire.
1110 5312 1585 5368 Proficiscentem
1633 5312 1979 5385 praesidiarii

2084 4604 2187 4674 υἱῷ
2217 4600 2446 4676 Μιχαὴλ
2477 4599 2567 4655 καὶ
2600 4598 2940 4673 συμπλακεὶς
2979 4598 3163 4674 τρέπει
3209 4617 3268 4652 τε
3320 4597 3457 4652 κατὰ
3512 4600 3743 4673 κράτος,

2083 4691 2172 4745 καὶ
2204 4688 2351 4745 λείαν
2382 4687 2603 4757 πολλὴν
2631 4690 2719 4744 καὶ
2762 4685 3165 4762 αἰχμαλώτους
3210 4685 3447 4762 συχνοὺς
3487 4686 3745 4763 προσλα-

2086 4774 2319 4853 ϐόμενος
2370 4776 2676 4851 διακομίζει
2726 4781 2805 4849 τῷ
2852 4776 3069 4852 βασιλεῖ
3120 4772 3511 4847 πολιορκοῦντι
3574 4776 3642 4831 τὸ
3691 4776 3743 4831 έν

2084 4872 2153 4941 τῇ
2198 4865 2494 4941 κλεισούρᾳ
2538 4871 2634 4922 τοῦ
2675 4863 2938 4922 Κλειδίου
2992 4862 3128 4937 δέμα
3341 4864 3411 4917 Τὸ
3465 4860 3612 4935 δέμα
3666 4863 3743 4936 δὶ,

2087 4958 2162 5018 ὡς
2208 4955 2443 5029 εἴρηται,
2495 4950 2685 5017 διαϐὰς
2738 4955 2765 5008 6
2823 4952 3077 5028 βασιλεὺς
3130 4953 3266 5007 κατά
3324 4951 3745 5027 Στρούμπιτζαν

2086 5046 2310 5121 γίνεται.
2364 5044 2467 5099 Καὶ
2525 5045 2903 5119 παρεστήσατο
2956 5042 3049 5114 μὶν
3118 5041 3377 5119 φρούριον
3424 5041 3488 5095 τὸ
3530 5040 3744 5096 καλού-

2092 5154 2247 5208 μενον
2298 5132 2761 5205 Ματζούκιον,τῇ
2814 5129 3199 5207 Στρουμπίτζῃ
3252 5127 3309 5184 δὲ
3357 5131 3746 5207 προσεγγίζον,

2092 5221 2226 5296 μετὰ
2273 5220 2554 5295 δυνάμεως
2602 5218 2648 5275 δ’
2698 5219 2962 5293 ἐκπέμπει
3028 5219 3121 5274 τὸν
3186 5217 3553 5288 Βατινειάτην
3615 5226 3745 5275 Θεο-

2088 5311 2361 5391 φύλακτον
2392 5312 2485 5366 τὸν
2518 5307 2686 5365 δοῦκα
2727 5307 3152 5378 Θεσσαλονίκης,
3195 5301 3495 5381 ὑπερϐῆναι
3556 5306 3748 5363 κελεύι

1519 5472 1885 5530 XYLANDRI
1924 5475 2012 5530 ET
2051 5474 2273 5531 GOARl
2312 5473 2546 5530 NOTAE.

401 5621 514 5692 (60)
544 5618 691 5690 Δέμα
719 5618 904 5692 turris
925 5612 1320 5692 éy_xhtgoupq,
1348 5615 1407 5671 in
1440 5616 1600 5673 clusa
1628 5617 1748 5673 sive
1779 5633 1934 5673 muro
1964 5616 2120 5673 inter
2147 5617 2297 5673 duos
2328 5620 2556 5673 montes
2589 5631 2830 5687 asperos
2858 5617 3072 5680 erecto,
3103 5613 3173 5669 ad
3207 5627 3384 5682 quam
3417 5611 3625 5667 aditus
3654 5611 3747 5667 hic

329 5684 551 5769 passim
582 5684 801 5749 dicitur
825 5684 1087 5743 κλειδίον.
1120 5684 1301 5744 Gods.
