3968 6140
258 341 372 403 193

1394 338 1939 402 HISTORIARUM
1985 338 2533 402 COMPENDIUM.

3546 343 3663 408 ιθι

254 492 344 533 σας
401 468 528 531 τοὺς
571 468 624 524 ἑν
671 467 1059 544 Στρουμπίτζῃ
1119 468 1368 546 βουνοὺς,
1423 470 1515 525 καὶ
1561 471 1627 525 τὰ
1678 468 1731 525 ἐν
1779 473 1898 531 ταῖς

2026 470 2160 527 nihil
2192 472 2492 527 obstantes
2524 471 2610 526 ire
2631 487 2745 542 quo
2766 469 2997 526 volebat
3018 472 3176 542 passi
3201 450 3363 528 sunt.
3394 474 3503 529 Sed
3526 490 3663 530 cum

254 560 369 614 κατ’
399 556 594 620 αὐτοὺς
627 554 777 620 ὁδοῖς
808 557 1157 630 πυρπολῆσαι
1218 555 1444 631 δὲματα,
1501 558 1592 613 καὶ
1652 557 1908 633 εύπόρευ-

254 668 342 703 τον
405 647 549 719 αύτῷ
602 652 770 711 θεῖναι
846 649 946 717 τήν
1019 646 1156 723 πρὸς
1225 647 1625 718 Θεσσαλονίκην
1677 645 1908 724 ὄίγουσαν

258 734 404 792 ὁδόν.
439 737 500 793 Ὁ
550 733 608 790 δὲ
650 734 900 791 ἀπελθὼν
954 739 1315 812 συνεχωρήθη
1370 738 1464 810 μὲν
1498 737 1549 791 ἂν
1580 742 1659 809 τῷ
1690 736 1909 792 εἷσιὲναι

259 825 407 901 παρὰ
460 828 566 878 τῶν
643 824 1177 901 τοποφυλακούντων
1261 825 1591 901 Βουλγάρων
1666 826 1910 897 ἀνεμπο-

264 912 457 976 δίστως
490 910 747 982 διελθεῖν,
810 911 1029 987 μέλλων
1077 910 1135 968 δὲ
1163 915 1299 988 πρὸς
1329 915 1420 969 τὸν
1484 912 1713 991 βασιλέα
1742 914 1908 969 πάλιν

269 1004 619 1079 ὑποστρέφειν
688 1003 824 1076 μετά
887 1004 949 1057 τὸ
1000 1002 1067 1058 τὰ
1117 1002 1563 1079 προπεταγμὲνα
1618 1003 1909 1077 πληρῶσαι

264 1090 575 1167 περιπίπτει
636 1091 834 1167 λόχοις
892 1091 976 1148 ἐπ’
1034 1092 1182 1164 αύτῷ
1230 1092 1407 1165 τούτῳ
1438 1092 1911 1169 προσκαθημένοις

260 1182 348 1235 καὶ
410 1176 774 1255 ἔνεδρεύουςιν
849 1179 901 1236 ἔν
953 1202 1061 1236 τινι
1119 1180 1379 1253 ἐπιμήκει
1437 1185 1797 1256 στενοχωρίᾳ·
1858 1180 1910 1236 ἐν

258 1268 293 1343 ᾔ
348 1268 606 1333 εἰσελθὼν
639 1269 731 1324 καὶ
761 1268 1023 1325 πάντοθεν
1079 1270 1550 1345 περιστοιχισθεὶς
1579 1270 1672 1324 καὶ
1715 1266 1915 1325 ἄνωθεν

261 1358 363 1413 ὑπὸ
398 1357 564 1412 Λίθων
598 1358 689 1412 καὶ
719 1358 889 1429 τόξων
923 1357 1294 1433 βαλλόμενος,
1331 1356 1565 1431 μηδενὸς
1613 1357 1913 1432 ἀμύνασθαι

261 1444 566 1520 δυναμένου
598 1444 688 1503 διὰ
712 1448 813 1516 τήν
843 1447 1115 1503 πύκνωσιν
1162 1446 1253 1503 καί
1290 1449 1353 1503 τὸ
1398 1455 1498 1517 τῆς
1547 1447 1916 1523 στενοχωρίας

261 1533 653 1609 ἀδιεξόδευτον,
712 1534 872 1598 αὐτός
916 1557 975 1591 τε
1022 1536 1246 1609 πίπτει,
1319 1534 1462 1609 μηδὶ
1510 1542 1631 1598 ταῖς
1688 1535 1914 1599 οἰκείαις

263 1624 425 1700 χερσὶ
483 1621 734 1695 δυνηθεὶς
792 1626 1123 1701 χρήσασθαι,
1150 1626 1237 1680 καὶ
1270 1624 1415 1680 πολὺ
1450 1626 1614 1701 μέρος
1645 1624 1738 1679 σὺν
1769 1624 1916 1697 αὐτῷ

264 1712 645 1769 ἀπώλετοτοῦ
676 1715 927 1787 στρατοῦ.
985 1715 1158 1789 "Amp
1220 1713 1521 1787 μηνυθίντα
1573 1718 1654 1786 τῷ
1701 1712 1915 1788 βασιλεῖ

2017 560 2311 616 mandatis
2343 559 2591 633 peractis
2622 559 2692 615 ad
2724 559 3133 631 imperatorem
3167 560 3354 616 redire
3384 561 3579 632 vellet,
3602 562 3664 619 in

2016 648 2263 705 insidias
2284 650 2355 705 ad
2381 649 2485 705 hoc
2507 650 2703 721 ipsum
2728 649 3036 704 collocatas
3060 650 3119 703 in
3145 650 3427 721 porrectis
3449 650 3509 706 in
3532 650 3664 707 lon—

2017 756 2154 807 gum
2187 739 2458 810 angustis
2483 739 2714 806 incidit,
2746 739 3454 810 460circuniventusque
3482 745 3540 795 et
3571 741 3667 795 de-

2020 844 2198 899 super
2226 829 2382 882 saxis
2421 827 2671 897 telisque
2718 827 2956 898 petitus,
3011 828 3171 881 omni
3220 843 3282 882 se
3314 828 3667 884 defendendi

2019 920 2304 989 praerepta
2336 915 2612 971 facultate
2632 916 2704 970 ob
2727 931 3096 987 compressos
3126 915 3184 970 in
3208 921 3401 971 artum
3426 916 3664 974 ordines

2019 1011 2078 1061 et
2106 1004 2217 1060 loci
2250 1004 2585 1076 angustiam
2618 1003 2777 1059 omni
2798 1004 2954 1059 exitu
2977 1005 3252 1074 carentis,
3284 1021 3419 1061 cum
3450 1021 3666 1078 magna

2020 1093 2112 1149 sui
2141 1093 2427 1148 exercitus
2462 1098 2622 1164 parte
2655 1093 2824 1163 perit.
2861 1093 3183 1163 Imperator
3210 1110 3279 1149 ea
3315 1092 3480 1149 clade
3511 1112 3669 1149 nun-

2020 1184 2165 1237 tiata
2190 1182 2513 1236 maximum
2548 1182 2805 1252 percepit
2831 1182 3114 1251 dolorem,
3139 1186 3197 1236 et
3226 1183 3497 1253 progredi
3519 1184 3668 1239 ulte-

2021 1270 2146 1326 rius
2177 1286 2291 1325 non
2310 1286 2490 1324 ausus
2509 1275 2663 1324 retro
2690 1269 2831 1323 abiit
2860 1270 2929 1323 ad
2952 1270 3213 1341 Zagoria,
3237 1270 3335 1325 ubi
3359 1271 3669 1328 castellum

2021 1362 2145 1414 erat
2158 1356 2655 1429 Melenicuslonge
2670 1357 3305 1429 munitissimum,saxo
3327 1358 3669 1431 impositum

2023 1458 2077 1503 et
2108 1448 2442 1519 pracipitiis
2469 1446 2832 1518 vallibusque
2873 1448 3353 1519 profundissimis
3382 1450 3669 1506 cinctum.

2023 1537 2098 1591 Eo
2130 1553 2197 1591 ex
2226 1536 2443 1591 vicinia
2460 1536 2681 1607 passim
2701 1537 3086 1605 confugerant
3104 1536 3360 1607 Bulgari,
3385 1537 3673 1595 Romano-

2022 1642 2153 1680 rum
2184 1626 2503 1680 admodum
2535 1623 2745 1680 securi.
2766 1625 2845 1679 Ad
2867 1640 2966 1680 eos
2999 1625 3316 1696 imperator
3346 1626 3527 1683 mittit
3546 1627 3674 1684 Ser-

2020 1715 2184 1786 gium
2216 1714 2561 1786 spadonem,
2580 1730 2762 1769 unum
2781 1729 2851 1768 ex
2880 1713 3105 1769 intimis
3123 1714 3247 1770 suis
3277 1714 3533 1771 cubiculi
3557 1716 3671 1772 mi-

262 1800 485 1872 πολλῆς
514 1801 673 1857 αὐτὸν
700 1800 993 1872 ἐνίπλησεν
1052 1802 1302 1875 ἀθυμίας.
1359 1804 1515 1860 ’Όθεν
1558 1802 1647 1857 καὶ
1694 1823 1908 1878 προσω-

2026 1802 2245 1871 nistris,
2278 1803 2577 1857 hominem
2618 1802 2924 1857 cordatum
2973 1818 3039 1857 ac
3069 1802 3411 1869 facundum,
3444 1804 3545 1876 qui
3576 1806 3670 1876 ἱρ-

263 1891 406 1967 τέρω
464 1895 670 1967 χωρεῖν
732 1891 831 1947 οὐκ
882 1888 1124 1959 ἔκρινεν,
1178 1890 1305 1947 ἀλλ’
1360 1891 1699 1967 ὑποστρέψας
1745 1890 1912 1959 ἦλθεν

264 1981 340 2045 εἷς
388 1980 458 2035 τά
515 1980 770 2054 Ζαγόρια,
840 1978 963 2034 ἔνθα
1019 1980 1083 2034 τὸ
1145 1977 1266 2033 λίαν
1321 1981 1670 2056 ὀχυρώτανον
1703 1977 1914 2055 ἵδρυται

264 2068 528 2148 φρούριον
582 2068 611 2122 6
668 2067 987 2135 Μελένικος,
1044 2068 1132 2122 ἐπί
1181 2088 1328 2130 τινος
1379 2068 1577 2144 πέτρας
1626 2066 1916 2142 ἴδρυμὲνον

263 2163 538 2233 κρημνοῖς
592 2158 683 2213 καὶ
725 2156 956 2236 φάραγξι
1010 2155 1334 2233 βάθυτάταις
1392 2156 1646 2214 πάντοθεν
1697 2156 1917 2234 ἐστεφα-

264 2248 538 2320 νωμένης·
599 2246 653 2302 ἐν
788 2247 841 2300 οἱ
869 2254 971 2314 τῆς
1001 2247 1320 2323 περιχώρου
1379 2246 1636 2309 πάντοθεν
1677 2267 1919 2324 καταφυ-

260 2336 450 2411 γόντες
506 2334 815 2411 Βούλγαροι
868 2334 1028 2411 ὀλιγα
1072 2340 1182 2389 τῶν
1232 2335 1519 2408 Ῥωμαίων
1581 2333 1917 2411 ἐφρόντιζον.

270 2426 416 2502 Πρὸς
467 2424 560 2487 οὕς
620 2426 647 2479 6
679 2424 933 2498 βασιλεὺς
966 2424 1194 2500 Σὲργιόν
1226 2445 1346 2478 τινα
1377 2421 1656 2497 ἐκτομίαν,
1689 2420 1782 2478 ἕνα
1811 2428 1917 2479 τῶν

266 2513 619 2568 οἰκειοτάτων
677 2511 826 2585 αὐτῷ
885 2510 1342 2584 θαλαμηπόλων,
1411 2510 1699 2585 ἐκπέμπει,
1758 2509 1922 2583 ἄνδρα

268 2604 513 2680 φρενήρη
572 2621 632 2655 τε
685 2602 778 2655 καὶ
836 2598 1008 2654 δεινὸν
1060 2600 1257 2668 εἰπεῖν,
1317 2600 1765 2675 ἀποπειρώμενος
1818 2607 1921 2669 τῆς

266 2692 501 2765 γνώμης
555 2689 750 2745 αὐτῶν.
810 2690 981 2751 Οὗτος
1037 2686 1085 2743 δ’
1140 2689 1309 2743 ἐκεῖσε
1338 2690 1633 2765 γενόμενος
1665 2690 1751 2743 καὶ
1780 2687 1920 2744 πολ-

270 2778 396 2840 λαίς
453 2779 805 2854 χρησάμενος
862 2776 1277 2852 πιθανολογίαις
1338 2775 1682 2849 μεταδιδάξαι
1734 2775 1924 2853 ξ’σχυσε

266 2867 395 2930 τοὺς
448 2868 769 2941 ἀνθρώπους
821 2864 884 2921 τὸ
942 2863 1082 2939 δέον,
1114 2867 1203 2920 καὶ
1233 2866 1300 2920 τὰ
1330 2865 1476 2921 ὅπλα
1525 2867 1925 2938 καταθεμένους

266 2954 605 3033 παραδοῦναι
636 2960 715 3027 τῷ
751 2952 967 3031 βασιλεῖ
997 2954 1217 3017 ἑαυτοὺς
1264 2956 1353 3009 καὶ
1402 2955 1465 3010 τὸ
1506 2954 1784 3033 φρούριον.
1818 2952 1925 3015 Οὕς

267 3042 674 3117 ἀποδεξάμενος
705 3044 734 3098 6
768 3042 1023 3119 βασιλεὺς
1053 3043 1143 3097 καὶ
1185 3042 1735 3120 φιλοφρονησάμενος
1785 3043 1927 3113 ἀξιο-

267 3137 516 3209 πρεπῶς,
593 3131 683 3186 καί
760 3132 998 3208 φρουρὰν
1064 3136 1147 3204 τῷ
1198 3132 1444 3208 φρουρίῳ
1493 3133 1596 3201 τὴν
1655 3132 1921 3207 ἀρκοῦσαν

2024 1908 2225 1947 eorum
2270 1892 2501 1946 animos
2547 1890 2994 1963 periclitaretur.
3046 1891 3100 1945 ls
3150 1890 3338 1947 multa
3366 1894 3671 1950 suadendo

2026 1985 2202 2051 atque
2224 1979 2610 2052 probabiliter
2629 1980 2970 2035 disserendo
2991 1995 3088 2035 eos
3113 1996 3179 2035 eo
3201 1981 3536 2053 adduxit,ut
3553 1996 3675 2038 rem

2027 2075 2182 2126 recta
2213 2070 2308 2127 via
2341 2074 2682 2141 reputantes
2713 2069 2918 2138 positis
2950 2069 3133 2125 armis
3179 2084 3241 2125 se
3270 2079 3325 2125 et
3362 2070 3674 2128 castellum

2026 2159 2369 2231 imperatori
2400 2159 2698 2215 dederent.
2724 2160 2878 2224 Quos
2900 2158 3219 2230 imperator
3246 2159 3678 2216 humanissime

2028 2249 2289 2318 excepit;
2332 2253 2389 2301 et
2433 2247 2675 2302 castello
2724 2248 2991 2318 prasidio
3039 2248 3351 2303 sufﬁcienti
3399 2248 3677 2319 imposito

2029 2336 2433 2409 Mosynopolin
2458 2336 2649 2390 rediit.
2678 2336 2763 2390 lbi
2786 2336 2835 2390 ei
2861 2336 3111 2391 moranti
3133 2336 3377 2391 nuntius
3411 2338 3481 2392 de
3513 2336 3677 2392 obitu

2030 2424 2289 2481 Samueli
2338 2425 2598 2490 affertur,
2648 2424 2935 2495 vigesima
2982 2430 3190 2495 quarta
3238 2424 3508 2481 Octobris
3560 2424 3675 2481 die.

2030 2514 2246 2569 Exinde
2312 2513 2511 2569 statim
2570 2513 2929 2585 Mosynopoli
2984 2513 3468 2569 Thessalonicam
3535 2515 3679 2585 abit,

2029 2611 2203 2673 atque
2232 2603 2370 2657 hinc
2391 2604 2461 2656 ad
2487 2601 2863 2674 Pelagoniam
2894 2619 3081 2673 usque
3104 2602 3496 2673 proﬁciscitur
3517 2602 3681 2659 nullo

2030 2708 2165 2747 cum
2200 2691 2506 2757 maleﬁcio,
2541 2691 2651 2745 nisi
2686 2692 2841 2761 quod
2874 2693 3094 2762 regiam
3127 2690 3381 2747 Gabrieli
3420 2691 3679 2747 Bulelia-

2033 2797 2165 2835 nam
2198 2781 2345 2835 461
2382 2779 2659 2835 incendit.
2689 2778 2887 2836 Missis
2910 2778 3085 2835 etiam
3119 2780 3406 2836 militibus
3437 2779 3683 2838 castella

2030 2867 2331 2938 Prilapum
2365 2871 2419 2922 et
2450 2867 2750 2938 Stypeium
2774 2866 2947 2938 capit.
2971 2868 3111 2923 Inde
3141 2868 3212 2923 ad
3246 2868 3487 2923 ﬂuvium
3508 2868 3682 2924 Tzer-

2033 2973 2167 3011 nam
2203 2957 2377 3025 venit,
2411 2972 2668 3026 eumque
2700 2955 2924 3010 ratibus
2952 2961 3012 3010 et
3042 2956 3274 3012 utribus
3306 2956 3529 3012 inﬂatis
3558 2965 3679 3012 tra-

2028 3044 2178 3114 jicit,
2213 3060 2277 3099 ac
2328 3045 2566 3099 Budena
2612 3044 2798 3111 redit;
2847 3050 2902 3098 et
2933 3044 3069 3099 inde
3097 3059 3250 3099 nona
3291 3043 3557 3100 Januarii
3588 3044 3684 3102 die

2031 3132 2511 3188 Thessalonicam
2542 3132 2723 3188 venit.

269 3220 654 3297 ἰγκατατάξας,
726 3215 921 3293 μιτέὅη
988 3221 1126 3295 πρὸς
1182 3218 1628 3276 Μοσυνούπολινο
1684 3220 1735 3275 ἐν
1792 3219 1829 3294 ᾖ
1878 3217 2117 3296 διάγοντι
2169 3219 2347 3293 τούτῳ
2396 3218 2485 3274 καὶ
2538 3220 2566 3273 6
2621 3223 2718 3273 τοῦ
2775 3218 3043 3291 Σαμουὴλ
3096 3218 3425 3295 ἀγγέλλεται
3456 3222 3684 3285 θάνατος

268 3310 408 3365 κατά
465 3311 566 3379 τὴν
625 3307 704 3364 κδ’
758 3313 858 3365 τοῦ
918 3304 1253 3383 Ὀκτωϐρίου
1316 3309 1507 3383 μηνός.
1564 3311 1805 3383 [Ρ.709]
1861 3309 1959 3364 Καὶ
2017 3308 2171 3373 εὐθὺς
2231 3310 2259 3364 ὁ
2319 3307 2571 3383 βασιλεὺς
2627 3308 2835 3380 ἀπάρας
2894 3309 2953 3363 ἐκ
2982 3309 3455 3371 Μοσυνουπόλεως
3500 3311 3688 3364 κάτει-

269 3420 357 3454 σιν
419 3398 499 3461 εῗς
556 3395 979 3468 Θεσσαλονίκην,
1037 3397 1279 3452 κάκεῖθεν
1340 3395 1549 3452 ἄπεισιν
1622 3398 1701 3462 sic
1771 3396 2132 3473 Πελαγονίαν,
2209 3394 2377 3471 μηδὲν
2450 3395 2851 3469 λυμαινόμενος
2924 3402 3031 3451 τῶν
3109 3397 3161 3452 ἐν
3220 3397 3399 3468 ποσὶν,
3460 3397 3589 3453 ἀλλ’
3645 3400 3684 3470 ἢ

276 3487 421 3561 μόνα
473 3485 835 3563 πυρπολήσας
892 3488 959 3541 τὰ
1014 3486 1068 3541 ἐν
1130 3486 1402 3560 Βουτελίῳ
1435 3486 1683 3563 βασίλεια
1730 3491 1829 3542 τοῦ
1885 3482 2156 3563 Υαϐριήλ,
2214 3488 2441 3559 Πέμψας
2498 3483 2557 3540 δὲ
2609 3485 2697 3539 καὶ
2757 3485 3005 3561 στρατιὰν
3056 3490 3335 3562 χειροῦται
3390 3487 3453 3542 τὸ
3510 3486 3683 3565 φρού-

273 3597 394 3652 ριον
456 3574 743 3653 Πριλάπου
797 3575 889 3631 καὶ
938 3579 1037 3631 τοῦ
1097 3575 1382 3634 Στυπείου.
1444 3576 1677 3640 Ἐκεῖθεν
1736 3570 2147 3649 καταλαμϐάνει
2194 3576 2285 3631 τὸν
2340 3580 2565 3651 Τζερνᾶν
2600 3573 2891 3648 λεγόμενον
2921 3576 3195 3649 ποταμὸν,
3227 3575 3284 3630 ὅν
3318 3574 3562 3651 σχεδίαις
3591 3577 3685 3632 καὶ

274 3665 545 3728 θυλάκοις
594 3666 999 3743 πεφυσημένοις
1054 3662 1376 3739 διαπεράσας
1424 3663 1691 3721 ἐπάνεισιν
1740 3665 1816 3728 εἷς
1864 3665 1931 3721 τὰ
1979 3662 2214 3736 Βοδηνά,
2263 3665 2504 3729 κάκεῖθεν
2534 3667 2603 3738 τῇ
2635 3666 2679 3728 θ’
2703 3669 2799 3719 τοῦ
2830 3664 3157 3740 Ἰανουαρίου
3184 3665 3354 3739 μηνὸς
3382 3665 3551 3735 ἦλθεν
3608 3666 3687 3730 είς

269 3753 680 3826 Θεσσαλονίκην
691 3799 704 3813 .

339 3880 547 3953 Ἔαρος
597 3876 640 3933 δ’
701 3878 1020 3943 ἐπιστάντος
1069 3879 1365 3955 ὑπέστρεψε
1423 3876 1588 3934 πάλιν
1622 3878 1697 3942 εἲς
1751 3879 1908 3935 Βουλι

2113 3880 2285 3936 Initio
2315 3880 2466 3935 veris
2497 3896 2730 3935 rursum
2764 3880 2822 3934 in
2872 3878 3207 3952 Bulgariam
3240 3879 3308 3945 it,
3340 3897 3408 3936 ac
3440 3881 3689 3938 Budenas

258 3965 485 4042 γαρίαν,
545 3966 635 4022 καὶ
685 3971 769 4039 τῷ
821 3966 1069 4043 φρουρίῳ
1132 3972 1241 4022 τῶν
1300 3964 1557 4037 Βοδηνῶν
1613 3967 1903 4043 προσίσχει

2037 3969 2339 4025 castellum
2372 3968 2531 4030 (nam
2559 3968 2897 4040 praesidium
2924 3968 3035 4022 fide
3066 3968 3278 4024 violata
3307 3985 3470 4025 arma
3492 3977 3694 4028 contra

266 4049 508 4133 ἔφθασαν
558 4056 658 4132 γὰρ
713 4053 887 4123 οὗτοι,
943 4056 1043 4124 τὴν
1097 4055 1234 4131 πρός
1298 4053 1524 4132 βασιλέα
1544 4055 1725 4110 πίστιν
1758 4057 1908 4132 ἀπαρι

2038 4058 2328 4113 Romanos
2360 4056 2612 4129 ceperat)
2646 4072 2861 4127 magna
2890 4057 2942 4110 vi
2976 4054 3273 4126 obsidens,
3307 4057 3421 4113 ﬁde
3453 4060 3696 4131 publica

265 4146 620 4220 νησάμενοι,
680 4147 801 4219 ἆραι
877 4145 1015 4201 κατὰ
1086 4146 1374 4220 Ῥωμαίων
1430 4143 1596 4202 ὅπλα.
1656 4145 1908 4220 Καρτερά·

2039 4150 2277 4218 accepta
2307 4162 2369 4201 se
2398 4145 2611 4201 dedere
2643 4143 3043 4217 praesidiarios
3065 4144 3241 4216 cogit,
3272 4162 3490 4218 eosque
3521 4148 3692 4206 Bole-

265 4234 363 4291 οὗν
423 4233 825 4307 ἐνστησάμενος
884 4232 1209 4310 πολιορκίαν
1261 4234 1530 4308 ἠνάγκασε
1573 4237 1784 4296 πίστεις
1829 4232 1930 4289 λα-

265 4319 472 4386 ϐόντας
506 4322 728 4385 ἑαυτοὺς
789 4323 1094 4399 ἐγχειρίσαι
1150 4322 1277 4384 τοὺς
1330 4318 1497 4377 ἔνδον·
1557 4322 1650 4384 οὕς
1680 4321 1843 4377 πάλιν
1876 4321 1929 4376 ἐν

262 4418 348 4486 τῷ
406 4411 639 4486 Βολερῷ
701 4413 1035 4486 μετοικίσας,
1093 4412 1182 4467 καὶ
1240 4409 1397 4487 ἕτερα
1450 4410 1681 4490 φρούρια
1727 4410 1931 4486 ἀνεγεί-

266 4522 366 4579 ρας
424 4498 523 4556 δύο
579 4499 630 4555 ἰν
689 4504 770 4573 τῷ
832 4499 981 4575 μέσῳ
1035 4507 1136 4570 τῆς
1192 4497 1542 4576 δυσχωρίας,
1601 4501 1676 4555 ὧν
1723 4501 1785 4555 τὸ
1837 4501 1933 4573 μὶν

266 4584 508 4667 Καρδίαν
572 4590 826 4663 ὠνόμασε
870 4590 932 4644 τὸ
990 4586 1038 4644 δ’
1094 4588 1275 4664 ἕτερον
1335 4590 1484 4665 ἅγιον
1548 4587 1765 4659 Ἠλίαν,
1826 4590 1933 4645 ὑπ-

266 4679 528 4755 ἑστρεψεν
580 4677 658 4740 είς
715 4676 1133 4748 Θεσσαλονίκην.
1194 4679 1281 4735 Ἐν
1338 4676 1375 4752 ᾖ
1430 4678 1705 4752 Ῥωμανὸς
1763 4679 1790 4733 ὁ
1841 4677 1932 4732 καὶ

270 4762 530 4841 Γαϐριὴλ
563 4762 653 4820 δια
698 4786 842 4826 τινος
890 4765 1166 4837 Ῥωμαίου
1221 4768 1608 4843 Χειροτμήτου
1660 4762 1932 4820 δούλωσιν

270 4856 364 4911 καὶ
427 4854 710 4931 ὑποταγὴν
759 4853 1100 4930 ύπισχνεῖται
1136 4898 1148 4909 .
1226 4856 1287 4912 Ὁ
1364 4854 1421 4910 δὲ
1476 4853 1816 4917 ύποπτεύσας
1870 4854 1937 4910 τὰ

270 4944 603 5019 γράμματα,
634 4944 724 4998 τὸν
756 4943 1042 5019 πατρίκιον
1088 4942 1400 5022 Νικηφόρον
1452 4943 1545 4998 τὸν
1594 4941 1792 5020 Ξιφίαν
1845 4942 1937 4997 καὶ

268 5037 691 5089 Κωνσταντῖνον
731 5033 824 5088 τὸν
876 5032 1159 5108 Διογένην,
1226 5033 1360 5106 μετά
1418 5033 1510 5087 τὸν
1572 5031 1932 5102 Βοτανειάτην

268 5122 583 5198 στρατηγὸν
653 5121 913 5196 γεγονότα
966 5120 1365 5190 Θεσσαλονίκης
1393 5165 1406 5190 ,
1469 5120 1603 5193 μετᾶ
1655 5116 1935 5191 δυνάμεως

271 5212 551 5286 ἐκπέμπει
610 5209 662 5265 ἰν
715 5213 785 5285 τῇ
842 5210 1004 5287 χώρᾳ
1052 5214 1159 5266 τῶν
1220 5207 1544 5285 Μογλένων.
1584 5213 1676 5262 Ὧν
1708 5209 1807 5277 τήν
1839 5211 1939 5262 πᾶ-

272 5323 374 5358 σαν
407 5298 763 5373 ληῖσαμὲνων
816 5298 1023 5370 ἐκείνην
1070 5306 1173 5375 γῆν
1205 5298 1295 5354 καὶ
1324 5300 1424 5368 τὴν
1482 5296 1647 5354 πόλιν
1706 5295 1942 5373 πολιορ-

269 5389 533 5447 κούντων
576 5384 768 5466 ἔφθασε
794 5387 887 5443 καὶ
918 5389 946 5443 6
981 5387 1259 5464 βασιλεὺς,
1284 5388 1374 5442 καὶ
1429 5387 1519 5442 τὸν
1568 5384 1943 5463 παραρρέοντα

265 5483 340 5556 τῇ
379 5476 551 5534 πόλει
598 5476 990 5553 μετοχετεύσας
1041 5476 1313 5550 ποταμὸν,
1343 5475 1432 5531 καὶ
1479 5476 1547 5531 τὰ
1577 5476 1804 5549 θεμέλια
1832 5478 1938 5529 τῶν

266 5571 487 5644 τειχῶν
525 5563 791 5641 ὑπορύξας
824 5563 915 5620 καὶ
946 5564 1081 5636 ξύλα
1118 5564 1207 5620 καὶ
1240 5561 1543 5641 εὔπρηστον
1576 5561 1754 5635 ἄλλην
1802 5561 1940 5635 ὕλην

278 5652 590 5721 ὕποϐαλὼν
618 5659 736 5722 τοῖς
787 5652 1059 5733 ὀρύγμασι
1098 5654 1189 5714 καὶ
1220 5657 1327 5734 πῦρ
1359 5647 1641 5731 ἐμϐαλὼν,
1670 5659 1770 5725 τῆς
1802 5651 1943 5729 ὕλης

2040 4252 2171 4290 rum
2202 4237 2491 4307 deportat.
2523 4235 2671 4289 Tum
2704 4234 2764 4289 in
2797 4235 3209 4306 angustiarum
3243 4236 3432 4292 medio
3453 4238 3570 4294 duo
3592 4255 3693 4295 ca-

2041 4323 2211 4379 stella
2240 4324 2511 4391 aedificat,
2544 4339 2730 4377 unum
2763 4323 3004 4390 Cardie,
3036 4322 3285 4380 alterum
3318 4326 3507 4382 sancti
3556 4327 3694 4383 Elia

2040 4412 2299 4479 nomine,
2330 4416 2387 4467 et
2427 4410 2907 4467 Thessalonicam
2939 4411 3109 4468 redit.
3159 4412 3264 4468 Hic
3312 4414 3546 4486 degenti
3576 4416 3693 4471 Ga-

2040 4500 2394 4571 brielus,qui
2416 4504 2474 4556 et
2495 4504 2796 4556 Romanus
2819 4499 3357 4573 appellabatur,per
3374 4502 3693 4574 quemdam

2043 4590 2374 4645 Romanum
2433 4588 2895 4645 Gheirotmetum
2946 4589 3027 4661 (id
3079 4590 3337 4647 nominis
3386 4591 3459 4647 ab
3508 4592 3697 4650 incisa

2044 4695 2220 4734 manu
2240 4680 2351 4750 est)
2366 4679 2657 4750 promittit
2679 4695 2741 4733 se
2770 4678 2882 4748 ipsi
2908 4695 3141 4733 servum
3165 4683 3337 4751 atque
3358 4680 3696 4750 subjectum

2043 4768 2184 4823 fore.
2218 4768 2328 4823 Sed
2359 4769 2680 4839 imperator
2707 4766 2943 4822 fallaces
2965 4767 3187 4823 litteras
3209 4783 3337 4823 esse
3363 4766 3696 4839 suspicans,

2044 4856 2319 4927 Xiphiam
2340 4860 2395 4912 et
2412 4855 2862 4911 Constantinum
2881 4855 3326 4927 Diogenem,qui
3344 4857 3696 4914 Botaneiatas

2044 4947 2103 5000 in
2128 4950 2380 5017 praetura
2401 4943 2912 5000 Thessalonicensi
2944 4944 3249 5014 successit,
3274 4961 3407 5000 cum
3439 4948 3697 5003 exercitu

2043 5034 2103 5089 in
2135 5034 2433 5106 regionem
2462 5032 2863 5103 Moglenorum
2888 5031 3107 5100 mittit;
3142 5031 3243 5103 qui
3274 5048 3411 5089 cum
3442 5049 3571 5090 eam
3596 5035 3698 5092 de-

2046 5122 2308 5195 populati
2323 5124 2525 5178 urbem
2542 5120 3463 5193 obsiderent,supervenitipse,et
3480 5123 3696 5196 amnis,

2048 5212 2149 5285 qui
2166 5212 2368 5267 urbem
2382 5209 2657 5277 alluebat,
2668 5209 2826 5265 alveo
2840 5209 3381 5279 adverso,suti'ossis
3397 5229 3703 5271 murorum

2049 5299 2471 5366 fundamentis,
2504 5303 2561 5355 et
2611 5298 2917 5370 interjecto
2965 5301 3226 5357 cavernis
3273 5299 3434 5373 ligno
3466 5302 3702 5374 aliaque

2051 5388 2203 5461 ignis
2235 5404 2445 5460 capace
2476 5387 2743 5457 materia,
2779 5387 3051 5445 incendio
3082 5405 3284 5446 muros
3314 5390 3544 5446 evertit.
3578 5391 3703 5454 Quo

2049 5478 2174 5532 viso
2200 5475 2474 5547 Oppidani
2499 5473 2917 5532 miserabiliter
2931 5475 3229 5549 supplices
3250 5476 3389 5532 facti
3411 5494 3473 5534 se
3495 5481 3551 5534 et
3572 5494 3703 5535 mu-

2053 5566 2334 5623 nitionem
2386 5564 2540 5621 462
2591 5563 2962 5621 dediderunt.
3009 5568 3231 5638 Captus
3280 5570 3370 5622 est
3396 5564 3479 5622 ibi
3510 5567 3706 5624 Domi-

2053 5655 2251 5716 tianus
2295 5652 2629 5727 Caucasus,
2658 5653 2835 5713 homo
2865 5657 3073 5729 potens
3121 5659 3180 5713 et
3224 5653 3480 5715 Gabrieli
3511 5655 3705 5716 oonsi-
