3972 6146
1618 368 1936 431 GEORGII
1980 366 2322 430 CEDRENI
3574 375 3696 436 £96

282 369 397 434 195

276 502 500 571 liarius,
523 506 579 559 et
595 501 995 575 Moglenorum
1028 501 1301 576 princeps
1317 500 1530 558 Elitzes
1561 499 1780 574 aliique
1800 517 1898 573 pro

2097 497 2531 574 ιταπρησθείσης,
2586 498 2912 575 κατιστρεψε
2964 499 3029 557 τὸ
3075 505 3287 578 τεῖχος.
3324 504 3492 579 Ὅπερ
3549 501 3694 559 ἲδόν-

276 610 475 649 cerum
507 591 677 649 multi
709 596 771 648 et
800 609 1012 649 manus
1043 592 1200 648 haud
1224 609 1398 665 parva
1430 591 1711 648 militum.
1733 588 1893 647 Armi

2097 610 2121 651 ς
2179 589 2236 643 οἳ
2296 584 2450 643 ἔνδον
2504 589 2641 663 πρὸς
2699 589 2901 645 ἱκεσίαν
2985 592 3099 664 μετ’
3153 589 3486 670 ὀλοφυρμῶν
3537 593 3693 669 ἐτρά-

274 683 533 739 ferendis
564 683 803 738 idoneos
825 682 1244 753 Aspracaniam
1271 681 1541 753 deportat
1565 681 1884 751 imperator

2097 699 2224 748 ιντο,
2279 677 2371 733 καὶ
2445 677 2666 741 ἑαυτοὺς
2739 676 3064 755 παρεδίδουν
3134 680 3230 737 σὺν
3283 685 3364 754 τῷ
3416 681 3690 761 φρουρίῳ.

274 772 583 828 colluviem
615 771 901 842 reliquam
934 770 1109 842 diripi
1151 771 1344 841 jubet,
1376 775 1433 825 et
1461 771 1795 837 castellum,
1830 786 1898 824 cu

2099 766 2281 846 λήφθη
2365 767 2459 842 μὶν
2539 766 2630 823 οὖν
2706 771 3036 842 Δομετιανὸς
3107 769 3135 825 6
3195 770 3488 839 Καυκάνος,
3547 772 3689 850 ὰνηρ

271 861 441 917 Notia
471 877 709 931 nomen,
746 860 999 925 incendi,
1044 859 1323 933 Moglenis
1355 859 1633 915 vicinum.

2098 856 2298 928 νάστης
2354 857 2445 912 καὶ
2499 861 2582 930 τῷ
2637 853 2882 934 Γαϐριὴλ
2942 856 3348 934 συμπάρεδρος,
3407 860 3495 916 καὶ
3528 859 3690 916 Ἡλί-

268 954 401 1020 τζης
454 949 481 1004 6
539 946 724 1024 ἄρχων
782 946 1097 1025 Μογλὲνων,
1153 946 1244 1001 καὶ
1298 947 1473 1022 ’ἑτεροι
1532 943 1786 1002 δυνάσται
1815 942 2049 1015 πολλοὶ,
2078 946 2168 1001 καὶ
2201 942 2335 1010 λαὸς
2366 944 2709 1021 πολεμιστής
2736 947 2835 1003 οὐκ
2865 945 3075 1023 ὀλίγος.
3107 948 3242 1011 Τοὺς
3278 948 3374 1022 μὶν
3401 948 3491 1004 οὖν
3538 947 3693 1007 ὅπλα

272 1036 601 1112 δυναμένους
651 1042 815 1092 κινεῖν
876 1036 953 1099 εἷς
1010 1037 1405 1111 Ἀσπρσκανίαν
1461 1035 1725 1109 ἐκπέμπει
1784 1036 1811 1090 6
1865 1032 2142 1109 βασιλεὺς,
2210 1034 2302 1090 τὸν
2381 1032 2437 1091 δὲ
2495 1034 2689 1092 λοιπὸν
2750 1035 3068 1116 συρφετώδη
3136 1038 3269 1094 λαὸν
3321 1034 3689 1115 διαρπαγῆναι

267 1128 612 1202 προσέταξεν,
661 1124 1041 1203 ἐμπρησθῆναι
1076 1123 1135 1181 δὲ
1177 1126 1356 1181 καὶτὸ
1388 1125 1674 1204 φρούριον.
1706 1123 1887 1180 Ἑάλω
1910 1123 2003 1179 καὶ
2035 1120 2215 1201 ἕτερον
2249 1123 2512 1203 φρούριον
2568 1126 2799 1183 Ἐνὼτια
2843 1126 3182 1201 κεκλημένον
3232 1132 3507 1203 γειτονοῦν
3566 1134 3689 1193 τοῖς

269 1215 604 1293 Μογλὲνοις.

338 1343 552 1411 Quinta
573 1342 665 1397 die
687 1341 1117 1398 Cheirotmetus
1141 1342 1443 1397 Romanus
1463 1341 1638 1408 venit,
1663 1338 1916 1395 famulos

267 1447 465 1505 secum
485 1431 784 1487 adducens
813 1429 1060 1485 Joannis
1085 1430 1490 1494 Bladisthlabi,
1519 1430 1763 1485 Aaronis
1789 1428 1914 1497 ﬁlii,

263 1525 321 1577 et
345 1520 588 1590 litteras,
613 1519 829 1591 quibus
850 1518 945 1575 hic
968 1518 1338 1591 signiﬁcabat
1358 1536 1420 1575 se
1438 1518 1709 1576 Gabrielo
1730 1518 1914 1573 vitam

261 1610 571 1681 eripuisse,
596 1626 870 1680 nuncque
886 1610 955 1664 ad
984 1626 1048 1666 se
1069 1609 1315 1664 rediisse
1330 1609 1701 1681 Bulgaricum
1725 1608 1802 1663 im
1812 1624 1913 1679 pe-

261 1700 451 1770 rium;
486 1699 983 1772 promittebatque
1013 1716 1075 1755 se
1106 1715 1341 1755 servum
1374 1703 1431 1754 et
1460 1699 1765 1755 subditum
1796 1699 1911 1754 im—

259 1789 515 1861 peratori
547 1790 687 1846 fore.
721 1787 798 1845 Iis
827 1787 1100 1861 perlectis
1129 1788 1446 1861 imperator
1475 1805 1645 1845 suam
1677 1794 1912 1845 senten-

2097 1337 2307 1414 Ἡμέρᾳ
2357 1336 2413 1394 δὲ
2450 1338 2671 1415 πέμπτῃ
2718 1341 2847 1411 ἦκεν
2888 1342 2916 1396 6
2948 1340 3327 1417 Χειρότμητος
3380 1343 3683 1416 Ῥωμαῖος,

2027 1424 2172 1502 ἔχων
2222 1428 2313 1482 καὶ
2372 1430 2698 1504 θεράποντος
2747 1430 2999 1485 Ἰωάννου
3046 1435 3143 1486 τοῦ
3199 1433 3286 1487 καὶ
3341 1429 3685 1489 Βλαδισθλά-

2028 1510 2149 1588 ϐου,
2211 1514 2331 1571 υἱοῦ
2391 1519 2626 1592 Ἀαρὼν,
2686 1518 3021 1595 ἐπαγόμενος
3078 1520 3167 1575 καὶ
3224 1520 3524 1596 γράμματα
3579 1518 3682 1592 δη-

2028 1602 2227 1660 λοῦντα
2299 1610 2624 1683 φονευθῆναι
2681 1607 2769 1663 ὑπ’
2828 1607 2991 1663 αὑτοῦ
3047 1610 3136 1664 τὸν
3196 1604 3444 1686 Γαϐριὴλ
3502 1609 3554 1665 ἐν
3605 1614 3689 1683 τῷ

2027 1699 2309 1768 Πετρισκῷ
2362 1696 2454 1750 καὶ
2508 1697 2607 1765 τὴν
2666 1702 2840 1752 πᾶσαν
2900 1697 3140 1771 ἐξουσίαν
3201 1698 3277 1763 εἷς
3303 1700 3489 1755 ἐαυτὸν
3550 1720 3685 1773 μετ-

2028 1786 2335 1859 ενεχθῆναι,
2398 1784 2810 1861 ὑπισχνούμενά
2858 1806 2918 1842 τε
2970 1788 3070 1856 τὴν
3105 1786 3413 1864 πρέπουσαν
3469 1788 3678 1844 ύποτα-

259 1880 407 1937 tiam
437 1894 615 1935 aurea
643 1876 806 1933 bulla
834 1876 1242 1949 consignatum
1284 1876 1499 1933 Joanni
1531 1876 1731 1933 mittit.
1764 1876 1898 1932 Pau-

2097 1892 2118 1926 ν
2171 1872 2261 1929 καὶ
2320 1870 2589 1930 δούλωσιν
2649 1873 2975 1946 ἐνδείξασθαι
3049 1878 3187 1951 πρὸς
3253 1878 3346 1934 τὸν
3419 1876 3678 1953 βασιλὲα.

260 1968 464 2039 eisque
495 1971 625 2039 post
654 1967 864 2022 diebus
888 1966 1189 2022 Romanus
1218 1967 1388 2032 redit,
1412 1965 1642 2022 litteras
1661 1965 1909 2022 Joannis

260 2062 317 2113 et
333 2056 662 2127 principum
676 2054 963 2127 Bulgarite
981 2053 1475 2126 aﬂ'erens,quibus
1496 2054 1536 2109 ii
1559 2071 1621 2109 se
1642 2054 1909 2111 subditos

258 2144 598 2217 imperatori
615 2144 968 2200 fatebantur.
983 2143 1265 2214 Adjungit
1281 2158 1344 2198 se
1365 2142 1542 2198 etiam
1567 2143 1908 2214 imperatori

258 2234 588 2303 Caucanus,
621 2233 939 2289 Domitiani
968 2233 1124 2304 apud
1173 2230 1473 2303 Moglenos
1519 2231 1675 2303 capti
1709 2232 1906 2302 frater,

257 2329 464 2395 estque
480 2325 551 2379 ab
572 2339 639 2378 eo
662 2323 979 2378 honoriﬁce
995 2321 1256 2377 habitus.
1281 2324 1563 2377 Caeterum
1588 2321 1909 2393 imperator

256 2413 470 2468 certior
498 2412 689 2467 factus
719 2412 1005 2467 Joannem
1041 2410 1172 2466 dolo
1204 2426 1269 2465 ac
1298 2410 1583 2465 fallaciter
1612 2411 1725 2465 ista
1755 2411 1905 2465 scri-

255 2501 449 2575 psisse
478 2517 545 2557 ac
579 2501 872 2556 contraria
913 2499 1038 2555 suis
1087 2499 1396 2571 promissis
1429 2498 1642 2567 moliri,
1677 2499 1734 2554 in
1772 2498 1902 2554 Bul-

254 2589 480 2665 gariam
512 2588 826 2645 revertitur
854 2606 867 2656 ;
901 2592 959 2642 et
990 2586 1238 2643 Ostrobo
1268 2586 1566 2658 Soscoque
1598 2586 1901 2657 adjacente

252 2678 489 2750 regione
520 2694 587 2732 ac
613 2677 928 2749 campestri
961 2674 1274 2746 Pelagonia
1297 2673 1689 2746 depopulatis,
1723 2680 1899 2745 quot-

253 2772 395 2837 quot
425 2765 707 2838 Bulgaros
733 2765 1006 2835 cepisset,
1028 2763 1113 2819 eis
1142 2762 1344 2819 oculos
1375 2763 1593 2819 effodit.
1618 2764 1688 2818 Et
1714 2779 1903 2833 usque

251 2854 319 2908 ad
353 2855 557 2910 urbem
581 2853 912 2920 Achridem,
936 2853 1156 2924 regiam
1185 2852 1488 2921 Bulgaria,
1513 2853 1752 2907 accedit.
1777 2857 1902 2918 Qua

248 2943 405 3000 468
436 2942 680 3015 potitus,
705 2943 878 2999 rebus
904 2942 1177 2998 omnibus
1198 2945 1351 2997 recte
1382 2940 1739 3006 constitutis,
1764 2957 1900 3012 per-

250 3048 385 3105 gere
414 3037 473 3089 et
500 3032 572 3088 ad
601 3030 989 3103 Dyrrachium
1022 3029 1312 3104 proﬁcisci
1346 3030 1620 3097 intendit,
1654 3030 1809 3102 quod
1843 3033 1901 3086 ct

243 3124 372 3192 ejus
403 3120 513 3177 loci
534 3137 625 3176 res
642 3120 832 3192 ipsius
856 3122 1223 3191 praesentiam
1246 3119 1643 3190 requirebant.
1666 3120 1893 3175 Etenim

243 3210 503 3283 quandiu
552 3208 849 3283 Trymalia
897 3214 956 3266 et
982 3209 1299 3266 viciniores
1344 3209 1556 3265 Servis:
1606 3213 1799 3280 partes
1829 3208 1888 3263 in

238 3303 525 3372 potestate
552 3298 867 3356 Bladimeri
897 3298 1099 3372 (gener
1128 3298 1177 3353 is
1209 3297 1317 3353 fuit
1345 3296 1620 3369 Samueli)
1656 3314 1888 3353 manse-

236 3394 398 3457 runt,
427 3389 689 3446 hominis
721 3388 873 3459 justi
921 3405 990 3444 ac
1016 3388 1200 3460 pacis
1230 3391 1288 3443 et
1332 3386 1566 3444 virtutis
1613 3387 1888 3455 studiosi,

235 3484 510 3550 pacatum
544 3479 734 3533 fuerat
761 3478 1165 3549 Dyrrachium.
1190 3480 1262 3531 At
1284 3481 1602 3548 postquam
1631 3476 1889 3533 Joannes

235 3566 572 3623 Samuelum
605 3566 914 3636 interfecit,
946 3565 1373 3636 deceptumque
1394 3565 1559 3620 falsis
1580 3566 1888 3633 juramen-

232 3655 311 3711 tis
342 3654 738 3711 Bladimerum
769 3658 826 3711 et
855 3670 1030 3727 opera
1064 3654 1261 3709 Davidi
1286 3652 1667 3725 Bulgarorum
1692 3653 1886 3708 archi-

234 3743 492 3815 episCOpi
525 3760 588 3798 se
620 3741 929 3799 dedentem
982 3743 1155 3814 paulo
1204 3746 1338 3813 post
1386 3740 1605 3813 perﬁde
1638 3740 1884 3809 necavit,

230 3848 583 3905 magnopere
624 3830 1018 3905 Dyrrachiana
1072 3847 1163 3887 res
1214 3847 1503 3886 concussa
1550 3835 1723 3901 atque
1754 3846 1883 3901 per-

229 3922 466 3977 turbata
496 3925 606 3988 est,
641 3921 799 3993 quod
842 3923 1100 3976 Joannes
1149 3919 1352 3974 urbem
1402 3935 1527 3974 eam
1560 3918 1881 3974 identidem

228 4025 332 4082 per
361 4010 633 4066 ductores
664 4025 825 4081 suos,
856 4008 1174 4081 aliquando
1206 4008 1381 4064 etiam
1407 4023 1665 4079 prmsens
1696 4023 1881 4080 oppu-

225 4102 448 4167 gnaret.
479 4099 589 4155 Sed
621 4098 993 4170 imperatoris
1024 4096 1363 4152 institutum
1398 4112 1489 4152 res
1516 4095 1671 4151 haud
1704 4113 1881 4168 parva

226 4185 517 4258 impediit.
550 4186 778 4241 Etenim
809 4186 880 4241 ad
908 4184 1222 4240 Achridem
1246 4184 1624 4257 proficiscens
1655 4189 1788 4256 post
1817 4199 1881 4240 se

228 4274 465 4347 reliquit
494 4291 629 4331 cum
663 4291 839 4330 manu
866 4275 1121 4330 militum
1146 4273 1460 4344 Georgium
1493 4272 1878 4328 Gonitziatem

228 4368 286 4419 et
315 4364 579 4421 Orestam
616 4363 1155 4437 protospatharium
1187 4363 1505 4434 captivum,
1531 4363 1749 4433 jubens
1779 4377 1878 4417 eos

227 4453 287 4509 in
320 4455 676 4526 campestria
723 4453 1050 4525 Pelagonia
1097 4451 1374 4521 grassari.
1425 4452 1537 4507 Eos
1568 4452 1878 4506 universos

2019 1963 2186 2036 Ὅπερ
2267 1963 2535 2038 ἀναγνοὺς
2622 1965 2649 2019 6
2736 1964 3013 2040 βασιλεὺς,
3080 1967 3171 2021 καὶ
3230 1961 3682 2042 χρυσοϐούλλοις

2017 2048 2330 2124 γράμμασιν
2394 2053 2461 2107 τὰ
2544 2049 2808 2108 δοκοῦντα
2879 2055 3316 2127 πιστωσάμενος,
3385 2054 3677 2112 ἀπέστειλε

2016 2139 2153 2213 πρὸς
2210 2140 2302 2194 τὸν
2359 2141 2635 2212 Ἰωάννην.
2682 2142 2786 2199 Καὶ
2842 2145 2959 2216 μετ’
3016 2142 3206 2218 ὀλίγας
3259 2144 3426 2200 πάλιν
3456 2143 3675 2221 ἡμέρας

2018 2225 2282 2298 ἐπανῆκεν
2342 2230 2368 2284 ὁ
2426 2230 2769 2304 τετμημένος
2819 2233 2919 2302 την
2948 2237 3110 2309 χεῖρα
3137 2236 3430 2306 Ῥωμαῖος,
3460 2235 3676 2314 γραφὰς

2016 2317 2260 2389 κομίζων
2322 2319 2575 2377 Ἰωάννου
2629 2341 2688 2375 τε
2734 2320 2957 2376 καὶτῶν
3014 2321 3294 2397 ἀρχόντων
3324 2321 3671 2399 Βουλγαρίας

2018 2404 2293 2474 ὑπηκόους
2365 2406 2787 2484 ὁμολογούντων
2840 2408 2931 2464 καὶ
2983 2408 3216 2473 δούλους
3269 2411 3512 2487 γενέσθαι
3571 2416 3673 2467 τοῦ

2018 2492 2289 2569 βασιλέως
2349 2499 2430 2569 [Ρ.
2490 2500 2616 2570 710]
2662 2497 2976 2574 Προσεῤῥύη
3047 2496 3105 2554 δὶ
3169 2504 3250 2571 τῷ
3311 2501 3529 2575 βασιλεῖ
3573 2502 3668 2556 καὶ

2012 2585 2289 2646 Καυκάνος
2346 2586 2374 2639 6
2434 2582 2666 2663 ἀδελφὸς
2714 2592 3046 2661 Δομετιανοῦ
3102 2593 3198 2644 τοῦ
3250 2586 3302 2643 ἐν
3356 2589 3669 2665 Μογλένοις

2010 2670 2259 2734 ἀλόντος’
2308 2672 2364 2729 ὅν
2399 2672 2909 2751 φιλοτιμησάμενος
2960 2674 3050 2732 διὰ
3089 2684 3260 2751 τιμῆς
3297 2678 3452 2753 ἦγεν.
3509 2677 3668 2736 Ἐπεὶ

2010 2758 2069 2816 δὲ
2096 2760 2231 2838 ἔγνω
2281 2764 2372 2818 τὸν
2426 2765 2683 2835 Ἰωάννην
2742 2762 2891 2839 δόλῳ
2941 2766 3033 2821 καὶ
3085 2766 3334 2842 περινοίᾳ
3382 2767 3665 2844 γράψαντα

2005 2850 2073 2904 τὰ
2100 2850 2367 2929 γραφέντα
2412 2854 2499 2907 καὶ
2558 2854 2815 2909 τάναντὶα
2862 2855 2935 2909 ὧν
2971 2856 3286 2931 ὑπισχνεῖτο
3329 2854 3662 2931 διανοούμε-

2005 2960 2120 3008 νον,
2171 2938 2522 3018 ἐπανέστρεψε
2577 2942 2741 2998 πάλιν
2802 2943 2940 3017 πρὸς
2990 2943 3350 3021 Βουλγαρίαν,
3405 2945 3499 3001 καὶ
3532 2944 3666 3017 λεηο

2006 3026 2247 3100 λατησας
2276 3031 2375 3100 τήν
2406 3029 2745 3109 περίχωρον.
2797 3029 3093 3109 Ὀστροϐοὖ
3149 3034 3366 3091 καὶτοῦ
3425 3039 3658 3092 Σωσκοῦ

2002 3117 2093 3172 καὶ
2121 3119 2221 3188 τὴν
2253 3117 2482 3175 πεδιάδα
2512 3120 2841 3196 Πελαγονίας
2881 3121 3008 3185 τοὺς
3068 3120 3461 3196 ἁλισκομένους
3519 3125 3660 3181 πάν-

2000 3227 2097 3270 τας
2124 3205 2436 3284 ἀπετύφλου
2462 3209 2831 3285 ΒουΛγάρους.
2857 3213 3105 3269 Ἅπεισιν
3138 3211 3231 3267 οὖν
3263 3210 3393 3290 ἄχρι
3424 3218 3526 3280 τῆς
3555 3215 3658 3271 πός

2004 3293 2145 3357 λεως
2175 3295 2457 3372 Ἀχρίδος,
2488 3298 2539 3352 ἐν
2566 3297 2687 3373 ᾔτὰ
2720 3298 2969 3375 βασίλεια
2986 3304 3094 3355 τῶν
3130 3299 3398 3376 βασιλέων
3432 3300 3654 3377 ἵδρυντο

1997 3383 2369 3461 Βουλγαρίας’
2423 3386 2513 3442 καὶ
2560 3389 2660 3457 τὴν
2709 3387 2871 3445 πόλιν
2933 3384 3266 3467 παραλαϐὼν
3324 3390 3415 3446 καὶ
3474 3392 3652 3448 πάντα

1995 3472 2181 3537 καλῶς
2240 3472 2440 3540 διαθεὶς
2486 3472 2690 3549 ἔμελλε
2729 3479 2821 3532 καί
2878 3480 3211 3553 προσωτέρω
3272 3477 3506 3555 βαδίζειν
3557 3481 3652 3537 καὶ

1993 3569 2094 3630 τῆς
2156 3564 2292 3636 πρὸς
2346 3563 2408 3618 τὸ
2464 3564 2769 3641 Δυρῥάχιον
2829 3568 3104 3640 ἅψασθαι·
3163 3562 3335 3623 ἔδεῖτο
3389 3570 3491 3645 γὰρ
3547 3574 3654 3637 τῆς

1996 3649 2292 3723 ἐπιδημίας
2347 3652 2510 3707 αὑτοῦ
2564 3654 2632 3709 τὰ
2688 3653 2879 3711 ἐκεῖσε.
2932 3659 3082 3719 "Eoo;
3141 3657 3237 3730 μὶν
3283 3658 3388 3733 γὰρ
3418 3661 3652 3733 Τρυμα-

1995 3737 2117 3803 λιᾶς
2162 3740 2251 3795 καὶ
2281 3745 2387 3795 τῶν
2439 3741 2726 3818 ἀγχοτάτω
2787 3738 3017 3820 Σερϐίας
3053 3749 3229 3821 μερῶν
3262 3746 3407 3823 ἦρχε
3435 3745 3647 3805 Βλαδιο

1997 3829 2224 3903 μηρὸςὸ
2283 3828 2369 3883 ἐπὶ
2419 3830 2639 3906 θυγατρὶ
2696 3835 2791 3886 τοῦ
2850 3833 3119 3906 Σαμουὴλ
3160 3830 3453 3905 κηδεστὴς,
3503 3835 3645 3912 ἀνὴρ

1990 3915 2234 3988 ἐπιεικής
2304 3918 2393 3973 καὶ
2463 3919 2737 3993 εἰρηνικὸς
2800 3922 2889 3975 καὶ
2967 3923 3162 3997 ἀρετῆς
3233 3923 3646 3999 ἀντεχόμενος,

1989 4005 2222 4081 ἠρεμίαν
2256 4008 2369 4082 εἶχε
2415 4007 2481 4061 τὰ
2530 4007 2581 4061 ἐν
2640 4008 2947 4085 Δυρῥαχίιεν
3006 4009 3192 4080 ἐπειδὴ
3226 4008 3284 4066 δὲ
3313 4013 3342 4068 6
3393 4007 3645 4083 Γαϐριὴλ

1988 4094 2133 4172 παρᾶ
2180 4099 2279 4150 τυῦ
2338 4096 2589 4153 Ἰωάννου
2639 4098 2914 4169 ἀπώλετο,
2972 4100 3059 4155 καὶ
3118 4097 3275 4163 οὗτος
3329 4120 3649 4177 παρασπον-

1989 4182 2173 4255 δηθεὶς
2204 4184 2293 4240 καὶ
2322 4189 2439 4249 τοῖς
2480 4183 2665 4260 ὅρκοις
2714 4187 3003 4251 πιστεύσας
3044 4189 3191 4265 παρὰ
3244 4192 3340 4244 τοῦ
3388 4189 3645 4248 Ἰωάννου

1989 4270 2220 4328 δοθεῖσιν
2280 4274 2425 4346 αὑτῷ
2473 4271 2562 4329 διὰ
2618 4271 2784 4331 Δαϐὶδ
2829 4281 2930 4331 τοῦ
2974 4277 3410 4353 ἀρχιεπισκόπου
3467 4278 3645 4336 Βουλα

1984 4361 2175 4438 γαρίας
2226 4362 2411 4417 ἑαυτὸν
2472 4362 2768 4440 ἐνεχείρισε
2808 4364 2899 4419 καὶ
2958 4367 3090 4439 μετὰ
3150 4367 3345 4441 μικρὸν
3396 4368 3642 4447 ἀπεσφά-

1986 4471 2085 4527 γη,
2147 4450 2322 4507 πολὺν
2369 4451 2486 4527 εἶχε
2513 4453 2755 4529 τάραχον
2799 4455 2886 4509 καὶ
2938 4453 3136 4510 κλόνον
3167 4455 3235 4510 τὰ
3264 4455 3435 4511 ἐκεῖσε
3465 4459 3643 4534 πράγ-

226 4542 459 4615 Bulgari
492 4544 639 4600 duce
678 4545 891 4608 lbatza,
940 4542 1061 4597 viro
1096 4540 1468 4596 nobilissimo
1517 4544 1574 4596 et
1602 4544 1877 4612 spectatas

2099 4561 2151 4608 α,
2205 4538 2517 4616 ἐγκειμένου
2564 4543 2682 4605 καθ’
2736 4539 2962 4613 ἐκάστην
3019 4544 3108 4599 καὶ
3168 4539 3257 4598 διὰ
3313 4550 3641 4622 στρατηγῶν

222 4633 481 4703 virtutis,
514 4633 573 4687 in
604 4632 851 4688 insidias
883 4635 1161 4685 attractos
1184 4630 1571 4684 trucidarunt.
1591 4629 1732 4700 Ejus
1756 4628 1876 4685 cla-

2100 4627 2259 4689 λάκις
2316 4634 2413 4683 τοῦ
2463 4628 2710 4688 Ἰωάννου
2765 4629 2856 4686 καὶ
2913 4630 2983 4687 δι’
3033 4633 3224 4688 ἐαυτοῦ
3282 4632 3442 4689 πάλιν
3495 4619 3643 4691 ἔλεῖν

225 4720 314 4777 dis
345 4721 543 4778 dolore
574 4721 839 4778 concitus
869 4719 1264 4792 imperatorin
1299 4718 1666 4790 Pelagoniam
1692 4734 1878 4775 rever-

223 4812 389 4877 titur,
423 4812 797 4883 Ibatzamque
820 4806 1656 4883 persecutusThessalonicam
1693 4807 1873 4875 venit,

224 4898 1103 4971 indeqneMosynopolin,misso
1128 4913 1258 4951 cum
1283 4895 1537 4951 exercitu
1560 4896 1632 4950 ad
1654 4900 1875 4951 Strum-

223 4987 388 5059 pitzai
437 4989 934 5061 oppugnationem
988 4985 1201 5042 Davido
1243 4985 1525 5039 Arianita.
1578 4990 1633 5041 Is
1678 4986 1872 5040 subito

223 5076 455 5132 irruens
486 5078 795 5132 castellum
828 5075 1168 5131 Thermitza
1199 5074 1371 5145 cepit.
1404 5073 1562 5129 Misit
1602 5079 1658 5129 et
1689 5074 1871 5129 alium

220 5166 538 5223 exercitum
570 5166 627 5221 in
660 5166 963 5221 Triaditzze
984 5166 1139 5221 464
1172 5162 1438 5231 castella,
1465 5163 1611 5218 duce
1635 5162 1867 5234 Xiphia.

218 5256 325 5319 Qui
358 5255 635 5311 omnibus
666 5271 793 5325 quae
840 5255 955 5310 sita
1002 5258 1169 5309 erant
1200 5252 1257 5306 in
1311 5250 1553 5323 planitie
1583 5252 1869 5320 subactis,

219 5342 527 5399 castellum
554 5343 647 5398 cui
678 5343 860 5399 Boion
891 5358 1104 5398 nomen
1137 5341 1520 5414 expugnavit.

1983 4717 2082 4785 τὴν
2141 4717 2322 4773 πόλιν.
2384 4718 2485 4773 Καὶ
2535 4716 2624 4773 διὰ
2677 4723 2839 4774 τοῦτο
2888 4715 3145 4777 ἐϐούλετο
3180 4722 3273 4794 μὶν
3318 4723 3346 4777 6
3382 4721 3641 4799 βασιλεὺς

1984 4804 2236 4861 ἀπελθεῖν
2276 4807 2365 4861 καὶ
2402 4808 2694 4881 βοηθῆσαι,
2752 4806 3003 4879 ἐκωλύθη
3061 4807 3119 4865 δὶ
3176 4809 3245 4865 δι’
3301 4811 3479 4866 αἰτίαν
3538 4812 3641 4867 ούκ

1985 4891 2223 4970 ἄλογον.
2282 4896 2689 4972 Ἀπερχόμενος
2743 4897 2842 4972 γὰρ
2892 4899 3027 4975 πρὸς
3086 4896 3318 4975 Ἀχρίδα
3374 4898 3639 4957 κατέλιπε

1982 4983 2209 5038 κατόπιν
2265 4985 2397 5057 μετὰ
2450 4985 2698 5055 πλήθους
2739 4984 3083 5063 στρατιωτῶν
3142 4986 3409 5065 Γεώργιον
3438 5010 3636 5065 στρατ-

1983 5072 2115 5146 ηγὸν
2173 5074 2263 5128 τὸν
2328 5078 2674 5144 Γονιτζιάτην
2748 5074 2840 5129 καὶ
2915 5076 3174 5152 Ὀρέστην
3235 5080 3637 5153 πρωτοσπαθά-

1984 5181 2097 5237 ριον
2149 5163 2240 5215 τὸν
2291 5161 2675 5238 αἰχμάλωτον,
2725 5166 3074 5242 κατατρέχειν
3131 5165 3389 5228 κελεύσας
3443 5167 3511 5221 τὰ
3540 5188 3639 5222 πες

1982 5249 2070 5305 δία
2125 5249 2483 5326 Πελαγονίας·
2517 5248 2612 5314 οὕς
2641 5251 3044 5329 ἐλλοχήσαντες
3074 5253 3383 5331 Βούλγαροι
3414 5249 3638 5331 ἔχοντες

1980 5340 2276 5414 στρατηγὸν
2353 5341 2444 5396 τὸν
2522 5335 2793 5412 Ἰϐάτζην,
2866 5343 3244 5420 φανερώτατολ
3317 5340 3486 5420 ἄνδρα
3541 5345 3636 5401 καὶ

219 5428 707 5505 δεδοκιμασμένον,
780 5431 1057 5504 ἀναιροῦσι
1132 5428 1351 5490 πάντας.
1427 5430 1521 5483 Ὦν
1592 5431 1661 5502 τῇ
1736 5427 1883 5503 λύπῃ
1958 5428 2243 5506 συγχυθεὶς
2303 5430 2332 5483 6
2394 5429 2647 5505 βασιλεὺς
2696 5430 3083 5508 ἐπανέστρεψεν
3139 5431 3215 5494 εἰς
3271 5431 3638 5507 ΙΙελαγονίαν,

219 5520 309 5577 καὶ
359 5520 453 5575 τὸν
518 5514 762 5590 Ἰϐάτζην
818 5514 1178 5595 καταδραμὼν
1235 5516 1325 5573 καὶ
1371 5514 1563 5592 διώξας
1623 5516 1863 5588 ἀπῆλθεν
1909 5516 1961 5574 ἐν
2036 5515 2429 5593 Θεσσαλονίκῃ.
2499 5519 2755 5576 Κάκεῖθεν
2835 5516 2989 5592 διέϐη
3048 5519 3124 5584 εἷς
3182 5519 3634 5596 Μοσυνούπολιν,

222 5608 358 5667 κατᾶ
414 5609 836 5686 Στρουμπίτζης
888 5605 1021 5663 λαὸν
1074 5606 1383 5681 πεπομφὼς
1425 5607 1670 5683 ἡγεμόνα
1723 5602 1925 5683 ἔχοντα
1985 5605 2077 5663 τὸν
2135 5606 2418 5684 πατρίκιον
2479 5602 2646 5664 Δαϐὶδ
2700 5609 2792 5665 τὸν
2851 5608 3179 5687 Ἀριανίτην⁶
3230 5609 3289 5675 ὅς
3344 5608 3637 5690 αἲφνιδίως

216 5697 491 5782 ἐπιφανεὶς
538 5696 650 5757 εἷλε
703 5698 766 5757 τὸ
825 5695 1087 5776 φρούριον
1143 5697 1174 5753 δ
1226 5695 1497 5771 Θερμίτζα
1550 5694 1998 5772 κατονομάζεται.
2057 5694 2164 5754 Καὶ
2220 5692 2403 5776 ἕτερον
2461 5694 2628 5755 πάλιν
2684 5695 2816 5756 λαὸν
2872 5697 3009 5757 κατᾶ
3063 5702 3169 5756 τῶν
3223 5698 3275 5758 ἐν
3328 5696 3630 5778 Τριαδίτζη
