3968 6140
282 301 389 362 197
1429 290 1978 354 HISTORIARUM
2020 288 2571 355 GOMPENDIUM.
3574 296 3691 359 193

286 428 594 509 φρουρίων,
640 424 876 503 ἔξαρχον
940 422 1141 501 ἔχοντα
1219 421 1313 478 τὸν
1380 420 1613 500 Ξιφίαν,
1697 418 1984 492 ἐκπέμπει.
2067 418 2167 474 Καὶ
2220 416 2378 483 οὗτος
2466 417 2525 475 δὲ
2576 419 2645 476 τὰ
2700 417 2754 475 ἐν
2800 424 2919 483 τοῖς
2980 420 3261 499 ὑπαίθροις
3313 425 3489 481 πάντα
3531 446 3692 482 κατα·

284 517 639 595 στρεψάμενος
670 514 784 572 εἷλε
810 512 1110 590 πολιορκίᾳ
1138 513 1198 568 τὸ
1228 510 1403 587 ἔρυμα
1433 509 1463 566 ὅ
1496 511 1667 568 Βοιὼν
1698 509 1968 567 καλεῖται.

350 610 412 667 Ὀ
470 606 529 663 δὲ
588 603 843 683 βασιλεὺς
913 601 1168 668 ἀπελθὼν
1216 601 1269 658 ἐν
1331 596 1930 668 Κωνσταντινουπόλει,

2115 600 2441 673 Imperator
2459 599 2662 672 Cpolin
2687 617 2953 658 reversus
2980 602 3265 660 Januario
3294 618 3515 675 mense,
3538 622 3692 663 anno

287 697 420 754 κατά
457 698 549 753 τὸν
587 693 916 767 Ἰανουάριον
980 699 1129 767 μῆνα
1163 696 1262 748 106
1318 687 1485 766 ,ςφκδ
1538 687 1712 763 ἔτους,
1742 687 1938 744 στόλον

293 787 365 850 εἰς
421 785 690 862 Χαζαρίαν
748 786 861 858 (61)
936 782 1224 856 ἐκπέμπει,
1301 779 1528 855 ἔξαρχον
1597 775 1794 854 ἔχοντα
1847 777 1939 834 τὸν

294 876 531 952 Μογγὸν,
591 874 707 930 υἱὸν
770 869 1125 947 Ἀνδρονίκου
1175 868 1368 931 δουκὸς
1424 873 1521 923 106
1572 865 1751 925 Λυδοῦ
1777 886 1791 901 ο
1849 881 1941 935 καὶ

292 968 357 1039 τῇ
406 963 659 1039 συνεργίᾳ
702 959 948 1040 Σιρέγγου
995 964 1092 1015 106
1135 956 1372 1036 ἀδελφοῦ
1427 955 1812 1033 Βλαδιμηροῦ,
1846 959 1943 1011 τοῦ

292 1049 528 1129 ἀδελφοῦ
584 1053 698 1125 (62)
753 1053 850 1105 τοῦ
928 1047 1222 1125 βασιλέως,
1278 1046 1499 1117 ὑπέταξε
1569 1046 1669 1115 τὴν
1727 1045 1939 1120 χώραν,

291 1142 384 1193 τοῦ
437 1135 706 1215 ἄρχοντος
755 1135 922 1205 αὐτῆς
982 1135 1260 1212 Γεωργίου
1314 1138 1412 1189 106
1466 1131 1709 1202 Τζούλου
1765 1136 1816 1187 έν
1873 1134 1941 1205 τῇ

294 1227 485 1300 πρώτῃ
539 1220 830 1300 προσϐολῇ
890 1222 1322 1300 συλληφθέντος.
1383 1227 1465 1296 [Ρ.
1516 1224 1643 1295 711]
1689 1221 1822 1276 Τότε
1852 1220 1941 1275 καὶ

297 1316 655 1391 Σεναχηρεὶμ
684 1316 712 1369 ὁ
758 1322 858 1384 τῆς
907 1311 1017 1368 ἄνω
1061 1312 1278 1383 Μηδίας
1336 1310 1546 1387 ἄρχων,
1578 1311 1648 1380 ἤν
1701 1313 1942 1383 Ἀσπρα-

294 1405 479 1460 κανίαν
537 1404 861 1478 ὀνομάζουσι
941 1404 1203 1478 σήμερον,
1260 1401 1340 1473 τῷ
1426 1397 1642 1476 βασιλεῖ
1696 1396 1941 1473 παγγενεῖ

292 1491 660 1568 προσέδραμε,
744 1493 843 1563 τήν
926 1492 1248 1548 ὑπείκουσαν
1330 1489 1474 1563 αὐτῷ
1546 1485 1946 1566 παραδεδωκὼς

295 1581 501 1638 ἅπασαν
560 1581 773 1658 χώραν,
832 1579 1116 1656 πατρίκιος
1187 1578 1438 1652 τιμηθεὶς
1494 1576 1585 1633 καὶ
1644 1577 1944 1653 στρατηγὸς

295 1667 710 1740 Καππαδοκίας,
777 1670 868 1726 καὶ
951 1671 1169 1740 κτήσεις
1241 1662 1542 1723 ἀντιλαϐὼν
1615 1663 1778 1722 τάσδε
1849 1666 1945 1726 τάς

295 1759 509 1831 πόλεις,
566 1761 668 1829 τήν
726 1753 1067 1829 Σεϐάστειαν,
1120 1758 1220 1827 τήν
1278 1755 1567 1833 Λάρισσαν,
1619 1756 1717 1824 τὴν
1772 1749 1945 1810 Ἀϐα-

295 1867 412 1922 ραν,
461 1848 551 1904 καὶ
607 1845 782 1912 ἄλλας
832 1849 1050 1918 κτήσεις
1126 1842 1361 1907 πολλάς.
1419 1844 1947 1920 Στενοχωρούμενος

2050 688 2260 745 mundi
2288 688 2451 758 6524,
2491 688 2741 746 classem
2790 695 2850 747 in
2898 693 3261 749 Cbatzariam
3309 694 3512 761 mittit,
3543 695 3692 751 duce

2050 777 2261 851 Mongo
2315 780 2631 835 Andronici
2688 781 2836 836 duce
2885 781 3025 854 Lydi
3076 782 3215 837 ﬁlio.
3275 785 3330 838 ls
3378 785 3695 855 adjuvante

2048 867 2326 940 Sphengo
2353 869 2531 924 fratre
2561 868 2891 939 Bladimeri,
2923 872 3050 941 ejus
3076 873 3175 943 qui
3211 873 3407 928 Basilii
3439 875 3697 945 imperat

2049 959 2196 1014 toris
2234 973 2495 1013 sororem
2542 958 2601 1012 in
2654 958 3025 1015 matrimonio
3072 960 3345 1031 habebat,
3398 963 3696 1036 regionem

2051 1062 2180 1103 eam
2212 1045 2464 1118 subegit,
2499 1046 2761 1120 principe
2785 1048 2914 1119 ejus
2941 1049 3186 1121 Georgio
3217 1050 3386 1107 Szulo
3416 1051 3475 1107 in
3508 1052 3697 1124 primo

2050 1135 2324 1190 conﬂictu
2357 1140 2545 1205 capto.
2580 1136 2742 1192 Tunc
2788 1136 2966 1192 etiam
3012 1139 3485 1208 Senaoherimus,
3518 1157 3701 1212 supe-

2051 1223 2226 1278 rioris
2256 1223 2458 1279 Medias
2501 1222 2794 1296 princeps,
2830 1242 3006 1297 quam
3058 1226 3229 1282 hodie
3275 1229 3698 1300 Aspracaniam

2052 1312 2379 1380 nominant,
2426 1328 2559 1367 cum
2611 1313 2886 1369 universa
2933 1331 3040 1370 sua
3088 1315 3308 1371 familia
3361 1316 3699 1389 imperatori

2052 1401 2320 1466 accessit,
2353 1400 2570 1457 tradita
2610 1403 2658 1458 ei
2691 1419 2802 1458 sua
2851 1403 3091 1472 ditione,
3123 1406 3277 1476 quod
3310 1407 3518 1463 vicinis
3543 1413 3700 1479 Aga-

2052 1490 2211 1546 renis
2242 1491 2437 1560 ipsum
2462 1493 2869 1562 prementibus
2899 1495 2969 1548 ad
2996 1494 3393 1551 resistendum
3418 1514 3533 1553 non
3556 1498 3702 1553 satis

2054 1580 2295 1636 haberet
2320 1578 2569 1648 virium;
2594 1587 2802 1651 estque
2840 1582 3026 1637 factus
3076 1582 3359 1654 patric-ius
3385 1588 3443 1639 et
3472 1584 3701 1657 Cappa-

2054 1667 2232 1723 dociae
2256 1667 2392 1735 dux,
2407 1668 2739 1740 recepitque
2768 1686 2887 1725 suae
2919 1670 3157 1727 ditionis
3186 1672 3312 1728 loco
3343 1673 3703 1746 Sebasteam,

2056 1755 2369 1828 Larissam,
2393 1757 2614 1814 Maram
2648 1758 2823 1814 urbes
2843 1757 3076 1831 aliaque
3108 1765 3297 1818 multa
3319 1762 3558 1834 prendia.
3591 1765 3699 1819 As-

2055 1847 2341 1918 pracaniae
2374 1851 2571 1902 autem
2618 1846 2935 1918 imperator
2981 1849 3240 1919 praefecit
3284 1850 3564 1907 Basilium
3596 1869 3703 1923 pa-

294 1938 395 2013 γάρ
453 1934 611 1999 οὗτος
672 1936 775 1991 ὑπὸ
829 1940 934 1991 τῶν
993 1935 1300 2011 προσοίκων
1353 1936 1670 2008 Ἀγαρηνῶν
1724 1933 1846 2028 καὶ-
1868 1934 1944 2005 μή

2073 1934 2291 1990 '.ricium
2321 1937 2647 2006 Argyrum;
2696 1935 2789 1990 cui
2823 1937 2897 1991 ob
2929 1954 3048 1993 rem
3082 1938 3236 1993 male
3276 1945 3501 2011 gestam
3531 1942 3703 1997 abro-

293 2026 405 2088 οἷος
439 2023 512 2080 ὤν
561 2024 807 2081 ἀντέχειν
873 2020 1218 2099 προσέδραμε
1267 2026 1347 2094 τῷ
1407 2022 1641 2096 βασιλεῖ,
1671 2018 1947 2098 παραδοὺς

2073 2028 2260 2096 gntum
2288 2024 2627 2095 imperium,
2660 2028 2716 2079 ct
2746 2041 3055 2082 successor
3086 2028 3309 2084 missus
3339 2028 3702 2102 Nicephorus

291 2116 388 2184 τὴν
451 2115 643 2169 ἐαυτοῦ
696 2114 908 2191 χώραν.
980 2115 1084 2175 Ἦς
1144 2109 1333 2188 ἄρχειν
1401 2110 1728 2174 ἀποσταλεὶς
1783 2110 1944 2168 Βασί-

292 2201 444 2265 λειος
492 2203 777 2279 πατρίκιος
835 2202 863 2256 ό
914 2202 1180 2278 Ἀργυρὸς
1226 2201 1316 2256 καὶ
1353 2206 1471 2264 τοῖς
1521 2201 1674 2262 ὅλοις
1716 2199 1945 2262 πταίσας

294 2291 631 2367 παραλύεται
677 2299 778 2362 τῆς
832 2291 1017 2367 ἀρχῆς
1053 2311 1066 2324 ⁸

2055 2112 2412 2169 Commenus
2457 2114 2990 2186 protospatharius,
3032 2115 3132 2187 qui
3180 2117 3537 2189 provinciam
3584 2135 3705 2190 qua

2054 2200 2249 2257 verbis
2281 2218 2397 2272 qua
2424 2203 2481 2257 vi
2516 2220 2659 2258 usus
2692 2203 3031 2275 imperatori
3063 2205 3332 2276 subjecit.

1148 2292 1239 2346 καὶ
1324 2288 1591 2366 διάδοχος
1675 2290 1840 2345 αὑτοῦ
1928 2289 2200 2362 πέμπεται
2286 2289 2595 2366 Νικηφόρος
2654 2294 3140 2364 πρωτοσπαθάριος
3196 2294 3225 2346 ὁ
3284 2295 3585 2367 Κομνηνὸς,
3644 2295 3703 2358 ὃς

294 2381 432 2436 κατά
463 2382 652 2456 χώραν
680 2382 971 2456 γενόμενος
998 2379 1087 2434 καὶ
1112 2381 1179 2433 τὰ
1212 2381 1305 2452 μὶν
1337 2380 1613 2435 πειθοῖτά
1643 2377 1700 2434 δὲ
1735 2380 1827 2454 βίᾳ
1855 2378 2147 2455 χρώμενος
2168 2378 2408 2448 ὑπήκοον
2435 2383 2512 2449 τῷ
2543 2379 2757 2454 βασιλεῖ
2780 2382 2880 2449 τήν
2908 2382 3095 2455 χώραν
3123 2383 3364 2453 ἐποίησε.

368 2473 466 2543 Τῷ
492 2469 571 2538 δὶ,
600 2467 772 2546 Ιιςφκδ’
803 2466 929 2539 ἔτει,
963 2466 1301 2530 ίνδικτιῶνος
1326 2465 1414 2537 ιδ’,
1446 2468 1652 2544 ἀπάρας
1675 2476 1773 2539 τῆς
1798 2469 1952 2545 βασι-

302 2556 460 2622 λίδος
492 2560 519 2614 ὁ
553 2557 806 2635 βασιλεὺς
838 2559 1046 2614 ἀπεισιν
1081 2555 1157 2620 εἴς
1183 2554 1529 2634 Τριαδίτζαν.
1563 2558 1660 2614 Καὶ
1689 2559 1751 2614 τὸ
1782 2558 1921 2634 φρού

302 2667 421 2723 ριον
472 2649 730 2722 Πέρνικον
780 2647 1132 2721 περικαθίσας
1185 2645 1519 2720 ἐπολιόρκει,
1550 2652 1656 2702 τῶν
1701 2641 1854 2701 ἔνδον
1897 2666 1957 2702 τε

300 2742 579 2813 καρτερῶς
634 2736 723 2792 καὶ
785 2735 1037 2808 ἐκθύμως
1093 2735 1531 2810 ἀγωνιζομένων,
1594 2737 1683 2790 καὶ
1730 2734 1959 2791 πολλῶν

300 2827 593 2899 Ῥωμαίων
640 2825 971 2881 πιπτόντων.
1030 2825 1146 2899 Ἐφ’
1199 2820 1332 2887 ὅλας
1391 2822 1732 2898 ὀγδοήκοντα
1776 2824 1867 2878 καὶ
1909 2839 1963 2895 η’

309 2916 523 2990 ἡμέρας
581 2914 1035 2991 προσλιπαρήσας
1084 2916 1153 2987 τῇ
1202 2911 1522 2989 πολιορκίᾳ,
1555 2914 1627 2975 ὡς
1665 2908 1801 2989 ἔγνω
1833 2910 1961 2969 ἀδυ-

306 3005 496 3069 νάτοις
533 3003 855 3080 ἐπιχειρῶν,
905 3002 1179 3076 ἄπρακτος
1240 3004 1568 3079 ὑπεχώρησε
1622 3003 1711 3058 καὶ
1738 3001 1814 3065 εἱς
1847 3009 1963 3059 Μο-

307 3092 637 3150 ωνοῦπολιν
696 3093 959 3163 ἀπῆλθεν.
1013 3094 1106 3149 ’Eu
1178 3092 1215 3166 ᾖ
1259 3093 1352 3147 τὸν
1408 3090 1538 3147 λαὸν
1599 3089 1963 3154 διαναπαύσας

307 3181 469 3257 ἔαρος
523 3180 840 3245 ἐπιστάντος
896 3179 1027 3257 ἄρας
1104 3180 1166 3239 ἐκ
1221 3180 1691 3244 Μοσυνουπόλεως
1747 3177 1964 3235 εἷ’σεισιν

309 3271 388 3334 εἷς
448 3268 810 3348 Βουλγαρίαν,
852 3271 941 3326 καὶ
988 3270 1337 3346 περικαθίσας
1397 3270 1657 3348 φρούριον
1706 3270 1768 3324 τὸ
1800 3266 1962 3344 λεγό-

310 3325 735 3435 μζνοξλοὲγὶν
780 3325 894 3416 {ut
942 3325 1260 3435 πολίορκία.
1318 3325 1483 3414 Ᾱαὲξδ
1541 3325 1601 3413 'st
1651 3358 1743 3413 τὸν
1777 3325 1963 3433 Ἀρὶα-
1993 3325 2037 3394 C

304 3447 466 3520 νίτην
519 3450 610 3504 καὶ
669 3455 1069 3504 Κωνσναντῖνον
1126 3450 1221 3505 τὸν
1281 3448 1537 3523 Διογένην
1582 3446 1661 3509 εἷς
1703 3447 1800 3508 τὰς
1829 3445 1966 3501 κατά

308 3537 646 3612 Πελαγονίαν
690 3535 949 3600 πεδιάδας
1015 3538 1293 3613 ἐκπέμψας
1370 3538 1522 3607 ζώων
1590 3534 1817 3592 πολλῶν
1874 3534 1964 3590 καὶ

306 3626 691 3703 σίχμαλώτων
751 3626 963 3703 ἐγένετο
1001 3627 1217 3704 κύριος.
1255 3628 1327 3682 Τὸ
1385 3624 1443 3681 δὲ
1472 3624 1676 3704 ληφθὲν
1710 3624 1968 3702 φρούριον

312 3715 606 3793 ἐμπρήσας
637 3717 666 3772 ὁ
712 3715 989 3792 βασιλεὺς,
1034 3716 1124 3772 καὶ
1164 3723 1335 3791 τριχῆ
1401 3714 1527 3777 τοὺς
1558 3714 1789 3776 ἁλόντας
1820 3732 1969 3786 μερισ

312 3806 581 3878 σάμενος,
611 3804 702 3860 καὶ
736 3804 861 3878 μίαν
915 3806 1010 3878 μὶν
1067 3804 1261 3880 μερίδα
1301 3810 1419 3866 τοῖς
1452 3807 1804 3878 συμμαχοῦσι
1833 3822 1969 3876 παρ-

313 3893 578 3969 εσχηκὼς
662 3895 823 3964 Ῥὼς,
903 3894 1083 3971 ἑτέραν
1171 3891 1229 3949 δὲ
1275 3893 1594 3966 Ῥωμαίοις,
1642 3892 1732 3947 καὶ
1789 3889 1969 3963 ἄλλην

305 3981 495 4054 ἐαυτῷ
549 3983 1003 4058 παρακατασχὼν,
1054 3981 1255 4059 ἐχώρει
1299 3982 1652 4057 προσωτέρω.
1713 3980 1812 4037 Καὶ
1873 3981 1967 4053 μὲ-

308 4090 413 4146 χρι
458 4070 753 4146 Καστορίας
798 4069 971 4136 ἐλθὼν
1014 4071 1103 4127 καὶ
1148 4078 1251 4141 τῆς
1306 4069 1521 4133 πόλεως
1563 4069 1967 4145 ἀποπειραθεὶς,

310 4162 391 4222 ὡς
424 4156 625 4234 ᾔσθετο
682 4159 1097 4236 ἀνεπιχείρητον
1156 4159 1324 4229 αὐτὴν
1375 4160 1559 4228 οὖσαν,
1595 4158 1917 4233 ὑπέστρεψεν
1951 4174 1966 4191 ο

312 4248 539 4320 ἐδέξατο
566 4250 668 4325 γὰρ
710 4249 802 4304 καὶ
858 4250 1091 4323 γράμμα
1154 4252 1251 4303 106
1296 4247 1728 4324 στρατηγοῦντος
1785 4245 1839 4301 ἐν
1892 4249 1972 4319 τῷ

311 4336 653 4415 Δοροστύλῳ
680 4338 1008 4408 Τζιτζικίου,
1065 4342 1162 4393 τοῦ
1215 4338 1336 4393 υἱοῦ
1382 4342 1478 4393 τοῦ
1526 4333 1815 4411 πατρικίου
1847 4341 1972 4391 Θευο

314 4427 461 4499 δάτη
520 4431 618 4484 106
676 4422 918 4503 Ἴϐηρος,
978 4427 1052 4489 ὡς
1105 4428 1132 4482 ὁ
1194 4432 1438 4501 Κρακρᾶς
1493 4424 1623 4481 λαὸν
1675 4427 1757 4481 ὅτι
1811 4422 1971 4481 πλεῖ-

310 4540 444 4574 στον
509 4515 766 4592 ἀθροίσας
818 4515 908 4571 καὶ
954 4520 1036 4589 τῷ
1093 4517 1316 4590 Ἰωάννῃ
1376 4516 1613 4583 ένωθεὶς,
1662 4511 1974 4590 προσλαϐό-

312 4628 478 4680 μενοι
528 4603 588 4661 δὶ
632 4606 720 4661 καὶ
768 4606 1125 4675 Πατζινάκας,
1178 4603 1473 4677 μέλλουσιν
1522 4599 1780 4675 εἰσϐολὴν
1838 4604 1973 4660 κατά

2132 2469 2348 2524 Eodem
2372 2486 2546 2540 anno,
2570 2470 2885 2527 indictione
2906 2472 2991 2542 14,
3010 2472 3328 2544 imperator
3350 2475 3491 2530 urbe
3509 2490 3705 2546 egres-

2062 2575 2167 2614 sus
2189 2558 2247 2613 in
2268 2558 2615 2614 Triaditzam
2637 2561 2787 2618 465
2815 2561 3052 2628 venit,et
3073 2561 3375 2618 castellum
3395 2562 3706 2621 Pernicum

2065 2648 2371 2703 obsidione
2401 2649 2659 2703 cinctum
2685 2657 3011 2722 oppugnat.
3046 2651 3176 2705 Dies
3199 2657 3395 2706 autem
3427 2657 3555 2707 octo
3577 2668 3709 2708 cum

2066 2736 2145 2791 ibi
2173 2742 2621 2808 perseverasset,
2644 2739 3028 2809 praesidiariis
3052 2739 3367 2795 fortissime
3393 2741 3715 2797 defenden-

2068 2825 2229 2882 tibus
2268 2824 2593 2898 multisque
2642 2827 2916 2884 Romanis
2959 2829 3329 2900 cadentibus,
3361 2831 3621 2887 sentiens
3651 2846 3716 2888 se

2071 2914 2225 2985 quod
2258 2918 2504 2971 conatus
2534 2920 2659 2970 erat
2686 2917 2969 2988 consequi
3016 2934 3133 2974 non
3186 2934 3379 2990 posse,
3410 2936 3472 2975 re
3499 2919 3717 2976 infecta

2071 3002 2321 3058 discedit
2366 3004 2793 3075 Mosynopolin.
2845 3006 2929 3061 lbi
2986 3007 3185 3077 quiete
3230 3008 3463 3063 refectis
3510 3008 3716 3079 copiis,

2073 3097 2380 3163 appetente
2408 3109 2541 3148 vere
2582 3094 2640 3148 in
2693 3093 3028 3166 Bulgariam
3078 3095 3275 3159 intrat,
3324 3100 3381 3152 et
3411 3096 3715 3153 castellum

2073 3180 2335 3252 Longum
2393 3181 2848 3238 circumsessum
2900 3188 3232 3256 expugnat;
3284 3201 3350 3241 ac
3398 3184 3600 3242 missis
3656 3186 3716 3243 in

2074 3270 2426 3342 campestria
2444 3270 2770 3343 Pelagoniae
2799 3271 3017 3328 Davido
3046 3273 3309 3329 Arianita
3336 3290 3404 3330 ac
3433 3274 3720 3331 Constan-

2073 3360 2198 3415 tino
2232 3360 2481 3432 Diogene
2510 3359 2763 3415 multum
2787 3362 3011 3432 pecoris
3039 3366 3219 3433 atque
3244 3362 3549 3419 hominum
3581 3365 3720 3420 inde

2072 3448 2277 3519 abigit.
2310 3449 2551 3504 lncenso
2582 3448 2822 3505 castello
2853 3449 3109 3520 captivos
3139 3449 3197 3505 in
3231 3456 3351 3507 tres
3376 3457 3571 3520 partes
3602 3451 3719 3506 dis-

2072 3537 2300 3602 tribuit,
2331 3553 2581 3608 quarum
2617 3553 2792 3592 unam
2845 3536 3048 3593 Rossis
3095 3537 3438 3607 auxiliariis,
3472 3538 3716 3595 alteram

2074 3626 2373 3694 Romanis,
2405 3625 2637 3682 tertiam
2665 3626 2779 3682 sibi
2800 3626 3083 3699 assignat.
3107 3630 3460 3699 Progressus
3490 3628 3628 3684 inde
3646 3628 3720 3684 ad

2074 3716 2397 3770 Castoriam
2432 3731 2639 3783 usque,
2671 3732 2806 3769 cum
2828 3732 2955 3771 eam
2988 3716 3192 3771 urbem
3220 3721 3502 3772 tentasset
3532 3734 3599 3772 ac
3632 3718 3723 3771 in-

2075 3803 2523 3877 expugnabilem
2573 3806 2838 3870 sentiret,
2883 3809 3036 3859 retro
3084 3804 3352 3860 abduxit.
3405 3810 3724 3878 Acceperat

2076 3893 2233 3949 enim
2265 3892 2491 3948 litteras
2522 3908 2556 3947 a
2583 3892 2855 3949 Tzitzicio
2880 3892 3169 3949 Dorostoli
3200 3894 3492 3966 praefecto,
3524 3895 3724 3951 Theu-

2077 3982 2224 4038 data:
2243 3981 2393 4038 Iberi
2412 3981 2643 4053 patricii
2667 3980 2808 4049 ﬁlio,
2828 3981 3046 4053 quibus
3065 3982 3437 4039 indicabatur
3451 3983 3723 4040 Cracram

2078 4072 2569 4127 numerosissime
2608 4072 2863 4127 exercitu
2912 4077 3212 4127 contracto
3243 4088 3305 4128 se
3333 4089 3467 4128 cum
3498 4072 3725 4129 Joanne

2079 4161 2479 4231 conjunxisse,
2509 4176 2729 4232 eosque
2772 4160 3013 4215 adscitis
3063 4160 3122 4215 in
3172 4161 3510 4218 societatem
3543 4162 3729 4218 Patzi-

2080 4250 2245 4305 nacis
2266 4248 2323 4303 in
2339 4249 2736 4304 Romanorum
2763 4249 3045 4305 ditionem
3070 4249 3423 4324 irrupturos.
3449 4251 3548 4307 llis
3568 4250 3728 4308 litte-

2080 4339 2163 4395 ris
2194 4339 2571 4411 perturbatus
2602 4337 2755 4394 illico
2786 4339 3075 4395 convertit
3101 4339 3234 4410 iter,
3266 4340 3445 4412 inque
3473 4341 3727 4398 transitu

2080 4429 2416 4500 Bosograda
2431 4427 2739 4483 castellum
2761 4428 2918 4500 capit
2938 4433 3110 4499 atque
3131 4430 3411 4496 incendit,
3438 4431 3725 4486 Berraaam

2082 4519 2306 4586 reficit;
2355 4518 2689 4588 eversisque
2718 4517 2937 4573 circum
2971 4517 3284 4574 Ostrobum
3329 4522 3388 4574 et
3415 4517 3727 4575 Moliscum

2082 4606 2214 4662 sitis
2245 4605 2502 4662 castellis
2552 4605 2843 4674 subsistit,
2875 4610 3114 4679 accepto
3161 4607 3367 4664 nuntio
3416 4610 3636 4664 Cracrm
3673 4612 3733 4665 et

311 4695 610 4769 Ῥωμαίων
662 4696 1019 4765 ποιήσασθαι.
1067 4694 1250 4767 Τούτῳ
1295 4698 1375 4767 τῷ
1420 4695 1703 4770 γράμματι
1742 4688 1947 4770 Θορυϐη

2082 4695 2326 4753 Joannis
2376 4695 2847 4765 impressionem,
2896 4696 3051 4751 466
3104 4712 3282 4767 quam
3314 4695 3501 4751 moliti
3538 4703 3730 4769 erant,

313 4786 434 4848 θεὶς
469 4783 691 4858 ἐπανῄει
750 4781 841 4839 διὰ
889 4784 1126 4859 ταχέων.
1162 4785 1247 4839 Ἑν
1303 4788 1384 4856 τῷ
1435 4785 1682 4857 παριέναι
1734 4780 1792 4839 δὲ
1828 4784 1889 4838 τό
1917 4805 1977 4839 τε

312 4873 588 4952 φρούριον
649 4871 760 4928 εἷλε
802 4873 871 4928 τὰ
924 4870 1239 4949 Βοσόγραδα
1285 4874 1376 4928 καὶ
1425 4872 1705 4950 ἐνέπρησε,
1735 4873 1828 4927 καὶ
1874 4874 1974 4942 τὴν

316 4961 592 5039 Βέρῥοιαν
652 4960 951 5030 ἐπικτίσας,
1019 4960 1232 5036 δῃώσας
1290 4959 1348 5017 δὶ
1429 4964 1517 5019 καὶ
1577 4963 1975 5039 κατερειπώσας

310 5052 388 5107 τὰ
438 5049 596 5123 πέριξ
646 5045 947 5125 Ὀστροϐοῦ
1004 5052 1093 5108 καὶ
1152 5048 1457 5121 Μολισκοῦ,
1515 5049 1642 5123 ἔστη
1695 5056 1791 5108 106
1848 5072 1979 5126 προ-

314 5140 552 5215 σωτέρω
606 5137 742 5194 ἴέναι
776 5159 790 5173 ·
848 5137 1134 5216 ἀπηγγέλη
1190 5141 1295 5216 γὰρ
1354 5140 1501 5213 αὐτῷ
1543 5141 1619 5203 ὡς
1660 5143 1695 5211 ἡ
1733 5138 1980 5214 μελετω·

318 5230 469 5303 μένη
529 5231 608 5300 τῷ
652 5232 868 5305 Κραγρᾷ
938 5228 1029 5286 καὶ
1094 5233 1176 5303 τῷ
1230 5228 1451 5306 Ἰωάννῃ
1505 5230 1642 5285 κατά
1690 5230 1977 5305 Ῥωμαίων

2084 4785 2429 4856 impeditam
2459 4801 2610 4849 esse,
2643 4784 2970 4839 Patzinacis
3016 4801 3117 4839 eos
3164 4783 3380 4839 auxilio
3410 4783 3730 4842 frustratis.

2089 4875 2150 4929 In
2178 4873 2371 4928 reditu
2398 4872 2705 4929 castellum
2737 4877 3031 4945 expugnat
3066 4872 3377 4940 Satanam,
3409 4873 3510 4929 ubi
3540 4890 3732 4932 arcem

2088 4962 2400 5019 Samuelus
2430 4961 2685 5018 habebat
2714 4978 2781 5018 ac
2802 4961 3125 5034 plurimum
3150 4961 3427 5018 frumenti
3457 4979 3734 5036 reposue-

2088 5056 2179 5108 rat
2229 5068 2242 5107 :
2303 5053 2663 5108 frumentum
2717 5050 2931 5106 milites
2981 5050 3237 5123 diripere
3272 5052 3465 5123 Juhet,
3524 5057 3738 5112 caetera

2088 5142 2287 5200 omnia
2317 5146 2559 5197 cremat.
2611 5140 2947 5197 Secundum
2991 5139 3113 5195 haec
3143 5140 3426 5197 adversus
3453 5143 3737 5201 Joannem

2088 5249 2204 5289 non
2225 5230 2476 5304 procula
2492 5247 2555 5287 se
2571 5229 2847 5286 dissitum
2878 5227 3096 5285 emittit
3116 5229 3383 5288 cohortes
3403 5231 3737 5291 scholarum

1528 5366 1897 5425 XYLANDRI
1937 5370 2027 5427 ET
2066 5366 2285 5427 GOARI
2322 5365 2561 5422 NOT/E.

394 5470 523 5614 261)
552 5469 766 5529 Versus
793 5470 1010 5530 Alanos
1039 5476 1098 5530 et
1123 5472 1346 5529 Tanain
1387 5472 1585 5530 sitam.
1620 5474 1800 5531 GOAR.

416 5543 521 5614 62)
549 5542 690 5614 Vox,
722 5539 961 5614 ἀδελφοῦ
999 5545 1148 5603 mire
1175 5546 1453 5602 obscurat
1495 5544 1713 5603 locum.
1757 5548 1799 5603 E

416 5539 690 5625 {52).Vox,
722 5539 961 5625 ἀδελφοῦ
999 5545 1148 5625 mire
1175 5546 1456 5625 obscurat
1495 5544 1713 5625 locum.
1757 5548 1877 5625 Ego
1907 5548 1981 5625 ad

312 5610 648 5675 historiam
674 5610 1017 5691 respiciens
1059 5615 1251 5677 lucem
1299 5617 1565 5677 adhibui.
1598 5610 1886 5695 Loquitur
1911 5621 1985 5682 de

2088 5473 2428 5556 Bladimero‘
2442 5470 2698 5556 gos'sico
2706 5468 2996 5556 principe,
3024 5470 3153 5556 qui,
3183 5474 3251 5529 ut
3297 5470 3615 5549 Cedrenus}
3639 5490 3743 5532 an.

2089 5544 2506 5679 Εἱιὶρρέεὲξῗ,
2544 5542 2747 5604 Basilii
2793 5542 3164 5618 imperatoris
3208 5560 3471 5603 sororem
3501 5542 3742 5605 uxorem
