  <div class='ocr_page' id='page_1' title='image "/cluster/home/n/w/nwhite01/storage/ocr_20150623/122 pt.2/mdp.39015037401315/107.png"; bbox 0 0 3968 6140; ppageno 0'>
   <div class='ocr_carea' id='block_1_1' title="bbox 252 329 370 389">
    <p class='ocr_par' dir='ltr' id='par_1_1' title="bbox 252 329 370 389">
     <span class='ocr_line' id='line_1_1' title="bbox 252 329 370 389; baseline 0 -1"><span class='ocrx_word' id='word_1_1' title='bbox 252 329 370 389; x_wconf 79' lang='grc'>199</span> 
     </span>
    </p>
   </div>
   <div class='ocr_carea' id='block_1_2' title="bbox 1602 320 2308 386">
    <p class='ocr_par' dir='ltr' id='par_1_2' title="bbox 1602 320 2308 386">
     <span class='ocr_line' id='line_1_2' title="bbox 1602 320 2308 386; baseline 0.006 -4"><span class='ocrx_word' id='word_1_2' title='bbox 1602 320 1922 385; x_wconf 74' lang='lat' dir='ltr'><strong>GEORGII</strong></span> <span class='ocrx_word' id='word_1_3' title='bbox 1965 323 2308 386; x_wconf 79' lang='lat' dir='ltr'><strong>CEDRENI</strong></span> 
     </span>
    </p>
   </div>
   <div class='ocr_carea' id='block_1_3' title="bbox 3543 328 3667 390">
    <p class='ocr_par' dir='ltr' id='par_1_3' title="bbox 3543 328 3667 390">
     <span class='ocr_line' id='line_1_3' title="bbox 3543 328 3667 390; baseline 0 0"><span class='ocrx_word' id='word_1_4' title='bbox 3543 328 3667 390; x_wconf 77' lang='lat'><strong>200</strong></span> 
     </span>
    </p>
   </div>
   <div class='ocr_carea' id='block_1_4' title="bbox 246 453 1813 535">
    <p class='ocr_par' dir='ltr' id='par_1_4' title="bbox 246 457 1813 518">
     <span class='ocr_line' id='line_1_4' title="bbox 246 457 1813 518; baseline -0.004 0"><span class='ocrx_word' id='word_1_5' title='bbox 246 459 695 518; x_wconf 72' lang='lat' dir='ltr'><strong>occidentalium</strong></span> <span class='ocrx_word' id='word_1_6' title='bbox 721 463 779 516; x_wconf 90' lang='lat' dir='ltr'><strong>et</strong></span> <span class='ocrx_word' id='word_1_7' title='bbox 806 457 1417 514; x_wconf 87' lang='lat' dir='ltr'><strong>Thessalonicensium</strong></span> <span class='ocrx_word' id='word_1_8' title='bbox 1445 457 1592 512; x_wconf 87' lang='lat' dir='ltr'><strong>duce</strong></span> <span class='ocrx_word' id='word_1_9' title='bbox 1620 458 1813 514; x_wconf 64' lang='lat' dir='ltr'><strong>Const:</strong></span> 
     </span>
    </p>
   </div>
   <div class='ocr_carea' id='block_1_5' title="bbox 2098 453 3665 535">
    <p class='ocr_par' dir='ltr' id='par_1_5' title="bbox 2098 453 3665 535">
     <span class='ocr_line' id='line_1_5' title="bbox 2098 453 3665 535; baseline 0.003 -23"><span class='ocrx_word' id='word_1_10' title='bbox 2098 453 2211 520; x_wconf 84' lang='grc' dir='ltr'>&gt;δος</span> <span class='ocrx_word' id='word_1_11' title='bbox 2234 457 2579 531; x_wconf 75' lang='grc' dir='ltr'>ἐνεποδίσθη,</span> <span class='ocrx_word' id='word_1_12' title='bbox 2609 459 2719 515; x_wconf 86' lang='grc' dir='ltr'><strong>τῶν</strong></span> <span class='ocrx_word' id='word_1_13' title='bbox 2763 461 3111 529; x_wconf 85' lang='grc' dir='ltr'>Πατζινάκων</span> <span class='ocrx_word' id='word_1_14' title='bbox 3167 462 3244 534; x_wconf 83' lang='grc' dir='ltr'>μὴ</span> <span class='ocrx_word' id='word_1_15' title='bbox 3282 459 3483 518; x_wconf 83' lang='grc' dir='ltr'>δόντων</span> <span class='ocrx_word' id='word_1_16' title='bbox 3520 483 3665 535; x_wconf 84' lang='grc' dir='ltr'>συμ-</span> 
     </span>
    </p>
   </div>
   <div class='ocr_carea' id='block_1_6' title="bbox 245 545 1812 628">
    <p class='ocr_par' dir='ltr' id='par_1_6' title="bbox 245 546 1809 623">
     <span class='ocr_line' id='line_1_6' title="bbox 245 546 1809 623; baseline -0.003 -16"><span class='ocrx_word' id='word_1_17' title='bbox 245 552 369 607; x_wconf 91' lang='lat' dir='ltr'><strong>tino</strong></span> <span class='ocrx_word' id='word_1_18' title='bbox 418 550 693 623; x_wconf 81' lang='lat' dir='ltr'><strong>Diogene.</strong></span> <span class='ocrx_word' id='word_1_19' title='bbox 728 549 804 604; x_wconf 88' lang='lat' dir='ltr'><strong>Iis</strong></span> <span class='ocrx_word' id='word_1_20' title='bbox 832 549 1109 621; x_wconf 82' lang='lat' dir='ltr'><strong>profectis</strong></span> <span class='ocrx_word' id='word_1_21' title='bbox 1157 546 1406 603; x_wconf 82' lang='lat' dir='ltr'><strong>insidias</strong></span> <span class='ocrx_word' id='word_1_22' title='bbox 1456 564 1585 602; x_wconf 87' lang='lat' dir='ltr'><strong>cum</strong></span> <span class='ocrx_word' id='word_1_23' title='bbox 1637 550 1809 603; x_wconf 85' lang='lat' dir='ltr'><strong>tende</strong></span> 
     </span>
    </p>
   </div>
   <div class='ocr_carea' id='block_1_7' title="bbox 2099 545 3666 628">
    <p class='ocr_par' dir='ltr' id='par_1_7' title="bbox 2099 545 3666 628">
     <span class='ocr_line' id='line_1_7' title="bbox 2099 545 3666 628; baseline 0.003 -29"><span class='ocrx_word' id='word_1_24' title='bbox 2099 545 2216 622; x_wconf 81' lang='grc' dir='ltr'>χίαν</span> <span class='ocrx_word' id='word_1_25' title='bbox 2249 547 2452 613; x_wconf 84' lang='grc' dir='ltr'>αὐτοῖς.</span> <span class='ocrx_word' id='word_1_26' title='bbox 2502 550 2593 603; x_wconf 85' lang='grc' dir='ltr'><strong>Διὸ</strong></span> <span class='ocrx_word' id='word_1_27' title='bbox 2641 549 2732 603; x_wconf 85' lang='grc' dir='ltr'><strong>καὶ</strong></span> <span class='ocrx_word' id='word_1_28' title='bbox 2784 551 3122 623; x_wconf 71' lang='grc' dir='ltr'>ὑποπρέψας</span> <span class='ocrx_word' id='word_1_29' title='bbox 3175 551 3467 625; x_wconf 73' lang='grc' dir='ltr'><strong>πολιορκεῖ</strong></span> <span class='ocrx_word' id='word_1_30' title='bbox 3495 550 3666 628; x_wconf 77' lang='grc' dir='ltr'>φρού-</span> 
     </span>
    </p>
   </div>
   <div class='ocr_carea' id='block_1_8' title="bbox 243 635 1894 711">
    <p class='ocr_par' dir='ltr' id='par_1_8' title="bbox 243 635 1894 711">
     <span class='ocr_line' id='line_1_8' title="bbox 243 635 1894 711; baseline -0.003 -14"><span class='ocrx_word' id='word_1_31' title='bbox 243 642 521 708; x_wconf 77' lang='lat' dir='ltr'><strong>Joannes,</strong></span> <span class='ocrx_word' id='word_1_32' title='bbox 535 639 856 711; x_wconf 79' lang='lat' dir='ltr'><strong>imperator</strong></span> <span class='ocrx_word' id='word_1_33' title='bbox 870 638 943 693; x_wconf 87' lang='lat' dir='ltr'><strong>de</strong></span> <span class='ocrx_word' id='word_1_34' title='bbox 962 653 1205 693; x_wconf 88' lang='lat' dir='ltr'><strong>suorum</strong></span> <span class='ocrx_word' id='word_1_35' title='bbox 1224 635 1514 692; x_wconf 87' lang='lat' dir='ltr'><strong>sollicitus</strong></span> <span class='ocrx_word' id='word_1_36' title='bbox 1531 636 1894 707; x_wconf 87' lang='lat' dir='ltr'><strong>salute,equo</strong></span> 
     </span>
    </p>
   </div>
   <div class='ocr_carea' id='block_1_9' title="bbox 244 724 1895 800">
    <p class='ocr_par' dir='ltr' id='par_1_9' title="bbox 244 724 1895 800">
     <span class='ocr_line' id='line_1_9' title="bbox 244 724 1895 800; baseline -0.003 -14"><span class='ocrx_word' id='word_1_37' title='bbox 244 736 383 786; x_wconf 89' lang='lat' dir='ltr'><strong>ante</strong></span> <span class='ocrx_word' id='word_1_38' title='bbox 412 745 551 786; x_wconf 91' lang='lat' dir='ltr'><strong>suos</strong></span> <span class='ocrx_word' id='word_1_39' title='bbox 585 728 882 800; x_wconf 89' lang='lat' dir='ltr'><strong>profectus</strong></span> <span class='ocrx_word' id='word_1_40' title='bbox 927 726 1107 797; x_wconf 81' lang='lat' dir='ltr'><strong>idque</strong></span> <span class='ocrx_word' id='word_1_41' title='bbox 1156 742 1339 781; x_wconf 90' lang='lat' dir='ltr'><strong>unum</strong></span> <span class='ocrx_word' id='word_1_42' title='bbox 1371 728 1528 781; x_wconf 87' lang='lat' dir='ltr'><strong>fatus</strong></span> <span class='ocrx_word' id='word_1_43' title='bbox 1562 741 1574 780; x_wconf 93' lang='lat'>:</span> <span class='ocrx_word' id='word_1_44' title='bbox 1617 747 1644 778; x_wconf 76' lang='grc' dir='ltr'>ι</span> <span class='ocrx_word' id='word_1_45' title='bbox 1671 724 1729 781; x_wconf 84' lang='lat' dir='ltr'><strong>Si</strong></span> <span class='ocrx_word' id='word_1_46' title='bbox 1760 725 1895 796; x_wconf 86' lang='lat' dir='ltr'><strong>quis</strong></span> 
     </span>
    </p>
   </div>
   <div class='ocr_carea' id='block_1_10' title="bbox 240 815 1896 886">
    <p class='ocr_par' dir='ltr' id='par_1_10' title="bbox 240 815 1896 886">
     <span class='ocr_line' id='line_1_10' title="bbox 240 815 1896 886; baseline -0.002 -11"><span class='ocrx_word' id='word_1_47' title='bbox 240 819 492 875; x_wconf 80' lang='lat' dir='ltr'><strong>bellator</strong></span> <span class='ocrx_word' id='word_1_48' title='bbox 521 823 631 881; x_wconf 89' lang='lat' dir='ltr'><strong>est,</strong></span> <span class='ocrx_word' id='word_1_49' title='bbox 665 832 758 871; x_wconf 92' lang='lat' dir='ltr'><strong>me</strong></span> <span class='ocrx_word' id='word_1_50' title='bbox 785 822 1085 886; x_wconf 87' lang='lat' dir='ltr'><strong>sequatur,</strong></span> <span class='ocrx_word' id='word_1_51' title='bbox 1112 835 1141 864; x_wconf 84' lang='lat'><strong><em>»</em></strong></span> <span class='ocrx_word' id='word_1_52' title='bbox 1172 832 1405 870; x_wconf 84' lang='lat' dir='ltr'><strong>cursum</strong></span> <span class='ocrx_word' id='word_1_53' title='bbox 1438 815 1757 870; x_wconf 79' lang='lat' dir='ltr'><strong>contendit.</strong></span> <span class='ocrx_word' id='word_1_54' title='bbox 1779 819 1896 871; x_wconf 84' lang='lat' dir='ltr'><strong>Hoc</strong></span> 
     </span>
    </p>
   </div>
   <div class='ocr_carea' id='block_1_11' title="bbox 250 904 1895 979">
    <p class='ocr_par' dir='ltr' id='par_1_11' title="bbox 250 904 1895 979">
     <span class='ocr_line' id='line_1_11' title="bbox 250 904 1895 979; baseline -0.003 -14"><span class='ocrx_word' id='word_1_55' title='bbox 250 912 664 979; x_wconf 86' lang='lat' dir='ltr'><strong>utcomperere</strong></span> <span class='ocrx_word' id='word_1_56' title='bbox 679 905 922 961; x_wconf 84' lang='lat' dir='ltr'><strong>Joannis</strong></span> <span class='ocrx_word' id='word_1_57' title='bbox 938 904 1353 976; x_wconf 87' lang='lat' dir='ltr'><strong>exploratores,</strong></span> <span class='ocrx_word' id='word_1_58' title='bbox 1375 904 1561 958; x_wconf 85' lang='lat' dir='ltr'><strong>territi</strong></span> <span class='ocrx_word' id='word_1_59' title='bbox 1587 905 1643 958; x_wconf 90' lang='lat' dir='ltr'><strong>in</strong></span> <span class='ocrx_word' id='word_1_60' title='bbox 1670 919 1770 959; x_wconf 87' lang='lat' dir='ltr'><strong>sua</strong></span> <span class='ocrx_word' id='word_1_61' title='bbox 1796 920 1895 960; x_wconf 89' lang='lat' dir='ltr'><strong>ca-</strong></span> 
     </span>
    </p>
   </div>
   <div class='ocr_carea' id='block_1_12' title="bbox 246 992 1893 1064">
    <p class='ocr_par' dir='ltr' id='par_1_12' title="bbox 246 992 1893 1064">
     <span class='ocr_line' id='line_1_12' title="bbox 246 992 1893 1064; baseline -0.003 -10"><span class='ocrx_word' id='word_1_62' title='bbox 246 1002 370 1054; x_wconf 86' lang='lat' dir='ltr'><strong>stra</strong></span> <span class='ocrx_word' id='word_1_63' title='bbox 399 996 718 1063; x_wconf 90' lang='lat' dir='ltr'><strong>redierunt,</strong></span> <span class='ocrx_word' id='word_1_64' title='bbox 752 992 900 1049; x_wconf 87' lang='lat' dir='ltr'><strong>nihil</strong></span> <span class='ocrx_word' id='word_1_65' title='bbox 932 992 1090 1048; x_wconf 83' lang='lat' dir='ltr'><strong>aliud</strong></span> <span class='ocrx_word' id='word_1_66' title='bbox 1121 993 1505 1049; x_wconf 83' lang='lat' dir='ltr'><strong>vociferantes</strong></span> <span class='ocrx_word' id='word_1_67' title='bbox 1536 1009 1709 1064; x_wconf 89' lang='lat' dir='ltr'><strong>quam</strong></span> <span class='ocrx_word' id='word_1_68' title='bbox 1739 1014 1765 1043; x_wconf 88' lang='lat'><strong>«</strong></span> <span class='ocrx_word' id='word_1_69' title='bbox 1788 994 1893 1049; x_wconf 89' lang='lat' dir='ltr'><strong>Be-</strong></span> 
     </span>
    </p>
   </div>
   <div class='ocr_carea' id='block_1_13' title="bbox 248 1084 1894 1159">
    <p class='ocr_par' dir='ltr' id='par_1_13' title="bbox 248 1084 1894 1159">
     <span class='ocr_line' id='line_1_13' title="bbox 248 1084 1894 1159; baseline -0.004 -15"><span class='ocrx_word' id='word_1_70' title='bbox 248 1089 412 1159; x_wconf 80' lang='lat' dir='ltr'><strong>zeite,</strong></span> <span class='ocrx_word' id='word_1_71' title='bbox 441 1088 687 1142; x_wconf 74' lang='lat' dir='ltr'><strong>Tsaasar.</strong></span> <span class='ocrx_word' id='word_1_72' title='bbox 716 1104 742 1136; x_wconf 64' lang='grc' dir='ltr'><strong>ν</strong></span> <span class='ocrx_word' id='word_1_73' title='bbox 775 1084 1064 1140; x_wconf 87' lang='lat' dir='ltr'><strong>Omnibus</strong></span> <span class='ocrx_word' id='word_1_74' title='bbox 1088 1100 1223 1139; x_wconf 91' lang='lat' dir='ltr'><strong>cum</strong></span> <span class='ocrx_word' id='word_1_75' title='bbox 1257 1084 1385 1155; x_wconf 92' lang='lat' dir='ltr'><strong>ipso</strong></span> <span class='ocrx_word' id='word_1_76' title='bbox 1411 1084 1637 1139; x_wconf 86' lang='lat' dir='ltr'><strong>Joanne</strong></span> <span class='ocrx_word' id='word_1_77' title='bbox 1670 1084 1894 1139; x_wconf 87' lang='lat' dir='ltr'><strong>incom-</strong></span> 
     </span>
    </p>
   </div>
   <div class='ocr_carea' id='block_1_14' title="bbox 249 1172 1895 1250">
    <p class='ocr_par' dir='ltr' id='par_1_14' title="bbox 249 1172 1895 1250">
     <span class='ocr_line' id='line_1_14' title="bbox 249 1172 1895 1250; baseline -0.002 -18"><span class='ocrx_word' id='word_1_78' title='bbox 249 1177 435 1250; x_wconf 89' lang='lat' dir='ltr'><strong>posite</strong></span> <span class='ocrx_word' id='word_1_79' title='bbox 467 1175 848 1246; x_wconf 78' lang='lat' dir='ltr'><strong>fugientibus,</strong></span> <span class='ocrx_word' id='word_1_80' title='bbox 894 1173 1179 1244; x_wconf 85' lang='lat' dir='ltr'><strong>Diogenes</strong></span> <span class='ocrx_word' id='word_1_81' title='bbox 1210 1188 1344 1227; x_wconf 90' lang='lat' dir='ltr'><strong>cum</strong></span> <span class='ocrx_word' id='word_1_82' title='bbox 1377 1172 1522 1237; x_wconf 89' lang='lat' dir='ltr'><strong>suis,</strong></span> <span class='ocrx_word' id='word_1_83' title='bbox 1558 1173 1774 1228; x_wconf 88' lang='lat' dir='ltr'><strong>animis</strong></span> <span class='ocrx_word' id='word_1_84' title='bbox 1805 1189 1895 1228; x_wconf 92' lang='lat' dir='ltr'><strong>re-</strong></span> 
     </span>
    </p>
   </div>
   <div class='ocr_carea' id='block_1_15' title="bbox 248 1262 1892 1339">
    <p class='ocr_par' dir='ltr' id='par_1_15' title="bbox 248 1262 1892 1339">
     <span class='ocr_line' id='line_1_15' title="bbox 248 1262 1892 1339; baseline -0.004 -18"><span class='ocrx_word' id='word_1_85' title='bbox 248 1265 454 1339; x_wconf 90' lang='lat' dir='ltr'><strong>ceptis,</strong></span> <span class='ocrx_word' id='word_1_86' title='bbox 512 1279 610 1320; x_wconf 88' lang='lat' dir='ltr'><strong>eos</strong></span> <span class='ocrx_word' id='word_1_87' title='bbox 667 1262 918 1319; x_wconf 86' lang='lat' dir='ltr'><strong>insecuti</strong></span> <span class='ocrx_word' id='word_1_88' title='bbox 974 1277 1249 1333; x_wconf 87' lang='lat' dir='ltr'><strong>magnam</strong></span> <span class='ocrx_word' id='word_1_89' title='bbox 1309 1262 1524 1316; x_wconf 80' lang='lat' dir='ltr'><strong>caedem</strong></span> <span class='ocrx_word' id='word_1_90' title='bbox 1584 1264 1892 1332; x_wconf 89' lang='lat' dir='ltr'><strong>peragunt,</strong></span> 
     </span>
    </p>
   </div>
   <div class='ocr_carea' id='block_1_16' title="bbox 246 1350 1893 1427">
    <p class='ocr_par' dir='ltr' id='par_1_16' title="bbox 246 1350 1893 1427">
     <span class='ocr_line' id='line_1_16' title="bbox 246 1350 1893 1427; baseline -0.004 -16"><span class='ocrx_word' id='word_1_91' title='bbox 246 1356 488 1427; x_wconf 88' lang='lat' dir='ltr'><strong>capiunt</strong></span> <span class='ocrx_word' id='word_1_92' title='bbox 536 1354 822 1409; x_wconf 83' lang='lat' dir='ltr'><strong>ducentos</strong></span> <span class='ocrx_word' id='word_1_93' title='bbox 871 1350 1065 1423; x_wconf 82' lang='lat' dir='ltr'><strong>gravis</strong></span> <span class='ocrx_word' id='word_1_94' title='bbox 1113 1355 1445 1417; x_wconf 68' lang='lat' dir='ltr'><strong>armaturae,</strong></span> <span class='ocrx_word' id='word_1_95' title='bbox 1494 1354 1549 1406; x_wconf 91' lang='lat' dir='ltr'><strong>et</strong></span> <span class='ocrx_word' id='word_1_96' title='bbox 1594 1366 1777 1421; x_wconf 91' lang='lat' dir='ltr'><strong>equos</strong></span> <span class='ocrx_word' id='word_1_97' title='bbox 1827 1364 1893 1404; x_wconf 90' lang='lat' dir='ltr'><strong>ac</strong></span> 
     </span>
    </p>
   </div>
   <div class='ocr_carea' id='block_1_17' title="bbox 245 1438 1896 1516">
    <p class='ocr_par' dir='ltr' id='par_1_17' title="bbox 245 1438 1896 1516">
     <span class='ocr_line' id='line_1_17' title="bbox 245 1438 1896 1516; baseline -0.005 -15"><span class='ocrx_word' id='word_1_98' title='bbox 245 1442 667 1516; x_wconf 88' lang='lat' dir='ltr'><strong>supellectilem</strong></span> <span class='ocrx_word' id='word_1_99' title='bbox 697 1441 942 1497; x_wconf 82' lang='lat' dir='ltr'><strong>Joannis</strong></span> <span class='ocrx_word' id='word_1_100' title='bbox 965 1446 1024 1496; x_wconf 85' lang='lat' dir='ltr'><strong>et</strong></span> <span class='ocrx_word' id='word_1_101' title='bbox 1052 1440 1182 1510; x_wconf 88' lang='lat' dir='ltr'><strong>ejus</strong></span> <span class='ocrx_word' id='word_1_102' title='bbox 1204 1438 1549 1511; x_wconf 86' lang='lat' dir='ltr'><strong>patruelem.</strong></span> <span class='ocrx_word' id='word_1_103' title='bbox 1574 1440 1896 1510; x_wconf 85' lang='lat' dir='ltr'><strong>Imperator</strong></span> 
     </span>
    </p>
   </div>
   <div class='ocr_carea' id='block_1_18' title="bbox 244 1528 1893 1603">
    <p class='ocr_par' dir='ltr' id='par_1_18' title="bbox 244 1528 1893 1603">
     <span class='ocr_line' id='line_1_18' title="bbox 244 1528 1893 1603; baseline -0.003 -14"><span class='ocrx_word' id='word_1_104' title='bbox 244 1534 339 1589; x_wconf 89' lang='lat' dir='ltr'><strong>his</strong></span> <span class='ocrx_word' id='word_1_105' title='bbox 370 1534 547 1588; x_wconf 86' lang='lat' dir='ltr'><strong>rebus</strong></span> <span class='ocrx_word' id='word_1_106' title='bbox 577 1531 761 1603; x_wconf 85' lang='lat' dir='ltr'><strong>gestis</strong></span> <span class='ocrx_word' id='word_1_107' title='bbox 791 1530 861 1584; x_wconf 88' lang='lat' dir='ltr'><strong>ad</strong></span> <span class='ocrx_word' id='word_1_108' title='bbox 892 1530 1121 1584; x_wconf 86' lang='lat' dir='ltr'><strong>Bodena</strong></span> <span class='ocrx_word' id='word_1_109' title='bbox 1151 1528 1319 1593; x_wconf 89' lang='lat' dir='ltr'><strong>redit,</strong></span> <span class='ocrx_word' id='word_1_110' title='bbox 1344 1528 1597 1600; x_wconf 89' lang='lat' dir='ltr'><strong>indeque</strong></span> <span class='ocrx_word' id='word_1_111' title='bbox 1617 1529 1893 1584; x_wconf 84' lang='lat' dir='ltr'><strong>omnibus</strong></span> 
     </span>
    </p>
   </div>
   <div class='ocr_carea' id='block_1_19' title="bbox 244 1616 1891 1692">
    <p class='ocr_par' dir='ltr' id='par_1_19' title="bbox 244 1616 1891 1692">
     <span class='ocr_line' id='line_1_19' title="bbox 244 1616 1891 1692; baseline -0.004 -15"><span class='ocrx_word' id='word_1_112' title='bbox 244 1619 580 1677; x_wconf 88' lang='lat' dir='ltr'><strong>constitutis</strong></span> <span class='ocrx_word' id='word_1_113' title='bbox 611 1618 975 1692; x_wconf 84' lang='lat' dir='ltr'><strong>Byzantium,</strong></span> <span class='ocrx_word' id='word_1_114' title='bbox 1025 1618 1118 1672; x_wconf 91' lang='lat' dir='ltr'><strong>die</strong></span> <span class='ocrx_word' id='word_1_115' title='bbox 1151 1633 1305 1673; x_wconf 91' lang='lat' dir='ltr'><strong>nono</strong></span> <span class='ocrx_word' id='word_1_116' title='bbox 1355 1617 1578 1673; x_wconf 88' lang='lat' dir='ltr'><strong>mensis</strong></span> <span class='ocrx_word' id='word_1_117' title='bbox 1604 1616 1891 1686; x_wconf 87' lang='lat' dir='ltr'><strong>Januarii,</strong></span> 
     </span>
    </p>
   </div>
   <div class='ocr_carea' id='block_1_20' title="bbox 243 1706 1697 1779">
    <p class='ocr_par' dir='ltr' id='par_1_20' title="bbox 243 1706 1697 1779">
     <span class='ocr_line' id='line_1_20' title="bbox 243 1706 1697 1779; baseline -0.004 -12"><span class='ocrx_word' id='word_1_118' title='bbox 243 1710 564 1767; x_wconf 88' lang='lat' dir='ltr'><strong>indictione</strong></span> <span class='ocrx_word' id='word_1_119' title='bbox 595 1708 822 1764; x_wconf 84' lang='lat' dir='ltr'><strong>decima</strong></span> <span class='ocrx_word' id='word_1_120' title='bbox 853 1706 1080 1779; x_wconf 90' lang='lat' dir='ltr'><strong>quinta,</strong></span> <span class='ocrx_word' id='word_1_121' title='bbox 1113 1723 1267 1764; x_wconf 87' lang='lat' dir='ltr'><strong>anno</strong></span> <span class='ocrx_word' id='word_1_122' title='bbox 1300 1707 1506 1763; x_wconf 89' lang='lat' dir='ltr'><strong>mundi</strong></span> <span class='ocrx_word' id='word_1_123' title='bbox 1535 1708 1697 1762; x_wconf 84' lang='lat'><strong>6526.</strong></span> 
     </span>
    </p>
   </div>
   <div class='ocr_carea' id='block_1_21' title="bbox 2009 632 3664 714">
    <p class='ocr_par' dir='ltr' id='par_1_21' title="bbox 2009 632 3664 714">
     <span class='ocr_line' id='line_1_21' title="bbox 2009 632 3664 714; baseline 0.004 -26"><span class='ocrx_word' id='word_1_124' title='bbox 2009 654 2123 710; x_wconf 91' lang='grc' dir='ltr'>ριον</span> <span class='ocrx_word' id='word_1_125' title='bbox 2157 632 2298 691; x_wconf 71' lang='grc' dir='ltr'>ἄλλο</span> <span class='ocrx_word' id='word_1_126' title='bbox 2336 638 2438 706; x_wconf 81' lang='grc' dir='ltr'><strong>τὴν</strong></span> <span class='ocrx_word' id='word_1_127' title='bbox 2488 637 2764 711; x_wconf 79' lang='grc' dir='ltr'><strong>Σὲταιναν⁹</strong></span> <span class='ocrx_word' id='word_1_128' title='bbox 2807 635 2869 692; x_wconf 81' lang='grc' dir='ltr'><strong>ἐᾶ</strong></span> <span class='ocrx_word' id='word_1_129' title='bbox 2907 637 2943 712; x_wconf 76' lang='grc' dir='ltr'>ᾖ</span> <span class='ocrx_word' id='word_1_130' title='bbox 2990 637 3237 714; x_wconf 85' lang='grc' dir='ltr'>βασίλεια</span> <span class='ocrx_word' id='word_1_131' title='bbox 3280 638 3413 713; x_wconf 73' lang='grc' dir='ltr'>ᾖσαν</span> <span class='ocrx_word' id='word_1_132' title='bbox 3432 644 3529 694; x_wconf 89' lang='grc' dir='ltr'><strong>τοῦ</strong></span> <span class='ocrx_word' id='word_1_133' title='bbox 3559 646 3664 694; x_wconf 81' lang='grc' dir='ltr'>Σα·</span> 
     </span>
    </p>
   </div>
   <div class='ocr_carea' id='block_1_22' title="bbox 2008 723 3665 804">
    <p class='ocr_par' dir='ltr' id='par_1_22' title="bbox 2008 723 3665 804">
     <span class='ocr_line' id='line_1_22' title="bbox 2008 723 3665 804; baseline 0.003 -26"><span class='ocrx_word' id='word_1_134' title='bbox 2008 723 2191 795; x_wconf 85' lang='grc' dir='ltr'>μουήλ</span> <span class='ocrx_word' id='word_1_135' title='bbox 2214 725 2303 780; x_wconf 88' lang='grc' dir='ltr'><strong>καὶ</strong></span> <span class='ocrx_word' id='word_1_136' title='bbox 2350 732 2499 790; x_wconf 89' lang='grc' dir='ltr'>σῖτος</span> <span class='ocrx_word' id='word_1_137' title='bbox 2558 725 2807 782; x_wconf 70' lang='grc' dir='ltr'>ἀπέκειτο</span> <span class='ocrx_word' id='word_1_138' title='bbox 2855 725 3050 795; x_wconf 79' lang='grc' dir='ltr'>πολὺς,</span> <span class='ocrx_word' id='word_1_139' title='bbox 3110 726 3169 782; x_wconf 83' lang='grc' dir='ltr'>ὂν</span> <span class='ocrx_word' id='word_1_140' title='bbox 3208 732 3286 800; x_wconf 79' lang='grc' dir='ltr'><strong>τῷ</strong></span> <span class='ocrx_word' id='word_1_141' title='bbox 3346 726 3466 800; x_wconf 85' lang='grc' dir='ltr'><strong>λαῷ</strong></span> <span class='ocrx_word' id='word_1_142' title='bbox 3509 726 3665 804; x_wconf 88' lang='grc' dir='ltr'>διαρ-</span> 
     </span>
    </p>
   </div>
   <div class='ocr_carea' id='block_1_23' title="bbox 2002 813 3659 896">
    <p class='ocr_par' dir='ltr' id='par_1_23' title="bbox 2002 813 3659 896">
     <span class='ocr_line' id='line_1_23' title="bbox 2002 813 3659 896; baseline 0.004 -29"><span class='ocrx_word' id='word_1_143' title='bbox 2002 814 2168 867; x_wconf 87' lang='grc' dir='ltr'>πάσαι</span> <span class='ocrx_word' id='word_1_144' title='bbox 2222 813 2481 876; x_wconf 82' lang='grc' dir='ltr'>κελεύσας</span> <span class='ocrx_word' id='word_1_145' title='bbox 2529 814 2710 871; x_wconf 82' lang='grc' dir='ltr'>τᾶλλα</span> <span class='ocrx_word' id='word_1_146' title='bbox 2756 816 2931 870; x_wconf 88' lang='grc' dir='ltr'>πάντα</span> <span class='ocrx_word' id='word_1_147' title='bbox 2986 815 3327 896; x_wconf 72' lang='grc' dir='ltr'><strong>κατέφλεξεν.</strong></span> <span class='ocrx_word' id='word_1_148' title='bbox 3378 820 3459 891; x_wconf 89' lang='grc' dir='ltr'><strong>[Ρ.</strong></span> <span class='ocrx_word' id='word_1_149' title='bbox 3527 820 3659 890; x_wconf 82' lang='grc'><strong>712]</strong></span> 
     </span>
    </p>
   </div>
   <div class='ocr_carea' id='block_1_24' title="bbox 2004 901 3695 982">
    <p class='ocr_par' dir='ltr' id='par_1_24' title="bbox 2004 901 3695 982">
     <span class='ocr_line' id='line_1_24' title="bbox 2004 901 3695 982; baseline 0.003 -26"><span class='ocrx_word' id='word_1_150' title='bbox 2004 901 2306 977; x_wconf 80' lang='grc' dir='ltr'>Ἐξέπεμψε</span> <span class='ocrx_word' id='word_1_151' title='bbox 2336 901 2394 958; x_wconf 78' lang='grc' dir='ltr'>δὶ</span> <span class='ocrx_word' id='word_1_152' title='bbox 2421 905 2512 959; x_wconf 76' lang='grc' dir='ltr'><strong>καὶ</strong></span> <span class='ocrx_word' id='word_1_153' title='bbox 2565 907 2703 960; x_wconf 72' lang='grc' dir='ltr'>κατὰ</span> <span class='ocrx_word' id='word_1_154' title='bbox 2758 906 3010 961; x_wconf 77' lang='grc' dir='ltr'><strong>Ἰωάννου</strong></span> <span class='ocrx_word' id='word_1_155' title='bbox 3058 905 3125 960; x_wconf 81' lang='grc' dir='ltr'>οὐ</span> <span class='ocrx_word' id='word_1_156' title='bbox 3180 907 3385 980; x_wconf 79' lang='grc' dir='ltr'>μακρὰν</span> <span class='ocrx_word' id='word_1_157' title='bbox 3414 906 3695 982; x_wconf 71' lang='grc' dir='ltr'>ἀπέχον--</span> 
     </span>
    </p>
   </div>
   <div class='ocr_carea' id='block_1_25' title="bbox 2000 992 3658 1070">
    <p class='ocr_par' dir='ltr' id='par_1_25' title="bbox 2000 992 3658 1070">
     <span class='ocr_line' id='line_1_25' title="bbox 2000 992 3658 1070; baseline 0.003 -25"><span class='ocrx_word' id='word_1_158' title='bbox 2000 1010 2093 1053; x_wconf 87' lang='grc' dir='ltr'><strong>τος</strong></span> <span class='ocrx_word' id='word_1_159' title='bbox 2119 992 2181 1046; x_wconf 86' lang='grc' dir='ltr'>τὸ</span> <span class='ocrx_word' id='word_1_160' title='bbox 2225 993 2407 1068; x_wconf 84' lang='grc' dir='ltr'><strong>τάγμα</strong></span> <span class='ocrx_word' id='word_1_161' title='bbox 2450 997 2557 1048; x_wconf 91' lang='grc' dir='ltr'><strong>τῶν</strong></span> <span class='ocrx_word' id='word_1_162' title='bbox 2620 993 2842 1070; x_wconf 79' lang='grc' dir='ltr'>σχολῶν</span> <span class='ocrx_word' id='word_1_163' title='bbox 2898 1001 2999 1065; x_wconf 79' lang='grc' dir='ltr'><strong>τῆς</strong></span> <span class='ocrx_word' id='word_1_164' title='bbox 3042 994 3253 1057; x_wconf 76' lang='grc' dir='ltr'>Δύσεως</span> <span class='ocrx_word' id='word_1_165' title='bbox 3310 994 3401 1049; x_wconf 80' lang='grc' dir='ltr'>καὶ</span> <span class='ocrx_word' id='word_1_166' title='bbox 3451 996 3516 1049; x_wconf 88' lang='grc' dir='ltr'><strong>τὸ</strong></span> <span class='ocrx_word' id='word_1_167' title='bbox 3554 1002 3658 1064; x_wconf 74' lang='grc' dir='ltr'>τῆς</span> 
     </span>
    </p>
   </div>
   <div class='ocr_carea' id='block_1_26' title="bbox 2003 1079 3662 1158">
    <p class='ocr_par' dir='ltr' id='par_1_26' title="bbox 2003 1079 3662 1158">
     <span class='ocr_line' id='line_1_26' title="bbox 2003 1079 3662 1158; baseline 0.001 -23"><span class='ocrx_word' id='word_1_168' title='bbox 2003 1079 2424 1153; x_wconf 83' lang='grc' dir='ltr'>Θεσσαλονίκης,</span> <span class='ocrx_word' id='word_1_169' title='bbox 2515 1083 2756 1157; x_wconf 78' lang='grc' dir='ltr'>ἡγεμόνα</span> <span class='ocrx_word' id='word_1_170' title='bbox 2828 1080 3029 1158; x_wconf 77' lang='grc' dir='ltr'>ἔχοντα</span> <span class='ocrx_word' id='word_1_171' title='bbox 3103 1086 3506 1139; x_wconf 89' lang='grc' dir='ltr'>Κωνσταντῖνον</span> <span class='ocrx_word' id='word_1_172' title='bbox 3565 1084 3662 1139; x_wconf 79' lang='grc' dir='ltr'>τὸν</span> 
     </span>
    </p>
   </div>
   <div class='ocr_carea' id='block_1_27' title="bbox 2003 1167 3659 1246">
    <p class='ocr_par' dir='ltr' id='par_1_27' title="bbox 2003 1167 3659 1246">
     <span class='ocr_line' id='line_1_27' title="bbox 2003 1167 3659 1246; baseline 0.002 -24"><span class='ocrx_word' id='word_1_173' title='bbox 2003 1167 2282 1242; x_wconf 69' lang='grc' dir='ltr'>Διογᾶνην.</span> <span class='ocrx_word' id='word_1_174' title='bbox 2340 1169 2571 1235; x_wconf 79' lang='grc' dir='ltr'><strong>Τούτοις</strong></span> <span class='ocrx_word' id='word_1_175' title='bbox 2644 1171 2896 1226; x_wconf 83' lang='grc' dir='ltr'>ἀπιοῦσιν</span> <span class='ocrx_word' id='word_1_176' title='bbox 2962 1169 3241 1246; x_wconf 78' lang='grc' dir='ltr'><strong>ἐνήδρευεν</strong></span> <span class='ocrx_word' id='word_1_177' title='bbox 3303 1174 3332 1227; x_wconf 98' lang='lat'><strong>6</strong></span> <span class='ocrx_word' id='word_1_178' title='bbox 3379 1171 3659 1243; x_wconf 85' lang='grc' dir='ltr'>Ἰωάννης.</span> 
     </span>
    </p>
   </div>
   <div class='ocr_carea' id='block_1_28' title="bbox 2003 1255 3661 1337">
    <p class='ocr_par' dir='ltr' id='par_1_28' title="bbox 2003 1255 3661 1337">
     <span class='ocr_line' id='line_1_28' title="bbox 2003 1255 3661 1337; baseline 0.002 -24"><span class='ocrx_word' id='word_1_179' title='bbox 2003 1258 2197 1322; x_wconf 80' lang='grc' dir='ltr'>Μαθὼν</span> <span class='ocrx_word' id='word_1_180' title='bbox 2232 1255 2291 1312; x_wconf 76' lang='grc' dir='ltr'>δὲ</span> <span class='ocrx_word' id='word_1_181' title='bbox 2330 1262 2491 1314; x_wconf 91' lang='grc' dir='ltr'>τοῦτο</span> <span class='ocrx_word' id='word_1_182' title='bbox 2539 1260 2567 1313; x_wconf 90' lang='lat'><strong>6</strong></span> <span class='ocrx_word' id='word_1_183' title='bbox 2620 1259 2874 1333; x_wconf 82' lang='grc' dir='ltr'>βασιλεὺς</span> <span class='ocrx_word' id='word_1_184' title='bbox 2904 1260 2993 1315; x_wconf 78' lang='grc' dir='ltr'><strong>καὶ</strong></span> <span class='ocrx_word' id='word_1_185' title='bbox 3028 1263 3103 1334; x_wconf 77' lang='grc' dir='ltr'><strong>μή</strong></span> <span class='ocrx_word' id='word_1_186' title='bbox 3136 1282 3187 1315; x_wconf 91' lang='grc' dir='ltr'><strong>τι</strong></span> <span class='ocrx_word' id='word_1_187' title='bbox 3219 1260 3441 1315; x_wconf 83' lang='grc' dir='ltr'>πάθοιεν</span> <span class='ocrx_word' id='word_1_188' title='bbox 3475 1257 3661 1337; x_wconf 78' lang='grc' dir='ltr'>φοϐη-</span> 
     </span>
    </p>
   </div>
   <div class='ocr_carea' id='block_1_29' title="bbox 2004 1346 3662 1422">
    <p class='ocr_par' dir='ltr' id='par_1_29' title="bbox 2004 1346 3662 1422">
     <span class='ocr_line' id='line_1_29' title="bbox 2004 1346 3662 1422; baseline 0.002 -22"><span class='ocrx_word' id='word_1_189' title='bbox 2004 1346 2132 1414; x_wconf 76' lang='grc' dir='ltr'>θεὶς,</span> <span class='ocrx_word' id='word_1_190' title='bbox 2166 1346 2312 1421; x_wconf 79' lang='grc' dir='ltr'>παρὰ</span> <span class='ocrx_word' id='word_1_191' title='bbox 2338 1352 2439 1402; x_wconf 89' lang='grc' dir='ltr'><strong>τοῦ</strong></span> <span class='ocrx_word' id='word_1_192' title='bbox 2471 1347 2606 1403; x_wconf 87' lang='grc' dir='ltr'>λαοῦ</span> <span class='ocrx_word' id='word_1_193' title='bbox 2656 1348 3108 1422; x_wconf 80' lang='grc' dir='ltr'>ἐξιππασάμενος,</span> <span class='ocrx_word' id='word_1_194' title='bbox 3158 1350 3249 1404; x_wconf 86' lang='grc' dir='ltr'><strong>καὶ</strong></span> <span class='ocrx_word' id='word_1_195' title='bbox 3304 1347 3473 1422; x_wconf 72' lang='grc' dir='ltr'>μηδὲν</span> <span class='ocrx_word' id='word_1_196' title='bbox 3515 1349 3662 1404; x_wconf 79' lang='grc' dir='ltr'>ἄλλο</span> 
     </span>
    </p>
   </div>
   <div class='ocr_carea' id='block_1_30' title="bbox 2003 1432 3660 1511">
    <p class='ocr_par' dir='ltr' id='par_1_30' title="bbox 2003 1432 3660 1511">
     <span class='ocr_line' id='line_1_30' title="bbox 2003 1432 3660 1511; baseline 0.002 -21"><span class='ocrx_word' id='word_1_197' title='bbox 2003 1432 2168 1490; x_wconf 61' lang='grc' dir='ltr'>εἶίπὼν</span> <span class='ocrx_word' id='word_1_198' title='bbox 2202 1433 2330 1492; x_wconf 77' lang='grc' dir='ltr'>ἄλλ’</span> <span class='ocrx_word' id='word_1_199' title='bbox 2381 1435 2417 1505; x_wconf 77' lang='grc' dir='ltr'>ἤ</span> <span class='ocrx_word' id='word_1_200' title='bbox 2476 1432 2641 1509; x_wconf 83' lang='grc' dir='ltr'>μόνον</span> <span class='ocrx_word' id='word_1_201' title='bbox 2678 1458 2691 1471; x_wconf 72' lang='grc' dir='ltr'><strong>ο</strong></span> <span class='ocrx_word' id='word_1_202' title='bbox 2744 1440 2983 1500; x_wconf 77' lang='grc' dir='ltr'>α”Οστις</span> <span class='ocrx_word' id='word_1_203' title='bbox 3031 1437 3375 1511; x_wconf 80' lang='grc' dir='ltr'>πολεμιστὴς</span> <span class='ocrx_word' id='word_1_204' title='bbox 3420 1439 3660 1494; x_wconf 86' lang='grc' dir='ltr'>ἀκολου-</span> 
     </span>
    </p>
   </div>
   <div class='ocr_carea' id='block_1_31' title="bbox 2002 1524 3667 1604">
    <p class='ocr_par' dir='ltr' id='par_1_31' title="bbox 2002 1524 3667 1604">
     <span class='ocr_line' id='line_1_31' title="bbox 2002 1524 3667 1604; baseline 0.004 -26"><span class='ocrx_word' id='word_1_205' title='bbox 2002 1524 2163 1588; x_wconf 83' lang='grc' dir='ltr'>θείτω</span> <span class='ocrx_word' id='word_1_206' title='bbox 2191 1546 2309 1597; x_wconf 88' lang='grc' dir='ltr'>μοι,</span> <span class='ocrx_word' id='word_1_207' title='bbox 2343 1549 2373 1578; x_wconf 88' lang='grc'><strong>››</strong></span> <span class='ocrx_word' id='word_1_208' title='bbox 2422 1525 2586 1599; x_wconf 82' lang='grc' dir='ltr'>ἀπῄει</span> <span class='ocrx_word' id='word_1_209' title='bbox 2639 1526 2776 1582; x_wconf 81' lang='grc' dir='ltr'>κατὰ</span> <span class='ocrx_word' id='word_1_210' title='bbox 2831 1526 3096 1600; x_wconf 73' lang='grc' dir='ltr'>σπουδήν.</span> <span class='ocrx_word' id='word_1_211' title='bbox 3127 1530 3299 1584; x_wconf 86' lang='grc' dir='ltr'>Τοῦτο</span> <span class='ocrx_word' id='word_1_212' title='bbox 3353 1528 3574 1604; x_wconf 83' lang='grc' dir='ltr'>γνόντες</span> <span class='ocrx_word' id='word_1_213' title='bbox 3604 1550 3667 1593; x_wconf 93' lang='grc' dir='ltr'><strong>ος</strong></span> 
     </span>
    </p>
   </div>
   <div class='ocr_carea' id='block_1_32' title="bbox 2000 1613 3655 1695">
    <p class='ocr_par' dir='ltr' id='par_1_32' title="bbox 2000 1613 3655 1695">
     <span class='ocr_line' id='line_1_32' title="bbox 2000 1613 3655 1695; baseline 0.002 -26"><span class='ocrx_word' id='word_1_214' title='bbox 2000 1618 2097 1669; x_wconf 90' lang='grc' dir='ltr'><strong>τοῦ</strong></span> <span class='ocrx_word' id='word_1_215' title='bbox 2125 1615 2379 1669; x_wconf 84' lang='grc' dir='ltr'>Ἰωάννου</span> <span class='ocrx_word' id='word_1_216' title='bbox 2410 1615 2603 1670; x_wconf 89' lang='grc' dir='ltr'>σκόποι</span> <span class='ocrx_word' id='word_1_217' title='bbox 2665 1618 2799 1688; x_wconf 82' lang='grc' dir='ltr'>μετὰ</span> <span class='ocrx_word' id='word_1_218' title='bbox 2848 1613 3023 1695; x_wconf 78' lang='grc' dir='ltr'>φόϐου</span> <span class='ocrx_word' id='word_1_219' title='bbox 3077 1618 3214 1693; x_wconf 88' lang='grc' dir='ltr'>πρὸς</span> <span class='ocrx_word' id='word_1_220' title='bbox 3257 1619 3318 1673; x_wconf 85' lang='grc' dir='ltr'>τὸ</span> <span class='ocrx_word' id='word_1_221' title='bbox 3347 1623 3445 1673; x_wconf 91' lang='grc' dir='ltr'><strong>τοῦ</strong></span> <span class='ocrx_word' id='word_1_222' title='bbox 3467 1617 3655 1676; x_wconf 82' lang='grc' dir='ltr'>Ἰωάν-</span> 
     </span>
    </p>
   </div>
   <div class='ocr_carea' id='block_1_33' title="bbox 2000 1701 3654 1781">
    <p class='ocr_par' dir='ltr' id='par_1_33' title="bbox 2000 1701 3654 1781">
     <span class='ocr_line' id='line_1_33' title="bbox 2000 1701 3654 1781; baseline 0.003 -24"><span class='ocrx_word' id='word_1_223' title='bbox 2000 1724 2093 1757; x_wconf 86' lang='grc' dir='ltr'><strong>νου</strong></span> <span class='ocrx_word' id='word_1_224' title='bbox 2144 1701 2504 1778; x_wconf 88' lang='grc' dir='ltr'>στρατόπεδον</span> <span class='ocrx_word' id='word_1_225' title='bbox 2539 1702 2812 1780; x_wconf 82' lang='grc' dir='ltr'>ἔρχονται,</span> <span class='ocrx_word' id='word_1_226' title='bbox 2859 1706 2949 1760; x_wconf 86' lang='grc' dir='ltr'><strong>καὶ</strong></span> <span class='ocrx_word' id='word_1_227' title='bbox 2996 1703 3205 1768; x_wconf 81' lang='grc' dir='ltr'>δειλίας</span> <span class='ocrx_word' id='word_1_228' title='bbox 3250 1706 3340 1761; x_wconf 83' lang='grc' dir='ltr'>καὶ</span> <span class='ocrx_word' id='word_1_229' title='bbox 3395 1714 3654 1781; x_wconf 60' lang='grc' dir='ltr'>ταραχῆς</span> 
     </span>
    </p>
   </div>
   <div class='ocr_carea' id='block_1_34' title="bbox 240 1791 3653 1872">
    <p class='ocr_par' dir='ltr' id='par_1_34' title="bbox 240 1791 3653 1872">
     <span class='ocr_line' id='line_1_34' title="bbox 240 1791 3653 1872; baseline -0.001 -18"><span class='ocrx_word' id='word_1_230' title='bbox 240 1803 405 1855; x_wconf 86' lang='grc' dir='ltr'>τοῦτο</span> <span class='ocrx_word' id='word_1_231' title='bbox 461 1795 787 1867; x_wconf 64' lang='grc' dir='ltr'>ἕνέπλησαν,</span> <span class='ocrx_word' id='word_1_232' title='bbox 850 1791 1018 1867; x_wconf 72' lang='grc' dir='ltr'>μηδὲν</span> <span class='ocrx_word' id='word_1_233' title='bbox 1075 1791 1222 1850; x_wconf 74' lang='grc' dir='ltr'>ἄλλο</span> <span class='ocrx_word' id='word_1_234' title='bbox 1283 1796 1517 1870; x_wconf 89' lang='grc' dir='ltr'>βοῶντες</span> <span class='ocrx_word' id='word_1_235' title='bbox 1602 1793 1652 1849; x_wconf 70' lang='grc' dir='ltr'><strong>εἴ</strong></span> <span class='ocrx_word' id='word_1_236' title='bbox 1738 1794 1839 1867; x_wconf 79' lang='grc' dir='ltr'><strong>μὴ,</strong></span> <span class='ocrx_word' id='word_1_237' title='bbox 1894 1814 1920 1845; x_wconf 73' lang='grc' dir='ltr'>ι</span> <span class='ocrx_word' id='word_1_238' title='bbox 1970 1794 2185 1861; x_wconf 83' lang='grc' dir='ltr'>Βεζεῖτε</span> <span class='ocrx_word' id='word_1_239' title='bbox 2231 1794 2365 1866; x_wconf 88' lang='grc'>(63),</span> <span class='ocrx_word' id='word_1_240' title='bbox 2418 1794 2445 1848; x_wconf 89' lang='grc' dir='ltr'><strong>ὁ</strong></span> <span class='ocrx_word' id='word_1_241' title='bbox 2501 1796 2762 1871; x_wconf 83' lang='grc' dir='ltr'>Τζαῖσαρ.</span> <span class='ocrx_word' id='word_1_242' title='bbox 2819 1818 2847 1848; x_wconf 85' lang='grc'><strong>››</strong></span> <span class='ocrx_word' id='word_1_243' title='bbox 2904 1796 3126 1852; x_wconf 73' lang='grc' dir='ltr'>Πάντων</span> <span class='ocrx_word' id='word_1_244' title='bbox 3188 1794 3280 1850; x_wconf 76' lang='grc' dir='ltr'>οὖν</span> <span class='ocrx_word' id='word_1_245' title='bbox 3338 1796 3653 1872; x_wconf 79' lang='grc' dir='ltr'>φευγόντων</span> 
     </span>
    </p>
   </div>
   <div class='ocr_carea' id='block_1_35' title="bbox 241 1879 3659 1961">
    <p class='ocr_par' dir='ltr' id='par_1_35' title="bbox 241 1879 3659 1961">
     <span class='ocr_line' id='line_1_35' title="bbox 241 1879 3659 1961; baseline -0.001 -19"><span class='ocrx_word' id='word_1_246' title='bbox 241 1887 503 1961; x_wconf 78' lang='grc' dir='ltr'>ἀκόσμως</span> <span class='ocrx_word' id='word_1_247' title='bbox 560 1885 653 1942; x_wconf 80' lang='grc' dir='ltr'><strong>σῦν</strong></span> <span class='ocrx_word' id='word_1_248' title='bbox 710 1888 790 1955; x_wconf 80' lang='grc' dir='ltr'>τῷ</span> <span class='ocrx_word' id='word_1_249' title='bbox 854 1884 1095 1957; x_wconf 78' lang='grc' dir='ltr'>Ἰωάννῃ,</span> <span class='ocrx_word' id='word_1_250' title='bbox 1154 1882 1207 1937; x_wconf 82' lang='grc' dir='ltr'>οἱ</span> <span class='ocrx_word' id='word_1_251' title='bbox 1262 1883 1388 1959; x_wconf 87' lang='grc' dir='ltr'>περὶ</span> <span class='ocrx_word' id='word_1_252' title='bbox 1443 1883 1535 1937; x_wconf 83' lang='grc' dir='ltr'><strong>τὸν</strong></span> <span class='ocrx_word' id='word_1_253' title='bbox 1597 1881 1857 1957; x_wconf 69' lang='grc' dir='ltr'>Διογένην</span> <span class='ocrx_word' id='word_1_254' title='bbox 1944 1879 2411 1956; x_wconf 72' lang='grc' dir='ltr'>ἀναθαρρήσαντες</span> <span class='ocrx_word' id='word_1_255' title='bbox 2482 1882 2706 1938; x_wconf 75' lang='grc' dir='ltr'>κατόπιν</span> <span class='ocrx_word' id='word_1_256' title='bbox 2764 1880 3013 1941; x_wconf 73' lang='grc' dir='ltr'>ἐδίωκον.</span> <span class='ocrx_word' id='word_1_257' title='bbox 3072 1884 3179 1939; x_wconf 87' lang='grc' dir='ltr'><strong>Καὶ</strong></span> <span class='ocrx_word' id='word_1_258' title='bbox 3226 1882 3495 1939; x_wconf 87' lang='grc' dir='ltr'>κτείνουσι</span> <span class='ocrx_word' id='word_1_259' title='bbox 3560 1886 3659 1957; x_wconf 74' lang='grc' dir='ltr'><strong>μὶν</strong></span> 
     </span>
    </p>
   </div>
   <div class='ocr_carea' id='block_1_36' title="bbox 238 1968 3661 2045">
    <p class='ocr_par' dir='ltr' id='par_1_36' title="bbox 238 1968 3661 2045">
     <span class='ocr_line' id='line_1_36' title="bbox 238 1968 3661 2045; baseline -0.001 -14"><span class='ocrx_word' id='word_1_260' title='bbox 238 1976 508 2045; x_wconf 81' lang='grc' dir='ltr'>πολλοὺς,</span> <span class='ocrx_word' id='word_1_261' title='bbox 564 1968 1009 2045; x_wconf 78' lang='grc' dir='ltr'>συλλαμϐάνουσι</span> <span class='ocrx_word' id='word_1_262' title='bbox 1077 1971 1135 2027; x_wconf 79' lang='grc' dir='ltr'>δὶ</span> <span class='ocrx_word' id='word_1_263' title='bbox 1188 1973 1279 2027; x_wconf 82' lang='grc' dir='ltr'><strong>καὶ</strong></span> <span class='ocrx_word' id='word_1_264' title='bbox 1335 1971 1637 2033; x_wconf 84' lang='grc' dir='ltr'>δισκοσίους</span> <span class='ocrx_word' id='word_1_265' title='bbox 1697 1968 2037 2033; x_wconf 82' lang='grc' dir='ltr'>πανοπλίτας</span> <span class='ocrx_word' id='word_1_266' title='bbox 2093 1970 2185 2025; x_wconf 88' lang='grc' dir='ltr'><strong>καὶ</strong></span> <span class='ocrx_word' id='word_1_267' title='bbox 2268 1969 2396 2033; x_wconf 82' lang='grc' dir='ltr'>τούς</span> <span class='ocrx_word' id='word_1_268' title='bbox 2442 1969 2648 2032; x_wconf 69' lang='grc' dir='ltr'>ἵππους</span> <span class='ocrx_word' id='word_1_269' title='bbox 2703 1971 2793 2025; x_wconf 79' lang='grc' dir='ltr'><strong>καὶ</strong></span> <span class='ocrx_word' id='word_1_270' title='bbox 2848 1973 2949 2041; x_wconf 83' lang='grc' dir='ltr'><strong>τήν</strong></span> <span class='ocrx_word' id='word_1_271' title='bbox 3036 1974 3341 2042; x_wconf 81' lang='grc' dir='ltr'>ἀποσκευὴν</span> <span class='ocrx_word' id='word_1_272' title='bbox 3398 1973 3661 2029; x_wconf 82' lang='grc' dir='ltr'>Ἰωάννου</span> 
     </span>
    </p>
   </div>
   <div class='ocr_carea' id='block_1_37' title="bbox 238 2056 3661 2138">
    <p class='ocr_par' dir='ltr' id='par_1_37' title="bbox 238 2056 3661 2138">
     <span class='ocr_line' id='line_1_37' title="bbox 238 2056 3661 2138; baseline -0.001 -17"><span class='ocrx_word' id='word_1_273' title='bbox 238 2067 332 2121; x_wconf 78' lang='grc' dir='ltr'><strong>καὶ</strong></span> <span class='ocrx_word' id='word_1_274' title='bbox 387 2065 449 2120; x_wconf 83' lang='grc' dir='ltr'>τὸ</span> <span class='ocrx_word' id='word_1_275' title='bbox 476 2063 674 2120; x_wconf 81' lang='grc' dir='ltr'>τούτου</span> <span class='ocrx_word' id='word_1_276' title='bbox 706 2062 946 2137; x_wconf 81' lang='grc' dir='ltr'>ἀνεψιόν,</span> <span class='ocrx_word' id='word_1_277' title='bbox 1005 2066 1181 2116; x_wconf 83' lang='grc' dir='ltr'>Ταῦτα</span> <span class='ocrx_word' id='word_1_278' title='bbox 1236 2058 1433 2138; x_wconf 85' lang='grc' dir='ltr'>δράσας</span> <span class='ocrx_word' id='word_1_279' title='bbox 1506 2060 1744 2117; x_wconf 72' lang='grc' dir='ltr'>ἐπάνεισι</span> <span class='ocrx_word' id='word_1_280' title='bbox 1820 2059 1956 2135; x_wconf 86' lang='grc' dir='ltr'>πρὸς</span> <span class='ocrx_word' id='word_1_281' title='bbox 2027 2059 2094 2113; x_wconf 76' lang='grc' dir='ltr'>τὰ</span> <span class='ocrx_word' id='word_1_282' title='bbox 2174 2056 2412 2130; x_wconf 81' lang='grc' dir='ltr'>Βοδηνὰ,</span> <span class='ocrx_word' id='word_1_283' title='bbox 2468 2059 2557 2115; x_wconf 87' lang='grc' dir='ltr'><strong>καὶ</strong></span> <span class='ocrx_word' id='word_1_284' title='bbox 2613 2061 2786 2115; x_wconf 88' lang='grc' dir='ltr'>πάντα</span> <span class='ocrx_word' id='word_1_285' title='bbox 2839 2062 2906 2116; x_wconf 79' lang='grc' dir='ltr'><strong>τὰ</strong></span> <span class='ocrx_word' id='word_1_286' title='bbox 2953 2060 3124 2117; x_wconf 80' lang='grc' dir='ltr'>ἐκεῖσε</span> <span class='ocrx_word' id='word_1_287' title='bbox 3173 2064 3661 2137; x_wconf 86' lang='grc' dir='ltr'>καταστησάμενος</span> 
     </span>
    </p>
   </div>
   <div class='ocr_carea' id='block_1_38' title="bbox 240 2145 3362 2229">
    <p class='ocr_par' dir='ltr' id='par_1_38' title="bbox 240 2145 3362 2229">
     <span class='ocr_line' id='line_1_38' title="bbox 240 2145 3362 2229; baseline -0.001 -20"><span class='ocrx_word' id='word_1_288' title='bbox 240 2152 647 2229; x_wconf 67' lang='grc' dir='ltr'>ἔπαναζευγνύει</span> <span class='ocrx_word' id='word_1_289' title='bbox 676 2151 814 2223; x_wconf 86' lang='grc' dir='ltr'>πρὸς</span> <span class='ocrx_word' id='word_1_290' title='bbox 835 2151 898 2207; x_wconf 82' lang='grc' dir='ltr'>τὸ</span> <span class='ocrx_word' id='word_1_291' title='bbox 925 2151 1232 2221; x_wconf 83' lang='grc' dir='ltr'>Βυζάντιον,</span> <span class='ocrx_word' id='word_1_292' title='bbox 1264 2152 1401 2206; x_wconf 76' lang='grc' dir='ltr'>κατὰ</span> <span class='ocrx_word' id='word_1_293' title='bbox 1428 2152 1528 2220; x_wconf 79' lang='grc' dir='ltr'>τὴν</span> <span class='ocrx_word' id='word_1_294' title='bbox 1560 2152 1601 2215; x_wconf 81' lang='grc' dir='ltr'>θ’</span> <span class='ocrx_word' id='word_1_295' title='bbox 1630 2155 1726 2205; x_wconf 90' lang='grc' dir='ltr'><strong>τοῦ</strong></span> <span class='ocrx_word' id='word_1_296' title='bbox 1761 2148 2088 2224; x_wconf 87' lang='grc' dir='ltr'>Ἰανουαρίου</span> <span class='ocrx_word' id='word_1_297' title='bbox 2124 2148 2316 2219; x_wconf 86' lang='grc' dir='ltr'>μηνὸς,</span> <span class='ocrx_word' id='word_1_298' title='bbox 2346 2154 2447 2218; x_wconf 81' lang='grc' dir='ltr'><strong>τῆς</strong></span> <span class='ocrx_word' id='word_1_299' title='bbox 2484 2150 2543 2203; x_wconf 88' lang='grc' dir='ltr'>ιε’</span> <span class='ocrx_word' id='word_1_300' title='bbox 2567 2148 2961 2223; x_wconf 80' lang='grc' dir='ltr'>ἐπινεμήσεως,</span> <span class='ocrx_word' id='word_1_301' title='bbox 2994 2145 3146 2213; x_wconf 75' lang='grc' dir='ltr'>ἔτους</span> <span class='ocrx_word' id='word_1_302' title='bbox 3177 2158 3362 2229; x_wconf 37' lang='grc' dir='ltr'>γςφκςκ</span> 
     </span>
    </p>
   </div>
   <div class='ocr_carea' id='block_1_39' title="bbox 310 2232 1877 2316">
    <p class='ocr_par' dir='ltr' id='par_1_39' title="bbox 310 2242 1877 2314">
     <span class='ocr_line' id='line_1_39' title="bbox 310 2242 1877 2314; baseline -0.004 -13"><span class='ocrx_word' id='word_1_303' title='bbox 310 2247 569 2301; x_wconf 85' lang='lat' dir='ltr'><strong>Joannes</strong></span> <span class='ocrx_word' id='word_1_304' title='bbox 598 2244 898 2299; x_wconf 88' lang='lat' dir='ltr'><strong>licentiam</strong></span> <span class='ocrx_word' id='word_1_305' title='bbox 931 2249 1285 2298; x_wconf 89' lang='lat' dir='ltr'><strong>consecutus</strong></span> <span class='ocrx_word' id='word_1_306' title='bbox 1316 2244 1386 2298; x_wconf 92' lang='lat' dir='ltr'><strong>ad</strong></span> <span class='ocrx_word' id='word_1_307' title='bbox 1422 2242 1877 2314; x_wconf 84' lang='lat' dir='ltr'><strong>oppugnandum</strong></span> 
     </span>
    </p>
   </div>
   <div class='ocr_carea' id='block_1_40' title="bbox 2095 2232 3662 2316">
    <p class='ocr_par' dir='ltr' id='par_1_40' title="bbox 2095 2232 3662 2316">
     <span class='ocr_line' id='line_1_40' title="bbox 2095 2232 3662 2316; baseline 0.003 -23"><span class='ocrx_word' id='word_1_308' title='bbox 2095 2234 2282 2300; x_wconf 74' lang='grc' dir='ltr'>Αδείας</span> <span class='ocrx_word' id='word_1_309' title='bbox 2312 2234 2370 2292; x_wconf 76' lang='grc' dir='ltr'>δὶ</span> <span class='ocrx_word' id='word_1_310' title='bbox 2422 2232 2734 2311; x_wconf 76' lang='grc' dir='ltr'>λαϐόμενος</span> <span class='ocrx_word' id='word_1_311' title='bbox 2770 2240 2798 2293; x_wconf 86' lang='grc' dir='ltr'><strong><em>ὀ</em></strong></span> <span class='ocrx_word' id='word_1_312' title='bbox 2831 2241 3089 2312; x_wconf 85' lang='grc' dir='ltr'>Ἰωάννης</span> <span class='ocrx_word' id='word_1_313' title='bbox 3140 2238 3319 2295; x_wconf 79' lang='grc' dir='ltr'>ἄπεισι</span> <span class='ocrx_word' id='word_1_314' title='bbox 3351 2240 3662 2316; x_wconf 79' lang='grc' dir='ltr'>πολιορκή-</span> 
     </span>
    </p>
   </div>
   <div class='ocr_carea' id='block_1_41' title="bbox 240 2326 1807 2407">
    <p class='ocr_par' dir='ltr' id='par_1_41' title="bbox 240 2331 1802 2407">
     <span class='ocr_line' id='line_1_41' title="bbox 240 2331 1802 2407; baseline -0.003 -19"><span class='ocrx_word' id='word_1_315' title='bbox 240 2333 621 2407; x_wconf 83' lang='lat' dir='ltr'><strong>Dyrrachium</strong></span> <span class='ocrx_word' id='word_1_316' title='bbox 654 2331 957 2388; x_wconf 90' lang='lat' dir='ltr'><strong>barbarico</strong></span> <span class='ocrx_word' id='word_1_317' title='bbox 1001 2349 1135 2387; x_wconf 90' lang='lat' dir='ltr'><strong>cum</strong></span> <span class='ocrx_word' id='word_1_318' title='bbox 1187 2334 1339 2387; x_wconf 88' lang='lat' dir='ltr'><strong>fastu</strong></span> <span class='ocrx_word' id='word_1_319' title='bbox 1391 2331 1802 2403; x_wconf 76' lang='lat' dir='ltr'><strong>proficiscitur,</strong></span> 
     </span>
    </p>
   </div>
   <div class='ocr_carea' id='block_1_42' title="bbox 2096 2326 3663 2407">
    <p class='ocr_par' dir='ltr' id='par_1_42' title="bbox 2096 2326 3663 2406">
     <span class='ocr_line' id='line_1_42' title="bbox 2096 2326 3663 2406; baseline 0.004 -27"><span class='ocrx_word' id='word_1_320' title='bbox 2096 2327 2200 2380; x_wconf 72' lang='grc' dir='ltr'><strong>οτὸ</strong></span> <span class='ocrx_word' id='word_1_321' title='bbox 2233 2326 2537 2402; x_wconf 75' lang='grc' dir='ltr'>Δυῤῥάχιον</span> <span class='ocrx_word' id='word_1_322' title='bbox 2583 2328 2717 2400; x_wconf 84' lang='grc' dir='ltr'><strong>μετά</strong></span> <span class='ocrx_word' id='word_1_323' title='bbox 2760 2328 3116 2406; x_wconf 81' lang='grc' dir='ltr'>φρυάγματος</span> <span class='ocrx_word' id='word_1_324' title='bbox 3168 2330 3259 2384; x_wconf 81' lang='grc' dir='ltr'><strong>καὶ</strong></span> <span class='ocrx_word' id='word_1_325' title='bbox 3308 2326 3475 2404; x_wconf 72' lang='grc' dir='ltr'>ὄγκου</span> <span class='ocrx_word' id='word_1_326' title='bbox 3520 2332 3663 2406; x_wconf 83' lang='grc' dir='ltr'>βαρ-</span> 
     </span>
    </p>
   </div>
   <div class='ocr_carea' id='block_1_43' title="bbox 238 2416 1805 2495">
    <p class='ocr_par' dir='ltr' id='par_1_43' title="bbox 238 2420 1805 2495">
     <span class='ocr_line' id='line_1_43' title="bbox 238 2420 1805 2495; baseline -0.004 -16"><span class='ocrx_word' id='word_1_327' title='bbox 238 2423 384 2479; x_wconf 90' lang='lat' dir='ltr'><strong>inito</strong></span> <span class='ocrx_word' id='word_1_328' title='bbox 416 2421 612 2495; x_wconf 64' lang='lat' dir='ltr'><strong>praelio</strong></span> <span class='ocrx_word' id='word_1_329' title='bbox 644 2421 945 2490; x_wconf 88' lang='lat' dir='ltr'><strong>sternitur,</strong></span> <span class='ocrx_word' id='word_1_330' title='bbox 978 2421 1267 2476; x_wconf 90' lang='lat' dir='ltr'><strong>incertum</strong></span> <span class='ocrx_word' id='word_1_331' title='bbox 1320 2437 1354 2475; x_wconf 90' lang='lat' dir='ltr'><strong>a</strong></span> <span class='ocrx_word' id='word_1_332' title='bbox 1395 2436 1534 2492; x_wconf 92' lang='lat' dir='ltr'><strong>quo,</strong></span> <span class='ocrx_word' id='word_1_333' title='bbox 1568 2420 1715 2474; x_wconf 73' lang='lat'><strong>467</strong></span> <span class='ocrx_word' id='word_1_334' title='bbox 1754 2434 1805 2472; x_wconf 81' lang='lat' dir='ltr'><strong>Cl</strong></span> 
     </span>
    </p>
   </div>
   <div class='ocr_carea' id='block_1_44' title="bbox 2095 2416 3662 2495">
    <p class='ocr_par' dir='ltr' id='par_1_44' title="bbox 2095 2416 3662 2492">
     <span class='ocr_line' id='line_1_44' title="bbox 2095 2416 3662 2492; baseline 0.004 -24"><span class='ocrx_word' id='word_1_335' title='bbox 2095 2419 2251 2472; x_wconf 74' lang='grc' dir='ltr'>ηκοῦ.</span> <span class='ocrx_word' id='word_1_336' title='bbox 2302 2419 2467 2480; x_wconf 80' lang='grc' dir='ltr'>Ἔνθα</span> <span class='ocrx_word' id='word_1_337' title='bbox 2518 2416 2840 2492; x_wconf 88' lang='grc' dir='ltr'>πολιορκίας</span> <span class='ocrx_word' id='word_1_338' title='bbox 2892 2419 3161 2489; x_wconf 86' lang='grc' dir='ltr'>συστάσης</span> <span class='ocrx_word' id='word_1_339' title='bbox 3200 2417 3287 2474; x_wconf 84' lang='grc' dir='ltr'><strong>καί</strong></span> <span class='ocrx_word' id='word_1_340' title='bbox 3320 2416 3662 2491; x_wconf 79' lang='grc' dir='ltr'>συμπλοκῆς</span> 
     </span>
    </p>
   </div>
   <div class='ocr_carea' id='block_1_45' title="bbox 236 2503 1803 2584">
    <p class='ocr_par' dir='ltr' id='par_1_45' title="bbox 236 2508 1803 2584">
     <span class='ocr_line' id='line_1_45' title="bbox 236 2508 1803 2584; baseline -0.004 -17"><span class='ocrx_word' id='word_1_341' title='bbox 236 2512 587 2584; x_wconf 86' lang='lat' dir='ltr'><strong>imperasset</strong></span> <span class='ocrx_word' id='word_1_342' title='bbox 617 2510 880 2581; x_wconf 85' lang='lat' dir='ltr'><strong>Bulgaris</strong></span> <span class='ocrx_word' id='word_1_343' title='bbox 911 2526 1097 2565; x_wconf 88' lang='lat' dir='ltr'><strong>annos</strong></span> <span class='ocrx_word' id='word_1_344' title='bbox 1127 2510 1184 2576; x_wconf 90' lang='lat'><strong>2,</strong></span> <span class='ocrx_word' id='word_1_345' title='bbox 1210 2526 1442 2564; x_wconf 87' lang='lat' dir='ltr'><strong>menses</strong></span> <span class='ocrx_word' id='word_1_346' title='bbox 1478 2509 1528 2563; x_wconf 85' lang='lat'><strong>5.</strong></span> <span class='ocrx_word' id='word_1_347' title='bbox 1565 2508 1803 2579; x_wconf 60' lang='lat' dir='ltr'><strong>Imperat</strong></span> 
     </span>
    </p>
   </div>
   <div class='ocr_carea' id='block_1_46' title="bbox 2096 2503 3663 2584">
    <p class='ocr_par' dir='ltr' id='par_1_46' title="bbox 2096 2503 3663 2582">
     <span class='ocr_line' id='line_1_46' title="bbox 2096 2503 3663 2582; baseline 0.003 -24"><span class='ocrx_word' id='word_1_348' title='bbox 2096 2505 2293 2577; x_wconf 78' lang='grc' dir='ltr'>ομὲνης</span> <span class='ocrx_word' id='word_1_349' title='bbox 2323 2503 2529 2572; x_wconf 87' lang='grc' dir='ltr'>πίπτει,</span> <span class='ocrx_word' id='word_1_350' title='bbox 2582 2503 2813 2577; x_wconf 84' lang='grc' dir='ltr'>μηδενὸς</span> <span class='ocrx_word' id='word_1_351' title='bbox 2866 2503 3039 2577; x_wconf 79' lang='grc' dir='ltr'>δήλου</span> <span class='ocrx_word' id='word_1_352' title='bbox 3094 2508 3391 2582; x_wconf 73' lang='grc' dir='ltr'>γενομένου</span> <span class='ocrx_word' id='word_1_353' title='bbox 3428 2512 3527 2563; x_wconf 87' lang='grc' dir='ltr'><strong>τοῦ</strong></span> <span class='ocrx_word' id='word_1_354' title='bbox 3560 2529 3663 2562; x_wconf 87' lang='grc' dir='ltr'>κα-</span> 
     </span>
    </p>
   </div>
   <div class='ocr_carea' id='block_1_47' title="bbox 233 2588 1800 2673">
    <p class='ocr_par' dir='ltr' id='par_1_47' title="bbox 233 2596 1798 2673">
     <span class='ocr_line' id='line_1_47' title="bbox 233 2596 1798 2673; baseline -0.004 -17"><span class='ocrx_word' id='word_1_355' title='bbox 233 2618 268 2656; x_wconf 87' lang='lat' dir='ltr'><strong>a</strong></span> <span class='ocrx_word' id='word_1_356' title='bbox 300 2601 569 2673; x_wconf 62' lang='lat' dir='ltr'><strong>praefecto</strong></span> <span class='ocrx_word' id='word_1_357' title='bbox 614 2598 909 2671; x_wconf 82' lang='lat' dir='ltr'><strong>Dyrrachii</strong></span> <span class='ocrx_word' id='word_1_358' title='bbox 958 2598 1285 2668; x_wconf 86' lang='lat' dir='ltr'><strong>Nicephoro</strong></span> <span class='ocrx_word' id='word_1_359' title='bbox 1337 2596 1580 2668; x_wconf 86' lang='lat' dir='ltr'><strong>patricio</strong></span> <span class='ocrx_word' id='word_1_360' title='bbox 1611 2597 1798 2667; x_wconf 87' lang='lat' dir='ltr'><strong>Pegon</strong></span> 
     </span>
    </p>
   </div>
   <div class='ocr_carea' id='block_1_48' title="bbox 2092 2588 3659 2673">
    <p class='ocr_par' dir='ltr' id='par_1_48' title="bbox 2092 2588 3659 2670">
     <span class='ocr_line' id='line_1_48' title="bbox 2092 2588 3659 2670; baseline 0.002 -22"><span class='ocrx_word' id='word_1_361' title='bbox 2092 2588 2403 2663; x_wconf 73' lang='grc' dir='ltr'>ἷεϐληκότος</span> <span class='ocrx_word' id='word_1_362' title='bbox 2436 2592 2618 2651; x_wconf 82' lang='grc' dir='ltr'>αὐτὸν.</span> <span class='ocrx_word' id='word_1_363' title='bbox 2675 2592 2837 2669; x_wconf 79' lang='grc' dir='ltr'>ἄρξας</span> <span class='ocrx_word' id='word_1_364' title='bbox 2876 2594 3213 2670; x_wconf 86' lang='grc' dir='ltr'>Βουλγάρων</span> <span class='ocrx_word' id='word_1_365' title='bbox 3265 2595 3348 2652; x_wconf 78' lang='grc' dir='ltr'><strong>ἐπ’</strong></span> <span class='ocrx_word' id='word_1_366' title='bbox 3374 2596 3659 2660; x_wconf 75' lang='grc' dir='ltr'>ἐνιαυτοὺς</span> 
     </span>
    </p>
   </div>
   <div class='ocr_carea' id='block_1_49' title="bbox 230 2683 1797 2759">
    <p class='ocr_par' dir='ltr' id='par_1_49' title="bbox 230 2685 1795 2755">
     <span class='ocr_line' id='line_1_49' title="bbox 230 2685 1795 2755; baseline -0.005 -10"><span class='ocrx_word' id='word_1_367' title='bbox 230 2690 445 2745; x_wconf 90' lang='lat' dir='ltr'><strong>certior</strong></span> <span class='ocrx_word' id='word_1_368' title='bbox 474 2690 545 2744; x_wconf 92' lang='lat' dir='ltr'><strong>de</strong></span> <span class='ocrx_word' id='word_1_369' title='bbox 578 2693 761 2743; x_wconf 88' lang='lat' dir='ltr'><strong>morte</strong></span> <span class='ocrx_word' id='word_1_370' title='bbox 791 2687 1038 2741; x_wconf 88' lang='lat' dir='ltr'><strong>Joannis</strong></span> <span class='ocrx_word' id='word_1_371' title='bbox 1093 2687 1282 2740; x_wconf 85' lang='lat' dir='ltr'><strong>factus</strong></span> <span class='ocrx_word' id='word_1_372' title='bbox 1333 2685 1531 2740; x_wconf 84' lang='lat' dir='ltr'><strong>statim</strong></span> <span class='ocrx_word' id='word_1_373' title='bbox 1563 2685 1795 2755; x_wconf 82' lang='lat' dir='ltr'><strong>expedit</strong></span> 
     </span>
    </p>
   </div>
   <div class='ocr_carea' id='block_1_50' title="bbox 2097 2683 3664 2759">
    <p class='ocr_par' dir='ltr' id='par_1_50' title="bbox 2097 2683 3664 2759">
     <span class='ocr_line' id='line_1_50' title="bbox 2097 2683 3664 2759; baseline 0.004 -25"><span class='ocrx_word' id='word_1_374' title='bbox 2097 2684 2156 2735; x_wconf 85' lang='grc' dir='ltr'>,αὶ</span> <span class='ocrx_word' id='word_1_375' title='bbox 2192 2690 2361 2755; x_wconf 84' lang='grc' dir='ltr'>μῆνας</span> <span class='ocrx_word' id='word_1_376' title='bbox 2413 2684 2468 2739; x_wconf 86' lang='grc' dir='ltr'><strong>ε’.</strong></span> <span class='ocrx_word' id='word_1_377' title='bbox 2529 2686 2873 2754; x_wconf 80' lang='grc' dir='ltr'>Μηνυθέντος</span> <span class='ocrx_word' id='word_1_378' title='bbox 2932 2683 2989 2739; x_wconf 77' lang='grc' dir='ltr'>δὲ</span> <span class='ocrx_word' id='word_1_379' title='bbox 3037 2690 3117 2757; x_wconf 82' lang='grc' dir='ltr'>τῷ</span> <span class='ocrx_word' id='word_1_380' title='bbox 3179 2683 3394 2759; x_wconf 85' lang='grc' dir='ltr'>βασιλεῖ</span> <span class='ocrx_word' id='word_1_381' title='bbox 3438 2690 3537 2740; x_wconf 92' lang='grc' dir='ltr'><strong>τοῦ</strong></span> <span class='ocrx_word' id='word_1_382' title='bbox 3570 2698 3664 2750; x_wconf 85' lang='grc' dir='ltr'>θα-</span> 
     </span>
    </p>
   </div>
   <div class='ocr_carea' id='block_1_51' title="bbox 231 2770 1798 2851">
    <p class='ocr_par' dir='ltr' id='par_1_51' title="bbox 231 2772 1798 2846">
     <span class='ocr_line' id='line_1_51' title="bbox 231 2772 1798 2846; baseline -0.004 -13"><span class='ocrx_word' id='word_1_383' title='bbox 231 2794 366 2833; x_wconf 86' lang='lat' dir='ltr'><strong>nem</strong></span> <span class='ocrx_word' id='word_1_384' title='bbox 400 2778 559 2833; x_wconf 80' lang='lat' dir='ltr'><strong>facit.</strong></span> <span class='ocrx_word' id='word_1_385' title='bbox 592 2777 860 2846; x_wconf 84' lang='lat' dir='ltr'><strong>Cumque</strong></span> <span class='ocrx_word' id='word_1_386' title='bbox 892 2776 964 2830; x_wconf 88' lang='lat' dir='ltr'><strong>ad</strong></span> <span class='ocrx_word' id='word_1_387' title='bbox 992 2772 1454 2845; x_wconf 88' lang='lat' dir='ltr'><strong>Andrianopolin</strong></span> <span class='ocrx_word' id='word_1_388' title='bbox 1483 2774 1798 2841; x_wconf 73' lang='lat' dir='ltr'><strong>venisset,t</strong></span> 
     </span>
    </p>
   </div>
   <div class='ocr_carea' id='block_1_52' title="bbox 2087 2770 3654 2851">
    <p class='ocr_par' dir='ltr' id='par_1_52' title="bbox 2087 2770 3654 2851">
     <span class='ocr_line' id='line_1_52' title="bbox 2087 2770 3654 2851; baseline 0.003 -26"><span class='ocrx_word' id='word_1_389' title='bbox 2087 2792 2155 2826; x_wconf 79' lang='lat' dir='ltr'><strong>ou</strong></span> <span class='ocrx_word' id='word_1_390' title='bbox 2202 2776 2298 2825; x_wconf 90' lang='grc' dir='ltr'><strong>τοῦ</strong></span> <span class='ocrx_word' id='word_1_391' title='bbox 2356 2771 2607 2827; x_wconf 85' lang='grc' dir='ltr'>Ἰωάννου</span> <span class='ocrx_word' id='word_1_392' title='bbox 2657 2770 2747 2827; x_wconf 81' lang='grc' dir='ltr'>διὰ</span> <span class='ocrx_word' id='word_1_393' title='bbox 2799 2778 2896 2828; x_wconf 85' lang='grc' dir='ltr'><strong>τοῦ</strong></span> <span class='ocrx_word' id='word_1_394' title='bbox 2951 2779 3386 2849; x_wconf 78' lang='grc' dir='ltr'>στρατηγοῦντος</span> <span class='ocrx_word' id='word_1_395' title='bbox 3440 2774 3654 2851; x_wconf 72' lang='grc' dir='ltr'>Δυῤῥα-</span> 
     </span>
    </p>
   </div>
   <div class='ocr_carea' id='block_1_53' title="bbox 234 2862 1883 2929">
    <p class='ocr_par' dir='ltr' id='par_1_53' title="bbox 234 2862 1883 2929">
     <span class='ocr_line' id='line_1_53' title="bbox 234 2862 1883 2929; baseline -0.004 -7"><span class='ocrx_word' id='word_1_396' title='bbox 234 2871 478 2922; x_wconf 88' lang='lat' dir='ltr'><strong>currunt</strong></span> <span class='ocrx_word' id='word_1_397' title='bbox 507 2865 559 2921; x_wconf 89' lang='lat' dir='ltr'><strong>ei</strong></span> <span class='ocrx_word' id='word_1_398' title='bbox 576 2867 756 2921; x_wconf 85' lang='lat' dir='ltr'><strong>frater</strong></span> <span class='ocrx_word' id='word_1_399' title='bbox 772 2868 827 2920; x_wconf 90' lang='lat' dir='ltr'><strong>et</strong></span> <span class='ocrx_word' id='word_1_400' title='bbox 844 2864 1001 2920; x_wconf 84' lang='lat' dir='ltr'><strong>ﬁlius</strong></span> <span class='ocrx_word' id='word_1_401' title='bbox 1022 2863 1232 2919; x_wconf 79' lang='lat' dir='ltr'><strong>famosi</strong></span> <span class='ocrx_word' id='word_1_402' title='bbox 1256 2862 1416 2918; x_wconf 89' lang='lat' dir='ltr'><strong>illius</strong></span> <span class='ocrx_word' id='word_1_403' title='bbox 1438 2862 1883 2929; x_wconf 69' lang='lat' dir='ltr'><strong>Cracrae,la2tum</strong></span> 
     </span>
    </p>
   </div>
   <div class='ocr_carea' id='block_1_54' title="bbox 233 2951 1881 3024">
    <p class='ocr_par' dir='ltr' id='par_1_54' title="bbox 233 2951 1881 3024">
     <span class='ocr_line' id='line_1_54' title="bbox 233 2951 1881 3024; baseline -0.002 -14"><span class='ocrx_word' id='word_1_404' title='bbox 233 2958 488 3010; x_wconf 82' lang='lat' dir='ltr'><strong>ferentes</strong></span> <span class='ocrx_word' id='word_1_405' title='bbox 509 2954 806 3022; x_wconf 87' lang='lat' dir='ltr'><strong>nuntium,</strong></span> <span class='ocrx_word' id='word_1_406' title='bbox 827 2954 1035 3009; x_wconf 89' lang='lat' dir='ltr'><strong>dedere</strong></span> <span class='ocrx_word' id='word_1_407' title='bbox 1053 2969 1114 3007; x_wconf 91' lang='lat' dir='ltr'><strong>se</strong></span> <span class='ocrx_word' id='word_1_408' title='bbox 1136 2952 1471 3024; x_wconf 88' lang='lat' dir='ltr'><strong>imperatori</strong></span> <span class='ocrx_word' id='word_1_409' title='bbox 1493 2951 1716 3007; x_wconf 83' lang='lat' dir='ltr'><strong>celebre</strong></span> <span class='ocrx_word' id='word_1_410' title='bbox 1736 2951 1881 3006; x_wconf 92' lang='lat' dir='ltr'><strong>illud</strong></span> 
     </span>
    </p>
   </div>
   <div class='ocr_carea' id='block_1_55' title="bbox 234 3040 1881 3112">
    <p class='ocr_par' dir='ltr' id='par_1_55' title="bbox 234 3040 1881 3112">
     <span class='ocr_line' id='line_1_55' title="bbox 234 3040 1881 3112; baseline -0.002 -12"><span class='ocrx_word' id='word_1_411' title='bbox 234 3043 542 3100; x_wconf 90' lang='lat' dir='ltr'><strong>Pernicum</strong></span> <span class='ocrx_word' id='word_1_412' title='bbox 573 3048 631 3098; x_wconf 90' lang='lat' dir='ltr'><strong>et</strong></span> <span class='ocrx_word' id='word_1_413' title='bbox 661 3041 779 3098; x_wconf 89' lang='lat' dir='ltr'><strong>alia</strong></span> <span class='ocrx_word' id='word_1_414' title='bbox 814 3044 886 3097; x_wconf 91' lang='lat'><strong>35</strong></span> <span class='ocrx_word' id='word_1_415' title='bbox 915 3040 1193 3108; x_wconf 88' lang='lat' dir='ltr'><strong>castella;</strong></span> <span class='ocrx_word' id='word_1_416' title='bbox 1245 3040 1462 3112; x_wconf 88' lang='lat' dir='ltr'><strong>quibus</strong></span> <span class='ocrx_word' id='word_1_417' title='bbox 1505 3056 1637 3095; x_wconf 89' lang='lat' dir='ltr'><strong>cum</strong></span> <span class='ocrx_word' id='word_1_418' title='bbox 1671 3041 1881 3111; x_wconf 89' lang='lat' dir='ltr'><strong>dignos</strong></span> 
     </span>
    </p>
   </div>
   <div class='ocr_carea' id='block_1_56' title="bbox 234 3128 1879 3201">
    <p class='ocr_par' dir='ltr' id='par_1_56' title="bbox 234 3128 1879 3201">
     <span class='ocr_line' id='line_1_56' title="bbox 234 3128 1879 3201; baseline -0.002 -14"><span class='ocrx_word' id='word_1_419' title='bbox 234 3131 540 3188; x_wconf 90' lang='lat' dir='ltr'><strong>habuisset</strong></span> <span class='ocrx_word' id='word_1_420' title='bbox 567 3130 816 3187; x_wconf 87' lang='lat' dir='ltr'><strong>honores</strong></span> <span class='ocrx_word' id='word_1_421' title='bbox 846 3134 905 3185; x_wconf 92' lang='lat' dir='ltr'><strong>et</strong></span> <span class='ocrx_word' id='word_1_422' title='bbox 933 3129 1201 3185; x_wconf 89' lang='lat' dir='ltr'><strong>Cracram</strong></span> <span class='ocrx_word' id='word_1_423' title='bbox 1252 3130 1341 3199; x_wconf 11' lang='lat' dir='ltr'><strong>ad,</strong></span> <span class='ocrx_word' id='word_1_424' title='bbox 1369 3128 1679 3201; x_wconf 89' lang='lat' dir='ltr'><strong>patriciam</strong></span> <span class='ocrx_word' id='word_1_425' title='bbox 1710 3136 1879 3183; x_wconf 83' lang='lat' dir='ltr'><strong>extu-</strong></span> 
     </span>
    </p>
   </div>
   <div class='ocr_carea' id='block_1_57' title="bbox 1993 2862 3656 2939">
    <p class='ocr_par' dir='ltr' id='par_1_57' title="bbox 1993 2862 3656 2939">
     <span class='ocr_line' id='line_1_57' title="bbox 1993 2862 3656 2939; baseline 0.003 -25"><span class='ocrx_word' id='word_1_426' title='bbox 1993 2862 2125 2936; x_wconf 81' lang='grc' dir='ltr'>χίου</span> <span class='ocrx_word' id='word_1_427' title='bbox 2170 2862 2379 2931; x_wconf 69' lang='grc' dir='ltr'>Νικήτα</span> <span class='ocrx_word' id='word_1_428' title='bbox 2430 2862 2720 2939; x_wconf 86' lang='grc' dir='ltr'>πατρικίου</span> <span class='ocrx_word' id='word_1_429' title='bbox 2764 2867 2862 2917; x_wconf 88' lang='grc' dir='ltr'><strong>τοῦ</strong></span> <span class='ocrx_word' id='word_1_430' title='bbox 2910 2863 3260 2939; x_wconf 87' lang='grc' dir='ltr'>Ηηγωνίτου,</span> <span class='ocrx_word' id='word_1_431' title='bbox 3308 2864 3468 2936; x_wconf 77' lang='grc' dir='ltr'>ὶξεισι</span> <span class='ocrx_word' id='word_1_432' title='bbox 3512 2884 3656 2939; x_wconf 84' lang='grc' dir='ltr'>παρ-</span> 
     </span>
    </p>
   </div>
   <div class='ocr_carea' id='block_1_58' title="bbox 1992 2949 3653 3025">
    <p class='ocr_par' dir='ltr' id='par_1_58' title="bbox 1992 2949 3653 3025">
     <span class='ocr_line' id='line_1_58' title="bbox 1992 2949 3653 3025; baseline 0.001 -20"><span class='ocrx_word' id='word_1_433' title='bbox 1992 2950 2187 3005; x_wconf 87' lang='grc' dir='ltr'>αυτίκα</span> <span class='ocrx_word' id='word_1_434' title='bbox 2244 2951 2273 3004; x_wconf 88' lang='grc' dir='ltr'>ὁ</span> <span class='ocrx_word' id='word_1_435' title='bbox 2334 2949 2609 3025; x_wconf 76' lang='grc' dir='ltr'>βασιλεύς.</span> <span class='ocrx_word' id='word_1_436' title='bbox 2672 2953 2985 3025; x_wconf 73' lang='grc' dir='ltr'>Γενομένῳ·</span> <span class='ocrx_word' id='word_1_437' title='bbox 3022 2949 3069 3006; x_wconf 78' lang='grc' dir='ltr'>δ’</span> <span class='ocrx_word' id='word_1_438' title='bbox 3152 2952 3301 3025; x_wconf 82' lang='grc' dir='ltr'><strong>αὐτῷ</strong></span> <span class='ocrx_word' id='word_1_439' title='bbox 3356 2952 3493 3007; x_wconf 77' lang='grc' dir='ltr'>κατὰ</span> <span class='ocrx_word' id='word_1_440' title='bbox 3546 2954 3653 3022; x_wconf 80' lang='grc' dir='ltr'><strong>τῆν</strong></span> 
     </span>
    </p>
   </div>
   <div class='ocr_carea' id='block_1_59' title="bbox 1991 3038 3653 3119">
    <p class='ocr_par' dir='ltr' id='par_1_59' title="bbox 1991 3038 3653 3119">
     <span class='ocr_line' id='line_1_59' title="bbox 1991 3038 3653 3119; baseline 0.002 -25"><span class='ocrx_word' id='word_1_441' title='bbox 1991 3039 2446 3113; x_wconf 81' lang='grc' dir='ltr'>Ἀδριανούπολιν</span> <span class='ocrx_word' id='word_1_442' title='bbox 2483 3040 2786 3095; x_wconf 77' lang='grc' dir='ltr'>ὑπαντῶσιν</span> <span class='ocrx_word' id='word_1_443' title='bbox 2846 3043 2875 3096; x_wconf 91' lang='lat'><strong>6</strong></span> <span class='ocrx_word' id='word_1_444' title='bbox 2926 3038 3161 3119; x_wconf 81' lang='grc' dir='ltr'>ἀδελφὸς</span> <span class='ocrx_word' id='word_1_445' title='bbox 3198 3046 3298 3096; x_wconf 89' lang='grc' dir='ltr'><strong>τοῦ</strong></span> <span class='ocrx_word' id='word_1_446' title='bbox 3328 3044 3653 3118; x_wconf 72' lang='grc' dir='ltr'>περιφήμου</span> 
     </span>
    </p>
   </div>
   <div class='ocr_carea' id='block_1_60' title="bbox 1991 3128 3648 3205">
    <p class='ocr_par' dir='ltr' id='par_1_60' title="bbox 1991 3128 3648 3205">
     <span class='ocr_line' id='line_1_60' title="bbox 1991 3128 3648 3205; baseline -0.001 -20"><span class='ocrx_word' id='word_1_447' title='bbox 1991 3129 2211 3203; x_wconf 79' lang='grc' dir='ltr'>Κρακρὰ</span> <span class='ocrx_word' id='word_1_448' title='bbox 2264 3129 2351 3183; x_wconf 76' lang='grc' dir='ltr'><strong>καὶ</strong></span> <span class='ocrx_word' id='word_1_449' title='bbox 2421 3130 2449 3183; x_wconf 90' lang='lat'><strong>6</strong></span> <span class='ocrx_word' id='word_1_450' title='bbox 2521 3130 2658 3201; x_wconf 74' lang='grc' dir='ltr'>υίὸς,</span> <span class='ocrx_word' id='word_1_451' title='bbox 2731 3135 3081 3204; x_wconf 82' lang='grc' dir='ltr'>προσχωρεῖν</span> <span class='ocrx_word' id='word_1_452' title='bbox 3165 3128 3648 3205; x_wconf 81' lang='grc' dir='ltr'>εὐαγγελιζόμενοι</span> 
     </span>
    </p>
   </div>
   <div class='ocr_carea' id='block_1_61' title="bbox 1987 3214 3646 3295">
    <p class='ocr_par' dir='ltr' id='par_1_61' title="bbox 1987 3214 3646 3295">
     <span class='ocr_line' id='line_1_61' title="bbox 1987 3214 3646 3295; baseline 0.001 -24"><span class='ocrx_word' id='word_1_453' title='bbox 1987 3217 2049 3271; x_wconf 88' lang='grc' dir='ltr'><strong>τό</strong></span> <span class='ocrx_word' id='word_1_454' title='bbox 2096 3238 2155 3271; x_wconf 85' lang='grc' dir='ltr'><strong>τε</strong></span> <span class='ocrx_word' id='word_1_455' title='bbox 2198 3216 2521 3292; x_wconf 84' lang='grc' dir='ltr'>περίπυςτον</span> <span class='ocrx_word' id='word_1_456' title='bbox 2571 3217 2829 3295; x_wconf 77' lang='grc' dir='ltr'>φρούριον</span> <span class='ocrx_word' id='word_1_457' title='bbox 2880 3217 2970 3272; x_wconf 85' lang='grc' dir='ltr'><strong>τὸν</strong></span> <span class='ocrx_word' id='word_1_458' title='bbox 3022 3216 3277 3293; x_wconf 83' lang='grc' dir='ltr'>Ηέρνικον</span> <span class='ocrx_word' id='word_1_459' title='bbox 3338 3217 3426 3272; x_wconf 84' lang='grc' dir='ltr'><strong>καὶ</strong></span> <span class='ocrx_word' id='word_1_460' title='bbox 3487 3214 3646 3293; x_wconf 84' lang='grc' dir='ltr'>ἔτερα</span> 
     </span>
    </p>
   </div>
   <div class='ocr_carea' id='block_1_62' title="bbox 1988 3305 3643 3379">
    <p class='ocr_par' dir='ltr' id='par_1_62' title="bbox 1988 3305 3643 3379">
     <span class='ocr_line' id='line_1_62' title="bbox 1988 3305 3643 3379; baseline -0.001 -20"><span class='ocrx_word' id='word_1_461' title='bbox 1988 3306 2147 3360; x_wconf 68' lang='grc' dir='ltr'>πέντε</span> <span class='ocrx_word' id='word_1_462' title='bbox 2194 3306 2281 3360; x_wconf 81' lang='grc' dir='ltr'><strong>ἐπὶ</strong></span> <span class='ocrx_word' id='word_1_463' title='bbox 2347 3305 2654 3378; x_wconf 84' lang='grc' dir='ltr'>τριάκοντα.</span> <span class='ocrx_word' id='word_1_464' title='bbox 2716 3306 2825 3369; x_wconf 77' lang='grc' dir='ltr'>Οὕς</span> <span class='ocrx_word' id='word_1_465' title='bbox 2872 3308 3108 3379; x_wconf 73' lang='grc' dir='ltr'>τιμήσας</span> <span class='ocrx_word' id='word_1_466' title='bbox 3182 3306 3346 3377; x_wconf 62' lang='lat' dir='ltr'><strong>agito;</strong></span> <span class='ocrx_word' id='word_1_467' title='bbox 3398 3306 3488 3361; x_wconf 80' lang='grc' dir='ltr'><strong>καὶ</strong></span> <span class='ocrx_word' id='word_1_468' title='bbox 3544 3308 3643 3363; x_wconf 82' lang='grc' dir='ltr'><strong>τὸν</strong></span> 
     </span>
    </p>
   </div>
   <div class='ocr_carea' id='block_1_63' title="bbox 234 3391 1801 3471">
    <p class='ocr_par' dir='ltr' id='par_1_63' title="bbox 234 3397 1801 3471">
     <span class='ocr_line' id='line_1_63' title="bbox 234 3397 1801 3471; baseline -0.004 -17"><span class='ocrx_word' id='word_1_469' title='bbox 234 3399 408 3454; x_wconf 91' lang='lat' dir='ltr'><strong>urbes</strong></span> <span class='ocrx_word' id='word_1_470' title='bbox 438 3399 775 3471; x_wconf 80' lang='lat' dir='ltr'><strong>imperatori</strong></span> <span class='ocrx_word' id='word_1_471' title='bbox 805 3398 1107 3453; x_wconf 88' lang='lat' dir='ltr'><strong>dedentes.</strong></span> <span class='ocrx_word' id='word_1_472' title='bbox 1159 3398 1295 3451; x_wconf 88' lang='lat' dir='ltr'><strong>Inde</strong></span> <span class='ocrx_word' id='word_1_473' title='bbox 1322 3403 1526 3453; x_wconf 86' lang='lat' dir='ltr'><strong>Serras</strong></span> <span class='ocrx_word' id='word_1_474' title='bbox 1556 3397 1801 3467; x_wconf 72' lang='grc' dir='ltr'>ρι-οίὶοίει</span> 
     </span>
    </p>
   </div>
   <div class='ocr_carea' id='block_1_64' title="bbox 2077 3391 3644 3471">
    <p class='ocr_par' dir='ltr' id='par_1_64' title="bbox 2077 3391 3644 3470">
     <span class='ocr_line' id='line_1_64' title="bbox 2077 3391 3644 3470; baseline 0.002 -22"><span class='ocrx_word' id='word_1_475' title='bbox 2077 3401 2234 3469; x_wconf 75' lang='grc' dir='ltr'>ακρᾶν</span> <span class='ocrx_word' id='word_1_476' title='bbox 2288 3393 2341 3456; x_wconf 85' lang='grc' dir='ltr'>ἐς</span> <span class='ocrx_word' id='word_1_477' title='bbox 2398 3395 2491 3449; x_wconf 81' lang='grc' dir='ltr'>τὸν</span> <span class='ocrx_word' id='word_1_478' title='bbox 2540 3400 2647 3450; x_wconf 89' lang='grc' dir='ltr'><strong>τῶν</strong></span> <span class='ocrx_word' id='word_1_479' title='bbox 2701 3396 3003 3470; x_wconf 87' lang='grc' dir='ltr'>πατρικίων</span> <span class='ocrx_word' id='word_1_480' title='bbox 3058 3395 3246 3467; x_wconf 83' lang='grc' dir='ltr'>θρόνον</span> <span class='ocrx_word' id='word_1_481' title='bbox 3306 3391 3644 3459; x_wconf 74' lang='grc' dir='ltr'>ἀναϐιϐάσας</span> 
     </span>
    </p>
   </div>
   <div class='ocr_carea' id='block_1_65' title="bbox 231 3481 1798 3559">
    <p class='ocr_par' dir='ltr' id='par_1_65' title="bbox 231 3485 1798 3557">
     <span class='ocr_line' id='line_1_65' title="bbox 231 3485 1798 3557; baseline -0.003 -14"><span class='ocrx_word' id='word_1_482' title='bbox 231 3493 350 3543; x_wconf 89' lang='lat' dir='ltr'><strong>tur.</strong></span> <span class='ocrx_word' id='word_1_483' title='bbox 383 3488 718 3557; x_wconf 89' lang='lat' dir='ltr'><strong>Eodemque</strong></span> <span class='ocrx_word' id='word_1_484' title='bbox 756 3487 917 3541; x_wconf 82' lang='lat' dir='ltr'><strong>venit</strong></span> <span class='ocrx_word' id='word_1_485' title='bbox 960 3487 1199 3543; x_wconf 87' lang='lat' dir='ltr'><strong>Cracras</strong></span> <span class='ocrx_word' id='word_1_486' title='bbox 1249 3501 1380 3540; x_wconf 89' lang='lat' dir='ltr'><strong>cum</strong></span> <span class='ocrx_word' id='word_1_487' title='bbox 1432 3486 1505 3539; x_wconf 91' lang='lat' dir='ltr'><strong>iis</strong></span> <span class='ocrx_word' id='word_1_488' title='bbox 1538 3485 1635 3556; x_wconf 93' lang='lat' dir='ltr'><strong>qui</strong></span> <span class='ocrx_word' id='word_1_489' title='bbox 1667 3486 1737 3538; x_wconf 87' lang='lat'>35</span> <span class='ocrx_word' id='word_1_490' title='bbox 1767 3485 1798 3539; x_wconf 78' lang='lat' dir='ltr'><strong>il</strong></span> 
     </span>
    </p>
   </div>
   <div class='ocr_carea' id='block_1_66' title="bbox 2082 3481 3649 3559">
    <p class='ocr_par' dir='ltr' id='par_1_66' title="bbox 2082 3481 3649 3559">
     <span class='ocr_line' id='line_1_66' title="bbox 2082 3481 3649 3559; baseline 0.001 -22"><span class='ocrx_word' id='word_1_491' title='bbox 2082 3495 2154 3547; x_wconf 62' lang='grc' dir='ltr'>ᾖεν</span> <span class='ocrx_word' id='word_1_492' title='bbox 2201 3485 2275 3544; x_wconf 52' lang='grc' dir='ltr'>εἲς</span> <span class='ocrx_word' id='word_1_493' title='bbox 2332 3484 2776 3542; x_wconf 80' lang='grc' dir='ltr'>Μοσυνούπολιν.</span> <span class='ocrx_word' id='word_1_494' title='bbox 2835 3488 3097 3548; x_wconf 81' lang='grc' dir='ltr'>Ἐνταῦθα</span> <span class='ocrx_word' id='word_1_495' title='bbox 3145 3482 3203 3539; x_wconf 79' lang='grc' dir='ltr'>δὶ</span> <span class='ocrx_word' id='word_1_496' title='bbox 3254 3486 3343 3539; x_wconf 80' lang='grc' dir='ltr'><strong>καὶ</strong></span> <span class='ocrx_word' id='word_1_497' title='bbox 3391 3481 3649 3559; x_wconf 67' lang='grc' dir='ltr'>πρέσϐεις</span> 
     </span>
    </p>
   </div>
   <div class='ocr_carea' id='block_1_67' title="bbox 230 3568 1797 3673">
    <p class='ocr_par' dir='ltr' id='par_1_67' title="bbox 230 3572 1797 3645">
     <span class='ocr_line' id='line_1_67' title="bbox 230 3572 1797 3645; baseline -0.002 -13"><span class='ocrx_word' id='word_1_498' title='bbox 230 3577 431 3632; x_wconf 86' lang='lat' dir='ltr'><strong>dedita</strong></span> <span class='ocrx_word' id='word_1_499' title='bbox 459 3574 699 3631; x_wconf 86' lang='lat' dir='ltr'><strong>castella</strong></span> <span class='ocrx_word' id='word_1_500' title='bbox 723 3574 1118 3643; x_wconf 85' lang='lat' dir='ltr'><strong>obtinuerant,</strong></span> <span class='ocrx_word' id='word_1_501' title='bbox 1143 3579 1398 3645; x_wconf 84' lang='lat' dir='ltr'><strong>suntque</strong></span> <span class='ocrx_word' id='word_1_502' title='bbox 1430 3572 1746 3629; x_wconf 82' lang='lat' dir='ltr'><strong>honoriﬁce</strong></span> <span class='ocrx_word' id='word_1_503' title='bbox 1774 3590 1797 3629; x_wconf 83' lang='grc' dir='ltr'><strong>ε</strong></span> 
     </span>
    </p>
   </div>
   <div class='ocr_carea' id='block_1_68' title="bbox 2082 3568 3649 3673">
    <p class='ocr_par' dir='ltr' id='par_1_68' title="bbox 2082 3568 3649 3647">
     <span class='ocr_line' id='line_1_68' title="bbox 2082 3568 3649 3647; baseline 0.003 -23"><span class='ocrx_word' id='word_1_504' title='bbox 2082 3594 2118 3625; x_wconf 72' lang='grc' dir='ltr'>»ν</span> <span class='ocrx_word' id='word_1_505' title='bbox 2159 3570 2216 3625; x_wconf 80' lang='grc' dir='ltr'>ἐκ</span> <span class='ocrx_word' id='word_1_506' title='bbox 2271 3570 2609 3646; x_wconf 84' lang='grc' dir='ltr'>Ηελαγονίας</span> <span class='ocrx_word' id='word_1_507' title='bbox 2667 3572 2756 3628; x_wconf 85' lang='grc' dir='ltr'><strong>καὶ</strong></span> <span class='ocrx_word' id='word_1_508' title='bbox 2815 3568 3178 3647; x_wconf 78' lang='grc' dir='ltr'>Μωροϐίσδου</span> <span class='ocrx_word' id='word_1_509' title='bbox 3227 3575 3316 3627; x_wconf 77' lang='grc' dir='ltr'><strong>καὶ</strong></span> <span class='ocrx_word' id='word_1_510' title='bbox 3364 3574 3649 3644; x_wconf 88' lang='grc' dir='ltr'>Λιπενίου,</span> 
     </span>
    </p>
   </div>
   <div class='ocr_carea' id='block_1_69' title="bbox 224 3657 1791 3738">
    <p class='ocr_par' dir='ltr' id='par_1_69' title="bbox 224 3663 1791 3736">
     <span class='ocr_line' id='line_1_69' title="bbox 224 3663 1791 3736; baseline -0.003 -16"><span class='ocrx_word' id='word_1_511' title='bbox 224 3666 397 3736; x_wconf 84' lang='lat' dir='ltr'><strong>cepti.</strong></span> <span class='ocrx_word' id='word_1_512' title='bbox 457 3665 722 3720; x_wconf 83' lang='lat' dir='ltr'><strong>Accessit</strong></span> <span class='ocrx_word' id='word_1_513' title='bbox 775 3665 948 3719; x_wconf 82' lang='lat' dir='ltr'><strong>etiam</strong></span> <span class='ocrx_word' id='word_1_514' title='bbox 1003 3664 1408 3735; x_wconf 84' lang='lat' dir='ltr'><strong>Dragomuzus</strong></span> <span class='ocrx_word' id='word_1_515' title='bbox 1456 3663 1791 3734; x_wconf 71' lang='lat' dir='ltr'><strong>Strumpitz:</strong></span> 
     </span>
    </p>
   </div>
   <div class='ocr_carea' id='block_1_70' title="bbox 2080 3657 3647 3738">
    <p class='ocr_par' dir='ltr' id='par_1_70' title="bbox 2080 3657 3647 3738">
     <span class='ocr_line' id='line_1_70' title="bbox 2080 3657 3647 3738; baseline 0.002 -24"><span class='ocrx_word' id='word_1_516' title='bbox 2080 3657 2394 3715; x_wconf 82' lang='grc' dir='ltr'>&gt;αδιδόντων</span> <span class='ocrx_word' id='word_1_517' title='bbox 2427 3661 2505 3733; x_wconf 83' lang='grc' dir='ltr'>τῷ</span> <span class='ocrx_word' id='word_1_518' title='bbox 2562 3659 2775 3736; x_wconf 88' lang='grc' dir='ltr'>βασιλεῖ</span> <span class='ocrx_word' id='word_1_519' title='bbox 2825 3662 2921 3724; x_wconf 87' lang='grc' dir='ltr'><strong>τὰς</strong></span> <span class='ocrx_word' id='word_1_520' title='bbox 2970 3660 3181 3724; x_wconf 83' lang='grc' dir='ltr'>πόλεις.</span> <span class='ocrx_word' id='word_1_521' title='bbox 3230 3665 3465 3725; x_wconf 83' lang='grc' dir='ltr'>Ἐκεῖθεν</span> <span class='ocrx_word' id='word_1_522' title='bbox 3513 3662 3647 3738; x_wconf 79' lang='grc' dir='ltr'>ἄρας</span> 
     </span>
    </p>
   </div>
   <div class='ocr_carea' id='block_1_71' title="bbox 227 3748 1794 3826">
    <p class='ocr_par' dir='ltr' id='par_1_71' title="bbox 227 3752 1794 3824">
     <span class='ocr_line' id='line_1_71' title="bbox 227 3752 1794 3824; baseline -0.001 -17"><span class='ocrx_word' id='word_1_523' title='bbox 227 3753 468 3823; x_wconf 89' lang='lat' dir='ltr'><strong>dedens,</strong></span> <span class='ocrx_word' id='word_1_524' title='bbox 526 3758 728 3823; x_wconf 89' lang='lat' dir='ltr'><strong>estque</strong></span> <span class='ocrx_word' id='word_1_525' title='bbox 786 3752 1030 3824; x_wconf 91' lang='lat' dir='ltr'><strong>patricio</strong></span> <span class='ocrx_word' id='word_1_526' title='bbox 1091 3752 1308 3806; x_wconf 91' lang='lat' dir='ltr'><strong>honore</strong></span> <span class='ocrx_word' id='word_1_527' title='bbox 1361 3752 1625 3816; x_wconf 73' lang='lat' dir='ltr'><strong>affectus,</strong></span> <span class='ocrx_word' id='word_1_528' title='bbox 1677 3768 1794 3806; x_wconf 80' lang='lat' dir='ltr'><strong>sect</strong></span> 
     </span>
    </p>
   </div>
   <div class='ocr_carea' id='block_1_72' title="bbox 2071 3748 3638 3826">
    <p class='ocr_par' dir='ltr' id='par_1_72' title="bbox 2071 3749 3638 3826">
     <span class='ocr_line' id='line_1_72' title="bbox 2071 3749 3638 3826; baseline 0.001 -23"><span class='ocrx_word' id='word_1_529' title='bbox 2071 3751 2152 3803; x_wconf 78' lang='grc' dir='ltr'>θεν</span> <span class='ocrx_word' id='word_1_530' title='bbox 2193 3750 2245 3804; x_wconf 81' lang='grc' dir='ltr'>ὲν</span> <span class='ocrx_word' id='word_1_531' title='bbox 2304 3749 2550 3826; x_wconf 77' lang='grc' dir='ltr'>Σὲῥραις,</span> <span class='ocrx_word' id='word_1_532' title='bbox 2607 3750 2658 3805; x_wconf 83' lang='grc' dir='ltr'>ἐν</span> <span class='ocrx_word' id='word_1_533' title='bbox 2718 3752 2799 3813; x_wconf 76' lang='grc' dir='ltr'><strong>αἷς</strong></span> <span class='ocrx_word' id='word_1_534' title='bbox 2855 3751 3074 3807; x_wconf 73' lang='grc' dir='ltr'>ἀφίκετο</span> <span class='ocrx_word' id='word_1_535' title='bbox 3128 3752 3156 3805; x_wconf 91' lang='lat'><strong>6</strong></span> <span class='ocrx_word' id='word_1_536' title='bbox 3211 3757 3455 3826; x_wconf 78' lang='grc' dir='ltr'>Κρακρᾶς</span> <span class='ocrx_word' id='word_1_537' title='bbox 3503 3753 3638 3825; x_wconf 80' lang='grc' dir='ltr'>μετᾶ</span> 
     </span>
    </p>
   </div>
   <div class='ocr_carea' id='block_1_73' title="bbox 227 3837 1794 3915">
    <p class='ocr_par' dir='ltr' id='par_1_73' title="bbox 227 3840 1794 3913">
     <span class='ocr_line' id='line_1_73' title="bbox 227 3840 1794 3913; baseline -0.003 -15"><span class='ocrx_word' id='word_1_538' title='bbox 227 3842 530 3898; x_wconf 91' lang='lat' dir='ltr'><strong>adducens</strong></span> <span class='ocrx_word' id='word_1_539' title='bbox 560 3842 735 3897; x_wconf 89' lang='lat' dir='ltr'><strong>etiam</strong></span> <span class='ocrx_word' id='word_1_540' title='bbox 765 3842 1053 3897; x_wconf 89' lang='lat' dir='ltr'><strong>Joannem</strong></span> <span class='ocrx_word' id='word_1_541' title='bbox 1099 3840 1356 3896; x_wconf 75' lang='lat' dir='ltr'><strong>Chaldiae</strong></span> <span class='ocrx_word' id='word_1_542' title='bbox 1403 3840 1737 3913; x_wconf 69' lang='lat' dir='ltr'><strong>praefectum</strong></span> <span class='ocrx_word' id='word_1_543' title='bbox 1772 3858 1794 3913; x_wconf 64' lang='grc' dir='ltr'><strong>ι</strong></span> 
     </span>
    </p>
   </div>
   <div class='ocr_carea' id='block_1_74' title="bbox 2079 3837 3646 3915">
    <p class='ocr_par' dir='ltr' id='par_1_74' title="bbox 2079 3837 3646 3915">
     <span class='ocr_line' id='line_1_74' title="bbox 2079 3837 3646 3915; baseline 0.002 -25"><span class='ocrx_word' id='word_1_544' title='bbox 2079 3859 2091 3890; x_wconf 71' lang='grc' dir='ltr'><em>ο</em></span> <span class='ocrx_word' id='word_1_545' title='bbox 2142 3838 2424 3914; x_wconf 81' lang='grc' dir='ltr'>ἀρχόντων</span> <span class='ocrx_word' id='word_1_546' title='bbox 2474 3843 2582 3893; x_wconf 88' lang='grc' dir='ltr'><strong>τῶν</strong></span> <span class='ocrx_word' id='word_1_547' title='bbox 2643 3840 3022 3915; x_wconf 67' lang='grc' dir='ltr'>προσρυέντων</span> <span class='ocrx_word' id='word_1_548' title='bbox 3084 3837 3160 3893; x_wconf 88' lang='grc' dir='ltr'><strong>λε’</strong></span> <span class='ocrx_word' id='word_1_549' title='bbox 3211 3841 3487 3913; x_wconf 86' lang='grc' dir='ltr'>κάστρων,</span> <span class='ocrx_word' id='word_1_550' title='bbox 3550 3842 3646 3895; x_wconf 85' lang='grc' dir='ltr'><strong>καὶ</strong></span> 
     </span>
    </p>
   </div>
   <div class='ocr_carea' id='block_1_75' title="bbox 227 3924 1794 4005">
    <p class='ocr_par' dir='ltr' id='par_1_75' title="bbox 227 3929 1794 4002">
     <span class='ocr_line' id='line_1_75' title="bbox 227 3929 1794 4002; baseline -0.003 -15"><span class='ocrx_word' id='word_1_551' title='bbox 227 3930 602 4002; x_wconf 88' lang='lat' dir='ltr'><strong>tricium,qui</strong></span> <span class='ocrx_word' id='word_1_552' title='bbox 625 3929 950 3988; x_wconf 86' lang='lat' dir='ltr'><strong>aSamuelo</strong></span> <span class='ocrx_word' id='word_1_553' title='bbox 980 3934 1188 4002; x_wconf 89' lang='lat' dir='ltr'><strong>captus</strong></span> <span class='ocrx_word' id='word_1_554' title='bbox 1220 3930 1278 3985; x_wconf 92' lang='lat' dir='ltr'><strong>in</strong></span> <span class='ocrx_word' id='word_1_555' title='bbox 1313 3930 1579 3985; x_wconf 87' lang='lat' dir='ltr'><strong>custodia</strong></span> <span class='ocrx_word' id='word_1_556' title='bbox 1599 3930 1669 3983; x_wconf 86' lang='lat'><strong>22</strong></span> <span class='ocrx_word' id='word_1_557' title='bbox 1692 3947 1794 3985; x_wconf 80' lang='lat' dir='ltr'><strong>ann</strong></span> 
     </span>
    </p>
   </div>
   <div class='ocr_carea' id='block_1_76' title="bbox 2080 3924 3647 4005">
    <p class='ocr_par' dir='ltr' id='par_1_76' title="bbox 2080 3924 3647 4005">
     <span class='ocr_line' id='line_1_76' title="bbox 2080 3924 3647 4005; baseline 0.002 -25"><span class='ocrx_word' id='word_1_558' title='bbox 2080 3932 2167 3989; x_wconf 73' lang='grc' dir='ltr'>,ῶς</span> <span class='ocrx_word' id='word_1_559' title='bbox 2219 3924 2515 4003; x_wconf 72' lang='grc' dir='ltr'>ὑπεδέχθη.</span> <span class='ocrx_word' id='word_1_560' title='bbox 2581 3928 2900 4005; x_wconf 74' lang='grc' dir='ltr'>ΙΙροσεῤῥύη</span> <span class='ocrx_word' id='word_1_561' title='bbox 2963 3925 3021 3983; x_wconf 67' lang='grc' dir='ltr'>δὲ</span> <span class='ocrx_word' id='word_1_562' title='bbox 3078 3928 3168 3982; x_wconf 80' lang='grc' dir='ltr'><strong>καὶ</strong></span> <span class='ocrx_word' id='word_1_563' title='bbox 3226 3933 3647 4005; x_wconf 82' lang='grc' dir='ltr'>Δραγομοῦζος,</span> 
     </span>
    </p>
   </div>
   <div class='ocr_carea' id='block_1_77' title="bbox 226 4016 1793 4093">
    <p class='ocr_par' dir='ltr' id='par_1_77' title="bbox 226 4018 1793 4091">
     <span class='ocr_line' id='line_1_77' title="bbox 226 4018 1793 4091; baseline -0.002 -16"><span class='ocrx_word' id='word_1_564' title='bbox 226 4021 500 4076; x_wconf 88' lang='lat' dir='ltr'><strong>detentus</strong></span> <span class='ocrx_word' id='word_1_565' title='bbox 532 4022 737 4076; x_wconf 84' lang='lat' dir='ltr'><strong>fuerat.</strong></span> <span class='ocrx_word' id='word_1_566' title='bbox 772 4018 1139 4091; x_wconf 90' lang='lat' dir='ltr'><strong>Simulatque</strong></span> <span class='ocrx_word' id='word_1_567' title='bbox 1158 4019 1526 4091; x_wconf 66' lang='lat' dir='ltr'><strong>Strumpitzas</strong></span> <span class='ocrx_word' id='word_1_568' title='bbox 1557 4019 1793 4090; x_wconf 65' lang='lat' dir='ltr'><strong>imperat</strong></span> 
     </span>
    </p>
   </div>
   <div class='ocr_carea' id='block_1_78' title="bbox 2081 4016 3648 4093">
    <p class='ocr_par' dir='ltr' id='par_1_78' title="bbox 2101 4016 3648 4093">
     <span class='ocr_line' id='line_1_78' title="bbox 2101 4016 3648 4093; baseline 0.001 -22"><span class='ocrx_word' id='word_1_569' title='bbox 2101 4016 2153 4071; x_wconf 78' lang='grc' dir='ltr'>ἐν</span> <span class='ocrx_word' id='word_1_570' title='bbox 2216 4021 2284 4091; x_wconf 78' lang='grc' dir='ltr'><strong>τῇ</strong></span> <span class='ocrx_word' id='word_1_571' title='bbox 2338 4017 2723 4092; x_wconf 83' lang='grc' dir='ltr'>Στρουμπίτζῃ</span> <span class='ocrx_word' id='word_1_572' title='bbox 2792 4019 3161 4093; x_wconf 85' lang='grc' dir='ltr'>παρεσχηκὼς</span> <span class='ocrx_word' id='word_1_573' title='bbox 3208 4018 3299 4073; x_wconf 81' lang='grc' dir='ltr'><strong>καὶ</strong></span> <span class='ocrx_word' id='word_1_574' title='bbox 3349 4017 3648 4092; x_wconf 82' lang='grc' dir='ltr'>πατρίκιος</span> 
     </span>
    </p>
   </div>
   <div class='ocr_carea' id='block_1_79' title="bbox 1981 4101 3649 4182">
    <p class='ocr_par' dir='ltr' id='par_1_79' title="bbox 1981 4101 3649 4182">
     <span class='ocr_line' id='line_1_79' title="bbox 1981 4101 3649 4182; baseline 0.001 -23"><span class='ocrx_word' id='word_1_575' title='bbox 1981 4105 2259 4178; x_wconf 87' lang='grc' dir='ltr'>τιμηθεὶς,</span> <span class='ocrx_word' id='word_1_576' title='bbox 2331 4101 2477 4180; x_wconf 75' lang='grc' dir='ltr'>ἄγων</span> <span class='ocrx_word' id='word_1_577' title='bbox 2563 4106 2680 4177; x_wconf 87' lang='grc' dir='ltr'>μεθ’</span> <span class='ocrx_word' id='word_1_578' title='bbox 2756 4107 2947 4161; x_wconf 64' lang='grc' dir='ltr'>ἑαυτοῦ</span> <span class='ocrx_word' id='word_1_579' title='bbox 3024 4106 3113 4161; x_wconf 79' lang='grc' dir='ltr'><strong>καὶ</strong></span> <span class='ocrx_word' id='word_1_580' title='bbox 3184 4107 3277 4162; x_wconf 89' lang='grc' dir='ltr'>τὸν</span> <span class='ocrx_word' id='word_1_581' title='bbox 3352 4106 3649 4182; x_wconf 79' lang='grc' dir='ltr'>πατρίκιον</span> 
     </span>
    </p>
   </div>
   <div class='ocr_carea' id='block_1_80' title="bbox 1985 4191 3651 4270">
    <p class='ocr_par' dir='ltr' id='par_1_80' title="bbox 1985 4191 3651 4270">
     <span class='ocr_line' id='line_1_80' title="bbox 1985 4191 3651 4270; baseline 0.001 -21"><span class='ocrx_word' id='word_1_582' title='bbox 1985 4195 2238 4264; x_wconf 88' lang='grc' dir='ltr'>Ἰωάννην</span> <span class='ocrx_word' id='word_1_583' title='bbox 2267 4194 2360 4249; x_wconf 89' lang='grc' dir='ltr'>τὸν</span> <span class='ocrx_word' id='word_1_584' title='bbox 2415 4191 2672 4261; x_wconf 79' lang='grc' dir='ltr'>Χαλδίας,</span> <span class='ocrx_word' id='word_1_585' title='bbox 2728 4194 2853 4249; x_wconf 85' lang='grc' dir='ltr'>τότε</span> <span class='ocrx_word' id='word_1_586' title='bbox 2899 4201 3000 4265; x_wconf 84' lang='grc' dir='ltr'><strong>τῆς</strong></span> <span class='ocrx_word' id='word_1_587' title='bbox 3043 4194 3269 4270; x_wconf 85' lang='grc' dir='ltr'>χρονίας</span> <span class='ocrx_word' id='word_1_588' title='bbox 3302 4194 3651 4259; x_wconf 66' lang='grc' dir='ltr'>ἀπολυθέντα</span> 
     </span>
    </p>
   </div>
   <div class='ocr_carea' id='block_1_81' title="bbox 1983 4277 3649 4359">
    <p class='ocr_par' dir='ltr' id='par_1_81' title="bbox 1983 4277 3649 4359">
     <span class='ocr_line' id='line_1_81' title="bbox 1983 4277 3649 4359; baseline 0.001 -22"><span class='ocrx_word' id='word_1_589' title='bbox 1983 4282 2302 4357; x_wconf 81' lang='grc' dir='ltr'>καθείρξεως</span> <span class='ocrx_word' id='word_1_590' title='bbox 2339 4302 2352 4315; x_wconf 77' lang='grc'><strong><em>⁸</em></strong></span> <span class='ocrx_word' id='word_1_591' title='bbox 2414 4277 2575 4358; x_wconf 79' lang='grc' dir='ltr'>ἔτυχε</span> <span class='ocrx_word' id='word_1_592' title='bbox 2629 4283 2732 4358; x_wconf 82' lang='grc' dir='ltr'>γὰρ</span> <span class='ocrx_word' id='word_1_593' title='bbox 2806 4280 2975 4345; x_wconf 80' lang='grc' dir='ltr'>ἁλοὺς</span> <span class='ocrx_word' id='word_1_594' title='bbox 3040 4284 3187 4359; x_wconf 84' lang='grc' dir='ltr'>παρᾶ</span> <span class='ocrx_word' id='word_1_595' title='bbox 3236 4288 3336 4338; x_wconf 91' lang='grc' dir='ltr'><strong>τοῦ</strong></span> <span class='ocrx_word' id='word_1_596' title='bbox 3370 4282 3649 4357; x_wconf 73' lang='grc' dir='ltr'>Σαμουὴλ</span> 
     </span>
    </p>
   </div>
   <div class='ocr_carea' id='block_1_82' title="bbox 1982 4369 3651 4449">
    <p class='ocr_par' dir='ltr' id='par_1_82' title="bbox 1982 4369 3651 4449">
     <span class='ocr_line' id='line_1_82' title="bbox 1982 4369 3651 4449; baseline 0.002 -22"><span class='ocrx_word' id='word_1_597' title='bbox 1982 4371 2073 4427; x_wconf 85' lang='grc' dir='ltr'><strong>καὶ</strong></span> <span class='ocrx_word' id='word_1_598' title='bbox 2127 4371 2215 4426; x_wconf 73' lang='grc' dir='ltr'>ἐπὶ</span> <span class='ocrx_word' id='word_1_599' title='bbox 2274 4370 2443 4427; x_wconf 60' lang='grc' dir='ltr'>εἴκοσι</span> <span class='ocrx_word' id='word_1_600' title='bbox 2495 4371 2586 4426; x_wconf 82' lang='grc' dir='ltr'><strong>καὶ</strong></span> <span class='ocrx_word' id='word_1_601' title='bbox 2645 4369 2740 4427; x_wconf 78' lang='grc' dir='ltr'><strong>δύο</strong></span> <span class='ocrx_word' id='word_1_602' title='bbox 2798 4372 3033 4449; x_wconf 86' lang='grc' dir='ltr'>χρόνους</span> <span class='ocrx_word' id='word_1_603' title='bbox 3080 4371 3153 4427; x_wconf 79' lang='grc' dir='ltr'>ὥν</span> <span class='ocrx_word' id='word_1_604' title='bbox 3202 4372 3254 4427; x_wconf 77' lang='grc' dir='ltr'>ἐν</span> <span class='ocrx_word' id='word_1_605' title='bbox 3297 4376 3365 4446; x_wconf 79' lang='grc' dir='ltr'><strong>τῇ</strong></span> <span class='ocrx_word' id='word_1_606' title='bbox 3398 4370 3651 4449; x_wconf 76' lang='grc' dir='ltr'>φυλακῇ.</span> 
     </span>
    </p>
   </div>
   <div class='ocr_carea' id='block_1_83' title="bbox 1985 4458 3653 4536">
    <p class='ocr_par' dir='ltr' id='par_1_83' title="bbox 1985 4458 3653 4536">
     <span class='ocr_line' id='line_1_83' title="bbox 1985 4458 3653 4536; baseline 0.026 -26"><span class='ocrx_word' id='word_1_607' title='bbox 1985 4462 2144 4536; x_wconf 79' lang='grc' dir='ltr'>Ἀρτι</span> <span class='ocrx_word' id='word_1_608' title='bbox 2196 4458 2253 4516; x_wconf 73' lang='grc' dir='ltr'>δὲ</span> <span class='ocrx_word' id='word_1_609' title='bbox 2303 4465 2372 4535; x_wconf 76' lang='grc' dir='ltr'><strong>τῇ</strong></span> <span class='ocrx_word' id='word_1_610' title='bbox 2431 4459 2819 4535; x_wconf 73' lang='grc' dir='ltr'>Στρουμπίτζῃ</span> <span class='ocrx_word' id='word_1_611' title='bbox 2869 4463 3235 4536; x_wconf 73' lang='grc' dir='ltr'>προσήγγισιν</span> <span class='ocrx_word' id='word_1_612' title='bbox 3287 4462 3315 4516; x_wconf 81' lang='grc' dir='ltr'>δ</span> <span class='ocrx_word' id='word_1_613' title='bbox 3388 4460 3653 4536; x_wconf 67' lang='grc' dir='ltr'><strong>βασιλεὺς</strong></span> 
     </span>
    </p>
   </div>
   <div class='ocr_carea' id='block_1_84' title="bbox 1983 4544 3656 4626">
    <p class='ocr_par' dir='ltr' id='par_1_84' title="bbox 1983 4544 3656 4626">
     <span class='ocr_line' id='line_1_84' title="bbox 1983 4544 3656 4626; baseline 0.001 -23"><span class='ocrx_word' id='word_1_614' title='bbox 1983 4549 2073 4604; x_wconf 88' lang='grc' dir='ltr'><strong>καὶ</strong></span> <span class='ocrx_word' id='word_1_615' title='bbox 2124 4550 2252 4618; x_wconf 80' lang='grc' dir='ltr'>ἧκεν</span> <span class='ocrx_word' id='word_1_616' title='bbox 2311 4550 2339 4604; x_wconf 92' lang='lat'><strong>6</strong></span> <span class='ocrx_word' id='word_1_617' title='bbox 2387 4550 2819 4624; x_wconf 84' lang='grc' dir='ltr'>ἄρχιεπίσκοπος</span> <span class='ocrx_word' id='word_1_618' title='bbox 2878 4549 3217 4626; x_wconf 87' lang='grc' dir='ltr'>Βουλγαρίας</span> <span class='ocrx_word' id='word_1_619' title='bbox 3276 4544 3445 4604; x_wconf 79' lang='grc' dir='ltr'>Δαϐὶὸ</span> <span class='ocrx_word' id='word_1_620' title='bbox 3511 4553 3656 4622; x_wconf 84' lang='grc' dir='ltr'>μετᾶ</span> 
     </span>
    </p>
   </div>
   <div class='ocr_carea' id='block_1_85' title="bbox 1983 4636 3655 4714">
    <p class='ocr_par' dir='ltr' id='par_1_85' title="bbox 1983 4636 3655 4714">
     <span class='ocr_line' id='line_1_85' title="bbox 1983 4636 3655 4714; baseline 0.001 -22"><span class='ocrx_word' id='word_1_621' title='bbox 1983 4637 2321 4714; x_wconf 87' lang='grc' dir='ltr'>γραμμάτων</span> <span class='ocrx_word' id='word_1_622' title='bbox 2407 4636 2616 4712; x_wconf 84' lang='grc' dir='ltr'>Μαρίας</span> <span class='ocrx_word' id='word_1_623' title='bbox 2680 4641 2780 4703; x_wconf 79' lang='grc' dir='ltr'>τῆς</span> <span class='ocrx_word' id='word_1_624' title='bbox 2854 4637 3107 4695; x_wconf 86' lang='grc' dir='ltr'>Ἰωάννου</span> <span class='ocrx_word' id='word_1_625' title='bbox 3184 4638 3461 4713; x_wconf 79' lang='grc' dir='ltr'>γυναικὸς,</span> <span class='ocrx_word' id='word_1_626' title='bbox 3547 4639 3655 4694; x_wconf 83' lang='grc' dir='ltr'>ὑπ-</span> 
     </span>
    </p>
   </div>
   <div class='ocr_carea' id='block_1_86' title="bbox 1988 4723 3652 4802">
    <p class='ocr_par' dir='ltr' id='par_1_86' title="bbox 1988 4723 3652 4802">
     <span class='ocr_line' id='line_1_86' title="bbox 1988 4723 3652 4802; baseline 0.001 -21"><span class='ocrx_word' id='word_1_627' title='bbox 1988 4725 2354 4800; x_wconf 68' lang='grc' dir='ltr'>ισχνουμένης</span> <span class='ocrx_word' id='word_1_628' title='bbox 2410 4725 2661 4795; x_wconf 81' lang='grc' dir='ltr'>ἐκστῆναι</span> <span class='ocrx_word' id='word_1_629' title='bbox 2719 4723 3086 4802; x_wconf 88' lang='grc' dir='ltr'>Βουλγαρίας,</span> <span class='ocrx_word' id='word_1_630' title='bbox 3145 4726 3190 4781; x_wconf 78' lang='grc' dir='ltr'><strong>εἰ</strong></span> <span class='ocrx_word' id='word_1_631' title='bbox 3242 4727 3483 4797; x_wconf 80' lang='grc' dir='ltr'>τεύξεται</span> <span class='ocrx_word' id='word_1_632' title='bbox 3534 4733 3652 4783; x_wconf 85' lang='grc' dir='ltr'><strong>τῶν</strong></span> 
     </span>
    </p>
   </div>
   <div class='ocr_carea' id='block_1_87' title="bbox 224 4812 1791 4891">
    <p class='ocr_par' dir='ltr' id='par_1_87' title="bbox 224 4818 1791 4891">
     <span class='ocr_line' id='line_1_87' title="bbox 224 4818 1791 4891; baseline -0.001 -15"><span class='ocrx_word' id='word_1_633' title='bbox 224 4822 438 4876; x_wconf 87' lang='lat' dir='ltr'><strong>fectum</strong></span> <span class='ocrx_word' id='word_1_634' title='bbox 489 4820 776 4875; x_wconf 88' lang='lat' dir='ltr'><strong>Davidum</strong></span> <span class='ocrx_word' id='word_1_635' title='bbox 827 4818 1143 4890; x_wconf 86' lang='lat' dir='ltr'><strong>patricium</strong></span> <span class='ocrx_word' id='word_1_636' title='bbox 1189 4819 1539 4888; x_wconf 86' lang='lat' dir='ltr'><strong>Arianitam,</strong></span> <span class='ocrx_word' id='word_1_637' title='bbox 1569 4820 1723 4874; x_wconf 74' lang='lat'><strong>468</strong></span> <span class='ocrx_word' id='word_1_638' title='bbox 1775 4838 1791 4891; x_wconf 76' lang='grc' dir='ltr'><strong>ι</strong></span> 
     </span>
    </p>
   </div>
   <div class='ocr_carea' id='block_1_88' title="bbox 2083 4812 3650 4891">
    <p class='ocr_par' dir='ltr' id='par_1_88' title="bbox 2088 4812 3650 4891">
     <span class='ocr_line' id='line_1_88' title="bbox 2088 4812 3650 4891; baseline 0.003 -22"><span class='ocrx_word' id='word_1_639' title='bbox 2088 4816 2121 4869; x_wconf 80' lang='grc' dir='ltr'>ἁ</span> <span class='ocrx_word' id='word_1_640' title='bbox 2149 4814 2370 4872; x_wconf 86' lang='grc' dir='ltr'>σκοπόν.</span> <span class='ocrx_word' id='word_1_641' title='bbox 2402 4816 2705 4885; x_wconf 74' lang='grc' dir='ltr'>Ὑπήντησε</span> <span class='ocrx_word' id='word_1_642' title='bbox 2754 4814 2812 4871; x_wconf 74' lang='grc' dir='ltr'><strong>δὶ</strong></span> <span class='ocrx_word' id='word_1_643' title='bbox 2858 4817 2946 4871; x_wconf 81' lang='grc' dir='ltr'><strong>καὶ</strong></span> <span class='ocrx_word' id='word_1_644' title='bbox 2988 4812 3261 4891; x_wconf 83' lang='grc' dir='ltr'>Βογδάνος</span> <span class='ocrx_word' id='word_1_645' title='bbox 3288 4817 3316 4870; x_wconf 89' lang='grc' dir='ltr'>ὁ</span> <span class='ocrx_word' id='word_1_646' title='bbox 3347 4820 3454 4870; x_wconf 90' lang='grc' dir='ltr'><strong>τῶν</strong></span> <span class='ocrx_word' id='word_1_647' title='bbox 3489 4815 3650 4873; x_wconf 73' lang='grc' dir='ltr'>ἐνδο-</span> 
     </span>
    </p>
   </div>
   <div class='ocr_carea' id='block_1_89' title="bbox 223 4904 1790 4979">
    <p class='ocr_par' dir='ltr' id='par_1_89' title="bbox 223 4906 1790 4978">
     <span class='ocr_line' id='line_1_89' title="bbox 223 4906 1790 4978; baseline -0.001 -15"><span class='ocrx_word' id='word_1_648' title='bbox 223 4906 464 4964; x_wconf 87' lang='lat' dir='ltr'><strong>castella</strong></span> <span class='ocrx_word' id='word_1_649' title='bbox 491 4908 789 4978; x_wconf 86' lang='lat' dir='ltr'><strong>Stypeium</strong></span> <span class='ocrx_word' id='word_1_650' title='bbox 824 4910 880 4961; x_wconf 86' lang='lat' dir='ltr'><strong>et</strong></span> <span class='ocrx_word' id='word_1_651' title='bbox 910 4910 1223 4960; x_wconf 79' lang='lat' dir='ltr'><strong>Prosecum</strong></span> <span class='ocrx_word' id='word_1_652' title='bbox 1250 4906 1578 4974; x_wconf 88' lang='lat' dir='ltr'><strong>revertitur,</strong></span> <span class='ocrx_word' id='word_1_653' title='bbox 1603 4922 1790 4977; x_wconf 72' lang='lat' dir='ltr'><strong>comp:</strong></span> 
     </span>
    </p>
   </div>
   <div class='ocr_carea' id='block_1_90' title="bbox 2080 4904 3647 4979">
    <p class='ocr_par' dir='ltr' id='par_1_90' title="bbox 2080 4904 3647 4979">
     <span class='ocr_line' id='line_1_90' title="bbox 2080 4904 3647 4979; baseline 0.001 -21"><span class='ocrx_word' id='word_1_654' title='bbox 2080 4925 2123 4958; x_wconf 91' lang='grc' dir='ltr'><strong>ω</strong></span> <span class='ocrx_word' id='word_1_655' title='bbox 2177 4904 2420 4978; x_wconf 82' lang='grc' dir='ltr'>κάστρων</span> <span class='ocrx_word' id='word_1_656' title='bbox 2505 4905 2819 4979; x_wconf 83' lang='grc' dir='ltr'>τοπάρχης,</span> <span class='ocrx_word' id='word_1_657' title='bbox 2871 4904 2960 4959; x_wconf 81' lang='grc' dir='ltr'><strong>καὶ</strong></span> <span class='ocrx_word' id='word_1_658' title='bbox 3034 4910 3257 4977; x_wconf 82' lang='grc' dir='ltr'>τιμᾶται</span> <span class='ocrx_word' id='word_1_659' title='bbox 3333 4905 3427 4959; x_wconf 87' lang='grc' dir='ltr'><strong>καὶ</strong></span> <span class='ocrx_word' id='word_1_660' title='bbox 3477 4905 3647 4969; x_wconf 82' lang='grc' dir='ltr'>οὗτος</span> 
     </span>
    </p>
   </div>
   <div class='ocr_carea' id='block_1_91' title="bbox 223 4976 1790 5068">
    <p class='ocr_par' dir='ltr' id='par_1_91' title="bbox 223 4976 1790 5065">
     <span class='ocr_line' id='line_1_91' title="bbox 223 4976 1790 5065; baseline -0.002 -13"><span class='ocrx_word' id='word_1_661' title='bbox 223 4994 555 5052; x_wconf 90' lang='lat' dir='ltr'><strong>cationibus</strong></span> <span class='ocrx_word' id='word_1_662' title='bbox 576 4976 1140 5065; x_wconf 80' lang='lat' dir='ltr'><strong>etgratulationibus</strong></span> <span class='ocrx_word' id='word_1_663' title='bbox 1154 5010 1288 5049; x_wconf 88' lang='lat' dir='ltr'><strong>eum</strong></span> <span class='ocrx_word' id='word_1_664' title='bbox 1311 4994 1725 5049; x_wconf 86' lang='lat' dir='ltr'><strong>venerantibus</strong></span> <span class='ocrx_word' id='word_1_665' title='bbox 1740 4976 1790 5049; x_wconf 82' lang='lat' dir='ltr'><strong>s1</strong></span> 
     </span>
    </p>
   </div>
   <div class='ocr_carea' id='block_1_92' title="bbox 2079 4976 3646 5068">
    <p class='ocr_par' dir='ltr' id='par_1_92' title="bbox 2079 4976 3646 5068">
     <span class='ocr_line' id='line_1_92' title="bbox 2079 4976 3646 5068; baseline 0.002 -21"><span class='ocrx_word' id='word_1_666' title='bbox 2079 4994 2272 5068; x_wconf 77' lang='grc' dir='ltr'>τρίκιος</span> <span class='ocrx_word' id='word_1_667' title='bbox 2300 4976 2374 5056; x_wconf 78' lang='grc' dir='ltr'>ὧς</span> <span class='ocrx_word' id='word_1_668' title='bbox 2418 4993 2506 5048; x_wconf 87' lang='grc' dir='ltr'><strong>καὶ</strong></span> <span class='ocrx_word' id='word_1_669' title='bbox 2538 4976 2808 5048; x_wconf 59' lang='grc' dir='ltr'>πάλαιτὰ</span> <span class='ocrx_word' id='word_1_670' title='bbox 2861 4976 3127 5067; x_wconf 73' lang='grc' dir='ltr'>βασιλέως</span> <span class='ocrx_word' id='word_1_671' title='bbox 3156 4998 3366 5068; x_wconf 81' lang='grc' dir='ltr'>φρονῶν</span> <span class='ocrx_word' id='word_1_672' title='bbox 3424 4996 3517 5048; x_wconf 82' lang='grc' dir='ltr'><strong>καὶ</strong></span> <span class='ocrx_word' id='word_1_673' title='bbox 3548 4996 3646 5050; x_wconf 83' lang='grc' dir='ltr'><strong>τὸν</strong></span> 
     </span>
    </p>
   </div>
   <div class='ocr_carea' id='block_1_93' title="bbox 225 5078 1792 5157">
    <p class='ocr_par' dir='ltr' id='par_1_93' title="bbox 225 5081 1792 5154">
     <span class='ocr_line' id='line_1_93' title="bbox 225 5081 1792 5154; baseline 0 -16"><span class='ocrx_word' id='word_1_674' title='bbox 225 5084 385 5139; x_wconf 80' lang='lat' dir='ltr'><strong>ditis.</strong></span> <span class='ocrx_word' id='word_1_675' title='bbox 419 5084 557 5139; x_wconf 86' lang='lat' dir='ltr'><strong>Inde</strong></span> <span class='ocrx_word' id='word_1_676' title='bbox 586 5084 657 5138; x_wconf 90' lang='lat' dir='ltr'><strong>ad</strong></span> <span class='ocrx_word' id='word_1_677' title='bbox 690 5084 951 5139; x_wconf 85' lang='lat' dir='ltr'><strong>dextram</strong></span> <span class='ocrx_word' id='word_1_678' title='bbox 988 5088 1213 5154; x_wconf 88' lang='lat' dir='ltr'><strong>partem</strong></span> <span class='ocrx_word' id='word_1_679' title='bbox 1246 5081 1540 5138; x_wconf 89' lang='lat' dir='ltr'><strong>inclinans</strong></span> <span class='ocrx_word' id='word_1_680' title='bbox 1561 5083 1792 5139; x_wconf 71' lang='lat' dir='ltr'><strong>AChl‘idt</strong></span> 
     </span>
    </p>
   </div>
   <div class='ocr_carea' id='block_1_94' title="bbox 2084 5078 3651 5157">
    <p class='ocr_par' dir='ltr' id='par_1_94' title="bbox 2084 5078 3651 5157">
     <span class='ocr_line' id='line_1_94' title="bbox 2084 5078 3651 5157; baseline 0.001 -21"><span class='ocrx_word' id='word_1_681' title='bbox 2084 5086 2178 5137; x_wconf 87' lang='grc' dir='ltr'><strong>τοῦ</strong></span> <span class='ocrx_word' id='word_1_682' title='bbox 2209 5083 2461 5157; x_wconf 83' lang='grc' dir='ltr'>πενθερὸν</span> <span class='ocrx_word' id='word_1_683' title='bbox 2517 5078 2723 5137; x_wconf 83' lang='grc' dir='ltr'>ἀνελών</span> <span class='ocrx_word' id='word_1_684' title='bbox 2776 5084 2858 5155; x_wconf 89' lang='grc' dir='ltr'><strong>[Ρ.</strong></span> <span class='ocrx_word' id='word_1_685' title='bbox 2882 5085 3009 5156; x_wconf 85' lang='grc'><strong>713]</strong></span> <span class='ocrx_word' id='word_1_686' title='bbox 3056 5083 3288 5139; x_wconf 70' lang='grc' dir='ltr'>Ἐκεῖθεν</span> <span class='ocrx_word' id='word_1_687' title='bbox 3322 5084 3534 5138; x_wconf 75' lang='grc' dir='ltr'>ἄπεισιν</span> <span class='ocrx_word' id='word_1_688' title='bbox 3570 5082 3651 5149; x_wconf 77' lang='grc' dir='ltr'>εἷς</span> 
     </span>
    </p>
   </div>
   <div class='ocr_carea' id='block_1_95' title="bbox 227 5168 1794 5247">
    <p class='ocr_par' dir='ltr' id='par_1_95' title="bbox 227 5171 1794 5244">
     <span class='ocr_line' id='line_1_95' title="bbox 227 5171 1794 5244; baseline -0.001 -16"><span class='ocrx_word' id='word_1_689' title='bbox 227 5172 572 5244; x_wconf 87' lang='lat' dir='ltr'><strong>ingreditur,</strong></span> <span class='ocrx_word' id='word_1_690' title='bbox 604 5171 801 5243; x_wconf 89' lang='lat' dir='ltr'><strong>ibique</strong></span> <span class='ocrx_word' id='word_1_691' title='bbox 850 5179 1042 5229; x_wconf 87' lang='lat' dir='ltr'><strong>castra</strong></span> <span class='ocrx_word' id='word_1_692' title='bbox 1088 5172 1246 5238; x_wconf 85' lang='lat' dir='ltr'><strong>facit,</strong></span> <span class='ocrx_word' id='word_1_693' title='bbox 1275 5172 1435 5226; x_wconf 90' lang='lat' dir='ltr'><strong>omni</strong></span> <span class='ocrx_word' id='word_1_694' title='bbox 1484 5171 1698 5243; x_wconf 90' lang='lat' dir='ltr'><strong>populo</strong></span> <span class='ocrx_word' id='word_1_695' title='bbox 1740 5188 1794 5227; x_wconf 79' lang='lat' dir='ltr'><strong>ct</strong></span> 
     </span>
    </p>
   </div>
   <div class='ocr_carea' id='block_1_96' title="bbox 2076 5168 3643 5247">
    <p class='ocr_par' dir='ltr' id='par_1_96' title="bbox 2081 5168 3643 5247">
     <span class='ocr_line' id='line_1_96' title="bbox 2081 5168 3643 5247; baseline 0.001 -22"><span class='ocrx_word' id='word_1_696' title='bbox 2081 5170 2312 5239; x_wconf 83' lang='grc' dir='ltr'>Σκόπια,</span> <span class='ocrx_word' id='word_1_697' title='bbox 2345 5172 2431 5226; x_wconf 89' lang='grc' dir='ltr'><strong>καὶ</strong></span> <span class='ocrx_word' id='word_1_698' title='bbox 2493 5170 2791 5246; x_wconf 86' lang='grc' dir='ltr'>στρατηγὸν</span> <span class='ocrx_word' id='word_1_699' title='bbox 2848 5170 3221 5247; x_wconf 80' lang='grc' dir='ltr'>αὐτοκράτορα</span> <span class='ocrx_word' id='word_1_700' title='bbox 3276 5168 3455 5226; x_wconf 64' lang='grc' dir='ltr'>λιπὼν</span> <span class='ocrx_word' id='word_1_701' title='bbox 3492 5170 3643 5246; x_wconf 72' lang='grc' dir='ltr'>ἐντῇ</span> 
     </span>
    </p>
   </div>
   <div class='ocr_carea' id='block_1_97' title="bbox 228 5254 1795 5338">
    <p class='ocr_par' dir='ltr' id='par_1_97' title="bbox 228 5259 1795 5336">
     <span class='ocr_line' id='line_1_97' title="bbox 228 5259 1795 5336; baseline 0 -19"><span class='ocrx_word' id='word_1_702' title='bbox 228 5260 785 5336; x_wconf 69' lang='lat' dir='ltr'><strong>peanibus,plausu</strong></span> <span class='ocrx_word' id='word_1_703' title='bbox 816 5264 872 5317; x_wconf 91' lang='lat' dir='ltr'><strong>et</strong></span> <span class='ocrx_word' id='word_1_704' title='bbox 895 5261 1101 5317; x_wconf 74' lang='lat' dir='ltr'><strong>faustis</strong></span> <span class='ocrx_word' id='word_1_705' title='bbox 1132 5259 1654 5317; x_wconf 85' lang='lat' dir='ltr'><strong>acclamationibus</strong></span> <span class='ocrx_word' id='word_1_706' title='bbox 1676 5277 1795 5317; x_wconf 73' lang='lat' dir='ltr'><strong>occ:</strong></span> 
     </span>
    </p>
   </div>
   <div class='ocr_carea' id='block_1_98' title="bbox 2085 5254 3652 5338">
    <p class='ocr_par' dir='ltr' id='par_1_98' title="bbox 2085 5254 3652 5338">
     <span class='ocr_line' id='line_1_98' title="bbox 2085 5254 3652 5338; baseline 0.001 -23"><span class='ocrx_word' id='word_1_707' title='bbox 2085 5280 2145 5315; x_wconf 58' lang='lat' dir='ltr'><strong>tu</strong></span> <span class='ocrx_word' id='word_1_708' title='bbox 2197 5254 2363 5315; x_wconf 70' lang='grc' dir='ltr'>Δαϐὶδ</span> <span class='ocrx_word' id='word_1_709' title='bbox 2424 5258 2711 5335; x_wconf 87' lang='grc' dir='ltr'>πατρίκιον</span> <span class='ocrx_word' id='word_1_710' title='bbox 2792 5260 2884 5315; x_wconf 84' lang='grc' dir='ltr'><strong>τὸν</strong></span> <span class='ocrx_word' id='word_1_711' title='bbox 2959 5260 3269 5337; x_wconf 85' lang='grc' dir='ltr'>Ἀριανίτην</span> <span class='ocrx_word' id='word_1_712' title='bbox 3345 5259 3652 5338; x_wconf 68' lang='grc' dir='ltr'>ὑπίστρεψε</span> 
     </span>
    </p>
   </div>
   <div class='ocr_carea' id='block_1_99' title="bbox 235 3218 1879 3293">
    <p class='ocr_par' dir='ltr' id='par_1_99' title="bbox 235 3218 1879 3293">
     <span class='ocr_line' id='line_1_99' title="bbox 235 3218 1879 3293; baseline -0.002 -18"><span class='ocrx_word' id='word_1_713' title='bbox 235 3219 402 3277; x_wconf 88' lang='lat' dir='ltr'><strong>lisset</strong></span> <span class='ocrx_word' id='word_1_714' title='bbox 430 3220 800 3293; x_wconf 86' lang='lat' dir='ltr'><strong>dignitatem,</strong></span> <span class='ocrx_word' id='word_1_715' title='bbox 831 3218 1236 3291; x_wconf 82' lang='lat' dir='ltr'><strong>Mosynopolin</strong></span> <span class='ocrx_word' id='word_1_716' title='bbox 1269 3219 1445 3273; x_wconf 88' lang='lat' dir='ltr'><strong>venit.</strong></span> <span class='ocrx_word' id='word_1_717' title='bbox 1470 3218 1685 3274; x_wconf 90' lang='lat' dir='ltr'><strong>Eodem</strong></span> <span class='ocrx_word' id='word_1_718' title='bbox 1710 3233 1879 3272; x_wconf 90' lang='lat' dir='ltr'><strong>vene-</strong></span> 
     </span>
    </p>
   </div>
   <div class='ocr_carea' id='block_1_100' title="bbox 234 3307 1877 3381">
    <p class='ocr_par' dir='ltr' id='par_1_100' title="bbox 234 3307 1877 3381">
     <span class='ocr_line' id='line_1_100' title="bbox 234 3307 1877 3381; baseline -0.002 -17"><span class='ocrx_word' id='word_1_719' title='bbox 234 3316 375 3364; x_wconf 88' lang='lat' dir='ltr'><strong>runt</strong></span> <span class='ocrx_word' id='word_1_720' title='bbox 401 3314 458 3365; x_wconf 90' lang='lat' dir='ltr'><strong>et</strong></span> <span class='ocrx_word' id='word_1_721' title='bbox 486 3310 663 3381; x_wconf 83' lang='lat' dir='ltr'><strong>legati</strong></span> <span class='ocrx_word' id='word_1_722' title='bbox 694 3326 725 3364; x_wconf 91' lang='lat' dir='ltr'><strong>e</strong></span> <span class='ocrx_word' id='word_1_723' title='bbox 754 3308 1064 3379; x_wconf 80' lang='lat' dir='ltr'><strong>Pelagonia</strong></span> <span class='ocrx_word' id='word_1_724' title='bbox 1091 3314 1148 3363; x_wconf 91' lang='lat' dir='ltr'><strong>et</strong></span> <span class='ocrx_word' id='word_1_725' title='bbox 1174 3308 1503 3363; x_wconf 85' lang='lat' dir='ltr'><strong>Morobiedo</strong></span> <span class='ocrx_word' id='word_1_726' title='bbox 1534 3312 1591 3362; x_wconf 91' lang='lat' dir='ltr'><strong>et</strong></span> <span class='ocrx_word' id='word_1_727' title='bbox 1617 3307 1877 3377; x_wconf 89' lang='lat' dir='ltr'><strong>Lipeoio,</strong></span> 
     </span>
    </p>
   </div>
   <div class='ocr_carea' id='block_1_101' title="bbox 227 4108 1875 4180">
    <p class='ocr_par' dir='ltr' id='par_1_101' title="bbox 227 4108 1875 4180">
     <span class='ocr_line' id='line_1_101' title="bbox 227 4108 1875 4180; baseline -0.001 -15"><span class='ocrx_word' id='word_1_728' title='bbox 227 4108 740 4180; x_wconf 89' lang='lat' dir='ltr'><strong>appropinquavit,</strong></span> <span class='ocrx_word' id='word_1_729' title='bbox 773 4110 840 4164; x_wconf 88' lang='lat' dir='ltr'><strong>ad</strong></span> <span class='ocrx_word' id='word_1_730' title='bbox 894 4125 1027 4165; x_wconf 88' lang='lat' dir='ltr'><strong>eum</strong></span> <span class='ocrx_word' id='word_1_731' title='bbox 1077 4108 1237 4164; x_wconf 88' lang='lat' dir='ltr'><strong>venit</strong></span> <span class='ocrx_word' id='word_1_732' title='bbox 1287 4108 1543 4163; x_wconf 84' lang='lat' dir='ltr'><strong>Davidus</strong></span> <span class='ocrx_word' id='word_1_733' title='bbox 1589 4108 1875 4179; x_wconf 66' lang='lat' dir='ltr'><strong>Bulgaria)</strong></span> 
     </span>
    </p>
   </div>
   <div class='ocr_carea' id='block_1_102' title="bbox 227 4196 1876 4269">
    <p class='ocr_par' dir='ltr' id='par_1_102' title="bbox 227 4196 1876 4269">
     <span class='ocr_line' id='line_1_102' title="bbox 227 4196 1876 4269; baseline 0 -16"><span class='ocrx_word' id='word_1_734' title='bbox 227 4196 706 4269; x_wconf 89' lang='lat' dir='ltr'><strong>archiepiscopus</strong></span> <span class='ocrx_word' id='word_1_735' title='bbox 738 4213 872 4252; x_wconf 91' lang='lat' dir='ltr'><strong>cum</strong></span> <span class='ocrx_word' id='word_1_736' title='bbox 920 4196 1130 4252; x_wconf 89' lang='lat' dir='ltr'><strong>litteris</strong></span> <span class='ocrx_word' id='word_1_737' title='bbox 1176 4197 1368 4253; x_wconf 66' lang='lat' dir='ltr'><strong>Maria:</strong></span> <span class='ocrx_word' id='word_1_738' title='bbox 1414 4201 1601 4252; x_wconf 89' lang='lat' dir='ltr'><strong>morte</strong></span> <span class='ocrx_word' id='word_1_739' title='bbox 1628 4196 1876 4253; x_wconf 87' lang='lat' dir='ltr'><strong>Joannis</strong></span> 
     </span>
    </p>
   </div>
   <div class='ocr_carea' id='block_1_103' title="bbox 223 4285 1878 4358">
    <p class='ocr_par' dir='ltr' id='par_1_103' title="bbox 223 4285 1878 4358">
     <span class='ocr_line' id='line_1_103' title="bbox 223 4285 1878 4358; baseline 0.001 -17"><span class='ocrx_word' id='word_1_740' title='bbox 223 4286 437 4356; x_wconf 59' lang='lat' dir='ltr'><strong>vidum,</strong></span> <span class='ocrx_word' id='word_1_741' title='bbox 465 4285 858 4358; x_wconf 87' lang='lat' dir='ltr'><strong>promittentis</strong></span> <span class='ocrx_word' id='word_1_742' title='bbox 882 4302 965 4356; x_wconf 91' lang='lat' dir='ltr'><strong>se,</strong></span> <span class='ocrx_word' id='word_1_743' title='bbox 1000 4288 1172 4342; x_wconf 91' lang='lat' dir='ltr'><strong>modo</strong></span> <span class='ocrx_word' id='word_1_744' title='bbox 1204 4290 1361 4342; x_wconf 87' lang='lat' dir='ltr'><strong>certa</strong></span> <span class='ocrx_word' id='word_1_745' title='bbox 1390 4287 1656 4357; x_wconf 61' lang='lat' dir='ltr'><strong>quaedam</strong></span> <span class='ocrx_word' id='word_1_746' title='bbox 1677 4291 1878 4357; x_wconf 89' lang='lat' dir='ltr'><strong>postu-</strong></span> 
     </span>
    </p>
   </div>
   <div class='ocr_carea' id='block_1_104' title="bbox 223 4373 1875 4446">
    <p class='ocr_par' dir='ltr' id='par_1_104' title="bbox 223 4373 1875 4446">
     <span class='ocr_line' id='line_1_104' title="bbox 223 4373 1875 4446; baseline 0 -16"><span class='ocrx_word' id='word_1_747' title='bbox 223 4374 338 4430; x_wconf 80' lang='lat' dir='ltr'><strong>lata</strong></span> <span class='ocrx_word' id='word_1_748' title='bbox 366 4375 676 4441; x_wconf 88' lang='lat' dir='ltr'><strong>obtineret,</strong></span> <span class='ocrx_word' id='word_1_749' title='bbox 711 4373 986 4446; x_wconf 87' lang='lat' dir='ltr'><strong>Bulgaria</strong></span> <span class='ocrx_word' id='word_1_750' title='bbox 1032 4390 1357 4430; x_wconf 90' lang='lat' dir='ltr'><strong>cessuram.</strong></span> <span class='ocrx_word' id='word_1_751' title='bbox 1403 4374 1668 4430; x_wconf 90' lang='lat' dir='ltr'><strong>Occurrit</strong></span> <span class='ocrx_word' id='word_1_752' title='bbox 1696 4376 1875 4430; x_wconf 88' lang='lat' dir='ltr'><strong>etiam</strong></span> 
     </span>
    </p>
   </div>
   <div class='ocr_carea' id='block_1_105' title="bbox 223 4463 1877 4534">
    <p class='ocr_par' dir='ltr' id='par_1_105' title="bbox 223 4463 1877 4534">
     <span class='ocr_line' id='line_1_105' title="bbox 223 4463 1877 4534; baseline 0.001 -15"><span class='ocrx_word' id='word_1_753' title='bbox 223 4464 534 4534; x_wconf 81' lang='lat' dir='ltr'><strong>Bogdanus</strong></span> <span class='ocrx_word' id='word_1_754' title='bbox 566 4463 910 4518; x_wconf 87' lang='lat' dir='ltr'><strong>interiorum</strong></span> <span class='ocrx_word' id='word_1_755' title='bbox 942 4463 1322 4519; x_wconf 87' lang='lat' dir='ltr'><strong>castellorum</strong></span> <span class='ocrx_word' id='word_1_756' title='bbox 1356 4463 1667 4532; x_wconf 90' lang='lat' dir='ltr'><strong>dominus;</strong></span> <span class='ocrx_word' id='word_1_757' title='bbox 1701 4468 1877 4534; x_wconf 85' lang='lat' dir='ltr'><strong>atque</strong></span> 
     </span>
    </p>
   </div>
   <div class='ocr_carea' id='block_1_106' title="bbox 223 4550 1873 4625">
    <p class='ocr_par' dir='ltr' id='par_1_106' title="bbox 223 4550 1873 4625">
     <span class='ocr_line' id='line_1_106' title="bbox 223 4550 1873 4625; baseline -0.001 -15"><span class='ocrx_word' id='word_1_758' title='bbox 223 4555 348 4625; x_wconf 81' lang='lat' dir='ltr'><strong>ipse</strong></span> <span class='ocrx_word' id='word_1_759' title='bbox 373 4554 549 4609; x_wconf 89' lang='lat' dir='ltr'><strong>etiam</strong></span> <span class='ocrx_word' id='word_1_760' title='bbox 585 4550 827 4624; x_wconf 90' lang='lat' dir='ltr'><strong>patricio</strong></span> <span class='ocrx_word' id='word_1_761' title='bbox 844 4556 1087 4607; x_wconf 92' lang='lat' dir='ltr'><strong>ornatur</strong></span> <span class='ocrx_word' id='word_1_762' title='bbox 1107 4552 1316 4624; x_wconf 84' lang='lat' dir='ltr'><strong>gradu,</strong></span> <span class='ocrx_word' id='word_1_763' title='bbox 1340 4553 1497 4623; x_wconf 89' lang='lat' dir='ltr'><strong>quod</strong></span> <span class='ocrx_word' id='word_1_764' title='bbox 1514 4552 1873 4623; x_wconf 88' lang='lat' dir='ltr'><strong>jampridem</strong></span> 
     </span>
    </p>
   </div>
   <div class='ocr_carea' id='block_1_107' title="bbox 225 4640 1878 4713">
    <p class='ocr_par' dir='ltr' id='par_1_107' title="bbox 225 4640 1878 4713">
     <span class='ocr_line' id='line_1_107' title="bbox 225 4640 1878 4713; baseline -0.001 -15"><span class='ocrx_word' id='word_1_765' title='bbox 225 4643 401 4698; x_wconf 88' lang='lat' dir='ltr'><strong>rebus</strong></span> <span class='ocrx_word' id='word_1_766' title='bbox 431 4640 804 4713; x_wconf 87' lang='lat' dir='ltr'><strong>imperatoris</strong></span> <span class='ocrx_word' id='word_1_767' title='bbox 838 4641 1078 4697; x_wconf 83' lang='lat' dir='ltr'><strong>favisset</strong></span> <span class='ocrx_word' id='word_1_768' title='bbox 1095 4657 1390 4712; x_wconf 89' lang='lat' dir='ltr'><strong>suumque</strong></span> <span class='ocrx_word' id='word_1_769' title='bbox 1414 4656 1681 4697; x_wconf 89' lang='lat' dir='ltr'><strong>socerum</strong></span> <span class='ocrx_word' id='word_1_770' title='bbox 1704 4641 1878 4697; x_wconf 86' lang='lat' dir='ltr'><strong>inter-</strong></span> 
     </span>
    </p>
   </div>
   <div class='ocr_carea' id='block_1_108' title="bbox 222 4729 1876 4802">
    <p class='ocr_par' dir='ltr' id='par_1_108' title="bbox 222 4729 1876 4802">
     <span class='ocr_line' id='line_1_108' title="bbox 222 4729 1876 4802; baseline -0.001 -15"><span class='ocrx_word' id='word_1_771' title='bbox 222 4732 481 4787; x_wconf 83' lang='lat' dir='ltr'><strong>fecisset.</strong></span> <span class='ocrx_word' id='word_1_772' title='bbox 518 4732 659 4786; x_wconf 89' lang='lat' dir='ltr'><strong>Inde</strong></span> <span class='ocrx_word' id='word_1_773' title='bbox 687 4730 898 4801; x_wconf 90' lang='lat' dir='ltr'><strong>Scopia</strong></span> <span class='ocrx_word' id='word_1_774' title='bbox 918 4729 1063 4797; x_wconf 82' lang='lat' dir='ltr'><strong>abit,</strong></span> <span class='ocrx_word' id='word_1_775' title='bbox 1088 4730 1337 4800; x_wconf 89' lang='lat' dir='ltr'><strong>urbique</strong></span> <span class='ocrx_word' id='word_1_776' title='bbox 1368 4729 1708 4802; x_wconf 89' lang='lat' dir='ltr'><strong>relinquens</strong></span> <span class='ocrx_word' id='word_1_777' title='bbox 1732 4748 1876 4802; x_wconf 70' lang='lat' dir='ltr'><strong>pra:-</strong></span> 
     </span>
    </p>
   </div>
   <div class='ocr_carea' id='block_1_109' title="bbox 1418 5432 2444 5491">
    <p class='ocr_par' dir='ltr' id='par_1_109' title="bbox 1418 5432 2444 5491">
     <span class='ocr_line' id='line_1_109' title="bbox 1418 5432 2444 5491; baseline 0.002 -4"><span class='ocrx_word' id='word_1_778' title='bbox 1418 5432 1791 5489; x_wconf 83' lang='lat' dir='ltr'><strong>XYLANDRI</strong></span> <span class='ocrx_word' id='word_1_779' title='bbox 1828 5432 1920 5490; x_wconf 92' lang='lat' dir='ltr'>ET</span> <span class='ocrx_word' id='word_1_780' title='bbox 1959 5432 2178 5491; x_wconf 83' lang='lat' dir='ltr'><strong>GOARI</strong></span> <span class='ocrx_word' id='word_1_781' title='bbox 2217 5432 2444 5489; x_wconf 68' lang='lat' dir='ltr'><strong>NOTE.</strong></span> 
     </span>
    </p>
   </div>
   <div class='ocr_carea' id='block_1_110' title="bbox 298 5573 3646 5652">
    <p class='ocr_par' dir='ltr' id='par_1_110' title="bbox 298 5573 3646 5652">
     <span class='ocr_line' id='line_1_110' title="bbox 298 5573 3646 5652; baseline 0 -17"><span class='ocrx_word' id='word_1_782' title='bbox 298 5578 410 5652; x_wconf 86' lang='lat'><strong>(63)</strong></span> <span class='ocrx_word' id='word_1_783' title='bbox 446 5577 510 5634; x_wconf 91' lang='lat' dir='ltr'><strong>ld</strong></span> <span class='ocrx_word' id='word_1_784' title='bbox 544 5573 813 5652; x_wconf 83' lang='lat' dir='ltr'><strong>vocabuli</strong></span> <span class='ocrx_word' id='word_1_785' title='bbox 843 5574 1431 5652; x_wconf 57' lang='lat' dir='ltr'><strong>:credosigniﬁcare,</strong></span> <span class='ocrx_word' id='word_1_786' title='bbox 1476 5576 1679 5652; x_wconf 74' lang='lat' dir='ltr'><strong>fugite.</strong></span> <span class='ocrx_word' id='word_1_787' title='bbox 1714 5577 1878 5642; x_wconf 88' lang='lat' dir='ltr'><strong>Quod</strong></span> <span class='ocrx_word' id='word_1_788' title='bbox 1986 5575 2196 5632; x_wconf 86' lang='lat' dir='ltr'><strong>Verbis</strong></span> <span class='ocrx_word' id='word_1_789' title='bbox 2226 5575 2617 5652; x_wconf 66' lang='lat' dir='ltr'><strong>Latinis,_vel_</strong></span> <span class='ocrx_word' id='word_1_790' title='bbox 2647 5576 2843 5652; x_wconf 77' lang='lat' dir='ltr'><strong>potius</strong></span> <span class='ocrx_word' id='word_1_791' title='bbox 2887 5575 3069 5647; x_wconf 89' lang='lat' dir='ltr'><strong>Italis,</strong></span> <span class='ocrx_word' id='word_1_792' title='bbox 3115 5577 3324 5652; x_wconf 47' lang='lat' dir='ltr'><strong>Fugite,</strong></span> <span class='ocrx_word' id='word_1_793' title='bbox 3356 5592 3387 5633; x_wconf 89' lang='lat'><em>0</em></span> <span class='ocrx_word' id='word_1_794' title='bbox 3428 5580 3646 5651; x_wconf 60' lang='grc' dir='ltr'><strong>ϐάσεων,</strong></span> 
     </span>
    </p>
   </div>
   <div class='ocr_carea' id='block_1_111' title="bbox 228 5646 3407 5724">
    <p class='ocr_par' dir='ltr' id='par_1_111' title="bbox 228 5646 3407 5724">
     <span class='ocr_line' id='line_1_111' title="bbox 228 5646 3407 5724; baseline -0.001 -15"><span class='ocrx_word' id='word_1_795' title='bbox 228 5646 691 5710; x_wconf 70' lang='lat' dir='ltr'><strong>circumstantiae</strong></span> <span class='ocrx_word' id='word_1_796' title='bbox 709 5654 965 5722; x_wconf 87' lang='lat' dir='ltr'><strong>arguunt</strong></span> <span class='ocrx_word' id='word_1_797' title='bbox 986 5646 1286 5722; x_wconf 64' lang='lat' dir='ltr'><strong>aliqu&#39;anto</strong></span> <span class='ocrx_word' id='word_1_798' title='bbox 1309 5646 1603 5723; x_wconf 76' lang='lat' dir='ltr'><strong>superius.</strong></span> <span class='ocrx_word' id='word_1_799' title='bbox 1631 5651 1780 5706; x_wconf 76' lang='lat' dir='ltr'><strong>XYL.</strong></span> <span class='ocrx_word' id='word_1_800' title='bbox 1810 5679 1881 5693; x_wconf 91' lang='lat'><strong>-</strong></span> <span class='ocrx_word' id='word_1_801' title='bbox 1989 5647 2461 5724; x_wconf 85' lang='lat' dir='ltr'><strong>pronuntiatione</strong></span> <span class='ocrx_word' id='word_1_802' title='bbox 2492 5646 2665 5707; x_wconf 77' lang='lat' dir='ltr'><strong>Italis</strong></span> <span class='ocrx_word' id='word_1_803' title='bbox 2682 5649 2902 5706; x_wconf 82' lang='lat' dir='ltr'><strong>eisdem</strong></span> <span class='ocrx_word' id='word_1_804' title='bbox 2937 5646 3407 5724; x_wconf 54' lang='lat' dir='ltr'><strong>propriaIGoan.</strong></span> 
     </span>
    </p>
   </div>
  </div>
