3972 6146
229 335 309 394 201
1314 331 1860 394 HISTORIARUM
1908 330 2451 395 COMPENDIUM.

3469 338 3588 398 202

225 465 293 521 διὰ
336 471 431 521 τῶν
484 465 759 544 φρουρίων
814 466 1079 521 Στυπείου
1129 485 1187 520 τε
1234 465 1325 520 καὶ
1355 466 1656 540 Προσάκου,
1694 462 1827 535 μετᾶ

1955 470 2124 520 rente.
2160 466 2308 522 Urbs
2339 470 2428 523 est
2458 466 2663 522 Achris
2697 467 2753 521 in
2786 466 3029 523 sublimi
3051 468 3241 540 posita
3268 469 3434 539 colle,
3508 488 3601 529 ro-

226 556 356 612 λιτῶν
384 555 469 610 καὶ
498 554 687 627 ὕμνων
722 552 1145 634 εὖφημούμενος
1204 557 1294 609 καὶ
1352 554 1686 627 τιμώμενος.
1738 552 1841 606 Δῦ-

222 658 286 710 θις
324 643 374 701 δὲ
422 643 583 700 πάλιν
642 646 778 721 πρὸς
835 648 905 700 τὰ
960 642 1105 714 δεξιὰ
1175 646 1439 706 νενευκὼς
1494 641 1703 697 ἄπεισιν
1766 641 1841 703 εἰς

222 732 468 810 Ἀχρίδας,
519 733 739 789 κάκεῖσε
800 732 1219 809 σνρατοπκδείαν
1276 733 1529 804 ἐπήξατο,
1560 737 1657 787 τοῦ
1707 730 1843 787 λαοῦ

221 824 383 886 παντὸς
455 824 590 897 μετὰ
663 824 911 879 παιάνων
977 823 1067 879 καὶ
1137 824 1346 899 κρότων
1414 823 1504 877 καὶ
1558 820 1840 899 εὐφημιῶν

221 919 672 989 προσυπαντῶντος
734 913 906 985 αὐτῷ’
971 913 1135 975 πόλις
1191 911 1249 968 δὲ
1304 916 1339 982 ἡ
1397 912 1589 988 Ἀχρὶς
1628 911 1715 965 ἐπὶ
1746 909 1841 965 λό’

222 1026 305 1081 φου
351 1002 561 1075 κειμένη
627 1002 871 1077 ὑψηλοῦ,
933 1001 1154 1078 ἔγγιστα
1206 1001 1411 1075 λίμνης
1471 1003 1755 1075 μεγίστης,
1789 1001 1838 1070 ἐξ

222 1095 274 1162 ἧς
317 1098 537 1148 ποιεῖται
566 1092 661 1155 τὰς
689 1087 930 1155 ἐκϐολὰς
982 1095 1009 1147 ὁ
1060 1098 1253 1160 Δρῖνος
1284 1092 1530 1164 ποταμὸς
1565 1093 1701 1163 πρὸς
1742 1091 1841 1165 ἅρ-

222 1203 325 1236 κτον
378 1182 492 1249 ἰὼν,
552 1183 662 1236 εἶτα
689 1182 857 1237 νεύων
884 1184 1019 1257 πρὸς
1088 1179 1236 1236 δύσιν
1290 1181 1381 1235 καὶ
1423 1176 1727 1235 εἷ’σϐάλλων
1763 1180 1840 1243 είς

224 1272 271 1325 τὸ
312 1272 477 1327 Ἰόνιον
512 1271 639 1347 περὶ
668 1273 761 1326 τὸν
805 1271 1058 1327 Εἷλισσὸν
1084 1272 1145 1325 τὸ
1177 1270 1459 1348 φρούριον,
1495 1268 1841 1345 μητρόπολις

218 1361 325 1414 οὖσα
370 1362 479 1431 (64)
525 1367 626 1429 τῆς
674 1360 852 1430 πάσης
884 1359 1240 1435 Βουλγαρίας,
1274 1359 1324 1413 ἐν
1469 1358 1557 1412 καὶ
1608 1360 1677 1413 τὰ
1740 1360 1837 1434 βα-

218 1446 363 1503 σίλεια
386 1453 489 1503 τῶν
530 1448 798 1523 βασιλέων
828 1446 1047 1523 ἵδρυντο
1079 1446 1424 1522 Βουλγαρίας
1455 1448 1544 1501 καὶ
1575 1449 1640 1502 τά
1693 1449 1836 1522 χρή·

218 1559 333 1609 ματα
398 1538 922 1613 ἀποτεθησαύριστο·
992 1536 1123 1613 ἅπερ
1200 1538 1415 1607 ἀνοίξας
1488 1539 1515 1592 ὁ
1578 1536 1834 1612 βασιλεὺς

216 1628 314 1703 εὗρε
337 1630 596 1704 χρήματα
624 1626 810 1684 πολλὰ
839 1629 928 1683 καὶ
960 1628 1242 1701 στέμματα
1290 1627 1349 1682 ἐκ
1420 1628 1712 1702 μαργάρων
1741 1626 1831 1680 καὶ

217 1723 548 1794 χρουσοῦφιῖς
606 1717 833 1787 ἐσθῆνας
888 1718 978 1772 καὶ
1037 1722 1247 1793 χρυσοῦ
1306 1716 1581 1787 ἐπισήμου
1636 1737 1834 1784 κεντη-

1952 555 2107 610 xime
2136 555 2327 611 lacum
2363 557 2707 623 maximum,
2729 559 2885 612 unde
2905 557 3121 613 Drinus
3152 558 3365 616 ﬂuvius
3392 578 3458 618 ve
3517 579 3607 617 =us

1954 645 2381 717 septentriones
2410 646 2619 701 efﬂuit.
2643 646 2861 702 Deinde
2881 663 3086 703 versus
3108 649 3469 706 occidentem
3504 652 3602 707 de-

1953 734 2193 791 ﬂectens
2223 734 2283 790 in
2312 735 2537 791 Ionium
2558 735 2816 804 intravit,
2834 738 2989 807 apud
3006 737 3245 794 Hissum
3267 739 3599 803 castellum.

1953 841 2084 895 quae
2112 826 2255 881 urbs
2278 830 2455 896 caput
2472 830 2597 880 erat
2616 827 2798 881 totius
2815 825 3097 896 Bulgaria:
3129 832 3187 883 et
3216 827 3378 900 regia
3397 844 3601 900 regum

1954 913 2255 983 Bulgaria},
2279 914 2479 986 ibique
2501 930 2703 971 eorum
2726 915 2965 986 repositi
2994 916 3282 976 thesauri.
3303 918 3459 982 Quos
3481 919 3601 975 im-

1951 1008 2183 1073 perator
2211 1005 2462 1074 aperuit,
2497 1020 2883 1075 magnamque
2915 1008 3173 1075 pecuniae
3204 1006 3324 1062 vim
3357 1007 3601 1076 invenit,

1950 1097 2005 1146 et
2036 1108 2279 1147 coronas
2308 1110 2378 1147 ex
2409 1093 2728 1148 unionibus
2768 1100 3089 1162 consertas,
3122 1112 3382 1168 auroque
3409 1097 3601 1154 intex-

1951 1185 2041 1235 tas
2073 1186 2284 1247 vestes,
2318 1187 2493 1253 atque
2536 1184 2662 1237 auri
2697 1184 3031 1238 centenaria
3062 1186 3182 1251 100,
3217 1202 3344 1257 quae
3377 1186 3427 1242 is
3459 1204 3603 1243 con-

1949 1269 2274 1341 giariiloeo
2314 1271 2373 1325 in
2421 1270 2640 1326 milites
2688 1288 2827 1326 suos
2859 1273 3135 1344 erogavit.
3190 1273 3298 1329 Ubi
3341 1276 3602 1347 praefecit

1949 1360 2324 1413 Eustathium
2351 1359 2663 1430 patricium
2689 1360 3178 1431 Daphnomelum,
3197 1364 3475 1433 adjuncto
3496 1382 3600 1421 va-

1948 1447 2088 1503 lidio
2120 1450 2389 1520 praesidio
2416 1467 2429 1515 ;
2464 1454 2641 1521 atque
2671 1450 2809 1505 exiit
2837 1450 2894 1505 in
2918 1456 3132 1521 castra,
3162 1454 3502 1526 excepitque
3524 1455 3599 1511 ad

1947 1554 2010 1591 se
2042 1539 2355 1593 adductam
2384 1538 2631 1594 Joannis
2676 1539 3060 1595 Bladisthlabi
3094 1542 3330 1597 viduam
3362 1559 3493 1599 cum
3525 1545 3601 1599 ﬁ-

1943 1626 2039 1681 liis
2074 1627 2260 1683 tribus
2282 1634 2339 1683 et
2359 1645 2460 1683 sex
2477 1629 2740 1684 ﬁliabus:
2766 1630 3091 1685 adducebat
3109 1647 3176 1686 ea
3199 1647 3396 1687 secum
3424 1633 3600 1689 etiam

1943 1717 2210 1787 spurium
2244 1718 2503 1772 Samueli
2555 1717 2741 1773 ﬁlium
2775 1723 2833 1773 et
2881 1719 3030 1774 duas
3080 1719 3233 1775 ﬁlias
3262 1722 3599 1789 Radomeri.

214 1809 341 1880 νάρια
393 1808 605 1879 ἑκατὸν,
666 1809 821 1861 ἅτινα
874 1808 1047 1861 πάντα
1101 1806 1176 1868 είς
1235 1806 1395 1882 ῥὸγας
1450 1805 1676 1860 ἐκένωσε
1730 1809 1829 1869 τῆς

1955 1806 2046 1859 ﬁlii
2095 1807 2373 1876 Samueli,
2408 1824 2472 1861 ac
2522 1806 2674 1862 ﬁlios
2723 1807 3003 1878 quinque,
3056 1810 3128 1863 de
3176 1810 3396 1881 quibus
3441 1812 3595 1867 409

214 1896 313 1967 περὶ
359 1897 517 1951 αὐτὸν
584 1903 852 1971 στρατιᾶς.
904 1898 1231 1967 Ἐπιστήσας
1290 1896 1381 1951 οὗν
1439 1893 1679 1971 ἄρχοντα
1733 1897 1831 1964 τῆς

214 1984 394 2047 πόλεως
442 1985 748 2042 Εὐστάθιον
807 1987 1090 2060 πατρίκιον
1146 1986 1239 2039 τὸν
1300 1982 1697 2062 Δαφνομήλην,
1740 1984 1830 2037 καὶ

216 2074 413 2148 φρουρὰν
472 2071 763 2149 ἀξιόλογον
818 2075 968 2146 αὐτῷ
1008 2072 1153 2139 δοὺς,
1204 2073 1425 2144 ἐξῆλθεν
1458 2074 1533 2135 εἷς
1563 2074 1663 2142 τήν
1692 2092 1830 2148 παρ-

214 2158 422 2235 εμϐολὴν
476 2164 573 2219 καὶ
646 2164 904 2239 ἀχθεῖσαν
960 2164 1034 2225 ὡς
1091 2164 1255 2218 αὐτὸν
1308 2160 1523 2233 ἐδέξατο
1579 2164 1679 2231 τὴν
1738 2183 1831 2237 γυ-

212 2257 337 2306 ναῖκα
387 2254 645 2307 Ἰωάννου
702 2256 800 2307 τοῦ
855 2252 944 2307 καὶ
1002 2247 1443 2319 Βλαδισολάὸου,
1494 2250 1585 2304 σὺν
1652 2250 1827 2325 τρισὶν

212 2341 327 2403 ubi;
380 2341 465 2396 καὶ
524 2340 853 2416 θυγατράσιν
911 2338 963 2412 ἔξ
1025 2341 1366 2417 ἐπαγομένην
1421 2340 1509 2395 καὶ
1568 2346 1826 2416 νοθογενῆ

212 2430 305 2483 υἱὸν
355 2435 445 2485 τοῦ
505 2429 779 2503 Σαμουὴλ
837 2431 927 2485 καὶ
976 2428 1072 2485 δύο
1134 2430 1431 2504 Θυγατὲρας
1485 2426 1831 2503 Ῥαὸομηροῦ

209 2522 287 2573 τοῦ
313 2520 424 2575 υἱοῦ
450 2524 555 2575 τοῦ
589 2518 859 2592 Σαμουὴλ
880 2519 969 2574 καὶ
1000 2520 1159 2574 πέντε
1189 2519 1361 2590 υἱοὺς,
1422 2520 1496 2572 ὧν
1534 2519 1561 2572 6
1612 2519 1685 2579 εἷς
1734 2538 1829 2572 πι-

209 2610 405 2683 πήρωτο
456 2608 591 2673 τοὺς
649 2607 972 2688 ἀφθαλμοὺς
1027 2608 1175 2681 παρὰ
1201 2612 1298 2663 τοῦ
1357 2606 1605 2665 Ἰωάννου
1638 2602 1828 2675 λωϐη-

212 2697 321 2765 θεές,
375 2698 459 2753 ὅτε
515 2700 612 2753 τὸν
664 2696 1005 2772 Ῥαδομηρὸν
1054 2698 1148 2751 τὸν
1180 2697 1295 2751 υἱὸν
1344 2695 1611 2768 Σαμουὴλ
1643 2694 1735 2749 σὺν
1761 2698 1829 2769 τῇ

211 2786 348 2839 αὑτοῦ
374 2788 589 2861 γυναικὶ
642 2785 732 2841 καὶ
779 2784 1132 2859 Βλαδιμηρὸν
1189 2785 1280 2839 τὸν
1337 2785 1534 2839 τούτου
1584 2779 1829 2859 γαμϐρὸν

213 2873 407 2931 ἀνεῖλεν.
438 2878 613 2933 Ἦσαν
644 2872 702 2930 δὲ
738 2874 828 2930 καὶ
863 2872 1036 2947 ἕτεροι
1065 2879 1212 2948 τρεῖς
1244 2874 1355 2929 υἱοὶ
1384 2873 1449 2948 τῇ
1496 2874 1673 2949 Μαρίᾳ
1725 2874 1831 2928 ἀπὸ

208 2969 286 3018 τοῦ
347 2965 605 3023 Ἰωάννου
676 2970 980 3040 ταχθέντες,
1049 2962 1177 3019 ἀλλ’
1235 2962 1465 3038 ἔφθασαν
1528 2960 1831 3038 ἀποδρᾶσαι

214 3052 276 3115 εἰς
322 3055 379 3109 τὸ
432 3051 563 3129 ὄρος
616 3054 709 3109 τὸν
762 3053 1287 3131 Τμῶρον,κορυφήν
1348 3053 1667 3127 ὑπάρχοντα
1721 3056 1828 3107 τῶν

211 3144 478 3216 Κεραυνίων
543 3144 705 3218 ὀρῶν.
765 3146 865 3198 Ἦν
897 3142 1075 3212 ἠπίως
1107 3140 1397 3214 δεξάμενος
1433 3142 1520 3195 καὶ
1557 3139 1831 3216 φιλοφρό-

1943 1912 2097 1951 unus
2128 1896 2313 1951 oculis
2346 1900 2470 1951 erat
2491 1896 2732 1951 orbatus
2760 1897 2831 1951 ab
2846 1896 3226 1970 Joanne,quo
3246 1899 3296 1954 is
3326 1904 3598 1973 tempore

1940 1985 2329 2040 Radomerum
2362 1984 2619 2041 Samueli
2644 1984 2828 2041 ﬁlium
2856 1986 3103 2058 ejusque
3134 2004 3374 2045 uxorem
3405 1993 3464 2044 et
3496 2005 3593 2061 ge-

1942 2091 2147 2130 nerum
2198 2074 2591 2130 Bladimerum
2640 2074 2949 2130 interfecit.
2991 2077 3255 2133 Habebat
3299 2078 3482 2134 Maria
3523 2094 3593 2135 ex

1938 2163 2164 2219 Joanne
2194 2163 2367 2219 etiam
2402 2163 2549 2219 alios
2598 2168 2719 2220 tres
2768 2164 2920 2219 ﬁlios
2954 2182 2966 2220 :
3001 2166 3102 2222 sed
3151 2166 3190 2220 ii
3239 2167 3298 2222 in
3330 2171 3592 2223 montem

1939 2257 2241 2321 Tmorum,
2264 2252 2363 2324 qui
2389 2270 2543 2308 unus
2574 2257 2666 2308 est
2686 2254 2757 2309 de
2782 2253 3102 2310 verticibus
3132 2255 3592 2311 Ceraunicorum

1942 2341 2253 2408 montium,
2285 2340 2690 2411 confugerant.
2741 2342 3064 2412 Imperator
3092 2358 3220 2398 eam
3253 2342 3507 2415 benigne
3538 2346 3599 2398 et

1940 2431 2184 2485 comiter
2202 2434 2499 2502 exceptam
2524 2446 2656 2483 cum
2678 2430 2918 2501 reliquis
2938 2431 3226 2487 asservari
3250 2432 3454 2502 jussit.
3478 2432 3597 2487 Ad—

1934 2521 2261 2590 junxerunt
2291 2536 2353 2574 se
2380 2519 2721 2590 imperatori
2755 2522 3034 2590 prmterea
3054 2519 3140 2574 illi
3170 2521 3349 2576 etiam
3380 2519 3597 2591 Bulga-

1942 2609 2044 2663 rici
2076 2624 2365 2681 proceres,
2397 2608 2771 2678 Nestoritzes,
2799 2608 3052 2664 Zaritzes
3074 2614 3130 2664 et
3153 2609 3358 2679 junior
3381 2610 3599 2664 Dobro-

1942 2715 2162 2768 merus,
2190 2698 2443 2770 quisque
2491 2712 2626 2753 cum
2678 2697 2804 2753 suis
2858 2698 3221 2767 cohortibus,
3253 2697 3599 2771 acceptique

1941 2792 2079 2842 sunt
2109 2788 2377 2856 comiter,
2408 2791 2467 2842 et
2496 2787 2569 2842 ab
2601 2785 2954 2858 imperatore
2984 2786 3059 2843 iis
3091 2792 3155 2842 ut
3183 2787 3313 2859 ipso
3345 2789 3593 2860 dignum

1940 2880 2063 2931 erat
2093 2876 2278 2932 honos
2322 2876 2579 2931 habitus.
2612 2876 2761 2939 Quin
2794 2881 2851 2930 et
2882 2876 3201 2932 Prusianus
3233 2875 3595 2932 Bladisthabi

1941 2966 2098 3020 ﬁlius
2128 2982 2262 3020 cum
2296 2964 2768 3035 fratribus,quos
2791 2964 2849 3019 in
2877 2965 3159 3020 Tmorum
3191 2965 3467 3038 eﬁ‘ugisse
3489 2966 3593 3021 do-

1941 3054 2195 3124 cuimus,
2227 3053 2508 3107 diuturna
2527 3053 2692 3107 fracti
2710 3053 3015 3108 obsidione
3030 3053 3273 3125 (milites
3289 3054 3444 3110 enim
3462 3056 3592 3125 jus-

1942 3160 2010 3198 su
2045 3142 2418 3214 imperatoris
2447 3141 2787 3196 insederant
2818 3144 3105 3197 montium
3140 3144 3486 3214 descensus)
3520 3144 3593 3199 ab

208 3210 295 3294 νως
322 3210 680 3311 φυλάττεσθαι
736 3210 1029 3308 προσέταξε
1086 3210 1375 3305 μετῗὰντῶν
1422 3210 1626 3287 ἄλλων.
1661 3210 1829 3302 Προσ-

1955 3210 2295 3302 imperatore
2326 3230 2514 3286 caveri
2567 3230 2678 3284 sibi
2711 3234 2917 3300 petunt
2962 3235 3020 3285 et
3068 3231 3427 3287 deditionem
3459 3210 3593 3303 pro-

208 3321 355 3389 ἦλθον
409 3321 466 3378 ὃὶ
545 3327 627 3395 τῷ
709 3321 925 3397 βασιλεῖ
978 3323 1067 3376 καὶ
1123 3318 1300 3396 ’ἕτεροι
1364 3327 1674 3397 μεγιστᾶνες
1730 3326 1836 3376 τῶν

212 3411 531 3488 Βουλγάρων,
596 3414 625 3467 6
684 3411 1129 3487 Νεστορίτζης,ὁ
1188 3410 1452 3485 Ζαρίτζης
1488 3410 1577 3465 καὶ
1628 3412 1655 3464 6
1714 3411 1833 3473 νέος

211 3495 567 3574 Δοδρομηρὸς,
627 3501 761 3574 μετὰ
810 3506 917 3554 τῶν
978 3500 1191 3554 οἰκείων
1245 3496 1470 3561 ’ἕκαστος
1517 3497 1832 3574 ταγμάτων·

210 3588 283 3641 καί
334 3588 632 3665 ἐδέχθησαν
685 3591 922 3662 εὐμενῶς
971 3589 1061 3643 καὶ
1114 3586 1413 3663 βασιλικῶς
1473 3589 1832 3659 ἐτιμήθησαν.

211 3676 316 3731 Τότε
364 3679 449 3731 καὶ
500 3678 837 3748 Προυσιανὸς
873 3677 963 3730 καὶ
1013 3677 1065 3731 οἳ
1120 3675 1317 3731 τούτου
1377 3674 1470 3729 δύο
1501 3672 1747 3747 ἀδελφοὶ.
1782 3666 1835 3731 οἱ

207 3770 284 3818 τοῦ
313 3762 732 3831 Βλαδισθλάὸου
784 3763 973 3828 παῖδες
1031 3766 1082 3820 οἱ
1115 3765 1192 3827 εἷς
1240 3766 1331 3819 τὸν
1367 3768 1603 3839 Τμῶρον
1633 3761 1831 3840 φυγόν-

206 3874 292 3925 τες,
342 3856 414 3918 ὡς
484 3854 793 3930 ἔμπροσθεν
856 3854 1097 3928 εἴρηται,
1158 3855 1246 3909 καὶ
1304 3855 1505 3930 χρονίᾳ
1561 3854 1832 3909 κακωθέν-

204 3964 270 4005 15;
320 3942 621 4020 πολιορκίᾳ
668 3948 1015 4015 (στρατιῶται
1068 3944 1169 4019 γὰρ
1226 3944 1566 4019 προσταχθὲν
1624 3942 1681 3998 ἐκ
1741 3946 1831 4019 βα-

208 4031 371 4094 σιλέως
445 4029 905 4108 προσεδρεύοντες
975 4030 1200 4103 ἐτήρουν
1274 4032 1369 4092 τὰς
1424 4027 1687 4095 καθόδους
1732 4036 1830 4086 τοῦ

204 4118 378 4193 ὅρους),
430 4119 920 4197 ὃιακηρυκεύονται
981 4121 1118 4192 πρὸς
1186 4120 1276 4175 τὸν
1340 4118 1567 4194 βασιλέα
1623 4121 1829 4184 πίστεις

204 4209 450 4273 αἰτοῦντες
522 4211 620 4265 καὶ
694 4208 913 4271 ἑαυτοὺς
971 4208 1274 4284 ἐγχειρίσαι
1335 4207 1825 4284 ἐπαγγελλόμενοι.

1946 3322 2227 3388 mittunt;
2260 3319 2475 3391 quibus
2525 3318 2576 3373 is
2622 3318 2962 3373 humaniter
2994 3321 3318 3390 respondit.
3348 3320 3597 3377 Achride

1945 3427 2117 3482 porro
2151 3410 2222 3465 ad
2252 3409 2445 3463 lacum
2480 3410 2726 3479 Pespam
2746 3408 2857 3463 iter
2888 3409 3108 3464 faciens
3130 3410 3246 3464 duo
3279 3410 3478 3465 condit
3501 3426 3597 3465 ca-

1946 3499 2135 3567 stella,
2168 3515 2351 3553 unum
2376 3497 2436 3551 in
2469 3502 2668 3552 monte
2690 3497 3092 3567 interjacente,
3112 3499 3265 3569 quod
3288 3498 3596 3554 Basilidem

1943 3594 2129 3656 vocat,
2155 3587 2401 3641 alterum
2433 3586 2491 3640 in
2521 3586 2677 3641 dicta
2707 3586 2940 3657 palude.
2962 3586 3179 3659 Prespa
3208 3587 3472 3643 Diabolin
3500 3604 3597 3659 pe-

1942 3676 2243 3747 tit,ibique
2267 3684 2455 3729 erecto
2478 3675 2755 3729 tribunali
2776 3675 3128 3730 Prusianum
3154 3693 3290 3731 cum
3317 3678 3596 3733 fratribus

1942 3765 2175 3835 accipit,
2201 3764 2579 3835 orationeque
2610 3763 2779 3834 plena
2812 3764 3203 3819 humanitatis
3234 3766 3594 3835 consolatus,

1940 3870 2074 3908 eum
2108 3853 2398 3924 magistri,
2433 3853 2692 3923 reliquos
2723 3854 2877 3907 470
2908 3853 3155 3924 patricia
3184 3854 3464 3925 dignatur
3494 3872 3595 3910 ex-

1939 3942 2229 3999 cellentia.
2263 3942 2571 3997 Adductus
2600 3946 2691 3997 est
2718 3943 2891 3996 etiam
2920 3943 3144 3998 Ibatzes
3161 3943 3346 3998 oculis
3377 3943 3595 4015 spolia-

1938 4037 2054 4088 tus.
2088 4036 2243 4096 Quos
2274 4048 2389 4103 quo
2422 4037 2590 4103 pacto
2638 4032 2927 4099 amiserit,
2983 4034 3199 4088 referre
3244 4048 3435 4105 operae
3466 4050 3595 4105 pre-

1939 4124 2087 4177 tium
2120 4126 2230 4191 est,
2262 4137 2395 4175 cum
2420 4137 2488 4175 ea
2519 4120 2776 4175 narratio
2800 4120 3143 4191 jucundum
3175 4122 3395 4178 habeat
3424 4124 3597 4196 quip-

1938 4211 2094 4283 piam
2126 4214 2183 4265 et
2213 4208 2584 4265 admirabile.

204 4298 284 4352 Καὶ
332 4300 468 4377 πρὸς
528 4299 626 4373 μὲν
682 4299 906 4360 τούαους
961 4299 989 4353 6
1051 4295 1304 4373 βασιλεὺς
1356 4296 1778 4375 φιλανθρώπούς
1832 4292 2029 4353 ἔδωκεν
2087 4296 2419 4371 ἀποκρίσεις,
2481 4297 2612 4372 ἄρας
2656 4293 2699 4350 δ’
2756 4293 2807 4366 ἐξ
2851 4293 3114 4371 ’Ᾱχρίδος
3140 4292 3357 4373 ἔρχεται
3391 4296 3468 4362 εἷς
3496 4300 3596 4369 τὴν

206 4384 380 4458 λίμνην
409 4389 512 4455 τὴν
547 4385 853 4463 λεγομένην
885 4387 1156 4463 Πρέσπαν,
1181 4386 1231 4441 ἐν
1257 4391 1337 4459 τῷ
1369 4383 1559 4441 διιέναι
1589 4389 1652 4441 τὸ
1687 4386 1879 4460 μεταξὺ
1913 4386 2039 4462 ὅρος
2074 4385 2330 4464 φρούριον
2365 4383 2737 4458 οἷ’κοδομησας
2766 4382 2966 4449 ἄνωθεν
2994 4387 3189 4441 τούτου
3221 4388 3309 4441 καὶ
3341 4385 3601 4443 Βασιλίδα

205 4472 544 4548 ἱπονομᾶσας,
577 4476 671 4531 καὶ
699 4473 879 4551 ἕτερον
913 4476 965 4531 ἐν
992 4479 1060 4550 τῇ
1084 4474 1342 4550 λεχθείσῃ
1376 4473 1569 4548 λίμνῃ.
1603 4476 1699 4532 Ἐκ
1728 4472 1785 4530 δὲ
1814 4474 2065 4551 Ιιρέσπης
2098 4476 2307 4529 ἄπεισιν
2337 4473 2411 4537 εἷς
2435 4475 2533 4543 τὴν
2563 4472 2868 4549 λεγομένην
2899 4470 3175 4547 Διάϐολιν,
3207 4474 3259 4529 ἐν
3432 4496 3601 4548 ματος

210 4563 437 4635 ἀρθέντος
497 4563 720 4639 ὑψηλοῦ
751 4564 1014 4629 εἰσιόντας
1043 4561 1256 4638 ἐδέξατο
1283 4563 1411 4626 τοὺς
1442 4563 1565 4637 περὶ
1594 4565 1685 4619 τὸν
1720 4565 2050 4639 Προυσιανὸν
2085 4566 2165 4637 [Ρ.
2190 4566 2315 4636 714]
2346 4561 2637 4640 ἀδελφοὺς,
2669 4562 2759 4616 καὶ
2792 4561 2984 4638 λόγοις
3042 4563 3301 4618 ἐπιεικέσι
3356 4566 3447 4618 καὶ
3504 4585 3599 4641 φι-

211 4648 531 4729 λανθρώποις
590 4652 1125 4729 παραμυθησάμενος
1180 4657 1374 4707 τοῦτον
1434 4653 1528 4725 μὲν
1594 4653 1907 4730 μάγιστρον,
1945 4654 2074 4715 τοὺς
2108 4650 2164 4707 δὲ
2195 4649 2429 4714 λοιποὺς
2458 4651 2777 4727 πατρικίους
2810 4649 3089 4725 ἐτίμησεν.
3118 4653 3298 4727 Ἥχθη
3335 4648 3393 4705 δὲ
3441 4651 3533 4706 καὶ
3566 4653 3595 4706 6

208 4736 423 4813 Ἰϐἆτζης
447 4744 865 4819 πεπηρωμένοις
900 4738 1043 4818 ἔχων
1073 4743 1168 4806 τὰς
1199 4738 1373 4817 ὄψεις.
1406 4740 1559 4799 Ἀλλ’
1592 4743 1736 4814 ἄξιον
1773 4743 1938 4798 εἰπεῖν
1965 4743 2055 4798 καὶ
2081 4742 2173 4797 τὸν
2198 4741 2400 4817 τρόπον
2430 4748 2529 4811 τῆς
2558 4738 2967 4819 έκτυφλώσεως·
3004 4739 3119 4817 ἔχει
3151 4742 3254 4817 γὰρ
3287 4737 3392 4811 ἡδύ
3419 4762 3472 4796 τι
3502 4742 3594 4796 καὶ

207 4829 482 4904 θαυμαστὸν
516 4835 556 4902 ἡ
588 4830 851 4908 διήγησις

1370 5003 1731 5061 XYLANDRI
1768 5003 1859 5061 ET
1900 5000 2114 5060 GOARI
2153 5001 2383 5059 NOT/E.

1946 5153 2071 5228 περῖ
2101 5154 2163 5209 τὸ
2206 5153 2463 5211 Είλισσὸν
2503 5155 2564 5209 τὸ
2613 5153 3085 5231 φρούρᾼιονομηὶίιίι
3135 5158 3276 5231 tunc
3320 5156 3597 5231 mutilum

1949 5224 2055 5304 aut
2098 5231 2418 5304 obscurum
2451 5224 2661 5304 exstat,
2698 5224 2959 5304 Il_6lt¢_8‘e
3008 5228 3198 5302 Ἀχρῖς
3252 5227 3597 5304 μητρόπολίς

1950 5300 2065 5354 ἐστι
2104 5306 2204 5367 τῆς
2259 5297 2829 5372 πάσηςΒουλγαρίας.
2883 5301 3013 5366 Ipsa
3061 5297 3150 5356 éé‘t
3198 5297 3600 5357 numihatissi-

1956 5391 2069 5445 mai
2102 5373 2202 5426 illa
2247 5371 2585 5445 Justiniana
2635 5371 2838 5445 prima,
2871 5372 3192 5427 Justiniani
3240 5374 3451 5445 patria,
3485 5389 3604 5443 qua

1959 5444 2373 5498 ecclesiasticis
2405 5458 2523 5512 qua
2569 5443 2825 5513 politicis
2851 5460 3065 5515 supra
3100 5443 3386 5515 plurimas
3427 5447 3603 5499 urbes

209 5522 330 5581 rent,
360 5517 562 5591 inquit
592 5516 905 5591 Xylauder.
948 5520 1072 5573 Imo
1104 5534 1218 5591 non
1271 5516 1523 5591 cohaeret
1548 5518 1842 5591 interpres
1952 5521 2169 5591 evecta.
2228 5512 2806 5591 pe_qua_Gregoras
2851 5512 2889 5570 l.
2942 5512 3181 5591 itkipse
3228 5517 3603 5591 Justinianus

211 5584 619 5663 auctori.'Post
648 5584 795 5663 'haac
854 5590 1055 5663 itaque
1091 5590 1281 5663 verba
1326 5585 1518 5663 πόλις
1544 5584 1609 5663 δε
1642 5584 1842 5663 ΔἈχρίς
1953 5586 2189 5663 Ιξέονθιιθ.
2223 5588 2278 5656 2,
2311 5584 2585 5658 Gujacius
2632 5586 2704 5641 ad
2735 5601 2895 5656 eum,
2924 5591 2981 5643 et
3010 5584 3340 5663 Geographi
3370 5603 3599 5644 omnes.

211 5660 534 5734 subjiciatur
565 5659 974 5734 parenthesis,
1008 5661 1181 5733 cujus
1211 5664 1368 5733 meta
1398 5662 1475 5719 sit
1504 5660 1565 5718 in
1596 5659 1690 5717 his
1718 5659 1847 5718 aliis
1954 5660 2136 5717 Gosa.

504 5792 773 5856 ΡΑπιοι..
820 5792 933 5856 Gn.
978 5790 1211 5855 CXXII.
1532 5822 1543 5831 ο

3237 5789 3276 5853 7

260 5158 361 5231 (6i)
387 5158 585 5216 Verba
614 5156 861 5215 minime
892 5157 1203 5225 cohaerent,
1237 5162 1297 5214 et
1324 5156 1427 5231 vix,
1452 5159 1656 5214 dubito
1693 5157 1836 5231 quin

202 5224 354 5301 locus
384 5232 463 5287 sit
512 5232 789 5287 mutilus.
844 5232 1006 5298 Quod
1059 5232 1129 5287 de
1178 5224 1321 5286 urbe
1375 5230 1539 5295 dicit,
1571 5224 1838 5301 eam'ego

204 5298 601 5374 Strumpitzam
650 5303 833 5358 fuisse
881 5302 1147 5373 conjicio.
1202 5303 1431 5358 Ionium
1466 5307 1661 5357 autem
1700 5298 1839 5372 puto

203 5384 378 5430 vocare
420 5392 555 5430 eam
609 5376 907 5445 regionem
966 5392 1094 5445 qua:
1151 5374 1449 5429 Adriatico
1506 5377 1844 5430 immineret

207 5447 348 5511 mari,
379 5449 451 5502 ob
474 5445 867 5501 vicinitatem.
891 5446 1029 5501 XVL.
1051 5478 1120 5487 —
1142 5448 1337 5500 Verba
1368 5446 1617 5499 minime
1648 5445 1839 5499 cohae-
