3968 6140
350 324 471 387 203

1712 328 2031 391 GEORGII
2076 328 2417 391 CEDRENI

3648 330 3771 395 204

418 460 644 514 Mortuo
666 457 1089 526 Bladisthlabo,
1109 475 1240 515 cum
1274 476 1418 515 uxor
1448 460 1519 515 ab
1552 477 1617 516 ea
1649 460 1871 530 relicta,
1897 460 1979 516 {ili

2202 459 2332 515 una
2387 460 2491 536 γὰρ
2547 459 2639 513 τὸν
2692 463 2790 513 τοῖ’)
2820 452 3237 517 Βλαδισθλάϐου
3266 462 3363 514 τοῖ’)
3392 460 3483 514 καὶ
3514 459 3769 518 Ἰωάννου

347 561 671 619 omnesque
694 546 978 620 Bulgariae
1000 564 1267 619 proceres
1283 548 1620 620 imperatori
1643 550 2001 606 deditionem

350 635 651 707 fecissent,
668 637 829 693 solus
860 637 954 692 hic
978 638 1200 693 Ibatzes
1232 639 1481 711 fugiens,
1506 644 1785 710 occupato
1807 644 2003 696 monte

360 741 634 781 accessus
660 727 905 781 habente
926 725 1527 794 difﬁcillimos,arcem
1554 734 1746 783 autem
1780 730 2000 799 regiam

364 813 797 887 perelegantem
822 815 1142 886 hortosque
1170 821 1227 871 et
1257 816 1372 872 alia
1397 816 1825 873 oblectamenta
1858 835 1999 889 prae-

347 902 505 959 clara
534 904 904 976 (Brochotum
956 905 1217 976 quidam,
1252 904 1350 961 alii
1400 906 1711 962 Pronistan
1745 907 1998 977 vocant),

347 1001 511 1058 solus
542 1002 643 1058 Dei
672 1002 956 1059 voluntati
988 1021 1117 1059 sese
1140 1005 1492 1076 opponebat,
1519 1004 1830 1076 copiasque
1856 1022 2000 1075 pau-

345 1085 511 1143 latim
541 1088 821 1161 colligens
847 1090 1225 1145 rebellionem
1268 1090 1645 1157 moliebatur,
1679 1092 1995 1163 imperium

344 1176 720 1249 Bulgaricum
771 1180 1094 1235 somnians.
1148 1180 1310 1234 Haud
1365 1181 1633 1253 exiguam
1686 1181 1740 1235 id
1777 1181 1995 1236 factum

343 1264 687 1339 imperatori
737 1267 935 1324 attulit
983 1267 1312 1324 molestiam
1350 1286 1363 1324 :
1398 1270 1647 1341 ideoque
1694 1272 1851 1325 recto
1899 1271 1995 1324 iti-

340 1371 479 1411 nere
509 1357 729 1413 omisso
760 1359 833 1413 ad
882 1359 1186 1413 meridiem
1236 1359 1568 1425 declinavit,
1611 1359 1997 1431 Diabolinque

338 1460 402 1500 se
431 1446 701 1513 contulit,
735 1452 802 1502 ut
849 1451 952 1502 aut
982 1447 1265 1503 desistere
1316 1449 1388 1503 ab
1438 1449 1618 1503 armis
1650 1450 1993 1504 seditiosum

337 1532 525 1590 istum
555 1540 790 1607 cogeret
819 1542 920 1592 aut
942 1536 1093 1592 bello
1116 1536 1486 1609 opprimeret.
1514 1537 1595 1592 lbi
1621 1554 1757 1609 ergo
1776 1538 1993 1609 degens

338 1622 685 1697 aliquandiu
737 1627 969 1682 Ibatzen
1025 1642 1128 1699 per
1176 1626 1401 1683 litteras
1457 1627 1726 1683 hortatus
1774 1632 1864 1682 est
1920 1643 1993 1682 ne

334 1713 611 1785 Bulgaria
635 1716 882 1771 subacta
911 1715 1074 1772 solus
1096 1716 1221 1788 ipse
1238 1716 1519 1773 rebellare
1545 1717 1737 1783 vellet,
1762 1733 1903 1773 neve
1924 1733 1993 1774 ea

2114 548 2334 613 θάνατον
2364 548 2454 604 καὶ
2484 555 2584 619 τῆς
2615 549 2867 625 γυναικὸς
2917 548 3083 603 αὐτοῦ
3112 548 3324 623 Μαρίας
3361 549 3452 603 καὶ
3497 553 3605 604 τῶν
3638 550 3768 605 ταύ-

2109 660 2210 709 της
2265 636 2473 694 παίδων
2505 639 2899 714 προσχώρησιν
2958 638 3047 693 καὶ
3086 639 3184 707 τήν
3213 642 3319 693 τῶν
3382 636 3570 695 ἄλλων
3603 637 3768 695 δυνα-

2112 732 2249 782 στῶν
2306 729 2520 799 ἀπάσης
2577 726 2919 801 Βουλγαρίας
2952 727 3195 796 ὑπακοὴν
3260 728 3288 782 6
3320 722 3571 798 Ἰϐἀτζης
3602 729 3767 791 οὗτος

2111 818 2291 893 φυγὼν
2350 816 2439 871 καὶ
2492 812 2543 871 ἔν
2599 837 2704 870 τινι
2763 811 3012 888 δυσϐάτῳ
3073 816 3365 892 γενόμενος
3422 813 3540 891 ὄρει
3600 822 3767 892 (Βρο-

2109 907 2293 981 χωτὸς
2350 905 2548 975 κλῆσις
2612 906 2784 979 αὐτῷ)
2824 904 3070 978 βασίλειά
3120 927 3179 961 τε
3233 902 3416 981 ἔχοντι
3447 906 3761 980 περικαλλῆ

2112 994 2426 1068 (Προνίσταν
2493 998 2661 1050 ταῦτα
2730 993 2983 1069 καλοῦσι)
3065 996 3156 1049 καὶ
3230 992 3591 1070 παραδείσους
3672 999 3765 1052 xui

2108 1083 2438 1144 ἀπολαύσεις
2498 1083 2598 1138 οὐκ
2644 1082 2943 1158 ἀπρεπεῖς,
3010 1082 3222 1153 ὗπεῖξαι
3278 1088 3395 1146 τοῖς
3455 1083 3765 1157 θελήμασιν

2107 1171 2206 1227 οὐκ
2263 1167 2520 1228 ἐϐούλετο
2576 1171 2674 1228 τοῦ
2734 1177 2888 1240 Θεοῦ,
2950 1169 3096 1227 ἀλλὰ
3126 1169 3352 1245 δύναμιν
3406 1172 3466 1228 ἐκ
3500 1179 3598 1229 τοῦ
3627 1178 3767 1230 κατά

2110 1271 2300 1345 μικρὸν
2396 1271 2711 1347 συνεγείρων
2819 1270 3112 1324 ἀνεστάτου
3219 1270 3286 1325 τὰ
3387 1273 3766 1347 παρακείμενα

2103 1359 2193 1414 καὶ
2251 1358 2577 1413 ἀποστασίαν
2639 1356 2869 1431 ἐμελέτα
2911 1358 2999 1413 καὶ
3040 1360 3141 1428 τὴν
3190 1357 3571 1435 Βουλγαρικῆν
3604 1361 3763 1417 ὠνει-

2106 1448 2336 1524 ροπόλει
2388 1449 2590 1522 ἀρχήν.
2645 1453 2812 1503 Τοῦτο
2875 1447 2935 1503 οὐ
3001 1453 3211 1522 μικρῶς
3266 1448 3457 1504 ἐλύπει
3517 1450 3610 1505 τὸν
3670 1451 3761 1526 βα-

2104 1535 2279 1608 σιλέα,
2327 1538 2418 1592 καὶ
2468 1534 2555 1591 διὰ
2602 1542 2762 1592 τοῦτο
2793 1541 2891 1592 τοῦ
2920 1538 3035 1592 κατ’
3067 1536 3273 1601 εὐθεῖαν
3330 1537 3596 1613 ἀφέμενος
3653 1561 3763 1595 πο-

2102 1626 2347 1700 ρεύεσθαι
2427 1624 2684 1682 ἀπέκλινε
2752 1627 2889 1701 πρὸς
2971 1621 3365 1701 μεσημϐρίαν,
3449 1628 3540 1681 καὶ
3622 1632 3763 1684 κατὰ

2098 1717 2197 1784 τήν
2266 1716 2563 1792 εἰρημένην
2638 1715 2849 1791 ἐγένετο
2929 1710 3237 1787 Διάϐολιν,
3297 1715 3373 1778 ὡς
3436 1715 3473 1785 ἢ
3532 1738 3763 1773 κατανα-

336 1802 449 1857 sibi
481 1803 741 1873 polliceri
772 1821 921 1860 vana
942 1821 1046 1876 spe
1068 1822 1197 1877 quae
1228 1805 1473 1878 adipisci
1493 1806 1763 1877 nequiret
1787 1823 1800 1861 :
1827 1823 1903 1876 eo;

2192 1825 2307 1859 :cwv
2361 1806 2577 1868 πάντως
2634 1806 2725 1860 τὸν
2786 1805 3094 1876 ἀποστάτην
3152 1806 3460 1860 καταθεῖναι
3491 1806 3560 1861 τὰ
3608 1807 3759 1863 ὅπλα

2119 1895 2133 1917 \

333 1894 487 1948 taret
516 1892 671 1948 hunc
722 1893 833 1949 sibi
884 1898 1149 1949 conatum
1205 1895 1359 1950 male
1407 1911 1733 1951 cessurum.
1776 1897 1860 1950 Ad
1892 1912 1988 1953 eas

333 1980 557 2039 litteras
616 1983 841 2038 Ibatzes
899 1982 982 2039 ita
1039 1982 1343 2055 rescripsit
1391 1988 1455 2038 ut
1505 1985 1701 2039 omnis
1758 1985 1987 2057 generis

329 2087 475 2127 usus
530 2072 907 2143 prmtextibus
966 2089 1087 2128 rem
1145 2072 1492 2141 extraheret,
1545 2072 1988 2145 imperatorque

330 2160 403 2216 ab
434 2176 501 2215 eo
533 2160 787 2216 laetatus
834 2160 1265 2232 quinquaginta
1313 2161 1577 2232 quinque
1626 2161 1752 2216 dies
1783 2167 1988 2219 contra

332 2250 480 2304 471
518 2250 702 2305 animi
735 2250 1087 2306 sententiam
1131 2250 1355 2305 Diaboli
1388 2250 1647 2305 hereret.
1680 2252 1751 2306 At
1781 2252 1983 2307 Achri-

339 2338 433 2394 dis
450 2339 762 2410 praefectus
785 2338 1218 2409 Daphnomelus
1240 2338 1448 2394 certior
1472 2339 1657 2395 factus
1676 2339 1986 2411 imperato.

340 2442 464 2483 rem
487 2428 559 2484 de
582 2428 968 2500 opprimendo
986 2428 1181 2484 Ibatza
1202 2444 1331 2484 esse
1350 2427 1689 2497 sollicitum,
1720 2429 1985 2485 instituto

337 2532 445 2572 suo
475 2533 608 2572 cum
652 2519 883 2572 duobus
933 2534 1187 2588 quorum
1234 2517 1285 2573 ei
1334 2523 1638 2588 perspecta
1684 2522 1811 2572 erat
1842 2519 1987 2574 ﬁdes

334 2605 572 2662 famulis
593 2609 1045 2676 communicato,
1070 2607 1568 2678 opportunitatem
1590 2613 1840 2663 venatus
1861 2624 1983 2663 rem

334 2695 416 2749 ita
433 2696 792 2768 aggreditur.
812 2696 1083 2751 Solemne
1100 2695 1316 2750 festum
1340 2696 1773 2767 Assumptionis
1794 2696 1987 2753 Mariae

334 2784 557 2840 Ibatzes
588 2784 823 2855 publice
853 2784 1209 2850 celebrabat,
1240 2785 1717 2856 vocabanturque
1749 2787 1819 2841 ad
1853 2802 1987 2842 con-

330 2871 552 2927 vivium
584 2872 655 2927 de
686 2889 847 2928 more
878 2889 993 2928 non
1024 2872 1199 2927 vieini
1232 2874 1429 2938 modo,
1453 2874 1554 2927 sed
1585 2879 1641 2928 et
1672 2870 1981 2946 peregrini.

330 2961 417 3017 Ad
449 2977 577 3017 eam
611 2961 985 3018 festivitatem
1019 2962 1358 3017 Eustathius
1390 2962 1540 3018 ultro
1572 2963 1981 3042 proficiscitur.

330 3060 595 3132 Cumque
636 3060 941 3117 incidisset
991 3061 1049 3115 in
1100 3060 1373 3116 custodes
1431 3059 1677 3131 viarum,
1714 3062 1984 3119 nuntiare

328 3149 536 3206 Ibatzes
559 3150 733 3220 jubet
770 3151 1120 3205 nominatim
1170 3166 1232 3206 se
1263 3150 1469 3205 adesse
1500 3156 1556 3205 et
1604 3166 1815 3221 cupere
1845 3168 1979 3207 cum

2098 1895 2133 1964 ἢ
2188 1892 2422 1967 πολέμῳ
2450 1898 2642 1949 τοῦτον
2671 1894 3159 1971 κατεργασόμενος.
3223 1894 3321 1950 Καὶ
3354 1896 3382 1949 6
3439 1896 3533 1969 μὶν
3597 1896 3760 1969 βασι-

2099 1981 2223 2046 λεὺς
2279 1982 2329 2038 έν
2380 1988 2459 2056 τῷ
2545 1982 2759 2059 ῥηθέντι
2826 1984 2980 2056 τόπῳ
3034 1982 3372 2061 φιλοχωρῶν
3430 1986 3755 2061 γράμμασιν

2095 2071 2356 2136 ἐνουθέτει
2391 2073 2482 2127 τὸν
2544 2067 2812 2143 Ἰϐἀτζην,
2886 2074 2962 2145 μή
3023 2074 3120 2141 τῆς
3177 2072 3515 2149 Βουλγαρίας
3574 2076 3759 2147 πάσης

2100 2161 2458 2235 ὑποταγείσης
2491 2162 2651 2234 μόνον
2685 2159 2953 2237 ἀνταίρειν
2987 2167 3180 2237 χεῖρας
3214 2161 3375 2218 αὐτὸν
3427 2161 3571 2237 μηδὲ
3619 2187 3758 2242 φαν-

2092 2251 2342 2319 τάζεσθαι
2400 2251 2468 2304 τὰ
2519 2249 2800 2319 ἀτέλεστα,
2832 2251 3164 2325 γινώσκοντα
3203 2251 3277 2313 ὡς
3329 2250 3428 2305 οὐκ
3476 2251 3555 2314 εἰς
3617 2250 3757 2325 ὄνη-

2096 2360 2178 2394 σιν
2239 2339 2383 2411 αὐτῷ
2412 2340 2474 2394 τὸ
2506 2338 2811 2415 ἐγχείρημα
2862 2338 3197 2410 τελευτήσει.
3228 2341 3293 2397 Ὁ
3352 2338 3408 2395 δὲ
3454 2342 3521 2397 τὰ
3566 2343 3756 2417 γράμ-

2100 2449 2241 2501 ματα
2283 2426 2580 2503 δεχόμενος
2626 2429 2716 2484 καὶ
2771 2429 2975 2504 ἑτέροις
3024 2424 3407 2502 ἀμειϐόμενος,
3467 2430 3559 2486 καὶ
3620 2454 3758 2488 παν-

2092 2516 2246 2578 τοίας
2320 2517 2600 2592 προτιθεὶς
2670 2517 2942 2593 ἀφορμὰς,
3010 2517 3273 2593 παρεῖλκε
3321 2518 3410 2573 καὶ
3468 2518 3760 2591 ἀνεδῦετο,

2095 2606 2170 2667 ὡς
2219 2605 2619 2681 ἀναγκασθῆναι
2677 2607 2769 2661 τὸν
2839 2605 3062 2681 βασιλέα
3120 2605 3206 2661 ἐπὶ
3241 2606 3400 2662 πέντε
3427 2609 3520 2663 καὶ
3554 2613 3763 2681 πεντή-

2092 2714 2258 2748 κοντα
2312 2695 2523 2769 ἡμέρας
2584 2692 2919 2769 ἐνδιατρῖψαι
2980 2699 3060 2766 τῷ
3118 2693 3295 2767 τόπῳ,
3325 2701 3446 2758 ταῖς
3510 2697 3763 2775 ὑποσχέ-

2094 2803 2207 2837 σεσι
2259 2781 2671 2857 δελεαζόμενον.
2703 2784 2982 2857 Ἐγνώσθη
3038 2782 3105 2838 τά
3160 2788 3257 2839 τοῦ
3301 2784 3626 2861 πράγματος
3680 2793 3763 2861 τῷ

2091 2878 2191 2939 τῆς
2249 2870 2505 2948 ’Λχρίδος
2551 2870 2776 2947 ἄρχοντι
2827 2871 3104 2945 Εὐσταθίῳ
3157 2877 3237 2945 τῷ
3267 2873 3631 2951 Δαφνομήλῃ,
3672 2877 3762 2932 ὃτι

2097 2969 2248 3042 μέλει
2279 2976 2357 3042 τῷ
2393 2970 2607 3044 βασιλεῖ
2634 2974 2668 3040 ἡ
2700 2975 2796 3026 τοῦ
2853 2966 3066 3041 Ἰϐἀτζη
3098 2971 3429 3046 καθαίρεσις.
3462 2973 3566 3030 Καὶ
3615 2972 3763 3045 δῆτα

2091 3060 2277 3135 καιρὸν
2362 3057 2667 3131 ἐπιτήδειον
2746 3061 3027 3135 εὑρηκὼς,
3092 3062 3183 3115 καὶ
3256 3059 3377 3116 δυσὶ
3452 3063 3756 3137 θεράπουσι

2090 3153 2199 3203 τῶν
2262 3148 2673 3205 πιστικωτάτων
2736 3147 3272 3225 κοινολογησάμενος
3344 3150 3433 3206 xui
3490 3153 3555 3206 τὸ
3624 3153 3755 3227 βού-

326 3238 456 3313 ipso
479 3216 742 3296 animum
761 3239 1105 3295 exhilarare.
1128 3238 1372 3294 Miratus
1394 3242 1483 3294 est
1508 3216 1727 3294 Ibatzes
1750 3239 1893 3295 bOSil

2195 3258 2268 3311 μα
2324 3238 2656 3315 φανερώσας,
2716 3216 3081 3315 ἐγχειρεῖντῇ
3114 3216 3340 3313 πράξει.
3418 3216 3755 3313 Δημοτέλής

328 3345 436 3385 sua
467 3332 674 3400 sponte
703 3328 897 3385 venire
930 3344 996 3383 ac
1027 3345 1089 3384 se
1120 3327 1379 3383 hostium
1416 3328 1687 3383 manibus
1718 3329 1974 3398 credere,

324 3418 521 3475 venire
567 3421 764 3477 tamen
809 3418 1012 3488 jussit,
1046 3417 1491 3486 admissumque
1537 3416 1705 3472 laetus
1753 3418 1979 3489 excepit

325 3510 500 3579 atque
530 3506 832 3577 amplexus
851 3511 959 3562 est.
984 3506 1174 3561 Finito
1205 3505 1423 3577 hymno
1450 3505 1762 3573 matutino,
1786 3508 1976 3562 omni-

322 3596 549 3665 busque
581 3596 715 3651 aliis
745 3596 803 3650 in
827 3612 935 3651 sua
958 3595 1204 3666 dilapsis
1233 3595 1574 3661 diversoria,
1608 3596 1839 3649 Ibatzen
1860 3596 1973 3651 Eu-

324 3683 583 3739 stathius
615 3684 856 3755 accedit,
888 3687 945 3739 et
978 3685 1130 3754 quod
1154 3682 1395 3739 haberet
1423 3700 1549 3753 quae
1572 3684 1818 3739 seorsim
1840 3701 1972 3740 cum

320 3773 449 3844 ipso
470 3773 899 3844 colloqueretur
917 3773 1179 3844 apprime
1202 3773 1532 3828 necessaria
1559 3789 1623 3827 ac
1648 3773 1759 3844 ipsi
1781 3773 1968 3842 utilia,

322 3862 465 3934 petit
496 3867 561 3917 ut
604 3861 815 3933 reliqui
866 3861 1103 3918 interim
1154 3861 1456 3917 secedant.
1518 3862 1740 3917 Ibatzes
1772 3861 1970 3918 dolum

320 3969 439 4008 non
490 3954 770 4019 sentiens,
813 3951 1044 4022 sibique
1093 3951 1333 4006 omnino
1384 3953 1745 4021 persuadens
1794 3956 1971 4007 Busta

320 4042 515 4097 thium
546 4058 678 4097 cum
711 4040 839 4113 ipso
867 4039 1015 4095 velle
1056 4039 1394 4095 societatem
1428 4039 1762 4095 rebellionis
1793 4041 1967 4112 coire,

321 4140 561 4195 dimotis
592 4139 1017 4210 aliquantisper
1035 4136 1268 4192 famulis
1287 4154 1461 4192 manu
1487 4153 1619 4191 eum
1643 4138 1965 4209 apprehen-

321 4245 452 4284 sum
484 4228 545 4283 in
574 4229 901 4299 pomarium
934 4228 1228 4297 quoddam
1259 4225 1496 4280 abducit
1525 4243 1771 4296 opacum
1797 4228 1964 4282 arbo-

319 4318 603 4388 ribusque
622 4318 706 4372 ita
734 4319 911 4372 dense
945 4317 1231 4371 consitum
1253 4320 1315 4368 ut
1342 4330 1411 4368 ne
1432 4332 1538 4369 vox
1570 4315 1805 4386 quidem
1830 4317 1966 4371 inde

317 4408 472 4464 472
503 4406 763 4462 exaudiri
816 4408 1030 4477 posset.
1086 4406 1169 4459 Ibi
1220 4403 1412 4458 solum
1466 4405 1721 4459 Ibatzam
1756 4410 1964 4461 nactus

315 4497 680 4565 Eustathius,
711 4496 885 4552 homo
919 4512 1090 4550 manu
1126 4493 1533 4565 promptus,in
1568 4498 1779 4549 terram
1803 4494 1957 4551 illico

2086 3324 2250 3401 ⁴ἤγετο
2308 3327 2469 3404 ἑορτή
2526 3332 2604 3400 τῷ
2663 3323 2895 3401 Ἰϐάτζῃ,
2955 3330 2989 3397 ἡ
3048 3326 3315 3401 κοίμησις
3343 3331 3444 3397 τῆς
3477 3330 3753 3403 παναγίου

2085 3418 2175 3470 καὶ
2232 3418 2621 3490 Θεομήτορος.
2680 3416 2825 3471 Κατὰ
2877 3415 3080 3486 ταύτην
3134 3416 3231 3484 τὴν
3292 3415 3503 3492 ἡμέραν
3561 3416 3750 3482 εῗώθει

2086 3502 2372 3579 συγκαλεῖν
2429 3504 2504 3567 εἷς
2565 3505 2802 3581 εὐωχίαν
2845 3504 2911 3560 οὐ
2970 3503 3097 3567 τοὺς
3128 3505 3509 3581 ἀγρογείτονας
3570 3508 3749 3579 μόνον

2082 3596 2172 3649 καὶ
2231 3594 2660 3670 ἀγχιτέρμονας,
2737 3591 2883 3649 ἀλλὰ
2956 3594 3047 3649 καὶ
3100 3598 3209 3648 τῶν
3269 3594 3346 3655 ὡς
3400 3594 3752 3671 πορρωτάτω

2082 3682 2350 3745 πολλούς.
2381 3690 2593 3738 Ἀπεισι
2622 3687 2750 3759 γοῦν
2778 3684 2805 3737 ὁ
2837 3684 3140 3746 Εὐστάθιος
3165 3681 3508 3753 αὐτόκλητος
3538 3683 3621 3746 εἶς
3650 3687 3753 3755 τήν

2083 3773 2299 3847 ἑορτὴν,
2352 3773 2442 3828 καὶ
2500 3778 2617 3834 τοῖς
2677 3770 3036 3850 φυλάττουσιν
3095 3772 3333 3847 ἐντυχὼν
3393 3773 3490 3834 τὰς
3520 3770 3751 3839 διόδους

2082 3860 2443 3937 ἀπαγγέλλειν
2477 3859 2717 3916 ἐκέλευεν
2765 3860 2909 3923 ὅστις
2961 3858 3068 3931 εἷή,
3116 3861 3207 3915 καὶ
3258 3861 3341 3915 ὅτι
3389 3863 3619 3935 πάρεστι
3667 3869 3749 3937 τῷ

2080 3952 2306 4025 ἄρχοντι
2391 3952 3020 4026 συνευφρανθησὸμενος.
3112 3947 3598 4026 Ἀπαγγεελάντων
3690 3950 3751 4008 δὶ

2074 4040 2307 4111 τούτων,
2380 4039 2432 4094 ἐν
2511 4039 2743 4111 Θαύματι
2816 4040 2844 4094 6
2905 4034 3151 4110 Ἰϐάτζης
3212 4038 3371 4103 ἐτίθει
3433 4038 3483 4094 εἷ’
3534 4037 3747 4114 δυσμε-

2078 4129 2177 4197 νὴς
2227 4126 2509 4203 ἄνθρωπος
2567 4128 2887 4204 αὐθαίρετος
2927 4126 3047 4196 ἥκει
3106 4130 3194 4182 καὶ
3256 4128 3444 4203 χερσὶν
3506 4126 3743 4185 ἐκδίδω-

2079 4237 2159 4269 σιν
2221 4216 2405 4271 ὲαυτὸν
2456 4215 2777 4289 πολεμίαις.
2837 4218 3028 4289 *Ομως
3061 4216 3345 4293 ἀφιλέσθαι
3374 4214 3615 4286 κελεύει,
3648 4221 3741 4274 καὶ

2076 4302 2299 4359 ἐλθόντα
2330 4302 2540 4375 ἐδέξατό
2593 4326 2651 4359 τε
2703 4309 3020 4379 περιχαρῶς
3067 4305 3157 4360 καὶ
3207 4306 3513 4375 ἠσπάσατο.
3576 4312 3738 4382 ’Ἄρτι

2067 4392 2135 4448 ’δὲ
2188 4393 2533 4458 τελεσθέντος
2597 4398 2695 4448 τοῦ
2725 4392 2953 4458 ἑωθινοῦ
2993 4392 3187 4466 ὕμνου,
3239 4395 3329 4448 καὶ
3381 4415 3595 4450 παντων
3628 4402 3735 4451 τῶν

2077 4490 2496 4567 συνειλεγμένων
2552 4490 2627 4552 εἷς
2685 4491 2777 4552 τὰς
2836 4488 2976 4553 ἰδίας
3032 4488 3426 4546 σκεδασθέντων
3488 4513 3743 4569 καταγω·

313 4589 650 4661 prosternit,
683 4602 959 4659 genuque
980 4585 1199 4657 pectori
1230 4586 1358 4653 ejus
1390 4584 1627 4638 innixus
1660 4602 1856 4641 vocem

2173 4625 2185 4648 ,
2245 4582 2271 4635 6
2331 4580 2626 4644 Εὐστάθιος
2693 4579 3066 4654 πρόσεισιτῷ
3138 4575 3382 4655 Ἰϐἀτζῃ,
3433 4580 3526 4635 καὶ
3587 4582 3739 4653 ἀξιοῖ

312 4679 497 4734 centis
529 4676 887 4745 intercludit,
922 4676 1188 4745 duosque
1210 4690 1349 4728 suos
1379 4673 1632 4727 famulos
1658 4676 1959 4730 celerrime

311 4766 831 4837 subvenirejubct,
866 4764 987 4836 qui,
1022 4768 1085 4817 ut
1114 4767 1238 4818 erat
1285 4763 1701 4832 compositum,
1735 4767 1957 4820 stantes

310 4863 367 4913 et
396 4856 628 4914 eventui
660 4856 890 4921 intenti,
942 4851 1296 4923 simulatque
1326 4850 1550 4905 domini
1581 4868 1688 4906 vox
1715 4852 1958 4909 auribus

309 4949 573 5017 ipsorum
598 4944 774 4999 allata
804 4948 914 5009 est,
948 4946 1283 5009 accurrunt,
1309 4941 1514 4995 Ibatzes
1537 4958 1600 4995 os
1631 4947 1787 4997 veste
1811 4943 1956 5012 inje-

308 5040 402 5091 cta
432 5036 733 5102 obturant,
769 5049 840 5088 ne
871 5033 941 5087 ad
974 5032 1103 5102 ejus
1125 5028 1437 5084 clamorem
1456 5030 1788 5085 conﬂuente
1810 5030 1957 5086 mul-

308 5124 565 5180 titudine
595 5126 838 5177 conatus
870 5119 1255 5177 ﬁeretirritus
1281 5138 1295 5186 ;
1326 5122 1383 5174 et
1413 5118 1613 5174 oculos
1646 5120 1697 5174 ei
1728 5120 1954 5175 exscul-

307 5218 455 5286 punt
489 5230 501 5269 :
535 5219 814 5269 caecatum
848 5211 907 5266 in
939 5209 1133 5266 aulam
1184 5208 1502 5279 projiciunt
1531 5212 1693 5264 extra
1723 5210 1951 5280 paradi-

303 5318 459 5370 sum,
494 5301 608 5374 ipsi
638 5302 697 5355 in
730 5300 984 5356 sublime
1016 5298 1226 5353 domus
1279 5296 1641 5353 ccenaculum
1673 5299 1949 5367 evadunt,

300 5390 639 5462 strictisque
678 5389 891 5462 gladiis
938 5391 1280 5457 exspectant
1331 5386 1591 5441 hostium
1640 5388 1946 5459 impetum.

297 5489 540 5562 Cognito
571 5488 827 5546 facinore
877 5487 1088 5559 ingens
1137 5484 1416 5541 conﬂuxit
1466 5483 1800 5540 multitudo.
1836 5484 1948 5540 Alii

295 5580 528 5638 strictos
559 5577 833 5636 manibus
854 5575 1079 5651 gladios
1096 5578 1383 5642 tenentes,
1407 5572 1505 5629 alii
1530 5572 1751 5644 hastas,
1776 5590 1947 5631 arcus

293 5670 414 5745 alii,
452 5667 720 5729 nonnulli
768 5668 1014 5741 lapides,
1048 5664 1291 5739 quidam
1341 5663 1521 5735 ligna,
1555 5662 1741 5736 aliqui
1789 5664 1944 5721 faces

2066 4668 2193 4733 τοὺς
2225 4668 2429 4733 ἄλλους
2457 4670 2594 4743 πρὸς
2652 4670 2845 4743 μικρὸν
2906 4668 3159 4739 ἐκστῆναι
3195 4670 3271 4732 ὡς
3317 4671 3465 4745 τάχα
3503 4670 3731 4743 μέλλων

2068 4758 2226 4820 αὐτὸς
2276 4756 2609 4829 διαλέξεσθαι
2660 4759 2774 4812 κατ’
2828 4756 2966 4813 ἰδίαν
3018 4758 3141 4835 περί
3170 4779 3320 4822 τινος
3364 4760 3734 4833 ἀναγκαιοτά-

2065 4869 2164 4902 του
2196 4847 2283 4902 καὶ
2316 4847 2730 4912 λυσιτελοῦντος
2772 4847 2939 4920 αὐτῷ.
2977 4855 3055 4917 [Ρ.
3103 4850 3230 4921 725]
3280 4849 3342 4905 Ὀ
3399 4845 3457 4903 δὶ
3485 4850 3583 4903 τὸν
3640 4848 3731 4905 δό-

2069 4937 2163 4992 λον
2215 4938 2303 4992 καὶ
2348 4938 2446 5007 τὴν
2504 4936 2716 5007 ἀπάτην
2780 4937 2855 5009 μή
2906 4938 3262 5008 κατανοήσας,
3323 4934 3469 4991 ἀλλὰ
3498 4942 3581 5009 τῷ
3614 4938 3726 4993 ὄντι

2066 5021 2361 5081 ὑπολαϐὼν
2420 5027 2494 5088 ὡς
2540 5024 2793 5101 βούλεται
2845 5026 2936 5080 καὶ
2990 5025 3149 5088 αὐτὸς
3198 5028 3275 5088 εἷς
3326 5026 3571 5101 γενέσθαι
3620 5032 3729 5082 τῶν

2065 5116 2433 5170 συνιστώντων
2485 5114 2631 5187 αὖτῷ
2676 5116 2773 5185 τὴν
2827 5114 3177 5188 ἀποστασίαν,
3217 5113 3348 5177 τοὺς
3388 5116 3727 5189 θεράποντας

2067 5213 2259 5288 μικρὸν
2285 5214 2585 5279 ἀποστῆναι
2636 5211 2916 5283 κελεύσας,
2973 5219 3072 5283 τῆς
3115 5212 3305 5289 χειρὸς
3362 5212 3578 5269 ἐκείνου
3624 5212 3726 5270 λα-

2061 5298 2294 5375 ϐόμενος
2362 5298 2413 5357 ἔν
2468 5323 2573 5357 τινι
2631 5299 2942 5377 παραδείσῳ
3008 5301 3212 5377 εἷ’σάγει
3271 5309 3559 5378 συνηρεφεῖ
3609 5301 3729 5359 δέν.

2061 5389 2209 5466 δροις
2240 5392 2328 5446 καὶ
2376 5390 2677 5462 κοιλότητα
2732 5387 2939 5467 ἔχοντι,
2971 5391 3047 5453 ὡς
3084 5388 3225 5464 μηδὶ
3279 5393 3466 5469 φωνὴν
3499 5390 3726 5468 ὶξῃχεῖ-

2060 5492 2182 5545 σθαι
2242 5478 2492 5535 δύνασθαι
2545 5478 2633 5535 διὰ
2661 5481 2759 5549 τὴν
2818 5477 3186 5555 συνδενδρίαν.
3246 5480 3323 5539 Οὗ
3383 5481 3539 5544 ἐντὸς
3569 5482 3724 5558 γενό-

2061 5590 2222 5644 μενος
2274 5571 2302 5624 6
2345 5570 2669 5643 Εὑστάθιος,
2719 5568 2808 5625 καὶ
2843 5567 3236 5645 μεμονωμένου
3285 5569 3595 5643 λαοόμενος
3624 5574 3725 5627 τοῦ

2059 5653 2324 5733 Ἰϐάτζου,
2383 5657 2460 5725 εἷς
2513 5664 2616 5737 γῆν
2669 5679 2729 5716 τε
2776 5658 2935 5717 αὐτὸν
2996 5657 3154 5726 εὐθὺς
3202 5652 3583 5734 καταϐάλλει,
3628 5660 3721 5718 καὶ
