3968 6140
285 344 403 404 2οΊ

1644 346 1960 408 GEORGII
2005 344 2345 407 CEDltENI

3582 340 3701 401 208

282 476 464 544 venit,
498 491 793 548 manuque
822 475 1076 548 pulsatis
1098 476 1323 535 foribus
1354 496 1417 536 se
1448 480 1799 537 nominatim
1831 479 1925 535 ad-

2125 476 2195 549 ιρὶ
2226 474 2462 552 κρούσας
2509 476 2607 546 τὴν
2650 475 2812 549 θύραν
2862 470 3261 557 προσήγγειλεν
3306 472 3494 529 ὶαυτὸν
3551 472 3701 536 ὅστις

286 583 415 624 esse
446 564 743 636 indicavit,
780 582 846 620 ac
877 583 1090 639 corpus
1142 585 1317 624 suum
1351 570 1409 625 in
1445 575 1791 642 potestatem
1824 569 1934 624 im-

288 656 574 730 peratoris
600 658 830 713 dedere.
857 660 966 714 Sed
991 676 1125 714 eum
1152 659 1469 732 imperator
1492 678 1599 717 suo
1621 663 1934 732 conspectu

290 763 407 802 non
438 747 715 819 dignatus
746 747 1229 805 Thessalonicam
1263 752 1717 807 custodiendum
1752 749 1932 804 misit.

288 835 420 908 Ipse
449 836 625 892 rebus
655 836 977 909 Dyrrachii,
1020 837 1299 895 Coloneize
1333 856 1398 895 ac
1432 839 1799 913 Dryinopolis
1830 853 1937 894 suo

289 924 578 981 arbitratu
608 926 932 981 rectissime
963 928 1320 997 constitutis,
1353 936 1407 984 et
1440 930 1761 1001 provinciis
1794 944 1938 1000 pras-

288 1013 436 1069 sidio
466 1014 834 1084 ducibusque
882 1016 1146 1085 munitis,
1182 1018 1590 1090 permissoque
1631 1024 1694 1074 ut
1725 1015 1938 1089 captivi

288 1102 561 1171 Romani,
592 1104 692 1174 qui
721 1103 955 1175 vellent,
1000 1105 1081 1160 ibi
1130 1113 1459 1177 manerent,
1494 1107 1707 1180 reliqui
1739 1108 1937 1179 ipsum

286 1197 692 1264 sequerentur,
723 1193 1047 1249 Castoriam
1082 1196 1261 1251 venit.
1294 1196 1397 1252 Hic
1428 1198 1499 1253 ad
1532 1197 1726 1268 ipsum
1761 1196 1941 1251 addu-

286 1286 393 1339 cta:
439 1288 580 1339 sunt
626 1283 753 1339 duae
802 1283 1060 1340 Samueli
1112 1284 1262 1340 ﬁliae.
1316 1290 1449 1353 Quae
1495 1304 1629 1342 cum
1675 1286 1940 1341 viderent

287 1371 532 1427 Mariam
564 1373 807 1429 Joannis
826 1374 1125 1444 quondam
1147 1391 1382 1430 uxorem
1416 1374 1756 1447 imperatori
1784 1378 1937 1430 asta-

286 1476 368 1528 re,
389 1460 676 1533 impetum
707 1461 767 1516 in
790 1478 919 1518 eam
940 1463 1203 1520 fecerunt
1221 1468 1501 1536 tanquam
1524 1464 1935 1520 intertecturae.

287 1550 400 1605 Sed
432 1549 751 1620 imperator
777 1566 979 1606 earum
1031 1552 1305 1609 ferociam
1358 1553 1602 1620 sedavit,
1638 1552 1938 1625 pollicitus

289 1637 692 1710 amplissimas
710 1656 772 1696 se
788 1639 935 1712 ipsis
954 1657 1093 1713 opes
1108 1641 1484 1715 largiturum.
1505 1644 1748 1699 Mariam
1771 1647 1939 1698 zostm

292 1743 536 1783 munere
591 1733 857 1785 ornatam
916 1746 1050 1786 cum
1108 1731 1248 1788 ﬁliis
1305 1732 1430 1788 suis
1484 1732 1691 1805 Cpolin
1752 1731 1937 1787 misit.

291 1818 442 1875 475
476 1816 696 1890 Xiphiae
728 1835 898 1891 porro
943 1837 1120 1891 opera
1160 1837 1287 1893 quaa
1320 1824 1488 1877 erant
1528 1822 1587 1877 in
1638 1820 1851 1877 Serviis
1881 1824 1939 1876 et

287 1910 463 1963 Sosco
494 1906 734 1963 castella
776 1908 973 1965 omnia
1021 1908 1143 1965 solo
1193 1916 1407 1982 aequat,
1440 1914 1495 1965 et
1542 1911 1599 1964 in
1633 1908 1941 1965 castellum

288 2000 499 2068 Stagus
527 1996 707 2053 venit.
742 1998 827 2053 Ibi
860 2015 922 2053 se
973 1998 1086 2070 ipsi
1118 1999 1286 2056 offert
1331 2000 1644 2072 Elemagus
1676 2001 1943 2071 Belegra-

287 2086 495 2141 dorum
527 2086 818 2157 princeps,
849 2087 1045 2145 servili
1098 2088 1325 2158 habitu,
1359 2106 1491 2144 cum
1524 2089 1763 2161 collegis
1794 2090 1939 2145 suis.

288 2178 613 2248 Imperator
658 2178 794 2233 inde
851 2178 1114 2235 Athenas
1163 2180 1563 2251 proﬁciscens,
1615 2180 1676 2235 in
1734 2181 1941 2236 itinere

286 2267 593 2321 Zetunium
615 2267 931 2333 transiens,
951 2284 1084 2324 ossa
1104 2271 1489 2341 Bulgarorum
1511 2269 1943 2341 contemplatus

285 2355 611 2410 occisorum
671 2371 785 2425 quo
844 2360 1109 2427 tempore
1186 2357 1528 2412 Samuelum
1578 2356 1942 2428 Nicephorus

285 2444 482 2516 praelia
503 2444 674 2512 fudit,
703 2445 1031 2500 admiratus
1050 2451 1160 2512 est,
1182 2464 1247 2501 ac
1271 2447 1456 2501 multo
1491 2446 1679 2518 magis
1704 2462 1940 2500 murum

286 2534 349 2588 in
378 2532 785 2605 Thermopylis
818 2540 1182 2590 exstructum
1235 2536 1359 2608 (qui
1389 2537 1714 2592 etiamnum
1745 2536 1942 2590 Scelos

284 2623 547 2694 vocatur)
581 2626 732 2694 apud
786 2623 1087 2694 Rupenam
1122 2625 1193 2680 ad
1226 2626 1603 2681 deterrendos
1635 2624 1940 2696 Bulgaros.

286 2710 360 2767 Ut
389 2713 642 2768 Athenas
673 2711 853 2780 venit,
877 2713 974 2768 Dei
982 2730 1133 2784 paras
1164 2730 1265 2785 pro
1290 2713 1532 2769 victoria
1556 2714 1778 2785 gratias
1800 2713 1940 2785 egit,

284 2800 691 2872 templumque
725 2800 986 2856 donariis
1019 2800 1348 2873 splendidis
1393 2820 1458 2858 ac
1490 2801 1815 2875 magniﬁcis
1846 2819 1940 2857 ex-

285 2890 533 2945 ornavit.
573 2889 719 2944 Hinc
748 2890 952 2961 Cpolin
986 2892 1178 2960 rediit,
1212 2891 1601 2964 invectusque
1629 2896 1719 2947 est
1740 2892 1948 2947 trium-

285 2978 479 3050 phans
507 2994 607 3050 per
638 2995 885 3051 magnas
917 2980 1070 3036 fores
1103 2982 1307 3037 Aureae
1339 2987 1540 3054 portas,
1572 2985 1815 3037 ornatus
1847 2997 1943 3038 co-

286 3084 432 3124 rona
469 3085 645 3123 aurea
693 3084 946 3139 superne
1000 3069 1263 3141 cristata,
1299 3069 1698 3143 praeeuntibus
1739 3072 1941 3140 Maria,

284 3157 543 3213 Samueli
576 3156 809 3213 filiabus
853 3160 911 3213 et
958 3156 1202 3229 reliquis
1250 3159 1539 3231 Bulgaris.
1587 3164 1800 3215 Actum
1834 3159 1942 3215 hoc

2047 563 2131 636 εἷή
2188 566 2279 621 καὶ
2336 565 2419 620 ὅτι
2451 562 2817 640 παραδίδωσιν
2859 565 3118 626 ἑκουσίως
3148 564 3213 619 τὸ
3245 568 3405 635 σῶμα
3434 568 3512 635 τῷ
3548 564 3701 637 βασι-

2046 653 2153 711 λεῖ.
2189 652 2365 711 Ἀλλά
2392 659 2583 711 τοῦτον
2621 656 2715 729 μὲν
2747 656 2775 710 6
2812 654 3068 731 βασιλεὺς
3092 652 3217 709 ούδὶ
3247 651 3380 707 ἰδεῖν
3412 653 3704 727 ἠνέσχετο,

2046 744 2172 801 ἀλλ’
2204 745 2279 808 εἰς
2312 744 3012 819 Θεσσαλονίκην,ἐξέπεμψε
3041 749 3392 822 φρουρεῖσθαι
3418 741 3701 804 κελεύσας.

2047 835 2217 897 Αὐτός
2244 835 2301 889 δὲ
2341 836 2408 890 τὰ
2433 840 2530 890 τοῦ
2580 834 2889 912 Δυρῥαχίου
2946 834 3037 889 καὶ
3087 840 3188 904 τῆς
3237 831 3556 894 Κολωνείας
3610 832 3702 886 καὶ

2048 923 2517 997 Δρυϊνουπόλεως,
2551 924 2626 989 ὥς
2675 946 2751 995 πη
2799 920 2973 978 ἐδόκει
3022 924 3172 996 αύτῷ
3226 923 3501 999 βέλτιστα,
3535 942 3703 977 κατα-

2046 1015 2403 1087 στησάμενος,
2461 1014 2549 1068 καὶ
2606 1012 2847 1091 φύλακας
2902 1017 3017 1074 τοῖς
3075 1012 3268 1085 θέμασι
3340 1012 3433 1067 καὶ
3505 1030 3703 1085 στρατ-

2045 1102 2213 1176 ηγοὺς
2272 1102 2586 1175 ἐπιστήσας,
2646 1102 2733 1156 καὶ
2805 1106 2911 1156 τῶν
2974 1099 3353 1177 αἰχμαλώτων
3408 1100 3700 1173 Ῥωμαίων

2044 1190 2172 1254 τοὺς
2214 1191 2585 1266 βουλομένους
2628 1192 2765 1246 κατὰ
2803 1191 2989 1267 γώραν
3041 1191 3213 1263 μένειν
3262 1189 3437 1259 ἐάσας,
3466 1189 3596 1251 τοὺς
3646 1187 3707 1244 δὶ

2048 1278 2276 1343 λοιποὺς
2330 1278 2549 1345 ἕπεσθαι
2607 1282 2937 1355 προστάξας,
2992 1279 3160 1349 ἦλθεν
3234 1279 3312 1343 εἷς
3364 1278 3702 1355 Καστορίαν.

2048 1372 2216 1426 Ἔνθα
2271 1372 2670 1448 προσήχθησαν
2731 1370 2882 1442 αύτῷ
2934 1369 3218 1446 θυγατέρες
3276 1366 3373 1424 δύο
3434 1373 3533 1424 τοῦ
3594 1375 3705 1423 Σα-

2051 1457 2256 1531 μουὴλ,
2328 1458 2528 1521 α’ίτινες
2607 1460 2925 1533 θεασάμεναι
2996 1459 3213 1535 Μαρίαν
3275 1459 3374 1528 τήν
3447 1456 3705 1515 Ἰωάννου

2045 1554 2271 1626 γυναῖκα
2299 1549 2708 1625 παρισταμένην
2738 1552 2818 1620 τῷ
2870 1544 3105 1623 βασιλεῖ,
3140 1546 3401 1623 ὥρμησαν
3452 1548 3571 1603 κατ’
3612 1547 3707 1601 αὐο

2045 1644 2147 1707 τῆς
2179 1639 2252 1700 ὡς
2303 1635 2795 1713 διαχειρισόμεναι.
2829 1635 3008 1693 Ἀλλὰ
3045 1636 3265 1701 ταύταις
3314 1637 3409 1711 μὲν
3463 1635 3491 1692 ό
3548 1638 3707 1711 βασι-

2049 1727 2175 1790 λεὺς
2221 1728 2312 1782 τὸν
2373 1728 2541 1800 θυμὸν
2601 1726 2999 1801 κατεκοίμισεν,
3030 1725 3411 1802 ὑποσχόμενος
3469 1729 3709 1800 τιμῆσαι

2047 1815 2135 1871 καὶ
2191 1815 2615 1891 ὑπερπλουτίσαι
2678 1816 2864 1885 αὐτὰς,
2917 1818 3018 1884 τὴν
3079 1812 3137 1871 δὲ
3190 1813 3401 1889 Μαρίαν
3462 1820 3545 1887 τῷ
3599 1822 3709 1886 τῆς

2055 1911 2264 1976 ζωστῆς
2333 1906 2601 1978 ἀξιώματι
2649 1907 2888 1979 τιμήσας
2961 1904 3036 1966 εἷς
3092 1906 3191 1974 τὴν
3251 1902 3508 1980 βασιλίδα
3568 1905 3712 1977 μετὰ

2051 1998 2161 2049 τῶν
2220 1996 2353 2049 υἱῶν
2404 1993 2690 2068 ἐκπέμπει.
2724 1994 2983 2070 Καθαιρεῖ
3039 1991 3095 2048 δὲ
3148 1994 3239 2048 καὶ
3277 1993 3343 2049 τὰ
3368 1992 3418 2049 ἐν
3449 1989 3713 2069 Σερϐίοις

2052 2085 2141 2140 καὶ
2188 2089 2266 2156 τῷ
2315 2088 2508 2155 Συσκῷ
2547 2082 2780 2161 φρούρια
2817 2082 2990 2137 πάντα
3047 2080 3136 2137 διὰ
3188 2087 3284 2138 τοῦ
3340 2084 3565 2161 Ξιφίου,
3614 2084 3713 2139 καὶ

2054 2173 2127 2235 εἷς
2157 2171 2351 2251 ἔδαφος
2384 2173 2760 2247 καταστρέφει.
2785 2173 2893 2228 Καὶ
2926 2171 3001 2234 εἷς
3027 2172 3095 2251 τὸ¹
3146 2172 3404 2250 φρούριον
3462 2178 3717 2247 Σταγοῦς

2054 2261 2295 2338 ἔρχεται,
2326 2258 2448 2326 ἔνθα
2504 2256 2799 2317 κατέλαϐεν
2846 2263 2873 2316 ὁ
2924 2266 3031 2316 τῶν
3094 2258 3451 2337 Βελογράδων
3512 2264 3713 2338 ἅρχων

2056 2353 2191 2423 μετὰ
2234 2349 2491 2406 δουλικοῦ
2535 2354 2631 2404 τοῦ
2678 2352 2966 2424 σχήματος
3019 2348 3348 2424 Ἐλεμάγος,
3406 2351 3543 2422 μετὰ
3598 2357 3713 2406 τῶν

2053 2441 2435 2515 συναρχόντων
2474 2439 2637 2493 αὐτοῦ
2665 2459 2675 2470 ·
2711 2439 2913 2503 ἐκεῖθεν
2973 2437 3103 2515 ἄρας
3163 2437 3369 2494 ἄπεισιν
3430 2439 3504 2501 εἷς
3537 2441 3715 2511 Ἀθή-

2049 2552 2166 2593 νας.
2200 2534 2285 2587 Ἐν
2348 2528 2406 2584 δὲ
2461 2534 2539 2601 τῷ
2598 2526 2787 2583 διιέναι
2839 2531 2901 2584 τὸ
2960 2527 3253 2599 Ζητούνιον
3297 2528 3366 2584 τὰ
3416 2528 3549 2584 ὀστᾶ
3599 2534 3714 2585 τῶν

2050 2621 2323 2676 πεσόντων
2403 2619 2574 2673 ἐκεῖσε
2639 2617 2994 2694 Βουλγάρων,
3049 2620 3135 2689 [Ρ.
3201 2621 3331 2691 717]
3394 2618 3635 2689 ὁπηνίκα
3686 2622 3715 2675 6

2054 2710 2351 2785 μάγιστρος
2383 2706 2696 2784 Νικηφόρος
2729 2709 2757 2761 6
2788 2707 3022 2779 Οὐρανὸς
3077 2708 3167 2762 τὸν
3228 2707 3498 2781 Σαμουὴλ
3556 2707 3715 2783 ἐτρέ-

2051 2803 2211 2873 ψατο,
2272 2799 2598 2869 θεασάμενος
2671 2795 2993 2869 ἐθαύμασεν.
3051 2798 3420 2872 ’Υπερηγάσθη
3481 2796 3539 2852 δὲ
3613 2800 3712 2854 καὶ

2050 2890 2112 2943 τὸ
2157 2887 2210 2942 ἐν
2255 2885 2641 2962 Θερμοπύλαις
2691 2886 2979 2961 γενόμενον
3011 2891 3223 2962 τεῖχος,
3252 2887 3283 2942 ’ὀ
3316 2886 3522 2949 Σκέλος
3580 2886 3713 2964 ἄρτι

2050 2979 2503 3049 κατονομάζεται,
2537 2974 2615 3038 εἷς
2672 2976 2990 3050 ἀποτροπὴν
3042 2981 3149 3031 τῶν
3202 2975 3533 3052 Βουλγάρων
3598 2998 3712 3031 παι

2054 3068 2120 3144 ρὰ
2142 3071 2238 3121 τοῦ
2267 3066 2552 3135 Ῥουπένη.
2603 3064 2709 3120 Καὶ
2769 3063 2820 3119 ἐν
2853 3066 3109 3135 Ἀθήναις
3138 3065 3433 3140 γενόμενος
3493 3067 3587 3121 καὶ
3641 3070 3717 3122 τὰ

2050 3163 2149 3226 τῆς
2174 3156 2330 3226 νίκης
2360 3154 2755 3231 εὐχαριστήρια
2808 3157 2877 3227 τῇ
2923 3154 3177 3228 Θεοτόκῳ
3230 3152 3379 3224 δοὺς,
3432 3156 3523 3210 καὶ
3576 3157 3714 3212 ἀνα-

284 3245 606 3302 indictione
650 3247 926 3315 secunda,
960 3264 1114 3304 anno
1146 3248 1217 3303 ab
1266 3248 1489 3320 origine
1535 3248 1741 3304 mundi
1770 3249 1925 3305 6527.

2127 3266 2254 3318 μασι
2301 3241 2538 3305 πολλοῖς
2594 3241 2875 3319 λαμπροῖς
2902 3243 2993 3299 καὶ
3021 3241 3349 3300 πολυτελέσι
3414 3248 3715 3318 κοσμήσας

282 3336 473 3408 Atque
503 3335 615 3391 hoc
646 3335 821 3391 modo
854 3336 1349 3408 prosequentibus
1372 3353 1505 3392 eum
1537 3336 1789 3393 victoriae
1813 3354 1939 3409 gra-

282 3423 614 3481 tulantibus
634 3423 1452 3499 acclamationibusMagnum
1476 3426 1760 3498 templum
1784 3426 1937 3495 iniit;

286 3530 541 3585 cumque
569 3513 651 3568 ibi
692 3514 954 3568 carmine
989 3518 1223 3570 cantato
1273 3520 1388 3570 Deo
1436 3516 1654 3586 gratias
1688 3533 1788 3587 pro
1819 3520 1940 3571 tam

294 3601 446 3657 felici
479 3618 756 3658 successu
780 3602 1016 3673 egisset,
1043 3603 1101 3657 in
1130 3602 1408 3674 palatium
1435 3604 1599 3659 abiit.
1630 3605 1940 3660 Reversum

292 3690 570 3747 victorem
601 3690 839 3762 Sergius
876 3691 1209 3762 patriarcha
1238 3691 1458 3764 prolixe
1489 3693 1673 3748 oravit
1695 3698 1758 3747 ut
1788 3694 1943 3764 quod

293 3794 357 3835 se
388 3780 677 3835 facturum
713 3778 862 3835 bello
896 3780 1200 3852 Bulgarico
1243 3780 1488 3837 feliciter
1518 3781 1778 3838 confecto
1812 3799 1945 3854 pro-

292 3868 556 3939 miserat,
588 3868 987 3941 Allelengyum
1012 3870 1269 3926 aboleret
1302 3886 1314 3926 :
1350 3872 1451 3926 sed
1488 3870 1633 3925 nihil
1667 3872 1944 3926 obtinuit.

290 3962 483 4029 Atque
512 3959 562 4014 is
590 3959 846 4030 Sergius,
880 3975 1015 4013 cum
1050 3976 1152 4031 per
1180 3977 1365 4015 annos
1394 3962 1464 4013 20
1493 3959 1813 4015 Ecclesiam
1848 3960 1947 4016 Dei

294 4048 634 4105 moderatus
663 4052 838 4113 esset,
875 4047 1197 4105 indictione
1229 4050 1382 4104 476
1436 4050 1716 4117 secunda,
1750 4066 1951 4105 mense

292 4136 473 4207 Julio,
516 4152 671 4191 anno
721 4136 927 4190 mundi
958 4138 1099 4191 6527
1130 4140 1201 4193 ad
1252 4138 1562 4193 Dominum
1620 4138 1948 4209 emigravit.

294 4226 586 4282 Suffectus
615 4229 703 4279 est
732 4224 784 4280 ei
818 4227 1178 4295 Eustathius,
1212 4226 1481 4298 palatinas
1531 4227 1677 4282 tedis
1709 4228 1950 4299 presby-

292 4321 554 4371 terorum
589 4314 885 4387 princeps.

2046 3335 2137 3390 τὸν
2195 3335 2343 3407 ναὸν,
2402 3334 2728 3407 ὑπέστρεψεν
2785 3332 2861 3395 εἷς
2935 3332 3537 3390 Κωνσταντινούπολιν.
3608 3338 3714 3393 Καὶ

2052 3422 2139 3479 διὰ
2165 3427 2272 3478 τῶν
2306 3421 2562 3499 μεγάλων
2595 3420 2785 3477 πυλῶν
2817 3426 2919 3488 τῆς
2943 3424 3159 3499 Χρυσῆς
3198 3422 3406 3499 πόρτης
3456 3425 3716 3502 στεφάνῳ

2050 3517 2242 3589 χρυσῷ
2296 3514 2408 3585 (65)
2472 3510 2640 3588 λόφον
2697 3511 2991 3589 ἐφύπερθεν
3053 3508 3234 3587 ἔχοντι
3314 3508 3713 3589 ἐθριάμϐευσεν

2052 3600 2509 3678 ἐστεφανωμένος,
2543 3601 2967 3675 προηγουμένης
3000 3602 3211 3676 Μαρίας
3267 3609 3368 3672 τῆς
3421 3607 3520 3657 τοῦ
3570 3603 3717 3659 Βλαο

2054 3684 2352 3754 δισθλάϐου
2383 3690 2637 3764 γυναικὸς
2663 3690 2753 3743 καὶ
2789 3694 2896 3744 τῶν
2928 3694 3024 3745 τοῦ
3065 3691 3332 3764 Σαμουὴλ
3390 3692 3742 3766 θυγατέρων.

2052 3780 2141 3836 καὶ
2198 3783 2306 3833 τῶν
2358 3777 2566 3833 λοιπῶν
2613 3776 2973 3855 Βουλγάρων.
3005 3776 3301 3837 Ἰνδικτιὼν
3333 3782 3399 3849 ἧν
3464 3781 3532 3856 β’,
3582 3779 3712 3845 ἔτος

2055 3870 2242 3946 γςφκζᾌ
2285 3869 2383 3925 Καὶ
2449 3868 2593 3923 οὕτω
2650 3869 2785 3941 μετὰ
2837 3868 3110 3942 τροπαίων
3161 3870 3251 3924 καὶ
3307 3870 3463 3941 νίκης
3523 3871 3578 3925 ἐν
3642 3876 3715 3947 τῇ

2056 3956 2277 4034 Μεγάλῃ
2308 3955 2605 4027 Ἐκκλησία
2644 3954 2922 4028 εἰσελθὼν,
2948 3958 3038 4013 καὶ
3067 3962 3147 4030 τῷ
3204 3963 3320 4031 Θεῷ
3376 3958 3723 4035 εὐχαριστη-

2060 4046 2208 4121 ρίους
2241 4044 2371 4116 ᾄσας
2404 4043 2569 4118 ᾠδὰς,
2604 4047 2845 4115 ἀπῆλθεν
2879 4046 2955 4109 εἲς
2982 4047 3049 4102 τὰ
3082 4046 3354 4123 βασίλεια.
3385 4055 3479 4107 ‘Ov
3531 4051 3559 4105 6
3616 4072 3725 4105 πα-

2057 4139 2331 4211 τριάρχης
2359 4135 2588 4210 Σέργιος
2626 4135 2760 4208 μετὰ
2788 4135 2943 4207 νίκης
2986 4135 3300 4201 εἰσελθόντα
3346 4138 3537 4195 πολλὰ
3594 4162 3725 4197 κατ-

2062 4225 2311 4299 ελιπάρει
2342 4220 2524 4279 σϐέσαι
2556 4225 2616 4279 τὸ
2647 4222 3026 4301 ἀλληλέγγυον
3057 4227 3145 4299 (ἦν
3180 4226 3280 4303 γὰρ
3334 4228 3725 4304 ὑποσχόμενος

2063 4321 2290 4384 ποιῆσαι
2343 4314 2526 4383 τοῦτο,
2587 4314 2631 4368 εἰ
2678 4317 2785 4368 τῶν
2865 4312 3194 4392 Βυυλγάρων
3257 4316 3720 4393 ὑπερισχύσειεν)¹

293 4402 421 4458 ἀλλ’
453 4401 552 4457 οὐκ
580 4398 812 4457 ἔπεισεν.
845 4408 934 4462 Ὃς
962 4399 1049 4455 ἐπὶ
1082 4400 1283 4457 εἷ’κοσιν
1314 4401 1477 4465 ὅλους
1509 4403 1784 4466 ἐνιαυτοὺς
1816 4404 1916 4473 τὴν
1940 4410 2038 4461 τοῦ
2087 4408 2220 4459 Θεοῦ
2267 4404 2539 4476 ποιμάνας
2571 4401 2897 4473 Ἐκκλησίαν
2927 4402 3145 4477 Ἰουλίῳ
3188 4406 3343 4479 μηνὶ,
3374 4404 3723 4472 ἰνδικτιῶνος

298 4494 366 4569 β’,
398 4491 450 4547 ἐν
480 4486 583 4547 ἔτει
614 4496 692 4562 τῷ
722 4493 909 4568 ,ςφκζ’,
942 4491 1077 4567 πρὸς
1103 4491 1296 4567 Κύριον
1330 4491 1477 4564 έξεὸή
1492 4514 1650 4567 μησε.
1682 4494 1778 4547 Καὶ
1811 4492 2137 4570 προεϐλήθη
2170 4494 2518 4569 πατριάρχης
2554 4494 2873 4568 Εὐστάθιος,
2907 4495 3125 4570 πρῶτος
3155 4494 3227 4550 ὢν
3258 4501 3372 4551 τῶυ
3421 4494 3721 4573 πρεσϐυτὲο

296 4605 403 4660 ρων
427 4586 523 4637 τοῦ
555 4581 605 4636 ἐν
629 4587 748 4643 τοῖς
784 4579 1085 4656 βασιλείοις
1112 4587 1241 4636 ναοῦ
1264 4585 1394 4655 (66).

360 4675 614 4730 Subacta
660 4672 950 4743 Bulgaria,
1001 4672 1340 4744 imperatori
1391 4689 1452 4728 se
1501 4674 1726 4729 dedidit
1771 4674 1948 4731 etiam
1980 4695 2025 4759 D

289 4762 657 4821 contermina
695 4761 1125 4818 Chorbatorum
1175 4779 1319 4833 gens
1368 4768 1424 4817 et
1454 4764 1579 4832 ejus
1631 4763 1949 4835 principes,

291 4855 500 4909 fratres
561 4853 713 4918 duo;
762 4850 979 4921 quibus
1027 4851 1345 4921 imperator
1394 4850 1647 4907 honores
1694 4870 1760 4907 ac
1810 4870 1925 4925 ope:

2125 4873 2185 4921 ιν,
2221 4852 2490 4925 ἄρχοντας
2539 4848 2759 4926 ἔχοντες
2817 4849 2912 4906 δύο
2966 4850 3260 4931 ἀδελφοὺς,
3294 4856 3369 4909 ὦν
3411 4856 3719 4934 προσρυέν-

288 4942 517 5014 amplas
550 4940 777 4995 tribuit.
811 4941 981 4994 Solus
1013 4940 1207 4994 adhuc
1236 4941 1550 5011 imperium
1582 4943 1921 4999 detrectaba

2125 4961 2159 4994 ιν
2227 4941 2317 4994 καὶ
2399 4940 2678 5013 ἀξιώματα
2745 4936 3025 4996 λαϐόντων
3094 4943 3185 4997 καὶ
3244 4947 3463 5016 κτήσεις
3527 4949 3719 5011 ἱκανὰς

2128 4675 2222 4745 Τῷ
2281 4669 2338 4727 δὲ
2417 4670 2632 4745 βασιλεῖ
2704 4672 3139 4751 προσερῥύησαν,
3197 4682 3299 4745 τῆς
3367 4677 3723 4757 Βουλγαρίας

2063 4760 2433 4833 δουλωθείσης
2473 4760 2641 4834 αὐτῷ,
2676 4762 2765 4816 καὶ
2811 4762 2878 4817 τὰ
2927 4762 3108 4839 ὅμορα
3154 4759 3279 4835 ἔθνη
3330 4771 3438 4821 τῶν
3490 4765 3721 4843 Χορϐα-

288 5036 494 5090 Sermo
529 5030 727 5084 Sirmii
777 5029 1055 5084 dominus
1088 5030 1366 5101 Nestongi
1420 5031 1618 5086 frater.
1666 5032 1748 5085 Ad
1793 5031 1945 5087 hunc

288 5120 715 5180 Constantinus
748 5120 1032 5191 Diogenes
1083 5120 1347 5174 ﬁnitimae
1398 5119 1707 5191 provincia:
1740 5122 1941 5191 praefe-

288 5218 419 5267 ctus
450 5210 706 5282 legatum
758 5208 962 5277 mittit,
996 5208 1338 5280 interposito
1362 5209 1752 5279 jurejurando
1784 5210 1941 5264 afﬁr-

288 5317 460 5357 mans
490 5312 705 5370 cupere
735 5314 797 5354 se
828 5297 1025 5369 ipsum
1075 5298 1383 5353 convenire
1415 5314 1481 5353 ac
1513 5298 1583 5353 de
1615 5298 1788 5353 rebus
1835 5315 1939 5354 ne-

2057 5030 2275 5100 ὑπήκοα
2306 5028 2489 5105 γέγονε
2539 5028 2629 5085 καὶ
2657 5030 2724 5083 τα
2755 5028 2904 5101 ἔθνη.
2939 5032 3114 5094 Μόνος
3170 5030 3226 5087 δὶ
3258 5036 3285 5088 6
3316 5039 3415 5089 τοῦ
3470 5039 3716 5113 Σιρμίου

2053 5124 2262 5191 κρατῶν
2323 5116 2556 5196 ἀδελφὸς
2609 5124 2706 5173 τοῦ
2765 5121 3082 5196 Νεστόγγου
3162 5122 3389 5196 Σέρμων
3474 5135 3714 5196 πιθῆσαι

2053 5208 2152 5262 οὐκ
2179 5205 2361 5277 ἤθελε·
2415 5208 2551 5283 πρὸς
2610 5209 2668 5262 ὃν
2726 5214 3131 5275 Κωνσταντῖνος
3181 5213 3208 5266 ὁ
3254 5215 3539 5290 Διογένης,
3602 5221 3712 5271 τῶν

2050 5296 2222 5351 ἐκεῖσε
2256 5301 2435 5373 μερῶν
2479 5294 2689 5373 ἄρχων,
2724 5295 2909 5377 φιλίαν
2962 5301 3393 5377 ὑποκρινόμενος
3442 5300 3716 5379 πρεσϐευο

1475 5441 1851 5498 XYLANDRI
1893 5442 1978 5497 ET
2018 5442 2237 5499 GOARI
2278 5444 2509 5499 ΝΟΤίΕ.

250 5562 251 5565 “
353 5562 471 5637 (65)
502 5561 726 5637 Co_ro_na
769 5557 915 5637 haec
941 5555 1312 5637 τροπαιουχία
1354 5563 1439 5637 est
1486 5557 1941 5637 Codini,judice

286 5631 519 5694 Co'resio
552 5632 808 5701 Chiensi,
842 5631 1337 5705 triumphantium
1388 5633 1811 5705 imperatorum
1843 5647 1942 5689 or-

286 5713 658 5770 namentum.
689 5709 869 5766 Gom.
1882 5730 1883 5733 η

2262 5558 2767 5641 Quem-superius
2815 5567 3020 5641 auctor
3064 5572 3437 5641 πρωτοπαπᾶν
3468 5574 3572 5626 τοῦ
3603 5592 3708 5629 πα-

2029 5627 2243 5699 τλατίου
2272 5632 2535 5704 vocavit;
2568 5627 2640 5691 de
2670 5650 2785 5707 quo
2807 5637 2934 5708 jam
2967 5627 3220 5699 abunde.
3263 5643 3446 5700 Goan.
