3968 6140
266 326 385 387 209

1414 328 1963 392 HISTORIARUM
2008 327 2559 391 GOMPENDIUM.

3578 326 3701 391 210

262 459 367 528 τὴν
417 455 709 531 ἐκπεμπει,
768 452 955 527 δηλῶν
1018 457 1137 530 μεθ’
1194 451 1373 534 ὅρκων
1429 456 1745 533 ἐπιθυμίαν
1777 457 1916 536 ἔχειν

2098 459 2314 517 ιεεαιιίἱε
2344 458 2621 533 colloqui.
2672 457 2892 524 Quodsi
2938 457 3065 531 ipse
3106 456 3358 514 insidias
3400 462 3696 517 vereretur

264 547 531 617 ἑνωθῆναι
588 545 738 619 αὖτῷ
798 547 890 602 καὶ
958 547 1082 620 περὶ
1150 546 1455 625 ἀναγκαίων
1514 551 1919 624 κοινολογήσα-

264 639 410 693 σθαι.
442 636 503 693 Εἰ
563 634 622 691 δὶ
678 657 762 698 τις
819 635 979 691 αὐτὸν
1038 637 1329 713 ὑποτρέχει
1387 633 1578 715 φόϐος,
1637 645 1783 711 τρεῖς
1823 641 1922 695 ὑπ-

263 728 465 802 ηρέτας
521 724 802 803 εἷληφέναι
865 725 1089 799 μόνους,
1146 726 1236 781 καὶ
1294 729 1431 782 κατὰ
1483 729 1545 783 τὸ
1605 730 1770 802 μέσον
1828 733 1924 783 τοῦ

262 815 670 893 παραρρέοντος
720 819 973 888 ποταμοῦ
1041 816 1308 889 συμμῖξαι
1369 816 1514 889 αὐτῷ
1568 818 1702 891 μετὰ
1760 823 1921 894 τριῶν

265 907 553 980 ὑπηρετῶν
607 903 816 978 ὁμοίως
870 904 1145 983 ἀφίξεσθαι
1203 903 1491 977 μέλλοντι,
1540 908 1790 971 Πεισθεὶς
1832 908 1922 962 οὖν

261 994 471 1057 ἰκεῖνος
526 991 745 1069 ἔρχεται
792 993 931 1065 πρὸς
978 994 1071 1048 τὸν
1122 995 1371 1068 ποταμὸν
1422 994 1510 1050 καὶ
1562 1000 1642 1067 τῷ
1688 994 1924 1070 Διογένει

260 1085 499 1141 ἑνοῦται.
557 1084 642 1140 Ἐν
690 1083 736 1155 ᾦ
784 1080 842 1137 δὲ
898 1081 1135 1156 ἔμελλον
1186 1082 1550 1159 διαλέγεσθαι,
1596 1085 1625 1138 ὁ
1669 1085 1924 1159 Διογένης

259 1169 559 1246 ἐγκόλπιον
619 1172 795 1249 φέρων
878 1172 1152 1247 μάχαιραν
1228 1173 1318 1227 καὶ
1374 1172 1572 1244 ταύτην
1641 1172 1925 1248 αἰφνιδίως

260 1260 493 1323 ἔλκύτας
551 1261 702 1316 παίει
749 1264 941 1316 τοῦτον
1001 1262 1134 1316 κατὰ
1190 1268 1291 1331 τῆς
1346 1263 1583 1339 πλευρὰς
1632 1263 1721 1317 καὶ
1771 1262 1923 1326 εὐθὺς

258 1352 495 1426 ἀναιρεῖ,
526 1353 649 1407 Τῶν
686 1348 744 1405 δὲ
797 1351 910 1424 μετ’
959 1350 1125 1406 αὐτοῦ
1183 1356 1328 1429 φυγῇ
1374 1354 1761 1427 χρησαμένων,
1798 1352 1927 1416 τοὺς

254 1439 672 1510 πλησιάζοντας
757 1440 786 1494 ὁ
870 1438 1130 1514 Διογένης
1225 1442 1579 1517 συναθροίσας
1662 1445 1925 1517 στρατοὺς

260 1529 402 1604 μετά
459 1529 652 1605 χειρὸς
709 1530 900 1595 ἱκανῆς
958 1527 1178 1604 ἔρχεται
1239 1530 1377 1604 πρὸς
1428 1531 1492 1586 τὸ
1536 1531 1803 1605 Σίμμιον,
1834 1530 1924 1585 καὶ

251 1621 357 1689 τὴν
412 1624 651 1694 γυναῖκα
717 1622 814 1672 τοῦ
898 1623 1194 1682 τεθνεῶτος
1282 1618 1767 1694 καταπληξάμενος
1833 1620 1924 1675 καὶ

2031 551 2298 616 subesse,
2329 550 2523 605 tribus
2556 552 2787 605 tantum
2820 547 3057 603 famulis
3088 546 3374 619 stipatum
3405 564 3469 605 se
3498 550 3571 605 ad
3610 549 3694 605 ri-

2034 657 2169 712 pam
2204 640 2553 712 proﬂuentis
2585 638 2664 694 ibi
2714 638 2909 695 amnis
2940 653 3341 694 accessurum.
3374 638 3533 694 Idem
3569 640 3697 711 ipse

2034 746 2268 801 quoque
2324 730 2561 785 faceret.
2626 728 3006 799 Oblemperat
3062 726 3290 796 Sermo,
3349 732 3526 799 atque
3585 728 3695 785 hoc

2035 819 2209 873 modo
2241 834 2375 874 cum
2412 820 2663 889 Diogene
2696 816 3093 889 congreditur.
3130 816 3215 871 Ibi
3249 832 3384 871 cum
3409 817 3538 887 jam
3571 818 3695 874 col-

2034 907 2287 965 locuturi
2315 913 2535 973 essent,
2571 907 2848 976 Diogenes
2875 906 3217 977 pugionem,
3250 920 3427 976 quem
3462 906 3521 961 in
3555 906 3693 962 sinu

2035 998 2304 1053 abditum
2338 998 2623 1069 gestabat,
2660 996 2854 1051 subito
2886 995 2943 1049 in
2978 994 3137 1050 latus
3157 994 3456 1051 Sermonis
3487 995 3693 1068 adigit,

2036 1103 2290 1157 eumque
2320 1085 2634 1140 interﬁcit:
2660 1083 2867 1139 famuli
2889 1084 3025 1156 fuga
3048 1083 3384 1139 elabuntur.
3409 1085 3693 1158 Diogenes

2034 1176 2241 1231 vicinis
2274 1175 2627 1231 exercitibus
2659 1173 2977 1229 contractis
3008 1173 3202 1228 valida
3233 1190 3367 1228 cum
3398 1190 3582 1231 manu
3615 1176 3687 1231 ad

2035 1265 2309 1320 Sirmium
2344 1264 2761 1337 proﬁciscitur,
2794 1263 3099 1333 viduasque
3139 1263 3426 1318 exterritae
3458 1264 3691 1336 magnis

2036 1354 2279 1425 insuper
2311 1352 2836 1425 pollicitationibus
2860 1352 3174 1423 persuadet
3197 1355 3261 1407 ut
3289 1368 3351 1408 se
3381 1352 3691 1408 Sirmium-

2036 1459 2149 1514 que
2180 1443 2520 1514 imperatori
2572 1442 2850 1497 traderet.
2902 1442 2982 1496 Ea
3011 1441 3352 1513 Byzantium
3398 1441 3578 1498 missa
3609 1443 3690 1497 ibi

2036 1531 2314 1603 primario
2346 1530 2579 1587 cuidam
2613 1530 2826 1586 civium
2863 1529 3240 1585 matrimonio
3270 1529 3540 1602 copulata
3559 1535 3685 1587 est:

2041 1620 2322 1693 Diogenes
2353 1637 2557 1677 recens
2587 1624 2767 1692 captae
2798 1618 3005 1675 ditioni
3037 1619 3363 1691 praefectus.

258 1708 593 1783 ὑποσχέσεσι
654 1705 919 1782 μεγάλαις
978 1706 1357 1781 καταμαλάξας
1419 1707 1598 1764 ἔπεισε
1679 1712 2079 1785 προσχωρῆσαι
2170 1708 2260 1762 καὶ
2311 1708 2374 1762 τὸ
2433 1707 2663 1782 Σίρμιον
2717 1703 3051 1780 παραδοῦναι
3109 1710 3188 1779 τῷ
3248 1703 3500 1782 βασιλεῖ·
3556 1704 3681 1775 ἥτις

251 1796 473 1860 nisi;
531 1796 594 1851 τὸ
643 1797 936 1866 Βυζάντιον
995 1795 1335 1873 ἀνεπέμφθη,
1393 1799 1482 1853 καὶ
1532 1796 1685 1873 ἀνδρὶ
1752 1798 2080 1875 συνεζεύχθη
2138 1796 2213 1852 ἐνὶ
2263 1801 2369 1853 τῶν
2431 1796 2483 1852 ἐν
2535 1800 2605 1871 τῇ
2662 1795 2822 1852 πόλει
2884 1796 3245 1870 μεγιστάνων,
3304 1795 3397 1851 καὶ
3456 1796 3485 1850 ὁ
3547 1802 3682 1851 Διο-

250 1885 419 1964 γένης
452 1883 641 1963 ἄρχειν
673 1884 878 1962 ἐτάχθη
915 1892 1018 1956 τῆς
1046 1887 1341 1956 νεοκτήτου
1371 1886 1581 1962 χώρας.

329 1978 418 2049 [Ρ.
451 1978 579 2049 718]
613 1976 946 2030 ’Δνεκαίνισε
989 1973 1047 2030 δὲ
1094 1976 1121 2030 ὁ
1174 1973 1427 2051 βασιλεὺς
1463 1976 1553 2030 καὶ
1582 1976 1673 2031 τὸν
1697 1976 1907 2051 ἀγωγὸν

2098 1980 2238 2034 477
2272 1979 2693 2051 Αᾳυεεᾱυοιιιη]
2727 1992 2960 2049 quoque
2992 1974 3385 2033 Valentiniani
3416 1974 3670 2047 impera-

254 2062 712 2122 Οὐαλεντινιανοῦ
755 2068 853 2120 τοῦ
914 2063 1204 2139 βασιλέως,
1237 2065 1310 2126 ὡς
1354 2062 1414 2119 ἂν
1466 2060 1644 2140 ἔχοιεν
1677 2065 1727 2119 οἱ
1759 2066 1909 2120 ἀστοὶ

255 2153 521 2232 ἀφθονίαν
572 2151 791 2215 ὕδατος.
849 2152 1121 2229 Γεωργίου
1179 2150 1237 2208 δὲ
1282 2157 1378 2209 τοῦ
1425 2153 1695 2230 ἄρχοντος
1750 2150 1909 2211 Ἀϐα-

250 2243 409 2318 σγίας
444 2245 558 2317 (67)
586 2242 681 2305 τὰς
731 2242 870 2318 πρὸς
913 2241 1221 2316 Ῥωμαίους
1253 2242 1612 2313 ἀθετήσαντος
1643 2246 1909 2315 συνθήκας

243 2333 339 2388 καὶ
408 2333 478 2387 τὰ
534 2330 719 2408 ὅμορα
772 2331 1228 2407 κατατρέχοντος,
1281 2327 1440 2403 ἔξεισι
1499 2334 1615 2387 κατ’
1672 2332 1837 2388 αὐτοῦ
1883 2335 1911 2388 ὁ

247 2420 513 2497 βασιλεὺς
558 2421 876 2497 πανστρατὶ,
943 2419 1170 2475 κατόπιν
1222 2420 1398 2477 λιπὼν
1439 2421 1755 2498 Νικηφόρον
1805 2444 1910 2477 πα·-

244 2508 462 2585 τρίκιον
509 2512 623 2583 (68)
680 2510 772 2565 τὸν
830 2508 1027 2587 Ξιφίαν
1100 2510 1188 2565 καὶ
1246 2511 1563 2588 Νικηφόρον
1622 2513 1909 2585 πατρίκιον

240 2597 341 2655 τὸν
398 2599 514 2653 υἱὸν
564 2595 743 2672 Βαρδα
791 2603 889 2653 τοῦ
948 2604 1133 2656 Φωκᾶ.
1168 2600 1233 2657 Οἱ
1285 2597 1341 2655 δὲ
1392 2598 1480 2654 διὰ
1521 2602 1583 2655 τὸ
1616 2608 1716 2670 τῆς
1747 2622 1911 2675 στρα-

242 2687 394 2749 τείας
476 2685 870 2766 ἀπολελεῖφθαι
957 2685 1438 2759 δεινοπαθήσαντες
1526 2690 1589 2744 οὐ
1676 2696 1910 2767 μικρῶς,

248 2775 387 2833 λαὸν
422 2777 499 2839 ὡς
530 2774 719 2852 ἔτυχεν
766 2776 1086 2853 ἠθροικότας
1132 2777 1235 2832 ἀπό
1285 2799 1344 2834 τε
1388 2776 1779 2843 Καππαδοκίας
1820 2780 1910 2835 καὶ

246 2864 548 2926 Ῥοδάντου
588 2868 677 2921 καὶ
723 2870 830 2922 τῶν
877 2867 1030 2943 πέριξ
1073 2868 1324 2943 χωρίων,
1373 2868 1697 2924 ἀποστασίαν
1730 2874 1910 2925 κινοῦ-

252 2978 362 3014 σιν.
397 2957 577 3032 Οὗπερ
635 2955 990 3031 ἀγγελθέντος
1034 2961 1113 3029 τῷ
1173 2955 1388 3032 βασιλεῖ
1429 2960 1647 3034 ταραχὴ
1691 2965 1914 3035 κατεῖχε

248 3048 353 3116 τήν
386 3040 751 3122 παρεμϐολὴν
808 3045 898 3101 καὶ
944 3045 1167 3121 ἀγωνία,
1229 3043 1529 3103 δεδοικυῖαν
1586 3050 1658 3122 μή
1702 3071 1820 3111 πως
1861 3049 1912 3104 ἐν

257 3137 411 3211 μέσῳ
445 3131 727 3213 ’Δϐασγῶν
778 3157 836 3190 τε
881 3136 970 3191 καὶ
1022 3140 1128 3191 τῶν
1176 3136 1491 3191 ἀποστατῶν
1538 3137 1913 3211 συνειλημμέ-

247 3247 339 3280 νοι
373 3221 672 3299 (διεδέδοτο
722 3226 825 3301 γὰρ
875 3223 964 3280 καὶ
1012 3222 1180 3300 λόγος
1236 3226 1312 3288 ὡς
1379 3225 1429 3280 οἰ
1470 3227 1592 3302 περί
1622 3226 1711 3281 τὸν
1743 3227 1914 3305 Ξιφία

2019 2069 2162 2124 toris
2203 2068 2403 2124 refecit
2448 2067 2722 2136 Basilius,
2758 2067 3097 2138 civibusque
3145 2082 3307 2138 aquai
3356 2065 3669 2121 abundan—

2018 2156 2162 2213 tiam
2195 2158 2444 2229 paravit.
2503 2161 2680 2214 Porro
2728 2173 2862 2212 cum
2911 2154 3193 2227 Georgius
3242 2154 3510 2227 Abasgiaa
3551 2156 3670 2210 dux

2019 2247 2231 2303 violato
2263 2248 2416 2317 quod
2463 2247 2516 2304 ei
2566 2263 2697 2303 cum
2732 2245 3013 2302 Romanis
3064 2249 3189 2301 erat
3237 2244 3451 2299 foedere
3480 2243 3674 2299 vicina

2020 2335 2465 2392 incursionibus
2486 2340 2738 2403 vexaret,
2759 2334 3078 2390 exercitum
3099 2338 3301 2389 contra
3321 2349 3457 2388 eum
3478 2334 3677 2389 educit

2022 2425 2299 2494 Basilius,
2359 2426 2517 2481 domi
2577 2425 2794 2480 relictis
2849 2422 3174 2494 Nicephoro
3224 2421 3491 2494 patricio,
3552 2422 3673 2478 filio

2022 2516 2219 2571 Bardae
2252 2514 2473 2570 Phocas.
2508 2516 2581 2570 At
2608 2514 2649 2569 ii
2698 2512 3110 2585 indignissime
3164 2512 3416 2567 ferentes
3459 2528 3577 2567 non
3610 2528 3672 2567 se

2022 2620 2255 2676 quoque
2288 2621 2404 2659 una
2435 2605 2503 2658 ad
2556 2605 2610 2659 id
2644 2602 2862 2658 bellum
2908 2603 3110 2673 jussos
3161 2601 3265 2671 ire,
3313 2604 3608 2656 contracto
3642 2616 3672 2656 e

2021 2691 2383 2764 Cappadocia
2412 2693 2674 2748 Rodanto
2705 2696 2764 2747 et
2808 2690 2938 2746 aliis
2967 2688 3177 2745 vicinis
3208 2687 3545 2760 regionibus
3576 2692 3670 2744 ut-

2022 2798 2253 2854 cunque
2303 2781 2556 2838 exercitu
2618 2779 2993 2836 rebellionem
3040 2777 3353 2834 concitant.
3400 2778 3542 2849 Ejus
3591 2778 3675 2833 rei

2022 2872 2266 2927 nuntius
2286 2870 2622 2942 imperatori
2641 2869 2856 2926 allatus
2879 2867 3156 2925 exercitui
3178 2883 3454 2939 magnam
3480 2866 3675 2923 incus-

2022 2962 2100 3018 sit
2148 2960 2626 3017 sollicitudinem.
2682 2960 3018 3015 Metuebant
3059 2957 3217 3014 enim
3263 2974 3335 3013 ne
3380 2957 3439 3012 in
3481 2956 3673 3014 medio

2021 3051 2175 3106 inter
2203 3050 2465 3122 Abasgos
2497 3058 2553 3105 et
2574 3048 2902 3122 perduelles
2923 3047 3163 3120 (quippe
3184 3047 3483 3103 ferebatur
3511 3061 3579 3103 ea
3602 3047 3675 3102 de

2022 3156 2083 3195 re
2115 3139 2356 3211 Xiphias
2387 3156 2523 3195 cum
2556 3138 2819 3211 principe
2847 3138 3207 3207 Abasgorum
3240 3152 3342 3209 per
3372 3136 3674 3192 internun-

2024 3227 2135 3283 tios
2166 3228 2377 3300 egisse)
2409 3226 2624 3283 inclusi
2650 3232 2910 3282 extrema
2932 3226 3049 3297 pati
3082 3230 3448 3297 cogerentur.
3483 3227 3676 3297 Impe-

248 3311 745 3389 διεκηρυκεΰσαντο
828 3312 953 3388 περὶ
1034 3313 1229 3368 τούτου
1308 3315 1445 3391 πρὸς
1519 3314 1611 3369 τὸν
1670 3312 1912 3391 ἄρχοντα

248 3398 346 3421 Ian
465 3401 477 3421 Ι
551 3404 565 3421 \
633 3404 648 3421 9
710 3404 725 3421 Ι
873 3401 885 3421 Ι
1164 3403 1209 3421 ’Λ
1424 3404 1482 3421 tn
1547 3401 1591 3421 δε
1657 3405 1685 3421 Λ
1789 3405 1807 3421 \
1852 3404 1863 3421 ἱ

2098 3322 2185 3372 tor
2215 3333 2348 3387 ergo
2399 3316 2626 3373 litteras
2675 3321 2730 3371 et
2775 3316 2845 3372 ad
2895 3314 3175 3386 Xiphiam
3208 3320 3266 3369 et
3314 3314 3385 3369 ad
3416 3313 3674 3370 Phocam

243 3398 917 3478 ³Δ6ασγίας)ἀνιςκεστόν
975 3422 1029 3456 τι
1104 3403 1369 3457 πάθωσιν.
1424 3404 1485 3460 Ὁ
1544 3401 1602 3459 δὲ
1657 3404 1909 3481 βασιλεὺς

240 3494 550 3567 γράμματα
597 3491 807 3567 γράψας
853 3491 991 3567 πρός
1035 3512 1094 3546 τε
1138 3492 1228 3547 τὸν
1281 3490 1480 3569 Ξιφίαν
1526 3491 1615 3547 καὶ
1656 3493 1746 3548 τὸν
1781 3500 1911 3549 Φω-

242 3587 343 3637 κᾶν
403 3580 688 3655 ἐξέπεμψε,
749 3579 1116 3656 παραγγείλας
1197 3586 1278 3653 τῷ
1332 3577 1555 3637 λαϐόντι
1613 3581 1911 3639 σπουδάσαι

244 3671 425 3725 πάντα
477 3671 678 3744 τρόπον
728 3668 911 3726 λαθεῖν
963 3669 1053 3724 καὶ
1114 3668 1319 3744 ἑκάστῳ
1376 3671 1764 3747 ἀσυγγνώστως
1823 3671 1908 3729 δε-

248 3756 576 3815 δωκέναιτὸ
633 3758 881 3835 γράμμα.
932 3762 1041 3816 Τοῦ
1087 3756 1144 3813 δὲ
1187 3760 1261 3822 ὡς
1310 3757 1597 3832 ἐκελεύσθη
1643 3764 1912 3833 ποιήσαν-

244 3870 342 3912 τος
397 3848 490 3903 καὶ
545 3849 639 3909 τάς
694 3844 985 3910 ἐπιστολὰς
1045 3847 1451 3925 ἐγχειρίσαντος
1507 3849 1846 3925 λεληθότως,
1880 3855 1907 3909 ὁ

251 3938 349 4011 μὲν
397 3941 595 3999 Φωκᾶς
652 3936 807 4001 εὐθὺς
862 3936 1140 4013 ἐπανέγνω
1198 3939 1300 4013 γὴν
1343 3939 1532 3995 ἑαυτοῦ
1588 3945 1668 4013 τῷ
1716 3941 1905 4018 Ξιφίᾳ,

247 4026 458 4089 ἐκεῖνος
492 4024 549 4081 δὲ
576 4027 677 4095 τὴν
736 4025 927 4082 ἑαυτοῦ
976 4025 1293 4103 ἀποκρύψας
1351 4029 1442 4083 καὶ
1491 4029 1721 4105 γράμμα
1759 4028 1907 4101 δέξα-

246 4120 368 4173 σθαι
404 4115 551 4178 ὅλως
584 4114 1032 4192 ἀπαρνησάμενος
1083 4116 1133 4170 ἐν
1189 4121 1288 4190 μιᾷ
1334 4122 1442 4172 τῶν
1492 4120 1713 4194 ἡμερῶν
1751 4118 1908 4175 καλεῖ

244 4212 443 4262 τοῦτον
478 4206 566 4260 ἐπὶ
623 4204 999 4282 κοινολογίαν,
1052 4205 1143 4261 καὶ
1202 4205 1448 4277 ἐλθόντα,
1507 4207 1711 4284 λόχους
1759 4205 1904 4314 ἔχέυν

674 4296 684 4314 .
903 4295 918 4314 9
1077 4296 1090 4314 1
1348 4300 1385 4314 η
1430 4297 1441 4311 .
1527 4300 1542 4314 .
1620 4297 1634 4314 ν
1755 4299 1767 4314 ,

244 4296 844 4371 προευτρεπισμένους,
894 4295 1267 4352 ἀποκτίννυσι.
1348 4297 1445 4353 Καὶ
1517 4300 1551 4367 ἡ
1617 4295 1906 4354 ἐπισύστά-

246 4406 331 4448 σις
378 4388 489 4439 τῶν
538 4386 854 4440 ἀποστατῶν
912 4382 1066 4449 εὐθὺς
1112 4382 1483 4454 διεσκεδάσθη.
1516 4388 1627 4442 Τοῦ
1659 4385 1716 4441 δὲ
1745 4388 1907 4443 θανά-

244 4495 344 4530 του
371 4478 471 4530 τοῦ
504 4479 675 4529 Φωκᾶ
723 4472 1055 4548 γνωσθέντος
1093 4478 1173 4547 τῷ
1216 4473 1433 4550 βασιλεῖ
1476 4474 1747 4550 πέμπεται
1777 4484 1906 4534 Geo-

248 4563 531 4639 φυλακτος
563 4562 591 4617 ὁ
631 4567 906 4635 Δαμιανοῦ
955 4566 1051 4618 τοῦ
1106 4562 1456 4634 Δαλασσηνοῦ
1510 4564 1648 4633 υἱὸς,
1682 4566 1772 4621 καὶ
1811 4566 1904 4622 τὸν

248 4651 454 4727 Ξιφίαν
489 4646 779 4707 συλλαϐὼν
811 4651 1073 4721 ἐκπέμπει
1107 4649 1326 4726 δέσμιον
1360 4653 1494 4729 πρὸς
1520 4655 1619 4724 τὴν
1651 4653 1905 4730 βασιλίδα

2022 3407 2227 3475 mittit,
2263 3407 2311 3462 ei
2346 3405 2446 3477 qui
2474 3405 3111 3478 perferebatmandans
3134 3407 3200 3459 ut
3220 3419 3398 3476 quam
3422 3404 3675 3460 maxime

2021 3496 2211 3564 alteri,
2248 3493 2426 3551 altero
2457 3496 2782 3567 ignorante,
2816 3511 2914 3551 eas
2945 3493 3186 3550 reddere
3217 3497 3469 3549 curaret.
3503 3492 3669 3557 Quod

2020 3601 2153 3640 cum
2209 3585 2258 3639 is
2316 3584 2622 3655 effecisset,
2682 3584 2906 3638 Phocas
2964 3583 3164 3638 statim
3214 3582 3435 3654 Xiphias
3484 3583 3557 3638 ad
3611 3597 3674 3638 se

2020 3674 2273 3745 scriptas
2322 3673 2606 3740 recitavit,
2652 3672 2893 3745 Xiphias
2943 3680 3141 3728 autem
3193 3671 3432 3727 omnino
3484 3671 3556 3727 ad
3608 3688 3673 3728 se

2020 3762 2336 3834 quicquam
2357 3763 2645 3834 scriptum
2669 3779 2890 3834 negans
2910 3761 3161 3817 Phocam
3192 3761 3285 3816 die
3317 3761 3573 3832 quadam
3599 3762 3670 3816 ad

2018 3852 2375 3923 colloquium
2410 3856 2599 3917 vocat,
2623 3851 3070 3922 venientemque
3103 3850 3440 3921 praeparatis
3463 3851 3535 3905 ad
3560 3849 3671 3905 hoc

2018 3941 2251 3997 insidiis
2286 3945 2471 3997 necat.
2498 3941 2613 3996 Hoc
2647 3942 2819 3996 modo
2851 3939 3050 3995 statim
3072 3939 3359 4011 dissipata
3380 3955 3446 3994 ea
3471 3940 3669 4010 conju-

2017 4030 2187 4085 ratio.
2223 4032 2291 4085 Et
2321 4031 2643 4102 imperator
2674 4031 2744 4085 de
2782 4034 2968 4084 morte
3000 4028 3206 4084 Phocze
3239 4028 3428 4084 factus
3459 4028 3675 4084 certior

2016 4120 2517 4192 Thcophylactum
2568 4119 2836 4175 Damiani
2881 4117 3185 4173 Dalasseni
3235 4116 3427 4171 filium
3468 4116 3672 4186 mittit,

2017 4210 2117 4280 qui
2149 4214 2389 4280 captum
2424 4208 2702 4280 Xiphiam
2752 4207 2954 4279 Cpolin
2990 4207 3050 4261 in
3098 4205 3351 4261 vinculis
3382 4207 3534 4262 478
3566 4206 3675 4278 By-

2018 4297 2277 4353 zantium
2335 4298 2406 4353 ad
2455 4298 2744 4353 Joannem
2797 4296 3030 4369 ablegat
3088 4294 3576 4367 protonotarium.
3621 4295 3677 4351 Is

2017 4404 2149 4443 eum
2183 4404 2381 4442 rasum
2431 4386 2491 4441 in
2538 4386 2815 4457 Antigoni
2867 4384 3065 4440 insula
3100 4383 3457 4439 monachum
3513 4383 3672 4439 facit.

2017 4480 2343 4548 Imperator
2376 4475 2618 4548 proinde
2670 4481 2828 4530 metu
2864 4473 3170 4530 rebellium
3222 4473 3499 4528 liberatus
3538 4488 3673 4528 cum

2014 4565 2261 4639 Abasgis
2324 4581 2582 4636 pugnam
2632 4563 3008 4631 committit;
3066 4567 3121 4619 et
3169 4560 3440 4635 quamvis
3500 4561 3671 4615 multi
3764 4634 3767 4637 _

2016 4655 2267 4712 Romani
2285 4672 2424 4711 occu
2436 4656 2833 4725 buere,tamcn
2851 4653 3072 4709 incerta
3083 4651 3324 4708 victoria
3340 4651 3670 4706 discessum

248 4726 389 4817 πρὸς
423 4740 677 4812 Ἰωάννην
708 4741 801 4797 τὸν
846 4740 1274 4817 προτονοτάριον
1327 4726 1461 4816 (69),
1493 4743 1551 4805 ’ὸς
1579 4742 1631 4798 ἐν
1651 4726 1730 4819 ’τῇ
1753 4746 1905 4817 νήσῴ

2098 4786 2122 4800 ..
2154 4744 2417 4800 Alterum
2442 4744 2650 4799 deinde
2672 4743 2939 4815 praelium
2960 4742 3172 4796 initum
3192 4739 3284 4795 die
3308 4740 3670 4812 Septembris

246 4835 347 4887 τοῦ
379 4829 698 4906 Ἀντιγόνου
747 4833 859 4904 (70)
911 4831 1154 4907 μοναχὸν
1202 4829 1360 4886 αὐτὸν
1415 4832 1711 4907 ἀποκείρει.
1743 4834 1799 4887 Ὀ
1847 4832 1904 4889 δὲ

254 4917 515 4995 βασιλεὺς
553 4924 650 4975 τοῦ
707 4924 815 4974 τῶν
871 4919 1187 4975 ἀποστατῶν
1242 4918 1537 4984 ἀπολυθεὶς
1589 4919 1743 4985 δέους
1767 4945 1903 4997 συμ-

247 5007 453 5065 οάλλει
507 5014 625 5071 τοῖς
682 5003 1003 5084 Ἀϐασγοῖς,
1053 5010 1141 5064 καὶ
1221 5006 1426 5064 πολλοὶ
1481 5031 1740 5066 πιπτουσι
1793 5016 1901 5068 τῶν

254 5097 562 5170 Ρωμαίων.
618 5100 806 5172 Ὅμως
857 5095 1178 5170 διελύθησαν
1241 5095 1406 5177 ἄμφω
1461 5099 1528 5155 τὰ
1570 5101 1903 5177 στρατεύμα-

2015 4835 2347 4902 undecima,
2382 4834 2699 4889 indictione
2725 4838 2908 4900 sexta,
2933 4847 3084 4887 anno
3116 4830 3189 4886 ab
3219 4829 3443 4901 origine
3465 4830 3671 4884 mundi

2013 4925 2173 4980 653i.
2210 4924 2275 4979 In
2308 4938 2373 4979 eo
2417 4924 2575 4979 cadit
2607 4922 2917 4994 Liparites,
2950 4919 3184 4991 Georgii
3216 4918 3517 4991 copiarum
3552 4919 3673 4974 dux

2016 5012 2429 5087 primarius,et
2460 5030 2589 5068 cum
2612 5029 2676 5068 eo
2699 5009 3063 5067 validissima
3086 5008 3363 5081 Abasgici
3384 5008 3672 5065 exercitus

2015 5120 2173 5176 pars.
2209 5102 2493 5175 Georgius
2541 5102 2602 5157 in
2655 5103 2882 5156 montes
2935 5097 3132 5155 Iberiaa
3179 5097 3487 5155 interiores
3537 5100 3677 5169 fuga

1448 5216 1830 5273 XYLANDRI
1871 5218 1957 5273 ET
1995 5216 2219 5274 GOARI
2257 5217 2488 5273 NOTAE.

319 5310 787 5389 (67)_Provincia:
832 5311 1110 5389 Scythica
1160 5312 1449 5381 Asiaticis,
1498 5314 1703 5372 vicinaa
1733 5315 1916 5372 Iberi-

259 5383 397 5439 bus.
427 5383 608 5440 Goan.
908 5383 923 5386 ⁷
1060 5386 1061 5389 “

324 5456 442 5530 (68)
478 5454 924 5530 Deestaliquid,
950 5472 1161 5530 nempe
1189 5455 1422 5530 Xiphias
1453 5458 1695 5528 mentio,
1729 5459 1830 5530 qui
1856 5476 1917 5515 se

257 5526 488 5583 socium
525 5526 944 5599 perduellionis
968 5526 1169 5583 Phocis
1192 5526 1387 5597 dedit;
1423 5531 1579 5600 quod
1612 5526 1918 5602 sequentia

257 5598 497 5655 docent.
529 5599 806 5661 Alioquin
842 5595 899 5652 οἶ
928 5594 983 5653 δέ
1014 5605 1071 5655 et
1099 5604 1309 5655 caetera
1340 5601 1593 5661 pluralia
1624 5604 1693 5659 ad
1730 5620 1911 5660 unum

257 5598 497 5655 docent.
528 5598 806 5671 Alioquin
842 5598 899 5652 οἶ
928 5598 983 5653 δέ
1014 5605 1071 5655 et
1099 5604 1309 5655 caetera
1339 5617 1374 5672 p

264 5667 524 5729 Phocam
555 5671 756 5730 referri
791 5688 906 5730 non
939 5675 1205 5747 possunt.
1238 5674 1380 5728 XVL.

2098 5316 2210 5386 (69)
2241 5318 2421 5380 Quem
2442 5314 2661 5370 Notitiu
2679 5312 2911 5383 imperii
2928 5314 3312 5386 primicerium
3330 5316 3680 5373 notariorum

2024 5385 2230 5460 voeat;
2280 5388 2353 5460 de
2394 5388 2564 5460 cujus
2613 5386 2826 5460 cilicio,
2864 5385 3199 5458 insignibus
3250 5390 3305 5442 et
3352 5387 3676 5460 privilegiis

2028 5457 2394 5515 Pancirollus
2420 5458 2477 5512 in
2510 5459 2732 5514 Comm.
2766 5458 2947 5513 GOAR.

2024 5601 2071 5658 G
2100 5531 2215 5601 (70)
2256 5530 2432 5586 Juxta
2476 5531 2698 5603 Cpolim
2748 5528 2900 5585 inter
2948 5528 3157 5584 Proteu
3207 5532 3264 5583 et
3310 5527 3510 5587 Platen
3540 5531 3676 5590 sita.

2075 5618 2205 5658 can.

2075 5618 2205 5659 OAR.
