3972 6146
279 364 397 425 2H

1642 360 1960 424 GEORGII
2002 358 2343 422 GEDRENI

3584 365 3700 427 212

283 495 525 568 elapsus
555 494 726 569 paulo
758 499 891 568 post
933 494 1133 552 missis
1179 494 1389 569 legatis
1418 512 1553 552 cum
1583 495 1923 569 imperatore

2108 516 2132 564 μ,
2162 493 2253 549 καὶ
2283 495 2318 565 ἠ
2368 492 2492 564 νίκη
2546 487 2863 572 ἀμφίϐολος
2925 492 3017 563 ἦν.
3062 491 3216 550 Μεαᾶ
3244 489 3301 549 δξ
3326 497 3496 551 ταῦτα
3520 491 3701 552 δευτε-

286 602 485 657 pacem
522 586 839 658 componit,
864 586 1074 641 cedens
1105 585 1156 642 ei
1192 603 1319 653 sua,
1353 591 1640 657 quantum
1674 586 1802 656 ejus
1826 585 1935 641 hoc

284 677 607 748 imperator
633 675 881 741 volebat,
932 675 1173 745 ditione,
1227 674 1534 746 ﬁliumque
1581 691 1758 730 suum
1793 679 1939 729 Pan-

286 766 535 821 cratium
559 765 707 820 dans
730 766 1019 821 obsidem.
1036 764 1216 828 Quem
1241 764 1562 835 imperator
1586 764 1941 836 magistrum

240 860 247 865 “
287 854 525 921 creavit,
560 871 625 909 ac
653 855 892 910 domum
928 855 1119 908 rediit.
1156 854 1262 919 Qui
1294 868 1355 908 se
1386 852 1610 923 Xiphim
1643 870 1708 908 ac
1744 853 1941 908 Phocea

287 943 596 999 seditionis
632 943 819 999 socios
839 944 1228 1014 praebuerant,
1251 958 1349 996 eos
1379 942 1549 997 bonis
1572 944 1698 997 suis
1725 942 1943 998 multa-

288 1037 379 1088 tos
405 1032 463 1087 in
487 1048 777 1087 carcerem
803 1032 1059 1087 abdidit:
1089 1030 1281 1087 solum
1317 1030 1626 1101 patricium
1660 1031 1942 1087 Phersam

290 1120 603 1190 interfecit,
638 1122 736 1192 qui
771 1127 829 1176 et
862 1121 1083 1191 primus
1129 1120 1394 1176 omnium
1447 1137 1508 1176 se
1542 1120 1944 1192 perduellibus

292 1212 662 1281 adjunxerat,
694 1214 750 1265 et
800 1215 1050 1280 quatuor
1098 1213 1399 1264 curatores
1430 1209 1757 1264 vicinorum
1789 1209 1944 1281 prin-

292 1300 490 1372 cipum
542 1304 869 1366 necaverat,
914 1314 1140 1369 suaque
1190 1315 1365 1353 manu
1420 1298 1665 1369 spadoni
1710 1299 1943 1354 cuidam

290 1387 668 1460 imperatorio
692 1392 867 1459 caput
888 1393 1311 1459 amputaverat.
1336 1388 1438 1443 Est
1466 1392 1522 1443 et
1550 1386 1945 1443 cubicularius

293 1478 535 1549 quidam
589 1478 961 1549 imperatoris
1009 1478 1279 1532 leonibus
1323 1477 1613 1548 objectus,
1646 1477 1948 1533 convictus

2048 604 2142 660 ρας
2174 581 2503 657 συμπλοκῆς
2546 583 2869 659 γενομένης,
2926 582 2995 658 τῇ
3053 584 3120 638 ια’
3177 588 3276 638 τοῦ
3327 580 3705 659 Σεπτεμϐρίου

2054 673 2251 746 μηνὸς,
2285 671 2628 737 ῒνδικτιῶνος
2687 677 2750 741 ς’,
2783 673 2923 728 κατά
2977 673 3061 740 τὸ,
3111 672 3284 751 ,ςφλό
3332 669 3474 747 ἔτος,
3520 673 3706 730 πίπτει

2055 763 2149 836 μὲν
2185 763 2212 817 ὁ
2272 762 2575 839 νιπαρίτης
2632 763 2815 836 (οὗτος
2863 761 2966 837 γὰρ
3023 761 3088 837 ἦν
3144 762 3590 840 ἀρχιστράτηγος
3628 769 3705 837 τῷ

2052 852 2335 927 Γεωργίῳ)
2391 851 2482 907 καὶ
2568 850 2659 905 σὺν
2748 850 2895 923 αὐτῷ
2971 857 3075 906 πᾶν
3154 852 3217 906 τὸ
3256 856 3603 927 κρατιστεῦον
3654 852 3705 907 ἔν

2051 935 2366 1015 Ἀϐασγοῖς,
2425 940 2607 1015 φεύγει
2649 937 2708 995 δὲ
2769 940 2859 994 καὶ
2912 940 2940 994 ὁ
2988 940 3259 1015 Γεώργιος
3310 939 3387 1002 εἷς
3434 942 3505 996 τὰ
3550 939 3707 997 ἐνδό-

2050 1049 2178 1102 τερα
2211 1029 2311 1103 ὅρη
2358 1030 2457 1099 τῆς
2512 1024 2774 1104 Ἰϐηρίας.
2822 1029 2951 1085 Μετ’
2998 1027 3185 1103 ὀλίγον
3243 1027 3302 1084 δὶ
3359 1025 3711 1105 διαπρεσϐευ-

2054 1118 2306 1193 σάμενος,
2338 1118 2536 1191 καὶτῷ
2583 1117 2798 1194 βασιλεῖ
2844 1116 3032 1182 ἐκστὰς
3078 1118 3269 1193 χώρας
3311 1119 3520 1191 ὁπόσης
3550 1114 3710 1175 ἐϐού-

2056 1209 2204 1277 λετο,
2266 1204 2565 1276 σπένδεται,
2617 1209 2828 1283 ὅμηρον
2879 1204 3004 1269 δοὺς
3058 1207 3149 1261 τὸν
3202 1207 3316 1263 υἱὸν
3366 1207 3532 1263 αύτοῦ
3564 1215 3710 1284 Παγο

2053 1298 2273 1371 κράτιον
2303 1316 2317 1329 °
2353 1296 2412 1351 ὅν
2448 1300 2746 1372 μάγιστρον
2776 1298 3012 1367 ποιήσας
3041 1297 3069 1351 ὁ
3104 1295 3360 1371 βασιλεὺς
3391 1298 3711 1373 ὑπέστρεψε.

2054 1387 2190 1449 Τοὺς
2225 1388 2318 1460 μὲν
2352 1384 2442 1441 οὖν
2475 1384 2685 1448 ἄλλους
2733 1389 2842 1440 τῶν
2892 1390 2970 1457 τῷ
3013 1385 3183 1464 Ξιφίᾳ
3203 1385 3587 1462 συναραμένων
3621 1386 3712 1443 καὶ

2055 1480 2136 1548 τῷ
2166 1479 2332 1547 Φωκᾷ
2360 1480 2468 1531 τῶν
2502 1474 2862 1551 ὑπαρχόντων
2911 1476 3208 1551 γυμνώσας
3236 1476 3508 1553 καθεῖρξε,
3542 1476 3709 1550 μόνον

294 1567 447 1638 quod
482 1568 895 1638 imperatorem
918 1567 977 1621 in
1000 1566 1223 1639 Xiphiae
1254 1566 1505 1639 gratiam
1529 1571 1773 1621 conatus
1795 1582 1923 1622 esse

2108 1566 2236 1620 ιτὸν
2266 1564 2550 1639 πατρίκιον
2601 1563 2816 1639 Φέρσην
2869 1562 3170 1637 ἀπέκτεινε,
3223 1565 3330 1639 πρὸ
3386 1566 3602 1622 πάντων
3657 1586 3717 1621 τε

294 1672 517 1711 veneno
548 1656 773 1712 tollere.

2058 1655 2396 1729 προσρυέντα
2441 1658 2562 1715 τοῖς
2614 1650 2965 1721 ἅποστάταις,
3015 1652 3106 1708 καὶ
3133 1651 3395 1730 τέσσαρας
3426 1654 3716 1731 ἀρχόντων

294 1743 549 1818 γειτόνων
610 1745 959 1820 κουράτωρας
1044 1741 1451 1816 ἀποκτείναντα,
1534 1743 1625 1799 καὶ
1711 1741 1967 1817 ἑκτομίαν
2047 1744 2167 1800 τινὰ
2256 1740 2540 1820 βασιλικὸν
2620 1740 2960 1818 αὐτοχείρως
3018 1744 3169 1816 [719]
3214 1745 3716 1818 καρατομήσαντα·

296 1830 459 1903 ἐδόθη
502 1830 560 1888 δὲ
588 1834 678 1888 καὶ
728 1833 911 1889 λέουσι
971 1830 1277 1909 βασιλικοῖς
1328 1853 1410 1895 τις
1472 1829 1873 1906 θαλαμηπόλος
1932 1836 2156 1909 Βρῶμα,
2215 1830 2498 1909 ἰλεγχθεὶς
2565 1830 2876 1907 φαρμάκοις
2934 1826 3306 1887 ἐπιϐουλεύων
3355 1836 3436 1905 τῷ
3494 1831 3717 1908 βασιλεί

298 1918 388 1976 διὰ
424 1920 517 1976 τόν
547 1923 768 1999 Ξιφίαν.

370 2043 599 2099 Mortua
654 2043 823 2097 Anna
890 2041 1263 2113 imperatoris
1330 2058 1528 2098 sorore
1603 2041 1663 2096 in
1722 2039 1923 2096 Rossia

2130 2038 2230 2095 Καὶ
2260 2040 2457 2110 Ἀννης
2505 2035 2563 2094 δὲ
2608 2044 2709 2109 τῆς
2753 2041 2850 2093 τοῦ
2906 2034 3175 2114 βασιλὲως
3229 2035 3472 2116 ἀδελφῆς
3494 2035 3549 2095 ὗν
3579 2039 3718 2094 Ῥω.

299 2132 572 2187 defuncto
596 2131 721 2202 jam
772 2135 904 2186 ante
948 2130 1281 2187 Bladimero
1330 2130 1562 2201 marito,
1597 2128 1950 2203 Chrysochir

293 2222 535 2294 quidam
564 2219 883 2276 Bladimeri
914 2225 1200 2293 cognatus
1221 2220 1327 2275 800
1356 2222 1510 2276 viros
1542 2219 1805 2287 adscivit,
1838 2219 1945 2274 iis-

286 2326 402 2383 que
431 2310 492 2365 in
525 2325 701 2365 naves
750 2310 1045 2381 impositis
1093 2308 1296 2382 Cpolin
1342 2309 1521 2379 venit,
1552 2308 1845 2381 stipendia
1875 2324 1938 2364 se

283 2400 470 2457 facere
499 2398 643 2455 velle
672 2399 824 2455 419
862 2398 1170 2454 simulans.
1214 2400 1355 2453 Cum
1390 2404 1589 2454 autem
1621 2397 1939 2469 imperator

279 2505 416 2544 eum
448 2488 654 2561 positis
686 2488 867 2543 armis
890 2492 1083 2560 petere
1105 2487 1154 2543 si
1186 2488 1324 2559 quid
1360 2486 1531 2543 vellet
1546 2487 1797 2558 juberet,
1819 2505 1936 2544 non

282 2579 694 2650 obtemperans
748 2577 1160 2649 Propontidem
1217 2577 1495 2647 trajecit;
1548 2592 1802 2648 cumque
1860 2577 1933 2633 ad

284 2666 557 2740 Abydum
600 2666 879 2733 venisset,
913 2671 1182 2721 conserta
1229 2665 1420 2721 navali
1472 2682 1670 2738 pugna
1700 2682 1834 2721 cum
1868 2682 1934 2721 eo

281 2757 380 2829 qui
413 2772 575 2812 oram
622 2755 978 2811 maritimam
1008 2755 1302 2827 tuebatur,
1337 2754 1497 2811 nullo
1531 2758 1762 2826 negotio
1792 2756 1935 2811 vicit

282 2862 348 2901 ac
383 2846 662 2900 Lemnum
696 2845 977 2915 pervenit.
1021 2844 1102 2899 lbi
1135 2844 1306 2900 Rossi
1338 2861 1371 2899 a
1401 2844 1587 2900 classe
1617 2844 1933 2915 Cibyrraao-

281 2939 476 2990 tarum
525 2938 582 2989 et
636 2934 855 2989 Davido
912 2934 1262 2989 Achridensi
1319 2934 1478 2989 Sami
1540 2934 1808 3006 prafecto
1867 2950 1934 2990 ac

280 3021 606 3094 Nicephoro
630 3020 902 3076 Cabasila
924 3022 1071 3076 duce
1094 3021 1524 3078 Thessalonicae
1547 3037 1649 3093 per
1670 3023 1933 3079 fraudem

281 3128 486 3167 omnes
516 3115 657 3165 sunt
682 3109 993 3166 interfecti.

2058 2128 2145 2202 σίᾳ
2175 2127 2571 2199 ἀποθανούτης,
2611 2126 2703 2183 καὶ
2760 2128 2867 2202 πρὸ
2923 2125 3093 2196 αὐτῆς
3145 2131 3243 2183 τοῦ
3297 2124 3493 2203 ἀνδρὸς
3543 2128 3718 2199 αὐτῆς

2056 2214 2438 2291 Βλαδιμηροῦ,
2468 2215 2777 2292 Χρυσόχειρ
2817 2216 3077 2291 συγγενὴς
3106 2236 3187 2278 τις
3218 2214 3292 2271 ὣν
3324 2220 3421 2271 τοῦ
3446 2214 3718 2288 τελευτή-

2054 2327 2271 2376 σαντος,
2329 2303 2524 2381 ἄνδρας
2600 2304 2950 2367 ὀκτακοσίους
2997 2305 3560 2380 προσεταιρισάμενος
3621 2307 3716 2361 καί

2043 2394 2262 2458 πλοίοις
2318 2390 2638 2470 ἐμϐιϐάσας,
2721 2392 2889 2465 ἦλθεν
2971 2394 3050 2457 είς
3126 2392 3711 2452 Κωνσταντινούπολιν

2044 2487 2118 2547 ὡς
2175 2485 2319 2560 τάχα
2377 2486 2822 2561 μισθοφορήσων.
2853 2487 2962 2538 Τοῦ
3020 2481 3078 2539 δὲ
3132 2480 3404 2560 βασιλέως
3449 2486 3704 2540 καταθεῖ-

2042 2596 2125 2629 ναι
2168 2575 2234 2630 τὰ
2290 2573 2436 2629 ὅπλα
2490 2573 2811 2636 κελεύοντος
2872 2573 2964 2628 καὶ
3012 2572 3156 2629 οὕτω
3212 2575 3542 2643 πυιήσασθαι
3600 2575 3710 2644 τὴν

2044 2662 2318 2739 ζντυχίαν.
2372 2663 2448 2736 μὴ
2502 2661 2736 2733 θελήσας
2781 2659 2974 2731 διῆλθε
3018 2663 3118 2732 τὴν
3178 2660 3549 2739 Προποντίδα.
3614 2664 3711 2721 Ἐν

2043 2748 2263 2825 Ἀϐύδῳ
2324 2748 2381 2807 δὲ
2431 2750 2722 2826 γενόμενος
2779 2750 2870 2807 καὶ
2923 2755 3003 2824 τῷ
3053 2755 3449 2828 στρατηγοῦντι
3489 2751 3708 2825 ταύτης

2042 2841 2305 2919 συρράξας
2365 2839 2777 2916 λπερμαχοῦντι
2839 2845 2948 2895 τῶν
2992 2841 3303 2914 παραλίων,
3363 2840 3454 2896 καί
3508 2845 3711 2899 τοῦτον

2044 2929 2247 3007 ῥᾳδίως
2323 2930 2851 3005 καταστρεψάμενος,
2939 2927 3209 3000 κατῆλθεν
3289 2928 3370 2991 εἷς
3450 2934 3708 3004 Λῆμνον.

2044 3022 2248 3076 Ἐκεῖσε
2320 3016 2377 3075 δὲ
2432 3020 2580 3095 παρᾶ
2649 3024 2746 3074 τοῦ
2822 3017 3020 3073 στόλου
3096 3022 3194 3074 τοῦ
3255 3013 3709 3095 Κιϐυῤῥαιωτῶν,

2042 3110 2130 3166 καὶ
2163 3104 2329 3164 Δαϐὶδ
2360 3112 2456 3163 τοῦ
2517 3108 2622 3162 ἀπὸ
2672 3105 2945 3184 Ἀχριδῶν
2996 3112 3431 3185 στρατηγοῦντος
3485 3107 3705 3182 Σάμου,

281 3198 371 3254 καὶ
425 3198 741 3276 Νικηφόρου
792 3204 888 3254 τοῦ
946 3194 1227 3255 Καϐάσιλα
1277 3196 1473 3261 δουκὸς
1532 3195 1686 3261 ὄντος
1754 3197 2149 3269 Θεσσαλονίκης
2207 3201 2319 3273 (71)
2378 3196 2916 3273 παρασπονδηθέντες
2974 3200 3203 3263 ἅπαντες
3252 3200 3704 3278 κατεσφάγησαν.

351 3317 485 3372 Post
513 3316 635 3373 haec
668 3316 726 3370 in
758 3316 1015 3371 Siciliam
1040 3317 1282 3373 molitus
1313 3317 1740 3390 expeditionem
1774 3317 1931 3373 Basi-

277 3406 395 3461 lius
424 3410 688 3462 Orestam
720 3407 1038 3476 quemdam
1061 3408 1134 3461 de
1158 3406 1464 3462 ﬁdissimis
1487 3406 1610 3462 suis
1642 3406 1931 3462 eunuchis

2112 3314 2452 3388 Βουλόμενος
2510 3312 2567 3369 δὲ
2624 3315 2652 3368 ὁ
2715 3312 2971 3389 βασιλεὺς
3017 3312 3397 3389 ἐκστρατεῦσαι
3437 3314 3573 3370 κατὰ
3597 3321 3706 3385 τῆς

2043 3404 2296 3465 Σικελίας
2322 3403 2580 3479 Ὀρέστην
2630 3402 2950 3479 προέπεμψε
3001 3402 3136 3477 μετὰ
3185 3401 3466 3478 δυνάμεως
3503 3400 3701 3479 ἄδρᾶς,

278 3495 582 3568 praemittit
610 3511 744 3549 cum
777 3496 1005 3565 magnis
1037 3496 1240 3567 copiis.
1266 3495 1396 3567 Ipse
1426 3498 1545 3551 fato
1571 3495 1923 3567 interceptus

286 3584 552 3603 ,,,l,-_._n,:
590 3599 697 3603 ..-ᾖ
737 3582 915 3603 --Αιηῖι
972 3588 1108 3603 ιτγκ--
1158 3600 1349 3603 _.__,,,n
1388 3584 1686 3603 nnn_,,,L,,2
1745 3584 1791 3603 ἐνί
1818 3585 1894 3603 ΔΞᾼ

2108 3513 2132 3546 1
2190 3491 2313 3546 ὄντα
2358 3497 2464 3545 τῶν
2519 3490 2854 3545 πιστοτάτων
2915 3490 3215 3567 εὐνούχων,
3249 3491 3411 3555 αὐτὸς
3458 3489 3515 3546 δὲ
3552 3492 3703 3547 Exui-

2120 3592 2141 3603 Α
2275 3582 2403 3603 n,I,,,
2482 3601 2529 3603 κν
2592 3584 2683 3603 --9³
2743 3580 2921 3603 ---μιν
3024 3588 3133 3603 A_,,A
3202 3580 3325 3603 ln',
3441 3581 3489 3603 Χ-
3683 3582 3701 3603 \

280 3584 556 3655 subsequi
590 3599 704 3637 non
737 3582 937 3638 valuit.
972 3588 1116 3638 Nam
1158 3600 1357 3639 mense
1387 3584 1711 3652 Decembri,
1745 3584 1929 3639 indic-

282 3672 441 3727 tione
484 3688 660 3737 nona,
714 3688 866 3726 anno
912 3672 1079 3737 6531i,
1136 3672 1331 3727 subito
1380 3678 1683 3743 correptus
1731 3673 1933 3729 morbo

284 3759 556 3817 decessit.
616 3760 825 3815 Paucis
883 3766 1016 3816 ante
1065 3766 1313 3815 mortem
1370 3762 1498 3831 ejus
1547 3761 1756 3817 diebus
1810 3762 1934 3818 obit

284 3850 624 3907 Eustathius
656 3851 1026 3922 patriarcha;
1077 3857 1135 3906 in
1169 3853 1343 3921 cujus
1388 3851 1580 3907 locum
1615 3852 1934 3923 imperator

282 3941 588 3997 substituit
639 3940 903 3995 Alexium
962 3942 1337 4010 monachum,
1389 3940 1659 3996 Studiani
1703 3941 1929 4013 collegii

281 4031 651 4102 magistrum,
683 4029 783 4100 qui
835 4030 904 4084 ad
959 4030 1155 4102 ipsum
1209 4029 1498 4085 inviscndi
1547 4030 1700 4085 480
1750 4047 1932 4087 causa

277 4123 538 4183 venerat,
570 4118 819 4174 afferens
867 4135 1068 4174 secum
1116 4122 1294 4190 caput
1339 4118 1588 4174 Joannis
1636 4118 1928 4189 baptista.

275 4207 420 4263 Eum
449 4223 586 4278 ergo
611 4223 745 4261 cum
779 4224 879 4277 per
908 4208 1194 4263 Joannem
1244 4208 1727 4279 protonotarium,
1759 4210 1930 4279 cujus

275 4310 451 4368 opera
483 4298 540 4349 in
573 4295 1059 4350 administrandis
1078 4295 1328 4367 publicis
1352 4296 1603 4367 negotiis
1633 4297 1926 4364 utebatur,

275 4384 335 4438 in
369 4382 515 4439 solio
549 4383 897 4455 patriarchas
929 4384 1297 4450 callocasset,
1328 4401 1568 4455 vespere
1591 4385 1925 4457 exspiravit.

276 4472 427 4530 Vixit
457 4489 643 4528 annos
673 4472 763 4540 70,
795 4488 943 4544 quos
971 4488 1175 4528 omnes
1208 4475 1492 4544 regnavit.
1527 4473 1700 4528 Solus
1732 4479 1925 4529 autem

278 4577 582 4618 summum
614 4560 929 4633 imperium
973 4562 1155 4632 gessit
1186 4579 1370 4617 annos
1400 4564 1489 4618 50.
1524 4562 1783 4619 Fratrem
1815 4563 1925 4618 im-

278 4650 422 4724 perii
465 4666 866 4707 successorem
920 4650 1195 4719 instituit,
1245 4651 1413 4722 eique
1446 4652 1741 4707 mandavit
1770 4657 1835 4707 ut
1864 4669 1927 4708 se

279 4741 337 4796 in
367 4741 612 4798 Joannis
656 4740 1022 4812 evangelista
1053 4757 1118 4796 ac
1161 4739 1414 4813 theologi
1470 4742 1598 4796 fano
1630 4739 1922 4813 sepeliret,

276 4831 431 4901 apud
464 4830 853 4887 Hebdomum.
893 4831 1063 4902 [dque
1093 4829 1143 4886 is
1173 4836 1261 4885 est
1289 4835 1619 4886 exsecutus.

2044 3580 2182 3652 λύθη
2234 3582 2534 3658 φθάσαντος
2589 3584 2686 3635 τοῦ
2742 3580 2945 3655 χρεών.
3015 3580 3333 3658 Δεκεμλρίῳ
3396 3581 3497 3657 γὰρ
3560 3582 3703 3654 μηνὶ

2046 3673 2125 3739 ιε’,
2160 3667 2499 3733 ἲνδικτιῶνος
2555 3671 2619 3738 θ’,
2673 3665 2847 3731 ἔτους.
2906 3666 3102 3744 ,ςφλδζ
3136 3667 3392 3743 αἰφνιδίῳ
3420 3670 3564 3743 νόσῳ
3588 3669 3701 3742 λη-

2042 3759 2192 3839 φθεὶς
2250 3754 2480 3827 ἀπεϐίω,
2540 3756 2646 3834 πρό
2694 3779 2857 3812 τινων
2911 3759 3134 3831 ἡμερῶν
3172 3765 3275 3828 τῆς
3312 3758 3478 3813 αὐτοῦ
3505 3757 3700 3815 τελευ-

2038 3856 2141 3918 τῆς
2196 3848 2287 3904 καὶ
2330 3847 2627 3905 Εὐσταθίου
2662 3852 2759 3902 τοῦ
2803 3848 3148 3923 πατριάρχου
3196 3848 3583 3917 ἀποθανόντος,
3632 3851 3701 3905 οὗ

2043 3935 2300 4012 διάδοχον
2358 3938 2386 3991 ὁ
2450 3934 2706 4012 βασιλεὺς
2775 3934 3069 4007 ἐποιήσατο
3150 3933 3390 4007 Ἀλέξιον
3445 3939 3697 4013 μοναχὸν

2039 4025 2128 4081 καὶ
2158 4025 2564 4101 καθηγούμενον
2615 4032 2716 4095 τῆς
2775 4032 2949 4097 μονῆς
2988 4028 3086 4080 τοῦ
3146 4021 3434 4094 Στουδίου,
3466 4025 3541 4088 εἲς
3569 4026 3697 4081 ἐπί-

2039 4119 2225 4191 σκεψιν
2254 4114 2416 4171 αὐτοῦ
2469 4113 2839 4194 πεφοιτηκότα
2900 4114 3035 4186 μετᾶ
3079 4120 3179 4184 τῆς
3224 4112 3414 4189 τιμίας
3444 4112 3699 4192 κεφαλῆς

2036 4210 2132 4261 τοῦ
2182 4203 2526 4279 Προδρόμου.
2579 4206 2675 4262 "0v
2732 4203 2819 4258 καὶ
2872 4203 3092 4278 πεμψας
3153 4202 3444 4278 ἔνθρονίζει
3479 4202 3567 4259 διὰ
3592 4209 3697 4261 τοῦ

2036 4293 2477 4371 πρωτονοταρίου
2534 4293 2802 4361 Ἰωάννου,
2858 4293 2905 4365 ᾦ
2981 4297 3221 4368 συνεργῷ
3276 4292 3485 4369 ἐχρῆτο
3550 4295 3695 4369 πρὸς

2033 4386 2134 4455 τὴν
2163 4388 2269 4438 τῶν
2304 4386 2500 4438 κοινῶν
2547 4379 2855 4452 διοίκησιν(
2880 4382 2982 4439 Καὶ
3032 4385 3101 4456 τῇ
3161 4380 3361 4457 ἑσπέρᾳ
3403 4381 3691 4455 ἐτελεύτη-

2036 4493 2111 4544 σε,
2147 4475 2309 4543 ζήσας
2345 4473 2437 4544 μὶν
2486 4466 2577 4541 ἔτη
2624 4477 2687 4541 o’,
2739 4469 2829 4525 καὶ
2883 4469 2950 4526 τὰ
3000 4471 3179 4526 πάντα
3217 4469 3566 4548 βασιλεύσας,
3601 4471 3695 4529 επὶ

2034 4563 2267 4639 χρόνους
2301 4560 2359 4615 δὶ
2387 4568 2428 4615 ν’
2479 4562 2580 4630 τὴν
2624 4558 2997 4636 αὐτοκράτορα
3048 4557 3288 4624 διιθύνας
3337 4560 3542 4637 ἀρχήν.
3583 4568 3695 4618 Τα-

2034 4654 2199 4729 φῆναι
2248 4647 2304 4705 δὶ
2359 4648 2695 4725 παρεκάλεσε
2762 4648 2853 4703 τὸν
2910 4648 3102 4705 ἑαυτοῦ
3158 4648 3416 4727 ἀδελφὸν,
3476 4650 3535 4705 ὃν
3597 4652 3695 4707 καὶ

2035 4737 2294 4816 διάδοχον
2343 4736 2603 4795 κατέλιπε
2648 4744 2746 4807 τῆς
2790 4738 2991 4814 ἀρχῆς,
3040 4737 3091 4794 ἰν
3119 4742 3202 4812 τῷ
3230 4739 3367 4794 κατᾶ
3396 4739 3457 4794 τὸ
3487 4733 3694 4796 Ἕϐδο-

2038 4850 2137 4902 μον
2169 4834 2283 4903 ναῷ
2336 4825 2433 4883 τοῦ
2483 4825 2870 4904 εὐαγγελιστοῦ
2926 4825 3016 4882 καὶ
3075 4824 3375 4904 Θεολογου·
3422 4827 3452 4884 ὃ
3496 4824 3564 4898 δὴ
3596 4831 3691 4885 καὶ

1956 4907 2003 4972 D
2031 4919 2269 4994 γέγονεν.

346 5008 766 5065 Constantinus
796 5008 1042 5081 imperio
1093 5008 1331 5080 potitus,
1388 5015 1710 5081 nactusque
1744 5008 1921 5065 licen-

2104 5007 2551 5079 ’Δναζωσάμενος
2581 5003 2639 5061 δὲ
2684 5005 2781 5074 τὴν
2828 5005 3037 5063 ἅπασαν
3097 5003 3408 5062 δυναστείαν
3441 5007 3470 5062 δ
3529 5009 3689 5065 Κωνο

271 5097 416 5153 tiam
465 5098 673 5170 agendi
722 5115 850 5170 quas
902 5098 1093 5164 vellet,
1140 5098 1324 5153 multa
1379 5097 1710 5169 reipublicaa
1767 5099 1923 5156 mala

2108 5101 2327 5166 ιντῖνος,
2359 5094 2450 5150 καὶ
2501 5095 2754 5171 πράττειν
2796 5093 2827 5150 δ
2873 5115 2928 5149 τι
2973 5096 3062 5151 καὶ
3120 5094 3388 5171 βούληται
3439 5094 3689 5170 ἰξουσίαν

271 5187 453 5243 dedit.
487 5186 715 5259 Quippe
760 5187 936 5243 homo
970 5187 1163 5260 pravis
1212 5188 1427 5243 studiis
1475 5188 1730 5257 deditus,
1773 5189 1919 5244 nihil

2108 5180 2238 5252 ϐὼν,
2281 5185 2370 5239 καί
2426 5188 2545 5250 ταῖς
2596 5180 3077 5259 ἐκδεδιῃτημᾶναις
3130 5184 3340 5261 χαίρων
3376 5190 3485 5241 τῶν
3537 5187 3687 5261 πρά-

271 5292 472 5332 eorum
505 5292 635 5349 quas
678 5276 855 5332 ofﬁcii
894 5280 1063 5332 erant
1090 5275 1178 5333 vel
1223 5276 1435 5349 agebat
1480 5276 1568 5332 vel
1600 5278 1916 5349 cogitabat,

270 5362 430 5421 ludis
462 5369 658 5421 autem
692 5365 1066 5436 equestribus
1086 5371 1143 5421 et
1176 5365 1375 5421 mimis
1396 5382 1461 5422 ac
1483 5367 1705 5423 scurris
1727 5366 1917 5423 delec-

2029 5276 2180 5347 ξεων,
2213 5272 2440 5331 πολλῶν
2471 5278 2651 5330 κακῶν
2702 5272 2875 5339 αἶ’τιος
2929 5275 3129 5351 ὑπῆρξε
3169 5280 3250 5350 τῷ
3292 5272 3687 5349 πολιτεύματι,

2026 5364 2187 5426 αὐτὸς
2220 5363 2314 5436 μὶν
2364 5362 2615 5439 πράττων
2661 5360 2817 5420 οὐδὲν
2863 5361 2901 5435 ἤ
2964 5364 3364 5441 βουλευόμενος
3386 5369 3495 5421 τῶν
3539 5360 3688 5419 δεόν-

1473 5548 1840 5607 XYLANDRI
1880 5549 1967 5606 ET
2004 5546 2221 5605 GOARI
2258 5547 2491 5607 NOTIE.

349 5691 462 5764 ('71)
492 5690 591 5747 His
621 5690 987 5764 temporibus
1018 5692 1226 5750 ducem
1255 5691 1463 5751 habuit
1492 5693 1933 5767 Thessalonica,
1963 5698 2021 5752 et
2063 5693 2428 5753 decrescente
2458 5694 2704 5768 imperio
2733 5697 3101 5772 augebantur
3128 5696 3467 5772 dignitates.
3494 5697 3684 5754 Gom.
