3968 6140
251 354 377 414 215

1605 346 1922 410 GEORGII
1966 345 2306 406 GEDHENI

3550 343 3674 404 216

254 485 806 559 Merogeorgium,id
826 488 917 543 est
932 480 1903 556 fatuumGeorgium,appellabant.
1938 534 1947 553 λ

2105 481 2111 529 ἱ
2171 476 2458 530 ἀποθανεῖν
2518 473 2609 528 σὺν
2666 478 2747 547 τῷ
2807 478 3115 551 στρατηγῶ.
3148 476 3328 531 Τοῦτο
3385 474 3462 535 ὡς
3504 471 3673 542 ἦλθεν

257 577 312 631 Is
342 591 473 631 cum
505 576 832 647 oppidanos
864 580 1097 631 vexaret
1138 590 1355 645 eosque
1384 589 1451 627 ex
1480 571 1632 627 483
1666 569 1908 625 actioni-

259 662 369 719 bus
396 663 816 718 commentitiis
848 680 913 717 ac
958 661 1398 718 continentibus
1429 664 1722 726 attereret,
1756 658 1907 712 sedi-

255 753 413 808 tione
442 753 722 809 adversus
744 753 940 825 ipsum
971 751 1530 812 coortainterfeotus
1546 754 1660 818 est,
1684 756 1741 804 et
1760 749 1914 803 bona

256 840 386 911 ejus
415 841 661 911 direpta.
710 844 1032 912 Imperator
1082 856 1195 895 non
1228 844 1496 894 auctores
1528 838 1703 893 modo
1737 836 1913 891 caedis

257 928 573 986 crudeliter
604 929 818 1002 puniit,
852 930 953 985 sed
987 934 1045 983 et
1077 927 1188 1000 ipsi
1226 944 1460 983 summo
1493 926 1752 998 pontifici
1786 927 1914 996 ejus

258 1018 423 1073 urbis
473 1019 675 1075 oculos
719 1020 938 1073 ell'odit.
990 1017 1237 1073 Romani
1283 1017 1426 1073 Duri
1478 1016 1620 1083 filio,
1672 1014 1914 1086 patricio

256 1106 779 1175 Basilio,adversus
796 1106 1540 1177 PrusianumBulgarorum
1563 1105 1914 1176 magistrum

256 1212 323 1251 ao
346 1197 801 1252 bucellariorum
835 1197 1174 1268 praefectum
1199 1195 1406 1250 incidit
1438 1196 1756 1264 contentio,
1780 1210 1915 1248 ven-

258 1289 505 1356 tumque
531 1291 621 1340 est
649 1286 825 1341 etiam
876 1285 949 1339 ad
1002 1300 1285 1356 pugnam.
1336 1285 1459 1349 Qua
1491 1300 1590 1338 eos
1621 1281 1917 1338 discordia

257 1372 317 1427 in
343 1374 575 1445 imperii
596 1374 966 1445 majestatem
1002 1373 1379 1444 impudenter
1411 1372 1733 1443 deliquisse
1755 1370 1918 1441 judi-

259 1480 421 1530 cans,
456 1463 701 1518 alterum
751 1462 811 1516 in
843 1462 1102 1529 Oxeiam,
1144 1462 1201 1515 id
1237 1466 1326 1516 est
1356 1467 1608 1530 acutam,
1642 1460 1917 1528 insulam,

262 1551 511 1608 alterum
534 1552 594 1606 in
616 1550 841 1607 Platam
866 1550 1157 1623 relegavit.
1181 1551 1252 1605 Et
1272 1550 1446 1621 paulo
1476 1556 1605 1622 post
1635 1550 1919 1605 Basilium

264 1640 527 1696 delatum
559 1641 714 1711 quod
764 1641 962 1712 fugam
1012 1645 1168 1695 esset
1217 1641 1558 1709 meditatus,
1591 1639 1918 1695 excaecavit.

264 1729 643 1795 Prusianum,
671 1746 805 1784 cum
842 1730 890 1783 is
923 1744 1155 1799 quoque
1179 1728 1237 1782 in
1272 1729 1599 1800 periculum
1632 1730 1701 1783 de
1733 1726 1921 1783 oculis

264 1818 393 1874 suis
422 1817 701 1885 venisset,
735 1817 989 1872 missum
1024 1818 1183 1872 fecit.
1215 1817 1429 1873 Oculos
1460 1821 1614 1873 eruit
1643 1823 1922 1889 prmterea

264 1912 525 1964 Romano
572 1911 833 1971 Curcuae,
868 1906 969 1977 qui
1019 1922 1277 1961 sororem
1312 1906 1581 1962 Prusiani
1626 1908 1684 1960 in
1720 1906 1920 1961 matri-

264 1998 461 2053 monio
489 1996 761 2066 habebat,
785 1994 1293 2067 Bogdano,Glabas
1320 1995 1616 2051 etGudeli.
1641 1995 1925 2066 Linguam

265 2087 444 2142 etiam
476 2085 742 2157 praecidit
770 2084 1061 2140 Zachariae
1111 2086 1286 2139 Baetae
1337 2084 1625 2141 Theudati
1656 2090 1924 2156 cognato,

266 2180 641 2231 commentus
673 2190 773 2230 eos
806 2172 917 2229 sibi
948 2173 1195 2228 insidias
1226 2174 1533 2229 struxisse.

2022 565 2097 627 είς
2153 566 2267 619 ὦτα
2316 568 2413 619 τοῦ
2472 563 2899 631 Κωνσταντίνου⁹
2958 560 3293 639 παραλύεται
3355 563 3449 635 μὶν
3508 561 3669 623 εὐθὺς

2019 662 2117 725 τῆς
2168 654 2348 730 ἀρχῆς
2405 654 2433 708 ὁ
2480 652 2806 731 Νικηφόρος⁸
2845 652 2934 707 καὶ
2984 652 3060 714 εἷς
3088 652 3187 720 τήν
3252 648 3505 727 βασιλίδα
3558 651 3668 707 εἷσ-

2021 742 2231 817 άγεται,
2309 742 2591 819 κριτηριόν
2664 763 2723 797 τε
2792 741 2883 795 καὶ
2952 743 3107 816 βῆμα
3182 742 3344 815 ἧρτο¹
3410 740 3499 795 καὶ
3574 762 3672 795 κα·

2019 830 2361 901 ταδικάζεται
2442 832 2517 892 ὡς
2593 832 3034 903 συνομοσάμενος
3118 832 3253 884 κατὰ
3336 837 3435 899 τῆς
3516 832 3669 905 βασι-

2025 921 2196 991 λείας,
2228 921 2317 976 καὶ
2374 922 2471 984 τὰς
2527 916 2680 994 ὄψεις
2734 925 3027 991 πηροῦται.
3088 922 3169 993 [Ρ.
3217 922 3346 993 721]
3395 920 3670 995 Ἐγκοτῶν

2026 1010 2083 1066 δὲ
2138 1011 2226 1066 καὶ
2283 1007 2467 1086 Βάρδᾳ
2516 1009 2787 1085 πατρικίῳ
2840 1014 2919 1080 τῷ
2960 1008 3168 1085 ἐκγόνῳ
3217 1013 3314 1064 τοῦ
3376 1009 3674 1085 μαγίστρου

2026 1102 2204 1171 Βάρδα
2229 1105 2323 1154 τοῦ
2355 1104 2523 1155 Φωκᾶ
2569 1099 2659 1154 καί
2704 1120 2841 1154 τισιν
2882 1096 3100 1171 ἄλλοις,
3133 1098 3321 1175 ῥάπτει
3381 1096 3470 1152 διά
3524 1119 3676 1160 τινος

2023 1194 2131 1246 τῶν
2178 1187 2672 1266 παρατρεφομένων
2724 1192 3072 1261 συκοφαντῶν
3122 1185 3440 1262 τυραννίδος
3496 1188 3677 1251 iniec-

2029 1300 2111 1333 σιν
2143 1280 2259 1333 κατ’
2294 1278 2481 1333 αὐτοῦ.
2513 1276 2601 1331 καὶ
2634 1276 2789 1340 εὐθὺς
2821 1276 3132 1355 ἀποτυφλοῖ
3160 1281 3349 1331 τοῦτον
3406 1277 3499 1331 καὶ
3551 1278 3681 1338 τοὺς

2026 1361 2523 1436 συνδιαϐληθέντας
2568 1364 2734 1437 αὐτῷ.
2797 1366 2897 1423 Καὶ
2959 1365 3195 1428 στάσεως
3255 1362 3313 1420 δὲ
3381 1365 3684 1440 γενομένης

2027 1455 2079 1511 ἐν
2108 1461 2175 1529 τῇ
2209 1458 2519 1527 Ναυπάκτῳ
2568 1456 2707 1509 κατὰ
2764 1453 3034 1531 Γεωργίου
3089 1459 3186 1509 τοῦ
3244 1458 3680 1529 στρατηγοῦντος

2028 1546 2219 1615 αὐτῆς,
2254 1546 2311 1600 ὃν
2356 1546 2443 1600 καὶ
2496 1544 2929 1620 Μωρογεώργιον
2983 1542 3210 1599 ἐκάλουν
3264 1540 3353 1599 διὰ
3402 1544 3462 1598 τὸ
3520 1542 3681 1597 ἄστα-

2026 1657 2120 1691 τον
2151 1638 2253 1700 τῆς
2309 1635 2559 1710 γνώμης,
2590 1635 2886 1709 ἀναιρεῖται
2941 1634 3034 1706 μὲν
3096 1634 3123 1688 ὁ
3176 1633 3496 1708 στρατηγὸς,
3532 1629 3686 1707 διαρ-

2029 1726 2260 1794 πάζουσι
2291 1721 2348 1779 δὲ
2376 1724 2466 1778 καὶ
2497 1724 2565 1778 τὰ
2602 1722 2875 1799 προσόντα
2918 1723 3091 1777 πάντα
3139 1721 3306 1794 αὐτῷ,
3340 1720 3521 1784 κακῶς
3568 1719 3688 1777 δια-

2030 1815 2313 1888 τιθέμενος
2341 1814 2461 1889 περὶ
2493 1811 2621 1875 τοὺς
2664 1811 2971 1888 ἐγχωρίους
3018 1811 3110 1867 καὶ
3158 1811 3463 1886 εἷσπράξεσι
3524 1832 3687 1867 σεπο-

2036 1905 2320 1982 φισμέναις
2351 1904 2443 1958 καὶ
2492 1902 2741 1977 συνεχέσι
2794 1900 3021 1963 τούτους
3070 1896 3392 1977 συντρίϐων.
3424 1902 3485 1958 Ὁ
3533 1902 3693 1977 βασι-

2037 1992 2164 2055 λεὺς
2196 1990 2254 2048 δὲ
2284 1992 2345 2047 οὐ
2393 1992 2556 2066 μόνον
2605 1990 2732 2053 τοὺς
2776 1990 2981 2054 αἰτίους
3030 1990 3255 2060 ἀπηνῶς
3310 1988 3539 2046 ἐκόλασε
3595 1994 3693 2045 τοῦ

2036 2082 2224 2159 φόνου,
2256 2079 2400 2138 ἀλλὰ
2444 2081 2533 2137 καὶ
2577 2080 2737 2136 αὐτὸν
2777 2080 2868 2134 τὸν
2903 2080 3167 2155 ἀρχιερέα
3204 2086 3304 2149 τῆς
3359 2080 3693 2135 Ναυπάκτου

2036 2171 2366 2251 ἐτύφλωσεν.
2406 2172 2466 2228 Ὀ
2518 2168 2576 2226 δὲ
2618 2174 2714 2225 τοῦ
2766 2168 3025 2244 Σκληροῦ
3073 2170 3360 2242 Ῥωμανοῦ
3416 2169 3534 2231 υίὸς
3588 2176 3694 2224 Βα-

268 2259 474 2321 σίλειος
530 2261 840 2335 πατρίκιος,
883 2258 1237 2334 προσκρούων
1292 2265 1373 2331 τῷ
1442 2258 1724 2335 μαγίστρῳ
1780 2265 2109 2335 Προυσιανῷ
2162 2264 2241 2331 τῷ
2298 2258 2600 2335 Βουλγάρῳ
2650 2261 3046 2332 στρατηγοῦντι
3109 2255 3525 2333 βουκελλαρίων
3554 2259 3693 2330 (72),

268 2349 322 2412 ἐς
378 2353 637 2403 τοσοῦτον
696 2350 956 2424 προήχθη
1016 2347 1232 2421 τόλμης
1293 2350 1366 2410 ὡς
1400 2349 1485 2404 καὶ
1519 2347 1606 2403 διὰ
1655 2352 1841 2424 μάχης
1878 2349 2056 2422 τούτῳ
2087 2348 2282 2405 ἐλθεῖν.
2316 2348 2530 2403 Τούτων
2561 2349 2659 2417 τὴν
2687 2345 2905 2417 διένεξιν
2937 2351 3334 2409 Κωνσταντῖνος
3365 2348 3393 2401 ὁ
3436 2344 3699 2421 βασιλεὺς

271 2438 657 2513 ἀναισχυντίαν
690 2438 889 2514 κρίνων
921 2438 1058 2493 κατᾶ
1085 2445 1184 2507 τῆς
1219 2438 1494 2514 βασιλείας
1527 2441 1612 2493 καὶ
1648 2436 1813 2515 ἄμφω
1848 2440 2174 2515 ὑπερορίζει,
2205 2440 2294 2493 τὸν
2333 2439 2428 2512 μὶν
2467 2438 2516 2493 ἐν
2566 2442 2635 2512 τῇ
2664 2438 2841 2508 Ὀξείᾳ
2878 2438 3031 2508 νήσῳ
3079 2440 3215 2510 (73),
3248 2436 3337 2491 τὸν
3400 2434 3459 2491 δὲ
3512 2435 3567 2490 ἐν
3622 2440 3698 2509 τῇ

272 2526 482 2600 Πλάτῃ.
515 2528 665 2582 Μετὰ
726 2527 917 2603 μικρὸν
979 2525 1037 2582 δὲ
1090 2529 1182 2582 τὸν
1234 2529 1327 2600 μὲν
1389 2527 1689 2599 Βασίλειον,
1717 2528 2152 2604 κατηγορηθέντα
2197 2529 2272 2589 ὡς
2324 2524 2409 2597 εἷή
2442 2526 2735 2603 ἀπόδρασιν
2774 2525 3039 2599 μελετῶν,
3072 2526 3448 2605 ἀπετύφλωσε,
3480 2527 3577 2581 τὸν
3640 2524 3701 2581 δὲ

271 2616 602 2689 Προυσιανὸν
652 2620 848 2692 μικροῦ
908 2612 1017 2669 δεῖν
1077 2620 1238 2670 τοῦτο
1288 2616 1418 2670 αὐτὸ
1474 2617 1747 2680 πείσεσθαι
1798 2614 2180 2671 κινδυνεύοντα
2230 2614 2627 2692 ἠλευθέρωσεν.
2662 2614 2976 2692 Ἑτύφλωσε
3029 2611 3086 2669 δὲ
3131 2614 3222 2669 καὶ
3280 2615 3555 2687 Ῥωμανὸν
3606 2616 3704 2669 τὸν

278 2704 612 2781 Κουρκούαν,
642 2703 725 2759 ἐπ’
760 2703 969 2782 ἀδελφῇ
1002 2700 1129 2759 ὄντα
1158 2700 1404 2779 γαμϐρὸν
1436 2710 1530 2759 τοῦ
1560 2708 1898 2780 ΙΙρουσιανοῦ
1931 2706 2019 2761 καὶ
2070 2706 2161 2760 τὸν
2222 2703 2495 2780 Βογδάνον
2555 2706 2643 2760 καὶ
2700 2705 2787 2759 τὸν
2844 2698 3055 2758 Γλαϐἆν
3105 2704 3194 2760 καὶ
3249 2704 3342 2759 τὸν
3393 2701 3701 2774 Γουδέλην.

280 2793 779 2869 Ἐγλωσσοτόμησε
806 2791 862 2847 δὲ
891 2794 981 2847 καὶ
1010 2793 1101 2847 τὸν
1137 2794 1375 2869 μοναχὸν
1410 2793 1679 2869 Ζαχαρίαν
1709 2797 1821 2867 (7a)
1854 2794 1943 2849 τὸν
1988 2800 2217 2870 συγγενῆ
2272 2799 2368 2848 τοῦ
2425 2795 2620 2849 Βέστου
2678 2790 2968 2861 Θευδάτου,
3002 2791 3419 2857 συσκευάσασθαι
3469 2791 3705 2855 τούτους

273 2880 622 2955 πλασάμενος
651 2882 767 2936 κατ’
798 2883 985 2938 αὐτοῦ.

364 2974 483 3029 Hoc
526 2989 679 3028 anno
732 2974 1044 3029 Patzinaeaa
1101 2972 1439 3045 irruperunt
1484 2973 1545 3029 in
1576 2973 1936 3046 Bulgariam,

284 3068 343 3120 et
372 3060 661 3135 plurimos
690 3060 1179 3128 homines,duces
1203 3079 1269 3117 ac
1300 3063 1567 3118 cohortes
1598 3065 1939 3119 occiderunt

281 3169 349 3209 ac
379 3151 894 3223 ceperunt.Itaque
925 3151 1345 3208 Constantinus
1375 3152 1572 3207 Sirmii
1621 3155 1937 3225 Diogenem

281 3242 621 3314 praefectum
659 3240 938 3309 Bulgaria?
989 3242 1197 3296 ducem
1233 3247 1429 3310 creat;
1483 3244 1582 3314 qui
1617 3260 1769 3314 saepe
1801 3260 1936 3298 cum

282 3331 355 3385 iis
385 3329 720 3401 palantibus
751 3330 1066 3385 commissa
1090 3348 1285 3402 pugna
1316 3348 1415 3385 eos
1450 3331 1618 3402 fudit,
1635 3332 1940 3403 coegitque

284 3421 529 3491 trajecto
561 3422 711 3475 Istro
753 3419 1070 3490 quiescere.
1122 3424 1265 3474 Tota
1296 3420 1451 3475 484
1499 3421 1675 3476 etiam
1708 3420 1939 3492 imperii

287 3510 416 3578 eius
442 3514 705 3579 tempore
737 3508 995 3562 maxima
1043 3509 1153 3561 fuit
1184 3508 1439 3574 siccitas,
1471 3516 1939 3579 exarueruntque

287 3597 469 3652 etiam
529 3597 720 3651 fontes
787 3612 1071 3667 perennes
1128 3603 1184 3651 et
1248 3598 1513 3653 ﬂumina.
1580 3598 1939 3667 Pauperibus

283 3700 529 3757 parcens
561 3683 811 3739 Basilius
860 3684 1160 3755 publicum
1213 3687 1502 3741 tributum
1552 3686 1764 3742 solitus
1807 3692 1931 3741 erat

284 3790 398 3830 non
432 3774 500 3828 ad
535 3774 689 3828 diem
740 3773 966 3828 dictum
1015 3774 1263 3844 exigere,
1297 3777 1397 3830 sed
1451 3775 1786 3830 dilationem
1822 3775 1929 3829 ali-

286 3879 467 3935 quam
536 3863 888 3927 concedere;
950 3879 1064 3933 quo
1126 3867 1341 3918 factum
1412 3874 1471 3918 ut
1527 3882 1592 3918 eu
1654 3865 1937 3919 moriente

284 3952 537 4007 duorum
557 3968 849 4006 annorum
874 3952 1159 4005 tributum
1181 3952 1510 4008 deberetur.
1527 3953 1650 4007 Non
1669 3953 1725 4007 id
1744 3954 1940 4018 modo,

285 4040 387 4098 sed
431 4046 488 4096 et
536 4040 717 4095 trium
767 4040 1201 4111 insequentium
1254 4047 1364 4109 (tot
1407 4043 1562 4096 enim
1613 4043 1943 4115 imperavit)

289 4145 583 4185 annorum
634 4127 921 4183 tributum
974 4130 1167 4201 exegit
1214 4129 1678 4199 Constantinus;
1722 4149 1839 4202 qua
1886 4150 1947 4187 re

294 4234 412 4273 non
461 4218 629 4289 egeni
682 4222 912 4272 tantum
964 4218 1064 4273 sed
1124 4226 1182 4274 et
1230 4219 1490 4288 opulenti
1550 4220 1734 4276 attriti
1783 4227 1946 4289 sunt,

294 4306 543 4361 triennio
566 4303 827 4376 quinque
850 4323 1139 4361 annorum
1160 4308 1410 4379 pendere
1433 4310 1614 4363 coacti
1639 4309 1945 4365 tributum-

296 4396 373 4452 Ea
402 4399 752 4465 tempestate
780 4394 989 4450 classis
1039 4398 1439 4467 Agarenorum
1475 4397 1751 4468 Cyclades
1783 4398 1947 4453 insu-

296 4486 385 4541 las
418 4484 654 4539 invasit.
689 4484 827 4539 Eam
861 4484 1022 4539 Sami
1054 4491 1269 4557 praetor
1296 4486 1579 4557 Georgius
1612 4488 1952 4542 Theodoro-

297 4592 482 4631 canus
512 4589 579 4629 ac
617 4573 890 4629 Periboes
936 4574 1065 4629 Chii
1100 4576 1406 4646 prrefeclus
1455 4576 1642 4630 adorti
1675 4576 1953 4648 proﬂiga-

299 4669 457 4733 runt,
486 4664 674 4734 captis
723 4663 1032 4719 duodecim
1068 4664 1314 4719 navibus
1365 4681 1497 4719 cum
1534 4665 1679 4736 ipsis
1709 4666 1952 4721 vectori-

301 4754 432 4824 bus,
464 4768 531 4808 ac
562 4751 807 4824 reliquis
839 4752 1165 4822 dissipatis.

2117 2972 2308 3045 Τούτῳ
2363 2978 2442 3045 τῷ
2500 2971 2603 3028 ἔτει
2661 2974 2749 3028 καὶ
2809 2972 3138 3043 Πατζινάκαι
3195 2965 3455 3040 εἰσϐολὴν
3516 2969 3712 3041 ἐποιή-

2048 3082 2207 3117 σαντο
2237 3063 2374 3116 κατὰ
2399 3060 2751 3138 Βουλγαρίας,
2783 3063 2872 3116 καὶ
2902 3061 3160 3117 πλεῖστον
3201 3059 3331 3116 λαὸν
3374 3060 3464 3113 καὶ
3511 3080 3707 3134 στρατ-

2048 3150 2222 3225 ηγοὺς
2277 3151 2367 3205 καὶ
2415 3152 2807 3226 ταγματάρχας
2862 3149 3087 3229 ἔσφαξαν
3166 3149 3255 3203 καὶ
3334 3147 3657 3224 ἐζώγρησαν
3691 3168 3705 3182 ·

2049 3238 2186 3295 διὸὸ
2224 3238 2477 3315 βασιλεὺς
2538 3243 2945 3303 Κωνσταντῖνος
2998 3240 3093 3295 τὸν
3147 3237 3399 3312 Διογένην
3458 3236 3709 3314 ἄρχοντα

2050 3330 2285 3405 Σιρμίου
2320 3330 2635 3404 ὑπάρχοντα
2675 3330 2765 3383 καὶ
2798 3328 2965 3385 δοῦκα
2993 3336 3092 3399 τῆς
3130 3325 3471 3402 Βουλγαρίας
3520 3327 3708 3398 ἐποίη-

2049 3441 2158 3487 σεν,
2192 3420 2251 3480 ’ὸς
2308 3416 2649 3491 συμπλακεὶς
2702 3418 2974 3480 πολλάκις
3034 3417 3216 3479 αὐτοῖς
3276 3414 3705 3492 διεσπαρμένοις

2051 3509 2308 3583 ἐτρέψατο
2364 3508 2455 3562 καὶ
2532 3508 2804 3582 ἠνάγκασε
2870 3508 3268 3583 περαιωθέντας
3340 3506 3429 3559 τὸν
3491 3512 3707 3581 Ἵστρον

2048 3597 2283 3672 ἡσυχίαν
2318 3594 2486 3671 ἄγειν.
2525 3598 2769 3671 Ἐγένετο
2827 3595 2884 3651 δὲ
2934 3598 3021 3651 καὶ
3080 3596 3161 3671 ἐφ’
3211 3593 3375 3657 ὅλους
3424 3594 3554 3657 τοὺς
3615 3603 3717 3665 τῆς

2055 3686 2333 3761 βασιλείας
2364 3686 2527 3740 αὐτοῦ
2573 3685 2802 3760 χρόνους
2863 3686 3111 3760 μέγιστος
3160 3684 3397 3760 αὐχμὸς,
3431 3685 3508 3746 ὡς
3568 3685 3717 3739 ἀποι-

2042 3778 2369 3850 ξηρανοῆναι
2400 3774 2495 3835 τὰς
2530 3776 2780 3836 ἀεννάους
2818 3775 2995 3849 πηγὰς
3050 3774 3142 3829 καὶ
3200 3774 3329 3830 τοὺς
3388 3773 3708 3845 ποταμούς-

2045 3868 2149 3918 Τοῦ
2185 3863 2449 3937 βασιλέως
2484 3861 2541 3918 δὲ
2592 3862 2882 3919 Βασιλείου
2934 3861 3115 3942 φειδοῖ
3172 3868 3277 3918 τῶν
3321 3864 3570 3933 πενήτων
3637 3865 3716 3935 μὴ

2054 3953 2312 4027 ἐγκαίρως
2362 3954 2457 4015 τας
2526 3950 2798 4024 δημοσίας
2858 3952 3327 4029 εἷσπραττομένου
3382 3950 3721 4019 συντελείας,

2055 4040 2181 4097 ἀλλ’
2211 4042 2503 4117 ἀνακωχην
2537 4040 2627 4096 καὶ
2657 4041 3023 4116 ὑπερημερίαν
3076 4038 3323 4102 διδόντος
3370 4045 3493 4102 ταῖς
3553 4039 3719 4094 ἀπαι-

2054 4133 2290 4203 τήσεσιν,
2338 4129 2543 4186 ἐκείνου
2591 4129 3014 4201 τελευτήσαντος
3062 4125 3261 4200 συνέϐη
3308 4127 3404 4184 δύο
3456 4128 3720 4184 ἐνιαυτῶν

2058 4221 2258 4298 φόρους
2328 4216 2402 4275 ἔτι
2467 4221 2778 4293 ἠρτῆσθαιο
2841 4219 2933 4283 οὓς
2994 4221 3021 4274 ὁ
3078 4224 3480 4274 Κωνσταντῖνον
3560 4218 3719 4283 εὐθὺς

2061 4310 2426 4383 εἰσεπράξατο.
2463 4306 2921 4383 1⁴ὶῖ’σεπράξατοδὶ
2977 4308 3067 4363 καὶ
3121 4309 3229 4363 τῶν
3291 4309 3487 4382 ἑτέρων
3551 4313 3720 4382 τριῶν

2061 4398 2315 4452 ἐνιαυτῶν
2348 4396 2421 4468 (ἐς
2448 4402 2704 4452 τοσοῦτον
2738 4399 2841 4472 γὰρ
2892 4397 3091 4472 χρόνον
3151 4399 3186 4466 ἡ
3243 4397 3390 4473 ἁρχὴ
3440 4394 3593 4469 αῦτῷ
3650 4395 3726 4467 ἐξ·

2062 4488 2271 4556 ετάθηὶ,
2301 4487 2389 4541 καὶ
2423 4481 2809 4561 συνετρίϐησαν
2849 4487 2959 4562 οὐχ
3016 4487 3067 4540 οἱ
3119 4486 3347 4555 πένητες
3404 4484 3575 4558 μόνον
3634 4488 3725 4539 καὶ

2064 4573 2451 4652 ἄποροι,ἀλλὰ
2481 4574 2652 4629 καὶοὶ
2703 4574 2949 4651 εὐπόρως
2996 4570 3239 4649 ἔχοντες,
3291 4572 3342 4627 ἐν
3391 4572 3538 4647 τρισὶ
3596 4574 3729 4649 χρόα

2063 4685 2179 4727 νοις
2224 4663 2380 4719 πέντε
2437 4662 2809 4739 παρασχόντες
2872 4659 3268 4740 δασμοφορίας.
3304 4660 3569 4735 Ἐξῆλθεν
3632 4661 3727 4717 οῦν

2066 4754 2153 4808 καὶ
2196 4750 2390 4814 στόλος
2423 4754 2742 4826 ’Λγαρηνῶν
2799 4752 2935 4808 κατά
2986 4757 3095 4807 τῶν
3154 4747 3457 4810 Κυκλάδων
3515 4753 3725 4821 νήσων

299 4843 383 4905 οἷς
414 4838 756 4914 συμπλακεὶς
789 4839 817 4893 ὁ
850 4840 1153 4914 στρατηγὸς
1187 4842 1375 4912 Σάμου
1409 4843 1684 4917 Γεώργιος
1718 4843 1745 4896 ὁ
1772 4839 2204 4918 Θεοδωροκάνος,
2238 4846 2461 4914 [P.732]
2494 4844 2607 4915 ἅμα
2637 4836 2871 4918 Βεριϐόῃ
2898 4848 2979 4917 τῷ
3013 4846 3398 4920 στρατηγοῦντι
3427 4847 3531 4911 τῆς
3566 4843 3728 4915 Χίου,

298 4928 582 5007 ἰτρέψατο,
605 4928 696 4983 καὶ
725 4925 936 4984 δώδεκα
970 4929 1065 5002 μὲν
1091 4927 1361 5004 αὔτανδρα
1394 4930 1527 4995 εἷλε,
1560 4932 1627 4985 τὰ
1658 4928 1714 4985 δὲ
1744 4929 1913 4986 λοιπὰ
1944 4930 2301 4987 διεσκέδασεν.

1492 5031 1869 5087 XYLANDRI
1910 5033 2001 5087 ET
2038 5032 2256 5089 GOARI
2294 5030 2525 5087 NOT/E.

374 5118 486 5187 (72)
552 5118 992 5173 Bucellariorum
1049 5134 1177 5173 esse
1236 5119 1593 5189 provinciam
1654 5120 1959 5175 contendit

308 5189 670 5262 Pancirollus
703 5190 761 5243 in
797 5190 926 5245 Not.
963 5191 1105 5260 imp.
1140 5208 1190 5245 c.
1238 5192 1325 5245 «l7.
1363 5191 1546 5262 Negat
1574 5192 1862 5260 Rigaltius
1896 5192 1954 5247 in

304 5262 469 5316 Tact.
506 5260 731 5330 Lexico,
777 5266 835 5315 et
883 5263 1259 5329 ancellarum,
1315 5260 1560 5317 annonae
1613 5263 1829 5318 clarius
1877 5264 1957 5317 di-

303 5350 453 5405 cam,
486 5349 839 5405 (sconomos,
878 5333 1203 5401 provisores
1231 5335 1657 5405 portitoresque
1690 5337 1843 5389 facit.
1868 5335 1957 5390 Illi

311 5404 612 5477 lubentius
645 5404 935 5458 assentior
969 5421 979 5458 :
1012 5422 1144 5458 nam
1181 5406 1415 5461 Galatas
1468 5425 1532 5461 ac
1562 5404 1959 5477 Gallograecos

310 5476 469 5531 soliti
502 5477 738 5531 fuerunt
764 5478 1124 5531 exercituum
1149 5479 1326 5532 duces
1360 5479 1492 5531 huic
1510 5480 1699 5533 ol'licio
1737 5480 1959 5531 manci-

312 5564 488 5620 pare;
526 5550 679 5603 unde
712 5548 930 5601 factum
968 5553 1032 5602 ut
1059 5566 1308 5620 annona
1343 5550 1617 5615 ministri,
1653 5550 1960 5605 Bucellarii

314 5618 553 5747 Gallam,
584 5619 898 5676 videantur
917 5619 1092 5676 ofﬁcii
1124 5620 1215 5675 sui
1249 5638 1459 5678 nomen
1495 5623 1691 5693 patriis
1722 5622 1959 5677 tribuis-

315 5706 400 5747 se.
482 5709 610 5747 οΑιι.

315 5706 400 5748 ΒΘ.
434 5706 586 5749 υοΑιι
599 5732 610 5747 .

2138 5122 2252 5192 (75)
2282 5126 2463 5176 Parva
2496 5121 2867 5192 Propontidis
2914 5121 3131 5177 insula.
3177 5121 3341 5177 Plate
3370 5136 3508 5176 vero
3557 5121 3733 5177 tertia

2067 5200 2153 5248 est
2181 5211 2211 5247 a
2244 5197 2348 5249 ΟΡ.
2386 5193 2688 5249 meridiem
2734 5211 2936 5249 versus
2986 5195 3046 5249 in
3096 5194 3298 5250 eadem
3344 5192 3730 5266 Propontide.

2066 5270 2246 5319 GOAR.

2142 5337 2251 5405 (74)
2302 5339 2449 5391 Ante
2504 5351 2700 5408 vocem
2753 5334 3025 5408 Ζαχαρίαν
3081 5334 3624 5408 θειγαβοιιίρίυω,
3675 5342 3733 5390 et

2070 5424 2321 5478 superne
2340 5408 2641 5478 quippiam
2664 5406 2924 5462 litterae'X
2946 5424 3056 5463 non
3086 5407 3376 5473 absimile,
3401 5423 3532 5461 cum
3562 5408 3728 5477 gravi

2071 5486 2334 5533 accentu.
2370 5480 2655 5551 Fortassis
2688 5481 2929 5551 ἄρχοντα
2972 5479 3510 5551 voluitexprimere
3542 5478 3730 5551 libra-

2072 5554 2194 5604 rius
2226 5568 2293 5604 ea
2326 5557 2480 5613 nuta,
2533 5550 2675 5605 mihi
2724 5550 2865 5606 sane
2898 5568 3013 5606 non
3046 5550 3363 5619 intellecta,
3416 5557 3483 5604 ut
3512 5550 3593 5605 sit
3625 5553 3731 5606 Za-

2071 5624 2286 5679 chariae
2323 5625 2596 5693 praefecto.
2632 5623 2747 5693 Ego
2778 5623 2949 5680 omisi
2981 5623 3042 5678 in
3074 5623 3370 5680 vertendo.
3403 5621 3539 5679 XVL.
