3968 6140
305 363 419 422 217

1444 369 1990 433 HISTORIARUM
2037 370 2587 432 COMPENDIUM.

3609 368 3733 429 218

376 492 599 569 Ἐννάτῃ
628 492 686 550 δὲ
732 491 1050 571 Νοεμϐρίου
1093 499 1288 571 μηνὸς,
1320 505 1419 569 τῆς
1467 501 1535 577 ιβ’
1569 500 1922 575 ἐπινεμήσεωι

2174 505 2309 561 iona
2338 502 2682 560 Novembris
2713 502 2827 570 die,
2858 500 3181 559 indictione
3212 503 3301 571 13,
3335 519 3489 559 anno
3525 502 3737 558 mundi

311 582 363 638 ἐν
399 583 501 639 ἔτει
533 583 725 663 ,ςφλζζ
778 584 1035 664 αἶ’φνιδίῳ
1091 587 1237 661 νόσῳ
1300 587 1491 658 ληθεὶς
1549 591 1577 645 6
1637 593 1977 648 Κωνσταντῖ-

309 696 406 739 νος
459 674 550 729 καὶ
604 676 753 751 παρά
808 680 917 730 τῶν
981 678 1182 752 ἰατρῶν
1246 680 1637 756 ἀπαγορευθεῖς
1693 681 1977 739 ἐσκέπτετο

311 765 436 819 τίνα
464 763 525 818 ’ἀν
568 764 866 820 καταλίποι
929 763 1192 842 διάδοχον
1239 771 1338 833 τῆς
1394 768 1696 844 βασιλείας.
1754 769 1973 842 ’Έδοξεν

311 852 406 909 οὗν
451 853 595 926 αὖτῷ
645 855 737 909 τὸν
796 855 1085 930 πατρίκιον
1151 860 1548 913 Κωνσταντῖνον
1606 860 1697 915 τὸν
1759 859 1974 916 Δαλασ-

306 943 471 1014 σηνὸν
522 942 1001 1017 μεταστείλασθάι,
1042 946 1180 1001 κατᾶ
1224 948 1314 1001 τὸν
1375 948 1733 1021 Ἀρμενιακὸν
1776 952 1888 1023 (75)
1919 948 1971 1004 ἐν

304 1038 387 1105 τῷ
418 1030 542 1105 ῗδίῳ
599 1030 735 1105 οἷ’κῳ
796 1033 1163 1109 σχολάζοντα,
1223 1031 1473 1112 γαμϐρόν
1534 1059 1594 1093 τε
1644 1041 1971 1110 ποιήσασθαι

303 1120 394 1177 ἐπὶ
458 1126 554 1195 μιᾷ
608 1126 717 1177 τῶν
778 1124 1087 1197 θυγατέρων
1155 1124 1246 1180 καὶ
1303 1124 1661 1202 ἀναγορεῦσαι
1722 1126 1971 1203 βασιλέα·

304 1211 411 1268 Καὶ
463 1209 530 1280 δὴ
584 1211 857 1285 πέμπεται
902 1210 1039 1284 ἄξων
1091 1215 1251 1269 αὐτὸν
1303 1216 1569 1293 εὐνοῦχός
1612 1238 1693 1279 τις
1734 1223 1842 1273 τῶν
1871 1240 1971 1273 πι-

303 1301 680 1374 στικωτάτων,
731 1302 759 1357 ὁ
830 1297 1127 1377 λεγόμενος
1205 1301 1567 1379 Ἑργοδύτης.
1636 1304 1858 1381 Σπουδῇ
1915 1304 1972 1362 δὲ

298 1393 404 1444 τοῦ
441 1391 667 1462 Συμεὼν
731 1389 930 1468 φιλίως
975 1388 1318 1464 διακειμένου
1376 1393 1511 1469 πρὸς
1556 1393 1647 1448 τὸν
1682 1395 1967 1470 πατρίκιον

304 1479 587 1552 Ῥωμανὸν
619 1480 708 1534 τὸν
767 1479 1033 1556 Ἀργυρὸν
1082 1479 1215 1551 αὕτη
1271 1482 1367 1555 μὶν
1419 1484 1719 1559 παρωράθη
1819 1485 1966 1559 γνώ-

305 1590 411 1640 μη,
444 1567 533 1623 καὶ
566 1566 850 1623 στέλλεταί
900 1590 984 1631 τις
1040 1571 1185 1647 τάχα
1244 1570 1303 1626 ἐκ
1355 1570 1623 1646 βασιλέως
1655 1572 1707 1627 ἐν
1744 1573 1835 1628 τὸν
1866 1582 1967 1629 Δα-

304 1655 610 1728 λασσηνὸν,
669 1655 841 1713 ἐκεῖσε
896 1658 1223 1734 προσμένειν
1277 1658 1592 1723 κελεύοντος
1652 1662 1812 1717 αὐτόν
1856 1661 1965 1734 ὅπη

300 1745 369 1800 ἃν
405 1747 440 1815 ἦ
473 1747 655 1824 γραφὴ
687 1745 1098 1821 καταλήψηται,
1149 1747 1329 1823 ἄγεται
1364 1747 1420 1806 δὲ
1450 1751 1478 1804 ὁ
1525 1752 1808 1825 Ῥωμανὸς
1828 1754 1964 1828 πρὸς

295 1835 372 1890 τὰ
409 1833 679 1910 βασίλεια’
739 1836 991 1911 Ἀχθέντι
1048 1835 1105 1891 δὶ
1162 1834 1258 1892 δύο
1288 1838 1629 1913 προτίθενται
1660 1845 1874 1915 γνῶμαι

299 1921 628 2000 διαζυγῆναι
684 1931 786 1995 τῆς
844 1925 1084 2000 νομίμου
1153 1928 1406 2002 γυναικὸς
1462 1932 1531 2003 τῇ
1586 1928 1853 2003 βασιλέως
1911 1951 1969 1986 τε

299 2015 535 2089 θυγατρὶ
596 2015 926 2092 συναφθῆναι
985 2016 1077 2070 καὶ
1140 2015 1368 2092 βασιλέα
1424 2018 1871 2095 ἀναγορευθῆναι,
1930 2017 1967 2090 ἤ

299 2105 638 2176 πηρωθῆναι
683 2103 817 2167 τοὺς
861 2103 1209 2180 ἀφθαλμούς.
1263 2111 1369 2161 Τοῦ
1400 2104 1457 2162 δὲ
1497 2106 1853 2183 ἰλιγγιῶντας
1879 2109 1969 2164 καὶ

299 2190 681 2265 ἀναδυομένου
738 2194 875 2269 πρὸς
926 2194 1099 2249 αὐτῶν
1159 2195 1436 2272 ἑκάτερον,
1492 2199 1527 2266 ἡ
1579 2197 1828 2260 σύνοικος
1860 2195 1968 2253 δεί-

307 2303 452 2337 σασα
508 2281 632 2358 περὶ
690 2287 787 2337 τοῦ
846 2280 1064 2359 ἀνδρὸς,
1130 2287 1204 2357 μή
1261 2306 1312 2339 τι
1371 2285 1459 2341 καὶ
1512 2288 1657 2362 πάθῃ
1706 2285 1970 2364 φλαῦρον,

305 2371 415 2440 τήν
439 2373 715 2444 κοσμικὴν
768 2372 1025 2434 ἑκουσίως
1079 2373 1301 2429 ἀπέθετο
1350 2374 1540 2450 τρίχα,
1585 2376 1783 2449 καὶτῷ
1815 2376 1971 2446 συζύ-

305 2481 400 2534 γῳ
431 2460 567 2533 πρὸς
598 2460 667 2526 τῆ
717 2455 838 2534 ὕψει
892 2459 1185 2535 ἐχαρίσατο
1234 2462 1323 2517 καὶ
1374 2464 1474 2533 τὴν
1531 2462 1831 2539 βασιλείαν.
1865 2464 1972 2522 Οὖ-

306 2553 423 2603 σῶν
471 2546 528 2603 δὲ
582 2553 662 2621 τῷ
716 2550 1101 2623 Κωνσταντίνῳ
1160 2550 1467 2627 θυγατέρων
1525 2558 1691 2627 τριῶν
1765 2552 1824 2608 ἐκ
1873 2561 1975 2624 τῆς

305 2637 577 2714 θυγατρὸς
632 2644 728 2693 τοῦ
785 2639 1085 2715 πατρικίου
1160 2639 1451 2715 Ἀλυπιου,
1506 2642 1571 2711 ἢν
1640 2640 1715 2698 ἔτι
1779 2649 1980 2714 ζῶντος

300 2732 409 2783 τοῦ
459 2725 752 2784 Βασιλείου
809 2725 1122 2802 ἡρμόσατο,
1179 2732 1214 2800 ἡ
1278 2731 1370 2804 μὲν
1430 2733 1548 2796 καθ’
1578 2730 1801 2803 ἡλικίαν
1831 2752 1981 2809 πρω-

299 2816 539 2873 τεύουσα
598 2817 832 2875 Εὐδοκία
886 2820 1233 2895 ἀπεκείρατο,
1288 2824 1323 2893 ἡ
1399 2823 1557 2897 τρίτη
1615 2821 1671 2879 δὲ
1726 2822 1980 2899 Θεοδώρα

304 2909 629 2979 ἀπηνήνατο
687 2914 978 2986 συζυγῆναι
1030 2915 1110 2983 τῷ
1165 2911 1452 2985 Ῥωμανῷ,
1511 2911 1547 2983 ἤ
1602 2910 1692 2968 διὰ
1738 2914 1802 2968 τὸ
1853 2936 1978 2991 συγ-

303 2996 481 3073 γενὲς,
512 2996 588 3060 ὥς
650 3018 828 3075 φασιν,
891 2996 928 3069 ἥ
979 2996 1069 3054 διὰ
1122 3000 1184 3055 τὸ
1235 2996 1313 3055 ἔτι
1369 3002 1467 3071 τήν
1520 3001 1722 3058 ἐκείνου
1756 3004 1980 3081 σύζυγον

1882 1840 2046 1946 ,ἥΒ

2086 594 2252 662 6537,
2287 595 2482 650 subito
2531 593 2735 649 morbo
2782 596 3090 664 correptus
3135 592 3555 648 Constantinus
3604 596 3660 647 et
3704 608 3739 647 a

2088 684 2334 739 medicis
2366 685 2709 755 desperatus
2742 682 2814 738 de
2843 682 3207 737 instituendo
3238 680 3467 752 imperii
3500 697 3739 736 succes-

2086 790 2218 829 sore
2284 774 2579 845 cogitavit.
2647 772 2991 843 Placuitque
3057 786 3354 826 accersere
3423 769 3735 842 patricium

2085 862 2535 918 Constantinum
2584 861 2998 929 Dalassenum,
3029 861 3132 932 qui
3183 864 3306 915 tum
3335 859 3495 915 domi
3526 876 3645 915 suae
3676 860 3737 915 in

2082 951 2428 1007 Armenia-:0
2460 951 2726 1023 degebat,
2758 950 2927 1022 eique
2975 949 3228 1004 ﬁliarum
3280 964 3525 1004 suarum
3556 964 3736 1004 unam

2084 1045 2337 1112 nuptum
2370 1041 2530 1109 dare,
2553 1057 2619 1095 ac
2651 1041 2933 1095 Czesarem
2967 1038 3294 1111 designare.
3321 1038 3571 1093 Mittitur
3599 1053 3737 1110 ergo

2083 1130 2153 1184 ad
2178 1146 2310 1185 eum
2333 1130 2746 1185 adducendum
2770 1128 3107 1200 Ergodotes,
3132 1126 3537 1183 cunuchorum
3574 1125 3736 1181 ﬁdis-

2082 1217 2292 1272 simus.
2312 1219 2419 1273 Sed
2443 1235 2619 1288 Opera
2638 1217 2949 1287 Simeonis,
2976 1217 3076 1288 qui
3100 1220 3362 1271 Romano
3386 1219 3606 1288 Argyro
3638 1232 3737 1287 pa-

2080 1307 2249 1361 tricio
2282 1307 2531 1372 favebat,
2568 1306 2623 1360 id
2657 1305 2887 1362 consilii
2921 1305 3296 1377 repudiatum
3328 1304 3457 1374 fuit,
3483 1321 3735 1376 moxque

2080 1396 2229 1453 485
2280 1397 2351 1451 ab
2403 1398 2753 1467 imperatore
2810 1395 3032 1451 missus
3080 1395 3180 1467 qui
3230 1394 3614 1450 Dalassenum
3666 1410 3735 1451 eo

2079 1485 2204 1541 loco
2237 1486 2335 1541 ubi
2368 1485 2597 1541 litteras
2628 1485 2951 1556 accepisset
2991 1483 3313 1539 subsistere
3335 1484 3590 1554 juberet.
3622 1487 3735 1539 Ro-

2078 1591 2293 1631 manus
2322 1574 2383 1629 in
2415 1574 2703 1647 palatium
2750 1572 3082 1640 adducitur,
3117 1573 3406 1643 daturque
3452 1571 3504 1627 ei
3552 1571 3733 1644 optio,

2078 1668 2145 1719 ut
2173 1664 2262 1719 vel
2294 1663 2496 1719 oculos
2547 1663 2659 1717 sibi
2710 1663 2834 1718 erui
2883 1662 3159 1734 patiatur.
3193 1660 3280 1716 vel
3328 1659 3576 1716 dimissa
3628 1677 3738 1716 sua

2076 1751 2343 1824 legitima
2376 1769 2551 1808 uxore
2583 1752 2762 1806 ﬁliam
2819 1750 3194 1824 imperatoris
3242 1750 3422 1805 ducat
3449 1765 3515 1805 ac
3546 1750 3739 1805 Caesar

2076 1842 2440 1914 designetur.
2495 1842 2812 1897 Hasitante
2861 1857 2951 1909 eo,
2993 1856 3136 1895 uxor
3184 1838 3396 1895 marito
3442 1844 3733 1908 metuens,

2078 1930 2233 1987 ultro
2265 1948 2492 1987 comam
2522 1930 2718 2003 posuit
2747 1948 2813 1985 ac
2843 1928 3057 1986 saeculo
3091 1927 3466 1993 renuntiavit,
3488 1928 3736 1998 viroque

2080 2025 2138 2077 et
2168 2019 2367 2076 oculos
2399 2020 2651 2076 servavit
2681 2024 2737 2075 et
2767 2018 3079 2090 imperium
3112 2018 3358 2090 paravit.
3383 2018 3564 2072 Erant
3582 2016 3735 2072 Con-

2080 2111 2342 2167 stantino
2374 2126 2441 2164 ex
2472 2108 2593 2164 ﬁlia
2640 2108 2868 2182 patricii
2918 2113 3037 2164 tres
3085 2107 3244 2176 ﬁliae;
3289 2122 3538 2178 quarum
3593 2109 3736 2161 natu

2082 2200 2338 2254 maxima
2368 2198 2624 2255 Eudocia
2657 2198 3072 2254 monachatum
3105 2196 3215 2251 fuit
3243 2195 3532 2268 amplexa,
3563 2195 3739 2251 mini-

2083 2306 2180 2345 ma
2199 2289 2504 2345 Theodora
2529 2289 2655 2359 conj
2668 2288 2869 2360 ugium
2902 2286 3150 2342 Romani
3181 2289 3451 2341 aversata
3480 2288 3593 2357 est,
3614 2285 3737 2341 sive

2084 2378 2157 2435 ob
2190 2378 2713 2449 propinquitatem,
2740 2381 2803 2431 ut
2828 2377 3142 2442 ferebatur,
3162 2374 3412 2447 generis,
3436 2374 3557 2431 sive
3579 2375 3735 2446 quod

2085 2484 2323 2523 uxorem
2356 2468 2485 2537 ejus
2528 2467 2704 2521 sciret
2752 2466 2943 2521 adhuc
2972 2467 3183 2520 vivere.
3216 2464 3404 2519 Media
3431 2464 3539 2519 Zoe
3568 2463 3738 2520 facile

2086 2574 2222 2613 eum
2253 2557 2365 2612 sibi
2389 2556 2512 2612 dari
2546 2556 2820 2611 maritum
2855 2572 3030 2626 passa
3054 2558 3162 2610 est.
3198 2554 3602 2625 Disputatione
3634 2570 3737 2609 au-

2086 2651 2204 2704 tem
2236 2648 2307 2702 de
2338 2646 2683 2717 cognatione
2713 2649 2893 2709 mota,
2926 2660 3019 2699 res
3050 2660 3083 2698 a
3113 2641 3440 2715 patriarcha
3470 2646 3529 2697 et
3556 2641 3740 2697 eccle-

2088 2735 2343 2792 siasticis
2372 2735 2664 2798 discussa,
2704 2740 2760 2789 et
2804 2734 3103 2789 Romanus
3132 2733 3255 2787 Zoaa
3287 2729 3598 2803 copulatus
3626 2734 3737 2798 est,

2086 2826 2520 2897 imperatorque
2546 2823 2896 2879 declaratus.
2921 2822 3139 2877 Triduo
3164 2826 3297 2893 post
3318 2819 3740 2876 Constantinus

2086 2914 2313 2971 vivendi
2362 2914 2540 2969 ﬁnem
2588 2913 2741 2981 fecit,
2786 2928 2917 2967 cum
2956 2911 3200 2967 vixisset
3239 2926 3424 2966 annos
3444 2908 3738 2981 70‘,trien-

2090 3005 2255 3061 nium
2289 3020 2491 3059 mense
2522 3002 2720 3059 minus
2750 3003 3117 3074 imperasset.

310 3088 437 3159 ζῇν.
490 3086 554 3143 Ἡ
617 3083 676 3141 δὲ
729 3091 811 3160 τῷ
867 3089 1057 3163 χρόνῳ
1115 3086 1334 3167 δευτέρα
1391 3092 1513 3160 Ζωή
1564 3093 1653 3147 τὸν
1712 3093 1837 3169 περὶ
1893 3100 1994 3162 τῆς
2046 3091 2316 3154 συνοικίας
2373 3086 2536 3166 λόγον
2592 3091 2960 3145 συνενεσθέντα
3006 3086 3283 3149 ἀσπασίως
3334 3083 3570 3158 ἐδέξατο.
3628 3081 3731 3141 A3-

305 3196 413 3251 γου
471 3172 528 3230 δὲ
576 3174 701 3247 περὶ
753 3182 854 3245 τῆς
910 3177 1217 3253 συγγενείας
1272 3181 1603 3254 κινηθέντος,
1654 3181 1744 3236 καὶ
1819 3189 1918 3252 τῆς
1993 3179 2319 3251 Ἐκκλησίας
2389 3180 2480 3234 σὺν
2538 3183 2617 3251 τῷ
2674 3179 2989 3253 πατριάρχῃ
3048 3175 3325 3232 λυσάντων
3374 3177 3437 3230 τὸ
3496 3170 3736 3253 ὀμφίϐο-

309 3264 438 3332 λον,
498 3262 865 3340 ῒερολογεῖται
926 3268 1037 3340 (76)
1088 3269 1117 3322 6
1201 3268 1482 3341 Ῥωμανὸς
1565 3272 1637 3341 τῇ
1712 3275 1835 3345 Ζωῇ
1910 3272 1998 3325 καὶ
2056 3269 2408 3345 αὐτοκράτωρ
2476 3266 2850 3344 ἀναγορεύεται
2914 3264 3193 3342 βασιλεύς.
3253 3265 3350 3319 Καὶ
3395 3264 3530 3337 μετὰ
3584 3270 3733 3337 τρεῖς

310 3353 533 3426 ἡμέρας
580 3359 981 3417 Κωνσταντῖνος
1040 3356 1291 3427 ἀπέθανε,
1325 3361 1489 3429 ζήσας
1555 3359 1648 3433 μὶν
1706 3361 1796 3415 τὸν
1854 3361 2063 3416 ἅπαντα
2116 3366 2217 3429 τῆς
2282 3364 2425 3428 ζωῆς
2484 3357 2652 3412 αὐτοῦ
2709 3356 2909 3433 χρόνον
2965 3356 3007 3410 o'
3065 3350 3181 3426 ἔτη,
3238 3352 3325 3408 ἐπὶ
3354 3358 3498 3427 τρεῖς
3532 3350 3589 3407 δὲ
3620 3352 3737 3415 ἐνὸς

313 3441 537 3505 δέοντος
572 3443 744 3516 μηνὸς
779 3442 1179 3520 βεϐασιλευκὼς
1212 3451 1344 3521 (77).

394 3533 548 3587 Οὑτω
580 3531 638 3588 δὲ
685 3534 831 3609 παρά
884 3541 1054 3590 πᾶσαν
1114 3534 1311 3591 ἐλπίδα
1365 3537 1455 3592 καὶ
1513 3536 1840 3614 προσδοκίαν
1880 3541 1922 3593 τέ

2174 3541 2461 3595 Romanus
2483 3542 2690 3609 praeter
2710 3552 2946 3593 omnem
2978 3551 3141 3607 spem
3165 3537 3340 3606 atque
3361 3531 3743 3603 exspectatio-

314 3624 423 3688 τῆς
455 3622 758 3697 πηρώσεως
818 3620 1059 3678 κίνδυνον
1123 3622 1346 3700 διαδρὰς
1404 3628 1431 3680 ὁ
1470 3630 1749 3700 Ῥωμανὸς
1777 3629 1837 3684 τὸ
1875 3636 1975 3698 τῆς

320 3710 605 3787 βασιλείας
653 3712 1044 3788 περιζώννυται
1092 3714 1312 3788 κράτος,
1370 3716 1461 3771 καὶ
1522 3717 1775 3792 βασιλεὺς
1822 3719 1977 3773 αὐτο-

313 3799 537 3874 κράτωρ
572 3800 685 3872 ἅμα
714 3806 838 3875 Ζωῇ
883 3805 952 3875 τῇ
1009 3807 1106 3857 τοῦ
1165 3806 1568 3861 Κωνσταντίνου
1599 3808 1975 3884 ἀναγορεύεται

314 3888 572 3964 θυγατρί.
600 3892 751 3962 ’Ἅμα
793 3912 853 3945 τε
883 3889 974 3945 οὖν
1026 3891 1113 3946 ἐπὶ
1160 3892 1252 3948 τιὶν
1295 3894 1569 3969 βασίλειον
1610 3895 1822 3951 ἐκάθισε
1853 3897 1977 3972 θρό-

310 3998 439 4046 νον,
497 3978 587 4032 καὶ
645 3975 761 4051 ἅμα
812 3980 1131 4054 προοιμίοις
1182 3982 1406 4057 ἀγαθοῖς
1461 3985 1553 4039 καὶ
1602 3984 1978 4059 ἐπιοατηρίοις

313 4067 626 4129 ἐπαινετοῖς
674 4064 942 4140 ἐδεξιοῦτο
988 4068 1116 4132 τοὺς
1177 4070 1282 4125 ὐπὸ
1331 4077 1514 4148 χεῖρα,
1550 4074 1653 4128 ἀπὸ
1696 4077 1793 4143 τῆς
1826 4076 1975 4131 εὐσε-

314 4152 470 4218 ϐείας
530 4155 794 4232 πρότερον
868 4158 1166 4232 ἀρξάμενος
1233 4159 1600 4237 ἀγαθοεργεῖν.
1662 4161 1974 4219 Ἐνδέουσαν

312 4246 421 4322 γὰρ
452 4245 551 4314 τὴν
581 4243 851 4320 πρόσοδον
884 4254 980 4316 τῆς
1012 4248 1276 4323 Μεγάλης
1309 4247 1469 4313 εἰδὼς
1501 4249 1852 4322 Ἐκκλησίας,
1887 4255 1978 4309 ἅτε

315 4334 617 4409 οικονόμος
648 4334 852 4407 ταύτης
897 4336 1186 4411 γενόμενος
1234 4338 1286 4393 ἐν
1337 4345 1451 4401 τοῖς
1511 4336 1810 4416 ἔμπροσθεν
1844 4342 1978 4417 χρό-

311 4444 457 4492 νοις,
490 4424 579 4479 καὶ
608 4428 718 4479 τῶν
760 4423 949 4481 ἄλλων
1002 4425 1227 4490 ὁπόσαις
1268 4428 1648 4502 ὑπηρετεῖσθαι
1682 4430 1801 4493 ἔθος
1832 4435 1978 4505 παρὰ

314 4516 421 4567 τοῦ
451 4512 655 4585 ταύτης
713 4512 948 4585 κλήρου,
999 4513 1338 4591 ὀγδοήκοντα
1384 4519 1618 4594 χρυσίου
1668 4517 1855 4594 λίτρας
1878 4520 1978 4575 ἀνά

312 4605 426 4656 πὰν
461 4599 583 4665 ἔτος
620 4609 979 4679 χορηγεῖσθαι
1016 4604 1237 4670 τούτοις
1270 4606 1575 4663 τετύπωκεν
1607 4608 1712 4663 ἀπὸ
1749 4613 1844 4664 τοῦ
1880 4611 1977 4686 βαο·

314 4690 539 4747 σιλικοῦ
589 4693 839 4765 ταμιείου
904 4693 979 4757 εἰς
1048 4697 1391 4770 προσθήκην.
1466 4699 1722 4772 Ἐζὲκοψι
1779 4696 1835 4753 δὲ
1885 4699 1975 4754 καὶ

310 4778 508 4836 τέλεον
567 4781 906 4859 ἀπερρίζωσε
958 4784 1022 4838 τὸ
1080 4782 1492 4861 άλληλέγγυον,
1543 4790 1628 4861 [Ρ.
1685 4791 1811 4862 7‘23]
1844 4787 1974 4865 ὅπερ

313 4868 553 4943 ἐμελέτα
580 4872 674 4945 μὲν
709 4872 737 4926 6
781 4878 1190 4937 Κωνσταντῖνος
1236 4882 1483 4949 ποιῆσαι,
1536 4877 1636 4931 οὐκ
1675 4874 1871 4956 ἔφθασε
1897 4875 1971 4935 δέ.

317 4958 585 5015 Ἐκένωσε
642 4956 701 5014 δὲ
738 4959 828 5015 καὶ
874 4960 973 5024 τὰς
1038 4960 1282 5040 φυλακὰς
1339 4967 1445 5018 τῶν
1503 4962 1969 5041 ἐγκαθειργμένων

315 5043 412 5102 διά
436 5068 583 5111 τινας
615 5047 859 5122 εὐθύνας,
904 5050 971 5104 τὰ
1032 5051 1126 5123 μὲν
1185 5048 1427 5125 δημόσια
1473 5053 1612 5127 χρέα
1667 5054 1973 5129 χαριζόμε-

311 5158 432 5205 νος,
454 5136 740 5201 ἀποτιννὺς
772 5135 828 5194 δὲ
868 5140 937 5194 τὰ
987 5136 1258 5197 ἴδιωτικά.
1309 5140 1761 5219 ’Λπελυτρώσατο
1795 5140 1852 5199 δὲ
1881 5144 1971 5200 καὶ

2087 3647 2220 3685 nem
2278 3628 2582 3684 oculorum
2654 3627 3114 3682 amittendorum
3188 3622 3445 3696 periculo
3503 3624 3739 3691 evitato,

2086 3720 2403 3790 imperator
2445 3734 2577 3772 cum
2610 3719 2719 3771 Zoe
2751 3718 3011 3787 Augusta
3051 3715 3263 3780 factus,
3298 3712 3461 3767 initio
3509 3710 3741 3783 imperii

2086 3808 2257 3864 bonis
2288 3824 2352 3863 ac
2381 3805 2780 3863 laudabilibus
2803 3805 2952 3860 orsis
2983 3803 3251 3860 subditos
3274 3801 3600 3857 demeritus
3630 3803 3741 3855 est.

2087 3897 2445 3968 Principium
2470 3896 2607 3951 fecit
2632 3895 2913 3950 beneﬁcia
2936 3894 2994 3948 in
3020 3892 3387 3964 religionem.
3411 3894 3550 3944 Cum
3586 3889 3744 3944 enim

2086 3988 2263 4044 sciret
2288 3990 2507 4059 Magnae
2551 3984 2821 4041 Ecclesiae
2862 3983 3087 4038 reditus
3116 3982 3271 4036 486
3302 3997 3416 4035 non
3449 3978 3742 4047 sufﬁcere,

2087 4082 2153 4132 ut
2184 4077 2284 4142 qui
2317 4075 2723 4147 superioribus
2744 4072 3107 4143 temporibus
3130 4071 3504 4141 dispensator
3532 4068 3745 4123 luisset

2086 4168 2237 4237 ejus,
2270 4170 2325 4221 et
2356 4165 2604 4220 aliarum
2636 4164 2855 4234 quibus
2906 4161 3088 4232 hujus
3132 4160 3325 4216 clerus
3356 4159 3428 4214 de
3455 4172 3614 4213 more
3645 4158 3739 4211 in-

2086 4254 2397 4324 serviebat,
2429 4256 2499 4308 80
2542 4252 2668 4308 auri
2717 4251 2899 4306 libras
2931 4249 3250 4321 quotannis
3281 4264 3351 4303 ex
3376 4245 3575 4303 aerario
3624 4245 3740 4300 im-

2087 4344 2379 4416 peratorio
2409 4345 2459 4399 ci
2494 4343 2668 4414 pendi
2693 4341 2898 4413 jussit,
2932 4341 3165 4396 decreto
3198 4356 3266 4394 ea
3292 4339 3362 4393 de
3392 4354 3453 4394 re
3482 4335 3739 4392 condito.

2085 4433 2347 4489 Abolcvit
2399 4433 2575 4488 etiam
2635 4430 3062 4502 Allelengyum,
3114 4428 3268 4500 quod
3317 4425 3740 4483 Constantinus

2086 4528 2210 4577 erat
2242 4522 2609 4589 sublaturus,
2642 4520 2757 4575 nisi
2792 4537 2948 4575 mors
2979 4535 3111 4574 eum
3146 4515 3573 4573 antevertisset.
3604 4518 3737 4568 Car-

2086 4628 2245 4667 ceres
2279 4627 2512 4682 quoque
2543 4608 2787 4680 captivis
2829 4609 2900 4663 ob
2939 4614 3095 4663 certa
3124 4605 3375 4661 crimina
3404 4602 3734 4671 evacuavit;

2086 4700 2321 4773 publica
2351 4700 2547 4755 debita
2596 4697 2840 4765 dimisit,
2876 4696 3095 4769 privata
3144 4692 3441 4767 persolvit.
3473 4690 3741 4747 Redemit

2086 4790 2347 4862 captivos
2415 4806 2484 4845 ex
2548 4786 2898 4843 Patzinacia.
2960 4785 3116 4841 Fecit
3173 4782 3350 4840 etiam
3418 4784 3536 4836 tres
3596 4796 3737 4851 syn-

2086 4880 2263 4935 ccllos
2338 4876 2782 4950 metropolitas,
2840 4874 3148 4948 Cyriacum
3226 4869 3476 4943 Ephesi,
3536 4872 3739 4942 utpote

2083 4968 2546 5040 consanguinem
2629 4965 3007 5038 patriarchas,
3091 4960 3456 5017 Demetrium
3524 4957 3737 5032 Cyzici,

2084 5074 2257 5130 quem
2288 5057 2463 5114 etiam
2496 5059 2809 5126 antequam
2850 5054 3014 5109 ﬁeret
3064 5052 3385 5123 imperator
3415 5048 3736 5104 admodum

2082 5146 2386 5215 dilexerat,
2416 5150 2474 5203 et
2525 5142 2876 5201 Michaelum
2927 5140 3366 5208 Euchaitarum,
3413 5142 3478 5195 ut
3523 5152 3738 5210 genere

1518 5288 1888 5346 XYIANDRI
1928 5292 2015 5347 ET
2053 5292 2275 5349 GOARI
2314 5291 2552 5348 NOT/E.

392 5407 885 5498 (7§)7Z.onarasgév
933 5412 1013 5482 τῷ
1056 5413 1166 5498 τῶν
1213 5412 1611 5498 Ἀρμενιακῶν.
1640 5414 1971 5498 θέματιη-ἱῐι

316 5484 620 5564 provincia
650 5484 1016 5564 Armeniaca,
1052 5484 1120 5564 id_
1142 5484 1344 5564 est,_in
1377 5486 1673 5564 A_rmenia,
1700 5484 1827 5559 quas
1859 5489 1971 5543 lio-

318 5554 519 5639 manis
550 5554 813 5639 parebat.
843 5556 1049 5639 Atque.
1074 5556 1158 5613 sic
1192 5558 1365 5639 etiam
1416 5559 1568 5639 infra
1616 5554 1970 5639 Ἀρμενιορεόν

320 5641 430 5698 pro
472 5626 748 5704 Armenia
793 5626 1091 5704 provincia
1140 5631 1397 5702 ponitur,
1431 5632 1500 5688 de
1549 5626 1731 5704 peste,
1765 5633 1823 5688 in
1857 5632 1970 5689 Ro-

319 5696 503 5754 mano
531 5699 771 5770 Argyro.
806 5696 939 5754 Χγι..

2175 5419 2266 5486 76)
2292 5418 2459 5472 Sacra
2490 5412 2739 5486 nuptiali
2760 5413 3139 5486 benedictione
3167 5411 3530 5486 consociaturi
3551 5410 3730 5486 Gon}.

2174 5480 2265 5559 77)
2302 5490 2378 5545 De
2413 5480 2597 5559 morte
2626 5486 2996 5559 Constantini
3027 5484 3305 5539 librarius
3336 5498 3450 5559 non
3482 5480 3735 5559 absurde

2082 5548 2387 5631 ascripsit,
2444 5558 2517 5613 Εὖ
2579 5557 2860 5625 ἐποίησας,
2930 5558 3318 5631 Κωνσταντῖνε,
3378 5552 3611 5631 τάχιστα
3659 5548 3730 5631 ,ἐξ

2080 5623 2384 5707 ἀνθρώπων
2431 5623 2917 5707 γενόμενοςξ-ηᾶω
2957 5628 3059 5707 qui
3088 5629 3193 5707 _sic
3239 5623 3731 5697 vivuntfnonnisi

2081 5700 2316 5763 summa
2345 5700 2488 5764 dant
2516 5700 2849 5778 reipublicm
2881 5700 3056 5760 mala.
3088 5700 3228 5757 Χγι..
