3972 6146
200 382 324 446 219

1553 383 1878 448 GEORGII
1924 385 2268 448 CEDRENI

3499 372 3620 435 220

201 514 341 571 huic
362 515 783 589 propinquum,
803 516 956 589 quod
982 534 1016 573 a
1035 516 1291 575 Radenis
1316 516 1557 594 stirpem
1583 518 1854 573 ducebat.
1886 568 1895 586 Α

2014 514 2099 578 οὺς
2179 512 2579 590 κατεχομένους
2665 506 3058 586 αἰχμαλώτους
3131 505 3200 594 ἐν,
3264 501 3622 594 ΙΙατζινακία.

204 606 516 672 Joannem,
537 606 640 679 qui
672 606 871 662 Basilii
906 607 1284 679 imperatoris
1314 608 1504 662 fuerat
1535 612 1867 677 protonota-

207 694 331 749 rius
351 697 597 766 jamque
623 694 924 768 religionis
946 714 1122 752 causa
1144 700 1319 768 caput
1342 701 1584 761 reserat,
1608 697 1865 751 evocavit

208 783 655 856 syncellumque
695 784 849 851 fecit,
881 789 938 839 et
968 784 1237 857 conjugis
1278 802 1395 841 suae
1429 784 1650 840 sororis
1680 785 1862 840 Theo-

209 873 362 926 doraa
393 873 675 928 custodiae
724 873 999 945 praefecit.
1022 872 1232 929 Multos
1279 891 1449 945 porro
1486 875 1580 928 Dei
1616 874 1865 930 famulos

209 962 283 1017 ad
323 967 642 1017 extremam
692 963 958 1017 redactos
1018 965 1356 1035 pauperiem
1418 963 1759 1030 sublevavit,
1812 968 1869 1019 et

210 1050 469 1119 alioquin
522 1051 784 1106 adversis
835 1053 1011 1106 rebus
1069 1069 1305 1124 pressos
1361 1052 1724 1107 refocillavit.
1758 1054 1867 1107 Pro

211 1139 399 1195 salute
429 1142 635 1195 animae
675 1143 859 1196 soceri
912 1142 1001 1195 sui
1054 1143 1411 1198 immensam
1463 1143 1718 1213 pecuniae
1748 1144 1866 1199 vim

211 1228 518 1300 impendit.
545 1229 693 1284 487
732 1230 797 1285 Et
826 1246 976 1301 quos
1010 1229 1108 1285 ille
1138 1230 1286 1286 male
1317 1234 1688 1295 tractaverat,
1724 1231 1868 1289 alios

214 1318 537 1373 honoribus
568 1317 711 1372 alios
737 1320 950 1389 opibus
983 1323 1085 1373 aut
1118 1320 1360 1389 pecunia
1392 1320 1727 1376 consolatus
1759 1327 1865 1377 est.

214 1408 544 1463 Romanum
580 1406 866 1473 Sclerum,
900 1408 993 1463 cui
1026 1426 1059 1463 a
1089 1408 1474 1464 Constantino
1505 1416 1703 1465 erutos
1733 1427 1868 1465 ocu-

211 1497 299 1551 los
357 1497 917 1564 demonstravimus,
978 1500 1195 1553 sororis
1252 1515 1370 1553 suce
1431 1499 1738 1565 maritum,
1797 1501 1868 1555 ad

212 1585 582 1657 splendorem
620 1586 940 1658 magisterii
970 1588 1196 1642 extulit.
1220 1589 1290 1643 Et
1312 1606 1342 1642 a
1366 1589 1646 1644 diuturno
1668 1588 1870 1644 exsilio

212 1675 501 1731 revocavit
543 1675 933 1746 Nicephorum
966 1677 1267 1747 Xiphiam,
1303 1678 1405 1749 qui
1437 1682 1645 1750 sponte
1677 1695 1785 1733 sua
1811 1678 1869 1733 in

213 1764 499 1820 Studiano
533 1763 777 1835 collegio
808 1770 900 1820 est
929 1766 1256 1821 monachus
1288 1768 1499 1822 factus.

1976 604 2235 676 Ἐτίμησε
2265 600 2321 657 δὲ
2363 601 2452 657 καὶ
2501 598 2835 676 συγκέλλους
2886 592 3299 672 μητροπολίτας
3330 597 3500 668 τρεῖς,
3528 592 3623 647 τὸν

1978 695 2205 772 Ἐφέσου
2240 693 2503 767 Κυριακὸν
2534 692 2607 752 ὡς
2655 693 2752 743 τοῦ
2794 687 3140 762 πατριάρχου
3171 681 3453 772 δμαίμονα
3478 683 3623 772 ,(78),

1976 771 2291 858 Δημήτριον
2348 782 2442 836 τὸν
2503 778 2743 849 Κυζίκου
2800 778 2873 838 ὡς
2919 776 3045 830 λίαν
3095 771 3361 845 αὐτῷκαὶ
3392 771 3626 846 πρὸτῆς

1980 872 2258 949 βασιλείας
2302 871 2699 948 πεφιλημένον,
2756 867 2844 923 καὶ
2895 863 3131 941 Μιχαὴλ
3162 864 3252 918 τὸν
3283 867 3392 916 τῶν
3430 861 3632 949 Εὖχαϊ-

1974 948 2078 1017 τῶν
2111 964 2227 1025 καθ’
2260 962 2394 1034 αἷμα
2440 960 2620 1031 τούτῳ
2678 958 2954 1032 ἐγγίζοντα
3013 952 3101 1009 διὰ
3147 955 3209 1007 τὸ
3257 950 3534 1024 ἀναφέρειν
3562 948 3627 1004 τὸ

1976 1052 2132 1127 γένος
2179 1050 2257 1113 εἷς
2304 1050 2430 1110 τοὺς
2498 1049 2832 1123 λεγομένους
2877 1041 3190 1114 Ῥαδηνούς.
3250 1034 3630 1127 Ἰωάννηνήδέ

1976 1125 2066 1196 τὸν
2098 1146 2194 1195 τοῦ
2222 1138 2506 1195 Βασιλείου
2549 1142 2648 1192 τοῦ
2701 1133 2968 1211 βασιλέως
3025 1130 3484 1208 πρωτονοτάριον,
3516 1125 3626 1197 ἤδη

1977 1232 2077 1300 τὴν
2131 1230 2402 1302 κοσμικὴν
2475 1228 2795 1303 κειράμενον
2867 1222 3055 1298 τρίχα,
3136 1215 3629 1293 μεταπεμψάμενος

1977 1319 2068 1377 καὶ
2102 1318 2399 1397 σύγκιλλον
2440 1321 2676 1391 τιμήσας
2722 1319 2792 1389 τῇ
2841 1316 2938 1383 τῆς
2984 1313 3175 1367 έαυτοῦ
3202 1309 3435 1397 συζόγου
3466 1305 3627 1397 ἀδελ-

1982 1414 2056 1485 φῇ
2089 1393 2343 1484 Θεοδώρᾳ
2389 1409 2623 1487 φρουρὸν
2671 1406 2983 1474 κατέστησε.
3026 1398 3280 1487 Πολλοὺς
3314 1395 3486 1487 δὶῗκαξ
3518 1393 3629 1487 των

1983 1483 2316 1575 λειτουργῶν
2347 1483 2444 1552 τοῦ
2483 1500 2616 1552 Θεοῦ
2674 1493 2734 1550 έκ
2777 1497 2885 1547 τῶν
2942 1486 3336 1575 ὄλληλεγγύων
3360 1486 3436 1548 εἰς
3462 1483 3633 1575 ἐσχά-

1978 1611 2079 1660 την
2138 1573 2394 1649 ἐλθόντας
2457 1585 2639 1640 πενίαν
2717 1584 3072 1652 ἀνεκτήσατο,
3113 1577 3202 1633 καὶ
3244 1574 3370 1637 τοὺς
3427 1573 3635 1634 ἄλλους

1983 1676 2381 1756 δυσφοροῦντας
2436 1675 2527 1731 καὶ
2588 1672 2947 1746 πιεζομένους
2998 1669 3251 1756 ἀποριαις
3288 1661 3635 1756 παραμυθίας

1981 1753 2198 1840 ἠξίωσε.
2232 1766 2479 1842 Ηαρέσχε
2537 1761 2594 1818 δὲ
2639 1763 2729 1817 καὶ
2777 1759 3082 1837 χρημάτων
3132 1754 3347 1826 πλῆθος
3397 1753 3637 1842 ἀριθμοῦ

211 1857 455 1928 κρεῖττον
487 1851 617 1925 ὑπὲρ
650 1851 924 1926 σωτηρίας
973 1856 1159 1928 ψυχῆς
1212 1858 1309 1907 τοῦ
1367 1854 1558 1909 ἑαυτοῦ
1617 1860 1898 1930 πενθεροῦ.
1956 1837 2183 1927 Ἠξίωσι
2237 1837 2747 1929 δὲ’παραπλησίως
2804 1849 2893 1904 καὶ
2940 1846 3068 1909 τοὺς
3128 1847 3245 1901 ὅσοι
3290 1845 3473 1903 κακῶς
3502 1837 3636 1894 ἔπαο

214 1949 308 2001 θον
372 1938 459 1993 ὑπ’
517 1937 703 1994 αὐτοῦ.
760 1939 887 2001 τοὺς
936 1939 1029 2012 μὶν
1090 1939 1165 2001 εἷς
1222 1940 1503 2014 ἀξιώματα
1553 1936 1912 2015 προϐιϐάσας,
1969 1941 2096 2005 τοὺς
2154 1941 2211 1997 δὲ
2269 1941 2320 1997 έν
2353 1944 2595 2014 κτήμασι
2661 1937 2751 1994 καὶ
2810 1935 3015 1997 ἄλλους
3072 1931 3126 1989 ἐν
3170 1931 3424 2008 χρήμασι
3454 1946 3635 2001 παρα-

216 2028 624 2107 μυθησάμενος.
658 2029 904 2104 Ανήγαγε
964 2026 1022 2084 δὲ
1075 2030 1162 2084 καὶ
1223 2028 1297 2091 ιῖ¹ς
1351 2031 1415 2084 τὸ
1473 2030 1726 2105 λαμπρὸν
1799 2036 1909 2087 τῶν
1981 2032 2287 2107 μαγίστρων
2356 2030 2571 2104 ἀξίωμα
2620 2028 2712 2083 τὸν
2757 2027 2840 2082 ἐπ’
2891 2023 3101 2101 ἀδελφῇ
3158 2016 3406 2098 γαμϐρὸν
3464 2016 3632 2107 αὐτοῦ

211 2103 493 2190 Ῥωμανὸν
542 2117 635 2172 τὸν
688 2103 963 2190 Σκληρὸν,
998 2117 1056 2172 ὅν
1119 2120 1146 2173 6
1190 2103 1643 2182 Κωνσταντῖνοςί
1675 2121 1750 2183 ὡς
1810 2103 2081 2195 εἴπομεν,⁷
2115 2103 2525 2195 ἀπετύφλωσεν.
2588 2114 2977 2174 Ἀνεκαλέσατο
3029 2110 3088 2168 δέ
3142 2111 3229 2166 καὶ
3268 2115 3371 2179 τῆς
3399 2104 3637 2182 ’Χρονίας

215 2205 505 2282 ὑπερορίας
546 2206 860 2284 Νικηφόρον
897 2206 989 2261 τὸν
1049 2207 1273 2284 Ξιφίαν,
1325 2208 1386 2270 ὃς
1443 2206 1733 2280 ἔθελοντὴς
1802 2209 1852 2265 ἐν
1910 2213 1980 2285 τῇ
2051 2209 2193 2284 μονῇ
2241 2214 2348 2265 τῶν
2410 2204 2674 2263 Στουδίου
2718 2206 2780 2261 τὸ
2836 2207 2943 2259 τῶν
3008 2203 3267 2277 μοναχῶν
3322 2196 3633 2275 ἠμφιέσατο

215 2301 326 2370 σχῆ
338 2315 433 2367 μα.

285 2387 365 2442 Eo
397 2395 653 2459 tempore
683 2386 909 2459 pluvias
940 2389 1281 2445 commodas
1312 2388 1472 2444 dedit
1502 2388 1680 2459 Deus,
1712 2391 1871 2446 fruc-

2052 2388 2201 2447 Κατὰ
2255 2391 2446 2444 τοῦτον
2491 2388 2584 2442 τὸν
2633 2385 2831 2462 χρόνον
2890 2381 3011 2436 ὗσεν
3052 2382 3081 2436 6
3130 2377 3262 2442 Θεὸς
3308 2376 3455 2432 ὑετὸν
3503 2372 3638 2446 σύμ·

215 2481 467 2547 ctusque
533 2476 693 2548 large
759 2483 1180 2548 provenerunt,
1241 2479 1493 2535 maxime
1549 2479 1711 2535 oleae.
1770 2480 1874 2536 Die

217 2566 573 2621 Pentecostae
605 2582 772 2621 sacro
811 2566 1238 2622 tumultuatum
1289 2574 1379 2623 est
1426 2569 1499 2624 ob
1548 2569 1874 2625 sessionem

219 2655 275 2710 in
310 2671 471 2710 sacro
500 2654 714 2723 ofﬁcio,
748 2654 1137 2727 metropolitis
1184 2672 1300 2713 non
1347 2657 1669 2713 ferentibus
1701 2675 1873 2730 supe-

222 2744 375 2801 riore
405 2746 530 2801 loco
560 2745 707 2817 ipsis
738 2745 941 2801 sedere
972 2744 1285 2817 syncellos.

297 3014 377 3070 Eo
405 3016 668 3085 tempore
690 3012 1014 3068 Prusianus
1036 3012 1324 3086 Bulgarus
1350 3012 1631 3085 magister
1651 3013 1881 3071 delatus

232 3106 296 3158 ut
361 3102 461 3174 qui
529 3102 963 3173 conspiratione
1029 3119 1163 3157 cum
1236 3101 1542 3158 Theodora
1604 3105 1881 3175 Augustae

228 3208 428 3248 sorore
458 3192 608 3246 inita
644 3191 963 3262 imperium
1009 3191 1326 3258 affectarat,
1361 3191 1422 3246 in
1470 3192 1725 3248 Manueli
1758 3209 1881 3249 mo-

230 3281 558 3338 nasterium
600 3281 657 3335 in
708 3281 1034 3336 custodiam
1086 3282 1287 3349 datur;
1340 3285 1399 3335 et
1448 3281 1885 3353 ingravescente

230 3371 478 3427 crimine
507 3370 694 3426 oculis
737 3370 1022 3442 privatur,
1055 3374 1113 3426 et
1143 3375 1331 3426 mater
1360 3371 1489 3442 ejus
1534 3377 1693 3427 zoste
1741 3373 1885 3427 urbe

230 3461 483 3531 ejicitur.
535 3464 602 3514 Et
656 3459 1082 3514 Constantinus
1139 3459 1449 3532 Diogenes,
1510 3462 1682 3531 cuius
1744 3478 1888 3517 uxor

230 3550 409 3604 fratre
466 3548 841 3620 imperatoris
899 3552 1033 3603 nata
1088 3555 1239 3615 erat,
1299 3549 1496 3603 Sirmii
1558 3550 1883 3620 praefectus,

229 3638 367 3693 inde
399 3638 755 3692 transfertur
783 3653 849 3691 ac
878 3636 1308 3691 Thessalonicae
1331 3638 1449 3691 dux
1477 3639 1884 3708 constituitur;

230 3730 658 3797 accusatusque
713 3726 785 3781 ab
841 3726 1069 3795 Oresta,
1102 3725 1200 3797 qui
1264 3726 1457 3781 Basilii
1515 3726 1886 3799 imperatoris

232 3816 424 3870 fuerat
449 3814 901 3886 minister,quod
925 3814 1308 3871 defectionem
1336 3815 1662 3884 moliretur,
1682 3822 1889 3885 praetor

231 3904 303 3959 ad
334 3904 701 3959 Thracenses
745 3903 995 3958 mittitur
1042 3919 1108 3958 ac
1156 3909 1456 3975 comperto
1486 3904 1732 3961 crimine
1761 3907 1887 3961 vin-

229 3997 359 4047 ctus
391 3992 450 4047 in
482 3992 686 4047 urbem
734 3993 1071 4059 adducitur,
1104 3993 1282 4063 inque
1312 3994 1523 4048 turrim
1558 3995 1887 4065 conjicitur.

229 4082 382 4136 Socii
451 4080 910 4152 conjurationis,
970 4081 1225 4137 Joannes
1293 4081 1622 4153 syncellus,
1682 4085 1891 4139 Eusta-

231 4170 396 4225 thius
447 4170 752 4241 patricius,
787 4186 853 4225 ac
904 4170 1023 4225 dux
1073 4170 1531 4241 Dephnomelus,
1575 4171 1897 4229 Michaelus

235 4260 647 4329 Theognostus
714 4263 771 4314 et
833 4258 984 4313 488
1054 4260 1388 4325 Samuelus,
1448 4261 1716 4331 magistri
1786 4261 1895 4316 Mi-

235 4347 422 4403 chaeli
456 4348 679 4401 Burtzae
714 4347 840 4415 ﬁlii,
876 4347 1280 4419 Georgiusque
1309 4353 1365 4403 et
1395 4349 1762 4417 Barasbatze,
1798 4351 1898 4420 qui

234 4438 297 4493 in
344 4442 539 4493 monte
586 4438 735 4491 Atno
778 4438 1077 4493 Iberorum
1136 4438 1561 4493 monasterium
1617 4440 1898 4511 condidit,

243 4525 543 4599 patrueles
595 4525 827 4597 patricii
873 4525 1184 4592 Theudati,
1216 4528 1471 4599 graviter
1508 4529 1796 4585 verberati
1847 4537 1905 4586 et

240 4633 343 4688 per
386 4615 539 4670 viam
591 4614 889 4686 publicam
944 4615 1214 4685 producti
1263 4616 1670 4687 deportantur.
1718 4618 1906 4676 Theo-

237 4706 385 4761 dora
427 4706 605 4761 etiam
653 4705 827 4776 pulsa
883 4703 1099 4775 palatio
1155 4703 1214 4760 in
1272 4704 1530 4761 Petrium
1591 4706 1905 4779 relegatur.

1988 2499 2204 2555 μετρον,
2236 2478 2326 2532 καὶ
2385 2475 2608 2554 εὖφορία
2658 2476 2848 2551 γέγονε
2893 2477 3002 2527 τῶν
3060 2473 3305 2545 καρπῶν,
3348 2467 3464 2522 κατ’
3493 2462 3635 2535 ἐξαί-

1986 2589 2135 2643 ρετον
2171 2565 2227 2623 δέ
2272 2570 2371 2633 τῆς
2423 2565 2629 2628 ἐλαίας.
2684 2563 2933 2638 Ἐγένετο
2991 2558 3049 2615 δὲ
3104 2560 3239 2614 κατὰ
3281 2557 3382 2625 τὴν
3422 2555 3635 2643 ὴμέραν

1982 2641 2083 2726 τῆς
2116 2657 2271 2731 ἁγίας
2327 2656 2703 2726 Ηεντηκοστῆς
2744 2651 2962 2727 ταραχὴ
3019 2647 3108 2704 διὰ
3152 2649 3251 2717 τὴν
3295 2641 3559 2731 καθέδραν
3584 2641 3639 2697 ἐν

1982 2749 2053 2819 τῇ
2115 2729 2447 2820 λειτουργίᾳ,
2507 2745 2581 2817 μὴ
2634 2738 3077 2814 καταδεξαμένων
3123 2740 3231 2793 τῶν
3291 2729 3639 2811 μητροπολι-

1983 2838 2092 2890 τῶν
2124 2833 2448 2909 προκαθίσαι
2506 2832 2682 2887 αὐτῶν
2729 2828 2857 2892 τοὺς
2908 2826 3232 2903 συγκέλλονς
3286 2823 3337 2881 ἐν
3394 2827 3474 2896 τῷ
3514 2840 3641 2876 συν-

1989 2924 2167 3000 θρόνῳ
2201 2925 2336 2997 (79).

2062 3013 2205 3068 Κατὰ
2246 3016 2439 3067 τοῦτον
2482 3010 2576 3067 τὸν
2632 3008 2835 3085 χρόνον
2890 3001 3209 3075 διαϐληθείς
3265 3005 3293 3059 6
3344 3003 3640 3077 μάγιστρος

1988 3102 2326 3177 Προυσιανὸς
2383 3100 2411 3155 6
2461 3096 2797 3175 Βούλγαρος“
2835 3099 3218 3169 κοινοπραγεῖν
3276 3088 3534 3163 Θεοδώρᾳ
3571 3092 3641 3163 τῇ

1988 3194 2090 3261 τῆς
2144 3187 2430 3266 βασιλίδος
2478 3186 2687 3257 ἀδελφῇ
2735 3186 2825 3241 καὶ
2868 3192 2967 3255 τῆς
3026 3182 3305 3259 βασιλείας
3365 3179 3458 3234 σὺν
3502 3179 3644 3251 αὐτῇ

1991 3280 2385 3335 ἀντιποιεῖσθαι
2419 3278 2496 3340 εἷς
2526 3277 2589 3332 τὸ
2618 3280 2716 3331 τοῦ
2746 3271 3016 3343 Μανουὴλ
3063 3271 3432 3345 μοναστήριοο
3476 3287 3646 3343 φρου-

1994 3374 2187 3444 ρεῖται.
2248 3364 2719 3442 Ἐπικρατησάσης
2810 3361 2867 3418 δὲ
2941 3369 3043 3432 τῆς
3098 3360 3429 3435 κατηγορίας
3484 3356 3646 3418 αὐτὸς

2000 3461 2091 3534 μὲν
2127 3456 2555 3534 ἀποτυφλοῦται,
2588 3458 2623 3525 ἡ
2682 3453 2740 3508 δέ
2796 3455 2979 3527 μήτηρ
3034 3451 3200 3506 αὐτοῦ
3242 3452 3277 3519 ἡ
3340 3447 3519 3518 ζωστὴ
3550 3448 3651 3513 τῆς

1996 3546 2212 3609 πόλεως
2272 3541 2617 3601 έκϐάλλεται.
2669 3543 2769 3598 Καὶ
2827 3544 3241 3601 Κωνσταντῖνος
3299 3538 3327 3592 6
3368 3534 3647 3611 Διογένης,

1998 3631 2250 3712 γαμϐρὸς
2304 3629 2377 3688 ὤν
2432 3637 2530 3688 τοῦ
2584 3630 2851 3706 βασιλέως
2901 3628 2985 3684 ἐπὶ
3034 3628 3255 3703 θυγατρὶ
3284 3630 3381 3680 τοῦ
3412 3622 3653 3699 ἀδελφοῦ

1998 3725 2183 3793 αὐτοῦ,
2232 3724 2338 3779 ἀπὸ
2416 3721 2651 3797 Σιρμίου
2724 3718 3029 3794 μετατιθεὶς
3114 3715 3191 3778 εἰς
3248 3712 3652 3782 Θεσσαλονίκην

1998 3815 2204 3890 γίνεται
2265 3811 2411 3882 δούξ,
2468 3809 2863 3884 κατηγορηθεὶς
2933 3805 2991 3861 δέ
3046 3806 3193 3881 παρὰ
3245 3804 3501 3879 Ὀρέστου
3555 3804 3655 3855 τοῦ

1999 3902 2325 3980 θεράποντος
2354 3904 2451 3956 τοῦ
2482 3898 2775 3956 Βασιλείου
2824 3900 2921 3951 τοῦ
2974 3894 3263 3971 βασιλέως,
3297 3893 3371 3955 ὡς
3416 3890 3660 3980 μελετῶν

1999 3978 2344 4058 ἀποστασίαν,
2410 3988 2680 4063 σρατηγὸς
2774 3982 2850 4048 εἵς
2931 3982 3266 4061 Θρᾳκησὶους
3349 3978 3656 4035 στέλλεται.

2004 4086 2245 4155 Φανερᾶς
2276 4077 2332 4133 δέ
2350 4085 2450 4149 τῆς
2494 4074 2831 4151 κατηγορίας
2877 4075 3180 4149 γενομένης
3212 4070 3391 4148 ἄγεται
3435 4066 3658 4141 δέσμιος

2006 4170 2057 4226 ἐν
2088 4171 2157 4241 τῇ
2191 4165 2433 4245 βασιλίδι
2463 4168 2553 4222 καὶ
2604 4164 2654 4220 ἐν
2703 4164 2899 4239 πύργῳ
2951 4160 3235 4239 βάλλεται.
3277 4160 3344 4217 Oi
3377 4156 3435 4213 δὲ
3459 4155 3661 4212 τούοοιι

2009 4244 2344 4331 συνωμόται,
2380 4259 2407 4313 6
2432 4255 2874 4332 πρωτονοτάριος
2908 4252 3160 4321 Ἰωάννης
3190 4250 3278 4305 καὶ
3331 4244 3661 4325 σύγκελλος,

2011 4351 2038 4404 6
2070 4347 2359 4422 πατρίκιος
2388 4346 2683 4405 Εὐστάθιος
2728 4343 2818 4398 καὶ
2876 4340 3182 4416 στρατηγὸς
3211 4340 3240 4393 6
3273 4336 3666 4414 Δαφνομήλης,

2011 4441 2161 4513 [724]
2218 4433 2447 4512 Μιχαὴλ
2500 4435 2841 4510 Θεόγνωστος
2887 4430 2977 4485 καὶ
3039 4425 3306 4502 Σαμουὴλ
3354 4428 3407 4482 οἱ
3436 4430 3536 4481 τοῦ
3570 4446 3671 4497 μα-

2012 4528 2238 4604 γίστρου
2304 4521 2536 4600 Μιχαὴλ
2593 4526 2693 4577 τοῦ
2745 4520 2992 4595 Βούρτζη
3038 4513 3273 4593 ἔκγονοι,
3312 4514 3583 4592 Γιώργιός
3610 4535 3673 4569 τε

2015 4618 2102 4673 καὶ
2157 4610 2505 4691 Βαρασόατζὲ
2550 4613 2578 4667 6
2628 4610 2678 4666 ἐν
2729 4615 2807 4682 τῷ
2856 4607 3074 4684 ὄρειτῷ
3103 4608 3254 4680 ’Ἀθῳ
3286 4608 3400 4680 (80)
3427 4606 3529 4674 τὴν
3558 4609 3670 4659 τῶν

2018 4700 2247 4781 Ἰϐήρων
2309 4704 2482 4776 μονὴν
2534 4699 2958 4772 συστησάμενος,
3007 4698 3059 4752 οἱ
3102 4700 3200 4752 τοῦ
3229 4694 3519 4771 πατρικίου
3547 4701 3677 4750 Θευ-

1427 4838 1801 4897 XYLANDRI
1842 4842 1931 4897 ET
1966 4839 2189 4897 GOARI
2229 4838 2463 4895 NOT/E.

312 4936 420 5019 (782
452 4934 613 5019 S_olet
643 4934 778 5006 poni
802 4934 913 5019 hoc
934 4932 1286 5019 vocabulum
1308 4936 1380 5019 ab
1394 4935 1493 5019 his
1515 4937 1906 5019 scriptoribus
1937 4943 1982 5007 D
2013 4936 2547 5019 (velutet'quidnam
2582 4927 2820 5019 ξκκριτοι
2867 4929 3120 5019 diaconiz
3154 4927 3423 5019 Ecclesiae
3452 4930 3677 5019 gagan

242 5024 345 5080 pro
392 5005 593 5080 fratre,
622 5005 917 5076 quomodo
947 5012 1006 5062 et
1024 5006 1318 5080 Virgilius
1348 5008 1493 5063 dixit
1527 5026 1540 5064 :
1576 5005 1906 5080 Iit—consan-

234 5076 467 5154 Quinﬁus
499 5078 596 5132 leti
617 5093 955 5154 sopor._cum
987 5078 1063 5154 sit
1085 5076 1239 5149 apud
1266 5079 1582 5154 Homerum
1613 5076 1721 5135 ἕνθ’
1753 5080 1905 5154 ὕπνῳ

239 5144 527 5223 ξῦμόλητο
571 5149 911 5223 κασιγνήτῳ,
939 5144 1209 5211 θανάτοιο.
1250 5155 1357 5205 Pro
1411 5149 1661 5221 έκαίνησε
1709 5144 1903 5210 autem

238 5219 355 5304 legi
388 5219 627 5304 ἐκένησε,
660 5219 1019 5277 sententiam
1063 5227 1331 5304 secutus:
1363 5219 1599 5304 Zosti‘ca;
1640 5242 1711 5281 an
1765 5243 1907 5304 prg-

238 5292 435 5367 prium
486 5292 565 5348 sit
598 5308 834 5367 nomen,
869 5309 941 5347 an
990 5309 1123 5348 vero
1155 5294 1334 5367 (quod
1366 5296 1531 5367 puto)
1561 5297 1744 5354 Zostaa
1766 5292 1910 5353 ’0ῑῆ-

241 5364 401 5422 cium
439 5368 619 5435 notet,
656 5364 1003 5435 ambiguum
1035 5368 1127 5420 est
1156 5364 1295 5421 XYL.

322 5432 1129 5512 (7Q)3‘3*19§9v0;_§edcs_9§t
1177 5439 1252 5512 ad
1310 5453 1542 5512 murum
1590 5439 1648 5494 in
1700 5456 1910 5512 gyrum

244 5505 477 5573 altaris,
512 5505 667 5584 et_si
716 5506 883 5584 velis,
918 5507 1192 5584 sedilium
1241 5510 1299 5584 in
1340 5509 1516 5566 choro
1563 5505 1766 5584 series,
1800 5528 1916 5584 qua

256 5578 1299 5654 cumpresbyterisepiscopusivel
1352 5597 1486 5654 cum
1537 5578 1917 5654 pontiﬁcibus

2017 5000 2213 5066 clerici
2247 5000 2367 5063 siv'e
2397 5000 2696 5075 officiales,
2720 5006 2791 5060 de
2817 5003 3037 5075 quibus
3068 5001 3302 5075 abunde
3320 5000 3427 5056 Jus
3453 5000 3679 5055 Graeco-

2018 5083 2354 5147 romanum)
2376 5095 2492 5134 non
2514 5073 2857 5134 consessum
2888 5076 3083 5147 modo,
3108 5073 3207 5129 sed
3241 5078 3677 5147 etpraecessum

2020 5155 2104 5224 (ut
2126 5141 2420 5224 Romanos
2446 5148 2776 5224 cardinales
2788 5146 3106 5224 episcOpis,
3131 5141 3458 5224 quoad'boc
3488 5141 3680 5224 hono-

2022 5216 2104 5281 ris
2133 5222 2459 5298 προνόμιον,
2484 5221 2753 5298 praelatos
2785 5216 3177 5298 imitarentur)
3198 5217 3351 5271 votis
3375 5216 3681 5298 omnibus,

2021 5298 2098 5365 vi,
2131 5286 2321 5368 gratia
2346 5286 2463 5367 prae
2484 5286 2738 5368 reliquis
2765 5286 3173 5368 sacerdotibus
3202 5303 3267 5343 ac
3298 5286 3683 5368 pontiﬁcibus

2026 5358 2309 5440 occupare
2341 5358 2480 5440 sunt
2521 5358 2734 5440 con;ati.
2765 5363 3050 5440 Yideatur
3075 5358 3486 5440 memoratum
3511 5358 3685 5440 -J_uri_s

2025 5429 2205 5495 Graec.
2266 5436 2562 5493 volumen.
2617 5436 2696 5491 De
2744 5433 3215 5505 obartophylace,
3271 5435 3327 5486 et
3374 5430 3434 5485 in
3494 5429 3681 5485 Alexii

2028 5510 2308 5567 Comneni
2336 5508 2602 5565 Novellis.
2635 5508 2814 5563 GOAR.

2101 5582 2214 5654 (80)
2244 5579 2769 5654 Exgmonachorum
2791 5581 2849 5654 et
2868 5572 3685 5654 monasteriorumstupendo

277 5644 1122 5726 patriarcha'considet;_unde
1165 5644 1585 5726 Euchologiufn
1614 5671 1923 5726 consessum
2030 5644 2275 5711 nu'me'ro
2309 5652 2467 5726 ,ἁγίου
2511 5646 2673 5723 ὅρους
2721 5646 3140 5723 posterioribus
3186 5644 3422 5702 saeculis
3466 5644 3686 5703 nomen

243 5722 419 5780 Vocat
447 5725 504 5778 et
541 5722 741 5780 throni
793 5723 1041 5795 ejusdem
1087 5722 1451 5781 consortium:
1486 5726 1550 5783 In
1582 5742 1649 5784 eo
1683 5724 1925 5800 syncelli
2033 5728 2265 5800 adepto.
2290 5722 2473 5783 GoAa.
