3968 6140
294 356 406 418 321

1439 355 1991 422 HISTORIARUM
2032 334 2581 421 COMPENDIUM.

295 486 458 543 δάτου
507 489 744 562 ἀνεψιοὶ,
776 486 965 552 δεινῶς
994 487 1282 568 τυφθέντες
1306 490 1397 545 καὶ
1430 486 1519 545 διὰ
1552 488 1720 562 μὲσης
1750 491 1848 558 τῆς
1875 486 2161 565 λεωφόρου
2191 489 2667 567 παραπεμφθέντες
2699 485 2878 564 ἐξορίᾳ
2896 480 3708 563 παρεπέμφθησανλζατηνὲχθη

296 575 353 633 δὲ
381 576 473 632 καὶ
505 574 760 653 Θεοδώρα
786 583 894 634 τῶν
927 578 1261 655 ἀνακτόρων,
1292 580 1382 634 καὶ
1412 578 1486 641 εἰς
1519 580 1580 634 τὸ
1612 576 1904 654 λεγόμενον
1933 578 2265 656 περιωρίσθη
2302 580 2525 654 Πετρίον
2559 580 2693 653 (81).

369 662 706 743 Ὀκτωϐρίου
765 665 822 723 δὶ
882 670 1057 741 μηνὸς
1088 668 1176 723 λα’
1229 668 1388 744 χύσις
1449 670 1689 744 ἀστέρος,
1723 668 1950 744 ἐγένετο,

2139 671 2355 727 Ultima
2411 670 2678 728 Octobris
2739 669 2831 725 die
2888 666 3055 724 stella
3113 667 3185 721 ab
3242 680 3452 722 occasu
3506 677 3713 718 versus

293 756 354 812 ἐκ
408 755 629 830 δυσμῶν
689 758 825 830 πρὸς
880 757 1154 827 ἀνατολὴν
1208 759 1307 825 τὴν
1366 758 1585 831 πορείαν
1636 762 1948 819 ποιοῦντος.

292 845 396 900 Καὶ
442 847 559 901 κατ’
589 846 756 915 αὐτὴν
788 847 888 916 τήν
926 846 1137 923 ἡμέραν
1195 850 1401 908 πτῶσις
1459 846 1519 901 οὐ
1552 849 1717 923 μικρὰ
1767 846 1952 923 γέγονε

292 938 392 990 τοῦ
422 933 740 1009 Ῥωμαϊκοῦ
798 940 1029 1011 στρατοῦ
1062 936 1115 990 ἐν
1186 936 1359 1010 Συρίᾳ
1389 941 1820 1011 στρατηγοῦντος
1850 935 1952 1003 τῆς

298 1022 550 1099 μεγάλης
612 1025 953 1101 Ἀντιοχείας
978 1023 1209 1100 Μιχαὴλ
1241 1029 1336 1079 τοῦ
1368 1022 1684 1097 Σπονδύλη.
1706 1025 1951 1101 Ἐγένετο

297 1110 357 1168 δὲ
413 1112 504 1167 καὶ
562 1109 789 1189 ὄμϐρων
851 1112 1132 1176 ἐπίκλυσις
1170 1161 1184 1181 ,
1239 1114 1644 1191 ἐπικρατήσασα
1698 1112 1802 1177 ἕως
1854 1119 1953 1170 τοῦ

295 1200 544 1276 Μαρτίου
603 1202 799 1274 μηνὸς,
830 1206 937 1256 τῶν
984 1208 1247 1276 ποταμῶν
1281 1204 1693 1278 ὑπερχυθὲντων
1723 1203 1813 1275 καὶ
1843 1208 1952 1257 τῶν

290 1288 503 1344 κοίλων
558 1288 990 1366 πελαγισάντων,
1028 1291 1104 1353 ὡς
1158 1290 1523 1368 ἀποπνιγῆναι
1556 1290 1752 1367 σχεδὸν
1783 1290 1955 1347 πάντα

291 1378 363 1431 τὰ
395 1381 508 1446 ζῶα
554 1379 645 1433 καὶ
695 1376 823 1441 τοὺς
880 1375 1325 1451 καταϐληθέντας
1373 1380 1613 1457 καρποὺς
1641 1384 1708 1454 τῇ
1738 1385 1830 1456 γῆ,
1863 1380 1953 1436 καὶ

292 1463 392 1522 διὰ
418 1471 579 1522 τοῦτο
613 1466 778 1541 λιμὸν
809 1468 942 1524 κατᾶ
972 1469 1064 1523 τὸν
1099 1469 1318 1525 ἐπιόντα
1356 1469 1556 1545 χρόνον
1607 1469 1950 1540 ἐπακολουθῇ

290 1575 387 1610 σαι
438 1552 634 1613 δεινόν.
686 1555 1036 1631 Βουλόμενος
1094 1556 1153 1613 δὲ
1208 1560 1236 1614 ὁ
1271 1557 1524 1635 βασιλεὺς
1551 1560 1614 1613 τὸ
1643 1559 1863 1634 γεγονὸς
1900 1559 1951 1614 ἐν

292 1644 469 1719 Συρίᾳ
523 1644 805 1721 ἀτώχημα
863 1645 1191 1717 ἐξιάσασθαι,
1254 1646 1486 1722 ὥρμητο
1520 1647 1661 1702 κατὰ
1687 1651 1786 1717 τῆς
1818 1647 1955 1724 Βερ-

291 1730 448 1808 ῥοίας
499 1732 879 1810 ἐκστρατεῦσαι
915 1779 928 1793 .
988 1734 1288 1810 Ἐκπέμπει
1345 1740 1474 1812 γοῦν
1532 1738 1647 1809 μετ’
1716 1736 1954 1805 εὐζώνου

290 1817 579 1893 δυνάμεως
637 1825 1042 1880 Κωνσταντῐνον
1114 1825 1397 1901 πατρίκιον
1465 1826 1558 1880 τὸν
1613 1827 1953 1900 Καραντηνὸν

284 1910 385 1965 νὸν
448 1908 531 1965 ἐπ’
579 1908 792 1990 ἀδελφῇ
819 1911 1019 1968 τούτου
1067 1908 1341 1989 γαμϐρὸν,
1412 1913 1664 1978 ἀπελθεῖν
1729 1913 1954 1985 ἐπισκή-

286 2001 399 2074 ψας
450 1998 541 2054 καὶ
597 2004 1005 2069 κατασκοπῆσαι
1062 2001 1157 2065 τὰς
1200 2000 1444 2067 εἷ’σόδους
1490 2004 1747 2058 καὶκατὰ
1774 2004 1837 2058 τὸ
1868 2001 1957 2058 δυ-

285 2088 458 2144 νατὸν
530 2089 899 2162 πημαίνεσθαι
972 2089 1104 2154 τοὺς
1178 2089 1432 2168 ἐχθροὺς,
1490 2093 1837 2168 παρατάξεως
1896 2090 1954 2149 δὶ

288 2175 602 2247 καθολικῆς
655 2177 953 2254 ἀπέχεσθαι
989 2180 1155 2255 μέχρι
1184 2187 1285 2250 τῆς
1319 2179 1483 2236 αὐτοῦ
1516 2181 1837 2257 παρουσίας.
1866 2182 1954 2239 Ἐν

292 2265 417 2337 ὅσῳ
474 2262 534 2321 δὶ
590 2267 619 2321 6
676 2266 909 2342 στρατὸς
965 2268 1114 2341 αὖτῷ
1168 2269 1573 2339 συνηθροίζετο,
1618 2272 1646 2325 6
1706 2271 1801 2343 μὶν
1857 2277 1959 2340 τῆς

290 2349 596 2431 Ἀϐασγίας
644 2355 832 2432 ἄρχων
901 2357 1171 2434 Γεώργιος
1224 2358 1369 2430 νόσῳ
1398 2358 1643 2430 τελευτᾷ,
1676 2360 1709 2428 ἡ
1744 2358 1801 2414 δὲ
1831 2358 1958 2414 τού-

292 2464 405 2499 του
462 2442 712 2501 σύνοικος
773 2439 1026 2519 πρεσϐεις
1082 2446 1158 2509 εἷς
1222 2445 1448 2522 βασιλέα
1509 2448 1761 2504 στείλασα
1825 2449 1959 2521 μετά

295 2530 496 2608 δώρων
556 2530 791 2596 σπονδάς
847 2554 907 2589 τε
963 2536 1241 2611 εἰρηνικὰς
1269 2536 1446 2608 ἐζήτει
1493 2538 1583 2593 καὶ
1621 2542 1699 2610 τῷ
1755 2538 1956 2607 ταύτης

2060 764 2253 815 ortum
2314 761 2583 829 trajicere
2636 759 2761 815 visa
2817 764 2928 814 est.
2980 757 3315 826 Eademque
3358 754 3453 808 die
3499 752 3711 807 classis

2062 848 2324 903 Romana
2355 848 2511 903 haud
2553 849 2820 919 exiguam
2878 851 2967 901 est
2998 861 3175 917 passa
3223 842 3473 907 cladem,
3506 840 3710 896 Antio-

2060 938 2203 993 cbiaa
2253 942 2495 1009 praetore
2546 936 2823 992 Michaelo
2855 934 3157 1008 Spondila.
3208 933 3430 989 Imbres
3481 946 3710 1002 quoque

2060 1026 2329 1099 ingentes
2360 1043 2544 1098 usque
2577 1026 2647 1081 ad
2681 1026 2956 1081 Martium
3008 1039 3269 1079 mensem
3302 1020 3708 1085 obtinuerunt,

2061 1122 2118 1171 et
2148 1116 2410 1170 amnium
2447 1132 2514 1170 ac
2545 1115 2778 1170 lacuum
2803 1113 3192 1168 exundatione
3225 1112 3341 1166 fere
3372 1108 3570 1164 omnia
3591 1107 3714 1163 ani-

2062 1206 2239 1259 malia
2269 1212 2436 1259 necta
2477 1210 2635 1267 sunt,
2688 1220 2753 1258 ac
2783 1202 3011 1258 semina
3059 1207 3227 1256 terras
3258 1199 3576 1254 commissa
3609 1213 3711 1269 pe-

2062 1293 2325 1362 rierunt;
2358 1292 2606 1365 ideoque
2652 1290 2985 1365 insequenti
3030 1306 3183 1346 anno
3212 1287 3394 1362 {gravi
3423 1290 3514 1343 est
3548 1286 3710 1341 labo~

2063 1387 2254 1437 ratum
2283 1383 2545 1453 penuria.
2573 1384 2857 1439 Caeterum
2886 1382 3205 1451 imperator
3227 1382 3291 1433 ut
3319 1380 3617 1448 acceptam
3650 1374 3707 1429 in

2061 1471 2223 1544 Syria
2254 1471 2477 1527 cladem
2502 1471 2839 1540 exsarciret,
2865 1470 3294 1541 expeditionem
3317 1467 3389 1522 ad
3420 1466 3710 1521 Berruaam

2062 1560 2357 1627 instituit;
2392 1560 2692 1631 mittitque
2716 1561 2934 1616 sororis
2966 1574 3082 1614 suas
3115 1558 3392 1612 maritum
3424 1559 3710 1609 Constan-

2060 1649 2250 1705 tinum
2284 1649 2591 1722 patricium
2622 1649 3039 1717 Carantenum,
3066 1664 3197 1703 cum
3222 1646 3366 1702 levis
3397 1647 3710 1700 armaturae

2062 1737 2335 1799 exercitu.
2387 1738 2677 1811 speculari
2716 1754 2852 1794 eum
2904 1738 3099 1793 aditus
3147 1740 3205 1792 et
3252 1737 3539 1807 quantum
3586 1732 3711 1787 fieri

2063 1833 2263 1899 posset
2310 1828 2507 1884 hostes
2556 1828 2853 1894 infestare,
2908 1826 3106 1899 praelio
3154 1831 3353 1881 tamen
3399 1839 3587 1894 usque
3637 1822 3709 1877 ad

2064 1932 2239 1972 suum
2272 1917 2590 1971 adventum
2622 1916 2918 1972 abstinere
2943 1915 3351 1986 jubens.Dum
3384 1916 3578 1967 autem
3614 1909 3716 1964 mi-

2064 2005 2196 2061 lites
2227 2006 2435 2078 coegit,
2469 2007 2699 2063 interim
2734 2005 2995 2078 Abasgias
3027 2005 3301 2077 princeps
3330 2001 3614 2072 Georgius
3644 2014 3713 2055 ex

2064 2095 2267 2151 morbo
2300 2096 2550 2152 decedit.
2583 2094 2737 2151 Uxor
2785 2098 2915 2166 ejus
2947 2093 3151 2165 legatis
3191 2093 3261 2149 ad
3296 2091 3713 2163 imperatorem

2066 2184 2353 2256 donisque
2383 2184 2535 2240 489
2570 2184 2771 2240 missis
2795 2183 3026 2240 foederis
3056 2180 3486 2238 renovationem
3508 2182 3566 2233 et
3593 2176 3714 2231 filio

2066 2290 2175 2329 suo
2208 2274 2508 2330 Pancratio
2539 2275 2848 2345 conjugem
2884 2272 3045 2345 petit.
3077 2272 3182 2327 Cui
3213 2284 3494 2325 assensus
3524 2267 3714 2337 impe-

2067 2367 2225 2419 rator
2254 2363 2442 2419 foedus
2476 2363 2693 2431 firmat,
2741 2362 3137 2432 Helenamque
3168 2359 3256 2415 sui
3290 2358 3488 2413 fratris
3532 2354 3711 2411 ﬁliam

2068 2454 2126 2508 in
2160 2452 2479 2525 Abasgiam
2510 2456 2763 2524 nuptum
2816 2450 3019 2521 mittit,
3050 2454 3106 2505 et
3139 2448 3511 2505 Pancratium
3544 2460 3721 2502 curo-

2068 2539 2279 2613 palata:
2312 2542 2526 2596 honore
2555 2541 2819 2611 insignit.

299 2619 411 2691 υίῷ
441 2620 766 2697 Παγκρατίῳ
792 2622 895 2691 τὴν
930 2626 1373 2694 συνοικήσουσαν.
1420 2628 1523 2688 Ἦς
1571 2628 1669 2696 τὴν
1719 2622 2005 2702 πρεσϐείαν
2054 2626 2450 2701 ἀποδεξάμενος
2497 2629 2524 2683 6
2561 2625 2816 2702 βασιλεὺς
2844 2624 2940 2689 τάς
2970 2647 3028 2681 τε
3059 2623 3294 2687 σπονδὰς
3322 2623 3578 2699 ἐκύρωσε,
3621 2624 3715 2677 καὶ

288 2707 529 2779 Ἑλένην
560 2710 661 2779 τὴν
694 2711 887 2766 ἑαυτοῦ
920 2712 1163 2787 ἀνεψιὰν,
1188 2716 1288 2784 τὴν
1321 2716 1589 2791 θυγατέρα
1618 2719 1712 2770 τοῦ
1740 2713 1978 2794 ἀδελφοῦ
2010 2717 2176 2772 αὐτοῦ
2207 2716 2507 2794 βασιλείου,
2546 2716 2766 2796 νύμφην
2816 2716 2892 2781 εἰς
2935 2710 3224 2792 Ἀϐασγίαν
3270 2711 3574 2786 ἀπέστειλε,
3622 2714 3714 2767 τὸν

288 2798 530 2877 νυμφίον
560 2802 902 2877 Παγκράτιον
936 2800 991 2864 ἐς
1017 2806 1125 2857 τῶν
1152 2801 1579 2879 κουροπαλᾶτων
1613 2800 1940 2869 ἀναϐιϐάσας
1969 2806 2032 2863 τὸ
2062 2806 2218 2882 ὕψος.

374 2905 524 2962 Κατᾶ
550 2909 741 2961 τοῦτον
766 2908 859 2962 τὸν
891 2907 1092 2983 χρόνον
1141 2910 1333 2985 γεγονέ
1379 2932 1429 2965 τι
1459 2912 1739 2986 τεράστιον
1795 2913 1846 2968 ἐν
1878 2917 1957 2987 τῷ

295 2992 494 3067 Θεματι
569 2999 679 3049 τῶν
756 2997 1076 3071 Θρᾳκησίων
1130 2996 1454 3074 παρᾳδοξον,
1514 3001 1639 3077 περὶ
1697 3002 1792 3065 τὰς
1851 3002 1956 3057 ὑπ·-

292 3082 496 3157 ωρείας
531 3088 629 3138 τοῦ
659 3084 820 3158 ὅρους
850 3089 951 3139 τοῦ
983 3091 1250 3160 Κουζηνᾶ,
1313 3087 1363 3143 ἐν
1424 3091 1469 3162 ᾧ
1499 3092 1652 3166 πηγή
1687 3090 1795 3146 ἐστι
1827 3090 1955 3147 καλο

294 3170 491 3228 λίστου
566 3171 656 3227 καὶ
734 3170 969 3237 διειδοῦς
1028 3174 1246 3239 ὕδατος.
1306 3180 1472 3249 Φωνή
1530 3200 1610 3241 τις
1669 3178 1956 3251 ἐξηκούετο

292 3261 492 3337 οἳκτρὰ
536 3263 672 3336 μετὰ
721 3261 966 3339 ὀδυρμοῦ
1014 3265 1103 3321 καὶ
1156 3268 1280 3322 οὐαὶ
1329 3269 1419 3324 καὶ
1469 3272 1682 3345 θρήνων
1746 3291 1958 3345 παρεμ-

2138 2915 2255 2971 Hoc
2284 2920 2545 2987 tempore
2566 2915 2627 2971 in
2649 2915 2964 2971 Thracensi
2990 2913 3287 2987 provincia
3316 2910 3714 2985 prodigiosum

2068 3004 2371 3077 quippiam
2407 3004 2636 3074 accidit,
2657 3005 2808 3077 apud
2830 3004 3057 3060 radices
3081 3002 3299 3059 montis
3331 3005 3589 3071 Cuzenas,
3616 3001 3715 3056 ubi

2068 3094 2198 3149 fons
2230 3098 2317 3150 est
2348 3111 2510 3165 aquae
2542 3093 2994 3165 limpidissimaa.
3016 3093 3141 3149 Vox
3163 3092 3318 3147 enim
3346 3091 3423 3147 ibi
3449 3090 3716 3162 quaedam

2067 3184 2342 3239 exaudita
2372 3187 2462 3239 est
2478 3182 2854 3251 miserabilis,
2877 3182 3194 3253 ejulatibus
3217 3186 3273 3236 et
3296 3180 3571 3235 lamentis
3595 3196 3719 3250 per-

2068 3272 2851 3343 mixta,quasigemsbundze
2876 3272 3168 3337 mulieris;
3196 3285 3382 3340 neque
3405 3268 3513 3323 hoc
3538 3267 3716 3323 semel

290 3353 468 3429 φερὴς
499 3351 805 3428 ὀλοφυρμῷ
834 3356 1108 3431 γυναικός.
1142 3356 1241 3411 Καὶ
1282 3357 1388 3434 οὐχ
1420 3359 1556 3429 ἅπαξ
1589 3360 1624 3430 ἢ
1657 3356 1737 3422 δὶς
1764 3364 1945 3419 τοῦτο.

2077 3367 2164 3417 iut
2192 3362 2427 3431 iterum,
2463 3362 2563 3417 sed
2598 3366 2799 3417 noctes
2847 3361 3091 3432 diesque
3143 3359 3421 3415 continuo
3452 3375 3484 3412 a
3517 3373 3719 3413 mense

294 3439 428 3495 ἀλλ’
476 3439 583 3496 ἀπὸ
613 3441 861 3517 Μαρτίου
917 3444 1090 3517 μηνὸς
1147 3442 1309 3521 ἄχρις
1374 3447 1599 3504 Ἰουνίου
1642 3449 1807 3504 αὐτοῦ
1837 3452 1958 3505 καθ’

290 3530 507 3605 ἡμέραν
538 3528 627 3585 καί
656 3530 841 3589 νύκτα.
892 3532 1199 3589 Ἀπιόντων
1238 3533 1296 3590 δι
1325 3556 1489 3591 τινων
1522 3536 1607 3592 ἐπὶ
1658 3538 1736 3610 τῷ
1785 3559 1953 3594 κατα-

290 3625 573 3688 σκοπῆσαι
617 3620 711 3675 τὸν
740 3622 909 3676 τόπον
965 3621 1092 3687 ἔνθα
1140 3626 1174 3693 ἡ
1210 3625 1360 3703 φωνή
1396 3624 1669 3702 ἐξηχεῖτο,
1701 3625 1955 3703 ἀλλαχοῦ

293 3706 625 3782 μετέπιπτεν
653 3710 688 3778 ἡ
718 3708 991 3786 ὀλολυγή.
1045 3714 1218 3768 Τοῦτο
1260 3710 1337 3781 δὶ,
1372 3716 1445 3776 ὡς
1482 3713 1647 3785 ἔοικε,
1702 3719 1953 3792 προεμή-

284 3818 385 3852 νυε
413 3798 514 3866 τήν
548 3798 818 3875 φθάσασαν
870 3801 1103 3876 ῥηθῆναι
1160 3800 1387 3878 ἀτυχίαν
1418 3808 1525 3858 τῶν
1576 3806 1866 3877 Ῥωμαίων
1901 3805 1952 3860 ἐν

286 3890 364 3960 τῇ
399 3883 581 3957 Κοίλη
640 3887 829 3963 Συρίᾳ.
879 3893 983 3943 Τοῦ
1038 3890 1141 3966 γὰρ
1201 3890 1471 3966 βασιλέως
1510 3893 1832 3972 Νικηφόρου
1861 3896 1958 3957 τὰς

284 3973 559 4038 πλείστας
609 3975 810 4051 Συρίας
857 3979 949 4033 καὶ
1000 3979 1261 4050 Φοινίκης
1290 3976 1485 4046 πόλεις
1530 3985 1956 4059 παραστησαμέ-

284 4084 414 4131 νου,
458 4064 553 4151 καὶ
598 4069 696 4120 τοῦ
748 4067 864 4138 μετ’
912 4067 1074 4123 αὐτὸν
1106 4069 1360 4124 Ἰωάννου
1406 4071 1476 4125 τὰ
1518 4070 1801 4127 ἑαλωκότα
1829 4093 1956 4148 κρα-

283 4153 599 4226 τυναμένου
666 4154 756 4209 καὶ
840 4153 1007 4232 μέχρι
1084 4162 1376 4231 Δαμασκοῦ
1446 4161 1544 4229 τὴν
1611 4161 1952 4237 ἐπικράτειαν

284 4241 740 4317 παρατείναντος,
817 4243 1034 4321 ἐπείπερ
1107 4248 1136 4301 6
1217 4252 1332 4320 μετ’
1401 4248 1597 4314 αὐτοὺς
1670 4250 1955 4315 Βασίλειος

284 4327 559 4406 πρότερον
622 4332 718 4405 μὶν
753 4334 855 4390 ὑπὸ
911 4340 1019 4390 τῶν
1080 4335 1367 4415 ἐμφυλίων
1412 4338 1831 4414 ἀσχολούμενος
1860 4360 1958 4396 πο-

288 4417 508 4505 λέμων,
568 4419 789 4499 ὕστερον
825 4420 882 4479 δὲ
911 4423 1001 4479 καὶ
1038 4430 1157 4488 τοῖς
1187 4427 1326 4481 κατὰ
1349 4431 1449 4482 τοῦ
1483 4430 1748 4503 Σαμουὴλ
1781 4451 1958 4505 εργοις

286 4507 692 4584 προσλιπαρῶν
725 4512 810 4585 [Ρ.
842 4512 972 4587 725]
1005 4511 1108 4568 οὐκ
1135 4510 1293 4590 ἔσχεν
1326 4513 1597 4593 εὐκαιρίαν
1645 4517 1833 4581 καλῶς
1863 4519 1955 4574 καὶ

285 4595 366 4684 ὡς
419 4593 699 4675 ἐνεδέχετο
753 4599 822 4655 τὰ
878 4598 930 4657 ἐν
979 4605 1049 4675 τῇ
1106 4604 1221 4676 Ἓῳ
1250 4602 1775 4684 κατασφαλίσασθαι,
1828 4606 1958 4665 ἀλλ’

283 4683 417 4790 ἕξων
466 4685 519 4741 ἐν
570 4687 835 4790 φαντασίᾳ
875 4690 1168 4790 γενόμενος
1214 4690 1407 4764 ἐκεῖσε,
1456 4693 1547 4749 καὶ
1598 4696 1672 4757 ὡς
1706 4696 1734 4749 6
1766 4696 1956 4771 καιρὸς
1986 4725 2034 4790 D

284 4771 491 4847 ἀπῄτει
534 4779 705 4831 ταῦτα
750 4781 1253 4853 καταστησάμενος,
1318 4782 1414 4846 εἶθ’
1470 4783 1810 4859 ὑποστρέψας
1864 4785 1955 4841 καὶ

285 4861 563 4938 ἀσχολίαν
622 4861 864 4939 ἔμμονον
897 4865 1042 4943 ἔχων
1069 4869 1158 4924 καὶ
1188 4868 1448 4949 φροντίδα
1475 4874 1539 4928 τὸ
1568 4876 1676 4928 τῶν
1706 4874 1954 4951 Βουλγά-

287 4970 403 5028 ρων
459 4951 717 5026 ὑποτάξαι
768 4956 942 5031 γενος,
1002 4958 1223 5035 ἀφορμὴ
1269 4960 1461 5036 γέγονε
1507 4966 1604 5017 τοῦ
1649 4962 1743 5019 τὸν
1794 4963 1955 5039 ζυγὸν

285 5039 595 5116 ἀπορρῖψαι
668 5042 766 5107 τὰς
846 5042 1215 5123 δυνατωτέρας
1275 5054 1384 5105 τῶν
1438 5050 1653 5106 πόλεων
1704 5052 1796 5107 καὶ
1850 5055 1950 5123 τήν

285 5129 497 5185 ἑαυτῶν
552 5132 887 5204 ἀναζητῆσαι
919 5133 1246 5212 ἐλευθερίαν.
1310 5136 1472 5195 Ἀλλ’
1517 5136 1622 5203 ἕως
1658 5142 1752 5215 μὲν
1795 5143 1952 5205 οὗτος

284 5224 510 5295 περιῆν,
566 5219 861 5294 ἐμελετᾶτο
916 5226 1009 5299 μὶν
1041 5228 1077 5296 ἡ
1122 5226 1441 5299 ἀπόστασις,
1473 5225 1717 5303 κρύϐδην
1771 5228 1829 5287 δὲ
1858 5232 1949 5287 καὶ

286 5305 355 5362 οὗ
406 5314 670 5395 φανερῶς.
728 5312 943 5370 Τούτου
1000 5312 1061 5371 δὶ
1112 5317 1177 5372 τὸ
1232 5318 1413 5395 χρεὼν
1445 5318 1824 5387 ἀποτίσαντος,
1855 5323 1948 5377 καὶ

283 5400 387 5451 τοῦ
418 5393 657 5477 ἀδελφοῦ
688 5400 852 5459 αὐτοῦ
899 5393 1302 5462 Κωνσταντίνου
1350 5406 1575 5482 ἀμελῶς
1628 5407 1947 5484 βασιλεύον-

2067 3451 2273 3507 Martio
2290 3468 2477 3522 usque
2499 3452 2568 3507 ad
2581 3451 2848 3506 Junium.
2872 3450 3134 3521 Cumque
3148 3447 3418 3505 nonnulli
3434 3447 3717 3504 accessis-

2065 3546 2197 3596 sent
2219 3540 2581 3612 speculatum
2604 3539 2797 3595 locum
2824 3540 2979 3594 unde
2999 3556 3103 3593 vox
3125 3539 3427 3601 edebatur,
3451 3537 3563 3592 alio
3584 3537 3677 3607 eju
3700 3567 3715 3577 -

2066 3629 2223 3685 latus
2248 3630 2343 3684 isti
2365 3630 2789 3684 transiverunt.
2821 3628 3315 3683 Prasmonstrabat
3343 3631 3561 3694 autem,
3585 3626 3711 3696 opi-

2066 3735 2195 3789 nor,
2218 3719 2327 3773 hoc
2351 3723 2686 3790 portentum
2716 3717 2938 3773 cladem
2967 3717 3363 3772 Romanorum
3387 3716 3446 3769 in
3469 3713 3714 3786 Ccclesy-

2066 3808 2153 3862 ria
2179 3813 2499 3879 acceptam.
2534 3807 2756 3863 Etenim
2788 3806 3151 3878 Nicephorus
3194 3804 3512 3876 imperator
3540 3803 3716 3858 urbes

2063 3896 2244 3969 Syrias
2278 3914 2342 3953 ac
2374 3896 2683 3952 Pbozniciae
2706 3895 3014 3967 plerasque
3040 3900 3272 3967 ceperat
3300 3900 3358 3948 et
3386 3894 3456 3948 ab
3490 3908 3557 3948 eo
3589 3908 3715 3963 par-

2066 3992 2127 4041 ta
2155 3987 2474 4041 Tzimiscas
2523 4002 2827 4041 successor
2856 3985 3254 4052 confirmarat,
3286 3983 3716 4053 imperiumque

2066 4076 2137 4131 ad
2174 4077 2523 4130 Damascum
2578 4090 2766 4145 usque
2815 4071 3155 4145 protulerat.
3210 4071 3461 4128 Basilius
3492 4076 3713 4139 autem,

2068 4164 2167 4235 qui
2198 4158 2331 4236 post
2358 4164 2466 4219 hos
2498 4162 2827 4235 imperavit,
2846 4161 3117 4218 civilibus
3150 4161 3405 4234 primum
3435 4160 3606 4217 bellis
3627 4177 3717 4215 oc~

2065 4258 2337 4326 cupatus,
2353 4253 2562 4309 deinde
2584 4257 2744 4308 totus
2763 4251 2913 4307 bello
2932 4252 3260 4307 Samuelico
3286 4251 3568 4317 intentus,
3597 4267 3713 4305 non

2065 4343 2354 4398 habuerat
2375 4345 2877 4414 opportunitatem
2901 4341 3157 4396 Orientis
3180 4357 3271 4395 res
3292 4339 3714 4407 constituendi,

2067 4431 2166 4486 sed
2197 4431 2363 4501 quasi
2391 4445 2491 4502 per
2521 4429 3006 4502 imaginationem
3039 4443 3106 4483 eo
3128 4428 3424 4483 interdum
3448 4429 3712 4483 animum

2064 4520 2398 4590 trajecerat,
2430 4523 2486 4575 et
2531 4524 2830 4591 utcunque
2862 4520 3015 4575 490
3046 4517 3263 4573 curatis
3312 4517 3385 4572 iis
3431 4520 3623 4571 totum
3654 4534 3716 4571 se

2065 4607 2386 4681 Bulgaricaa
2416 4608 2573 4681 genti
2597 4608 2936 4679 subigendis
2959 4608 3217 4664 dederat.
3242 4608 3322 4662 Ea
3351 4605 3461 4660 fuit
3489 4608 3716 4660 occasio

2066 4698 2315 4753 urbibus
2370 4690 2795 4768 potentioribus
2844 4698 3098 4752 Orientis
3142 4698 3350 4767 jugum
3384 4699 3713 4749 Romanum

2065 4787 2395 4842 excutiendi
2443 4803 2734 4860 suamque
2777 4786 3163 4859 recuperandi
3213 4785 3569 4840 libertatem.
3601 4784 3714 4841 Sed

2063 4894 2139 4933 eae
2168 4893 2304 4933 cum
2335 4877 2561 4933 vivente
2592 4876 2784 4933 adhuc
2829 4875 3045 4932 Basilio
3075 4873 3461 4931 defectionem
3490 4873 3720 4930 occulte

2061 4970 2305 5027 tantum.
2323 4966 2690 5034 molirentur,
2709 4983 2775 5023 eo
2808 4964 3039 5023 sublato
3060 4969 3117 5021 et
3136 4963 3520 5020 Constantino
3543 4964 3718 5018 fratre

2059 5055 2375 5127 imperium
2424 5055 2790 5127 negligenter
2838 5058 3094 5126 gerente,
3129 5054 3320 5124 iisque
3363 5052 3540 5108 modo
3570 5070 3715 5124 quas

2059 5146 2433 5200 ostendimus
2465 5146 2639 5200 rebus
2689 5144 2887 5199 dedito
2919 5143 3183 5199 omnium
3216 5141 3477 5197 aliorum
3512 5159 3715 5198 secure

2058 5235 2362 5306 repudiata
2391 5250 2552 5302 cura,
2578 5233 2850 5290 Saraceni
2887 5232 3186 5290 licentiam
3219 5232 3409 5305 adepti
3441 5232 3715 5304 presidia

2059 5324 2295 5380 urbium
2345 5328 2830 5396 expugnaverunt
2877 5327 3050 5394 atque
3098 5322 3537 5380 interfecerunt.
3593 5322 3718 5378 Prae

2057 5412 2306 5484 reliquis
2338 5429 2459 5468 rem
2493 5414 2680 5486 gessit
2710 5412 2946 5485 Cbalepi
2994 5413 3085 5485 (ea
3114 5416 3202 5470 est
3232 5411 3523 5484 Berrhma)
3565 5428 3716 5484 prse-

1496 5566 1855 5627 XYLANDRI
1892 5568 1985 5628 ET
2022 5569 2241 5627 GOARl
2286 5570 2514 5629 NOT/E.

363 5669 484 5748 (81)
513 5672 962 5739 Monasterium.
995 5680 1178 5740 ϐολῇ.
