3972 6146
242 354 360 414 223

1595 343 1917 408 GEORGII
1960 344 2301 407 CEDRENI

3544 344 3668 404 εει

242 487 450 551 fectus,
472 483 574 557 qui
599 481 1043 539 continentibus
1068 479 1514 537 incursionibus
1530 476 1810 535 Antiochi;

2100 498 2108 540 ;
2154 476 2244 532 καὶ
2303 476 2579 555 ῥᾳθυμῶς,
2627 475 2717 533 καὶ
2761 474 2843 531 ἐπ’
2875 473 3103 538 ἐκείνοις
3153 469 3379 551 ἔχοντος
3410 472 3504 531 τὸν
3536 494 3668 531 σκο-

241 594 307 633 ac
338 576 526 631 vicina
555 572 835 629 Romanis
860 571 1100 627 subdita
1124 570 1385 626 vexabat.
1419 568 1715 625 Adversus
1741 567 1898 623 hunc

241 665 566 738 Spondyles
582 661 900 719 Antiochiae
921 662 951 716 d
964 678 1039 717 ux
1056 660 1285 715 vivente
1302 658 1495 715 adhuc
1517 656 1899 714 Constantino

242 754 669 828 expeditionem
726 752 883 819 fecit,
936 749 1283 823 praclarum
1334 747 1616 803 nimirum
1660 746 1901 819 aliquod

242 846 512 902 editurus
535 842 798 909 facinus;
831 856 1145 913 pugnaque
1168 838 1505 903 commissa,
1530 853 1744 908 magna
1766 852 1900 891 cum

243 950 484 991 suorum
517 932 682 988 clade
718 934 1052 1002 superatus,
1085 928 1337 999 turpiter
1370 926 1739 983 Antiochiam
1775 941 1901 997 per-

244 1023 413 1094 fugit.
450 1020 691 1092 Decepit
734 1023 856 1075 arte
905 1019 1063 1073 hunc
1096 1018 1453 1090 Spondylam
1504 1016 1681 1072 etiam
1712 1014 1903 1070 Arabs

243 1114 485 1185 quidam
546 1110 940 1182 Musaraphus
998 1110 1258 1177 nomine,
1318 1109 1376 1163 in
1436 1107 1588 1163 bello
1635 1125 1668 1162 a
1719 1105 1901 1162 Potho

242 1206 462 1276 Argyro
495 1206 702 1274 captus
748 1216 813 1256 ac
845 1199 1164 1255 Antiochiae
1214 1200 1274 1254 in
1324 1197 1577 1254 vinculis
1609 1198 1900 1252 detentus.

243 1293 301 1348 Is
332 1290 688 1364 Spondylam
740 1289 791 1345 ei
845 1289 977 1344 urbi
1028 1288 1371 1360 praefectum
1428 1286 1903 1342 animadvertens

242 1382 542 1439 hominem
576 1396 706 1436 esse
734 1378 1032 1448 mobilem,
1059 1394 1122 1434 se
1152 1376 1465 1449 magniﬁce
1496 1375 1902 1430 commodatu-

246 1489 376 1528 rum
409 1469 706 1545 pollicitus
737 1473 827 1524 est
850 1467 1154 1532 Romanis,
1176 1469 1224 1522 si
1253 1465 1504 1521 vinculis
1535 1465 1902 1530 liberaretur,

244 1561 559 1632 omniaque
582 1575 784 1614 eorum
813 1557 1061 1613 consilia
1082 1556 1517 1627 expediturum,
1537 1560 1594 1610 et
1612 1553 1905 1609 Arabibus

243 1650 563 1723 plurimum
597 1648 798 1702 damni
850 1647 1154 1702 daturum.
1204 1646 1355 1701 491
1419 1645 1631 1701 Locum
1672 1657 1905 1715 quoque

246 1738 617 1808 monstravit,
652 1735 710 1792 in
744 1753 859 1809 quo
910 1736 960 1791 si
992 1734 1301 1791 castellum
1332 1738 1733 1791 exstrueretur
1762 1732 1906 1787 sibi-

246 1846 359 1902 que
407 1826 901 1891 committeretur,
949 1841 1072 1881 rem
1124 1825 1446 1880 Romanam
1500 1822 1657 1878 haud
1702 1821 1906 1877 leviter

244 1921 401 1976 esset
428 1917 766 1987 adjuturus.
800 1914 1128 1986 Spondyles
1166 1915 1295 1984 ejus
1326 1912 1561 1969 fallacia
1592 1929 1707 1967 non
1738 1909 1905 1966 intel-

244 2008 398 2064 lecta
451 2004 703 2060 vinculis
756 2004 1057 2060 hominem
1106 2002 1300 2069 solvit,
1342 2001 1770 2072 castellumque
1819 2000 1904 2055 uti

246 2099 512 2153 suaserat
542 2093 830 2161 condidit,
856 2097 914 2148 et
963 2092 1123 2149 mille
1158 2092 1440 2149 Romanis
1493 2090 1751 2164 praesidii
1780 2089 1906 2145 loco

248 2183 542 2257 impositis
595 2181 1018 2254 Musaraphum
1078 2181 1129 2237 ei
1183 2182 1457 2253 praefecit.
1513 2179 1905 2252 Musaraphus

249 2274 603 2329 consecutus
634 2272 791 2344 quod
842 2269 1097 2336 volebat,
1130 2268 1356 2325 occulte
1385 2286 1519 2324 cum
1551 2285 1747 2325 amera
1776 2268 1904 2324 Tri-

250 2361 403 2435 polis
432 2366 488 2418 et
515 2361 774 2417 Tusbero
806 2376 1040 2416 summo
1068 2358 1321 2432 .I‘Egyptii
1354 2358 1638 2431 principis
1668 2359 1814 2413 duce
1844 2375 1907 2414 re

250 2452 597 2524 composita,
632 2449 882 2506 missum
916 2450 989 2505 ab
1021 2451 1094 2506 iis
1132 2449 1451 2505 exercitum
1486 2449 1544 2503 in
1593 2447 1904 2503 castellum

254 2541 519 2608 admisit,
552 2541 935 2612 Romanoque
976 2537 1248 2611 praesidio
1280 2554 1427 2593 caeso
1462 2537 1609 2610 ipsis
1639 2536 1902 2592 tradidit.

252 2631 469 2686 Exinde
527 2647 762 2701 semper
805 2630 1225 2685 Saracenorum
1275 2644 1367 2683 res
1417 2627 1605 2698 potior
1649 2627 1907 2682 Romana

250 2720 379 2786 fuit,
413 2736 603 2791 neque
634 2718 818 2775 ullam
850 2719 1038 2775 fecere
1082 2718 1141 2772 in
1174 2716 1474 2787 Syriacam
1505 2717 1903 2782 Romanorum

250 2809 533 2863 ditionem
566 2807 877 2879 grassandi
911 2805 1435 2877 intercapedinem.

2007 570 2109 625 πὸν
2142 570 2277 645 ἀπερ
2341 571 2369 625 6
2429 568 2595 644 λόγος
2654 566 2855 647 φθάσας
2913 566 3388 644 έστηλογράφησε,
3445 570 3552 621 τῶν
3617 562 3666 620 δ’

2010 658 2197 715 ἄλλων
2227 657 2527 735 ἀλιγωρίαν
2557 654 3053 721 κατασκεδάσαντος
3109 655 3170 711 ού
3211 658 3310 725 τὴν
3362 660 3665 732 τυχοῦσαν.

2010 746 2193 812 ἀδείας
2225 750 2276 804 o't
2309 748 2616 825 Σαρακηνοὶ
2649 742 2948 821 λαϐόμενοι
2993 747 3091 809 τάς
3120 767 3180 801 τε
3229 745 3283 801 ἐν
3320 750 3440 807 ταῖς
3469 741 3669 801 πόλισι

2011 839 2248 917 φρουρὰς
2306 837 2691 915 ἐξεπόρθησαν,
2726 835 3006 898 ἀνελόντες
3045 835 3135 890 καὶ
3181 834 3312 897 τοὺς
3362 832 3667 911 φρουροὺς,

2010 929 2127 984 κατ’
2171 927 2431 1004 ἐξαίρετον
2492 924 2548 981 δὲ
2606 927 2634 981 6
2689 929 2788 991 τῆς
2845 923 3100 1001 Βεῤῥοίας
3130 924 3400 999 ἀρχηγὸς,
3452 924 3515 992 ἣν
3575 926 3670 981 καὶ

2010 1016 2204 1074 Χάλεπ
2231 1016 2512 1073 καλοῦσιν’
2573 1013 2843 1091 ἐκδρομάς
2892 1036 2950 1069 τε
2997 1015 3099 1089 γάρ
3161 1012 3331 1068 ἐποίει
3391 1016 3671 1088 συνεχεῖς,

2010 1109 2098 1163 καὶ
2143 1108 2245 1177 τήν
2292 1108 2636 1183 Ἀντιόχειαν
2698 1105 2893 1159 ἐκάκου
2942 1104 3033 1158 καὶ
3079 1103 3144 1157 τὰ
3191 1103 3503 1177 ὁμοροῦντα
3534 1096 3663 1173 ἔθνη

2011 1196 2101 1251 καὶ
2129 1197 2399 1273 πρόσοικα
2437 1197 2505 1251 τά
2543 1200 2659 1257 τοῖς
2709 1191 3006 1266 Ῥωμαίοις
3034 1193 3267 1261 ὑπήκοα.
3324 1192 3468 1266 Πρὸς
3529 1188 3587 1245 ὅν
3640 1190 3669 1245 6

2014 1284 2339 1357 Σπονδύλης
2392 1292 2492 1355 τῆς
2548 1282 2914 1359 ’Δντιοχείας,
2973 1284 3047 1345 ὡς
3104 1279 3338 1356 εἷ’ρηται,
3370 1282 3663 1355 κατάρχων

2013 1374 2347 1450 έκστρατεύει
2406 1370 2484 1430 ἔτι
2539 1373 2824 1449 περιόντος
2886 1375 2983 1425 τοῦ
3042 1368 3468 1438 Κωνσταντίνου,
3534 1370 3668 1439 βου-

2013 1463 2252 1538 λόμενος
2305 1466 2451 1539 τάχα
2510 1461 2750 1517 νεανικόν
2809 1482 2860 1516 τι
2913 1460 3005 1515 καὶ
3034 1464 3276 1535 γενναῖον
3312 1456 3667 1529 ἐνδείξασθαι.

2014 1555 2111 1609 Καὶ
2147 1549 2444 1627 συμϐαλὼν
2472 1553 2552 1625 τῷ
2601 1555 2702 1615 τῆς
2749 1549 3004 1627 Βερῥοίας
3038 1547 3385 1625 ἰξηγουμένῳ
3415 1553 3668 1621 ἧττᾶται,

2013 1643 2103 1699 καὶ
2148 1641 2323 1706 πολὺς
2377 1644 2472 1717 μὲν
2520 1641 2721 1718 γίνεται
2751 1644 2859 1695 τῶν
2893 1638 2985 1695 σὺν
3033 1637 3181 1712 αύτῷ
3230 1638 3453 1717 φθόρος,
3504 1637 3668 1700 αὐτὸς

2017 1731 2074 1788 δὲ
2121 1730 2377 1808 αἶ’σχιστα
2422 1730 2498 1794 εἷς
2546 1724 2885 1806 ’Δντιόχειαν
2943 1725 3284 1798 διασώζεται.
3338 1734 3671 1801 Κατεστρατ-

1938 1854 1984 1919 B
2017 1825 2188 1898 ήγησε
2263 1819 2310 1877 δ’
2378 1821 2542 1876 αὐτὸν
2607 1818 2697 1875 καί
2773 1840 2855 1881 τις
2920 1820 3127 1892 ”Δραψ,
3206 1816 3500 1894 Μουσάραφ
3571 1816 3674 1885 τὴν

2014 1911 2409 1989 προσηγορίαν,
2459 1908 2647 1985 τρόπῳ
2686 1905 2904 1982 τοιῷδε.
2959 1908 3132 1969 Οὗτος
3184 1907 3284 1983 γάρ
3316 1906 3344 1961 ὁ
3371 1906 3673 1983 Μουσάραφ

2017 1999 2366 2077 δορυάλωτος
2393 2000 2763 2075 κατεχόμενος
2821 1997 2894 2052 ἐν’
2940 1997 3250 2072 Ἀντιοχείᾳ
3281 1998 3365 2069 (ἦν
3416 1995 3520 2071 γὰρ
3572 2014 3671 2049 κα-

2014 2089 2297 2166 τασχεθεὶς
2331 2090 2434 2146 ὑπὸ
2464 2089 2644 2147 ΙΙόθου
2688 2091 2784 2143 τοῦ
2811 2088 3130 2163 Ἀργυροῦ),
3177 2084 3394 2161 ἐπείπερ
3454 2084 3510 2139 αἱ
3565 2090 3671 2154 τῆς

2013 2179 2309 2256 ἡγεμονίας
2338 2178 2488 2249 ἡνίαι
2518 2177 2593 2240 είς
2619 2178 2711 2233 τὸν
2756 2173 3082 2247 Σπονδύλην
3136 2174 3450 2248 μετέπεσον,
3502 2194 3670 2229 κατα-

2014 2270 2288 2340 νενοηκὼς
2318 2272 2412 2323 τὺν
2445 2266 2727 2343 ἄνθρωπον
2759 2264 3090 2341 εύρίπιστον,
3137 2263 3405 2340 ὑπέσχεοο
3459 2260 3673 2339 μεγάλα

2014 2362 2388 2434 χρησιμεῦσαι
2417 2355 2737 2430 Ῥωμαίοις,
2769 2354 2814 2409 εί
2853 2354 3063 2425 ἀνεθείη
3112 2358 3218 2409 τῶν
3280 2351 3517 2427 δεσμῶν,
3580 2349 3674 2406 καὶ

2015 2449 2188 2502 πάντα
2210 2445 2536 2501 ἐπιτελέσειν
2595 2445 2662 2499 τά
2703 2444 2839 2499 κατά
2890 2443 3108 2499 σκοπόν·
3168 2443 3237 2498 τά
3276 2463 3336 2497 τε
3374 2441 3477 2518 γὰρ
3527 2440 3671 2514 ὁμόυ

2018 2534 2163 2613 φαλα
2212 2540 2455 2591 κακῶσαι
2486 2531 2991 2610 κατεπηγγέλλετο,
3024 2531 3115 2587 καὶ
3143 2531 3310 2587 τόπον
3347 2528 3678 2602 ἐπιδεικνὺς,

2016 2625 2063 2681 εἴ
2114 2625 2372 2703 φρούριον
2404 2623 2454 2679 ἐν
2488 2623 2633 2696 αὐτῷ
2664 2620 2932 2696 δομηθείη
2982 2621 3072 2678 καὶ
3121 2621 3273 2695 αὑτῷ
3316 2617 3677 2695 παραδοθείη,

2014 2716 2077 2772 ού
2137 2716 2328 2790 μικρὸν
2387 2712 2584 2793 δφελος
2632 2711 2841 2777 ἔσεσθαι
2898 2711 3227 2786 Ῥωμαίοις.
3293 2711 3370 2769 Οὗ
3435 2709 3530 2772 τὰς
3589 2707 3684 2785 ῥᾳι

2017 2802 2294 2880 διουργίας
2346 2804 2422 2878 μή
2456 2802 2628 2865 συνεὶς
2661 2803 2688 2858 6
2723 2799 3045 2872 Σπονδύλης
3074 2805 3183 2856 τῶν
3233 2821 3292 2856 τε
3333 2803 3538 2855 κλοιῶν
3569 2798 3673 2875 ἀφ-

253 2901 382 2965 ῆκεν
418 2894 598 2963 αὐτὸν,
630 2894 721 2948 καὶ
751 2894 811 2947 τὸ
841 2893 1096 2972 φρούριον
1131 2893 1204 2954 ὡς
1236 2892 1509 2947 ἐκέλευσεν
1542 2888 1875 2965 ἐδομήσατο,
1905 2891 1995 2947 καὶ
2021 2893 2168 2967 αύτῷ
2196 2894 2295 2962 τὴν
2328 2891 2574 2971 φυλακὴν
2607 2891 2956 2967 έπετρέψατο,
2989 2890 3208 2966 χιλίους
3261 2887 3535 2968 φρουροὺς
3586 2886 3675 2963 έγ-

257 2985 597 3054 καταστήσας
628 2982 681 3037 έν
710 2982 888 3055 τούτῳ
928 2982 1249 3057 Ῥωμαίους.
1282 2982 1337 3036 ⁹Ο
1369 2978 1426 3036 δὲ
1448 2978 1741 3059 Μουσόίραφ
1771 2982 1954 3057 τυχὼν
1989 2984 2153 3058 οὗπερ
2188 2979 2393 3059 ηὔχετο
2424 2985 2637 3058 καιροῦ,
2672 2980 2846 3057 λάθρα
2873 2985 2952 3053 τῷ
2972 2977 3288 3055 Τριπόλεως
3338 2979 3529 3053 ἀμηρᾷ
3579 2975 3674 3031 καὶ

261 3068 496 3146 Τούσϐερ
528 3076 609 3145 τῷ
639 3072 1061 3148 ἀρχιστρατήγῳ
1088 3076 1185 3127 τοῦ
1222 3070 1521 3147 Αἰγυπτίου
1552 3069 2009 3146 προσδιαλεχϐεὶς
2040 3071 2169 3128 λαὸν
2204 3072 2294 3128 ὑπ’
2323 3072 2498 3128 αὐτῶν
2532 3072 2845 3151 πεμφθέντα
2866 3067 3154 3144 δεξᾶμενος
3182 3068 3309 3131 τούς
3351 3088 3412 3123 τε
3457 3064 3680 3143 χιλίους

263 3162 472 3236 ἀναιρεῖ
499 3160 587 3216 καὶ
619 3162 679 3215 τὸ
711 3160 970 3239 φρούριον
1001 3160 1183 3223 αὐτοῖς
1217 3157 1574 3236 παραδίδωσι,
1616 3161 1715 3215 Καὶ
1749 3160 1809 3215 οὐ
1843 3159 2086 3217 διέλιπον
2110 3162 2160 3233 ἐξ
2209 3160 2413 3218 ἐκείνου
2441 3161 2491 3234 ἐξ
2547 3159 2868 3238 ὑπερδεξίων
2923 3159 3214 3238 φερόμενοι
3264 3159 3316 3214 οἱ
3368 3156 3677 3232 Σαρακηνοὶ

259 3248 586 3330 διαφθείρειν
615 3256 682 3306 τά
714 3251 765 3306 έν
800 3250 968 3327 ϊυρίᾳ
1013 3249 1311 3324 Ῥωμαίοις
1349 3252 1565 3322 ὑπήκοα
1593 3250 1684 3306 καὶ
1716 3249 2092 3325 λυμαίνεσθαι.

330 3382 631 3434 Romanus
662 3393 799 3449 ergo
829 3376 1122 3449 Sponder
1162 3375 1289 3432 loco
1321 3381 1479 3433 moto
1510 3393 1913 3435 successorem
1945 3379 1988 3446 ο

264 3467 444 3523 mittit
514 3466 967 3523 Constantinum
1042 3467 1457 3533 Carantenum,
1517 3467 1737 3523 sororis
1796 3484 1915 3523 suae

262 3557 581 3624 maritum;
634 3561 688 3611 et
736 3556 862 3627 ipse
911 3571 1044 3610 eum
1106 3555 1395 3627 sequitur,
1446 3556 1638 3627 adque
1695 3555 1914 3615 bellum

259 3645 566 3702 Saracenis
600 3644 971 3700 inferendum
1005 3658 1133 3699 sese
1162 3649 1483 3716 comparat.
1514 3644 1641 3700 Jam
1674 3646 1742 3700 ad
1778 3644 1915 3699 Phi-

260 3733 547 3790 lomilium
582 3736 923 3805 pervenerat
966 3732 1288 3798 Romanus,
1335 3748 1464 3788 cum
1510 3731 1687 3805 legati
1719 3751 1753 3788 a
1783 3735 1914 3789 Ber-

261 3822 423 3879 rhcsa
452 3825 771 3878 occurrunt
800 3837 937 3877 cum
970 3822 1335 3891 muneribus,
1366 3821 1595 3878 veniam
1629 3826 1913 3894 petentes,

263 3918 321 3967 et
352 3928 413 3967 se
446 3910 758 3984 pristinam
791 3911 1135 3967 servitutem
1186 3911 1505 3967 servituros
1554 3928 1619 3967 ac
1653 3928 1917 3967 annuum

261 4002 552 4057 tributum
577 4018 710 4057 cum
736 4002 889 4056 bona
910 4000 1103 4073 gratia
1134 4000 1534 4073 persoluturos
1566 4002 1917 4073 promitten-

264 4095 373 4145 tes.
405 4090 666 4146 Erantin
694 4091 949 4147 exercitu
969 4090 1217 4145 Romani
1246 4090 1415 4146 multi
1444 4090 1592 4147 bello
1622 4090 1763 4146 clari
1788 4090 1915 4158 viri,

264 4179 533 4251 interque
565 4179 673 4235 bos
702 4180 961 4236 Joannes
989 4179 1239 4235 Chaldas
1271 4180 1573 4251 patricius,
1602 4180 1697 4251 qui
1733 4180 1918 4252 impe-

264 4269 441 4325 ratori
488 4269 818 4324 suadebant
872 4274 936 4324 ut
985 4268 1381 4325 conditionem
1434 4270 1739 4341 acciperet,
1775 4286 1919 4326 neve

266 4361 468 4413 testate
500 4356 559 4412 in
592 4357 818 4429 Syriam
851 4358 1109 4424 duceret,
1142 4374 1260 4429 quo
1291 4363 1551 4430 tempore
1580 4359 1655 4415 iis
1684 4360 1742 4414 in
1775 4358 1918 4414 locis

266 4462 422 4516 aqua
453 4446 650 4501 deﬁcit
700 4450 757 4502 et
788 4446 1006 4502 Arabes
1053 4446 1298 4502 subsisti
1352 4452 1670 4518 nequeunt,
1703 4448 1919 4519 quippe

268 4536 420 4591 492
454 4536 675 4591 assueti
706 4552 907 4591 earum
957 4536 1262 4607 regionum
1306 4535 1557 4593 calorem
1591 4541 1918 4609 astumque

266 4629 325 4680 et
354 4625 622 4680 ardorem
656 4624 798 4680 solis
849 4624 1115 4692 tolerare,
1152 4625 1455 4693 Romanis,
1505 4630 1709 4697 utpote
1756 4627 1917 4698 gravi

266 4714 566 4766 armatura
598 4712 924 4776 utentibus,
975 4712 1429 4767 intolerabilem.
1473 4714 1584 4768 Sed
1620 4714 1918 4770 Romanus

267 4800 416 4856 nihil
447 4817 650 4856 eorum
682 4801 930 4857 consilia
978 4805 1266 4869 moratus,
1299 4801 1562 4872 priorum
1613 4802 1921 4875 imperato-

268 4905 399 4944 rum
435 4890 721 4945 memoria
751 4888 1013 4946 recolens
1033 4907 1125 4946 res
1156 4889 1425 4961 praeclare
1447 4895 1666 4963 gestas,
1686 4893 1921 4964 cupien-

268 4994 417 5048 sque
464 4978 592 5049 ipse
640 4978 817 5035 etiam
869 4979 1018 5035 forte
1073 4978 1307 5050 aliquod
1359 4980 1529 5035 edere
1579 4981 1829 5049 facinus,
1859 4981 1919 5037 in

269 5066 496 5138 Syriam
530 5066 712 5135 abiit;
744 5084 813 5124 ac
841 5072 1035 5124 castra
1074 5067 1271 5139 posuit
1300 5068 1371 5123 ad
1406 5069 1677 5125 Azazium
1710 5070 1919 5126 castel-

267 5154 415 5222 lum,
449 5154 614 5210 bidui
646 5156 853 5213 itinere
882 5174 917 5214 a
951 5156 1223 5214 Berrhcea
1253 5157 1553 5213 dissitum.
1588 5159 1805 5216 Exinde
1836 5159 1921 5216 rei

269 5245 535 5317 gerendae
568 5246 850 5315 intentus,
899 5249 1151 5305 Leonem
1181 5247 1693 5321 Chmrospbactam
1735 5251 1921 5323 patri-

268 5334 449 5402 cium,
483 5335 886 5393 excubitorum
916 5338 1145 5407 ducem,
1172 5354 1301 5393 cum
1338 5355 1446 5394 sua
1474 5339 1712 5396 cohorte
1742 5340 1923 5396 mittit

269 5423 660 5496 speculatum,
696 5444 981 5483 numnam
1027 5428 1245 5483 Arabes
1278 5430 1637 5501 accederent,
1662 5436 1720 5487 et
1742 5446 1920 5503 quor-

236 5516 243 5519 ’
273 5530 407 5569 sum
435 5515 751 5572 transferre
800 5522 992 5573 castra
1022 5516 1394 5574 conduceret.
1445 5523 1659 5575 Verum
1693 5520 1742 5575 is
1776 5520 1917 5577 insi-

270 5602 383 5659 diis
441 5604 695 5662 Arabum
754 5606 1088 5679 interjectas
1140 5606 1412 5679 planities
1462 5610 1918 5665 custodientium

271 5696 448 5767 atque
496 5693 692 5767 ipsum
744 5701 914 5771 capto
972 5701 1236 5769 tempore
1286 5696 1479 5755 subito
1527 5699 1919 5757 adorientium

2098 3376 2275 3434 Ἀλλὰ
2304 3382 2493 3433 τοῦτον
2529 3377 2623 3451 μὶν
2668 3377 2695 3432 6
2749 3375 3033 3449 Ῥωμανὸς
3079 3372 3520 3449 μεθίστησικτῆς
3576 3369 3682 3444 ἀρ-

2026 3474 2159 3544 χῆς,
2188 3464 2447 3542 διάδοχον
2474 3465 2620 3537 αύτῷ
2675 3466 2894 3540 πέμψας
2922 3464 3013 3520 τὸν
3070 3463 3151 3519 ἐπ’
3184 3460 3396 3542 ἀδελφῇ
3427 3454 3683 3537 γαμϐρὸν

2025 3558 2194 3613 αὐτοῦ
2269 3561 2670 3611 Κωνσταντῖνον
2739 3555 2832 3610 τὸν
2904 3553 3250 3627 Καραντηνὸν
3326 3548 3685 3627 ηὐτρεπίζετο

2027 3644 2085 3701 δε
2131 3645 2221 3701 καὶ
2287 3644 2449 3707 αὐτὸς
2522 3644 2750 3699 κατόπιν
2815 3642 3068 3699 ἀπελθεῖν
3138 3646 3246 3697 τῶν
3322 3642 3686 3715 Σαρακηνῶν,

2028 3738 2111 3809 [Ρ.
2145 3738 2273 3807 726]
2305 3732 2447 3806 ’Ἡδη
2484 3732 2541 3789 δὲ
2567 3734 2632 3789 τὸ
2682 3731 3016 3807 Φιλομίλιον
3063 3725 3469 3809 καταλαϐόντος
3514 3728 3687 3783 αὐτοῦ

2025 3806 2197 3894 ἦλθον
2230 3806 2482 3897 πρέσϐεις
2522 3823 2581 3879 ix
2627 3806 2888 3899 Βερῥοίας
2927 3821 3062 3896 μετά
3090 3806 3281 3895 δώλρων
3311 3818 3393 3875 δτι
3425 3815 3683 3887 πολλῶν,

2025 3912 2467 3986 παρακαλοῦντες
2516 3911 2849 3986 συμπαθείας
2895 3915 3083 3986 τυχεῖν
3134 3910 3224 3965 καὶ
3269 3910 3371 3979 τὴν
3402 3907 3530 3983 πρὶν
3556 3905 3685 3961 δου-

2028 4000 2175 4058 λείαν
2245 3999 2661 4072 έπαναδέξασθαι
2711 3999 2801 4055 καὶ
2849 3998 2976 4061 τοὺς
3018 3998 3269 4069 ἐτησίους
3318 3995 3682 4073 εὐγνωμόνως

2026 4091 2351 4167 προσφέρειν
2398 4089 2619 4164 φόρους.
2668 4087 2905 4145 Πολλῶν
2938 4086 2996 4143 δὲ
3035 4087 3287 4162 κάγαθῶν
3336 4087 3684 4162 στρατιωτῶν

2028 4180 2535 4256 συστρατευομένων
2583 4178 2730 4235 αὐτῶ
2777 4175 3237 4253 παρακαλούντων
3277 4176 3379 4245 τὴν
3431 4171 3685 4249 πρόκλη-

2028 4290 2110 4323 σιν
2159 4267 2425 4339 δέξασθαι,
2477 4269 2551 4323 ὧν
2595 4270 2671 4330 εἷς
2703 4270 2768 4336 ἦν
2817 4267 2969 4322 καὶὸ
3016 4266 3303 4342 πατρίκιος
3351 4264 3612 4332 Ἰωάννης
3657 4263 3685 4318 6

2029 4355 2272 4429 Χάλδας,
2303 4358 2394 4413 καὶ
2447 4358 2523 4431 μὴ
2574 4355 2948 4432 ἐκστρατεῦσαι
2992 4356 3131 4411 κατά
3178 4353 3377 4429 Συρίας
3408 4352 3459 4407 έν
3512 4356 3690 4427 καιρῷ

2029 4447 2241 4523 θέρους,
2281 4447 2444 4503 ὁπότε
2485 4447 2546 4502 τό
2589 4468 2649 4502 τε
2694 4444 2840 4521 ὕδωρ
2893 4445 2945 4499 ἒν
3009 4443 3145 4518 αῦτῇ
3191 4441 3435 4512 σπανίζει
3476 4441 3569 4497 καὶ
3625 4442 3689 4496 τὸ

2030 4542 2124 4613 μὲν
2176 4534 2427 4614 Ἀράϐων
2456 4534 2604 4601 ἔθνος
2657 4536 3029 4593 ἀνυπόστατόν
3082 4536 3224 4591 ἐστιν
3256 4536 3347 4589 οἳα
3389 4532 3695 4605 ένειθισμέ·

2026 4650 2113 4683 νον
2150 4627 2327 4707 φέρειν
2359 4627 2612 4703 γενναίως
2652 4627 2719 4682 τὰ
2749 4626 2995 4703 ἐγχώρια
3024 4623 3208 4696 θάλπη
3258 4624 3347 4679 καὶ
3378 4622 3508 4685 τοὺς
3549 4620 3689 4701 φλο-

1951 4755 1997 4820 D
2025 4718 2197 4795 γμοὺς
2244 4716 2333 4772 καὶ
2361 4716 2491 4782 τοὺς
2514 4716 2815 4787 καύσωνας,
2848 4718 2900 4771 οἱ
2934 4713 2992 4771 δὶ
3038 4716 3306 4788 Ῥωμαῖοι
3350 4710 3687 4768 πανοπλῖται

2192 4807 2201 4820 ,
2491 4807 2505 4820 .
2603 4804 2622 4820 ς
2762 4808 2825 4820 Α..
2918 4801 2942 4820 ,ι
3247 4804 3260 4820 ι
3396 4804 3410 4820 ς
3528 4801 3553 4820 η

2026 4807 2393 4882 τυγχάνοντες
2443 4807 2511 4862 οὐ
2569 4804 2867 4877 τληπαθῶς
2917 4801 3106 4881 ἔχουσι
3164 4804 3303 4877 πρὸς
3349 4804 3451 4872 τὴν
3514 4801 3685 4873 ὥραν,

2037 4892 2271 4968 μηδενὸς
2323 4894 2654 4974 ἑπιστροφὴν
2714 4898 3106 4969 ποιησάμενος,
3165 4889 3291 4948 ἀλλ’
3346 4891 3397 4965 ἐξ
3441 4890 3690 4965 ύπογύου

2027 4983 2094 5039 τὰ
2120 4989 2228 5039 τῶν
2270 4983 2377 5058 πρὸ
2431 4984 2624 5039 ἑαυτοῦ
2684 4982 2954 5060 βασιλέων
2999 4978 3144 5058 ἔχων
3201 4978 3684 5055 ἀνδραγαθήματα.

2027 5072 2119 5127 καὶ
2163 5071 2406 5128 σπεύδων
2471 5073 2561 5128 καὶ
2624 5072 2785 5136 αὐτὸς
2859 5069 3074 5148 ἀνδρῶά
3126 5091 3249 5125 τινα
3299 5064 3688 5141 ἐπιδείξασθαι,

2030 5160 2237 5218 ἄπεισιν
2288 5162 2340 5219 έν
2402 5163 2592 5239 Συρίᾳ.
2650 5161 2751 5221 Καὶ
2800 5157 3216 5239 στρατοπεδείαν
3274 5160 3587 5233 πηξᾶμενος
3634 5156 3690 5212 εν

2027 5272 2133 5306 τινι
2183 5250 2425 5328 φρουρίῳ
2471 5249 2566 5308 δύο
2633 5254 2859 5329 ἡμερῶν
2928 5247 3052 5306 ὁδὸν
3102 5248 3362 5326 Βεῤῥοίας
3420 5248 3691 5322 ἀπέχοντι

2030 5339 2297 5413 (Ἀζέἱζιον
2332 5336 2509 5415 ὄνομα
2535 5346 2615 5415 τῷ
2646 5339 2915 5420 φρουρίῳ)
2964 5338 3177 5394 ἐσκόπει
3216 5338 3278 5394 τὸ
3332 5335 3563 5412 μέλλον.
3600 5338 3688 5393 Ἐν

2030 5430 2075 5502 ᾧ
2125 5430 2606 5504 κατεπηνωμὲνος
2651 5432 2741 5486 τὸν
2809 5434 2911 5486 τῶ.
2952 5423 3274 5500 έξκουϐίτων
3307 5424 3549 5503 ἄρχοντα
3595 5424 3689 5480 τὸν

2029 5518 2311 5593 πατρίκιον
2372 5521 2573 5576 Λέοντα
2624 5521 2715 5576 τὸν
2786 5519 3199 5597 Χοιροσφᾶκτην
3271 5517 3405 5590 μετά
3450 5519 3548 5569 τοῦ
3599 5514 3683 5568 οἷ-

2028 5607 2176 5663 κείου
2212 5605 2490 5684 τάγματος
2549 5608 2637 5665 ἐπὶ
2696 5629 3013 5682 κατασκοπῃ
3064 5604 3303 5677 στέλλει,
3359 5604 3413 5661 εἴ
3434 5604 3578 5666 τινές
3623 5623 3685 5659 τε

2031 5696 2231 5754 ἐπίοιεν
2289 5700 2687 5775 κατοψόμενον.
2716 5693 3094 5775 ’Ἄρπϐεῆκαὶ
3144 5694 3247 5768 ὅαη
3297 5690 3682 5766 δὴλλυόὶιτελὶς
