3968 6140
277 368 386 428 225

1440 363 1983 426 HISTORIARUM
2030 365 2573 428 COMPENDlUM.

3562 364 3681 428 226

268 471 575 572 ¹μεταθεῖναι
632 497 735 567 τὴν
793 478 1436 570 στρατοπεδείαν.Ἀλλὰ
1489 500 1683 551 τοῦτον
1734 496 1785 549 οἱ
1839 476 1921 550 Ev-

2042 498 2419 571 interceptus,
2452 500 2778 571 cohorsque
2808 501 2935 570 ejus
2963 500 3264 572 'dissipata
3294 504 3403 556 est.
3437 500 3584 566 Quin
3616 516 3684 556 eo

273 586 572 665 εδρεύοντες
602 587 693 642 καὶ
744 586 812 641 τά
867 584 919 640 ἐν
976 590 1055 657 τῷ
1108 583 1304 659 μεταξὺ
1344 583 1503 640 πεδία
1563 584 1923 661 φυλάσσοντες

270 672 496 751 ’Ἄραϐες
546 670 1080 752 καιροσκοπήσαντες
1136 675 1226 729 καὶ
1285 672 1558 753 αἰφνίδιον
1617 673 1926 747 ἐπιθέμενοι

269 764 551 842 κατὲσχον,
580 766 670 820 τὸν
728 762 787 819 δὲ
843 764 957 838 μετ’
991 764 1155 819 αὑτοῦ
1215 763 1347 820 λαὸν
1412 761 1775 819 διεσκέδασαν.
1837 764 1928 826 Ἐς

271 860 520 910 τοσοῦτον
554 852 611 909 δὲ
636 852 920 931 προῆλθον
954 853 1171 927 τόλμης
1203 854 1293 908 καὶ
1344 851 1614 915 ἀναιδείας
1673 853 1748 917 ὡς
1795 854 1925 931 ἀνατ

275 941 467 1023 φανδὸν
530 925 841 999 ἐπικόπτειν
902 925 1195 1016 Ῥωμαίοις
1250 944 1352 1011 τὴν
1412 942 1781 1019 γορτολογίαν
1834 925 1924 995 καὶ

274 1036 367 1103 τήν
392 1038 499 1090 τῶν
534 1030 720 1089 ἄλλων
753 1032 1061 1107 ἀναγκαίων
1095 1031 1395 1108 συλλογήν.
1435 1029 1605 1086 Πλέον
1656 1028 1702 1085 δ’
1730 1029 1925 1091 αὐτοὺς

274 1123 490 1178 ἐκάκουν
538 1121 589 1177 ἐν
649 1126 765 1183 τοῖς
822 1119 1000 1175 ὕδασι·
1034 1120 1351 1194 πιεζόμενοι
1409 1122 1511 1197 γὰρ
1555 1120 1609 1174 oi
1657 1120 1926 1192 Ῥωμαῖοι

272 1211 357 1267 καὶ
390 1213 441 1267 oi
466 1210 672 1267 τούτων
697 1209 861 1266 ’ἱπποι
915 1212 1002 1265 καὶ
1053 1210 1119 1265 τὰ
1165 1210 1452 1283 ὑποζύγια,
1493 1210 1597 1264 ὑπὸ
1656 1215 1755 1277 τῆς
1812 1207 1933 1262 ἀνά·

270 1324 399 1379 γκης
430 1307 524 1357 τοῦ
578 1299 768 1375 δίψους
801 1300 878 1362 εἷς
910 1307 1162 1377 προφανῆ
1228 1297 1451 1361 ἑαυτοὺς
1502 1297 1777 1360 συνώθουν
1836 1296 1927 1349 τὸν

270 1390 535 1461 κίνδυνον,
595 1391 686 1446 καὶ
756 1391 808 1445 οἱ
870 1389 1225 1463 ἁλισκόμενοι
1282 1386 1742 1463 προσαπώλοντο.
1801 1385 1931 1439 Τότε

271 1479 453 1550 δήκαὶ
498 1485 905 1542 Κωνσταντῖνος
952 1478 1235 1555 πατρίκιος
1268 1479 1295 1533 ὁ
1328 1477 1679 1546 Δαλασσηνὸς
1728 1474 1928 1547 ἐκπεμ-

271 1571 419 1646 φθεὶς
489 1569 756 1644 ἀνακόψαι
824 1568 950 1630 τοὺς
1031 1563 1457 1641 ἐπεμϐαίνοντας
1515 1560 1754 1639 ’Ἄραϐας
1836 1563 1926 1617 καὶ

269 1655 515 1737 ἀνδρικόν
548 1680 600 1714 τι
649 1659 741 1714 καὶ
800 1664 1049 1733 γενναῖον
1108 1655 1518 1731 διαπράξασθαι,
1567 1654 1657 1710 καὶ
1703 1652 1921 1714 τούτοις

270 1747 609 1823 συμπλακεὶς
640 1748 729 1804 καὶ
784 1748 1043 1821 ἀκόσμως
1100 1747 1307 1825 φυγὼν,
1373 1744 1621 1821 μεγάλης
1674 1745 1923 1818 ταραχῆς

268 1841 352 1895 καὶ
387 1837 707 1915 συγχύσεως
737 1838 805 1893 τὰ
832 1836 1117 1911 Ῥωμαίων
1150 1835 1413 1907 ἐνέπλησε
1461 1834 1551 1890 καὶ
1607 1834 1697 1889 τὸν
1768 1834 1925 1907 βασι·
1957 1876 2003 1941 Β

273 1928 289 1941 ς
325 1930 334 1941 ι
474 1928 487 1941 ε
546 1928 558 1941 ι
665 1928 679 1941 1
825 1927 844 1941 κ
875 1939 884 1941 -
915 1927 926 1941 1
1168 1928 1180 1941 \
1324 1927 1336 1941 ἱ
1412 1930 1439 1941 ~
1552 1927 1575 1941 Α
1686 1918 1715 1941 ρ
1822 1923 1830 1939 1

273 1928 369 1985 λέα
428 1928 612 1985 αὐτόν·
662 1927 1057 1992 ἐπανελθόντος
1118 1928 1222 2003 γὰρ
1276 1927 1443 1981 αὐτοῦ
1488 1918 1926 1999 τεθορυϐημένου

271 2020 356 2075 καὶ
385 2018 449 2073 τὸ
480 2014 842 2094 στρατόπεδον
892 2017 1029 2071 ἅπαν
1076 2022 1329 2091 ταραχῆς
1379 2014 1788 2091 ἐμφορήσαντος
1837 2011 1927 2067 καὶ

272 2108 560 2180 ἀκοσμίας,
594 2104 772 2161 οὐκέτι
803 2110 900 2161 rei}
935 2103 1135 2161 λοιποῦ
1169 2105 1355 2179 μάχης
1395 2104 1557 2177 λόγος
1610 2101 1924 2177 ἐτύγχανεν,

273 2193 670 2263 ἀλλ’ἕκαστος,
704 2194 778 2257 ὥς
830 2216 907 2266 πη
963 2193 1185 2249 δυνατὸν
1240 2195 1330 2263 ἦν,
1362 2194 1459 2262 τὴν
1505 2192 1696 2247 ἐαυτοῦ
1754 2213 1928 2260 σωτη-

270 2286 381 2360 ρίαν
431 2285 894 2362 ἐπραγματεύετο.
931 2283 1148 2351 Βουλῆς
1200 2281 1290 2338 οὑν
1341 2282 1696 2356 προτεθείσης
1752 2276 1925 2350 ἔδοξεν

268 2374 431 2440 ἕωθεν
497 2372 853 2435 διαλύσαντας
908 2375 1009 2443 τήν
1064 2372 1267 2451 τάφρον
1344 2368 1779 2446 ἐπαναζευγνύειν
1852 2368 1929 2431 εἷς

270 2464 628 2539 Ἀντιόχειαν.
658 2463 756 2518 Καὶ
805 2460 873 2532 δὴ
920 2463 1057 2518 κατά
1114 2464 1212 2533 την
1275 2459 1503 2531 δεκάτην
1562 2464 1658 2514 τοῦ
1715 2457 1927 2533 Αὐγούο

270 2575 394 2609 στου
452 2553 653 2628 μηνὸς,
688 2550 1027 2614 ίνδικτιῶνος
1092 2558 1178 2626 ιγ’,
1211 2546 1365 2612 ἔτους
1427 2549 1626 2624 ,ςφληλ
1676 2547 1813 2602 κατά
1861 2548 1928 2601 τὰ

277 2638 684 2720 βεϐουλευμένα
712 2640 807 2703 τὰς
856 2648 956 2711 τῆς
1009 2637 1424 2717 στρατοπεδείας
1471 2637 1771 2707 ἀνοίξαντες
1827 2635 1928 2691 πύ-

278 2732 373 2795 λας
406 2734 700 2807 ἁπανταχῆ
732 2738 832 2800 τῆς
862 2730 943 2785 ἐπ’
977 2730 1318 2805 Ἀντιόχειαν
1354 2726 1593 2803 εἷ’χοντο,
1628 2728 1679 2781 oi
1710 2725 1929 2788 πλείους

280 2822 369 2895 μὶν
421 2818 696 2892 κοιλιακῷ
761 2822 1214 2896 κατειργασμένοι
1259 2820 1552 2890 νοσήματι,
1594 2818 1646 2870 οἱ
1703 2814 1926 2877 πλείους

278 2909 448 2965 δὲκαὶ
485 2910 591 2965 ὑπὸ
620 2916 718 2978 τῆς
758 2909 995 2983 ἀνάγκης
1045 2913 1141 2963 τοῦ
1200 2905 1389 2981 δίψους
1445 2906 1920 2981 κατειργασμένοι.

278 3002 375 3063 Οἷς
408 2997 687 3071 ἐξελθοῦσι
716 3005 817 3067 τῆς
847 2993 1208 3074 παρεμϐολῆς
1256 2997 1392 3070 μετά
1449 2995 1626 3072 ῥύμης
1678 2996 1729 3049 οἱ
1760 2998 1929 3069 ’Δρα-

277 3085 363 3153 ϐες
389 3088 741 3145 ἐπιτίθενται.
777 3090 864 3161 [Ρ.
896 3089 1025 3161 727]
1055 3091 1168 3141 Τῶν
1198 3084 1255 3141 δὲ
1304 3082 1431 3159 μηδ’
1464 3084 1611 3147 ὅλως
1665 3084 1929 3139 ὑποστάν-

277 3199 381 3235 των
439 3178 545 3247 τήν
605 3174 1010 3251 ὁρμὴνγίνεται
1040 3177 1217 3247 τροπὴ
1261 3170 1694 3252 φρικωδεστάτη,
1726 3172 1815 3227 καὶ
1877 3173 1929 3228 oi

2036 589 2212 645 etiam
2264 589 2521 644 audacia:
2581 593 2755 660 atque
2810 589 3141 659 petulantia:
3202 589 3494 662 progressi
3543 594 3684 645 sunt

2036 678 2356 747 Arabes,ut
2388 676 2577 749 palam
2603 676 3081 748 pabulationibus
3099 679 3388 734 Romanos
3418 682 3685 734 arcerent

2037 767 2403 839 aliarumque
2442 783 2636 823 rerum
2688 769 3151 824 necessariarum
3185 768 3681 840 comportatione;

2037 872 2104 911 ac
2137 857 2390 911 maxime
2419 872 2517 911 eos
2567 861 2847 929 aquatum
2888 858 3254 928 egredientes
3303 857 3680 913 infestabant.

2037 944 2179 1000 Nam
2212 944 2309 1000 siti
2344 945 2529 1001 vexati
2561 945 2806 1001 Romani
2838 951 2896 1001 et
2926 946 3058 1018 equi
3093 962 3290 1002 eorum
3320 963 3386 1002 ac
3409 946 3684 1017 jumenta

2037 1050 2201 1106 aquae
2236 1035 2504 1106 paranda:
2536 1050 2715 1089 causa
2736 1051 2797 1090 se
2829 1035 2887 1089 in
2921 1040 3189 1106 apertum
3213 1036 3433 1091 dabant
3462 1037 3685 1108 perieu-

2037 1123 2181 1193 lum,
2215 1124 2684 1196 deprehensique
2714 1124 3236 1180 interﬁciebantur.
3270 1110 3393 1190 Quo
3423 1132 3685 1197 tempore

2036 1214 2211 1268 etiam
2262 1213 2684 1269 Constantinus
2728 1214 3011 1285 patricius
3058 1213 3413 1269 Dalassenus
3464 1214 3684 1270 missus

2036 1303 2107 1357 ad
2144 1303 2581 1374 reprimendum
2606 1302 2944 1373 ingruentes
2968 1303 3185 1358 Arabes
3208 1320 3275 1357 ac
3306 1303 3530 1359 fortiter
3558 1320 3681 1359 rem

2036 1390 2706 1463 gerendam,eommissa
2724 1407 2921 1463 pugna
2943 1392 3192 1463 turpiter
3209 1392 3438 1464 fugiens
3468 1396 3682 1447 etcum

2034 1480 2423 1550 trepidatione
2455 1480 2511 1534 in
2545 1484 2736 1535 castra
2769 1495 3062 1549 reversus,
3096 1484 3323 1535 tantum
3356 1479 3681 1535 tumultum

2036 1570 2188 1624 493
2221 1586 2285 1624 ac
2307 1569 2707 1624 confusionem
2731 1568 3020 1635 excitavit,
3048 1569 3247 1638 utjam
3282 1569 3444 1624 nulla
3471 1584 3681 1642 pugnae

2037 1658 2254 1714 mentio
2286 1660 2469 1725 ﬁeret,
2503 1659 2602 1713 sed
2636 1658 2827 1728 quivis
2860 1658 2930 1712 de
2961 1656 3150 1713 salute
3182 1658 3293 1713 sibi
3327 1672 3680 1731 quocunque

2036 1748 2208 1803 modo
2242 1748 2502 1820 paranda
2532 1747 2833 1818 cogitaret.
2869 1746 2938 1801 Et
2968 1746 3213 1802 concilio
3245 1748 3525 1803 advocato
3552 1746 3681 1820 pla-

2035 1838 2157 1893 cuit
2214 1836 2495 1908 postridie
2549 1843 2740 1892 castra
2798 1852 3026 1891 movere
3094 1840 3269 1907 atque
3318 1836 3682 1893 Antiochiam

2037 1926 2214 1982 abire.
2248 1926 2394 1998 Ergo
2428 1924 2656 1980 decima
2690 1924 2780 1980 die
2802 1925 3072 1996 Augusti,
3104 1924 3423 1981 indictione
3454 1926 3683 1983 decima

2036 2015 2232 2079 tertia,
2266 2030 2418 2069 anno
2468 2014 2673 2069 mundi
2722 2014 2882 2082 6538,
2916 2014 3089 2069 sicuti
3143 2014 3330 2070 fuerat
3360 2015 3682 2083 decretum,

2037 2104 2313 2161 omnibus
2373 2103 2557 2173 portis
2614 2105 2939 2157 castrorum
3002 2104 3220 2174 apertis
3270 2104 3516 2159 Romani
3576 2104 3685 2160 iter

2035 2192 2402 2248 Antiochiam
2434 2208 2641 2247 versus
2683 2190 3117 2262 ingrediuntur,
3153 2192 3415 2265 plerique
3448 2192 3683 2248 cmliaco

2036 2282 2240 2338 morbo
2272 2281 2481 2349 vexati,
2508 2279 2822 2351 pluresque
2845 2280 2939 2335 siti
2964 2282 3230 2336 confecti.
3257 2282 3320 2337 In
3354 2300 3451 2337 eos
3475 2282 3686 2339 castris

2038 2388 2305 2444 egressos
2360 2370 2580 2425 Arabes
2630 2370 2911 2441 impetum
2969 2370 3234 2437 faciunt;
3291 2388 3464 2443 quem
3516 2387 3685 2427 nemo

2038 2459 2345 2525 sustinuit,
2368 2459 2468 2513 sed
2505 2458 2701 2529 fugam
2734 2459 2918 2512 facere
2942 2457 3525 2530 periculosissimam,
3551 2460 3684 2516 aliis

2038 2550 2243 2621 captis,
2278 2549 2407 2603 aliis
2426 2564 2459 2602 a
2481 2564 2542 2602 se
2574 2547 2818 2601 invicem
2846 2546 3075 2602 obtritis
3107 2553 3284 2619 atque
3305 2550 3683 2605 conculcatis.

2036 2639 2257 2693 Accidit
2286 2636 2366 2693 ibi
2398 2637 2699 2707 quippiam
2735 2652 2849 2691 non
2882 2637 3190 2707 indignum
3228 2636 3431 2692 relatu.
3459 2639 3685 2697 Elenim

2038 2729 2311 2793 ducibus,
2345 2728 2443 2799 qui
2478 2726 2843 2780 fortitudinis
2888 2726 3042 2780 fama
3075 2743 3355 2799 magnum
3390 2728 3688 2786 habebant

2040 2834 2274 2885 nomen,
2323 2815 2727 2886 militibusque
2774 2815 3092 2870 subsistere
3140 2833 3253 2871 non
3304 2818 3685 2888 audentibus,

2039 2908 2139 2961 sed
2174 2905 2423 2977 turpiter
2470 2904 2938 2977 diffugientibus,
2970 2906 3279 2960 eunuchus
3329 2907 3568 2977 quidam
3617 2909 3688 2964 de

2040 2994 2193 3067 regis
2253 2993 2508 3049 cubiculi
2568 2993 2851 3048 ministris
2907 2993 3325 3065 impedimenta
3372 3012 3715 3069 servosque»

2042 3101 2181 3140 suos
2211 3082 2387 3154 diripi
2419 3082 2645 3151 videns,
2694 3081 2871 3154 idque
2903 3098 3018 3137 non
3071 3083 3260 3139 ferens
3294 3084 3685 3156 mediocriter,

2041 3190 2190 3245 equo
2221 3172 2329 3227 hac
2363 3172 2492 3226 illae
2543 3171 2895 3227 circumacto
2946 3188 3158 3243 magno
3207 3190 3340 3228 eum
3372 3174 3593 3246 impetu
3627 3175 3687 3231 in

278 3270 369 3342 μὶν
402 3270 493 3325 ὑπ’
526 3246 795 3340 ἄλλη-λων
820 3246 831 3251 1
856 3246 1152 3323 ἐπατοῦντο
1202 3246 1312 3321 καί-
1344 3262 1737 3342 διεφθείροντο,
1769 3264 1821 3317 oi
1871 3261 1923 3319 δὲ

2043 3263 2241 3318 hostes
2299 3262 2504 3324 fertur,
2563 3276 2884 3331 arcumque
2938 3261 3185 3316 tendens
3244 3279 3428 3317 unum
3484 3279 3687 3319 eorum

277 3359 505 3434 ζωγρίαι
553 3357 867 3423 ἡλίσκοντο.
909 3358 1077 3421 Ἔνθα
1121 3378 1173 3411 τι
1217 3355 1307 3410 καὶ
1356 3348 1551 3424 συνέϐη
1602 3352 1791 3429 χάριεν
1839 3374 1930 3429 γε·

273 3448 486 3503 νέσθαι·
532 3452 642 3503 τῶν
699 3448 803 3523 γὰρ
856 3450 1196 3522 στρατηγῶν,
1257 3447 1340 3506 οἷς
1400 3442 1481 3498 ἐπ’
1538 3440 1731 3518 ἀνδρίᾳ
1793 3444 1933 3518 μέγα

276 3532 451 3609 ὄνομα
509 3536 600 3604 ἦν,
628 3534 717 3589 καὶ
776 3537 883 3588 τῶν
936 3535 1282 3606 στρατιωτῶν
1349 3527 1584 3604 μηδενὸς
1630 3529 1932 3599 ὑποστῆναι

275 3625 614 3699 τολμώντων
645 3623 738 3678 τὸν
764 3620 1035 3693 κίνδυνον,
1070 3620 1197 3676 ἀλλ’
1224 3620 1460 3694 ἀγεννῶς
1504 3615 1934 3693 ἀποδιδρασκόν-

276 3736 407 3785 των,
439 3711 707 3787 εὖνοῦχός
737 3733 819 3774 τις
849 3715 955 3767 τῶν
1007 3707 1304 3786 βασιλικῶν
1365 3707 1781 3781 θαλαμηπόλων
1834 3709 1934 3778 τὴν

2042 3352 2260 3424 dejicit,
2297 3350 2552 3423 reliquos
2584 3350 2641 3405 in
2686 3350 2908 3422 fugam,
2942 3350 3137 3417 vertit,
3170 3352 3534 3424 receptisque
3563 3354 3686 3409 suis

2043 3442 2218 3498 rebus
2249 3442 2415 3495 laetus
2450 3439 2772 3495 revertitur.
2806 3439 3126 3511 Imperator
3156 3457 3307 3513 aegre
3338 3442 3688 3499 Antiochum

2042 3532 2338 3603 pervenit;
2390 3529 2717 3600 fuissetque
2761 3528 2831 3583 ab
2865 3528 3029 3584 hoste
3079 3536 3308 3602 captus,
3359 3531 3470 3586 nisi
3503 3532 3690 3604 impe-

2044 3620 2244 3677 ratorii
2277 3618 2506 3675 sodales
2537 3622 2775 3673 strenue
2797 3620 3114 3689 pugnando
3137 3637 3199 3675 se
3229 3619 3544 3693 ipsumque
3576 3621 3691 3677 eri-

2046 3710 2327 3782 puissent.

281 3804 474 3858 ἑαυτοῦ
536 3800 838 3879 φερομένην
901 3797 1030 3854 ἰδὼν
1083 3798 1387 3866 ἀποσκευὴν
1436 3797 1523 3851 καὶ
1568 3795 1693 3858 τοὺς
1746 3798 2037 3870 ὑπηρέτας,
2068 3797 2156 3853 καὶ
2210 3796 2285 3867 μή
2334 3792 2563 3869 ἐνεγκὼν
2609 3790 2839 3867 μετρίως
2888 3793 2949 3848 τὸ
3000 3792 3191 3862 πάθος,
3223 3797 3313 3850 τὸν
3358 3794 3527 3852 ’ίππον
3560 3796 3692 3872 τῇδὲ

283 3891 502 3947 κάκεῖσε
561 3888 885 3967 συνταράξας
947 3886 1119 3944 ἔπεισι
1185 3887 1321 3961 μετά
1378 3882 1612 3963 σφοδρᾶς
1675 3886 1852 3961 ὁρμῆς
1910 3888 2046 3943 κατά
2098 3890 2204 3941 τῶν
2273 3886 2620 3956 Σαρακηνῶν,
2652 3882 2740 3936 καὶ
2772 3882 2924 3952 τόξον
2956 3882 3186 3946 ἐντείνας
3221 3883 3413 3960 βάλλει
3449 3889 3543 3959 μὲν
3572 3885 3689 3960 ἕνα,

277 3981 461 4055 τρέπει
521 3976 578 4034 δὲ
631 3977 760 4041 τοὺς
819 3975 1048 4046 ἄλλους,
1081 3976 1169 4031 καὶ
1218 3976 1286 4030 τά
1343 3975 1535 4029 ἑαυτοῦ
1593 3971 1730 4028 ἐλὼν
1796 3973 2089 4052 ὑπέστρεψε
2144 3974 2413 4049 γεγηθώς.
2446 3973 2505 4028 Ὁ
2564 3969 2621 4025 δὲ
2676 3971 2930 4046 βασιλεὺς
2968 3971 3128 4047 ἐγγυς
3157 3971 3328 4029 ἐλθὼν
3360 3980 3455 4030 τοῦ
3485 3976 3691 4034 ἆλῶναι

275 4070 637 4146 περισώζεται
667 4066 743 4130 εἷς
776 4065 1139 4142 Ἀντιόχειαν,
1166 4064 1417 4138 ἐκθύμως
1450 4064 1868 4139 ἀγωνισαμένων
1897 4066 2004 4120 τῶν
2042 4062 2339 4142 βασιλικῶν
2368 4060 2594 4136 ἐπαίρων
2627 4060 2716 4114 καὶ
2748 4057 3122 4116 διασωσάντων
3156 4062 3377 4126 ἑαυτούς
3406 4086 3464 4119 τε
3489 4066 3689 4123 καὶτὸν

312 4157 531 4216 ασιλέα.

312 4159 531 4216 ασιλέα.

276 4159 307 4233 β
337 4248 473 4302 Τότε
503 4244 573 4315 δὴ
598 4251 746 4318 Γεωρ
792 4244 873 4300 ίου
910 4249 1008 4299 τοῦ
1040 4241 1287 4313 Μανιάκη
1319 4246 1416 4297 τοῦ
1444 4242 1680 4315 Οὲματος
1732 4263 1928 4319 στρατ-

272 4334 545 4411 ηγοῦντος
585 4332 828 4409 Τελοὺχ,
862 4328 1098 4410 ’Ἄραϐες
1162 4330 1476 4387 ὀκτακόσιοι
1538 4332 1673 4404 μετά
1719 4330 1930 4406 γαύρου

270 4407 364 4479 τοῦ
394 4407 1231 4502 φρονήμτοςγὺποστρέψαντες
1262 4420 1368 4474 ἀπὸ
1422 4426 1521 4490 τῆς
1570 4423 1782 4494 τροπῆς
1838 4419 1929 4475 καὶ
1962 4407 2007 4472 D

273 4514 406 4588 πρὸς
437 4512 605 4568 αὑτὸν
631 4510 1062 4589 παραγενόμενοι
1112 4507 1270 4564 ε’ίκειν
1323 4509 1425 4577 τήν
1485 4507 1755 4583 ταχίστην
1825 4507 1934 4563 ἐκέ-

274 4602 435 4658 λευον
474 4601 569 4657 καὶ
613 4602 713 4670 τὴν
766 4598 929 4655 πόλιν
982 4600 1301 4655 καταλιπεῖν
1359 4602 1455 4652 τοῦ
1518 4595 1786 4673 βασιλέως
1844 4599 1932 4653 ἐα-

273 4690 520 4754 λωκότος
579 4690 670 4745 καὶ
727 4690 928 4752 παντὸς
991 4694 1089 4745 τοῦ
1146 4690 1458 4762 Ῥωμαϊκοῦ
1532 4687 1930 4763 στρατεύματος

271 4778 440 4855 ἄρδην
474 4776 859 4848 ἀπολωλότος,
892 4779 983 4833 καὶ
1019 4780 1095 4853 μὴ
1143 4776 1327 4832 ἑαυτὸν
1378 4781 1647 4854 προφανεῖ
1703 4773 1931 4849 κινδύνῳ

270 4867 647 4925 ἐκδεδωκέναιο
683 4870 895 4943 ἡμέρας
924 4868 1025 4944 γὰρ
1076 4864 1495 4940 διαλαμπούσης
1549 4864 1784 4942 οἰκτρῶς
1841 4865 1930 4919 αὖ·

269 4960 358 5023 τός
389 4980 450 5015 τε
487 4958 579 5015 καὶ
627 4959 679 5013 οἱ
729 4957 819 5012 σὺν
884 4956 1029 5029 αὐτῷ
1080 4954 1413 5011 ἀπολοῦνται
1472 4952 1931 5030 περιστοιχισθέν-

262 5070 377 5112 τες.
409 5050 473 5107 Ὀ
509 5045 567 5103 δὲ
600 5045 852 5123 δέχεσθαι
899 5046 1043 5121 τάχα
1088 5047 1189 5115 τὴν
1244 5043 1584 5119 παραίνεσινΔ
1617 5040 1774 5114 δόξας
1835 5044 1926 5098 καὶ

268 5140 519 5210 ποιήσειν
574 5138 638 5192 τὸ
693 5136 1054 5209 κελευόμενον
1118 5135 1495 5202 ὑποπτευθεὶς,
1547 5132 1669 5187 σῖτά
1719 5154 1779 5187 τε
1836 5133 1922 5188 καὶ

271 5228 412 5282 ποτὰ
476 5225 693 5289 τούτοις
755 5224 1131 5299 ἀποχρώντως
1216 5222 1497 5295 ἐκπέμψας
1579 5218 1922 5276 διαναπαύειν

271 5314 518 5371 ἐκέλευεν
553 5314 798 5383 ἑαυτοὺς,
842 5314 915 5375 ὡς
949 5313 1045 5385 ἅμ’
1074 5310 1255 5387 ἡμέρᾳ
1296 5309 1454 5372 αὐτὸς
1509 5312 1601 5383 μὲν
1659 5309 1751 5364 σὺν
1809 5314 1926 5373 τοῖς

271 5403 521 5467 συνῷσιν
580 5402 729 5476 αύτῷ
807 5400 1277 5477 ἀπαλλαγήσεται,
1338 5399 1533 5462 αὐτοὺς
1594 5397 1651 5454 δὲ
1705 5398 1928 5476 κυρίους

260 5486 600 5567 ’καταστήσει
628 5500 728 5565 τῆς
760 5492 980 5555 πόλεως
1010 5489 1228 5567 Ἰ¹ελοὺχ
1260 5492 1367 5565 (82)
1408 5488 1497 5544 καὶ
1545 5490 1758 5545 πάντων
1818 5492 1924 5553 τῶν

2110 4244 2264 4299 494
2293 4242 2407 4297 Sub
2437 4240 2495 4296 id
2528 4244 2761 4312 tempus
2806 4240 3109 4312 provinciae
3141 4242 3411 4299 Telucbze
3447 4249 3694 4317 praeerat

2042 4332 2325 4404 Georgius
2381 4330 2693 4385 Maniaces.
2754 4330 2839 4384 Ad
2901 4346 3035 4386 eum
3093 4333 3313 4389 Arabes
3370 4334 3693 4406 octingenti

2042 4422 2259 4493 fugatis
2293 4420 2563 4475 Romanis
2604 4422 2959 4474 revertentes
3011 4429 3405 4493 accesserunt,
3439 4426 3691 4495 superbe

2042 4510 2423 4576 ferocientes;
2478 4508 2906 4579 jusseruntque
2960 4525 3117 4579 eum,
3180 4513 3415 4582 quando
3480 4518 3689 4583 captus

2041 4599 2361 4671 imperator
2391 4602 2447 4653 et
2473 4596 2675 4652 deleta:
2700 4597 3096 4653 Romanorum
3116 4598 3238 4668 jam
3269 4605 3465 4656 essent
3486 4601 3687 4672 copiae,

2040 4688 2241 4743 statim
2275 4687 2418 4742 urbe
2449 4684 2610 4740 abire
2642 4701 2829 4757 neque
2863 4703 2924 4741 se
2961 4687 3015 4741 in
3053 4688 3449 4744 certissimum
3479 4689 3685 4746 discri-

2041 4793 2173 4832 men
2204 4777 2342 4831 dare
2377 4792 2389 4831 :
2425 4774 2637 4845 alioqui
2689 4790 2823 4829 eum
2857 4774 3046 4846 prima
3074 4774 3203 4831 luce
3252 4777 3685 4837 circumdatum

2038 4882 2171 4921 cum
2205 4866 2329 4921 suis
2352 4865 2563 4920 misere
2589 4863 2842 4919 occisum
2860 4864 2949 4918 iri.
2970 4865 3251 4936 Georgius
3282 4866 3687 4939 obtemperare

2038 4971 2099 5011 se
2128 4955 2213 5009 eis
2245 4952 2553 5021 simulans,
2587 4956 2651 5007 ut
2681 4953 3014 5025 opinionem
3047 4970 3175 5008 eam
3208 4955 3265 5009 in
3298 4955 3684 5014 barbarorum

2037 5044 2255 5100 animis
2296 5043 2692 5110 confirmaret,
2737 5042 2851 5097 cibi
2902 5047 3193 5115 potusque
3242 5045 3471 5101 abunde
3501 5046 3585 5103 eis
3616 5063 3687 5105 ex

2038 5133 2182 5189 urbe
2214 5132 2398 5200 misit,
2432 5131 2628 5203 quiete
2658 5148 2721 5187 se
2751 5148 2849 5187 eos
2872 5133 3093 5203 jubens
3127 5134 3379 5203 reficere,
3412 5140 3469 5191 et
3498 5136 3686 5209 signi-

2039 5223 2221 5278 ﬁcans
2277 5237 2447 5276 mane
2496 5236 2559 5275 se
2612 5236 2745 5275 cum
2792 5221 2916 5276 suis
2966 5221 3390 5295 discessurum,
3422 5225 3687 5298 ipsisque

2037 5312 2242 5367 urbem
2273 5309 2590 5365 Teluebam
2624 5316 2678 5364 et
2709 5309 2908 5365 omnia
2956 5310 3349 5369 Romanorum
3382 5314 3535 5370 bona
3562 5320 3687 5372 tra-

2037 5402 2322 5456 diturum.
2359 5400 2451 5455 Eis
2481 5399 2673 5454 verbis
2728 5417 2792 5456 ac
2843 5402 2989 5457 facto
3020 5404 3233 5460 Arabes
3262 5406 3487 5479 decepti
3519 5412 3688 5479 pota-

2036 5490 2182 5546 tioni
2234 5506 2296 5546 se
2344 5492 2396 5544 et
2457 5488 2726 5546 ebrietati
2783 5491 3091 5565 dederunt,
3152 5500 3503 5570 noctemque
3556 5513 3686 5557 eam

1475 5608 1561 5665 xv
1576 5608 1839 5664 LANDRI
1881 5607 1969 5666 ET
2010 5606 2227 5679 coam
2264 5606 2498 5663 NOT/E.

342 5714 457 5791 (82)
492 5713 668 5792 Regio
699 5717 756 5773 et
785 5712 928 5772 urbs
960 5711 1115 5771 circa
1141 5714 1397 5769 Taurum
1429 5712 1711 5768 montem.
1746 5707 2001 5768 Ortelius
2030 5715 2100 5767 sx
2126 5705 2498 5785 Curopalste.
2529 5705 2709 5768 Gem.
