  <div class='ocr_page' id='page_1' title='image "/cluster/home/n/w/nwhite01/storage/ocr_20150623/122 pt.2/mdp.39015037401315/121.png"; bbox 0 0 3972 6146; ppageno 0'>
   <div class='ocr_carea' id='block_1_1' title="bbox 267 342 384 402">
    <p class='ocr_par' dir='ltr' id='par_1_1' title="bbox 267 342 384 402">
     <span class='ocr_line' id='line_1_1' title="bbox 267 342 384 402; baseline 0.009 -1"><span class='ocrx_word' id='word_1_1' title='bbox 267 342 384 402; x_wconf 78' lang='grc'>22³1</span> 
     </span>
    </p>
   </div>
   <div class='ocr_carea' id='block_1_2' title="bbox 1633 332 2334 396">
    <p class='ocr_par' dir='ltr' id='par_1_2' title="bbox 1633 332 2334 396">
     <span class='ocr_line' id='line_1_2' title="bbox 1633 332 2334 396; baseline -0.004 0"><span class='ocrx_word' id='word_1_2' title='bbox 1633 332 1947 396; x_wconf 82' lang='lat' dir='ltr'>GEORGII</span> <span class='ocrx_word' id='word_1_3' title='bbox 1992 333 2334 395; x_wconf 84' lang='lat' dir='ltr'>CEDRENI</span> 
     </span>
    </p>
   </div>
   <div class='ocr_carea' id='block_1_3' title="bbox 3564 342 3684 403">
    <p class='ocr_par' dir='ltr' id='par_1_3' title="bbox 3564 342 3684 403">
     <span class='ocr_line' id='line_1_3' title="bbox 3564 342 3684 403; baseline 0.017 -2"><span class='ocrx_word' id='word_1_4' title='bbox 3564 342 3684 403; x_wconf 77' lang='grc'>228</span> 
     </span>
    </p>
   </div>
   <div class='ocr_carea' id='block_1_4' title="bbox 265 466 1898 548">
    <p class='ocr_par' dir='ltr' id='par_1_4' title="bbox 265 469 1898 547">
     <span class='ocr_line' id='line_1_4' title="bbox 265 469 1898 547; baseline -0.006 -12"><span class='ocrx_word' id='word_1_5' title='bbox 265 476 456 535; x_wconf 89' lang='lat' dir='ltr'>securi</span> <span class='ocrx_word' id='word_1_6' title='bbox 487 476 712 547; x_wconf 85' lang='lat' dir='ltr'>absque</span> <span class='ocrx_word' id='word_1_7' title='bbox 741 472 903 530; x_wconf 90' lang='lat' dir='ltr'>omni</span> <span class='ocrx_word' id='word_1_8' title='bbox 932 488 1074 529; x_wconf 87' lang='lat' dir='ltr'>cura</span> <span class='ocrx_word' id='word_1_9' title='bbox 1102 473 1443 543; x_wconf 81' lang='lat' dir='ltr'>exegerunt,</span> <span class='ocrx_word' id='word_1_10' title='bbox 1468 473 1624 527; x_wconf 89' lang='lat' dir='ltr'>certo</span> <span class='ocrx_word' id='word_1_11' title='bbox 1649 469 1761 527; x_wconf 82' lang='lat' dir='ltr'>sibi</span> <span class='ocrx_word' id='word_1_12' title='bbox 1793 486 1898 542; x_wconf 89' lang='lat' dir='ltr'>per</span> 
     </span>
    </p>
   </div>
   <div class='ocr_carea' id='block_1_5' title="bbox 2089 466 3685 548">
    <p class='ocr_par' dir='ltr' id='par_1_5' title="bbox 2093 466 3685 548">
     <span class='ocr_line' id='line_1_5' title="bbox 2093 466 3685 548; baseline 0.004 -26"><span class='ocrx_word' id='word_1_13' title='bbox 2093 470 2356 540; x_wconf 78' lang='grc' dir='ltr'>ωμαιῖκῶν</span> <span class='ocrx_word' id='word_1_14' title='bbox 2388 466 2713 543; x_wconf 84' lang='grc' dir='ltr'>χρημάτων.</span> <span class='ocrx_word' id='word_1_15' title='bbox 2750 469 2819 528; x_wconf 71' lang='lat' dir='ltr'>Oi</span> <span class='ocrx_word' id='word_1_16' title='bbox 2867 467 2926 526; x_wconf 73' lang='grc' dir='ltr'>δὲ</span> <span class='ocrx_word' id='word_1_17' title='bbox 2952 475 3070 534; x_wconf 88' lang='grc' dir='ltr'>τοῖς</span> <span class='ocrx_word' id='word_1_18' title='bbox 3096 490 3156 527; x_wconf 89' lang='grc' dir='ltr'>τε</span> <span class='ocrx_word' id='word_1_19' title='bbox 3185 470 3375 548; x_wconf 79' lang='grc' dir='ltr'>λόγοις</span> <span class='ocrx_word' id='word_1_20' title='bbox 3420 470 3513 528; x_wconf 73' lang='grc' dir='ltr'>καὶ</span> <span class='ocrx_word' id='word_1_21' title='bbox 3567 477 3685 536; x_wconf 83' lang='grc' dir='ltr'>τοῖς</span> 
     </span>
    </p>
   </div>
   <div class='ocr_carea' id='block_1_6' title="bbox 265 550 1898 638">
    <p class='ocr_par' dir='ltr' id='par_1_6' title="bbox 265 558 1898 638">
     <span class='ocr_line' id='line_1_6' title="bbox 265 558 1898 638; baseline -0.006 -14"><span class='ocrx_word' id='word_1_22' title='bbox 265 568 580 624; x_wconf 78' lang='lat' dir='ltr'>suadentes</span> <span class='ocrx_word' id='word_1_23' title='bbox 628 562 906 638; x_wconf 82' lang='lat' dir='ltr'>postridie</span> <span class='ocrx_word' id='word_1_24' title='bbox 956 578 1018 618; x_wconf 86' lang='lat' dir='ltr'>se</span> <span class='ocrx_word' id='word_1_25' title='bbox 1066 561 1342 617; x_wconf 91' lang='lat' dir='ltr'>omnibus</span> <span class='ocrx_word' id='word_1_26' title='bbox 1373 561 1685 633; x_wconf 87' lang='lat' dir='ltr'>potituros.</span> <span class='ocrx_word' id='word_1_27' title='bbox 1734 558 1898 615; x_wconf 74' lang='lat' dir='ltr'>Medi:</span> 
     </span>
    </p>
   </div>
   <div class='ocr_carea' id='block_1_7' title="bbox 2089 550 3683 638">
    <p class='ocr_par' dir='ltr' id='par_1_7' title="bbox 2089 556 3683 637">
     <span class='ocr_line' id='line_1_7' title="bbox 2089 556 3683 637; baseline 0.005 -27"><span class='ocrx_word' id='word_1_28' title='bbox 2089 578 2208 631; x_wconf 93' lang='grc' dir='ltr'>γοις</span> <span class='ocrx_word' id='word_1_29' title='bbox 2242 556 2657 633; x_wconf 71' lang='grc' dir='ltr'>φενακισθέντες,</span> <span class='ocrx_word' id='word_1_30' title='bbox 2689 560 2779 614; x_wconf 88' lang='grc' dir='ltr'>καὶ</span> <span class='ocrx_word' id='word_1_31' title='bbox 2813 561 2887 622; x_wconf 84' lang='grc' dir='ltr'>ὡς</span> <span class='ocrx_word' id='word_1_32' title='bbox 2947 559 3134 637; x_wconf 64' lang='grc' dir='ltr'>αὔριον</span> <span class='ocrx_word' id='word_1_33' title='bbox 3194 564 3343 637; x_wconf 83' lang='grc' dir='ltr'>τάχα</span> <span class='ocrx_word' id='word_1_34' title='bbox 3397 559 3683 637; x_wconf 79' lang='grc' dir='ltr'>ἀπολήψε-</span> 
     </span>
    </p>
   </div>
   <div class='ocr_carea' id='block_1_8' title="bbox 267 648 1916 713">
    <p class='ocr_par' dir='ltr' id='par_1_8' title="bbox 267 648 1916 713">
     <span class='ocr_line' id='line_1_8' title="bbox 267 648 1916 713; baseline -0.005 0"><span class='ocrx_word' id='word_1_35' title='bbox 267 663 438 713; x_wconf 89' lang='lat' dir='ltr'>nocte</span> <span class='ocrx_word' id='word_1_36' title='bbox 467 656 659 711; x_wconf 88' lang='lat' dir='ltr'>ebrios</span> <span class='ocrx_word' id='word_1_37' title='bbox 689 653 971 710; x_wconf 84' lang='lat' dir='ltr'>barbaros</span> <span class='ocrx_word' id='word_1_38' title='bbox 1003 655 1061 706; x_wconf 90' lang='lat' dir='ltr'>et</span> <span class='ocrx_word' id='word_1_39' title='bbox 1099 667 1302 707; x_wconf 88' lang='lat' dir='ltr'>secure</span> <span class='ocrx_word' id='word_1_40' title='bbox 1334 649 1692 706; x_wconf 78' lang='lat' dir='ltr'>dormientes</span> <span class='ocrx_word' id='word_1_41' title='bbox 1723 648 1916 705; x_wconf 82' lang='lat' dir='ltr'>adori-</span> 
     </span>
    </p>
   </div>
   <div class='ocr_carea' id='block_1_9' title="bbox 266 738 1916 808">
    <p class='ocr_par' dir='ltr' id='par_1_9' title="bbox 266 738 1916 808">
     <span class='ocr_line' id='line_1_9' title="bbox 266 738 1916 808; baseline -0.004 -7"><span class='ocrx_word' id='word_1_42' title='bbox 266 753 363 802; x_wconf 91' lang='lat' dir='ltr'>tur</span> <span class='ocrx_word' id='word_1_43' title='bbox 394 746 682 802; x_wconf 82' lang='lat' dir='ltr'>Manacies</span> <span class='ocrx_word' id='word_1_44' title='bbox 714 748 771 798; x_wconf 89' lang='lat' dir='ltr'>et</span> <span class='ocrx_word' id='word_1_45' title='bbox 800 741 1194 798; x_wconf 82' lang='lat' dir='ltr'>internecione</span> <span class='ocrx_word' id='word_1_46' title='bbox 1224 740 1414 808; x_wconf 89' lang='lat' dir='ltr'>delet;</span> <span class='ocrx_word' id='word_1_47' title='bbox 1466 738 1707 794; x_wconf 84' lang='lat' dir='ltr'>camelis</span> <span class='ocrx_word' id='word_1_48' title='bbox 1737 738 1916 794; x_wconf 87' lang='lat' dir='ltr'>etiam</span> 
     </span>
    </p>
   </div>
   <div class='ocr_carea' id='block_1_10' title="bbox 268 829 1917 907">
    <p class='ocr_par' dir='ltr' id='par_1_10' title="bbox 268 829 1917 907">
     <span class='ocr_line' id='line_1_10' title="bbox 268 829 1917 907; baseline -0.006 -16"><span class='ocrx_word' id='word_1_49' title='bbox 268 837 489 907; x_wconf 88' lang='lat' dir='ltr'>potitur</span> <span class='ocrx_word' id='word_1_50' title='bbox 515 834 640 899; x_wconf 88' lang='lat'>280,</span> <span class='ocrx_word' id='word_1_51' title='bbox 675 833 907 887; x_wconf 80' lang='lat' dir='ltr'>onustis</span> <span class='ocrx_word' id='word_1_52' title='bbox 937 831 1127 885; x_wconf 88' lang='lat' dir='ltr'>omnis</span> <span class='ocrx_word' id='word_1_53' title='bbox 1160 829 1390 900; x_wconf 84' lang='lat' dir='ltr'>generis</span> <span class='ocrx_word' id='word_1_54' title='bbox 1422 845 1599 899; x_wconf 91' lang='lat' dir='ltr'>opum</span> <span class='ocrx_word' id='word_1_55' title='bbox 1633 832 1917 883; x_wconf 84' lang='lat' dir='ltr'>Romana-</span> 
     </span>
    </p>
   </div>
   <div class='ocr_carea' id='block_1_11' title="bbox 268 918 1915 994">
    <p class='ocr_par' dir='ltr' id='par_1_11' title="bbox 268 918 1915 994">
     <span class='ocr_line' id='line_1_11' title="bbox 268 918 1915 994; baseline -0.005 -13"><span class='ocrx_word' id='word_1_56' title='bbox 268 941 396 981; x_wconf 86' lang='lat' dir='ltr'>rum</span> <span class='ocrx_word' id='word_1_57' title='bbox 426 944 440 994; x_wconf 89' lang='lat'><strong>;</strong></span> <span class='ocrx_word' id='word_1_58' title='bbox 487 937 775 993; x_wconf 91' lang='lat' dir='ltr'>naresque</span> <span class='ocrx_word' id='word_1_59' title='bbox 806 926 864 975; x_wconf 89' lang='lat' dir='ltr'>et</span> <span class='ocrx_word' id='word_1_60' title='bbox 911 936 1083 976; x_wconf 88' lang='lat' dir='ltr'>aures</span> <span class='ocrx_word' id='word_1_61' title='bbox 1114 918 1441 974; x_wconf 90' lang='lat' dir='ltr'>occisorum</span> <span class='ocrx_word' id='word_1_62' title='bbox 1494 923 1812 989; x_wconf 77' lang='lat' dir='ltr'>amputans</span> <span class='ocrx_word' id='word_1_63' title='bbox 1844 918 1915 973; x_wconf 88' lang='lat' dir='ltr'>ad</span> 
     </span>
    </p>
   </div>
   <div class='ocr_carea' id='block_1_12' title="bbox 264 1006 1915 1087">
    <p class='ocr_par' dir='ltr' id='par_1_12' title="bbox 264 1006 1915 1087">
     <span class='ocr_line' id='line_1_12' title="bbox 264 1006 1915 1087; baseline -0.005 -16"><span class='ocrx_word' id='word_1_64' title='bbox 264 1016 679 1087; x_wconf 87' lang='lat' dir='ltr'>imperatorem</span> <span class='ocrx_word' id='word_1_65' title='bbox 712 1011 922 1078; x_wconf 83' lang='lat' dir='ltr'>adfert,</span> <span class='ocrx_word' id='word_1_66' title='bbox 950 1009 1047 1081; x_wconf 90' lang='lat' dir='ltr'>qui</span> <span class='ocrx_word' id='word_1_67' title='bbox 1073 1010 1197 1079; x_wconf 82' lang='lat' dir='ltr'>jam</span> <span class='ocrx_word' id='word_1_68' title='bbox 1230 1025 1263 1063; x_wconf 90' lang='lat' dir='ltr'>a</span> <span class='ocrx_word' id='word_1_69' title='bbox 1292 1009 1431 1079; x_wconf 89' lang='lat' dir='ltr'>fuga</span> <span class='ocrx_word' id='word_1_70' title='bbox 1460 1006 1516 1061; x_wconf 93' lang='lat' dir='ltr'>in</span> <span class='ocrx_word' id='word_1_71' title='bbox 1549 1006 1915 1078; x_wconf 84' lang='lat' dir='ltr'>Cappadocia</span> 
     </span>
    </p>
   </div>
   <div class='ocr_carea' id='block_1_13' title="bbox 263 1095 1915 1168">
    <p class='ocr_par' dir='ltr' id='par_1_13' title="bbox 263 1095 1915 1168">
     <span class='ocr_line' id='line_1_13' title="bbox 263 1095 1915 1168; baseline -0.007 -7"><span class='ocrx_word' id='word_1_72' title='bbox 263 1106 467 1161; x_wconf 67' lang='lat' dir='ltr'>Phocm</span> <span class='ocrx_word' id='word_1_73' title='bbox 519 1103 761 1158; x_wconf 90' lang='lat' dir='ltr'>domum</span> <span class='ocrx_word' id='word_1_74' title='bbox 822 1104 1059 1155; x_wconf 83' lang='lat' dir='ltr'>venerat</span> <span class='ocrx_word' id='word_1_75' title='bbox 1118 1098 1316 1168; x_wconf 90' lang='lat' dir='ltr'>ibique</span> <span class='ocrx_word' id='word_1_76' title='bbox 1366 1096 1725 1152; x_wconf 87' lang='lat' dir='ltr'>morabatur.</span> <span class='ocrx_word' id='word_1_77' title='bbox 1777 1095 1915 1166; x_wconf 89' lang='lat' dir='ltr'>Ejus</span> 
     </span>
    </p>
   </div>
   <div class='ocr_carea' id='block_1_14' title="bbox 263 1184 1917 1260">
    <p class='ocr_par' dir='ltr' id='par_1_14' title="bbox 263 1184 1917 1260">
     <span class='ocr_line' id='line_1_14' title="bbox 263 1184 1917 1260; baseline -0.006 -11"><span class='ocrx_word' id='word_1_78' title='bbox 263 1193 540 1251; x_wconf 88' lang='lat' dir='ltr'>facinoris</span> <span class='ocrx_word' id='word_1_79' title='bbox 593 1206 772 1245; x_wconf 88' lang='lat' dir='ltr'>causa</span> <span class='ocrx_word' id='word_1_80' title='bbox 846 1189 1162 1260; x_wconf 87' lang='lat' dir='ltr'>imperator</span> <span class='ocrx_word' id='word_1_81' title='bbox 1239 1186 1551 1256; x_wconf 77' lang='lat' dir='ltr'>Georgium</span> <span class='ocrx_word' id='word_1_82' title='bbox 1622 1184 1917 1241; x_wconf 91' lang='lat' dir='ltr'>inferioris</span> 
     </span>
    </p>
   </div>
   <div class='ocr_carea' id='block_1_15' title="bbox 260 1278 886 1339">
    <p class='ocr_par' dir='ltr' id='par_1_15' title="bbox 260 1278 886 1339">
     <span class='ocr_line' id='line_1_15' title="bbox 260 1278 886 1339; baseline -0.011 0"><span class='ocrx_word' id='word_1_83' title='bbox 260 1284 458 1339; x_wconf 63' lang='lat' dir='ltr'>Mediae</span> <span class='ocrx_word' id='word_1_84' title='bbox 490 1282 697 1335; x_wconf 88' lang='lat' dir='ltr'>ducem</span> <span class='ocrx_word' id='word_1_85' title='bbox 735 1278 886 1333; x_wconf 85' lang='lat' dir='ltr'>fecit.</span> 
     </span>
    </p>
   </div>
   <div class='ocr_carea' id='block_1_16' title="bbox 2029 645 3683 726">
    <p class='ocr_par' dir='ltr' id='par_1_16' title="bbox 2029 645 3683 726">
     <span class='ocr_line' id='line_1_16' title="bbox 2029 645 3683 726; baseline 0.003 -25"><span class='ocrx_word' id='word_1_86' title='bbox 2029 647 2147 701; x_wconf 90' lang='grc' dir='ltr'>σθαι</span> <span class='ocrx_word' id='word_1_87' title='bbox 2176 645 2245 702; x_wconf 88' lang='grc' dir='ltr'>τά</span> <span class='ocrx_word' id='word_1_88' title='bbox 2273 647 2445 701; x_wconf 82' lang='grc' dir='ltr'>πάντα</span> <span class='ocrx_word' id='word_1_89' title='bbox 2497 646 2884 723; x_wconf 79' lang='grc' dir='ltr'>ὑπειληφότες,</span> <span class='ocrx_word' id='word_1_90' title='bbox 2916 649 3053 726; x_wconf 84' lang='grc' dir='ltr'>πρὸς</span> <span class='ocrx_word' id='word_1_91' title='bbox 3112 649 3313 712; x_wconf 80' lang='grc' dir='ltr'>πότους</span> <span class='ocrx_word' id='word_1_92' title='bbox 3367 650 3458 706; x_wconf 82' lang='grc' dir='ltr'>καὶ</span> <span class='ocrx_word' id='word_1_93' title='bbox 3514 652 3683 724; x_wconf 76' lang='grc' dir='ltr'>μέθας</span> 
     </span>
    </p>
   </div>
   <div class='ocr_carea' id='block_1_17' title="bbox 2028 734 3682 814">
    <p class='ocr_par' dir='ltr' id='par_1_17' title="bbox 2028 734 3682 814">
     <span class='ocr_line' id='line_1_17' title="bbox 2028 734 3682 814; baseline 0.003 -24"><span class='ocrx_word' id='word_1_94' title='bbox 2028 734 2333 810; x_wconf 85' lang='grc' dir='ltr'>ἐτράπησαν</span> <span class='ocrx_word' id='word_1_95' title='bbox 2363 735 2452 790; x_wconf 74' lang='grc' dir='ltr'>καὶ</span> <span class='ocrx_word' id='word_1_96' title='bbox 2505 736 2556 790; x_wconf 88' lang='grc' dir='ltr'>ἐν</span> <span class='ocrx_word' id='word_1_97' title='bbox 2610 738 2753 812; x_wconf 80' lang='grc' dir='ltr'>πάσῃ</span> <span class='ocrx_word' id='word_1_98' title='bbox 2813 735 2962 811; x_wconf 81' lang='grc' dir='ltr'>ἀδείᾳ</span> <span class='ocrx_word' id='word_1_99' title='bbox 3015 740 3105 794; x_wconf 81' lang='grc' dir='ltr'>καὶ</span> <span class='ocrx_word' id='word_1_100' title='bbox 3156 738 3461 814; x_wconf 83' lang='grc' dir='ltr'>ἀμεριμνίᾳ</span> <span class='ocrx_word' id='word_1_101' title='bbox 3506 738 3682 797; x_wconf 85' lang='grc' dir='ltr'>διενυ-</span> 
     </span>
    </p>
   </div>
   <div class='ocr_carea' id='block_1_18' title="bbox 2026 822 3683 903">
    <p class='ocr_par' dir='ltr' id='par_1_18' title="bbox 2026 822 3683 903">
     <span class='ocr_line' id='line_1_18' title="bbox 2026 822 3683 903; baseline 0.004 -24"><span class='ocrx_word' id='word_1_102' title='bbox 2026 825 2298 901; x_wconf 87' lang='grc' dir='ltr'>κτέρευον.</span> <span class='ocrx_word' id='word_1_103' title='bbox 2332 826 2393 882; x_wconf 90' lang='grc' dir='ltr'>Ὁ</span> <span class='ocrx_word' id='word_1_104' title='bbox 2429 822 2487 880; x_wconf 76' lang='grc' dir='ltr'>δὶ</span> <span class='ocrx_word' id='word_1_105' title='bbox 2551 827 2676 901; x_wconf 85' lang='grc' dir='ltr'>περὶ</span> <span class='ocrx_word' id='word_1_106' title='bbox 2737 827 2902 900; x_wconf 88' lang='grc' dir='ltr'>μέσας</span> <span class='ocrx_word' id='word_1_107' title='bbox 2958 827 3152 890; x_wconf 77' lang='grc' dir='ltr'>νύκτας</span> <span class='ocrx_word' id='word_1_108' title='bbox 3205 828 3529 903; x_wconf 70' lang='grc' dir='ltr'>οἰνωμένοις</span> <span class='ocrx_word' id='word_1_109' title='bbox 3588 828 3683 885; x_wconf 77' lang='grc' dir='ltr'>αὖ·</span> 
     </span>
    </p>
   </div>
   <div class='ocr_carea' id='block_1_19' title="bbox 2024 914 3683 993">
    <p class='ocr_par' dir='ltr' id='par_1_19' title="bbox 2024 914 3683 993">
     <span class='ocr_line' id='line_1_19' title="bbox 2024 914 3683 993; baseline 0.003 -25"><span class='ocrx_word' id='word_1_110' title='bbox 2024 919 2141 976; x_wconf 88' lang='grc' dir='ltr'>τοῖς</span> <span class='ocrx_word' id='word_1_111' title='bbox 2198 915 2287 970; x_wconf 84' lang='grc' dir='ltr'>καὶ</span> <span class='ocrx_word' id='word_1_112' title='bbox 2345 914 2714 993; x_wconf 74' lang='grc' dir='ltr'>ἀφροντίστως</span> <span class='ocrx_word' id='word_1_113' title='bbox 2766 918 3143 991; x_wconf 69' lang='grc' dir='ltr'>κοιμωμένοις</span> <span class='ocrx_word' id='word_1_114' title='bbox 3212 916 3529 987; x_wconf 80' lang='grc' dir='ltr'>ἐπιτίθεται,</span> <span class='ocrx_word' id='word_1_115' title='bbox 3591 918 3683 975; x_wconf 74' lang='grc' dir='ltr'>καὶ</span> 
     </span>
    </p>
   </div>
   <div class='ocr_carea' id='block_1_20' title="bbox 2023 1003 3682 1085">
    <p class='ocr_par' dir='ltr' id='par_1_20' title="bbox 2023 1003 3682 1085">
     <span class='ocr_line' id='line_1_20' title="bbox 2023 1003 3682 1085; baseline 0.004 -28"><span class='ocrx_word' id='word_1_116' title='bbox 2023 1003 2250 1065; x_wconf 74' lang='grc' dir='ltr'>τούτους</span> <span class='ocrx_word' id='word_1_117' title='bbox 2283 1004 2378 1077; x_wconf 74' lang='grc' dir='ltr'>μὶν</span> <span class='ocrx_word' id='word_1_118' title='bbox 2413 1005 2616 1067; x_wconf 78' lang='grc' dir='ltr'>πάντας</span> <span class='ocrx_word' id='word_1_119' title='bbox 2666 1004 2987 1085; x_wconf 70' lang='grc' dir='ltr'>ἀπέσφαξεν,</span> <span class='ocrx_word' id='word_1_120' title='bbox 3022 1006 3271 1085; x_wconf 74' lang='grc' dir='ltr'>ὑφείλετο</span> <span class='ocrx_word' id='word_1_121' title='bbox 3317 1004 3375 1063; x_wconf 71' lang='grc' dir='ltr'>δὶ</span> <span class='ocrx_word' id='word_1_122' title='bbox 3430 1007 3520 1063; x_wconf 83' lang='grc' dir='ltr'>καὶ</span> <span class='ocrx_word' id='word_1_123' title='bbox 3560 1004 3682 1063; x_wconf 87' lang='grc' dir='ltr'>δια-</span> 
     </span>
    </p>
   </div>
   <div class='ocr_carea' id='block_1_21' title="bbox 2023 1091 3683 1175">
    <p class='ocr_par' dir='ltr' id='par_1_21' title="bbox 2023 1091 3683 1175">
     <span class='ocr_line' id='line_1_21' title="bbox 2023 1091 3683 1175; baseline 0.004 -29"><span class='ocrx_word' id='word_1_124' title='bbox 2023 1091 2212 1156; x_wconf 89' lang='grc' dir='ltr'>κοσίας</span> <span class='ocrx_word' id='word_1_125' title='bbox 2304 1091 2641 1167; x_wconf 86' lang='grc' dir='ltr'>ὀγδοήκοντα</span> <span class='ocrx_word' id='word_1_126' title='bbox 2722 1094 3010 1169; x_wconf 75' lang='grc' dir='ltr'>καμήλους</span> <span class='ocrx_word' id='word_1_127' title='bbox 3086 1097 3511 1175; x_wconf 85' lang='grc' dir='ltr'>πεφορτωμένας</span> <span class='ocrx_word' id='word_1_128' title='bbox 3590 1096 3683 1153; x_wconf 81' lang='grc' dir='ltr'>καί</span> 
     </span>
    </p>
   </div>
   <div class='ocr_carea' id='block_1_22' title="bbox 2023 1181 3679 1264">
    <p class='ocr_par' dir='ltr' id='par_1_22' title="bbox 2023 1181 3679 1264">
     <span class='ocr_line' id='line_1_22' title="bbox 2023 1181 3679 1264; baseline 0.003 -27"><span class='ocrx_word' id='word_1_129' title='bbox 2023 1181 2258 1258; x_wconf 75' lang='grc' dir='ltr'>πλήρεις</span> <span class='ocrx_word' id='word_1_130' title='bbox 2306 1183 2519 1256; x_wconf 82' lang='grc' dir='ltr'>ἀγαθῶν</span> <span class='ocrx_word' id='word_1_131' title='bbox 2568 1184 2838 1241; x_wconf 88' lang='grc' dir='ltr'>παντοίων</span> <span class='ocrx_word' id='word_1_132' title='bbox 2862 1186 3206 1259; x_wconf 79' lang='grc' dir='ltr'>Ῥωμαϊκῶν.</span> <span class='ocrx_word' id='word_1_133' title='bbox 3239 1188 3348 1249; x_wconf 85' lang='grc' dir='ltr'>Τάς</span> <span class='ocrx_word' id='word_1_134' title='bbox 3409 1184 3467 1242; x_wconf 80' lang='grc' dir='ltr'>δὶ</span> <span class='ocrx_word' id='word_1_135' title='bbox 3527 1185 3679 1264; x_wconf 77' lang='grc' dir='ltr'>ῥῖνας</span> 
     </span>
    </p>
   </div>
   <div class='ocr_carea' id='block_1_23' title="bbox 2021 1270 3676 1350">
    <p class='ocr_par' dir='ltr' id='par_1_23' title="bbox 2021 1270 3676 1350">
     <span class='ocr_line' id='line_1_23' title="bbox 2021 1270 3676 1350; baseline 0.004 -26"><span class='ocrx_word' id='word_1_136' title='bbox 2021 1271 2111 1325; x_wconf 87' lang='grc' dir='ltr'>καὶ</span> <span class='ocrx_word' id='word_1_137' title='bbox 2153 1270 2219 1325; x_wconf 85' lang='grc' dir='ltr'>τά</span> <span class='ocrx_word' id='word_1_138' title='bbox 2266 1272 2379 1326; x_wconf 85' lang='grc' dir='ltr'>ὦτα</span> <span class='ocrx_word' id='word_1_139' title='bbox 2429 1276 2536 1327; x_wconf 88' lang='grc' dir='ltr'>τῶν</span> <span class='ocrx_word' id='word_1_140' title='bbox 2588 1274 2863 1329; x_wconf 87' lang='grc' dir='ltr'>πεσόντων</span> <span class='ocrx_word' id='word_1_141' title='bbox 2904 1274 3195 1348; x_wconf 82' lang='grc' dir='ltr'>ἀποτεμὼν</span> <span class='ocrx_word' id='word_1_142' title='bbox 3256 1273 3561 1350; x_wconf 77' lang='grc' dir='ltr'>διεκόμισεν</span> <span class='ocrx_word' id='word_1_143' title='bbox 3624 1274 3676 1331; x_wconf 86' lang='grc' dir='ltr'>ἐν</span> 
     </span>
    </p>
   </div>
   <div class='ocr_carea' id='block_1_24' title="bbox 265 1356 3678 1440">
    <p class='ocr_par' dir='ltr' id='par_1_24' title="bbox 265 1356 3678 1440">
     <span class='ocr_line' id='line_1_24' title="bbox 265 1356 3678 1440; baseline -0.002 -14"><span class='ocrx_word' id='word_1_144' title='bbox 265 1366 623 1437; x_wconf 78' lang='grc' dir='ltr'>Καππαδοκίᾳ</span> <span class='ocrx_word' id='word_1_145' title='bbox 670 1370 749 1437; x_wconf 78' lang='grc' dir='ltr'>τῷ</span> <span class='ocrx_word' id='word_1_146' title='bbox 800 1362 1037 1440; x_wconf 81' lang='grc' dir='ltr'>βασιλεῖ,</span> <span class='ocrx_word' id='word_1_147' title='bbox 1068 1360 1176 1433; x_wconf 73' lang='grc' dir='ltr'>ἤδη</span> <span class='ocrx_word' id='word_1_148' title='bbox 1224 1363 1329 1418; x_wconf 86' lang='grc' dir='ltr'>ἀπὸ</span> <span class='ocrx_word' id='word_1_149' title='bbox 1375 1369 1474 1432; x_wconf 85' lang='grc' dir='ltr'>τῆς</span> <span class='ocrx_word' id='word_1_150' title='bbox 1521 1368 1693 1438; x_wconf 81' lang='grc' dir='ltr'>φυγῆς</span> <span class='ocrx_word' id='word_1_151' title='bbox 1735 1356 2090 1435; x_wconf 79' lang='grc' dir='ltr'>κατειληφότι</span> <span class='ocrx_word' id='word_1_152' title='bbox 2122 1360 2212 1414; x_wconf 88' lang='grc' dir='ltr'>τὸν</span> <span class='ocrx_word' id='word_1_153' title='bbox 2243 1364 2339 1414; x_wconf 79' lang='grc' dir='ltr'>τοῦ</span> <span class='ocrx_word' id='word_1_154' title='bbox 2371 1366 2542 1415; x_wconf 78' lang='grc' dir='ltr'>ΦωκΞ</span> <span class='ocrx_word' id='word_1_155' title='bbox 2571 1362 2716 1417; x_wconf 75' lang='grc' dir='ltr'>οἷκον</span> <span class='ocrx_word' id='word_1_156' title='bbox 2748 1362 2838 1418; x_wconf 78' lang='grc' dir='ltr'>καὶ</span> <span class='ocrx_word' id='word_1_157' title='bbox 2869 1362 2921 1418; x_wconf 89' lang='grc' dir='ltr'>ἐν</span> <span class='ocrx_word' id='word_1_158' title='bbox 2955 1362 3101 1437; x_wconf 81' lang='grc' dir='ltr'>αὐτῷ</span> <span class='ocrx_word' id='word_1_159' title='bbox 3132 1358 3485 1440; x_wconf 76' lang='grc' dir='ltr'>διατρίϐοντι.</span> <span class='ocrx_word' id='word_1_160' title='bbox 3519 1366 3618 1424; x_wconf 89' lang='grc' dir='ltr'>Ὃν</span> <span class='ocrx_word' id='word_1_161' title='bbox 3649 1365 3678 1420; x_wconf 99' lang='lat'>6</span> 
     </span>
    </p>
   </div>
   <div class='ocr_carea' id='block_1_25' title="bbox 267 1446 2556 1535">
    <p class='ocr_par' dir='ltr' id='par_1_25' title="bbox 267 1446 2556 1535">
     <span class='ocr_line' id='line_1_25' title="bbox 267 1446 2556 1535; baseline -0.003 -20"><span class='ocrx_word' id='word_1_162' title='bbox 267 1458 520 1535; x_wconf 78' lang='grc' dir='ltr'>βασιλεὺς</span> <span class='ocrx_word' id='word_1_163' title='bbox 543 1461 641 1512; x_wconf 78' lang='grc' dir='ltr'>τοῦ</span> <span class='ocrx_word' id='word_1_164' title='bbox 672 1453 834 1531; x_wconf 75' lang='grc' dir='ltr'>ἔργου</span> <span class='ocrx_word' id='word_1_165' title='bbox 869 1452 1266 1525; x_wconf 80' lang='grc' dir='ltr'>ἀποδεξάμενος</span> <span class='ocrx_word' id='word_1_166' title='bbox 1290 1452 1571 1507; x_wconf 86' lang='grc' dir='ltr'>κατεπάνω</span> <span class='ocrx_word' id='word_1_167' title='bbox 1600 1458 1699 1521; x_wconf 79' lang='grc' dir='ltr'>τῆς</span> <span class='ocrx_word' id='word_1_168' title='bbox 1731 1449 1877 1505; x_wconf 89' lang='grc' dir='ltr'>κάτω</span> <span class='ocrx_word' id='word_1_169' title='bbox 1908 1446 2124 1519; x_wconf 79' lang='grc' dir='ltr'>Μηδίας</span> <span class='ocrx_word' id='word_1_170' title='bbox 2158 1446 2556 1507; x_wconf 84' lang='grc' dir='ltr'>ἀποδείκνυσιν.</span> 
     </span>
    </p>
   </div>
   <div class='ocr_carea' id='block_1_26' title="bbox 330 1592 1909 1669">
    <p class='ocr_par' dir='ltr' id='par_1_26' title="bbox 330 1592 1909 1669">
     <span class='ocr_line' id='line_1_26' title="bbox 330 1592 1909 1669; baseline -0.008 -10"><span class='ocrx_word' id='word_1_171' title='bbox 330 1603 479 1659; x_wconf 74' lang='grc'>495</span> <span class='ocrx_word' id='word_1_172' title='bbox 516 1600 834 1655; x_wconf 86' lang='lat' dir='ltr'>Discedens</span> <span class='ocrx_word' id='word_1_173' title='bbox 857 1602 1053 1653; x_wconf 90' lang='lat' dir='ltr'>autem</span> <span class='ocrx_word' id='word_1_174' title='bbox 1072 1597 1232 1669; x_wconf 85' lang='lat' dir='ltr'>Syria</span> <span class='ocrx_word' id='word_1_175' title='bbox 1250 1597 1581 1653; x_wconf 88' lang='lat' dir='ltr'>Simeonem</span> <span class='ocrx_word' id='word_1_176' title='bbox 1607 1593 1790 1651; x_wconf 89' lang='lat' dir='ltr'>soceri</span> <span class='ocrx_word' id='word_1_177' title='bbox 1815 1592 1909 1649; x_wconf 91' lang='lat' dir='ltr'>sui</span> 
     </span>
    </p>
   </div>
   <div class='ocr_carea' id='block_1_27' title="bbox 255 1683 1910 1751">
    <p class='ocr_par' dir='ltr' id='par_1_27' title="bbox 255 1683 1910 1751">
     <span class='ocr_line' id='line_1_27' title="bbox 255 1683 1910 1751; baseline -0.007 -3"><span class='ocrx_word' id='word_1_178' title='bbox 255 1688 622 1748; x_wconf 87' lang='lat' dir='ltr'>Constantini</span> <span class='ocrx_word' id='word_1_179' title='bbox 638 1688 909 1743; x_wconf 89' lang='lat' dir='ltr'>ministru</span> <span class='ocrx_word' id='word_1_180' title='bbox 921 1704 971 1740; x_wconf 91' lang='lat' dir='ltr'>m</span> <span class='ocrx_word' id='word_1_181' title='bbox 986 1685 1490 1741; x_wconf 82' lang='lat' dir='ltr'>creatscholarum</span> <span class='ocrx_word' id='word_1_182' title='bbox 1505 1683 1883 1739; x_wconf 85' lang='lat' dir='ltr'>domesticum</span> <span class='ocrx_word' id='word_1_183' title='bbox 1896 1724 1910 1751; x_wconf 93' lang='lat'>,</span> 
     </span>
    </p>
   </div>
   <div class='ocr_carea' id='block_1_28' title="bbox 254 1772 1910 1845">
    <p class='ocr_par' dir='ltr' id='par_1_28' title="bbox 254 1772 1910 1845">
     <span class='ocr_line' id='line_1_28' title="bbox 254 1772 1910 1845; baseline -0.007 -9"><span class='ocrx_word' id='word_1_184' title='bbox 254 1778 577 1836; x_wconf 79' lang='lat' dir='ltr'>Antiochiae</span> <span class='ocrx_word' id='word_1_185' title='bbox 607 1775 867 1831; x_wconf 89' lang='lat' dir='ltr'>Nicetam</span> <span class='ocrx_word' id='word_1_186' title='bbox 901 1791 932 1829; x_wconf 88' lang='lat' dir='ltr'>a</span> <span class='ocrx_word' id='word_1_187' title='bbox 966 1773 1238 1829; x_wconf 84' lang='lat' dir='ltr'>Mistheia</span> <span class='ocrx_word' id='word_1_188' title='bbox 1286 1774 1568 1845; x_wconf 73' lang='lat' dir='ltr'>praaficit;</span> <span class='ocrx_word' id='word_1_189' title='bbox 1610 1778 1787 1845; x_wconf 87' lang='lat' dir='ltr'>atque</span> <span class='ocrx_word' id='word_1_190' title='bbox 1816 1772 1910 1826; x_wconf 89' lang='lat' dir='ltr'>his</span> 
     </span>
    </p>
   </div>
   <div class='ocr_carea' id='block_1_29' title="bbox 258 1860 1911 1936">
    <p class='ocr_par' dir='ltr' id='par_1_29' title="bbox 258 1860 1911 1936">
     <span class='ocr_line' id='line_1_29' title="bbox 258 1860 1911 1936; baseline -0.007 -11"><span class='ocrx_word' id='word_1_191' title='bbox 258 1869 500 1925; x_wconf 85' lang='lat' dir='ltr'>mandat</span> <span class='ocrx_word' id='word_1_192' title='bbox 530 1870 595 1922; x_wconf 86' lang='lat' dir='ltr'>ut</span> <span class='ocrx_word' id='word_1_193' title='bbox 632 1864 691 1920; x_wconf 91' lang='lat' dir='ltr'>in</span> <span class='ocrx_word' id='word_1_194' title='bbox 743 1863 1077 1936; x_wconf 90' lang='lat' dir='ltr'>recipiendo</span> <span class='ocrx_word' id='word_1_195' title='bbox 1128 1864 1349 1919; x_wconf 85' lang='lat' dir='ltr'>Menico</span> <span class='ocrx_word' id='word_1_196' title='bbox 1398 1860 1657 1933; x_wconf 84' lang='lat' dir='ltr'>castello,</span> <span class='ocrx_word' id='word_1_197' title='bbox 1690 1860 1842 1932; x_wconf 90' lang='lat' dir='ltr'>quod</span> <span class='ocrx_word' id='word_1_198' title='bbox 1876 1875 1911 1915; x_wconf 88' lang='lat' dir='ltr'>a</span> 
     </span>
    </p>
   </div>
   <div class='ocr_carea' id='block_1_30' title="bbox 255 1949 1909 2029">
    <p class='ocr_par' dir='ltr' id='par_1_30' title="bbox 255 1949 1909 2029">
     <span class='ocr_line' id='line_1_30' title="bbox 255 1949 1909 2029; baseline -0.007 -14"><span class='ocrx_word' id='word_1_199' title='bbox 255 1956 610 2029; x_wconf 88' lang='lat' dir='ltr'>Musarapho</span> <span class='ocrx_word' id='word_1_200' title='bbox 632 1959 757 2011; x_wconf 90' lang='lat' dir='ltr'>erat</span> <span class='ocrx_word' id='word_1_201' title='bbox 773 1952 1097 2018; x_wconf 87' lang='lat' dir='ltr'>conditum,</span> <span class='ocrx_word' id='word_1_202' title='bbox 1117 1969 1290 2009; x_wconf 89' lang='lat' dir='ltr'>omne</span> <span class='ocrx_word' id='word_1_203' title='bbox 1315 1951 1580 2007; x_wconf 90' lang='lat' dir='ltr'>studium</span> <span class='ocrx_word' id='word_1_204' title='bbox 1601 1949 1909 2019; x_wconf 89' lang='lat' dir='ltr'>collocent,</span> 
     </span>
    </p>
   </div>
   <div class='ocr_carea' id='block_1_31' title="bbox 2089 1588 3677 1671">
    <p class='ocr_par' dir='ltr' id='par_1_31' title="bbox 2089 1588 3677 1671">
     <span class='ocr_line' id='line_1_31' title="bbox 2089 1588 3677 1671; baseline 0.003 -25"><span class='ocrx_word' id='word_1_205' title='bbox 2089 1591 2368 1666; x_wconf 87' lang='grc' dir='ltr'>Ἀπαίρων</span> <span class='ocrx_word' id='word_1_206' title='bbox 2404 1588 2461 1646; x_wconf 77' lang='grc' dir='ltr'>δέ</span> <span class='ocrx_word' id='word_1_207' title='bbox 2491 1598 2592 1662; x_wconf 86' lang='grc' dir='ltr'>τῆς</span> <span class='ocrx_word' id='word_1_208' title='bbox 2626 1591 2823 1667; x_wconf 83' lang='grc' dir='ltr'>Συρίας</span> <span class='ocrx_word' id='word_1_209' title='bbox 2854 1590 3173 1667; x_wconf 81' lang='grc' dir='ltr'>δομέστικον</span> <span class='ocrx_word' id='word_1_210' title='bbox 3220 1594 3315 1666; x_wconf 75' lang='grc' dir='ltr'>μὶν</span> <span class='ocrx_word' id='word_1_211' title='bbox 3372 1597 3480 1650; x_wconf 85' lang='grc' dir='ltr'>τῶν</span> <span class='ocrx_word' id='word_1_212' title='bbox 3540 1613 3677 1671; x_wconf 87' lang='grc' dir='ltr'>σχο-</span> 
     </span>
    </p>
   </div>
   <div class='ocr_carea' id='block_1_32' title="bbox 2020 1677 3679 1758">
    <p class='ocr_par' dir='ltr' id='par_1_32' title="bbox 2020 1677 3679 1758">
     <span class='ocr_line' id='line_1_32' title="bbox 2020 1677 3679 1758; baseline 0.002 -23"><span class='ocrx_word' id='word_1_213' title='bbox 2020 1677 2132 1735; x_wconf 83' lang='grc' dir='ltr'>λῶν</span> <span class='ocrx_word' id='word_1_214' title='bbox 2195 1678 2538 1736; x_wconf 84' lang='grc' dir='ltr'>ἀποδείκνυσι</span> <span class='ocrx_word' id='word_1_215' title='bbox 2612 1683 2835 1755; x_wconf 86' lang='grc' dir='ltr'>Συμεὼν</span> <span class='ocrx_word' id='word_1_216' title='bbox 2892 1682 2983 1738; x_wconf 85' lang='grc' dir='ltr'>τὸν</span> <span class='ocrx_word' id='word_1_217' title='bbox 3043 1688 3138 1739; x_wconf 79' lang='grc' dir='ltr'>τοῦ</span> <span class='ocrx_word' id='word_1_218' title='bbox 3194 1688 3453 1758; x_wconf 77' lang='grc' dir='ltr'>πενθεροῦ</span> <span class='ocrx_word' id='word_1_219' title='bbox 3509 1684 3679 1741; x_wconf 82' lang='grc' dir='ltr'>αὐτοῦ</span> 
     </span>
    </p>
   </div>
   <div class='ocr_carea' id='block_1_33' title="bbox 2022 1770 3680 1849">
    <p class='ocr_par' dir='ltr' id='par_1_33' title="bbox 2022 1770 3680 1849">
     <span class='ocr_line' id='line_1_33' title="bbox 2022 1770 3680 1849; baseline 0.003 -26"><span class='ocrx_word' id='word_1_220' title='bbox 2022 1775 2426 1825; x_wconf 85' lang='grc' dir='ltr'>Κωνσταντίνου</span> <span class='ocrx_word' id='word_1_221' title='bbox 2494 1771 2818 1848; x_wconf 82' lang='grc' dir='ltr'>θεράποντα,</span> <span class='ocrx_word' id='word_1_222' title='bbox 2877 1773 3127 1847; x_wconf 76' lang='grc' dir='ltr'>ἡγεμόνα</span> <span class='ocrx_word' id='word_1_223' title='bbox 3207 1770 3265 1828; x_wconf 74' lang='grc' dir='ltr'>δὶ</span> <span class='ocrx_word' id='word_1_224' title='bbox 3331 1772 3680 1849; x_wconf 82' lang='grc' dir='ltr'>Ἀντιοχείας</span> 
     </span>
    </p>
   </div>
   <div class='ocr_carea' id='block_1_34' title="bbox 2020 1858 3679 1934">
    <p class='ocr_par' dir='ltr' id='par_1_34' title="bbox 2020 1858 3679 1934">
     <span class='ocr_line' id='line_1_34' title="bbox 2020 1858 3679 1934; baseline 0.004 -24"><span class='ocrx_word' id='word_1_225' title='bbox 2020 1858 2258 1926; x_wconf 88' lang='grc' dir='ltr'>Νικήταν</span> <span class='ocrx_word' id='word_1_226' title='bbox 2315 1858 2407 1912; x_wconf 88' lang='grc' dir='ltr'>τὸν</span> <span class='ocrx_word' id='word_1_227' title='bbox 2468 1858 2526 1914; x_wconf 91' lang='grc' dir='ltr'>ἐκ</span> <span class='ocrx_word' id='word_1_228' title='bbox 2583 1860 2841 1922; x_wconf 85' lang='grc' dir='ltr'>Μισθείας</span> <span class='ocrx_word' id='word_1_229' title='bbox 2900 1862 3033 1934; x_wconf 89' lang='grc'>(83).</span> <span class='ocrx_word' id='word_1_230' title='bbox 3080 1860 3315 1925; x_wconf 79' lang='grc' dir='ltr'>Τούτοις</span> <span class='ocrx_word' id='word_1_231' title='bbox 3370 1859 3679 1917; x_wconf 74' lang='grc' dir='ltr'>ἐνετείλατο</span> 
     </span>
    </p>
   </div>
   <div class='ocr_carea' id='block_1_35' title="bbox 2018 1943 3678 2026">
    <p class='ocr_par' dir='ltr' id='par_1_35' title="bbox 2018 1943 3678 2026">
     <span class='ocr_line' id='line_1_35' title="bbox 2018 1943 3678 2026; baseline 0.005 -27"><span class='ocrx_word' id='word_1_232' title='bbox 2018 1946 2155 2000; x_wconf 83' lang='grc' dir='ltr'>κατά</span> <span class='ocrx_word' id='word_1_233' title='bbox 2181 1947 2243 2001; x_wconf 90' lang='grc' dir='ltr'>τὸ</span> <span class='ocrx_word' id='word_1_234' title='bbox 2288 1943 2509 2003; x_wconf 87' lang='grc' dir='ltr'>δυνατὸν</span> <span class='ocrx_word' id='word_1_235' title='bbox 2566 1944 2962 2023; x_wconf 80' lang='grc' dir='ltr'>ἀποπειρᾶσθαι</span> <span class='ocrx_word' id='word_1_236' title='bbox 3023 1953 3120 2005; x_wconf 80' lang='grc' dir='ltr'>τοῦ</span> <span class='ocrx_word' id='word_1_237' title='bbox 3168 1950 3314 2026; x_wconf 88' lang='grc' dir='ltr'>παρά</span> <span class='ocrx_word' id='word_1_238' title='bbox 3364 1954 3462 2006; x_wconf 78' lang='grc' dir='ltr'>τοῦ</span> <span class='ocrx_word' id='word_1_239' title='bbox 3526 1957 3678 2007; x_wconf 79' lang='grc' dir='ltr'>Μου-</span> 
     </span>
    </p>
   </div>
   <div class='ocr_carea' id='block_1_36' title="bbox 254 2021 1898 2116">
    <p class='ocr_par' dir='ltr' id='par_1_36' title="bbox 254 2021 1898 2116">
     <span class='ocr_line' id='line_1_36' title="bbox 254 2021 1898 2116; baseline -0.005 -16"><span class='ocrx_word' id='word_1_240' title='bbox 254 2046 455 2116; x_wconf 90' lang='lat' dir='ltr'>itaque</span> <span class='ocrx_word' id='word_1_241' title='bbox 497 2021 952 2099; x_wconf 58' lang='lat' dir='ltr'>incursionibus</span> <span class='ocrx_word' id='word_1_242' title='bbox 1022 2039 1247 2112; x_wconf 82' lang='lat' dir='ltr'>Syriam</span> <span class='ocrx_word' id='word_1_243' title='bbox 1304 2038 1573 2094; x_wconf 79' lang='lat' dir='ltr'>libarent.</span> <span class='ocrx_word' id='word_1_244' title='bbox 1632 2038 1741 2093; x_wconf 90' lang='lat' dir='ltr'>Sed</span> <span class='ocrx_word' id='word_1_245' title='bbox 1805 2052 1898 2092; x_wconf 90' lang='lat' dir='ltr'>eos</span> 
     </span>
    </p>
   </div>
   <div class='ocr_carea' id='block_1_37' title="bbox 2089 2021 3679 2116">
    <p class='ocr_par' dir='ltr' id='par_1_37' title="bbox 2089 2021 3679 2115">
     <span class='ocr_line' id='line_1_37' title="bbox 2089 2021 3679 2115; baseline 0.003 -26"><span class='ocrx_word' id='word_1_246' title='bbox 2089 2055 2188 2111; x_wconf 74' lang='grc' dir='ltr'>ραφ</span> <span class='ocrx_word' id='word_1_247' title='bbox 2213 2034 2527 2100; x_wconf 63' lang='grc' dir='ltr'>κτισθέντος</span> <span class='ocrx_word' id='word_1_248' title='bbox 2577 2021 2859 2115; x_wconf 81' lang='grc' dir='ltr'>φρουρίου,</span> <span class='ocrx_word' id='word_1_249' title='bbox 2894 2039 2959 2112; x_wconf 89' lang='grc' dir='ltr'>[Ρ</span> <span class='ocrx_word' id='word_1_250' title='bbox 2985 2040 3114 2112; x_wconf 70' lang='grc'>728]</span> <span class='ocrx_word' id='word_1_251' title='bbox 3163 2039 3208 2111; x_wconf 84' lang='grc' dir='ltr'>ᾧ</span> <span class='ocrx_word' id='word_1_252' title='bbox 3248 2021 3491 2101; x_wconf 39' lang='grc' dir='ltr'>’Μενῖκος</span> <span class='ocrx_word' id='word_1_253' title='bbox 3545 2034 3679 2094; x_wconf 65' lang='grc' dir='ltr'>ὄνοι</span> 
     </span>
    </p>
   </div>
   <div class='ocr_carea' id='block_1_38' title="bbox 254 2127 1903 2208">
    <p class='ocr_par' dir='ltr' id='par_1_38' title="bbox 254 2127 1903 2208">
     <span class='ocr_line' id='line_1_38' title="bbox 254 2127 1903 2208; baseline -0.007 -17"><span class='ocrx_word' id='word_1_254' title='bbox 254 2149 591 2208; x_wconf 84' lang='lat' dir='ltr'>oppugnare</span> <span class='ocrx_word' id='word_1_255' title='bbox 615 2131 674 2186; x_wconf 91' lang='lat' dir='ltr'>id</span> <span class='ocrx_word' id='word_1_256' title='bbox 707 2130 1017 2187; x_wconf 85' lang='lat' dir='ltr'>castellum</span> <span class='ocrx_word' id='word_1_257' title='bbox 1050 2129 1259 2184; x_wconf 91' lang='lat' dir='ltr'>inscite</span> <span class='ocrx_word' id='word_1_258' title='bbox 1294 2144 1604 2200; x_wconf 86' lang='lat' dir='ltr'>aggressos</span> <span class='ocrx_word' id='word_1_259' title='bbox 1636 2127 1903 2182; x_wconf 87' lang='lat' dir='ltr'>Musara-</span> 
     </span>
    </p>
   </div>
   <div class='ocr_carea' id='block_1_39' title="bbox 250 2214 1904 2296">
    <p class='ocr_par' dir='ltr' id='par_1_39' title="bbox 250 2214 1904 2296">
     <span class='ocr_line' id='line_1_39' title="bbox 250 2214 1904 2296; baseline -0.007 -16"><span class='ocrx_word' id='word_1_260' title='bbox 250 2224 406 2296; x_wconf 92' lang='lat' dir='ltr'>phus</span> <span class='ocrx_word' id='word_1_261' title='bbox 438 2225 614 2278; x_wconf 87' lang='lat' dir='ltr'>noctu</span> <span class='ocrx_word' id='word_1_262' title='bbox 645 2219 951 2292; x_wconf 82' lang='lat' dir='ltr'>eruptione</span> <span class='ocrx_word' id='word_1_263' title='bbox 1002 2219 1155 2274; x_wconf 81' lang='lat' dir='ltr'>facta</span> <span class='ocrx_word' id='word_1_264' title='bbox 1202 2218 1452 2289; x_wconf 89' lang='lat' dir='ltr'>turpiter</span> <span class='ocrx_word' id='word_1_265' title='bbox 1499 2217 1635 2272; x_wconf 91' lang='lat' dir='ltr'>inde</span> <span class='ocrx_word' id='word_1_266' title='bbox 1667 2214 1904 2287; x_wconf 88' lang='lat' dir='ltr'>repulit,</span> 
     </span>
    </p>
   </div>
   <div class='ocr_carea' id='block_1_40' title="bbox 255 2304 1901 2377">
    <p class='ocr_par' dir='ltr' id='par_1_40' title="bbox 255 2304 1901 2377">
     <span class='ocr_line' id='line_1_40' title="bbox 255 2304 1901 2377; baseline -0.006 -9"><span class='ocrx_word' id='word_1_267' title='bbox 255 2311 545 2369; x_wconf 87' lang='lat' dir='ltr'>machinis</span> <span class='ocrx_word' id='word_1_268' title='bbox 576 2310 752 2367; x_wconf 89' lang='lat' dir='ltr'>etiam</span> <span class='ocrx_word' id='word_1_269' title='bbox 803 2307 1097 2365; x_wconf 87' lang='lat' dir='ltr'>crematis.</span> <span class='ocrx_word' id='word_1_270' title='bbox 1149 2307 1332 2371; x_wconf 88' lang='lat' dir='ltr'>Quam</span> <span class='ocrx_word' id='word_1_271' title='bbox 1365 2306 1448 2361; x_wconf 88' lang='lat' dir='ltr'>rei</span> <span class='ocrx_word' id='word_1_272' title='bbox 1489 2304 1901 2377; x_wconf 88' lang='lat' dir='ltr'>indignitatem</span> 
     </span>
    </p>
   </div>
   <div class='ocr_carea' id='block_1_41' title="bbox 250 2393 1899 2470">
    <p class='ocr_par' dir='ltr' id='par_1_41' title="bbox 250 2393 1899 2470">
     <span class='ocr_line' id='line_1_41' title="bbox 250 2393 1899 2470; baseline -0.005 -13"><span class='ocrx_word' id='word_1_273' title='bbox 250 2419 364 2458; x_wconf 90' lang='lat' dir='ltr'>non</span> <span class='ocrx_word' id='word_1_274' title='bbox 392 2403 581 2457; x_wconf 90' lang='lat' dir='ltr'>ferens</span> <span class='ocrx_word' id='word_1_275' title='bbox 596 2399 672 2454; x_wconf 91' lang='lat' dir='ltr'>im</span> <span class='ocrx_word' id='word_1_276' title='bbox 686 2395 1325 2470; x_wconf 86' lang='lat' dir='ltr'>peratorTheoctistum</span> <span class='ocrx_word' id='word_1_277' title='bbox 1343 2393 1899 2468; x_wconf 87' lang='lat' dir='ltr'>protospatharium,</span> 
     </span>
    </p>
   </div>
   <div class='ocr_carea' id='block_1_42' title="bbox 251 2486 1902 2550">
    <p class='ocr_par' dir='ltr' id='par_1_42' title="bbox 251 2486 1902 2550">
     <span class='ocr_line' id='line_1_42' title="bbox 251 2486 1902 2550; baseline -0.007 -3"><span class='ocrx_word' id='word_1_278' title='bbox 251 2508 435 2547; x_wconf 90' lang='lat' dir='ltr'>unum</span> <span class='ocrx_word' id='word_1_279' title='bbox 468 2505 708 2546; x_wconf 90' lang='lat' dir='ltr'>suorum</span> <span class='ocrx_word' id='word_1_280' title='bbox 762 2487 1243 2542; x_wconf 82' lang='lat' dir='ltr'>fidelissimorum</span> <span class='ocrx_word' id='word_1_281' title='bbox 1296 2486 1704 2540; x_wconf 89' lang='lat' dir='ltr'>ministrorum</span> <span class='ocrx_word' id='word_1_282' title='bbox 1739 2499 1902 2550; x_wconf 80' lang='lat' dir='ltr'>mag-</span> 
     </span>
    </p>
   </div>
   <div class='ocr_carea' id='block_1_43' title="bbox 253 2573 1899 2652">
    <p class='ocr_par' dir='ltr' id='par_1_43' title="bbox 253 2573 1899 2652">
     <span class='ocr_line' id='line_1_43' title="bbox 253 2573 1899 2652; baseline -0.005 -16"><span class='ocrx_word' id='word_1_283' title='bbox 253 2596 514 2652; x_wconf 89' lang='lat' dir='ltr'>numque</span> <span class='ocrx_word' id='word_1_284' title='bbox 562 2583 701 2633; x_wconf 89' lang='lat' dir='ltr'>tunc</span> <span class='ocrx_word' id='word_1_285' title='bbox 753 2575 1084 2632; x_wconf 88' lang='lat' dir='ltr'>sodalitatis</span> <span class='ocrx_word' id='word_1_286' title='bbox 1118 2576 1348 2642; x_wconf 89' lang='lat' dir='ltr'>ducem,</span> <span class='ocrx_word' id='word_1_287' title='bbox 1382 2574 1442 2629; x_wconf 91' lang='lat' dir='ltr'>in</span> <span class='ocrx_word' id='word_1_288' title='bbox 1489 2573 1714 2645; x_wconf 80' lang='lat' dir='ltr'>Syriam</span> <span class='ocrx_word' id='word_1_289' title='bbox 1766 2589 1899 2628; x_wconf 90' lang='lat' dir='ltr'>cum</span> 
     </span>
    </p>
   </div>
   <div class='ocr_carea' id='block_1_44' title="bbox 252 2661 1902 2742">
    <p class='ocr_par' dir='ltr' id='par_1_44' title="bbox 252 2661 1902 2742">
     <span class='ocr_line' id='line_1_44' title="bbox 252 2661 1902 2742; baseline -0.006 -17"><span class='ocrx_word' id='word_1_290' title='bbox 252 2686 465 2742; x_wconf 88' lang='lat' dir='ltr'>magno</span> <span class='ocrx_word' id='word_1_291' title='bbox 497 2686 567 2723; x_wconf 81' lang='lat' dir='ltr'>ex</span> <span class='ocrx_word' id='word_1_292' title='bbox 598 2666 878 2723; x_wconf 83' lang='lat' dir='ltr'>Romanis</span> <span class='ocrx_word' id='word_1_293' title='bbox 905 2664 1154 2736; x_wconf 91' lang='lat' dir='ltr'>aliisque</span> <span class='ocrx_word' id='word_1_294' title='bbox 1186 2663 1461 2736; x_wconf 87' lang='lat' dir='ltr'>gentibus</span> <span class='ocrx_word' id='word_1_295' title='bbox 1487 2661 1725 2718; x_wconf 91' lang='lat' dir='ltr'>collecto</span> <span class='ocrx_word' id='word_1_296' title='bbox 1750 2677 1902 2716; x_wconf 82' lang='lat' dir='ltr'>exer-</span> 
     </span>
    </p>
   </div>
   <div class='ocr_carea' id='block_1_45' title="bbox 252 2753 1903 2823">
    <p class='ocr_par' dir='ltr' id='par_1_45' title="bbox 252 2753 1903 2823">
     <span class='ocr_line' id='line_1_45' title="bbox 252 2753 1903 2823; baseline -0.004 -10"><span class='ocrx_word' id='word_1_297' title='bbox 252 2760 368 2814; x_wconf 90' lang='lat' dir='ltr'>citu</span> <span class='ocrx_word' id='word_1_298' title='bbox 392 2758 734 2813; x_wconf 83' lang='lat' dir='ltr'>dictatorem</span> <span class='ocrx_word' id='word_1_299' title='bbox 759 2754 960 2815; x_wconf 86' lang='lat' dir='ltr'>mittit.</span> <span class='ocrx_word' id='word_1_300' title='bbox 980 2755 1269 2823; x_wconf 87' lang='lat' dir='ltr'>jubetque</span> <span class='ocrx_word' id='word_1_301' title='bbox 1290 2769 1423 2808; x_wconf 91' lang='lat' dir='ltr'>eum</span> <span class='ocrx_word' id='word_1_302' title='bbox 1452 2769 1514 2807; x_wconf 90' lang='lat' dir='ltr'>se</span> <span class='ocrx_word' id='word_1_303' title='bbox 1548 2753 1903 2823; x_wconf 83' lang='lat' dir='ltr'>conjungere</span> 
     </span>
    </p>
   </div>
   <div class='ocr_carea' id='block_1_46' title="bbox 252 2841 1903 2913">
    <p class='ocr_par' dir='ltr' id='par_1_46' title="bbox 252 2841 1903 2913">
     <span class='ocr_line' id='line_1_46' title="bbox 252 2841 1903 2913; baseline -0.005 -11"><span class='ocrx_word' id='word_1_304' title='bbox 252 2864 385 2903; x_wconf 92' lang='lat' dir='ltr'>cum</span> <span class='ocrx_word' id='word_1_305' title='bbox 402 2842 1018 2913; x_wconf 83' lang='lat' dir='ltr'>Pinzaracho&#39;l‘ripolis</span> <span class='ocrx_word' id='word_1_306' title='bbox 1034 2859 1248 2897; x_wconf 91' lang='lat' dir='ltr'>amera.</span> <span class='ocrx_word' id='word_1_307' title='bbox 1270 2845 1322 2896; x_wconf 87' lang='lat' dir='ltr'>Is</span> <span class='ocrx_word' id='word_1_308' title='bbox 1337 2842 1491 2895; x_wconf 88' lang='lat' dir='ltr'>enim</span> <span class='ocrx_word' id='word_1_309' title='bbox 1512 2841 1903 2895; x_wconf 80' lang='lat' dir='ltr'>Pinzarachus</span> 
     </span>
    </p>
   </div>
   <div class='ocr_carea' id='block_1_47' title="bbox 252 2931 1904 3009">
    <p class='ocr_par' dir='ltr' id='par_1_47' title="bbox 252 2931 1904 3009">
     <span class='ocr_line' id='line_1_47' title="bbox 252 2931 1904 3009; baseline -0.004 -19"><span class='ocrx_word' id='word_1_310' title='bbox 252 2936 424 3009; x_wconf 85' lang='lat' dir='ltr'>paulo</span> <span class='ocrx_word' id='word_1_311' title='bbox 457 2940 590 2989; x_wconf 89' lang='lat' dir='ltr'>ante</span> <span class='ocrx_word' id='word_1_312' title='bbox 622 2934 693 2988; x_wconf 89' lang='lat' dir='ltr'>ah</span> <span class='ocrx_word' id='word_1_313' title='bbox 726 2932 992 3005; x_wconf 67' lang='lat' dir='ltr'>ngyptio</span> <span class='ocrx_word' id='word_1_314' title='bbox 1024 2948 1437 2985; x_wconf 87' lang='lat' dir='ltr'>amermumna</span> <span class='ocrx_word' id='word_1_315' title='bbox 1469 2931 1812 2996; x_wconf 85' lang='lat' dir='ltr'>desciverat,</span> <span class='ocrx_word' id='word_1_316' title='bbox 1848 2934 1904 2984; x_wconf 92' lang='lat' dir='ltr'>et</span> 
     </span>
    </p>
   </div>
   <div class='ocr_carea' id='block_1_48' title="bbox 248 3019 1902 3093">
    <p class='ocr_par' dir='ltr' id='par_1_48' title="bbox 248 3019 1902 3093">
     <span class='ocr_line' id='line_1_48' title="bbox 248 3019 1902 3093; baseline -0.004 -13"><span class='ocrx_word' id='word_1_317' title='bbox 248 3026 528 3081; x_wconf 89' lang='lat' dir='ltr'>adversus</span> <span class='ocrx_word' id='word_1_318' title='bbox 561 3040 697 3078; x_wconf 90' lang='lat' dir='ltr'>eum</span> <span class='ocrx_word' id='word_1_319' title='bbox 730 3038 896 3077; x_wconf 89' lang='lat' dir='ltr'>arma</span> <span class='ocrx_word' id='word_1_320' title='bbox 937 3026 1188 3093; x_wconf 86' lang='lat' dir='ltr'>ceperat.</span> <span class='ocrx_word' id='word_1_321' title='bbox 1215 3020 1479 3092; x_wconf 90' lang='lat' dir='ltr'>Cumque</span> <span class='ocrx_word' id='word_1_322' title='bbox 1509 3024 1711 3075; x_wconf 87' lang='lat' dir='ltr'>contra</span> <span class='ocrx_word' id='word_1_323' title='bbox 1739 3035 1800 3075; x_wconf 90' lang='lat' dir='ltr'>se</span> <span class='ocrx_word' id='word_1_324' title='bbox 1830 3019 1902 3074; x_wconf 88' lang='lat' dir='ltr'>ab</span> 
     </span>
    </p>
   </div>
   <div class='ocr_carea' id='block_1_49' title="bbox 244 3108 1906 3185">
    <p class='ocr_par' dir='ltr' id='par_1_49' title="bbox 244 3108 1906 3185">
     <span class='ocr_line' id='line_1_49' title="bbox 244 3108 1906 3185; baseline -0.003 -17"><span class='ocrx_word' id='word_1_325' title='bbox 244 3112 513 3185; x_wconf 69' lang='lat' dir='ltr'>Egyptio</span> <span class='ocrx_word' id='word_1_326' title='bbox 545 3128 678 3166; x_wconf 92' lang='lat' dir='ltr'>cum</span> <span class='ocrx_word' id='word_1_327' title='bbox 702 3111 865 3181; x_wconf 85' lang='lat' dir='ltr'>justo</span> <span class='ocrx_word' id='word_1_328' title='bbox 898 3108 1151 3165; x_wconf 86' lang='lat' dir='ltr'>exercitu</span> <span class='ocrx_word' id='word_1_329' title='bbox 1188 3110 1441 3165; x_wconf 89' lang='lat' dir='ltr'>missum</span> <span class='ocrx_word' id='word_1_330' title='bbox 1474 3110 1725 3163; x_wconf 88' lang='lat' dir='ltr'>Turcum</span> <span class='ocrx_word' id='word_1_331' title='bbox 1759 3109 1906 3163; x_wconf 91' lang='lat' dir='ltr'>Tus-</span> 
     </span>
    </p>
   </div>
   <div class='ocr_carea' id='block_1_50' title="bbox 248 3196 1900 3273">
    <p class='ocr_par' dir='ltr' id='par_1_50' title="bbox 248 3196 1900 3273">
     <span class='ocr_line' id='line_1_50' title="bbox 248 3196 1900 3273; baseline -0.004 -15"><span class='ocrx_word' id='word_1_332' title='bbox 248 3203 452 3258; x_wconf 91' lang='lat' dir='ltr'>berum</span> <span class='ocrx_word' id='word_1_333' title='bbox 484 3202 786 3273; x_wconf 89' lang='lat' dir='ltr'>copiarum</span> <span class='ocrx_word' id='word_1_334' title='bbox 827 3200 957 3270; x_wconf 86' lang='lat' dir='ltr'>ejus</span> <span class='ocrx_word' id='word_1_335' title='bbox 1000 3196 1360 3269; x_wconf 64' lang='lat' dir='ltr'>praefectum,</span> <span class='ocrx_word' id='word_1_336' title='bbox 1405 3214 1585 3269; x_wconf 86' lang='lat' dir='ltr'>seque</span> <span class='ocrx_word' id='word_1_337' title='bbox 1616 3197 1900 3268; x_wconf 89' lang='lat' dir='ltr'>imparem</span> 
     </span>
    </p>
   </div>
   <div class='ocr_carea' id='block_1_51' title="bbox 246 3287 1902 3363">
    <p class='ocr_par' dir='ltr' id='par_1_51' title="bbox 246 3287 1902 3363">
     <span class='ocr_line' id='line_1_51' title="bbox 246 3287 1902 3363; baseline -0.004 -16"><span class='ocrx_word' id='word_1_338' title='bbox 246 3308 374 3347; x_wconf 91' lang='lat' dir='ltr'>esse</span> <span class='ocrx_word' id='word_1_339' title='bbox 402 3291 625 3345; x_wconf 88' lang='lat' dir='ltr'>videret</span> <span class='ocrx_word' id='word_1_340' title='bbox 656 3305 885 3363; x_wconf 74' lang='lat' dir='ltr'>pugnae,</span> <span class='ocrx_word' id='word_1_341' title='bbox 921 3288 991 3343; x_wconf 90' lang='lat' dir='ltr'>ad</span> <span class='ocrx_word' id='word_1_342' title='bbox 1024 3287 1448 3359; x_wconf 77' lang='lat' dir='ltr'>imperatorem</span> <span class='ocrx_word' id='word_1_343' title='bbox 1481 3288 1806 3342; x_wconf 79' lang='lat' dir='ltr'>Romanum</span> <span class='ocrx_word' id='word_1_344' title='bbox 1841 3302 1902 3342; x_wconf 91' lang='lat' dir='ltr'>se</span> 
     </span>
    </p>
   </div>
   <div class='ocr_carea' id='block_1_52' title="bbox 2017 2120 3676 2201">
    <p class='ocr_par' dir='ltr' id='par_1_52' title="bbox 2017 2120 3676 2201">
     <span class='ocr_line' id='line_1_52' title="bbox 2017 2120 3676 2201; baseline 0.002 -24"><span class='ocrx_word' id='word_1_345' title='bbox 2017 2144 2113 2197; x_wconf 91' lang='grc' dir='ltr'>μα,</span> <span class='ocrx_word' id='word_1_346' title='bbox 2147 2120 2204 2178; x_wconf 77' lang='grc' dir='ltr'>εἷ’</span> <span class='ocrx_word' id='word_1_347' title='bbox 2225 2145 2344 2188; x_wconf 91' lang='grc' dir='ltr'>πως</span> <span class='ocrx_word' id='word_1_348' title='bbox 2396 2122 2671 2195; x_wconf 80' lang='grc' dir='ltr'>δυνηθεῖεν</span> <span class='ocrx_word' id='word_1_349' title='bbox 2714 2123 3024 2199; x_wconf 76' lang='grc' dir='ltr'>ἀπαλλάξαι</span> <span class='ocrx_word' id='word_1_350' title='bbox 3076 2126 3272 2201; x_wconf 86' lang='grc' dir='ltr'>Συρίαν</span> <span class='ocrx_word' id='word_1_351' title='bbox 3318 2131 3428 2182; x_wconf 88' lang='grc' dir='ltr'>τῶν</span> <span class='ocrx_word' id='word_1_352' title='bbox 3471 2127 3531 2182; x_wconf 73' lang='grc' dir='ltr'>ἐκ</span> <span class='ocrx_word' id='word_1_353' title='bbox 3574 2130 3676 2183; x_wconf 78' lang='grc' dir='ltr'>τοῦ</span> 
     </span>
    </p>
   </div>
   <div class='ocr_carea' id='block_1_53' title="bbox 2012 2211 3674 2294">
    <p class='ocr_par' dir='ltr' id='par_1_53' title="bbox 2012 2211 3674 2294">
     <span class='ocr_line' id='line_1_53' title="bbox 2012 2211 3674 2294; baseline 0.002 -26"><span class='ocrx_word' id='word_1_354' title='bbox 2012 2214 2311 2292; x_wconf 83' lang='grc' dir='ltr'>Μουσάραφ</span> <span class='ocrx_word' id='word_1_355' title='bbox 2368 2211 2706 2291; x_wconf 87' lang='grc' dir='ltr'>ἐπιδρομῶν.</span> <span class='ocrx_word' id='word_1_356' title='bbox 2738 2219 2953 2294; x_wconf 86' lang='grc' dir='ltr'>Ἀφυῶς</span> <span class='ocrx_word' id='word_1_357' title='bbox 3008 2213 3067 2270; x_wconf 74' lang='grc' dir='ltr'>δὲ</span> <span class='ocrx_word' id='word_1_358' title='bbox 3123 2215 3332 2271; x_wconf 68' lang='grc' dir='ltr'>τούτων</span> <span class='ocrx_word' id='word_1_359' title='bbox 3384 2215 3474 2271; x_wconf 84' lang='grc' dir='ltr'>καὶ</span> <span class='ocrx_word' id='word_1_360' title='bbox 3534 2216 3674 2289; x_wconf 79' lang='grc' dir='ltr'>ἀμα-</span> 
     </span>
    </p>
   </div>
   <div class='ocr_carea' id='block_1_54' title="bbox 2014 2300 3669 2379">
    <p class='ocr_par' dir='ltr' id='par_1_54' title="bbox 2014 2300 3669 2379">
     <span class='ocr_line' id='line_1_54' title="bbox 2014 2300 3669 2379; baseline 0.004 -24"><span class='ocrx_word' id='word_1_361' title='bbox 2014 2305 2121 2365; x_wconf 90' lang='grc' dir='ltr'>θῶς</span> <span class='ocrx_word' id='word_1_362' title='bbox 2153 2300 2619 2379; x_wconf 83' lang='grc' dir='ltr'>ἐπιχειρησάντων</span> <span class='ocrx_word' id='word_1_363' title='bbox 2668 2306 2736 2378; x_wconf 82' lang='grc' dir='ltr'>τῇ</span> <span class='ocrx_word' id='word_1_364' title='bbox 2785 2301 3105 2377; x_wconf 77' lang='grc' dir='ltr'>πολιορκίαι</span> <span class='ocrx_word' id='word_1_365' title='bbox 3163 2304 3357 2368; x_wconf 87' lang='grc' dir='ltr'>νυκτὸς</span> <span class='ocrx_word' id='word_1_366' title='bbox 3388 2305 3417 2360; x_wconf 92' lang='lat'>6</span> <span class='ocrx_word' id='word_1_367' title='bbox 3450 2304 3669 2364; x_wconf 82' lang='grc' dir='ltr'>Μουσά-</span> 
     </span>
    </p>
   </div>
   <div class='ocr_carea' id='block_1_55' title="bbox 2015 2389 3668 2472">
    <p class='ocr_par' dir='ltr' id='par_1_55' title="bbox 2015 2389 3668 2472">
     <span class='ocr_line' id='line_1_55' title="bbox 2015 2389 3668 2472; baseline 0.003 -27"><span class='ocrx_word' id='word_1_368' title='bbox 2015 2410 2118 2467; x_wconf 89' lang='grc' dir='ltr'>ραφ</span> <span class='ocrx_word' id='word_1_369' title='bbox 2181 2389 2540 2467; x_wconf 83' lang='grc' dir='ltr'>ὑπεκδραμὼν</span> <span class='ocrx_word' id='word_1_370' title='bbox 2624 2397 2724 2449; x_wconf 75' lang='grc' dir='ltr'>τοῦ</span> <span class='ocrx_word' id='word_1_371' title='bbox 2797 2393 3059 2472; x_wconf 83' lang='grc' dir='ltr'>φρουρίου</span> <span class='ocrx_word' id='word_1_372' title='bbox 3112 2395 3209 2456; x_wconf 88' lang='grc' dir='ltr'>τάς</span> <span class='ocrx_word' id='word_1_373' title='bbox 3264 2415 3322 2450; x_wconf 88' lang='grc' dir='ltr'>τε</span> <span class='ocrx_word' id='word_1_374' title='bbox 3377 2392 3668 2460; x_wconf 65' lang='grc' dir='ltr'>ἑλεπόλεις</span> 
     </span>
    </p>
   </div>
   <div class='ocr_carea' id='block_1_56' title="bbox 2014 2478 3667 2559">
    <p class='ocr_par' dir='ltr' id='par_1_56' title="bbox 2014 2478 3667 2559">
     <span class='ocr_line' id='line_1_56' title="bbox 2014 2478 3667 2559; baseline 0.004 -26"><span class='ocrx_word' id='word_1_375' title='bbox 2014 2478 2279 2553; x_wconf 75' lang='grc' dir='ltr'>ἐνέπρησε</span> <span class='ocrx_word' id='word_1_376' title='bbox 2337 2481 2427 2535; x_wconf 87' lang='grc' dir='ltr'>καὶ</span> <span class='ocrx_word' id='word_1_377' title='bbox 2482 2479 2711 2544; x_wconf 78' lang='grc' dir='ltr'>τούτους</span> <span class='ocrx_word' id='word_1_378' title='bbox 2769 2481 2966 2537; x_wconf 84' lang='grc' dir='ltr'>ἐκεῖθεν</span> <span class='ocrx_word' id='word_1_379' title='bbox 3024 2481 3271 2559; x_wconf 88' lang='grc' dir='ltr'>αἰσχρῶς</span> <span class='ocrx_word' id='word_1_380' title='bbox 3350 2480 3667 2557; x_wconf 83' lang='grc' dir='ltr'>ἀπεδίωξεν.</span> 
     </span>
    </p>
   </div>
   <div class='ocr_carea' id='block_1_57' title="bbox 2010 2566 3670 2650">
    <p class='ocr_par' dir='ltr' id='par_1_57' title="bbox 2010 2566 3670 2650">
     <span class='ocr_line' id='line_1_57' title="bbox 2010 2566 3670 2650; baseline 0.002 -26"><span class='ocrx_word' id='word_1_381' title='bbox 2010 2570 2182 2642; x_wconf 75' lang='grc' dir='ltr'>’Όπερ</span> <span class='ocrx_word' id='word_1_382' title='bbox 2232 2566 2542 2642; x_wconf 86' lang='grc' dir='ltr'>πυθόμενος</span> <span class='ocrx_word' id='word_1_383' title='bbox 2596 2572 2623 2626; x_wconf 89' lang='lat'>6</span> <span class='ocrx_word' id='word_1_384' title='bbox 2684 2570 2958 2646; x_wconf 79' lang='grc' dir='ltr'>βασιλεὺς,</span> <span class='ocrx_word' id='word_1_385' title='bbox 3018 2570 3107 2626; x_wconf 84' lang='grc' dir='ltr'>καὶ</span> <span class='ocrx_word' id='word_1_386' title='bbox 3170 2572 3246 2645; x_wconf 81' lang='grc' dir='ltr'>μὴ</span> <span class='ocrx_word' id='word_1_387' title='bbox 3333 2572 3509 2650; x_wconf 83' lang='grc' dir='ltr'>φέρων</span> <span class='ocrx_word' id='word_1_388' title='bbox 3567 2575 3670 2644; x_wconf 82' lang='grc' dir='ltr'>τήν</span> 
     </span>
    </p>
   </div>
   <div class='ocr_carea' id='block_1_58' title="bbox 2013 2652 3680 2737">
    <p class='ocr_par' dir='ltr' id='par_1_58' title="bbox 2013 2652 3680 2737">
     <span class='ocr_line' id='line_1_58' title="bbox 2013 2652 3680 2737; baseline 0.004 -27"><span class='ocrx_word' id='word_1_389' title='bbox 2013 2652 2191 2731; x_wconf 73' lang='grc' dir='ltr'>ὕϐριν,</span> <span class='ocrx_word' id='word_1_390' title='bbox 2244 2658 2561 2715; x_wconf 87' lang='grc' dir='ltr'>Θεόκτιστον</span> <span class='ocrx_word' id='word_1_391' title='bbox 2618 2662 3132 2737; x_wconf 86' lang='grc' dir='ltr'>πρωτοσπαθάριον,</span> <span class='ocrx_word' id='word_1_392' title='bbox 3180 2658 3273 2716; x_wconf 72' lang='grc' dir='ltr'>ἕνα</span> <span class='ocrx_word' id='word_1_393' title='bbox 3322 2667 3429 2717; x_wconf 90' lang='grc' dir='ltr'>τῶν</span> <span class='ocrx_word' id='word_1_394' title='bbox 3488 2683 3680 2717; x_wconf 88' lang='grc' dir='ltr'>πιστι-</span> 
     </span>
    </p>
   </div>
   <div class='ocr_carea' id='block_1_59' title="bbox 2011 2746 3665 2826">
    <p class='ocr_par' dir='ltr' id='par_1_59' title="bbox 2011 2746 3665 2826">
     <span class='ocr_line' id='line_1_59' title="bbox 2011 2746 3665 2826; baseline 0.004 -26"><span class='ocrx_word' id='word_1_395' title='bbox 2011 2746 2268 2801; x_wconf 84' lang='grc' dir='ltr'>κωτάτων</span> <span class='ocrx_word' id='word_1_396' title='bbox 2303 2748 2448 2821; x_wconf 73' lang='grc' dir='ltr'>αὒτῷ</span> <span class='ocrx_word' id='word_1_397' title='bbox 2482 2750 2799 2825; x_wconf 75' lang='grc' dir='ltr'>ὑπάρχοντα</span> <span class='ocrx_word' id='word_1_398' title='bbox 2849 2748 3111 2805; x_wconf 80' lang='grc' dir='ltr'>δίακόνων</span> <span class='ocrx_word' id='word_1_399' title='bbox 3141 2752 3233 2805; x_wconf 79' lang='grc' dir='ltr'>καὶ</span> <span class='ocrx_word' id='word_1_400' title='bbox 3291 2752 3458 2826; x_wconf 87' lang='grc' dir='ltr'>μέγαν</span> <span class='ocrx_word' id='word_1_401' title='bbox 3518 2752 3665 2807; x_wconf 73' lang='grc' dir='ltr'>ἑται-</span> 
     </span>
    </p>
   </div>
   <div class='ocr_carea' id='block_1_60' title="bbox 2013 2837 3670 2915">
    <p class='ocr_par' dir='ltr' id='par_1_60' title="bbox 2013 2837 3670 2915">
     <span class='ocr_line' id='line_1_60' title="bbox 2013 2837 3670 2915; baseline 0.004 -26"><span class='ocrx_word' id='word_1_402' title='bbox 2013 2837 2277 2912; x_wconf 81' lang='grc' dir='ltr'>ρειάρχην</span> <span class='ocrx_word' id='word_1_403' title='bbox 2353 2842 2432 2909; x_wconf 82' lang='grc' dir='ltr'>τῷ</span> <span class='ocrx_word' id='word_1_404' title='bbox 2498 2838 2621 2893; x_wconf 82' lang='grc' dir='ltr'>τότε</span> <span class='ocrx_word' id='word_1_405' title='bbox 2686 2839 3121 2915; x_wconf 86' lang='grc' dir='ltr'>χρηματίζοντα,</span> <span class='ocrx_word' id='word_1_406' title='bbox 3181 2840 3314 2913; x_wconf 89' lang='grc' dir='ltr'>μετά</span> <span class='ocrx_word' id='word_1_407' title='bbox 3388 2839 3670 2914; x_wconf 83' lang='grc' dir='ltr'>δυνάμεως</span> 
     </span>
    </p>
   </div>
   <div class='ocr_carea' id='block_1_61' title="bbox 2012 2923 3664 3002">
    <p class='ocr_par' dir='ltr' id='par_1_61' title="bbox 2012 2923 3664 3002">
     <span class='ocr_line' id='line_1_61' title="bbox 2012 2923 3664 3002; baseline 0.004 -23"><span class='ocrx_word' id='word_1_408' title='bbox 2012 2923 2176 3001; x_wconf 85' lang='grc' dir='ltr'>ἀδρᾶς</span> <span class='ocrx_word' id='word_1_409' title='bbox 2225 2927 2511 3000; x_wconf 82' lang='grc' dir='ltr'>Ῥωμαίων</span> <span class='ocrx_word' id='word_1_410' title='bbox 2562 2949 2621 2983; x_wconf 89' lang='grc' dir='ltr'>τε</span> <span class='ocrx_word' id='word_1_411' title='bbox 2670 2929 2758 2984; x_wconf 86' lang='grc' dir='ltr'>καὶ</span> <span class='ocrx_word' id='word_1_412' title='bbox 2818 2927 3040 2984; x_wconf 82' lang='grc' dir='ltr'>ἐθνικῶν</span> <span class='ocrx_word' id='word_1_413' title='bbox 3113 2930 3253 2985; x_wconf 83' lang='grc' dir='ltr'>κατά</span> <span class='ocrx_word' id='word_1_414' title='bbox 3326 2931 3529 3002; x_wconf 79' lang='grc' dir='ltr'>Συρίας</span> <span class='ocrx_word' id='word_1_415' title='bbox 3577 2930 3664 2986; x_wconf 80' lang='grc' dir='ltr'>ἐκ·</span> 
     </span>
    </p>
   </div>
   <div class='ocr_carea' id='block_1_62' title="bbox 2010 3015 3665 3095">
    <p class='ocr_par' dir='ltr' id='par_1_62' title="bbox 2010 3015 3665 3095">
     <span class='ocr_line' id='line_1_62' title="bbox 2010 3015 3665 3095; baseline 0.004 -27"><span class='ocrx_word' id='word_1_416' title='bbox 2010 3015 2235 3087; x_wconf 86' lang='grc' dir='ltr'>πέμπει,</span> <span class='ocrx_word' id='word_1_417' title='bbox 2272 3017 2575 3091; x_wconf 89' lang='grc' dir='ltr'>στρατηγὸν</span> <span class='ocrx_word' id='word_1_418' title='bbox 2635 3016 3006 3092; x_wconf 81' lang='grc' dir='ltr'>αὐτοκράτορα</span> <span class='ocrx_word' id='word_1_419' title='bbox 3038 3020 3149 3091; x_wconf 73' lang='grc'>(84)</span> <span class='ocrx_word' id='word_1_420' title='bbox 3178 3022 3371 3074; x_wconf 78' lang='grc' dir='ltr'>τοῦτον</span> <span class='ocrx_word' id='word_1_421' title='bbox 3430 3039 3665 3095; x_wconf 84' lang='grc' dir='ltr'>προχει-</span> 
     </span>
    </p>
   </div>
   <div class='ocr_carea' id='block_1_63' title="bbox 2012 3105 3670 3184">
    <p class='ocr_par' dir='ltr' id='par_1_63' title="bbox 2012 3105 3670 3184">
     <span class='ocr_line' id='line_1_63' title="bbox 2012 3105 3670 3184; baseline 0.004 -28"><span class='ocrx_word' id='word_1_422' title='bbox 2012 3110 2323 3179; x_wconf 82' lang='grc' dir='ltr'>ρισάμενος,</span> <span class='ocrx_word' id='word_1_423' title='bbox 2371 3105 2462 3161; x_wconf 84' lang='grc' dir='ltr'>καὶ</span> <span class='ocrx_word' id='word_1_424' title='bbox 2517 3106 2820 3181; x_wconf 79' lang='grc' dir='ltr'>ἐπισκήψας</span> <span class='ocrx_word' id='word_1_425' title='bbox 2876 3106 2955 3179; x_wconf 78' lang='grc' dir='ltr'>τῷ</span> <span class='ocrx_word' id='word_1_426' title='bbox 3012 3105 3338 3184; x_wconf 88' lang='grc' dir='ltr'>Τριπόλεως</span> <span class='ocrx_word' id='word_1_427' title='bbox 3400 3111 3670 3183; x_wconf 78' lang='grc' dir='ltr'>συμμῖξαι</span> 
     </span>
    </p>
   </div>
   <div class='ocr_carea' id='block_1_64' title="bbox 2011 3191 3666 3272">
    <p class='ocr_par' dir='ltr' id='par_1_64' title="bbox 2011 3191 3666 3272">
     <span class='ocr_line' id='line_1_64' title="bbox 2011 3191 3666 3272; baseline 0.004 -25"><span class='ocrx_word' id='word_1_428' title='bbox 2011 3192 2199 3269; x_wconf 84' lang='grc' dir='ltr'>ἀμηρᾷ</span> <span class='ocrx_word' id='word_1_429' title='bbox 2230 3196 2512 3270; x_wconf 76' lang='grc' dir='ltr'>Πινζαράχ</span> <span class='ocrx_word' id='word_1_430' title='bbox 2534 3194 2624 3250; x_wconf 86' lang='grc' dir='ltr'>καὶ</span> <span class='ocrx_word' id='word_1_431' title='bbox 2661 3197 2777 3268; x_wconf 85' lang='grc' dir='ltr'>μετ’</span> <span class='ocrx_word' id='word_1_432' title='bbox 2809 3195 2974 3250; x_wconf 80' lang='grc' dir='ltr'>αὐτοῦ</span> <span class='ocrx_word' id='word_1_433' title='bbox 3002 3198 3070 3251; x_wconf 75' lang='grc' dir='ltr'>τὰ</span> <span class='ocrx_word' id='word_1_434' title='bbox 3114 3201 3222 3251; x_wconf 90' lang='grc' dir='ltr'>τῶν</span> <span class='ocrx_word' id='word_1_435' title='bbox 3258 3191 3507 3272; x_wconf 77' lang='grc' dir='ltr'>’Λράϐων</span> <span class='ocrx_word' id='word_1_436' title='bbox 3569 3196 3666 3253; x_wconf 87' lang='grc' dir='ltr'>λυ-</span> 
     </span>
    </p>
   </div>
   <div class='ocr_carea' id='block_1_65' title="bbox 2014 3282 3669 3363">
    <p class='ocr_par' dir='ltr' id='par_1_65' title="bbox 2014 3282 3669 3363">
     <span class='ocr_line' id='line_1_65' title="bbox 2014 3282 3669 3363; baseline 0.004 -27"><span class='ocrx_word' id='word_1_437' title='bbox 2014 3284 2318 3355; x_wconf 70' lang='grc' dir='ltr'>μαίνεσθαι*</span> <span class='ocrx_word' id='word_1_438' title='bbox 2374 3282 2534 3359; x_wconf 74' lang='grc' dir='ltr'>ἔτυχε</span> <span class='ocrx_word' id='word_1_439' title='bbox 2605 3285 2705 3359; x_wconf 79' lang='grc' dir='ltr'>γὰρ</span> <span class='ocrx_word' id='word_1_440' title='bbox 2789 3285 2947 3347; x_wconf 83' lang='grc' dir='ltr'>οὗτος</span> <span class='ocrx_word' id='word_1_441' title='bbox 3005 3286 3033 3341; x_wconf 89' lang='lat'>6</span> <span class='ocrx_word' id='word_1_442' title='bbox 3091 3285 3373 3363; x_wconf 82' lang='grc' dir='ltr'>Πινζαράχ</span> <span class='ocrx_word' id='word_1_443' title='bbox 3456 3283 3545 3341; x_wconf 86' lang='grc' dir='ltr'>διά</span> <span class='ocrx_word' id='word_1_444' title='bbox 3614 3307 3669 3344; x_wconf 87' lang='grc' dir='ltr'>τι</span> 
     </span>
    </p>
   </div>
   <div class='ocr_carea' id='block_1_66' title="bbox 246 3371 1898 3459">
    <p class='ocr_par' dir='ltr' id='par_1_66' title="bbox 246 3374 1889 3452">
     <span class='ocr_line' id='line_1_66' title="bbox 246 3374 1889 3452; baseline -0.004 -17"><span class='ocrx_word' id='word_1_445' title='bbox 246 3378 561 3452; x_wconf 90' lang='lat' dir='ltr'>recipiebat</span> <span class='ocrx_word' id='word_1_446' title='bbox 588 3382 646 3434; x_wconf 87' lang='lat' dir='ltr'>et</span> <span class='ocrx_word' id='word_1_447' title='bbox 674 3376 1011 3434; x_wconf 87' lang='lat' dir='ltr'>societatem</span> <span class='ocrx_word' id='word_1_448' title='bbox 1058 3374 1192 3431; x_wconf 83' lang='lat' dir='ltr'>belli</span> <span class='ocrx_word' id='word_1_449' title='bbox 1246 3391 1379 3430; x_wconf 92' lang='lat' dir='ltr'>cum</span> <span class='ocrx_word' id='word_1_450' title='bbox 1413 3391 1479 3430; x_wconf 89' lang='lat' dir='ltr'>eo</span> <span class='ocrx_word' id='word_1_451' title='bbox 1510 3374 1665 3430; x_wconf 90' lang='lat' dir='ltr'>coire</span> <span class='ocrx_word' id='word_1_452' title='bbox 1694 3374 1889 3446; x_wconf 83' lang='lat' dir='ltr'>cupie-</span> 
     </span>
    </p>
   </div>
   <div class='ocr_carea' id='block_1_67' title="bbox 2089 3371 3667 3459">
    <p class='ocr_par' dir='ltr' id='par_1_67' title="bbox 2089 3371 3667 3454">
     <span class='ocr_line' id='line_1_67' title="bbox 2089 3371 3667 3454; baseline 0.004 -28"><span class='ocrx_word' id='word_1_453' title='bbox 2089 3371 2367 3447; x_wconf 89' lang='grc' dir='ltr'>όσκρουμα</span> <span class='ocrx_word' id='word_1_454' title='bbox 2412 3374 2520 3449; x_wconf 71' lang='grc' dir='ltr'>πρδ</span> <span class='ocrx_word' id='word_1_455' title='bbox 2570 3378 2770 3450; x_wconf 79' lang='grc' dir='ltr'>μικροῦ</span> <span class='ocrx_word' id='word_1_456' title='bbox 2800 3373 3169 3444; x_wconf 73' lang='grc' dir='ltr'>ἀποστατῆσαι</span> <span class='ocrx_word' id='word_1_457' title='bbox 3200 3380 3295 3431; x_wconf 79' lang='grc' dir='ltr'><strong>τοῦ</strong></span> <span class='ocrx_word' id='word_1_458' title='bbox 3352 3375 3667 3454; x_wconf 79' lang='grc' dir='ltr'>Αἰγυπτίων</span> 
     </span>
    </p>
   </div>
   <div class='ocr_carea' id='block_1_68' title="bbox 246 3464 1896 3538">
    <p class='ocr_par' dir='ltr' id='par_1_68' title="bbox 246 3464 1896 3538">
     <span class='ocr_line' id='line_1_68' title="bbox 246 3464 1896 3538; baseline -0.004 -13"><span class='ocrx_word' id='word_1_459' title='bbox 246 3472 361 3525; x_wconf 90' lang='lat' dir='ltr'>bat.</span> <span class='ocrx_word' id='word_1_460' title='bbox 394 3469 535 3538; x_wconf 64' lang='lat' dir='ltr'>Ejus</span> <span class='ocrx_word' id='word_1_461' title='bbox 561 3468 904 3537; x_wconf 89' lang='lat' dir='ltr'>petitionem</span> <span class='ocrx_word' id='word_1_462' title='bbox 939 3464 1181 3519; x_wconf 90' lang='lat' dir='ltr'>minime</span> <span class='ocrx_word' id='word_1_463' title='bbox 1210 3464 1703 3519; x_wconf 89' lang='lat' dir='ltr'>contemnandam</span> <span class='ocrx_word' id='word_1_464' title='bbox 1734 3467 1896 3519; x_wconf 91' lang='lat' dir='ltr'>ratus</span> 
     </span>
    </p>
   </div>
   <div class='ocr_carea' id='block_1_69' title="bbox 248 3551 1894 3623">
    <p class='ocr_par' dir='ltr' id='par_1_69' title="bbox 248 3551 1894 3623">
     <span class='ocr_line' id='line_1_69' title="bbox 248 3551 1894 3623; baseline -0.005 -10"><span class='ocrx_word' id='word_1_465' title='bbox 248 3559 546 3613; x_wconf 77' lang='lat' dir='ltr'>Romanus</span> <span class='ocrx_word' id='word_1_466' title='bbox 594 3556 1001 3610; x_wconf 88' lang='lat' dir='ltr'>Theoctistum</span> <span class='ocrx_word' id='word_1_467' title='bbox 1051 3553 1264 3623; x_wconf 88' lang='lat' dir='ltr'>amplis</span> <span class='ocrx_word' id='word_1_468' title='bbox 1296 3569 1430 3606; x_wconf 91' lang='lat' dir='ltr'>cum</span> <span class='ocrx_word' id='word_1_469' title='bbox 1481 3551 1662 3622; x_wconf 90' lang='lat' dir='ltr'>copiis</span> <span class='ocrx_word' id='word_1_470' title='bbox 1694 3552 1894 3622; x_wconf 86' lang='lat' dir='ltr'>mittit,</span> 
     </span>
    </p>
   </div>
   <div class='ocr_carea' id='block_1_70' title="bbox 248 3640 1899 3718">
    <p class='ocr_par' dir='ltr' id='par_1_70' title="bbox 248 3640 1899 3718">
     <span class='ocr_line' id='line_1_70' title="bbox 248 3640 1899 3718; baseline -0.004 -17"><span class='ocrx_word' id='word_1_471' title='bbox 248 3645 347 3718; x_wconf 90' lang='lat' dir='ltr'>qui</span> <span class='ocrx_word' id='word_1_472' title='bbox 379 3649 435 3700; x_wconf 92' lang='lat' dir='ltr'>et</span> <span class='ocrx_word' id='word_1_473' title='bbox 478 3660 610 3700; x_wconf 88' lang='lat' dir='ltr'>cum</span> <span class='ocrx_word' id='word_1_474' title='bbox 666 3641 1019 3697; x_wconf 87' lang='lat' dir='ltr'>Pinzaracho</span> <span class='ocrx_word' id='word_1_475' title='bbox 1071 3656 1133 3695; x_wconf 89' lang='lat' dir='ltr'>se</span> <span class='ocrx_word' id='word_1_476' title='bbox 1182 3642 1564 3712; x_wconf 84' lang='lat' dir='ltr'>conjungeret</span> <span class='ocrx_word' id='word_1_477' title='bbox 1612 3644 1669 3695; x_wconf 92' lang='lat' dir='ltr'>et</span> <span class='ocrx_word' id='word_1_478' title='bbox 1712 3640 1899 3696; x_wconf 90' lang='lat' dir='ltr'>obiter</span> 
     </span>
    </p>
   </div>
   <div class='ocr_carea' id='block_1_71' title="bbox 245 3728 1897 3798">
    <p class='ocr_par' dir='ltr' id='par_1_71' title="bbox 245 3728 1897 3798">
     <span class='ocr_line' id='line_1_71' title="bbox 245 3728 1897 3798; baseline -0.003 -8"><span class='ocrx_word' id='word_1_479' title='bbox 245 3734 537 3790; x_wconf 91' lang='lat' dir='ltr'>Menicum</span> <span class='ocrx_word' id='word_1_480' title='bbox 570 3732 723 3787; x_wconf 78' lang='lat'><strong>496</strong></span> <span class='ocrx_word' id='word_1_481' title='bbox 755 3728 1063 3787; x_wconf 86' lang='lat' dir='ltr'>castellum</span> <span class='ocrx_word' id='word_1_482' title='bbox 1096 3732 1364 3785; x_wconf 84' lang='lat' dir='ltr'>tentaret.</span> <span class='ocrx_word' id='word_1_483' title='bbox 1393 3729 1570 3798; x_wconf 92' lang='lat' dir='ltr'>quue</span> <span class='ocrx_word' id='word_1_484' title='bbox 1601 3729 1897 3785; x_wconf 85' lang='lat' dir='ltr'>Theoctis-</span> 
     </span>
    </p>
   </div>
   <div class='ocr_carea' id='block_1_72' title="bbox 245 3818 1894 3890">
    <p class='ocr_par' dir='ltr' id='par_1_72' title="bbox 245 3818 1894 3890">
     <span class='ocr_line' id='line_1_72' title="bbox 245 3818 1894 3890; baseline -0.002 -12"><span class='ocrx_word' id='word_1_485' title='bbox 245 3829 343 3879; x_wconf 88' lang='lat' dir='ltr'>tus</span> <span class='ocrx_word' id='word_1_486' title='bbox 395 3822 666 3878; x_wconf 88' lang='lat' dir='ltr'>alacriter</span> <span class='ocrx_word' id='word_1_487' title='bbox 710 3825 802 3876; x_wconf 92' lang='lat' dir='ltr'>est</span> <span class='ocrx_word' id='word_1_488' title='bbox 857 3823 1189 3875; x_wconf 86' lang='lat' dir='ltr'>exsecutus.</span> <span class='ocrx_word' id='word_1_489' title='bbox 1253 3821 1330 3873; x_wconf 88' lang='lat' dir='ltr'>Ac</span> <span class='ocrx_word' id='word_1_490' title='bbox 1390 3818 1618 3873; x_wconf 90' lang='lat' dir='ltr'>Tusber</span> <span class='ocrx_word' id='word_1_491' title='bbox 1655 3818 1894 3890; x_wconf 90' lang='lat' dir='ltr'>quidem</span> 
     </span>
    </p>
   </div>
   <div class='ocr_carea' id='block_1_73' title="bbox 244 3908 1896 3981">
    <p class='ocr_par' dir='ltr' id='par_1_73' title="bbox 244 3908 1896 3981">
     <span class='ocr_line' id='line_1_73' title="bbox 244 3908 1896 3981; baseline -0.004 -12"><span class='ocrx_word' id='word_1_492' title='bbox 244 3914 439 3969; x_wconf 88' lang='lat' dir='ltr'>subito</span> <span class='ocrx_word' id='word_1_493' title='bbox 496 3912 626 3981; x_wconf 85' lang='lat' dir='ltr'>ejus</span> <span class='ocrx_word' id='word_1_494' title='bbox 685 3912 938 3965; x_wconf 88' lang='lat' dir='ltr'>adventu</span> <span class='ocrx_word' id='word_1_495' title='bbox 999 3925 1066 3963; x_wconf 89' lang='lat' dir='ltr'>ac</span> <span class='ocrx_word' id='word_1_496' title='bbox 1127 3908 1506 3963; x_wconf 89' lang='lat' dir='ltr'>multitudine</span> <span class='ocrx_word' id='word_1_497' title='bbox 1555 3908 1896 3979; x_wconf 88' lang='lat' dir='ltr'>perterritus</span> 
     </span>
    </p>
   </div>
   <div class='ocr_carea' id='block_1_74' title="bbox 242 3996 1894 4068">
    <p class='ocr_par' dir='ltr' id='par_1_74' title="bbox 242 3996 1894 4068">
     <span class='ocr_line' id='line_1_74' title="bbox 242 3996 1894 4068; baseline -0.004 -11"><span class='ocrx_word' id='word_1_498' title='bbox 242 4002 485 4057; x_wconf 89' lang='lat' dir='ltr'>domum</span> <span class='ocrx_word' id='word_1_499' title='bbox 536 3998 728 4055; x_wconf 88' lang='lat' dir='ltr'>rediit.</span> <span class='ocrx_word' id='word_1_500' title='bbox 780 3998 889 4052; x_wconf 90' lang='lat' dir='ltr'>Sed</span> <span class='ocrx_word' id='word_1_501' title='bbox 943 4002 999 4052; x_wconf 90' lang='lat' dir='ltr'>et</span> <span class='ocrx_word' id='word_1_502' title='bbox 1055 3996 1444 4068; x_wconf 82' lang='lat' dir='ltr'>Masarapbus</span> <span class='ocrx_word' id='word_1_503' title='bbox 1493 3996 1750 4051; x_wconf 83' lang='lat' dir='ltr'>hostium</span> <span class='ocrx_word' id='word_1_504' title='bbox 1783 3996 1894 4051; x_wconf 88' lang='lat' dir='ltr'>im-</span> 
     </span>
    </p>
   </div>
   <div class='ocr_carea' id='block_1_75' title="bbox 246 4085 1895 4161">
    <p class='ocr_par' dir='ltr' id='par_1_75' title="bbox 246 4085 1895 4161">
     <span class='ocr_line' id='line_1_75' title="bbox 246 4085 1895 4161; baseline -0.004 -15"><span class='ocrx_word' id='word_1_505' title='bbox 246 4089 603 4161; x_wconf 87' lang='lat' dir='ltr'>pressionem</span> <span class='ocrx_word' id='word_1_506' title='bbox 638 4104 753 4142; x_wconf 90' lang='lat' dir='ltr'>non</span> <span class='ocrx_word' id='word_1_507' title='bbox 788 4085 1093 4142; x_wconf 89' lang='lat' dir='ltr'>sustinens</span> <span class='ocrx_word' id='word_1_508' title='bbox 1126 4085 1346 4141; x_wconf 83' lang='lat' dir='ltr'>Menico</span> <span class='ocrx_word' id='word_1_509' title='bbox 1378 4085 1607 4140; x_wconf 91' lang='lat' dir='ltr'>deserto</span> <span class='ocrx_word' id='word_1_510' title='bbox 1634 4085 1804 4157; x_wconf 86' lang='lat' dir='ltr'>fugit,</span> <span class='ocrx_word' id='word_1_511' title='bbox 1828 4101 1895 4140; x_wconf 87' lang='lat' dir='ltr'>ac</span> 
     </span>
    </p>
   </div>
   <div class='ocr_carea' id='block_1_76' title="bbox 244 4173 1895 4251">
    <p class='ocr_par' dir='ltr' id='par_1_76' title="bbox 244 4173 1895 4251">
     <span class='ocr_line' id='line_1_76' title="bbox 244 4173 1895 4251; baseline -0.003 -16"><span class='ocrx_word' id='word_1_512' title='bbox 244 4178 646 4251; x_wconf 89' lang='lat' dir='ltr'>deprehensus</span> <span class='ocrx_word' id='word_1_513' title='bbox 692 4177 750 4230; x_wconf 91' lang='lat' dir='ltr'>in</span> <span class='ocrx_word' id='word_1_514' title='bbox 802 4174 1101 4230; x_wconf 87' lang='lat' dir='ltr'>montibus</span> <span class='ocrx_word' id='word_1_515' title='bbox 1151 4174 1306 4246; x_wconf 92' lang='lat' dir='ltr'>apud</span> <span class='ocrx_word' id='word_1_516' title='bbox 1358 4174 1619 4246; x_wconf 90' lang='lat' dir='ltr'>Tripolin</span> <span class='ocrx_word' id='word_1_517' title='bbox 1666 4173 1895 4230; x_wconf 90' lang='lat' dir='ltr'>occisus</span> 
     </span>
    </p>
   </div>
   <div class='ocr_carea' id='block_1_77' title="bbox 240 4262 1893 4334">
    <p class='ocr_par' dir='ltr' id='par_1_77' title="bbox 240 4262 1893 4334">
     <span class='ocr_line' id='line_1_77' title="bbox 240 4262 1893 4334; baseline -0.001 -13"><span class='ocrx_word' id='word_1_518' title='bbox 240 4272 349 4321; x_wconf 85' lang='lat' dir='ltr'>est.</span> <span class='ocrx_word' id='word_1_519' title='bbox 403 4265 692 4319; x_wconf 79' lang='lat' dir='ltr'>Menicum</span> <span class='ocrx_word' id='word_1_520' title='bbox 743 4282 776 4319; x_wconf 86' lang='lat' dir='ltr'>a</span> <span class='ocrx_word' id='word_1_521' title='bbox 822 4263 945 4318; x_wconf 84' lang='lat' dir='ltr'>ﬁlio</span> <span class='ocrx_word' id='word_1_522' title='bbox 996 4263 1195 4318; x_wconf 83' lang='lat' dir='ltr'>fratris</span> <span class='ocrx_word' id='word_1_523' title='bbox 1240 4263 1579 4334; x_wconf 87' lang='lat' dir='ltr'>Musaraphi</span> <span class='ocrx_word' id='word_1_524' title='bbox 1629 4262 1893 4319; x_wconf 86' lang='lat' dir='ltr'>deditum</span> 
     </span>
    </p>
   </div>
   <div class='ocr_carea' id='block_1_78' title="bbox 242 4350 1892 4425">
    <p class='ocr_par' dir='ltr' id='par_1_78' title="bbox 242 4350 1892 4425">
     <span class='ocr_line' id='line_1_78' title="bbox 242 4350 1892 4425; baseline -0.002 -14"><span class='ocrx_word' id='word_1_525' title='bbox 242 4355 615 4411; x_wconf 89' lang='lat' dir='ltr'>Theoctistus</span> <span class='ocrx_word' id='word_1_526' title='bbox 660 4352 888 4425; x_wconf 90' lang='lat' dir='ltr'>recipit,</span> <span class='ocrx_word' id='word_1_527' title='bbox 937 4352 1216 4424; x_wconf 88' lang='lat' dir='ltr'>aliudque</span> <span class='ocrx_word' id='word_1_528' title='bbox 1266 4353 1442 4407; x_wconf 89' lang='lat' dir='ltr'>etiam</span> <span class='ocrx_word' id='word_1_529' title='bbox 1492 4350 1798 4408; x_wconf 90' lang='lat' dir='ltr'>castellum</span> <span class='ocrx_word' id='word_1_530' title='bbox 1833 4352 1892 4407; x_wconf 92' lang='lat' dir='ltr'>in</span> 
     </span>
    </p>
   </div>
   <div class='ocr_carea' id='block_1_79' title="bbox 241 4440 1890 4517">
    <p class='ocr_par' dir='ltr' id='par_1_79' title="bbox 241 4440 1890 4517">
     <span class='ocr_line' id='line_1_79' title="bbox 241 4440 1890 4517; baseline -0.001 -17"><span class='ocrx_word' id='word_1_531' title='bbox 241 4448 533 4517; x_wconf 69' lang='lat' dir='ltr'>praerupto</span> <span class='ocrx_word' id='word_1_532' title='bbox 591 4442 771 4499; x_wconf 85' lang='lat' dir='ltr'>situm</span> <span class='ocrx_word' id='word_1_533' title='bbox 854 4458 1013 4509; x_wconf 82' lang='lat' dir='ltr'>saxo,</span> <span class='ocrx_word' id='word_1_534' title='bbox 1076 4440 1313 4496; x_wconf 90' lang='lat' dir='ltr'>nomine</span> <span class='ocrx_word' id='word_1_535' title='bbox 1384 4442 1890 4514; x_wconf 83' lang='lat' dir='ltr'>Argyrocastrum.</span> 
     </span>
    </p>
   </div>
   <div class='ocr_carea' id='block_1_80' title="bbox 2009 3460 3670 3537">
    <p class='ocr_par' dir='ltr' id='par_1_80' title="bbox 2009 3460 3670 3537">
     <span class='ocr_line' id='line_1_80' title="bbox 2009 3460 3670 3537; baseline 0.004 -23"><span class='ocrx_word' id='word_1_536' title='bbox 2009 3462 2372 3537; x_wconf 86' lang='grc' dir='ltr'>ἀμερμουμνῆ</span> <span class='ocrx_word' id='word_1_537' title='bbox 2422 3462 2511 3517; x_wconf 81' lang='grc' dir='ltr'>καὶ</span> <span class='ocrx_word' id='word_1_538' title='bbox 2557 3460 2704 3517; x_wconf 72' lang='grc' dir='ltr'>ὅπλα</span> <span class='ocrx_word' id='word_1_539' title='bbox 2761 3470 2985 3533; x_wconf 85' lang='grc' dir='ltr'>κινῆσαι</span> <span class='ocrx_word' id='word_1_540' title='bbox 3041 3466 3158 3520; x_wconf 89' lang='grc' dir='ltr'>κατ’</span> <span class='ocrx_word' id='word_1_541' title='bbox 3188 3465 3379 3521; x_wconf 77' lang='grc' dir='ltr'>αὐτοῦ.</span> <span class='ocrx_word' id='word_1_542' title='bbox 3415 3466 3514 3523; x_wconf 83' lang='grc' dir='ltr'>Καὶ</span> <span class='ocrx_word' id='word_1_543' title='bbox 3569 3470 3670 3521; x_wconf 77' lang='grc' dir='ltr'>τοῦ</span> 
     </span>
    </p>
   </div>
   <div class='ocr_carea' id='block_1_81' title="bbox 2004 3550 3672 3630">
    <p class='ocr_par' dir='ltr' id='par_1_81' title="bbox 2004 3550 3672 3630">
     <span class='ocr_line' id='line_1_81' title="bbox 2004 3550 3672 3630; baseline 0.001 -23"><span class='ocrx_word' id='word_1_544' title='bbox 2004 3550 2309 3618; x_wconf 81' lang='grc' dir='ltr'>Αἰγυπτίου</span> <span class='ocrx_word' id='word_1_545' title='bbox 2366 3552 2457 3606; x_wconf 88' lang='grc' dir='ltr'>τὸν</span> <span class='ocrx_word' id='word_1_546' title='bbox 2517 3556 2753 3627; x_wconf 82' lang='grc' dir='ltr'>Τοῦρκον</span> <span class='ocrx_word' id='word_1_547' title='bbox 2821 3557 3089 3628; x_wconf 79' lang='grc' dir='ltr'>Τοῦσπερ,</span> <span class='ocrx_word' id='word_1_548' title='bbox 3155 3551 3403 3629; x_wconf 81' lang='grc' dir='ltr'>ἄρχοντα</span> <span class='ocrx_word' id='word_1_549' title='bbox 3457 3553 3672 3630; x_wconf 84' lang='grc' dir='ltr'>τυγχά-</span> 
     </span>
    </p>
   </div>
   <div class='ocr_carea' id='block_1_82' title="bbox 2004 3640 3671 3719">
    <p class='ocr_par' dir='ltr' id='par_1_82' title="bbox 2004 3640 3671 3719">
     <span class='ocr_line' id='line_1_82' title="bbox 2004 3640 3671 3719; baseline 0.004 -26"><span class='ocrx_word' id='word_1_550' title='bbox 2004 3660 2163 3694; x_wconf 88' lang='grc' dir='ltr'>νοντα</span> <span class='ocrx_word' id='word_1_551' title='bbox 2221 3644 2329 3694; x_wconf 90' lang='grc' dir='ltr'>τῶν</span> <span class='ocrx_word' id='word_1_552' title='bbox 2381 3640 2544 3695; x_wconf 81' lang='grc' dir='ltr'>αὐτοῦ</span> <span class='ocrx_word' id='word_1_553' title='bbox 2601 3643 2922 3717; x_wconf 82' lang='grc' dir='ltr'>ταγμάτων,</span> <span class='ocrx_word' id='word_1_554' title='bbox 2958 3643 3091 3715; x_wconf 88' lang='grc' dir='ltr'>μετά</span> <span class='ocrx_word' id='word_1_555' title='bbox 3134 3645 3325 3719; x_wconf 74' lang='grc' dir='ltr'>’χειρὸς</span> <span class='ocrx_word' id='word_1_556' title='bbox 3368 3641 3671 3718; x_wconf 81' lang='grc' dir='ltr'>ἀξιολόγου</span> 
     </span>
    </p>
   </div>
   <div class='ocr_carea' id='block_1_83' title="bbox 2004 3726 3671 3807">
    <p class='ocr_par' dir='ltr' id='par_1_83' title="bbox 2004 3726 3671 3807">
     <span class='ocr_line' id='line_1_83' title="bbox 2004 3726 3671 3807; baseline 0.004 -26"><span class='ocrx_word' id='word_1_557' title='bbox 2004 3726 2094 3782; x_wconf 75' lang='grc' dir='ltr'>ἐπὶ</span> <span class='ocrx_word' id='word_1_558' title='bbox 2123 3730 2430 3806; x_wconf 84' lang='grc' dir='ltr'>καθαιρέσει</span> <span class='ocrx_word' id='word_1_559' title='bbox 2476 3733 2574 3785; x_wconf 77' lang='grc' dir='ltr'>τοῦ</span> <span class='ocrx_word' id='word_1_560' title='bbox 2626 3731 2914 3807; x_wconf 82' lang='grc' dir='ltr'>Ηινζαράχ</span> <span class='ocrx_word' id='word_1_561' title='bbox 2967 3730 3344 3806; x_wconf 86' lang='grc' dir='ltr'>πεπομφότος,</span> <span class='ocrx_word' id='word_1_562' title='bbox 3377 3732 3452 3797; x_wconf 86' lang='grc' dir='ltr'>ὡς</span> <span class='ocrx_word' id='word_1_563' title='bbox 3508 3731 3671 3797; x_wconf 79' lang='grc' dir='ltr'>οὗτος</span> 
     </span>
    </p>
   </div>
   <div class='ocr_carea' id='block_1_84' title="bbox 2005 3814 3669 3896">
    <p class='ocr_par' dir='ltr' id='par_1_84' title="bbox 2005 3814 3669 3896">
     <span class='ocr_line' id='line_1_84' title="bbox 2005 3814 3669 3896; baseline 0.004 -24"><span class='ocrx_word' id='word_1_564' title='bbox 2005 3814 2200 3892; x_wconf 74' lang='grc' dir='ltr'>ᾔσθετο</span> <span class='ocrx_word' id='word_1_565' title='bbox 2238 3819 2314 3892; x_wconf 78' lang='grc' dir='ltr'>μὴ</span> <span class='ocrx_word' id='word_1_566' title='bbox 2346 3819 2658 3895; x_wconf 75' lang='grc' dir='ltr'>ἀξιόμαχος</span> <span class='ocrx_word' id='word_1_567' title='bbox 2688 3820 2828 3874; x_wconf 77' lang='grc' dir='ltr'>εἶναι</span> <span class='ocrx_word' id='word_1_568' title='bbox 2862 3820 3023 3883; x_wconf 83' lang='grc' dir='ltr'>αὐτὸς</span> <span class='ocrx_word' id='word_1_569' title='bbox 3053 3822 3171 3875; x_wconf 86' lang='grc' dir='ltr'>καθ’</span> <span class='ocrx_word' id='word_1_570' title='bbox 3221 3822 3408 3877; x_wconf 73' lang='grc' dir='ltr'>ἐαυτὸν</span> <span class='ocrx_word' id='word_1_571' title='bbox 3455 3825 3525 3896; x_wconf 80' lang='grc' dir='ltr'>τῇ</span> <span class='ocrx_word' id='word_1_572' title='bbox 3556 3826 3669 3878; x_wconf 86' lang='grc' dir='ltr'>τῶν</span> 
     </span>
    </p>
   </div>
   <div class='ocr_carea' id='block_1_85' title="bbox 2003 3905 3668 3985">
    <p class='ocr_par' dir='ltr' id='par_1_85' title="bbox 2003 3905 3668 3985">
     <span class='ocr_line' id='line_1_85' title="bbox 2003 3905 3668 3985; baseline 0.002 -21"><span class='ocrx_word' id='word_1_573' title='bbox 2003 3906 2317 3980; x_wconf 78' lang='grc' dir='ltr'>Αἰγυπτίων</span> <span class='ocrx_word' id='word_1_574' title='bbox 2368 3906 2758 3980; x_wconf 76' lang='grc' dir='ltr'>συμπλακῆναι</span> <span class='ocrx_word' id='word_1_575' title='bbox 2820 3905 3074 3981; x_wconf 79' lang='grc' dir='ltr'>δυνάμει,</span> <span class='ocrx_word' id='word_1_576' title='bbox 3124 3914 3205 3982; x_wconf 80' lang='grc' dir='ltr'>τῷ</span> <span class='ocrx_word' id='word_1_577' title='bbox 3268 3909 3486 3985; x_wconf 83' lang='grc' dir='ltr'>βασιλεῖ</span> <span class='ocrx_word' id='word_1_578' title='bbox 3532 3912 3668 3967; x_wconf 83' lang='grc' dir='ltr'>Ῥω-</span> 
     </span>
    </p>
   </div>
   <div class='ocr_carea' id='block_1_86' title="bbox 2007 3994 3670 4074">
    <p class='ocr_par' dir='ltr' id='par_1_86' title="bbox 2007 3994 3670 4074">
     <span class='ocr_line' id='line_1_86' title="bbox 2007 3994 3670 4074; baseline 0.004 -25"><span class='ocrx_word' id='word_1_579' title='bbox 2007 3995 2179 4069; x_wconf 89' lang='grc' dir='ltr'>μαίων</span> <span class='ocrx_word' id='word_1_580' title='bbox 2225 3994 2552 4071; x_wconf 79' lang='grc' dir='ltr'>προσρόεται</span> <span class='ocrx_word' id='word_1_581' title='bbox 2596 3996 2686 4051; x_wconf 80' lang='grc' dir='ltr'>καὶ</span> <span class='ocrx_word' id='word_1_582' title='bbox 2748 3997 3062 4074; x_wconf 81' lang='grc' dir='ltr'>ὁμαιχμίαν</span> <span class='ocrx_word' id='word_1_583' title='bbox 3125 3997 3286 4054; x_wconf 85' lang='grc' dir='ltr'>αἰτεῖ.</span> <span class='ocrx_word' id='word_1_584' title='bbox 3321 3999 3395 4053; x_wconf 79' lang='grc' dir='ltr'>Οὗ</span> <span class='ocrx_word' id='word_1_585' title='bbox 3439 4000 3539 4069; x_wconf 82' lang='grc' dir='ltr'>τήν</span> <span class='ocrx_word' id='word_1_586' title='bbox 3589 3999 3670 4055; x_wconf 77' lang='grc' dir='ltr'>αἵ-</span> 
     </span>
    </p>
   </div>
   <div class='ocr_carea' id='block_1_87' title="bbox 2000 4084 3667 4162">
    <p class='ocr_par' dir='ltr' id='par_1_87' title="bbox 2000 4084 3667 4162">
     <span class='ocr_line' id='line_1_87' title="bbox 2000 4084 3667 4162; baseline 0.004 -23"><span class='ocrx_word' id='word_1_587' title='bbox 2000 4106 2157 4155; x_wconf 84' lang='grc' dir='ltr'>τησιν</span> <span class='ocrx_word' id='word_1_588' title='bbox 2219 4086 2295 4159; x_wconf 79' lang='grc' dir='ltr'>μὴ</span> <span class='ocrx_word' id='word_1_589' title='bbox 2346 4084 2591 4161; x_wconf 86' lang='grc' dir='ltr'>παριδὼν</span> <span class='ocrx_word' id='word_1_590' title='bbox 2626 4087 2652 4141; x_wconf 89' lang='grc' dir='ltr'>ὁ</span> <span class='ocrx_word' id='word_1_591' title='bbox 2682 4087 2959 4159; x_wconf 84' lang='grc' dir='ltr'>Ῥωμανὸς</span> <span class='ocrx_word' id='word_1_592' title='bbox 3010 4086 3103 4141; x_wconf 86' lang='grc' dir='ltr'>τὸν</span> <span class='ocrx_word' id='word_1_593' title='bbox 3150 4086 3468 4143; x_wconf 89' lang='grc' dir='ltr'>Θεόκτιστον</span> <span class='ocrx_word' id='word_1_594' title='bbox 3527 4089 3667 4162; x_wconf 84' lang='grc' dir='ltr'>μετά</span> 
     </span>
    </p>
   </div>
   <div class='ocr_carea' id='block_1_88' title="bbox 2001 4171 3663 4255">
    <p class='ocr_par' dir='ltr' id='par_1_88' title="bbox 2001 4171 3663 4255">
     <span class='ocr_line' id='line_1_88' title="bbox 2001 4171 3663 4255; baseline 0.004 -27"><span class='ocrx_word' id='word_1_595' title='bbox 2001 4172 2251 4244; x_wconf 90' lang='grc' dir='ltr'>πλήθους</span> <span class='ocrx_word' id='word_1_596' title='bbox 2317 4171 2611 4250; x_wconf 81' lang='grc' dir='ltr'>ἀξιολόγου</span> <span class='ocrx_word' id='word_1_597' title='bbox 2672 4173 2958 4250; x_wconf 81' lang='grc' dir='ltr'>ἐξέπεμψε,</span> <span class='ocrx_word' id='word_1_598' title='bbox 2999 4178 3321 4252; x_wconf 87' lang='grc' dir='ltr'>συμμαχίαν</span> <span class='ocrx_word' id='word_1_599' title='bbox 3377 4198 3435 4233; x_wconf 88' lang='grc' dir='ltr'>τε</span> <span class='ocrx_word' id='word_1_600' title='bbox 3489 4190 3663 4255; x_wconf 81' lang='grc' dir='ltr'>παρά-</span> 
     </span>
    </p>
   </div>
   <div class='ocr_carea' id='block_1_89' title="bbox 2003 4261 3662 4341">
    <p class='ocr_par' dir='ltr' id='par_1_89' title="bbox 2003 4261 3662 4341">
     <span class='ocr_line' id='line_1_89' title="bbox 2003 4261 3662 4341; baseline 0.004 -25"><span class='ocrx_word' id='word_1_601' title='bbox 2003 4268 2155 4337; x_wconf 83' lang='grc' dir='ltr'>σχεῖν</span> <span class='ocrx_word' id='word_1_602' title='bbox 2214 4267 2294 4334; x_wconf 81' lang='grc' dir='ltr'>τῷ</span> <span class='ocrx_word' id='word_1_603' title='bbox 2353 4263 2635 4339; x_wconf 83' lang='grc' dir='ltr'>[Ιινζαράχ</span> <span class='ocrx_word' id='word_1_604' title='bbox 2688 4261 2966 4333; x_wconf 81' lang='grc' dir='ltr'>κελεύσας,</span> <span class='ocrx_word' id='word_1_605' title='bbox 3013 4265 3103 4320; x_wconf 90' lang='grc' dir='ltr'>καὶ</span> <span class='ocrx_word' id='word_1_606' title='bbox 3162 4264 3223 4320; x_wconf 88' lang='grc' dir='ltr'>ἐκ</span> <span class='ocrx_word' id='word_1_607' title='bbox 3270 4264 3515 4341; x_wconf 87' lang='grc' dir='ltr'>παρόδου</span> <span class='ocrx_word' id='word_1_608' title='bbox 3564 4273 3662 4323; x_wconf 79' lang='grc' dir='ltr'>τοῦ</span> 
     </span>
    </p>
   </div>
   <div class='ocr_carea' id='block_1_90' title="bbox 2001 4352 3661 4429">
    <p class='ocr_par' dir='ltr' id='par_1_90' title="bbox 2001 4352 3661 4429">
     <span class='ocr_line' id='line_1_90' title="bbox 2001 4352 3661 4429; baseline 0.004 -24"><span class='ocrx_word' id='word_1_609' title='bbox 2001 4352 2266 4429; x_wconf 87' lang='grc' dir='ltr'>φρουρίου</span> <span class='ocrx_word' id='word_1_610' title='bbox 2340 4352 2577 4409; x_wconf 81' lang='grc' dir='ltr'>Μενίκου</span> <span class='ocrx_word' id='word_1_611' title='bbox 2650 4353 3087 4418; x_wconf 81' lang='grc' dir='ltr'>ἀντιποιεῖσθαι·</span> <span class='ocrx_word' id='word_1_612' title='bbox 3146 4355 3207 4418; x_wconf 82' lang='grc' dir='ltr'>’ὀς</span> <span class='ocrx_word' id='word_1_613' title='bbox 3262 4352 3516 4411; x_wconf 87' lang='grc' dir='ltr'>ἀπελθὼν</span> <span class='ocrx_word' id='word_1_614' title='bbox 3570 4356 3661 4412; x_wconf 80' lang='grc' dir='ltr'>καὶ</span> 
     </span>
    </p>
   </div>
   <div class='ocr_carea' id='block_1_91' title="bbox 2001 4436 3662 4519">
    <p class='ocr_par' dir='ltr' id='par_1_91' title="bbox 2001 4436 3662 4519">
     <span class='ocr_line' id='line_1_91' title="bbox 2001 4436 3662 4519; baseline 0.004 -25"><span class='ocrx_word' id='word_1_615' title='bbox 2001 4440 2276 4515; x_wconf 80' lang='grc' dir='ltr'>συμμίξας</span> <span class='ocrx_word' id='word_1_616' title='bbox 2306 4445 2386 4513; x_wconf 80' lang='grc' dir='ltr'>τῷ</span> <span class='ocrx_word' id='word_1_617' title='bbox 2419 4444 2703 4518; x_wconf 78' lang='grc' dir='ltr'>Πινζαράχ</span> <span class='ocrx_word' id='word_1_618' title='bbox 2732 4436 2891 4519; x_wconf 76' lang='grc' dir='ltr'>ἔργου</span> <span class='ocrx_word' id='word_1_619' title='bbox 2942 4441 3146 4519; x_wconf 83' lang='grc' dir='ltr'>εἷ’χετο.</span> <span class='ocrx_word' id='word_1_620' title='bbox 3179 4444 3280 4499; x_wconf 82' lang='grc' dir='ltr'>Καὶ</span> <span class='ocrx_word' id='word_1_621' title='bbox 3329 4446 3357 4500; x_wconf 92' lang='lat'>6</span> <span class='ocrx_word' id='word_1_622' title='bbox 3411 4445 3507 4518; x_wconf 70' lang='grc' dir='ltr'>μὲν</span> <span class='ocrx_word' id='word_1_623' title='bbox 3560 4446 3662 4503; x_wconf 80' lang='grc' dir='ltr'>Αἰ-</span> 
     </span>
    </p>
   </div>
   <div class='ocr_carea' id='block_1_92' title="bbox 242 4529 1893 4596">
    <p class='ocr_par' dir='ltr' id='par_1_92' title="bbox 242 4529 1893 4596">
     <span class='ocr_line' id='line_1_92' title="bbox 242 4529 1893 4596; baseline -0.002 -6"><span class='ocrx_word' id='word_1_624' title='bbox 242 4533 343 4590; x_wconf 87' lang='lat' dir='ltr'>His</span> <span class='ocrx_word' id='word_1_625' title='bbox 374 4535 455 4590; x_wconf 85' lang='lat' dir='ltr'>ita</span> <span class='ocrx_word' id='word_1_626' title='bbox 485 4531 818 4589; x_wconf 86' lang='lat' dir='ltr'>constitutis</span> <span class='ocrx_word' id='word_1_627' title='bbox 864 4530 922 4585; x_wconf 91' lang='lat' dir='ltr'>in</span> <span class='ocrx_word' id='word_1_628' title='bbox 975 4530 1178 4586; x_wconf 86' lang='lat' dir='ltr'>urbem</span> <span class='ocrx_word' id='word_1_629' title='bbox 1212 4529 1404 4596; x_wconf 89' lang='lat' dir='ltr'>rediit,</span> <span class='ocrx_word' id='word_1_630' title='bbox 1438 4546 1635 4585; x_wconf 88' lang='lat' dir='ltr'>secum</span> <span class='ocrx_word' id='word_1_631' title='bbox 1672 4532 1893 4587; x_wconf 90' lang='lat' dir='ltr'>ducens</span> 
     </span>
    </p>
   </div>
   <div class='ocr_carea' id='block_1_93' title="bbox 240 4619 1894 4691">
    <p class='ocr_par' dir='ltr' id='par_1_93' title="bbox 240 4619 1894 4691">
     <span class='ocr_line' id='line_1_93' title="bbox 240 4619 1894 4691; baseline -0.002 -12"><span class='ocrx_word' id='word_1_632' title='bbox 240 4624 532 4679; x_wconf 86' lang='lat' dir='ltr'>Arachum</span> <span class='ocrx_word' id='word_1_633' title='bbox 566 4620 903 4677; x_wconf 89' lang='lat' dir='ltr'>Pinzarachi</span> <span class='ocrx_word' id='word_1_634' title='bbox 936 4619 1145 4687; x_wconf 86' lang='lat' dir='ltr'>filium,</span> <span class='ocrx_word' id='word_1_635' title='bbox 1168 4635 1342 4691; x_wconf 91' lang='lat' dir='ltr'>quem</span> <span class='ocrx_word' id='word_1_636' title='bbox 1374 4619 1690 4690; x_wconf 87' lang='lat' dir='ltr'>imperator</span> <span class='ocrx_word' id='word_1_637' title='bbox 1722 4622 1894 4691; x_wconf 91' lang='lat' dir='ltr'>patri-</span> 
     </span>
    </p>
   </div>
   <div class='ocr_carea' id='block_1_94' title="bbox 2000 4530 3665 4612">
    <p class='ocr_par' dir='ltr' id='par_1_94' title="bbox 2000 4530 3665 4612">
     <span class='ocr_line' id='line_1_94' title="bbox 2000 4530 3665 4612; baseline 0.004 -28"><span class='ocrx_word' id='word_1_638' title='bbox 2000 4530 2242 4605; x_wconf 82' lang='grc' dir='ltr'>γυπτίων</span> <span class='ocrx_word' id='word_1_639' title='bbox 2304 4530 2743 4608; x_wconf 87' lang='grc' dir='ltr'>ἀρχιστράτηγος</span> <span class='ocrx_word' id='word_1_640' title='bbox 2804 4535 3054 4607; x_wconf 80' lang='grc' dir='ltr'>Τοῦσπερ</span> <span class='ocrx_word' id='word_1_641' title='bbox 3109 4536 3188 4603; x_wconf 79' lang='grc' dir='ltr'>τῷ</span> <span class='ocrx_word' id='word_1_642' title='bbox 3241 4531 3503 4612; x_wconf 84' lang='grc' dir='ltr'>αἰφνιδίῳ</span> <span class='ocrx_word' id='word_1_643' title='bbox 3562 4542 3665 4607; x_wconf 80' lang='grc' dir='ltr'>τῆς</span> 
     </span>
    </p>
   </div>
   <div class='ocr_carea' id='block_1_95' title="bbox 2002 4616 3664 4697">
    <p class='ocr_par' dir='ltr' id='par_1_95' title="bbox 2002 4616 3664 4697">
     <span class='ocr_line' id='line_1_95' title="bbox 2002 4616 3664 4697; baseline 0.004 -24"><span class='ocrx_word' id='word_1_644' title='bbox 2002 4616 2199 4697; x_wconf 86' lang='grc' dir='ltr'>ἐφόδου</span> <span class='ocrx_word' id='word_1_645' title='bbox 2230 4620 2321 4674; x_wconf 80' lang='grc' dir='ltr'>καὶ</span> <span class='ocrx_word' id='word_1_646' title='bbox 2350 4625 2430 4693; x_wconf 81' lang='grc' dir='ltr'>τῷ</span> <span class='ocrx_word' id='word_1_647' title='bbox 2460 4618 2663 4691; x_wconf 86' lang='grc' dir='ltr'>πλήθει</span> <span class='ocrx_word' id='word_1_648' title='bbox 2706 4620 3076 4696; x_wconf 82' lang='grc' dir='ltr'>καταπλαγεὶς</span> <span class='ocrx_word' id='word_1_649' title='bbox 3124 4618 3309 4677; x_wconf 67' lang='grc' dir='ltr'>οἴκαδε</span> <span class='ocrx_word' id='word_1_650' title='bbox 3360 4622 3664 4696; x_wconf 80' lang='grc' dir='ltr'>ὖπενόστη-</span> 
     </span>
    </p>
   </div>
   <div class='ocr_carea' id='block_1_96' title="bbox 238 4705 1898 4787">
    <p class='ocr_par' dir='ltr' id='par_1_96' title="bbox 238 4707 1891 4787">
     <span class='ocr_line' id='line_1_96' title="bbox 238 4707 1891 4787; baseline -0.001 -21"><span class='ocrx_word' id='word_1_651' title='bbox 238 4712 325 4767; x_wconf 90' lang='lat' dir='ltr'>cio</span> <span class='ocrx_word' id='word_1_652' title='bbox 383 4712 604 4768; x_wconf 90' lang='lat' dir='ltr'>honore</span> <span class='ocrx_word' id='word_1_653' title='bbox 662 4708 911 4787; x_wconf 86' lang='lat' dir='ltr'>ornavit.</span> <span class='ocrx_word' id='word_1_654' title='bbox 968 4707 1333 4763; x_wconf 89' lang='lat' dir='ltr'>Subsecutus</span> <span class='ocrx_word' id='word_1_655' title='bbox 1390 4713 1480 4763; x_wconf 90' lang='lat' dir='ltr'>est</span> <span class='ocrx_word' id='word_1_656' title='bbox 1532 4709 1707 4763; x_wconf 90' lang='lat' dir='ltr'>etiam</span> <span class='ocrx_word' id='word_1_657' title='bbox 1765 4709 1891 4780; x_wconf 91' lang='lat' dir='ltr'>ipse</span> 
     </span>
    </p>
   </div>
   <div class='ocr_carea' id='block_1_97' title="bbox 2089 4705 3665 4787">
    <p class='ocr_par' dir='ltr' id='par_1_97' title="bbox 2100 4705 3665 4787">
     <span class='ocr_line' id='line_1_97' title="bbox 2100 4705 3665 4787; baseline 0.004 -25"><span class='ocrx_word' id='word_1_658' title='bbox 2100 4727 2112 4740; x_wconf 87' lang='lat'>&#39;</span> <span class='ocrx_word' id='word_1_659' title='bbox 2149 4705 2273 4763; x_wconf 71' lang='grc' dir='ltr'>οὐδὲ</span> <span class='ocrx_word' id='word_1_660' title='bbox 2302 4706 2501 4784; x_wconf 75' lang='grc' dir='ltr'>ἤνεγκε</span> <span class='ocrx_word' id='word_1_661' title='bbox 2558 4706 2615 4763; x_wconf 75' lang='grc' dir='ltr'>δὲ</span> <span class='ocrx_word' id='word_1_662' title='bbox 2664 4706 2776 4763; x_wconf 73' lang='grc' dir='ltr'>οὐδ’</span> <span class='ocrx_word' id='word_1_663' title='bbox 2809 4710 2837 4763; x_wconf 89' lang='lat'>6</span> <span class='ocrx_word' id='word_1_664' title='bbox 2867 4708 3165 4787; x_wconf 77' lang='grc' dir='ltr'>Μουσάραφ</span> <span class='ocrx_word' id='word_1_665' title='bbox 3222 4710 3323 4779; x_wconf 79' lang='grc' dir='ltr'>τὴν</span> <span class='ocrx_word' id='word_1_666' title='bbox 3380 4709 3665 4769; x_wconf 76' lang='grc' dir='ltr'>ἐπέλευσιν</span> 
     </span>
    </p>
   </div>
   <div class='ocr_carea' id='block_1_98' title="bbox 237 4758 1898 4879">
    <p class='ocr_par' dir='ltr' id='par_1_98' title="bbox 237 4758 1890 4870">
     <span class='ocr_line' id='line_1_98' title="bbox 240 4758 1888 4780; baseline -0.004 -14"><span class='ocrx_word' id='word_1_667' title='bbox 240 4758 323 4767; x_wconf 64' lang='grc' dir='ltr'>νη,</span> <span class='ocrx_word' id='word_1_668' title='bbox 384 4758 603 4768; x_wconf 39' lang='lat' dir='ltr'>ﬁ..-&quot;</span> <span class='ocrx_word' id='word_1_669' title='bbox 665 4758 911 4765; x_wconf 53' lang='lat'>--,_----</span> <span class='ocrx_word' id='word_1_670' title='bbox 970 4758 1331 4763; x_wconf 32' lang='lat' dir='ltr'>.---“-_a-_-</span> <span class='ocrx_word' id='word_1_671' title='bbox 1396 4758 1477 4763; x_wconf 59' lang='grc' dir='ltr'>η-</span> <span class='ocrx_word' id='word_1_672' title='bbox 1537 4758 1707 4763; x_wconf 75' lang='lat'>_-____</span> <span class='ocrx_word' id='word_1_673' title='bbox 1766 4758 1888 4780; x_wconf 59' lang='grc' dir='ltr'>τ--</span> 
     </span>
     <span class='ocr_line' id='line_1_99' title="bbox 237 4786 1890 4870; baseline -0.001 -14"><span class='ocrx_word' id='word_1_674' title='bbox 237 4801 646 4870; x_wconf 82' lang='lat' dir='ltr'>Pinzarachus,</span> <span class='ocrx_word' id='word_1_675' title='bbox 680 4786 1005 4855; x_wconf 53' lang='lat' dir='ltr'>d‘éducente</span> <span class='ocrx_word' id='word_1_676' title='bbox 1035 4813 1101 4852; x_wconf 92' lang='lat' dir='ltr'>ac</span> <span class='ocrx_word' id='word_1_677' title='bbox 1149 4796 1403 4869; x_wconf 89' lang='lat' dir='ltr'>stipante</span> <span class='ocrx_word' id='word_1_678' title='bbox 1450 4814 1583 4853; x_wconf 91' lang='lat' dir='ltr'>eum</span> <span class='ocrx_word' id='word_1_679' title='bbox 1620 4799 1890 4870; x_wconf 81' lang='lat' dir='ltr'>praefecto</span> 
     </span>
    </p>
   </div>
   <div class='ocr_carea' id='block_1_99' title="bbox 2089 4758 3659 4879">
    <p class='ocr_par' dir='ltr' id='par_1_99' title="bbox 2089 4758 3659 4879">
     <span class='ocr_line' id='line_1_100' title="bbox 2089 4758 3659 4879; baseline 0.005 -28"><span class='ocrx_word' id='word_1_680' title='bbox 2089 4819 2109 4851; x_wconf 77' lang='grc' dir='ltr'>ν</span> <span class='ocrx_word' id='word_1_681' title='bbox 2155 4758 2651 4871; x_wconf 45' lang='grc' dir='ltr'>ἒςξᾷεριζοξζάλᾶἀ</span> <span class='ocrx_word' id='word_1_682' title='bbox 2668 4758 2795 4854; x_wconf 53' lang='grc' dir='ltr'>Ἶριν</span> <span class='ocrx_word' id='word_1_683' title='bbox 2813 4758 2834 4763; x_wconf 65' lang='grc'>⁷</span> <span class='ocrx_word' id='word_1_684' title='bbox 2852 4758 3317 4877; x_wconf 53' lang='grc' dir='ltr'>ἧεζὲπζξζᾚφέέέ</span> <span class='ocrx_word' id='word_1_685' title='bbox 3347 4758 3659 4879; x_wconf 56' lang='grc' dir='ltr'>ιςξζζξζῖαὶὲ</span> 
     </span>
    </p>
   </div>
   <div class='ocr_carea' id='block_1_100' title="bbox 234 4884 1898 4968">
    <p class='ocr_par' dir='ltr' id='par_1_100' title="bbox 234 4884 1888 4959">
     <span class='ocr_line' id='line_1_101' title="bbox 234 4884 1888 4959; baseline -0.001 -14"><span class='ocrx_word' id='word_1_686' title='bbox 234 4890 552 4945; x_wconf 64' lang='lat' dir='ltr'>Antiochiae</span> <span class='ocrx_word' id='word_1_687' title='bbox 609 4889 810 4945; x_wconf 83' lang='lat' dir='ltr'>Niceta</span> <span class='ocrx_word' id='word_1_688' title='bbox 866 4904 901 4942; x_wconf 88' lang='lat' dir='ltr'>a</span> <span class='ocrx_word' id='word_1_689' title='bbox 966 4884 1260 4941; x_wconf 88' lang='lat' dir='ltr'>Mistheia.</span> <span class='ocrx_word' id='word_1_690' title='bbox 1328 4886 1510 4950; x_wconf 84' lang='lat' dir='ltr'>Quem</span> <span class='ocrx_word' id='word_1_691' title='bbox 1568 4887 1888 4959; x_wconf 89' lang='lat' dir='ltr'>imperator</span> 
     </span>
    </p>
   </div>
   <div class='ocr_carea' id='block_1_101' title="bbox 2089 4884 3659 4968">
    <p class='ocr_par' dir='ltr' id='par_1_101' title="bbox 2089 4884 3659 4968">
     <span class='ocr_line' id='line_1_102' title="bbox 2089 4884 3659 4968; baseline 0.006 -31"><span class='ocrx_word' id='word_1_692' title='bbox 2089 4886 2121 4940; x_wconf 73' lang='grc' dir='ltr'>ιὶ</span> <span class='ocrx_word' id='word_1_693' title='bbox 2158 4887 2225 4943; x_wconf 82' lang='grc' dir='ltr'>τὰ</span> <span class='ocrx_word' id='word_1_694' title='bbox 2274 4886 2398 4961; x_wconf 75' lang='grc' dir='ltr'>ὅρια</span> <span class='ocrx_word' id='word_1_695' title='bbox 2455 4884 2781 4963; x_wconf 89' lang='grc' dir='ltr'>Τριπόλεως</span> <span class='ocrx_word' id='word_1_696' title='bbox 2833 4887 3117 4963; x_wconf 81' lang='grc' dir='ltr'>συσχεθεὶς</span> <span class='ocrx_word' id='word_1_697' title='bbox 3168 4888 3427 4965; x_wconf 75' lang='grc' dir='ltr'>ἀνῃρέθη.</span> <span class='ocrx_word' id='word_1_698' title='bbox 3462 4896 3659 4968; x_wconf 85' lang='grc' dir='ltr'>Παρει-</span> 
     </span>
    </p>
   </div>
   <div class='ocr_carea' id='block_1_102' title="bbox 237 4974 1898 5057">
    <p class='ocr_par' dir='ltr' id='par_1_102' title="bbox 237 4974 1885 5049">
     <span class='ocr_line' id='line_1_103' title="bbox 237 4974 1885 5049; baseline -0.001 -16"><span class='ocrx_word' id='word_1_699' title='bbox 237 4978 658 5049; x_wconf 86' lang='lat' dir='ltr'>benignissime</span> <span class='ocrx_word' id='word_1_700' title='bbox 703 4981 1010 5047; x_wconf 84' lang='lat' dir='ltr'>exceptum</span> <span class='ocrx_word' id='word_1_701' title='bbox 1058 4974 1229 5029; x_wconf 90' lang='lat' dir='ltr'>donis</span> <span class='ocrx_word' id='word_1_702' title='bbox 1278 4980 1335 5028; x_wconf 90' lang='lat' dir='ltr'>et</span> <span class='ocrx_word' id='word_1_703' title='bbox 1386 4975 1682 5031; x_wconf 86' lang='lat' dir='ltr'>beneficiis</span> <span class='ocrx_word' id='word_1_704' title='bbox 1728 4977 1885 5032; x_wconf 85' lang='lat' dir='ltr'>haud</span> 
     </span>
    </p>
   </div>
   <div class='ocr_carea' id='block_1_103' title="bbox 2089 4974 3657 5057">
    <p class='ocr_par' dir='ltr' id='par_1_103' title="bbox 2089 4974 3657 5057">
     <span class='ocr_line' id='line_1_104' title="bbox 2089 4974 3657 5057; baseline 0.004 -26"><span class='ocrx_word' id='word_1_705' title='bbox 2089 4998 2203 5054; x_wconf 74' lang='grc' dir='ltr'>ρασι</span> <span class='ocrx_word' id='word_1_706' title='bbox 2249 4974 2307 5033; x_wconf 60' lang='grc' dir='ltr'>δέ</span> <span class='ocrx_word' id='word_1_707' title='bbox 2356 4977 2409 5031; x_wconf 76' lang='grc' dir='ltr'>οἱ</span> <span class='ocrx_word' id='word_1_708' title='bbox 2451 4977 2578 5051; x_wconf 88' lang='grc' dir='ltr'>περὶ</span> <span class='ocrx_word' id='word_1_709' title='bbox 2622 4978 2717 5032; x_wconf 91' lang='grc' dir='ltr'>τὸν</span> <span class='ocrx_word' id='word_1_710' title='bbox 2773 4979 3094 5033; x_wconf 89' lang='grc' dir='ltr'>Θεόκτιστον</span> <span class='ocrx_word' id='word_1_711' title='bbox 3152 4977 3283 5033; x_wconf 81' lang='grc' dir='ltr'>αὐτό</span> <span class='ocrx_word' id='word_1_712' title='bbox 3310 4998 3371 5033; x_wconf 92' lang='grc' dir='ltr'>τε</span> <span class='ocrx_word' id='word_1_713' title='bbox 3399 4980 3463 5035; x_wconf 86' lang='grc' dir='ltr'>τὸ</span> <span class='ocrx_word' id='word_1_714' title='bbox 3495 4982 3657 5057; x_wconf 79' lang='grc' dir='ltr'>φρού-</span> 
     </span>
    </p>
   </div>
   <div class='ocr_carea' id='block_1_104' title="bbox 232 5062 1898 5146">
    <p class='ocr_par' dir='ltr' id='par_1_104' title="bbox 232 5062 1883 5141">
     <span class='ocr_line' id='line_1_105' title="bbox 232 5062 1883 5141; baseline 0 -18"><span class='ocrx_word' id='word_1_715' title='bbox 232 5067 575 5141; x_wconf 87' lang='lat' dir='ltr'>vulgaribus</span> <span class='ocrx_word' id='word_1_716' title='bbox 642 5064 987 5135; x_wconf 81' lang='lat' dir='ltr'>demeritas,</span> <span class='ocrx_word' id='word_1_717' title='bbox 1054 5062 1256 5118; x_wconf 64' lang='lat' dir='ltr'>laetum</span> <span class='ocrx_word' id='word_1_718' title='bbox 1321 5064 1564 5123; x_wconf 88' lang='lat' dir='ltr'>domum</span> <span class='ocrx_word' id='word_1_719' title='bbox 1635 5066 1883 5123; x_wconf 89' lang='lat' dir='ltr'>dimisit.</span> 
     </span>
    </p>
   </div>
   <div class='ocr_carea' id='block_1_105' title="bbox 2089 5062 3661 5146">
    <p class='ocr_par' dir='ltr' id='par_1_105' title="bbox 2089 5064 3661 5146">
     <span class='ocr_line' id='line_1_106' title="bbox 2089 5064 3661 5146; baseline 0.003 -24"><span class='ocrx_word' id='word_1_720' title='bbox 2089 5088 2111 5122; x_wconf 84' lang='grc' dir='ltr'>ν</span> <span class='ocrx_word' id='word_1_721' title='bbox 2168 5067 2260 5122; x_wconf 90' lang='grc' dir='ltr'>τὸν</span> <span class='ocrx_word' id='word_1_722' title='bbox 2320 5071 2574 5141; x_wconf 83' lang='grc' dir='ltr'>Μενῖκον,</span> <span class='ocrx_word' id='word_1_723' title='bbox 2606 5064 2913 5140; x_wconf 80' lang='grc' dir='ltr'>παραδοθὶν</span> <span class='ocrx_word' id='word_1_724' title='bbox 2963 5065 3150 5129; x_wconf 83' lang='grc' dir='ltr'>αὐτοῖς</span> <span class='ocrx_word' id='word_1_725' title='bbox 3187 5067 3289 5122; x_wconf 79' lang='grc' dir='ltr'>ὑπὸ</span> <span class='ocrx_word' id='word_1_726' title='bbox 3322 5065 3661 5146; x_wconf 77' lang='grc' dir='ltr'>ἀδελφόπαι-</span> 
     </span>
    </p>
   </div>
   <div class='ocr_carea' id='block_1_106' title="bbox 1454 5298 2486 5359">
    <p class='ocr_par' dir='ltr' id='par_1_106' title="bbox 1454 5298 2486 5359">
     <span class='ocr_line' id='line_1_107' title="bbox 1454 5298 2486 5359; baseline 0.003 -5"><span class='ocrx_word' id='word_1_727' title='bbox 1454 5298 1812 5355; x_wconf 84' lang='lat' dir='ltr'>XYLANDRI</span> <span class='ocrx_word' id='word_1_728' title='bbox 1850 5298 1943 5355; x_wconf 89' lang='lat' dir='ltr'>ET</span> <span class='ocrx_word' id='word_1_729' title='bbox 1984 5300 2206 5357; x_wconf 83' lang='lat' dir='ltr'>GOARI</span> <span class='ocrx_word' id='word_1_730' title='bbox 2250 5299 2486 5359; x_wconf 63' lang='lat' dir='ltr'>NOTZE.</span> 
     </span>
    </p>
   </div>
   <div class='ocr_carea' id='block_1_107' title="bbox 304 5453 1097 5530">
    <p class='ocr_par' dir='ltr' id='par_1_107' title="bbox 304 5453 1097 5530">
     <span class='ocr_line' id='line_1_108' title="bbox 304 5453 1097 5530; baseline -0.006 -17"><span class='ocrx_word' id='word_1_731' title='bbox 304 5458 414 5530; x_wconf 89' lang='grc'>(83)</span> <span class='ocrx_word' id='word_1_732' title='bbox 449 5455 685 5513; x_wconf 65' lang='lat' dir='ltr'>Galatiae</span> <span class='ocrx_word' id='word_1_733' title='bbox 716 5454 881 5530; x_wconf 88' lang='lat' dir='ltr'>urbe.</span> <span class='ocrx_word' id='word_1_734' title='bbox 916 5453 1097 5510; x_wconf 63' lang='lat' dir='ltr'>Goan.</span> 
     </span>
    </p>
   </div>
   <div class='ocr_carea' id='block_1_108' title="bbox 306 5525 1875 5601">
    <p class='ocr_par' dir='ltr' id='par_1_108' title="bbox 306 5525 1875 5601">
     <span class='ocr_line' id='line_1_109' title="bbox 306 5525 1875 5601; baseline -0.001 -16"><span class='ocrx_word' id='word_1_735' title='bbox 306 5525 429 5601; x_wconf 14' lang='grc'>(84),</span> <span class='ocrx_word' id='word_1_736' title='bbox 464 5531 763 5601; x_wconf 62' lang='lat' dir='ltr'>Exercitu;</span> <span class='ocrx_word' id='word_1_737' title='bbox 812 5528 1199 5597; x_wconf 79' lang='lat' dir='ltr'>imperatorem</span> <span class='ocrx_word' id='word_1_738' title='bbox 1243 5526 1292 5581; x_wconf 83' lang='lat' dir='ltr'>et</span> <span class='ocrx_word' id='word_1_739' title='bbox 1333 5541 1610 5601; x_wconf 57' lang='lat' dir='ltr'>summurn</span> <span class='ocrx_word' id='word_1_740' title='bbox 1656 5525 1875 5583; x_wconf 84' lang='lat' dir='ltr'>ducem.</span> 
     </span>
    </p>
   </div>
   <div class='ocr_carea' id='block_1_109' title="bbox 234 5596 1885 5674">
    <p class='ocr_par' dir='ltr' id='par_1_109' title="bbox 234 5596 1885 5674">
     <span class='ocr_line' id='line_1_110' title="bbox 234 5596 1885 5674; baseline -0.005 -16"><span class='ocrx_word' id='word_1_741' title='bbox 234 5596 513 5674; x_wconf 69' lang='lat' dir='ltr'>Synesi_us</span> <span class='ocrx_word' id='word_1_742' title='bbox 540 5600 807 5674; x_wconf 77' lang='lat' dir='ltr'>Qrat._de</span> <span class='ocrx_word' id='word_1_743' title='bbox 837 5596 1033 5674; x_wconf 78' lang='lat' dir='ltr'>Regno</span> <span class='ocrx_word' id='word_1_744' title='bbox 1064 5613 1077 5653; x_wconf 73' lang='grc' dir='ltr'><strong>Ξ</strong></span> <span class='ocrx_word' id='word_1_745' title='bbox 1113 5596 1519 5674; x_wconf 62' lang='grc' dir='ltr'>ἒᾼυτοκροὶτορες</span> <span class='ocrx_word' id='word_1_746' title='bbox 1552 5596 1686 5674; x_wconf 71' lang='grc' dir='ltr'>εἶναι</span> <span class='ocrx_word' id='word_1_747' title='bbox 1714 5600 1885 5674; x_wconf 61' lang='grc' dir='ltr'>ποιεῖς</span> 
     </span>
    </p>
   </div>
   <div class='ocr_carea' id='block_1_110' title="bbox 232 5664 1883 5750">
    <p class='ocr_par' dir='ltr' id='par_1_110' title="bbox 232 5664 1883 5750">
     <span class='ocr_line' id='line_1_111' title="bbox 232 5664 1883 5750; baseline -0.005 -17"><span class='ocrx_word' id='word_1_748' title='bbox 232 5664 342 5736; x_wconf 69' lang='grc' dir='ltr'>σσε.</span> <span class='ocrx_word' id='word_1_749' title='bbox 402 5672 464 5732; x_wconf 90' lang='grc' dir='ltr'>Ὁ</span> <span class='ocrx_word' id='word_1_750' title='bbox 549 5669 609 5731; x_wconf 72' lang='grc' dir='ltr'>δὶ</span> <span class='ocrx_word' id='word_1_751' title='bbox 675 5664 1032 5750; x_wconf 66' lang='grc' dir='ltr'>αὐτοκράτωρ</span> <span class='ocrx_word' id='word_1_752' title='bbox 1110 5664 1307 5745; x_wconf 60' lang='grc' dir='ltr'>ὄνομα</span> <span class='ocrx_word' id='word_1_753' title='bbox 1366 5664 1699 5749; x_wconf 82' lang='grc' dir='ltr'>στρατηγίας</span> <span class='ocrx_word' id='word_1_754' title='bbox 1771 5666 1883 5727; x_wconf 74' lang='grc' dir='ltr'>ἐστὶ</span> 
     </span>
    </p>
   </div>
   <div class='ocr_carea' id='block_1_111' title="bbox 1995 5452 3661 5541">
    <p class='ocr_par' dir='ltr' id='par_1_111' title="bbox 1995 5452 3661 5541">
     <span class='ocr_line' id='line_1_112' title="bbox 1995 5452 3661 5541; baseline 0.007 -35"><span class='ocrx_word' id='word_1_755' title='bbox 1995 5452 2169 5541; x_wconf 62' lang='grc' dir='ltr'>πάντα</span> <span class='ocrx_word' id='word_1_756' title='bbox 2224 5455 2401 5541; x_wconf 51' lang='grc' dir='ltr'>ποιεῖν</span> <span class='ocrx_word' id='word_1_757' title='bbox 2448 5453 2785 5541; x_wconf 69' lang='grc' dir='ltr'>ὑπρστάσης.</span> <span class='ocrx_word' id='word_1_758' title='bbox 2836 5455 2937 5541; x_wconf 74' lang='grc' dir='ltr'>Κοιῖ</span> <span class='ocrx_word' id='word_1_759' title='bbox 2987 5457 3301 5541; x_wconf 63' lang='grc' dir='ltr'>Ἰφικράτης</span> <span class='ocrx_word' id='word_1_760' title='bbox 3345 5457 3435 5514; x_wconf 75' lang='grc' dir='ltr'>καὶ</span> <span class='ocrx_word' id='word_1_761' title='bbox 3494 5466 3661 5538; x_wconf 63' lang='grc' dir='ltr'>Περι.</span> 
     </span>
    </p>
   </div>
   <div class='ocr_carea' id='block_1_112' title="bbox 1994 5521 3653 5655">
    <p class='ocr_par' dir='ltr' id='par_1_112' title="bbox 1994 5521 3653 5655">
     <span class='ocr_line' id='line_1_113' title="bbox 1994 5521 3653 5655; baseline 0.009 -78"><span class='ocrx_word' id='word_1_762' title='bbox 1994 5522 2158 5655; x_wconf 49' lang='grc' dir='ltr'>ἓξ)Ἰὶ</span> <span class='ocrx_word' id='word_1_763' title='bbox 2222 5521 2417 5581; x_wconf 74' lang='grc' dir='ltr'>ἔπλεον</span> <span class='ocrx_word' id='word_1_764' title='bbox 2486 5521 2788 5600; x_wconf 84' lang='grc' dir='ltr'>Ἀθήνηθεν</span> <span class='ocrx_word' id='word_1_765' title='bbox 2863 5521 3294 5607; x_wconf 59' lang='grc' dir='ltr'>αὐτοκράτορες</span> <span class='ocrx_word' id='word_1_766' title='bbox 3334 5521 3653 5611; x_wconf 59' lang='grc' dir='ltr'>στρατηγρί.</span> 
     </span>
    </p>
   </div>
  </div>
