3968 6140
335 314 458 374 229

1485 270 2029 407 als'roniAaUM
2075 313 2612 377 COMPENDIUM.

3634 319 3755 381 230

338 439 431 504 δος
480 445 579 498 τοῦ
636 439 958 520 Μουσάραφ,
1015 442 1107 499 καὶ
1172 437 1351 519 ἕτερον
1384 442 1641 521 φρούριον
1695 442 1784 499 ἰπὶ
1840 464 1985 507 τινος

2137 444 2394 503 .iberavit
2457 446 2635 503 etiam
2693 446 3216 521 Chmrosphactum
3294 451 3354 505 et
3425 448 3550 507 suis
3619 451 3750 508 red-

328 531 622 606 ἆποτόμου
669 533 916 607 κείμενον
976 534 1196 609 πέτρας,
1255 534 1316 588 τὸ
1368 533 1662 608 λεγόμενον
1729 533 1992 610 Ἀργυρό-

2104 535 2275 591 didit.

326 626 778 696 καστρον.Ταῦτα
837 620 893 676 δὶ
976 617 1119 676 οὕτω
1201 622 1674 696 καταστησάμενος
1757 624 1785 677 ὁ
1871 622 2187 684 Θεόκτιστος
2268 623 2517 689 εἰσῆλθεν
2592 623 2668 689 εἰς
2736 626 2835 695 τὴν
2900 622 3174 701 βασιλίδα,
3233 625 3567 702 ἐπαγόμενος
3616 648 3744 700 μευ-

330 710 523 765 ὲαυτοῦ
551 711 641 765 καὶ
688 711 864 788 Ἀλάχ
916 712 1009 766 τὸν
1066 715 1164 767 τοῦ
1213 713 1492 788 Ηινζαρᾶιχ
1558 713 1694 781 υἳὸν,
1753 712 1810 766 ’ὀν
1864 713 1951 767 καὶ
2013 712 2436 787 πατρικιότητος
2490 716 2517 769 6
2577 714 2927 789 αὐτοκράτωρ
2987 715 3207 788 ἠξίωσε.
3240 717 3476 770 Κατόπιν
3512 714 3569 771 δὲ
3611 717 3750 786 ἦλθε

328 799 423 855 καὶ
478 801 506 855 6
555 799 857 877 Πινζαρὰχ,
905 806 1370 875 προπεμπόμενος
1420 802 1508 856 καὶ
1569 799 2039 877 δορυφορούμενος
2094 802 2240 877 παρὰ
2294 807 2390 857 τοῦ
2449 803 2890 879 χρηματίσαντος
2949 802 3217 881 ἄρχοντος
3268 805 3605 881 Ἀντιοχείας
3651 812 3747 861 Νι-

329 889 476 959 κήτα
522 894 623 944 τοῦ
679 890 738 944 ἐκ
794 889 1056 951 Μισθείας
1093 907 1105 920 ·
1162 889 1220 944 ὃν
1281 891 1308 944 ὁ
1372 890 1626 965 βασιλεὺς
1680 889 2029 969 φιλοφρόνως
2097 888 2501 965 ἀποδεξάμενος
2570 892 2660 947 καὶ
2722 890 2918 965 δώροις
2970 893 3057 948 καὶ
3113 892 3435 969 εὐεργεσίαις
3495 891 3749 965 δεξιωσά-

338 997 497 1050 μενος
549 978 614 1032 οὗ
668 982 888 1055 μικραῖς
947 975 1131 1033 οἴκαδε
1186 977 1455 1054 χαίροντα
1511 979 1903 1051 ἐξαπέστειλεν.
1973 976 2358 1057 Ἐλυτρώσατο
2413 978 2470 1035 δὲ
2526 982 2614 1036 καὶ
2684 981 2743 1036 έκ
2794 989 2894 1051 τῆς
2950 980 3342 1057 αἰχμαλωσίας
3400 983 3490 1038 τὸν
3548 983 3751 1058 Χοιρο-

335 1066 577 1141 σφάκτην
607 1068 698 1121 γαί
730 1071 844 1129 τοῖς
877 1065 1104 1129 οῗκείοις
1145 1065 1409 1125 ἀπέδωκε.

406 1159 510 1210 Τοῦ
540 1156 1027 1232 πρωτοσπαθαρίου
1079 1155 1136 1212 δὲ
1167 1158 1443 1233 Ὀρέστνυ,
1471 1156 1527 1214 δν
1562 1159 1663 1214 ὑπὸ
1693 1156 1983 1217 Βασιλείου

333 1248 431 1299 τοῦ
465 1244 732 1318 βασιλέως
779 1245 830 1301 έν
880 1244 1107 1318 Σικελίᾳ
1152 1256 1465 1325 πεμφθῆναι
1498 1250 1525 1302 6
1574 1248 1741 1323 λόγος
1768 1245 1982 1317 ἐδήλω-

335 1355 422 1388 σεν
456 1333 683 1401 ἄνωθεν,
739 1334 974 1411 ἀπείρως
1022 1332 1252 1412 ἔχοντος
1305 1338 1524 1413 περίτά
1579 1336 1861 1411 πολεμικὰ
1891 1338 1978 1392 καὶ

336 1422 580 1498 ἀτέχνως
639 1423 1044 1501 ἐπιχειροῦντος
1088 1430 1205 1488 τοῖς
1254 1426 1589 1501 πράγμασιν,
1639 1426 1690 1481 οἶ
1740 1426 1799 1480 ὲκ
1827 1433 1979 1480 Σικε-

336 1511 484 1575 λείας
535 1514 841 1588 Σαρακηνοὶ
908 1517 1473 1591 καιροφυκακήσαντες
1553 1515 1643 1571 καὶ
1709 1513 1977 1592 αἰφνίδιον

2163 1166 2239 1217 At
2269 1163 2327 1216 in
2362 1162 2560 1218 Sicilia
2608 1163 2844 1220 Orestes
2896 1164 3425 1236 protospatharius,
3460 1180 3635 1236 quem
3683 1180 3749 1220 eo

2092 1252 2467 1320 praemissum
2506 1252 2689 1307 fuisse
2740 1271 2772 1307 a
2822 1253 3039 1308 Basilio
3086 1254 3365 1322 diximus,
3400 1253 3481 1308 rei
3528 1253 3749 1309 bellicae

2090 1340 2425 1411 imperitus,
2458 1358 2591 1395 cum
2627 1343 2929 1413 negotium
2976 1342 3170 1412 inepte
3218 1346 3377 1397 esset
3407 1359 3745 1415 aggressus,

2089 1429 2359 1483 Saraceni
2392 1440 2562 1502 capto
2615 1435 2879 1502 tempore
2922 1435 3216 1486 Romanos
3275 1431 3467 1486 subito
3524 1432 3737 1499 adorti,

2090 1518 2190 1589 qui
2238 1518 2499 1590 plerique
2557 1518 2787 1574 luxuria
2829 1520 3132 1576 cmliacum
3193 1520 3461 1575 morbum
3516 1525 3746 1576 contra-

337 1600 648 1676 ἐπιθέμενοι
701 1609 819 1665 τοῖς
869 1604 1185 1677 Ῥωμαίοις,
1245 1601 1354 1674 ἤδη
1387 1605 1474 1659 καὶ
1526 1604 1795 1678 κοιλιακῷ
1823 1606 1984 1676 νοσή-

2137 1613 2315 1676 erant,
2356 1609 2515 1663 haud
2574 1610 2781 1681 exigua
2840 1627 2937 1665 eos
2996 1609 3160 1665 clade
3218 1608 3559 1665 aﬁecerunt.
3594 1611 3742 1665 497

340 1712 469 1764 ματι
499 1691 607 1746 ἀπὸ
652 1699 861 1768 τρυφῆς
908 1699 1339 1769 κατασχεθεῖσιν,
1390 1691 1616 1770 ὄλεθρον
1668 1694 1767 1748 οὐκ
1799 1693 1985 1770 ὀλίγον

336 1780 681 1857 εἰργάσαντο,
741 1782 1155 1856 Ἀνακτώμενος
1202 1779 1259 1837 δὲ
1312 1784 1375 1838 τὸ
1416 1783 1636 1859 γεγονὸς
1668 1782 1931 1859 ἀτύχημα
1960 1783 1987 1837 6

341 1868 600 1945 βασιλεὺς
626 1868 853 1945 δύναμιν
906 1870 1209 1947 ἀξιόμαχον
1264 1873 1350 1945 [Ρ.
1388 1874 1516 1945 729]
1548 1868 1607 1927 ἔκ
1634 1893 1692 1927 τε
1724 1869 1988 1934 Ἑλλάδος

339 1959 432 2014 καὶ
476 1958 813 2023 Μακεδονίας
869 1961 1118 2036 ἀθροίσας
1178 1960 1229 2017 έν
1290 1962 1495 2032 Ἰταλίᾳ
1550 1960 1834 2035 ἐκπέμπει,
1894 1959 1988 2017 κᾶν

348 2046 503 2104 οὐδέν
534 2070 587 2104 τι
645 2055 886 2125 γενναῖον
920 2047 1108 2126 δρᾶσαι
1160 2049 1377 2127 ἴσχυσεν
1429 2049 1655 2129 ἀφελείᾳ
1709 2051 1799 2107 καὶ
1830 2050 1991 2107 κακό-

339 2158 471 2208 τητι
507 2141 603 2192 τοῦ
629 2143 957 2214 στρατηγοῦ.

403 2225 593 2300 Τούτῳ
639 2231 719 2299 τῷ
773 2225 877 2283 ἔτει
935 2227 1107 2307 ,ςφλσ
1139 2231 1486 2305 τυγχάνοντι,
1536 2226 1872 2295 ἰνδικτιῶνος
1908 2227 1992 2299 ιδ’,

333 2315 429 2371 καὶ
492 2315 520 2368 6
578 2318 912 2391 Προυσιανὸς
990 2318 1251 2380 ἑκουσίως
1332 2318 1673 2394 ἀποκείρεται
1728 2320 1996 2393 μοναχὸς,

340 2405 431 2459 καὶ
465 2407 500 2473 ἡ
537 2407 720 2481 μήτηρ
776 2406 939 2462 αὐτοῦ
987 2407 1048 2462 έκ
1102 2408 1424 2463 Μαντινείου
1477 2429 1575 2478 της
1609 2407 1660 2463 έν
1681 2408 1997 2465 Βουκελλα-

345 2494 452 2569 ρίῳ
487 2499 658 2567 μονῆς
712 2496 788 2559 εἷς
830 2496 1167 2572 Θρᾳκησίους
1216 2491 1655 2570 μεταϐιϐάζεται,
1694 2499 1782 2553 καὶ
1840 2501 1994 2554 Κων-

343 2589 627 2647 σταντῖνος
683 2586 971 2659 πατρίκιος
1024 2587 1051 2642 6
1103 2585 1360 2660 Διογένης
1407 2581 1694 2655 ἐκϐληθεῖς
1734 2592 1831 2642 τοῦ
1861 2587 1996 2664 πύρ-

338 2694 450 2747 γου
480 2672 531 2727 έν
562 2677 630 2747 τῇ
665 2679 807 2748 μονῇ
865 2679 974 2729 τῶν
1020 2673 1287 2731 Στουδίου
1344 2675 1689 2751 ἀποκείρεται
1728 2678 1995 2753 μοναχός.

339 2763 403 2818 Ὀ
437 2759 496 2816 δὲ
552 2762 808 2837 βασιλεὺς
853 2764 1136 2837 Ῥωμανὸς
1187 2766 1280 2819 τὸν
1330 2766 1479 2821 οἷκον
1535 2769 1631 2820 τοῦ
1664 2768 1998 2840 Τριακοντα-

339 2850 561 2929 φύλλου
624 2851 1030 2926 ἐξωνησάμενος
1110 2852 1185 2916 εἷς
1251 2856 1611 2929 μοναστήριον
1675 2855 1996 2928 μετεσκεύα-

2099 1697 2283 1760 Quam
2354 1703 2419 1751 ut
2487 1700 2801 1754 exsarciret
2878 1700 3215 1770 imperator,
3283 1715 3351 1754 ex
3421 1699 3640 1754 Graecia
3695 1704 3753 1754 et

2100 1786 2439 1841 Macedonia
2473 1786 2781 1843 collectum
2824 1788 3122 1859 egregium
3154 1788 3473 1843 exercitum
3519 1788 3578 1842 in
3633 1790 3750 1844 Ita-

2100 1874 2239 1931 liam
2300 1876 2493 1945 misit;
2550 1878 2649 1948 qui
2709 1881 2903 1931 tamen
2964 1876 3090 1948 ipse
3150 1893 3385 1949 quoque
3441 1876 3588 1932 nihil
3646 1893 3751 1950 po-

2100 1964 2213 2019 tuit
2241 1966 2582 2035 praeclarum
2633 1966 2862 2021 efﬁcere
2911 1966 2984 2021 ob
3034 1966 3202 2021 ducis
3251 1965 3545 2022 inscitiam
3576 1970 3753 2037 atque

2103 2052 2409 2107 malitiam.

2178 2229 2295 2285 Hoc
2323 2229 2451 2301 ipso
2492 2246 2645 2286 anno
2692 2230 2896 2286 mundi
2944 2231 3103 2301 6530,
3139 2232 3456 2288 indictione
3490 2233 3575 2300 14,
3610 2236 3756 2289 Pru-

2107 2319 2309 2374 sianus
2368 2338 2470 2392 pro
2531 2320 2819 2375 monacho
2877 2322 3123 2390 raditur,
3178 2323 3425 2392 ejusque
3483 2325 3668 2377 mater
3722 2338 3757 2377 a

2106 2409 2397 2465 Mantineo
2428 2409 2736 2464 Bucellarii
2764 2411 3115 2464 monasterio
3148 2411 3204 2464 iu
3227 2411 3534 2465 Thraciam
3565 2418 3756 2467 trans-

2106 2499 2309 2567 fertur,
2349 2503 2406 2553 et
2454 2498 2875 2553 Constantinus
2929 2498 3210 2568 patricius
3263 2499 3571 2571 Diogenes,
3604 2500 3753 2554 turri

2106 2589 2355 2643 eductus
2387 2586 2653 2642 monachi
2706 2586 2911 2641 habitu
2946 2588 3004 2640 in
3038 2587 3388 2643 Studianuzn
3443 2588 3755 2659 collegium

2110 2677 2457 2731 detruditur.
2484 2677 2779 2731 Romanus
2804 2693 2971 2747 porro
2999 2677 3240 2731 domum
3264 2676 3758 2749 Triacontophylli

2108 2772 2365 2837 emptam
2402 2766 2460 2819 in
2496 2765 2913 2819 monasterium
2969 2766 3251 2820 convertit
3302 2784 3337 2821 a
3386 2767 3627 2837 Deipara
3657 2769 3757 2823 de-

2107 2855 2500 2924 nominatum,
2537 2853 2715 2908 nullis
2747 2871 2990 2926 parcens
3021 2855 3377 2926 sumptibus,
3413 2872 3753 2927 quanquam

343 2962 431 2996 σεν
465 2938 546 2995 ἐπ’
581 2941 813 3015 ὀνόματι
862 2949 962 3013 τῆς
1014 2942 1307 3014 Δεσποίνης
1354 2945 1516 3017 ἡμῶν
1565 2944 1850 3015 Θεοτόκου,
1886 2967 1985 3018 μη-

2137 2945 2236 3014 jus
2266 2942 2671 2998 aediﬁcationis
2721 2947 2994 3014 praetextu
3025 2943 3293 2999 subditos
3343 2943 3497 2999 haud
3532 2944 3750 2999 medio-

340 3025 535 3103 δεμιᾶς
590 3029 946 3094 πολυτελείας
1026 3035 1370 3106 φεισάμενος,
1450 3033 1739 3107 συντρίψας
1811 3032 1993 3107 μέντοι

337 3122 411 3193 τῇ
444 3120 712 3195 προφάσει
769 3120 937 3195 ταύτῃ
993 3121 1055 3176 οὗ
1117 3126 1325 3195 μικρῶς
1376 3123 1439 3176 τὸ
1494 3122 1738 3193 ὑπήκοον
1780 3124 1870 3179 καὶ
1900 3146 1995 3180 κα-

338 3209 524 3272 κώσας
554 3204 607 3264 ἕν
664 3230 724 3265 τε
762 3214 885 3274 ταῖς
937 3215 1047 3265 τῶν
1092 3208 1262 3275 λίθων
1315 3210 1405 3265 καὶ
1460 3215 1569 3265 τῶν
1626 3210 1811 3267 ἄλλων
1841 3210 1999 3269 εἰδῶν

341 3295 716 3371 διαομιδαῖς.
777 3298 1232 3376 Καταλαμπρόνει
1300 3296 1359 3354 δὲ
1409 3299 1499 3354 καὶ
1555 3300 1621 3355 τὰ
1676 3296 1999 3377 κιονόκρανα

336 3394 444 3457 τῆς
495 3386 757 3462 Μεγάλης
802 3388 1130 3458 Ἐκκλησίας
1178 3390 1265 3444 καὶ
1312 3396 1413 3459 τῆς
1464 3389 1753 3465 ὑπεραγίας
1799 3397 1998 3447 8:01:0-

336 3497 444 3532 κου
474 3480 580 3531 τῶν
623 3475 953 3554 Βλαχερνῶν
1005 3476 1223 3554 ἀργύρῳ
1270 3478 1359 3532 καὶ
1409 3483 1623 3553 χρυσῷ.
1674 3478 1907 3536 Μέλλων
1942 3479 1999 3537 δὲ

337 3566 544 3621 καὶτὸ
603 3568 983 3642 θυσιαστήριον
1059 3566 1428 3622 έπιποιεῖσϐαι
1496 3571 1603 3623 τῶν
1670 3568 1995 3647 Βλαχερνῶν

338 3653 465 3730 εὗρε
521 3657 870 3731 κρεμαμένην
926 3654 1106 3710 εἰκόνα
1172 3655 1432 3724 παλαιᾶν,
1491 3657 1558 3728 ἢν
1611 3657 1995 3731 ἀνακαινισϐῆ-

333 3764 427 3799 ναι
476 3743 819 3820 προσέταξεν,
876 3746 1349 3821 Ἐξαργυρωμένον
1411 3742 1469 3800 δὲ
1528 3747 1591 3801 τὸ
1646 3752 1741 3803 τοῦ
1802 3748 1997 3824 τοίχου

336 3833 556 3909 χρίσμα
772 3831 900 3888 ίδών
959 3836 1340 3909 καθαιρεθῆναι
1394 3833 1684 3909 προσέναξε
1737 3837 1824 3891 καὶ
1876 3839 1994 3892 νέον

337 3919 609 3995 γενέσθαι.
663 3922 1084 3997 Καθαιρεθέντος
1164 3918 1221 3975 δὲ
1292 3920 1388 3976 τοῦ
1448 3923 1755 3998 χρίσματος
1804 3925 1992 4001 εὖρέθη

341 4008 507 4064 εἶ’κὼν
570 4009 932 4087 ὑλογραιρικὴ,
1008 4008 1248 4066 σανίδιον
1318 4011 1631 4083 έπιστήθιον
1690 4014 1995 4089 κρατούσης

338 4104 443 4168 τῆς
477 4099 744 4154 Θεοτόκου
773 4101 862 4154 τὸν
910 4099 1112 4175 Κύριον
1167 4101 1253 4154 καὶ
1316 4102 1443 4155 Θεὸν
1499 4104 1683 4173 ἡμῶν,
1745 4101 2053 4176 ἀμόλυντος

341 4186 514 4254 τῆσδε
542 4196 643 4259 τῆς
673 4187 907 4264 ἡμέρας,
940 4188 1075 4243 ἐτῶν
1109 4188 1435 4253 διελθόντων
1466 4192 1813 4266 τριακοσίων.

418 4282 515 4351 Τῷ
546 4276 797 4357 δὶ,,ςφμ’
844 4275 970 4347 ἔτει,
1030 4276 1367 4342 ἷνδικτιῶνος
1428 4286 1505 4349 ιε’,
1560 4281 1692 4354 μηνὶ
1747 4289 1992 4356 Σεπτεμ-

343 4340 511 4445 ϐιαίῳ,
535 4340 843 4442 ἦλιθέῗπρὸς
898 4340 988 4423 τὸν
1046 4365 1269 4442 βασιλέα
1322 4340 1599 4442 Ῥωμάνόν
1623 4340 1771 4444 ’μετὰ
1804 4340 1993 4444 δώρων
2027 4340 2071 4405 D

340 4456 570 4513 πολλῶν
633 4458 661 4511 6
716 4462 813 4512 τοῦ
851 4455 1162 4514 Χαλεπίκου
1207 4458 1323 4521 υἱὸς
1367 4459 1565 4533 "Amp,
1618 4458 1835 4530 ἐξαιτῶν
1868 4461 1994 4515 ἀνα-

339 4550 538 4601 νεῶσαι
574 4547 674 4615 τὴν
736 4545 958 4621 εἰρήνην
1005 4545 1095 4600 καὶ
1142 4546 1270 4608 τοὺς
1319 4559 1550 4619 προσθεν
1611 4549 1871 4624 παρεχειν
1905 4549 1996 4626 c96-

338 4656 495 4711 ρους.
555 4635 653 4689 Καὶ
713 4632 780 4705 δὴ
843 4632 1129 4690 στέλλεται
1189 4634 1566 4714 Θεοφύλακτος
1616 4638 1994 4712 προτοσπαθά-

341 4745 460 4801 ριος
492 4725 522 4780 6
549 4726 845 4795 Αθηναῖος,
900 4724 991 4779 καὶ
1046 4728 1144 4787 τάς
1198 4745 1257 4779 τε
1315 4722 1548 4788 σπονδὰς
1579 4721 1873 4782 ἐϐεϐαίωσε
1901 4727 1993 4782 καὶ

339 4813 725 4889 κοινοπραγίαν
772 4814 908 4886 μετὰ
969 4817 1075 4869 τῶν
1155 4811 1479 4869 Χαλεπιτῶν
1526 4813 1696 4879 ἔθετο.
1756 4817 1879 4884 Ζωὴ
1939 4813 1996 4871 δὶ

342 4904 378 4971 ἠ
435 4900 649 4979 βασιλις
710 4903 846 4976 μετά
899 4904 999 4973 τήν
1068 4902 1273 4977 ὕψωσιν
1349 4908 1445 4960 τοῦ
1517 4904 1701 4979 τιμίου
1762 4909 1994 4979 σταυροῦ

343 4989 624 5069 αἷφνίδιογ
700 4990 1010 5057 ἀπελθοῦσα
1068 4991 1144 5054 εἷς
1215 4992 1277 5047 τὸ
1348 4992 1573 5067 Πετρίον
1642 4995 1740 5063 τὴν
1799 4994 1993 5065 ἑαυτῆς

2107 3033 2282 3088 criter
2310 3034 2572 3104 gravavit
2600 3031 2861 3103 lapidum
2895 3049 2960 3087 ac
2993 3033 3227 3103 reliquae
3264 3034 3520 3088 materia:
3551 3051 3757 3105 conge-

2107 3123 2299 3177 renda:
2330 3121 2633 3176 molestiis.
2668 3120 2979 3175 Exornavit
3015 3121 3190 3175 etiam
3222 3120 3417 3193 capita
3447 3121 3754 3177 columna-

2109 3227 2237 3268 rum
2289 3210 2482 3281 Magni
2516 3208 2742 3281 Templi
2791 3214 2848 3263 et
2894 3209 3339 3265 Blachernensis
3388 3227 3530 3266 auro
3579 3215 3756 3282 atque

2108 3304 2369 3371 argento.
2392 3304 2656 3371 Cumque
2697 3314 2858 3352 aram
2887 3296 3336 3354 Blachernensis
3365 3297 3482 3353 fani
3515 3298 3753 3355 reficere

2105 3389 2299 3456 vellet,
2330 3391 2584 3444 veterem
2618 3386 2936 3459 imaginem
2966 3402 3318 3458 suspensam
3350 3387 3573 3443 invenit
3601 3404 3755 3444 eam-

2108 3495 2221 3550 que
2250 3477 2515 3533 renovari
2557 3477 2762 3545 jussit.
2786 3476 3043 3546 Cumque
3074 3476 3293 3531 videret
3323 3477 3477 3531 muri
3523 3476 3756 3532 incrus-

2108 3568 2385 3623 lationem
2428 3570 2668 3636 argento
2716 3564 3162 3635 tectam,jussit
3207 3564 3389 3619 adimi
3438 3570 3497 3621 et
3544 3581 3754 3620 novam

2106 3658 2251 3713 ﬁeri.
2300 3656 2561 3712 Tectorio
2610 3670 2782 3726 opere
2840 3658 3055 3721 amoto,
3101 3653 3335 3708 inventa
3391 3659 3480 3709 est
3536 3653 3757 3725 imago,

2106 3747 2166 3802 in
2224 3746 2439 3801 tabella
2494 3744 2788 3800 coloribus
2845 3744 3094 3815 depicta,
3149 3742 3406 3815 Dciparaa
3454 3743 3756 3798 Christum

2107 3837 2179 3893 ad
2213 3841 2415 3907 pectus
2456 3833 2815 3906 applicatum
2849 3832 3135 3900 tenentis;
3177 3849 3299 3901 quae
3330 3849 3364 3887 a
3394 3833 3758 3903 Copronymo

2106 3927 2164 3981 in
2201 3927 2379 3980 istum
2406 3939 2593 3995 usque
2615 3923 2768 3977 diem
2803 3938 2906 3992 per
2934 3938 3121 3977 annos
3144 3926 3427 3977 trecentos
3448 3921 3761 3977 duraverat

2106 4017 2356 4087 integra.

2123 4100 2441 4175 διαμείνασα
2496 4099 2602 4153 ἀπὸ
2657 4102 2764 4153 τῶν
2818 4098 3038 4175 ἡμερῶν
3088 4100 3184 4151 τοῦ
3242 4095 3619 4173 Κοπρωνόμού
3652 4094 3757 4162 ἕως

2176 4282 2327 4338 498
2367 4283 2533 4335 Anno
2586 4278 2790 4334 mundi
2839 4279 3000 4343 6540,
3047 4277 3366 4334 indictione
3412 4277 3500 4347 15,
3552 4294 3757 4334 mense

2104 4371 2450 4443 Septembri,
2483 4370 2554 4425 ad
2590 4368 3000 4439 imperatorem
3033 4368 3361 4424 Romanum
3395 4367 3600 4423 multis
3622 4384 3757 4422 cum

2105 4461 2277 4517 donis
2325 4459 2480 4515 venit
2527 4459 2722 4522 Amer,
2756 4455 2994 4527 Chalepi
3044 4457 3299 4527 praefecti
3346 4455 3525 4521 filius,
3574 4456 3762 4511 iaedus

2105 4549 2418 4622 pristinum
2466 4546 2727 4601 renovari
2781 4550 2983 4615 petens
3014 4550 3070 4599 et
3112 4545 3420 4616 antiquum
3470 4545 3761 4599 tributum

2086 4647 2165 4695 se
2208 4637 2647 4710 persoluturum
2694 4633 3063 4705 promittens.
3097 4635 3181 4689 Ad
3234 4650 3361 4689 eam
3401 4649 3521 4687 rem
3571 4633 3758 4687 confi-

2102 4727 2366 4784 ciendam
2437 4724 2657 4779 missus
2715 4722 3186 4794 Theophylactus
3245 4720 3755 4793 protospatharius

2105 4813 2474 4873 Atheniensis
2526 4813 2715 4868 fcedus
2765 4810 2980 4876 sanxit,
3012 4816 3068 4866 et
3123 4828 3257 4867 cum
3298 4809 3760 4883 Chelepensibus

2105 4905 2444 4961 societatem
2485 4899 2834 4973 composuit.
2868 4900 3153 4954 Caeterum
3183 4899 3292 4953 Zoe
3322 4900 3585 4969 Augusta
3632 4902 3765 4970 post

2103 4991 2514 5050 exaltationem
2566 4990 2757 5045 crucis
2806 4987 3001 5042 subito
3042 4988 3099 5041 in
3140 4986 3394 5041 Petrium
3444 4985 3568 5055 ivit,
3595 5003 3763 5043 soro-

1527 5164 1892 5221 XYLANDRI
1931 5165 2025 5221 ET
2065 5160 2285 5221 GOARI
2325 5160 2560 5216 NOTIE.

415 5291 531 5364 (85)
562 5290 760 5364 Capita
794 5290 1196 5359 columnarum,
1235 5291 1416 5364 Locus
1464 5294 1553 5348 est
1600 5309 1717 5348 non
1772 5292 1994 5348 summi

343 5361 655 5430 mementi,
687 5368 745 5419 et
786 5364 1112 5436 obscurus.
1132 5361 1464 5436 Κιονόκρανα
1491 5364 1576 5419 sic
1603 5364 1773 5431 verti,
1803 5365 1996 5435 capita

341 5436 777 5509 columnarum,
835 5434 1051 5509 χρίσμα
1101 5434 1587 5509 incrustationem
1657 5452 1757 5491 seu
1814 5434 1994 5509 tecto:

342 5509 500 5583 rium
523 5524 695 5583 opus,
716 5503 1084 5583 ὁλογραφικόν
1104 5506 1398 5563 coloribus
1420 5508 1666 5583 pictum.
1686 5512 1886 5578 Neque
1904 5506 1996 5583 vel

339 5580 522 5636 nimis
554 5578 723 5636 anxie
752 5578 1014 5652 sectatus
1045 5595 1177 5636 sum
1200 5578 1997 5652 vocum'proprietatem,_vel

339 5653 696 5711 contendere
723 5651 897 5710 velim
946 5667 1042 5709 me
1086 5651 1286 5709 omnia
1314 5650 1830 5711 esse'aeseoutum.
1861 5650 1998 5709 ΧΠ..

2100 5288 2270 5343 -κΤὸ
2296 5290 2392 5341 τοῦ
2437 5284 2635 5359 τοίχου
2682 5282 2897 5359 χρίσμα
2945 5284 3298 5358 interpretor
3342 5286 3508 5359 muri
3560 5288 3759 5359 [aciem

2106 5361 2395 5418 bracteolz’s
2445 5358 2723 5433 argenteis
2751 5358 2989 5428 pictorio
3035 5375 3187 5412 more
3244 5358 3487 5433 (initum,
3545 5358 3757 5433 χρίσμα

2105 5434 2396 5504 siquidem
2451 5430 2735 5504 pictorum
2764 5433 2899 5504 est,
2928 5430 3599 5504 non__argentariorum’;'
3635 5448 3757 5504 nec

2106 5500 2422 5579 quisquam
2442 5500 2739 5579 argenteis
2763 5500 3016 5579 ΙιιῐῐιὶῐιὶιιΔ
3028 5500 3452 5559 Blachernense
3470 5501 3757 5575 templum

2106 5573 2609 5636 circumvestitum
2641 5579 2946 5630 memorat.
2977 5574 3160 5631 Gom.
