3968 6140
230 346 342 407 231

1596 336 1915 398 GEORGII
1962 336 2298 397 CEDltENl

3532 334 3649 394 232

230 493 475 549 remque
518 491 689 533 suam
731 475 1097 532 Theodoram
1142 490 1340 530 rasam
1371 472 1430 529 in
1462 472 1881 529 monacharum

2052 466 2242 543 ἲελφὴν
2329 463 2612 541 Θεοδώραν
2698 463 2946 541 ἀπέκειρε
3030 465 3307 540 μοναχὴν,
3388 461 3653 521 ἀδύνατον

228 568 491 623 ordinem
544 566 790 638 redegit,
832 571 1071 621 causata
1125 564 1294 620 aliter
1341 564 1515 619 finem
1568 562 1797 617 insidiis
1829 565 1885 615 et

227 657 465 712 offensis
497 673 612 711 non
646 672 819 726 posse
850 655 1096 727 imponi.
1128 654 1307 709 Suam
1341 668 1578 723 quoque
1608 667 1675 706 ex
1707 651 1885 705 fratre

228 750 463 817 neptem
499 748 800 800 Romanus
836 760 1051 816 magna
1084 761 1215 799 eum
1261 743 1393 798 dote
1441 740 1726 797 Armeniae
1758 756 1881 794 ma-

224 852 352 907 gna:
394 834 595 908 regulo
650 840 897 906 nuptum
950 834 1127 889 dedit.
1160 833 1488 887 Secundum
1521 831 1639 886 hazc
1671 832 1883 886 iterum

225 924 286 980 in
318 926 544 996 Syriam
578 924 865 979 ducturus
906 924 1240 979 Mesanacta
1268 922 1444 977 venit.
1481 921 1563 977 Ibi
1612 938 1677 976 eo
1726 935 1884 975 com-

230 1018 519 1081 morante,
553 1018 674 1069 Zoaa
720 1017 997 1086 Augusta:
1037 1011 1428 1083 TheOphanes
1458 1008 1886 1066 Thessalonicae

227 1104 540 1175 episcopus
624 1102 844 1158 indicat
917 1100 1365 1157 Constantinum
1447 1099 1765 1171 Diogenem
1832 1102 1889 1152 et

227 1193 590 1248 Theodoram
641 1208 703 1247 re
754 1192 910 1247 inter
956 1208 1019 1246 se
1069 1190 1400 1262 composita
1446 1188 1778 1244 instituisse
1825 1186 1885 1241 in

228 1281 523 1354 Illyricum
574 1282 872 1353 aufugere,
908 1280 1140 1335 conscio
1194 1280 1274 1334 rei
1328 1278 1700 1350 metrOpolita
1743 1277 1887 1349 Dyr-

228 1370 411 1427 rachii
461 1375 518 1427 et
562 1371 836 1442 episcopo
894 1369 1269 1426 Peritheorio.
1304 1367 1464 1423 Illico
1517 1366 1695 1439 igitur
1741 1366 1886 1421 arri-

229 1460 474 1532 piuntur
504 1464 560 1514 et
588 1458 846 1531 episcopi
888 1464 945 1513 et
989 1459 1295 1529 Diogenes.
1332 1457 1457 1527 Hic,
1490 1473 1624 1512 cum
1658 1456 1716 1511 in
1750 1472 1883 1510 eum

231 1549 475 1621 quaestio
505 1553 869 1603 exerceretur
898 1547 957 1601 in
983 1547 1200 1619 palatio
1226 1564 1259 1602 a
1289 1546 1518 1602 Joanne
1550 1544 1884 1618 przeposito,

231 1638 332 1709 qui
363 1637 573 1691 deinde
604 1636 845 1708 pupillis
879 1636 1103 1691 alendis
1148 1640 1239 1691 est
1270 1635 1601 1707 praefectus,
1626 1638 1682 1688 et
1711 1633 1888 1688 fratre

230 1726 500 1784 Michaeli
531 1728 680 1796 ejus,
715 1725 816 1797 qui
848 1726 1059 1781 deinde
1090 1725 1409 1795 imperator
1441 1724 1570 1790 fuit,
1601 1739 1662 1778 se
1692 1722 1887 1794 ipsum

230 1816 302 1871 de
334 1832 501 1871 muro
533 1815 896 1887 praecipitem
923 1815 1102 1881 dedit,
1128 1814 1541 1883 confractaque
1570 1812 1790 1868 cervice
1820 1826 1887 1866 eo

232 1905 496 1976 abjectus
528 1909 618 1961 est
667 1921 785 1977 quo
829 1904 1102 1961 solebant
1131 1904 1230 1975 qui
1279 1902 1390 1958 sibi
1443 1902 1590 1974 ipsis
1639 1906 1887 1956 mortem

233 1994 388 2048 499
420 1994 863 2050 conscivissent.
898 1993 1168 2065 Episcopi
1214 1992 1285 2047 ad
1327 1991 1738 2063 imperatorem
1772 1990 1886 2047 Me-

232 2089 476 2139 sanacta
508 2083 674 2140 missi
705 2084 777 2139 ab
811 2100 994 2155 eoque
1027 2081 1258 2139 dimissi
1290 2085 1449 2139 sunt.

301 2351 443 2407 Julii
476 2351 699 2407 mensis
728 2352 798 2405 28
832 2350 947 2422 die,
980 2367 1106 2422 qua:
1155 2350 1265 2406 fuit
1313 2349 1653 2421 septimanae
1704 2350 1887 2415 sexta,

234 2441 380 2495 hora
409 2441 597 2496 noctis
644 2441 919 2505 secunda,
952 2441 1121 2496 stella
1169 2440 1401 2511 trajecit
1431 2457 1464 2494 a
1494 2438 1735 2493 meridie
1766 2454 1891 2491 ver-

235 2547 337 2585 sus
398 2530 881 2601 septentrionem,
940 2547 1063 2600 qua:
1122 2534 1339 2584 terram
1398 2534 1583 2583 totam
1642 2527 1890 2598 fulgore,

236 2619 579 2675 illustraret.
613 2618 908 2690 Pauloque
948 2624 1080 2690 post
1110 2620 1309 2674 tristes
1358 2617 1550 2672 nuntii
1600 2618 1670 2671 de
1718 2616 1891 2671 rebus

238 2709 520 2764 Romanis
578 2708 742 2763 allati
799 2713 960 2777 sunt,
1007 2709 1227 2764 Arabes
1289 2708 1346 2762 in
1406 2706 1891 2779 MeSOpotamiam

240 2814 429 2867 usque
489 2797 558 2851 ad
620 2786 954 2851 Melitenam
1010 2796 1288 2868 grassari,
1350 2796 1689 2850 Patzinacas
1746 2796 1891 2849 Istro

239 2885 588 2939 transmisso
644 2885 886 2956 Mysiam
939 2886 1237 2949 infestare,
1291 2886 1611 2940 Saracenos
1658 2900 1892 2955 grassa-

241 2973 505 3029 tionibus
535 2980 593 3029 et
623 2974 911 3028 incendiis
936 2991 1037 3029 ora
1070 2973 1279 3046 Illyrici
1312 2974 1571 3029 vexanda
1600 2989 1788 3043 usque
1819 2973 1891 3028 ad

242 3064 547 3134 Corcyram
582 3062 927 3135 perrexissc.
959 3065 1037 3118 Ac
1070 3063 1279 3134 reliqui
1313 3079 1455 3118 sane
1494 3062 1692 3118 hostes
1724 3061 1892 3118 illaesi

242 3153 487 3207 domum
520 3151 818 3208 redierunt
847 3168 861 3207 :
894 3152 1168 3208 Saraceni
1202 3169 1234 3208 a
1266 3152 1577 3223 Ragnsinis
1621 3157 1679 3208 et
1727 3151 1891 3207 Nice-

1995 555 2181 619 ἐίλλως
2216 559 2345 612 εἶναι
2404 559 2616 635 φήσασα
2672 561 2945 624 παυθῆναι
2997 554 3095 616 τὰς
3128 550 3424 616 ἐπιϐουλάς
3463 555 3552 609 καὶ
3583 556 3651 610 τά

1996 644 2293 703 σκάνδαλα.
2328 645 2539 702 Δέδωκε
2592 643 2650 701 δὶ
2705 644 2794 700 καὶ
2851 646 2952 714 τὴν
3002 644 3205 699 οἰκείαν
3235 645 3451 719 ἀνεψιάν
3486 647 3513 700 6
3550 648 3649 720 βα-

1996 736 2178 800 σιλεὺς
2237 738 2517 812 Ῥωμανὸς
2570 737 2704 811 μετᾶ
2754 735 2981 793 πολλῶν
3030 732 3194 792 ἕδνων
3254 737 3329 799 εἷς
3379 736 3537 805 εὐνὴν
3568 742 3649 809 τῷ

1993 834 2095 897 τῆς
2131 826 2373 902 μεγάλης
2416 826 2703 903 Ἀρμενίας
2756 824 3100 902 ἑξουσιάρχῃ.
3152 824 3391 883 Μέλλων
3439 824 3497 881 δὲ
3528 824 3647 881 δευ-

1993 915 2150 991 τέραν
2210 912 2468 986 εἰσϐολὴν
2518 919 2663 992 τάχα
2718 918 3047 987 ποιήσασθαι
3110 916 3137 971 6
3200 915 3456 991 βασιλεὺς
3511 918 3649 970 κατά

1998 1006 2197 1083 Συρίας
2233 1004 2452 1077 ἐξῆλθεν
2517 1006 2592 1069 εἷς
2649 1005 2716 1061 τά
2766 1006 3104 1062 Μεσάνακτα.
3149 1006 3355 1063 Ἐκεῖσε
3414 1003 3470 1061 δὲ
3519 1004 3647 1061 τού-

1995 1118 2091 1151 του
2135 1091 2565 1170 ἐνδιατρίϐοντος
2620 1093 2881 1169 μηνύεται
2947 1098 3015 1165 τῇ
3079 1092 3320 1171 βασιλίδι
3370 1098 3493 1169 Ζωῇ
3556 1092 3646 1149 διὰ

1998 1186 2301 1263 Θεοφάνους
2348 1190 2443 1240 τοῦ
2527 1183 2927 1254 Θεσσαλονίκης
3013 1184 3087 1247 ὡς
3161 1190 3564 1246 Κωνσταντῖνος
3621 1187 3649 1241 6

1997 1284 2259 1350 Διογενης
2312 1274 2845 1351 κοινολογησάμενος
2885 1277 2953 1348 τῇ
3004 1274 3206 1345 ταύτης
3257 1272 3465 1350 ἀδελφῇ
3517 1282 3650 1329 Θεο-

1998 1363 2147 1439 δώρᾳ
2178 1362 2475 1440 ἀπόδρασιν
2509 1365 2645 1441 πρὸς
2703 1364 2765 1418 τὸ
2814 1362 3119 1438 Ἰλλυρικὸν
3174 1369 3398 1434 μελετᾷ,
3444 1362 3649 1435 εἷδήσει

1994 1458 2090 1509 τοῦ
2120 1452 2533 1531 μητροπολίτου
2586 1452 2896 1530 Δυρραχίου
2942 1454 3027 1508 καὶ
3080 1457 3177 1508 τοῦ
3208 1452 3506 1508 ἐπισκόπου
3548 1460 3649 1509 Πε-

1998 1544 2284 1621 ριθεωρίου
2316 1547 2451 1618 (86).
2484 1544 2590 1600 Καὶ
2651 1543 2808 1606 εὐθὺς
2861 1543 3192 1619 ἀνάρπαστοι
3251 1541 3302 1598 ο⁹ί
3333 1565 3391 1598 τε
3423 1543 3648 1599 ἐπίσκο-

1996 1654 2091 1688 ποι
2148 1633 2239 1688 καὶ
2299 1635 2327 1688 ὁ
2386 1634 2645 1709 Διογένης
2701 1631 2965 1708 γίνονται.
3029 1635 3112 1705 [P.
3154 1634 3282 1705 730]
3329 1632 3426 1687 Καὶ
3479 1635 3507 1688 6
3553 1634 3647 1706 μὶν

1997 1725 2401 1785 Κωνσταντῖνος
2460 1722 2784 1796 ἐταζόμενος
2843 1721 2893 1775 ἐν
2953 1727 3033 1794 τῷ
3080 1718 3330 1794 παλατίῳ
3374 1726 3481 1777 τῶν
3513 1724 3652 1778 Βλα-

1924 1817 2208 1914 Βχερνῶν
2271 1810 2361 1867 διά
2432 1813 2686 1869 Ἰωάννου
2760 1816 2856 1867 τοῦ
2935 1810 3320 1884 πραιποσίτου,
3372 1816 3469 1865 τοῦ
3518 1812 3655 1880 μετά

2064 1906 2089 1914 _
2220 1902 2234 1914 .
2499 1902 2509 1914 .
2737 1902 2750 1914 .
2833 1897 2937 1914 ...ς
3031 1905 3057 1914 -
3172 1904 3199 1914 ..
3265 1896 3358 1914 Α.)
3458 1899 3475 1914 .
3609 1900 3621 1914 .

1996 1906 2161 1957 ταῦτα
2212 1902 2619 1980 ὀρφανοτρόφου
2663 1902 2753 1956 καὶ
2822 1897 3061 1979 ἀδελφοῦ
3102 1904 3203 1955 τοῦ
3264 1896 3653 1975 βεϐασιλευκὸ-

1995 2010 2086 2052 τος
2114 1988 2346 2065 Μιχαὴλ
2393 1991 2528 2062 (87),
2573 1989 2759 2043 ἑαυτὸν
2812 1988 3228 2060 ἄποκρημνίσας
3278 1991 3375 2041 τοῦ
3432 1987 3656 2062 τείχους

1996 2080 2083 2134 καὶ
2119 2076 2573 2155 ἐκτραχηλισθεὶς
2620 2076 2849 2133 ἀπέθάνε
2907 2075 3082 2155 ῥιφεὶς
3142 2076 3278 2149 μετᾶ
3334 2081 3440 2130 τῶν
3487 2076 3655 2132 αὖτο-

1999 2168 2176 2247 φὸνων
2210 2170 2341 2242 (88),
2374 2168 2426 2224 οἱ
2460 2165 2517 2222 δὲ
2567 2166 2851 2222 ἐπίσκοποι
2904 2166 2980 2227 ὡς
3030 2165 3123 2220 τὸν
3157 2163 3386 2241 βασιλέα
3422 2167 3561 2242 πρὸς
3586 2168 3660 2222 τὰ

2000 2258 2321 2313 Μεσάνακτα
2352 2256 2756 2329 ἐξεπέμφθησαν
2788 2255 3032 2310 κάκεῖθεν
3062 2253 3545 2331 ἠλευθερώθησαν.

2072 2344 2259 2403 Εἶκάδι
2320 2344 2379 2401 δὲ
2435 2347 2486 2416 η’
2539 2343 2775 2401 Ἰουλίου
2844 2344 3037 2417 μηνὸς,
3070 2344 3289 2416 ἡμέραᾳ
3346 2351 3408 2415 ς’,
3460 2344 3577 2419 ὥρᾳ
3611 2346 3661 2420 β’

1998 2442 2098 2504 τῆς
2156 2435 2371 2503 νυκτὸς,
2427 2434 2657 2509 ἀπάρος
2708 2432 2915 2508 ἐγένετο
2973 2432 3133 2508 χύσις
3190 2431 3250 2488 ἐκ
3308 2429 3661 2510 μεσημϐρίας

2000 2525 2137 2597 πρὸς
2170 2525 2390 2600 ἄρκτον,
2449 2528 2619 2578 πᾶσαν
2681 2522 3179 2598 περιαστράψαντος
3230 2523 3329 2591 τήν
3387 2530 3513 2599 γῆν.
3550 2524 3658 2579 Καὶ

2005 2614 2138 2687 μετὰ.
2197 2614 2389 2689 μικρὸν
2447 2612 2804 2689 ἀγγέλλονται
2850 2613 2915 2666 τά
2964 2611 3310 2687 κατασχόντα
3354 2614 3454 2681 τὴν
3514 2614 3660 2669 Ῥω-

2006 2704 2178 2776 μαίων
2237 2704 2587 2777 ἀτυχήματα,
2664 2698 2895 2776 ’Ἀραϐες
2956 2701 3049 2775 μὲν
3104 2700 3429 2775 ληϊσάμενοι
3485 2708 3663 2758 Μεσο-

2001 2791 2270 2864 ποταμίαν
2332 2790 2461 2867 ἄχρι
2523 2789 2863 2862 Μελιτηνῆς,
2922 2791 3249 2860 Πατζινάκαι
3308 2789 3367 2846 δὲ
3408 2792 3500 2846 τὸν
3543 2793 3659 2847 Ἰσο

1999 2902 2126 2949 τρον
2178 2875 2457 2943 διαϐάντες
2517 2880 2606 2935 καὶ
2659 2882 2758 2949 τὴν
2823 2879 3030 2937 Μυσίαν
3081 2884 3261 2942 κακῶς
3321 2878 3660 2955 διαθέμενοι,

2003 2970 2310 3045 Σαρακηνοὶ
2345 2968 2401 3025 δὲ
2449 2971 2548 3039 τήν
2608 2968 2880 3045 παράλιον
2942 2967 3379 3043 καταδραμόντες
3415 2975 3515 3025 τοῦ
3547 2970 3661 3026 Ἰλ-

2003 3059 2228 3134 λυρικοῦ
2264 3057 2428 3135 μέχρι
2483 3058 2762 3135 Κερκύρας
2811 3059 2899 3113 καὶ
2952 3059 3117 3129 αὐτὴν
3178 3058 3660 3135 πυρπολήσαντες.

2002 3145 2162 3204 Ἀλλ’
2209 3148 2266 3202 οἲ
2306 3150 2400 3221 μὲν
2444 3146 2609 3203 ἄλλοι
2666 3147 2952 3221 ἀπήμονες
3002 3152 3179 3203 κακῶν
3236 3146 3421 3204 οἷ’καδε
3466 3150 3661 3204 ὑπενό-

242 3240 424 3313 pboro
482 3240 725 3313 patricio
776 3241 1011 3312 Nauplii
1068 3222 1701 3313 praefecto,SCaranteni
1756 3239 1887 3310 filio,

2052 3260 2234 3308 τησαν,
2296 3238 2607 3312 Σαρακηνοὶ
2666 3233 2723 3291 δὲ
2778 3236 2882 3291 ὑπό
2936 3258 2994 3293 τε
3046 3236 3374 3295 Ῥαουσαίων
3420 3238 3511 3293 καὶ
3560 3242 3661 3293 τοῦ

241 3329 395 3386 male
438 3334 579 3387 sunt
628 3330 883 3398 multati,
918 3330 1115 3402 praelio
1160 3329 1326 3399 victi;
1360 3339 1413 3385 et
1462 3330 1743 3399 majorem
1795 3345 1897 3384 na-

238 3419 397 3475 vium
439 3423 661 3490 partem
711 3436 845 3475 cum
896 3419 1256 3485 amisissent,
1290 3420 1531 3473 domum
1584 3420 1897 3474 redeuntes

239 3509 540 3580 naufragio
574 3509 630 3563 in
663 3508 854 3563 Siculo
888 3508 1033 3563 mari
1065 3507 1383 3578 perierunt.

2006 3329 2439 3401 στρατηγοῦντος
2500 3323 2550 3379 ἐν
2638 3323 2907 3397 Ναυπλίῳ
2991 3324 3309 3401 Νικηφόρου
3366 3325 3660 3400 πατρικίου

2004 3415 2099 3469 τοῦ
2177 3416 2297 3468 υἱοῦ
2353 3418 2450 3469 τοῦ
2500 3417 2852 3487 Καραντηνοῦ
2908 3417 3087 3476 κακῶς
3140 3408 3365 3483 ἔπαθον,
3413 3434 3662 3469 καταπο-

2006 3504 2331 3577 λεμηθέντες
2365 3504 2455 3558 καὶ
2486 3504 2552 3558 τά
2602 3502 2780 3557 πλείω
2828 3497 3200 3565 ἀποϐαλόντες
3249 3509 3355 3557 τῶν
3410 3509 3659 3580 σκαφῶν.

238 3598 307 3654 Οἱ
364 3594 421 3652 δὲ
470 3598 881 3671 περισωθὲὸτες,
939 3596 1029 3658 οῦς
1088 3598 1234 3671 εἶχον
1294 3596 1602 3669 Ῥωμαίους
1677 3594 2071 3670 αἰχμαλώτους
2147 3593 2578 3663 ἀποκτείναντες,
2638 3592 2688 3648 ἐν
2742 3599 2821 3666 τῷ
2878 3591 3061 3649 οἷ’καδε
3110 3593 3467 3672 ὑποστρέφειν
3528 3617 3661 3649 ναυ-

242 3708 380 3761 αγιῳ
409 3686 791 3759 περιπεσόντες
825 3685 947 3761 περὶ
977 3688 1037 3740 τὸ
1070 3686 1353 3741 Σικελικὸν
1387 3685 1625 3761 πέλαγος
1652 3683 2032 3762 διεφθάρησαν.

307 3778 424 3832 Hoc
469 3776 598 3848 ipso
632 3793 782 3832 anno
819 3778 1002 3833 fames
1050 3775 1229 3831 simul
1265 3794 1328 3831 ac
1374 3777 1553 3848 pestis
1586 3776 1886 3847 Cappado-

235 3865 406 3932 ciam,
443 3865 879 3937 Paplagoniam,
912 3866 1251 3920 Armeniam
1284 3871 1340 3920 et
1371 3866 1758 3919 Honoriadem
1807 3866 1890 3919 ita

235 3954 599 4022 afflixerunt,
654 3960 718 4009 ut
771 3954 971 4010 incola:
1030 3953 1236 4026 patriis
1295 3953 1512 4009 relictis
1571 3954 1716 4009 alias
1778 3952 1889 4009 sibi

234 4048 564 4114 quaererent
613 4045 803 4099 sedes.
840 4044 1065 4109 Quibus
1115 4044 1435 4115 imperator
1466 4060 1497 4097 a
1541 4043 1890 4099 Mesanactis

237 4132 296 4186 in
328 4132 534 4187 urbem
567 4134 799 4188 rediens
829 4150 963 4187 cum
996 4136 1348 4199 occurreret,
1377 4148 1565 4203 neque
1595 4132 1893 4203 ignoraret

236 4220 605 4291 migrationis
637 4237 898 4285 causam,
931 4221 1120 4293 coegit
1148 4238 1245 4277 eos
1280 4222 1520 4277 domum
1557 4222 1765 4292 redire,
1799 4236 1894 4293 pe-

234 4308 406 4364 cunia
435 4314 492 4365 et
524 4308 655 4364 aliis
686 4310 757 4364 ad
790 4313 970 4365 vitam
1019 4310 1366 4366 necessariis
1418 4311 1595 4365 rebus
1626 4327 1725 4366 eos
1756 4326 1891 4365 con-

234 4396 480 4454 solatus.
512 4399 622 4454 Sed
678 4398 831 4455 500
866 4404 921 4455 et
952 4398 1277 4455 Michaelus
1305 4402 1542 4469 Ancyrae
1590 4404 1717 4455 tum
1768 4400 1890 4471 epi-

235 4504 452 4560 scopus
491 4488 754 4544 ofﬁcium
804 4488 962 4556 fecit,
988 4487 1137 4544 nihil
1189 4504 1390 4544 eorum
1443 4488 1720 4544 omittens
1766 4505 1892 4560 quae

230 4578 302 4631 ad
336 4577 664 4633 remedium
700 4577 1032 4634 faciendum
1064 4577 1240 4634 famis
1272 4578 1738 4651 pestilentiaque
1770 4595 1893 4634 ma-

234 4664 309 4720 lis
341 4666 720 4738 pertinerent.

307 4931 405 4987 Die
437 4932 686 5003 Augusti
721 4933 807 5000 13,
841 4931 941 5003 qui
974 4931 1085 4986 fuit
1134 4930 1496 5003 Dominicus,
1523 4931 1667 4988 hora
1698 4932 1891 5004 prima

236 5022 446 5086 noctis,
472 5038 623 5077 anno
657 5022 862 5076 mundi
890 5022 1054 5087 6540,
1078 5038 1329 5093 magnus
1356 5022 1461 5076 fuit
1484 5026 1647 5076 terrae
1671 5027 1887 5093 motus.

233 5112 303 5167 Et
338 5110 656 5182 imperator
688 5112 895 5165 urbem
931 5111 1235 5182 ingressus
1261 5110 1498 5165 nomine
1529 5128 1646 5166 sua:
1680 5112 1892 5183 prioris

2066 3773 2260 3845 Τούτῳ
2306 3777 2386 3845 τῷ
2444 3767 2547 3827 ἔτει
2607 3771 2695 3826 καὶ
2757 3770 2923 3845 λιμὸς
2980 3772 3069 3826 καὶ
3120 3771 3321 3845 λοιμὸς
3375 3770 3658 3848 ἐπέδραμε

1998 3858 2414 3933 Καππαδοκίαν,
2474 3861 2879 3939 Παφλαγονίαν,
2933 3863 3284 3936 Ἀρμενιακὸν
3339 3861 3431 3915 καὶ
3482 3863 3656 3917 Ὁνω-

2001 3948 2160 4027 ριάδα
2189 3953 2322 4024 (89),
2359 3951 2432 4012 ὡς
2490 3950 2579 4005 καὶ
2638 3949 2841 4013 αὐτοὺς
2888 3949 3014 4012 τοὺς
3051 3955 3159 4005 τῶν
3210 3950 3458 4023 θεμάσων
3500 3950 3660 4005 ἐποί-

1998 4062 2127 4102 κους
2180 4038 2578 4102 καταλιπόντας
2636 4041 2730 4102 τάς
2786 4036 3047 4116 πατρίδας
3102 4039 3374 4113 μετοικίαν
3422 4045 3609 4110 ζητεῖν
3645 4060 3659 4074 ’

2002 4134 2082 4193 οἷς
2115 4131 2142 4185 6
2180 4129 2433 4207 βασιλεὺς
2463 4131 2515 4186 ἐν
2572 4137 2652 4205 τῷ
2699 4131 2804 4186 ἀπὸ
2861 4137 2969 4186 τῶν
3025 4131 3386 4187 Μεσανάκτων
3433 4131 3660 4187 εἶσιέναι

1997 4224 2134 4297 πρὸς
2162 4224 2261 4292 τὴν
2330 4220 2589 4298 βασιλίδα
2638 4222 2984 4295 συνητηκὼς,
3042 4223 3133 4277 καὶ
3180 4225 3279 4293 τήν
3330 4221 3505 4277 αἰτίαν
3555 4228 3660 4292 τῆς

2002 4311 2414 4374 ἀπαναστάσεως
2495 4312 2571 4385 μὴ
2655 4311 2942 4389 ἀγνοήσας,
3030 4310 3384 4388 ὑποστρέφειν
3471 4308 3666 4366 οἷ’καδε

2000 4399 2395 4473 κατηνάγκαζε,
2449 4400 2661 4475 χρυσίῳ
2718 4395 3117 4473 ἀναλαμϐάνων
3175 4399 3264 4454 καὶ
3305 4404 3423 4460 τοῖς
3457 4396 3662 4462 ἄλλοις

2001 4494 2119 4551 τοῖς
2149 4489 2286 4563 πρὸς
2317 4490 2380 4544 τὸ
2446 4494 2542 4563 ζῇν
2602 4487 2935 4563 ἀναγκαίοις.
2968 4488 3075 4544 Καὶ
3132 4487 3368 4563 Μιγαῆλ
3410 4484 3467 4542 δὲ
3502 4489 3532 4543 6
3562 4496 3665 4558 τῆς

2003 4577 2272 4653 Ἀγκύρας
2327 4579 2453 4633 τότε
2508 4580 2608 4649 τὴν
2670 4577 3000 4648 Ἐκκλησίαν
3060 4575 3459 4652 πηδαλιουχῶν
3534 4576 3667 4654 ἔργα

1994 4667 2189 4744 ἀρετῆς
2248 4664 2553 4738 ἐπεδείξατο
2632 4667 2787 4739 ἄξια,
2851 4664 3085 4740 μηδενὸς
3169 4666 3494 4744 φεισάμενος
3552 4671 3663 4721 τῶν

1998 4756 2283 4811 τεινόντων
2333 4754 2410 4818 είς
2469 4757 2743 4832 σωτηρίαν
2789 4760 2897 4811 τῶν
2942 4761 3037 4811 τοῦ
3092 4755 3261 4829 λιμοῦ
3305 4755 3395 4810 καὶ
3452 4754 3665 4829 λοιμοῦ

1996 4844 2344 4921 τραυμάτων.

2072 4938 2188 5004 Τῆς
2224 4936 2287 5011 ιγ’
2320 4932 2377 4989 δὲ
2405 4938 2503 4989 τοῦ
2558 4932 2875 5010 Αὐγούστου
2935 4936 3131 5007 μηνὸς,
3176 4935 3357 5009 ἡμέρᾳ
3386 4938 3664 5010 Κυριακῇ,

2002 5023 2118 5098 ὥρᾳ
2148 5025 2193 5077 α’
2224 5031 2325 5092 τῆς
2357 5024 2572 5091 νυκτὸς,
2627 5022 2680 5079 ἐν
2722 5021 2827 5078 ἔτει
2883 5028 2965 5095 τῷ
3024 5026 3190 5101 ,ςφμλ
3229 5026 3411 5099 γέγονε
3435 5026 3663 5098 σεισμὸς

2007 5113 2191 5189 μέγας.
2226 5110 2465 5182 Εἶ’σῆλθε
2498 5110 2557 5167 δὲ
2588 5112 2677 5168 καὶ
2721 5113 2749 5167 ὁ
2796 5111 3058 5189 βασιλεὺς
3087 5112 3139 5168 ἐν
3170 5116 3239 5187 τῇ
3276 5110 3544 5189 βασιλίδι,
3575 5114 3666 5169 καὶ

1427 5234 1803 5291 XYLANDRI
1842 5237 1932 5325 ET
1972 5238 2193 5295 GOARI
2234 5238 2467 5294 NOT/E.

306 5332 419 5403 (86)
450 5330 802 5403 Ambiguum
835 5336 921 5387 est
951 5330 1138 5387 locine
1170 5332 1247 5387 sit
1277 5349 1490 5388 nomen
1522 5350 1593 5387 an
1629 5333 1886 5391 hominis

231 5422 299 5459 ea
329 5420 455 5459 vox.
490 5403 623 5458 XvL.
650 5434 719 5443 ——
750 5403 945 5471 Urbis,
978 5421 1091 5459 non
1125 5405 1230 5458 viri
1280 5422 1516 5471 nomen,
1548 5422 1617 5459 ex
1649 5406 1884 5463 Ortelio.

228 5476 587 5532 Vertendum
621 5477 820 5548 itaque
849 5476 1183 5548 Peri'ti‘zcorz'i
1208 5479 1470 5548 epis-capo.
1507 5481 1687 5532 Gem.

303 5493 587 5531 :rtenoum
621 5493 820 5547 itaque
849 5493 1181 5531 renmcom
1208 5493 1470 5601 epis-capo.
1507 5493 1687 5532 uom.

303 5548 415 5618 (87)
446 5548 596 5621 illud
646 5550 717 5603 de
775 5547 953 5602 fratre
1007 5547 1276 5605 Michaei
1335 5550 1712 5621 imperatoris
1764 5564 1885 5621 non

232 5619 527 5677 immerito
557 5625 647 5677 est
696 5624 1060 5692 suspectum.
1096 5625 1293 5691 Neque
1337 5619 1504 5676 video
1535 5621 1676 5691 quid
1726 5620 1885 5676 aliud

233 5692 507 5769 colligam
554 5709 734 5769 quam
782 5694 1022 5750 fratrem
1071 5707 1208 5749 eum
1258 5692 1440 5749 fuisse
1488 5692 1750 5749 Michaeli
1782 5692 1887 5749 Pa-

1998 5336 2466 5410 phlagonisuqui
2488 5341 2619 5410 post
2640 5337 2795 5394 hunc
2817 5337 3145 5410 Romanum
3168 5336 3416 5410 imperio
3439 5338 3670 5410 potitus

1996 5401 2221 5482 cstfut
2255 5401 2710 5482 βεϐασιλευκότος
2746 5408 3045 5481 intelligas
3077 5401 3345 5482 respectu
3377 5401 3665 5478 auctoris,

1998 5480 2416 5553 noniﬂoimani,
2449 5482 2693 5553 quodet
2722 5480 3003 5553 expressi.
3038 5482 3169 5537 ZYL.

2209 5550 2295 5626 Ἑν
2320 5555 2397 5622 τῷ
2428 5550 2699 5626 κυνηγίῳ.
2727 5550 3011 5626 (Shidas).
3044 5558 3224 5626 GOItR.

1994 5622 2398 5767 liégglaAgiam
2428 5622 2753 5683 Asiaticum
2804 5622 3103 5699 regionem
3133 5625 3193 5683 in
3223 5629 3428 5683 Ponto.
3465 5626 3663 5700 (Orta-

2120 5737 2131 5750 -
2272 5713 2367 5753 aa.

2018 5711 2158 5753 ius.)
2186 5711 2367 5753 UOAR.
