3972 6146
265 315 360 376 233

1371 305 1914 369 HISTORIARUM
1961 307 2512 370 COMPENDIUM.

3533 309 3651 369 234

261 453 341 514 τῆς
388 443 658 519 προτέρας
721 442 888 497 αὐτοῦ
930 442 1178 517 γυναικὸς
1226 439 1454 510 Ἑλένης
1501 439 1880 509 ἀποθανούσης

2096 440 2194 496 πίε
2229 440 2456 496 Helena)
2506 455 2709 497 recens
2757 445 3000 497 morture
3043 455 3318 513 magnam
3372 441 3654 515 elargitus

267 532 483 609 μεγάλας
535 530 805 594 διαδόσεις
843 532 972 607 ὑπὲρ
1009 531 1176 596 αὐτῆς
1221 529 1534 601 ἐποιήσατο.
1570 530 1763 600 Τούτῳ
1809 533 1890 600 τῷ

262 620 506 677 ἔτεικατά
533 622 634 690 τήν
662 621 752 690 κη’
788 625 888 675 τοῦ
929 615 1302 695 Φεϐρουαρίου
1355 620 1526 692 μηνὸς
1577 619 1667 674 καὶ
1714 618 1888 690 ἀστὴρ

265 710 420 780 διῇξεν
451 710 556 764 ἀπὸ
601 707 774 785 βορρᾶ
829 708 966 781 πρὸς
1025 701 1369 782 μεσημϐρίαν
1435 709 1545 779 μετ’
1586 703 1734 780 ἤχου
1799 703 1889 758 καὶ

261 801 467 856 κτύπουο
522 797 769 876 ἐφαίνετο
828 794 886 852 δὲ
943 795 1073 872 ἄχρι
1138 803 1238 865 τῆς
1296 797 1351 851 ιε’
1411 794 1675 870 Μαρτίου,
1733 794 1888 863 τόξον

266 890 467 962 ὕπερθεν
537 885 705 963 ἔχων.
788 885 1020 962 Μαρτίῳ
1096 883 1154 940 δὲ
1228 892 1292 958 ς’,
1351 883 1535 960 ἡμέρᾳ
1587 886 1655 960 γ’,
1707 884 1892 959 γέγονε

271 978 486 1051 σεισμός.

325 1067 558 1141 Ἐγένετο
607 1063 664 1120 δὲ
710 1065 847 1120 κατά
907 1068 1096 1119 τοῦτον
1143 1065 1236 1119 τὸν
1264 1062 1467 1138 χρόνον
1504 1059 1595 1117 καὶ
1645 1058 1888 1133 ἐκδρομή

264 1164 459 1231 Ἄφρων
543 1154 903 1230 Σαρακηνῶν,
960 1151 1169 1208 πλοίων
1257 1150 1484 1227 χιλίων,
1551 1150 1890 1222 πολεμιστὰς

267 1245 442 1320 ἔχοντα
506 1244 753 1318 μυρίους,
813 1243 1006 1304 οἳτινες
1065 1239 1252 1297 πολλά
1279 1241 1373 1304 τὰς
1400 1242 1598 1311 νήσους
1627 1241 1715 1294 καὶ
1748 1259 1892 1312 παρ-

263 1334 424 1395 αλίους
464 1333 764 1388 ἐκάκωσαν.
813 1336 906 1386 Ὧν
957 1330 1104 1406 μέρει
1151 1330 1257 1384 τινὶ
1317 1329 1658 1403 βυμπλακεὶς
1715 1335 1891 1399 Νικη-

261 1424 406 1499 ςρίίρος
460 1426 490 1477 6
549 1421 892 1497 Καραντηνὸς
948 1419 1206 1494 ἐτρέψατο
1265 1421 1349 1492 [Ρ.
1383 1421 1510 1492 731]
1567 1419 1654 1472 καὶ
1696 1438 1886 1471 πεντα-

258 1514 456 1573 κοσίους
516 1509 926 1584 πεπεδημένους
983 1508 1334 1585 Σαρακηνοὺς
1381 1513 1460 1579 τῷ
1519 1508 1753 1563 Βασιλεῖ
1807 1506 1887 1577 ἐξ·

259 1600 547 1657 σπέστειλε.
603 1601 797 1672 Τούτῳ
839 1603 919 1671 τῷ
965 1594 1068 1653 ἔτει
1118 1599 1206 1652 καὶ
1261 1598 1527 1673 Γεώργιος
1585 1617 1891 1671 προτοσπα-

260 1693 428 1767 ϐαριος
476 1692 506 1745 6
537 1689 841 1758 Μανιάκης,
901 1689 929 1742 6
985 1685 1278 1743 Γουδελίου
1321 1691 1417 1740 τοῦ
1471 1687 1718 1756 Μανιάκη
1753 1686 1886 1755 υἱὸς,

257 1787 351 1835 τῶν
390 1775 865 1858 παρευιρρατιδίων
912 1780 1227 1878 στριατηγῶν
1291 1774 1506 1830 πόλεων
1559 1774 1647 1829 καὶ
1708 1774 1759 1829 έν
1791 1781 1892 1829 Σα-
1925 1815 1970 1879 Β

262 1870 506 1942 μσσάτοις
549 1869 646 1930 τὰς
692 1868 932 1938 οῗκήσεις
985 1859 1130 1941 ἔχων
1173 1871 1273 1932 τῆς
1320 1866 1467 1938 παρά
1503 1868 1570 1938 τῇ
1622 1865 1892 1940 Ὀσροηνῇ

253 1956 397 2012 πὲλει
467 1957 807 2030 ἀπεπειράθη
869 1952 1149 2023 Ἐδέσσης·
1209 1952 1411 2022 ταύτης
1467 1953 1569 2029 γὰρ
1627 1954 1726 2022 τὴν
1782 1953 1896 2008 έπι-

260 2046 465 2102 στασίαν
547 2044 876 2118 Σαλαμάνης
941 2042 1085 2118 ἔχων
1170 2043 1198 2097 6
1271 2047 1527 2118 Τοῦρκος,
1599 2041 1746 2116 παρὰ
1797 2046 1895 2097 τοῦ

259 2137 432 2211 ἐμηρᾶ
519 2131 1026 2209 Μαρτυρουπόλεως
1107 2130 1232 2200 ἤτοι
1303 2131 1636 2208 Μιεφερκεὶμ
1718 2130 1892 2185 ἐπιτε-

254 2224 560 2297 τραμμένθς
618 2221 787 2294 αὐτῷ,
860 2220 950 2275 καὶ
1005 2219 1205 2294 δώροις
1273 2220 1363 2274 καὶ
1431 2220 1754 2294 ὑποσχέσεσι
1803 2219 1894 2274 καὶ

254 2319 426 2386 τιμαῖς
500 2309 819 2387 διαφθαρεὶς
885 2306 1219 2383 παραδίδωσι
1288 2313 1368 2380 τῷ
1425 2309 1697 2383 Μανιάκῃ,
1758 2306 1894 2383 ἀωρὶ

254 2408 350 2455 τῶν
395 2405 634 2470 νυκτῶν,
688 2400 748 2461 ’ὸς
807 2403 950 2472 τρεῖς
1015 2397 1254 2472 πύργους
1321 2394 1443 2451 λίαν
1506 2397 1893 2472 ἀχυρωτάτους

255 2489 537 2566 κατασχὼν
615 2488 872 2562 εύψύγως
944 2485 1072 2548 τοὺς
1139 2485 1573 2560 πολιορκοῦντας
1629 2486 1892 2560 ἠμύνετο,

259 2582 508 2655 βοήθειαν
578 2575 770 2648 ἔξωθεν
844 2574 1295 2654 ἒπικαλούμενρς.
1361 2574 1784 2650 Ἀπομερμάνης
1841 2573 1898 2630 δὲ

260 2672 283 2723 ὁ
329 2674 434 2724 τῶν
490 2666 836 2744 Μιεφερκεὶμ
890 2665 1128 2740 ἀμηρᾶς,
1185 2665 1284 2733 τὴν
1332 2661 1534 2719 ἅλωσιν
1590 2666 1774 2738 μαθὼν
1807 2665 1893 2719 καὶ

256 2758 374 2827 ἀξὺς
423 2757 706 2836 ἐπιφανεὶς
755 2756 892 2828 μετά
943 2751 1226 2826 δυνάμεως
1277 2753 1378 2808 οὐκ
1438 2751 1632 2830 ὀλίγης
1682 2753 1898 2828 ἐπεχεί-

262 2867 385 2919 ρησε
434 2847 534 2919 μὲν
592 2848 663 2918 τῇ
732 2843 1030 2917 πολιορκίᾳ
1081 2846 1188 2896 τῶν
1243 2841 1486 2917 πύργων,
1533 2841 1785 2916 γενναίως
1843 2839 1900 2896 δὲ

261 2935 586 2995 ὑποστάντος
617 2937 713 2987 τοῦ
766 2931 1039 3006 Γεωργίυυ
1083 2930 1473 3005 ἀποκρουσθεὶς
1511 2930 1601 2985 καὶ
1637 2932 1712 3003 μὴ
1754 2927 1896 3005 ἔχων

259 3025 282 3077 ὅ
319 3045 364 3078 τι
394 3023 486 3078 καὶ
532 3019 794 3098 δράσειεν,
849 3017 1136 3095 ἀποκείρας
1174 3018 1242 3074 τὰ
1269 3016 1536 3074 κάλλιστα
1581 3024 1688 3073 τῶν
1739 3018 1901 3089 οἴκη-

261 3113 436 3182 gith
483 3109 578 3166 καὶ
642 3106 953 3186 διαφθείρας
1000 3107 1092 3162 τὸν
1145 3114 1245 3176 τῆς
1290 3107 1508 3170 πόλεως
1557 3107 1763 3180 κόσμον
1810 3107 1899 3161 καὶ

1997 535 2086 585 est
2117 529 2444 602 pecuniam.
2470 531 2683 585 Eodem
2717 547 2893 596 anno,
2916 529 3010 585 die
3041 529 3340 586 Februarii
3363 531 3454 598 28,
3483 529 3655 587 stella

1995 636 2030 674 a
2060 619 2455 689 septentrione
2484 636 2689 676 versus
2714 619 3019 675 meridiem
3042 618 3274 691 trajecit
3291 635 3424 676 cum
3455 620 3656 676 sonitu

1996 724 2062 763 ac
2130 708 2358 780 fragore
2411 726 2423 776 ;
2492 716 2548 764 et
2612 708 2740 764 visa
2805 712 2895 764 est
2961 724 3152 780 usque
3218 709 3291 764 ad
3360 708 3653 766 decimum

1997 796 2269 868 quintum
2330 797 2542 866 Martii,
2611 813 2868 870 superne
2925 797 3150 854 habens
3205 814 3432 854 arcum.
3499 801 3652 853 Mar-

1996 885 2065 940 tii
2121 886 2215 941 die
2270 887 2325 952 6,
2394 903 2522 958 quas
2588 886 2734 942 ieria
2789 886 2900 942 fuit
2958 886 3154 954 tertia,
3220 891 3386 942 terrae
3455 890 3654 943 motus

1997 975 2243 1032 exstitit.

2069 1069 2176 1120 Per
2202 1064 2358 1119 idem
2408 1067 2645 1136 tempus
2693 1064 2812 1119 Afri
2863 1065 3137 1121 Saraceni
3181 1081 3316 1120 cum
3349 1063 3510 1121 mille
3540 1081 3650 1120 na-

1995 1153 2168 1208 vibus
2197 1158 2254 1208 et
2281 1153 2611 1208 innumeris
2642 1153 2960 1210 classiariis
2991 1156 3216 1210 insulas
3246 1171 3498 1226 orasque
3524 1170 3648 1209 ma-

1999 1243 2231 1298 ritimas
2279 1246 2496 1298 multas
2553 1243 2998 1300 infestaverunt.
3049 1243 3192 1299 Cum
3244 1259 3445 1300 eorum
3488 1247 3652 1316 parte

2001 1346 2352 1404 congressus
2385 1331 2584 1404 praelio
2633 1333 2998 1404 Nicephorus
3029 1337 3396 1389 Carantenus
3426 1350 3526 1389 eos
3556 1333 3654 1388 fu-

2002 1421 2108 1487 dit,
2143 1438 2208 1478 ac
2239 1421 2585 1490 quingentos
2618 1421 2674 1476 in
2709 1423 3092 1493 compedibus
3120 1423 3189 1478 ad
3236 1423 3650 1495 imperatorem

2002 1509 2184 1565 misit.
2219 1511 2434 1565 Eodem
2481 1528 2632 1565 anno
2664 1511 2948 1583 Georgius
2994 1512 3500 1583 protospatharius
3531 1513 3654 1568 Ma-

2004 1602 2221 1668 niaces,
2263 1601 2488 1655 Gudelii
2524 1602 2796 1656 Maniaces
2847 1601 3026 1666 filius,
3079 1603 3386 1672 praefectus
3416 1600 3653 1655 urbium

2005 1691 2073 1746 ad
2105 1690 2457 1760 Euphratem
2478 1689 2746 1758 sitarum,
2763 1690 3087 1746 Samosatis
3105 1689 3347 1761 degens,
3372 1689 3656 1746 Edessam

2003 1779 2271 1836 Osruenan
2303 1779 2506 1835 urbem
2538 1778 2807 1846 tentavit,
2841 1778 2935 1834 cui
2983 1795 3015 1834 a
3064 1777 3473 1851 Martyropolis
3505 1779 3655 1850 (qua

2005 1875 2062 1924 et
2092 1868 2500 1940 Miepheikim)
2552 1884 2745 1923 amera
2793 1869 3100 1940 praefectus
3148 1871 3273 1922 erat
3317 1866 3656 1923 Salamanes

2003 1959 2250 2014 Turcus.
2285 1962 2471 2029 Atque
2502 1957 2598 2012 hic
2631 1957 2800 2013 donis
2831 1973 2898 2012 ac
2921 1955 3446 2028 pollicitationibus
3468 1956 3655 2012 hono-

2003 2063 2134 2102 rum
2168 2052 2478 2116 corruptus
2510 2046 2785 2101 Maniaces
2815 2046 3168 2118 intempesta
3201 2049 3369 2101 nocte
3399 2051 3519 2101 tres
3551 2062 3655 2101 ur-

2005 2135 2096 2192 bis
2125 2137 2252 2206 ejus
2284 2135 2716 2190 munitissimas
2737 2139 2930 2191 turres
2949 2134 3230 2203 tradidit;
3262 2136 3411 2192 501
3436 2135 3658 2207 quibus

2003 2225 2101 2280 ille
2128 2225 2429 2296 occupatis
2462 2224 2953 2296 oppugnationem
2981 2224 3407 2295 oppidanorum
3433 2224 3662 2280 fortiter

2004 2313 2288 2368 sustinuit
2311 2316 2366 2368 et
2397 2317 2726 2368 exterorum
2761 2312 2977 2367 auxilia
3000 2311 3354 2384 imploravit.
3387 2313 3496 2367 Sed
3514 2314 3663 2383 Apo-

2006 2419 2337 2459 mermanes
2391 2401 2792 2474 Martyropolis
2843 2417 3074 2457 ameras
3122 2417 3182 2456 re
3231 2401 3466 2472 cognita
3504 2400 3662 2456 illico

2007 2507 2142 2546 cum
2175 2491 2333 2546 haud
2366 2507 2543 2562 parvo
2595 2489 2850 2545 exercitu
2903 2489 3108 2560 adfuit,
3137 2494 3446 2562 turresque
3476 2506 3509 2545 a
3539 2489 3661 2545 Ma-

2007 2581 2173 2635 niaco
2231 2583 2548 2652 occupatas
2604 2578 3008 2651 oppugnavit:
3045 2578 3270 2634 fortiter
3327 2582 3524 2634 autem
3573 2595 3662 2634 re-

2008 2669 2238 2742 pulsus,
2269 2685 2398 2723 cum
2433 2667 2580 2723 nihil
2610 2684 2672 2723 se
2701 2669 2930 2723 efficere
2964 2667 3230 2738 sentiret,
3260 2667 3661 2740 pulcherrima

2010 2775 2255 2830 quaeque
2284 2757 2528 2813 aedificia
2557 2757 2822 2828 diripuit,
2855 2772 3211 2828 omnemque
3242 2756 3454 2813 Edesse
3487 2773 3659 2813 orna-

2007 2853 2134 2902 tum
2186 2847 2492 2919 ipsiusque
2541 2846 2715 2902 etiam
2758 2846 2948 2916 Magni
2994 2845 3200 2917 templi
3251 2845 3547 2916 perdidit;
3596 2861 3664 2901 ac

2010 2935 2457 3006 pretiosissimis
2474 2935 2809 3006 quibusque
2826 2936 3000 2990 rebus
3019 2934 3078 2990 in
3098 2933 3349 2990 camelos
3367 2933 3664 3005 impositis

2010 3029 2066 3080 et
2095 3024 2215 3096 igni
2251 3025 2309 3079 in
2360 3024 2588 3095 reliqua
2638 3023 2804 3079 urbis
2851 3024 3066 3095 injecto
3109 3023 3526 3096 Martyropolin
3577 3038 3664 3079 re-

2012 3113 2196 3166 duxit.
2231 3113 2539 3167 Liberatus
2583 3119 2981 3183 oppugnatore
3030 3111 3325 3167 Maniaces
3377 3127 3571 3167 arcem
3603 3111 3664 3167 in

254 3201 412 3269 αέτῆς
441 3207 549 3269 τῆς
583 3182 1221 3273 ΜεγάληςἙκκλησίας,
1250 3195 1340 3250 καὶ
1387 3194 1665 3268 καμήλοις
1697 3196 1895 3258 ἐπιθεὶς

2096 3201 2209 3256 adio
2276 3201 2442 3256 urbis
2510 3182 2680 3256 sitam
2751 3182 2822 3254 in
2891 3200 3048 3255 edita
3113 3217 3258 3272 rupe
3336 3201 3666 3271 occupavit,

252 3290 314 3342 τΞι
368 3288 665 3355 κάλλιστα,
721 3286 810 3341 καὶ
858 3285 926 3340 τὰ
987 3283 1284 3359 περίλοιπα
1337 3291 1439 3354 τῆς
1495 3282 1710 3347 πόλεως
1770 3287 1898 3362 πυρὶ

252 3375 572 3454 παραδοὺς,-
613 3374 973 3450 ὒπεχώθησεν
1027 3374 1108 3444 ,εἰς
1165 3371 1642 3448 Μἀρτυρούπολιν.
1690 3371 1904 3436 ’Λδείας

253 3464 304 3520 δὲ
356 3466 552 3543 τυχὼν
612 3467 642 3519 6
698 3462 1001 3533 Μανιάκης,
1032 3463 1122 3517 τὸν
1156 3461 1207 3517 έν
1242 3461 1390 3535 μέσῳ
1418 3469 1518 3531 τῆς
1550 3462 1766 3525 πόλεως
1795 3462 1906 3518 κεί-

257 3578 409 3626 μενον
474 3552 738 3634 φρούριον
817 3551 870 3606 ἐν
932 3549 1171 3612 λοφώδει
1221 3551 1389 3625 πέτρᾳ
1443 3552 1754 3628 κατασχὼν,
1817 3549 1908 3606 δύ-

2013 3295 2070 3345 et
2113 3289 2312 3346 ascitis
2365 3289 2604 3345 aliunde
2661 3288 2897 3344 auxiliis
2954 3290 3160 3345 urbem
3217 3293 3403 3344 totam
3451 3288 3668 3346 tenuit.

2016 3379 2319 3434 Inventam
2379 3395 2615 3450 quoque
2689 3394 2866 3433 manu
2939 3377 3153 3432 Christi
3230 3376 3537 3448 epistolam
3597 3378 3668 3432 ad

2017 3473 2319 3540 Augarum
2376 3466 2655 3538 scriptam
2710 3465 3047 3537 imperatori
3096 3466 3432 3537 Byzantium
3474 3469 3670 3522 trans-

2023 3557 2206 3611 misit.

248 3646 404 3717 ναμίν
442 3666 506 3699 τε
557 3643 751 3714 ἔξωθεν
806 3640 1339 3715 προσκαλεσάμενος,
1391 3641 1650 3716 ἀσφαλῶς
1693 3643 1791 3710 τὴν
1852 3641 2013 3698 πόλιν
2057 3643 2338 3719 κατέσχεν.
2386 3644 2572 3718 Εὑρὼν
2611 3641 2668 3698 δὲ
2715 3642 2802 3697 καὶ
2851 3644 2948 3712 τὴν
2996 3639 3312 3720 ίδιόγραφον
3367 3640 3666 3712 ἐπιστολὴν

254 3739 345 3787 τοῦ
397 3733 678 3788 Δεσπότω
739 3731 827 3787 καὶ
877 3731 1080 3805 Κυρίου
1129 3733 1290 3805 ἡμῶν
1332 3731 1511 3801 Ἰησοῦ
1562 3734 1816 3805 Χριστοῦ,
1869 3734 1967 3802 τήν
1999 3734 2134 3809 πρὸς
2185 3730 2437 3809 Λῦγαρον
2491 3735 2850 3810 πεμφθεῖσαν,
2892 3737 2972 3805 τῷ
3025 3731 3240 3806 βασιλεῖ
3294 3731 3344 3785 ἐν
3397 3732 3671 3804 Βυζαντίῳ

259 3822 595 3878 ἀπέστειλεν.

320 3931 520 3999 Ἀξίου
593 3926 650 3982 δὲ
706 3931 805 3982 τοῦ
878 3927 1180 4002 Αἰγυπτίου
1262 3926 1516 4000 μανέντος
1588 3924 1914 3982 καὶπολλά

254 4020 390 4074 κακᾶ
443 4018 524 4079 εἷς
577 4015 927 4092 Χριστιανοὺς
989 4013 1396 4089 ἐνδειξαμένου,
1451 4017 1912 4092 καταστρέψαντος

256 4106 310 4162 δὲ
363 4109 460 4162 καὶ
519 4107 611 4161 τὸν
674 4102 1162 4181 ένἹεροσολύμοις
1223 4105 1349 4159 ναὸν
1406 4109 1502 4159 τοῦ
1563 4104 1766 4180 Κυρίου
1824 4104 1914 4160 καὶ

259 4202 527 4271 Σωτῆρος
610 4195 772 4266 ἡμῶν
852 4195 1034 4259 Ἰησοῦ
1105 4193 1364 4266 Χριστοῦ,
1444 4191 1559 4246 εἶτα
1605 4194 1694 4246 καί
1753 4191 1916 4247 αὐτοῦ

257 4282 520 4360 αἴσχιστα
583 4279 987 4344 καταλύσαντος
1058 4280 1159 4350 τήν
1226 4281 1394 4352 ζωὴν,
1468 4281 1496 4334 6
1555 4280 1671 4344 υἱὸς
1729 4281 1916 4349 αὐτοῦ,

258 4373 361 4428 ἀπό
425 4393 583 4436 τινος
648 4370 923 4443 Ῥωμαίας
980 4369 1236 4446 γυναικὸς
1284 4367 1650 4444 αἲχμαλώτου
1704 4369 1918 4446 τεχθεὶς

2091 3930 2223 3986 Vita
2273 3931 2523 4003 turpiter
2581 3931 2856 3986 defuncto
2917 3928 3049 3985 Azio
3105 3927 3391 4001 Egyptio,
3451 3929 3551 4000 qui
3607 3927 3668 3984 in

2022 4019 2387 4076 Christianos
2435 4019 2703 4076 saevierat
2749 4019 3150 4091 templumque
3201 4017 3434 4075 Christo
3475 4018 3677 4074 Hiero-

2024 4108 2268 4180 solymis
2299 4108 2635 4164 dedicatum
2684 4111 2987 4178 everterat,
3021 4105 3179 4163 filius
3227 4107 3355 4178 ejus
3404 4113 3582 4164 natus
3611 4124 3683 4164 ex

2027 4198 2282 4270 quadam
2343 4198 2628 4266 Romana,
2689 4197 2920 4270 captiva
2979 4197 3132 4268 ejus,
3191 4195 3682 4253 instaurationem

2026 4285 2266 4341 liberam
2298 4287 2452 4342 fecit.
2503 4286 2588 4341 Ad
2623 4302 2749 4342 eam
2783 4301 2898 4341 rem
2940 4302 3080 4342 suas
3113 4284 3277 4341 misit
3319 4286 3683 4358 imperator:

2025 4376 2125 4430 sed
2159 4390 2226 4431 eo
2259 4381 2445 4431 morte
2494 4379 2785 4448 praevento
2835 4389 3143 4432 successor
3173 4374 3499 4431 Michaelus
3539 4391 3689 4447 opus

258 4462 426 4534 αύτῷ,
461 4462 725 4537 ἐπέτρεψε
751 4442 865 4521 τοῖς
900 4442 1262 4535 βουλομένοις
1294 4442 1609 4532 οἰκοδομεῖν
1646 4463 1736 4514 τὸν
1769 4442 1934 4532 ⁷ναὸν,
1966 4442 2011 4507 D
2043 4463 2309 4520 absolvit.

251 4551 305 4605 ὃν
337 4548 676 4610 ἀποστείλας
696 4549 724 4603 6
747 4545 1000 4622 βασιλεὺς
1031 4546 1344 4622 φιλοτίμως
1376 4546 1743 4622 οἰκοδομῆσαι
1782 4547 2068 4626 ἠπείγετο.
2102 4549 2278 4609 Ἀλλά
2308 4552 2511 4629 φθάσαν
2542 4553 2604 4607 τὸ
2634 4553 2812 4629 χρεὼν
2845 4549 3138 4624 ἐνεπόδισε,
3171 4551 3260 4606 καὶ
3294 4552 3322 4606 6
3375 4556 3488 4623 μετ’
3528 4548 3688 4606 αὐτὸν

262 4639 510 4715 Μιχαὴλ
542 4635 910 4710 ἰκπληρωτής
941 4639 1038 4690 τοῦ
1069 4633 1227 4712 ἔργου
1259 4634 1486 4712 ἐγένετο.

333 4746 440 4800 Καὶ
476 4747 508 4800 6
545 4746 840 4821 μάγιστρος
862 4741 920 4798 δὲ
949 4741 1256 4813 Βασίλειος,
1281 4744 1308 4798 ὁ
1335 4742 1417 4798 ἐπ’
1439 4741 1646 4822 ἀδελφῇ
1676 4739 1924 4820 γαμϐρὸς

262 4840 357 4891 τοῦ
393 4833 696 4911 βασιλέως,
728 4836 756 4887 ὁ
788 4830 1066 4907 Σκληρὸς,
1118 4833 1262 4908 παρά
1310 4833 1722 4889 Κωνσταντίνου
1770 4833 1928 4889 ἐκτυ-

266 4925 537 4999 φλωθεὴ,
571 4920 796 4978 ἄστατον
830 4921 1060 4996 γνώμην
1114 4916 1257 4998 ἔχων
1305 4921 1395 4977 καὶ
1444 4921 1928 4998 ἀλλοπρόσαλλον,

268 5014 312 5070 εἰ
372 5013 472 5069 καὶ
539 5012 834 5088 μάγιστρος
886 5009 1172 5084 ἐτετίμητο
1210 5013 1297 5067 καὶ
1332 5010 1556 5067 πολλῶν
1613 5011 1926 5088 εὐεργεσιῶν

266 5104 481 5175 ἠξίωτο
515 5101 660 5177 παρά
704 5103 803 5155 τοῖ’)
851 5100 1157 5173 Ῥωμανοῢ,
1200 5099 1353 5174 ὅμως
1398 5096 1696 5171 ἐπιϐουλὴν
1731 5100 1934 5174 μελετᾷ

263 5198 380 5246 κατ’
443 5189 635 5246 αὐτοῦ.
696 5185 879 5245 Ἀλλά
909 5189 1179 5266 φωραθεὶς
1207 5197 1307 5259 τῆς
1352 5187 1569 5252 πόλεως
1603 5185 1930 5245 ἐκϐάλλεται

264 5283 354 5335 ὠν
407 5284 486 5354 τῇ
520 5278 756 5354 γυναικίο

339 5368 670 5427 ’ΔπέστειΛε
749 5366 806 5424 δὲ
880 5370 968 5424 καὶ
1031 5369 1080 5442 ἐξ
1131 5366 1387 5440 Ἐδέσσης
1439 5369 1467 5423 6
1515 5369 1800 5440 Μανιάκης
1856 5373 1935 5441 τῷ

272 5457 504 5534 βασιλεῖ
542 5455 810 5511 ἐνιαύσιον
873 5457 1062 5536 φόρον,
1123 5453 1314 5534 λίτρας
1370 5458 1726 5528 πεντήκοντα.
1782 5458 1934 5513 Καὶὸ

265 5554 362 5618 τῆς
423 5544 763 5620 Τριπόλιως
816 5543 873 5600 δὲ
915 5545 1134 5621 ἀμηρᾶς
1194 5548 1222 5602 6
1281 5547 1584 5622 Πινζαράχ,
1641 5547 1934 5623 κατισχυό-

269 5657 437 5712 μενος
512 5634 664 5712 παρὰ
717 5638 824 5690 τῶν
883 5633 1196 5714 Αἰγυπτίων
1224 5681 1238 5708 ,
1299 5636 1466 5717 φυγὰς
1518 5637 1615 5706 τὴν
1681 5634 1937 5714 βασιλίδα

610 5763 875 5827 Pas-act.
923 5765 1034 5827 Gs.
1084 5764 1323 5827 CXXII.

2109 4749 2282 4806 Porro
2315 4749 2567 4806 Basilius
2598 4749 2814 4815 Durus,
2848 4749 3066 4806 sororis
3105 4747 3480 4821 imperatoris
3509 4746 3693 4804 mari-

2038 4837 2156 4903 tus,
2191 4854 2223 4890 a
2251 4838 2636 4892 Constantino
2661 4837 2812 4892 502
2835 4834 3022 4891 oculis
3047 4835 3330 4907 privatus,
3356 4849 3694 4906 quanquam

2039 4928 2096 4979 et
2127 4926 2392 4997 magistri
2426 4927 2645 4981 honore
2668 4930 2724 4981 et
2755 4924 2959 4980 multis
2982 4942 3015 4980 a
3040 4929 3301 4979 Romano
3333 4924 3575 4980 affectus
3595 4924 3698 4980 be-

2041 5014 2288 5080 neﬁciis,
2320 5020 2517 5071 tamen
2567 5015 2742 5070 homo
2792 5014 3149 5069 inconstanti
3202 5013 3397 5069 animo
3451 5013 3700 5070 insidias

2040 5103 2377 5176 imperatori
2428 5105 2640 5160 struxit
2661 5123 2674 5174 ;

2042 5209 2168 5249 cum
2197 5211 2371 5250 uxore
2401 5196 2643 5265 ejectus.

2733 5103 2948 5176 quibus
2990 5103 3370 5175 deprehensis
3420 5103 3565 5160 urbe
3609 5106 3701 5158 est

2115 5372 2194 5427 Ab
2226 5371 2443 5426 Edessa
2491 5371 2784 5427 Maniaces
2832 5371 3173 5444 imperatori
3221 5388 3324 5443 pro
3377 5387 3574 5426 annuo
3603 5370 3702 5426 tri-

2043 5461 2184 5516 buto
2242 5459 2405 5514 misit
2464 5459 2893 5532 quinquaginta
2941 5460 3144 5516 libras.
3198 5461 3263 5515 Et
3310 5458 3704 5516 Pinzarachus

2044 5548 2293 5619 Tripolis
2327 5563 2577 5619 ameras,
2624 5549 3018 5620 ngyptiorum
3069 5549 3185 5604 vim
3235 5566 3351 5604 non
3385 5549 3706 5622 perferens,

2044 5637 2250 5713 Cpolin
2308 5638 2588 5712 profugit.
2647 5638 2832 5704 Quem
2877 5637 3202 5711 imperator
3252 5653 3388 5694 cum
3443 5635 3706 5693 maximo

3346 5763 3386 5821 8
