3968 6140
235 354 351 414 235
1567 351 1878 411 GEORGII

2044 353 2242 412 DREN
2250 353 2272 411 Ι
3526 349 3644 409 936

226 483 503 555 exercitu,
535 483 734 539 addito
766 482 1094 539 sodalitatis
1115 484 1263 538 duce
1292 482 1645 549 Theoctisto,
1678 483 1737 537 in
1770 483 1873 554 Sy-

2044 478 2303 538 ιτέλαϐεν·
2365 486 2422 539 ὅν
2482 487 2509 541 6
2546 483 2799 560 βασιλεὺς
2848 482 3015 540 πάλιν
3076 483 3211 557 μετὰ
3256 479 3521 551 πλειστης
3550 477 3643 534 δυο

227 574 376 630 riam
408 573 589 629 misit.
636 573 846 628 Emisit
875 573 1052 629 etiam
1105 573 1307 644 Abydo
1341 588 1471 627 cum
1518 572 1705 627 classe
1736 587 1873 643 pro—

225 663 659 735 tospatharium
718 663 1004 717 Tecneam
1066 662 1123 716 in
1173 663 1507 734 .Egyptum,
1561 662 1672 717 Nili
1723 661 1875 717 ostia

227 753 537 824 ipsamque
584 751 997 807 Alexandriam
1049 768 1151 822 per
1180 751 1547 807 occasionem
1597 751 1875 806 infestare

216 842 479 912 jussum.
530 841 634 905 Qui
668 857 803 897 cum
852 841 1141 896 tenuisset
1192 856 1429 895 cursum
1466 845 1522 894 et
1564 840 1635 894 ad
1686 840 1872 911 ipsam

228 928 641 986 Alexandriam
672 928 903 985 delatus
951 933 1124 995 esset,
1158 928 1431 1000 plurimis
1480 928 1739 985 hostium
1773 946 1874 983 na-

225 1018 396 1074 vibus
428 1019 739 1090 praedaque
770 1018 1026 1073 maxima
1047 1018 1265 1089 potitus
1290 1019 1529 1072 domum
1562 1016 1875 1073 incolumis

227 1107 421 1164 rediit.
454 1106 772 1163 Castellum
824 1122 1076 1178 quoque,
1109 1107 1204 1162 cui
1238 1122 1451 1161 nomen
1483 1106 1737 1170 Percrin,
1767 1106 1873 1160 Ba-

227 1197 426 1270 byloni
457 1197 813 1270 proximum,
858 1196 1085 1251 Alimus
1129 1196 1453 1251 Saracenus
1486 1195 1537 1250 ei
1569 1195 1875 1266 praefectus

228 1287 488 1343 Romano
519 1286 857 1359 imperatori
883 1286 1063 1354 dedit,
1096 1285 1399 1356 ﬁliumque
1431 1301 1602 1339 suum
1637 1285 1705 1338 ad
1740 1300 1871 1338 eum

227 1376 409 1445 misit,
464 1391 709 1448 sperans
767 1391 827 1430 se
888 1373 1189 1446 patriciam
1248 1373 1593 1444 dignitatem
1645 1372 1877 1443 aliaque

225 1465 466 1538 praemia
495 1468 952 1538 reportaturum.
1006 1466 1085 1518 Ac
1110 1461 1410 1518 castellum
1460 1462 1694 1532 quidem
1728 1460 1872 1516 illud

223 1559 282 1612 in
315 1572 487 1613 suam
512 1559 858 1627 potestatem
884 1552 1108 1624 accepit
1136 1551 1414 1624 patricius
1437 1550 1714 1609 Nicolaus
1743 1550 1876 1605 Bul-

225 1662 423 1719 garus,
484 1647 868 1717 cognomento
928 1641 1277 1714 Chryselius.
1327 1641 1439 1696 Sed
1494 1640 1667 1695 Alimi
1717 1640 1876 1696 ﬁlius

226 1752 360 1791 cum
418 1734 674 1789 venisset
732 1731 1073 1804 Byzantium
1152 1729 1431 1801 nullaque
1488 1729 1616 1799 ejus
1678 1729 1877 1784 habita

228 1830 385 1883 esset
425 1824 593 1890 ratio,
624 1826 972 1896 imperatore
1002 1827 1143 1878 tunc
1190 1821 1587 1877 invaletudine
1619 1823 1871 1890 detento,

226 1918 411 1972 iratus
440 1915 678 1971 domum
714 1912 899 1983 rediit,
952 1912 1222 1984 patrique
1255 1914 1318 1965 ut
1367 1928 1536 1966 suum
1568 1910 1874 1967 castellum

228 2020 574 2078 recuperare
604 2003 888 2058 niteretur
938 2002 1251 2073 persuasit.
1288 2001 1441 2058 503
1474 2001 1619 2072 Ergo
1646 2000 1875 2056 Alimus

230 2113 290 2152 re
321 2111 453 2151 cum
484 2093 695 2149 vicinis
726 2092 917 2147 Persis
940 2090 1165 2146 occulte
1190 2090 1514 2161 composita
1544 2093 1716 2144 noctu
1750 2107 1876 2145 cas-

230 2184 434 2241 tellum
467 2181 865 2253 occupavit,et
885 2196 985 2235 sex
1002 2178 1191 2235 millia
1206 2180 1591 2235 Romanorum
1625 2179 1876 2235 militum

230 2274 558 2339 interfecit;
608 2271 762 2343 quod
796 2270 1009 2325 accidit
1039 2269 1211 2340 culpa
1240 2273 1414 2339 atque
1447 2268 1674 2323 incuria
1703 2268 1877 2341 Chry-

229 2362 378 2432 selii,
412 2360 667 2434 praesidii
699 2359 1003 2432 principis.
1060 2358 1170 2413 Sed
1205 2358 1377 2429 paulo
1409 2361 1541 2429 post
1572 2374 1637 2413 eo
1669 2363 1879 2429 praetor

230 2453 451 2509 missus
480 2451 763 2524 patricius
806 2450 1005 2506 Niceta
1056 2448 1356 2521 Pegonites
1384 2465 1517 2502 cum
1552 2449 1790 2503 Rossico
1822 2452 1877 2503 et

230 2543 493 2597 Romano
536 2540 789 2595 exercitu
822 2538 1129 2594 castellum
1162 2538 1305 2592 illud
1342 2537 1643 2593 obsidione
1675 2537 1873 2605 cinxit,

231 2634 685 2701 constanterque
730 2629 1128 2700 oppugnando
1177 2627 1349 2699 cepit,
1385 2626 1765 2697 Alimumque
1821 2630 1877 2681 et

232 2721 357 2789 ejus
391 2718 577 2773 filium
610 2718 853 2773 necavit.

1986 570 2202 643 νάμεως
2265 572 2356 627 σὺν
2414 578 2493 646 τῷ
2542 574 2892 649 ἐταιρειάρχῃ
2949 572 3255 644 Θεοκτίστῳ
3311 570 3387 633 εἰς
3447 569 3643 644 Συρίαν

1984 658 2330 737 ἐκπέπομφεν
2368 707 2381 720 .
2454 663 2756 737 Ἐξέπεμψε
2834 661 2891 718 δὲ
2946 660 3033 717 καὶ
3099 661 3233 735 μετὰ
3290 659 3491 715 στόλου
3546 658 3639 713 τὸν

1983 753 2473 826 πρωτοσπαθάριον
2533 751 2758 808 Τεκνέαν
2816 753 2905 807 τὸν
2962 750 3013 822 ἐξ
3069 746 3301 808 Ἀϐύδου
3360 749 3435 811 εἷς
3464 746 3641 823 Αἴγυ-

1983 861 2135 912 πτον,
2170 845 2248 911 [Ρ.
2282 844 2410 915 732]
2442 841 2508 897 τά
2557 846 2654 896 τοῦ
2710 839 2914 898 Νείλου
2966 841 3230 912 στόματα,
3290 840 3398 909 ὃπη
3450 835 3641 910 παρεί-

1983 950 2092 997 κοι,
2140 930 2476 999 κακώσοντα,
2527 930 2616 985 καὶ
2666 929 2833 999 αὐτὴν
2896 926 3325 1005 Ἀλεξάνδρειαψ
3380 925 3438 991 ὅς
3487 925 3641 981 εὐθυι

1984 1016 2236 1089 πλοήσας
2310 1019 2396 1073 καὶ
2476 1018 2672 1094 μέχρις
2748 1018 2917 1085 αὐτῆς
2980 1017 3177 1082 ἐλάσας
3234 1012 3643 1090 Ἀλεξανδρείας

1984 1108 2158 1163 πλοῖά
2213 1128 2272 1161 τε
2301 1107 2655 1180 πάμπλειστα
2697 1106 3033 1183 ἐχειρώσατο
3082 1107 3173 1161 καὶ
3204 1104 3352 1162 λείαν
3385 1104 3467 1160 ὅτι
3500 1103 3646 1159 πολ-

1987 1197 2090 1265 λὴν
2169 1191 2603 1271 περιϐαλόμενος
2678 1197 3002 1272 ὑπέστρεψεν
3071 1196 3284 1266 ἀσινής.
3355 1191 3647 1269 Παρέδωκε

1986 1284 2043 1340 δὲ
2087 1285 2176 1341 καὶ
2226 1286 2288 1355 τὸ
2320 1284 2578 1362 φρούριον
2609 1286 2671 1341 τὸ
2704 1286 3004 1361 λεγόμενον
3038 1284 3273 1361 Περκρὶν
3317 1284 3345 1339 6
3393 1284 3645 1357 κατέχων

1984 1373 2113 1429 αὐτὸ
2176 1375 2486 1449 Σαρακηνὸς
2531 1372 2749 1448 ’Λλεὶμ,
2804 1375 3021 1450 ’ἐγγιστα
3064 1368 3387 1435 Βαϐυλῶνος
3439 1370 3643 1427 διακεί-

1988 1484 2169 1537 μενον,
2229 1468 2307 1535 τῷ
2363 1463 2577 1540 βασιλεῖ
2634 1464 2944 1539 Ῥωμαίων,
2998 1461 3223 1524 ἐλπίσας
3277 1461 3642 1538 πατρικιότη-

1982 1552 2075 1615 τός
2105 1574 2163 1608 τε
2204 1554 2290 1607 καὶ
2344 1551 2618 1609 πλείστων
2668 1550 2854 1609 ἄλλων
2915 1548 3162 1627 άμοιόὦν
3198 1552 3518 1623 ἀξιωθῆναι,
3552 1548 3642 1605 διὰ

1982 1647 2079 1696 τοῦ
2135 1643 2253 1696 υἱοῦ
2309 1643 2475 1697 αὐτοῦ
2531 1643 2631 1711 τήν
2684 1644 2821 1718 πρὸς
2878 1643 2970 1697 τὸν
3006 1640 3234 1717 βασιλέα
3264 1642 3639 1713 ποιησάμενος

1985 1728 2231 1800 ἔντευξιν.
2280 1729 2379 1785 Καὶ
2425 1732 2487 1785 τὸ
2520 1731 2777 1808 φρούριον
2834 1732 2927 1805 μέν
2982 1729 3307 1807 παρειλήφει
3368 1731 3396 1784 6
3442 1728 3643 1804 πατρί-

1985 1840 2102 1881 κιος
2132 1817 2402 1881 Νικόλαος
2457 1821 2484 1875 6
2521 1819 2857 1897 Βοὺλγαρος,
2892 1821 2938 1892 ᾧ
2988 1818 3302 1896 Χρυσήλιος
3333 1819 3396 1873 τὸ
3428 1817 3643 1872 ἐπώνυ-

1991 1930 2114 1981 μον,
2166 1910 2193 1963 6
2240 1905 2296 1963 δὲ
2325 1913 2421 1963 τοῦ
2473 1913 2795 1984 Σαρακηνοῦ
2844 1910 2961 1971 υίὸς
3012 1905 3267 1963 εἰσελθὼν
3321 1906 3371 1962 έν
3427 1910 3508 1978 τῷ
3538 1912 3644 1961 Βυ-

1990 1996 2182 2069 ζαντίῳ
2230 1997 2319 2051 καὶ
2353 1995 2441 2052 διὰ
2482 1998 2545 2052 τὸ
2576 1998 2666 2051 τὸν
2705 1998 2933 2073 βασιλέα
2990 1998 3305 2072 συνέχεσθαι
3355 1995 3645 2072 ἀρρωστή-

1992 2107 2117 2159 ματι
2170 2084 2441 2160 μηδεμιᾶς
2496 2087 2682 2162 τυχὼν
2728 2086 3061 2164 ἐπιστροφῆς
3117 2087 3206 2140 καὶ
3271 2085 3404 2159 μετὰ
3464 2083 3645 2157 θυμοῦ

1991 2177 2328 2251 ὑποστρέψας
2402 2176 2644 2231 ἀνέπεισε
2712 2175 2805 2231 τὸν
2865 2177 3197 2250 γεννήσαντα
3255 2169 3641 2229 ἀντιλαϐέσθαι

1985 2269 2081 2318 τοῦ
2132 2264 2334 2319 οῗκείου
2367 2266 2651 2342 φρουρίου,
2711 2264 2858 2328 ’ὀστις
2888 2262 3061 2339 λάθρα
3088 2268 3210 2325 τοῖς
3241 2262 3471 2337 ὁμόροις
3506 2264 3646 2335 Πέρ-

1986 2374 2103 2417 σαις
2150 2355 2588 2428 κοινοπραγγςσας
2631 2353 2819 2415 νυκτός
2850 2374 2909 2408 τε
2945 2354 3007 2408 τὸ
3057 2352 3316 2430 φρούριον
3370 2350 3648 2426 ἀπέκλεψε

1986 2443 2074 2497 καὶ
2157 2440 2560 2517 ἑξακισχιλίους
2646 2439 2842 2515 ἄνδρας
2927 2442 3236 2515 Ῥωμαίους
3302 2438 3648 2514 πολεμιστάς

1986 2530 2260 2586 ἀπέκτεινε
2340 2531 2586 2607 ῥᾳστώνῃ
2658 2532 2747 2585 καὶ
2827 2530 3058 2604 ἀμελείᾳ
3139 2533 3237 2585 τοῦ
3311 2530 3650 2604 κατέχοντος

1983 2625 2081 2675 τοῦ
2145 2620 2484 2697 Χρυσηλίου.
2564 2619 2737 2676 Ἀλλὰ
2808 2620 2941 2693 μετὰ
3003 2620 3197 2693 μικρὸν
3260 2620 3287 2673 6
3356 2619 3647 2692 πατρίκιος

1984 2711 2230 2779 Νικήτας
2292 2710 2318 2763 ὁ
2375 2707 2684 2783 Πηγονίτης
2743 2711 2853 2781 (90)
2912 2705 3100 2783 ἄρχειν
3148 2707 3319 2762 ἐκεῖσε
3374 2708 3649 2781 πεμφθεῖς

232 2807 320 2861 moi
355 2804 603 2879 ἒπιμόνῳ
642 2804 985 2879 χρησάμενος
1023 2801 1319 2878 πολιορκίᾳ
1353 2803 1486 2877 μετᾶ
1515 2801 1652 2864 Ῥὼς
1700 2802 1786 2855 καὶ
1820 2798 2023 2868 λοιπῆς
2055 2796 2233 2869 ἄλλης
2276 2799 2586 2871 Ῥωμαϊκῆς
2632 2795 2936 2870 δυνάμεως,
2984 2796 3047 2851 τό
3091 2818 3151 2852 τε
3199 2794 3458 2872 φρούριον
3509 2796 3655 2850 κατὰ

232 2897 430 2970 κράτος
464 2893 573 2949 εἷλε
602 2891 897 2968 πολιορκίᾳ
926 2894 1013 2947 καὶ
1046 2893 1137 2946 τὸν
1171 2890 1369 2965 Ἀλεῖμ
1400 2890 1490 2945 σὺν
1520 2897 1598 2963 τῷ
1628 2893 1728 2963 υίῳ
1760 2889 2055 2944 ἀπέκτεινε.

305 2987 428 3043 Sub
460 2986 613 3041 idem
642 2990 876 3056 tempus
933 2984 1091 3050 Alda,
1123 2983 1350 3056 Georgii
1385 2985 1752 3055 Abasgorum
1787 2998 1877 3038 re-

231 3076 353 3150 guli
386 3076 681 3148 quondam
716 3091 877 3142 uxor,
904 3078 1074 3147 gente
1102 3073 1304 3142 Alana,
1324 3074 1661 3146 imperatori
1696 3088 1757 3128 se
1784 3073 1880 3127 ad-

224 3168 460 3238 junxit;
510 3164 869 3236 tradiditque
917 3164 1274 3234 Anacuphen
1324 3180 1517 3218 arcem
1552 3161 1878 3217 munitissi-

231 3271 407 3312 mam.
439 3255 620 3327 Cujus
665 3252 844 3308 ﬁlium
898 3252 1248 3307 Demetrium
1302 3252 1566 3321 magistri
1596 3251 1878 3323 dignitate

2059 2993 2193 3049 Τότε
2252 2991 2318 3063 δὴ
2394 2995 2484 3048 καὶ
2548 2991 2721 3063 Ἀλδή
2794 2996 2829 3063 ἡ
2891 2993 3165 3069 Γεωργίου
3220 2996 3317 3047 τοῦ
3371 2986 3651 3068 Ἀϐασγοῦ

1986 3085 2120 3160 γυνή
2172 3088 2269 3138 τοῦ
2321 3084 2508 3157 γένους
2570 3081 2700 3138 οὖσα
2752 3087 2858 3137 τῶν
2916 3080 3184 3151 Ἀλανῶν,
3221 3080 3532 3157 προσερῥύη
3573 3086 3655 3152 τῷ

1992 3171 2227 3248 βασιλεῖ,
2280 3169 2591 3247 παραδοῦσα
2633 3172 2720 3226 καὶ
2752 3173 2813 3228 τὸ
2866 3170 3213 3247 ὀχυρώτατον
3255 3171 3516 3248 φρούριον
3544 3171 3647 3239 τήν

1988 3263 2350 3339 Ἀνακουφήν·
2411 3261 2479 3329 ἧς
2532 3262 2623 3316 τὸν
2688 3261 2805 3315 υἱὸν
2855 3262 3174 3334 Δημήτριον
3218 3261 3247 3315 ὁ
3281 3258 3538 3335 βασιλεὺς
3568 3264 3649 3331 τῷ

232 3345 463 3402 ornavit
490 3345 830 3416 imperator.
857 3342 1027 3397 Aliud
1062 3358 1297 3413 quoque
1326 3342 1394 3397 de
1428 3341 1734 3397 Saracenis
1766 3345 1877 3395 tro~

2044 3357 2097 3405 ὒν
2171 3350 2484 3428 μαγίστρων
2547 3349 2833 3424 τετίμηκεν
2915 3350 3205 3422 ἀξιώματι.
3282 3350 3513 3417 Ἔστησε
3592 3346 3651 3403 δὶ

234 3452 423 3507 pisum
456 3433 660 3489 statuit
687 3434 1047 3488 Carantenus
1098 3431 1417 3502 pradatum
1450 3430 1722 3503 egressis,
1754 3429 1879 3484 vin-

236 3530 478 3597 ctosque
502 3524 610 3577 600
637 3522 707 3577 ad
741 3522 1151 3593 imperatorem
1181 3521 1363 3576 misit.

315 3712 433 3767 Hoc
461 3710 589 3783 ipso
624 3708 828 3764 mundi
869 3707 1010 3762 6542
1040 3724 1212 3775 anno,
1246 3707 1337 3763 die
1380 3707 1605 3763 decima
1637 3708 1887 3780 septima

250 3800 569 3871 Februarii,
600 3803 966 3854 terrmmotus
996 3796 1174 3868 Syria:
1206 3798 1377 3852 urbes
1409 3798 1636 3853 afﬂixit.
1670 3798 1885 3854 Oresta:

250 3908 419 3963 porro
450 3890 795 3961 abrogatum
823 3887 1135 3958 imperium
1168 3887 1653 3959 pedestribusque
1684 3888 1886 3959 praefe-

239 3984 369 4037 ctus
399 3977 583 4051 copiis
603 3978 712 4032 Leo
732 3976 983 4048 Opus,ct
1012 3975 1072 4029 in
1105 3974 1328 4030 Italiam
1364 3975 1611 4043 missus;
1638 3978 1886 4033 classem

241 4073 452 4126 ducere
476 4070 685 4139 jussus
714 4070 991 4130 Joannes,
1018 4081 1171 4119 unus
1194 4064 1264 4118 de
1290 4064 1665 4120 cubiculariis
1690 4066 1888 4121 Basilii

238 4157 634 4231 imperatoris.
654 4156 798 4210 Cum
830 4153 1066 4209 locustae
1087 4154 1427 4223 aliquandiu
1460 4154 1783 4211 Orientales
1804 4174 1891 4213 es-

237 4254 369 4305 sent
398 4248 647 4317 depasta:
681 4242 1028 4315 provincias,
1062 4242 1243 4296 coacti
1276 4249 1412 4297 sunt
1443 4243 1642 4299 incolis
1674 4244 1888 4300 liberos

236 4356 378 4395 suos
417 4335 725 4392 divendere
775 4338 831 4388 et
865 4332 920 4386 in
972 4331 1281 4385 Thraciam
1336 4332 1625 4403 migrare;
1673 4334 1888 4404 quibus

238 4430 558 4500 imperator
578 4428 743 4478 terna
772 4421 831 4475 in
851 4420 1115 4491 singulos
1133 4420 1487 4476 nomismata
1506 4421 1753 4492 largitus
1776 4428 1883 4491 est,

238 4524 296 4573 et
339 4527 581 4572 domum
633 4510 821 4567 redire
872 4510 1073 4581 jussit.
1126 4511 1280 4565 50.1
1338 4511 1572 4565 Interim
1627 4510 1885 4568 locustas

238 4610 447 4664 ventus
478 4603 793 4659 vehemens
824 4598 1304 4670 corripuitinque
1326 4598 1764 4670 Hellespontum
1790 4601 1886 4656 ab-

230 4698 395 4767 jecit,
430 4693 529 4749 ubi
553 4692 611 4746 in
642 4691 809 4745 littus
839 4689 1029 4758 ejectce
1059 4704 1295 4741 arenam
1330 4695 1702 4757 Operuerunt.
1740 4690 1881 4743 Refi-

237 4787 316 4842 cit
358 4785 451 4840 hic
499 4783 816 4853 imperator
874 4778 1050 4833 etiam
1100 4777 1500 4846 aquaeductus,
1554 4779 1767 4848 quibus
1824 4779 1882 4833 in

238 4875 442 4931 urbem
471 4888 619 4943 aqua
642 4868 970 4934 deducitur,
996 4873 1051 4921 et
1074 4866 1145 4921 iis
1173 4865 1448 4936 imposita
1470 4867 1723 4937 castella,
1747 4868 1881 4923 item

239 4964 466 5020 alendis
517 4960 746 5032 aegrotis
797 4963 853 5013 et
902 4955 1142 5027 pupillis
1190 4955 1512 5009 destinatas
1564 4958 1789 5021 domos,
1831 4962 1887 5013 et

239 5050 523 5124 quidquid
557 5053 889 5104 terraemotu
923 5047 1126 5101 laesum
1159 5043 1368 5099 fuerat.
1398 5046 1454 5097 In
1491 5063 1745 5113 summa,
1771 5063 1886 5105 om-

237 5141 414 5195 nibus
446 5137 617 5193 bonis
635 5137 910 5209 operibus
941 5133 1227 5189 incubuit.
1255 5133 1492 5187 Interim
1516 5134 1707 5189 Irorbo
1731 5134 1885 5192 lento

238 5233 542 5301 correptus
574 5232 681 5294 est,
731 5224 939 5297 capitis
987 5229 1044 5279 et
1073 5222 1262 5278 barba:
1294 5222 1429 5294 pilis
1469 5224 1882 5295 defluentibus,

1991 3439 2155 3495 πάλιν
2215 3440 2351 3495 κατὰ
2404 3444 2508 3494 τῶν
2571 3446 2903 3515 Σαρακηνῶν
2960 3437 3220 3513 τρόπαιον
3275 3437 3303 3491 6
3356 3443 3647 3511 Καραντη-

1991 3530 2102 3596 νὸς,
2137 3526 2460 3599 ἐξελθόντων
2494 3527 2581 3583 ἐπὶ
2614 3526 2900 3599 λεηλασίᾳ,
2934 3526 3022 3582 καὶ
3055 3523 3313 3599 δεσμίους
3337 3524 3648 3599 ἑξακοσίους

1992 3622 2071 3690 τῷ
2124 3616 2337 3693 βασιλεῖ
2366 3615 2503 3672 πέπο
2514 3637 2639 3695 μφε,

2065 3714 2257 3788 Τούτῳ
2304 3719 2383 3787 τῷ
2420 3715 2617 3791 ,ςφμβ”
2673 3709 2823 3783 ἔτει,
2888 3713 2950 3781 ιζ’
3011 3706 3388 3788 Φεϐρουαρίου
3444 3711 3648 3783 μηνὸς,

1996 3809 2219 3878 σεισμοῦ
2277 3805 2564 3880 γεγονότος
2621 3807 2802 3864 κακῶς
2858 3799 3052 3865 ἔπαθον
3120 3802 3176 3854 αἱ
3236 3800 3287 3855 ἐν
3340 3799 3510 3874 Συρίᾳ
3539 3800 3650 3855 πό-

1996 3894 2131 3955 λεις.
2185 3893 2281 3947 Καὶ
2311 3898 2407 3947 τοὺ
2440 3892 2694 3968 Ὀρέστου
2744 3890 2801 3945 δὲ
2849 3890 3253 3965 παραλυθέντος
3309 3896 3409 3959 τῆς
3468 3889 3652 3964 ἀρχῆς

1996 3984 2143 4038 Λέων
2204 3982 2298 4055 μὲν
2348 3982 2375 4034 ὁ
2436 3980 2732 4054 λεγόμενος
2762 3985 2932 4041 Ὦπος
2988 3982 3085 4033 τοῦ
3142 3982 3365 4047 πεζικοῦ
3412 3982 3650 4052 στρατοῦ

1995 4072 2287 4146 κατάρχειν
2347 4068 2680 4143 ἐκπέμπεααι
2737 4068 2789 4123 ἐν
2850 4064 3074 4138 Ἰταλίᾳ,
3122 4070 3218 4121 τοῦ
3275 4064 3331 4121 δὲ
3379 4064 3649 4139 πλωίμου

1998 4161 2275 4230 Ἰωάννης,
2333 4162 2408 4221 εἷς
2475 4157 2546 4212 ὣν
2589 4162 2697 4212 τῶν
2754 4154 3170 4228 θαλαμηπόλων
3232 4153 3518 4212 Βασιλείου
3548 4160 3649 4211 τοῦ

2001 4249 2286 4325 βασιλέως.
2320 4254 2427 4317 Τῆς
2460 4245 2517 4302 δὲ
2574 4244 2790 4320 ἀκρίδος
2847 4246 2932 4300 ἐπὶ
2964 4244 3138 4300 πολὺν
3179 4244 3377 4319 χρόνον
3405 4244 3475 4299 τά
3504 4246 3651 4317 Ἐᾦα

1997 4336 2411 4413 διαφθειρούσης
2494 4337 2701 4409 θέματα
2785 4336 3202 4409 ἡναγκάσθησαν
3287 4335 3339 4387 οἱ
3430 4330 3648 4388 ἔποικοι

1994 4427 2201 4481 τούτων
2254 4426 2342 4481 καὶ
2392 4426 2457 4479 τὰ
2508 4424 2666 4479 τέκνα
2722 4422 2976 4489 πωλῆσαι
3019 4422 3107 4477 καὶ
3150 4420 3201 4475 ἐν
3257 4422 3437 4497 Θρᾴκῃ
3483 4423 3651 4478 ἀποι-

1994 4518 2266 4584 κισθῆναι’
2324 4518 2407 4576 οἷς
2467 4514 2566 4569 ἀντὶ
2602 4514 2723 4586 τρία
2768 4513 3081 4585 νομίσματα
3140 4508 3322 4572 διδοὺς
3375 4512 3575 4566 ἅπασιν
3623 4512 3652 4566 6

2000 4604 2251 4679 βασιλεὺς
2313 4605 2667 4678 ὑποστρέφειν
2725 4599 2908 4656 οἷ’καδε
2965 4599 3394 4677 παρεσκεύασεν,
3446 4599 3553 4661 ’έως
3614 4602 3650 4669 ἡ

1993 4695 2146 4768 ἀκρὶς
2180 4694 2365 4765 ἀνέμῳ
2410 4693 2629 4768 ἀρθεῖσα
2664 4693 2827 4767 βιαίῳ
2858 4690 2935 4753 εἰς
2983 4691 3044 4744 τὸ
3095 4697 3196 4759 τῆς
3226 4688 3652 4759 Ἑλλησπόντου

1993 4788 2228 4838 πεσοῦσα
2298 4780 2557 4856 διεφθάρη
2631 4780 2865 4855 πέλαγος
2932 4778 3021 4833 καὶ
3099 4774 3451 4855 έκϐρασθεῖσα
3513 4780 3653 4853 πρὸς

1992 4873 2083 4926 τὸν
2145 4871 2394 4945 αἰγιαλὸν
2442 4872 2538 4939 τὴν
2571 4868 2837 4945 παράλιον
2868 4869 3093 4941 ψάμμον
3142 4866 3428 4940 ἐκάλυψεν.
3479 4868 3542 4924 Ὁ
3595 4866 3654 4922 δὶ

2000 4959 2251 5037 βασιλεὺς
2304 4959 2429 5024 τούς
2470 4982 2527 5015 τε
2555 4965 2660 5014 τῶν
2699 4956 2905 5013 ὑδάτων
2951 4956 3149 5019 ὁλκοὺς
3208 4959 3320 5030 (91)
3379 4954 3651 5029 έπεμοιή-

1996 5070 2124 5104 σατο
2177 5049 2303 5110 τοὺς
2354 5050 2417 5103 τὸ
2471 5046 2615 5124 ὕδωρ
2673 5052 2739 5120 τῇ
2790 5045 2950 5101 πόλει
3009 5046 3339 5120 εἰσάγοντας,
3400 5046 3489 5100 καὶ
3556 5046 3652 5107 τὰς

1996 5136 2295 5213 δεχομένας
2351 5143 2511 5192 τοῦτο
2543 5136 2878 5197 καστέλλους
2938 5138 3020 5207 [Ρ.
3064 5137 3191 5207 733]
3242 5135 3331 5189 καὶ
3363 5135 3426 5189 τὸ
3457 5130 3647 5189 λωδο-

1993 5232 2245 5303 τροφεῖον
2319 5229 2430 5300 (92)
2487 5228 2573 5281 καὶ
2643 5227 2705 5281 τὸ
2767 5225 3224 5300 ὀρφανοτροφεῖον
3292 5223 3384 5278 καὶ
3446 5226 3654 5286 πάντας

1429 5357 1795 5415 XYLANDRI
1835 5361 1923 5417 ET
1961 5362 2185 5419 GOARI
2224 5362 2452 5418 NOTI’E.

330 5460 421 5533 90)
456 5459 620 5533 (iuius
642 5461 891 5533 mentum
924 5457 1113 5513 latius.
1150 5455 1331 5511 Goan.

330 5462 421 5533 90)
456 5462 620 5525 Cuius
649 5462 891 5514 mentum
924 5462 1113 5513 latius.
1150 5462 1331 5511 Goan.

308 5462 423 5605 E91)
453 5529 687 5593 Ὀλκούς
714 5531 943 5605 canales
972 5534 1035 5605 et
1053 5544 1339 5597 aquarum
1361 5526 1593 5605 longius
1610 5530 1881 5605 deducta-

235 5601 367 5662 rum
401 5606 814 5660 subterraneos
846 5603 931 5656 vel
963 5602 1142 5671 etiam
1190 5605 1413 5653 erectos
1444 5601 1501 5653 in
1530 5602 1881 5671 aquaducti-

235 5678 349 5736 bus
369 5676 520 5734 tubos
540 5677 909 5748 interpretor,
929 5666 1261 5732 καστέλλους
1284 5671 1444 5743 ipsos
1467 5666 1881 5743 aquaiduotum

1995 5478 2167 5535 arcus
2194 5466 2249 5515 et
2274 5468 2484 5533 pontes,
2519 5461 2735 5535 quibus
2767 5457 3185 5535 superlabitur.
3218 5462 3401 5535 Gesta.

2062 5533 2179 5606 (92)
2206 5529 2369 5589 llo—rte
2397 5529 3196 5606 quaefvocamus‘leprosaria
3242 5535 3340 5606 aut
3368 5529 3650 5606 lazareta,

1991 5595 2299 5676 in'qu'ibus
2331 5595 2543 5676 leprosi
2595 5605 2835 5661 aluntur
2866 5619 2879 5659 :
2913 5595 3069 5676 solet
3106 5602 3263 5658 enim
3314 5595 3508 5676 λώϐην
3542 5595 3651 5676 pro

1990 5673 2155 5748 lepra
2185 5673 2467 5751 usurpare
2494 5677 2611 5736 κατ’
2642 5676 2864 5753 ἐξοχήν,
2897 5680 2963 5735 ut
2997 5673 3145 5735 alias
3173 5674 3401 5735 monui.
3434 5673 3578 5734 XXII.

3960 3904 3961 3975 ι

3955 4358 3957 4444 l
