3968 6140
295 329 413 391 239

1652 329 1967 389 GEORGII
2015 327 2353 387 CltDRENI

3595 329 3710 389 240

290 459 546 531 εδοίαζεν.
582 459 802 517 Ἀλλ’ὁ
865 461 1117 532 Ἰωάννης
1177 459 1264 514 σὺν
1324 465 1393 535 τῇ
1455 465 1578 536 Ζωῇ
1636 463 1975 532 πεντήκοντα
2039 461 2133 534 μὲν
2187 457 2421 536 χρυσίου
2454 453 2750 533 λίτραςτῷ
2781 456 3112 535 πατριάρχῃ,
3146 461 3484 531 πεντήκοντα
3517 455 3575 514 δέ
3630 463 3709 532 τῷ

290 550 485 627 κληρῳ
545 548 668 612 δοὺς
726 549 928 606 ἔπεισεν
992 549 1382 625 ἱεροτελεστίας
1439 551 1761 621 καταξιῶσαι
1814 550 2030 611 αύτούς.
2064 547 2146 612 [Ρ.
2179 552 2307 623 734]
2337 550 2438 604 Τὸν
2471 547 2700 624 ρηθέντα
2726 545 2782 602 δέ
2810 547 3010 624 τρόπον
3045 550 3342 627 ἀναιρεθεὶς
3371 549 3649 623 Ῥωμανὸς
3682 550 3709 603 6

297 638 549 715 βασιλεὺς
581 642 834 704 θάπτεται
866 640 916 696 ἐν
948 644 1016 714 τῇ
1048 641 1172 713 παρ’
1204 639 1364 695 αὐτοῦ
1393 641 1782 716 νεουργηθείσῄ
1814 646 1913 710 τῆς
1943 634 2312 714 περιϐλέπτου
2344 641 2454 712 (97)
2491 638 2786 711 μονῇ,κατ’
2818 638 2986 708 αὐτὴν
3015 640 3113 708 τὴν
3150 638 3301 716 ἁγίαν
3335 639 3426 694 καὶ
3462 637 3705 714 μεγάλην

293 731 638 804 παρασκευήν
649 774 660 786 .

362 823 436 877 Αι
464 838 596 877 vero
627 821 735 877 Zoe
766 837 899 876 cum
932 821 990 876 in
1023 819 1397 892 imperatorio
1425 819 1571 876 solio
1590 818 1938 876 Michaelum

2124 817 2186 872 Ἡ
2219 817 2340 886 Ζωὴ
2376 813 2434 870 δὲ
2463 816 2552 871 τὸν
2586 815 2816 892 Μιχαὴλ
2866 813 2954 872 ἐπὶ
3011 817 3102 872 τὸν
3169 814 3446 892 βασίλειον
3499 814 3710 890 ἐνιδρύ-

294 910 657 982 collocasset,
705 910 976 982 sperabat
1019 927 1081 965 se
1140 908 1266 964 loco
1315 909 1422 964 viri
1468 915 1524 964 et
1571 908 1944 980 imperatoris

295 999 657 1070 mancipium
690 1015 756 1054 ac
789 999 1077 1054 famulum
1102 999 1457 1067 habituram,
1483 999 1729 1069 ideoque
1756 1001 1944 1069 pater-

294 1088 386 1144 nis
419 1088 707 1144 eunuchis
738 1089 794 1142 in
826 1087 1022 1143 aulam
1051 1087 1292 1143 adscitis
1325 1105 1444 1143 rem
1477 1087 1726 1158 graviter
1749 1101 1946 1157 aggre-

295 1177 584 1234 diebatur.
619 1178 728 1234 Sed
761 1177 1066 1250 perspicue
1098 1177 1147 1232 ei
1180 1177 1377 1232 omnia
1409 1193 1578 1232 secus
1607 1178 1946 1231 evenerunt.

293 1266 523 1323 Etenim
553 1266 828 1335 ,Joannes
882 1265 1256 1338 imperatoris
1307 1267 1502 1335 frater,
1553 1265 1728 1320 homo
1771 1263 1948 1318 indu-

294 1357 475 1413 strius
526 1359 703 1427 atque
749 1356 976 1426 efﬁcax,
1028 1354 1388 1427 simulatque
1436 1357 1496 1410 in
1546 1355 1736 1410 aulam
1771 1353 1946 1423 venit,

293 1446 460 1501 fratri
492 1462 597 1501 suo
631 1449 898 1501 metuens
922 1444 1291 1514 (movebatur
1313 1444 1469 1500 enim
1496 1443 1740 1500 Romani
1762 1459 1948 1498 exem-

294 1533 412 1606 plo)
439 1538 496 1590 et
524 1533 828 1590 eunuchos
874 1538 1150 1603 Augustae
1198 1533 1416 1605 palatio
1449 1533 1617 1604 ejecit
1647 1536 1703 1588 et
1734 1531 1948 1587 fidissi-

298 1640 418 1679 mas
451 1623 579 1695 ejus
611 1622 853 1679 ancillas
885 1622 1117 1693 amovit,
1143 1623 1418 1680 mulieres
1451 1623 1561 1679 sibi
1585 1637 1793 1694 genere
1817 1638 1947 1693 pro-

295 1711 549 1784 pinquas
579 1713 853 1768 custodiae
875 1712 1015 1768 Zoes
1039 1711 1328 1778 adhibuit,
1354 1713 1557 1782 utjam
1582 1727 1765 1781 neque
1782 1725 1951 1782 agere

296 1801 620 1874 quidquam
640 1817 706 1856 ea
722 1800 806 1856 vel
828 1817 1108 1872 magnum
1137 1800 1223 1857 vel
1243 1817 1486 1873 parvum
1510 1800 1697 1872 ipsius
1719 1800 1948 1871 injussu

297 1895 494 1962 posset
523 1895 579 1946 et
609 1907 811 1946 omnes
842 1892 970 1960 ejus
1014 1894 1262 1946 conatus
1305 1891 1756 1962 impedirentur,
1787 1906 1852 1944 ac
1884 1905 1955 1944 ne

298 1979 358 2034 in
407 1979 680 2035 balneum
731 1979 970 2051 quidem
1021 1979 1134 2034 nisi
1180 1979 1370 2050 ipsius
1422 1979 1713 2050 permissu
1761 1978 1955 2033 venire

299 2073 533 2140 posset;
567 2069 846 2140 omnique
865 2085 1106 2140 prorsus
1125 2067 1516 2124 oblectatione
1547 2066 1799 2139 spoliata
1825 2067 1954 2132 fuit,

2056 927 2188 960 σασα
2225 906 2414 980 θρόνον
2474 905 2637 980 ᾠήφη
2701 907 2796 979 μέν
2856 907 2973 961 ἀντὶ
3035 904 3228 979 ἀνδρὸς
3283 908 3373 960 καὶ
3438 904 3711 982 βασιλέως

2057 992 2254 1050 δοῦλον
2303 996 2393 1050 καὶ
2441 993 2690 1050 διάκονον
2739 992 2898 1066 ἕξειν,
2929 995 3020 1050 καὶ
3078 993 3186 1066 ἤδη
3245 995 3372 1057 τοὺς
3425 995 3714 1072 πατρῴους

2058 1083 2352 1160 εὐνούχους
2404 1083 2765 1159 εἰσαγαγοῦσα
2823 1084 2900 1147 εἷς
2956 1085 3026 1140 τὰ
3085 1085 3352 1160 ἀνάκτορα
3405 1083 3711 1159 γενναιότε-

2060 1193 2150 1249 ρον
2210 1172 2412 1242 ἥπτετο
2490 1178 2596 1228 τῶν
2665 1174 3000 1250 πραγμάτων
3034 1192 3047 1206 ·
3107 1171 3237 1229 ἀλλ’
3297 1168 3471 1244 ἀπέϐη
3536 1173 3713 1227 πάντα

2055 1262 2225 1336 ταύτῃ
2258 1262 2335 1326 εἷς
2363 1261 2668 1317 τούναντίον
2699 1260 2992 1338 λαμπρῶς.
3025 1263 3080 1317 Ὁ
3118 1262 3217 1338 γὰρ
3278 1267 3374 1317 τοῦ
3438 1261 3711 1336 βασιλέως

2059 1349 2292 1429 ἀδελφὸς
2322 1353 2598 1422 Ἰωάννης,
2650 1353 2947 1426 πρακτικὸς
2994 1354 3277 1427 ἄνθρωπος
3327 1351 3402 1406 ὣν
3451 1351 3541 1406 καὶ
3591 1349 3714 1426 δρα-

2059 1442 2303 1514 στήριος,
2337 1442 2449 1514 ἅμα
2503 1462 2561 1496 τε
2612 1436 2778 1511 ἐπέϐη
2839 1445 2945 1495 τῶν
3008 1439 3320 1517 βασιλείων,
3365 1439 3456 1495 καὶ
3516 1436 3711 1501 δεδιὼς

2057 1531 2179 1604 περὶ
2238 1535 2334 1584 τοῦ
2393 1527 2629 1608 ἀδελφοῦ
2687 1530 2853 1605 (ἑώρα
2909 1531 3012 1607 γὰρ
3082 1530 3157 1593 εἰς
3215 1527 3560 1607 παράδειγμα
3613 1533 3712 1584 τοῦ

2057 1621 2365 1694 ⁸Ρωμανοῦ)
2401 1622 2472 1692 μή
2509 1641 2558 1674 τι
2603 1619 2693 1675 καὶ
2742 1621 2888 1695 πάθῃ
2949 1617 3142 1692 δεινὸν,
3173 1618 3303 1678 τοὺς
3363 1619 3458 1693 μὶν
3519 1618 3714 1674 εύνού-

2059 1728 2195 1784 χους
2232 1715 2330 1778 τῆς
2395 1706 2676 1782 βασιλίδος
2735 1703 3087 1778 καταϐιϐάζει
3140 1713 3238 1765 τοῦ
3295 1707 3560 1765 παλατίου
3619 1708 3712 1764 καὶ

2058 1799 2154 1860 τὰς
2238 1799 2636 1860 πιστικωτάτας
2722 1801 2830 1853 τῶν
2904 1795 3293 1875 θεραπαινίδων
3370 1797 3506 1871 αὐτῇ
3579 1797 3716 1852 ἀπο-

2062 1888 2394 1957 σκευάζεται,
2424 1892 2680 1963 γυναῖκας
2713 1884 2769 1941 δὲ
2800 1886 2904 1942 τῶν
2949 1887 3082 1942 κατᾶ
3127 1889 3285 1962 γένος
3333 1887 3484 1960 αύτῷ
3541 1907 3712 1962 προσ-

2064 1977 2307 2047 ηκόντων
2342 1975 2610 2054 φρουροὺς
2645 1976 2890 2054 ἐφίστησι
2919 1980 2986 2050 τῇ
3023 1974 3264 2052 βασιλίδι
3293 1978 3382 2031 καὶ
3440 1975 3712 2051 φύλακας.

2064 2067 2162 2120 Καὶ
2196 2063 2349 2120 οὐδὲν
2412 2066 2603 2141 μικρὸν
2643 2067 2671 2136 ἢ
2707 2067 2845 2140 μέγα
2896 2067 2961 2135 ἦν
2992 2066 3020 2120 '6
3055 2067 3132 2138 μὴ
3169 2067 3303 2138 μετὰ
3356 2067 3582 2141 γνώμης
3617 2065 3712 2120 αύ-

304 2159 396 2214 Sic
427 2159 603 2214 rebus
635 2157 692 2212 in
714 2157 849 2213 aula
867 2157 1201 2212 constitutis
1218 2156 1444 2212 litteras
1462 2174 1560 2228 per
1587 2173 1816 2211 omnem
1841 2156 1938 2210 im-

2066 2160 2159 2210 τοῦ
2227 2154 2593 2230 διεπράττετο’
2655 2156 2967 2230 περιπάτων
3026 2175 3082 2210 τε
3138 2158 3238 2230 γὰρ
3291 2153 3562 2210 ἐκωλύετο
3620 2155 3712 2210 καὶ

298 2247 442 2318 perii
477 2247 758 2303 ditionem
812 2247 1048 2316 emittit,
1081 2247 1474 2318 omnibusque
1507 2247 1802 2318 signiﬁcat
1833 2245 1947 2299 Ro-

300 2353 540 2392 manum
589 2336 852 2392 debitum
904 2340 1126 2391 natura:
1174 2335 1548 2407 persolvisse,
1598 2333 1948 2389 Michaelum

298 2426 708 2497 imperatorem
728 2425 1100 2495 designatum
1128 2424 1224 2480 illo
1255 2424 1446 2480 adhuc
1480 2424 1708 2479 vivente
1731 2441 1795 2478 ac
1819 2440 1946 2495 pcr-

297 2515 584 2585 mittente,
618 2519 675 2569 et
705 2519 825 2569 Zoaa
857 2513 1233 2568 matrimonio
1258 2514 1554 2584 junctum.
1583 2513 1659 2566 Ad
1694 2513 1800 2566 hoc
1823 2528 1948 2566 ozn-

294 2600 404 2660 nes'
447 2621 574 2660 sese
631 2603 1012 2674 inclinarunt,
1064 2603 1392 2674 faustisque
1446 2601 1745 2656 ominibus
1803 2617 1947 2656 novo

292 2695 630 2766 imperatori
663 2699 799 2750 sunt
825 2692 1126 2765 gratulati.
1159 2693 1328 2749 Solus
1354 2693 1635 2764 patricius
1660 2694 1948 2747 Constan-

293 2782 454 2839 tinus
487 2783 840 2839 Dalassenus
873 2782 1031 2838 domi
1065 2782 1282 2854 degens
1315 2783 1463 2838 507
1513 2799 1626 2837 non
1661 2781 1796 2837 tulit
1828 2798 1939 2836 me-

298 2871 576 2928 diocriter
599 2873 756 2927 hunc
788 2872 1084 2941 nuntium,
1111 2873 1211 2926 sed
1245 2871 1622 2926 abominatus
1644 2875 1751 2938 est,
1778 2875 1950 2942 atque

295 2962 439 3017 adeo
467 2961 712 3018 miratus
745 2977 860 3032 qua
893 2961 1124 3016 tandem
1175 2960 1402 3016 ratione
1435 2959 1700 3032 plebeius
1731 2960 1841 3015 iste
1886 2976 1952 3015 ac

295 3049 632 3106 triobolaris
653 3050 829 3105 homo
854 3049 1130 3107 omnibus
1154 3049 1286 3105 aliis
1309 3055 1466 3105 esset
1495 3048 1791 3120 praelatus,
1815 3065 1948 3104 cum

292 3138 1316 3212 cxstarentplurimipraestantissimi
1343 3155 1408 3194 ac
1432 3137 1672 3193 familiis
1699 3137 1950 3194 summis

292 3229 415 3285 nati
444 3229 570 3298 viri,
589 3245 654 3286 ac
684 3229 962 3285 dominus
989 3232 1044 3283 et
1063 3227 1379 3298 imperator
1403 3228 1772 3299 designatus,
1793 3227 1948 3298 quod

292 3321 357 3374 ut
386 3316 619 3374 rescivit
643 3317 924 3389 Joannes,
956 3316 1218 3382 tametsi,
1246 3317 1328 3372 uti
1349 3334 1454 3388 par
1471 3321 1615 3384 erat,
1643 3316 1952 3373 vcbemen-

287 3413 378 3463 ter
408 3407 885 3479 perturbabatur,
917 3411 1114 3462 tamen
1149 3407 1446 3477 quomodo
1479 3406 1662 3461 istum
1691 3405 1751 3460 in
1778 3421 1948 3461 suam

289 3496 548 3552 alliceret
579 3513 814 3551 nassam
860 3495 1155 3567 cogitavit.
1192 3495 1440 3550 Mittitur
1469 3512 1602 3565 ergo
1635 3495 1705 3549 ad
1740 3494 1941 3551 Dalas-

2066 2243 2364 2320 βαλανείων
2425 2244 2487 2298 οὐ
2552 2250 2772 2318 μετεῖχε
2833 2245 2909 2317 μὴ
2973 2241 3136 2298 αὐτοῦ
3178 2244 3586 2318 ἐπιτρέψαντος,
3620 2244 3712 2298 καὶ

2057 2334 2202 2396 ὅλως
2247 2333 2550 2409 περιῄρητο
2582 2333 2718 2407 αὐτῇ
2752 2339 2895 2388 πᾶσα
2926 2335 3276 2409 ψυχαγωγία.
3315 2335 3493 2390 ἰιάντα
3534 2331 3591 2388 δὲ
3645 2334 3712 2388 τά

2057 2421 2204 2477 ἐνδον
2261 2424 2738 2494 καταστησάμενος
2799 2423 3095 2498 γράμματα
3169 2425 3304 2478 κατὰ
3379 2423 3555 2493 πάσης
3629 2423 3710 2478 ἐκο

2057 2512 2258 2584 πέμπει
2298 2519 2396 2581 τῆς
2457 2511 2807 2585 οἰκουμένης,
2843 2512 3184 2587 γνωρίζοντα
3240 2517 3357 2574 τοῖς
3415 2518 3574 2566 πᾶσιν
3636 2514 3709 2574 ὡς

2059 2599 2143 2671 εἶή
2173 2602 2265 2674 μὲν
2293 2600 2573 2672 Ῥωμανὸς
2608 2601 2635 2655 6
2671 2599 2923 2675 βασιλεὺς
2951 2603 3012 2654 τὸ
3071 2600 3291 2678 φυσικὸν
3344 2597 3710 2661 ἀποδεδωκὼς

2056 2692 2241 2767 χρέος,
2275 2689 2632 2766 ἀνηγόρευται
2667 2687 2724 2744 δὲ
2756 2691 2783 2744 ὁ
2815 2687 3050 2764 Μιχαὴλ
3086 2688 3342 2764 βασιλεὺς
3391 2687 3467 2744 ἔτι
3504 2695 3709 2759 ζῶντος

2056 2778 2260 2834 ἐκείνου
2317 2780 2405 2833 καὶ
2465 2777 2876 2853 ἐπιτρέποντος,
2934 2779 3024 2833 καὶ
3079 2782 3148 2853 τῇ
3211 2775 3454 2854 βασιλίδι
3526 2780 3714 2848 συζεύ-

2056 2888 2258 2943 γνυται.
2296 2868 2436 2943 Πρὸς
2471 2867 2605 2944 ἅπερ
2638 2869 2834 2931 πάντες
2871 2870 2963 2942 μὲν
3002 2867 3354 2924 ὑπεκλίνοντο
3405 2869 3459 2923 οἱ
3517 2865 3716 2941 ἄλλοι,

2057 2957 2145 3012 καὶ
2179 2955 2248 3012 δι’
2279 2957 2528 3033 εὐφήμου
2569 2958 2754 3035 φωνῆς
2783 2958 2872 3012 τὸν
2907 2958 3024 3012 νεὸν
3058 2957 3391 3033 ἐμεγάλυνον
3456 2956 3713 3033 βασιλέα·

2062 3047 2227 3119 μόνος
2305 3044 2360 3101 δὲ
2432 3049 2844 3108 Κωνσταντῖνος
2903 3047 3189 3120 πατρίκιος
3249 3047 3276 3101 6
3336 3043 3713 3119 Δαλασσηνὸς,

2059 3132 2240 3190 οἷ’καδε
2299 3131 2613 3210 διατρίϐων,
2675 3135 2776 3190 οὐκ
2828 3133 3025 3209 ἤνεγκε
3081 3134 3269 3206 πράως
3326 3136 3425 3204 τήν
3513 3136 3712 3207 ἀκοὴν,

2059 3223 2204 3280 ἀλλὰ
2251 3223 2340 3279 καὶ
2401 3220 2806 3295 απεδυσπέτησε
2864 3224 3001 3300 πρὸς
3055 3225 3123 3279 τά
3179 3226 3557 3302 φημιζόμινα,
3618 3227 3712 3281 καὶ

2060 3313 2149 3369 διὰ
2173 3314 2446 3387 θαύματος
2471 3315 2592 3391 ἦγε,
2624 3318 2740 3376 πῶς
2773 3311 3047 3370 πλείστων
3080 3315 3328 3391 κάγαθῶν
3393 3311 3564 3370 ὄντων
3619 3317 3709 3371 ἂν·

2059 3401 2201 3479 δρῶν
2234 3401 2284 3474 ἐξ
2316 3402 2479 3458 οἷειων
2541 3402 2809 3478 λαμπρῶν
2865 3401 2961 3458 καί
3013 3404 3290 3478 ἐπισήμου
3347 3405 3561 3480 γένους,
3604 3426 3709 3481 χυ-

2061 3491 2208 3555 δαῖος
2237 3495 2324 3548 καὶ
2356 3487 2792 3570 τριωϐολιμαῖος
2843 3489 3125 3568 ἄνθρωπος
3151 3497 3258 3548 τῶν
3319 3491 3506 3549 ἄλλων
3572 3515 3713 3570 προ-

288 3601 497 3641 senum
528 3585 846 3656 Ergodotes
869 3584 1198 3654 eunuchus,
1220 3585 1289 3638 ad
1311 3584 1650 3654 hujusmodi
1674 3583 1935 3639 ministe-

2066 3583 2309 3655 τετίμητο
2338 3581 2551 3637 πάντων
2583 3581 2672 3636 καὶ
2707 3579 2975 3652 δεσπότης
3031 3582 3122 3637 καὶ
3183 3581 3439 3657 βασιλεὺς
3497 3583 3708 3658 ἀνηγό-

290 3673 374 3727 ria
391 3671 757 3745 aptissimus,
779 3672 879 3743 qui
899 3672 1162 3742 praestito
1186 3672 1938 3743 acceptoquejurejurando

289 3777 420 3816 eum
453 3761 523 3816 ad
555 3760 966 3832 imperatorem
1003 3760 1338 3815 adduceret.
1365 3763 1590 3815 Interea
1609 3759 1865 3815 Joannes
1886 3763 1941 3815 et

289 3855 579 3921 senatum,
605 3849 912 3922 primarios
931 3865 1131 3905 eorum
1155 3849 1223 3904 ad
1249 3847 1624 3904 sublimiores
1645 3848 1940 3904 evehendo

290 3940 627 4012 dignitates,
662 3957 835 3995 suum
872 3940 1031 4005 facit,
1063 3943 1120 3993 et
1151 3938 1493 3993 muneribus
1525 3955 1589 3994 ac
1621 3936 1940 4010 largitioni-

289 4030 400 4084 bus
432 4028 829 4084 multitudinis
867 4027 1333 4083 benevolentiam
1368 4031 1581 4098 captat,
1605 4028 1801 4098 itaque
1823 4043 1942 4082 om-

291 4135 394 4173 nes
425 4117 694 4173 subditos
727 4117 840 4173 sibi
871 4117 1160 4172 conciliat.
1195 4115 1578 4188 Displicuisse
1602 4122 1794 4171 autem
1821 4116 1942 4172 hinc

292 4207 442 4261 facta
478 4207 588 4260 Deo
621 4206 767 4261 satis
797 4205 926 4276 ipsa
969 4205 1204 4260 exordia
1234 4208 1429 4276 aperte
1462 4204 1808 4259 docuerunt.
1842 4205 1939 4259 Et-

292 4293 450 4349 enim
483 4293 795 4350 undecima
824 4293 967 4348 hora
998 4298 1216 4349 sanctae
1262 4299 1321 4348 et
1370 4309 1594 4365 magnae
1625 4294 1939 4349 Dominicaa

286 4384 510 4456 grando
555 4383 774 4453 impetu
824 4382 1180 4439 intolerabili
1232 4382 1422 4438 delata
1471 4400 1584 4438 non
1637 4382 1943 4454 frugiferas

288 4474 460 4529 modo
478 4471 822 4543 sterilesque
841 4472 1078 4528 arbores
1100 4471 1509 4543 confregit,sed
1535 4472 1710 4526 etiam
1736 4473 1942 4528 domos

287 4563 497 4634 dejecit
527 4566 584 4619 et
629 4561 840 4633 templa
887 4578 953 4617 ac
1002 4566 1229 4634 segetes
1268 4561 1532 4632 vitesque
1581 4560 1704 4616 solo
1735 4561 1935 4618 allisit-

289 4656 487 4724 Itaque
517 4669 582 4709 eo
615 4669 768 4707 anno
798 4668 1028 4706 summa
1060 4651 1173 4704 fuit
1219 4649 1522 4705 sterilitas.
1558 4649 1740 4705 Stella
1770 4651 1944 4707 etiam

285 4741 590 4798 Dominico
622 4741 724 4813 qui
769 4741 995 4795 Pascha
1043 4739 1379 4810 insequitur
1432 4739 1546 4808 die,
1581 4739 1723 4794 hora
1754 4741 1943 4797 noctis

281 4832 474 4900 tertia,
495 4830 744 4900 trajecit,
771 4829 996 4901 fulgore
1027 4845 1133 4883 suo
1161 4827 1490 4882 luminibus
1515 4829 1778 4884 omnium
1804 4829 1940 4885 alia-

2050 3692 2226 3748 ρευτο.
2283 3676 2451 3726 Τοῦτο
2534 3668 2591 3726 δὲ
2669 3670 2976 3744 πυθόμενος
3036 3672 3064 3726 ὁ
3121 3670 3375 3740 Ἰωάννης
3445 3671 3704 3745 ἐπλήσθη

2053 3761 2170 3832 μὲν,
2223 3761 2296 3823 ὡς
2357 3759 2520 3830 εἷκὸς,
2585 3754 2819 3834 θορύϐου
2877 3761 2967 3814 καὶ
3023 3767 3294 3836 ταραχῆς,
3355 3759 3591 3834 ἐμελέτα
3648 3759 3710 3818 δὲ

2047 3851 2134 3904 καὶ
2165 3848 2448 3904 ἐσκέπτετο
2481 3853 2599 3912 πῶς
2631 3848 2690 3903 ἂν
2723 3848 2811 3904 καὶ
2852 3846 3007 3904 τόνδε
3063 3850 3154 3904 τὸν
3207 3846 3376 3923 ἄνδρα
3438 3851 3544 3905 ὑπὸ
3601 3851 3706 3920 τὴν

2051 3939 2242 3993 ἑαυτοῦ
2277 3944 2419 4002 θεῖτο
2447 3940 2710 4015 σαγήνην.
2744 3938 2841 3993 Καὶ
2875 3936 2942 4007 δὴ
2999 3936 3283 3994 στέλλεται
3341 3940 3478 4014 πρὸς
3539 3941 3709 3995 αὐτὸν

2050 4031 2127 4090 εἷς
2184 4032 2291 4083 τῶν
2344 4026 2620 4102 εὐνούχων
2680 4029 2706 4082 ὁ
2761 4026 3058 4102 λεγόμενος
3107 4025 3466 4103 Ἐργοδότης,
3517 4028 3711 4101 ἐπιτή-

2051 4115 2193 4181 δειος
2242 4118 2527 4192 ὑπηρετεῖν
2562 4116 2637 4180 εἷς
2663 4117 2729 4171 τά
2759 4120 3003 4189 τοιαῦτα,
3037 4116 3120 4194 ἐφ’
3150 4117 3195 4188 ᾦ
3255 4116 3455 4193 ὅρκους
3515 4115 3709 4174 δοῦναί

2047 4227 2104 4261 τε
2161 4207 2249 4260 καὶ
2307 4201 2494 4261 λαϐεῖν
2548 4207 2637 4260 καὶ
2695 4206 2909 4280 ἀγαγεῖν
2955 4206 3043 4260 τὸν
3104 4203 3271 4282 ἄνδρα
3330 4205 3384 4268 ἐς
3447 4206 3704 4281 βασιλέα,

2049 4296 2147 4351 Καὶ
2179 4296 2206 4349 ὸ
2242 4296 2335 4369 μὲν
2367 4292 2578 4350 ἄπεισιν
2609 4293 2661 4356 ἐς
2707 4295 2798 4349 τὸν
2853 4293 3224 4366 Δαλασσηνὸν,
3257 4295 3286 4349 6
3323 4296 3584 4368 Ἰωάννης
3645 4295 3705 4352 δὲ

2049 4387 2146 4456 τήν
2178 4406 2236 4439 τε
2263 4383 2563 4460 σύγκλητον
2601 4385 2912 4439 ὑπεποιεῖτο
2965 4384 3054 4438 καὶ
3101 4384 3164 4438 τὸ
3220 4385 3419 4454 κοινὸν,
3451 4385 3542 4440 καὶ
3604 4388 3706 4455 τήν

2047 4479 2155 4528 τῶν
2188 4473 2417 4530 πολλῶν
2451 4473 2717 4550 ἐπεσπᾶτο
2748 4471 2980 4542 εὔνοιαν,
3018 4473 3248 4548 βαθμοῖς
3311 4473 3405 4546 μὲν
3465 4474 3532 4528 αὗ
3571 4475 3704 4538 τοὺς

2050 4570 2151 4632 τῆς
2211 4562 2516 4639 συγκλήτου
2574 4559 2917 4636 προῦχοντας
2977 4562 3301 4634 ἀξιωμάτων
3355 4563 3529 4636 ὑψῶν,
3596 4563 3707 4620 8co-

2055 4657 2186 4728 ρεῶν
2222 4651 2277 4706 δε
2311 4651 2596 4725 διανομαῖς
2624 4651 2713 4705 καὶ
2744 4652 2932 4726 χάρισι
2960 4650 3377 4724 μειλισσόμενος
3401 4654 3464 4707 τὸ
3495 4655 3704 4722 κοινὸν,

2051 4743 2139 4798 καὶ
2186 4742 2424 4811 καθάπαξ
2482 4740 2850 4813 οἰκειούμενος
2907 4741 2967 4794 τὸ
3031 4741 3295 4811 ὑπήκοον.
3327 4744 3445 4796 Ὅτι
3510 4740 3569 4798 δὲ
3627 4747 3702 4818 μή

2057 4831 2252 4908 ἀρεστά
2306 4832 2372 4885 τά
2424 4829 2686 4906 γεγονότα
2736 4831 2800 4899 ἦν
2860 4833 2938 4900 τῷ
2971 4833 3109 4901 Θεῷ,
3145 4827 3424 4906 διεδείγθη
3486 4839 3704 4906 τρανῶς

284 4939 416 4976 rum
451 4919 758 4976 stellarum
796 4919 1090 4988 ofﬁciens,
1126 4918 1207 4972 ita
1237 4921 1301 4972 ut
1351 4917 1520 4971 multi
1566 4917 1938 4988 opinarentur

2066 4925 2110 4976 ix
2156 4919 2467 4997 προοιμίων
2526 4917 2722 4973 αὐτῶν·
2780 4921 2861 4991 [Ρ.
2921 4920 3048 4992 735]
3105 4919 3243 4974 κατὰ
3297 4920 3397 4996 γὰρ
3456 4923 3559 4991 τὴν
3638 4926 3704 4978 ια’

280 5009 463 5066 solem
492 5008 652 5064 oriri.
684 5007 866 5062 Malus
894 5007 1071 5063 etiam
1095 5007 1320 5062 daemon
1348 5006 1757 5078 imperatorem
1784 5009 1936 5065 508

274 5098 513 5168 invasit,
548 5113 734 5168 neque
786 5101 918 5152 ante
968 5097 1142 5150 finem
1177 5094 1306 5150 vitae
1357 5095 1605 5150 missum
1643 5095 1796 5152 fecit.
1830 5098 1938 5163 Qui

273 5187 537 5261 specioso
587 5185 825 5242 nomine
864 5184 1088 5241 malum
1141 5184 1197 5239 id
1229 5183 1500 5239 volebant
1541 5183 1750 5252 velare,
1778 5185 1936 5242 insa-

2051 5010 2194 5086 ὥραν
2224 5016 2323 5078 τῆς
2357 5008 2510 5082 ἁγίας
2541 5007 2629 5062 καὶ
2668 5005 2911 5083 μεγάλης
2967 5013 3237 5081 Κυριακῆς
3297 5008 3521 5083 χάλαζα
3577 5033 3706 5067 x1:-

2047 5098 2254 5173 ηνέχθη
2311 5096 2583 5174 ἀφόρητος
2640 5096 2730 5150 καὶ
2789 5093 3039 5171 ραγδαία.
3072 5096 3146 5157 ὡς
3199 5093 3553 5172 συντριϐῆναι
3625 5104 3701 5172 μή

2053 5186 2211 5261 μόνον
2251 5186 2318 5241 τὰ
2351 5182 2539 5258 δένδρα
2567 5183 2817 5259 κάρπιμά
2853 5204 2911 5238 τε
2940 5183 3029 5238 καὶ
3086 5182 3322 5260 ἄκαρπα,
3354 5184 3503 5242 ἀλλὰ
3563 5186 3708 5259 δῆτα

1455 5281 1838 5340 XYLANDRI
1873 5288 1967 5344 ET
2005 5286 2223 5344 GOARI
2265 5286 2503 5342 NOTIE.

341 5373 455 5455 (97)
486 5373 554 5455 Id_
581 5371 924 5455 vocabulum
957 5371 1067 5455 nisi
1096 5373 1204 5452 est,
1237 5371 1392 5454 quod
1423 5387 1553 5455 ‘non
1589 5377 1752 5442 puto,
1810 5391 1938 5444 pro-

272 5441 491 5524 prium,
524 5445 946 5524 ἀείδει-ποίησα
965 5445 1110 5524 divae
1132 5441 1704 5524 _in_cu,jusnhonqrem
1730 5441 1935 5503 mona-

271 5514 515 5586 sterium
545 5514 891 5571 condiderit.
913 5515 1020 5570 Sed
1043 5520 1099 5569 et
1129 5514 1281 5568 infra
1303 5514 1368 5586 in
1385 5514 1702 5586 Calaphata
1725 5524 1814 5572 est
1834 5522 1933 5586 τῆ)

2045 5376 2179 5447 gine
2223 5374 2399 5429 habet
2447 5373 2703 5445 epitheta
2732 5371 2764 5426 ἆ
2801 5391 2976 5447 γυροπ
3014 5369 3165 5444 aion,
3199 5375 3353 5445 quod
3405 5375 3710 5448 signiﬁcat

2045 5453 2288 5498 argento
2318 5447 2640 5498 venditum.
2676 5449 2732 5498 et
2764 5390 3034 5498 δαιμονίρω
3063 5445 3329 5498 κατόνου.
3362 5449 3464 5498 aui
3492 5466 3526 5498 ε
3549 5452 3705 5498 mala

2045 5445 2288 5518 argento
2318 5447 2640 5512 venditum,
2676 5449 2732 5520 et
2764 5445 3034 5518 δαιμονίῳ
3063 5445 3329 5520 κατ-ὄχου,
3362 5445 3526 5519 qui—a1
3549 5452 3705 5507 malo

2043 5517 2199 5574 esSet
2229 5521 2550 5592 occupatus
2581 5517 2774 5592 genio,
2809 5517 2874 5576 ut
2898 5522 3101 5592 postea
3146 5517 3446 5577 Gedrenus
3478 5528 3701 5581 narrat.

265 5583 640 5663 περιϐλεπτου
664 5587 871 5663 μονῆς,
906 5603 1020 5642 non
1053 5586 1264 5663 procul
1287 5603 1320 5640 a
1349 5583 1934 5663 SigmaterCaeterum

2066 5592 2183 5649 ira.

267 5657 588 5721 Michaelus
619 5657 713 5718 hic
743 5657 1071 5733 imperator
1095 5657 1382 5732 Paphlago
1413 5657 1525 5713 fuit
1553 5674 1567 5728 ;
1601 5661 1657 5715 et
1686 5659 1747 5716 in
1769 5677 1932 5720 mar-
