3968 6140
1366 407 1913 470 lllSTOllIARUM
1960 407 2505 467 COMl‘ENDllJM.
3512 407 3632 468 242

228 550 309 607 καὶ
340 546 513 609 οἰκίας
544 547 865 600 καταπεσεῖν
913 541 1002 597 καὶ
1050 541 1206 603 ναοὺς
1238 538 1329 595 καὶ
1361 539 1426 594 τά
1457 538 1590 610 λήϊα
1633 538 1724 593 καὶ
1770 538 1867 600 τὰς

1995 540 2138 595 niam
2185 539 2365 595 animi
2417 539 2839 614 appellabant:
2883 557 3025 597 sane
3073 556 3261 612 neque
3308 539 3633 597 humanum

236 636 506 713 ἀμπέλους
540 634 736 709 μέχρις
770 630 1019 710 ἐδάφους,
1053 630 1127 693 ὠς
1174 625 1541 702 έπισυμϐἦναι
1580 629 1717 683 κατά
1744 631 1870 681 τοῦ-

1995 646 2166 701 neque
2209 630 2469 685 divinum
2522 631 2802 685 auxilium
2854 630 3294 687 miserabilibus
3342 648 3475 687 eum
3509 632 3637 688 istis

229 751 314 785 τον
372 725 461 781 τὸν
511 722 711 798 χρόνον
771 721 1044 775 παντοίων
1095 724 1318 794 καρπῶν
1359 719 1584 794 ἀφορίαν
1613 718 1869 794 γενέσθαι.

1995 720 2344 775 cruciatibus
2377 736 2443 776 ac
2473 722 2717 775 torturis
2748 719 2983 792 eripuit.

229 819 416 891 Γέγονε
467 811 524 868 δὲ
576 812 664 865 καὶ
722 810 883 886 χύσις
939 810 1157 884 ἀστέρος
1207 809 1343 863 κατά
1396 809 1494 875 τὴν
1556 808 1824 881 Κυριακήν
1879 807 1977 874 τήν
2039 808 2171 879 μετᾶ
2219 808 2280 861 τὸ
2321 808 2531 883 Πάσχα,
2585 807 2705 882 περὶ
2758 808 2901 882 ὥραν
2948 806 3138 882 τρίτην
3180 813 3281 877 τῆς
3314 808 3533 871 νυκτὸς,
3568 812 3635 881 τῇ

236 905 559 982 μαρμαρυγῇ
608 908 706 971 τῆς
757 898 1149 974 λαμπρότητος
1203 898 1330 959 τοὺς
1388 897 1612 971 ἀστέρας
1669 896 1869 957 πάντας
1919 895 2282 969 καλύψαντος,
2336 898 2409 957 ὡς
2468 898 2556 951 καὶ
2607 895 2828 965 δόκησιν
2870 903 3167 973 παρασχεῖν
3228 901 3343 958 τοῖς
3402 896 3652 959 πολλοῖς-

230 994 385 1067 ἠλίου
436 989 729 1061 ἀνατολῆς.
791 989 1037 1064 Ἐλήφθη
1090 986 1146 1042 δὲ
1175 988 1263 1042 καὶ
1314 988 1341 1041 6
1396 984 1648 1060 βασιλεὺς
1682 983 1964 1057 δαιμονίῳ·
1999 986 2026 1039 ’ὀ
2060 984 2512 1060 σεμκδολογοῦντες
2545 985 2748 1061 οἱπερὶ
2796 990 2984 1041 τοῦτον
3045 987 3270 1059 μανικὸν
3329 985 3635 1042 ἀπεκάλουν

231 1085 457 1155 νόσημα,
510 1081 601 1136 καὶ
660 1080 982 1154 παρέμεινεν
1044 1077 1174 1153 ἄχρι
1220 1075 1416 1137 τέλους
1465 1082 1565 1144 τῆς
1596 1076 1757 1129 αὺτοῦ
1794 1076 2003 1149 βιοτῆς,
2042 1076 2169 1148 μήθ’
2204 1076 2304 1129 ὑπὸ
2336 1077 2478 1139 θείας
2506 1073 2783 1149 δτνάμεως
2819 1078 2949 1149 μήθ’
2981 1076 3084 1131 ὑπὸ
3117 1075 3314 1152 ἰατρῶν
3352 1075 3637 1152 θεραπείαν

231 1169 429 1244 λαϐὼν,
464 1168 591 1227 ἀλλ’
624 1168 875 1230 ἐλεεινῶς
906 1166 1354 1239 κατατεινόμενος
1382 1166 1472 1220 καὶ
1509 1164 1950 1240 βασανιζόμενος.

230 418 331 476 241

298 1266 448 1337 Ἄρτι
518 1259 576 1314 δὲ
629 1263 727 1313 τοῦ
785 1255 1113 1333 Ἐργοδότου
1171 1257 1306 1332 πρὸς
1359 1254 1451 1309 τὸν
1525 1254 1867 1324 Δαλασσηνὸν

231 1352 580 1427 ἀφικομένου,
612 1352 891 1403 πιστεῦσαι
942 1349 1035 1420 μὲν
1083 1348 1238 1409 οὗτος
1282 1349 1399 1408 τοῖς
1437 1343 1625 1420 ὅρκοις
1656 1345 1744 1398 καὶ
1777 1343 1868 1397 σὺν

228 1441 365 1513 αὖτῷ
410 1438 669 1494 ἀπελθεῖν
718 1438 817 1492 οὐκ
863 1435 1130 1506 ἠθέλησεν
1181 1434 1233 1489 ἐν
1282 1439 1362 1506 τῷ
1411 1433 1710 1504 Βυζαντίῳ,
1760 1436 1870 1486 τῶν

223 1552 336 1585 τινα
368 1527 423 1584 δὲ
454 1528 671 1601 πέμψας
718 1527 1057 1581 πιστοτάτων
1105 1524 1250 1595 αὐτῷ
1302 1522 1496 1596 ὅρκους
1526 1544 1583 1577 τε
1628 1522 1873 1594 ἀπῄτησε

230 1618 471 1692 μείζονας
527 1621 625 1671 τοῦ
676 1617 750 1687 μή
800 1636 851 1669 τι
905 1616 1091 1668 παθεῖν
1154 1611 1426 1688 χαλεπὸν,
1476 1611 1565 1665 καὶ
1618 1610 1869 1672 ἀπελθεῖν

224 1705 604 1784 ἐπηγγείλατο.
656 1705 933 1777 Ηέμπεται
984 1702 1165 1757 τοίνυν
1224 1705 1616 1762 Κωνσταντῖνος
1674 1701 1702 1753 6
1760 1705 1871 1753 Φα-

223 1797 403 1871 γίτζης
457 1794 742 1869 ιύνόὖχος,
799 1790 1079 1868 ἄνθρωπος
1135 1788 1440 1868 Παφλαγὼν
1489 1790 1578 1844 καὶ
1634 1791 1871 1858 συντίθης

223 1892 296 1958 τῷ
349 1882 585 1962 βασιλεῖ,
643 1884 711 1937 τά
768 1904 825 1937 τε
879 1881 1036 1954 τίμια
1086 1880 1423 1955 ἐπαγόμενος
1484 1877 1615 1949 ξύλα
1668 1878 1757 1932 καὶ
1810 1878 1873 1931 τὸ

228 1976 372 2050 ’ἅγιον
431 1974 720 2047 ἐκμαγεῖον
782 1971 873 2027 καὶ
919 1972 1018 2038 τὴν
1070 1971 1206 2044 πρὸς
1258 1967 1505 2044 Αὕγαρον
1557 1966 1871 2045 ΐδιόγραφον

228 2062 517 2132 ἰπιστολήν
544 2066 641 2116 τοῦ
691 2060 889 2137 Κυρίου
941 2059 1033 2114 καὶ
1086 2062 1220 2114 Θεοῦ
1264 2058 1354 2112 καὶ
1407 2060 1663 2133 Σωτῆρος
1715 2059 1873 2128 ἡμῶν

226 2156 396 2225 Ἰησοῦ
443 2155 683 2228 Χριστοῦ
729 2152 820 2205 καὶ
885 2148 1067 2203 εἰκόνα
1112 2149 1212 2217 τῆς
1264 2146 1559 2223 ὑπεραγίας
1590 2147 1877 2201 Θεοτόκου·

224 2244 277 2306 ὃς
325 2240 604 2313 ἀπελθὼν,
655 2241 741 2294 καὶ
795 2240 990 2313 ὅρκους
1039 2242 1119 2310 τῷ
1170 2235 1561 2307 Κωνσταντίνῳ
1614 2233 1740 2295 δοὺς
1788 2228 1877 2287 καὶ

223 2329 421 2403 λαϐὼν,
475 2326 695 2406 ἔρχεται
755 2329 869 2401 μετ’
920 2326 1083 2381 αὐτοῦ
1134 2324 1211 2387 εἲς
1259 2326 1321 2379 τὸ
1382 2324 1694 2393 Βυζάντιον.
1750 2322 1880 2378 Έλ-

221 2422 374 2484 θόντα
426 2416 485 2473 δὲ
530 2422 727 2473 τοῦτον
778 2415 1124 2493 φιλοφρόνως
1174 2415 1201 2468 6
1256 2411 1511 2487 βασιλεὺς
1560 2410 1873 2482 ὑπεδέξατο,

218 2511 301 2564 καὶ
331 2508 634 2563 ἀνθύπατον
686 2508 924 2579 τιμήσας
971 2504 1060 2559 καὶ
1116 2501 1318 2579 δώροις
1370 2504 1645 2577 μεγίστοις
1690 2499 1875 2570 δεξιω-

220 2599 444 2670 σάμενος
498 2597 701 2657 ἀνέτως
753 2594 844 2649 καὶ
876 2591 1050 2657 ἀδεῶς
1100 2592 1393 2667 προσέταξε
1444 2588 1644 2664 διάγειν
1694 2589 1744 2644 έν
1798 2594 1878 2661 τῷ

221 2682 328 2740 ὄντι
358 2688 498 2741 κατά
526 2687 593 2740 τὰ
625 2684 800 2758 Κύρου
833 2681 972 2756 οἷ’κῳ
1003 2682 1189 2738 αὐτοῦ.

288 2774 483 2847 Τούτῳ
508 2779 586 2846 τῷ
630 2772 822 2848 χρόνῳ
864 2773 957 2826 καὶ
988 2769 1127 2826 ἄλλο
1174 2792 1225 2825 τι
1259 2764 1449 2839 συνέϐη
1484 2768 1873 2845 ἀξιαφήγητον.

223 2869 334 2918 Τῶν
364 2864 438 2925 εἷς
491 2860 935 2939 παραχειμασίαν
988 2859 1039 2915 ἐν
1070 2864 1148 2931 τῷ
1197 2861 1388 2931 θέματι
1420 2862 1525 2912 τῶν
1561 2857 1878 2931 Θρᾳκησίων

231 2950 631 3029 διεσπαρμένων
693 2951 993 3027 Βαράγγων
1045 2950 1157 3022 (98)
1189 2948 1415 3023 γυναῖκά
1464 2968 1547 3010 τις
1599 2946 1872 3021 ἐγχωρίαν

231 3043 393 3117 εὑρὼν
448 3040 536 3096 ἐπ’
583 3039 811 3116 ἐρημίας
862 3039 1190 3112 ἀπεπειρᾶτο
1236 3043 1335 3105 τῆς
1384 3034 1740 3109 σωφροσύνης
1782 3033 1875 3089 αύ-

227 3138 338 3200 τῆς·
372 3132 445 3193 ὡς
477 3128 536 3185 δέ
566 3131 668 3184 οὐκ
714 3123 914 3200 ἔπειθε,
948 3126 1037 3182 καὶ
1073 3127 1192 3202 βίαν
1218 3124 1326 3196 ἤδη
1380 3125 1598 3201 ἐπῆγεν,
1631 3127 1665 3194 ἡ
1700 3122 1757 3179 δὲ
1784 3125 1874 3179 τὸν

226 3219 472 3285 ἀκινάκην
528 3220 639 3291 (99)
701 3218 1017 3289 σπασαμένη
1068 3214 1293 3291 τάνδρὸς
1351 3213 1496 3268 παίει
1552 3213 1688 3268 κατά
1742 3233 1872 3288 καρ-

226 3306 337 3370 δίας
367 3310 456 3363 τὸν
527 3301 796 3383 βάρϐαρον
848 3305 935 3360 καὶ
987 3304 1144 3369 εὐθὺς
1192 3305 1416 3378 ἀναιρεῖ.
1470 3306 1575 3357 Τοῦ
1623 3300 1677 3356 δὲ
1710 3297 1872 3377 ἔργου

2052 1258 2332 1311 Caeterum
2380 1255 2758 1324 Dalassenus,
2790 1257 3075 1328 Ergodata
3120 1257 3191 1311 ad
3241 1272 3303 1311 se
3346 1257 3634 1313 veniente.

1982 1345 2218 1399 credere
2248 1347 2375 1415 ejus
2398 1346 2786 1416 jurejurando
2818 1350 2874 1400 et
2905 1363 3021 1400 una
3064 1345 3408 1417 Byzantium
3440 1345 3637 1400 venire

1984 1432 2175 1488 noluit
2205 1450 2216 1487 :
2252 1435 2352 1489 sed
2386 1436 2700 1504 quemdam
2734 1452 2977 1489 suorum
3010 1434 3421 1489 fidelissimum
3450 1434 3631 1496 misit,

1983 1538 2084 1592 per
2115 1539 2285 1593 quem
2321 1524 2713 1579 sanctiorihus
2736 1524 2848 1579 sibi
2873 1524 3227 1594 juramentis
3249 1523 3438 1579 caveri
3472 1528 3631 1595 pete-

1986 1610 2101 1675 bat,
2134 1628 2317 1681 coque
2351 1613 2500 1666 facto
2534 1617 2844 1667 venturum
2873 1630 2933 1667 se
2959 1614 3356 1684 promittebat.
3384 1613 3633 1667 Mittitur

1983 1698 2167 1771 igitur
2198 1702 2268 1755 ad
2306 1701 2686 1756 Dalassenum
2718 1701 3139 1756 Constantinus
3172 1701 3479 1772 Phagitzes
3528 1717 3629 1756 eu-

1984 1788 2216 1843 nuchus
2263 1788 2575 1861 Paphlago,
2630 1790 2939 1846 familiaris
2988 1790 3380 1862 imperatoris,
3430 1807 3630 1846 secum

1987 1878 2177 1933 ferens
2209 1880 2540 1934 veneranda
2587 1879 2777 1934 crucis
2817 1879 2996 1951 ligna,
3029 1884 3087 1935 et
3135 1879 3382 1934 linteum
3412 1879 3631 1933 Christi

1986 1966 2305 2039 imaginem
2337 1968 2562 2024 habens
2594 1985 2953 2039 expressam,
2986 1986 3051 2024 ac
3093 1968 3402 2040 epistolam
3433 1972 3633 2024 Serva-

1992 2057 2134 2111 toris
2169 2074 2345 2113 manu
2395 2059 2465 2113 ad
2516 2061 2806 2129 Augarum
2855 2059 3154 2131 scriptam,
3204 2074 3271 2114 ac
3316 2058 3633 2130 imaginem

1993 2146 2269 2217 Deiparae.
2305 2148 2359 2202 Is
2392 2148 2530 2203 data
2558 2153 2910 2220 acceptaque
2930 2149 3044 2203 ﬁde
3078 2147 3458 2203 Dalassenum
3491 2147 3635 2218 Cpo-

1988 2235 2074 2289 lin
2108 2251 2309 2291 secum
2362 2237 2646 2307 perducit.
2694 2237 3037 2292 Venientem
3085 2238 3403 2307 imperator
3448 2236 3637 2291 amico

1990 2325 2234 2396 excepit,
2271 2326 2642 2396 proconsulis
2673 2326 2890 2382 honore
2923 2327 3195 2395 dignatus
3226 2330 3335 2395 est,
3370 2341 3436 2381 ac
3466 2325 3637 2379 donis

1991 2413 2378 2485 amplissimis
2409 2414 2622 2483 ali‘ecit,
2648 2416 2947 2486 jussitque
2968 2414 3147 2470 libere
3168 2419 3224 2469 et
3253 2415 3478 2487 absque
3509 2430 3633 2469 me-

1987 2506 2051 2558 tu
2085 2502 2142 2557 in
2177 2503 2348 2558 domo
2381 2504 2590 2575 ipsius,
2622 2521 2749 2575 quae
2780 2509 2907 2560 erat
2937 2504 3009 2560 ad
3042 2503 3196 2576 Cyri,
3226 2504 3454 2576 degere.

2060 2770 2279 2826 Accidit
2320 2788 2386 2826 eo
2437 2775 2697 2842 tempore
2744 2772 2901 2827 aliud
2952 2773 3257 2846 quidpiam
3307 2779 3635 2831 memoratu

1986 2860 2250 2929 dignum.
2284 2860 2683 2931 Barangorum
2710 2878 2810 2933 per
2833 2863 3189 2933 provinciam
3211 2863 3637 2920 Thracensium

1987 2949 2045 3003 in
2079 2949 2326 3004 hiberna
2355 2950 2753 3019 dispersorum
2794 2952 3038 3023 quidam
3070 2953 3376 3008 mulierem
3410 2953 3639 3025 indige-

1987 3057 2122 3095 nam
2144 3039 2328 3095 solam
2354 3045 2560 3095 nactus
2580 3042 2649 3095 de
2668 3046 2873 3113 stupro
2895 3041 3231 3113 appellavit,
3256 3060 3321 3099 ac
3344 3045 3637 3099 recusanti

1985 3128 2098 3183 vim
2131 3128 2346 3183 inferre
2378 3146 2693 3201 aggressus
2740 3136 2847 3185 est.
2900 3131 2979 3186 Ea
3028 3132 3342 3187 barbarum
3376 3139 3642 3204 correpto

1984 3217 2091 3271 viri
2125 3218 2359 3272 acinace
2385 3218 2445 3271 in
2477 3235 2577 3273 cor
2608 3219 2737 3273 ferit
2767 3235 2833 3273 ac
2856 3220 3055 3275 statim
3081 3222 3233 3277 ὅθί)
3269 3229 3453 3276 necat.
3478 3223 3639 3286 Quod

1987 3306 2205 3361 factum
2238 3323 2370 3361 cum
2391 3324 2494 3378 per
2508 3306 2783 3362 viciniam
2804 3308 3178 3375 innotuisset,
3199 3310 3424 3365 coivere
3447 3310 3643 3367 caeteri

232 3375 658 3462 5:1300év16c'év
822 3394 1124 3471 περιχώρῳ
1174 3375 1641 3468 συναθροισθέντες
1684 3392 1735 3445 οἱ
1770 3375 1870 3447 Βά-

1995 3396 2255 3467 Barangi,
2290 3400 2345 3450 et
2396 3394 2703 3451 mulierem
2756 3414 3123 3465 coronavere,
3158 3400 3434 3455 omnibus
3462 3400 3640 3455 etiam

226 3507 409 3562 ραγογοι
464 3486 569 3554 τὴν
623 3506 681 3539 τε
733 3489 958 3559 γυναῖκα
1017 3487 1374 3561 στεφανοῦσι,
1436 3478 1676 3542 διδόντες
1737 3479 1872 3554 αὐτῇ

223 3574 307 3629 καὶ
335 3577 435 3645 τὴν
467 3576 677 3629 ἅπασαν
711 3573 898 3628 οὐσίαν
948 3576 1046 3626 τοῦ
1082 3572 1327 3646 βιαστοῦ,
1370 3570 1616 3625 κάκεῖνον
1669 3568 1870 3646 ἄταφον

227 3664 468 3739 ῥίπτουσι
503 3664 639 3717 κατά
688 3663 779 3716 τὸν
828 3666 934 3716 τῶν
995 3661 1326 3736 βιοθανάτων
1377 3659 1542 3732 νόμον
1586 3661 1683 3731 (1).
1714 3660 1788 3711 Τά
1817 3656 1873 3713 δὲ

225 3760 316 3823 τῆς
348 3750 569 3827 ἀκρίὸος
621 3748 974 3826 στρατόπεδα,
1008 3751 1084 3812 ὡς
1131 3747 1240 3819 ἤδη
1293 3747 1583 3825 φθάσαντες
1624 3745 1871 3819 εἷ’πομεν,

224 3843 352 3898 κατὰ
394 3844 495 3911 τὴν
558 3841 610 3896 ἰν
668 3840 1065 3912 Ἑλλησπόντῳ
1126 3836 1417 3915 αἰγιαλῖτιν
1473 3839 1697 3912 ψάμμον
1757 3834 1872 3890 δια-

228 3931 489 4008 φθαρέντα
539 3930 691 3994 αὗθις
742 3928 945 4005 ἀνεφύη
996 3928 1321 4000 αὐτομάτως
1352 3927 1440 3981 καὶ
1473 3928 1572 3995 τὴν
1605 3924 1871 4001 παράλιον

224 4028 315 4090 τῆς
362 4018 781 4090 Ἑλλησπόντου
834 4016 997 4072 πάλιν
1054 4016 1418 4089 κατέμαρπτε,
1476 4016 1563 4070 καὶ
1616 4014 1703 4069 ἐπὶ
1753 4035 1871 4089 τρι-

226 4110 360 4163 ετίαν
413 4108 555 4178 ὅλην
608 4106 874 4162 διετέλεσε
922 4104 1237 4181 κεραίζοντα
1283 4106 1346 4160 τὸ
1398 4104 1535 4177 θέμα
1582 4108 1687 4157 τῶν
1735 4110 1872 4177 Θρᾳ-

224 4198 444 4269 κτ,σίων,
488 4196 579 4250 καὶ
630 4195 683 4250 ἐν
726 4196 1002 4270 Περγάμῳ
1050 4194 1315 4269 γενόμενα
1347 4190 1629 4269 διεφθάρη,
1684 4194 1871 4245 θεασα-

229 4288 380 4359 μένου
413 4284 470 4342 δέ
500 4306 648 4349 τινος
675 4280 937 4361 πρότερον
972 4287 1081 4337 τῶν
1115 4286 1196 4356 [Ρ.
1239 4285 1367 4355 736]
1417 4281 1871 4353 ὑπηρετουμένων

223 4382 294 4448 τῷ
324 4374 611 4446 έπισκόπῳ
645 4372 818 4446 θέαμα
865 4372 964 4427 οὐκ
1013 4368 1139 4446 ὄναρ
1190 4369 1314 4426 ἀλλ’
1357 4369 1495 4443 ὕπαρ
1526 4373 1624 4443 (2).
1660 4368 1872 4427 Ἐδόκει

225 4465 319 4539 γὰρ
374 4466 504 4541 ὁρᾷν
558 4462 817 4538 εὐνοῦχόν
872 4482 994 4516 τινα
1039 4459 1392 4536 λευχείμονα,
1450 4459 1876 4534 ἐξαστράπτοντα

224 4554 315 4621 τὴν
355 4554 597 4628 μορφήν.
654 4552 751 4607 Καὶ
808 4550 868 4614 ’ὸς
914 4553 1080 4623 τριῶν
1128 4548 1534 4623 παρακειμένων
1570 4546 1869 4623 ἔμπροσθεν

226 4641 381 4696 αὐτοῦ
438 4641 653 4695 σάκκων
710 4638 865 4694 λῦσαι
926 4638 1277 4713 προσετάχθη
1337 4638 1427 4691 τὸν
1482 4633 1575 4690 ἕνα
1630 4636 1719 4691 καὶ
1781 4657 1867 4691 κε-

1980 3484 2151 3539 bonis
2184 3486 2311 3555 ejus
2343 3485 2443 3556 qui
2488 3484 2676 3557 ipsam
2729 3486 2992 3543 voluerat
3038 3487 3253 3544 violare
3300 3489 3575 3545 donatam
3614 3506 3626 3545 :

1981 3574 2176 3645 ipsum
2213 3578 2407 3629 autem
2447 3573 2809 3646 insepultum
2862 3576 3223 3647 abjecerunt,
3257 3582 3323 3632 ut
3352 3578 3441 3633 lex
3468 3578 3645 3649 jubet

1981 3680 2080 3718 eos
2111 3663 2209 3734 qui
2243 3662 2352 3717 sibi
2388 3668 2633 3718 mortem
2659 3665 3085 3720 consciverunt.
3109 3667 3340 3722 Interim
3364 3666 3635 3722 examina

1982 3752 2346 3806 locustarum
2380 3769 2506 3823 quae
2540 3770 2637 3823 per
2667 3752 3028 3826 Hellesponti
3081 3772 3315 3811 arenam
3349 3756 3406 3811 in
3439 3756 3635 3811 littore

1984 3841 2161 3896 sitam
2195 3841 2461 3912 dispersa
2493 3843 2738 3913 periisse
2783 3843 3117 3911 docuimus,
3151 3849 3358 3916 sponte
3406 3863 3513 3901 sua
3546 3863 3634 3901 re-

1980 3930 2249 3984 vixerunt
2281 3934 2337 3985 et
2357 3932 2553 3985 omnia
2578 3931 2935 4003 Hellesponti
2958 3933 3349 4001 infestarunt;
3382 3950 3636 4007 cumque

1984 4018 2341 4089 provinciam
2386 4018 2776 4074 'I‘hracensem
2827 4037 2929 4091 per
2971 4020 3260 4093 integrum
3314 4022 3631 4079 triennium

1985 4107 2259 4179 populata
2290 4098 2504 4178 essent,
2536 4110 2691 4180 apud
2726 4113 3075 4180 Pergamum
3106 4111 3424 4181 perierunt.
3458 4114 3631 4169 Ante-

1984 4215 2161 4269 quam
2198 4198 2251 4251 id
2288 4199 2473 4263 lieret,
2506 4198 2739 4253 cuidam
2792 4200 2862 4253 de
2917 4200 3204 4255 ministris
3253 4202 3513 4274 episcopi
3544 4203 3632 4257 in-

1984 4286 2271 4340 somnium
2315 4286 2577 4341 oblatum
2634 4288 2841 4352 fuerat,
2875 4306 3119 4359 prorsus
3167 4307 3288 4345 rem
3321 4292 3508 4361 ipsam
3543 4308 3631 4347 re-

1985 4378 2360 4446 praesentans.
2422 4375 2595 4429 Visus
2657 4380 2779 4429 erat
2854 4376 2967 4431 sibi
3041 4378 3235 4434 videre
3289 4380 3625 4435 eunuchum

1984 4464 2298 4534 quemdam
2324 4462 2472 4517 albis
2491 4464 2754 4519 vestibus
2774 4465 3074 4536 amictum,
3092 4467 3278 4522 forma
3298 4467 3627 4538 etfulgente,

1983 4552 2082 4624 qui
2114 4553 2304 4607 tribus
2327 4553 2437 4623 ipsi
2470 4554 2755 4625 appositis
2776 4555 2961 4611 saccis
2980 4557 3181 4613 ordine
3199 4573 3297 4612 eos
3322 4558 3631 4627 juberetur

1983 4641 2207 4713 aperire
2239 4658 2303 4696 ac
2336 4659 2635 4697 evacuare.
2687 4644 2945 4714 Cumque
2977 4644 3036 4699 id
3082 4646 3317 4715 faceret,
3360 4661 3389 4700 e
3437 4647 3627 4716 primo

229 4736 409 4800 νῶσαι,
461 4732 574 4786 εἶτα
620 4729 711 4783 τὸν
759 4726 1005 4803 δεύτερον
1056 4728 1144 4782 καὶ
1187 4726 1373 4805 ἐφεξῆς
1404 4727 1495 4781 τὸν
1536 4726 1740 4801 τρίτον.
1768 4730 1870 4779 Τοῦ

1995 4730 2094 4784 vim
2128 4735 2489 4801 serpentum,
2520 4730 2852 4802 viperarum
2873 4737 2929 4788 et
2944 4734 3316 4804 scorpionum
3341 4734 3626 4807 erupisse,

231 4817 283 4874 δέ
310 4822 381 4882 ὡς
410 4817 700 4888 ἐκελεύσθη
733 4818 1085 4887 ποιήσαντος,
1120 4817 1148 4870 ὁ
1184 4817 1276 4888 μέν
1319 4820 1535 4889 πρῶτος
1588 4813 1735 4892 ὄφεις
1778 4815 1867 4869 καὶ

230 4906 446 4982 ἐχίδνας
477 4908 567 4962 καὶ
618 4904 912 4980 σκορπίους
964 4899 1264 4979 ἐξέϐρασεν,
1297 4904 1323 4957 ό
1358 4902 1415 4958 δὲ
1459 4902 1703 4978 δεύτερος
1734 4903 1866 4981 φρύ-

228 5018 344 5058 νους
390 4996 481 5051 καὶ
532 4992 757 5056 ἀσπίδας
808 4993 895 5049 καὶ
949 4992 1297 5069 βασιλίσκους
1346 4992 1435 5047 καὶ
1484 4993 1741 5065 κεράστας
1779 4998 1868 5048 καί

224 5082 372 5161 ’ἐτιρα
404 5080 624 5154 ἱοϐόλα,
657 5086 684 5139 ὁ
718 5081 773 5139 δὶ
821 5082 1004 5157 τρίτος
1049 5084 1351 5158 κανθάρους
1394 5081 1483 5136 καὶ
1528 5087 1749 5147 σκνῖπας
1779 5083 1867 5136 καὶ

1980 4834 2048 4873 ex
2069 4818 2249 4874 altero
2284 4820 2542 4886 rubetae,
2575 4821 3164 4892 aspides,basiliscos,
3199 4827 3454 4879 cerastas
3485 4830 3541 4879 et
3570 4842 3627 4880 a-

1977 4907 2087 4963 lias
2111 4913 2421 4964 venenatas
2440 4909 2677 4979 bestias,
2697 4927 2764 4964 ex
2785 4911 2953 4965 tertio
2974 4911 3366 4979 cantharides,
3383 4912 3624 4983 culices,

1978 5014 2183 5069 vespas
2217 4996 2441 5068 aliaque
2471 4998 2737 5054 aculeata
2765 4997 3059 5055 animalia.
3086 5000 3205 5055 Sibi
3227 5017 3362 5056 cum
3386 5002 3457 5057 ad
3487 5019 3624 5075 spe-

1979 5086 2275 5141 ctaculum
2325 5087 2741 5154 obmutuisset,
2775 5087 3150 5159 splendidum
3204 5090 3383 5146 istum
3432 5091 3619 5148 virum

1408 5245 1784 5300 XYLANDRI
1824 5246 1917 5301 ET
1956 5246 2174 5302 GOARI
2214 5246 2442 5302 ΝΟΤίΕ.

294 5374 404 5455 (98)
437 5376 517 5428 Ex
549 5371 830 5455 Choniata
853 5375 1093 5455 apparet
1116 5371 1222 5455 hes
1246 5372 1426 5455 fuisse
1459 5372 1749 5455 satellites
1765 5390 1868 5455 seu

228 5444 536 5517 stipatores
565 5444 938 5517 imperatoris
967 5445 1026 5498 in
1059 5444 1229 5514 bello,
1250 5444 1681 5517 ibipenniferos.
1706 5445 1869 5501 Unde

231 5522 283 5588 et
311 5516 408 5588 qui
442 5516 659 5571 fuerint
690 5516 912 5571 nescire
943 5531 1004 5571 se
1037 5521 1137 5571 aut
1179 5516 1383 5572 saltem
1419 5517 1692 5588 explicari
1722 5517 1868 5572 velle

232 5587 504 5645 librarius
535 5588 785 5643 ostendit
834 5588 1000 5643 initio
1031 5588 1367 5659 Stratiotici,
1401 5587 1505 5645 ubi
1532 5606 1734 5645 eorum
1762 5590 1871 5646 fuit

236 5662 469 5715 mentio.
503 5660 632 5715 XYL.

301 5733 411 5806 (99)
442 5731 619 5790 Suine
649 5730 844 5787 mariti
877 5747 949 5787 an
981 5730 1228 5804 Barangi
1250 5730 1277 5785 ?
1307 5730 1438 5786 XYL.

2051 5373 2127 5454 (1)
2162 5373 2338 5454 Verti,
2373 5375 2469 5442 qui
2493 5381 2728 5454 mortem
2768 5377 2876 5432 sibi
2921 5380 3285 5454 consciscunt,
3318 5382 3472 5454 quod
3507 5400 3623 5439 non

1978 5450 2117 5516 puto
2138 5444 2422 5516 omnibus
2454 5446 2702 5502 violenta
2728 5454 2909 5503 morte
2934 5452 3235 5507 exstinctis
3260 5444 3408 5508 hanc
3442 5454 3621 5510 fuisse

1980 5515 2365 5641 condtiti‘qnem
2402 5518 2730 5588 impositam
2759 5538 2770 5586 ;
2807 5522 2906 5575 sed
2940 5523 3035 5577 ille
3065 5524 3172 5578 sibi
3203 5525 3442 5580 exitium
3473 5528 3603 5582 asci-

1980 5605 2109 5641 vera
2146 5629 2156 5641 .
2193 5624 2205 5639 ι
2242 5605 2327 5641 YL.

1975 5605 2156 5643 verat.
2193 5605 2327 5641 AYL.

2050 5660 2125 5731 (2)
2158 5660 2231 5713 Ex
2266 5659 2499 5714 llomeri
2529 5661 2735 5734 Odyss.
2768 5664 2832 5734 T,
2862 5666 2987 5720 549.
3022 5669 3163 5722 Χγι.
