3968 6140
279 367 395 427 243

1626 372 1943 435 GEORGII
1989 369 2329 434 GEDRENI

3567 374 3686 432 244

279 498 537 571 proxime
577 500 898 571 adstitisse,
949 518 1015 558 ac
1047 503 1264 561 dixisse
1296 523 1309 561 :
1343 527 1372 555 ‹‹
1404 509 1534 561 Haec
1585 505 1748 562 vobis
1778 505 1918 560 acci-

2109 508 2253 572 ιῆκας
2311 502 2400 557 καί
2459 523 2580 557 τινα
2636 497 2782 557 ἄλλα
2834 505 2945 556 τῶν
3004 502 3437 575 ὀπισθοκέντρων
3517 505 3692 572 ζώων.

280 590 418 645 dere
448 594 506 645 et
534 590 803 646 evenient
828 592 899 647 ob
927 592 1139 648 violata
1159 593 1261 649 Dei
1284 596 1562 650 mandata
1591 600 1649 650 et
1679 594 1928 665 impium

282 678 510 734 facinus
540 678 601 734 in
632 679 1045 751 imperatorem
1078 683 1407 739 Romanum
1447 686 1693 756 ejusque
1725 685 1931 755 conju-

282 782 414 838 gem
446 772 868 839 perpetratum.
904 792 927 822 ι

2042 592 2144 648 Καὶ
2174 592 2201 646 6
2237 592 2330 664 μὲν
2384 590 2471 646 ἐπὶ
2520 595 2596 664 τῷ
2645 592 2871 663 θεάματι
2916 587 3104 646 ’ίστατο
3153 590 3348 660 ἐννεὸς,
3406 592 3434 645 6
3484 588 3541 646 δὲ
3573 614 3696 667 φαι-

2041 678 2168 757 δρὸς
2223 680 2427 744 ἐκεῖνος
2481 682 2616 753 ἀνὴρ
2676 676 2893 755 ἔγγιστα
2947 682 3434 755 παραστησάμενος
3493 681 3695 753 αὐτὸν,

2039 774 2292 841 «Ταῦτα,
2343 766 2469 845 ἔφη,
2519 770 2725 840 ἐπῆλθέ
2766 791 2826 825 τε
2877 770 2967 824 καὶ
3014 768 3287 825 ἐλεύσεται
3320 770 3401 844 ἔφ’
3436 771 3572 843 ὑμᾶς
3608 768 3696 825 διὰ

279 854 379 922 τὴν
413 850 716 929 παράϐασιν
750 861 856 910 τῶν
886 862 983 912 τοῦ
1016 863 1149 914 Θεοῦ
1179 858 1409 914 ἐντολῶν
1443 862 1531 916 καὶ
1562 862 1624 916 τὸ
1655 860 1946 936 γενόμενον
1978 858 2191 914 ἀνόσιον
2224 855 2377 937 ἔργον
2412 856 2486 920 εἴς
2514 880 2573 914 τε
2614 861 2704 914 τὸν
2758 857 2985 935 βασιλέα
3027 858 3304 932 Ῥωμανὸν
3354 860 3442 914 καὶ
3486 859 3563 921 εἰς
3593 862 3690 930 τήν

280 943 448 998 αὐτοῦ
478 942 686 1014 κοίτην.
724 968 751 996 »
783 946 885 1001 Καὶ
914 952 1081 1002 ταῦτα
1113 949 1207 1021 μὲν
1242 951 1545 1026 συνηνέχθη
1576 949 1728 1025 τῇδε.

351 1053 507 1109 510
533 1052 813 1111 Caeterum
847 1055 1130 1113 Michaelo
1163 1062 1220 1113 et
1250 1076 1283 1114 a
1314 1060 1469 1115 malo
1501 1061 1760 1115 daemone
1789 1059 1931 1113 infe-

280 1143 435 1196 stato
456 1144 513 1196 et
533 1140 792 1214 alioquin
814 1144 1023 1215 ignavo
1046 1163 1255 1202 nomen
1275 1153 1331 1202 et
1351 1148 1539 1219 ﬁgura
1562 1147 1930 1218 imperatoris

280 1229 545 1299 aderant,
570 1248 763 1287 rerum
787 1234 1049 1288 civilium
1076 1235 1537 1307 bellicarumque
1560 1238 1931 1291 administra-

279 1318 359 1373 tio
386 1319 577 1374 omnis
600 1322 657 1375 in
684 1338 861 1377 manu
880 1328 1003 1378 erat
1030 1324 1300 1379 Joannis.
1322 1326 1424 1380 llic
1448 1327 1644 1381 statim
1670 1326 1929 1381 Nicetam

281 1407 519 1463 fratrem
552 1426 728 1465 suum
758 1412 1089 1480 ,Antiochizs
1139 1414 1345 1469 ducem
1394 1416 1700 1486 designat;
1753 1430 1930 1485 quem

280 1496 353 1550 ad
381 1512 444 1552 se
471 1498 801 1554 venientem
833 1502 1174 1556 Antiocheni
1208 1520 1323 1557 non
1354 1504 1724 1559 admiserunt
1755 1504 1810 1557 in
1841 1521 1930 1557 ur-

282 1584 438 1652 bem,
472 1590 803 1643 metuentes
834 1605 905 1643 ne
938 1591 983 1644 is
1015 1590 1072 1645 in
1107 1590 1267 1663 ipsos
1299 1593 1534 1663 gravius
1560 1594 1780 1663 aliquid
1809 1597 1926 1647 sta-

280 1676 491 1741 tueret,
525 1676 679 1746 quod
713 1676 884 1748 paulo
934 1684 1070 1733 ante
1101 1679 1329 1735 Salibas
1368 1681 1608 1750 quidam
1639 1682 1928 1736 tributum

282 1762 511 1833 exigere
540 1764 612 1819 ah
643 1765 784 1831 ipsis
810 1768 1017 1837 jussus
1044 1784 1177 1822 cum
1210 1770 1477 1839 asperius
1511 1770 1778 1826 homines
1810 1776 1928 1825 tra-

281 1856 485 1922 ctaret,
513 1864 540 1900 τι
586 1853 798 1925 pqulo
830 1855 1018 1911 fuerat
1062 1858 1423 1913 interfectus.
1459 1859 1700 1914 Veniam
1732 1866 1925 1914 tamen

280 1939 406 2010 ejus
438 1943 572 1996 facti
603 1942 1534 2017 impunitatemquejurejurando
1564 1948 1763 2004 addito
1794 1965 1926 2019 pro-

280 2028 540 2085 mittenti
586 2035 784 2102 portas
844 2040 1218 2105 aperuerunt.
1254 2035 1485 2091 Nicetas
1516 2037 1815 2093 admissus
1873 2042 1930 2094 et

279 2118 425 2173 urbe
454 2119 697 2190 potitus,
726 2121 872 2176 nihil
906 2127 1007 2177 aut
1035 2140 1242 2194 parum
1268 2126 1466 2180 datam
1497 2142 1709 2181 curans
1727 2126 1924 2194 ﬁdem,

277 2207 433 2262 viros
463 2207 697 2265 circiter
726 2215 965 2266 centum
999 2214 1295 2284 capitibus
1327 2215 1618 2270 truncavit
1646 2220 1703 2270 et
1731 2216 1790 2270 in
1824 2233 1926 2288 pa-

276 2294 367 2351 los
399 2298 658 2366 suffixit;
691 2300 961 2354 undecim
986 2318 1154 2371 porro
1180 2304 1334 2359 viros
1357 2304 1667 2374 primarios
1694 2310 1752 2359 et
1781 2321 1923 2375 opu-

276 2382 640 2441 lentissimos
670 2404 735 2442 ac
784 2404 994 2459 genere
1041 2390 1321 2463 illustres,
1356 2410 1605 2464 quorum
1655 2393 1924 2464 princeps

277 2474 543 2545 Elpidius
574 2478 874 2547 patricius,
910 2479 1078 2535 bonis
1110 2498 1311 2535 eorum
1359 2482 1670 2552 publicatis
1700 2483 1923 2537 vinctos

276 2563 617 2634 Byzantium
670 2566 877 2634 misit;
931 2568 1283 2639 scripsitque
1332 2570 1543 2625 Joanni
1594 2571 1754 2625 fratri
1808 2587 1921 2625 non

276 2652 348 2707 ob
382 2653 596 2708 caedem
632 2654 861 2722 Salibte,
896 2657 998 2711 sed
1032 2658 1103 2711 ob
1136 2658 1599 2714 benevolentiam
1635 2660 1689 2712 in
1726 2660 1923 2714 Dalas-

275 2756 505 2807 senum,
542 2743 704 2797 urbis
748 2743 1020 2814 ingressu
1071 2763 1133 2801 se
1164 2748 1344 2801 fuisse
1392 2749 1771 2819 prohibitum.
1807 2749 1923 2803 Hoc

268 2829 392 2900 jam
408 2834 542 2884 ante
562 2836 904 2901 conceptam
921 2834 990 2888 de
1008 2833 1314 2890 Dalasseno
1330 2837 1727 2908 suspicionem
1743 2840 1825 2893 vel
1838 2837 1921 2893 uti

272 2916 589 2973 scintillam
603 2923 916 2990 quamdam
931 2923 1176 2993 sopitam
1194 2925 1464 2979 excitavit
1478 2926 1781 2998 ignemque
1795 2945 1921 2983 suc-

270 3005 655 3064 cendit.lllic0
670 3008 848 3078 igitur
861 3010 1302 3068 Dalassenusad
1321 3016 1726 3085 imperatorem
1742 3018 1850 3071 add
1862 3035 1920 3071 u-

270 3094 443 3163 citur,
467 3100 524 3151 et
549 3097 1104 3170 tertiadieAugusti,
1121 3101 1438 3158 indictione
1459 3105 1553 3161 5i
1571 3108 1608 3159 ι
1637 3105 1915 3172 secunda,

1958 1814 2005 1878 B

2109 1054 2343 1130 Μιχαὴλ
2376 1052 2432 1110 δὲ
2463 1056 2490 1110 6
2526 1052 2780 1131 βασιλεὺς
2833 1054 2935 1110 ὑπό
2983 1075 3042 1110 τε
3083 1056 3182 1123 τῆς
3214 1052 3501 1127 δαιμονίας
3529 1051 3693 1110 νόσου

2038 1143 2377 1219 εἰργόμενος,
2426 1144 2518 1198 καὶ
2566 1140 2753 1204 ἄλλως
2800 1143 2938 1218 πρὸς
2991 1144 3379 1218 μεταχείρησιν
3436 1145 3698 1217 πραγμα-

2036 1254 2143 1287 των
2172 1232 2380 1306 νωθρός
2428 1254 2511 1293 τις
2560 1230 2630 1286 ὢν
2681 1233 2770 1287 καὶ
2803 1227 3043 1304 ἀμϐλὺς,
3080 1238 3276 1307 σχῆμα
3309 1233 3403 1303 μὲν
3434 1232 3554 1306 εἶχε
3590 1240 3691 1300 τῆς

2042 1319 2321 1397 βασιλείας
2367 1322 2457 1375 καὶ
2510 1318 2705 1393 ὄνομα,
2739 1324 2773 1390 ἡ
2808 1318 2865 1375 δὲ
2910 1325 3017 1374 τῶν
3064 1321 3401 1395 πραγμάτων
3448 1319 3694 1396 ἐνέργεια

2038 1413 2217 1465 ἅπασα
2246 1410 2549 1467 πολιτικῶν
2581 1430 2639 1465 τε
2668 1410 2757 1464 καὶ
2790 1414 3192 1481 στρατιωτικῶν
3229 1409 3284 1464 έν
3335 1413 3453 1473 ταῖς
3500 1410 3689 1484 χερσῖν

2036 1502 2101 1567 ἦν
2132 1500 2530 1556 τοῦἸωοὶννου.
2582 1498 2752 1562 Εὐθὺς
2803 1497 2895 1554 οὖν
2944 1498 3353 1573 προχειρίζεται
3383 1498 3474 1553 τὸν
3521 1499 3691 1553 αὐτοῦ

2038 1584 2271 1662 ἀδελφὸν
2327 1590 2568 1657 Νικήταν
2626 1586 2791 1642 δοῢκα
2840 1586 3205 1662 Ἀντιοχείας,
3259 1586 3317 1642 ὃν
3383 1587 3693 1642 ἀπελθόντα

2037 1674 2291 1731 εἶ’σελθεῖν
2321 1674 2372 1731 ἐν
2418 1680 2486 1750 τῇ
2537 1678 2699 1731 πόλει
2749 1675 2810 1731 ού
2844 1676 3229 1751 συνεχώρησαν
3276 1676 3328 1730 οἱ
3360 1676 3687 1750 Ἀντιοχεῖςσ

2036 1766 2142 1841 πρὸ
2199 1770 2395 1841 μικροῦ
2437 1767 2538 1840 γὰρ
2586 1762 2890 1843 φορολόγος
2936 1786 3038 1832 τις,
3089 1759 3331 1829 Σαλίϐας
3373 1766 3471 1834 τὴν
3523 1785 3689 1839 προσ-

2037 1851 2281 1927 ηγορίαν,
2333 1853 2401 1908 τὰ
2447 1854 2563 1907 κατ’
2611 1851 2804 1914 αὐτοὺς
2857 1851 3317 1925 ἐπιτετραμμένος
3348 1851 3439 1906 καὶ
3480 1853 3690 1928 βαρέως

2034 1947 2152 2003 τοῖς
2200 1943 2508 2018 ἀνθρώποις
2554 1940 3044 2017 προσενηνεγμένος
3088 1940 3349 1997 κτείνεται
3395 1943 3541 2018 παρὰ
3588 1946 3689 1996 τοῦ

2037 2028 2217 2105 δήμου
2260 2036 2367 2086 τῶν
2413 2031 2769 2105 Ἀντιοχέων.
2824 2030 2923 2085 Διᾶ
2967 2034 3099 2105 γοῦν
3144 2031 3236 2086 τὸν
3268 2030 3464 2086 τούτου
3496 2031 3686 2107 φόνον,

2036 2120 2122 2174 ἶνα
2154 2123 2228 2193 μή
2273 2142 2325 2176 τι
2373 2121 2461 2175 καὶ
2516 2121 2810 2192 ἀνήκεστον
2861 2121 3127 2187 πάθωσιν,
3160 2120 3213 2175 οἱ
3265 2120 3567 2194 ’Δντιοχεῖς
3603 2117 3690 2174 δε-

2036 2206 2209 2272 διότες
2266 2207 2587 2264 ἀπέκλεισαν
2645 2213 2726 2280 τῷ
2782 2210 2997 2278 Νικήτᾳ
3039 2209 3139 2277 τὴν
3187 2204 3421 2264 εἷ’σοδον.
3456 2209 3691 2281 ’Ὁρκοις

2036 2296 2093 2353 δὲ
2121 2299 2317 2354 τούτου
2348 2298 2764 2370 πιστωσαμένου
2816 2297 2891 2359 ὠς
2941 2296 3216 2369 ἀμνηστία
3264 2300 3444 2350 κακῶν
3493 2295 3688 2358 αὐτοῖς

2033 2386 2204 2444 ἔσεται
2250 2390 2339 2443 καὶ
2387 2386 2538 2443 οὐδὲν
2592 2384 2767 2448 οὐδεὶς
2818 2385 3053 2441 πείσεται
3107 2382 3275 2459 ἄχαρι
3327 2382 3415 2438 διὰ
3443 2385 3536 2439 τὸν
3588 2390 3690 2440 τοῦ

2034 2473 2243 2533 Σαλίϐα
2287 2477 2467 2555 φόνον,
2524 2479 2873 2551 συγχωροῦσι
2922 2475 3020 2543 τὴν
3073 2470 3307 2530 εἷ’σοδον.
3354 2479 3412 2530 Ὀ
3470 2471 3528 2529 δὲ
3581 2482 3688 2543 τῆς

2030 2566 2245 2629 πόλεως
2304 2566 2711 2638 ἐπειλημμένος
2767 2565 2857 2618 καὶ
2933 2564 3120 2637 κύριος
3178 2566 3285 2617 τῶν
3345 2561 3683 2639 πραγμάτων

2032 2656 2343 2729 γενόμενος,
2378 2654 2542 2728 ὀλίγα
2570 2654 2606 2723 ἢ
2648 2650 2800 2707 οὐδὲν
2828 2657 2933 2707 τῶν
2988 2647 3162 2728 ὅρκων
3198 2651 3507 2728 φροντίσας,
3542 2652 3686 2728 ἀμφῖ

2036 2745 2128 2817 μὲν
2182 2743 2308 2806 τοὺς
2377 2741 2571 2820 ἄνδρας
2654 2745 2696 2818 ρ’
2769 2742 3071 2797 ἀπέκτεινεν
3132 2740 3419 2813 ἀποτεμὼν
3477 2761 3537 2795 τε
3592 2742 3685 2796 καὶ

2030 2831 2480 2902 ἀνασκολοπίσας,
2530 2829 2718 2887 ἕνδεκα
2767 2829 2824 2886 δὲ
2864 2829 2989 2893 τοὺς
3036 2826 3384 2906 προῦχοντας
3439 2828 3686 2898 ζαπλού-

2026 2945 2154 2984 τους
2229 2921 2423 2996 ἄνδρας
2498 2921 2587 2976 καὶ
2651 2921 2791 2997 γένει
2846 2924 3157 2994 περιφανεῖς
3216 2915 3542 2990 δημεύσας,
3607 2920 3683 2972 ὧν

2027 3018 2322 3088 κορυφαῖος
2373 3012 2440 3079 ἧν
2476 3012 2503 3066 6
2533 3012 2819 3086 πατρίκιος
2850 3006 3155 3075 Ἐλπίδιος,
3188 3004 3443 3080 δεσμίους
3475 3006 3682 3080 ἐκπίμ-

2025 3122 2114 3156 πει
2146 3102 2280 3175 πρὸς
2327 3100 2389 3155 τὸ
2434 3102 2743 3171 Βυζάντιον,
2795 3100 3005 3174 γράψας
3056 3101 3133 3168 τῷ
3178 3093 3397 3174 ἀδελφῷ
3448 3097 3680 3171 Ἰωάννῃ

269 3184 329 3239 in
363 3184 583 3241 Platam
615 3185 869 3243 insulam
905 3189 1228 3260 relegatur;
1279 3197 1331 3246 et
1362 3208 1540 3264 gener
1569 3196 1697 3263 ejus
1729 3195 1913 3250 Cons-

2158 3188 2247 3244 διὰ
2299 3189 2391 3245 τὸν
2422 3194 2520 3244 τοῦ
2568 3183 2779 3243 Σαλίϐα
2837 3186 2995 3262 φόνον
3044 3183 3359 3253 κωλυθῆναι
3393 3183 3541 3255 αύτῷ
3572 3187 3674 3253 τὴν

267 3273 531 3329 tantinus
557 3276 741 3330 Ducas
764 3276 819 3330 in
840 3278 1049 3332 turrim
1070 3281 1387 3349 quamdam
1412 3282 1743 3353 conjicitur,
1763 3284 1917 3352 quod

269 3361 912 3435 vociferareturinjuste
930 3366 1047 3422 haec
1068 3368 1190 3422 fieri
1207 3373 1263 3424 et
1282 3369 1914 3442 violarijusjurandum

271 3452 608 3507 ostenderet
649 3458 945 3525 Deumque
991 3460 1326 3512 testaretur.
1377 3458 1619 3530 Propter
1646 3461 1917 3515 eumdem

272 3539 448 3595 etiam
484 3540 724 3596 Gudelis
765 3543 988 3611 Baiani,
1020 3550 1077 3599 et
1126 3546 1406 3613 Probata,
1441 3548 1696 3603 virorum
1751 3549 1918 3603 nobi-

269 3628 416 3682 lium
450 3645 516 3683 ac
565 3629 833 3697 divitum,
885 3632 943 3687 in
995 3633 1132 3688 Asia
1179 3635 1391 3689 minori
1443 3641 1735 3701 natorum,
1770 3639 1921 3694 bona

264 3716 564 3788 publicata
592 3723 651 3773 et
679 3718 1063 3777 Constantino
1098 3722 1471 3794 imperatoris
1495 3726 1656 3781 fratri
1688 3727 1921 3783 addicta

262 3810 423 3861 sunt.
459 3807 608 3871 Quin
644 3812 702 3863 et
733 3810 967 3865 Simeon
994 3814 1495 3882 protovestiarius,
1521 3831 1676 3871 unus
1708 3817 1777 3871 de
1811 3817 1917 3871 mi-

263 3895 472 3951 nistris
496 3898 861 3953 Constantini
896 3899 1287 3969 imperatoris,
1313 3904 1466 3972 quod
1502 3904 1615 3959 ista
1645 3922 1759 3959 non
1793 3922 1920 3975 pro-

263 3982 432 4039 baret
460 3985 856 4057 injuriamque
889 3988 1009 4042 fieri
1051 3989 1362 4045 Dalasseno
1400 3997 1456 4045 et
1488 3992 1729 4065 infringi
1755 3995 1919 4063 jura-

265 4077 533 4128 mentum
579 4073 878 4142 clamaret,
932 4077 1067 4132 aula
1096 4084 1153 4133 et
1200 4080 1342 4134 urbe
1394 4081 1637 4149 ejectus,
1680 4099 1814 4137 cum
1848 4084 1921 4139 ad

265 4159 576 4232 Olympum
639 4164 914 4235 venisset,
975 4165 1033 4220 in
1084 4168 1443 4224 monasterio
1492 4186 1525 4224 a
1574 4187 1635 4225 se
1686 4171 1920 4227 condito

260 4248 588 4306 monachus
620 4256 711 4306 est
740 4252 951 4308 factus.

2029 3281 2101 3341 εἷς
2133 3281 2232 3348 τὴν
2281 3276 2443 3333 πόλιν
2496 3274 2724 3344 ε’ίσοδον,
2778 3275 2922 3331 ἀλλὰ
2970 3272 3058 3329 διὰ
3102 3275 3201 3343 τήν
3234 3272 3309 3336 εἰς
3339 3272 3431 3327 τὸν
3462 3281 3681 3328 ΔαΑασ-

2029 3368 2188 3438 σηνὸν
2240 3365 2470 3423 εὔνοιαν.
2524 3370 2707 3423 Τοῦτο
2755 3368 2852 3434 τῆς
2900 3362 3376 3438 προαποκειμένης
3416 3362 3682 3426 ὑπονοίας

2026 3456 2162 3511 κατὰ
2208 3461 2305 3510 τοῦ
2356 3453 2706 3525 Δαλασσηνοῢ
2757 3458 2836 3525 τῷ
2888 3452 3108 3525 Ἰωάννῃ
3154 3451 3398 3523 ζώπυρον
3432 3450 3680 3525 ἐγεγόνει

2026 3547 2116 3601 καὶ
2171 3546 2248 3608 εἰς
2294 3543 2498 3621 πυρσὸν
2557 3545 2843 3613 ἀνήπτετο.
2891 3541 2987 3596 Καὶ
3045 3538 3198 3603 εὐθὺς
3242 3540 3424 3616 ἄγεται
3476 3539 3555 3601 εἷς
3584 3542 3678 3595 τὸν

2033 3632 2281 3711 βασιλέα,
2310 3634 2400 3688 καὶ
2450 3634 2588 3687 κατὰ
2637 3633 2734 3700 τήν
2785 3630 2971 3706 τρίτην
3021 3633 3116 3683 τοῦ
3164 3627 3480 3701 Λὺγούστου
3515 3630 3685 3700 μηνές

2026 3730 2127 3792 τῆς
2183 3721 2435 3797 δευτέρας
2497 3718 2835 3780 ἷνδικτιῶνος
2889 3718 2939 3772 έν
2989 3718 3059 3789 τῇ
3106 3719 3256 3788 νησῳ
3303 3714 3492 3789 Πλάτη
3538 3737 3693 3791 περι-

2030 3812 2293 3889 ορίζεται.
2328 3810 2601 3868 Βάλλεται
2637 3807 2694 3864 δέ
2722 3807 2812 3863 καὶ
2841 3805 2895 3863 ἓν
2923 3828 3026 3862 τινι
3062 3805 3253 3881 πύργῳ
3285 3805 3312 3859 6
3344 3803 3429 3858 ἐπὶ
3464 3806 3693 3880 θυγατρὶ

2028 3897 2277 3978 γαμϐρὸς
2328 3899 2493 3954 αὐτοῦ
2550 3903 2953 3958 Κωνσταντῖνος
3012 3895 3039 3949 6
3095 3898 3320 3962 Δοῦκας,
3372 3891 3563 3969 ὅτιπερ
3598 3893 3692 3948 έπ-

2032 3977 2225 4046 εϐοᾶτο
2287 3990 2386 4057 τήν
2449 3986 2657 4047 ἀδικίαν
2717 3987 2808 4042 καὶ
2860 3987 2958 4055 τὴν
3006 3977 3308 4059 παράϐασιν
3346 3984 3455 4036 τῶν
3505 3980 3688 4055 ὅρκων

2030 4079 2297 4154 έξήλεγχε
2349 4077 2440 4132 καὶ
2498 4078 2589 4132 τὸν
2648 4075 2775 4131 Θεὸν
2834 4071 3187 4150 ἐμαρτύρετο.
3241 4072 3480 4134 Ἐπαθον
3526 4068 3587 4125 δὲ
3622 4069 3692 4125 ’δι’

2030 4169 2189 4224 αὐτὸν
2247 4167 2337 4222 καὶ
2380 4164 2569 4237 ἄνδρες
2618 4170 2764 4240 τρεῖς
2816 4168 2896 4237 [Ρ-
2946 4164 3076 4233 737]
3116 4164 3223 4215 τῶν
3256 4158 3314 4215 ix
3359 4165 3459 4229 τῆς
3492 4166 3693 4233 μικρᾶς

2032 4259 2221 4321 Ἀσίας
2271 4255 2501 4331 εὐγενεῖς
2550 4256 2637 4309 καὶ
2688 4251 2968 4322 πλούσιοι,
2997 4252 3024 4305 6
3057 4247 3405 4319 Γουδέλης,ὁ
3454 4248 3691 4311 Βαϊανὸς

264 4339 355 4393 καὶ
387 4337 743 4413 ὁλεγόμενος
774 4336 1075 4416 Προϐατᾶς,
1110 4340 1471 4415 δημευθείσης
1515 4352 1612 4415 τῆς
1657 4348 1844 4410 οὐσίας
1897 4349 2071 4404 αὐτῶν
2103 4347 2193 4402 καὶ
2243 4343 2633 4416 Κωνσταντίνῳ
2685 4347 2763 4415 τῷ
2817 4346 2912 4397 τοῦ
2974 4337 3241 4416 βασιλέως
3299 4336 3691 4415 ἀφορισθείσης

264 4425 507 4501 ἀδελφῷ.
565 4427 695 4483 Τότε
751 4429 839 4484 καὶ
895 4433 1120 4503 Συμεὼν
1180 4429 1699 4512 πρωτοϐεστιάριος,
1761 4438 1788 4491 6
1845 4443 1953 4493 τῶν
2012 4436 2353 4513 θεραπόντων
2411 4438 2507 4489 τοῦ
2558 4432 2826 4508 βασιλέως
2871 4432 2943 4495 εἷς
2991 4428 3418 4497 Κωνσταντίνου,
3469 4428 3553 4481 δτι
3611 4428 3690 4499 μή

266 4518 529 4592 ἠρέσκετο
559 4523 673 4580 τοῖς
708 4516 1029 4593 δρωμένοις,
1063 4521 1206 4577 ἀλλά
1234 4524 1332 4591 τήν
1369 4525 1445 4586 εἷς
1474 4526 1564 4579 τὸν
1602 4524 1947 4597 Δαλασσηνὸν
1980 4526 2192 4582 ἀδικίαν
2227 4520 2492 4580 ἐπεϐοᾶτο
2522 4522 2611 4578 καὶ
2634 4523 2730 4589 τὴν
2762 4526 2868 4576 τῶν
2902 4520 3076 4612 ὅρκων
3107 4518 3353 4612 ἀθέτησιν
3372 4516 3694 4612 ,τῶνθβασιῗ

270 4603 459 4676 λείων,
486 4604 737 4663 διώκεται
765 4610 981 4679 καὶτῆς
1008 4608 1245 4682 πόλεως,
1278 4613 1375 4667 κάν
1419 4618 1499 4685 τῷ
1549 4613 1818 4689 Ὀλύμπῳ
1850 4617 2140 4691 γενόμενος
2185 4618 2284 4684 τήν
2332 4614 2602 4687 κοσμικὴν
2655 4609 2877 4665 ἀπέθετο
2927 4607 3116 4683 τρίχα,
3146 4605 3326 4681 καρείς
3368 4602 3530 4676 έντῷ
3561 4603 3692 4680 παρ’

269 4694 434 4751 αὐτοῦ
464 4696 832 4773 νεουργηθέντι
871 4700 1239 4773 μοναστηρίῳ.

337 4805 554 4861 Eodem
586 4823 742 4862 anno
762 4824 865 4879 per
885 4810 1274 4881 quadraginta
1296 4812 1421 4867 dies
1451 4817 1605 4868 terra
1628 4830 1916 4869 concussa

2109 4815 2189 4883 Γῷ
2250 4808 2297 4865 δ’
2352 4809 2499 4879 αύτῷ
2549 4802 2652 4861 ἔτει
2710 4804 2803 4860 καὶ
2858 4806 3085 4877 σεισμοῦ
3155 4799 3451 4877 γενομένου
3499 4805 3689 4861 κακῶς

268 4892 439 4947 multi
489 4893 758 4950 homines
809 4896 1224 4971 Hierosolymis
1274 4902 1598 4972 perierunt,
1651 4903 1916 4958 fanorum

269 4998 337 5037 ac
366 4981 578 5039 aedium
610 4983 803 5041 ruinis
836 4987 1122 5058 oppressi.
1157 4993 1324 5045 Anno
1362 4992 1432 5046 ab
1456 4991 1682 5061 origine
1712 4992 1915 5046 mundi

265 5071 430 5141 6543,
476 5071 794 5129 indictione
851 5075 1044 5145 tertia,
1093 5093 1294 5133 mense
1346 5079 1697 5150 Septembri,
1750 5079 1918 5148 ignea

270 5159 543 5216 columna
574 5163 843 5233 apparuit
872 5181 1076 5221 versus
1125 5172 1340 5234 ortum,
1375 5168 1586 5224 vertice
1632 5169 1702 5223 ad
1739 5167 1916 5221 meri-

269 5247 424 5303 diem
469 5249 807 5306 inclinante.
864 5253 966 5307 Per
1014 5270 1111 5309 eos
1160 5256 1320 5327 ipsos
1371 5257 1494 5313 dies
1540 5260 1596 5311 et
1643 5258 1916 5314 Saraceni

268 5337 432 5409 Myra
476 5344 781 5411 ceperunt,
826 5344 882 5394 et
939 5341 1303 5401 Berrmenses
1351 5346 1660 5417 Chalepita:
1711 5346 1913 5416 praefe-

265 5430 424 5481 ctum
458 5426 605 5499 ipsis
636 5428 706 5483 ab
746 5428 1097 5500 imperatore
1144 5433 1389 5489 missum
1424 5437 1813 5506 expulerunt;
1858 5438 1915 5490 et

265 5516 899 5589 PancratiusAbasgus
933 5519 1175 5576 Romani
1211 5524 1600 5594 imperatoris,
1630 5524 1909 5579 nimirum

265 5604 457 5677 patrui
500 5605 696 5662 uxoris
745 5623 885 5672 sure,
920 5607 1236 5666 ulciscendi
1286 5628 1483 5682 causa,
1518 5628 1719 5684 pacem
1774 5626 1907 5666 cum

265 5694 415 5751 512
450 5695 727 5752 Romanis
762 5697 972 5753 factam
1000 5698 1259 5767 rescidit,
1285 5717 1561 5771 arcesque
1590 5704 1646 5755 et
1670 5699 1910 5755 castella

2030 4899 2227 4965 ἔπαθον
2273 4899 2341 4955 τὰ
2392 4894 2767 4973 Ἱεροσόλυμα,
2826 4892 3162 4963 τεθνηκότων
3212 4889 3514 4963 ἀνθρῶπων
3546 4887 3688 4943 πολι

2030 4988 2139 5044 λῶν
2175 4989 2227 5043 ἐν
2268 4992 2386 5049 τοῖς
2414 4992 2521 5041 τῶν
2570 4985 2874 5054 ἐκκλησιῶν
2925 4983 3013 5037 καὶ
3043 4984 3151 5036 τῶν
3193 4978 3381 5034 οῗκιῶν
3417 4976 3685 5049 συμπτώο

2030 5101 2180 5152 μασι,
2211 5076 2496 5149 σειομένης
2540 5078 2639 5139 τῆς
2686 5076 2790 5149 γῆς
2838 5069 2971 5148 ἄχρι
2998 5069 3392 5141 τεσσαράκοντα
3428 5068 3678 5152 ἡμερῶν.

2024 5173 2111 5239 Τῷ
2171 5165 2229 5221 δὲ
2288 5160 2646 5238 Σεπτεμϐρίῳ
2710 5162 2842 5234 μηνὶ
2898 5164 2996 5215 τοῦ
3057 5159 3233 5234 ιςφμγ’
3286 5153 3437 5216 ἔτους
3474 5200 3490 5224 ,
3552 5151 3687 5209 ἱνδι-

2023 5261 2252 5318 κτιῶνος
2283 5256 2351 5330 γ’,
2390 5255 2589 5315 στῦλος
2637 5251 2807 5327 πυρὸς
2859 5248 3104 5323 ἐφαίνετο
3148 5246 3282 5302 κατά
3327 5245 3426 5313 τὴν
3478 5245 3681 5330 ᾚῲαν,

2022 5347 2121 5414 τὴν
2181 5328 2422 5421 κορυφὴν
2473 5338 2804 5413 κεκλιμένην
2856 5339 3061 5414 φαίνων
3118 5336 3254 5412 πρὸς
3308 5328 3683 5407 μεσημϐρίαν.

2022 5435 2153 5488 Καθ’
2202 5434 2263 5494 ἃς
2318 5430 2530 5506 ἡμέρας
2583 5430 2671 5485 καὶ
2734 5430 2785 5483 οἱ
2847 5426 3155 5501 Σαρακηνοὶ
3204 5426 3340 5499 ἦραν
3384 5422 3449 5476 τὰ
3498 5422 3679 5496 Μύρα.

2022 5519 2332 5591 Ἐξεδίωξαν
2395 5519 2452 5575 δὲ
2508 5520 2598 5573 καὶ
2654 5519 2705 5571 οἱ
2759 5517 3067 5593 Βερῥοιαῖοι
3127 5516 3176 5569 οἱ
3226 5513 3315 5567 καὶ
3368 5509 3680 5567 Χαλεπῖται

2018 5610 2108 5664 τὸν
2158 5610 2306 5684 παρᾶ
2349 5614 2445 5664 τοῦ
2498 5606 2765 5683 βασιλέως
2812 5605 3123 5682 πεμφςέντα
3152 5602 3334 5663 αὐτοῖς
3364 5602 3677 5675 ἁρμοστήν.

2018 5700 2114 5753 Καὶ
2166 5698 2504 5774 Παγκράτιος
2566 5695 2622 5753 δὲ
2681 5698 2709 5752 6
2760 5691 3051 5770 ³Δ6ασγὸς,
3107 5692 3383 5768 Ῥωμανὸν
3431 5690 3525 5744 τὸν
3572 5692 3679 5768 βα-
