3972 6146
300 372 408 433 245

1418 367 1967 432 HISTORIARUM
2013 364 2561 442 COMPENDIUM.

3574 360 3695 424 246

299 502 442 559 σιλὲα
498 498 655 573 δῆθεν
711 498 939 555 ἰκδικῶν
999 500 1073 562 ὡς
1123 501 1269 555 θεῖον
1323 502 1422 569 τῆς
1466 501 1717 576 γυναικὸς
1767 500 1930 555 αὐτοῦ

2072 504 2274 560 pridem
2289 502 2359 559 iis
2373 516 2649 557 concessa
2664 498 3053 573 recuperavit;
3072 503 3129 555 et
3141 496 3460 555 Patzinacm
3476 496 3694 554 Istrum

298 595 383 664 τήν
436 613 493 647 τε
544 592 681 665 πρὸς
729 588 1038 662 Ῥωμαίους
1108 591 1331 665 εἰρήνην
1402 590 1668 645 ἀπείπατο
1725 591 1815 645 καὶ
1867 592 1932 645 τὰ

300 683 466 759 πρώην
530 677 753 745 δοθέντα
832 681 1037 754 κάστρα
1120 682 1196 754 (3)
1244 679 1333 733 καὶ
1421 680 1655 755 φρούρια
1729 678 1936 735 ἅπαντα

301 773 638 841 ἀνεκτήσατο.
720 769 1121 844 Ηεραιωθέντες
1194 765 1252 823 δὲ
1317 767 1407 823 καὶ
1464 768 1554 822 τὸν
1619 770 1826 845 Ἴστρον
1884 770 1934 825 οἱ

304 859 609 929 Πατζινάκαι
653 864 826 913 πᾶσαν
890 856 1178 926 ἐληίσαντο
1225 859 1325 927 τὴν
1383 858 1589 912 Μυσίαν
1642 856 1771 933 ἄχρι
1805 866 1935 914 Θεσ-

308 948 601 1017 σαλονίκης,
634 948 725 1002 καὶ
784 946 853 1001 τὰ
903 951 1010 1001 τῶν
1052 947 1278 1023 ’Ἄφρων
1322 946 1494 1003 πλοῖα
1524 947 1616 1010 τὰς
1658 946 1939 1009 Κυκλάδας

306 1040 360 1094 οὗ
394 1042 596 1113 μικρῶς
653 1036 1018 1109 ἐλυμήναντο.
1074 1041 1171 1090 Ὧν
1234 1034 1462 1109 οὐδεμία
1520 1038 1739 1113 φροντὶς
1761 1037 1826 1105 ἦν
1861 1041 1941 1109 τῷ

306 1128 536 1201 Ἰωάννῃ,
575 1127 737 1199 μόνην
782 1122 827 1179 δ’
874 1123 1117 1198 ἔμμονον
1168 1125 1436 1201 ἀσχολίαν
1465 1128 1605 1201 εἶχεν
1642 1125 1791 1188 ὅπως
1822 1124 1881 1180 ἂν
1913 1128 1941 1180 ὁ

269 1216 631 1294 ,Δαλασσηνὸς
664 1213 940 1290 ἀσφαλῶς
972 1220 1200 1290 τηροῖτο
1234 1216 1324 1269 καὶ
1359 1216 1435 1287 μὴ
1466 1215 1559 1276 τὰς
1592 1216 1756 1270 αὐτοῦ
1785 1215 1942 1271 λαθοι

303 1304 511 1381 διαδρὰς
568 1304 907 1365 πλεκτάνας.
965 1305 1063 1358 Καὶ
1115 1301 1251 1373 δῆτα
1314 1306 1623 1378 μεταγαγὼν
1682 1305 1791 1359 ἀπα
1844 1313 1944 1374 τῆς

305 1399 463 1465 νήσου
512 1391 735 1464 Πλάτης
789 1393 948 1448 αὐτὸν
1016 1392 1206 1467 πόργῳ
1262 1394 1635 1469 καθείργνυσιν
1693 1394 1941 1471 ἀσφαλεῖ,

304 1484 586 1553 ἐπιστήσας
644 1481 793 1553 αύτῷ
842 1481 1113 1557 φρουροὺς
1170 1482 1269 1536 οὐκ
1318 1482 1576 1558 ἀγεννεῖς.
1634 1481 1947 1538 Μεταστέλ-

298 1571 437 1628 λεται
497 1569 546 1625 δ’
611 1570 659 1644 ἐξ
716 1567 972 1639 Ἐδέσσης
1043 1570 1132 1625 καὶ
1190 1572 1461 1646 Γεώργιον
1522 1572 1801 1645 πατρίκιον
1853 1573 1943 1626 τὸν

299 1663 604 1732 Μανιάκην,
638 1661 726 1714 καὶ
789 1660 980 1715 τοὸτον
1040 1660 1133 1733 μὶν
1196 1661 1382 1737 ἄρχειν
1416 1659 1680 1734 ἐκπέμπει
1712 1669 1809 1730 τῆς
1837 1659 1945 1715 ἅνω

295 1749 499 1821 Μηδίας
552 1749 643 1804 καὶ
701 1755 802 1818 τῆς
872 1750 1268 1824 ’Λσπρακανίας
1345 1752 1441 1823 (αἱ),
1510 1748 1562 1804 ἐν
1620 1747 1843 1825 Ἐδέσσῃ
1892 1748 1948 1804 δὲ

2044 592 2397 665 transgressi
2415 592 2512 647 uni
2525 608 2745 646 versam
2762 589 3005 661 Mysiam
3022 588 3690 660 usqueThessalonicam

2047 682 2309 755 pepulati
2338 687 2515 749 sunt;
2550 686 2607 735 et
2635 682 2907 735 Afrorum
2950 696 3126 734 naves
3157 677 3509 750 Cycladibus
3536 678 3695 734 insu-

2046 772 2121 828 lis
2145 790 2257 828 non
2276 771 2423 826 levia
2444 771 2655 825 damna
2671 769 3015 824 intulerunt.
3034 767 3411 823 Nihilhorum
3430 768 3695 823 omnium

2048 879 2199 917 cura
2230 860 2441 917 Joanni
2489 860 2617 929 fuit,
2652 859 2711 913 in
2742 860 2799 913 id
2846 875 3028 913 unum
3062 858 3283 913 intento
3333 863 3397 912 ut
3426 856 3698 912 Delasse-

2052 969 2193 1005 num
2227 954 2495 1006 accurate
2542 949 2884 1014 custodiret,
2921 964 2991 1002 ne
3024 948 3073 1002 is
3112 964 3174 1002 se
3212 946 3401 1018 ipsius
3430 947 3699 1002 cassibus

2051 1042 2349 1112 explicans
2404 1040 2777 1095 subduceret.
2831 1040 3032 1108 Itaque
3082 1052 3216 1091 eum
3265 1036 3339 1089 ab
3386 1034 3584 1090 insula
3638 1035 3696 1089 in

2052 1130 2263 1184 turrim
2296 1129 2593 1197 transfert,
2626 1127 3091 1196 custodibusque
3113 1124 3369 1180 strenuis
3400 1140 3699 1179 asservan-

2054 1220 2194 1273 dum
2231 1218 2490 1272 mandat.
2538 1216 2849 1287 Georgium
2903 1232 3133 1285 quoque
3163 1215 3464 1269 Maniacen
3496 1217 3699 1269 avocat

2053 1309 2293 1372 Edessa,
2326 1313 2382 1361 et
2412 1306 2649 1377 praeficit
2681 1305 2880 1359 Media:
2905 1303 3211 1374 superiori,
3247 1318 3373 1373 quas
3405 1306 3462 1357 et
3490 1305 3698 1373 Aspra-

2054 1398 2226 1453 cauia
2257 1397 2490 1463 dicitur,
2527 1394 2709 1450 misso
2756 1395 3031 1448 Edessam
3068 1393 3257 1447 Leone
3306 1392 3698 1461 Lependreno.

2056 1488 2201 1543 Cum
2234 1492 2426 1540 autem
2476 1485 2640 1538 ulcus
2688 1482 3146 1554 orphanotrophi
3199 1498 3264 1536 os
3294 1482 3706 1550 depasceretur

2057 1581 2113 1631 et
2145 1574 2354 1628 medici
2382 1574 2451 1628 de
2483 1590 2589 1643 ope
2621 1572 2857 1627 ferenda
2891 1572 3323 1641 desperassent,
3359 1585 3463 1640 per
3482 1568 3703 1624 insom-

2058 1665 2223 1719 nium
2284 1664 2336 1718 ei
2414 1663 2577 1717 visus
2650 1678 2901 1732 magnus
2976 1659 3397 1714 miraculorum
3472 1658 3709 1712 effector

2056 1753 2330 1808 Nicotaus
2377 1751 2607 1807 monuit
2655 1756 2717 1804 ut
2764 1749 3205 1821 quamprimum
3255 1747 3416 1818 Myra
3461 1746 3594 1812 iret,
3626 1745 3705 1799 ibi

303 1841 506 1913 πέμπει
538 1845 745 1894 Αεοντα
774 1838 863 1892 τὸν
915 1835 1303 1913 Λεπενδρηνόν.
1334 1837 1571 1900 Ἔλκους
1605 1837 1661 1893 δὲ
1694 1836 1937 1912 διανεμο-

346 1928 355 1945 1
536 1929 551 1945 \
656 1932 684 1942 η’
746 1928 760 1945 ’
1027 1926 1039 1945 1
1283 1927 1294 1945 Ι
1508 1927 1521 1945 \
1620 1928 1631 1945 I
1777 1928 1789 1945 9

2072 1843 2367 1898 sanitatem
2386 1844 2744 1912 recepturus.
2770 1838 3082 1893 Celerrime
3104 1836 3282 1908 igitur
3301 1852 3367 1891 eo
3389 1835 3705 1907 prolectus,

2202 1931 2213 1945 .
2263 1932 2272 1942 .
2341 1931 2353 1945 ι
2431 1930 2440 1940 .
2768 1944 2773 1945 ,
3221 1924 3579 1945 __-__‘.____._
3614 1941 3668 1945 η

299 1928 458 2002 μένου
491 1929 560 1983 τὸ
590 1932 689 1983 τοῦ
737 1926 1148 2005 ὀρφανοτρόφου
1204 1927 1378 2001 στόμα
1434 1927 1523 1982 καὶ
1563 1928 1741 1998 πάσης
1777 1928 1946 2002 ἰατρι-

296 2026 391 2088 κῆς
419 2020 629 2093 τέχνης
674 2016 1057 2087 ἀπειρηκυίας,
1109 2016 1239 2092 ὅναρ
1297 2017 1443 2090 αὐτῷ
1483 2017 1703 2081 ἐπιστὰς
1728 2019 1755 2073 ὁ
1782 2017 1950 2093 μέγας

300 2106 349 2163 ἰν
381 2106 624 2181 θαύμασι
663 2105 939 2167 Νικόλαος
1010 2103 1154 2175 ἥκειν
1215 2105 1268 2161 ἐν
1316 2106 1522 2181 Μύροις
1553 2108 1648 2176 τὴν
1679 2108 1947 2183 ταχίστην

2058 1931 2274 1988 Nicolai
2309 1930 2545 1986 clericos
2590 1928 2907 1997 unguentis
2938 1926 3185 1998 aliisque
3216 1924 3582 1997 sumptuosis
3614 1941 3704 1978 re—

2060 2023 2172 2077 bus
2205 2020 2548 2086 demeritus,
2580 2016 2925 2088 metropolin
2960 2016 3120 2088 Myra
3152 2032 3319 2071 muro
3339 2013 3703 2069 validissimo

2061 2110 2263 2178 cinxit,
2297 2109 2618 2179 morboque
2649 2106 2878 2162 solutus
2909 2105 3100 2161 rediit.

296 2192 541 2252 ἔκὲλευεν
602 2196 677 2260 ὡς
737 2194 909 2250 ἐκεῖσε
956 2195 1275 2269 τευξόμενον
1331 2196 1637 2270 θεραπείας.
1696 2198 1753 2249 Ὀ
1812 2194 1869 2252 δὲ
1941 2203 2128 2261 θᾶττον
2190 2196 2225 2266 ἥ
2286 2196 2450 2273 λόγος
2508 2195 2678 2250 ἐκεῖσε
2717 2194 3001 2268 φοιτήσας,
3060 2192 3150 2247 καὶ
3214 2191 3405 2267 μύροις
3459 2190 3549 2246 καὶ
3607 2189 3704 2245 ἄλ-

296 2284 414 2347 λαις
445 2282 837 2346 πολυτελείαις
878 2285 969 2339 τὸν
1027 2289 1123 2339 τοῦ
1181 2284 1420 2361 μεγάλου
1483 2287 1626 2340 Θεῖον
1674 2283 2064 2359 δεξιωσάμενος
2122 2287 2271 2356 ναὸν,
2329 2286 2419 2340 καὶ
2472 2285 2643 2360 τείχει
2702 2280 3045 2358 περικλείσας
3103 2280 3441 2357 ὀχυρωτάτῳ
3469 2281 3567 2349 τήν
3600 2280 3709 2333 τῶν

297 2376 535 2450 Μυρέων
572 2372 944 2450 μητρόπολιν,
977 2373 1261 2448 θεραπείας
1285 2375 1467 2449 τυχὼν
1497 2374 1758 2430 ἐπάνεισιν
1781 2377 1956 2449 ὑγιής.

361 2466 583 2535 Νικήτκ
637 2461 694 2518 δὲ
741 2468 839 2518 τοῦ
898 2468 1323 2538 στρατηγοῦντος
1378 2464 1430 2518 ἐν
1490 2464 1797 2540 Ἀντιοχείᾳ
1850 2470 1949 2529 τῆς

301 2553 501 2627 Συρίας
533 2553 1003 2627 καταστρέψαντος
1052 2555 1151 2622 τὴν
1204 2554 1389 2622 Σωήν.
1440 2554 1625 2625 ἅτερος
1662 2559 1767 2608 τῶν
1801 2552 1955 2609 ἀδελ-

301 2647 411 2719 φῶν
455 2643 485 2695 ὁ
548 2646 952 2703 Κωνσταντῖνος
1026 2642 1338 2705 καθίσταται
1410 2643 1606 2697 τούτου
1667 2639 1951 2717 διάδοχος,

302 2730 385 2785 καὶ
415 2731 699 2805 Γεώργιος
732 2731 759 2785 ὁ
818 2728 1011 2791 λοιπὸς
1067 2726 1560 2807 πρωτοϐεστιάριος
1596 2732 1823 2807 γίνεται.
1856 2736 1953 2787 τοῦ

302 2821 557 2892 Συμεὼν,
632 2821 707 2883 ὡς
776 2817 1024 2892 εἷ’πομεν,
1078 2820 1140 2876 τὸ
1219 2818 1507 2893 μοναδικὸν
1595 2819 1955 2894 ἐνδυσαμένου

304 2916 524 2985 σχῆμα.
588 2907 908 2982 Ἐλευθεροῖ
952 2906 1008 2964 δὲ
1054 2908 1143 2964 καὶ
1189 2909 1316 2972 τοὺς
1362 2910 1781 2985 καθειργμένους
1830 2912 1957 2967 Ἀν-

299 3003 514 3073 τιοχεῖς
546 3003 653 3066 τῆς
708 2997 936 3073 χρονίας
978 2998 1297 3075 καθείρξεως
1355 3001 1382 3054 ὁ
1409 3001 1492 3070 [Ρ.
1524 3001 1651 3075 738]
1679 2999 1953 3075 βασιλεὺς,

308 3087 593 3163 ἀναγαγὼν
652 3087 737 3141 καὶ
780 3087 916 3160 πρὸς
963 3087 1025 3141 τὸ
1071 3091 1167 3141 τοῦ
1199 3087 1467 3164 Καίσαρος
1495 3088 1788 3164 περίοπτον
1822 3088 1958 3162 ὕψος

308 3173 542 3251 Μιχαὴλ
574 3176 670 3229 τὸν
703 3177 801 3244 τῆς
852 3175 1042 3231 ἑαυτοῦ
1085 3174 1330 3254 ἀδελφῆς
1388 3176 1592 3253 Μαρίας
1626 3177 1763 3235 υἱόν,
1794 3182 1959 3234 Ἄπο-

303 3263 643 3337 κλαιόμενος
693 3262 751 3319 δὲ
804 3265 896 3318 καὶ
954 3266 1054 3334 τήν
1110 3265 1186 3327 εἷς
1236 3266 1329 3320 τὸν
1393 3264 1618 3341 βασιλέα
1674 3268 1958 3339 Ῥωμανὸν

304 3352 434 3428 iipr
468 3352 673 3414 τέλους
732 3349 1026 3409 διετέλεσεν
1088 3352 1391 3431 ἁμαρτάδα,
1440 3355 1529 3409 τὸν
1573 3357 1698 3411 Θεὸν
1735 3354 1956 3412 ἱλασκό-

311 3463 472 3513 μενος
538 3438 633 3495 διά
686 3441 1057 3517 ἀγαθοεργιῶν
1108 3444 1197 3497 καὶ
1253 3448 1358 3498 τῶν
1420 3444 1496 3506 εἷς
1544 3444 1671 3507 τοὺς
1729 3446 1962 3513 πένητας

307 3528 680 3603 μεταδόσεων,
742 3532 1075 3607 μοναστήριά
1150 3553 1209 3587 τε
1280 3532 1337 3587 ἐκ
1410 3541 1601 3603 καινῆς
1677 3533 1965 3609 ἀνεγείρων

302 3620 390 3673 καὶ
428 3618 735 3693 μοναχοὺς.
780 3618 1181 3693 ἐγκατοικίζων,
1235 3621 1322 3675 καὶ
1364 3620 1535 3685 ἄλλας
1595 3624 1812 3698 πράξεις
1847 3623 1963 3678 ἐπι-

299 3707 477 3763 τελῶν
547 3708 610 3763 ού
676 3706 945 3781 μεμπτάς.
1008 3708 1179 3765 Λῦται
1241 3708 1287 3764 δ’
1337 3708 1532 3779 ἃνῆσαν
1593 3711 1868 3785 ἀνύσιμοι,
1918 3712 1966 3767 εἴ

302 3800 403 3867 τήν
442 3819 507 3852 τε
569 3796 849 3873 βασιλείαν
900 3798 1161 3875 ἀπέρριψε
1215 3796 1285 3853 δι’
1338 3797 1403 3869 ἤν
1462 3803 1528 3855 τὰ
1567 3806 1799 3857 τοσαῦτα
1828 3803 1966 3857 κακὰ

302 3887 389 3941 καί
452 3887 563 3954 τὴν
632 3884 939 3961 μοιχαλίδα
996 3888 1275 3958 ἀπώσατο,
1321 3888 1409 3943 καὶ
1467 3890 1586 3944 καθ’
1642 3892 1824 3945 ἑαυτὸν
1873 3892 1969 3945 ἀπ-

303 3974 565 4031 εκλαίετο
597 3976 699 4043 τὴν
751 3975 1038 4051 ἁμαρτίαν.
1071 3978 1296 4033 Τούτων
1342 3975 1397 4033 δὲ
1442 3976 1609 4052 μηδὲν
1642 3981 1963 4055 πεπραχὼς,

304 4062 436 4121 ἀλλ’
471 4064 660 4135 ἐκείνᾳ
715 4084 774 4118 τε
826 4064 996 4120 συνὼν
1044 4066 1131 4121 καὶ
1188 4074 1287 4136 τῆς
1330 4067 1608 4143 βασιλείας
1650 4066 1964 4143 ὁλοσχερῶς

302 4152 691 4228 ἀντεχόμενος
721 4153 824 4207 κάκ
878 4158 985 4209 τῶν
1040 4152 1319 4228 δημοσίων
1374 4157 1462 4211 καὶ
1519 4162 1714 4211 κοινῶν
1752 4158 1848 4221 τὰς
1874 4155 1964 4212 δο-

2136 2468 2364 2524 Mortuo
2405 2467 2605 2522 Niceta
2634 2466 2952 2521 Antiochiae
2984 2465 3042 2519 in
3074 2462 3237 2535 Syria
3267 2462 3559 2533 praefecto,
3596 2461 3710 2515 [ra-

2062 2560 2151 2610 ter
2208 2556 2630 2611 Constantinus
2679 2556 2992 2620 sufﬁcitur,
3043 2559 3100 2609 et
3156 2554 3399 2608 fratrum
3448 2549 3710 2621 reliquus

2064 2644 2346 2716 Georgius
2382 2646 2446 2699 lit
2476 2644 2979 2716 protovestiarius,
3012 2642 3302 2710 Simeone,
3335 2644 3399 2694 ut
3430 2637 3708 2704 diximus,

2066 2734 2453 2789 monasticam
2472 2734 2651 2788 vitam
2682 2734 2965 2803 ingresso.
2990 2730 3299 2786 Diuturnis
3318 2729 3494 2784 etiam
3516 2742 3707 2782 carce-

2066 2822 2661 2895 ribusimperatorﬁl
2676 2824 2722 2877 3
2736 2818 3371 2877 Antiochenosemittit.
3387 2816 3709 2873 EtMicbae-

2064 2912 2186 2968 lum
2210 2913 2398 2967 Mariae
2418 2912 2634 2967 sororis
2654 2929 2771 2967 suae
2791 2910 2978 2965 ﬁlium
2996 2911 3065 2966 ad
3090 2908 3333 2964 Caesaris
3359 2906 3589 2963 culmen
3611 2922 3709 2961 ex-

2066 3002 2237 3057 tollit.
2269 3002 2353 3056 Ad
2378 3002 2551 3057 linem
2581 3017 2768 3072 usque
2801 3001 2924 3054 vitae
2955 2999 3185 3055 deﬂevit
3208 2997 3582 3068 peccatumin
3605 2994 3711 3049 Ro-

2069 3107 2242 3146 mano
2275 3095 2476 3146 necato
2507 3107 2705 3159 suum,
2738 3089 2909 3145 bonis
2958 3087 3232 3159 operibus
3279 3091 3336 3141 et
3364 3084 3713 3140 liberalitate

2067 3179 2128 3235 in
2178 3195 2486 3251 pauperes,
2527 3184 2705 3233 Deum
2758 3177 3016 3249 placans,
3064 3182 3120 3231 et
3166 3172 3523 3230 monasteria
3569 3188 3717 3228 nova

2072 3269 2373 3324 condendo
2405 3273 2460 3323 et
2492 3267 2812 3322 monachos
2861 3266 2920 3319 in
2969 3282 3035 3321 ea
3083 3264 3439 3335 imponendo
3471 3261 3720 3332 aliisque

2072 3358 2239 3412 factis
2288 3356 2704 3412 laudabilibus.
2733 3356 2800 3410 Et
2830 3354 3187 3426 proluissent
3215 3370 3282 3409 ea
3328 3351 3550 3423 utique,
3585 3350 3636 3405 si
3667 3356 3724 3404 et

2077 3448 2391 3518 imperium
2442 3446 2831 3517 deposuisset,
2883 3444 2955 3499 ob
2986 3460 3111 3514 quae
3160 3442 3220 3497 in
3268 3444 3382 3497 ista
3412 3439 3722 3512 prolapsus

2076 3541 2199 3591 erat
2230 3540 2485 3607 peccata,
2519 3540 2576 3589 et
2616 3533 2941 3589 adulteram
2993 3533 3380 3602 repudiasset,
3413 3547 3479 3585 ac
3530 3528 3722 3593 priva-

2075 3632 2171 3681 tus
2199 3643 2373 3681 suum
2406 3625 2597 3679 scelus
2619 3624 2999 3695 deplorasset.
3024 3622 3189 3675 Nune
3214 3620 3310 3676 ille
3342 3618 3487 3674 nihil
3510 3618 3719 3674 horum

2076 3732 2279 3786 agens,
2312 3716 2412 3769 sed
2463 3722 2519 3769 et
2565 3715 2706 3768 Zues
2756 3720 2925 3767 utens
2973 3709 3417 3774 consuetudine,
3449 3713 3505 3763 et
3534 3708 3722 3778 impe-

2076 3804 2228 3859 rium
2261 3803 2557 3858 mordicus
2606 3804 2887 3867 retinens,
2931 3816 2996 3855 ac
3027 3800 3096 3854 de
3127 3798 3381 3870 publicis
3412 3796 3581 3851 bonis
3609 3796 3723 3850 ista

2076 3910 2203 3964 quae
2252 3893 2601 3947 videbantur
2648 3890 2931 3946 beneficia
2975 3888 3254 3959 largiens,
3284 3886 3511 3955 hocque
3550 3885 3723 3939 modo

2076 3987 2274 4037 tamen
2308 3997 2368 4037 se
2417 3981 2645 4035 veniam
2689 3983 3142 4034 consecuturum
3174 3991 3440 4045 sperans,
3471 3974 3723 4029 stultum

2078 4077 2133 4125 et
2160 4071 2447 4141 injustum
2480 4086 2607 4124 esse
2651 4068 2878 4138 putavit
2916 4072 3125 4131 Deum,
3159 4068 3224 4119 ut
3254 4064 3356 4135 qui
3406 4062 3595 4118 aliena
3627 4077 3723 4133 pe-

2076 4160 2249 4215 cunia
2282 4158 2680 4231 pmnitentiam
2716 4156 2924 4211 redimi
2955 4155 3189 4210 sineret.

301 4241 515 4304 κούσας
543 4239 795 4299 εὐποιίας
825 4240 1192 4318 ἀποπληρῶν,
1228 4245 1326 4308 εἴθ’
1395 4240 1798 4318 ὑπολαμϐάνων
1856 4251 2043 4321 τυχεῖν
2093 4248 2522 4321 συγχωρήσεως,
2580 4243 2807 4312 ἀνόητον
2868 4240 3141 4315 ἐλογίζετο
3182 4242 3245 4295 τὸ
3303 4245 3454 4295 Θεῖον
3487 4239 3576 4294 καὶ
3609 4236 3725 4293 ἅδι-

300 4350 421 4397 κον,
448 4327 788 4403 ἀλλοτρίοις
821 4332 1100 4407 χρήμασιν
1131 4331 1437 4405 ὠνούμενον
1460 4339 1560 4403 τήν
1594 4334 1895 4407 μετάνοιαν.

374 4421 477 4490 Τῷ
544 4414 603 4472 δὲ
655 4420 837 4496 ,ςφμγ’
903 4417 1032 4491 ἔτει,
1094 4419 1428 4483 ίνδικτιῶνος
1480 4424 1547 4496 γ’,
1603 4422 1761 4495 Μαΐῳ
1813 4423 1937 4495 μηνῖ

2149 4426 2227 4481 Eo
2277 4442 2451 4496 quem
2504 4423 2757 4477 diximus
2814 4438 2988 4488 anno,
3040 4436 3241 4475 mense
3291 4419 3459 4483 Maio,
3508 4417 3629 4472 Afri
3672 4419 3729 4471 et

304 4512 518 4581 Ἅφροι
584 4506 678 4561 καὶ
739 4506 966 4562 Σικελοὶ
1034 4508 1469 4586 καταδραμόντες
1536 4512 1633 4573 τὰς
1688 4510 1967 4575 Κυκλάδας

305 4596 394 4650 καὶ
427 4597 501 4651 τὰ
530 4600 634 4650 τοῦ
662 4599 971 4669 Θρᾳκησίου
1023 4598 1265 4671 παράλια
1309 4598 1623 4655 τελευταῖον
1674 4600 1968 4656 κατεπολε-

311 4687 581 4758 μήθησαν
645 4684 751 4740 ὑπὸ
796 4691 902 4741 τῶν
951 4689 1120 4742 ἐκεῖσε
1177 4688 1586 4766 φυλαττόντων,
1638 4692 1725 4744 καὶ
1789 4711 1973 4745 πεντα-

306 4774 493 4829 κόσιοι
538 4776 637 4847 μὲν
684 4779 875 4844 ζῶντες
918 4778 990 4838 ὡς
1042 4776 1269 4851 βασιλέα
1308 4778 1577 4854 ἤχθησαν,
1612 4778 1663 4833 οὶ
1696 4776 1753 4833 δὲ
1784 4777 1972 4833 λοιποὶ

307 4863 511 4925 πάντες
576 4863 1111 4937 ἀνεσκολοπίσθησαν
1167 4865 1218 4920 ἐν
1264 4871 1333 4941 τῇ
1374 4867 1615 4943 παραλίᾳ
1648 4868 1753 4922 ἀπὸ
1785 4868 1976 4942 Ἀτρα-

312 4953 521 5024 μυτίου
575 4952 667 5007 καὶ
724 4953 891 5029 μέχρι
948 4950 1275 5030 Στροϐίλου.
1325 4958 1537 5031 Πέμπει
1595 4955 1652 5012 δὲ
1696 4957 1786 5012 καὶ
1847 4978 1976 5031 πρε-

310 5037 560 5112 σϐευτὴν
586 5041 640 5106 ές
671 5042 926 5099 Σικελίαν
959 5046 1214 5118 Ἰωάννης
1248 5049 1518 5124 Γεώργιον
1550 5049 1639 5102 τὸν
1670 5044 1974 5123 Προϐατᾶν,

307 5132 436 5205 περὶ
473 5131 712 5206 εἰρήνης
769 5130 1146 5209 διαλεξόμενον
1210 5141 1288 5209 τῷ
1343 5138 1543 5209 ταύτης
1596 5138 1928 5213 ἀμηρεύοντι
1964 5156 1975 5169 ⁸

2078 4514 2252 4571 Siculi
2304 4514 2579 4587 Cyclades
2645 4527 2927 4582 oramque
2976 4509 3236 4565 Thracias
3286 4505 3727 4563 incursionibus

2080 4610 2375 4672 vexantes,
2437 4604 2509 4657 ab
2567 4619 2769 4656 eorum
2836 4600 3097 4655 locorum
3160 4596 3448 4669 prafectis
3517 4594 3727 4649 devicti

2082 4695 2241 4755 sunt,
2275 4696 2331 4744 et
2366 4691 2472 4743 500
2522 4689 2631 4742 vivi
2684 4689 2756 4742 ad
2790 4687 3203 4758 imperatorem
3260 4681 3542 4754 perducti,
3596 4680 3729 4735 reli-

2084 4780 2215 4851 quis
2250 4781 2318 4833 ad
2353 4780 2517 4850 palos
2549 4777 2775 4833 sufﬁxis
2808 4777 2878 4830 ab
2902 4773 3224 4846 Atramytio
3256 4786 3443 4842 usque
3474 4772 3547 4824 ad
3578 4774 3729 4825 Stro-

2085 4869 2303 4924 belum.
2358 4867 2517 4922 Misit
2546 4867 2722 4920 etiam
2770 4865 3024 4919 Joannes
3073 4862 3332 4934 legatum
3383 4858 3729 4931 Gregorium

2085 4960 2397 5015 Probatam
2431 4958 2489 5011 in
2519 4956 2777 5011 Siciliam
2830 4955 2902 5009 ad
2952 4954 3078 5024 ejus
3108 4950 3315 5006 insulaa
3348 4964 3629 5014 ameram,
3663 4948 3735 5001 de

2089 5064 2227 5119 pace
2284 5050 2696 5102 tractaturum.
2756 5043 2864 5108 Qui
2922 5043 3123 5097 dextre
3189 5040 3452 5095 confecto
3505 5036 3735 5108 negotio

2089 5154 2299 5193 amerze
2344 5136 2532 5190 ﬁlium
2565 5136 2635 5190 ad
2670 5134 3084 5205 imperatorem
3130 5132 3286 5189 514
3335 5126 3596 5185 adduxit.
3630 5126 3738 5182 Eo-

1518 5291 1888 5349 XYLANDRI
1927 5291 2013 5346 ET
2050 5290 2269 5345 GOARI
2305 5289 2538 5344 NOT/E.

379 5411 461 5482 (3)
500 5412 805 5487 Interpres
844 5431 1053 5487 parces;
1102 5415 1297 5487 aptius
1344 5419 1506 5487 urbe:
1538 5436 1558 5471 :
1598 5417 1774 5473 urbes
1823 5417 1980 5473 enim

309 5482 1043 5561 auctogfrequentissime
1077 5482 1244 5561 vocat
1290 5486 1510 5561 κάστρα.
1566 5489 1659 5545 Sic
1693 5494 1981 5544 Beneven-

310 5559 469 5635 tum,
504 5554 798 5635 Capuam,
833 5558 1067 5635 Barium
1100 5559 1159 5635 i_n
1190 5554 1609 5635 superioribus.
1637 5561 1824 5635 Goan.

350 5626 470 5713 ,(4‘)
506 5626 613 5713 Sic
660 5644 840 5713 supra
890 5630 1223 5713 aliquoties.
1266 5626 1425 5713 'Nam
1482 5632 1583 5713 hic
1637 5633 1985 5713 Βαασπρακαο

312 5697 400 5750 vi:
434 5697 692 5771 legitur,
723 5697 1171 5774 Baaspracania,
1218 5705 1496 5761 mendose
1530 5704 1806 5760 nimirum
1828 5697 1981 5761 'alte-

2092 5434 2246 5471 rum.
2280 5420 2443 5471 Certe
2473 5415 2527 5469 in
2574 5415 2957 5470 Monomacho
3006 5416 3063 5468 et
3110 5410 3261 5482 apud
3294 5410 3564 5482 nostrum
3596 5404 3741 5459 Bas-

2095 5505 2351 5555 pracam,
2386 5494 2440 5541 et
2468 5488 2622 5557 apud
2645 5488 3006 5557 Zonaram.a
3035 5480 3346 5557 geminato,
3374 5480 3736 5557 Baaspracan

2093 5550 2284 5614 Media
2314 5550 2678 5625 nominatur;
2703 5563 2759 5612 et
2780 5558 2862 5611 sic
2894 5550 3070 5611 etiam
3101 5555 3153 5607 in
3178 5552 3436 5625 Cedreno
3459 5550 3734 5625 deinceps

2091 5631 2327 5701 legitur,
2356 5648 2420 5685 ac
2441 5621 2887 5701 Baaspracania.
2908 5622 3353 5698 Orphanotroph
3365 5638 3431 5701 us
3451 5625 3539 5701 est
3557 5621 3732 5701 Joan-

2092 5690 2194 5759 nes
2222 5690 2609 5774 imperatoris
2624 5702 2823 5769 frater,
2847 5700 2929 5756 sic
2950 5690 3005 5754 et
3026 5713 3203 5769 supra
3222 5690 3570 5766 appellatus.
3594 5690 3731 5745 XYL.
