3968 6140
242 403 360 463 24⁵1

1584 404 1901 465 GEORGII
1946 402 2285 466 CEDRENI

3539 408 3661 467 248

242 540 376 595 dem
409 542 671 609 tempore
720 535 916 592 hiatus
967 536 1026 592 in
1084 535 1427 593 Bucellariis
1479 539 1646 592 terrae
1686 539 1906 591 motum

2040 557 2078 597 ις
2110 534 2360 599 ἀπελθὼν
2394 536 2482 591 καὶ
2533 534 2718 607 δεξιῶς
2777 532 3109 611 διαλεχθεὶς,
3143 534 3388 613 εἰληφὼς
3437 535 3528 590 τὸν
3566 541 3663 590 τοῦ

247 630 600 684 subsecutus
630 630 740 692 est,
773 630 831 681 et
861 626 1123 697 quinque
1153 627 1378 697 integra
1408 627 1701 697 absorpsit
1732 626 1899 697 oppi-

247 717 408 783 dula,
445 732 770 788 parumque
800 716 990 770 abfuit
1022 716 1161 787 quin
1194 732 1260 771 eo
1293 716 1468 770 etiam
1504 715 1900 787 periretNice-

249 806 471 878 phorus
504 822 738 876 praeses,
772 805 1078 861 eunuchus
1107 804 1475 861 Constantini
1508 804 1897 875 imperatoris,

246 895 329 950 ibi
364 901 489 951 tum
533 895 769 966 degens.
825 895 876 949 Is
926 900 1134 965 praeter;
1180 911 1344 965 spem
1375 893 1585 949 evitato
1641 894 1898 964 periculo

251 984 580 1040 monachus
613 984 803 1039 factus
832 987 919 1038 est
950 985 1009 1038 in
1040 984 1326 1039 Studiano
1357 983 1736 1038 monasterio.

311 1265 645 1338 Apolaphar
664 1265 1079 1320 Muchumetus
1093 1263 1299 1319 Siciliae
1324 1265 1654 1334 praefectus,
1684 1263 1898 1318 foedere

245 1368 380 1408 cum
414 1352 763 1422 imperatore
792 1351 927 1419 icto,
961 1351 1298 1423 magisterio
1336 1351 1673 1405 honoratur.
1717 1350 1895 1405 Cum-

248 1458 361 1513 que
388 1457 521 1496 cum
554 1440 731 1496 froter
760 1440 1145 1511 Apochapsus
1175 1439 1325 1495 bello
1358 1445 1664 1511 premeret,
1689 1440 1758 1494 ad
1787 1439 1895 1493 im-

248 1530 533 1602 peratoris
578 1529 861 1584 auxilium
909 1529 1191 1600 confugit.
1240 1528 1485 1583 Mittitur
1536 1545 1672 1599 ergo
1717 1529 1895 1583 Geor-

249 1619 383 1691 gius
412 1618 705 1674 Maniaces
728 1618 1008 1688 patricius
1040 1634 1172 1673 cum
1203 1619 1456 1673 exercitu
1490 1619 1805 1689 imperator
1834 1616 1894 1671 in

160 1724 161 1727 ‘
250 1707 726 1779 Longibardiam,
776 1711 949 1778 atque
999 1724 1113 1762 una
1162 1706 1370 1762 classis
1420 1708 1723 1776 prmfectus
1770 1710 1893 1761 Ste-

246 1797 480 1869 phanus
538 1795 844 1866 patricius,
906 1796 1155 1851 maritus
1223 1796 1440 1851 sororis
1497 1794 1890 1865 imperatoris.

2018 626 2207 699 ἀμηρᾶ
2237 624 2351 679 υἱὺν
2382 624 2578 701 ἤγαγεν
2611 625 2687 687 εἷς
2726 626 2819 680 τὸν
2878 624 3121 701 βασιλέα.
3156 626 3301 679 Κατά
3348 629 3541 680 τοῦτον
3572 626 3663 679 τὸν

2015 714 2213 789 χρόνον
2268 716 2527 790 χάσματα
2564 714 2779 790 γέγονεν
2840 714 2891 769 ἐν
2950 712 3380 789 Βουκελλαρίοις
3433 719 3660 786 σεισμοῦ

1988 808 2326 878 ’γεγονότος,
2372 805 2463 858 καὶ
2516 805 2889 875 κατεπόθησαν
2936 802 3221 878 ὁλόκληρα
3268 803 3453 878 χωρία
3477 802 3655 858 πέντε.

2007 896 2170 956 Ἔνθα
2203 888 2401 964 συνέϐη
2432 892 2523 948 καὶ
2574 893 2888 970 Νικηφόρον
2937 890 3201 969 πρόεδρον
3248 892 3338 947 τὸν
3367 894 3662 949 Κωνσταν-

2007 982 2159 1037 τίνου
2189 987 2285 1037 τοῦ
2321 981 2588 1058 βασιλέως
2640 982 2897 1057 εὐνοῦχον
2932 976 3278 1056 διατρίϐοντα
3321 986 3519 1056 μικροῦ
3553 980 3661 1036 δεῖν

2008 1069 2365 1141 κινδυνεῦσαι,
2398 1070 2725 1149 διαφυγόντα
2776 1070 2832 1126 δὲ
2878 1074 3005 1147 παρ’
3054 1069 3253 1127 ἐλπίδα
3277 1092 3369 1126 τνν
3401 1068 3653 1126 κίνδυνον

2006 1159 2347 1235 ἀποωρῆναι
2385 1161 2628 1236 μοναχὸν
2664 1160 2714 1215 ἐν
2747 1161 2817 1235 τῇ
2851 1165 3001 1235 μονῷ
3021 1166 3129 1215 τῶν
3164 1157 3449 1216 Στουδίου.

2079 1257 2404 1335 ’Δπολάφαρ
2439 1256 2495 1313 δὲ
2526 1258 2859 1333 Μουχούμετ
2907 1261 2935 1313 6
2961 1256 3212 1320 Σικελίας
3245 1256 3453 1333 ἅρχων,
3483 1260 3654 1330 ἀμπι-

2006 1347 2175 1421 χμίαν
2240 1349 2374 1419 μετὰ
2429 1352 2525 1401 τοῦ
2588 1347 2858 1421 βασιλέως
2914 1349 3161 1421 θέμενος,
3211 1347 3445 1420 ἐτιμήθη
3501 1349 3658 1420 μάγε-

2006 1458 2186 1511 στρος.
2228 1441 2332 1490 Τοῦ
2376 1434 2432 1491 δὶ
2479 1434 2717 1515 ἀδελφοῦ
2787 1436 2950 1491 αὐτοῦ
3007 1438 3266 1512 ’Λπόχαψ
3325 1436 3655 1508 ἀντάραντος

2004 1524 2149 1597 αὐτῷ
2225 1526 2654 1599 κατισχυόμενος
2732 1526 2806 1587 εἷς
2874 1527 2974 1596 τὴν
3054 1523 3319 1601 βσσιλέως
3396 1526 3653 1599 βοήθειαν

2002 1615 2343 1691 καταφεύγει.
2400 1615 2497 1668 Καὶ
2558 1612 2623 1683 δὴ
2696 1614 2980 1670 στέλλεται
3068 1615 3201 1687 μετὰ
3260 1612 3542 1686 δυνάμεως
3602 1614 3652 1667 ἐν

2002 1699 2378 1778 Λογγιϐαρδίᾳ
2405 1704 2677 1779 Γεώργιος
2724 1705 3010 1778 πατρίκιος
3064 1704 3091 1758 6
3142 1706 3423 1772 Μανιάκης
3454 1723 3654 1778 στρατ-

2004 1794 2136 1865 ηγὸς
2167 1791 2537 1867 αὐτοκράτωρ,
2594 1792 2684 1846 σὺν
2741 1791 2888 1865 αὐσῴ
2940 1789 2997 1847 δὲ
3043 1791 3131 1847 καὶ
3181 1790 3367 1866 ἄρχων
3407 1796 3503 1846 τοῦ
3528 1791 3653 1845 στό-

245 1886 391 1940 Cum
422 1891 618 1939 autem
653 1883 927 1939 Saraceni
963 1883 1076 1938 Afri
1107 1888 1164 1939 et
1193 1883 1370 1938 Siculi
1404 1882 1609 1938 multis
1642 1882 1890 1953 navigiis

2043 1903 2104 1935 ου
2164 1882 2431 1957 Στέφανος
2489 1883 2516 1935 6
2566 1881 2849 1956 πατρίκιος
2919 1882 2947 1934 6
3005 1879 3087 1935 ἐπ’
3147 1877 3355 1957 ἀδελφῇ
3397 1875 3651 1954 γαμϐρὸς

242 1974 471 2029 insulas
516 1989 796 2044 oramque
841 1973 1209 2044 infestarent,
1242 1972 1727 2045 Cibyrrzeotarum
1775 1973 1893 2026 dux

240 2062 664 2121 Constantinus
713 2062 936 2133 Chages
981 2061 1229 2117 classem
1282 2078 1484 2117 eorum
1532 2061 1793 2117 locorum
1833 2054 1917 2115 in'

246 2168 346 2208 eos
372 2150 538 2205 duxit
566 2167 631 2206 ac
664 2150 816 2206 fudit
846 2167 945 2206 eos
978 2167 991 2205 :
1024 2152 1130 2206 500
1169 2152 1238 2206 ad
1274 2151 1683 2222 imperatorem
1714 2150 1897 2221 capti-

248 2241 338 2295 vis
372 2239 595 2309 missis,
629 2240 887 2311 reliquos
916 2241 974 2294 in
1008 2256 1168 2294 mare
1200 2240 1497 2294 demersit.
1523 2240 1660 2295 Orto
1692 2240 1901 2294 deinde

256 2328 613 2385 intolerabili
643 2328 774 2400 gelu
808 2333 864 2384 et
914 2330 1060 2383 Istro
1090 2328 1275 2400 glacie
1325 2330 1553 2396 durato,
1586 2330 1904 2383 Patzinacze

257 2434 395 2473 eum
422 2418 774 2489 transgressi
805 2418 1049 2489 Mysiam
1084 2424 1136 2472 et
1170 2418 1476 2473 Thraciam
1502 2435 1686 2489 usque
1705 2419 1772 2471 ad
1800 2422 1909 2473 Ma-

259 2507 564 2563 cedoniam
612 2524 724 2562 non
777 2506 978 2562 leviter
1019 2513 1320 2562 vexarunt.
1370 2508 1630 2563 Locustae
1680 2523 1913 2578 quoque

260 2596 518 2651 Thracia
550 2595 822 2666 frugibus
855 2600 1201 2651 nocuerunt.

1999 1975 2097 2026 τοῦ
2151 1969 2437 2046 βασιλέως.
2496 1975 2825 2043 Σαρακτ,νῶν
2878 1968 2935 2025 δὲ
2995 1971 3222 2047 Ἄφρων
3278 1970 3367 2024 οιαὶ
3399 1967 3651 2023 Σικελῶν

2009 2060 2143 2133 μετά
2185 2064 2398 2137 σκαφῶν
2451 2060 2550 2115 οὐκ
2608 2059 2808 2134 ὀλίγων
2864 2057 3271 2134 ἐπιδραμόντων
3315 2059 3409 2120 τὰς
3447 2061 3654 2128 νήσους

2008 2149 2097 2204 καὶ
2128 2150 2226 2216 τήν
2261 2149 2551 2224 παράλιον,
2587 2151 2614 2203 ὁ
2660 2144 3089 2225 Κιϐυῤῥαιωτῶν
3151 2149 3449 2223 στρατηγὸς
3500 2154 3657 2202 Κων-

2012 2242 2291 2299 σταντῖνος
2318 2239 2345 2291 6
2386 2239 2530 2312 Χαγὲ
2578 2238 2917 2310 συμπλακεὶς
2968 2236 3152 2300 αὐτοῖς
3188 2236 3322 2310 μετὰ
3348 2241 3443 2292 τοῦ
3475 2234 3661 2311 ἐγχωο

2018 2327 2141 2401 ρίου
2202 2324 2402 2380 στόλου
2456 2326 2711 2401 ἐτρέψατο
2788 2326 2923 2381 κατά
2977 2325 3195 2402 κράτος,
3252 2326 3341 2380 καὶ
3398 2346 3665 2379 πεντακο-

2020 2415 2165 2476 σίους
2200 2417 2293 2488 μὲν
2346 2414 2741 2491 αἰχμαλώτους
2788 2418 2992 2489 πέμπει
3039 2420 3118 2487 τῷ
3168 2412 3401 2490 βασιλεῖ,
3444 2414 3575 2477 τοὺς
3614 2412 3674 2468 δὲ

2023 2504 2252 2567 λοιποὺς
2307 2506 2703 2564 κατεπόντισεν.
2756 2507 3059 2583 Ἀφερήτου
3120 2501 3177 2559 δὲ
3219 2508 3451 2580 παγετοῦ
3509 2524 3674 2577 γεννι-

2030 2596 2191 2667 μένου
2236 2595 2325 2649 καὶ
2372 2599 2466 2649 τοῦ
2516 2597 2728 2669 Ἴστρου
2796 2592 3315 2670 κρυσταλλωθὲντος
3371 2593 3421 2646 οἱ
3481 2597 3682 2659 lla-.2:-

260 2682 417 2738 νάκαι
474 2682 864 2757 περαιωθέντες
924 2682 984 2737 οὐ
1041 2688 1248 2756 μικρῶς
1303 2684 1400 2752 τήν
1455 2683 1659 2738 Μυσίαν
1719 2685 1805 2737 καὶ
1868 2683 2079 2757 Θρᾴκην
2138 2686 2303 2759 μέχρι
2360 2682 2695 2746 Μακεδονίας
2753 2684 3049 2752 ἐκάκωσαν,
3105 2680 3345 2753 Ἔπη).οε
3398 2679 3456 2736 Si
3503 2679 3675 2735 πάλέν

258 2772 413 2849 ἀκρὶς
442 2778 560 2834 τοῖς
593 2771 944 2847 Θρᾳκησίοις,
978 2775 1057 2845 [Ρ.
1088 2775 1215 2845 739]
1246 2773 1335 2827 καὶ
1367 2778 1545 2834 κακῶς
1568 2771 1771 2836 διέθετο
1802 2774 1927 2835 τοὺς
1948 2772 2209 2848 καρποὺς.

327 2888 497 2936 Anno
530 2881 601 2935 ab
633 2880 856 2952 origine
890 2881 1092 2935 mundi
1132 2882 1296 2949 6544,
1329 2882 1645 2937 indictione
1676 2886 1906 2953 quarta,

251 2985 427 3025 verno
457 2974 720 3040 tempore
750 2969 1079 3037 ~Patzinacaa
1129 2975 1216 3025 ter
1246 2970 1697 3040 impressionem
1752 2971 1908 3025 fece-

252 3062 396 3113 runt
424 3057 486 3112 in
521 3058 844 3114 Romanam
888 3058 1192 3123 ditionem,
1226 3060 1411 3113 obviis
1442 3060 1593 3115 515
1628 3061 1905 3115 omnibus

253 3148 483 3212 excisis,
505 3152 561 3202 et
582 3164 965 3219 quoscunque
988 3149 1530 3220 cepissent,nullius
1551 3150 1748 3204 habita
1769 3154 1904 3205 aeta-

2089 2886 2179 2953 Τῷ
2212 2879 2391 2956 ,ςφμδ’
2423 2876 2551 2949 ἔτει,
2595 2877 2926 2941 ἷνδικτιῶνος
2978 2877 3062 2951 ιδ’,
3097 2878 3185 2934 διὰ
3207 2882 3303 2934 τοῦ
3334 2873 3491 2951 ἔαρος
3520 2884 3677 2951 τρεἶῖ

2020 2965 2274 3032 εἰσϐολὰς
2323 2970 2686 3043 ποιησάμενοι
2730 2971 2780 3024 οἱ
2827 2968 3151 3038 Πατζινάκαι
3209 2968 3346 3022 κατά
3379 2968 3675 3039 ⁸Ρωμαῖων

2018 3056 2187 3132 ἄρδην
2217 3059 2284 3113 τὰ
2316 3058 2699 3133 παρατυχόντα
2728 3058 3016 3135 ἠφάνισαν,
3049 3052 3259 3128 ἡϐηδὸν
3291 3056 3418 3118 τοῦς
3443 3054 3676 3111 ἁλισκο-

2022 3148 2211 3221 μένους
2238 3150 2578 3223 ἀναιροῦντες
2623 3148 2711 3203 καῖ
2768 3148 3059 3222 τιμωρίαις
3109 3148 3234 3209 τοὺς
3276 3146 3680 3222 αἷχμαλώτηυς

255 3237 333 3292 tis
366 3237 613 3306 ratione,
648 3236 989 3304 interfectis,
1026 3237 1420 3293 ineffabilibus
1462 3240 1820 3294 cruciatibus
1846 3238 1902 3293 in

2040 3232 2425 3299 ιποϐάλλοντες
2484 3236 2939 3312 ἀνεκδιηγήτοις.
3002 3236 3166 3295 Εἶλον
3215 3235 3271 3292 δὲ
3328 3238 3414 3292 καὶ
3476 3257 3678 3305 στρατο

256 3326 516 3397 captivos
549 3325 908 3381 debacchati.
942 3325 1117 3380 Vivos
1148 3343 1380 3397 quoque
1413 3343 1613 3397 cepere
1645 3327 1905 3399 quinque

256 3416 558 3480 ductores,
588 3415 875 3470 Joannem
911 3416 1354 3482 Dermocaitam,
1378 3418 1622 3471 Bardam
1656 3418 1907 3485 Petzem,

260 3504 513 3558 Leonem
542 3503 1001 3572 Chalcobubam,
1042 3505 1489 3559 Constantinum
1522 3510 1821 3561 Pterotum
1855 3510 1911 3561 et

260 3591 613 3646 Michaelum
636 3592 1140 3648 Strabotricarem.
1167 3593 1378 3648 Mortui
1402 3599 1540 3649 sunt
1569 3594 1743 3649 etiam
1769 3596 1910 3649 Ros-

264 3696 465 3734 sorum
500 3680 794 3751 principes
825 3681 1238 3737 Nosisthlabus
1272 3688 1327 3737 et
1357 3682 1819 3739 Hierosthlabus.
1847 3686 1913 3739 Et

263 3768 489 3838 Serbia,
522 3784 648 3839 qua
682 3775 867 3824 morte
899 3770 1142 3825 Romani
1174 3772 1549 3842 imperatoris
1571 3774 1782 3844 jugum
1816 3790 1909 3827 ex-

262 3861 552 3925 cusserat,
576 3874 782 3913 rursus
805 3858 1048 3929 imperio
1070 3860 1381 3926 conjuncta
1397 3865 1506 3915 est.
1530 3864 1728 3917 Amere
1750 3866 1913 3933 Egy-

262 3944 346 4016 pti
379 3961 793 4001 amermumna
827 3950 1079 4013 mortuo,
1113 3964 1256 4002 uxor
1286 3948 1414 4017 ejus
1447 3948 1792 4004 Christiana:
1824 3967 1912 4005 re-

259 4033 463 4105 ligioni
495 4035 693 4089 dedita
724 4052 858 4089 cum
894 4035 1011 4089 filio
1043 4034 1264 4108 legatos
1287 4038 1357 4091 de
1388 4054 1525 4107 pace
1555 4039 1626 4093 ad
1659 4038 1911 4110 impera-

262 4125 451 4177 torem
484 4122 684 4177 mittit.
727 4123 908 4193 Cujus
941 4124 991 4179 is
1040 4124 1303 4194 petitioni
1353 4126 1681 4181 assentiens
1710 4128 1779 4181 30
1808 4144 1914 4182 an-

266 4227 468 4266 norum
497 4226 699 4283 pacem
732 4212 1079 4283 composuit.

341 4486 668 4543 Indictione
727 4485 974 4554 decima,
1034 4488 1255 4544 mensis
1309 4489 1643 4544 Decembris
1693 4489 1919 4546 decima

269 4582 473 4635 octava
503 4578 618 4643 die,
650 4578 794 4633 hora
824 4578 1010 4634 noctis
1060 4584 1287 4650 quarta,
1320 4598 1472 4635 anno
1504 4581 1707 4635 mundi
1752 4582 1913 4648 6545,

270 4672 438 4724 terrae
470 4672 666 4723 motus
697 4671 815 4722 tres
845 4669 1213 4735 exstiterunt,
1248 4670 1438 4741 exigui
1467 4672 1604 4737 duo,
1640 4688 1792 4725 unus
1822 4686 1914 4724 ve-

270 4757 537 4813 hemens.
598 4757 764 4823 Cum,
826 4761 891 4811 ut
946 4757 1218 4826 diximus,
1276 4760 1545 4814 Maniacae
1610 4776 1916 4815 successor

268 4848 682 4918 Lependrenus
741 4848 1021 4902 Edessam
1073 4853 1354 4917 tueretur,
1408 4852 1617 4906 Arabes
1664 4851 1762 4921 qui
1814 4868 1915 4921 per

266 4937 749 5008 Mesopotamiam
794 4941 980 5003 erant,
1026 4936 1174 4991 inita
1228 4939 1501 4994 societate
1548 4942 1749 4995 urbem
1783 4957 1910 4995 eam

263 5024 451 5080 adorti
478 5030 1005 5097 oppugnaverunt;
1039 5030 1095 5080 et
1117 5040 1249 5081 vero
1282 5026 1595 5097 cepissent,
1632 5029 1742 5084 nisi
1766 5033 1909 5084 Con-

261 5112 559 5169 stantinus
606 5113 973 5184 imperatoris
1010 5114 1205 5183 frater,
1261 5116 1441 5170 misso
1492 5118 1562 5171 ab
1607 5117 1913 5174 Antiochia

261 5202 407 5258 satis
434 5202 627 5258 valido
670 5200 905 5267 auxilio,
958 5219 1086 5257 eam
1138 5208 1343 5273 praeter
1385 5222 1549 5276 spem
1598 5211 1907 5262 servasset.

260 5293 442 5357 Quem
479 5292 797 5362 imperator
824 5290 896 5345 ob
928 5290 1037 5345 hoc
1071 5292 1294 5347 facinus
1318 5294 1706 5350 domesticum
1739 5295 1909 5350 scho-

258 5380 451 5434 larum
484 5381 639 5437 516
672 5378 929 5433 Orientis
959 5378 1189 5434 creavit.
1218 5382 1371 5436 Idem
1396 5381 1711 5453 imperator
1730 5386 1905 5438 Anto-

259 5467 427 5524 nium
445 5485 679 5542 quoque
698 5468 923 5522 Pachen
945 5469 1281 5524 eunuchum
1305 5471 1413 5525 sibi
1440 5488 1647 5541 genere
1672 5472 1905 5543 propin-

262 5574 447 5629 quum
508 5556 853 5613 Nicomediae
914 5556 1251 5628 episCOpum
1312 5561 1465 5628 fecit,
1526 5560 1696 5631 plane
1758 5559 1904 5614 nihil

260 5646 602 5719 episcopatu
617 5647 861 5719 dignum
881 5645 1215 5716 habentem,
1232 5653 1289 5704 et
1311 5649 1697 5721 bovem(quod
1718 5650 1905 5718 aiunt)

242 5737 519 5795 infantiae
552 5738 607 5793 in
654 5736 857 5808 lingua
886 5740 1231 5808 gestantem.
1266 5738 1411 5795 Cum
1443 5744 1639 5795 autem
1672 5739 1903 5795 siccitas

1956 4630 1997 4693 D

2018 3326 2184 3402 ηγοὺς
2240 3328 2398 3381 πέντε
2467 3326 2721 3403 ζωγρίας,
2783 3328 3038 3397 Ἰωάννην
3116 3328 3206 3381 τὸν
3267 3325 3671 3399 Δερμοκαίττμ,

2021 3414 2229 3491 Βάρδαν
2263 3417 2355 3470 τὸν
2386 3416 2611 3486 Πέτξην,
2673 3415 2881 3471 Λέοντα
2925 3417 3014 3470 τὸν
3051 3409 3474 3482 Χαλκοτούϐην,
3519 3421 3674 3467 Κονν-

2018 3510 2293 3559 σταντῖνον
2352 3505 2442 3558 τὸν
2500 3506 2785 3581 ΙΙτερωτὸν
2859 3503 2949 3558 καὶ
3018 3504 3109 3558 τὸν
3175 3498 3668 3577 Στραϐοτριχάςην

2021 3592 2276 3666 Μιχαήλ.
2311 3593 2698 3664 Ἐτελιότησαν
2751 3591 2807 3647 δὲ
2853 3594 2940 3647 καὶ
2994 3594 3046 3647 οἱ
3075 3597 3181 3647 τῶν
3214 3592 3347 3655 Ῥὼς
3380 3588 3674 3666 ἄρχοντες,

2020 3676 2404 3743 ΝοσισΟΛάϐος
2454 3684 2543 3736 καὶ
2593 3676 2989 3757 Ἰεροσθλάϐος,
3024 3680 3113 3734 καὶ
3145 3678 3332 3755 ἄρχειν
3366 3680 3669 3754 προεκρίθη

2020 3774 2126 3822 τῶν
2160 3772 2292 3831 Ῥὼς
2334 3773 2595 3846 συγγενὴς
2654 3769 2760 3824 τῶν
2810 3768 3250 3839 τελευτησάντων
3291 3764 3667 3831 Ζινισθλάϐος.

2024 3858 2121 3912 Καὶ
2174 3861 2208 3927 ἡ
2262 3855 2461 3933 Σερϐία
2515 3861 2795 3933 Ῥωμαίων
2865 3857 3205 3935 ἀφηνιάσασα
3255 3857 3388 3930 μετᾶ
3440 3858 3671 3920 θάνατον

2019 3953 2300 4021 Ῥωμανοῦ
2355 3954 2450 4003 τοῦ
2513 3947 2778 4024 βασιλέως
2838 3946 2989 4011 αὖθις
3049 3946 3348 4003 ἐσπείσατο.
3392 3946 3576 4020 "Aps?
3620 3942 3675 3997 δὲ

2020 4042 2117 4092 τὸῦ
2173 4040 2272 4105 τῆς
2328 4037 2602 4113 Αἰγύπτου
2680 4038 3045 4113 ἀμερμουμνῆ
3133 4033 3579 4104 τελευτήσαντος.
3639 4035 3672 4101 ’ἡ

2023 4128 2160 4203 γυνὴ
2186 4128 2352 4181 αὐτοῦ
2412 4129 2712 4201 Χριστιανή
2774 4127 2904 4180 οὖσα
2958 4119 3398 4199 διαπρεσϐεύεται
3454 4124 3571 4195 ἅμα
3602 4128 3676 4193 ῖῷ

2027 4215 2130 4289 ύὶᾦ
2159 4217 2295 4291 πρὸς
2324 4216 2551 4291 βασιλέα
2579 4216 2703 4292 περὶ
2754 4217 2978 4291 εἱρήνης
3008 4232 3019 4245 ⁸
3044 4216 3110 4282 ἧς
3143 4210 3544 4285 ἀποδεξάμενος
3576 4213 3672 4276 τῖμ

2026 4305 2335 4381 προαίρεσιν
2414 4307 2442 4359 6
2550 4304 2805 4381 βασιλεὺς
2907 4300 3141 4364 σπονδὰς
3235 4301 3673 4378 τριακοντούτε.ς

2028 4393 2177 4449 ἔθετο
2210 4396 2324 4448 πετ²
2350 4394 2536 4463 αὐτῆς.

2101 4486 2413 4567 Δεκεμϐρίῳ
2467 4488 2523 4545 δὲ
2584 4491 2733 4564 μηνὶ,
2797 4489 3135 4554 ἷνδικτιῶνος
3192 4496 3247 4544 ιε’
3296 4485 3447 4549 ἔτους
3481 4496 3679 4565 ,ςφχλιλ

2032 4581 2166 4635 κατὰ
2220 4582 2317 4649 τήν
2380 4587 2450 4651 ιη’
2505 4585 2600 4634 τοῦ
2661 4580 2855 4652 μηνὸς,
2913 4580 3037 4654 περὶ
3090 4580 3349 4651 τετάρτην
3398 4576 3679 4650 ὣραντῆς

2026 4671 2235 4739 νυκτὸς,
2289 4669 2540 4745 γέγόνασι
2602 4669 2813 4742 σεισμοὶ
2868 4669 3038 4745 τρεῖό,
3094 4666 3189 4723 δύο
3226 4664 3413 4741 μικροὶ
3465 4667 3560 4720 καὶ
3605 4668 3679 4727 ἐς

2029 4760 2214 4833 μέγας.
2300 4760 2572 4834 Γεωργίου
2627 4755 2684 4813 δὲ
2764 4758 3051 4833 πατρικίου
3135 4761 3232 4812 τοῦ
3312 4756 3569 4825 Μανιάκη
3630 4756 3677 4824 ἐξ

2024 4845 2298 4917 Ἐδέσσης,
2341 4848 2414 4909 ὡς
2466 4844 2713 4919 εἷ’πομιν,
2769 4846 3148 4919 μετατεθέντος
3193 4846 3284 4900 καὶ
3341 4847 3440 4899 τοῦ
3472 4852 3677 4898 Λεπεν-

2025 4935 2226 5009 δρηνοῦ
2268 4936 2318 4990 ἐν
2370 4936 2505 5010 αὐτῇ
2559 4934 2745 5011 ἄρχειν
2804 4937 3115 5010 ταχθέντος,
3177 4937 3231 4989 οἱ
3288 4937 3681 4993 κατοικοῦντες

2020 5027 2119 5093 τὴν
2182 5024 2604 5098 Μεσοποταμίαν
2678 5020 2914 5099 ’Ἄραϐες
2993 5023 3382 5099 κοινοπραγίαν
3456 5022 3678 5095 Θέμενοι

2023 5115 2262 5184 ἐπῆλθον
2290 5120 2358 5189 τῇ
2392 5113 2612 5189 Ἐδὲσσῃ
2645 5116 2736 5169 καὶ
2790 5112 3151 5189 ἐπολιόρκουν
3197 5116 3298 5181 τήν
3349 5109 3538 5169 πόλιν.
3576 5112 3680 5167 Καὶ

2026 5208 2222 5279 μικροῦ
2249 5202 2357 5259 δεῖν
2382 5204 2549 5274 ἑάλω,
2583 5203 2627 5259 εί
2664 5204 2737 5276 μή
2774 5207 3179 5266 Κωνσταντῖνος
3212 5204 3240 5256 6
3270 5207 3366 5256 τοῦ
3404 5199 3680 5276 βασιλέως

2020 5292 2254 5373 ἀδελφὸς
2289 5295 2540 5368 βοήθειαν
2592 5293 2926 5367 ἀποχρῶσαν
2979 5296 3027 5365 εξ
3077 5290 3422 5367 ’Λντιοχείας
3451 5311 3675 5361 πεπομι

2019 5385 2134 5461 φὼς
2164 5382 2361 5453 ταύτην
2422 5384 2550 5457 παρ’
2608 5379 2834 5445 ἐλπίδας
2892 5380 3150 5458 ἐρρύσατο
3187 5401 3198 5413 ·
3251 5382 3308 5435 ὃν
3343 5382 3370 5433 6
3408 5378 3673 5453 βασιλεὺς

2016 5477 2112 5527 τοῦ
2145 5468 2304 5546 ἔργου
2346 5469 2739 5543 ἀποδεξάμενος
2792 5468 3111 5543 δομέστικον
3144 5464 3525 5545 προϐάλλεται
3558 5474 3666 5521 τῶν

2018 5559 2238 5635 σχολῶν
2270 5568 2368 5629 τῆς
2395 5558 2722 5628 Ἀνατολῆς.
2757 5560 3164 5635 Προχειρίςιται
3198 5557 3254 5614 δὲ
3281 5559 3367 5611 καὶ
3406 5564 3664 5626 Νικομη-

2016 5648 2161 5713 δείας
2213 5648 2503 5710 ἐπίσκοπος
2556 5649 2839 5710 Ἀντώνιος
2870 5650 2897 5703 6
2956 5649 3151 5724 Πάχης
3188 5650 3475 5721 εὐνοῦχος,
3524 5646 3666 5700 κατὰ

2014 5745 2165 5815 γένος
2196 5740 2491 5813 προσήκων
2549 5742 2656 5809 τῷζ
2681 5738 2915 5812 βασιλεῖ,
2976 5735 3143 5813 μηδὶν
3186 5736 3328 5812 ἄξιον
3362 5732 3510 5810 ἔχων
3544 5732 3664 5789 ἐπι-
