3968 6140
256 360 366 421 249

1385 358 1927 421 HlSTORlARUM
1973 358 2517 419 COMPENDIUM.

3541 356 3660 417 2-30

252 489 470 546 σκόπου.
529 485 676 543 ἀλλὰ
737 489 868 564 βοῦν
916 486 1150 567 ἀφωνίας
1184 489 1270 545 ἐπὶ
1300 493 1367 564 τῇ
1407 489 1630 565 γλώσσῃ
1691 490 1889 567 φέρων.

2034 489 2214 546 uisset
2246 506 2460 563 magna
2485 494 2541 545 et
2571 490 2706 546 totis
2739 506 2839 546 sex
2862 489 3164 545 mensibus
3197 506 3310 544 non
3344 490 3658 561 potuisset,

249 578 477 653 Αύχμοῦ
538 575 595 632 δὲ
653 580 951 653 γενομένου
1005 580 1079 641 ὡς
1129 578 1213 633 ἐπὶ
1277 586 1451 653 μῆνας
1484 577 1651 641 ὅλους
1703 576 1756 649 ἓξ
1821 578 1896 651 μὴ

247 667 648 744 καταρραγῆναι
710 668 903 736 ὑετὸν,
983 667 1251 723 λιτανείαν
1319 669 1643 738 ἐποιήσαντο
1700 668 1753 721 οἱ
1803 665 1898 721 τοῦ

249 755 514 833 βασιλέως
566 754 814 834 ἀδελφοὶ,
851 758 877 810 ὁ
914 758 1007 830 μὲν
1057 756 1310 829 Ἰωάννης
1346 757 1624 833 βαστάζων
1652 757 1714 811 τὸ
1747 757 1896 832 ἅγιον

247 842 538 919 μανδύλιον
571 846 671 916 (5),
706 845 733 897 6
789 844 957 918 μέγας
990 841 1309 917 δομέστικος
1356 846 1436 917 (6)
1492 845 1591 913 τὴν
1619 844 1755 917 πρὸς
1789 840 1897 898 Αὕ-

244 954 409 1009 γαρον
443 930 739 1002 ἐπιστολὴν
770 935 851 1005 (7)
878 937 975 987 τοῦ
1006 935 1241 1007 Χριστοῦ
1286 933 1375 987 καὶ
1436 934 1463 987 6
1494 928 1899 1001 πρωτοϐεστιά-

246 1043 339 1097 ρος
395 1022 461 1077 τὰ
515 1024 643 1097 ἅγια
716 1023 1011 1097 σπάργανα*
1070 1024 1156 1077 καὶ
1219 1026 1357 1091 πεζῆ
1418 1020 1731 1083 ὁδεύσαντες
1792 1021 1897 1075 ἀπὸ

243 1116 336 1168 τοῦ
370 1111 615 1186 μεγάλου
671 1108 945 1165 παλατίου
992 1109 1251 1188 ἀφίκοντο
1300 1110 1432 1186 ἄχρι
1486 1114 1584 1165 τοῦ
1614 1114 1740 1164 ναοῦ
1796 1116 1895 1178 τῆς

244 1200 532 1277 ὁπεραγίας
609 1199 875 1255 Θεοτόκου
948 1205 1057 1255 τῶν
1119 1197 1471 1275 Βλαχερνῶν.
1523 1200 1780 1269 Ἐποίησε
1841 1197 1898 1253 δὲ

241 1290 330 1345 καὶ
389 1291 569 1364 ἑτέραν
633 1287 794 1357 λιτὴν
850 1292 932 1360 (8)
990 1290 1017 1344 6
1050 1292 1396 1364 πατριάρχης
1447 1288 1650 1360 σὺντῷ
1679 1286 1893 1363 κλήρῳ.

240 1381 319 1437 Ού
368 1380 533 1452 μόνον
568 1376 623 1433 δὲ
675 1378 773 1434 οὐκ
821 1374 1051 1454 ἔϐρεξεν,
1105 1378 1253 1434 ἀλλὰ
1282 1380 1371 1433 καὶ
1402 1377 1620 1453 χάλαζα
1671 1398 1897 1450 παμμε-

236 1470 399 1542 γέθης
448 1467 843 1544 καταρραγεῖσα
896 1470 1179 1543 συνέτριψε
1234 1468 1300 1522 τὰ
1382 1465 1572 1543 δένδρα
1628 1468 1717 1521 καὶ
1770 1488 1897 1528 τους

237 1559 515 1631 κεράμους
542 1565 642 1627 τῆς
676 1557 912 1619 πόλεως.
955 1556 1237 1619 Σιτοδείας
1270 1556 1327 1612 δὲ
1374 1557 1753 1632 κατασχούσης
1794 1558 1895 1624 τὴν

2009 579 2402 651 supplicatum
2419 584 2505 635 est
2524 598 2555 636 a
2576 580 2855 635 fratribus
2874 578 3263 651 imperatoris,
3289 581 3658 650 gestantibus

2006 672 2231 724 Joanne
2275 687 2506 725 Sacrum
2559 670 2923 741 mandylium
2979 668 3100 723 sive
3145 668 3414 737 linteum,
3448 685 3659 741 magno

2009 758 2327 814 domestico
2359 758 2665 830 epistolam
2699 757 2911 813 Christi
2944 758 3010 812 ad
3044 760 3367 829 Augarum,
3404 762 3661 829 protove-

2008 846 2210 901 stiario
2243 846 2487 919 Georgio
2519 863 2716 903 sacras
2739 864 3023 902 cunarum
3048 846 3288 913 fascias;
3316 845 3660 917 peditesque

2011 941 2421 1007 processerunt
2450 955 2483 992 a
2514 953 2725 1009 magno
2746 936 2957 1009 palatio
2983 952 3169 1006 usque
3201 935 3271 989 ad
3301 935 3502 989 fanum
3528 935 3659 990 Dei-

2008 1041 2163 1096 paraa
2185 1025 2633 1082 Blachernense.
2658 1026 2828 1081 Aliud
2857 1042 3089 1097 quoque
3112 1024 3468 1096 supplicium
3493 1042 3526 1079 a
3555 1042 3656 1097 pa-

2008 1115 2264 1170 triarcha
2298 1120 2599 1186 peractum
2650 1121 2705 1171 et
2755 1115 2925 1171 clero.
2958 1116 3067 1169 Sed
3116 1131 3230 1169 non
3264 1116 3495 1168 tantum
3542 1130 3657 1170 non

2007 1202 2176 1274 pluit,
2210 1222 2409 1259 verum
2444 1209 2500 1260 et
2530 1205 2752 1276 grando
2783 1204 2990 1277 ingens
3014 1203 3206 1258 delata
3235 1203 3473 1258 arbores
3505 1220 3662 1259 com-

2007 1291 2222 1347 minuit
2254 1297 2308 1347 et
2341 1293 2568 1364 tegulas
2612 1295 2919 1348 domorum
2974 1293 3158 1347 urbis.
3194 1292 3337 1347 Cum
3372 1294 3569 1345 autem
3604 1292 3683 1345 in’

2007 1382 2147 1435 urbe
2199 1380 2351 1437 fame
2402 1384 2788 1452 laboraretur,
2841 1384 3098 1437 Joannes
3147 1381 3271 1436 suis
3320 1379 3585 1434 dimissis
3635 1398 3665 1434 e

2009 1470 2409 1542 Peloponneso
2440 1476 2496 1526 et
2522 1472 2740 1526 Graecia
2776 1472 3105 1526 modiorum
3141 1468 3419 1523 frumenti
3451 1468 3663 1521 100000

2012 1560 2249 1627 coemit,
2279 1561 2469 1630 iisque
2502 1562 2749 1615 miseriae
2783 1561 2999 1615 civium
3034 1574 3199 1631 opem
3233 1557 3389 1613 tulit.

238 1643 401 1700 πόλιν
434 1645 761 1707 ἀποστείλας
790 1647 817 1699 6
850 1646 1111 1717 Ἰωάννης
1141 1646 1449 1717 ἐξωνήσατο
1483 1647 1587 1701 ἀπὸ
1618 1645 2039 1716 Πελοποννήσου
2068 1646 2162 1701 καῖ
2192 1644 2456 1709 Ἑλλάδος
2488 1646 2642 1702 σίτου
2670 1645 2932 1722 χιλιάδας
2976 1648 3040 1721 ρ’,
3070 1646 3159 1701 καὶ
3192 1644 3258 1700 δι’
3302 1644 3482 1699 αὐτῶν
3538 1641 3664 1704 τοὺς

242 1734 476 1797 πολίτας
508 1736 954 1810 παρεμυθήσατο.

305 1827 396 1898 [Ρ.
429 1826 557 1897 740]
591 1826 679 1880 Ἑν
742 1821 799 1878 δὲ
843 1822 1070 1896 Σνκελίᾳ
1120 1828 1228 1878 τῶν
1263 1822 1357 1879 δύο
1400 1822 1669 1903 ἀδελφῶν,
1716 1826 1790 1887 ὡς
1824 1825 1897 1881 εἶ’-

2084 1830 2145 1883 In
2181 1828 2379 1884 Sicilia
2408 1829 2660 1899 duobus,
2685 1828 2769 1884 uti
2804 1829 3023 1883 dictum
3048 1831 3157 1896 est,
3180 1825 3457 1882 fratribus
3489 1826 3665 1883 dissi‘

241 1934 428 1989 ρηται,
482 1912 879 1981 στασιαζόντων
912 1914 999 1968 καὶ
1031 1916 1128 1967 τοῦ
1158 1912 1488 1989 Ἀπολάφαρ
1542 1914 1903 1989 ὑπερισχύον-

246 2023 363 2075 τος,
424 1998 609 2075 ἕτερος
663 2005 771 2055 τῶν
833 1999 1081 2079 ἀδελφῶν
1140 2003 1232 2057 τὸν
1288 2006 1389 2071 τῆς
1422 2004 1687 2079 Ἀφρικῆς
1729 2001 1906 2079 ἅμερα

251 2091 435 2165 Οῦμερ
464 2089 539 2151 εἰς
568 2088 851 2165 συνεργίαν
888 2088 1062 2145 καλεῖ·
1122 2092 1208 2146 καὶ
1256 2090 1315 2153 ὅς
1375 2091 1715 2167 ὑπισχνεῖται
1768 2113 1905 2165 συμ-

252 2181 550 2254 μαχήσειν,
624 2179 669 2233 εἷ
726 2178 1053 2253 κατάσχεσιν
1111 2179 1165 2234 έν
1220 2184 1289 2254 τῇ
1350 2181 1502 2253 νήσῳ
1561 2176 1703 2256 λάϐῃ
1762 2184 1901 2239 τινά,

246 2267 555 2342 Προθύμως
612 2266 670 2322 δὲ
728 2265 825 2322 τοῦ
885 2267 1143 2322 Σικελοῦ⁹
1172 2268 1595 2331 κατανεύσαντος
1636 2269 1711 2331 εἷς
1742 2274 1904 2324 τοῦτο

241 2357 570 2432 ἀφικνεῖται,
625 2357 714 2411 καὶ
775 2355 1115 2428 συμπλακεὶς
1175 2362 1254 2429 τῷ
1311 2355 1628 2435 Ἀπολάφαρ
1685 2354 1760 2412 ἔτι
1810 2356 1904 2413 δυ-

246 2448 466 2519 νάμεως
494 2452 593 2515 τῆς
642 2447 776 2518 μετά
817 2449 913 2499 τοῦ
964 2445 1253 2520 πατρικίου
1311 2447 1587 2521 Γεωργίου
1652 2446 1906 2522 ὑστερού-

254 2557 355 2605 σης
420 2538 516 2589 τοῦ
575 2534 829 2604 Μανιάκη
888 2541 990 2603 τῆς
1048 2534 1124 2597 εἷς
1185 2536 1505 2610 συμμαχίαν
1541 2534 1737 2590 τούτου
1766 2557 1907 2608 πεμ-

248 2624 501 2699 φθείσης,
550 2622 800 2698 τρέπεται
848 2627 1038 2677 τοῦτον
1094 2625 1229 2678 κατὰ
1284 2625 1504 2699 κράτος.
1565 2625 1620 2677 Ὁ
1667 2622 1723 2679 δὶ
1771 2625 1907 2700 πρὸς

246 2713 337 2767 τὸν
405 2710 640 2787 ἄρχοντα
696 2707 1097 2787 Λογγιῦαρδίας
1171 2714 1492 2788 καταφυγὼν
1560 2716 1759 2768 Λέοντα
1812 2715 1903 2769 τὸν

252 2805 425 2856 Ὢπον
485 2797 603 2875 ᾔτει
660 2802 940 2875 βοήθειαν·
1000 2800 1089 2856 καὶ
1148 2801 1206 2864 ὅς
1232 2802 1297 2871 ἥν
1332 2802 1447 2878 εἶχε
1478 2801 1703 2875 δύναμιν
1725 2801 1783 2857 ἐκ
1810 2807 1906 2857 τοῦ

250 2888 603 2965 παρείκοντος
677 2889 1026 2963 συναθροίσας
1100 2895 1419 2965 περαιοῦται
1490 2894 1566 2954 εἷς
1629 2891 1904 2960 Σικελίαν,

251 2978 340 3034 καὶ
371 2976 649 3040 πολλάκις
694 2973 992 3052 συμϐαλὼν
1023 2984 1101 3051 τῷ
1129 2984 1237 3034 τῶν
1267 2983 1491 3059 ’Ἄφρων
1542 2982 1773 3057 ἀρχηγῷ
1817 2983 1905 3037 καὶ

256 3070 630 3145 ὑπερτερήσας
708 3069 935 3142 ἀνέκοψε
1006 3074 1198 3125 τοῦτον
1257 3077 1357 3140 τῆς
1413 3069 1648 3145 ἀσχέτου
1707 3072 1905 3146 ὁρμῆς.

258 3162 391 3215 Εἶτα
427 3161 610 3233 μαθὼν
645 3159 719 3221 ὡς
750 3161 801 3213 o't
833 3158 1064 3234 ἀδελφοὶ
1114 3158 1428 3215 σπένδονται
1483 3162 1573 3215 καὶ
1616 3160 1911 3234 μέλλουσιν

2015 1918 2313 1985 dentibus,
2346 1916 2706 1989 Apolapharo
2740 1922 3072 1989 superante,
3100 1914 3245 1972 alter
3274 1916 3471 1970 Africa;
3504 1933 3665 1972 ame-

2015 2024 2139 2063 ram
2166 2007 2443 2062 Umerum
2464 2007 2520 2061 in
2546 2006 2827 2061 auxilium
2848 2010 3035 2072 vocat,
3064 2005 3220 2078 quod
3242 2005 3291 2061 is
3315 2005 3585 2077 promisit
3601 2021 3668 2061 ea

2015 2096 2348 2151 conditione
2396 2099 2461 2150 ut
2508 2095 2619 2149 sibi
2666 2094 2865 2165 aliqua
2911 2094 2971 2148 in
3018 2093 3216 2149 Sicilia
3265 2093 3669 2165 assignaretur

2018 2185 2329 2257 possessio.
2380 2186 2572 2256 Atque
2602 2184 2708 2239 hac
2738 2184 3074 2239 conditione
3120 2183 3369 2254 probata
3397 2182 3575 2249 venit,
3610 2187 3668 2237 et

2017 2274 2214 2346 przelio
2245 2272 2384 2327 vicit
2432 2272 2888 2343 Apolapharum,
2923 2273 3075 2344 quod
3109 2272 3372 2327 nondum
3424 2275 3667 2326 venerat

2016 2379 2081 2417 eo
2126 2380 2257 2417 cum
2310 2362 2694 2417 auxiliaribus
2744 2363 2927 2434 copiis
2976 2363 3289 2418 Maniaees.
3342 2361 3543 2416 Victus
3592 2362 3662 2417 ad

2017 2454 2165 2509 517
2209 2453 2452 2507 Leonem
2484 2456 2672 2523 Opum
2708 2452 3108 2524 Longibardiae
3134 2450 3440 2523 przesidem
3467 2450 3669 2505 confu-

2018 2543 2119 2613 git,
2153 2541 2225 2596 ab
2256 2558 2438 2613 eoque
2460 2540 2744 2595 auxilium
2766 2540 2923 2613 petii.
2952 2542 3063 2596 Leo
3086 2540 3270 2612 copiis
3303 2540 3448 2606 suis,
3475 2555 3666 2609 quan-

2019 2635 2142 2685 tum
2180 2646 2434 2699 praesens
2464 2634 2691 2700 tempus
2717 2630 2955 2693 ferebat,
2981 2628 3293 2683 contractis
3324 2628 3383 2683 in
3407 2626 3663 2682 Siciliam

2015 2718 2264 2788 trajecit,
2291 2734 2356 2773 ac
2388 2718 2755 2794 smpius‘cum
2782 2719 2915 2773 Afro
2938 2719 3084 2773 du'ce
3107 2718 3251 2771 inita
3275 2733 3468 2788 pugna
3491 2732 3669 2786 supe-

2018 2808 2136 2862 rior
2164 2806 2455 2871 discessit,
2479 2806 2725 2877 ejusque
2753 2805 3125 2861 vehementes
3146 2805 3364 2860 retudit
3384 2804 3660 2874 impetus.

2020 2897 2226 2951 Postea
2243 2896 2473 2967 cognito
2499 2896 2706 2950 fratres
2734 2911 2932 2966 pacem
2952 2910 3299 2966 componere
3320 2898 3377 2948 et
3401 2891 3669 2947 insidiari

2019 2984 2321 3054 Romanis,
2350 2992 2554 3055 rursus
2573 2986 2628 3039 in
2655 2983 2880 3039 Italiam
2903 2984 3153 3053 trajecit,
3179 2982 3447 3038 abductis
3470 2998 3665 3037 secum

2019 3076 2087 3129 15
2102 3074 2365 3129 millibus
2387 3075 2783 3129 Romanorum
2802 3072 3174 3145 captivis,qui
3197 3066 3408 3127 deinde
3430 3072 3669 3126 domum

2022 3163 2189 3219 liberi
2223 3164 2541 3217 redierunt.
2588 3161 3063 3233 Carthaginensis
3095 3161 3343 3216 Umerus
3372 3163 3529 3215 metu
3561 3159 3674 3213 ho-

258 3249 547 3311 ὲνωΘέντες
582 3249 857 3313 ἐπιθέσθαι
915 3250 1228 3319 Ῥωπαίοις,
1281 3248 1689 3322 διαπεραιοῦται
1745 3250 1908 3305 πάλιν

2034 3251 2201 3307 stium
2248 3250 2550 3315 liberatus,
2580 3250 2834 3306 Siciliam
2878 3267 3082 3305 secure
3129 3266 3194 3303 ac
3240 3264 3533 3303 summam
3570 3262 3674 3319 per

256 3339 332 3400 εἷς
392 3337 651 3406 Ἰταλίαν,
717 3336 1095 3413 αἰχμαλώτων
1163 3339 1449 3412 Ῥωμαίων
1518 3340 1648 3418 ἰμφὶ
1700 3341 1797 3401 τὰς
1859 3342 1915 3394 ιε’

2026 3340 2322 3395 licentiam
2353 3341 2600 3394 vexavit.

255 3425 524 3501 χιλιάδας
556 3426 606 3481 ἐν
639 3432 757 3488 τοῖς
782 3425 1004 3489 πλοίοις
1038 3427 1489 3483 συνεισελθόντων
1523 3429 1780 3501 αὐτῷκαὶ
1830 3427 2175 3492 ἀπελθόντων
2224 3427 2297 3489 εἰς
2344 3427 2575 3483 Ἰταλίαν
2625 3428 2712 3481 καὶ
2764 3425 2914 3488 αὖθις
2965 3422 3149 3480 οἶκαδε
3202 3422 3667 3497 διαπερασάντιυν.

251 3516 468 3578 Ἀδείας
509 3515 600 3571 οῦν
630 3513 962 3592 δραξάμενος
994 3519 1021 3572 6
1052 3514 1432 3594 Καρχηδόνιος
1462 3517 1699 3574 ἐπέκειτο
1729 3523 1798 3593 τῇ
1833 3517 2057 3591 Σικελίᾳ
2081 3518 2169 3572 καὶ
2196 3518 2329 3573 κατά
2358 3515 2574 3587 πολλὴν
2608 3515 2787 3572 ἄδειαν
2825 3518 2990 3586 αὐτὴν
3026 3515 3285 3591 ἐκεράϊζε.
3328 3514 3426 3569 Καὶ
3458 3515 3524 3569 τὰ
3578 3516 3673 3588 μὶν

252 3608 392 3664 κατά
424 3605 674 3661 Σικελίαν
710 3606 852 3682 εἶχεν
883 3605 1075 3670 οὕτως.

328 3695 616 3757 Ἐκτόπως
677 3694 734 3750 δὲ
781 3700 877 3751 τοῦ
911 3698 1161 3751 Ἰωάννου
1210 3700 1307 3750 τοῦ
1367 3697 1559 3769 θρόνου
1615 3702 1710 3752 τοῦ
1766 3705 1913 3752 Κων-

255 3785 765 3849 σταντινουπόλεως
821 3785 1092 3860 ἐρῶντος,
1149 3789 1677 3863 κοινοπραγήσαντες
1734 3789 1761 3842 6
1816 3796 1917 3857 τῆς

256 3877 499 3947 Κυζίκου
555 3876 922 3948 Δημήτριος,
994 3875 1286 3937 Ἀντώνιος
1356 3876 1383 3930 ὁ
1440 3874 1827 3949 Νίκομηδείας,
1888 3878 1915 3930 6

254 3974 356 4036 τῆς
424 3962 593 4034 Σίδης
646 3966 737 4018 καί
792 3962 1062 4038 Ἀγκύρας
1120 3965 1172 4018 οἱ
1204 3962 1535 4042 αὐτάδελφοι
1593 3965 1683 4019 σὺν
1719 3962 1914 4028 ἄλλοις

260 4052 705 4130 μητροπολίταις
764 4048 1158 4107 έϐουλεύσαντο
1215 4057 1312 4107 τοῦ
1370 4055 1565 4128 θρόνου
1594 4059 1913 4130 καταγαγεῖν

254 4147 348 4201 τὸν
406 4142 649 4213 Ἀλέξιον
706 4142 792 4196 καὶ
847 4142 959 4197 ἀντ’
1005 4143 1174 4197 αὐτοῦ
1202 4143 1293 4197 τὸν
1355 4141 1611 4215 Ἰωάννην
1638 4149 1717 4216 τῷ
1742 4143 1917 4218 Ορύνῳ

255 4234 660 4311 ἐγκαταστῆσαι
697 4273 710 4287 .
791 4232 932 4305 Πρὸς
1011 4230 1103 4285 οίίν
1182 4228 1424 4301 Ἀλέξιος
1487 4232 1514 4285 ὁ
1570 4231 1916 4307 πατριάρχης

259 4323 396 4397 μετά
455 4324 552 4375 τοῦ
612 4319 810 4375 λοιποῦ
874 4320 1072 4396 μέρους
1112 4326 1212 4389 τῆς
1272 4317 1597 4391 Ἐκκλησίας
1632 4319 1994 4412 μηνύματαΙ)

256 4412 548 4485 ἐκπέμπει,
606 4407 898 4480 δηλοῦντα’
960 4433 989 4461 ‹‹
1041 4406 1289 4481 Ἐπειδὴ,
1346 4409 1419 4472 ὥς
1470 4431 1620 4488 φατε,
1654 4411 1717 4464 οὐ
1748 4412 1917 4488 ψήφῳ

257 4501 594 4579 ἀρχιερέων,
636 4496 784 4553 ἀλλά
836 4498 1123 4573 προστάξει
1178 4497 1466 4554 Βασιλείου
1514 4504 1610 4553 τοῦ
1651 4498 1917 4575 βασιλέως

260 4586 467 4659 ἰπέϐην
543 4591 639 4643 τοῦ
714 4586 908 4663 θρόνου
983 4587 1370 4658 ἀκανονίστως,
1444 4590 1920 4663 καθαιρεθήτωσαν

263 4679 355 4742 οὕς
390 4678 785 4754 ἐχειροτόνησα
835 4674 1245 4751 μητροπολίτας
1307 4676 1394 4731 ἐπὶ
1441 4674 1630 4732 ἕνδεκα
1675 4678 1811 4750 πρὸς
1840 4683 1918 4750 τῷ

262 4768 459 4842 ἡμίσει
516 4767 755 4841 χρόνους
809 4767 910 4835 τὴν
973 4764 1303 4836 Ἐκκλησίαν
1362 4765 1562 4839 ἷθύνας,
1596 4766 1918 4839 ἀναθεματι-

264 4859 551 4926 σθήτωσαν
606 4852 664 4908 δὲ
715 4854 804 4908 καὶ
883 4852 973 4915 οὕς
1027 4850 1221 4928 ἔστεψα
1276 4860 1420 4930 τρεῖς
1482 4854 1767 4930 βασιλεῖς,
1829 4857 1917 4911 καὶ

266 4946 548 5019 ἐξίσταμαι
602 4948 682 5016 τῷ
716 4940 1040 5018 βουλομένῳ
1070 4948 1166 4998 τοῦ
1193 4942 1406 5018 θρόνου.
1442 4967 1473 4996 ››
1531 4944 1744 5016 Ταύτην
1774 4943 1922 5015 δεξά-

269 5055 427 5108 μενοι
498 5033 597 5102 τὴν
675 5030 933 5106 ἀγγελίαν
993 5032 1046 5085 οἱ
1099 5033 1224 5108 περὶ
1281 5032 1376 5088 τὸν
1435 5035 1774 5107 Δημήτριον,
1828 5034 1917 5087 καὶ

259 5122 530 5199 αἰσχύνης
576 5122 667 5177 καὶ
701 5118 853 5183 δέους
887 5118 1214 5191 πλησθέντες
1243 5123 1399 5195 (ἦσαν
1456 5122 1557 5198 γάρ
1586 5124 1639 5176 οἱ
1696 5121 1921 5187 πλείους

2098 3699 2338 3754 Interim
2365 3716 2497 3753 cum
2524 3698 2959 3771 patriarchatus
2983 3697 3267 3769 Cpolitani
3292 3712 3455 3751 amor
3477 3696 3676 3751 absur-

2029 3788 2139 3842 dus
2169 3784 2455 3843 Joanuem
2491 3786 2859 3858 imperatoris
2897 3786 3128 3839 fratrem
3149 3784 3495 3855 cepisset,re
3525 3800 3677 3837 com-

2028 3877 2328 3932 municata
2391 3876 2669 3948 episcopi,
2734 3874 3057 3929 Demetrius
3122 3872 3327 3944 Cyzici,
3386 3872 3676 3926 Antonius

2027 3965 2401 4032 Nicomedia,
2432 3965 2581 4019 Sida:
2613 3968 2671 4018 et
2700 3966 2934 4035 Ancyrae
2983 3963 3186 4016 fratres
3214 3960 3502 4033 germani,
3536 3976 3669 4014 cum

2028 4054 2158 4110 aliis
2181 4051 2567 4124 metropolitis
2590 4050 3288 4107 consultaruntdeAlexio
3312 4048 3673 4104 deturbando

2026 4144 2197 4215 eique
2227 4142 2574 4199 sufficiendo
2596 4142 2841 4197 Joanne.
2862 4141 2943 4194 Ad
2978 4156 3075 4194 eos
3092 4138 3327 4194 Alexius
3359 4142 3417 4193 et
3449 4138 3675 4208 reliqua

2028 4232 2284 4289 ecclesias
2344 4248 2479 4304 pars
2536 4230 2761 4285 litteras
2819 4230 2980 4295 dant,
3043 4228 3152 4283 hoc
3209 4226 3610 4299 signiﬁcantes
3658 4243 3671 4281 :

2028 4345 2055 4373 «
2090 4322 2352 4388 Quando,
2387 4324 2451 4375 ut
2479 4336 2579 4375 vos
2610 4318 2825 4386 dicitis,
2852 4335 2967 4373 non
2992 4315 3283 4388 suffragiis
3307 4316 3674 4388 pontificum,

2028 4412 2127 4466 sed
2153 4412 2327 4482 jussu
2352 4408 2548 4464 Basilii
2574 4407 2946 4479 imperatoris
2965 4422 3068 4478 ego
3089 4406 3197 4461 hoc
3228 4406 3442 4460 solium
3469 4408 3671 4459 contra

2029 4517 2281 4555 canones
2328 4498 2658 4564 conscendi,
2713 4498 2960 4568 agedum
3020 4512 3169 4566 quos
3226 4510 3332 4565 ego
3390 4492 3673 4548 constitui

2029 4588 2426 4660 metropolitas
2450 4588 2573 4657 jam
2606 4602 2707 4657 per
2750 4587 2807 4640 tl
2868 4602 3053 4639 annos
3086 4600 3150 4640 ac
3181 4583 3318 4637 anni
3352 4580 3667 4636 semissum

2033 4678 2347 4734 Ecelesiam
2380 4675 3163 4749 gubernans.dcponantur;
3197 4670 3511 4727 anathema
3532 4685 3675 4740 quo-

2030 4784 2139 4838 que
2169 4766 2550 4821 obnuntietur
2597 4764 2787 4820 tribus
2839 4760 3289 4832 imperatoribus
3321 4758 3539 4829 quibus
3569 4775 3675 4828 ego

2029 4872 2271 4912 coronas
2302 4854 2532 4925 imperii
2564 4852 2840 4924 imposui.
2881 4851 2977 4906 llis
3009 4849 3175 4905 factis
3206 4848 3347 4903 cedo
3378 4845 3592 4902 solium
3623 4846 3673 4900 ei

2029 4945 2128 5016 qui
2160 4944 2312 5000 518
2363 4943 2485 4999 vult
2538 4942 2865 4998 succedere.
2914 4961 2938 4991 ι)
2993 4940 3109 4993 Hoc
3159 4940 3392 5009 accepto
3443 4936 3675 5005 nuntio,

2028 5032 2356 5089 Demetrius
2405 5048 2539 5087 eum
2589 5029 2763 5085 sociis
2815 5032 2972 5083 metu
3024 5028 3371 5100 pudoreque
3422 5025 3678 5089 confusi,

2029 5123 2183 5195 quod
2217 5121 2480 5193 plerique
2512 5120 2581 5175 ab
2614 5120 2740 5191 ipso
2763 5122 2927 5173 erant
2956 5116 3153 5187 creati,
3187 5115 3335 5171 nihil
3369 5114 3677 5187 antiquius

1458 5282 1831 5339 XYLANDRI
1870 5284 1961 5339 ET
2000 5282 2217 5339 GOARI
2256 5279 2490 5335 NOT/E.

337 5410 417 5483 (5)
469 5402 802 5483 MavS-Sliov,
861 5406 1035 5479 vulgo
1091 5409 1385 5466 sudarium
1441 5412 1695 5483 mentite.
1738 5410 1921 5483 Ἀγιον

265 5478 549 5555 έκραγεῖον
604 5478 829 5555 vocavit
866 5478 1073 5555 _nuper
1118 5486 1340 5555 auctor,
1392 5500 1446 5554 p.
1499 5478 1923 5555 735._Lexicon

267 5550 631 5628 anodymum
676 5550 819 5606 bibl.
866 5550 1005 5623 Reg.
1066 5568 1078 5606 :
1142 5550 1437 5625 μανδύλιὸν
1497 5551 1922 5628 χειρόμακτρον.

269 5627 649 5769 ῦίῖδῗῬισίωο
680 5692 773 5749 hic
803 5692 863 5750 in
897 5696 1132 5753 auctore
1153 5695 1386 5769 legitur,
1421 5697 1531 5754 sub
1563 5713 1677 5769 quo
1708 5695 1924 5753 milita-

2034 5409 2176 5464 bant
2207 5410 2262 5460 et
2304 5403 2400 5460 alii
2450 5405 2555 5455 τῶν
2592 5398 2978 5469 Ἀνατολικῶν,
3027 5404 3133 5454 τῶν
3170 5401 3405 5453 Δυτικῶν
3454 5394 3541 5451 καὶ
3573 5401 3680 5451 τῶν

2034 5475 2372 5554 Θρηίκη-σίων.
2408 5476 2584 5530 GOAR.

2108 5543 2177 5619 (7)
2203 5543 2568 5621 "tempsam:
2600 5547 2816 5621 Auctor
2842 5543 2984 5599 ibid.
3017 5544 3196 5621 (ἴοιμι.

2106 5613 2180 5694 (8)
2214 5613 2525 5694 Xyla'nder
2555 5616 2824 5672 hzeretice
2868 5625 2925 5694 et
2973 5617 3247 5694 ambjgue
3294 5613 3627 5686 supplicium
3664 5630 3679 5666 :

2037 5687 2205 5767 plane
2236 5687 2293 5749 et
2319 5689 2611 5749 catholica
2638 5690 3053 5761 processionem.
3084 5687 3263 5745 Goaa.
