3972 6146
308 299 424 359 251

1663 294 1982 357 GEORGII
2026 294 2370 358 GEDRENI

3578 304 3684 366 252

307 430 543 490 silentio
574 434 630 486 et
659 429 857 502 quiete
904 429 1278 497 habuerunt;
1311 432 1371 484 et
1398 428 1525 501 ipse
1570 427 1825 484 Joannes
1856 443 1948 483 cu-

2087 427 2162 483 5π’
2220 426 2382 484 αὐτοῦ
2438 429 2962 505 χειροτονηθέντες),
3003 426 3312 498 ἠσπάσαντο
3342 431 3561 506 σιωπὴν,
3602 447 3685 500 καὶ

307 522 616 595 piditatem
648 519 758 575 soli
789 519 1137 591 patriarchae
1167 519 1224 574 in
1260 523 1559 592 posterum
1592 516 1836 574 dimisit.

385 731 542 783 Anno
566 725 775 784 munni
806 726 968 791 6546,
993 724 1313 781 indictione
1334 726 1388 791 6,
1422 725 1515 780 die
1545 723 1887 780 Novembris
1907 724 1964 789 2,

305 821 680 873 terraemotus
712 815 822 871 fuit
851 815 1008 870 circa
1037 815 1243 869 horam
1290 814 1405 869 diei
1442 813 1756 880 decimam,
1788 813 1964 867 dura-

306 907 501 978 vitque
536 921 725 977 usque
758 905 830 960 ad
861 904 1214 960 Januarium
1266 920 1550 959 mensem.
1585 902 1757 957 Fame
1786 901 1964 956 etiam

304 996 640 1051 laboratum
666 998 755 1048 est
781 1010 883 1065 per
908 992 1243 1063 Thraciam,
1268 991 1685 1058 Macedoniam,
1708 992 1964 1063 Strymo-

309 1100 465 1151 nem,
482 1082 985 1149 Thessalonicam,
1002 1086 1059 1137 et
1083 1099 1269 1153 usque
1294 1080 1679 1137 Thessaliam.
1705 1086 1963 1151 Conque-

308 1174 575 1230 rentibus
597 1176 794 1228 autem
816 1170 1246 1227 Thessalonica:
1265 1170 1497 1226 clericis
1518 1171 1588 1225 de
1606 1170 1961 1241 Theophane

310 1262 706 1335 metropolita,
735 1262 889 1333 quod
915 1261 1275 1316 frumentum
1300 1260 1371 1315 iis
1395 1260 1548 1331 quod
1581 1260 1829 1314 debebat
1852 1276 1964 1313 non

309 1352 686 1425 persolveret,
720 1351 1037 1423 imperator
1087 1354 1212 1405 tum
1244 1348 1670 1405 Thessalonica:
1704 1365 1964 1403 commo-

309 1459 446 1498 rans
466 1441 735 1496 hortatus
767 1440 1107 1511 episcOpum
1138 1442 1226 1494 est
1260 1455 1329 1493 ne
1360 1437 1604 1493 clericos
1628 1436 1699 1493 iis
1724 1454 1851 1509 quae
1883 1437 1966 1493 eis

308 1530 565 1602 legitime
597 1530 965 1585 debebantur
1000 1527 1404 1597 idefraudaret.
1453 1527 1716 1598 Cumque
1750 1528 1798 1583 is
1832 1528 1965 1583 obs-

308 1624 559 1691 treperet
593 1635 779 1690 neque
811 1618 1214 1688 obtemperare
1247 1616 1436 1686 vellet,
1469 1615 1679 1671 statuit
1710 1615 1962 1687 impera-

308 1712 401 1764 tor
450 1723 585 1762 cum
640 1708 842 1762 fraude
897 1704 1319 1761 circumvenire
1376 1709 1433 1760 et
1491 1704 1795 1760 avaritiam
1839 1706 1967 1775 ejus

2075 514 2269 572 λοιπὸν
2300 520 2327 572 6
2356 519 2612 590 Ἰωάννης
2670 517 2869 593 ἐπέσχε
2898 518 2997 587 τὴν
3031 517 3118 572 έπὶ
3144 520 3213 591 τῇ
3252 520 3553 595 κατασχέσει
3604 529 3691 579 τοῦ

2076 606 2271 683 θρόνου
2302 603 2491 684 ὄρεξιν.

2143 730 2230 793 Τῷ
2290 722 2348 781 δὲ
2390 727 2567 802 ,ςφμᾷ
2617 720 2743 794 ἔτει,
2798 721 3140 786 ἶνδικτιῶνος
3185 731 3248 793 ς’,
3307 725 3483 800 ἡμέρᾳ
3527 731 3693 801 Νοεμ-

2075 809 2231 889 ϐρίου
2266 816 2332 889 β’,
2372 816 2561 891 γέγονε
2616 815 2833 887 σεισμὸς
2885 814 3009 889 περῖ
3042 812 3185 889 ὥραν
3249 815 3279 866 ι’
3333 820 3431 883 τῆς
3481 817 3696 892 ἡμέρας,

2074 904 2161 957 καὶ
2214 900 2506 958 διετέλεσεν
2539 907 2572 973 ἡ
2623 906 2698 973 γῆ
2746 904 2999 976 σειομένη
3059 901 3220 976 ἄχρις
3279 902 3415 957 ὅλου
3464 908 3555 957 τοῦ
3603 906 3696 962 Ἰα-

2072 992 2326 1067 νουαρίου
2391 988 2579 1065 μηνός.
2637 993 2829 1068 Γέγονε
2881 990 2939 1047 δὲ
2988 991 3078 1046 καὶ
3138 990 3300 1064 λιμὸς
3329 992 3459 1046 κατά
3486 1013 3541 1046 τε
3570 995 3699 1068 Θρᾴ-

2074 1103 2176 1151 κην
2232 1081 2320 1137 καὶ
2374 1079 2749 1153 Μακεδονίαν,
2810 1082 3095 1153 Στρυμόνα
3148 1080 3241 1135 καὶ
3297 1080 3698 1153 Θεσσαλονίκην,

2074 1170 2162 1225 καὶ
2220 1171 2383 1246 μέχρι
2442 1170 2753 1233 Θετταλίας.
2814 1164 3278 1241 Καταϐοησάντων
3338 1166 3393 1223 δὲ
3443 1174 3545 1225 τῶν
3574 1170 3700 1241 κλη-

2077 1265 2241 1335 ρικῶν
2321 1258 2719 1329 Θεσσαλονίκης
2794 1262 3095 1335 Θεοφάνους
3155 1264 3250 1314 τοῦ
3311 1257 3702 1335 μητροπολίτου

2077 1349 2151 1411 ὡς
2211 1349 2649 1425 ἀποκρατοῦντος
2703 1350 2797 1411 τὰς
2850 1350 3095 1418 συνήθεις
3156 1349 3397 1419 σιτήσεις
3444 1348 3628 1421 αὐτῶν,
3680 1352 3706 1404 6

2080 1439 2335 1515 βασιλεὺς
2393 1443 2461 1512 τῇ
2520 1437 2883 1513 Θεσσαλονίκῃ
2917 1433 3265 1512 ἐνδιατρίϐων
3303 1437 3491 1512 λόγοις
3520 1458 3705 1514 παραι-

2076 1534 2310 1591 νετικοῖς
2370 1528 2637 1604 ἐκέχρητο
2690 1529 2828 1603 πρὸς
2859 1528 3039 1597 αὐτὸν,
3097 1527 3187 1582 καὶ
3216 1527 3447 1602 παρῄνει
3484 1528 3556 1599 μὴ
3586 1526 3709 1583 ἀπο-

2078 1623 2283 1693 στερεῖν
2343 1617 2433 1671 τὸν
2478 1625 2579 1687 τῆς
2610 1616 2903 1688 ἐκκλησίας
2943 1615 3073 1671 λαὸν
3104 1620 3212 1671 τῶν
3265 1616 3370 1671 ἀπὸ
3418 1617 3585 1689 νόμου
3635 1638 3710 1671 σι-

2074 1706 2384 1782 τηρεσίων.
2444 1709 2527 1780 [Ρ.
2585 1710 2712 1779 741]
2765 1711 2870 1762 Τοῦ
2932 1704 2989 1761 δὲ
3033 1704 3449 1782 τραχυνομένου
3496 1706 3581 1760 καὶ
3641 1706 3712 1778 μή

312 1812 703 1868 compescere.
737 1796 915 1851 Mittit
957 1796 1139 1867 igitur
1168 1795 1484 1866 quemdam
1518 1811 1762 1849 suorum
1797 1795 1942 1850 mini

2090 1796 2423 1869 ὑπείκοντος,
2481 1792 2622 1871 ἔγνω
2652 1793 2759 1851 δεῖν
2819 1797 2847 1850 6
2904 1794 3159 1872 βασιλεὺς
3191 1794 3372 1869 ἀπάτῃ
3425 1793 3713 1870 περιελθεῖν

317 1891 598 1953 atrorum,
657 1890 864 1939 mutuo
925 1884 1035 1939 sibi
1088 1884 1213 1940 dari
1277 1889 1479 1956 petens
1536 1900 1721 1939 unum
1778 1888 1970 1939 cente-

317 1977 548 2032 narium
583 1974 766 2029 donec
792 1972 902 2028 sibi
949 1990 1159 2028 aurum
1202 1972 1477 2044 Byzantio
1522 1972 1847 2028 efferretur.
1882 1975 1973 2028 In-

315 2065 596 2136 terposito
618 2062 1012 2134 jurejurando
1045 2062 1279 2133 negavit
1321 2062 1631 2133 episcopus
1664 2060 1879 2117 habere
1910 2078 1973 2118 se

317 2154 471 2210 ultra
502 2153 741 2225 triginta
771 2151 972 2207 libras.
994 2151 1071 2206 Eo
1092 2151 1365 2206 submoto
1384 2151 1702 2222 imperator
1730 2150 1973 2206 thesau-

318 2260 417 2300 ros
449 2242 639 2316 ipsius
669 2241 944 2311 excussit,
976 2240 1313 2311 invenitque
1344 2240 1471 2295 auri
1504 2242 1835 2296 centenaria
1869 2242 1973 2296 tri-

320 2334 486 2406 ginta
514 2333 644 2387 tria.
680 2336 759 2387 De
802 2331 915 2387 his.
947 2330 1224 2402 persolvit
1269 2329 1496 2385 clericis
1527 2347 1652 2402 quae
1700 2347 1734 2385 a
1785 2330 1973 2402 primo

323 2420 699 2494 Theophanis
748 2419 1287 2492 archiepiscopatus
1341 2436 1494 2475 anno
1544 2420 1601 2473 in
1653 2435 1785 2475 eum
1819 2419 1972 2476 519

326 2528 515 2583 usque
546 2510 701 2566 diem
734 2510 1098 2565 debebantur
1146 2508 1368 2576 omnia,
1402 2507 1626 2579 reliqua
1658 2508 1806 2563 inter
1837 2525 1977 2580 pau-

325 2616 492 2672 peres
523 2599 749 2669 dividit,
783 2602 841 2653 et
872 2598 1293 2669 Theophanem
1324 2596 1572 2653 ecclesia
1612 2599 1882 2652 abactum
1915 2598 1974 2651 in

326 2689 622 2760 quoddam
656 2687 937 2759 praedium
962 2687 1269 2758 deportat:
1306 2686 1710 2758 episcopatum
1744 2690 1977 2742 Prome-

321 2779 456 2834 theo
488 2776 824 2841 committit,
848 2777 1207 2847 mandatque
1240 2780 1302 2831 ut
1332 2775 1672 2847 TheOphani
1700 2776 1978 2832 alimenta

325 2867 583 2939 praebeat
614 2865 783 2936 isque
817 2864 1075 2935 privatus
1104 2864 1277 2920 vivat.

2084 1884 2246 1940 αύτὸν
2313 1884 2405 1939 καὶ
2473 1882 2704 1939 κολάσαι
2768 1885 2867 1954 τὴν
2923 1882 3228 1954 ἀπληστίαν
3278 1882 3463 1940 αὐτοῦ.
3518 1880 3715 1955 Πέμπει

2085 1973 2175 2029 οὖν
2224 1995 2345 2029 τινα
2372 1979 2479 2029 τῶν
2539 1973 2950 2050 ὑπηρετούντων
3005 1973 3173 2046 αὐτῷ,
3224 1971 3443 2043 ἐξαιτῶν
3491 1969 3718 2027 ἐκδανεῖ-

2082 2062 2169 2118 σαί
2219 2064 2269 2117 οἱ
2299 2063 2649 2139 κεντηνάριον
2680 2058 2758 2132 ἓν,
2818 2062 3014 2138 μέχρις
3070 2060 3129 2116 ἂν
3184 2060 3243 2116 ἐκ
3272 2060 3566 2131 Βυζαντίου
3594 2080 3716 2136 χρυ-

2083 2154 2197 2208 σίον
2232 2150 2634 2226 διακομισθείη.
2694 2154 2754 2210 Ὁ
2815 2150 2871 2207 δὶ
2900 2151 3191 2225 ἐνωμότως
3232 2151 3584 2225 ἀπηρνήσατο
3649 2151 3717 2223 μὴ

2083 2240 2228 2317 ἔχειν
2282 2238 2428 2311 πλὴν
2477 2244 2771 2318 τριάκοντα
2792 2232 3016 2317 λὶτρῶν.
3067 2240 3170 2298 Καὶ
3200 2244 3392 2294 τοῦτον
3430 2239 3525 2313 μὲν
3565 2239 3722 2294 έκπο-

2085 2328 2192 2385 δὼν
2255 2330 2566 2405 μεθίστησιν
2627 2331 2654 2386 ό
2717 2329 2994 2406 βασιλεὺς,
3043 2327 3373 2393 ἀποστείλας
3412 2326 3470 2383 δὶ
3522 2326 3610 2383 καὶ
3665 2326 3727 2382 τά

2081 2426 2305 2493 ταμιεῖα
2362 2421 2528 2475 αὐτοῦ
2590 2418 3072 2496 διερευνησάμενος
3145 2418 3265 2493 εὗρε
3343 2415 3575 2493 χρυσίου
3622 2437 3725 2471 κεν-

2081 2508 2313 2584 τηνάρια
2341 2510 2632 2585 τριάκοντα
2676 2508 2767 2564 καὶ
2809 2509 2955 2583 τρίαο
3009 2506 3060 2578 ἐξ
3108 2508 3180 2563 ὧν
3235 2504 3428 2562 δίδωσι
3478 2507 3573 2580 μὶν
3614 2511 3723 2566 τοῖς

2084 2598 2375 2674 κληρικοῖς
2451 2598 2517 2653 τὰ
2594 2596 2925 2675 ὀφειλόμενα
2984 2596 3090 2651 ἀπὸ
3146 2597 3371 2671 πρώτου
3426 2592 3581 2656 ἔτους
3630 2600 3723 2663 τῆς

2086 2687 2500 2763 ἀρχιερωσύνης
2574 2687 2669 2741 τοῦ
2738 2688 3041 2764 Θεοφάνους
3116 2682 3222 2747 ἓως
3272 2691 3376 2755 τῆς
3438 2682 3724 2752 ἐνεστώσης

2087 2775 2252 2851 ὥρας,
2304 2775 2370 2829 τὰ
2414 2772 2470 2829 δὲ
2537 2772 2707 2830 λοιπᾶ
2763 2774 2956 2845 πένησι
2990 2772 3251 2849 διανέμει,
3281 2773 3496 2829 καὶτὸν
3527 2792 3724 2847 μητρο-

2085 2861 2319 2935 πολίτην
2380 2864 2570 2935 ἐξωθεῖ
2625 2867 2723 2933 τῆς
2764 2861 3056 2934 ἐκκλησίας
3108 2864 3196 2919 καὶ
3244 2860 3294 2917 ἔν
3356 2884 3467 2919 τινι
3497 2863 3726 2934 κτήματι

324 2951 645 3028 περιορίζει.
677 2951 958 3029 Ἐφίστησι
991 2949 1048 3006 δὲ
1080 2950 1377 3029 Προμηθέα
1404 2955 1472 3026 τῇ
1511 2949 1874 3029 μητροπόλει,
1908 2953 2036 3028 παρ’
2067 2954 2129 3009 οὗ
2158 2954 2248 3008 καὶ
2283 2951 2442 3016 οὗτος
2492 2952 2772 3029 σιτηρέσια
2818 2947 3117 3026 λαμϐάνειν
3165 2953 3450 3009 τετύπωτο
3498 2952 3586 3007 καὶ
3617 2947 3731 3005 καθ’

327 3042 512 3096 ἑαυτὸν
540 3039 768 3116 διάγειν.

396 3187 539 3240 Cum
571 3187 765 3240 autem
801 3183 1140 3240 Pancratius
1188 3184 1451 3256 Ahasgiae
1495 3184 1772 3240 dominus
1800 3184 1942 3241 vehe

2158 3184 2495 3261 Παγκρατίου
2571 3182 2629 3240 δὲ
2694 3189 2790 3239 τοῦ
2856 3182 3198 3258 ἐξουσιαστοῦ
3255 3178 3556 3257 Ἀϐασγίας
3606 3198 3731 3255 σφο-

324 3278 551 3330 menter
567 3277 800 3346 urgeret
823 3274 1069 3329 Jasitam
1094 3273 1380 3345 superiori
1404 3273 1602 3329 Iberiaa
1626 3274 1976 3345 principem,

321 3364 579 3420 Joannes
612 3369 817 3418 contra
846 3379 980 3417 eum
1028 3363 1245 3418 emittit
1296 3363 1749 3419 Constantinum
1784 3365 1977 3419 dome-

325 3453 543 3509 sticum
588 3451 949 3521 scholarum,
999 3452 1235 3506 fratrem
1286 3468 1483 3518 suum,
1517 3469 1652 3506 cum
1700 3453 1977 3508 omnibus

327 3539 714 3596 orientalibus
743 3539 949 3609 copiis,
985 3538 1282 3609 pollicitus
1328 3540 1379 3594 ei
1416 3540 1741 3595 missurum
1775 3558 1835 3596 se
1866 3542 1975 3597 Da-

325 3630 627 3685 lassenum
670 3628 1073 3684 consiliarium
1105 3645 1171 3683 ac
1213 3628 1496 3700 collegam
1544 3630 1680 3685 belli
1714 3630 1975 3702 gerendi.

330 3718 490 3783 Quod
541 3734 675 3774 cum
724 3735 839 3773 non
886 3719 1067 3789 ﬁeret,
1105 3734 1165 3773 re
1214 3718 1429 3774 infecta
1475 3719 1834 3775 domesticus
1865 3720 1981 3775 dis-

339 3807 532 3864 cessit.

402 4016 545 4069 Cum
578 4016 773 4069 autem
807 4030 1067 4087 purgans
1101 4014 1596 4070 medicamentum
1631 4018 1980 4085 accepturus

331 4109 485 4160 esset
501 4106 779 4169 Joannes,
803 4108 908 4159 Zoe
938 4109 1204 4175 Augusta
1230 4104 1441 4160 certior
1472 4105 1624 4158 facta
1648 4103 1980 4159 fidelissimi

332 4209 576 4248 suorum
607 4193 1012 4247 cunuchorum
1036 4193 1316 4264 Sguritzze
1340 4210 1516 4263 opera
1546 4192 1837 4248 medicum
1865 4209 1979 4248 non

329 4280 555 4353 exiguis
598 4281 941 4336 muneribus
979 4281 1322 4351 corrumpit,
1368 4281 1624 4352 pollicita
1647 4298 1710 4337 se
1740 4297 1874 4336 eum
1908 4282 1980 4337 ad

328 4371 460 4426 vita:
484 4386 781 4426 summum
825 4369 1198 4441 splendorem
1229 4374 1285 4425 et
1315 4371 1716 4442 amplissimas
1750 4371 1981 4426 divitias

332 4459 641 4525 elaturam,
677 4459 725 4515 si
759 4459 1189 4515 medicamento
1219 4459 1544 4514 admisceat
1572 4459 1784 4515 lethale
1812 4476 1980 4515 vene-

2086 3272 2229 3348 δρῶς
2286 3272 2629 3347 ἐπικειμένου
2684 3278 2764 3346 τῷ
2814 3276 3096 3329 κατεπάνω
3154 3268 3398 3346 Ἰϐηρίας
3455 3276 3535 3344 τῷ
3582 3266 3732 3326 Ἰασί-

2084 3385 2175 3439 τῃ,
2237 3364 2264 3418 6
2313 3361 2571 3433 Ἰωάννης
2631 3363 2766 3435 μετᾶ
2793 3368 2901 3420 τῶν
2932 3364 3221 3440 ταγμάτων
3251 3370 3355 3432 τῆς
3383 3365 3499 3417 Ἒω
3524 3359 3728 3415 πάντων

2084 3452 2175 3507 τὸν
2239 3449 2561 3525 δομέστικον
2619 3454 3024 3509 Κωνσταντῖνον
3080 3457 3187 3508 τῶν
3239 3450 3497 3528 σχολῶν,
3527 3449 3616 3505 τὸν
3648 3446 3734 3502 αύ-

2084 3545 2181 3595 τοῦ
2229 3537 2486 3618 ἀδελφὸν,
2542 3540 2829 3613 ἐκπέμπει,
2887 3540 3381 3616 καθυποσχόμενος
3441 3537 3737 3609 συνεκπέμο

2088 3633 2181 3704 ψαι
2239 3629 2416 3702 τούτῳ
2469 3628 2557 3684 καί
2614 3630 2704 3684 τὸν
2768 3628 3136 3701 Δαλασσηνὸν,
3196 3631 3270 3693 ὡς
3303 3628 3368 3685 ἂν
3415 3628 3521 3705 ἔχῃ
3552 3631 3734 3683 τοῦτον

2088 3713 2401 3791 σύμϐουλον
2435 3719 2523 3773 καὶ
2564 3718 2909 3795 παραστάτην
2956 3720 3007 3774 ἐν
3050 3726 3169 3782 τοῖς
3215 3719 3516 3793 πολέμοις.
3573 3720 3739 3772 Τοῦτο

2090 3805 2148 3862 δὲ
2174 3807 2272 3862 οὐκ
2311 3807 2557 3881 ἐποίησε,
2599 3829 2689 3862 και
2748 3806 2942 3863 λοιπὸν
2999 3810 3273 3882 ἄπρακτος
3334 3811 3364 3864 6
3426 3806 3742 3882 δομέστικος

2092 3896 2441 3965 ὑπενόστησε.

2162 4011 2476 4075 Μέλλοντος
2537 4008 2595 4066 δὲ
2650 4016 2746 4067 τοῦ
2804 4014 3052 4069 Ἰωάννου
3101 4013 3399 4088 καθαρσίου
3462 4013 3745 4087 μετασχεῖν

2091 4102 2402 4178 φαρμάκου,
2462 4106 2663 4175 γνοῦσα
2712 4105 2875 4157 τοῦτο
2929 4103 3049 4172 Ζωὴ
3110 4105 3144 4173 ἡ
3200 4102 3424 4178 βασιλὶς
3468 4100 3559 4157 διά
3607 4118 3747 4158 τινος

2089 4194 2197 4243 τῶν
2276 4190 2626 4244 οἰκειοτάτων
2705 4190 2841 4263 αὐτῇ
2919 4190 3195 4267 εὐνούχων
3267 4197 3369 4247 τοῖ’)
3449 4190 3745 4265 λεγομένου

2094 4277 2420 4352 Σγουρίτζη,
2477 4276 2681 4351 δώροις
2708 4278 3017 4357 ὑποφθείρει
3039 4276 3130 4334 τὸν
3163 4280 3348 4356 ἰατρὸν
3385 4278 3490 4336 οὐκ
3518 4278 3747 4353 ὀλίγοις,

2095 4366 2452 4442 ὑποσχομένη
2480 4368 2533 4430 ἐς
2571 4368 2694 4443 βίου
2733 4389 2791 4423 τε
2832 4370 3175 4447 περιφάνειαν
3231 4369 3375 4443 ἄξειν
3439 4368 3605 4424 αὐτὸν
3662 4364 3748 4420 καὶ

2090 4454 2333 4511 πλοότου
2409 4457 2714 4532 ὑπεροχὴν,
2795 4457 2839 4511 εἰ
2915 4459 3127 4533 κεράσει
3183 4462 3264 4531 τῷ
3322 4456 3611 4535 φαρμάκῳ
3666 4454 3751 4509 καὶ

331 4565 495 4604 num.
527 4549 636 4604 Sed
672 4564 818 4620 puer
847 4547 1086 4619 quidam
1121 4547 1328 4602 medici
1363 4548 1622 4602 famulus
1651 4548 1861 4603 Joanni
1895 4548 1948 4603 in

2088 4541 2451 4618 δηλητήριον.
2514 4543 2808 4621 Παιδαρίου
2840 4543 2899 4601 δέ
2942 4568 3090 4609 τινος
3119 4551 3226 4602 τῶν
3281 4546 3750 4622 ὑπηρετουμένων

333 4639 515 4693 sidias
544 4638 801 4701 detexit;
831 4638 1023 4708 iisque
1046 4636 1465 4692 demonstratis
1496 4638 1760 4692 medicus
1782 4637 1981 4693 Antio-

332 4727 544 4793 chiam,
574 4744 701 4799 quas
733 4727 783 4782 ei
817 4727 1009 4781 fuerat
1054 4726 1262 4797 patria,
1296 4724 1610 4797 relegatur,
1643 4726 1982 4781 Constanti-

329 4832 443 4871 nus
474 4815 777 4886 Mucupela
811 4814 1342 4885 protospatharius,
1375 4814 1477 4885 qui
1526 4830 1816 4871 venenum
1866 4815 1982 4869 mi-

331 4910 582 4971 scuerat,
619 4905 762 4959 urbe
792 4904 1048 4975 ejicitur,
1081 4908 1140 4959 et
1169 4904 1242 4958 de
1271 4906 1538 4975 Augusta
1568 4919 1633 4959 eo
1665 4903 1982 4961 deteriores

330 4997 511 5049 auctis
544 4993 933 5065 suspiciones.

401 5189 556 5245 520
584 5192 660 5244 Ut
689 5188 746 5242 in
792 5187 1045 5244 Siciliam
1086 5187 1316 5260 appulit
1361 5188 1638 5259 Georgius
1667 5188 1981 5260 Maniaces,

329 5277 431 5348 qui
462 5293 589 5333 eam
625 5276 902 5332 tenebant
954 5277 1184 5343 fratres,
1220 5293 1363 5348 pace
1413 5277 1563 5331 facta
1610 5276 1765 5332 inter
1795 5293 1857 5332 se
1887 5293 1982 5332 co-

329 5368 450 5422 nati
482 5370 622 5420 sunt
650 5383 780 5421 eum
814 5364 1009 5421 insula
1041 5365 1253 5437 pellere
1312 5366 1534 5421 adscito
1565 5383 1632 5421 ex
1663 5366 1853 5420 Africa
1886 5382 1985 5420 au-

327 5455 467 5511 xilio
500 5456 757 5511 virorum
791 5456 987 5510 50000.
1034 5454 1381 5510 Conﬂictum
1416 5456 1485 5511 ad
1518 5455 1710 5510 locum
1746 5456 1839 5510 cui
1872 5455 1981 5510 Re-

331 5550 490 5601 mata
540 5562 774 5616 nomen,
817 5549 873 5600 et
924 5544 1058 5599 victi
1109 5543 1616 5616 Carthaginenses,
1662 5560 1986 5615 eorumque

328 5638 495 5691 tanta
524 5634 680 5692 edita
701 5640 927 5707 strages
945 5638 1009 5689 ut
1025 5632 1310 5706 sanguine
1328 5649 1559 5690 amnem
1589 5634 1985 5706 praeterﬂuen-

2088 4638 2169 4704 τῷ
2230 4633 2399 4706 ἰατρῷ
2443 4635 2780 4707 μηνύσαντος
2804 4635 2867 4690 τὸ
2898 4637 3229 4710 σκευώρημα
3258 4641 3338 4709 τῷ
3372 4638 3633 4709 Ἰωάννῃ,
3667 4631 3753 4687 καὶ

2088 4729 2189 4792 τῆς
2222 4718 2526 4792 ἐπιϐουλῆς
2556 4723 2932 4799 ἐλεγχθείσης,
2964 4726 2992 4780 ὁ
3028 4727 3123 4797 μὲν
3171 4726 3357 4799 ἰατρὸς
3405 4725 3487 4787 εἰς
3540 4722 3751 4779 Ἀντιό-

2090 4831 2245 4887 χειαν
2274 4813 2375 4881 τὴν
2404 4811 2568 4867 αὐτοῦ
2599 4811 2831 4886 πατρίδα
2851 4813 3199 4889 έξορίζεται,ὁ
3223 4812 3281 4869 δι
3308 4815 3374 4869 τὸ
3404 4811 3752 4889 δηλητήριον

2092 4902 2557 4973 συσκευασάμενος
2592 4906 2989 4964 Κωνσταντῖνος
3018 4902 3522 4978 πρωτοσπαοάριος
3551 4903 3582 4956 6
3615 4902 3756 4957 Μου-

2092 4989 2370 5059 κουπέλης
2402 4990 2676 5060 ἐξωθεῖται
2704 4997 2805 5061 τῆς
2827 4989 3064 5060 πόλεως,
3095 4992 3185 5047 καὶ
3216 4995 3250 5061 ἡ
3282 4990 3514 5068 βασιλὶς
3544 4988 3598 5045 ἐν
3635 4989 3758 5044 ὑπο·

2089 5078 2237 5152 ψίαις
2270 5075 2442 5134 ἔκειτο
2477 5078 2742 5152 μείζοσιν.

2142 5178 2320 5254 ’Ἄρτι
2400 5182 2457 5241 δὲ
2523 5188 2610 5241 καὶ
2672 5189 2955 5264 Γεωργίου
2998 5187 3285 5263 πατρικίου
3343 5190 3450 5243 τοῦ
3509 5182 3759 5253 Μανιάκη

2087 5270 2491 5344 τήν³Σικελίαν
2537 5271 2963 5346 καταλαϐόντος,
3005 5278 3057 5332 οἱ
3109 5276 3310 5347 ταύτης
3343 5274 3619 5353 ἄρχοντες
3673 5272 3762 5328 καὶ

2091 5361 2423 5442 αὐτάδελφοι
2496 5364 2847 5438 σπεισάμενοι
2924 5366 3065 5441 πρὸς
3136 5365 3434 5437 ἀλλήλους
3497 5360 3760 5421 ἔσπευδον

2090 5451 2357 5508 ἀπελάσαι
2423 5458 2618 5508 τοῦτον
2676 5461 2776 5525 τῆς
2833 5456 3026 5527 νήσου.
3061 5456 3153 5511 Διὸ
3211 5456 3298 5510 καὶ
3342 5454 3681 5530 συμμαχίαν
3713 5445 3761 5513 ἐξ

2092 5542 2359 5619 Ἀφρικῆς
2436 5545 2847 5618 μετεπέμψαντο
2923 5542 3181 5621 χιλιάδας
3231 5547 3634 5615 πεντήκοντα”
3696 5542 3762 5611 ἧς

2089 5630 2361 5702 ἐλθούσης
2419 5632 2622 5708 γίνεται
2673 5629 2927 5708 συμϐολή
2986 5635 3233 5709 κραταιὰ·
3292 5633 3440 5690 κατὰ
3479 5635 3553 5689 τὰ
3602 5632 3763 5708 λεγό-
