3968 6140
283 346 394 406 253

286 496 415 551 μενα

283 564 690 642 Καρχηδονίους
721 568 748 621 ὁ
800 566 1109 640 Μανιάκης,
1168 565 1432 622 τοσούτου
1484 567 1780 643 γενομένου
1841 566 1934 641 φό-

1420 343 1970 407 HISTORIABUM
2018 344 2559 406 COMPENDIUM.

496 476 757 549 Ῥήματα,
810 478 899 532 καὶ
970 478 1224 553 τρέπεται
1308 478 1446 533 κατὰ
1520 476 1715 554 κράτος
1805 475 1909 531 τοὺη

2049 480 2164 534 tem
2184 477 2518 533 inundaret.
2540 477 2676 533 Post
2691 477 2812 532 haec
2837 476 3011 532 urbes
3032 475 3239 532 Siciliae
3260 477 3325 532 13
3344 477 3494 548 cepit
3516 478 3695 536 Geor-

3574 348 3695 407 254

2045 566 2610 639 gius,pau1atimque
2623 567 2943 639 procedens
2962 570 3144 621 totam
3164 565 3421 621 insulam
3441 568 3692 640 subegit.

282 676 376 712 νου
406 657 479 718 ὡς
506 655 596 709 τὸν
629 654 1010 731 παραρρέοντα
1033 656 1277 730 ποταμὸν
1310 654 1720 732 πλημμυρῆσαι
1751 659 1830 728 τῷ
1864 654 2079 728 αἶ’ματι.
2114 656 2265 712 Μετὰ
2287 652 2344 709 δὶ
2373 659 2539 710 ταῦτα
2569 653 2679 710 εἷλε
2707 653 2899 717 πόλεις
2960 652 3244 715 Σικελικὰς
3299 654 3383 728 ιγ’,
3416 653 3504 708 καὶ
3560 655 3699 710 κατὰ

287 746 486 821 μικρὸν
514 744 722 818 προϊὼν
752 750 923 799 πᾶσαν
958 743 1292 819 ἐχειρώσατο
1323 746 1420 814 τὴν
1453 752 1640 814 νῆσον.

350 837 442 907 Τῷ
501 831 557 888 δὲ
608 835 786 911 ,ςφμξ
845 827 972 903 ἔτει,
1034 832 1374 897 ίνδικτιῶνος
1432 836 1496 905 ς’,
1536 833 1754 910 γέγονεν
1815 834 1934 889 tm-

283 919 455 993 ϐουλή
506 924 641 977 κατὰ
686 930 787 992 τῆς
831 922 1045 985 πόλεως
1098 921 1373 993 Ἐδέσσης
1415 924 1505 978 καὶ
1567 927 1767 997 μικροῦ
1825 920 1931 978 δεῖν

283 1011 445 1079 ἑάλω,
482 1012 527 1066 εἰ
585 1013 660 1085 μὴ
740 1012 868 1074 Θεὸς
945 1009 1264 1069 διεσώσατο.
1330 1018 1778 1088 Στρατηγοῢντος
1834 1012 1935 1088 γὰρ

283 1102 332 1155 ὲν
364 1100 499 1174 αὐτῇ
536 1104 632 1155 τοῖ’)
690 1100 1184 1176 πρωτοσπαθαρίου
1236 1097 1579 1178 Βαρασϐατζὶ
1634 1105 1729 1155 τοῦ
1781 1098 1933 1171 Ἰϐη-

281 1209 390 1265 ρος,
450 1189 533 1263 [Ρ.
590 1191 718 1263 742]
800 1187 1060 1265 ἄρχοντες
1132 1195 1239 1245 τῶν
1302 1185 1546 1265 Ἀράϐων
1622 1190 1711 1265 ιβ’,
1751 1188 1938 1253 ἱππεῖς

279 1274 496 1351 ἔχοντες
530 1278 579 1355 φ’
609 1278 701 1331 καὶ
744 1276 1037 1351 καμήλους
1069 1280 1138 1356 φ’,
1173 1273 1407 1333 κιϐώτια
1465 1277 1728 1357 φερούσας
1780 1275 1938 1353 χίλια

278 1360 485 1421 ἔνδοθεν
546 1363 747 1443 ἔχοντα
829 1364 1141 1442 δισχιλίους
1221 1367 1472 1442 ὁπλίτας,
1524 1369 1622 1437 τήν
1679 1365 1932 1424 Ἔδεσσαν

276 1452 657 1531 κατειλήφασι,
720 1456 1014 1533 φάσκοντες
1069 1457 1142 1518 ὡς
1207 1452 1434 1532 βασιλέα
1504 1456 1712 1511 ἀπιέναι
1788 1453 1937 1531 δῶρα

283 1543 620 1616 κομίζοντες.
654 1546 755 1600 Ἦν
804 1543 861 1598 δὲ
911 1544 1091 1607 αὐτοῖς
1124 1547 1158 1615 ἡ
1189 1546 1338 1620 ὁρμὴ
1369 1542 1517 1599 ἔνδον
1563 1552 1663 1615 τῆς
1720 1542 1935 1607 πόλεως

283 1632 585 1709 εἲσαγαγεῖν
642 1633 712 1688 τὰ
770 1629 1005 1689 κιϐώτια
1083 1636 1173 1689 καὶ
1259 1634 1471 1707 νύκτωρ
1524 1635 1652 1698 τοὺς
1708 1631 1937 1696 ὁπλίτας

280 1718 531 1777 ἐκϐαλεῖν
560 1722 650 1776 καὶ
692 1728 986 1798 κατασχεῖν
1044 1724 1144 1793 τήν
1186 1718 1371 1779 πὸλιν.
1404 1724 1466 1780 Ὀ
1524 1720 1581 1777 δὲ
1639 1723 1936 1799 στρατηγὸς

274 1811 397 1874 τοὺς
429 1811 527 1884 μὲν
590 1810 862 1888 ἄρχοντας
920 1802 1272 1891 φιλοφρόνως
1330 1810 1542 1883 ἐδέξατο
1598 1814 1688 1869 καὶ
1747 1814 1936 1869 εἱστία,

2124 837 2334 892 Eodem
2368 852 2542 903 anno,
2582 834 2903 890 indictione
2934 837 3114 902 sexta,
3150 851 3355 907 parum
3408 833 3597 890 abfuit
3625 850 3698 890 ne

2046 925 2265 982 Edessa
2296 925 2426 980 dolo
2457 930 2778 997 caperetur,
2808 932 2918 980 Deo
2951 941 3022 979 ne
3045 924 3098 978 id
3126 924 3287 980 ﬁeret
3318 923 3693 996 impediente.

2044 1012 2296 1067 Praerat
2327 1012 2458 1067 urbi
2510 1012 2559 1066 ei
2610 1012 2988 1067 Barasbatzes
3040 1011 3243 1067 lberus
3291 1012 3697 1083 protospatha-

2046 1103 2189 1156 rius.
2225 1102 2516 1157 Accedunt
2547 1101 2617 1156 ad
2652 1118 2784 1156 eum
2807 1101 3024 1156 Arabes
3055 1101 3320 1172 primarii
3340 1101 3444 1155 viri
3473 1102 3537 1156 12
3558 1119 3691 1157 cum

2045 1191 2343 1262 equitibus
2373 1191 2477 1244 500
2504 1195 2557 1245 et
2580 1190 2823 1245 totidem
2851 1189 3090 1245 camelis
3111 1206 3273 1245 arcas
3296 1190 3690 1261 portantibus,

2045 1279 2103 1335 in
2137 1279 2351 1350 quibus
2375 1281 2488 1334 duo
2522 1283 2881 1334 armatorum
2902 1279 3090 1334 millia
3119 1279 3399 1346 latebant,
3420 1296 3596 1351 seque
3620 1280 3689 1334 ad

2046 1369 2455 1440 imperatorem
2515 1384 2827 1423 munerum
2889 1369 3320 1423 oﬂ‘erendorum
3376 1384 3555 1424 causa
3610 1368 3694 1424 ire

2045 1457 2230 1513 aiunt.
2266 1459 2604 1513 Statuerant
2634 1474 2767 1512 vero
2800 1457 2954 1513 arcis
2980 1457 3036 1511 in
3072 1458 3277 1513 urbem
3308 1456 3486 1513 illatis
3518 1462 3688 1513 noctu

2045 1547 2260 1603 milites
2291 1563 2555 1618 promere
2598 1552 2655 1601 et
2703 1548 2907 1601 urbem
2957 1562 3263 1618 occupare.
3314 1546 3693 1604 Barasbatzes

2045 1636 2339 1709 principes
2389 1635 2629 1691 comiter
2685 1635 2896 1706 accipit
2954 1639 3012 1690 et
3071 1635 3399 1690 convivium
3453 1636 3690 1708 praebet,

2044 1726 2272 1797 equites
2303 1729 2497 1780 tamen
2550 1731 2602 1779 et
2644 1724 3068 1796 impedimenta
3096 1724 3155 1778 in
3204 1725 3409 1779 urbem
3440 1741 3557 1780 non
3588 1726 3692 1780 ad-

2048 1814 2250 1870 mittit.
2285 1815 2451 1870 Forte
2475 1814 2714 1886 quidam
2748 1814 3062 1868 Armenius
3095 1813 3402 1870 mendicus
3433 1830 3565 1869 cum
3596 1831 3690 1869 ac-

274 1900 398 1962 τοὺς
424 1897 480 1954 δὲ
511 1900 700 1963 ἱππεῖς
732 1900 822 1955 καὶ
851 1902 949 1969 τὴν
1014 1902 1318 1973 ἀποσκευὴν
1379 1898 1569 1977 ἔξωθεν
1631 1900 1909 1967 διαιτᾶσοα

2049 1904 2319 1960 cessisset
2356 1903 2453 1958 ubi
2487 1903 2758 1959 Saraceni
2806 1902 3343 1970 commorabantur,
3377 1903 3689 1969 quemdam

272 1987 535 2047 ἐκέλευσε.
596 1988 770 2060 Πένης
833 1986 900 2045 δὲ
965 2011 1050 2053 τις
1122 1990 1406 2066 Ἀρμένιος
1477 1996 1766 2066 μεταιτῶν,
1817 1990 1938 2047 ἔνθα

273 2076 568 2147 ηὐλίζοντο
640 2080 690 2133 οἱ
762 2079 1075 2155 Σαρακηνοὶ
1154 2080 1466 2155 γενόμενος,
1506 2079 1713 2151 ἤκουσέ
1788 2102 1935 2144 τινος

272 2170 373 2221 τῶν
408 2165 464 2221 ἐν
492 2172 612 2228 τοῖς
643 2161 927 2230 κιϐωτίοις
960 2163 1105 2242 (ᾔδει
1138 2168 1241 2244 γὰρ
1290 2166 1381 2223 καί
1437 2170 1537 2239 τήν
1593 2174 1701 2224 τῶν
1758 2177 1933 2245 Σαρα-

268 2260 443 2325 κηνῶν
506 2254 821 2330 διάλεκτον)
883 2254 1250 2331 διερωτῶντός
1308 2279 1455 2320 τινος
1513 2260 1638 2313 ὅποι
1693 2260 1929 2335 πάρεισι,

268 2346 352 2398 καὶ
416 2342 644 2419 δραμὼν
706 2344 1011 2421 ἀπήγγειλε
1068 2351 1148 2419 τῷ
1209 2346 1520 2423 στρατηγῷ.
1577 2353 1631 2402 '0
1687 2345 1744 2402 δὲ
1806 2347 1933 2413 τοὺς

273 2432 544 2509 ἄρχοντας
600 2433 792 2497 ἐσθίειν
852 2434 1008 2497 ἐάσας
1087 2432 1281 2508 ἐξῆλθε
1351 2437 1469 2508 μεθ’
1529 2435 1790 2505 ὁπλιτῶν,
1839 2438 1927 2492 καὶ

273 2519 299 2576 δ
409 2523 423 2542 ι
474 2523 494 2549 ν
641 2524 652 2538 ε
754 2518 824 2548 Pr
1030 2523 1043 2542 \
1146 2524 1157 2541 η
1553 2522 1575 2545 ν
1793 2527 1805 2543 ο
1867 2527 1879 2542 ι

308 2522 565 2599 ιαρρήςας
597 2544 662 2577 τα
692 2544 926 2578 κιοωτια
958 2545 1046 2578 και
1078 2546 1205 2586 τους
1267 2524 1497 2588 ὁπλίτας
1551 2522 1700 2580 ενδον
1756 2546 1927 2600 ευρων

270 2612 504 2673 ἅπαντας
567 2609 739 2684 ἄρδην
791 2612 1060 2690 ἀπέσφαξε
1108 2613 1199 2668 σὺν
1252 2619 1369 2675 τοῖς
1417 2615 1635 2668 ἱππεῦσι
1667 2616 1753 2669 καὶ
1812 2620 1929 2677 τοῖς

267 2699 740 2773 καμηλοκόμοις’
799 2700 912 2755 εἶτα
988 2700 1124 2775 πρὸς
1197 2704 1296 2771 τὴν
1365 2701 1528 2757 πόλιν
1590 2704 1929 2779 ὑποστρέψας

2048 2010 2249 2049 eorum
2281 1993 2378 2064 qui
2410 1992 2468 2047 in
2519 1992 2668 2048 arcis
2716 1992 2980 2047 latebant
3011 1991 3175 2047 audit
3220 1991 3463 2046 ubinam
3496 1996 3694 2048 essent

2046 2087 2397 2155 quaerentem
2430 2082 2587 2154 (nam
2618 2098 2820 2137 eorum
2853 2080 3112 2153 linguam
3138 2080 3350 2152 norat),
3370 2080 3692 2153 statimque

2046 2173 2118 2227 ad
2150 2172 2314 2226 urbis
2348 2172 2685 2244 praefectum
2732 2186 3043 2225 accurrens
3075 2170 3221 2227 521
3261 2169 3314 2223 id
3351 2169 3601 2224 nuntiat.
3634 2170 3689 2225 Is

2043 2259 2103 2314 in
2137 2260 2399 2315 convivio
2448 2258 2663 2314 relictis
2697 2258 3063 2331 principibus
3110 2274 3241 2313 cum
3290 2259 3414 2313 suis
3446 2259 3690 2314 armatis

2042 2349 2177 2420 exit,
2211 2349 2571 2420 direptisque
2618 2348 2771 2402 arcis
2814 2348 3080 2403 inventos
3125 2352 3445 2403 Saracenos
3477 2346 3688 2404 milites

2042 2440 2112 2493 ad
2145 2454 2327 2493 unum
2365 2454 2568 2493 omnes
2601 2454 2719 2491 una
2749 2453 2880 2491 cum
2910 2436 3210 2507 equitibus
3242 2440 3297 2491 et
3329 2436 3685 2508 agasonibus

2039 2528 2269 2583 occidit.
2288 2527 2428 2581 Inde
2451 2526 2505 2579 in
2526 2526 2726 2581 urbem
2751 2541 3021 2580 reversus
3034 2526 3102 2580 de
3117 2524 3479 2596 principibus
3500 2541 3682 2578 unum

2036 2614 2667 2689 praecipuum,reliquis
2690 2614 3335 2684 interfectis,manibus,
3359 2613 3599 2668 auribus
3618 2630 3684 2668 ac

2040 2721 2182 2760 naso
2198 2705 2786 2775 mutila,domumque
2801 2702 2877 2758 rei
2892 2710 3067 2775 gestae
3083 2703 3343 2757 nuntium
3358 2718 3489 2757 eum
3511 2701 3689 2757 mittit

264 2789 391 2853 τοὺς
442 2790 539 2862 μὲν
592 2785 785 2844 ἕνδεκα
829 2794 936 2844 τῶν
987 2789 1269 2865 ἀρχόντων
1321 2792 1649 2863 ἀπέκτεινεν,
1682 2790 1774 2848 ἕνα
1807 2790 1865 2847 δὲ
1892 2794 1982 2848 τὸν
2014 2792 2291 2868 κρείττονα
2322 2789 2547 2868 ἄγγελον
2574 2795 2679 2846 τῶν
2716 2790 3016 2867 γεγονότων
3050 2790 3132 2845 ἐπ’
3164 2789 3315 2845 οἷ’κου
3349 2787 3682 2862 ἀπέστειλεν,

270 2876 558 2952 ἀποτεμὼν
592 2882 782 2954 χεῖρας
808 2878 953 2950 αὐτῷ
981 2877 1069 2932 καὶ
1101 2881 1212 2934 ὦτα
1240 2880 1328 2934 καὶ
1362 2880 1500 2958 ῥῖνα.

335 2972 418 3040 Τῷ
480 2965 540 3022 δὲ
599 2972 775 3045 ,ςφμζ
832 2964 960 3037 ἔτει,
1015 2965 1353 3032 ίνδικτιῶνος
1412 2972 1471 3039 ζ’,
1529 2969 1807 3026 ἐπιτείνων
1860 2972 1922 3026 τὸ

268 3056 397 3128 πρὸς
447 3056 541 3110 τὸν
608 3055 958 3127 Δαλασσηνὸν
1016 3051 1182 3132 ἔχθος
1235 3058 1262 3112 ὁ
1295 3057 1551 3130 Ἰωάννης
1613 3059 1921 3134 ὑπερορίζει

270 3144 353 3199 καὶ
382 3146 665 3220 Θεοφάνην
699 3144 979 3221 πατρίκιον
1030 3147 1122 3200 τὸν
1175 3143 1409 3222 ἀδελφὸν
1469 3147 1774 3216 aurci},qu
1828 3148 1920 3202 τὸν

268 3229 443 3309 ἓτερον
509 3231 749 3311 ἀδελφὸν
810 3235 979 3289 αὐτοῦ
1035 3236 1124 3315 τὸν
1175 3235 1460 3308 πατρίκιον
1514 3236 1803 3309 Ῥωμανὸν,
1834 3236 1924 3291 καὶ

259 3320 544 3399 Ἀδριανὸν
614 3324 720 3378 τὸν
781 3324 999 3397 ἀνεψιὸν
1056 3322 1221 3378 αὐτοῦ
1269 3323 1509 3387 καὶτοὺς
1540 3323 1769 3388 λοιποὺς
1801 3325 1925 3388 τοὺς

2105 2975 2269 3028 Anno
2303 2972 2507 3028 mundi
2537 2972 2698 3041 6547,
2725 2971 3044 3027 indictione
3072 2971 3127 3039 7,
3150 2971 3407 3027 Joannes
3430 2974 3598 3026 aucto
3624 2970 3683 3024 in

2032 3060 2421 3117 Dalassenum
2454 3061 2587 3117 odio
2632 3060 3047 3132 Theophanem
3081 3074 3314 3132 quoque
3346 3058 3683 3131 patricium,

2034 3150 2269 3205 fratrem
2314 3151 2463 3220 ejus,
2498 3154 2555 3205 et
2601 3148 2851 3204 alterum
2901 3150 3028 3219 ejus
3060 3147 3297 3203 fratrem
3349 3147 3683 3219 patricium,

2036 3240 2387 3305 Romanum,
2447 3242 2503 3293 et
2560 3237 2880 3310 patruelem
2937 3235 3259 3292 Adrianum
3310 3235 3687 3307 reliquosque

2035 3328 2402 3401 propinquos
2423 3328 2550 3398 ejus
2575 3326 3016 3398 relegat,totum
3040 3327 3169 3395 ejus
3190 3341 3376 3397 genus
3399 3324 3685 3396 cupiense

264 3412 393 3466 κατὰ
445 3412 609 3487 γένος
673 3411 821 3485 αὐτῷ
899 3411 1247 3487 ἐγγίζοντας·
1311 3410 1531 3469 ἔσπευδε
1594 3414 1695 3491 γὰρ
1753 3412 1909 3490 ἄρδην

2049 3417 2223 3473 nedio
2253 3416 2476 3472 tollere.
2514 3417 2582 3473 Ut
2613 3420 2806 3471 autem
2840 3420 2966 3471 erat
2997 3416 3069 3469 ad
3094 3431 3328 3469 omnem
3362 3412 3685 3484 nequitiam

265 3499 509 3578 ἀφανίσαι
564 3501 629 3556 τὸ
675 3500 823 3575 γένος
881 3500 1066 3565 αὐτοῦ.
1101 3501 1494 3578 Ποριμώτατος
1540 3500 1596 3558 δὲ
1653 3502 1727 3557 ὣν
1786 3503 1925 3578 πρὸς

271 3588 333 3657 ἢν
384 3586 443 3645 ἄν
499 3611 588 3652 τις
649 3586 790 3645 εἷ’ποι
849 3590 1064 3661 κακίαν,
1121 3598 1292 3646 πᾶσαν
1356 3592 1571 3669 ἐφεῦρεν
1631 3590 1753 3648 ὁδὸν
1815 3591 1925 3647 ἀδι·

270 3678 405 3746 κίας,
451 3680 713 3756 προσθεὶς
773 3678 1019 3735 ἐπέκεινα
1078 3685 1183 3734 τῶν
1244 3678 1529 3754 δημοσίων
1576 3681 1920 3754 τελεσμάτων

273 3764 474 3823 διδόναι
526 3765 753 3823 ἕκαστον
812 3774 919 3823 τῶν
982 3770 1204 3846 χωρίων
1256 3771 1387 3845 ὑπὲρ
1433 3770 1651 3847 ἀερικοῢ
1684 3774 1758 3845 (9)
1790 3772 1925 3826 κατὰ

264 3857 361 3925 τήν
416 3858 691 3928 ποιότητα
729 3857 818 3912 καὶ
881 3857 1040 3934 ἰσχὺν
1101 3857 1296 3928 αὐτῶν,
1328 3863 1407 3932 τῷ
1467 3860 1561 3932 μὶν
1613 3859 1923 3934 νομίσματα

264 3943 509 4019 τέσσαρα,
545 3949 626 4017 τῷ
656 3942 714 4000 δὲ
743 3944 797 4017 ’ἐξ
830 3945 960 4021 ἄχρι
1010 3951 1119 4001 τῶν
1178 3944 1373 4017 εἷ’κοσι,
1404 3948 1494 4003 καὶ
1554 3947 1760 4011 ἄλλους
1816 3949 1922 4003 πό-

272 4053 393 4107 ρους
443 4034 712 4110 αἷσχροὺς
755 4040 852 4090 τοῦ
898 4033 1194 4113 κερδαλὲου
1253 4038 1438 4112 χάριν,
1474 4036 1563 4100 οὓς
1612 4038 1701 4093 καὶ
1756 4060 1922 4094 κατα-

271 4120 438 4198 λέγειν
488 4123 751 4199 αἰσχύνη.
785 4125 848 4182 Ὁ
909 4123 966 4179 δὶ
1029 4123 1285 4200 βασιλεὺς
1334 4127 1783 4201 κατατεινόμενος
1816 4127 1920 4183 ὐπὸ

267 4215 362 4265 τοῦ
419 4210 684 4286 δαίμονος
738 4213 827 4267 καὶ
891 4214 965 4287 μή
1022 4213 1284 4290 εὑρίσκων
1332 4213 1656 4289 ἐλευθερίαν,
1682 4211 1917 4291 ἔπεμψεν

270 4297 317 4353 ἐν
379 4306 506 4356 πᾶσι
566 4305 688 4362 τοῖς
744 4302 937 4375 θίμασι
983 4302 1075 4357 καὶ
1133 4302 1187 4358 ἐν
1242 4309 1361 4366 ταῖς
1415 4306 1605 4376 νήσοις
1642 4311 1758 4361 τοῖς
1823 4307 1917 4379 μὲν

265 4384 650 4465 πρεσϐυτέροις
682 4390 775 4444 ἀνὰ
831 4390 1147 4464 νομίσματα
1206 4389 1326 4462 δύο,
1357 4399 1475 4455 τοῖς
1531 4391 1589 4448 δὲ
1650 4378 1920 4469 μοναχοῖς

269 4476 361 4532 ἆνᾶ
438 4479 685 4551 νόμισμα
755 4475 832 4535 ἐν.
888 4474 1175 4550 Ἐϐάπτιζε
1233 4483 1345 4555 (10)
1416 4481 1473 4536 δὲ
1551 4483 1639 4537 καὶ
1724 4480 1922 4548 παῖδας

268 4564 582 4642 ἄρτιγενεῖς,
646 4564 827 4629 διδοὺς
901 4568 1000 4622 ἀνὰ
1056 4571 1301 4643 νόμισμα
1355 4569 1409 4625 ἓν
1468 4571 1557 4626 καὶ
1613 4570 1919 4648 μιλιαρίσια

271 4654 517 4732 τέσσαρα.
564 4654 723 4713 ’Λλλ⁹
756 4654 908 4712 οὐδὲν
964 4657 1169 4713 τούτων
1222 4656 1425 4730 ὤνησεν
1486 4662 1668 4716 αὐτόν’
1707 4660 1919 4734 μᾶλλον

2032 3505 2474 3570 callidissimus,
2536 3506 2616 3560 ita
2666 3504 2922 3575 injustas
2972 3503 3378 3574 conquirenda
3425 3500 3683 3573 pecunite

2033 3594 2250 3649 multas
2280 3594 2610 3649 inveniebat
2653 3593 2929 3648 rationes.
2980 3593 3125 3647 Nam
3159 3591 3311 3645 ultra
3354 3589 3547 3662 priora
3576 3589 3680 3643 tri-

2030 3684 2191 3752 buta,
2227 3684 2295 3738 de
2326 3683 2532 3755 quovis
2564 3682 2774 3754 praedio
2821 3682 3007 3737 aerarii
3039 3681 3163 3736 loco
3198 3680 3322 3734 dari
3345 3680 3529 3749 jussit
3576 3694 3679 3749 pro

2032 3772 2256 3827 ratione
2287 3771 2524 3827 habitus
2556 3772 2587 3825 4
2618 3775 2718 3826 aut
2738 3772 2773 3824 6
2805 3775 2862 3825 et
2887 3786 3073 3841 usque
3103 3770 3173 3823 ad
3202 3769 3274 3822 20
3304 3767 3679 3835 nomismata,

2028 3861 2293 3933 aliosque
2340 3865 2541 3932 turpes
2587 3865 2847 3931 quaestus
2896 3858 3130 3930 reperit,
3163 3857 3437 3927 indignos
3470 3855 3675 3912 relatu.

2028 3950 2267 4007 Interim
2303 3951 2619 4021 imperator
2648 3967 2680 4004 a
2719 3949 2980 4003 daemone
3031 3950 3239 4013 tortus,
3276 3962 3407 4000 cum
3444 3962 3557 4000 non
3590 3945 3677 4000 in-

2029 4039 2255 4095 veniret
2311 4037 2687 4108 laxationem,
2749 4038 2806 4091 in
2866 4052 3064 4092 omnes
3131 4034 3456 4107 provincias
3505 4038 3678 4106 atque

2027 4128 2256 4184 insulas
2288 4127 2448 4182 misit
2480 4127 2857 4199 presbyteriis
2879 4124 3132 4198 singulis
3154 4125 3269 4179 duo
3300 4122 3675 4191 nomismata,

2029 4216 2336 4273 monachis
2395 4234 2599 4271 unum.
2654 4215 2802 4283 Quin
2857 4220 2913 4271 et
2963 4231 3165 4270 recens
3209 4216 3381 4269 natos
3423 4212 3677 4269 infantes

2028 4307 2383 4379 baptizabat,
2435 4306 2494 4360 in
2544 4306 2809 4376 singulos
2859 4305 3006 4359 dans
3055 4318 3361 4358 nummum
3413 4318 3591 4357 unum
3621 4306 3678 4357 et

2028 4401 2282 4467 quatuor
2329 4394 2654 4449 miliarisia.
2706 4394 2813 4449 Sed
2870 4392 3019 4448 nihil
3066 4392 3276 4448 horum
3316 4391 3367 4447 ei
3415 4390 3671 4464 profuit;

2027 4483 2333 4555 magisque
2365 4482 2707 4537 intendebat
2755 4498 2816 4536 se
2865 4479 3110 4552 malum,
3143 4480 3451 4535 accedente
3493 4479 3670 4533 etiam

2026 4572 2305 4644 hydrope.
2341 4572 2555 4625 Eodem
2588 4575 2849 4642 tempore
2894 4571 3046 4627 522
3089 4574 3259 4624 terras
3288 4570 3484 4622 motus
3514 4566 3675 4623 fuere

2028 4661 2287 4717 continui
2321 4665 2377 4715 et
2406 4660 2778 4716 vehementes
2826 4660 3104 4713 imbrium
3138 4655 3571 4712 inundationes.
3605 4655 3674 4709 Et

268 4745 362 4819 γὰρ
393 4744 691 4801 ἐπετείνετο
728 4746 793 4801 τὸ
830 4748 1015 4816 κακὸν,
1050 4744 1552 4822 συνεπιλαϐομὲνης
1608 4749 1698 4803 καὶ
1756 4751 1909 4806 νόσου

2051 4768 2083 4804 n
2123 4749 2477 4820 quibusdam
2529 4749 2842 4821 provinciis
2876 4749 3130 4803 obtinuit
3177 4746 3403 4818 angiraa
3453 4743 3672 4800 canina:

265 4829 595 4907 ὑδρωπικῆς.
656 4834 803 4891 Κατᾶ
859 4841 1050 4891 τοῦτον
1118 4838 1209 4892 τὸν
1287 4838 1487 4914 χρόνον
1543 4839 1633 4893 καὶ
1693 4842 1909 4913 σεισμοὶ

262 4923 499 4997 γεγόνασι
564 4930 808 5000 συνεχεῖς
874 4925 964 4980 καὶ
1038 4920 1262 5003 ὄμϐρων
1340 4925 1620 4992 ἐπίκλυσις
1682 4928 1907 5007 σφοδρά.

2024 4840 2285 4908 morbus,
2320 4840 2400 4895 ita
2425 4843 2490 4894 ut
2520 4838 2629 4894 vivi
2662 4838 2915 4894 mortuis
2947 4836 3254 4893 efferendis
3286 4851 3400 4889 non
3435 4834 3673 4889 sufﬁce-

2020 4933 2169 4984 rent.

262 5009 623 5086 Ἐπεκράτησε
680 5011 738 5069 δὲ
788 5014 878 5069 καὶ
937 5010 988 5070 ἕν
1048 5036 1157 5070 τισι
1210 5020 1318 5071 τῶν
1361 5016 1605 5091 θεμάτων
1636 5017 1701 5072 τὸ
1728 5024 1827 5089 τῆς
1856 5016 2139 5093 κυνάγχης
2168 5012 2409 5091 νόσημα,
2439 5015 2514 5080 ὡς
2542 5012 2821 5070 ἀδυνατεῖν
2852 5012 2977 5076 τοὺς
3011 5015 3213 5083 ζῶντας
3271 5009 3510 5090 ἐκφέρειν
3542 5007 3671 5072 τοὺς

263 5104 573 5162 τεθνεῶτας.

1448 5204 1819 5260 XYLANDRI
1859 5205 1948 5261 ET
1989 5180 2210 5261 GOARI
2249 5205 2479 5261 Nom.

332 5296 407 5373 (9)
435 5297 583 5365 Quid
611 5298 687 5355 sit
712 5296 966 5373 Αᾶερικόν,
996 5301 1151 5371 quod
1202 5301 1494 5372 aerarium,
1546 5303 1789 5358 verbum
1835 5303 1906 5359 de

258 5368 448 5445 verbo,
472 5370 747 5445 expressi,
772 5368 889 5445 non
916 5368 1218 5445 assequar,
1238 5377 1294 5428 et
1324 5368 1775 5445 quid'ponderis
1801 5380 1904 5430 aut

259 5440 618 5515 nomismatis
648 5442 759 5498 hoc
790 5442 1027 5515 signum
1062 5440 1085 5503 ξ
1113 5440 1366 5500 denotet.
1400 5440 1544 5501 Χγί..

325 5508 624 5586 (10)ΑΝοιι,
675 5508 1217 5586 ρυῑοξὸαριὶκαὺαὶ,
1263 5517 1363 5573 sed
1417 5519 1488 5572 de
1537 5532 1699 5572 sacro
1744 5516 1903 5571 fonte

260 5583 631 5664 suspipiebat,
678 5583 837 5657 quod
886 5583 1123 5664 pietatis
1171 5583 1287 5664 non
1338 5594 1702 5664 postremum
1752 5604 1902 5659 opus

257 5653 564 5726 judicabat,
593 5653 774 5729 eoque
804 5674 867 5715 se
886 5653 921 5714 ξι
941 5659 1057 5717 Deo
1079 5653 1395 5719 sanitatem
1424 5653 1895 5733 redempturam.

2013 5304 2079 5358 Id
2110 5302 2300 5358 obiter
2329 5302 2657 5358 notandum
2690 5301 2849 5371 duxi,
2884 5302 2941 5357 in
2973 5301 3082 5357 hoc
3112 5303 3171 5357 et
3201 5297 3470 5371 sequenti
3502 5297 3670 5355 valde

2015 5374 2203 5429 multa
2227 5391 2356 5430 esse
2389 5392 2503 5428 non
2530 5374 2674 5429 satis
2696 5372 3123 5428 consentientia
3144 5372 3296 5443 apud
3324 5375 3589 5426 nostrum
3614 5378 3672 5427 et

2011 5447 2315 5501 Zonaram.
2368 5447 2473 5501 Sed
2509 5446 2648 5517 quia
2701 5450 2946 5517 uterque
2987 5445 3111 5517 jam
3143 5444 3201 5498 in
3253 5443 3528 5517 manibus
3559 5443 3669 5498 erit

2013 5518 2341 5587 hominum,
2369 5512 2635 5574 nostr—um
2661 5534 2775 5573 non
2805 5512 2893 5573 est
2914 5512 3070 5574 ea'in
3102 5516 3210 5572 has
3240 5515 3471 5571 chartas
3502 5512 3665 5585 inge-

2011 5606 2158 5646 rere.
2192 5591 2327 5645 Χγι.
