3972 6146
254 317 369 377 255

1598 314 1912 375 GEORGII
1957 312 2295 374 CEDRENI

3539 316 3654 375 256

322 453 489 509 Anno
536 449 698 519 6548,
751 448 1069 507 indictione
1114 451 1168 518 8,
1223 448 1443 506 mensis
1500 448 1798 507 Februarii
1839 450 1895 518 2,

2083 439 2460 522 Φεϐρουαρίου
2520 443 2579 502 δὲ
2641 445 2812 521 μηνὸς
2876 446 2940 523 β’,
2997 442 3335 509 ἰνδικτιῶνος
3394 452 3463 518 η’,
3508 442 3658 511 ἔτους

249 541 526 598 terribilis
560 542 668 596 fuit
698 546 1089 610 terrmmotus,
1123 547 1179 597 et
1226 559 1359 597 cum
1389 541 1501 597 alia
1534 541 1659 597 loca
1690 541 1895 596 urbes-

246 648 359 703 que
393 631 619 699 al'flixit,
653 634 779 685 tum
831 636 1087 703 Smyrnae
1140 632 1250 686 fuit
1295 630 1628 686 miserabile
1670 634 1895 702 specta-

248 719 470 788 culum,
506 718 778 790 collapsis
823 719 1237 791 pulcherrimis
1271 721 1397 791 ejus
1428 719 1712 790 aediﬁciis,
1744 720 1898 775 mul-

249 810 330 864 tis
361 808 819 864 inhabitantium
854 809 1149 881 oppressis
1180 810 1371 865 ruina.

320 1026 604 1081 Caeterum
637 1024 754 1079 dux
785 1023 1263 1095 Carthaginensis
1304 1023 1624 1095 resumptis
1653 1023 1901 1091 viribus,

248 1114 625 1184 exercituque
678 1112 858 1167 multo
909 1130 1085 1184 quam
1137 1118 1270 1168 ante
1311 1115 1532 1183 majore
1581 1117 1900 1182 contracto,

249 1220 485 1258 rursum
524 1201 782 1257 Siciliam
820 1204 963 1273 petit
1011 1208 1068 1257 et
1120 1203 1438 1258 Maniacem
1488 1202 1775 1273 expellere
1806 1218 1901 1255 co-

248 1298 461 1361 natur;
494 1292 822 1361 castrisque
848 1291 905 1344 in
934 1292 1149 1362 supina
1167 1292 1423 1362 quadam
1442 1297 1500 1346 et
1529 1296 1728 1362 aperta
1755 1290 1900 1362 posi-

246 1382 326 1437 tis
357 1380 622 1453 planitie,
657 1380 751 1434 cui
801 1396 1014 1434 nomen
1061 1381 1346 1449 Draginze,
1379 1381 1449 1435 de
1498 1381 1900 1451 opportunita-

249 1472 410 1526 tibus
443 1469 523 1524 rei
572 1470 840 1539 gerendze
892 1469 1126 1540 cogitat.
1179 1469 1296 1523 Hoc
1337 1470 1567 1541 cognito
1615 1467 1903 1523 Maniaces

252 1576 391 1616 suos
449 1557 500 1613 ei
549 1557 777 1612 obviam
830 1558 1008 1626 ducit,
1066 1559 1342 1613 mandato
1398 1559 1560 1629 prius
1606 1557 1902 1628 Stephano

254 1649 521 1721 patricio,
556 1647 773 1702 sororis
804 1646 1177 1718 imperatoris
1230 1647 1441 1703 marito
1492 1652 1548 1702 et
1578 1645 1805 1712 classis,
1842 1649 1905 1699 ut

254 1737 534 1800 diximus,
579 1738 865 1807 praefecto,
898 1741 961 1791 ut
1009 1735 1317 1807 diligenter
1348 1753 1509 1791 oram
1543 1735 1902 1791 maritimam

2006 538 2209 614 5?}173',
2259 538 2449 612 γέγονε
2514 537 2735 611 σεισμὸς
2795 534 3099 615 φρικώδης,
3154 537 3244 592 καὶ
3309 534 3502 592 ἔπαθον
3566 538 3657 610 μὲν

2005 625 2095 681 καὶ
2154 623 2318 681 ἄλλοι
2379 626 2539 681 τόποι
2598 628 2686 681 καὶ
2744 626 2959 695 πόλεις,
2994 626 3196 701 ἐγένετο
3256 623 3312 681 δὲ
3367 628 3402 695 ἡ
3439 625 3663 699 Σμύρνα

2008 713 2237 769 ἐλεεινὸν
2298 714 2492 788 θέαμα,
2525 717 2936 772 καταπεσόντων
2994 720 3104 771 τῶν
3162 713 3475 772 καλλίστων
3506 716 3658 770 οἷκο-

2011 802 2349 878 δομημάτων
2381 804 2547 875 αὐτῆς
2577 807 2665 861 καὶ
2723 804 2969 867 πολλοὺς
3016 810 3123 860 τῶν
3185 805 3489 880 οἰκητόρων
3531 805 3660 861 ἀνα-

2010 890 2303 949 λωσάντων
2320 937 2331 953 .

2084 1022 2167 1093 [Ρ.
2216 1022 2343 1091 743]
2393 1020 2478 1077 Ἐν
2542 1017 2599 1075 δὲ
2650 1019 2875 1093 Σικελίᾳ
2923 1016 3207 1076 ἀναλαϐὼν
3253 1020 3419 1076 πάλιν
3480 1022 3667 1075 ἑαυτὸν

2013 1110 2041 1164 6
2100 1107 2501 1185 Καρχηδόνιος,
2556 1110 2645 1164 καὶ
2705 1107 2931 1182 δύναμιν
2994 1106 3191 1181 πολλῷ
3272 1108 3493 1182 μείζονα
3564 1118 3667 1179 τῆς

2011 1199 2278 1273 προτέρας
2328 1199 2606 1274 ἀθροίσας,
2645 1195 2865 1274 ἔρχεται
2906 1199 3042 1274 πρὸς
3096 1196 3349 1254 Σικελίαν
3398 1200 3487 1253 τὸν
3547 1201 3668 1256 Μοι-

2012 1288 2199 1353 νιάκην
2263 1287 2463 1341 ἐκεῖθεν
2542 1286 2854 1359 ἐξωθήσων.
2913 1287 3011 1342 Καὶ
3073 1285 3671 1362 στρατοπεδευσάμενος

2012 1371 2064 1430 ἕν
2117 1398 2223 1429 τινι
2276 1373 2490 1430 πεδιάδι
2554 1376 2715 1447 ὑπτίᾳ
2775 1377 2863 1430 καὶ
2920 1377 3337 1450 ἀναπεπταμένῃ
3392 1378 3675 1451 (Δραγῖνοι

2012 1468 2047 1534 ἡ
2080 1462 2267 1527 πεδιάς
2298 1463 2566 1537 ἐκαλεῖτο)
2600 1464 2980 1540 έκαιροσκόπει
3039 1465 3128 1519 τὸν
3192 1464 3459 1538 πόλεμον.
3492 1468 3669 1523 Τοῦτο

2014 1551 2071 1609 δὲ
2113 1555 2299 1625 μαθὼν
2347 1554 2373 1606 6
2429 1554 2731 1623 Μανιάκης,
2785 1551 2914 1628 ἄρας
2962 1552 3057 1615 τὰς
3113 1553 3237 1627 περὶ
3296 1553 3452 1608 αὐτὸν
3511 1551 3672 1608 δυνα-

2016 1664 2155 1714 μεις,
2219 1641 2560 1714 ὑπαντιάζει,
2621 1640 2924 1714 ἐπισκήψας
2999 1641 3262 1718 πρότερον
3340 1648 3420 1714 τῷ
3470 1663 3675 1717 πατρι-

2011 1732 2117 1803 κίῳ
2152 1732 2407 1807 Στεφάνῳ
2436 1735 2516 1803 τῷ
2557 1735 2654 1785 τοῦ
2707 1729 2972 1806 βασιλέως
3003 1726 3261 1807 γαμϐρῷ,
3289 1736 3387 1786 τοῦ
3444 1731 3672 1798 στόλου,

255 1827 649 1892 custodiat,ne
667 1824 985 1880 commissa
1008 1841 1205 1901 pugna
1227 1827 1464 1897 fugatus
1487 1824 1904 1895 Carthaginen-

2044 1824 2090 1882 ἀς
2137 1818 2384 1892 εἷὲτομεν,
2418 1818 2667 1895 ἄρχοντι,
2696 1820 2951 1898 ἀσφαλῶς
2997 1826 3182 1895 τηρεῖν
3230 1823 3329 1890 τήν
3375 1820 3678 1893 παράλιον,

254 1917 338 1972 sis
370 1915 569 1969 furtim
603 1915 843 1969 domum
876 1915 1063 1984 possit
1097 1915 1414 1986 perfugere.
1440 1913 1768 1969 Commissa
1799 1929 1902 1982 pu-

258 2022 392 2077 gna,
410 2004 618 2073 ingens
646 2004 795 2057 facta
818 2002 1367 2074 Carthaginensium
1394 2001 1908 2074 strages,cassique

258 2094 411 2148 ultra
438 2092 636 2147 50000.
692 2092 817 2146 Dux
848 2092 974 2162 ipse
1022 2108 1052 2146 e
1104 2092 1298 2162 praelio
1349 2091 1585 2163 elapsus
1636 2092 1706 2145 ad
1739 2091 1908 2144 littus

259 2182 546 2255 pervenit,
580 2197 1019 2251 conscensoque
1042 2180 1232 2235 lembo
1265 2180 1609 2235 custodibus
1631 2179 1909 2250 Stephani

260 2288 377 2327 non
426 2269 1023 2325 animadvertentibus
1070 2271 1311 2324 domum
1361 2270 1564 2324 evasit.
1596 2268 1911 2339 ngerrime

266 2359 376 2414 hoc
408 2358 548 2413 tulit
576 2357 890 2427 Maniaces,
922 2358 1401 2429 Stephanumque
1432 2359 1584 2415 523
1617 2362 1687 2411 ad
1723 2374 1785 2411 se
1816 2373 1909 2411 ve-

269 2449 525 2502 nientem
585 2446 859 2501 conviciis
914 2446 1238 2502 insectatus
1293 2452 1402 2512 est,
1464 2453 1523 2501 et
1569 2446 1915 2502 seiromasta

270 2536 501 2591 sublato
560 2534 784 2606 aliquot
841 2535 899 2588 in
957 2540 1135 2606 caput
1183 2536 1311 2605 ejus
1360 2534 1563 2606 plagas
1611 2534 1913 2605 imposuit,

272 2625 574 2681 socordem
606 2641 738 2679 eum
775 2624 1076 2695 appellans
1108 2629 1164 2678 et
1202 2624 1601 2679 effeminatum
1635 2641 1700 2679 ac
1732 2624 1915 2694 impe-

271 2714 482 2769 ratoris
541 2714 984 2768 commodorum
1036 2713 1408 2784 proditorem.
1458 2716 1529 2768 At
1580 2712 1914 2784 Stephanus

267 2801 680 2858 contumeliam
714 2802 865 2856 hanc
896 2819 1011 2856 non
1035 2818 1405 2872 concoquens
1424 2818 1557 2856 mox
1586 2803 1656 2856 ad
1690 2801 1913 2873 Orpha-

269 2890 598 2962 notrophon
643 2889 866 2945 litteras
914 2890 1033 2959 dat,
1092 2890 1435 2961 signiﬁcans
1479 2891 1797 2945 Maniacem
1828 2908 1921 2946 res

279 2997 458 3034 novas
490 2978 680 3033 moliri
702 2979 982 3033 adversus
1015 2980 1446 3050 imperatorem.
1481 2980 1681 3051 Itaque
1702 2981 1922 3035 Mania-

277 3084 374 3125 ces
425 3068 625 3123 statim
677 3067 942 3139 captivus
989 3068 1299 3123 adducitur
1348 3070 1713 3141 Byzantium,
1766 3073 1822 3123 et
1866 3068 1924 3123 in

2023 1911 2097 1982 μή
2128 1930 2245 1970 πως
2277 1906 2525 1980 πολέμου
2557 1910 2911 1983 κρατηθέντος
2954 1909 3179 1983 τραπεὶς
3210 1911 3237 1963 ὁ
3295 1907 3675 1984 Καρχηδόνιος

2018 1997 2156 2071 λάθῃ
2188 1995 2407 2073 διαδρὰς
2450 1996 2539 2052 καὶ
2589 1995 2773 2052 οἷ’καδε
2818 1997 3212 2071 παλινοστήσῃ.
3246 1999 3346 2056 Καὶ
3408 1996 3475 2068 δὴ
3536 2021 3676 2072 συμ-

2018 2084 2204 2143 ϐαλὼν
2237 2088 2489 2163 τρέπεται
2519 2093 2708 2142 τοῦτον
2762 2087 2862 2141 ἀνά
2914 2087 3133 2159 κράτος.
3166 2089 3273 2143 Καὶ
3330 2087 3515 2142 πίπτει
3579 2090 3677 2161 μὲν

2016 2182 2123 2231 τῶν
2157 2179 2374 2254 ’Ἄφρων
2430 2175 2645 2246 πλῆθος
2707 2177 2839 2253 ὑπὲρ
2885 2179 2981 2239 τὰς
3013 2184 3055 2232 ν’
3085 2174 3367 2251 χιλιάδας,
3400 2177 3558 2239 αὐτὸς
3620 2175 3682 2231 δὲ

2020 2267 2047 2320 6
2074 2265 2280 2320 τούτων
2315 2264 2501 2341 ἄρχων
2538 2263 2761 2338 διαδρὰς
2810 2266 2901 2320 τὸν
2953 2264 3201 2321 κίνδυνον
3264 2264 3482 2342 ἔρχεται
3515 2266 3567 2321 ὲν
3598 2272 3686 2338 τῷ

2022 2354 2260 2430 αἰγιαλῷ
2315 2356 2404 2408 καὶ
2464 2355 2707 2427 κελητίῳ
2768 2350 2958 2419 ἐπιϐὰς
3014 2356 3103 2410 καὶ
3154 2356 3248 2417 τὰς
3276 2360 3372 2410 τοῦ
3406 2358 3685 2433 Στεφάνου

2023 2444 2204 2508 λαθὼν
2264 2443 2505 2521 φυλακὰς
2556 2442 2821 2518 ἀπέδρασε
2878 2446 3015 2519 πρὸς
3089 2447 3187 2515 τὴν
3252 2442 3389 2499 ἰδίαν
3465 2445 3684 2521 χώραν.

2021 2534 2195 2608 ’Ὁπερ
2248 2534 2431 2605 μαθὼν
2486 2534 2513 2587 6
2565 2532 2843 2603 Μανιάκης
2899 2532 2952 2587 ἐν
3012 2531 3171 2606 δεινῷ
3210 2555 3268 2589 τε
3298 2532 3559 2603 ἐποιεῖτο,
3589 2534 3687 2589 καὶ

2026 2622 2117 2676 τὸν
2154 2623 2422 2698 Στέφανον
2484 2622 2825 2695 συμμίξαντα
2879 2621 3058 2695 τούτῳ
3109 2618 3292 2698 ὕϐρεσί
3346 2644 3405 2678 τε
3458 2623 3690 2688 ἀτόποις

2028 2709 2324 2765 κατέκλυσε
2379 2708 2475 2765 καῖ
2529 2711 2619 2766 τὸν
2680 2711 3042 2787 σειρομάστην
3114 2712 3383 2773 ἀνατείνας
3464 2706 3687 2767 ἔπαισεν

2032 2798 2192 2853 αὐτὸν
2252 2800 2388 2853 κατά
2431 2806 2531 2868 τῆς
2590 2798 2833 2874 κεφαλῆς
2881 2800 2979 2855 οὐκ
3012 2800 3217 2875 ὀλίγας,
3252 2802 3489 2878 ῥᾴθυμον
3549 2805 3689 2858 ἁπο-

2032 2886 2216 2942 καλῶν
2250 2887 2338 2942 καὶ
2374 2885 2632 2964 ἄνανδρον
2692 2888 2782 2943 καὶ
2838 2893 2948 2944 τῶν
2978 2894 3075 2945 τοῦ
3112 2891 3379 2965 βασιλέως
3406 2891 3688 2969 προδότην

2032 2978 2391 3051 πραγμάτων.
2452 2978 2514 3034 Ὁ
2575 2975 2632 3032 δὲ
2691 2980 2766 3051 μὴ
2819 2977 3051 3053 ἐνεγκὼν
3112 2981 3344 3055 μετρίως
3392 2984 3484 3037 τὸν
3541 3003 3651 3059 προ

2035 3065 2385 3139 πηλακισμὸν
2445 3066 2534 3120 καὶ
2591 3067 2691 3134 τήν
2750 3062 2903 3143 ὕϐριν
2957 3070 3252 3145 γράμματα
3280 3071 3484 3143 πέμπει
3542 3072 3689 3146 ταχὺ

277 3174 564 3214 carcerem
613 3157 925 3228 conjicitur
974 3175 1105 3213 cum
1160 3158 1373 3213 Basilio
1425 3158 1671 3229 patricio
1730 3157 1917 3212 Theo-

2044 3155 2173 3229 πρὸς
2195 3155 2286 3209 τὸν
2318 3154 2747 3232 ὀρφανοτρόφον,
2783 3156 3062 3229 μηνύοντα
3115 3158 3189 3221 ὡς
3246 3158 3538 3215 ἀπόστασιν
3600 3160 3687 3231 εἴη

275 3249 583 3302 dorocano.
639 3248 852 3302 Totum
909 3252 1101 3302 autem
1163 3248 1241 3302 rei
1295 3248 1558 3318 gerendae
1607 3246 1919 3316 imperium

273 3337 569 3409 Stephano
601 3338 934 3404 mandatur,
980 3336 1150 3407 eique
1181 3336 1401 3407 collega
1451 3336 1701 3390 mittitur
1732 3351 1917 3389 eunu-

274 3427 421 3483 chus
443 3426 688 3497 quidam
706 3424 957 3480 Basilius
978 3425 1328 3497 praepositus
1352 3425 1699 3479 Pediadites.
1722 3423 1789 3478 Hi
1809 3423 1919 3478 exi-

272 3532 387 3588 guo
422 3514 700 3586 temporis
733 3515 921 3585 spatio
974 3529 1093 3567 rem
1148 3517 1329 3568 totam
1363 3514 1916 3585 pessumdederunt,

274 3622 377 3676 per
408 3603 810 3674 rapacitatem,
847 3603 1135 3673 ignaviam
1169 3607 1343 3673 atque
1379 3603 1665 3656 incuriam
1700 3601 1920 3657 amissa

272 3691 492 3747 Sicilia.
527 3691 751 3746 Etenim
778 3691 1067 3745 Maniaces
1085 3708 1217 3745 cum
1240 3692 1413 3746 urbes
1442 3691 1648 3745 Sicilire
1667 3695 1916 3761 caperet,

274 3797 438 3835 arces
471 3780 526 3834 in
556 3779 629 3834 iis
662 3780 999 3835 condiderat
1021 3795 1235 3850 easque
1259 3780 1441 3849 justis
1472 3778 1760 3851 praesidiis
1783 3795 1915 3832 mu-

274 3870 481 3935 nierat,
521 3887 589 3924 ne
620 3870 894 3941 Oppidani
927 3886 1023 3924 eas
1068 3886 1170 3940 per
1200 3868 1446 3923 insidias
1499 3868 1751 3939 recipere
1783 3884 1916 3938 pos-

274 3963 422 4015 sent.
457 3963 532 4014 Eo
564 3964 758 4015 autem
810 3960 869 4013 in
916 3958 1192 4027 vinculis,
1225 3962 1291 4013 ut
1336 3958 1665 4029 docuimus,
1698 3958 1916 4029 Byzan-

274 4048 425 4103 tium
459 4049 730 4118 abducto,
761 4048 934 4103 Siculi
983 4048 1221 4102 incuriae
1271 4048 1487 4102 ducum
1520 4047 1917 4102 Romanorum

276 4136 652 4204 insultantes,
704 4138 884 4192 ascito
944 4154 975 4192 a
1028 4137 1590 4208 Carthaginensibus
1639 4137 1917 4202 exercitu,

273 4225 622 4295 expugnatis
636 4225 924 4296 praesidiis
943 4243 1104 4281 arces
1123 4230 1399 4297 ceperunt
1413 4226 1701 4296 urbesque
1715 4242 1919 4281 omnes

276 4318 513 4385 excepta
546 4314 814 4369 Messana
867 4319 1301 4386 recuperarunt.
1355 4318 1633 4369 Messanae
1674 4319 1921 4385 prmerat

276 4403 563 4473 Catacalo,
622 4402 966 4474 cognomine
1013 4405 1361 4470 Ambustus,
1414 4402 1919 4475 protospatharius

276 4498 333 4548 et
376 4493 494 4547 dux
543 4492 896 4548 Armeniaca:
947 4492 1216 4564 legionis,
1276 4509 1475 4547 secum
1534 4491 1757 4547 habens
1816 4493 1919 4547 300

277 4582 501 4653 equites
533 4586 589 4638 et
619 4583 725 4637 500
760 4582 1003 4653 pedites.
1039 4581 1215 4636 Siculi
1248 4582 1489 4652 proinde
1521 4581 1820 4653 cupientes
1852 4598 1922 4636 ne

277 4671 594 4726 scintillam
628 4672 866 4743 quidem
916 4672 1313 4727 Romanorum
1346 4672 1501 4727 524
1530 4670 1589 4725 in
1634 4687 1700 4726 ea
1728 4670 1922 4725 insula

276 4760 604 4831 relinquere
637 4761 1098 4830 delitescentem,
1132 4760 1407 4815 omnibus
1444 4759 1542 4831 qui
1577 4776 1742 4814 arma
1774 4761 1921 4814 ferre

276 4854 517 4921 possent
546 4848 824 4914 collectis,
850 4854 906 4904 et
938 4848 1171 4904 auxiliis
1192 4849 1739 4920 Carthaginensium
1762 4848 1918 4903 haud

276 4938 523 5010 exiguis,
557 4938 886 4993 Messanam
935 4938 1227 4993 obsident.
1278 4937 1384 4992 Per
1429 4937 1691 4992 triduum
1724 4941 1921 5008 portas

276 5027 507 5082 clausas
571 5027 764 5081 tenuit
830 5026 1121 5094 Catacalo,
1182 5043 1371 5097 neque
1427 5025 1618 5081 ullum
1678 5042 1921 5081 suorum

275 5115 469 5185 egredi
501 5130 713 5185 passus
745 5119 835 5169 est
868 5132 880 5169 :
916 5131 1097 5187 eoque
1129 5115 1463 5171 timiditatis
1485 5114 1818 5187 Opinionem
1851 5117 1923 5171 de

275 5219 337 5258 se
367 5203 426 5257 in
459 5203 671 5259 animis
702 5203 961 5259 hostium
1010 5205 1297 5260 excitavit.
1347 5206 1496 5277 Ergo
1526 5205 1798 5260 Saraceni
1829 5222 1921 5260 se-

277 5308 412 5348 cure
442 5291 738 5364 palabant,
774 5310 838 5348 ac
889 5292 1014 5348 dies
1065 5302 1381 5366 noctesque
1432 5294 1584 5362 vino,
1619 5293 1835 5349 ﬁstulis
1867 5298 1924 5351 et

275 5381 559 5455 cymbalis
590 5386 893 5454 vacabant,
928 5384 1132 5439 itidem
1161 5384 1423 5455 proxime
1453 5383 1801 5455 insequente
1832 5383 1924 5439 die

276 5489 337 5527 se
370 5472 657 5544 petituros
709 5474 850 5529 urbe
900 5480 1221 5546 sperantes.
1280 5476 1494 5539 Quarta
1541 5474 1657 5544 die,
1706 5490 1821 5545 qua
1853 5473 1922 5528 de

278 5579 437 5619 more
470 5561 805 5618 Pentecoste
836 5563 1182 5629 celebratur,
1207 5564 1525 5619 Ambustus
1549 5563 1921 5618 securitatem

276 5657 333 5709 et
363 5651 690 5711 socordiam
740 5654 1163 5710 Saracenorum
1209 5653 1608 5720 considerans,
1660 5656 1840 5723 utque
1879 5651 1921 5707 ii

2039 3242 2278 3316 μελετῶν
2340 3244 2368 3297 ὁ
2426 3242 2704 3314 Μανιάκης
2778 3245 2915 3299 κατὰ
2995 3250 3092 3299 τοῦ
3154 3247 3443 3323 βασιλέως.
3502 3249 3601 3303 Καὶ
3662 3252 3692 3305 6

2035 3333 2129 3405 μὲν
2171 3331 2326 3395 εὐθὺς
2361 3330 2582 3405 δέσμιος
2640 3333 2717 3395 εἷς
2780 3336 2879 3403 τὴν
2946 3334 3200 3410 βασιλίδα
3270 3336 3540 3413 εἷσάγεται
3598 3339 3691 3394 καὶ

2031 3421 2406 3496 καθείργνυται
2467 3421 2557 3475 σὺν
2612 3422 2880 3496 Βασιλείῳ
2952 3426 3229 3501 πατρικίῳ
3278 3431 3357 3498 τῷ
3416 3426 3695 3504 Θεοδωρο-

2032 3512 2201 3582 κάνῳ,
2235 3514 2269 3581 ἠ
2304 3509 2361 3566 δὲ
2390 3518 2535 3566 πᾶσα
2566 3515 2663 3577 τῆς
2695 3512 2877 3588 ἀρχῆς
2909 3512 3121 3586 ἐξουσία
3172 3514 3227 3577 ἐς
3284 3516 3376 3570 τὸν
3414 3515 3689 3591 Στέφανον

2036 3599 2395 3672 μετατίθεται,
2460 3603 2961 3675 συνεκπεμφθέντος
3018 3601 3165 3675 αὐτῷ
3236 3603 3327 3658 καί
3395 3626 3543 3668 τινος
3590 3605 3681 3659 εὗ-

2031 3688 2238 3763 νούχου
2269 3688 2557 3745 Βασιλείου
2589 3691 2949 3765 πραιποσίτου
2982 3696 3077 3745 τοῦ
3109 3690 3450 3748 Πεδιαδίτου·
3486 3692 3685 3758 οἵτινες

2032 3778 2133 3831 οὐκ
2193 3776 2244 3832 έν
2303 3779 2501 3853 βραχεῖ
2552 3779 2619 3833 τὰ
2672 3779 2968 3854 πράγματα
3016 3777 3417 3858 διεφθάρκασιν,
3450 3782 3681 3857 αἰσχρο-

2031 3864 2247 3942 κερδείᾳ
2320 3867 2410 3920 καὶ
2493 3864 2669 3939 δειλίᾳ
2736 3868 2824 3922 καὶ
2921 3867 3166 3944 ῥᾳστώνῃ
3247 3868 3682 3947 καταπροδόντες
3760 3934 3763 3935 ν

2029 3957 2130 4023 τήν
2164 3954 2438 4012 Σικελίαν.
2471 3958 2534 4013 Ὀ
2579 3956 2678 4033 γὰρ
2728 3955 3000 4023 Μανιάκης
3058 3959 3223 4035 αἱρῶν
3277 3960 3372 4022 τὰς
3422 3968 3521 4031 τῆς
3579 3964 3681 4031 νή-

2032 4067 2128 4099 σου
2159 4044 2352 4107 πόλεις
2381 4044 2716 4120 ἀκροπόλεις
2747 4045 2797 4100 έν
2826 4048 3013 4111 αὑταῖς
3050 4046 3326 4122 ᾠκοδόμει
3375 4052 3463 4105 καὶ
3513 4071 3684 4126 φρου-

2034 4136 2161 4210 ροὺς
2219 4134 2404 4212 ἐφίστα
2454 4133 2582 4197 τοὺς
2613 4134 2961 4205 ἱκανοὺς,⁹ίνα
3018 4139 3094 4210 μή
3154 4139 3205 4193 οἱ
3264 4137 3525 4215 ἐγχώριοι
3585 4137 3682 4194 δύ-

2029 4223 2285 4279 ναιντ’ἃν
2348 4223 2397 4293 ἐξ
2452 4219 2751 4293 ἐπιϐουλῆς
2785 4225 3106 4290 ἀνακτᾶσθαι
3162 4228 3257 4291 τὰς
3292 4227 3503 4290 πόλεις·
3560 4231 3685 4284 τού-

2029 4335 2126 4368 του
2184 4311 2241 4367 δὲ
2298 4311 2543 4387 δεσμίου,
2586 4315 2661 4376 ὡς
2714 4313 2948 4388 εἶ’ρηται,
2990 4315 3065 4378 εἷς
3120 4318 3182 4371 τὸ
3238 4317 3529 4387 Βυζάντιον
3590 4319 3685 4373 ἀν-

2032 4403 2317 4478 αχθέντος,
2348 4410 2449 4473 τῆς
2472 4401 2771 4479 ὀλιγωρίας
2802 4405 2888 4458 καὶ
2924 4404 3190 4481 ῥᾳθυμίας
3241 4412 3347 4462 τῶν
3402 4408 3684 4483 ἀρχόντων

2030 4488 2466 4567 καταδραμόντες
2530 4494 2583 4546 oi
2630 4492 3036 4567 έγχώριοι,καὶ
3096 4492 3320 4564 δύναμιν
3387 4495 3685 4573 Καρχηδο-

2204 4553 2212 4567 .
2277 4553 2287 4564 .
2667 4553 2729 4567 ,η
2784 4553 2793 4567 .
2901 4553 2914 4565 .
3231 4553 3241 4564 .
3506 4553 3579 4571 η..

1952 4553 2161 4634 Dvluw
2217 4580 2674 4655 προσειληφότες,
2735 4580 3055 4646 ἐπιτίθενται
3127 4588 3246 4645 ταῖς
3318 4553 3533 4654 πόλεσι,
3595 4589 3683 4642 καί

2028 4670 2125 4732 τάς
2182 4690 2240 4723 τε
2298 4671 2464 4740 ἄκρας
2522 4671 2858 4744 κατέσκαψαν
2917 4673 3022 4725 τῶν
3077 4676 3328 4750 φρουρῶν
3377 4676 3685 4747 κρατήσαν-

2029 4778 2135 4829 τες,
2176 4758 2265 4811 καὶ
2309 4757 2405 4819 τὰς
2442 4754 2633 4820 πόλεις
2694 4760 2866 4821 πάσας
2918 4758 3323 4815 έπανεσώσαντο
3365 4759 3511 4831 πλὴν
3569 4765 3685 4820 Με-

2033 4849 2226 4917 σήνης·
2260 4847 2460 4917 ταύτην
2518 4848 2618 4921 γὰρ
2682 4845 2850 4922 ἔλαχε
2905 4856 3157 4925 φρουρεῖν
3207 4852 3234 4904 6
3284 4855 3684 4925 πρωτοσπαοά-

2034 4957 2148 5011 ριος
2193 4937 2220 4990 6
2269 4936 2357 4990 καὶ
2414 4941 2509 4989 τοῦ
2558 4936 2835 5012 τάγματος
2889 4934 3074 5014 ἄρχων
3133 4944 3238 4993 τῶν
3290 4941 3683 5015 Ἀρμενιακῶν,

2032 5023 2360 5079 Κατακαλὼν
2419 5026 2446 5079 6
2495 5026 2592 5094 τὴν
2664 5025 2980 5100 ἐπωνυμίαν
3044 5030 3405 5102 Κεκαυμένος,
3463 5051 3683 5107 τριακο-

2032 5114 2179 5178 σίους
2236 5113 2469 5176 ἱππότας
2528 5112 2670 5189 ἒχων
2729 5117 2845 5189 μεθ’
2904 5118 3094 5171 ἑαυτοῦ
3158 5117 3247 5173 καὶ
3300 5122 3684 5183 πεντακοσίους

2032 5203 2246 5273 πεζούς.
2284 5201 2617 5266 Σπεύδοντες
2667 5202 2756 5259 οὗν
2812 5206 2865 5259 oi
2915 5210 3178 5276 νησιῶται
3240 5206 3375 5281 μηδὶ
3434 5210 3685 5287 ζώπυρον

2037 5294 2430 5370 ὑπολειφθῆναι
2488 5294 2803 5367 Ῥωμαϊκῆς
2871 5291 3154 5370 δυνάμεως
3221 5296 3544 5375 ἐμφωλεῦον
3616 5305 3684 5374 τῇ

2032 5384 2205 5453 νήσῳ,
2267 5383 2440 5436 πάντα
2494 5382 2584 5436 τὸν
2648 5381 2819 5438 ὅπλον
2872 5392 3090 5455 κινῆσαι
3142 5384 3435 5459 δυνάμενον
3496 5388 3685 5464 ἀθροί-

2034 5491 2216 5533 σαντες
2277 5471 2365 5525 καὶ
2444 5474 2795 5548 συμμαχικὸν
2871 5473 2969 5529 οὐκ
3025 5473 3210 5552 ὀλίγον
3264 5477 3683 5552 Καρχησονίων,

2035 5559 2363 5623 ἀπελθόντες
2413 5559 2463 5615 ἐν
2527 5564 2747 5637 Μεσήνῃ
2801 5565 2899 5633 τὴν
2979 5564 3140 5620 πόλιν
3224 5568 3681 5643 περιεστοίχισαν,

2032 5653 2135 5703 Τοῦ
2193 5647 2249 5704 δὲ
2295 5646 2611 5715 κλείσαντος
2659 5652 2755 5713 τὰς
2805 5650 2981 5714 πύλας
3033 5651 3121 5708 ἐπὶ
3160 5659 3305 5728 τρεῖς
3337 5655 3547 5731 ἡμέρας
3590 5657 3681 5712 καὶ
