3968 6140
248 368 357 427 237

1382 364 1922 426 HISTORIARUM
1968 362 2516 424 COMPENDIUM.

3526 370 3646 429 258

263 495 459 571 μηδένά
512 494 797 573 προπηδξω
856 498 1055 557 ἑῶντος
1114 503 1212 567 τῆς
1270 496 1497 574 τάφρου,
1541 500 1685 571 [744]
1745 496 1889 552 ἀλλά

2015 496 2224 553 nullam
2258 514 2458 554 eorum
2493 514 2638 570 quos
2660 498 3011 555 obsederant
3029 500 3311 558 rationem
3345 503 3644 573 ducerent,

261 585 477 661 δόκμσιν
537 584 740 649 δειλίας
790 582 1220 661 ποιέεσχηκότος,
1284 590 1785 665 καταφρονήσαντες
1836 587 1887 640 οἱ

256 675 553 753 Σαρακηνοὶ
613 673 784 738 ἀδεῶς
831 698 889 729 τε
956 674 1334 731 ἐσκεδάννὺντο
1382 676 1471 731 καὶ
1529 676 1740 750 νύκτωρ
1799 675 1888 730 καὶ

253 768 361 839 μεθ’
416 765 621 841 ἡμέραν
680 764 732 819 ἐν
786 765 979 827 πότοις
1033 764 1124 820 καὶ
1180 764 1372 829 αὐλοῖς
1424 765 1513 820 καὶ
1579 760 1888 838 κυμϐάλοις

246 856 393 929 ᾖσαν,
424 857 496 917 ὡς
527 858 671 930 τάχα
698 861 797 924 τῆς
850 852 1069 916 πόλεως
1131 852 1184 916 ές
1224 856 1323 923 τήν
1358 850 1544 929 αὔριον
1575 851 1888 927 μελλούσης

247 942 561 1006 ἀλώσεσθαι.
622 943 833 1015 Ἡμέρᾳ
888 938 946 996 δὲ
1012 941 1258 1018 τετάρτῃ,
1318 943 1436 996 καθ’
1492 940 1557 1011 ἤν
1619 942 1887 1014 εἰώθαμεν

247 1029 468 1087 ἐκτελεῖν
517 1032 616 1099 τὴν
682 1034 1087 1102 Πεντηκοστήν,
1146 1035 1482 1102 κατανοήσας
1538 1033 1566 1085 6
1613 1028 1886 1103 Κεκαυμέ-

247 1143 333 1185 νος
357 1122 454 1189 τὴν
499 1119 757 1194 ἀμέλειαν
808 1121 895 1175 καὶ
951 1118 1218 1196 ρᾳθυμίαν
1265 1126 1373 1176 τῶν
1409 1125 1763 1195 Σαρακηνῶν,
1796 1120 1887 1173 καὶ

247 1212 324 1265 ὅτι
354 1210 402 1264 ἐν
431 1208 619 1283 πολλῇ
680 1208 981 1282 ἀμεριμνίᾳ
1039 1207 1313 1285 διάγουσιν
1358 1207 1551 1265 οὐδένα
1584 1209 1746 1285 λόγον
1777 1212 1883 1263 τῶν

250 1300 387 1361 ἐντὸς
416 1297 511 1353 τοῦ
561 1299 780 1374 τείχους
831 1298 1181 1372 ποιούμενοι,
1229 1300 1319 1354 τὸν
1375 1301 1564 1354 ἑαυτοῦ
1607 1297 1886 1374 παραθαρ-

250 1388 400 1462 ῥύνας
446 1388 575 1443 λαὸν
632 1389 723 1443 καὶ
778 1390 877 1458 τὴν
920 1388 1249 1461 ἀναίμακτον
1298 1396 1417 1451 τοῖς
1446 1390 1674 1464 ἱερεῦσιν
1717 1386 1889 1442 ἐπιτε-

250 1477 391 1533 λέσαι
424 1476 679 1539 κελεύσας
709 1476 916 1545 θυσίαν,
965 1477 1054 1532 καὶ
1095 1483 1203 1533 τῶν
1255 1478 1411 1542 θείων
1461 1477 1572 1551 ἅμα
1597 1482 1726 1531 πᾶσι
1762 1497 1886 1549 μετ-

249 1566 496 1642 εσχηκὼς
552 1566 890 1643 μυστηρίων,
950 1567 1073 1642 περὶ
1151 1568 1293 1643 ὥραν
1366 1566 1586 1642 ἀρίστου
1638 1565 1732 1627 τάς
1786 1571 1886 1635 τῆς

245 1655 455 1718 πόλεως
518 1655 695 1718 πύλας
740 1657 1073 1718 ἀναπετάσας
1131 1659 1537 1733 προσρήγνυται
1599 1656 1733 1728 μετά
1794 1676 1886 1727 με-

246 1746 431 1819 γίστης
474 1745 654 1821 ῥύμης
702 1750 820 1807 τοῖς
877 1744 1140 1809 ἐναντίοις
1199 1745 1454 1819 μεθύουσι
1513 1745 1601 1799 καὶ
1643 1739 1889 1817 καρηϐα-

251 1839 451 1907 ροῦσιν,
510 1834 670 1896 αὐτὸς
728 1839 946 1908 πρῶτος
1008 1834 1141 1907 μετά
1180 1839 1288 1889 τῶν
1335 1833 1426 1889 σὺν
1477 1834 1623 1906 αὒτῷ
1672 1831 1759 1888 ἐπὶ
1788 1834 1886 1902 τὴν

248 1924 449 1993 σκηνήν
505 1922 937 1995 ἐξιππασάμενος
1011 1922 1330 2000 Ἀπολάιραρ
1401 1927 1498 1978 τοῦ
1561 1925 1659 1991 τῆς
1722 1923 1890 1992 νήσου

254 2014 537 2088 ἄρχοντος.
608 2011 711 2068 Καὶ
763 2010 917 2074 οὗτος
982 2012 1074 2084 μέν
1136 2011 1291 2074 εὐθὺς
1349 2012 1666 2087 ἀναιρεῖται,
1727 2009 1890 2085 ἀκρο-

252 2102 461 2177 σφαλής
514 2100 616 2155 ὑπὸ
671 2098 843 2173 μέθης
898 2100 1184 2174 ὑπάρχων,
1245 2097 1638 2176 διαρρήγνυται
1697 2096 1753 2153 δὲ
1803 2097 1891 2153 καὶ

250 2192 280 2258 ἡ
311 2191 478 2244 αὐτοῦ
510 2192 681 2259 σκηνή
720 2208 733 2220 ’
767 2188 990 2244 ἔπιπτον
1040 2188 1097 2244 δὲ
1144 2190 1234 2243 καὶ
1288 2190 1339 2243 οἱ
1384 2188 1546 2244 ἄλλοι
1578 2193 1683 2243 τῶν
1717 2196 1893 2263 Σαρα-

249 2284 424 2349 κηνῶν
488 2278 626 2334 κατά
672 2278 767 2339 τὰς
827 2279 1055 2351 σωρείας
1126 2279 1228 2333 ὑπὸ
1283 2279 1448 2351 μέθης
1497 2273 1893 2351 σφαλλόμενοι,

252 2368 466 2440 καὶτῷ
554 2365 956 2442 ἀπροσδοκήτῳ
1036 2370 1135 2433 τῆς
1210 2366 1499 2431 ἐπιθέσεως
1562 2364 1688 2440 μηδ’
1747 2364 1891 2427 ὅλως

250 2457 378 2530 πρὸς
448 2455 624 2525 ἀλκὴν
726 2451 1034 2528 ἀποϐλέψαι
1114 2456 1453 2532 ἴσχύσαντες.
1532 2457 1739 2510 Γίνεται
1802 2456 1890 2509 οὗν

246 2546 417 2619 τροπή
484 2544 622 2599 ὅλου
678 2549 777 2598 τοῦ
836 2543 1226 2620 στρατοπέδου,
1274 2549 1380 2599 τῶν
1444 2549 1771 2620 Σαρακηνῶν
1806 2544 1894 2598 ὐπ’

247 2632 509 2703 ἀλλήλων
597 2635 1063 2706 συμπατουμένων
1147 2634 1232 2687 καὶ
1312 2634 1733 2709 ἀναιρουμένων,
1819 2632 1894 2693 ὡς

2001 603 2242 643 suorum
2276 586 2506 643 animos
2548 586 2808 643 oratione
2839 589 3225 646 confirmavit.
3257 592 3647 666 Mandatoque

1998 677 2401 732 sacerdotibus
2454 680 2515 731 ut
2566 694 2688 732 rem
2744 694 2969 733 sacram
3014 680 3289 750 facerent,
3336 687 3645 752 postquam

1996 765 2123 837 ipse
2179 782 2310 820 cum
2368 766 2656 821 universis
2727 766 3059 838 impertitus
3116 776 3202 823 est
3258 771 3649 827 sacrosanctis

1999 854 2318 927 mysteriis,
2341 855 2497 911 circa
2526 855 2729 910 horam
2754 856 2983 926 prandii
3018 858 3235 929 apertis
3270 859 3431 914 urbis
3463 861 3647 931 portis

1998 944 2058 998 in
2108 943 2309 999 hostes
2359 960 2593 999 summo
2643 961 2775 999 cum
2825 944 3042 1015 impetu
3094 946 3286 1015 irruit,
3345 948 3536 1005 ebrios
3592 954 3650 1007 et

1998 1032 2237 1103 crapula
2285 1037 2572 1103 gravatos.
2623 1032 2752 1103 Ipse
2802 1034 3127 1089 Ambustus
3191 1036 3462 1108 princeps
3512 1055 3648 1093 cum

1998 1121 2122 1177 suis
2154 1137 2331 1192 eques
2362 1122 2432 1176 ad
2479 1121 2797 1177 tentorium
2849 1122 3230 1194 Apolapharis
3263 1124 3467 1181 insulas
3499 1144 3645 1198 prae-

1996 1210 2129 1265 fecti
2164 1210 2370 1279 tendit,
2417 1225 2671 1281 eumque
2720 1209 2852 1265 vino
2902 1216 3137 1282 captum
3186 1213 3385 1269 statim
3420 1215 3645 1270 interﬁ-

1997 1298 2159 1354 ciunt
2188 1298 2618 1369 tentoriumque
2650 1298 2954 1371 diripiunt.
2974 1302 3081 1355 Sed
3101 1306 3155 1355 et
3185 1305 3528 1359 cumulatim
3553 1322 3649 1362 ca-

1998 1389 2146 1443 dunt
2177 1388 2384 1459 reliqui
2417 1388 2711 1456 Saraceni,
2747 1394 2803 1443 et
2846 1389 2917 1443 ob
2952 1389 3291 1446 ebrietatem
3327 1393 3650 1451 titubantes

1997 1481 2054 1532 et
2083 1478 2155 1532 ob
2190 1477 2570 1548 improvisam
2604 1494 2726 1532 rem
2761 1478 2830 1532 de
2852 1477 3191 1535 defensione
3220 1480 3367 1536 nihil
3398 1483 3653 1554 cogitan-

1999 1570 2107 1621 tes.
2144 1565 2331 1636 lgitur
2361 1565 2499 1620 totis
2531 1565 2737 1621 castris
2770 1566 3013 1637 fugitur,
3044 1568 3294 1623 ducibus
3328 1571 3651 1627 Saraceno-

2000 1671 2129 1709 rum
2160 1670 2220 1709 se
2244 1654 2491 1708 invicem
2513 1654 2913 1710 obterentibus
2939 1662 3115 1727 atque
3136 1657 3646 1729 interﬁcientibus,

2000 1748 2058 1798 et
2090 1759 2331 1814 campus
2364 1743 2746 1799 cadaveribus
2777 1744 3090 1815 obtegitur,
3124 1747 3273 1804 525
3312 1765 3377 1803 ac
3408 1749 3647 1820 prOpin-

2000 1850 2128 1903 quae
2144 1830 2436 1887 convalles
2455 1847 2519 1886 ac
2549 1831 2791 1887 flumina
2812 1832 3130 1904 replentur.
3162 1836 3415 1907 Denique
3438 1839 3507 1893 de
3527 1843 3648 1894 tam

2004 1920 2205 1976 multis
2238 1920 2499 1975 millibus
2531 1921 2869 1991 paucissimi
2894 1921 3246 1979 Panormum
3281 1926 3418 1998 fuga
3448 1944 3649 1998 perve-

2002 2010 2193 2064 niunt.
2246 2010 2425 2080 Capta
2473 2013 2612 2063 sunt
2660 2009 2851 2065 castra
2899 2028 3039 2067 auro
3088 2018 3146 2068 et
3190 2021 3430 2085 argento
3482 2015 3649 2071 unio-

2002 2099 2291 2168 nibusque
2323 2102 2378 2152 et
2407 2098 2654 2167 gemmis
2706 2100 3109 2171 refertissima,
3157 2120 3302 2173 quas
3353 2105 3652 2161 dimensos

2002 2203 2130 2244 esse
2162 2186 2373 2242 modiis
2406 2186 2623 2242 milites
2656 2188 2865 2242 ferunt.
2890 2189 3185 2245 ItaSicilia
3211 2192 3365 2247 brevi
3389 2199 3652 2265 tempore

2004 2293 2037 2330 a
2094 2276 2354 2330 Maniace
2412 2276 2471 2329 in
2528 2280 2927 2331 Romanorum
2986 2284 3337 2348 potestatem
3394 2283 3648 2351 redacta,

2003 2364 2208 2436 exiguo
2238 2364 2426 2435 spatio
2460 2365 2530 2419 ob
2581 2364 2872 2435 ignaviam
2905 2372 2960 2420 et
3008 2368 3290 2423 incuriam
3327 2371 3541 2426 ducum
3575 2374 3645 2427 ad

2002 2454 2321 2509 Saracenos
2354 2453 2545 2522 rediit,
2578 2452 2701 2508 sola
2730 2458 3015 2522 Messana,
3050 2459 3343 2526 quomodo
3367 2460 3646 2529 diximus,

2003 2543 2279 2598 Romanis
2312 2550 2557 2597 servata.
2602 2546 2881 2598 Caeterum
2916 2545 3245 2615 Stephanus
3296 2553 3353 2602 et
3385 2548 3648 2605 Pediadi-

2005 2636 2091 2686 tes
2121 2648 2188 2686 ex
2220 2629 2413 2685 insula
2445 2631 2501 2684 in
2535 2632 2982 2703 Longibardiam
3016 2634 3418 2705 profugerunt.

246 2721 604 2796 πληρωθῆναι
663 2727 865 2796 νεκρῶν
920 2722 980 2776 τὸ
1038 2720 1223 2777 πεδίον
1272 2722 1361 2776 καὶ
1415 2724 1509 2786 τάς
1558 2718 1771 2798 ἔγγιστα
1830 2721 2107 2798 φάγαγγας
2166 2720 2251 2772 καὶ
2310 2718 2437 2779 τοὺς
2496 2719 2801 2790 ποταμοὺς,
2866 2720 2939 2781 ὡς
2994 2719 3053 2775 ἐκ
3110 2722 3381 2778 τοσούτων
3447 2726 3647 2800 μυριά-

250 2809 347 2865 δων
382 2810 604 2887 ὀλίγους
655 2812 794 2865 πάνυ
835 2810 885 2866 ἐν
946 2813 1218 2887 Πανόρμῳ
1267 2809 1619 2880 διασωθῆναι.
1675 2812 1921 2885 Ἐλήφθη
1984 2806 2041 2862 δὲ
2098 2806 2185 2861 καὶ
2233 2808 2293 2861 τὸ
2358 2805 2719 2879 στρατόπεδον
2780 2804 2939 2880 ἅπαν,
2987 2815 3194 2884 χρυσοῦ
3252 2813 3342 2865 καὶ
3401 2814 3639 2889 ἀργύρου

246 2900 327 2954 καὶ
382 2902 673 2975 μαργάρων
734 2900 885 2975 γένον
932 2899 1023 2955 καὶ
1076 2898 1393 2955 πολυτελῶν
1470 2898 1663 2973 λίθων,
1708 2898 1824 2971 οὓς,
1900 2897 1975 2959 ὡς
2042 2894 2279 2971 λέγεται,
2339 2893 2624 2969 μεδίμνοις
2701 2897 2751 2950 οἱ
2823 2902 3146 2971 στρατιῶται
3198 2897 3637 2977 διεμοιράσαντο.

249 2991 342 3047 Καὶ
401 2988 547 3043 οὕτω
582 2990 674 3063 μὲν
731 2991 764 3059 ἡ
823 2994 965 3043 πᾶσα
1024 2986 1247 3044 Σικελία
1292 2987 1335 3043 δ’
1383 2988 1571 3063 ὀλίγου
1628 2993 1956 3064 χειρωθεῖσα
2010 2986 2156 3061 παρὰ
2204 2989 2301 3039 τοῦ
2363 2984 2636 3055 Μανιάκη,
2692 2983 2742 3038 ἐν
2808 2987 3007 3062 βραχεῖ
3062 2990 3248 3063 χρόνῳ
3292 2989 3521 3063 ἀμελείᾳ
3549 2994 3640 3047 καὶ

247 3078 503 3149 κακότητι
562 3076 873 3155 στρατηγῶν
931 3080 1126 3154 γέγονε
1182 3076 1344 3133 πάλιν
1398 3079 1500 3133 ὑπὸ
1560 3076 1932 3152 Σαρακηνοὺς,
1968 3076 2139 3149 μόνης
2191 3077 2289 3138 τῆς
2349 3075 2607 3144 Μεσήνης
2657 3074 3095 3152 πιριλειφθείσης
3153 3080 3269 3132 καθ’
3319 3081 3376 3134 ὃν
3436 3081 3639 3155 τρόπον

251 3167 564 3243 εἰρήκαμεν,
620 3171 718 3223 τοῦ
777 3169 1052 3247 Στεφάνου
1107 3168 1194 3223 καὶ
1248 3171 1346 3222 τοῦ
1398 3164 1717 3222 Πεδιαδίτου
1770 3164 2041 3243 φυγόντων
2103 3162 2153 3218 έν
2222 3158 2608 3239 Λογγιϐαρδίᾳ.
2657 3163 2759 3219 Καὶ
2811 3164 2877 3219 τά
2938 3166 3032 3237 μὲν
3084 3164 3135 3221 ἐν
3188 3167 3645 3246 Σικελίᾳέφέρετο

251 3258 428 3333 ταύτῃ.

319 3367 377 3424 Ὁ
431 3365 492 3421 δὶ
554 3364 806 3442 βασιλεὺς
867 3365 1103 3441 Μιχαὴλ
1151 3368 1222 3438 τῇ
1278 3363 1639 3438 Θεσσαλονίκῃ
1696 3365 1771 3428 ὡς
1824 3362 1891 3418 τὰ
1923 3367 1963 3433 C

254 3454 431 3511 πολλὰ
492 3452 748 3530 διέτριϐε,
805 3460 1196 3531 προσλιπαρῶν
1243 3460 1324 3527 τῷ
1380 3456 1537 3531 τάφῳ
1572 3458 1669 3509 τοῦ
1700 3451 1895 3508 καλλι-

255 3544 397 3599 νίκου
427 3544 701 3619 μάρτυρος
760 3542 1080 3619 Δημητρίου
1126 3546 1211 3598 κάὶ
1276 3541 1597 3619 ἀπαλλαγήν
1649 3543 1895 3619 εὑρέσθαι

256 3640 349 3703 τῆς
374 3635 541 3688 νόσου
585 3633 946 3708 γλιχόμενος.
996 3633 1096 3687 Καὶ
1147 3630 1347 3703 ἥπτετο
1383 3633 1475 3706 μὶν
1503 3637 1608 3687 τῶν
1643 3633 1894 3705 πραγμά-

254 3743 356 3776 των
416 3720 533 3777 ούδ’
595 3722 919 3794 ὁπωστιοῦν,
984 3720 1064 3777 ὅτι
1138 3724 1213 3795 μὴ
1290 3728 1434 3776 πᾶσα
1493 3721 1718 3796 ἀνάγκη,
1779 3719 1896 3797 ἐφέ-

256 3830 372 3881 ρετο
432 3809 493 3864 δὲ
542 3811 576 3879 ἠ
630 3806 899 3881 διοίκησις
957 3810 1043 3864 καὶ
1099 3814 1208 3865 τῶν
1266 3814 1460 3864 κοινῶν
1527 3810 1895 3884 μεταχείρισις

262 3898 358 3953 ὑπὸ
390 3898 646 3956 Ἰωάννου
676 3918 689 3933 ο
723 3899 810 3954 καὶ
846 3896 1001 3953 οὐδὲν
1036 3896 1176 3961 εἶδος
1231 3894 1467 3975 βέϐηλον
1524 3898 1614 3953 καὶ
1653 3898 1898 3972 παράνο-

262 4010 358 4059 μον
409 3986 656 4052 ἐπινοίας
708 3982 1034 4065 παρεϐείσθη
1069 3988 1098 4042 ’ὁ
1150 3988 1226 4060 μή
1277 3986 1480 4065 ἐξεῦρεν
1531 3987 1605 4049 εἰς
1641 4007 1899 4062 συντριμο

264 4076 359 4145 μὸν
401 4077 506 4162 ,καὶ
564 4078 801 4131 κάκωσιν
856 4081 963 4131 τῶν
1053 4077 1154 4131 ὑπὸ
1226 4082 1407 4153 χεῖρα.
1458 4075 1783 4151 Καταλέγειν
1844 4074 1901 4130 δὲ

260 4160 475 4221 ἕκαστον
528 4164 735 4220 τούτων
807 4163 974 4229 ἆθλος
1042 4164 1392 4240 Ἡράκλειος.
1470 4165 1573 4222 Καὶ
1640 4162 1900 4220 διέκειντο

263 4253 451 4316 πάντες
483 4255 764 4326 ἅνθρωποι
824 4254 927 4309 ὑπὸ
976 4261 1074 4324 τῆς
1135 4254 1349 4330 βαρείας
1405 4255 1607 4325 ταύτης
1657 4256 1903 4329 τυραννί-

263 4340 351 4407 δος
405 4343 671 4419 ἀγόμενοι
719 4344 803 4398 ἐπὶ
857 4342 1003 4398 πολὺ
1053 4342 1465 4405 Θεοκλυτοῦντες
1512 4343 1602 4397 καὶ
1659 4340 1905 4397 ἀπαλλα-

264 4434 361 4506 γὴν
406 4431 801 4506 ἐξαιτούμενοι.
871 4435 1049 4489 Ἐσειε
1103 4430 1160 4487 δὲ
1232 4433 1321 4487 καὶ
1370 4437 1611 4508 συνεχῶς
1669 4433 1697 4486 6
1753 4432 1902 4505 Θεὸς,

264 4522 348 4575 καὶ
406 4519 638 4596 δείματα
695 4523 786 4576 καὶ
845 4518 1094 4599 φόϐητρα
1143 4528 1365 4597 κατεῖχε
1421 4524 1521 4591 τήν
1552 4520 1903 4595 οἰκουμένην,

268 4608 316 4665 ἐν
360 4610 575 4687 οὐρανῷ
625 4615 883 4684 κομητῶν
956 4609 1230 4683 ἐπιτολαὶ,
1290 4611 1341 4666 ἐν
1398 4610 1513 4686 ἀέρι
1565 4612 1754 4684 ἄνεμοι
1814 4609 1903 4665 καὶ

268 4694 466 4774 ὄμϐροι
524 4697 793 4777 ῥαγδαῖοι,
845 4698 896 4754 έν
955 4704 1025 4776 γῇ
1114 4698 1172 4755 δὲ
1250 4700 1487 4777 βρασμοὶ
1544 4700 1633 4755 καὶ
1691 4699 1981 4783 κλόνοι.1)

264 4793 439 4842 Ταῦτα
499 4786 555 4842 δὲ
612 4791 982 4863 προεμήνυον,
1034 4790 1209 4861 οἶμαι,
1266 4791 1365 4858 τὴν
1420 4787 1726 4862 μέλλουσαν
1777 4788 1901 4843 ὅσον

266 4874 476 4932 οὐδέπω
506 4876 741 4954 γενέσθαι
772 4880 1150 4957 καταστροφὴν
1181 4883 1288 4933 τῶν
1319 4876 1616 4954 τυράννων.

335 4986 413 5052 [Ρ.
445 4985 574 5055 745]
638 4980 799 5055 Μαὲῳ
852 4981 909 5038 δέ
970 4984 1102 5057 μηνὶ
1159 4983 1255 5039 τοῦ
1312 4992 1493 5061 ,ςερμή
1547 4980 1720 5051 ἔτους,
1772 4981 1906 5037 ἷνδι-

267 5076 494 5134 κτιῶνος
527 5074 597 5141 η’,
629 5075 662 5141 ἡ
695 5070 901 5149 ἀδιλφῆ
932 5078 1028 5127 τοῦ
1092 5072 1359 5147 βασιλέως
1395 5073 1598 5148 Μαρία,
1634 5076 1817 5148 μήτηρ
1850 5071 1908 5128 δέ

266 5164 359 5213 τοῦ
392 5161 678 5235 Καίσαρος,
704 5159 914 5216 ἄπεισιν
952 5162 1002 5215 ἐν
1040 5162 1248 5239 Ἐφέσῳ
1290 5164 1366 5226 εἰς
1404 5162 1770 5236 προσκύνησιν
1810 5167 1906 5217 τοῦ

267 5246 642 5322 ἠγαπημένου.
678 5250 780 5304 Καὶ
814 5252 866 5304 ἐν
896 5254 973 5321 τῷ
1005 5247 1195 5305 διιεναι
1230 5251 1414 5306 πολλά
1439 5256 1544 5305 τῶν
1578 5248 1906 5325 παραλόγως

270 5338 656 5409 πραττομένων
709 5340 971 5411 μαθοῦσα,
1032 5339 1410 5414 ύποστρέῲασα
1469 5340 1543 5401 εἰς
1596 5341 1660 5394 τὸ
1716 5340 1906 5414 βυζάν-

268 5442 379 5477 τιον
413 5425 711 5502 ἀπήγγειλε
743 5427 913 5481 πάντα
961 5432 1040 5499 τῷ
1088 5425 1309 5506 ἀδελφῷ
1352 5430 1590 5503 Ἰωάννῃ,
1623 5428 1713 5482 καὶ
1745 5448 1907 5501 παρε-

266 5511 416 5568 κάλει
441 5513 741 5585 ἀναστολήν
765 5536 886 5571 τινα
906 5518 1148 5590 γενέσθαι
1168 5525 1267 5587 τῆς
1290 5518 1559 5594 πονηρίας
1586 5539 1597 5551 -
1634 5518 1660 5571 6
1694 5515 1749 5571 δὲ
1776 5518 1911 5590 μετά

271 5599 507 5676 γέλωτος
558 5603 725 5678 αὐτὴν
793 5605 1171 5682 ἀπεπέμψατο,
1233 5612 1511 5684 γτναικεῖα
1569 5610 1782 5687 φρονεῖν
1842 5606 1912 5664 εἰ·

272 5692 407 5762 πὼν,
440 5693 529 5750 καὶ
559 5693 771 5773 ἀγνοεῖν
823 5694 961 5754 ὅσων
1017 5698 1052 5772 ἡ
1100 5692 1352 5755 πολιτεία
1392 5693 1561 5757 δεῖται
1593 5696 1907 5775 Ῥωμαίων.

2076 3363 2311 3418 Interim
2346 3361 2666 3418 Michaelus
2699 3361 3018 3435 imperator
3048 3364 3381 3439 plerumque
3401 3370 3649 3426 Thessa.

2004 3452 2209 3507 Ionicae
2240 3452 2511 3522 degebat,
2543 3452 2614 3506 ad
2667 3451 2943 3506 Demetrii
2990 3454 3261 3525 Martyris
3309 3457 3647 3527 sepulcrum

2004 3557 2397 3608 commorans,
2449 3541 2519 3594 ab
2571 3556 2755 3610 eoque
2805 3542 2990 3595 morbi
3044 3544 3506 3615 proﬂigationem
3560 3566 3652 3620 pe-

2005 3636 2174 3698 tens;
2210 3646 2398 3700 neque
2428 3628 2606 3684 ullius
2638 3630 2875 3701 negotii,
2902 3632 3012 3685 nisi
3045 3649 3279 3688 summa
3310 3635 3653 3707 compulsus

2007 3719 2374 3786 necessitate,
2409 3734 2607 3773 curam
2658 3717 3037 3790 suscipiebat,
3072 3722 3338 3777 omnium
3386 3730 3443 3778 et
3472 3724 3654 3781 totius

2006 3808 2086 3863 rei
2106 3807 2351 3877 publicae
2365 3807 2939 3862 administrationein
2954 3812 3236 3865 Joannem
3252 3811 3651 3868 incumbente.

2008 3896 2163 3952 Nihil
2195 3896 2594 3966 improbarum
2619 3912 2684 3951 se
2708 3897 3099 3965 pessimarum
3133 3898 3242 3952 fuit
3262 3901 3474 3954 artium
3500 3904 3656 3973 quod

2009 3985 2103 4040 hic
2137 3985 2308 4039 homo
2340 4001 2453 4039 non
2486 3985 2841 4055 excogitaret
2883 3992 3059 4057 atque
3090 3988 3392 4043 adhiberet
3423 3991 3490 4044 ad
3525 4008 3653 4061 pre-

2012 4074 2255 4128 mendos
2286 4073 2693 4143 vexandosque
2743 4075 3034 4129 subditos.
3087 4076 3155 4130 Et
3184 4077 3423 4147 quidem
3456 4080 3659 4135 omnia

2011 4163 2139 4232 ejus
2170 4161 2390 4233 ﬂagitia
2420 4162 2634 4216 referre
2671 4161 2954 4217 Herculea
3005 4163 3179 4218 fuerit
3222 4181 3499 4222 aerumna.
3553 4168 3661 4225 Per

2010 4249 2252 4322 longum
2282 4256 2514 4322 tempus
2546 4252 2727 4305 attriti
2774 4252 2882 4306 hac
2913 4254 3221 4323 tyrannide
3252 4255 3521 4312 homines
3553 4275 3655 4312 au-

2012 4339 2217 4394 xilium
2255 4340 2351 4394 Dei
2384 4340 2702 4394 identidem
2735 4344 2791 4394 et
2821 4341 3283 4399 sublevationem
3320 4347 3658 4415 poscebant.

2012 4430 2120 4484 Sed
2171 4434 2228 4484 et
2274 4428 2553 4483 divinitus
2608 4430 2974 4485 continentes
3027 4435 3191 4486 terra;
3241 4437 3659 4491 concussiones

2014 4518 2358 4583 edebantur,
2391 4534 2457 4571 ac
2496 4518 2846 4573 terribilium
2897 4523 3263 4576 ostentorum
3298 4523 3505 4593 plenus
3535 4529 3662 4579 erat

2016 4607 2293 4674 mundus,
2327 4606 2382 4660 in
2418 4605 2559 4661 cmlo
2590 4606 2853 4675 cometis,
2888 4608 2947 4661 in
2988 4625 3119 4663 aere
3150 4612 3336 4665 ventis
3363 4617 3535 4683 atque
3566 4630 3661 4667 ve-

2015 4695 2482 4751 hementissimis
2514 4694 2822 4764 imbribus,
2869 4696 2925 4750 in
2960 4698 3112 4753 526
3146 4704 3299 4754 terra
3333 4684 3661 4771 fragoribus

2014 4802 2081 4839 ae
2112 4784 2464 4839 tremoribus
2511 4784 2951 4839 exsistentibus.
2994 4786 3149 4851 Quas,
3185 4788 3493 4858 utjudico,
3528 4808 3662 4861 por-

2014 4874 2337 4928 tendebant
2366 4872 2563 4927 statim
2599 4878 2875 4943 tyrannos
2908 4874 3220 4944 perituros.

2085 4983 2205 5033 Hoc
2236 4977 2362 5049 ipso
2394 4995 2567 5045 anno,
2620 4978 2937 5033 indictione
2968 4980 3020 5044 8,
3070 4998 3265 5037 mense
3296 4984 3465 5053 Maio,
3498 5003 3665 5043 soror

2016 5066 2383 5138 imperatoris
2416 5067 2617 5136 Maria,
2653 5068 2897 5121 Caesaris
2949 5074 3153 5135 mater,
3193 5071 3486 5141 Ephesum
3519 5076 3665 5131 abiit

2017 5154 2297 5210 adorandi
2344 5155 2589 5210 Joannis
2646 5155 3014 5227 evangelista:
3070 5174 3269 5225 causa,
3320 5167 3377 5216 et
3425 5179 3555 5219 cum
3604 5164 3664 5219 in

2016 5244 2221 5299 itinere
2258 5244 2440 5298 multa
2468 5244 2714 5299 vidisset
2754 5244 3018 5315 improbe
3051 5249 3192 5317 geri,
3228 5265 3459 5306 reversa
3490 5254 3560 5307 de
3590 5252 3665 5309 iis

2017 5334 2292 5389 omnibus
2326 5333 2396 5387 ad
2454 5333 2685 5387 fratrem
2736 5334 3015 5390 Joannem
3068 5338 3291 5404 retulit,
3321 5340 3669 5413 hortataque

2017 5429 2106 5478 est
2136 5426 2199 5476 ut
2230 5421 2374 5476 istas
2416 5422 2708 5491 nequitias
2756 5428 3062 5494 coerceret,
3096 5442 3274 5497 quam
3309 5428 3403 5483 ille
3433 5430 3667 5488 irrisum

2019 5510 2265 5576 dimisit,
2302 5509 2666 5565 muliebriter
2687 5513 2904 5567 sentire
2935 5513 3118 5579 aiens,
3152 5521 3211 5570 et
3240 5517 3463 5573 nescire
3493 5536 3668 5589 quam

2021 5600 2207 5659 multa
2238 5600 2307 5655 ad
2358 5598 2781 5672 rempublicam
2832 5600 3155 5659 Romanam
3208 5606 3669 5680 requirerentur.

2020 5694 2177 5755 Idem
2198 5704 2325 5747 cum
2344 5688 2412 5747 ad
2431 5687 2840 5767 imperatorem
2855 5691 3664 5771 Thessaloniommtdiximus,
