3968 6140
271 358 387 419 259

1625 357 1938 420 GEORGII
1983 358 2318 419 CEDRENI

3564 357 3681 418 260

273 491 581 561 degentem
629 490 758 547 auri
808 491 1139 548 centenaria
1188 492 1386 549 decem
1438 491 1715 557 mitteret,
1759 490 1903 547 navi:

2038 491 2123 546 'Ev
2158 487 2522 564 Θεσσαλονίκῃ
2553 487 2631 559 δὲ,
2688 490 2762 554 ὡς
2811 488 3058 563 εἴπομεν,
3109 492 3187 561 τῷ
3229 487 3447 565 βασιλεῖ
3478 484 3680 564 διατρι-

272 581 508 636 turbine
538 580 694 635 venti
735 585 1000 652 correpta
1029 580 1274 654 Illyricis
1307 581 1474 638 allisa
1506 586 1595 636 est
1626 581 1923 637 littoribus

274 672 332 724 et
369 668 584 740 periit:
621 686 831 725 aurum
883 669 1154 742 princeps
1200 671 1513 727 Serborum
1563 670 1921 742 Stephanus,

274 758 372 829 qui
405 764 462 814 et
482 758 877 827 Boisthlabus,
914 759 1175 815 abstulit.
1209 765 1265 815 Is
1313 760 1483 832 paulo
1517 764 1652 815 ante
1683 777 1750 815 ex
1782 758 1924 814 urbe

275 847 630 919 profugerat,
664 852 719 903 et
748 848 1011 904 Serbiam
1043 854 1357 920 occuparat
1387 849 1555 921 pulso
1582 849 1716 904 inde
1741 848 1923 903 Theo-

274 936 434 1008 philo
464 937 711 993 Erotico.
747 938 810 992 At
853 938 1007 993 enim
1040 938 1297 994 Joannes
1330 939 1716 1009 magistratus
1748 954 1921 992 vena-

272 1025 358 1082 les
389 1026 769 1097 prostituens,
804 1043 869 1082 ac
919 1027 1078 1081 omni
1128 1027 1437 1097 injustitize
1468 1028 1649 1083 fraena
1692 1026 1919 1095 laxans,

273 1115 601 1171 innumeris
654 1115 1089 1172 calamitatibus
1140 1117 1340 1171 orbem
1374 1121 1661 1171 terrarum
1714 1115 1919 1187 imple-

274 1205 373 1271 \it,
431 1204 717 1276 praefectis
774 1205 1015 1276 impune
1067 1205 1339 1260 subditos
1393 1204 1810 1276 expilantibus,
1866 1206 1923 1259 et

273 1295 503 1350 nemine
550 1311 792 1365 prorsus
842 1294 901 1349 in
952 1311 1020 1349 ea
1072 1311 1198 1366 quas
1250 1294 1595 1367 agebantur,
1648 1293 1917 1349 animad-

271 1387 552 1439 vertente.

345 1653 666 1722 Imperator
691 1654 887 1706 autem
929 1649 1357 1706 Thessalonicae
1408 1650 1479 1705 de
1527 1649 1746 1705 amisso
1778 1665 1917 1705 auro

272 1741 483 1795 certior
530 1741 741 1808 factus,
789 1740 1152 1811 Stephanum
1203 1755 1307 1809 per
1354 1738 1576 1794 litteras
1626 1743 1825 1793 monet
1858 1743 1920 1793 ut

270 1828 383 1884 sibi
414 1846 591 1885 suum
639 1830 835 1884 mittat
881 1845 1071 1900 neque
1103 1828 1256 1883 ultro
1305 1826 1443 1882 belli
1491 1845 1730 1883 causam
1764 1828 1912 1884 527

269 1919 543 1989 praebeat.
579 1919 694 1974 Iloc
726 1934 860 1973 cum
912 1934 1015 1990 pro
1049 1916 1232 1973 nihilo
1283 1920 1512 1988 putaret
1560 1916 1914 1987 Stephanus,

267 2006 573 2077 Georgium
622 2007 931 2063 Probatam
976 1994 1298 2078 spadonem
1347 2022 1476 2061 cum
1524 2007 1777 2061 exercitu
1818 2007 1916 2061 ad-

266 2113 475 2153 versus
505 2112 639 2152 eum
674 2095 853 2151 mittit
873 2095 1212 2167 imperator.
1239 2094 1345 2161 Qui
1370 2095 1426 2149 in
1449 2095 1646 2150 Servia
1666 2093 1914 2166 illapsus

266 2186 699 2242 inconsiderate
722 2185 779 2240 in
804 2185 1065 2240 locorum
1090 2185 1472 2240 difﬁcultates
1498 2189 1554 2240 et
1572 2183 1759 2241 invias
1781 2201 1914 2241 con-

267 2274 465 2346 valles,
497 2278 618 2331 toto
645 2274 901 2331 exercitu
936 2274 1156 2331 amisso
1186 2290 1335 2346 aegre
1364 2273 1561 2330 evasit.

334 2546 450 2601 Hoc
481 2545 608 2616 ipso
640 2561 792 2599 anno
838 2546 894 2598 et
937 2542 1173 2614 Bulgari
1218 2543 1556 2598 defecerunt
1604 2542 1713 2597 hac
1744 2558 1908 2597 occa-

261 2634 426 2689 sione
446 2651 456 2688 :
478 2639 679 2689 Petrus
707 2633 946 2704 quidam
969 2632 1278 2703 Bulgarus,
1304 2637 1690 2702 cognomento
1718 2630 1909 2686 Delea-

260 2741 392 2793 nus,
427 2740 628 2778 servus
679 2722 990 2791 cujusdam
1040 2720 1298 2791 Cpolitaa,
1334 2721 1618 2791 profugus
1668 2735 1735 2773 ex
1768 2720 1909 2775 urbe

259 2811 589 2880 Bulgariam
622 2809 990 2881 pervagando
1022 2825 1211 2879 usque
1244 2810 1313 2863 ad
1340 2809 1643 2864 Morabum
1677 2813 1731 2863 et
1755 2807 1907 2864 Belev

255 2898 469 2967 grados
502 2898 785 2968 pervenit,
819 2912 946 2967 qua
977 2900 1118 2950 sunt
1140 2894 1379 2950 castella
1408 2896 1713 2950 Pannonia
1745 2902 1908 2951 trans

261 2992 474 3040 lstrum
524 2985 652 3053 sita,
703 2985 957 3039 Turcicze
1009 2984 1198 3040 vicina
1250 2984 1497 3052 ditioni;
1549 2990 1604 3040 et
1633 2984 1815 3040 filium
1848 3001 1908 3041 se

258 3075 527 3143 Romani,
562 3079 831 3146 nepotem
862 3074 1416 3144 Samuelijactando
1449 3079 1680 3145 gentem
1704 3074 1908 3145 Bulga-

259 3161 440 3216 ricam
472 3161 802 3228 concitavit,
836 3178 963 3232 quae
991 3178 1102 3216 non
1128 3160 1206 3216 ita
1239 3160 1458 3231 pridem
1493 3162 1904 3234 cervicesjugo

2032 574 2179 634 ϐοντι
2239 579 2467 655 χρυσίου
2522 580 2549 635 6
2609 580 2865 649 Ἰωάννης
2918 574 3126 652 ἔπεμψε
3172 581 3496 654 κεντηνάρια
3532 576 3676 647 δέκα,

2033 668 2134 722 ὑπὸ
2190 663 2492 744 στροϐίλων
2554 665 2611 722 δὲ
2662 666 2982 741 πνευμάτων
3044 667 3309 742 ἁρπασθὲν
3365 667 3429 723 τὸ
3480 666 3676 722 πλοῖον

2029 763 2145 818 τοῖς
2176 755 2507 833 Ἰλλυρικοῖς
2541 756 2891 833 προσερῥάγη
2925 755 3200 831 αἰγιαλοῖς
3229 778 3317 812 και
3343 751 3624 831 συνετρίϐη
3662 776 3675 788 ·

2029 847 2091 900 τὸ
2126 843 2182 901 δὲ
2213 847 2440 921 χρυσίον
2487 845 2739 923 ἀφείλετο
2788 844 3058 924 Στέφανος
3111 846 3139 900 6
3189 846 3277 901 xui
3310 840 3676 913 Βοϊσθλάϐος,

2032 934 2059 988 ὀ
2089 940 2197 989 τῶν
2224 930 2442 1010 Σὲρϐων
2489 936 2699 1010 ἄρχων,
2758 937 2864 1010 πρὸ
2921 940 3119 1009 μικροῦ
3166 938 3263 1001 τῆς
3290 934 3508 997 πόλεως
3536 934 3677 989 ἀπο-

2032 1020 2160 1100 δρὰς
2208 1023 2295 1079 καῖ
2343 1025 2436 1080 τὸν
2484 1025 2652 1079 τόπον
2699 1029 2809 1079 τῶν
2856 1020 3076 1100 Σέρϐων
3132 1024 3509 1099 κατεσχηκὼς,
3545 1023 3677 1079 Θεό-

2031 1110 2191 1190 φιλον
2227 1113 2424 1177 ἐκεῖθεν
2480 1114 2571 1168 τὸν
2631 1117 2930 1189 Ἐρωτικον
2978 1113 3269 1175 ἀπελάσας.
3322 1115 3381 1169 Ὀ
3414 1110 3460 1166 δ’
3492 1113 3681 1170 Ἰωάν-

2028 1223 2127 1273 νης
2162 1202 2321 1257 ὤνιον
2383 1203 2776 1278 προτιθέμενος
2822 1204 2917 1265 τὰς
2969 1202 3166 1279 ἀρχὰς,
3215 1201 3304 1256 καὶ
3335 1206 3463 1256 πᾶσι
3507 1200 3678 1277 χαλι-

2027 1291 2117 1346 νὸν
2173 1289 2417 1355 ἐνδιδοὺς
2478 1291 2711 1364 ἀδικίας,
2775 1294 2986 1369 μδρίων
3043 1295 3337 1369 συμφορῶν
3409 1288 3675 1361 ἐνέπλησε

2026 1382 2125 1450 τὴν
2187 1380 2538 1454 οἰκουμένην,
2588 1380 2759 1447 ἀδεῶς
2805 1387 2910 1436 τῶν
2960 1386 3161 1457 κριτῶν
3217 1379 3670 1459 φορολογοῦντων

2026 1470 2153 1533 τοὺς
2198 1470 2525 1547 ἐγχωρίους,
2582 1472 2669 1527 καὶ
2728 1469 2959 1545 μηδενὸς
3018 1470 3347 1548 ἐπιστροφὴν
3408 1469 3554 1534 δλως
3600 1491 3677 1525 τιο

2029 1560 2254 1632 θεμένου
2283 1566 2392 1615 τῶν
2421 1562 2747 1636 γινομένων.

2097 1651 2152 1704 Ὁ
2207 1647 2263 1703 δὲ
2320 1648 2572 1725 βασιλεὺς
2630 1648 2681 1705 ἐν
2750 1648 3114 1725 Θεσσαλονίκῃ
3182 1649 3366 1723 μαθὼν
3424 1649 3525 1717 τὴν
3573 1651 3674 1703 τοῦ

2026 1738 2258 1813 χρυσίου
2313 1737 2610 1810 ἀπώλειαν,
2668 1738 2858 1817 γράφει
2931 1744 3011 1809 τῷ
3080 1737 3338 1816 Στεφάνῳ
3396 1736 3671 1811 ἐκπεμψαι

2026 1829 2161 1899 πρὸς
2216 1827 2372 1882 αὐτὸν
2430 1829 2491 1883 τὸ
2550 1825 2687 1883 ἴδιον
2751 1827 2840 1882 καὶ
2921 1830 2996 1901 μὴ
3079 1826 3305 1897 θελῆσαι
3359 1826 3674 1900 αὐθαίρετον

2027 1914 2308 1971 ἀνελέσθαι
2360 1915 2625 1990 πόλεμον.
2686 1920 2798 1975 Τοῦ
2852 1914 2909 1971 δὲ
2965 1914 3234 1991 μηδεμίαν
3285 1916 3670 1989 ποιησαμένου

2023 2004 2378 2084 ἐπιστροφὴν,
2465 2006 2689 2081 στρατὸν
2770 2007 2797 2060 6
2888 2004 3141 2079 βασιλεὺς
3226 2004 3491 2077 ἐκπέμπει
3550 2006 3669 2059 κατ’

2022 2095 2209 2164 αὐτοῦ,
2297 2092 2539 2170 ἄρχοντα
2631 2093 2887 2168 ἐκτομίαν
2964 2094 3235 2170 Γεώργιον
3314 2091 3514 2168 ἔχοντα
3573 2092 3668 2148 τὸν

2022 2178 2326 2258 Προϐατᾶν.
2355 2185 2416 2241 Ὀ
2475 2181 2532 2238 δὲ
2577 2184 2669 2239 τὸν
2716 2182 2884 2238 τόπον
2933 2177 3277 2251 καταλαϐὼν,
3312 2182 3403 2238 καὶ
3448 2180 3671 2257 δυσχωο

2023 2271 2165 2345 ρίαις
2236 2273 2324 2327 καὶ
2392 2272 2622 2348 φάραγξι
2694 2272 2783 2327 καὶ
2863 2267 3185 2334 δυσϐάτοοις
3262 2272 3676 2348 ἀπερισκέπτως

2020 2360 2266 2433 ἐμπεσὼν
2327 2360 2537 2430 τόποις,
2599 2360 2663 2416 τό
2736 2382 2796 2416 τε
2866 2359 3172 2435 στράτευμα
3223 2360 3353 2416 ὅλον
3414 2360 3675 2415 ἀπώλεσε

2019 2450 2107 2504 καὶ
2141 2450 2299 2513 αὐτὸς
2334 2448 2612 2527 δυσχερῶς
2647 2447 2904 2516 διεσώθη.

2088 2539 2278 2612 Τούτῳ
2308 2545 2388 2611 τῷ
2422 2538 2525 2594 ἔτει
2556 2539 2645 2594 καὶ
2686 2543 2720 2609 ἡ
2772 2540 3069 2594 ἀποστασία
3099 2538 3288 2614 γέγονε
3314 2537 3668 2614 Βουλγαρίας

2018 2634 2206 2683 τοῦτον
2236 2630 2326 2683 τὸν
2359 2626 2565 2704 τρόπον
2588 2649 2600 2661 ·
2649 2629 2847 2700 Πέτρος
2891 2650 2971 2691 τις
3022 2628 3365 2704 Βούλγαρος,
3400 2628 3669 2690 Δελεάνος

2014 2719 2114 2785 τήν
2181 2717 2574 2793 προσηγορίαν,
2641 2715 2839 2780 δοῦλος
2897 2717 3194 2787 Βυζαντίου
3246 2718 3389 2779 τινὸς
3448 2714 3671 2793 ἀνδρὸς,

2019 2804 2257 2880 ἀποδρὰς
2304 2807 2362 2861 ἐκ
2389 2813 2490 2875 τῆς
2534 2806 2750 2868 πόλεως
2798 2803 3069 2861 ἐπλανᾶτο
3120 2806 3170 2860 ἐν
3201 2807 3541 2881 Βουλγαριᾳ,
3573 2806 3668 2861 καὶ

2017 2896 2349 2965 κατήντησεν
2385 2892 2513 2970 ἄχρι
2566 2889 2841 2969 Μωράϐου
2888 2898 2978 2949 καὶ
3030 2893 3378 2972 Βελεγράδων
3413 2895 3673 2973 (φρούρια

2019 2980 2076 3037 δὲ
2104 2988 2271 3038 ταῦτα
2308 2986 2404 3056 τῆς
2439 2983 2736 3046 Ηαννονίας
2776 2984 2913 3039 κατὰ
2941 2985 3039 3053 τὴν
3066 2984 3289 3059 περαίαν
3323 2990 3421 3040 τοῦ
3451 2988 3673 3060 Ἴστρου

2018 3069 2331 3146 διακείμενα
2359 3073 2450 3128 καὶ
2480 3077 2825 3149 γειτονοῦντα
2880 3077 2960 3146 τῷ
2998 3072 3175 3149 κράλῃ
3212 3076 3326 3146 (11)
3353 3073 3667 3148 Τουρκίας).

2017 3162 2104 3216 καὶ
2166 3163 2280 3217 υἱὸν
2342 3162 2529 3218 ἑαυτὸν
2596 3161 2829 3240 ἐφήμιζε
2898 3164 3182 3236 Ῥωμανοῦ
3250 3164 3347 3217 τοῦ
3398 3164 3519 3217 υἱοῦ
3572 3165 3673 3217 τοῦ

258 3249 601 3305 subdiderat
621 3265 687 3305 ac
704 3249 1031 3305 libertatem
1056 3264 1406 3321 magnopere
1430 3251 1758 3321 appetebat.
1786 3253 1903 3316 Quo

2038 3251 2312 3323 Σαμουὴλ,
2343 3252 2432 3306 καὶ
2461 3252 2523 3307 τὸ
2570 3239 2724 3328 γένος
2772 3250 2971 3306 ἀνέσειε
3026 3250 3131 3306 τῶν
3174 3250 3530 3329 Βουλγάρων,
3565 3253 3674 3326 πρὸ

253 3340 471 3395 factum
498 3343 560 3394 ut
589 3340 763 3394 ﬁdem
809 3338 1035 3394 homini
1085 3339 1387 3404 haberent,
1422 3356 1670 3410 cumque
1704 3356 1899 3412 regem

251 3428 536 3501 Bulgariaa
568 3428 963 3500 designarent,
997 3431 1055 3483 et
1104 3444 1206 3499 per
1235 3427 1511 3484 Naissum
1543 3446 1609 3484 ac
1656 3428 1900 3500 Scupias

246 3517 585 3587 primariam
618 3516 902 3593 Bulgaria:
953 3517 1157 3571 urbem
1191 3533 1325 3571 eum
1371 3516 1899 3589 circumducerent,

245 3606 459 3661 faustis
493 3604 1019 3661 acclamationibus
1053 3621 1248 3676 regem
1281 3604 1661 3671 celebrantes,
1703 3611 1760 3661 et
1788 3607 1900 3661 Ro-

247 3711 452 3750 manos
487 3695 543 3748 in
576 3711 722 3765 quos
755 3694 1102 3749 incidissent
1124 3694 1439 3749 crudeliter
1462 3694 1897 3753 interﬁcientes.

251 3784 314 3838 Id
348 3784 442 3839 ubi
461 3784 746 3856 comperit
764 3782 1017 3839 Basilius
1035 3784 1399 3855 Synademus
1422 3783 1722 3855 Dyrrachii
1750 3802 1897 3856 prae-

245 3874 454 3941 fectus,
487 3872 754 3928 celeriter
785 3873 913 3943 ejus
944 3872 1052 3928 loci
1090 3873 1289 3944 copias
1323 3872 1381 3927 in
1432 3872 1752 3928 Deleanum
1788 3874 1898 3929 du-

243 3964 350 4031 xit,
372 3964 802 4018 occurrendum
833 3965 999 4017 ratus
1023 3961 1364 4032 priusquam
1398 3962 1552 4017 vires
1576 3961 1682 4016 hoc
1706 3962 1899 4017 incen-

246 4053 407 4106 dium
437 4057 718 4107 sumeret.
771 4052 912 4105 Cum
968 4056 1163 4105 autem
1216 4050 1287 4105 ad
1342 4049 1534 4105 locum
1586 4050 1679 4105 cui
1711 4051 1898 4107 Debra

247 4156 459 4197 nomen
493 4139 870 4212 pervenisset,
902 4143 959 4195 et
1006 4139 1294 4195 dissensio
1344 4139 1394 4193 ei
1445 4140 1712 4210 quaedam
1762 4156 1893 4195 cum

247 4247 363 4285 uno
388 4230 758 4285 tribunorum
788 4227 1041 4283 militum
1069 4227 1349 4283 Michaelo
1375 4228 1740 4283 Dermocaita
1768 4232 1894 4284 orta

245 4324 421 4385 esset,
456 4319 608 4390 apud
654 4317 1067 4389 imperatorem
1119 4315 1266 4372 falso
1315 4317 1558 4373 crimine
1611 4318 1894 4374 affectatae

246 4410 396 4466 528
430 4408 759 4482 tyrannidis
780 4416 1110 4476 accusatur,
1142 4407 1520 4479 privatusque
1542 4410 1890 4480 magistratu

242 4498 717 4556 Thessalonicam
746 4496 978 4553 ducitur
1006 4502 1063 4554 et
1091 4496 1151 4552 in
1184 4497 1513 4553 custodiam
1544 4498 1737 4553 datur.
1763 4500 1893 4554 Der-

2019 3339 2212 3416 ὀλίγου
2242 3340 2332 3395 τὸν
2381 3339 2665 3415 τράχηλον
2720 3336 2992 3396 ὑποϐαλὸν
3045 3340 3114 3415 τῇ
3163 3338 3385 3412 δουλείᾳ
3420 3340 3511 3395 καὶ
3545 3338 3670 3396 λίαν

2023 3429 2397 3504 ὀριγνώμενον
2451 3428 2771 3505 ἐλευθερίας.
2834 3430 2927 3485 Διὸ
2984 3431 3074 3484 καὶ
3123 3430 3499 3492 πιστεύσαντες
3554 3436 3677 3494 τοῖς

2010 3519 2139 3592 παρ’
2169 3516 2332 3572 αὺτοῦ
2360 3517 2680 3593 λεγομένοις
2728 3516 2966 3576 Βασιλέα
2994 3539 3052 3573 τε
3081 3518 3242 3573 αὐτὸν
3275 3517 3668 3594 ἀναγορεύουσι

2012 3604 2362 3681 Βουλγαρίας,
2405 3607 2495 3662 καὶ
2530 3604 2747 3680 ἄραντες
2795 3606 2991 3671 ἐκεῖθεν
3050 3605 3139 3661 διά
3183 3628 3243 3662 τε
3286 3604 3525 3661 Ναϊσσοῦ
3574 3608 3667 3662 καὶ

2006 3700 2113 3750 τῶν
2151 3695 2457 3767 Σκουπίων,
2504 3703 2603 3766 τῆς
2655 3694 3055 3771 μητροπόλεως
3116 3694 3485 3771 Βουλγαρίας,
3513 3696 3669 3750 ’ίεντο

2006 3784 2459 3860 ἀνακηρύττοντες
2548 3784 2637 3839 καὶ
2721 3786 3154 3864 ἀνευφημοῦντες
3255 3789 3471 3853 τοῦτον,
3576 3785 3669 3839 καὶ

2006 3874 2175 3927 πάντα
2231 3874 2320 3927 τὸν
2408 3875 2799 3947 παρευρεθὲντα
2874 3876 3148 3946 Ῥωμαῖον
3236 3872 3485 3943 ἀνηλεῶς

2008 3962 2385 4029 ἀπανθρώπως
2455 3962 2818 4036 ἀναιροῦντες.
2882 3963 3052 4037 Ὅπερ
3134 3962 3317 4034 μαθὼν
3380 3960 3672 4027 Βασίλειος

2006 4050 2032 4104 6
2095 4048 2424 4121 Συναδηνὸς,
2466 4052 2765 4126 στρατηγὸς
2824 4049 3136 4127 Δυῤῥαχίου
3183 4052 3494 4127 τυγχάνων,
3529 4052 3670 4126 ἄρας

3576 3874 3670 3928 καὶ

2001 4138 2096 4202 τὰς
2153 4137 2459 4214 ἐγχωρίους
2551 4136 2806 4212 δυνάμεις
2882 4137 3133 4195 ἔσπευδεν
3221 4132 3525 4209 ἀπαντῆσαι
3579 4144 3665 4211 τῷ

2004 4225 2249 4300 Δελεάνῳ
2295 4228 2421 4303 πρὶν
2484 4225 2521 4297 ἤ
2596 4225 2685 4282 ἐπὶ
2763 4226 2901 4303 μέγα
2963 4229 3192 4301 ἀρθῆναι
3236 4229 3299 4283 τὸ
3345 4230 3509 4283 κακὸν
3572 4228 3668 4283 καὶ

2002 4316 2266 4391 πυρκαϊὰν
2326 4317 2649 4394 ἀναφθῆναι.
2710 4317 3010 4390 Γενόμενος
3060 4314 3117 4371 δὲ
3159 4317 3296 4372 κατά
3324 4318 3423 4385 τὴν
3489 4314 3660 4392 λεγοο

2006 4405 2171 4477 μένην
2252 4400 2483 4481 Δέρϐην,
2569 4405 2658 4459 καὶ
2753 4404 3130 4482 προσκρούσας
3198 4404 3334 4461 κατά
3415 4426 3470 4460 τι
3527 4406 3667 4478 μετά

2002 4514 2152 4556 τινος
2180 4497 2286 4549 τῶν
2355 4495 2782 4571 ὑποστρατήγων
2843 4494 3075 4571 Μιχαὴλ
3130 4499 3229 4549 τοῦ
3260 4492 3667 4568 Δερμοκαίτου,

246 4589 525 4645 mocaites
564 4588 682 4657 (hic
712 4587 868 4643 enim
901 4587 951 4643 ei
984 4588 1521 4657 succederejussus
1553 4587 1682 4657 fuit)
1716 4587 1894 4658 impe-

2038 4586 2155 4655 746]
2215 4578 2567 4638 διαϐάλλεται
2631 4582 2684 4646 ἐς
2749 4582 2975 4659 βασιλέα
3035 4584 3109 4645 ὡς
3163 4581 3403 4657 μελετῶν
3462 4604 3667 4657 τυραν-

244 4680 352 4734 rite
383 4695 449 4734 ac
480 4676 626 4733 male
673 4692 882 4749 gerens
932 4675 1348 4745 magistratum
1379 4675 1588 4747 exiguo
1640 4680 1894 4747 tempore

243 4767 443 4824 omnia
471 4768 661 4822 vertit.
696 4764 942 4836 Expilati
974 4763 1129 4819 enim
1165 4763 1237 4817 ab
1264 4780 1329 4818 eo
1374 4763 1617 4834 injuste,
1650 4765 1894 4835 suisque

241 4854 410 4925 equis
441 4857 497 4910 et
527 4853 799 4908 curribus
824 4850 1057 4923 poliati
1085 4850 1333 4921 aliisque
1356 4853 1528 4907 rebus
1559 4869 1707 4924 quas
1731 4870 1893 4910 caras

242 4943 560 5006 habebant,
581 4943 875 5007 omnibus,
903 4946 1101 4997 contra
1124 4958 1255 4995 eum
1281 4940 1618 5013 insurgunt.
1641 4944 1827 5014 Atque
1844 4943 1893 4997 is

242 5031 491 5086 insidias
523 5032 780 5087 sentiens
806 5029 915 5085 sibi
947 5029 1334 5101 pararinoctu
1368 5029 1589 5100 effugit.
1617 5030 1731 5101 Ipsi
1757 5046 1891 5102 ergo

240 5122 352 5175 sibi
378 5121 449 5174 ab
472 5119 619 5175 irato
644 5120 993 5191 imperatore
1020 5122 1347 5173 metuentes
1365 5117 1647 5172 deﬁciunt
1674 5118 1890 5190 palam,

241 5217 295 5264 et
325 5208 643 5279 quemdam
676 5210 745 5263 de
771 5206 1055 5262 militibus
1080 5205 1405 5278 prudentia
1428 5222 1493 5261 ac
1526 5207 1892 5263 fortitudinis

245 5302 419 5363 notae,
451 5297 901 5353 Teichomerum
935 5296 1193 5361 nomine,
1228 5295 1644 5366 imperatorem
1680 5295 1891 5366 Bulga-

242 5387 339 5443 riae
373 5387 757 5443 constituunt.
786 5386 1057 5457 Duasjam
1077 5389 1244 5441 erant
1269 5384 1653 5456 Bulgarorum
1689 5385 1889 5439 factio-

2002 4669 2145 4729 νίδα.
2180 4671 2281 4727 Καὶ
2314 4673 2340 4726 6
2378 4672 2472 4745 μὲν
2530 4670 2684 4736 εὐθὺς
2734 4670 3070 4747 παραλύεται
3126 4674 3227 4741 τὴς
3260 4672 3437 4747 ἀρχῆς
3484 4671 3580 4727 καὶ
3614 4672 3669 4728 ἐν

2004 4758 2369 4835 Θεσσαλονίκῃ
2406 4759 2592 4835 ἀχθεὶς
2634 4760 2685 4815 ἐν
2734 4759 2950 4838 φυλακῇ
2997 4759 3287 4829 Βάλλεται,
3335 4768 3666 4837 στρατηγεῖν

2005 4846 2053 4903 δ’
2108 4850 2219 4903 ἀντ’
2296 4849 2462 4903 αὐτοῦ
2539 4849 2949 4924 προχειρίζεται
3034 4851 3062 4903 6
3140 4850 3541 4923 Δερμοκαῖτης,
3603 4852 3665 4914 ὃς

2005 4937 2241 5013 ἀπείρως
2297 4939 2387 4992 καὶ
2455 4938 2676 5015 φαύλως
2716 4936 2937 4993 διοικῶν
2988 4938 3086 5007 τὴν
3146 4937 3410 5014 ἀρχὴνέν
3463 4940 3664 5015 βραχει

2006 5026 2186 5104 χρόνῳ
2234 5028 2300 5080 τὰ
2349 5029 2522 5081 πάντα
2571 5025 2842 5101 ἀνέτρεψε.
2908 5025 3401 5099 Πλεονεκτοῦμενοι
3460 5027 3567 5103 γὰρ
3612 5028 3663 5082 οἱ

2005 5117 2094 5170 ὑπ’
2150 5115 2309 5170 αὐτὸν
2361 5116 2447 5171 καὶ
2499 5114 2873 5188 ἀδικούμενοι,
2905 5114 3151 5178 καὶτοὺς
3187 5116 3388 5179 ἐαυτῶς
3440 5115 3659 5179 ἵππους

2000 5206 2090 5259 καὶ
2120 5204 2187 5258 τά
2217 5201 2431 5278 ἅρματα
2461 5207 2573 5279 (12)
2614 5205 2998 5279 ἀθαιρούμενοι
3048 5204 3138 5259 καὶ
3190 5202 3331 5258 ἄλλο
3364 5208 3469 5258 πᾶν
3529 5206 3663 5280 ὅπερ

2001 5295 2068 5362 ἦν
2110 5294 2297 5355 αὐτοῖς
2329 5293 2475 5363 ἀξιον
2527 5292 2718 5369 λόγου,
2766 5291 3232 5363 κατεξανίστανται
3282 5296 3379 5347 τοῦ
3416 5314 3664 5369 στρατη·

2001 5379 2124 5456 γοῦ.
2155 5379 2310 5438 Ἀλλ’
2343 5383 2370 5435 6
2406 5383 2522 5454 μὲν,
2555 5383 2628 5444 ὡς
2679 5377 2873 5455 ᾔσθετο
2905 5377 3425 5454 ἐπιϐουλευόμενος,
3457 5385 3663 5445 νυκτὸς

1435 5501 1791 5557 XYLANDRI
1830 5501 1919 5557 ET
1958 5500 2175 5557 GOARI
2214 5499 2446 5555 ΝΟΤίΕ.

311 5605 419 5679 (II)
449 5603 737 5679 Xylander
776 5602 1019 5679 ditioni;
1046 5600 1241 5659 verius
1272 5601 1389 5674 regi
1415 5618 1436 5659 :
1465 5601 1642 5659 crates
1683 5600 1890 5675 Bulga-

236 5676 357 5737 rioa
385 5676 589 5754 lingua
618 5693 736 5736 rex.
772 5676 953 5736 Gem.

2069 5600 2178 5676 (12)
2207 5600 2373 5656 Arma
2395 5601 2523 5673 jam
2553 5598 2871 5693 significat,
2905 5614 3022 5656 non
3051 5614 3267 5655 currus.
3300 5596 3486 5656 Gen.
