3968 6140
214 378 305 439 261
1331 371 1695 432 HISTORIA
1712 369 1875 430 RUM
1923 368 2457 430 COMPENDIUM.

3481 368 3600 428 262

212 505 459 571 διαλαθὼν
512 504 718 582 ἔφυγεν·
774 504 826 559 οἱ
877 501 934 559 δὶ
981 507 1060 575 τῷ
1118 501 1177 558 ἐκ
1235 499 1503 579 βασιλέως
1552 497 1657 555 δέει
1702 497 1839 573 βαλ-

1969 515 2078 566 nes,
2112 499 2295 554 altera
2325 498 2670 563 Deleanum,
2702 498 3150 553 Teiehomerum
3194 497 3375 554 altera
3402 514 3601 571 regem

211 596 416 670 λόμενοι
464 592 789 650 ἀποστασίαν
837 614 897 648 τε
950 590 1216 667 μελετῶσι
1263 592 1353 647 καί
1400 612 1521 646 τινα
1567 594 1676 644 τῶν
1718 609 1842 642 συν-

208 686 359 742 όντων
408 685 592 746 αὐτοῖς
645 687 1016 758 στρατιωτῶν,
1063 681 1412 757 Τειχομηρὸν
1462 676 1727 751 τοῦνομα,
1761 674 1845 731 ἐπ’

208 771 380 851 ἀνδρίᾳ
424 772 511 828 καὶ
568 771 773 827 συνέσει
837 772 1352 847 μεμαρτυρημένον,
1419 767 1644 844 βασιλέα
1704 787 1841 843 προ-

206 864 516 941 χειρίζονται
564 860 905 937 Βουλγαρίας
940 904 953 919 .
1018 860 1119 917 Καὶ
1180 858 1374 915 λοιπὸν
1434 858 1684 934 γεγόνασι
1746 854 1841 910 δύο

207 953 400 1014 στάσεις
457 951 811 1027 Βουλγάρων,
870 953 907 1020 ἡ
970 951 1063 1024 μὲν
1121 950 1214 1005 τὸν
1267 948 1527 1004 Δελεάνον
1585 948 1842 1023 ἀνευφη-

211 1045 393 1114 μοῦσα,
424 1042 619 1115 θατέρα
667 1038 724 1095 δὲ
768 1041 858 1095 τὸν
912 1038 1287 1114 Τειχομηρόν.
1320 1037 1476 1095 Ἀλλ’
1510 1037 1537 1091 6
1577 1034 1844 1098 Λελεάνος

206 1130 482 1205 γράμματα
535 1128 729 1205 φιλικά
771 1129 907 1202 πρὸς
958 1128 1049 1183 τὸν
1107 1127 1454 1203 Τειχομηρὸν
1504 1125 1714 1200 γράψας
1750 1124 1838 1177 καὶ

209 1218 284 1272 ἐπὶ
334 1218 716 1295 κοινοπραγίαν
768 1216 1025 1288 καλέσας,
1072 1211 1278 1272 ἔπεισεν
1335 1214 1532 1270 ἐλθεῖν.
1590 1212 1738 1267 Ἐπεὶ
1785 1208 1842 1266 δὲ

207 1308 376 1378 ἡνώθη
429 1308 496 1362 τὰ
556 1305 651 1362 δύο
710 1308 1028 1379 συστήματα
1078 1311 1184 1361 τῶν
1237 1302 1594 1379 Βουλγάρων,
1640 1321 1841 1376 συγκα-

209 1394 482 1469 λεσάμενος
543 1397 779 1458 ἅπαντας
840 1397 867 1449 ὁ
928 1392 1191 1457 Δελεάνος
1249 1389 1570 1469 παρεκάλει,
1638 1390 1683 1445 εἰ
1745 1390 1838 1462 μὲν

202 1484 710 1563 πεπληροφόρηνται
739 1484 844 1539 ἀπὸ
875 1489 971 1539 τοῦ
1024 1482 1291 1557 Σαμουὴλ
1341 1479 1516 1537 ἕλκειν
1555 1479 1710 1534 αὐτὸν
1741 1479 1843 1548 τὴν

205 1574 368 1648 σειράν
401 1574 486 1627 καὶ
540 1573 629 1628 ὑπ’
676 1573 844 1629 αὐτοῦ
899 1570 1172 1647 αἱροῦνται
1230 1567 1628 1646 βασιλεύεσθαι,
1679 1566 1839 1623 ἐκπο-

204 1658 300 1716 δὼν
353 1662 681 1733 ποιήσασθαι
737 1663 827 1716 τὸν
874 1660 1261 1736 Τειχομηρὸν,
1323 1658 1369 1713 εὶ
1428 1656 1473 1713 δ’
1531 1656 1841 1731 ἀπότροπον

203 1749 372 1813 αὐτοῖς
417 1754 603 1821 τοῦτο,
662 1749 820 1806 αὐτὸν
881 1751 975 1823 μὲν
1037 1746 1525 1820 ἀποσκευάσασθαι,
1577 1748 1840 1822 ἄρχεσθαι

204 1836 254 1893 δὲ
286 1839 383 1895 ὑπὸ
412 1844 510 1895 τοῦ
558 1844 931 1915 Τειχομηροῦ.
970 1865 991 1891 ι
1036 1838 1140 1894 Δύο
1169 1839 1295 1913 γάρ,
1328 1837 1512 1916 φησὶν,
1545 1835 1839 1940 ..ἐριθακοὺς
1878 1876 1919 1940 Β

205 1926 289 2000 μία
334 1927 525 2004 λόχμη
575 1927 637 1984 οὐ
686 1927 890 2007 τρέφει,
943 1925 1064 1982 οὔτε
1118 1928 1215 2001 μία
1245 1928 1406 2002 χώρα
1447 1922 1843 1996 εὐοδωθήσεται

207 2017 299 2072 ὑπὸ
328 2015 421 2072 δύο
465 2012 853 2091 κυϐερνωμένη
907 2017 1192 2093 ἀρχηγῶν.
1230 2040 1257 2067 ››
1290 2019 1472 2073 Ταῦτα
1503 2012 1559 2070 δὶ
1590 2014 1837 2076 εἰπόντος

202 2106 350 2161 αὖτοῦ
410 2102 644 2182 θόρυϐός
697 2128 758 2162 τε
827 2106 969 2180 ἤρθη
1029 2105 1247 2177 πολὺς,
1304 2104 1392 2159 καὶ
1453 2104 1615 2178 μόνον
1679 2102 1837 2158 αὐτὸν

208 2194 488 2270 βούλονται
550 2195 694 2272 ἔχειν
747 2192 943 2273 ἔφασαν
1000 2195 1374 2271 αὐτοκράτορα
1421 2192 1689 2270 ἀρχηγόν.
1744 2191 1840 2246 Καὶ

202 2286 301 2357 ἅμα
352 2288 420 2358 τῇ
501 2282 679 2360 βουλῇ
760 2284 946 2348 λίθους
1004 2282 1229 2359 ἄραντες
1287 2280 1695 2337 λιΟολευστοῦσι
1752 2282 1844 2335 τὸν

201 2370 373 2435 ἄθλιον
431 2373 817 2448 Τειχομηρόν.
869 2372 967 2427 Καὶ
1019 2373 1047 2426 ὁ
1081 2373 1177 2445 μὲν
1230 2370 1303 2433 ὡς
1356 2370 1406 2425 έν
1453 2369 1644 2445 ὀνείρῳ
1689 2366 1842 2441 δόξας

1953 588 2243 644 salutans.
2279 588 2361 643 Ibi
2412 588 2702 643 Deleanus
2752 586 3195 642 Teichomerum
3250 604 3351 659 per
3380 588 3605 645 litteras

1954 678 2024 732 ad
2058 678 2397 733 societatem
2435 676 2743 732 invitatum
2798 677 2866 731 ad
2901 692 2961 731 se
2996 676 3322 747 pertrahit;
3357 693 3609 749 cumque

1952 767 2011 822 in
2045 784 2229 821 unum
2258 766 2569 822 coiisssent
2600 765 2799 837 copiae,
2835 766 2891 820 in
2943 766 3282 822 concionem
3315 766 3608 823 universis

1954 857 2248 912 advocatis
2280 855 2540 927 postulat
2574 862 2634 910 ut
2684 854 2978 926 siquidem
3013 872 3076 911 se
3109 872 3142 910 a
3172 856 3443 911 Samuelo
3470 873 3607 928 pro-

1952 951 2197 1018 gnatum
2230 950 2386 1001 certo
2410 946 2713 1000 crederent
2735 961 2799 999 ac
2823 961 2885 999 se
2913 961 3102 1013 regem
3127 945 3342 1000 habere
3366 944 3601 1014 vellent,

1952 1033 2402 1087 Teichomerum
2435 1036 2741 1087 amoveant
2775 1048 2786 1085 :
2828 1030 2916 1086 sin
2953 1032 3009 1085 id
3045 1049 3156 1087 non
3192 1032 3507 1103 videretur,
3542 1049 3606 1089 se

1953 1121 2225 1177 abdicare
2276 1125 2332 1176 et
2381 1136 2625 1193 regnum
2676 1119 3053 1175 Teichomero
3105 1121 3489 1192 permittere:
3540 1126 3608 1178 ut

1951 1210 2103 1266 enim
2136 1210 2284 1265 duos
2316 1210 2611 1265 erithacos
2654 1226 2838 1264 unum
2872 1210 3178 1265 orbustum
3216 1227 3328 1266 non
3361 1210 3486 1282 alit,
3519 1213 3605 1268 sic

1954 1316 2137 1355 unum
2171 1316 2418 1371 regnum
2449 1298 2694 1354 feliciter
2712 1316 2745 1354 a
2771 1298 3001 1353 duobus
3021 1298 3388 1370 principibus
3410 1300 3603 1356 admi-

1951 1389 2187 1444 nistrari
2222 1406 2335 1443 non
2388 1405 2580 1459 posse.
2612 1387 2743 1443 Haec
2778 1405 2843 1442 eo
2894 1388 3009 1449 fato
3056 1389 3297 1459 grandis
3346 1390 3605 1447 exoritur

1949 1478 2244 1533 tumultus
2269 1498 2282 1546 ;
2307 1477 2719 1548 vociferatique
2744 1494 2806 1533 se
2828 1475 2935 1532 soli
2963 1476 3208 1533 Deleano
3232 1493 3480 1550 regnum
3504 1480 3603 1536 de-

1950 1567 2119 1634 ferre,
2146 1566 2304 1622 illico
2325 1566 2625 1638 lapidibus
2651 1565 2934 1621 miserum
2961 1565 3125 1621 illum
3150 1571 3206 1621 et
3230 1584 3407 1639 regno
3432 1568 3605 1641 quasi

1949 1653 2424 1725 perinsomnium
2440 1653 2591 1709 529
2608 1652 3606 1727 potitumTeictherumobruunt.

1950 1743 2238 1799 Deleanus
2269 1743 2433 1798 solus
2464 1758 2698 1797 omnem
2724 1747 2932 1797 nactus
2966 1748 3313 1813 potestatem
3337 1763 3473 1801 suas
3505 1762 3606 1802 co-

1951 1833 2077 1905 pias
2108 1832 2179 1887 ad
2211 1830 2691 1888 Thessalonicam
2740 1836 2941 1887 contra
2971 1831 3385 1904 imperatorem
3421 1835 3604 1892 ducit.

1952 1922 2061 1977 Sed
2096 1921 2189 1975 hic
2222 1920 2614 1991 incomposito
2647 1920 2880 1992 agmine
2912 1922 3255 1993 Byzantium
3289 1924 3452 1992 abiit,
3477 1941 3610 1980 om-

1949 2011 2125 2067 nibus
2156 2011 2611 2083 impedimentis,
2633 2027 2698 2067 ac
2729 2012 3017 2082 quidquid
3049 2018 3173 2067 erat
3202 2014 3353 2081 auri,
3381 2016 3609 2085 argenti

1950 2118 2017 2157 ae
2049 2101 2319 2167 vestium,
2353 2099 2595 2155 relictis.
2629 2102 2818 2171 Atque
2846 2118 2909 2155 ea
2933 2101 3238 2157 Manuelus
3271 2104 3466 2160 Ibatza
3488 2106 3605 2161 im-

1952 2190 2235 2263 peratoris
2267 2189 2623 2245 domesticus
2640 2206 2839 2245 secum
2861 2191 3089 2246 auferre
3115 2196 3172 2246 et
3190 2193 3601 2263 sequijussus,

1954 2280 2206 2351 acceptis
2237 2279 2330 2346 iis,
2367 2295 2499 2333 cum
2533 2279 2818 2334 Coctonita
2848 2280 3101 2349 quodam
3137 2282 3407 2339 eunucho
3437 2284 3603 2341 cubi-

1957 2369 2177 2425 culario
2209 2369 2279 2424 ad
2313 2368 2628 2424 Deleanum
2660 2368 2917 2423 transiit.

200 2461 337 2533 ἄρξαι
397 2461 488 2515 σὺν
543 2465 613 2535 τῇ
664 2461 815 2537 ἀρχῇ
863 2459 1216 2534 καταστρέφει
1263 2459 1353 2513 καὶ
1402 2459 1500 2527 τὴν
1554 2460 1718 2529 ζωὴν,
1750 2462 1894 2511 πᾶσα
1944 2453 2001 2510 δὶ
2048 2458 2082 2525 ἡ
2135 2454 2345 2525 ἐξουσία
2392 2454 2701 2527 μεθίσταται
2754 2454 2828 2516 εἷς
2876 2456 2967 2509 τὸν
3006 2455 3289 2514 Δελεάνον.
3332 2459 3504 2521 Οὗτος
3556 2456 3584 2513 ὃ

200 2551 287 2611 τὰς
351 2547 604 2623 δυνάμεις
670 2551 804 2625 ἄρας
879 2551 1086 2613 ἁπάσας
1170 2548 1333 2622 ἀπῄει
1418 2547 1556 2622 πρὸς
1638 2544 2037 2616 Θεσσαλονίκην
2123 2546 2257 2599 κατά
2340 2548 2434 2598 τοῦ
2525 2541 2810 2619 βασιλέως.
2870 2547 3045 2620 ’Όπερ
3134 2548 3317 2617 μαθὼν
3398 2547 3603 2611 ἐκεῖνος

198 2640 526 2705 ἀσυντάκτως
586 2638 767 2717 ᾤχετο
838 2640 915 2703 εἷς
980 2642 1041 2695 τὸ
1109 2641 1426 2711 Βυζάντιον,
1459 2636 1775 2692 καταλιπὼν
1839 2642 2009 2691 πᾶσαν
2069 2637 2168 2703 τὴν
2228 2635 2532 2703 ἀποσκευὴν
2587 2634 2676 2688 καὶ
2731 2636 2829 2702 τὴν
2890 2637 3090 2705 σκηνὴν
3139 2638 3227 2691 καὶ
3283 2638 3405 2692 ὅσον
3466 2659 3603 2714 χρυ-

201 2730 305 2783 σῖον
365 2731 429 2799 ἧν
489 2730 581 2785 καὶ
631 2728 864 2806 ἄργυρος
920 2729 1010 2784 καὶ
1076 2729 1382 2806 ὑφάσματα,
1435 2727 1568 2802 ἅπερ
1628 2726 1884 2793 ΜθνουὴΛ
1918 2727 1945 2779 6
1980 2719 2247 2794 Ἰϐάτζης,
2280 2724 2628 2796 ᾠκειωμένος
2685 2720 2757 2776 ὢν
2810 2728 2888 2796 τῷ
2948 2724 3181 2799 βασιλεῖ,
3238 2728 3603 2803 προσταχθεὶς

199 2816 473 2894 ἀφελέσθαι
511 2819 601 2873 καὶ
656 2816 1067 2887 ἐπακολουθεῖν,
1120 2811 1527 2889 ἀναλαϐόμενος
1572 2814 1973 2891 προσεχώρησε
2019 2818 2099 2885 τῷ
2148 2812 2391 2885 Δελεάνῳ
2445 2812 2579 2886 μετά
2625 2812 2713 2866 καί
2762 2833 2910 2877 τινος
2958 2814 3313 2885 Κοιτωνίτου,
3349 2817 3466 2878 ἑνὸς
3495 2821 3602 2871 τῶν

198 2904 557 2980 θαλαμπὸλων
590 2906 676 2961 εὐν
692 2906 908 2963 ούχων.

262 2998 449 3072 Γέγονε
475 2994 534 3052 δὲ
564 2996 656 3051 καὶ
688 2996 907 3072 αὐχμὸς
959 2995 1095 3050 κατὰ
1145 2999 1335 3050 τοῦτον
1385 2993 1477 3048 τὸν
1510 2993 1733 3068 χρόνον,
1767 2992 1841 3054 ὡς

200 3083 381 3161 σχεδὸν
428 3086 873 3163 ἀποξηρανθῆναι
921 3086 1017 3147 τάς
1071 3083 1337 3163 ἀφθόνους
1389 3083 1569 3156 πηγάς
1600 3080 1845 3145 καὶτοὺς

198 3173 435 3237 ἀεννάους
499 3173 812 3248 ποταμούς.
861 3172 1108 3248 Ἐγένετο
1154 3170 1212 3226 δὲ
1273 3171 1363 3226 καὶ
1417 3169 1741 3245 ἐμπρησμὸς
1790 3168 1841 3225 ἐν

197 3266 262 3336 τῇ
313 3264 651 3337 Ἐξαρτήσει,
706 3261 843 3317 κατά
896 3262 996 3331 τὴν
1047 3262 1091 3325 ς’
1145 3264 1240 3315 τοῦ
1290 3258 1602 3333 Αὐγούστου
1648 3259 1843 3331 μηνὸς,

200 3352 279 3405 καὶ
310 3350 710 3429 ὶνεπρήσθηςαν
770 3352 825 3405 αἱ
876 3349 1048 3405 ἐκεῖσε
1094 3350 1373 3423 ἱστάμεναι
1404 3352 1569 3402 πᾶσαι
1598 3349 1842 3424 τριήρεις

206 3442 330 3512 μετά
357 3447 455 3511 τῆς
489 3442 695 3496 ἑαυτῶν
728 3445 1100 3515 παρασκευῆς.

2025 2994 2214 3049 Tanta
2238 2992 2413 3049 etiam
2464 2993 2702 3050 siccitas
2752 3010 2817 3049 eo
2868 2996 3127 3066 tempore
3178 2994 3289 3051 fuit
3337 2997 3600 3069 utjuges

1952 3082 2140 3137 fontes
2189 3098 2253 3136 ac
2304 3099 2587 3153 perennes
2642 3082 2800 3137 ﬂuvii
2852 3084 3032 3138 ferme
3078 3084 3431 3141 exaruerint.
3471 3087 3604 3143 Fuit

1952 3172 2128 3227 etiam
2158 3171 2495 3227 incendium
2528 3173 2586 3226 in
2622 3171 2880 3227 Exartesi
2902 3173 2936 3225 6
2959 3172 3049 3227 die
3076 3173 3350 3244 Augusti,
3378 3191 3606 3232 omnes-

1953 3277 2067 3331 que
2119 3260 2201 3315 ibi
2257 3265 2481 3316 stantes
2528 3260 2797 3317 triremes
2855 3278 2990 3316 cum
3042 3261 3168 3317 suis
3221 3264 3606 3320 armamentis

1953 3350 2409 3421 conﬂagrarunt.

262 3530 319 3587 Ὁ
347 3526 403 3585 δὲ
434 3529 699 3592 Δελεανος
750 3528 1281 3599 ἀποσκευασάμενος,
1333 3526 1406 3588 ὡς
1451 3521 1697 3598 εἷ’πομεν,
1740 3524 1832 3579 τὸν

2021 3529 2305 3585 Caeterum
2332 3528 2616 3585 Deleanus
2638 3528 2901 3598 gnaviter
2923 3546 3042 3585 rem
3068 3531 3275 3602 gessit,
3300 3531 3603 3615 missoque

206 3620 546 3698 Τειχομηρὸν
614 3619 703 3674 καὶ
779 3619 994 3673 πάντων
1068 3620 1177 3671 τῶν
1245 3613 1580 3691 πραγμάτων
1660 3612 1847 3689 κύριος

208 3708 457 3772 καταστὰς
514 3708 779 3783 γενναίως
833 3704 1073 3781 ἐξηγεῖτο
1131 3708 1238 3759 τῶν
1296 3702 1489 3779 ἔργων.
1550 3703 1651 3760 Καὶ
1709 3702 1846 3776 πρό-

206 3816 347 3871 τερον
408 3797 507 3870 μὲν
567 3794 894 3857 ἀποστείλας
952 3794 1164 3863 πλῆθος
1220 3792 1518 3868 στρατηγὸν
1575 3790 1702 3867 ἔχον
1751 3790 1843 3846 τὸν

210 3881 223 3894 .
310 3884 320 3901 ,
735 3886 745 3903 ,
1139 3881 1153 3900 ,
1323 3880 1405 3899 ,,,
1682 3880 1696 3905 ,
1800 3878 1810 3897 ,

210 3903 488 3960 Λεγομενον
561 3891 843 3941 Καυκανον
917 3881 1029 3938 εἷλε
1098 3902 1162 3937 το
1237 3889 1539 3956 Δυρράχιον
1592 3923 1603 3935 .
1703 3884 1846 3933 Δπε-

207 3972 371 4029 στειλε
423 3972 483 4030 δὲ
530 3974 621 4028 καὶ
676 3973 928 4048 στρατιάν
986 3971 1164 4027 ἐτέοαν
1225 3968 1277 4025 έν
1329 3966 1577 4037 Ἑλλάδι,
1621 3988 1849 4043 στρατη-

205 4063 463 4136 γουμένην
532 4063 621 4118 ὑπ’
681 4062 966 4135 Ἀνθίμου·
1028 4059 1176 4134 ᾗτινι
1246 4059 1571 4119 ὑπαντιάσας
1630 4059 1657 4111 6
1717 4054 1846 4110 Ἀλ-

208 4147 496 4215 λακασσεὺς
580 4151 670 4207 καὶ
754 4149 1024 4223 συμμίξας
1109 4147 1163 4203 έν
1256 4142 1459 4219 Θήϐαις
1544 4147 1844 4222 τρέπεται,

208 4240 283 4293 καὶ
314 4242 616 4318 ἀναιρεῖται
669 4238 881 4309 πλῆθος
932 4243 1039 4293 τῶν
1089 4232 1346 4308 Θηϐαίων
1402 4238 1482 4309 [Ρ.
1514 4237 1641 4307 747]
1678 4233 1844 4291 πολ-3.

206 4328 327 4383 Τότε
372 4326 440 4399 δὴ
491 4329 586 4384 καὶ
635 4329 698 4383 τὸ
750 4329 888 4401 θέμα
935 4332 1041 4382 τῶν
1084 4324 1489 4393 Νικοπολιτῶν,
1518 4321 1665 4393 πλὴν
1708 4330 1847 4378 Ναυ-

210 4416 424 4491 πάκτου,
456 4416 772 4494 προσεῤῥύη
817 4414 1164 4491 Βουλγάροις
1198 4412 1267 4470 δι’
1298 4413 1469 4469 αἰτίαν
1519 4414 1617 4483 τὴν
1670 4412 1847 4489 ῥηθή-

206 4517 373 4570 σεσθαι
457 4504 795 4580 μέλλουσαν.
876 4506 1168 4574 Βυζάντιος
1230 4504 1331 4579 γάρ
1415 4523 1497 4564 τις
1569 4500 1850 4577 ἄνθρωπος

206 4592 450 4665 Ἰωάννης
502 4593 772 4667 τοῦνομα,
804 4593 1189 4667 Κουτζομύτης
1223 4594 1334 4665 (13)
1380 4592 1477 4660 τὴν
1510 4589 1848 4663 ἐπωνυμίαν,

206 4684 451 4758 πράκτωρ
502 4689 614 4739 τῶν
674 4682 846 4738 ἐκεῖσε
904 4680 1187 4756 δημοσίων
1239 4680 1420 4758 φόρων
1466 4679 1728 4754 πεμφθεὶς
1759 4680 1849 4734 καὶ

210 4769 409 4845 βαρέως
464 4773 972 4848 προσενηνεγμένος
1044 4775 1162 4832 τοῖς
1217 4768 1516 4844 ἐγχωρίοις
1575 4769 1747 4839 ἑαυτῷ
1792 4788 1850 4823 τε

207 4857 418 4936 ὄλεθρον
488 4860 814 4937 προεξένησε
870 4860 960 4915 καὶ
1018 4856 1360 4919 ἀποστάσεως
1424 4854 1594 4919 αἶ’τιος
1659 4856 1849 4931 γέγονε

204 4948 311 5011 τοῖς
386 4949 810 5012 Νικοπολίταιςο
878 4950 953 5023 μὴ
1031 4947 1277 5026 φέροντες
1346 4946 1448 5021 γάρ
1523 4946 1619 5014 τὴν
1681 4945 1844 5001 cat-3:05

208 5033 508 5109 πλεονεξίαν
564 5038 943 5105 ἀποστατοῦσι,
989 5041 1080 5093 καὶ
1128 5036 1285 5091 αὐτὸν
1337 5036 1428 5107 μὲν
1478 5034 1552 5095 εἷς
1588 5036 1724 5110 μέρη
1757 5035 1845 5089 καὶ

210 5124 344 5197 μέλη
401 5127 723 5201 κατέτεμον,
783 5126 933 5182 αὐτοὶ
992 5124 1049 5182 δὲ
1113 5126 1203 5181 τὸν
1266 5121 1491 5200 βασιλέα
1551 5120 1844 5201 δυσφημή-

209 5232 382 5277 σαντες
440 5216 727 5290 Ῥωμαίων
779 5222 895 5278 τοῖς
952 5214 1289 5290 Βουλγάροις
1343 5212 1709 5287 προσέθεντο.
1769 5214 1847 5270 Οὐ

206 5308 455 5360 τοσοῦτον
514 5303 571 5360 δὲ
619 5302 707 5360 διὰ
751 5306 813 5361 τὸ
857 5306 991 5381 πρὸς
1040 5305 1131 5359 τὸν
1184 5301 1440 5358 Δελεάνον
1482 5300 1709 5379 φίλτρον
1742 5301 1845 5381 ἀφ-

209 5390 425 5462 ηνίασαν
455 5395 546 5451 καὶ
572 5396 664 5451 τὸν
697 5394 1003 5469 Ῥωμαϊκὸν
1047 5393 1206 5470 ζυγὸν
1260 5389 1556 5467 ἀπέρριψαν
1603 5392 1727 5447 ὅσον
1758 5390 1847 5448 διὰ

1952 3619 2207 3675 exercitu
2238 3620 2384 3674 duce
2411 3619 2679 3674 Caucano
2711 3619 3091 3691 Dyrrachium
3123 3620 3295 3692 cepit.
3320 3621 3599 3693 Aliaeque

1952 3707 2013 3763 in
2036 3708 2312 3763 Graeciam
2337 3710 2533 3780 copias
2556 3708 2718 3763 misit
2739 3708 2979 3763 ductore
3002 3709 3298 3780 Anthimo,
3323 3711 3415 3766 cui
3439 3712 3598 3782 apud

1954 3797 2186 3853 Thebas
2215 3797 2442 3852 obviam
2472 3799 2660 3852 factus
2679 3796 3048 3852 Allacasseus
3076 3798 3278 3854 multis
3302 3799 3600 3857 Thebanis

1954 3886 2162 3942 occisis
2184 3886 2436 3957 pellitur.
2460 3891 2618 3941 Tunc
2642 3890 2818 3941 etiam
2845 3886 3144 3957 provincia
3165 3886 3602 3958 Nicopolitana,

1954 3975 2082 4030 sola
2120 3981 2359 4045 excepta
2405 3975 2729 4046 Naupacto,
2782 3976 2851 4029 ad
2903 3975 3188 4045 Bulgaros
3237 3976 3503 4032 descivit.
3537 3978 3606 4034 Et

1954 4064 2110 4119 enim
2136 4063 2487 4136 Byzantinus
2501 4064 2740 4135 quidam
2761 4064 3018 4119 Joannes
3038 4064 3430 4137 Cutzomytes,
3447 4067 3602 4123 530

1957 4152 2178 4208 missus
2198 4153 2267 4208 ad
2287 4153 2639 4224 exigendum
2663 4153 2960 4224 publicum
2990 4154 3299 4223 tributum,
3326 4171 3457 4211 cum
3486 4155 3603 4211 ini-

1956 4242 2131 4313 quius
2164 4246 2435 4296 tractaret
2464 4242 2705 4308 incolas,
2730 4242 2842 4296 sibi
2878 4242 2988 4312 ipsi
3021 4244 3269 4299 exitium
3304 4245 3606 4315 paravitet

1954 4330 2103 4402 ipsis
2133 4331 2441 4386 deiiciendi
2473 4329 2838 4385 occasionem
2894 4332 3160 4401 praebuit.
3214 4338 3311 4387 Est
3341 4334 3498 4389 enim
3531 4334 3604 4390 ab

1955 4420 2102 4491 ipsis
2133 4420 2205 4474 ob
2232 4418 2657 4474 intolerabilem
2685 4418 2989 4474 avaritiam
3010 4418 3069 4473 in
3091 4421 3276 4475 frusta
3293 4422 3566 4478 concisus
3590 4440 3604 4484 ;

1957 4512 2013 4564 et
2043 4508 2438 4564 Romanorum
2470 4508 2882 4580 imperatorem
2906 4510 3286 4579 detestantes,
3320 4512 3603 4582 ejusjugo

1956 4614 2222 4663 excusso,
2300 4596 2569 4669 Bulgaris
2648 4615 2709 4653 se
2783 4599 3238 4669 conjunxerunt,
3298 4616 3413 4654 non
3481 4604 3603 4655 tam

1957 4686 2152 4742 studio
2185 4685 2419 4741 Dcleani
2454 4685 2715 4757 impulsi,
2750 4704 2925 4757 quam
2980 4687 3109 4742 odio
3141 4686 3604 4759 orphanotrophi

1958 4774 2029 4829 ob
2063 4773 2506 4828 insaturabilem
2554 4775 2681 4844 ejus
2732 4776 2792 4829 in
2823 4776 3227 4831 exactionibus
3277 4775 3605 4831 avaritiam.

1958 4861 2101 4917 Nam
2140 4862 2385 4918 Basilius
2411 4863 2646 4934 quidem
2669 4863 3007 4935 imperator,
3038 4881 3153 4936 quo
3177 4870 3437 4936 tempore
3460 4866 3606 4921 sub-

1955 4950 2069 5021 egit
2092 4950 2393 5023 Bulgaros,
2418 4952 2819 5024 nihilprorsus
2837 4952 3267 5019 immutaverat,
3284 4954 3383 5010 sed
3408 4956 3607 5011 omnia

1958 5040 2206 5111 pristina
2255 5042 2585 5097 conditione
2634 5060 2870 5097 manere
2920 5043 3288 5113 permiserat,
3335 5059 3524 5115 neque
3573 5062 3608 5101 a

1958 5129 2213 5185 Samueli
2244 5131 2541 5186 exactione
2573 5130 2749 5186 aliam
2784 5131 3057 5187 instituit.
3094 5133 3174 5187 Ea
3196 5138 3393 5187 autem
3417 5133 3608 5188 fuerat

1958 5222 2023 5273 ut
2054 5219 2383 5290 quicunque
2409 5220 2927 5292 Bnlgarusjugum
2961 5222 3137 5276 boum
3171 5220 3531 5292 possidebat,
3556 5220 3607 5276 is

1955 5308 2013 5362 in
2049 5306 2349 5379 publicum
2380 5310 2669 5365 conferret
2699 5326 2883 5364 unum
2914 5310 3215 5380 frumenti,
3241 5327 3425 5366 unum
3458 5309 3608 5365 milii

1958 5397 2216 5453 modium
2249 5400 2306 5453 et
2342 5397 2464 5454 vini
2496 5415 2728 5455 urnam.
2762 5398 3291 5474 Orphanotrophus
3321 5400 3473 5457 eain
3502 5414 3609 5473 pe-

1381 5552 1757 5613 XYLANDRI
1798 5556 1888 5617 ET
1928 5556 2146 5615 GOARI
2187 5555 2421 5615 NOTAE.

277 5660 387 5736 (13)
416 5662 817 5741 Κουτζομύτης
844 5664 1043 5725 simus.
1076 5662 1258 5723 GOAR.
