3968 6140
315 344 432 404 263
1555 345 1558 348 ⁴
1663 337 1979 398 GEORGIl
2029 337 2366 400 CEDRENI
3611 349 3732 408 264

316 475 554 531 cuniam
587 475 862 530 mutarat.
883 472 1043 538 Quod
1069 472 1315 529 moleste
1332 471 1585 528 ferentes
1606 469 1966 542 Nicopolitze,

2152 489 2178 520 ν
2238 473 2334 523 τοῦ
2400 468 2854 547 ὀρφανοτρόφου·
2895 470 3204 542 ἀπληστίαν
3259 474 3350 528 καὶ
3428 474 3564 551 πρὸς
3639 476 3734 540 τὰς

319 566 516 621 oblata
562 564 867 621 occasione
915 562 1150 620 Deleani
1196 566 1381 629 motu,
1432 563 1692 617 Romano
1723 560 1966 631 imperio

2146 561 2382 635 ῖπράξεις
2419 557 2750 638 ὑπερϐολήν,
2787 561 3078 618 Βασιλείου
3125 565 3229 641 γὰρ
3285 570 3383 620 τοῦ
3445 567 3734 643 βασιλέως,

316 655 529 726 rejecto
562 655 632 709 ad
665 671 805 709 suos
834 651 1082 726 gentiles
1113 651 1436 707 redierunt.

2146 649 2314 720 τηνίκα
2353 649 2704 728 Βουλγάρους
2756 651 3114 729 ἐχειρώσατο,
3159 657 3234 728 μὴ
3286 661 3608 731 νεοχμῶσαι
3658 669 3738 722 θε-

318 743 590 812 λήσαντος
657 741 801 803 ὅλως
865 737 1005 813 μηδὲ
1058 740 1124 793 τὰ
1171 737 1462 814 πράγματα
1509 738 1883 810 μετακινῆσαι,
1935 735 2063 792 ἀλλ’
2106 736 2193 792 ἐπὶ
2242 747 2340 809 τῆς
2384 739 2549 811 αὐτῆς
2603 740 2813 814 μένειαν
2865 742 3238 805 καταστάσεως
3268 743 3358 799 καὶ
3391 744 3535 800 οὕτω
3595 742 3736 816 διεξο

315 833 530 908 ἄγεσθαι
589 833 768 895 καθώς
822 851 930 884 που
989 831 1015 884 6
1075 827 1340 902 Σαμουὴλ
1396 826 1710 904 διωρίσατο,
1743 827 1833 882 καὶ
1903 823 2109 881 διδόναι
2158 829 2250 884 τὸν
2305 834 2489 907 ζεῦγος
2552 832 2693 906 βοῶν
2747 829 2948 907 ἔχοντα
2996 831 3308 910 Βοόλγαρον
3370 834 3447 897 εἷς
3502 836 3564 890 τὸ
3622 856 3737 891 κοι-

313 922 403 975 νὸν
466 921 616 975 σίτου
679 917 866 993 μόδιον
923 916 1016 974 ἵνα
1071 918 1160 972 καὶ
1220 917 1466 992 κέγχρου
1522 920 1780 971 τοσοῦτον
1834 915 1924 970 καὶ
1973 914 2121 970 οἷ’νου
2183 918 2417 992 στάμνον
2468 917 2579 990 ἕνα,
2615 921 2642 974 ὁ
2673 919 3075 1000 ὁρφανοτρόφος
3106 923 3224 979 ἀντὶ
3253 928 3360 979 τῶν
3394 920 3553 978 εἰδῶν
3581 923 3739 998 νομί-

315 1031 494 1082 σματα
545 1007 785 1072 δίδοσθαι
845 1005 1154 1084 διωρίσατο.
1214 1011 1384 1081 Ὅπερ
1438 1007 1513 1079 μὴ
1577 1005 1820 1080 εὐφόρως
1878 1006 1929 1059 οἱ
1992 1004 2269 1080 ἐγχώριοι
2319 1006 2594 1085 φέροντες,
2657 1010 2900 1086 εὑρόντες
2960 1007 3016 1065 δὲ
3069 1012 3160 1066 καὶ
3231 1010 3421 1088 καιρὸν
3491 1009 3741 1087 εὔκαιρον

313 1100 408 1167 τὴν
467 1101 563 1153 τοῦ
618 1097 881 1154 Δελεάνου
941 1096 1269 1176 ἐπιφάνειαν,
1328 1097 1426 1165 τὴν
1484 1095 1800 1168 Ῥωμαϊκὴν
1869 1094 2216 1150 ἀπεσείσαντο
2265 1099 2564 1172 ἡγεμονίαν
2619 1099 2710 1154 καὶ
2766 1100 2902 1175 πρὸς
2977 1099 3040 1155 τὸ
3119 1101 3354 1176 ἀρχαῖον
3444 1099 3739 1177 ἐπανέδρα-

325 1209 424 1260 μον
457 1181 600 1251 ἔθος.

387 1297 504 1353 Ηοο
538 1302 796 1368 tempore
818 1297 1096 1353 adversus
1121 1296 1530 1368 imperatorem
1559 1291 1962 1363 conspiratum

315 1391 426 1458 est,
483 1387 847 1458 principibus
900 1386 1176 1447 facinoris
1229 1382 1512 1440 Michaelo
1556 1381 1852 1438 Cerulario
1909 1389 1964 1437 et

310 1477 538 1532 Joanne
568 1475 1009 1547 Macrempolita
1032 1474 1282 1545 aliisque
1309 1473 1521 1529 civium
1556 1471 1712 1525 haud
1737 1469 1960 1541 paucis.

314 1567 381 1620 Hi
415 1564 680 1636 relegati,
713 1565 867 1619 bona
911 1581 1117 1619 eorum
1149 1563 1464 1635 publicata.
1517 1560 1628 1616 Sed
1661 1564 1718 1614 et
1761 1562 1966 1613 contra

315 1653 765 1710 Constantinum
800 1669 1077 1722 magnum
1110 1652 1498 1708 domesticum
1533 1665 1624 1705 res
1658 1663 1815 1703 novae
1847 1647 1962 1702 Me-

311 1741 570 1799 sanactis
599 1746 852 1797 tentatas.
876 1741 1095 1797 Indicio
1118 1743 1266 1798 53]
1299 1740 1380 1796 rei
1411 1739 1624 1804 delato,
1645 1735 1964 1792 Michaelus

315 1832 559 1902 Gabras,
591 1830 954 1886 Theodosius
995 1830 1346 1886 Mesanictes
1381 1827 1669 1899 multique
1700 1825 1799 1881 alii
1833 1843 1963 1880 cen-

2146 1292 2386 1369 Ἐγένετο
2440 1292 2497 1348 δὲ
2545 1297 2678 1351 κατά
2723 1301 2915 1352 τοῦτον
2970 1297 3060 1352 τὸν
3129 1298 3316 1374 καιρὸν
3382 1296 3586 1372 μελέτη
3645 1320 3737 1353 τυ-

2076 1379 2315 1456 ραννίδος
2344 1385 2478 1438 κατά
2507 1382 2602 1439 τοῦ
2638 1385 2928 1460 βασιλέως,
2963 1381 3203 1462 ἔξαρχον
3254 1381 3460 1461 ἔχουσα
3503 1386 3738 1463 Μιχαὴλ

2071 1470 2162 1524 τὸν
2225 1471 2520 1547 λεγόμενον
2571 1472 2962 1550 Κηρουλάριον
3023 1475 3114 1530 καὶ
3148 1477 3405 1547 Ἰωάννην
3463 1477 3555 1531 τὸν
3612 1482 3737 1532 Μα-

2072 1555 2445 1634 κρεμϐολίτην
2490 1563 2580 1617 καὶ
2635 1561 2838 1626 ἄλλους
2889 1564 2988 1620 οὐκ
3035 1562 3256 1642 ὀλίγους
3313 1569 3420 1620 τῶν
3465 1564 3739 1637 πολιτῶν,

2073 1649 2126 1702 οἳ
2185 1649 2273 1703 καὶ
2332 1647 2684 1725 δημευθὲν-τες
2743 1653 3127 1730 ἐξωρίσθησαν.
3163 1655 3266 1712 Καὶ
3327 1655 3482 1730 ἑτέρα
3535 1652 3593 1710 δέ
3650 1676 3738 1718 τις

2073 1734 2418 1803 ἐπισόστασις
2464 1739 2654 1815 γέγονε
2701 1743 2836 1797 κατά
2885 1743 3291 1798 Κωνσταντίνου
3331 1749 3429 1798 τοῦ
3493 1742 3742 1819 μεγάλου

2077 1821 2401 1897 δομεστίκου
2487 1827 2540 1884 ἐν
2614 1831 2998 1894 Μεσανάκτοις·
3058 1834 3124 1901 ἧς
3183 1832 3516 1904 μηνυθείσης
3586 1833 3742 1905 αὐτῷ

315 1921 575 1976 turiones
605 1921 895 1988 cxcaecati,
922 1919 1235 1991 Gregorius
1257 1923 1453 1974 autem
1479 1916 1760 1989 patricius
1784 1915 1961 1970 Taro-

2378 1916 2470 1988 μὶν
2523 1918 2550 1972 6
2600 1914 2810 1996 Γαϐρᾶς
2857 1920 2947 1975 καὶ
2998 1918 3286 1983 Θεοδόσιος
3333 1922 3745 1994 ὁΜεσανύκτης

310 2009 452 2075 nita,
487 2009 587 2081 qui
636 2014 840 2064 auctor
890 2009 1166 2063 facinoris
1216 2008 1531 2076 ferebatur,
1582 2005 1766 2061 cruda
1811 2001 1964 2075 pelle

309 2098 473 2152 bovis
503 2103 692 2153 totum
725 2115 937 2168 corpus
963 2098 1355 2163 obductus,ut
1387 2095 1494 2151 soli
1518 2093 1750 2165 spiritui
1775 2092 1964 2148 exitus

304 2190 362 2242 et
413 2186 568 2242 oculi
624 2187 808 2258 aperti
867 2191 1084 2256 essent,
1146 2186 1218 2242 ad
1268 2183 1817 2256 orphanotrOphum
1872 2183 1990 2254 est_

308 2277 552 2332 missus.

2072 2002 2162 2055 καὶ
2199 2001 2363 2058 ἄλλοι
2396 2003 2603 2061 πολλοὶ
2655 2013 2762 2070 τῶν
2813 2014 3161 2084 ταγματικῶν
3219 2009 3502 2086 ἀρχόντων
3563 2011 3743 2082 ἐκπη-

2074 2094 2289 2163 ροῦνται
2319 2095 2450 2156 τούς
2484 2094 2826 2172 ὀφθαλμοὺς,
2861 2098 3162 2174 Γρηγόριον
3214 2097 3271 2152 δὲ
3308 2099 3597 2173 πατρίκιον
3647 2101 3744 2156 τὸν

2071 2180 2384 2253 Ταρωνίτην
2417 2181 2668 2259 ἔξαρχον,
2711 2186 2785 2248 ὡς
2837 2185 3070 2261 ἐλέγετο,
3099 2187 3186 2242 καὶ
3236 2189 3588 2264 πρωτουργὸν
3638 2195 3744 2258 τῆς

2073 2267 2376 2333 συστάσεως
2407 2269 2534 2328 ὄντα
2573 2275 2700 2349 ὠμῇ
2738 2274 2910 2350 βύρσῃ
2949 2276 3075 2351 βοὸς
3108 2273 3197 2330 διὰ
3226 2277 3425 2338 παντὸς
3475 2281 3573 2331 τοῦ
3631 2279 3746 2331 σώ-

310 2385 479 2437 ματος
506 2362 748 2437 κολύψας
776 2365 802 2417 ὁ
836 2368 1253 2435 Κωνσταντῖνος,
1287 2363 1373 2418 καὶ
1413 2363 1582 2436 μόνης
1609 2367 1708 2431 τῆς
1741 2358 2014 2421 ἀναπνοῆς
2049 2353 2230 2429 ἔξοδον
2266 2359 2418 2436 ἀφεὶς
2464 2364 2555 2418 καὶ
2585 2371 2686 2434 τῆς
2745 2360 2946 2439 ὅψεως,
2976 2365 3113 2442 πρὸς
3168 2366 3261 2420 τὸν
3322 2364 3745 2446 ὁρφανοτρόφον

309 2453 624 2510 ἀπέστειλε.

378 2566 543 2618 Anno
597 2562 805 2617 mundi
860 2563 1022 2629 6549,
1056 2562 1376 2617 indictione
1427 2577 1600 2625 nona,
1635 2573 1835 2613 mense
1863 2556 1962 2612 Se-

309 2652 582 2724 ptembri,
641 2650 969 2707 Alusianus
1028 2651 1310 2721 patricius
1379 2656 1437 2706 et
1483 2644 1963 2716 Theodosiopolis

311 2742 640 2812 praefectus,
675 2741 972 2795 secundus
1003 2740 1252 2794 Aaronis
1283 2738 1462 2805 filius,
1497 2737 1692 2792 subito
1723 2753 1792 2790 ex
1823 2735 1965 2789 urbe

315 2831 600 2901 profugus
633 2830 702 2883 ad
725 2829 1044 2883 Deleanum
1071 2845 1133 2882 se
1163 2827 1429 2882 contulit.
1451 2827 1596 2882 Cum
1630 2825 1784 2880 enim
1814 2825 1964 2893 inju-

315 2917 485 2972 stitia;
517 2922 828 2972 accusatus
860 2922 1035 2982 esset,
1061 2917 1407 2988 priusquam
1441 2916 1510 2970 de
1543 2932 1721 2970 causa
1751 2929 1966 2983 cogno-

315 3011 600 3074 sceretur,
648 3006 906 3061 Joannes
939 3009 1010 3060 ab
1060 3022 1125 3060 eo
1175 3010 1443 3076 exegerat
1490 3004 1616 3058 auri
1663 3003 1844 3058 libras
1873 3002 1963 3067 50,

323 3095 736 3165 ademeratque
785 3094 1064 3165 praedium
1116 3095 1270 3164 quod
1324 3093 1564 3165 synodis
1615 3091 1965 3161 patrimonio

319 3186 377 3238 in
409 3184 728 3240 Charsiano
759 3184 1029 3239 habebat.
1063 3187 1327 3254 Cumque
1357 3183 1562 3238 multis
1595 3183 1748 3253 apud
1779 3181 1965 3252 impe-

2146 2553 2508 2633 Σεπτεμϐρίῳ
2573 2556 2629 2614 δὲ
2693 2559 2850 2632 μηνὶ,
2911 2559 3250 2624 ίνδικτιῶνος
3307 2563 3351 2626 θ’
3400 2565 3498 2616 τοῦ
3570 2573 3746 2639 ,ςφμθ

2073 2639 2249 2712 ἔτους,
2302 2644 2650 2710 Ἀλουσιάνος
2699 2649 2982 2722 πατρίκιος
3036 2650 3127 2704 καὶ
3181 2651 3487 2727 στρατηγὸς
3549 2649 3756 2706 Θεοδο-

2075 2732 2434 2807 σιουπόλεως,
2485 2737 2513 2790 ὁ
2563 2741 2660 2792 τοῦ
2702 2739 2905 2814 Ἀαρὼν
2971 2737 3222 2815 δεύτερος
3270 2736 3589 2816 υἱὸς,ἄφνω
3646 2747 3751 2810 τῆς

2073 2821 2289 2886 πόλεως
2342 2822 2581 2901 ἀποδρὰς
2628 2830 2707 2899 τῷ
2753 2826 3001 2900 Δελεάνῳ
3053 2827 3430 2903 προσέρχεται
3471 2827 3522 2897 ἐξ
3565 2827 3748 2891 αἰτίας

2073 2912 2370 2983 τοιαύτης·
2433 2915 2516 2969 Ἐν
2579 2914 3034 2970 Θεοδοσιουπόλει
3102 2916 3193 2971 καὶ
3259 2916 3365 2992 γὰρ
3418 2922 3746 2992 στρατηγῶν

2078 3002 2233 3065 οὗτος
2281 3003 2369 3057 καὶ
2430 3004 2503 3066 ὡς
2556 3002 2739 3068 ἄδικος
2798 3005 3188 3081 κατηγορηθεὶ,
3237 3005 3364 3080 πρὶν
3412 3007 3446 3076 ἢ
3506 3005 3743 3075 ἐξετάσει

2078 3087 2396 3160 δοθῆναιτά
2437 3099 2553 3147 κατ’
2583 3095 2749 3148 αὐτοῦ
2807 3093 3104 3169 λεγόμενα,
3137 3095 3396 3168 ἅπτῃ-ἤθη
3442 3095 3589 3168 παρά
3645 3099 3744 3149 τοῦ

2081 3178 2332 3236 Ἰωάννου
2409 3181 2643 3257 χρυσίου
2713 3183 2901 3256 λίτρας
2959 3185 3022 3252 ν’,
3083 3184 3475 3261 προσαφῃρέθη
3537 3180 3594 3237 δὲ
3652 3183 3744 3237 καὶ

319 3279 572 3329 ratorem
607 3273 879 3345 precibus
910 3290 1020 3328 non
1054 3273 1408 3328 obtinuisset
1436 3279 1501 3327 ut
1531 3273 1621 3326 sui
1654 3272 1966 3326 haberetur

2150 3276 2380 3365 γαικεῑον
2438 3273 2670 3345 χωρίον,
2740 3271 2872 3348 ὅπερ
2951 3273 3094 3347 εἶχεν
3173 3270 3226 3326 ἐν
3300 3277 3382 3344 τῷ
3447 3274 3743 3346 Χαρσιανῷ

321 3362 824 3433 ratio,desperatis
842 3362 965 3416 suis
988 3362 1162 3416 rebus
1183 3361 1457 3416 Armenio
1480 3360 1680 3414 habitu
1706 3365 1965 3430 sumpto,

317 3452 723 3522 simulansque
755 3467 816 3506 se
849 3450 1046 3505 Basilii
1067 3451 1506 3505 Theodorocani
1534 3449 1817 3504 famulum
1842 3465 1970 3503 esse

319 3547 497 3611 atque
553 3540 1026 3594 Thessalonicam
1090 3540 1160 3592 ad
1213 3539 1621 3609 imperatorem
1680 3538 1784 3603 ire,
1819 3535 1970 3592 clam

319 3629 597 3683 omnibus
624 3628 872 3698 aufugit,
915 3627 1348 3698 Ostrobumque
1396 3629 1676 3697 pervenit,
1712 3628 1807 3681 ubi
1843 3633 1968 3680 tum

321 3735 452 3772 cum
483 3717 641 3771 omni
673 3716 927 3770 exercitu
947 3722 1139 3770 castra
1157 3715 1443 3771 Deleanus
1466 3715 1734 3769 habebat.
1762 3715 1972 3785 Magna

325 3809 479 3861 hunc
508 3821 641 3860 cum
676 3803 878 3859 laetitia
907 3805 1129 3875 accepit
1151 3803 1461 3874 Deleanus,
1495 3809 1763 3859 metuens
1797 3820 1866 3857 ne
1897 3805 1970 3858 ad

320 3896 514 3966 ipsum
547 3893 744 3966 potius
770 3893 1122 3948 inclinarent
1146 3892 1382 3964 Bulgari
1408 3899 1472 3947 ut
1500 3895 1658 3964 regio
1685 3893 1972 3964 sanguine

322 3991 524 4040 natum
559 4000 572 4039 :
607 3983 762 4040 532
785 3987 1140 4050 consortem,
1162 3988 1226 4036 ut
1248 3999 1362 4053 prae
1386 3999 1448 4037 se
1471 3983 1709 4047 ferebat,
1739 3980 1972 4052 imperii

319 4071 544 4142 ascivit,
578 4087 644 4125 ac
684 4087 817 4125 cum
870 4071 1125 4125 exercitu
1175 4069 1567 4141 quadraginta
1619 4067 1864 4123 millium
1897 4069 1970 4123 ad

321 4161 780 4232 oppugnandam
809 4158 1283 4214 Thessalonicam
1317 4158 1499 4223 misit,
1523 4158 1616 4212 cui
1650 4163 1792 4212 tunc
1823 4175 1969 4228 pras-

323 4253 448 4304 erat
476 4248 894 4304 Constantinus
921 4246 1230 4319 patricius,
1263 4245 1542 4318 patruelis
1573 4246 1968 4317 imperatoris.

327 4338 405 4392 Eo
434 4338 730 4408 profectus
762 4335 1084 4392 Alusianus
1117 4337 1320 4390 urbem
1352 4334 1506 4390 vallo
1530 4334 1731 4406 cingit,
1756 4350 1823 4390 ac
1844 4351 1967 4390 ma-

325 4425 516 4482 chinis
535 4425 786 4480 admotis
803 4441 1038 4479 summa
1060 4423 1682 4495 industriaOppugnat.
1699 4423 1814 4478 Sed
1834 4439 1969 4478 cum

327 4531 430 4587 per
459 4531 560 4570 sex
590 4513 716 4568 dies
746 4513 964 4567 frustra
1015 4516 1434 4583 oppugnasset,
1485 4511 1744 4583 undique
1775 4511 1970 4582 repul-

323 4619 566 4674 sus,spe
596 4601 999 4674 expugnandae
1022 4601 1268 4670 abiecta,
1285 4601 1589 4656 obsidione
1610 4617 1737 4655 eam
1763 4617 1969 4672 capere

2077 3357 2395 3417 κάλλιστον.
2451 3361 2670 3430 Δεηθεῖς
2729 3359 2787 3415 δὲ
2842 3361 2968 3437 περὶ
3041 3359 3238 3416 τούτου
3309 3365 3406 3414 τοῦ
3469 3359 3743 3436 βασιλέως

2078 3447 2264 3503 πολλά
2331 3451 2418 3503 καὶ
2484 3451 2558 3521 μή
2623 3449 2810 3524 τυχὼν
2873 3449 3228 3523 ἐπιστροφῆς,
3280 3452 3546 3512 πάντοθεν
3608 3450 3748 3504 ἀπο-

2079 3537 2264 3612 γνοὺς,
2297 3536 2498 3606 στολὴν
2541 3533 2724 3593 λαϐὼν
2757 3539 3054 3615 ’Δρμενίων
3114 3541 3202 3593 καὶ
3258 3537 3333 3602 ὠς
3378 3538 3522 3613 τάχα
3575 3537 3737 3614 θερά-

2079 3647 2197 3680 πων
2229 3632 2325 3680 τοῦ
2368 3625 2785 3702 Θεοδωροκάνου
2832 3627 3121 3684 Βασιλείου
3171 3627 3223 3689 ἐς
3273 3628 3363 3682 τὸν
3417 3629 3646 3702 βασιλέα
3691 3626 3745 3690 ἐς

2081 3714 2479 3786 Θεσσαλονίκην
2528 3717 2725 3785 ἀπιὼν,
2774 3715 2954 3780 λαθὼν
3012 3718 3252 3778 ἅπαντας
3316 3715 3480 3794 ἔφυγε
3534 3715 3629 3770 καὶ
3689 3715 3743 3771 ἐν

2079 3799 2360 3878 Ὀστροϐᾦ
2407 3802 2748 3874 διασώζεται,
2815 3809 2895 3878 [Ρ.
2947 3809 3073 3878 748]
3126 3805 3298 3860 ἐκεῖσε
3352 3803 3587 3859 πανσυδὶ
3644 3809 3744 3861 τοῦ

2081 3891 2341 3946 Δελεάνου
2417 3891 2977 3967 ἐστρατοπεδευμένου
3051 3894 3450 3969 τυγχάνοντος.
3526 3896 3742 3950 Τοῦτον

2081 3986 2398 4055 περιχαρῶς
2457 3979 2746 4055 δεξάμενος
2788 3983 2815 4036 ὁ
2863 3981 3123 4045 Δελεάνος
3170 3980 3448 4056 (ἐδεδοίκει
3505 3982 3614 4058 γάρ
3667 3984 3745 4056 μή

2079 4091 2196 4130 πως
2229 4075 2598 4145 προστεθῶσιν
2631 4070 2777 4143 αὐτῷ
2810 4069 3023 4144 μᾶλλον
3059 4071 3108 4127 οἱ
3162 4070 3476 4147 Βούλγαροι
3527 4072 3606 4132 ὡς
3667 4072 3746 4133 εἰς

2081 4157 2361 4232 βασιλικὸν
2413 4162 2551 4231 αἷμα
2601 4161 2699 4229 τὴν
2758 4160 3029 4237 ἀναφορὰν
3086 4157 3291 4236 ἔχοντι)
3323 4160 3412 4216 καὶ
3459 4162 3738 4216 κοινωνὸν

2079 4247 2154 4310 ὡς
2182 4244 2355 4302 ἐδόκει
2398 4255 2496 4318 τῆς
2545 4248 2822 4323 βασιλείας
2869 4248 3251 4327 παρειληφὼς,
3279 4251 3530 4326 στρατιάν
3590 4249 3746 4322 αὖτῷ

2081 4332 2272 4390 δίδωσι
2344 4334 2608 4412 χιλιάδας
2667 4337 3084 4414 τεσσαράκοντα,
3149 4335 3403 4403 ἀπελθεῖν
3478 4335 3748 4402 κελεύσας

2076 4424 2167 4479 καὶ
2207 4423 2634 4501 ἐκπολιορκῆσαι
2675 4425 3069 4498 Θεσσαλονίκην
3098 4445 3110 4458 ·
3165 4428 3318 4502 ἦρχε
3366 4424 3424 4481 δὲ
3470 4427 3594 4482 τόεε
3642 4434 3748 4496 τῆς

2077 4510 2294 4574 πόλεως
2394 4511 2798 4585 Θεσσαλονίκης
2873 4515 2901 4569 ὁ
2979 4518 3076 4569 τοῦ
3168 4514 3436 4589 βασιλέως
3526 4515 3753 4590 ἀνεψιὸς

2083 4603 2492 4664 Κωνσταντῖνος
2547 4602 2851 4678 πατρίκιος.
2901 4605 3001 4666 "Oc
3053 4601 3314 4667 ἀπελθὼλ
3382 4603 3473 4658 καὶ
3536 4605 3750 4681 τάφρον

323 4667 550 4749 statuit.
583 4667 875 4763 Oppidani
908 4667 1163 4760 quadam
1198 4689 1291 4744 die
1313 4689 1385 4743 ad
1412 4687 1793 4761 sepulchrum
1824 4667 1966 4744 mar-

2146 4685 2521 4766 ιριϐαλόμενος
2593 4690 2873 4764 ἐπιμελῶς
2943 4690 3126 4767 εἶ’χετο
3213 4698 3314 4761 τῆς
3387 4667 3746 4767 πολιορκίας.

323 4782 468 4855 tyris
507 4781 787 4837 Demetrii
839 4783 1235 4846 accesserunt,
1280 4777 1825 4850 supplicationeque
1871 4794 1975 4850 per

322 4879 507 4929 totam
542 4877 771 4928 noctem
804 4874 1012 4938 tracta,
1049 4869 1259 4940 usique
1294 4874 1590 4940 unguento
1626 4871 1776 4940 quod
1810 4887 1876 4924 ex
1906 4886 1974 4924 eo

325 4961 639 5034 sepulchro
687 4959 955 5024 scaturit,
989 4976 1104 5013 uno
1156 4957 1375 5028 impetu
1427 4960 1646 5028 apertis
1694 4959 1877 5029 portis
1915 4959 1975 5014 in

327 5051 608 5121 Bulgaros
641 5067 703 5105 se
747 5048 1090 5116 emiserunt,
1141 5047 1426 5102 habentes
1458 5063 1654 5102 secum
1687 5048 1974 5118 legionem

323 5139 867 5211 Magnanimorum;
896 5137 1243 5206 hostemque
1265 5135 1976 5207 improvisaimpressione

326 5229 698 5301 perterritum
719 5227 777 5280 in
809 5227 1005 5297 fugam
1027 5226 1419 5296 conjecerunt,
1447 5225 1679 5280 nemine
1698 5225 1977 5280 subsiste-

325 5335 386 5374 re
420 5323 520 5373 aut
573 5332 634 5372 se
693 5314 1000 5370 defendere
1057 5331 1225 5369 auso.
1251 5314 1470 5369 Ductor
1530 5315 1801 5369 Romanis
1831 5314 1972 5369 aciei

324 5408 437 5462 fuit
485 5411 727 5477 martyr,
779 5404 1003 5474 iterque
1053 5403 1484 5474 complanavit;
1537 5405 1693 5475 quod
1739 5404 1973 5475 Bulgari

323 5496 536 5569 captivi
560 5497 899 5566 juramento
922 5493 1366 5559 confirmarunt,
1390 5492 1650 5548 dicentes
1672 5493 1890 5548 vidisse
1913 5509 1974 5547 se

322 5589 594 5661 juvenem
613 5584 893 5657 equitem,
917 5582 1016 5654 qui
1041 5581 1313 5637 Romanas
1337 5580 1611 5654 phalangi
1638 5582 1886 5653 praeiret,
1907 5597 1974 5638 ex

323 5694 439 5755 quo
471 5675 626 5752 ignis
649 5671 925 5733 exsiliens
946 5672 1221 5729 adversos
1251 5675 1534 5728 cremarat
1565 5672 1786 5730 hostes.
1812 5671 1972 5728 Ceci-

2088 4779 2208 4834 Ἐπὶ
2384 4778 2441 4835 δὲ
2509 4781 2720 4856 ἡμέρας
2784 4781 3293 4857 ἀποπειρασάμενος
3358 4787 3458 4849 τῆς
3526 4783 3750 4843 πόλεως

2086 4867 2371 4924 ἐλεπόλεσι
2420 4869 2510 4924 καὶ
2565 4875 2841 4944 μηχαναῖς
2891 4871 2978 4925 καὶ
3041 4870 3300 4924 πάντοθεν
3351 4869 3748 4945 ἀποκρουσθεὶς

2084 4958 2337 5020 καὶτοῖς
2386 4964 2544 5012 πᾶσιν
2619 4959 2933 5034 ἀπειρηκὼς
2993 4955 3082 5013 διὰ
3145 4955 3498 5033 προσεδρείας
3566 4957 3746 5013 ἐδόκει

2088 5046 2272 5102 ἀνύσαι
2306 5048 2368 5101 τὸ
2428 5045 2885 5120 σπουδαζόμενον.
2938 5049 3052 5118 Μιᾷ
3111 5045 3168 5102 δὲ
3222 5052 3328 5101 τῶν
3389 5049 3616 5122 ἡμερῶν
3669 5050 3750 5118 τῷ

2082 5136 2238 5212 τάφῳ
2267 5139 2362 5189 τοῦ
2393 5135 2634 5210 μεγάλου
2670 5136 2946 5212 μάρτυρος
2975 5134 3293 5210 Δημητρίου
3342 5133 3751 5209 προσελθόντες

2085 5226 2137 5279 οἱ
2169 5224 2485 5299 ἐπιχώριοι,
2510 5225 2601 5278 καὶ
2641 5225 2918 5300 πάννυχον
2975 5222 3377 5284 ἐπιτελέσαντες
3420 5220 3609 5294 δέησιν
3659 5224 3752 5278 καὶ

2081 5317 2162 5385 τῷ
2193 5311 2348 5388 μύρῳ
2374 5318 2453 5386 τῷ
2499 5311 2559 5368 ἐκ
2601 5317 2696 5368 τοῦ
2742 5313 2886 5377 θείου
2932 5313 3103 5391 τάφου
3153 5311 3408 5387 βλύζοντι
3460 5311 3756 5388 χρησάμε-

2082 5423 2186 5468 νοι,
2220 5403 2294 5465 ὡς
2352 5401 2411 5456 ἐκ
2477 5406 2605 5475 μιᾶς
2651 5403 2831 5477 ὁρμῆς
2915 5401 3334 5464 ἀναπετάσαντες
3404 5403 3504 5463 τὰς
3567 5400 3755 5463 πύλας

2084 5489 2395 5565 ἐξέρχονται
2458 5490 2594 5546 κατά
2657 5495 2764 5546 τῶν
2825 5491 3179 5568 Βουλγάρων.
3250 5497 3424 5561 Συνῆν
3501 5488 3560 5545 δὶ
3632 5495 3754 5554 τοῖς

2083 5579 2531 5636 Θεσσαλονικεῦσι
2574 5581 2637 5636 τὸ
2693 5582 2878 5657 τάγμα
2950 5585 3057 5635 τῶν
3135 5580 3505 5656 Μεγαθύμων.
3565 5578 3750 5653 Ἐξελ-

2084 5669 2266 5739 θόντες
2336 5669 2395 5726 8‘s
2468 5671 2556 5729 καὶ
2633 5675 2712 5746 τῷ
2785 5666 3183 5751 ἀπροσδοκήτῳ
3255 5667 3746 5747 καταπληξάμενοι
