3968 6140
224 307 313 365 εδδ
1316 290 1861 352 HISTORIARUM
1907 291 2457 354 COMPENDTUM.

3486 297 3606 357 266

220 437 434 501 τρέπουσι
466 430 590 492 τοὺς
621 426 968 503 Βουλγάρους
1006 423 1135 500 μηδ’
1175 423 1323 484 ὅλως
1371 424 1507 499 πρὸς
1559 421 1763 495 ἄμυναν
1794 420 1828 491 ἢ

2030 440 2084 480 re
2132 425 2393 496 amplius
2437 429 2503 481 15
2557 428 2819 484 millibus
2870 430 3284 503 Bulgarorum,
3332 431 3611 504 captique

219 522 362 591 ἄλκην
422 523 612 589 στῆναι
668 516 1061 594 βουληθέντας,
1114 518 1212 567 τοῦ
1274 514 1554 587 μάρτυρος
1584 532 1834 588 προηγη-

214 610 417 684 σαμένου
466 615 565 677 τῆς
625 608 946 676 Ῥωμαϊκῆς
1013 608 1261 674 στρατιᾶς
1310 601 1398 654 καὶ
1455 601 1552 667 τὴν
1614 599 1869 673 πορείαν-

1951 513 2103 567 haud
2141 515 2478 584 pauciores;
2514 516 2723 588 reliqui
2761 518 3107 590 turpissima
3140 522 3277 591 fuga
3306 537 3440 576 cum
3472 520 3609 576 Alu-

1950 602 2117 657 siano
2149 603 2218 656 ad
2249 602 2569 660 Deleanum
2596 613 2923 661 evaserunt.

218 697 686 776 προομαλίζοντος,
717 695 895 754 καθὼς
928 691 1220 764 ἐνωμότως
1250 684 1586 744 διεϐεϐαίουν
1621 689 1673 742 οἱ
1704 687 2240 763 αἰχμαΛωτισΘὲντες
2273 688 2607 766 Βούλγαροι,
2644 692 2890 768 λέγοντες
2929 697 3139 750 νεανίαν
3186 694 3419 773 ἔφιππον
3474 698 3604 767 ὁρᾷν

225 787 616 865 προηγούμενον
642 790 743 854 τῆς
773 785 1092 855 Ῥωμαικῆς
1120 778 1418 857 φάλαγγος,
1450 777 1501 847 ἐξ
1533 776 1594 831 οὗ
1625 782 1729 849 πῦρ
1764 776 2125 865 ἐξαλλόμενον
2161 777 2455 865 έπυρπόλει
2512 780 2640 846 τοὺς
2668 781 2958 846 ἐναντίους.
3007 786 3238 842 Ἔπεσον
3290 786 3382 840 οὗν
3434 784 3612 841 πλείω

221 863 315 933 τῶν
346 882 397 930 ιε’
425 869 695 950 χιλιάδων
726 867 1056 943 δοριάλωτοι
1091 865 1147 923 δὲ
1177 866 1492 944 ἐλήφθησαν
1522 866 1621 920 οὐκ
1647 865 1906 927 ἐλάττους
1935 864 2169 921 τούτων.
2204 866 2271 923 Οἱ
2304 863 2360 921 δὲ
2391 866 2576 924 λοιποὶ
2612 869 2909 946 αἶ’σχίστως
2930 871 3020 926 σὺν
3047 878 3127 944 τῷ
3158 873 3500 946 Ἀλουσιάνῳ
3530 874 3607 936 εἷς

220 968 297 1021 τὸν
328 963 575 1019 Δελεάνον
609 958 992 1027 διασώζονται.

277 1068 446 1141 Τούτῳ
476 1071 553 1139 τῷ
582 1061 709 1135 ἔτει,
743 1064 1060 1137 ἐπινεμήσει
1095 1064 1159 1133 θ’,
1193 1063 1426 1117 Ἰουνίου
1458 1062 1508 1131 ι’,
1536 1059 1658 1135 περὶ
1697 1060 1839 1136 ὥραν

216 1167 298 1229 τῆς
326 1158 524 1232 ἡμέρας
552 1156 661 1231 κβ’,
692 1154 885 1231 γέγονε
917 1152 1164 1224 σεισμός.

276 1247 412 1303 Μετὰ
457 1244 515 1301 δὲ
560 1246 658 1314 τὴν
707 1244 918 1316 τροπὴν
972 1243 1255 1304 ένωθέντες
1301 1241 1331 1294 6'
1358 1261 1418 1294 τε
1444 1238 1708 1301 Δελεάνος
1755 1240 1843 1295 καὶ

218 1341 241 1392 ὁ
291 1335 629 1396 Ἀλουσιάνος
692 1333 1022 1388 ὑπενοοῦντο
1054 1326 1357 1399 ἀλλήλους,
1391 1330 1418 1382 6
1466 1329 1561 1401 μὲν
1615 1326 1704 1383 διὰ
1744 1331 1843 1398 τήν

217 1427 360 1495 ἧτταν
393 1422 806 1498 αἰσχυνόμενος,
860 1421 888 1475 6
932 1418 989 1474 δὶ
1030 1416 1322 1494 προδοσίαν
1359 1417 1695 1483 ὑποπτεύων,
1757 1418 1846 1473 καὶ

218 1509 557 1569 ἐπεϐούλευον
635 1508 907 1580 ἀλλήλοις
972 1505 1518 1584 καιροφυλακοῦντες.
1582 1506 1845 1560 Σκευασά-

223 1624 363 1675 μενος
421 1601 511 1655 οὗν
565 1601 594 1654 6
650 1598 1001 1658 Ἀλουσιάνος
1066 1595 1198 1669 μετά
1224 1617 1387 1649 τινων
1438 1595 1653 1649 οἰκείων
1687 1594 1850 1649 αὐτοῦ

2026 1061 2142 1117 Ηοο
2172 1063 2301 1135 ipso
2333 1081 2506 1134 anno,
2540 1066 2632 1121 die
2668 1067 2751 1135 10,
2780 1067 2922 1125 hora
2954 1069 3067 1125 diei
3102 1070 3190 1141 12,
3223 1073 3386 1126 terras
3416 1074 3613 1127 motus

1958 1150 2089 1204 fuit.

1985 1150 2089 1205 uit.

2030 1245 2276 1311 Accepta
2307 1247 2503 1297 autem
2538 1242 2702 1299 clade
2728 1246 3027 1313 conjuncti
3060 1246 3350 1302 Deleanus
3380 1251 3438 1302 et
3469 1246 3614 1302 Alu-

1957 1328 2182 1389 sianus,
2211 1328 2360 1384 alter
2396 1332 2465 1384 de
2508 1332 2691 1387 altero
2723 1334 2877 1390 538
2911 1333 3152 1390 sinistra
3184 1335 3470 1408 suspicari
3503 1351 3615 1391 caa-

1958 1423 2192 1485 perunt,
2228 1418 2321 1474 hic
2352 1420 2424 1474 ob
2459 1437 2577 1475 rem
2631 1420 2784 1475 male
2814 1428 3037 1494 gestam
3094 1425 3317 1495 pudore
3352 1424 3617 1492 affectus,

1959 1504 2055 1559 illc
2089 1508 2477 1577 proditionem
2511 1510 2762 1580 opinans
2800 1511 3209 1567 intervenisse.
3242 1514 3445 1585 Itaque
3472 1513 3619 1570 insi-

1960 1594 2087 1648 dias
2133 1594 2377 1650 invicem
2415 1599 2723 1653 struebant
2768 1604 2825 1654 et
2873 1603 3208 1659 Occasiones
3256 1602 3616 1672 quarebant.

220 1689 299 1744 κυῖ
351 1686 566 1761 ἄριστον
625 1688 861 1755 ποιήσας
917 1686 1005 1739 καὶ
1058 1684 1134 1746 είς
1195 1682 1432 1757 εὐωχίαν
1484 1681 1712 1745 καλέσας
1742 1688 1847 1737 τῶν

2030 1685 2219 1738 tndem
2254 1685 2574 1741 Alusianus
2604 1704 2663 1742 re
2684 1704 2816 1742 cum
2844 1689 3233 1743 familiaribus
3256 1690 3615 1761 quibusdam

220 1776 459 1832 Δελεάνον
488 1819 502 1844 ,
577 1779 982 1851 κραιπαλοῦντα
1059 1772 1149 1827 καὶ
1230 1771 1496 1845 μεθύοντα
1560 1773 1845 1847 κατασχὼν

218 1864 611 1942 ἀπετόφλωσεν,
671 1864 745 1927 ὡς
773 1859 900 1936 μηδ’
934 1858 1180 1932 αἶ’σθησιν
1237 1860 1385 1923 ὅλως
1439 1865 1557 1922 τοῖς
1607 1860 1851 1935 Βουλγά-

219 1975 322 2027 ροις
377 1952 605 2023 δοθῆναι
650 1956 748 2007 τοῦ
796 1952 1103 2026 γεγονότος·
1153 1949 1242 2004 καὶ
1292 1949 1473 2024 φυγὼν
1524 1944 1742 2024 ἔρχεται
1797 1948 1848 2003 ἐν

215 2043 576 2098 Μοσυνοπόλει
634 2042 771 2117 πρὸς
812 2040 903 2094 τὸν
967 2038 1210 2113 βασιλέα.
1266 2038 1370 2093 Καὶ
1427 2042 1618 2091 τοῦτον
1682 2038 1777 2108 μὶν
1824 2039 1852 2092 6

220 2131 457 2205 βασιλεὺς
516 2130 592 2194 εἷς
644 2130 707 2183 τὸ
766 2128 1058 2197 Βυζάντιον
1106 2128 1243 2201 πρὸς
1302 2127 1392 2180 τὸν
1447 2125 1849 2203 ὀρφανοτρόφον

217 2219 493 2293 ἐκπέμπει,
553 2218 606 2282 ές
648 2218 710 2273 τὸ
765 2222 873 2273 τῶν
938 2216 1245 2291 μαγίστρων
1305 2214 1439 2289 ὕψος
1500 2209 1849 2283 ἀναϐιϐάσας,

220 2308 366 2371 αὐτὸς
398 2306 459 2363 δὶ
489 2309 621 2381 ἄρας
654 2307 714 2362 ἐκ
742 2304 1175 2366 Μοσυνοπόλεως
1217 2302 1428 2358 ἄπεισιν
1476 2301 1528 2356 έν
1581 2301 1849 2358 Θεσσαλο-

215 2397 348 2471 νίκῃ.
408 2400 642 2461 Ἐκεῖθεν
700 2393 757 2450 δὲ
787 2391 975 2456 διαϐὰς
1009 2392 1224 2449 εἴσεισιν
1265 2392 1316 2447 ἐν
1370 2389 1702 2467 Βουλγαρίᾳ,
1761 2393 1851 2445 καὶ

210 2486 295 2539 τὸν
370 2485 631 2542 Δελεάνον
688 2484 975 2559 κατασχὼν
1055 2479 1289 2556 ἔπεμψεν
1350 2480 1402 2535 ἐν
1462 2479 1850 2554 Θεσσαλονίκῃ,

212 2574 362 2636 αὐτὸς
439 2572 498 2629 δὲ
566 2574 701 2650 πρὸς
772 2574 840 2628 τά
911 2569 1162 2646 ένδότερα
1220 2569 1514 2645 γενόμενος
1591 2563 1689 2642 (ἔτι
1746 2571 1848 2643 γάρ

213 2662 471 2732 Μανουήλ
550 2665 578 2717 ὁ
657 2657 904 2731 Ἰϐάτζης
971 2658 1108 2733 δέμα
1180 2659 1393 2730 ξύλινον
1457 2659 1853 2722 κατασκευάσας

212 2751 338 2805 κατὰ
390 2752 485 2806 τὸν
540 2749 823 2825 Πρίλαπον
870 2747 1010 2822 ᾤετο
1060 2749 1303 2824 ἀπεῖρξαι
1351 2746 1681 2822 προσωτέρω
1732 2765 1850 2820 χω-

211 2846 314 2912 ρεῖν
341 2842 441 2909 τὴν
492 2839 781 2914 βασιλικὴν
836 2839 1086 2913 στρατιάν
1134 2837 1224 2891 καὶ
1270 2837 1336 2891 τὰ
1378 2834 1524 2891 ἔνδον
1552 2837 1847 2911 κατέχειν)·

206 2925 323 2982 ἀλλ’
352 2931 380 2983 6
438 2927 696 3004 βασιλεὺς
725 2928 894 2983 έκεῖσε
919 2926 1212 3002 γενόμενος
1244 2924 1416 3001 λόγου
1448 2930 1636 2989 θᾶττον
1685 2926 1746 2979 τό
1794 2945 1851 2978 τε

204 3015 410 3086 ξύλινον
438 3017 630 3079 τεῖχος
665 3014 910 3092 διέρρηξε
956 3016 1132 3071 καὶτὸ
1164 3014 1414 3086 σύστημα
1448 3018 1556 3068 τῶν
1609 3011 1843 3087 Βουλγά-

210 3124 309 3178 ρων
363 3103 615 3160 ἐσκέδασε
670 3105 759 3160 καὶ
813 3105 905 3159 τὸν
966 3106 1043 3177 [Ρ.
1077 3106 1207 3176 749]
1283 3097 1527 3171 Ἰϐάτζην
1594 3100 1842 3176 κατέσχε,

204 3194 292 3247 Καὶ
373 3192 854 3265 καταστησάμενος
906 3194 1081 3246 πάντα
1141 3191 1207 3245 τὰ
1259 3189 1310 3245 ἐν
1374 3188 1699 3264 Βουλγαρίᾳ,
1757 3190 1848 3244 καὶ

208 3281 541 3357 στρατηγοὺς
599 3280 651 3335 ἐν
698 3286 818 3335 τοῖς⁹
868 3280 1063 3353 θέμασι
1120 3282 1312 3352 τάξας,
1384 3276 1599 3332 εἶ’σεισιν
1676 3278 1727 3332 έν
1786 3277 1854 3352 τῇ

202 3369 465 3442 βασιλίδι,
520 3368 855 3445 ἐπαγόμενος
910 3371 1024 3441 μεθ’
1092 3367 1284 3423 ἰαυτοῦ
1333 3366 1424 3422 τόν
1475 3388 1532 3421 τε
1589 3365 1848 3421 Δελεάνον

198 3458 282 3511 καὶ
336 3460 431 3514 τὸν
498 3453 780 3529 Ἰϐατζην.
840 3461 918 3531 Τῇ
979 3454 1038 3512 δὶ
1091 3455 1400 3530 κατεχούσῃ
1457 3460 1647 3510 τοῦτον
1705 3455 1850 3526 νόσῳ

198 3544 591 3623 ἐντρυχωθεὶς,
647 3548 738 3601 καὶ
814 3547 1071 3609 πάντοθεν
1144 3551 1246 3614 τῆς
1322 3543 1524 3607 οἷ’κείας
1578 3544 1852 3618 ἀπογνοὺς

201 3636 493 3709 σωτηρίας,
548 3634 890 3709 ἀποκείρεται
952 3634 1194 3708 μοναχὸς
1252 3633 1396 3709 παρᾶ
1449 3630 1546 3687 τοῖ’)
1604 3633 1849 3708 μοναχοῦ

201 3725 388 3796 Κοσμᾶ
456 3727 558 3778 τοῦ
625 3720 1106 3793 Τζιντζουλούκη,
1175 3718 1234 3783 ὅς
1294 3719 1385 3776 διὰ
1434 3722 1631 3783 παντὸς
1688 3724 1846 3789 συνῆν

197 3811 337 3883 αὐτῷ
366 3814 459 3867 καὶ
494 3811 760 3867 ἐνουθέτει
791 3811 857 3866 τὰ
886 3809 1091 3867 δὲοντα.
1145 3805 1477 3885 Δεκεμϐρίου
1536 3808 1595 3864 δὲ
1650 3808 1844 3883 δεκάτῃ

1962 1772 2086 1826 suis
2116 1774 2546 1829 communicata
2583 1775 2891 1831 Deleanum
2926 1779 2994 1831 ad
3030 1778 3355 1833 convivium
3387 1777 3612 1849 invitat,

1962 1861 2160 1932 ibique
2191 1863 2430 1933 crapula
2460 1868 2517 1918 et
2547 1864 2828 1920 ebrietate
2871 1870 3040 1937 capto
3072 1866 3273 1922 oculos
3303 1867 3474 1936 eruit,
3506 1883 3611 1921 ne-

1962 1949 2121 2004 mine
2154 1967 2392 2020 prorsus
2422 1951 2805 2023 Bulgarorum
2837 1953 2893 2008 id
2927 1955 3238 2009 sentiente.
3272 1954 3399 2026 Ipse
3427 1955 3612 2025 Mosy—

1964 2038 2195 2108 nopolin
2230 2040 2299 2092 ad
2335 2041 2745 2111 imperatorem
2787 2043 3063 2113 profugit.
3100 2043 3263 2097 Hunc
3294 2043 3614 2114 imperator

1964 2126 2033 2181 ad
2058 2127 2324 2199 magistri
2349 2129 2691 2200 dignitatem
2715 2135 2977 2185 evectum
2997 2130 3200 2202 Cpolin
3224 2132 3297 2186 ad
3317 2132 3611 2203 orphano-

1961 2215 2239 2285 trophum
2274 2217 2573 2272 amandat.
2598 2220 2726 2289 Ipse
2754 2236 2856 2291 per
2878 2220 3357 2275 Thessalonicam
3386 2221 3446 2274 in
3475 2220 3614 2274 Bul-

1961 2304 2182 2371 gariam
2208 2305 3012 2377 venit,comprebensumque
3036 2308 3352 2364 Deleanum
3374 2308 3620 2362 Thessa-

1962 2391 2210 2447 lonicam
2246 2393 2444 2447 mittit.
2472 2394 2612 2448 Inde
2653 2397 2723 2449 ad
2773 2395 3053 2452 interiora
3101 2413 3351 2468 pergens
3383 2404 3616 2468 septum

1961 2480 2242 2551 ligneum,
2298 2484 2451 2554 quod
2505 2484 2812 2539 Manuelus
2863 2485 3059 2539 lbatza
3106 2486 3260 2556 apud
3314 2484 3614 2556 Prilapum

1963 2571 2194 2634 fecerat,
2224 2576 2289 2626 ut
2319 2570 2517 2643 copias
2562 2572 2932 2643 imperatoris
2964 2590 3275 2645 progressu
3308 2578 3531 2629 arceret
3559 2576 3616 2628 et

1961 2658 2086 2729 ipse
2118 2660 2394 2715 interiora
2416 2661 2724 2726 obtineret,
2750 2661 3048 2717 celerrime
3088 2663 3453 2734 perrupit,ac
3475 2661 3614 2717 Bul-

1960 2763 2232 2817 garorum
2267 2750 2553 2819 dissipata
2591 2750 2839 2804 coitione
2888 2753 3140 2806 Ibatzam
3192 2751 3363 2822 cepit.
3416 2750 3612 2806 Rebus

1961 2836 2170 2890 deinde
2202 2837 2485 2908 Bulgariaa
2509 2838 2869 2907 constitutis,
2892 2856 2955 2893 ac
2980 2838 3287 2911 provinciae
3312 2839 3447 2894 dato
3470 2856 3615 2910 prae-

1960 2924 2106 2989 side,
2132 2926 2334 2980 urbom
2368 2926 2672 2997 ingressus
2692 2932 2802 2994 est,
2826 2945 3024 2984 secum
3049 2930 3269 2984 ducens
3289 2928 3608 2984 Deleanum

1958 3017 2017 3068 et
2068 3014 2344 3069 Ibatzam.
2388 3020 2524 3070 Post
2576 3018 2777 3071 morbo
2832 3034 2939 3072 suo
3000 3034 3239 3088 prorsus
3289 3019 3612 3087 confectus,

1962 3103 2151 3156 salute
2204 3102 2463 3173 corporis
2510 3105 2751 3159 omnino
2800 3106 3133 3177 desperata,
3165 3106 3395 3161 raditur
3443 3109 3501 3160 et
3549 3105 3616 3159 ﬁt

1963 3191 2291 3245 monachus
2322 3207 2497 3262 Opera
2521 3192 2746 3248 Cosmae
2773 3194 3162 3249 'I‘zintzuluce
3194 3193 3491 3263 monachi,
3514 3193 3614 3264 qui

1961 3295 2195 3351 semper
2214 3295 2345 3334 cum
2371 3297 2436 3335 eo
2470 3280 2575 3335 fuit
2604 3286 2660 3335 et
2680 3287 2963 3349 quantum
2986 3300 3134 3353 opus
3156 3288 3280 3338 erat
3312 3281 3617 3354 preceptis

1961 3368 2257 3422 instruxit.
2306 3368 2641 3425 Decembris
2696 3372 2762 3424 10
2809 3371 2922 3440 die,
2973 3371 3293 3426 indictione
3339 3372 3425 3435 10,
3461 3386 3614 3425 anno

1959 3458 2164 3510 mundi
2194 3458 2357 3517 6550.
2380 3458 2496 3511 vita
2534 3459 2802 3523 excessit,
2852 3461 3196 3531 pcenitentia
3227 3464 3349 3514 acts
3386 3463 3442 3513 et
3473 3474 3613 3529 pec-

1958 3549 2089 3599 cata
2119 3561 2227 3599 sua
2260 3546 2347 3614 pie
2379 3548 2703 3617 confessus,
2729 3564 2794 3603 ac
2838 3549 3114 3621 lacrymis
3156 3564 3330 3604 suum
3362 3547 3518 3603 584
3550 3547 3609 3601 in

1961 3633 2288 3688 Romanum
2315 3635 2726 3707 imperatorem
2752 3637 2944 3692 scelus
2969 3642 3334 3709 prosecutus.
3356 3637 3611 3708 Impera-

1957 3722 2038 3775 vit
2068 3738 2250 3778 annos
2285 3724 2340 3789 7,
2379 3741 2610 3779 menses
2639 3726 2695 3789 8,
2729 3726 2815 3780 vir
2843 3735 3049 3781 caetera
3079 3728 3267 3781 bonus
3309 3742 3377 3780 ac
3417 3725 3608 3795 proba

1955 3811 2353 3880 vitae,absque
2395 3812 2539 3865 illud
2591 3813 2873 3883 ﬂagitium
2928 3814 3161 3881 fuisset;
3214 3814 3368 3885 quod
3416 3817 3603 3868 tamen

199 3903 287 3953 τοῦ
314 3903 448 3978 ,ςφν’
478 3899 657 3971 ἔτους,
700 3897 1066 3969 ἳνδικτιῶνος,
1104 3900 1153 3970 ι’,
1216 3901 1429 3968 θνήσκει
1483 3897 1534 3952 ἐν
1591 3897 1847 3970 μετανοίᾳ

2030 3914 2151 3952 sum
2184 3898 2351 3953 multi
2386 3900 2861 3973 orphanotrnpho
2896 3903 3211 3972 imputant.

198 3991 280 4042 καί
328 3988 761 4065 ἕξομολογήσει,
790 3990 890 4058 τήν
924 3989 999 4050 εἰς
1025 3988 1116 4043 τὸν
1155 3984 1380 4062 βασιλέα
1403 3988 1682 4060 Ῥωμανὸν
1717 3983 2000 4059 ἁμαρτάδα
2030 3983 2490 4058 ἀποκλαιόμενος,
2529 3986 2850 4062 βασιλεύσας
2879 3989 2966 4044 έπῖ
2998 3988 3089 4059 ἔτη
3126 3991 3165 4058 ζ’
3195 3988 3284 4044 καὶ
3334 3990 3504 4061 μῆνας
3533 3988 3608 4061 η’,

202 4074 331 4152 ἁνὴρ
361 4076 551 4132 τᾶλλα
584 4077 678 4149 μὶν
709 4075 952 4146 ἐπιεικὴς
983 4077 1068 4130 καὶ
1104 4074 1345 4150 χρηστὸς
1374 4075 1465 4129 καὶ
1494 4069 1742 4136 εὐλαϐῶς
1776 4072 1930 4143 δόξας
1967 4075 2141 4149 βιοῦν,
2174 4073 2321 4143 πλὴν
2354 4080 2451 4130 τοῦ
2483 4074 2558 4137 εἷς
2589 4078 2680 4130 τὸν
2718 4077 2944 4153 βασιλέα
2973 4078 3252 4151 Ῥωμανὸν
3282 4078 3611 4151 ἁμαρτήμα-

200 4184 303 4227 τος.
338 4165 528 4221 ’Δλλὰ
550 4164 640 4220 καὶ
668 4169 831 4220 τοῦτο
864 4165 915 4219 οἱ
949 4162 1149 4219 πολλοὶ
1180 4168 1260 4236 τῷ
1288 4164 1679 4241 ἀρφανοτρόφῳ
1710 4163 2104 4233 προσάπτουσι.

264 4271 517 4344 Τοιούτῳ
550 4268 605 4325 δὶ
646 4269 792 4325 τέλει
824 4268 1178 4346 χρησαμένου
1208 4274 1303 4324 τοῖ’)
1364 4267 1599 4343 Μιχαὴλ
1656 4269 1717 4323 τὸ
1747 4273 1847 4322 πᾶν

2034 4270 2281 4326 Proinde
2318 4271 2581 4327 Michaeli
2617 4273 2776 4328 obitu
2813 4289 3049 4328 summa
3096 4290 3291 4329 rerum
3342 4270 3513 4327 rediit
3541 4269 3615 4325 ad

199 4358 393 4431 κράτος
452 4358 711 4433 περιέστη
763 4359 835 4419 ὡς
895 4357 971 4421 εἷς
1015 4356 1364 4432 κληρονόμον
1422 4358 1521 4425 τὴν
1582 4354 1849 4413 Βασιλίδα

197 4449 370 4517 Ζωτςν.
421 4452 723 4523 Τοιγαροῦν
755 4446 847 4501 καὶ
873 4447 1256 4520 νεανικώτερον
1304 4445 1506 4515 ἥπτετο
1553 4451 1661 4501 τῶν
1712 4466 1849 4520 πρα-

194 4538 436 4607 γμάτων,
491 4534 779 4610 συνεργοὺς
824 4530 1029 4610 ἔχουσα
1053 4534 1142 4589 καὶ
1175 4534 1562 4609 συλλήπτορας
1597 4534 1723 4596 τοὺς
1754 4538 1850 4589 τοῦ

198 4624 399 4697 πατρὸς
481 4623 813 4700 εὐνούχους,
872 4622 961 4684 οὕς
1019 4625 1221 4685 ἄνωθεν
1280 4625 1308 4678 6
1367 4622 1527 4697 λόγος
1582 4622 1854 4685 πολλάκις

198 4709 654 4785 ἀπηριθμήσατο.
710 4710 863 4780 Πλὴν
917 4711 978 4765 ού
1020 4711 1339 4785 παρέμεινεν
1400 4710 1483 4766 ἐπὶ
1539 4716 1634 4766 τοῦ
1691 4710 1853 4766 αὐτοῦ

199 4802 583 4873 φρονήματος,
645 4798 771 4855 ἀλλ’
830 4795 1186 4872 ἀποϐλέψασα
1225 4801 1360 4875 πρὸς
1411 4799 1503 4854 τὸν
1563 4796 1721 4875 ὄγκον
1752 4807 1852 4867 τῆς

200 4887 513 4960 βασιλείας,
563 4889 652 4943 καὶ
699 4886 992 4963 διαγνοῦσα
1040 4890 1115 4950 ὡς
1164 4890 1265 4943 οὐκ
1296 4886 1353 4943 ἅν
1387 4909 1518 4943 ποτε
1563 4890 1681 4952 καθ’
1728 4890 1848 4942 ἑαυ-

192 4976 289 5042 τὴν
349 4977 497 5045 αὐτὴ
552 4976 812 5048 δυνηθείη
880 4976 1057 5052 ὀρθῶς
1114 4977 1181 5032 τά
1232 4978 1386 5032 κοινὰ
1418 4974 1705 5053 διεξάγειν,
1764 4977 1853 5031 καὶ

196 5061 523 5127 ἀλυσιτελες
556 5065 824 5138 νομίσασα
868 5066 930 5120 τὸ
982 5061 1334 5121 ἀϐασίλευτον
1364 5067 1451 5121 καί
1484 5062 1723 5141 ἄναρχον
1752 5067 1850 5133 τὴν

196 5152 545 5222 τηλικαύτην
584 5155 716 5209 εἶναι
747 5153 950 5229 ἀρχὴν,
999 5156 1089 5209 καὶ
1120 5153 1237 5209 δέον
1287 5154 1418 5209 εἶναι
1469 5155 1690 5229 κρίνασα
1720 5175 1855 5227 προ-

205 5241 555 5316 χειρίσασθαι
609 5240 837 5317 βασιλέα
866 5244 955 5297 τὸν
1019 5242 1312 5315 δυνάμενον
1368 5239 1855 5316 ἀντιλαμϐάνεσθαι

196 5335 304 5383 τῶν
360 5332 705 5405 πραγμάτων
753 5331 803 5385 ἰν
849 5338 967 5394 ταῖς
1015 5328 1435 5405 συμϐαινούσαις
1493 5332 1855 5407 περιστάσεσι,

201 5418 291 5472 καὶ
343 5419 437 5473 ἐπὶ
486 5425 628 5493 τρεῖς
688 5418 822 5484 ὅλας
867 5420 1075 5494 ἡμέρας
1141 5421 1264 5498 περὶ
1305 5420 1501 5477 τούτου
1558 5419 1857 5491 διασκοπή-

212 5528 369 5575 σασα,
428 5506 526 5563 τὸν
555 5513 653 5563 τοῦ
688 5507 956 5584 βασιλέως
983 5509 1200 5583 ἀνεψιὸν
1250 5511 1341 5565 καὶ
1406 5512 1723 5583 ὁμώνυμον,
1766 5510 1856 5565 τὸν

208 5596 322 5651 υἱὸν
374 5601 482 5653 τοῦ
541 5598 814 5674 Στεφάνου
882 5603 980 5654 τοῦ
1054 5598 1107 5654 ἐν
1173 5599 1397 5673 Σικελίᾳ
1449 5600 1517 5656 τὰ
1569 5598 1863 5677 πράγματα

536 5729 799 5793 Ριτιιοι.
847 5731 962 5793 αι.
1005 5729 1238 5793 CXXII.

1957 4362 2107 4413 Zoen
2156 4360 2483 4430 quasijure
2514 4360 2903 4417 hereditario.
2928 4364 3295 4433 Quapropter
3338 4378 3407 4415 ea
3447 4358 3616 4431 initio

1960 4448 2154 4502 acrius
2175 4447 2491 4518 aliquando
2515 4452 2688 4504 rebus
2719 4466 2781 4505 se
2810 4451 3212 4520 gubernandis
3234 4448 3417 4518 dedit,
3443 4448 3614 4516 adju-

1959 4536 2188 4590 toribus
2207 4550 2314 4590 usa
2335 4538 2587 4607 paternis
2608 4538 2915 4605 eunuchis,
2932 4556 3079 4611 quos
3102 4555 3283 4610 supra
3307 4534 3618 4607 aliquoties

1962 4624 2566 4680 commemoravimus.
2628 4626 2822 4697 Neque
2878 4632 3070 4683 tamen
3136 4627 3207 4680 ad
3272 4622 3617 4679 institutum

1961 4712 2193 4767 tenuit:
2230 4713 2327 4767 scd
2366 4713 2578 4768 molem
2630 4715 2860 4786 imperii
2894 4715 3274 4771 considerans
3316 4716 3373 4766 et
3404 4707 3619 4764 intelli-

1963 4817 2107 4871 gens
2128 4818 2191 4855 se
2220 4802 2402 4856 tantis
2426 4804 2602 4858 rebus
2626 4812 2777 4858 recte
2810 4805 3133 4859 tractandis
3158 4802 3472 4872 imparem,
3494 4801 3622 4851 tum

1964 4890 2315 4944 damnosum
2351 4893 2470 4946 fore
2502 4893 2761 4947 sentiencl
2790 4894 2836 4947 si
2866 4893 3086 4963 absque
3114 4892 3469 4961 imperatore
3488 4891 3625 4941 tan-

1963 4982 2090 5031 tum
2153 4978 2511 5050 relinqueret
2568 4981 2903 5052 imperium,
2960 4980 3138 5036 simul
3193 4978 3397 5033 videns
3448 4974 3624 5030 alicui

1965 5066 2281 5137 imperium
2314 5085 2443 5124 esse
2470 5071 2983 5133 committendum,
3007 5070 3107 5141 qui
3140 5067 3339 5123 dubiis
3371 5081 3437 5120 ac
3468 5062 3619 5136 peric

1965 5157 2183 5211 culosis
2216 5159 2389 5212 rebus
2438 5160 2615 5213 tutari
2670 5159 3085 5230 rempublicam
3141 5162 3360 5229 posset,
3394 5154 3623 5224 integro

1965 5246 2159 5300 triduo
2191 5246 2246 5299 in
2271 5263 2397 5300 eam
2427 5248 2904 5302 deliberationem
2940 5248 3265 5318 insumpta,
3291 5244 3527 5300 tandem
3560 5240 3621 5296 in

1966 5333 2152 5388 ﬁlium
2184 5335 2421 5404 adoptat
2465 5344 2521 5389 et
2570 5337 2963 5391 Romanorum
3018 5336 3430 5407 imperatorem
3466 5328 3622 5385 desi-

1968 5428 2109 5493 gnat
2140 5422 2487 5479 Michaelum
2541 5426 2910 5495 imperatoris
2951 5426 3075 5494 jam
3109 5421 3369 5479 defuncti
3404 5417 3623 5476 sororis

1968 5512 2180 5576 ﬁlium,
2202 5518 2258 5568 et
2285 5515 2561 5585 Stephani
2583 5516 2711 5585 ejus
2743 5516 2842 5587 qui
2876 5516 2935 5571 in
2960 5514 3160 5570 Sicilia
3191 5530 3310 5568 rem
3347 5506 3622 5584 perdidit,

1966 5603 2089 5674 jam
2140 5607 2270 5659 tum
2319 5605 2629 5675 Cassarem,
2661 5610 2717 5662 et
2766 5604 3039 5678 opinione
3088 5603 3394 5661 hominum
3443 5596 3625 5654 indu-

3261 5730 3301 5789 9
