3968 6140
334 323 446 386 267

334 558 532 604 tamen
569 556 885 619 antequam
920 550 971 603 is
1004 566 1064 604 se
1096 549 1238 603 diris
1271 550 1465 619 ipsum
1501 549 1848 616 devovisset,
1872 548 1985 602 nisi

336 655 463 693 eam
495 643 563 693 ad
599 645 844 692 mortem
880 655 1065 708 usque
1098 655 1201 707 pro
1232 638 1472 691 domina
1502 644 1559 691 et
1592 643 1775 690 matre.
1808 652 1986 706 agno-

338 733 545 793 sceret,
569 733 625 781 et
654 743 759 798 pro
791 744 897 781 sua
929 726 1222 781 voluntate
1253 743 1379 796 quin
1414 726 1534 779 ﬁeri
1568 724 1734 780 vellet
1767 731 1864 779 aut
1886 727 1985 795 ju-

338 818 501 873 beret
530 835 595 873 ac
624 817 863 871 sineret.
888 816 1003 870 Hoc
1050 822 1216 886 pacto
1269 815 1368 869 illa
1405 813 1762 885 adopticium
1800 814 1987 869 filium

340 908 670 961 diademate
694 907 843 962 585
874 906 1244 975 imperatorio
1270 904 1587 968 redimivit,
1606 905 1767 973 prius
1793 912 1986 957 tamen

337 996 610 1050 submoto
643 993 1119 1067 orphanotropho
1150 998 1206 1057 et
1238 994 1293 1045 in
1335 994 1749 1046 monasterium
1788 992 1986 1047 Mono-

337 1086 605 1139 batarum
638 1084 911 1154 relegato.
946 1081 1395 1137 Constantinum
1438 1097 1669 1151 quoque
1703 1081 1986 1136 domesti-

334 1190 467 1227 cum
499 1172 831 1227 scholarum
887 1172 1236 1241 magistratu
1290 1170 1554 1239 privavit,
1584 1176 1639 1223 et
1672 1170 1726 1223 in
1762 1169 1987 1234 abside,

333 1278 459 1331 qua
482 1261 609 1331 ejus
631 1267 757 1315 erat
778 1261 834 1313 in
860 1259 1095 1330 Opsicio
1120 1260 1436 1329 pOSSessio,
1453 1275 1586 1312 eum
1606 1274 1666 1311 se
1690 1260 1986 1312 continere

326 1350 534 1420 jussit;
559 1349 881 1419 eodemque
912 1346 1085 1401 modo
1110 1348 1420 1417 Georgium
1457 1363 1686 1417 quoque
1720 1350 1985 1416 protove-

333 1439 603 1495 stiarium
639 1438 694 1491 in
729 1454 837 1491 sua
866 1437 1177 1505 bona,quae
1209 1435 1264 1488 in
1296 1434 1690 1506 Paphlagonia
1724 1436 1771 1489 is
1797 1434 1985 1506 possi-

334 1527 525 1593 debat,
556 1525 813 1580 inclusit.
839 1528 957 1588 Qua
1000 1525 1142 1578 hora
1183 1524 1497 1577 Michaelus
1540 1523 1865 1578 diademate
1897 1529 1987 1579 est

336 1623 600 1681 ornatus,
635 1615 838 1669 oborta
868 1614 1149 1685 vertigine
1181 1622 1235 1667 et
1266 1612 1522 1666 tenebris
1560 1629 1764 1682 parum
1798 1614 1986 1667 abfuit

337 1706 479 1777 quin
512 1704 865 1769 concideret,
889 1703 1095 1774 vixque
1119 1707 1204 1757 est
1230 1702 1480 1757 refectus
1504 1703 1842 1771 unguentis,
1862 1720 1986 1757 aro-

337 1795 597 1850 matibus
629 1792 879 1863 aliisque
924 1794 1097 1847 rebus
1129 1790 1405 1847 odoratis.
1436 1791 1543 1845 Sed
1576 1795 1633 1845 et
1661 1796 1779 1845 toto
1834 1796 1983 1846 tem-

336 1900 472 1955 pore
504 1899 618 1954 quo
649 1881 700 1937 is
732 1882 1041 1952 imperium
1074 1880 1256 1935 tenuit
1301 1880 1434 1951 (fuit
1466 1879 1575 1933 hoc
1607 1879 1897 1933 mensium
1930 1882 1985 1949 4)

332 1980 502 2027 terra:
548 1976 745 2026 motus
776 1971 1082 2024 durarunt.
1129 1969 1433 2023 Enimvero
1474 1973 1785 2023 coronatus
1816 1985 1848 2022 a
1882 1986 1985 2039 pa-

334 2061 609 2125 triarcha,
636 2064 692 2115 et
726 2059 1042 2129 imperator
1072 2057 1437 2129 designatus,
1478 2055 1769 2111 honorum
1804 2056 1987 2111 colla-

335 2154 489 2205 tione
518 2152 784 2204 senatum
818 2165 881 2203 ac
913 2147 1323 2219 largitionibus
1354 2144 1638 2216 populum
1674 2145 1985 2211 demeruit,

330 2245 387 2293 et
416 2238 569 2309 apud
604 2236 904 2292 dominam
932 2237 1295 2307 deprecando
1327 2235 1584 2289 obtinuit
1618 2239 1678 2289 ut
1708 2233 1987 2289 Constan-

330 2330 521 2383 tinum
552 2326 667 2381 sibi
696 2325 1082 2381 domesticum
1117 2324 1314 2378 liceret
1344 2324 1416 2377 ab
1448 2323 1651 2377 exsilio
1686 2339 1983 2389 revocare;

332 2432 504 2486 quem
547 2421 603 2469 et
657 2413 1009 2469 nobilissimi
1063 2413 1281 2467 honore
1335 2412 1626 2467 decoravit
1672 2427 1737 2465 ac
1785 2428 1983 2465 secum

332 2505 561 2560 habuit.
585 2508 727 2558 Cum
770 2508 965 2558 autem
1000 2502 1287 2557 videretur
1318 2501 1373 2554 in
1408 2506 1533 2555 tuto
1581 2505 1757 2565 stare,
1792 2500 1987 2555 subito

333 2594 568 2647 corruit.
631 2592 773 2648 Nam
834 2591 1045 2646 litteris
1102 2589 1560 2660 orphanotrOphi
1618 2594 1671 2643 et
1724 2588 1987 2643 consiliis

333 2681 641 2736 domestici
691 2685 1025 2748 corruptus,
1060 2679 1419 2733 hortantium
1472 2694 1543 2731 ne
1585 2683 1862 2746 Augustas
1898 2676 1985 2728 ni-

324 2772 519 2826 mium
580 2770 806 2834 ﬁderet,
859 2768 958 2821 sed
1013 2772 1237 2821 caveret
1287 2783 1359 2821 ne
1403 2766 1675 2819 avunculi
1724 2752 1987 2818 Michaeli

333 2858 707 2931 imperatoris
737 2861 792 2911 et
825 2855 1067 2909 Romani
1102 2856 1273 2909 modo
1317 2858 1682 2921 tractaretur,
1708 2871 1855 2924 quos
1886 2853 1989 2908 illa

333 2945 629 3003 veneﬁciis
659 2943 1023 3005 sustulisset.
1058 2943 1552 3013 suadentiumque
1584 2950 1649 2997 ut
1678 2959 1805 2997 eam
1840 2960 1984 3013 qua-

332 3052 561 3107 cunque
600 3035 823 3089 ratione
850 3050 880 3087 e
914 3033 1102 3087 medio
1152 3031 1401 3095 tolleret,
1425 3032 1702 3102 daretque
1748 3047 1986 3101 Operam

328 3143 400 3180 ne
459 3127 847 3179 anteverteret
907 3122 1053 3192 ipsa,
1088 3122 1242 3177 586
1291 3120 1590 3175 continuis
1648 3137 1849 3175 eorum
1911 3121 1982 3174 de

326 3214 526 3269 eadem
561 3212 666 3266 hac
699 3227 759 3265 re
789 3185 1295 3265 exhortationibus
1342 3224 1407 3263 eo
1458 3208 1694 3263 tandem
1736 3208 1978 3262 adactus
2011 3185 2053 3249 (ἶ

326 3308 418 3359 εει
451 3306 512 3357 ut
552 3299 797 3356 insidias
845 3298 1018 3353 matri
1067 3298 1194 3353 Zoaa
1244 3301 1493 3368 pararet.
1528 3298 1743 3352 Statuit
1791 3298 1979 3366 primo

328 3392 542 3447 civium
574 3389 804 3445 animos
838 3394 1079 3453 tentare,
1102 3393 1164 3441 ut
1189 3386 1238 3442 si
1270 3402 1369 3441 eos
1401 3387 1512 3440 sibi
1544 3386 1734 3440 favere
1764 3384 1980 3439 intelli-

332 3485 491 3550 geret
522 3495 587 3533 ac
616 3481 955 3531 constanter
994 3476 1052 3528 in
1085 3490 1147 3528 se
1176 3490 1305 3528 esse
1354 3490 1695 3545 propensos,
1724 3488 1843 3527 rem
1879 3489 1979 3542 ag-

334 3568 689 3634 grederetur,
725 3565 774 3619 si
806 3580 976 3619 secus
1021 3562 1297 3627 eveniret,
1322 3562 1608 3617 omitteret
1639 3561 1975 3615 consilium.

335 3658 484 3726 Ergo
515 3656 584 3708 ad
617 3653 766 3708 diem
818 3652 916 3722 qui
949 3669 982 3705 a
1013 3650 1296 3706 Paschate
1328 3650 1627 3720 proximus
1657 3655 1745 3704 est
1781 3649 1975 3704 Domi-

338 3745 527 3812 nicus,
556 3741 766 3813 populo
791 3740 1091 3812 publicum
1129 3756 1461 3809 processum
1488 3741 1545 3792 in
1567 3739 1977 3810 Apostolorum

333 3835 516 3888 aedem
551 3832 820 3902 imperat,
854 3829 961 3883 hoc
992 3829 1164 3883 modo
1195 3827 1403 3882 civium
1439 3828 1497 3882 in
1530 3845 1591 3882 se
1624 3828 1852 3882 animos
1883 3845 1979 3881 ex-

333 3923 689 3994 ploraturus.
715 3919 885 3974 Venit
914 3934 1051 3989 ergo
1084 3925 1395 3971 coronatus
1434 3933 1563 3971 cum
1610 3922 1815 3971 senatu
1848 3933 1976 3971 orn-

330 4012 507 4066 nibus
540 4009 782 4064 urbanis
813 4009 883 4063 ad
917 4006 972 4061 id
1006 4006 1409 4078 spectaculum
1455 4006 1890 4073 accurentibus,
1924 4009 1981 4060 et

330 4102 401 4154 iis
432 4100 525 4169 qui
563 4099 631 4153 ad
666 4097 820 4151 viam
869 4097 1091 4165 regiam
1142 4095 1508 4154 habitabant.
1532 4112 1765 4148 auream
1800 4100 1857 4149 et
1888 4114 1977 4149 ar-

330 4194 597 4259 genteam
632 4184 1051 4255 supellectilem
1085 4200 1151 4238 ex
1184 4184 1409 4237 aedibus
1440 4183 1881 4237 demittentibus
1913 4200 1980 4238 ac

333 4276 534 4348 peplos
552 4280 607 4329 et
625 4291 765 4329 auro
785 4273 1036 4327 intextas
1054 4276 1262 4342 vestes,
1280 4272 1455 4343 inque
1475 4271 1681 4326 faustis
1699 4273 1980 4327 acclama-

331 4365 590 4420 tionibus
622 4361 887 4417 certatim
920 4361 1115 4432 ipsum
1166 4361 1341 4415 etiam
1370 4360 1701 4415 animorum
1735 4378 1979 4415 suorum

329 4470 569 4510 sensum
621 4451 917 4506 effundere
948 4450 1343 4521 cupientibus.
1372 4449 1446 4503 Iis
1482 4450 1660 4503 miser
1708 4450 1817 4504 iste
1854 4450 1979 4504 ine-

1676 330 1989 388 GEOltGll
2037 328 2376 389 CEDltENI

333 460 543 515 strium
590 465 766 531 atque
796 459 1139 515 dexteritate
1188 458 1387 530 aliqua
1438 459 1767 530 praeditum,
1801 474 1977 528 neque

2103 455 2532 535 διαφθείραντος.

3627 330 3743 388 268

2613 458 2849 532 Καίσαρα
2922 454 3049 513 ὄντα
3113 459 3202 513 καὶ
3264 457 3588 534 δραστήριον
3650 456 3740 513 89-

2095 553 2292 601 κοῦντα
2321 548 2409 600 καὶ
2454 547 2578 621 περὶ
2616 548 2683 600 τὰ
2730 546 3026 620 πράγματα
3078 544 3272 620 δεξιὸν,
3323 544 3507 618 ὅρκοις
3555 548 3744 621 πρότε-

2098 655 2193 709 ρον
2263 634 2723 713 φρικωδεστάτοις
2772 632 3157 691 καταλαϐοῦσα
3205 638 3279 698 ὡς
3331 638 3520 712 κυρίαν
3573 638 3739 705 αὐτήν

2094 720 2196 793 ἕξει
2225 721 2312 778 διὰ
2346 724 2468 799 βίου
2516 725 2601 778 καὶ
2638 722 2919 778 δὲσποιναν
2961 726 3046 779 καὶ
3115 725 3344 799 μητέρα,
3405 726 3739 799 πράττουσαν

2098 815 2228 867 ἅττα
2254 810 2321 880 δὴ
2371 813 2459 866 καὶ
2502 812 2710 868 κελεύει
2752 817 2951 880 ποιεῖν,
3012 812 3321 885 εἰσποιητὸν
3381 809 3741 889 προσλαμϐά-

2095 922 2168 955 νει
2224 901 2341 955 υἱὸν
2390 902 2476 955 καὶ
2541 902 2767 976 βασιλὲα
2825 902 3109 974 Ῥωμαίων
3170 903 3504 978 ἀναγορεύει,
3536 903 3616 975 τῷ
3650 905 3744 977 βα-

2098 994 2297 1061 σιλικῷ
2372 991 2702 1044 ταινιώσασα
2779 987 3112 1063 διαδήματι,
3176 992 3440 1067 πρότερον
3501 990 3748 1046 ἐκποδὼν

2095 1079 2438 1149 ποιησαμένη
2471 1079 2559 1133 τὸν
2595 1079 2998 1155 ὀρφανοτρόφον
3051 1082 3139 1134 καὶ
3170 1080 3222 1141 ἐς
3280 1082 3341 1135 τὸ
3378 1084 3744 1157 μοναστήριον

2094 1173 2200 1221 τῶν
2262 1162 2600 1223 Μονοϐατῶν
2644 1166 2947 1242 ἒξορίσασα,
3006 1168 3406 1242 παραπλησίως
3456 1171 3545 1224 καὶ
3608 1177 3750 1225 Κων-

2097 1261 2372 1310 σταντῖνον
2404 1257 2493 1310 τὸν
2529 1253 2849 1326 δομέστικον
2881 1262 2987 1311 τῶν
3022 1256 3243 1332 σχολῶν
3275 1265 3373 1326 τῆς
3407 1260 3584 1333 ἀρχῆς
3652 1281 3750 1313 πα-

2097 1342 2372 1419 ραλύσασα
2419 1344 2507 1398 καὶ
2559 1345 2610 1397 ἐν
2649 1350 2765 1406 τοῖς
2817 1350 2913 1399 τοῦ
2945 1347 3195 1419 Ὀψικίου
3252 1349 3523 1419 κτήμασιν
3581 1348 3750 1403 αὐτοῦ

2092 1440 2190 1502 τῆς
2217 1431 2408 1507 ἁψῖδος
2438 1437 2631 1487 τοῦτον
2682 1432 3057 1509 περιορίσασοι⁹
3109 1435 3368 1497 ὡσαῦτως
3416 1436 3505 1490 καὶ
3569 1436 3747 1507 Γεώρ-

2094 1543 2209 1594 γιον
2267 1522 2358 1575 τὸν
2418 1517 2913 1596 πρωτοϐεστιάριον
2968 1523 3018 1577 ἐν
3049 1529 3163 1585 τοῖς
3195 1526 3331 1579 κατᾶ
3357 1525 3746 1602 Παφλαγονίαν

2093 1609 2257 1664 αὐτοῦ
2304 1614 2544 1683 κτήμασι
2610 1611 2882 1668 στείλασα.
2937 1614 3062 1668 Κατ’
3122 1612 3286 1680 αὐτὴν
3339 1611 3394 1668 δὲ
3450 1617 3549 1683 τὴν
3600 1614 3750 1689 ὥραν

2092 1700 2209 1753 καθ’
2239 1700 2300 1767 ἣν
2348 1698 2591 1754 ἀνεδεῖτο
2639 1705 2718 1771 τῷ
2778 1698 3074 1773 διαδήματι
3134 1703 3162 1755 ὁ
3195 1701 3446 1776 Μιχαὴλ,
3480 1705 3750 1757 σκοτώσει

2092 1788 2180 1842 καὶ
2242 1786 2441 1862 ἰλίγγῳ
2495 1788 2723 1865 ληφθεὶς
2777 1788 2935 1863 ἐγγὺς
2962 1788 3101 1858 ἦλθε
3157 1795 3252 1844 τοῦ
3311 1797 3513 1848 πεσεῖν.
3566 1792 3751 1855 Μόλις

2096 1873 2141 1929 δ’
2199 1874 2289 1930 οὖν
2331 1875 2719 1932 ἀνεκαλέσαντο
2767 1882 2957 1932 τοῦτον
3023 1877 3215 1952 μύροις
3249 1879 3338 1933 καὶ
3370 1879 3626 1953 ἀρώμασι
3658 1881 3753 1935 καὶ

2095 1962 2313 2026 λοιποῖς
2360 1963 2551 2027 ἄλλοις
2585 1963 2841 2020 εὐώδεσιν
2873 1964 3085 2023 εἴδεσιν.
3144 1964 3457 2022 Ἐκλονεῖτο
3490 1966 3547 2023 δὲ
3588 1969 3684 2023 καὶ
3718 1972 3755 2039 ἡ

2093 2060 2162 2127 γῆ
2223 2053 2348 2128 παρ’
2406 2053 2569 2115 ὅλους
2626 2054 2752 2116 τοὺς
2798 2054 3057 2130 τέσσαρας
3091 2062 3266 2127 μῆνας
3324 2060 3423 2121 τῆς
3463 2056 3757 2132 βασιλείας

2096 2141 2278 2198 αὐτοῦ.
2330 2144 2411 2214 [Ρ.
2468 2146 2597 2215 750]
2658 2144 2807 2207 Τέως
2877 2141 2933 2197 δὲ
2991 2145 3233 2221 στεφθεὶς
3292 2146 3439 2219 παρᾶ
3490 2151 3587 2200 τοῦ
3646 2168 3759 2201 πα-

2093 2232 2362 2305 τριάρχου
2392 2230 2479 2285 καὶ
2519 2231 2775 2305 βασιλεὺς
2806 2234 3070 2294 καταστὰς
3099 2239 3287 2305 τιμαῖς
3336 2236 3423 2288 καὶ
3478 2234 3757 2308 ἀξιώμασι

2093 2320 2191 2386 τὴν
2225 2317 2527 2395 σύγκλητον
2570 2320 2657 2375 καὶ
2708 2318 2925 2396 δωρεῶν
2960 2320 3244 2393 διανομαῖς
3296 2322 3358 2377 τὸ
3416 2326 3594 2378 κοινὸν
3663 2327 3755 2379 ἆν-

2097 2402 2417 2479 ελάμϐανεν.
2468 2408 2726 2478 Ἑντεύξει
2760 2406 2817 2463 δὲ
2864 2409 2930 2483 τῇ
2984 2410 3117 2483 πρὸς
3158 2411 3257 2478 τὴν
3319 2409 3601 2466 δέσποιναν
3659 2419 3753 2468 καὶ

2097 2501 2493 2550 Κωνσταντῖνον
2534 2497 2624 2551 τὸν
2704 2494 3023 2569 δομέστικον
3089 2498 3584 2572 μετακαλεσάμενος
3645 2509 3750 2571 τῆς

2100 2584 2385 2660 ὑπερορίας
2410 2586 2500 2639 καὶ
2557 2580 2944 2658 νοϐελίσσιμον
3014 2589 3125 2660 (44)
3170 2590 3405 2659 τιμήσας
3471 2591 3587 2664 εἶχε
3632 2598 3753 2656 μεθ’

2097 2675 2306 2729 ἑαυτοῦ.
2340 2674 2503 2743 Δόξας
2546 2671 2603 2728 δί
2646 2673 2696 2729 ἐν
2742 2670 2943 2749 βεϐαίῳ
2994 2674 3205 2730 ἑστάναι
3258 2676 3521 2752 αἰφνίδιον
3565 2676 3749 2737 ἔπεσε.

2096 2763 2386 2834 Γράμμασι
2443 2763 2547 2837 γὰρ
2595 2767 2692 2817 τοῦ
2760 2764 3169 2841 ὀρφανοτρόφου
3226 2766 3315 2819 καὶ
3380 2763 3754 2839 συμϐουλίαις

2096 2855 2193 2903 τοῦ
2246 2848 2574 2923 δομεστίκου
2633 2849 2968 2928 διαφθαρεὶς,
3017 2852 3285 2927 λεγόντων
3351 2857 3427 2927 μὴ
3473 2855 3755 2922 πολλάκις

2096 2939 2364 2994 πιστεύειν
2418 2944 2485 3013 τῇ
2547 2937 2839 3013 δεσποίνῃ,
2899 2939 3043 2996 ἀλλᾶ
3100 2940 3459 3019 φυλάττεσθαι
3518 2945 3753 3017 ταύτην⁹

2092 3026 2184 3081 ἵνα
2244 3030 2319 3098 μη
2380 3026 2738 3101 παραπλήσια
2794 3032 2940 3104 πάθῃ
3002 3035 3077 3101 τῷ
3130 3052 3189 3085 τε
3247 3032 3375 3103 θείῳ
3432 3033 3599 3088 αὐτοῦ
3661 3036 3750 3089 καί

2101 3120 2316 3193 βασιλεῖ
2371 3120 2600 3194 Μιχαὴλ
2647 3122 2737 3175 καὶ
2788 3126 2867 3193 τῷ
2915 3123 3021 3195 πρὸ
3075 3121 3238 3176 αὐτοῦ
3284 3124 3575 3195 Ῥωμανῷ,
3610 3147 3749 3198 γοη-

2088 3208 2300 3276 τείαις,
2360 3210 2434 3271 ὡς
2511 3207 2740 3285 ἔφασκον
2774 3254 2787 3279 ,
2857 3209 3290 3285 κατεργασθέντι,
3348 3212 3436 3266 καὶ
3492 3209 3746 3286 συμϐου-

2090 3295 2360 3351 λευόντων
2393 3341 2408 3367 ,
2468 3297 2519 3353 εἷ’
2598 3297 2711 3351 οἷόν
2770 3319 2828 3352 τε
2882 3294 3126 3352 ἐκποδὼν
3186 3300 3367 3362 θέσθαι
3424 3300 3596 3369 αὐτὴν
3658 3302 3745 3357 καὶ

2088 3389 2311 3438 σπεῦσαι
2370 3386 2446 3456 μή
2501 3393 2923 3462 προΛηφθῆναι,
2981 3387 3071 3441 καὶ
3127 3394 3372 3462 συνεχεῖς
3424 3392 3519 3453 τὰς
3568 3412 3741 3466 προσ-

2090 3468 2259 3535 ϐολὰς
2314 3473 2436 3547 περὶ
2486 3478 2581 3528 τοῦ
2638 3474 2800 3528 αὐτοῦ
2846 3476 3172 3547 ποιούμενοι
3230 3478 3551 3551 πράγματος
3609 3480 3741 3534 ἁνα-

2088 3566 2268 3615 πεῖσαι
2338 3560 2562 3636 ξ’σχυσαν
2631 3557 2927 3631 ἐπιϐουλὴν
3004 3565 3121 3618 κατ’
3186 3564 3354 3634 αὐτῆς
3413 3565 3737 3639 μελετῆσαι.

2088 3647 2301 3720 Ἐδοξεν
2350 3648 2439 3704 οὖν
2494 3652 2926 3727 ἀποπειραθῆναι
2981 3657 3087 3707 τῶν
3147 3652 3392 3709 πολιτῶν
3448 3657 3738 3731 πρότερον,

2090 3736 2203 3792 οθίαν
2254 3735 2443 3812 ἔχουσι
2473 3740 2595 3813 περί
2638 3739 2821 3808 αὐτοῦ,
2854 3742 3107 3814 γνώμην,
3156 3743 3245 3796 καὶ
3278 3742 3329 3796 εἴ
3360 3744 3455 3815 μὶν
3488 3749 3745 3819 χρηστήν

2089 3824 2323 3889 διάθεσιν
2384 3832 2587 3903 φανῶσι
2647 3826 3003 3905 φυλάττοντες
3061 3830 3138 3893 εἰς
3191 3831 3353 3885 αὐτὸν
3402 3834 3494 3885 καί
3554 3835 3743 3911 φιλίαν

2090 3915 2278 3989 ὀρθὴν,
2327 3916 2449 3970 τότε
2498 3915 2563 3985 δὴ
2596 3916 2684 3971 καὶ
2715 3916 3032 3992 ἐγχειρῆσαι
3078 3922 3147 3991 τῇ
3184 3919 3403 3994 μελίτη,
3444 3921 3493 3975 εἲ
3520 3920 3584 3977 δὲ
3617 3925 3743 3978 τοῦ-

2085 4004 2323 4071 ναντίον,
2373 4006 2610 4079 ἡσυχίαν
2648 4003 2817 4080 ἄγειν.
2851 4012 2943 4078 Τῷ
2974 4012 3217 4081 Κυριακῇ
3250 4008 3341 4063 οὖν
3389 4013 3459 4078 τῆ
3511 4014 3658 4083 μετὰ
3684 4014 3745 4068 τὸ

2088 4096 2236 4167 ἅγιον
2292 4096 2485 4169 Πάσχα
2540 4094 2858 4166 προέλευσιν
2916 4093 3185 4168 δημοσίαν
3246 4098 3480 4170 κηρύξας
3555 4102 3611 4155 ἐν
3668 4107 3746 4173 τῷ

2086 4187 2197 4235 τῶν
2262 4183 2458 4257 Ἀγίων
2510 4181 2859 4239 Ἀποστόλων
2891 4189 3026 4256 ναῷ,
3067 4184 3156 4239 καὶ
3190 4184 3261 4240 δι’
3290 4186 3457 4257 αὐτῆς
3514 4189 3748 4247 ἀποπει-

2091 4272 2315 4345 ραθῆναι
2364 4270 2549 4345 κρίνας
2596 4276 2695 4336 τῆς
2744 4271 2970 4346 γνώμης
3026 4277 3133 4327 τῶν
3192 4273 3458 4344 πολιτῶν,
3492 4277 3742 4343 ἀπῆλθεν

2088 4357 2524 4431 ἐστεφανωμένος
2582 4361 2713 4433 μετὰ
2737 4367 2837 4430 τῆς
2889 4360 3219 4436 συγκλήτου,
3276 4366 3450 4435 πάσης
3502 4374 3608 4436 τῆς
3639 4368 3744 4423 πό-

2089 4445 2228 4509 λεως
2262 4448 2635 4522 ἀθροισθείσης
2674 4450 2748 4510 είς
2803 4452 2904 4519 τήν
2960 4452 3103 4515 Θεαν,
3159 4452 3321 4522 σκεύη
3382 4455 3597 4528 χρύσεα
3654 4460 3739 4511 καὶ

328 4548 545 4610 scatus,
562 4546 735 4608 atque
752 4539 949 4593 omnia
965 4556 997 4591 a
1016 4555 1250 4591 summa
1268 4537 1556 4609 proficisci
1585 4538 1977 4593 benevolentis

2095 4537 2325 4611 ἀργύρεα
2380 4542 2485 4590 τῶν
2544 4539 2644 4605 τὴν
2710 4536 2990 4615 λεωφόρον
3046 4542 3443 4596 κατοικούντων
3507 4545 3743 4615 ἀποκρε-

325 4635 628 4704 putans,ut
649 4629 904 4701 primum
928 4628 984 4680 in
1005 4644 1270 4695 magnum
1287 4632 1654 4681 estreversus
1671 4625 1975 4697 palatium,

325 4720 715 4794 patriarcham
739 4718 795 4771 in
816 4716 1236 4770 monasterium
1261 4714 1630 4785 ipsius,quod
1650 4721 1773 4768 erat
1790 4715 1845 4768 in
1862 4716 1982 4770 Ste-

326 4829 419 4877 no,
452 4810 611 4865 abire
634 4808 825 4878 jubet,
853 4822 1033 4875 seque
1066 4803 1143 4857 ibi
1178 4805 1234 4857 in
1268 4804 1591 4857 crastinum
1624 4810 1978 4873 exspectare,

324 4901 603 4953 donatum
639 4897 766 4951 auri
803 4896 967 4949 libris
1002 4895 1050 4951 4,
1077 4893 1231 4963 quod
1262 4892 1541 4946 nimirum
1567 4908 1616 4945 ei
1650 4893 1802 4945 brevi
1829 4900 1982 4948 esset

325 5002 723 5041 successorem
770 4984 1217 5038 constituturus.
1244 4984 1426 5035 Noctu
1461 4982 1785 5051 Augustam
1836 4981 1980 5039 solio

321 5075 591 5130 deturbat
611 5078 669 5129 et
686 5074 741 5128 in
764 5072 1099 5143 Principum
1150 5069 1389 5141 relegat,
1407 5069 1477 5124 iis
1498 5069 1594 5139 qui
1612 5069 1982 5127 abducebant

325 5164 604 5219 mandato
641 5166 703 5216 ut
746 5178 872 5215 eam
924 5161 1192 5215 raderent
1242 5163 1414 5228 atque
1444 5156 1554 5228 ipsi
1588 5158 1777 5212 crines
1808 5159 1977 5213 aﬂ‘er-

2093 4626 2398 4699 μαννύντων
2449 4626 2537 4679 καὶ
2569 4624 2809 4687 πέπλους
2847 4627 2935 4680 καῖ
2997 4626 3142 4683 ἄλλα
3198 4629 3485 4706 ’ὑφάσματα
3541 4653 3743 4709 χρυσο-

2091 4714 2221 4792 ὒφῆ,
2253 4714 2349 4769 κάν
2378 4720 2495 4779 ταῖς
2534 4715 2825 4790 εὐφημίαις
2872 4720 3371 4791 προτεθυμημένων
3418 4723 3509 4775 καὶ
3560 4724 3741 4794 αὐτας,

2091 4805 2135 4859 εἰ
2168 4800 2279 4857 οἷον
2336 4825 2415 4868 τε,
2475 4802 2765 4858 ἐκκενῶσαι
2822 4804 2916 4867 τὰς
2976 4806 3173 4880 ψυχάς.
3233 4810 3329 4869 Οἷς
3376 4806 3741 4875 δελεασθεὶςὸ

2091 4890 2329 4954 δείλαιος
2388 4897 2467 4963 τῷ
2524 4891 2573 4961 ἐξ
2631 4892 2837 4953 εὐνοίας
2897 4890 3189 4949 ὑπολαϐεῖν
3247 4901 3413 4951 ταῦτα
3471 4901 3737 4974 γίνεσθαι,

2094 4980 2430 5055 ὑποστρέψας
2472 4979 2523 5034 ἐν
2554 4984 2632 5051 τῷ
2692 4978 2918 5056 μεγάλῳ
2968 4981 3218 5055 παλατίῳ
3262 4989 3341 5055 τῷ
3390 4988 3486 5057 μὶν
3542 5009 3737 5058 πατρι-

2088 5070 2233 5144 ἀρχῃ
2296 5068 2487 5140 μηνύει
2550 5067 2803 5132 ἀπελθεῖν
2864 5070 2941 5132 εἷς
3000 5072 3097 5139 τὴν
3132 5069 3185 5125 ἐν
3232 5077 3310 5143 τῷ
3345 5080 3531 5147 Στενῷ
3567 5079 3736 5148 μονήν

2088 5160 2253 5213 αὐτοῦ
2308 5158 2399 5211 καὶ
2458 5154 2853 5231 προσδέχεσθαι
2914 5157 3071 5213 αὐτὸν
3127 5164 3195 5233 τῇ
3256 5162 3559 5235 ἐπαύριον,
3618 5163 3741 5227 δοὺς

1520 5298 1889 5354 XYLANDRI
1930 5302 2016 5357 ET
2054 5302 2276 5357 GOARI
2316 5301 2551 5356 NOT/E.

399 5431 507 5499 (14)
534 5430 673 5485 Tres
704 5428 1061 5483 Constantini
1094 5426 1291 5499 Magni
1328 5424 1780 5499 temporetituli
1812 5425 1972 5482 fuere

322 5497 617 5587 praecipui,
650 5500 934 5580 Augusti,
956 5497 1215 5580 Caesaris,
1251 5497 1971 5587 Nobilissitgi.l1'\‘ugustus

324 5568 665 5647 imperatur,
698 5578 883 5647 Caesar
924 5571 1150 5647 imperii
1198 5568 1973 5647 successor,_Nobili§simus

320 5640 565 5704 Caasarei
597 5643 855 5701 nominis
904 5640 1255 5711 quandoque
1306 5640 1574 5710 potiundi
1608 5656 1711 5711 spe
1741 5640 1970 5696 foveba-

2085 5426 2658 5506 tur;.unde_nonnisi
2683 5427 2875 5506 ultimi
2899 5428 3079 5506 impp.
3112 5429 3213 5506 filii
3243 5430 3331 5506 vel
3359 5431 3571 5489 afﬁnes
3594 5451 3735 5506 pra;-

2083 5498 2236 5567 cipui
2287 5516 2352 5553 eo
2384 5498 2572 5571 titulo
2615 5499 2891 5570 leguntur
2940 5498 3185 5571 imperio
3237 5500 3478 5558 ﬂorente
3522 5498 3732 5559 ornati.

2082 5571 2255 5697 giura
2281 5572 2350 5625 de
2382 5570 2759 5627 Nobilissimo
2784 5570 3085 5629 TrivoiiLis
3116 5572 3353 5629 Observ.
3379 5576 3545 5648 Apol.
3575 5593 3625 5632 ο.
3652 5577 3732 5630 16.

2131 5658 2261 5696 om.
