3968 6140
286 342 383 398 269

1422 339 1965 403 HISTORIARUM
2012 342 2556 405 COMPENDIUM.

3543 343 3663 405 270

285 474 411 544 αύτῷ
438 493 520 527 και
551 470 784 547 χρυσίου
816 470 1002 546 λίτρας
1040 472 1297 545 τέσσαρας
1329 468 1418 525 διὰ
1444 472 1542 539 τήν
1597 469 1896 544 μέλλουσαν

2098 480 2163 530 1t.
2206 476 2301 530 Die
2335 477 2484 530 facta
2514 475 2852 531 relationem
2889 475 3252 548 perscripsit,
3285 491 3534 549 eamque
3564 494 3666 532 ur-

286 561 351 625 είς
396 562 549 616 αὐτὸν
608 561 852 635 γενέσθαι
906 562 1051 635 τάχα
1101 558 1405 634 ὑποδοχήν·
1441 561 1630 621 νυκτὸς
1689 558 1745 613 δὲ
1801 562 1902 628 τὴν

290 647 521 724 βασιλίδα
587 654 832 719 κατασπᾷ
896 653 991 702 τοῦ
1059 649 1248 718 θρόνου
1315 649 1401 702 καὶ
1474 647 1770 723 περιορίζει
1826 648 1902 711 εἰς

282 740 584 813 Πρίγκιπον,
648 738 932 812 ἀποκεῖραι
993 744 1111 797 τοῖς
1171 738 1356 812 ἄγουσι
1421 736 1678 798 κελεύσας
1733 736 1901 805 αὐτὴν

282 829 356 881 καὶ
390 825 693 899 διακομίσαι
729 826 910 898 τούτῳ
953 827 1048 889 τὰς
1088 826 1283 901 τρίχας
1333 826 1525 893 αὐτῆς.
1563 825 1657 879 Καὶ
1705 827 1761 878 οἱ
1806 826 1900 898 μὶν

280 915 587 993 πεμφθέντες
660 914 921 983 ἐποίησαν
992 916 1065 976 ὡς
1123 914 1554 985 ἐκελεύσθησαν,
1618 912 1780 968 ἕωθεν
1855 913 1901 968 δ’

282 1006 419 1065 οὗτος
450 1005 716 1078 ἀναφορὰν
740 1004 1076 1077 (15)γράψας
1098 1004 1184 1057 καὶ
1208 1008 1290 1075 τῷ
1317 1006 1415 1071 τῆς
1442 1002 1657 1063 πόλεως
1675 1002 1901 1078 ἐπάρχῳ

280 1091 391 1155 δοὺς
444 1093 747 1167 ἀναγνῶναι
797 1092 849 1146 έν
906 1096 987 1162 τῷ
1039 1096 1136 1145 τοῦ
1192 1091 1445 1166 Μεγάλου
1500 1092 1901 1145 Κωνσταντίνου

278 1182 415 1257 φόρῳ
468 1187 585 1243 τοῖς
642 1180 897 1243 πολίταις
957 1180 1269 1235 ἐκέλευσεν·
1306 1178 1507 1250 ἐδήλου
1567 1178 1623 1234 δὲ
1679 1183 1713 1249 ἡ
1769 1180 1899 1234 ἀνα-

273 1271 415 1348 φορὰ,
447 1269 631 1345 ὅτιπερ
667 1293 693 1322 ‹‹
726 1270 998 1330 Κακόνους
1030 1270 1064 1337 ἡ
1118 1270 1238 1337 Ζωή
1292 1269 1427 1342 περῖΔ
1469 1271 1567 1336 τὴν
1624 1268 1896 1344 βασιλείαν

276 1381 367 1430 μου
433 1364 653 1436 φανεῖσα
718 1357 998 1431 ἐξώρισται
1062 1358 1189 1431 παρ’
1252 1355 1407 1428 ἐμοῦ,
1458 1361 1781 1433 συμφρονῶν
1844 1352 1901 1410 δὲ

269 1447 421 1522 ταύτῃ
494 1445 586 1501 καί
660 1449 688 1500 ὁ
763 1445 1008 1514 Ἀλέξιος
1080 1441 1347 1515 ἐξεϐλήθη
1421 1453 1522 1513 τῆς
1588 1444 1897 1514 ἐκκλησίας.

269 1538 430 1608 Ὑμεῖς
462 1534 540 1602 δὲ,
575 1536 602 1589 ὁ
634 1533 767 1607 ἐμὸς
826 1534 981 1600 λαὸς,
1015 1534 1058 1588 εί
1101 1536 1199 1603 τὴν
1264 1533 1401 1605 ἐμήν
1451 1532 1659 1588 εὔνοιαν
1711 1531 1897 1603 διατη-

269 1624 439 1698 ροίητε
512 1624 648 1694 πρὸς
725 1622 844 1695 ἐμὲ,
916 1621 1168 1697 μεγάλων
1254 1627 1434 1695 τιμῶν
1503 1622 1591 1676 καὶ
1680 1623 1896 1696 ἀγαθῶν

268 1716 489 1785 τεύξεσθε
548 1715 637 1769 καὶ
689 1715 832 1783 ζωὴν
884 1712 1094 1768 ἄλυπον
1142 1716 1229 1769 καὶ
1282 1714 1519 1788 καθαρὰν
1581 1716 1822 1782 ζήσεσθε.
1870 1738 1895 1764 ››

268 1804 601 1879 Ἀναγνόντος
657 1802 746 1858 οὖν
806 1807 902 1857 τοῦ
984 1802 1229 1876 ἐπάρχου
1302 1805 1401 1871 τήν
1479 1802 1745 1879 ἀναφορὰν
1820 1802 1897 1863 εἰς

267 1892 485 1962 ἐπήκοον
534 1896 631 1946 τοῦ
688 1891 844 1963 λαοῦ,
906 1893 1062 1968 φωνή
1136 1912 1219 1952 τις
1279 1891 1603 1963 ἐξηκούσθη,
1666 1888 1894 1962 μηδενὸς

268 1980 557 2057 εύρεθέντος
612 1984 708 2035 τοῦ
766 1979 1109 2055 κεκραγότος,
1143 1979 1216 2039 ὡς
1275 2003 1302 2029 ‹‹
1351 1984 1536 2051 Ἡμεῖς
1588 1979 1891 2053 σταυροπά-

264 2092 351 2139 την
396 2074 502 2141 (16)
558 2072 644 2143 [Ρ.
675 2071 802 2141 751]
861 2066 1177 2138 καλαφάτην
1242 2066 1469 2143 βασιλέα
1520 2067 1581 2122 ού
1639 2067 1894 2139 θέλομεν,

264 2156 396 2212 ἀλλᾶ
422 2161 522 2225 τὴν
581 2157 877 2232 ἀρχέγονον
929 2156 1017 2211 καὶ
1075 2154 1425 2229 κληρονόμον
1481 2157 1569 2210 καὶ
1623 2156 1892 2229 ἡμετέραν

265 2248 460 2321 μητέρα
491 2253 671 2316 Ζωήν,
708 2269 736 2296 ›)
771 2245 867 2299 Καὶ
899 2245 1056 2306 εὐθὺς
1089 2245 1163 2305 ὡς
1193 2244 1251 2299 ἐκ
1286 2251 1412 2317 μιᾶς
1453 2252 1638 2317 φωνῆς
1690 2247 1827 2306 ἅπας
1867 2246 1894 2298 ὁ

263 2335 383 2396 λαὸς
444 2330 617 2390 ἰϐόων
649 2355 661 2367 ·
715 2358 743 2385 ‹‹
792 2333 1151 2410 Ἀνασκαφείη
1203 2334 1271 2387 τὰ
1324 2333 1453 2387 ὀστᾶ
1502 2336 1610 2405 (17)
1655 2338 1753 2387 τοῦ
1801 2353 1895 2385 και

263 2422 515 2500 λαφάτου.
585 2448 612 2473 ››
665 2423 761 2477 Καὶ
821 2416 1180 2485 ἀναλαϐόντες
1232 2417 1460 2482 ἕκαστος
1537 2419 1722 2484 λίθους
1805 2421 1895 2475 καὶ

263 2512 429 2585 βάθρα
483 2511 574 2566 καὶ
621 2513 688 2565 τὰ
729 2511 1109 2585 παρατυχόντα
1163 2508 1295 2579 ξύλα
1349 2513 1443 2564 τὸν
1505 2511 1598 2582 μὲν
1654 2505 1893 2584 ἔπαρχον

259 2602 340 2669 (ἦν
373 2599 428 2655 δὲ
458 2601 814 2661 ’Λναστάσιος
846 2600 1131 2671 πατρίκιος
1181 2601 1208 2653 ὁ
1255 2603 1334 2670 τῷ
1379 2598 1543 2674 πατρὶ
1598 2605 1699 2667 τῆς
1740 2605 1895 2667 Ζωῆς

263 2690 756 2763 ὑπηρετησάμενος)
794 2693 988 2761 μικροῦ
1047 2685 1154 2742 δεῖν
1206 2688 1296 2742 καὶ
1345 2688 1680 2755 ἀπέκτειναν,
1725 2686 1769 2741 εί
1818 2689 1893 2759 μὴ

244 2782 392 2856 ,φυγῇ
452 2778 808 2853 χρησάμενος
861 2775 1149 2851 ἐπορίσατο
1206 2777 1306 2843 τήν
1368 2777 1557 2830 ἑαυτοῦ
1598 2774 1893 2848 σωτηρίαν

256 2867 397 2921 αὐτοὶ
452 2865 508 2921 δὲ
572 2866 648 2929 εἷς
703 2868 804 2934 τὴν
881 2864 1139 2939 Μεγάλην
1227 2862 1521 2940 δραμόντες
1570 2864 1892 2933 Ἐκκλησίαν

255 2953 429 3030 (ἔτυχε
457 2957 561 3031 γὰρ
586 2954 676 3008 καὶ
711 2954 739 3007 ὁ
766 2955 1117 3027 πατριάρχης
1173 2954 1273 3019 τὴν
1321 2953 1485 3007 αὐτοῦ
1548 2954 1895 3027 ὑποστροφὴν

259 3044 624 3116 ὠνησάμενος,
657 3042 747 3097 καὶ
777 3043 867 3097 τὸν
904 3043 999 3114 μὲν
1048 3040 1272 3115 βασιλέα
1325 3039 1523 3117 ἐδυσφή
1538 3062 1647 3112 μει,
1678 3042 1775 3107 τὴν
1839 3038 1896 3095 δὲ

253 3140 343 3201 τῆς
401 3132 727 3207 βασιλίσσης
812 3130 990 3199 ἐζήτει
1065 3128 1467 3202 ἀνακομιδήν)·
1519 3126 1894 3203 προσέδραμον

2018 565 2105 617 his
2139 565 2402 633 praefecto
2427 564 2657 637 publice
2685 565 2897 637 populo
2922 566 3279 620 recitandum
3304 566 3360 620 in
3383 566 3669 621 Constan-

2013 654 2117 707 tini
2152 654 2343 725 Magni
2371 654 2490 709 foro
2521 656 2838 709 mandavit.
2864 656 3089 725 Scripta
3118 654 3224 709 fuit
3249 655 3307 709 in
3332 655 3482 710 hanc
3515 654 3666 712 837

2014 744 2369 796 sententiam
2398 759 2411 796 :
2438 766 2463 791 ‹‹
2499 748 2668 810 Zoen,
2695 760 2868 813 quam
2906 760 3035 798 meo
3070 744 3312 815 imperio
3344 744 3663 815 malignam

2011 846 2140 884 esse
2164 831 2683 900 deprehenderam,
2708 831 2975 902 relegavi.
3003 831 3254 886 Alexium
3279 849 3410 888 cum
3437 848 3503 887 ea
3526 850 3664 888 sen-

2012 918 2253 973 tientem
2288 919 2530 973 ecclesia
2564 921 2772 974 amovi.
2797 920 2913 975 Vos
2945 927 3164 987 autem,
3200 922 3417 976 subditi
3452 923 3586 992 mei,
3612 922 3663 977 si

2014 1007 2419 1063 benevolentia
2450 1025 2587 1079 erga
2618 1026 2710 1064 me
2759 1010 3152 1081 perstiteritis,
3190 1026 3433 1082 magnos
3480 1010 3666 1067 hono-

2012 1112 2105 1150 res
2136 1102 2310 1167 atque
2343 1099 2622 1152 beneﬁcia
2653 1098 3115 1169 consequemini.
3145 1099 3443 1170 vitamque
3475 1104 3662 1155 tutam

2012 1191 2067 1237 et
2100 1184 2385 1254 placidam
2430 1187 2673 1254 degetis.
2703 1208 2728 1234 η
2753 1186 2895 1241 Cum
2950 1189 3224 1243 audiente
3272 1191 3488 1259 populo
3520 1188 3666 1243 reci-

2012 1276 2195 1327 tasset
2227 1272 2347 1328 haec
2380 1275 2709 1345 praefectus,
2732 1292 2839 1329 vox
2881 1276 3146 1346 quaedam
3189 1277 3413 1331 exstitit
3442 1276 3665 1333 incerto

2011 1369 2245 1417 auctore
2278 1380 2341 1415 :u
2376 1363 2662 1418 Nolumus
2708 1369 3111 1435 stauropatam
3146 1363 3513 1435 calaphatam
3547 1365 3664 1420 im-

2012 1457 2336 1521 peratorem
2372 1452 2603 1516 habere,
2630 1453 2727 1507 sed
2755 1469 2957 1523 parere
2986 1454 3128 1517 Zoaa,
3154 1454 3244 1507 cui
3278 1470 3312 1508 a
3343 1454 3664 1523 majoribus

2010 1541 2319 1611 imperium
2380 1542 2627 1595 debetur
2674 1543 2808 1612 jure
2863 1542 3260 1609 hazreditario,
3323 1544 3495 1597 matri
3554 1560 3659 1598 no-

2012 1633 2165 1683 strae.
2196 1651 2222 1678 ››
2257 1629 2465 1684 Statim
2519 1629 2687 1700 quasi
2734 1646 2847 1685 una
2878 1647 3012 1685 voce
3046 1631 3117 1685 ab
3150 1631 3427 1687 omnibus
3475 1631 3661 1687 accla-

2012 1726 2231 1771 matum
2267 1722 2356 1772 est
2384 1735 2396 1771 :
2428 1742 2447 1765 ιι
2486 1717 2847 1773 Etl‘odiantur
2887 1735 3019 1773 ossa
3050 1718 3387 1790 calaphatze.
3415 1741 3442 1768 ››
3474 1720 3532 1774 Et
3570 1736 3662 1773 air-

2010 1806 2189 1875 reptis
2222 1811 2284 1860 ut
2316 1806 2528 1876 cuique
2559 1824 2686 1861 sors
2707 1807 2984 1861 offerebat
3013 1807 3330 1877 lapidibus,
3363 1807 3662 1862 subselliis

2006 1900 2178 1965 atque
2227 1894 2426 1965 lignis,
2477 1896 2813 1964 praefectum
2870 1896 3034 1951 urbis
3075 1900 3221 1963 (erat
3267 1896 3362 1950 hic
3411 1901 3664 1950 Anasta-

2004 1983 2128 2037 sius
2161 1984 2462 2054 patricius,
2490 1984 2787 2054 quondam
2820 1989 2960 2039 Zoes
3011 1984 3196 2056 patris
3245 1984 3539 2056 minister)
3571 1984 3662 2037 in-

2003 2073 2390 2138 terfecissent,
2428 2073 2536 2126 nisi
2586 2074 2634 2128 is
2677 2072 2816 2143 fuga
2864 2072 2975 2128 sibi
3008 2072 3259 2128 salutem
3314 2071 3659 2144 paravisset.

2005 2161 2366 2215 Concursum
2418 2162 2602 2215 fecere
2651 2162 2721 2215 ad
2776 2162 3048 2233 Magnum
3080 2161 3410 2233 Templum,
3443 2177 3559 2232 quo
3606 2164 3665 2215 et

2005 2248 2335 2319 patriarcha
2368 2255 2665 2304 mercatus
2711 2249 3048 2321 aufugiendi
3096 2248 3396 2304 licentiam
3429 2266 3492 2304 se
3522 2265 3664 2304 con-

2003 2336 2221 2391 tulerat
2261 2342 2318 2391 et
2361 2338 2765 2392 detestabatur
2822 2338 3257 2408 imperatorem,
3311 2337 3662 2408 restituique

2004 2428 2324 2497 Augustam
2382 2426 2673 2496 cupiebat.
2733 2426 2948 2481 Eodem
3016 2431 3397 2481 accurrcrunt
3455 2443 3663 2482 omnes

2005 2515 2126 2567 Zoaa
2186 2514 2406 2583 paterni
2478 2514 2731 2567 eunuchi
2792 2522 2845 2568 et
2904 2516 3320 2569 Constantinus
3379 2515 3663 2585 patricius

2006 2600 2324 2660 Cabasilas,
2358 2598 2697 2670 reliquaque
2742 2605 3079 2655 senatorum
3127 2601 3479 2666 multitudo;
3512 2618 3661 2656 uua-

2007 2688 2283 2758 nimoque
2315 2704 2604 2743 consensu
2639 2689 2933 2743 miserunt
2964 2689 3061 2760 qui
3095 2689 3459 2744 Theodoram
3493 2706 3526 2745 a
3558 2690 3659 2745 Pes

2005 2777 2116 2830 trio
2146 2776 2203 2829 in
2230 2777 2503 2848 Magnum
2528 2777 2836 2845 Templum
2861 2778 3236 2832 adducerent.
3265 2778 3346 2832 lbi
3369 2794 3497 2833 eam
3522 2794 3662 2849 pur-

2008 2882 2145 2935 pura
2182 2866 2485 2936 Augustali
2523 2867 2785 2919 indutam
2810 2868 3135 2936 Augustam
3166 2866 3503 2921 salutaruut
3525 2882 3661 2921 cum

2004 2956 2111 3009 Zoe
2133 2970 2355 3019 sorore;
2380 2955 2719 3023 impetuque
2743 2954 2810 3007 ad
2838 2954 3113 3024 palatium
3133 2955 3290 3022 dato,
3307 2953 3660 3010 Michaelum

2005 3043 2157 3099 538
2190 3042 2325 3097 inde
2377 3042 2587 3114 pellere
2634 3044 2893 3113 aggressi
2945 3047 3104 3097 sunt.
3139 3044 3240 3097 Hic
3291 3044 3522 3098 fremitu
3559 3061 3663 3116 po-

2007 3132 2124 3202 puli
2157 3135 2212 3185 et
2245 3135 2402 3185 motu
2455 3134 2822 3201 perterritus,
2857 3130 3011 3185 illico
3055 3131 3221 3185 misit
3273 3131 3372 3202 qui
3419 3132 3568 3186 Zoen
3599 3132 3657 3185 in

250 3221 418 3275 τοίνυν
476 3224 677 3280 πάντες
744 3220 797 3273 οἱ
851 3223 951 3272 τοῦ
1006 3218 1208 3289 πατρὸς
1266 3217 1432 3281 αὐτῆς
1494 3216 1749 3290 εύνοῦχοι
1805 3215 1894 3269 καὶ

2107 3220 2285 3273 stium
2320 3191 2696 3287 adducerent,
2720 3191 2894 3289 eique
2927 3220 3226 3273 monachaa
3260 3191 3461 3274 habitu
3495 3220 3661 3274 dem-

255 3310 658 3370 Κωνσταντῖνος
700 3305 985 3381 πατρίκιος
1029 3307 1056 3360 ὁ
1090 3301 1397 3368 Καϐάσιλας
1439 3306 1529 3358 καὶ
1581 3308 1643 3358 τὸ
1701 3302 1893 3357 λοιπὸν

254 3398 380 3451 ἅπαν
439 3397 656 3467 πλῆθος
705 3403 805 3465 τῆς
848 3392 1177 3470 συγκλήτου,
1240 3394 1329 3447 καὶ
1388 3397 1543 3466 κοινῇ
1604 3388 1894 3467 συμϐουλῇ

251 3485 549 3559 πέμψαντες
600 3484 785 3560 ἄγουσι
844 3484 942 3551 τὴν
994 3480 1273 3558 Θεοὸώραν
1338 3481 1441 3536 ἀπὸ
1515 3486 1610 3536 τοῦ
1670 3480 1895 3554 Ηετρίου

251 3574 323 3635 εἷς
368 3585 467 3643 τήν
518 3573 783 3647 Μεγάλην
829 3572 1180 3641 Ἐκκλησίαν,
1215 3571 1306 3625 καὶ
1364 3568 1674 3632 ἐνδύσαντες
1727 3569 1894 3637 αὐτὴν

251 3661 547 3739 ἁλουργίδα
613 3659 906 3736 βασιλικὴν
966 3657 1194 3713 ἄνασσαν
1259 3658 1561 3737 εὐφημοῦσι
1622 3658 1713 3712 σὺν
1772 3663 1895 3732 Ζωῇ

248 3756 311 3826 τῇ
360 3753 567 3822 ταύτης
619 3749 851 3826 ἀδελφῇ.
900 3748 1003 3806 Καὶ
1044 3750 1382 3823 ὁρμήσαντες
1425 3749 1558 3824 πρὸς
1606 3749 1668 3802 τὸ
1716 3744 1894 3801 παλά-

248 3861 356 3895 τιον
436 3838 1144 3915 καταγαγεῖν¹ἠπείγοντο
1223 3841 1332 3891 τῶν
1421 3836 1730 3912 ἀνακτόρων
1805 3836 1897 3889 τὸν

250 3928 503 4004 Μιχαήλ.
538 3930 601 3985 Ὁ
646 3926 701 3982 Si
747 3927 882 3999 πρὸς
931 3928 1031 3991 τὴν
1075 3925 1239 3999 ὀργὴν
1298 3931 1395 3979 τοῦ
1455 3922 1590 3979 λαοῦ
1649 3925 1739 3978 καὶ
1794 3924 1895 3991 τὴν

251 4016 457 4088 κίνησιν
524 4014 941 4085 ἀποδειλιάσας,
992 4013 1147 4077 εὐθὺς
1199 4013 1525 4074 ἀποστείλας
1581 4012 1749 4087 ἤγαγε
1794 4014 1893 4080 τὴν

253 4110 397 4176 Ζευὴν
438 4107 489 4161 ἒν
540 4110 625 4177 τῷ
675 4103 945 4176 παλατίῳ,
979 4102 1067 4157 καὶ
1127 4101 1400 4164 ἀποδύσας
1460 4102 1625 4171 αὐτὴν
1680 4103 1744 4156 τὰ
1805 4123 1900 4175 μο-

251 4197 449 4270 ναχικά
506 4193 852 4270 μετημφίασε
922 4190 1229 4266 βασιλικοῖς
1302 4186 1701 4266 περιϐλήμασι.
1763 4196 1899 4264 Προ-

256 4283 427 4357 κύψας
487 4282 580 4337 οὖν
637 4280 742 4335 ἀπὸ
794 4285 891 4335 τοῦ
947 4279 998 4334 ἐν
1057 4284 1134 4351 τῷ
1165 4278 1517 4350 ίπποδρομίῳ
1547 4279 1896 4349 καθίσματος,

254 4373 338 4425 καὶ
372 4370 774 4445 δημηγορῆσαι
804 4368 1077 4442 πειραθεὶς
1121 4368 1256 4442 πρὸς
1300 4368 1392 4421 τὸν
1445 4369 1572 4421 λαὸν
1619 4366 1701 4420 ὅτι
1756 4388 1814 4421 τε
1861 4369 1896 4435 ἡ

259 4461 473 4535 βασιλὶς
527 4458 680 4534 ἤχθη
729 4457 820 4512 καὶ
866 4456 947 4511 ὅτι
997 4458 1165 4511 πάντα
1224 4453 1410 4519 καλῶς
1466 4452 1581 4531 ἔχει
1616 4455 1796 4517 αὐτοῖς
1832 4456 1898 4509 τὰ

252 4550 383 4603 κατά
431 4548 661 4615 σκοπὸν,
704 4547 767 4601 ού
819 4547 1199 4621 συνεχωρήθη,
1229 4540 1412 4618 ὕϐρεσί
1450 4566 1506 4599 τε
1560 4546 1896 4619 πανταχόθεν

2006 3317 2104 3379 pto
2163 3307 2571 3377 imperatorias
2620 3316 2809 3361 vestes
2858 3308 3069 3362 induit.
3102 3309 3249 3362 Tum
3303 3325 3336 3363 a
3384 3308 3662 3364 cathedra

2006 3415 2130 3468 quae
2162 3399 2218 3451 in
2253 3397 2407 3451 circo
2438 3401 2527 3450 est
2558 3396 2941 3468 prospiciens,
2977 3402 3339 3468 conatusque
3370 3398 3441 3452 ad
3477 3413 3662 3469 popu-

2006 3485 2128 3540 lum
2162 3485 2319 3555 loqui
2351 3490 2408 3539 et
2439 3484 2773 3554 signiﬁcare
2803 3486 2951 3539 Zoen
2994 3487 3118 3556 jam
3165 3502 3294 3542 esse
3326 3487 3657 3543 restitutam

2005 3580 2062 3629 et
2111 3592 2173 3628 se
2219 3575 2480 3643 ipsorum
2534 3574 2845 3643 postulatis
2897 3591 3305 3642 assensurum,
3340 3591 3454 3629 non
3507 3574 3658 3629 obti-

2008 3663 2154 3723 nuit.
2188 3663 2464 3716 omnibus
2498 3663 2553 3714 in
2590 3664 2783 3731 ipsum
2820 3663 3074 3717 convicia
3107 3663 3448 3735 lapidesque
3478 3662 3658 3718 etiam

2006 3753 2077 3806 de
2105 3751 2361 3805 inferiori
2409 3750 2534 3804 loco
2565 3756 2618 3803 et
2652 3751 2898 3822 sagittas
2929 3751 3407 3821 conjicientibus;
3434 3752 3657 3822 Itaque,

2006 3856 2067 3895 re
2106 3841 2434 3910 desperata,
2468 3838 2675 3893 statuit
2724 3840 2778 3892 in
2831 3839 3181 3894 Studianum
3234 3838 3658 3894 monasterium

2007 3928 2165 3983 abire
2212 3932 2269 3982 et
2316 3928 2396 3982 ibi
2452 3927 2776 3981 monachus
2828 3927 2972 3981 ﬁeri.
3005 3928 3115 3981 Sed
3167 3927 3503 3982 scholarum
3555 3928 3659 3982 do-

2007 4017 2290 4071 mesticus
2329 4016 2383 4070 id
2438 4033 2550 4069 non
2604 4015 2891 4086 permisit,
2924 4031 3035 4069 non
3097 4017 3177 4070 ita
3234 4014 3403 4070 facile
3455 4014 3661 4070 dicens

2008 4122 2135 4158 esse
2167 4104 2411 4174 imperio
2443 4104 2864 4167 decedendum,
2899 4104 2997 4158 sed
3034 4109 3136 4157 aut
3167 4104 3394 4158 fortiter
3420 4102 3665 4158 vincen-

2008 4194 2148 4247 dum
2196 4192 2253 4246 in
2303 4208 2368 4247 eo
2423 4192 2811 4258 defendendo,
2847 4196 2949 4246 aut
2983 4208 3195 4265 magno
3244 4192 3442 4248 animo
3494 4197 3551 4247 et
3600 4209 3668 4265 ut

2010 4282 2362 4351 imperatore
2392 4280 2639 4350 dignum
2688 4285 2779 4334 est
2827 4276 3314 4336 occumbendum.
3349 4283 3483 4346 Quse
3533 4298 3666 4337 sen-

2009 4371 2195 4425 tentia
2247 4386 2378 4424 cum
2440 4374 2638 4433 staret,
2692 4385 2899 4425 omnes
2951 4370 3048 4437 qui
3100 4375 3269 4425 erant
3314 4370 3374 4424 in
3427 4368 3664 4440 palatio,

2009 4459 2133 4529 ipse
2192 4463 2477 4527 quantum
2536 4457 2663 4526 ejus
2721 4464 2950 4528 tempus
3001 4459 3240 4523 ferebat,
3298 4457 3567 4520 armavit,
3613 4474 3673 4532 et

2011 4546 2420 4601 nobilissimus
2452 4562 2656 4601 omnes
2706 4563 2843 4602 suos
2892 4551 3150 4603 armatos
3180 4548 3353 4603 domo
3384 4547 3668 4603 avocavit.

1435 4681 1804 4737 XYLANDRI
1850 4682 1943 4738 ET
1982 4680 2201 4737 GOARI
2240 4681 2475 4737 NOTAE.

322 4799 436 4867 (15)
472 4799 810 4852 Relationem
859 4796 1051 4850 reddit
1102 4795 1416 4865 interpres,
1448 4796 1588 4866 quia
1638 4796 1914 4863 dirigitur

258 4873 321 4922 ad
361 4871 667 4940 populum.
705 4868 963 4940 Dicerem
1014 4883 1247 4940 quoque
1295 4867 1587 4940 (temetum.
1624 4869 1694 4920 ab
1726 4867 1911 4937 impe-

260 4938 454 4995 ratore
479 4941 726 4995 editum.
756 4938 963 5008 Aptius
998 4938 1263 5010 redditur
1290 4939 1432 4993 liber
1460 4940 1829 5010 apologelicus
1858 4941 1915 4993 et

254 5013 392 5077 [acti
421 5012 658 5081 probata
686 5010 947 5081 defensio.
984 5008 1185 5081 G049...

329 5079 442 5151 (16')
478 5083 644 5136 Unde
687 5079 760 5134 ei'
787 5079 895 5135 hoc
946 5079 1201 5133 nominis
1234 5079 1426 5139 fuerit,
1452 5096 1575 5151 non
1611 5095 1912 5149 assequor.

259 5150 441 5206 Sonat
475 5154 644 5223 quasi
680 5153 871 5223 crucis
915 5154 1401 5223 conculcatorem.
1438 5150 1546 5204 Sed
1582 5168 1651 5223 an
1696 5152 1917 5223 impius

261 5227 437 5278 etiam
490 5221 729 5278 habitus
778 5222 873 5276 hic
921 5222 1016 5283 sit,
1060 5238 1174 5276 non
1220 5226 1449 5275 constat
1498 5222 1659 5276 mihi.
1693 5221 1917 5275 XVI..—

262 5296 468 5349 Verbis
504 5297 675 5348 ﬁdem
709 5294 938 5364 publice
989 5294 1246 5347 facturus
1291 5291 1357 5344 τὰ
1401 5289 1558 5363 τίμια
1602 5290 1753 5361 ξύλα,
1787 5308 1914 5345 cru-

262 5383 373 5421 cem
407 5366 798 5429 venerandam,
832 5364 1038 5433 tangit,
1074 5364 1341 5434 privatim
1384 5380 1613 5418 crucem
1659 5365 1917 5433 aliquam

264 5443 549 5502 ostentat,
572 5436 657 5491 vel
691 5434 1035 5490 transversis
1068 5435 1362 5489 indicibus
1392 5452 1517 5489 eam
1553 5436 1839 5491 ell'ormat.
1863 5439 1921 5489 et

270 5526 367 5577 per
397 5525 532 5563 eam
560 5510 767 5576 jurans
792 5508 1182 5577 exosculatur.
1213 5508 1457 5575 Scriptis
1489 5523 1718 5577 quoque
1750 5505 1919 5575 quid-

272 5576 428 5649 piam
453 5582 700 5634 ﬁrmans
720 5579 807 5634 vel
834 5576 1216 5648 polliciturus,
1242 5579 1299 5632 in
1323 5576 1534 5632 chartae
1561 5578 1792 5640 vertice,
1816 5594 1920 5632 ceu

270 5652 627 5709 sacramenti
652 5649 1006 5723 symbolum,
1028 5666 1156 5706 eam
1188 5649 1455 5722 apponit;
1480 5651 1550 5705 de
1582 5666 1696 5720 quo
1727 5649 1785 5703 in
1816 5665 1919 5705 su-

2026 4796 2373 4867 perioribus.
2408 4795 2552 4867 Hinc
2592 4798 2850 4867 perjuru:
2880 4796 3084 4864 quivis.
3108 4796 3283 4850 ﬁdem
3323 4799 3558 4851 exarata
3586 4793 3674 4849 vel

2026 4866 2178 4921 facta
2208 4882 2378 4921 cruce
2405 4866 2824 4937 oppignorans,
2856 4884 2968 4921 non
2993 4868 3165 4921 ﬁdem
3190 4868 3289 4922 sed
3311 4883 3525 4922 crucem
3553 4882 3674 4937 pro-

2023 4939 2565 5011 culcare,_temnere,
2596 4954 3067 5011 conspuerelceu
3104 4938 3505 5011 σταυροπάτης
3538 4954 3705 5011 ce_n-'

2026 5018 2206 5064 setur.
2255 5009 2364 5080 Leo
2403 5006 2873 5080 Grammaticus:
2905 5006 3284 5079 Ἐξουοὲνωσεν
3315 5006 3452 5073 τοὺς
3489 5006 3675 5080 ἐπιόρ-

2025 5099 2151 5138 κους
2180 5079 2267 5131 καὶ
2300 5077 2687 5151 σταυροπάτας.
2723 5081 2900 5135 GOAR.

2098 5152 2211 5220 (17)
2242 5157 2400 5221 Saepe
2434 5150 2577 5205 alias
2621 5152 2738 5205 haec
2788 5151 3127 5222 imprecatio
3174 5156 3457 5222 usurpata
3488 5156 3578 5205 est
3606 5150 3681 5222 de

2030 5222 2298 5277 mortuis.
2327 5223 2549 5275 Viventi
2579 5223 2732 5275 enim
2764 5222 2861 5292 qui
2890 5221 3242 5276 effodiantur
3263 5221 3438 5277 ossa?
3457 5221 3683 5292 Sedini-

2031 5296 2240 5347 mirum
2277 5293 2500 5346 abierat
2531 5294 2585 5345 in
2615 5291 2794 5345 usum,
2819 5292 3312 5363 istaimprecatio,
3339 5300 3401 5348 ut
3435 5295 3506 5349 de
3535 5291 3683 5363 vivis

2030 5380 2260 5432 quoque
2282 5370 2686 5433 usurparetur;
2709 5381 2821 5433 quo
2841 5365 3011 5418 modo
3032 5365 3172 5419 fatui
3199 5369 3486 5420 nostrates
3510 5362 3683 5417 multi

2032 5438 2381 5488 ferramenta
2402 5441 2455 5488 et
2487 5436 2901 5493 instrumenta.
2925 5436 3038 5488 alia
3069 5453 3129 5488 re
3160 5454 3273 5490 non
3308 5437 3679 5498 succedente,

2032 5516 2129 5561 aut.
2160 5507 2277 5578 laesi
2316 5514 2608 5575 utcunque
2638 5508 2782 5560 diris
2831 5508 3106 5561 devovent
3134 5506 3683 5578 imprecationibus,

2032 5596 2157 5653 quae
2187 5577 2245 5630 in
2278 5594 2345 5632 ea
2395 5594 2513 5653 non
2551 5578 2737 5649 magis
2777 5577 3333 5653 competunt,_quam
3369 5582 3685 5653 paupertas

2032 5650 2090 5706 in
2122 5665 2325 5707 saxum
2356 5654 2458 5705 aut
2482 5650 2785 5706 damnatio
2812 5649 2871 5704 in
2904 5649 3123 5707 fenum.
3150 5651 3286 5708 XYL.
