3972 6146
264 356 378 415 271

1615 355 1933 417 GEORGII
1978 356 2317 417 GEDRENI

3567 356 3686 417 272

265 492 335 543 Et
361 492 598 545 venerat
626 488 774 545 forte
814 494 943 545 tum
991 506 1180 560 nuper
1209 505 1239 544 e
1266 489 1460 545 Sicilia
1490 488 1757 545 Catscalo
1790 491 1905 542 Amr

2040 484 2387 558 πλυνόμενος
2426 488 2517 541 καὶ
2577 486 2757 550 λίθοις
2809 489 3045 554 κάτωθεν
3104 488 3196 544 καὶ
3250 489 3427 559 τόξοις
3480 486 3683 563 βαλλόο

266 577 499 648 bustus,
534 579 612 633 rei
648 579 716 633 ad
753 579 1083 634 Massenam
1137 578 1384 632 feliciter
1431 582 1605 649 gestae
1653 580 1926 631 nuntium

269 667 535 722 all‘erens.
588 667 705 722 Hoc
764 668 1087 738 imperator
1143 668 1339 746 fretus.
1377 666 1647 737 praesidio
1703 664 1929 719 fortiter

270 771 391 810 rem
437 771 636 827 gerere
684 756 954 811 intendit.
986 758 1131 812 Cum
1178 761 1377 810 autem
1428 755 1684 826 populus
1716 755 1773 807 in
1808 759 1925 808 tres

270 848 465 915 partes
504 845 732 899 divisus
776 849 949 909 esset,
975 860 1227 914 quorum
1278 859 1415 915 pars
1448 859 1477 897 e
1508 842 1657 897 circo
1692 842 1925 914 ingrue-

270 932 387 999 bat,
423 932 608 987 altera
639 934 709 987 ad
750 932 1049 999 Excubita,
1082 932 1255 986 tertia
1298 931 1370 985 ad
1402 931 1926 1001 szcanisterium,

269 1021 631 1093 imperatorii
674 1037 906 1092 quoque
959 1020 1251 1089 tripartito
1306 1020 1423 1074 vim
1473 1019 1926 1085 distribuerunt,

270 1109 560 1180 multique
613 1110 824 1163 civium
876 1109 1051 1163 occisi
1100 1114 1258 1174 sunt,
1289 1114 1490 1179 utpote
1540 1109 1641 1179 qui
1693 1108 1832 1161 nudi
1874 1114 1931 1162 et

268 1198 526 1253 inermes
575 1198 729 1255 539
772 1196 1088 1269 lapidibus,
1123 1195 1302 1268 lignis
1353 1202 1528 1267 atque
1578 1196 1709 1251 aliis
1742 1196 1796 1249 id
1831 1211 1928 1267 ge-

271 1303 384 1341 nus
415 1286 589 1341 rebus
618 1286 905 1357 correptis
956 1290 1159 1339 contra
1212 1289 1469 1338 armatos
1503 1284 1925 1355 depugnarent.

271 1377 339 1429 Et
370 1376 538 1429 aiunt
567 1375 637 1429 ad
684 1375 796 1428 tria
825 1373 1080 1427 virorum
1134 1373 1316 1427 millia
1348 1389 1413 1426 eo
1446 1373 1540 1427 die
1570 1372 1643 1442 (is
1673 1371 1785 1425 fuit
1816 1378 1927 1425 ter-

271 1465 391 1519 tius
422 1462 850 1535 antipaschatis
872 1462 1022 1529 dies)
1044 1461 1236 1516 occisa
1271 1460 1472 1515 fuisse.
1493 1462 1749 1515 Tandem
1774 1459 1927 1514 mul-

269 1553 522 1607 tiludine
552 1552 963 1622 imperatorios
996 1550 1204 1604 urbani
1239 1549 1521 1617 vicerunt,
1546 1566 1611 1603 ac
1636 1548 1929 1619 perruptis

272 1640 456 1712 portis
479 1639 761 1711 palatium
787 1638 1035 1708 ingressi
1061 1654 1267 1691 aurum
1294 1644 1351 1691 et
1372 1637 1657 1707 quidquid
1682 1637 1739 1690 in
1759 1638 1927 1692 Secto

272 1733 397 1784 erat
426 1744 620 1783 rerum
663 1727 1056 1797 diripuerunt,
1090 1724 1357 1797 publicas
1389 1741 1623 1796 quoque
1670 1726 1925 1779 tributo-

274 1833 401 1873 rum
463 1816 694 1872 tabulas
749 1815 1188 1884 consciderunt,
1236 1814 1549 1886 ipsumque
1607 1814 1926 1885 imperato-

273 1921 395 1960 rem
428 1903 925 1976 comprehendere
973 1904 1168 1958 conati
1199 1908 1358 1957 sunt.
1392 1902 1499 1966 Qui
1532 1908 1595 1956 ut
1640 1918 1705 1957 se
1752 1919 1925 1973 supe-

274 1999 469 2048 ratum
507 1992 674 2061 vidit,
705 1992 1083 2062 imperatoria
1130 1990 1319 2046 celoce
1368 2007 1501 2044 cum
1550 1990 1930 2045 Nobilissimo

276 2098 600 2137 conscensa
648 2080 894 2151 aliisque
924 2079 1171 2148 intimis,
1206 2080 1408 2133 relicta
1453 2079 1512 2132 in
1548 2079 1764 2150 palatio
1793 2080 1926 2147 Zoa,

276 2175 488 2243 quarta
519 2171 682 2240 feria,
716 2186 949 2225 summo
982 2185 1173 2236 mane,
1200 2168 1255 2222 in
1280 2167 1471 2223 Studii
1505 2168 1923 2224 monasterium

265 2261 546 2333 perfugit,
579 2264 635 2315 et
664 2275 799 2314 cum
831 2258 959 2330 ipse
1002 2262 1129 2313 tum
1176 2256 1611 2325 Nobilissimus,
1649 2258 1925 2314 monachi

265 2349 470 2405 habitu
501 2364 563 2404 se
595 2348 810 2403 induit.

2038 594 2217 645 μενος.
2268 575 2373 631 Καὶ
2424 572 2624 631 λοιπὸν
2673 576 2942 652 ἀπογνοὺς
2986 577 3204 653 ἐγνώκει
3269 577 3345 639 είς
3400 577 3463 632 τὸ
3516 597 3682 648 μονα-

2035 664 2260 736 στήριον
2306 661 2559 718 ἀπελθεῖν
2624 668 2733 718 τῶν
2802 665 3065 721 Στουδίου
3127 665 3216 721 καὶ
3274 665 3680 739 ἀποκείρασθαι.

2034 749 2189 806 Ἀλλ’
2221 750 2320 805 οὐκ
2368 752 2569 828 ἀφῆκεν
2620 752 2779 808 αὐτὸν
2834 754 2862 807 6
2895 751 3216 826 δομέστικος
3269 757 3377 808 τῶν
3438 750 3680 829 σχολῶν,

2036 837 2202 893 εἷ’πὼν
2262 841 2339 911 μὴ
2382 839 2525 895 οὕτω
2584 839 2782 917 ῥᾳδίως
2832 842 3150 898 καταλιπεῖν
3194 844 3295 912 τήν
3354 842 3533 917 ἀρχὴν
3592 841 3681 897 xui

2037 926 2421 1002 ὑποχωρῆσαι,
2453 926 2601 984 ἀλλὰ
2630 928 2892 1004 γενναίως
2940 931 3249 1000 ἀντιστῆναι
3281 930 3371 985 καὶ
3396 930 3431 999 ἢ
3464 930 3682 991 πάντως

2040 1015 2393 1090 ὑπερισχῦσαι
2426 1018 2461 1087 ἢ
2497 1015 2908 1094 μεγαλοψύχως
2934 1018 3024 1073 καὶ
3079 1017 3377 1094 βασιλικῶς
3431 1018 3505 1079 ὡς
3558 1016 3684 1093 πρέ-

2036 1124 2135 1157 πον
2222 1103 2365 1159 ἐστὶν
2462 1106 2749 1170 ἀποθανεῖν
2828 1105 3093 1181 βασιλέα.
3151 1107 3366 1176 Ταύτης
3456 1104 3512 1161 δὶ
3583 1113 3684 1176 τῆς

2035 1193 2263 1267 γνώμης
2295 1192 2754 1268 έπικρατησάσης,
2788 1194 2917 1259 τοὺς
2948 1195 2999 1250 έν
3052 1199 3130 1251 τῶ
3176 1193 3429 1267 παλατίῳ
3484 1193 3686 1257 πάντας

2037 1282 2113 1343 ὡς
2146 1282 2380 1357 ὁκαιρὸς
2419 1280 2598 1337 έδίδου
2626 1283 2963 1346 καθοπλίσας
2997 1284 3178 1353 αὐτὸς,
3213 1287 3299 1339 καὶ
3354 1285 3382 1338 6
3422 1279 3686 1339 νωϐελίσ-

2036 1390 2196 1441 σιμος
2230 1367 2287 1424 δὲ
2316 1371 2490 1425 πάντά
2518 1372 2609 1425 τὸν
2645 1372 2835 1426 ἑαυτοῦ
2870 1370 3001 1427 λαὸν
3039 1373 3145 1427 ἀπὸ
3191 1376 3290 1426 τοῦ
3340 1369 3482 1426 ίδίου
3531 1370 3687 1426 οἴκου

2040 1459 2529 1531 μεταπεμψάμενος
2565 1456 2795 1514 ἔνοπλον
2830 1457 3012 1534 (ἔτυχε
3060 1456 3118 1514 δὶ
3163 1459 3223 1514 ἐκ
3265 1459 3515 1522 Σικελίας
3565 1479 3684 1531 αρτι

2036 1544 2207 1609 ἐλθὼν
2268 1545 2357 1600 xui
2408 1547 2436 1600 6
2492 1548 2796 1622 στρατηγὸς
2854 1548 3182 1604 Κατακαλὼν
3239 1549 3266 1604 ὁ
3316 1547 3682 1621 Κεκαυμένος,

2031 1634 2100 1689 τὰ
2157 1633 2215 1688 ix
2263 1636 2522 1705 Μεσήνης
2588 1634 2884 1711 εὐαγγέλια
2929 1638 3183 1709 κομίσας)
3252 1638 3509 1713 γενναίως
3558 1638 3682 1692 άντ-

2034 1724 2217 1798 είχετο
2245 1727 2351 1778 τῶν
2376 1722 2729 1799 πραγμάτων.
2767 1727 2879 1780 Τοῦ
2932 1722 2990 1779 δὶ
3030 1722 3211 1798 δήμου
3258 1733 3429 1801 τριχῆ
3476 1723 3684 1802 διαιρε-

2036 1813 2234 1880 θέντος,
2269 1811 2358 1865 καὶ
2394 1813 2590 1888 μέρους
2624 1814 2720 1885 μὶν
2756 1810 2809 1867 ἐν
2854 1818 2934 1886 τῷ
2982 1814 3193 1886 ἱππικῷ
3248 1809 3682 1888 προσϐαλόντος,

2041 1899 2224 1975 έτέρου
2284 1897 2340 1954 δὶ
2392 1900 2528 1955 κατὰ
2581 1902 2648 1955 τὰ
2707 1896 2991 1971 ὲξκούϐιτα
3046 1904 3179 1975 (18),
3211 1907 3308 1957 τοῦ
3367 1900 3425 1957 δὲ
3483 1906 3688 1958 λοιποῦ

2038 1989 2172 2044 κατὰ
2218 1988 2280 2043 τὸ
2329 1991 2801 2063 τζυκανιστήριον,
2849 1989 2940 2045 καὶ
3017 1990 3068 2045 οἱ
3130 1990 3255 2066 περὶ
3306 1990 3397 2046 τὸν
3458 1991 3690 2067 βασιλέα

2041 2078 2116 2139 εἰς
2174 2077 2295 2151 τρία
2349 2079 2448 2146 τήν
2508 2078 2708 2132 έαυτῶν
2770 2074 3044 2141 διελόντες
3130 2077 3357 2152 δύναμιν
3410 2079 3689 2152 ἠμύνοντο

2035 2171 2324 2242 κραταιῶς.
2388 2166 2486 2220 Καὶ
2541 2165 2745 2242 γίνεται
2804 2166 2968 2242 φόνος
3024 2166 3199 2230 πολὺς
3264 2172 3372 2222 τῶν
3439 2167 3686 2224 πολιτῶν

2036 2258 2125 2310 οἷα
2155 2259 2379 2330 γυμνῶν
2413 2255 2502 2308 καὶ
2533 2252 2756 2309 ἀόπλων
2806 2256 2940 2329 πρὸς
2969 2253 3235 2319 ἐνόπλους
3269 2258 3686 2332 ἀγωνιζομένων

2037 2345 2171 2417 μετὰ
2201 2340 2377 2415 ξύλων
2415 2342 2505 2396 καὶ
2536 2342 2704 2398 λίθων
2744 2345 2834 2399 xui
2864 2348 2971 2399 τῶν
3006 2346 3431 2421 παρατυχόντων
3480 2343 3639 2400 εἶδῶν
3670 2368 3683 2381 ·

265 2436 391 2514 φασὶ
447 2437 548 2511 γὰρ
608 2436 681 2497 ὡς
731 2431 1026 2489 ἀπώλοντο
1084 2434 1221 2488 κατὰ
1274 2433 1473 2503 ταύτην
1530 2433 1629 2501 τὴν
1690 2433 1899 2507 ἡμέραν
1960 2434 2049 2506 (ἦν
2111 2430 2167 2487 δὶ
2214 2434 2249 2501 ἡ
2296 2431 2452 2506 τρίτη
2485 2436 2582 2486 τοῦ
2614 2432 2942 2508 ἀντίπασχα)
2977 2431 3165 2509 ἄνδρες
3196 2434 3337 2507 ἀμφὶ
3385 2436 3480 2497 τὰς
3534 2441 3686 2509 τρεῖς

262 2523 545 2600 χιλιάδας.
612 2522 786 2585 Τέλος
872 2520 1100 2598 ἴσχυσαν
1174 2524 1227 2576 οἱ
1300 2521 1524 2577 πολῖται
1600 2526 1681 2593 τῷ
1749 2519 1951 2592 πλήθει
2037 2525 2446 2595 ὑπερτεροῦντες
2531 2519 2966 2597 ἐπικρατέστεροι
3045 2527 3152 2577 τῶν
3231 2527 3327 2578 τοῦ
3407 2521 3681 2599 βασιλέως

258 2615 523 2689 γενέσθαι.
567 2613 669 2669 Καὶ
732 2609 1112 2687 διαρρήξαντες
1171 2613 1255 2685 [Ρ.
1313 2613 1440 2683 752]
1498 2610 1591 2672 τὰς
1645 2607 1821 2673 πύλας
1874 2615 1970 2665 τοῦ
2027 2609 2298 2665 παλατίου
2355 2609 2446 2663 καὶ
2505 2607 2634 2663 εἷ’σω
2690 2610 2967 2685 γενόμενοι
3024 2609 3087 2665 τό
3146 2632 3204 2666 τε
3262 2611 3677 2685 ἐναποκείμενον

258 2701 310 2757 έν
364 2700 445 2775 τῷ
506 2702 692 2772 Σέκτῳ
752 2698 1105 2773 διαρπάζουσι
1166 2698 1427 2774 χρουσίον
1485 2699 1575 2753 καὶ
1631 2700 1699 2753 τὰ
1753 2697 1925 2753 λοιπὰ
1982 2698 2122 2771 εἷ’δη,
2171 2697 2558 2775 διαρῤήσσουσι
2618 2696 2675 2753 δὲ
2725 2699 2815 2754 καὶ
2871 2702 2967 2762 τὰς
3009 2697 3281 2772 δημοσίας
3340 2700 3684 2779 ἀπογραφὰς,

257 2790 348 2845 καὶ
404 2800 496 2845 τον
557 2787 783 2863 βασιλέα
837 2783 1132 2843 συλλαϐεῖν
1191 2783 1469 2842 ἔσπευδον.
1529 2788 1590 2843 Ὁ
1649 2784 1706 2841 δὲ
1764 2786 1982 2863 ἐπείπερ
2037 2785 2173 2863 ἔγνω
2230 2787 2681 2861 κατισχυόμενος,
2716 2792 2794 2858 τῷ
2855 2785 3125 2862 βασιλικῷ
3178 2783 3370 2850 ἐπιϐὰς
3431 2786 3682 2865 δρόμωνι

263 2880 400 2953 μετὰ
454 2883 551 2934 τοῦ
607 2874 1015 2951 νωὸελισσίμου
1071 2878 1163 2933 καί
1216 2898 1378 2932 τινων
1441 2876 1787 2933 οἰκειοτάτων
1847 2877 2015 2949 αὐτῷ,
2048 2875 2362 2932 καταλιπὼν
2422 2875 2475 2930 έν
2504 2882 2583 2949 τῷ
2615 2876 2867 2950 παλατίῳ
2912 2878 3011 2947 τὴν
3054 2879 3228 2947 Ζωῆν⁹
3258 2875 3437 2955 ᾤχετο
3491 2883 3674 2957 φυγάς

262 2968 336 3031 εἷς
364 2968 466 3037 τὴν
501 2968 674 3040 μονὴν
703 2972 811 3022 τῶν
846 2964 1107 3022 Στουδίου
1135 2970 1203 3041 τῇ
1252 2964 1467 3043 τετράδι
1524 2963 1754 3042 πρωίας,
1786 2966 1877 3020 xui
1924 2965 2075 3029 εὐθὺς
2127 2965 2439 3043 ἠμφιάσατο
2488 2967 2549 3021 τὸ
2598 2970 2703 3020 τῶν
2755 2970 3014 3041 μοναχῶν
3068 2973 3263 3042 σχῆμα
3321 2968 3533 3041 συνάμα
3593 2974 3676 3043 τῷ

261 3054 391 3128 θείῳ
420 3055 604 3111 αὐτοῦ.

333 3146 451 3201 Ηοο
474 3146 647 3201 modo
669 3161 885 3217 pugna.
902 3162 1029 3217 quae
1051 3145 1196 3200 hora
1217 3146 1476 3200 secunda
1501 3144 1769 3200 secundas
1800 3146 1905 3198 An-

2095 3144 2192 3198 Kui
2220 3144 2248 3198 6
2282 3143 2376 3215 μὲν
2427 3141 2696 3213 πόλεμος,
2727 3142 3023 3218 ἀρξάμενος
3072 3142 3178 3198 ἀπὸ
3228 3141 3478 3218 δευτέρας
3528 3144 3680 3219 ὥρας

258 3233 607 3306 tipaschatis
636 3235 747 3290 diei
781 3240 1055 3305 coeperat,
1079 3243 1245 3290 nocte
1273 3234 1440 3289 finita
1460 3238 1548 3289 est
1568 3234 1752 3288 tertias
1775 3233 1905 3301 diei,

2031 3235 2120 3295 τῆς
2195 3230 2445 3303 δευτέρας
2509 3232 2719 3305 ἡμέρας
2781 3236 2877 3285 τοῦ
2936 3230 3279 3308 Ἀντίπασχα
3323 3235 3458 3305 (19),
3510 3227 3677 3304 ἔληξε

258 3326 491 3380 Atvero
536 3324 645 3379 Zoe
692 3340 901 3379 rursus
959 3324 1276 3395 imperium
1338 3323 1568 3394 adepta,
1604 3322 1674 3376 de
1716 3337 1905 3377 sorore

2031 3318 2209 3381 νυκτὸς
2282 3326 2380 3389 τῆς
2443 3319 2632 3395 τρίτης
2701 3319 2947 3396 ἡμέρας·
2998 3322 3034 3390 ἡ
3096 3318 3153 3376 δὲ
3200 3322 3322 3390 Ζωή
3373 3319 3537 3375 πάλιν
3592 3319 3674 3396 ἐγ-

254 3412 559 3468 Tbeodora
590 3412 993 3467 submovenda
1018 3428 1151 3467 cum
1184 3412 1486 3483 cogitaret,
1513 3410 1905 3465 multitudinis

2031 3408 2225 3483 ιρατὴς
2274 3409 2542 3482 γενομένη
2592 3409 2691 3475 τῆς
2753 3405 3031 3482 βασιλείας
3086 3403 3344 3463 ἐϐούλετο
3407 3408 3501 3481 μὶν
3562 3410 3665 3477 τὴν

249 3500 538 3555 voluntati
579 3501 892 3570 concessit,
925 3516 1051 3570 qua
1102 3500 1253 3554 hanc
1302 3500 1533 3570 imperii
1580 3503 1905 3553 consortem

2031 3497 2186 3565 αὐτῆς
2244 3493 2484 3573 ἀδελφὴν
2536 3493 2818 3565 Θεοδώραν
2888 3496 3261 3570 παρώσασθαι,
3310 3495 3545 3567 έκυλύθη
3610 3496 3670 3552 δὲ

250 3589 481 3644 volebat
510 3604 660 3644 esse.
686 3569 886 3659 Itaque
912 3569 1088 3643 etiam
1111 3569 1413 3642 Theodore
1446 3604 1478 3642 a
1504 3587 1713 3659 Magno
1737 3587 1905 3641 Tem-

2031 3584 2164 3657 παρὰ
2203 3588 2301 3638 τοῦ
2339 3581 2589 3654 πλήθους
2638 3579 3057 3657 συμϐασιλεύειν
3118 3585 3257 3659 αὐτῇ
3325 3585 3415 3639 καὶ
3462 3584 3664 3657 ταύτην

254 3678 349 3748 plo
380 3679 435 3730 in
470 3676 750 3747 palatium
782 3676 961 3731 venit.
983 3677 1199 3731 Senatu
1225 3675 1400 3732 etiam
1436 3680 1770 3740 convocato,
1800 3676 1907 3730 Zoe

257 3781 362 3835 pro
388 3765 665 3820 concione
687 3768 755 3820 ad
790 3769 1061 3821 senatum
1095 3765 1371 3834 primum,
1394 3765 1605 3820 deinde
1627 3765 1698 3819 ad
1723 3781 1907 3834 p0pu-

256 3852 379 3907 lum
413 3870 641 3925 quoque
684 3869 713 3907 e
762 3854 889 3909 loco
935 3853 1253 3924 conspicuo
1304 3853 1517 3921 locuta,
1568 3854 1811 3924 gratias,
1847 3859 1909 3906 ut

260 3958 365 4013 par
394 3947 541 4005 erat,
564 3941 648 3996 eis
677 3942 796 4012 egit
820 3958 922 4013 pro
945 3959 1054 3996 sua
1084 3945 1140 3996 in
1167 3942 1356 4012 ipsam
1395 3941 1819 4003 benevolentia,
1842 3957 1907 3995 ac

260 4031 405 4085 bene
425 4037 516 4086 est
535 4035 769 4101 precata
796 4047 808 4085 :
832 4034 957 4086 tum
980 4031 1119 4102 quid
1144 4031 1213 4085 de
1235 4030 1585 4102 imperatore
1608 4030 1729 4084 fieri
1754 4030 1907 4086 540

259 4119 475 4174 vellent
515 4123 854 4190 percontata
900 4128 1006 4175 est.
1042 4119 1123 4174 Ibi
1172 4136 1303 4175 vero
1352 4135 1559 4174 omnes
1609 4135 1726 4173 una
1771 4135 1909 4173 voce

259 4206 586 4261 exclamare
620 4222 633 4260 :
661 4228 685 4258 ε
717 4206 981 4262 Tollatur
1009 4206 1356 4271 scelerosus,
1389 4207 1692 4261 auferatur
1721 4223 1752 4259 e
1782 4223 1907 4260 me-

258 4295 353 4350 dio
408 4294 757 4366 ﬂagitiosus,
812 4296 869 4349 in
932 4295 1128 4367 palum
1190 4295 1524 4367 sufﬁgatur,
1558 4298 1614 4348 in
1675 4310 1903 4348 crucem

257 4388 484 4453 agatur,
513 4389 849 4439 exczecetur.
870 4406 896 4433 ››
923 4392 1000 4438 Ac
1027 4388 1135 4439 Zoe
1157 4383 1256 4455 qui
1290 4384 1525 4454 quidem
1557 4400 1588 4436 a
1618 4381 1907 4453 supplicio

256 4471 608 4527 abhorrebat
636 4482 692 4525 et
710 4470 1003 4526 infelicem
1036 4471 1461 4537 miserabatur;
1484 4471 1583 4526 sed
1609 4471 1910 4525 Theodora

256 4557 356 4613 iraa
389 4558 582 4630 plena,
616 4564 874 4629 tuncque
915 4559 1211 4614 licentiam
1258 4563 1449 4622 nacta,
1484 4574 1686 4613 recens
1718 4564 1907 4613 creato

257 4649 526 4720 praefecto
583 4648 746 4702 urbis
797 4649 940 4718 (erat
993 4648 1043 4702 is
1091 4648 1515 4717 Campanares)
1555 4647 1795 4700 mandat
1845 4652 1909 4699 ut

260 4736 457 4793 statim
488 4740 582 4791 eat
622 4735 905 4791 Michaelo
953 4740 1009 4791 et
1055 4734 1434 4790 Nobilissimo
1478 4734 1678 4789 oculos
1729 4734 1904 4789 eﬂ‘os-

261 4842 416 4881 sum.
462 4825 627 4880 Hunc
674 4825 747 4879 ad
796 4823 1149 4880 Studianum
1202 4823 1621 4878 monasterium
1670 4828 1905 4878 euntem

2018 3670 2408 3745 αἶτησαμένου.
2443 3674 2703 3747 Ἔρχεται
2736 3670 2826 3726 οὖν
2871 3671 2961 3726 καὶ
3012 3675 3048 3743 ἡ
3106 3669 3363 3744 Θεοδώρα
3402 3672 3509 3728 ἀπὸ
3565 3680 3669 3743 τῆς

2017 3758 2272 3835 Μεγάλης
2308 3757 2596 3830 ἐξελθοῦσα
2629 3758 2957 3830 Ἐκκλησίας
2988 3760 3063 3823 εἷς
3093 3762 3156 3815 τὸ
3205 3757 3494 3818 παλάτιον.
3530 3767 3667 3817 Συν-

2016 3849 2395 3921 αθροισθείσης
2444 3846 2500 3903 δὲ
2544 3848 2635 3903 καὶ
2678 3856 2779 3917 τῆς
2834 3847 3171 3923 συγκλήτου,
3226 3846 3671 3925 δημηγορήσασα

2016 3940 2051 4005 ἡ
2086 3940 2206 4007 Ζωὴ
2239 3937 2500 4013 πρότερον
2558 3938 2655 4010 μὶν
2698 3938 2834 4013 πρὸς
2884 3939 2982 4006 τήν
3034 3936 3358 4014 σύγκλητον,
3411 3938 3524 3992 εἶτα
3574 3941 3666 3993 καὶ

2017 4022 2077 4081 ἔκ
2140 4046 2289 4088 τινος
2368 4046 2466 4101 περ
2496 4033 2652 4095 ωπῆς
2716 4026 2853 4102 πρὸς
2908 4025 2971 4081 τὸ
3032 4025 3267 4097 πλῆθος,
3326 4026 3513 4090 αὐτοῖς
3570 4028 3669 4101 μὶν

2017 4115 2386 4189 εὐχαριστίας,
2419 4116 2494 4177 ὡς
2554 4114 2719 4183 εἰκὸς,
2778 4112 3012 4169 ἀπέδοτο
3068 4113 3158 4169 καί
3215 4114 3381 4191 εὐχὰς
3435 4118 3535 4184 τῆς
3592 4116 3671 4179 εἰς

2017 4200 2182 4269 αὐτὴν
2224 4200 2453 4269 εὐνοίας,
2512 4202 2611 4269 τήν
2670 4200 2793 4277 περὶ
2848 4206 2947 4256 τοῦ
3009 4203 3274 4275 βασιλέως
3327 4199 3385 4256 δὲ
3432 4204 3667 4277 γνώμην

2017 4288 2217 4358 ἰζήτει,
2266 4289 2319 4342 τί
2377 4286 2458 4343 δεῖ
2517 4288 2760 4363 γενέσθαι
2844 4288 3026 4344 αὐτόν.
3088 4289 3182 4343 Καὶ
3252 4291 3447 4352 πάντες
3521 4291 3667 4363 ὁμο-

2018 4379 2211 4454 φώνως
2268 4377 2584 4453 ἀνέκραγον
2618 4402 2646 4429 ‹‹
2694 4377 2827 4448 Αἶρε
2888 4379 2979 4432 τὸν
3032 4377 3400 4451 παλαμναῖον,
3432 4379 3663 4448 ποίησον

2018 4464 2077 4519 ἐκ
2137 4466 2303 4536 μέσου
2354 4465 2446 4520 τὸν
2506 4465 2832 4543 ἀλιτήριον·
2892 4464 3443 4536 ἀνασκολοπισθήτω,
3502 4488 3665 4522 σταυ-

2020 4556 2276 4628 ρωθήτω,
2322 4552 2690 4625 τυφλωθήτω.
2730 4580 2757 4607 ››
2787 4557 2849 4608 Ἣ
2908 4553 2966 4609 δὶ
3023 4551 3184 4610 ὤκνει
3242 4555 3380 4629 πρὸς
3436 4556 3535 4624 τὴν
3581 4577 3665 4610 τι-

2021 4642 2228 4717 μωρίαν
2308 4644 2397 4697 καὶ
2482 4644 2772 4717 συμπαθὴς
2856 4648 2937 4715 τῷ
3010 4640 3365 4718 δυστυχοῦντι
3433 4642 3662 4717 ἐγίνετο.

2017 4728 2236 4800 ἈΑλ’ἠ
2296 4727 2553 4807 Θεοδώρα
2605 4733 2775 4807 ὀργῆς
2829 4732 3239 4802 ὑποπλησθεῖσα
3293 4730 3383 4785 καὶ
3441 4732 3665 4808 παρῤη-

2018 4819 2132 4881 σίας
2175 4823 2254 4891 τῷ
2296 4820 2492 4874 νεωστὶ
2538 4815 2912 4895 προϐληθέντι
2957 4817 3186 4893 ἐπάρχῳ
3232 4818 3321 4888 (ἦν
3364 4816 3421 4874 δὶ
3451 4819 3479 4873 ὁ
3512 4826 3663 4892 Καμ-

261 4914 536 4969 universa
583 4912 899 4967 multitudo
949 4918 1037 4967 est
1088 4910 1385 4966 comitata.
1418 4911 1628 4965 Eorum
1655 4912 1903 4965 adventu

2031 4908 2280 4982 τανάρης)
2329 4906 2537 4963 κελεύει
2618 4910 2753 4982 μετὰ
2826 4906 3068 4976 σπουδῆς
3123 4905 3377 4962 ἀπελθεῖν
3434 4908 3524 4962 καὶ
3578 4908 3662 4979 ἆξ-

262 5001 492 5073 cognito
522 5000 581 5054 hi
610 5000 667 5054 in
693 5000 987 5071 penetrale
1008 4999 1125 5053 fani
1146 4998 1391 5053 Joannis
1412 4998 1682 5070 Baptistae
1704 5014 1806 5075 con
1819 5000 1907 5053 fu-

261 5090 452 5163 giunt.
485 5087 597 5143 Sed
647 5087 898 5159 pepulus
938 5088 1025 5143 ira
1054 5088 1379 5143 etiamnum
1410 5090 1623 5142 ardens
1652 5087 1725 5142 ob
1755 5088 1909 5143 cives

2018 4995 2200 5069 ορύξαι
2253 4995 2418 5049 αὐτοῦ
2457 5016 2518 5050 τε
2561 4996 2651 5051 xui
2693 5001 2790 5051 τοῦ
2856 4997 3003 5050 θείου
3034 4995 3197 5049 αὐτοῦ
3228 4994 3567 5072 ὀφθαλμούς·
3600 4998 3663 5058 ὃς

2017 5081 2247 5155 ἐξελθὼν
2299 5086 2668 5158 συνεπομένου
2715 5080 2863 5157 αὖτῷ
2919 5084 3008 5141 καὶ
3065 5087 3161 5139 τοῦ
3220 5080 3401 5157 δήμου
3459 5085 3661 5146 παντὸς

1436 5247 1814 5303 XYLANDRI
1853 5249 1947 5304 ET
1984 5246 2204 5304 GOARI
2244 5245 2473 5303 ΝΟΤΛΕ.

326 5373 438 5444 (18)
478 5374 671 5428 Locum
702 5377 753 5427 et
782 5374 1069 5427 stationem
1115 5368 1897 5444 pa!atiz_e_:rcubitoru_rgz._Co-

254 5438 535 5534 ditius-ﬂe
561 5444 873 5534 grig.P(’IP.:
917 5438 1131 5534 Ἓξκςτιαὶ
1160 5440 1224 5534 τὰ
1249 5438 1488 5523 παλάτια
1538 5446 1638 5508 τῆς
1688 5438 1899 5534 Χαλικῆς

252 5536 342 5570 και
392 5536 499 5570 των

558 5508 1106 5593 ξξκοῖὤ-ίτωνηΑΙῇὺὶ
1168 5519 1380 5593 ἰοίηοοὶ
1426 5513 1587 5593 ipsas
1643 5513 1900 5593 excubias

2031 5508 2116 5593 ist,
2142 5511 2243 5593 qui
2262 5508 2524 5593 Κυριακή
2536 5516 2643 5593 τοῦ
2674 5519 2760 5593 βῇω
2770 5518 2844 5585 μᾶ

2010 5370 2184 5447 δυτιρὶ
2211 5369 2637 5447 significanda
2670 5388 2784 5447 quo
2816 5371 2980 5447 nulla
3008 5371 3345 5447 difficultas.
3366 5370 3562 5447 βοΑιι.

2079 5440 2193 5509 (19)
2210 5440 2524 5513 Oppositus
2548 5440 2780 5498 Pascha:
2799 5444 2922 5499 dies
2943 5448 3000 5499 et
3020 5448 3257 5499 octavus
3270 5442 3665 5513 Antispascha

2898 5532 2929 5569 ιι
2961 5514 3109 5570 lecto
3133 5513 3663 5587 Evangeliogobis

252 5592 350 5641 τοῦ
377 5557 667 5659 παλατίξυ,
698 5586 795 5655 τὴν
841 5581 1107 5659 παλατίου
1139 5557 1533 5659 παραφυλαῖἡν
1566 5582 1670 5659 Δκαὶ
1717 5582 1900 5659 τάγμα

2031 5557 2309 5659 )or'ninjca
2356 5566 2416 5637 in
2472 5557 2644 5639 A‘lbis.
2676 5584 2738 5641 Ἢ
2770 5557 2935 5659 ⁶τρίτη
2961 5557 3109 5658 Elii”
3133 5557 3663 5658 hiHi;

255 5662 365 5714 τῶν
414 5652 763 5729 ιξκουϐίτων,’
816 5662 881 5713 ut
924 5657 1128 5713 Rull'us
1178 5652 1235 5710 st
1280 5652 1698 5711 Constantinus
1754 5652 1899 5711 scri-

2009 5653 2155 5710 dies.
2187 5652 2368 5709 Gem.
