3968 6140
351 355 474 416 273

1489 350 2034 415 HISTORIARUM
2078 349 2626 413 COMPENDIUM.

3643 354 3761 415 274

350 483 592 553 ἀπῆλθεν
627 481 702 546 είς
728 483 797 537 τὰ
828 480 1112 539 Στουδίου.
1145 484 1206 541 Ὁ
1239 479 1297 537 δὶ
1352 481 1586 558 Μιχαὴλ
1629 481 1719 537 καὶ
1750 482 1778 536 ὁ
1807 479 1998 535 τούτου

2116 480 2451 538 interfectos
2481 482 2535 536 vi
2568 499 2635 538 eo
2692 483 2989 556 irrumpit,
3039 485 3295 555 indeque
3339 499 3440 540 eos
3488 483 3764 555 abreptos

353 578 518 642 θεῖος,
554 572 628 626 ὡς
662 567 896 644 ᾔσθοντο
925 572 1024 639 τὴν
1082 575 1179 626 τοῦ
1236 569 1372 626 λαοῦ
1430 570 1746 646 παρουσίαν,
1781 568 1839 624 ἐκ
1893 574 2006 629 τοῖς

352 659 571 722 ἀδύτοις
626 664 723 715 τοῦ
781 664 913 715 ναοῦ
966 665 1063 715 τοῦ
1108 657 1435 735 Προδρόμου
1477 660 1797 737 κατέφυγον.
1827 655 2007 713 Ἀλλὰ

352 749 703 827 φλεγμαίνων
755 746 833 802 ἔτι
881 753 962 821 τῷ
1012 750 1171 821 θυμῷ
1235 747 1323 802 διὰ
1368 748 1494 810 τοὺς
1561 746 1927 823 ἀναιρεθέντας
1977 747 2005 800 ὁ

357 837 539 911 δῆμος
569 836 756 892 εἷ’σεισι
787 838 923 912 πρὸς
959 837 1079 913 βίαν
1104 836 1180 898 εἷς
1208 838 1300 891 τὸν
1344 843 1487 901 θεῖον
1528 837 1672 907 ναὸν,
1706 836 1795 890 καὶ
1841 837 2005 913 ἀφαρ-

354 926 614 988 πάσαντες
694 924 893 990 ἐκεῖθεν
974 925 1172 989 αὐτοὺς
1240 924 1420 981 εἷλκον
1499 923 1587 981 διὰ
1655 931 1754 994 τῆς
1808 924 2006 999 ἀγορᾶς

352 1016 461 1071 ἀπὸ
486 1020 594 1071 τῶν
638 1012 846 1082 ποδῶν,
877 1016 964 1070 καὶ
1017 1012 1216 1071 ἄνωθεν
1260 1023 1362 1083 τῆς
1406 1009 1779 1090 Περιϐλέπτου
1834 1019 2006 1086 μονῆς

354 1103 406 1159 ἐν
455 1109 534 1176 τῷ
575 1104 732 1177 τόπῳ
777 1109 860 1176 τῷ
905 1102 1235 1177 καλουμένῳ
1281 1105 1516 1179 Σίγματι
1548 1104 1839 1179 ἀγαγόντες
1870 1102 2005 1156 ἀπο-

348 1191 619 1269 τυφλοῦσι
663 1193 758 1247 καὶ
808 1190 996 1271 ἄμφω,
1041 1196 1137 1247 τοῦ
1182 1194 1412 1269 Μιχαὴλ
1464 1191 1651 1248 πολλά
1702 1191 2007 1246 καθικετεύ-

355 1303 547 1346 σαντος
602 1282 867 1358 πρότερον
916 1283 1008 1336 τὸν
1070 1282 1260 1337 ἑαυτοῦ
1315 1282 1671 1357 τυφλωθῆναι
1731 1282 1897 1347 Θεῖον,
1930 1280 2004 1341 ὡς

353 1372 573 1425 πάντων
602 1374 710 1425 τῶν
759 1370 1067 1446 γενομένων
1118 1375 1298 1425 κακῶν
1357 1370 1446 1425 καὶ
1504 1368 1858 1445 πρωτουργὸν
1916 1367 2006 1422 καὶ

2117 585 2218 640 per
2252 570 2441 625 forum
2473 571 2725 642 pedibus
2774 571 3020 627 trahunt
3069 588 3256 643 usque
3310 573 3381 627 ad
3424 571 3617 628 locum
3669 574 3762 627 cui

2115 657 2291 729 Signa
2316 676 2549 729 nomen,
2569 678 2749 732 supra
2770 660 3078 732 Periblepti
3106 660 3284 716 situm
3312 662 3758 721 monasterium.

2117 747 2313 815 ibique
2338 748 2569 819 utrique
2589 749 2789 804 oeulos
2812 761 3047 815 eruunt,
3079 748 3358 805 Michaelo
3397 748 3598 803 multis
3632 767 3762 819 prc-

2115 835 2281 889 cibus
2311 837 2659 907 deposcente
2686 844 2747 891 ut
2772 838 2843 891 de
2876 837 3166 892 avunculo
3193 836 3385 908 priore
3406 838 3529 892 loco
3561 854 3761 892 sume-

2114 933 2273 977 retur
2305 923 2690 996 supplicium,
2724 930 2789 981 ut
2817 926 2918 997 qui
2951 931 3155 982 auctor
3177 943 3473 998 causaque
3495 926 3758 981 omnium

2117 1013 2360 1069 istorum
2425 1014 2632 1069 luisset
2689 1015 3021 1077 malorum;
3083 1016 3237 1083 quod
3299 1022 3357 1071 et
3409 1016 3761 1087 impetravit.

2113 1101 2312 1157 Oculis
2338 1102 2572 1157 amissis
2604 1103 2844 1175 relegati
2876 1108 3038 1172 sunt,
3090 1103 3412 1159 Michaelus
3455 1104 3515 1157 in
3566 1119 3765 1158 mona-

2112 1190 2357 1245 sterium
2391 1191 2786 1263 Elegmorum,
2818 1193 2883 1246 21
2918 1192 3010 1246 die
3043 1191 3279 1263 Aprilis,
3326 1192 3647 1247 indictione
3697 1194 3764 1246 10

2116 1278 2251 1333 anni
2300 1296 2478 1350 supra
2527 1279 2789 1335 indicati.
2844 1281 3162 1352 Imperavit
3208 1281 3499 1337 mensesi
3554 1280 3679 1336 dies
3708 1282 3761 1335 5.

2115 1369 2357 1439 Cognati
2383 1369 2508 1437 ejus
2542 1385 2747 1423 omnes
2780 1368 2877 1424 alii
2902 1369 3015 1424 alio
3047 1369 3299 1440 dispersi
3330 1374 3490 1424 sunt.

348 1456 548 1514 αἶ’τιον·
593 1459 621 1513 ὃ
652 1458 742 1513 καὶ
773 1457 1001 1533 ἐγενετο.
1035 1458 1415 1537 Τυφλωθίντες
1446 1457 1537 1513 οὖν
1566 1457 1920 1532 ἐξορίζονται,
1953 1458 1980 1510 ὁ
2029 1455 2125 1529 μὶν
2172 1452 2402 1529 Μιχαὴλ
2450 1455 2525 1516 εἰς
2565 1456 2625 1510 τὸ
2692 1458 3053 1530 μοναστήριον
3110 1460 3215 1510 τῶν
3268 1454 3545 1530 Ἐλεγμῶν
3592 1452 3765 1511 εἰκάδι

345 1548 543 1623 πρώτῃ
580 1548 751 1619 μηνὸς
789 1545 1138 1622 Ἀπριλλίου,
1172 1546 1514 1610 ΐνδικτιῶνος
1549 1550 1578 1601 ι’
1605 1551 1703 1602 τοῦ
1728 1548 1855 1625 ,ςφν’
1885 1540 2059 1613 ἔτους,
2098 1542 2420 1621 βασιλεύσας
2444 1542 2530 1598 ἐπὶ
2566 1550 2735 1617 μῆνας
2767 1542 2807 1598 δ’
2836 1543 2926 1598 καέ
2951 1545 3157 1618 ἡμερας
3190 1545 3246 1615 ε’,
3280 1545 3333 1598 οἱ
3381 1540 3440 1598 δὲ
3489 1549 3762 1619 συγγενεῖς

345 1637 520 1690 αὐτοῦ
551 1636 742 1697 πάντες
772 1635 943 1700 ἄλλος
972 1635 1198 1712 ἀλλαχῇ
1231 1634 1615 1710 διεσπάρησαν.

417 1722 596 1779 Πάλιν
631 1723 688 1780 δὶ
712 1732 812 1795 τῆς
846 1726 1026 1800 ἀρχῆς
1062 1726 1136 1787 εἲς
1164 1727 1263 1795 τὴν
1304 1727 1461 1794 Ζωὴν
1496 1721 1998 1799 μετακυλισθείσης,

2186 1724 2437 1794 Imperio
2469 1723 2590 1779 Zoa:
2614 1723 2906 1791 restituto,
2932 1740 3061 1794 quae
3084 1738 3341 1778 sororem
3367 1721 3760 1778 Theodoram,

344 1808 857 1887 συμϐασιλεύουσαν
921 1813 1178 1889 ἔχουσαν,
1229 1814 1303 1876 ὡς
1350 1811 1599 1887 εἷ’πομεν,
1630 1812 1737 1886 οὐχ
1780 1812 2003 1866 ἑκοῦσαν

343 1901 436 1957 καὶ
484 1903 587 1969 τήν
635 1898 879 1979 ἀδελφὴν
929 1899 1238 1977 Θεοδώραν,
1270 1907 1447 1975 τιμῶν
1508 1902 1603 1974 μὶν
1635 1904 1669 1970 ἡ
1704 1900 2009 1976 σύγκλητος

351 1984 767 2064 προϐιϐασμοῖς
823 1988 1134 2066 ἐγεραίρετο
1191 1990 1281 2045 καὶ
1336 1988 1553 2064 δωρεῶν
1610 1986 1892 2061 διανομαῖς
1944 1986 2007 2041 τὸ

353 2079 566 2146 κοινὸν,
622 2081 707 2147 [Ρ.
748 2081 877 2152 753]
924 2078 1012 2133 κοὶ
1059 2078 1126 2134 τὲ
1171 2079 1469 2155 πράγματα
1514 2076 1856 2153 προμηθείας
1908 2082 2006 2145 τῆς

352 2164 729 2241 ἐνδεχομένης
792 2165 1078 2242 ἐτύγχανε,
1127 2169 1465 2243 γραμμάτων
1543 2167 1863 2241 ἁπανταχοῦ
1918 2165 2008 2220 καὶ

352 2253 743 2329 διαταγμάτων
812 2254 1266 2329 ἐκπεμπομένων,
1327 2256 1595 2331 ἀπριάτην
1651 2276 1709 2309 τε
1758 2257 1853 2315 τὰς
1910 2255 2010 2327 ἀρ-

350 2344 467 2417 χὰς
526 2343 763 2417 γίνεσθαι
816 2345 907 2398 καὶ
970 2346 1045 2415 μὴ
1091 2343 1284 2408 ὠνίους
1315 2345 1390 2408 ὡς
1418 2344 1678 2420 πρότερον
1714 2344 2007 2417 ὑπισχνου-

354 2431 562 2504 μένων,
622 2432 712 2487 καὶ
780 2433 952 2487 πάσαν
1012 2429 1220 2487 ἀδικίαν
1276 2431 1335 2487 ἐκ
1393 2432 1559 2504 μέσου
1617 2430 2006 2507 διοριζομένων

348 2519 696 2576 ἐλαύνεσθαι.
751 2521 968 2575 Τούτων
1030 2518 1087 2575 δὲ
1142 2521 1520 2575 καταστάντων
1573 2521 1648 2583 ὡς
1704 2525 1821 2582 τοῖς
1876 2540 2007 2592 κρα-

345 2612 537 2663 τοῦσιν
591 2605 789 2678 ἐδόκει,
820 2606 970 2684 ἤχθη
1033 2610 1122 2664 καὶ
1181 2611 1208 2662 ὁ
1265 2604 1669 2680 νωϐελίσσιμος
1728 2614 2007 2664 Κωνσταν-

347 2703 503 2757 τῖνος
556 2696 660 2752 ἀπὸ
716 2704 815 2767 τῆς
877 2697 1185 2773 ὑπερορίας,
1231 2698 1321 2752 καὶ
1378 2697 1499 2773 περὶ
1555 2698 1663 2751 τῶν
1724 2693 2004 2768 δημοσίων

352 2778 783 2857 ἀνακρινόμενος
848 2784 1176 2859 χρημάτων,
1250 2786 1347 2847 τὰς
1421 2783 1648 2847 ἀπειλὰς
1728 2783 2005 2855 πτοηθεὶς,

354 2870 631 2945 ὑπέδειξεν
666 2872 718 2927 ἂν
750 2877 833 2944 τῷ
860 2874 999 2928 κατά
1041 2873 1169 2936 τοὺς
1195 2873 1411 2948 Ἀγίους
1442 2871 1814 2934 Ἀποστόλους
1869 2871 2006 2944 οἴκῳ

350 2961 523 3017 αὐτοῦ
552 2962 903 3037 κεκρυμμένα
933 2956 988 3016 ἔν
1033 2984 1143 3017 τισι
1199 2963 1478 3038 κινστᾶρνῃ
1532 2961 1762 3037 χρυσίου
1815 2982 2006 3030 κεντη-

348 3050 513 3125 νάρια
562 3056 613 3147 ’ν’
664 3047 751 3147 ἐπὶ
812 3049 1118 3147 τρισί.“Καὶ
1175 3055 1344 3105 ταῦτα
1400 3051 1494 3125 μὲν
1555 3047 1869 3122 διεκομίσθη
1930 3053 1999 3123 τῇ
2036 3080 2081 3147 G

358 3134 631 3213 βασιλίδι,
691 3136 891 3193 ἐκεῖνον
985 3136 1031 3193 δ’
1087 3137 1238 3203 αὖθις
1313 3141 1348 3209 ἠ
1434 3139 1692 3213 ὑπερορία
1768 3138 1999 3209 ἐδέξατο.

352 3227 777 3301 Προχειρίζεται
811 3224 869 3281 δὲ
899 3229 933 3296 ἡ
972 3227 1188 3301 βασιλὶς
1239 3225 1559 3300 δομάστικον
1618 3233 1725 3283 τῶν
1783 3226 2001 3302 σχολῶν

347 3323 449 3384 τῆς
486 3313 795 3384 ’Λνατολῆς
825 3314 1118 3383 Νικόλαον,
1152 3313 1417 3391 πρόεδρον
1458 3317 1550 3371 τὸν
1601 3316 1862 3388 εὐνοῦχον
1907 3319 2004 3369 τοῦ

352 3401 502 3459 ἰδίου
554 3405 780 3479 πατρὸς,
808 3405 899 3459 καὶ
958 3402 1125 3459 δοῦκα
1176 3412 1277 3473 τῆς
1339 3402 1548 3466 Δύσεως
1597 3406 2003 3459 Κωνσταντῖνον

344 3492 637 3567 πατρίκιον
692 3494 786 3548 τὸν
847 3487 1192 3549 Κςιιϐιισίλαν⁸
1237 3494 1328 3549 τὸν
1389 3491 1446 3548 δὲ
1501 3490 1784 3566 πατρίκιον
1825 3493 2003 3567 Γεώρ-

343 3602 464 3657 γιον
523 3581 615 3635 τὸν
671 3581 975 3653 Μανιάκην,
1032 3579 1141 3651 ἤδη
1200 3581 1348 3655 παρά
1399 3586 1498 3637 τοῦ
1569 3578 1801 3655 Μιχαὴλ
1868 3582 2001 3656 φθά-

344 3690 518 3724 σαντα
544 3676 648 3738 τῆς
696 3676 933 3747 φρουρᾶς
976 3669 1341 3739 ἀπολυθῆναι,
1378 3672 1671 3746 μάγιστρον
1726 3671 2003 3741 τιμήσασα

346 3759 658 3833 στρατηγὸν
715 3759 1091 3833 αὐτοκράτορα
1165 3763 1275 3814 τῶν
1336 3759 1387 3814 ἐν
1449 3758 1652 3829 Ἰταλίᾳ
1708 3757 1998 3832 ταγμάτων

345 3846 643 3919 ἐκπέμπει.
704 3847 805 3902 Καὶ
870 3851 1039 3903 ταῦτα
1100 3848 1193 3921 μὶν
1252 3846 1469 3924 γέγονεν
1524 3846 1719 3909 οὕτως.
1782 3844 1999 3915 Βουλῆς

345 3934 403 3991 δὲ
433 3934 792 4010 προτεθείσης
842 3936 967 4012 περὶ
1019 3934 1311 4012 βασιλεως,
1343 3936 1433 3991 καὶ
1484 3933 1639 4007 δόξαν
1694 3941 1811 3997 τοῖς
1868 3940 1998 3989 πᾶσι

346 4022 582 4099 βασιλὲα
631 4026 1083 4099 προχειρισοῆναι
1139 4025 1231 4079 καὶ
1282 4026 1351 4095 τῇ
1402 4029 1526 4097 Ζωῇ
1571 4023 1825 4097 νομίμως
1876 4044 1998 4077 συν-

336 4115 609 4191 αφοῆναι,
643 4110 865 4167 ἔσπευδε
916 4113 1013 4186 μὲν
1065 4111 1199 4183 αὐτὴ
1261 4118 1664 4169 Κωνσταντῖνον
1710 4111 1997 4188 ἀγαγέσθαι

338 4202 435 4256 τὸν
498 4202 786 4256 κατεπάνω
818 4203 958 4275 (20),
998 4202 1057 4256 ὃν
1109 4199 1177 4270 δὴ
1231 4201 1321 4257 καὶ
1382 4200 1769 4277 Ἀργοκλίνην,
1814 4200 1903 4277 ἀφ’
1931 4204 1999 4270 ἧς

343 4288 646 4365 ὑπηρεσίας
730 4289 1177 4364 μετεχειρίσατο,
1233 4289 1539 4344 ἀπεκάλουν
1576 4309 1588 4322 θ
1647 4292 1712 4359 ἦν
1788 4290 1891 4363 γὰρ
1969 4290 1997 4345 ὁ

344 4379 488 4453 ἀνὴρ
522 4378 801 4453 εὐπρεπὴς
827 4380 928 4447 τὴν
958 4378 1125 4453 ὥραν,
1157 4376 1379 4453 ἰλὲγετο
1440 4376 1497 4433 δὶ
1549 4379 1639 4433 καὶ
1700 4376 1871 4453 λάθρα
1924 4382 1994 4451 τῇ

345 4470 472 4541 Ζωῇ
557 4465 903 4539 πλησιάζειν.
966 4464 1145 4522 Ἀλλά
1222 4470 1413 4521 τοῦτον
1507 4468 1601 4539 μὶν
1660 4469 1694 4535 ἡ
1754 4466 2000 4529 σύνοικος

345 4552 660 4633 φαρμάκοις
707 4554 882 4630 ἐξάγει
920 4556 1016 4610 τοῦ
1076 4555 1221 4631 βίου,
1256 4554 1354 4610 οὐκ
1404 4553 1592 4625 ἄπειδή
1645 4555 1998 4629 ἀποστόργως

347 4644 466 4718 εἶχε
495 4644 633 4719 πρὸς
663 4644 851 4715 αὐτὸν,
882 4642 1012 4700 ἀλλ’
1042 4641 1229 4713 ἐπειδή
1264 4641 1467 4717 ἔμελλε
1521 4644 1717 4699 τούτου
1746 4641 1823 4700 ἔτι
1857 4649 2002 4713 ζῶσα

350 4732 744 4807 στερίσκεσθαι.
778 4733 878 4787 Καὶ
928 4732 1122 4788 λοιπὸν
1172 4733 1526 4808 ἀστοχήσασα
1564 4735 1598 4802 ἡ
1636 4732 1853 4807 βασιλὶς
1904 4737 2002 4788 τοῦ

349 4823 582 4887 σκοποῦ,
644 4819 1052 4894 μεταπέμπεται
1106 4822 1213 4876 ἀπὸ
1267 4824 1368 4890 τῆς
1436 4819 1642 4897 ἐξορίας
1708 4828 2002 4877 Κωνσταν-

345 4913 498 4965 τῖνον
550 4908 642 4964 τὸν
702 4908 1063 4985 Μονομάχον,
1101 4909 1250 4984 παρά
1285 4913 1382 4965 τοῦ
1441 4909 1853 4988 ὁρφανοτρόφου
1904 4910 2003 4978 τὴν

345 5003 517 5066 νῆσον
565 4996 887 5069 Μιτυλήνην
937 5000 1324 5075 κατακριθέντα
1372 4997 1540 5054 οἷ’κεῖν
1601 4997 1691 5054 διὰ
1742 4999 1805 5053 τὸ
1859 4998 2007 5072 παρὰ

346 5086 563 5140 πάντων
597 5085 932 5161 φημίζεσθαι
990 5087 1067 5150 ὡς
1121 5086 1315 5161 μάλλει
1365 5094 1632 5163 κρατῆσαι
1698 5093 1799 5156 τῆς
1853 5087 2007 5162 βασι-

2116 1812 2516 1883 quamtumvis
2548 1813 2748 1881 invita,
2780 1817 3113 1868 consortem
3151 1812 3424 1876 habebat,
3458 1810 3662 1866 statim
3707 1817 3766 1865 et

2117 1901 2406 1956 honorum
2441 1901 2719 1973 gradibus
2750 1903 3045 1956 senatorio
3076 1901 3269 1956 ordini
3300 1902 3447 1957 541
3485 1905 3542 1954 et
3575 1899 3759 1971 largi-

2116 1989 2377 2045 tionibus
2410 1995 2467 2044 et
2497 1989 2864 2045 multitudini
2897 1990 3098 2061 gratim
3149 1994 3288 2044 sunt
3338 1994 3500 2056 actin,
3561 2004 3625 2044 ac
3680 1989 3759 2042 rei

2118 2078 2363 2150 publica!
2403 2084 2628 2151 quanta
2659 2080 2900 2134 omnino
2951 2083 3178 2150 poterat
3207 2095 3342 2133 cura
3378 2082 3560 2149 gesta.
3611 2078 3757 2132 Nam

2120 2168 2177 2221 in
2208 2185 2409 2223 omnes
2440 2167 2669 2239 imperii
2704 2173 2898 2239 partes
2932 2167 3139 2222 litteras
3167 2172 3224 2223 et
3253 2166 3445 2222 edicta
3498 2166 3756 2221 dimitte~

2121 2256 2353 2317 bantur,
2384 2273 2510 2327 quas
2541 2263 2597 2311 et
2627 2257 3010 2327 magistratus
3038 2255 3229 2325 vendi,
3263 2256 3416 2326 quod
3450 2260 3587 2311 ante
3633 2258 3759 2309 erat

2120 2345 2471 2410 factitatum,
2492 2344 2886 2416 prohiberent,
2912 2349 2965 2400 et
2988 2344 3185 2399 omnia
3209 2344 3511 2415 injustitiaa
3542 2360 3759 2415 genere.

2117 2433 2801 2503 exterminarijuberent.
2849 2432 2951 2488 His
2984 2433 3063 2487 ita
3091 2449 3159 2487 ex
3187 2435 3586 2505 Augustarum
3620 2449 3757 2488 seu-

2118 2522 2298 2576 tentia
2326 2522 2681 2590 constitutis,
2714 2522 3003 2576 adductus
3032 2520 3209 2576 etiam
3240 2520 3655 2576 Nobilissimus
3687 2521 3759 2575 ab

2116 2610 2342 2664 exsilio.
2368 2613 2625 2678 Cumque
2645 2610 2714 2665 de
2737 2609 3460 2682 publicisinterrogaretur
3474 2609 3757 2681 pecuniis,

2116 2698 2292 2752 minis
2314 2697 2660 2770 perterritus
2681 2699 3105 2753 demonstravit
3136 2697 3295 2752 domi
3316 2713 3459 2763 sua,
3482 2714 3612 2768 quae
3632 2702 3758 2755 erat

2117 2805 2293 2859 prope
2326 2788 2525 2841 fanum
2557 2786 2995 2858 Apostolorum,
3029 2787 3373 2842 abscondita
3402 2788 3528 2841 auri
3564 2791 3758 2842 cente-

2118 2877 2277 2931 naria
2307 2876 2734 2947 quinquaginta
2793 2876 2903 2930 tria
2949 2876 3007 2930 in
3057 2876 3310 2931 cisterna
3352 2876 3628 2946 quadam.
3682 2880 3761 2930 Ea

2118 2965 2362 3032 pecunia
2389 2965 2763 3035 Augustabus
2795 2965 3025 3021 reddita
3054 2964 3470 3020 Nobilissimus
3499 2964 3558 3019 in
3606 2968 3757 3020 exsi-

2117 3052 2260 3109 lium
2296 3054 2599 3109 remissus.
2632 3054 2852 3108 Deinde
2903 3056 3167 3125 Augusta
3213 3053 3430 3109 creavit
3479 3054 3758 3110 domesti-

2119 3158 2251 3197 cum
2284 3141 2619 3197 scholarum
2652 3142 2906 3197 Orientis
2935 3142 3239 3198 Nicolaum
3289 3142 3618 3214 praesidem,
3651 3158 3756 3197 eu-

2118 3230 2377 3285 nuchum
2410 3233 2500 3285 sui
2537 3231 2734 3298 patris,
2761 3237 2819 3285 et
2849 3232 3057 3286 ducem
3090 3230 3422 3286 Occidentis
3464 3230 3756 3287 Constan-

2115 3320 2298 3373 tinum
2323 3318 2630 3389 patricium
2650 3318 3005 3374 Cabasilam.
3027 3319 3340 3374 Patricium
3363 3324 3554 3374 autem
3577 3318 3759 3375 Geor-

2113 3408 2272 3479 gium
2308 3406 2652 3476 Maniacem,
2685 3424 2853 3478 quem
2875 3408 3001 3478 jam
3052 3411 3187 3463 ante
3233 3407 3554 3463 Michaelus
3591 3423 3621 3462 e
3650 3424 3752 3462 cu-

2114 3495 2305 3551 stodia
2334 3494 2659 3556 dimiserat.
2690 3496 2957 3567 magistri
2989 3496 3207 3552 honore
3237 3495 3464 3551 ornavit
3519 3499 3577 3551 et
3623 3512 3755 3551 cum

2112 3582 2282 3655 pleno
2331 3583 2577 3653 imperio
2628 3582 3043 3654 imperatorem
3091 3584 3370 3640 exercitui
3416 3585 3476 3639 in
3524 3583 3750 3639 Italiam

2112 3672 2295 3737 misit,
2328 3672 2663 3726 Secundum
2696 3672 2816 3726 hmo
2847 3673 2920 3727 de
2951 3672 3305 3743 imperatore
3327 3672 3578 3728 creando
3599 3673 3752 3742 cogi-

2110 3764 2320 3827 tatum,
2355 3758 2691 3831 placuitque
2721 3762 2999 3817 omnibus
3029 3766 3094 3817 ut
3122 3762 3443 3832 imperator
3475 3760 3751 3832 designa-

2112 3853 2272 3903 retur
2302 3865 2367 3903 ac
2409 3854 2534 3904 Zoae
2584 3848 2847 3920 legitimo
2895 3850 3170 3920 conjugio
3227 3848 3620 3919 copularetur.
3669 3852 3750 3903 Ac

2110 3938 2381 4007 cupiebat
2410 3954 2551 3992 sane
2580 3937 2710 4008 ipsa
2742 3940 3020 3993 maritum
3057 3939 3269 3995 habere
3297 3938 3747 3993 Constantinum

2109 4030 2419 4095 Catepano,
2452 4042 2622 4096 quem
2655 4032 2712 4081 et
2742 4027 2812 4080 ab
2844 4027 3035 4081 ofﬁcio
3065 4028 3219 4098 quod
3258 4032 3519 4097 gesserat
3564 4029 3750 4097 Argo-

2109 4112 2320 4169 clinam
2355 4114 2656 4181 vocabant,
2690 4115 2844 4184 quod
2881 4119 2938 4168 et
2995 4116 3288 4168 formosus
3339 4118 3464 4168 erat
3509 4117 3567 4168 et
3609 4130 3744 4168 cum

2107 4203 2218 4258 Zoa
2248 4201 2472 4257 occulte
2500 4218 2617 4257 rem
2650 4202 2861 4257 habere
2892 4203 3045 4259 542
3072 4201 3393 4256 dicebatur.
3452 4201 3563 4257 Sed
3612 4217 3747 4257 eum

2111 4307 2252 4346 uxor
2282 4307 2499 4345 veneno
2534 4292 2780 4355 necavit,
2814 4308 2929 4346 non
2979 4291 3133 4362 quod
3184 4290 3232 4345 ei
3290 4290 3520 4346 infensa
3570 4298 3748 4361 esset,

2110 4380 2209 4433 sed
2245 4380 2398 4450 quod
2432 4395 2494 4434 se
2522 4379 2709 4434 vivam
2742 4394 2808 4434 eo
2832 4379 3120 4449 privatum
3146 4379 3215 4433 iri
3240 4378 3622 4450 intelligebat.
3644 4379 3753 4435 Zoe

2111 4468 2220 4523 hoc
2252 4467 2492 4522 consilio
2525 4468 2594 4522 ad
2627 4468 2855 4523 irritum
2889 4467 3118 4539 relapso
3138 4467 3589 4523 Constantinum
3623 4468 3753 4522 Mo-

2112 4556 2465 4612 monachum
2488 4555 2560 4611 ab
2577 4556 2779 4612 exsilio
2798 4561 3225 4626 revocat,quem
3240 4554 3754 4627 orphanotrophus

2114 4643 2449 4715 Mitylenam
2482 4644 2773 4714 deportari
2789 4646 3071 4715 jusserat,
3093 4645 3249 4716 quod
3268 4644 3528 4700 omnium
3551 4661 3750 4699 rumo-

2114 4749 2174 4787 re
2196 4732 2879 4805 perhibereturimperio
2912 4735 3223 4805 potiturus.
3260 4733 3426 4789 Hunc
3452 4733 3581 4797 Zoe,
3613 4733 3754 4789 dum

2114 4821 2306 4876 adhuc
2337 4821 2405 4877 de
2437 4820 2622 4878 altero
2653 4822 2753 4878 illo
2785 4822 3172 4878 Constantino
3229 4823 3299 4877 ad
3350 4820 3583 4892 imperii
3632 4823 3756 4877 cul-

2116 4926 2247 4964 men
2305 4910 2603 4967 evehendo
2659 4911 2960 4984 cogitaret,
3039 4915 3345 4983 praetorem
3420 4909 3753 4966 Graecorum

2113 4997 2467 5069 designarat.
2501 5002 2715 5055 Verum
2752 5004 2816 5055 ut
2846 5000 2896 5054 is
2916 5015 3135 5054 veneno
3160 4999 3266 5054 fuit
3288 4999 3753 5069 sublatus,quod

2115 5086 2211 5141 hic
2262 5087 2416 5143 idem
2477 5105 2687 5144 nomen
2746 5089 3006 5161 gerebat,
3060 5092 3330 5161 Augustae
3408 5089 3755 5144 commodus

1543 5203 1914 5261 XYLANDRI
1948 5202 2041 5290 .ET
2080 5201 2299 5259 GOABI
2338 5203 2572 5260 NO'I‘JE.

423 5299 535 5371 (20)
567 5301 1073 5387 §uperiorem_aut
1104 5318 1299 5387 supra.
1340 5302 1606 5387 haecum;
1656 5303 1953 5387 significat
1982 5318 1997 5365 ;

347 5377 711 5442 apparetqua
744 5389 877 5456 eum
901 5376 1075 5429 alicui
1100 5376 1182 5428 rei
1206 5379 1308 5427 aut
1328 5376 1638 5444 provinciae
1664 5376 1845 5430 fuisse
1868 5390 2002 5444 pras-

346 5440 593 5515 feetum.
618 5444 729 5499 Sed
756 5445 897 5515 quid
925 5444 1183 5511 fuerit,in
1211 5445 1464 5500 obscuro
1508 5451 1616 5500 est.
1646 5445 1719 5500 Ut
1741 5450 1797 5501 et
1818 5446 2002 5515 Argo-

347 5461 593 5497 iectum.
618 5461 729 5499 seu
756 5461 897 5517 quia
925 5461 1183 5511 mem,1n
1211 5461 1464 5500 obscuro
1508 5461 1616 5500 est.
1650 5461 1719 5500 Ut
1741 5461 1797 5501 et
1818 5461 2002 5515 argn-

347 5511 557 5597 cliues,
581 5515 757 5597 quale
773 5517 851 5572 sit
867 5517 1046 5572 officii
1076 5531 1266 5587 genus
1288 5532 1302 5569 :
1324 5515 1758 5597 altum_l_eotu_m_
1772 5516 1836 5597 in
1866 5532 2005 5597 voce

356 5588 620 5659 invento,
653 5588 752 5642 sed
784 5603 908 5644 rem
937 5604 1052 5645 non
1081 5602 1391 5658 assequar.
1417 5588 1563 5659 Quid
1581 5589 1648 5659 si
1672 5588 1790 5659 fuit
1820 5589 2007 5659 quod-

353 5654 512 5725 dam,
545 5660 612 5713 ut
640 5674 907 5727 aureum,
939 5659 1021 5715 ita
1067 5654 1411 5731 argenteum
1467 5657 1815 5728 triclinium,
1836 5654 2009 5731 cujus

2108 5300 2207 5375 ille
2238 5307 2474 5375 curator
2503 5303 2697 5371 fuerit,
2750 5300 3147 5375 ἀργυροκλίνης
3174 5320 3189 5371 ;
3221 5303 3350 5359 Χγι.
3380 5332 3451 5344 --
3479 5301 3615 5358 Tori
3646 5302 3759 5375 mi:

2111 5372 2314 5444 nister,
2347 5374 2467 5429 sive
2516 5374 2744 5430 tardius
2786 5372 2862 5428 'in
2893 5372 3070 5429 ‘leoto
3118 5375 3462 5430 decubituro
3507 5373 3761 5444 principi

2113 5443 2460 5518 ministrans
2488 5446 2877 5518 adductisque
2904 5453 2961 5518 et
2991 5447 3270 5518 expansis
3296 5443 3761 5518 circumquaque

2114 5516 2283 5590 strati
2317 5517 2558 5590 cortinis
2584 5532 2725 5590 eum
2758 5515 3414 5590 obvelans,'&pyoxkivnc
3445 5515 3557 5584 est,
3613 5515 3762 5588 παρὰ

2112 5588 2211 5640 τοῦ
2242 5584 2427 5660 ἀργεῖν
2459 5587 2599 5666 ἀμφὶ
2626 5588 2726 5657 τὴν
2756 5586 2975 5657 κλίνην.
3008 5584 3189 5646 ῦοᾼεί.
