3972 6146
226 363 345 421 275

1593 361 1912 425 GEORGII
1956 361 2297 424 CEDHENI

3527 354 3643 414 2'16

233 495 415 550 visus.
450 499 602 567 Ergo
634 496 924 552 adductus
982 502 1073 553 est
1124 498 1194 552 ad
1258 497 1542 569 templum
1595 496 1873 568 principis

2000 491 2162 553 λείας.
2212 496 2414 546 Τοῦτον
2472 492 2597 567 γὰρ,
2649 490 2883 561 ὁπηνίκα
2930 492 3021 546 τὸν
3082 488 3266 566 ἕτερον
3321 485 3639 545 ἐϐουλεύετο

235 585 623 649 exercituum,
657 586 808 656 quod
840 586 895 639 in
932 591 1330 640 Damocranea
1372 592 1461 640 est
1491 585 1701 656 Athyro
1756 600 1885 656 pro-

236 673 501 740 ximum;
540 674 877 745 missusque
910 675 1240 745 Stephanus
1283 679 1700 745 Pergamenus,
1735 690 1889 727 unus

234 761 308 815 de
356 760 738 817 cubiculariis
788 764 1183 832 Augustarum
1236 762 1549 829 eunuchis,
1601 764 1701 833 qui
1754 778 1889 816 eum

240 851 464 922 privato
493 850 695 906 habitu
728 858 967 905 exutum
1001 852 1373 923 imperatoria
1418 852 1688 906 amiciret
1745 868 1889 921 pur-

236 956 384 1011 pura
413 944 471 995 et
502 938 676 995 celoci
712 939 1055 1010 impositum
1103 941 1160 994 in
1216 941 1502 1011 palatium
1553 941 1887 994 adduceret.

239 1029 502 1084 Adducto
532 1032 795 1101 Augusta
826 1030 933 1083 Zoc
980 1030 1202 1100 nupsit,
1262 1035 1641 1084 consecrante
1688 1030 1891 1082 matri-

242 1117 505 1173 monium
541 1119 729 1189 primo
760 1117 927 1172 Novas
951 1118 1143 1174 Romae
1177 1119 1537 1189 presbytero,
1565 1117 1658 1171 cui
1682 1117 1893 1188 Stypes

243 1211 368 1260 erat
396 1222 629 1274 nomen,
663 1206 757 1260 die
783 1206 943 1261 Junii
981 1206 1294 1260 undecima
1353 1207 1492 1260 anni
1541 1208 1668 1275 ejus
1720 1222 1893 1275 quem

244 1312 424 1365 supra
457 1295 866 1349 indicavimus.
904 1294 1189 1349 Postridie
1220 1301 1534 1350 coronatus
1552 1294 1894 1366 estapatri-

246 1383 444 1438 archa.

1999 587 2407 635 Κωνσταντῖνον
2469 579 2545 642 εἰς
2592 580 2681 634 τὸν
2757 577 3026 653 βασίλειον
3092 580 3280 652 θρόνον
3343 580 3641 652 ἀναγαγεῖν,

2000 667 2255 737 δικαστήν
2317 667 2601 739 Ἑλλήνων
2662 671 2773 741 (21)
2832 669 3288 743 προεχειρίσατο’
3343 666 3528 734 ἐπειδὴ
3591 665 3646 721 δὲ

1998 759 2273 829 κάκεῖνος,
2334 759 2408 818 ὡς
2496 755 2760 828 εἷπομεν,
2822 759 3180 833 κατειργάσθη
3267 758 3557 834 φαρμάκῳ,
3619 757 3645 809 ὁ

2002 847 2186 922 ῥηθεὶς
2234 848 2570 920 Μονομάχος
2619 846 2708 900 καὶ
2760 850 2838 917 τῷ
2888 846 3101 910 θανόντι
3161 846 3453 918 ὁμώνυμος
3512 846 3649 920 πρὸς

1998 936 2205 1009 τρόπου
2265 935 2518 1005 ένολίσθη
2578 940 2645 1007 τῇ
2703 933 3182 1009 βασιλίδι.’Ήχθη
3232 935 3319 989 οὗν
3382 934 3518 1007 πρὸς
3560 933 3649 987 τὸν

2002 1028 2235 1100 ἄγχιστα
2263 1030 2358 1079 τοῦ
2391 1024 2618 1100 Ἀθύρος
2651 1021 2985 1096 διακείμενον
3041 1025 3164 1079 ναὸν
3196 1024 3293 1077 τοῦ
3319 1024 3646 1099 ἀρχιστρατ-

2004 1116 2143 1188 ήγου
2199 1114 2290 1168 τὸν
2351 1112 2403 1168 ἐν
2459 1114 2854 1187 Δαμοκρανείᾳ·
2911 1114 2999 1167 καὶ
3050 1114 3316 1190 πεμφθεὶς
3379 1110 3652 1189 Στέφανος

2006 1206 2083 1264 εἷς
2117 1202 2189 1256 ὢν
2218 1207 2329 1257 τῶν
2363 1201 2780 1275 θαλαμηπόλων
2816 1201 3091 1277 εὐνούχων
3146 1203 3245 1271 τής
3307 1198 3591 1276 βασιλίδος
3623 1201 3650 1255 ὁ

2010 1292 2364 1367 Περγαμηνὸς
2424 1288 2771 1346 άποδιδύσκει
2831 1290 2925 1362 μὲν
2987 1291 3146 1345 αὑτὸν
3206 1292 3304 1358 τήν
3367 1288 3648 1359 ἰδιωτικὴν

2008 1378 2229 1448 στολήν,
2297 1380 2615 1455 ἀμφιέννυσι
2678 1377 2735 1433 δὲ
2808 1378 3113 1457 πορφυρίδα
3193 1378 3503 1454 βασιλικὴν,
3562 1378 3651 1433 καὶ

246 1467 493 1545 δρόμωνι
548 1465 845 1542 ἐμϐιϐάσας
904 1471 1017 1545 ἄγει
1063 1470 1199 1545 πρὸς
1249 1471 1315 1525 τὰ
1364 1469 1628 1546 βασίλεια.
1663 1471 1837 1548 ’ᾨτινι
1886 1468 2104 1543 ἀχθέντι
2155 1468 2471 1523 συνάπτεται
2524 1468 2599 1531 εἷς
2646 1470 2932 1523 κοινωνίαν
2978 1468 3154 1544 γάμου
3203 1471 3238 1538 ἡ
3288 1467 3522 1543 βασιλὶς,
3552 1474 3651 1537 τῆς

248 1557 557 1634 ἱερολογίας
587 1558 887 1633 γενομένης
918 1560 1063 1633 παρὰ
1092 1564 1187 1613 τοῦ
1217 1560 1437 1634 πρώτου
1468 1564 1572 1613 τῶν
1614 1554 1989 1634 πρεσϐυτέρων
2029 1565 2127 1626 τῆς
2172 1560 2314 1619 Νέας
2358 1561 2491 1631 (22),
2525 1559 2580 1619 ὂς
2631 1565 2851 1627 Στυπῆς
2897 1558 3234 1631 ὠνομάζετο,
3278 1564 3341 1611 ια’
3390 1558 3512 1612 τότε
3556 1560 3652 1611 τοῦ

246 1648 477 1703 Ἰουνίου
512 1648 684 1719 μηνὸς
714 1644 960 1722 ἄγοντος,
994 1652 1087 1702 τοῦ
1118 1651 1247 1725 Ιςιρν¹
1277 1645 1449 1710 ἔτους.
1490 1649 1748 1721 Στέφεται
1785 1647 1841 1703 δὲ
1870 1652 1937 1721 τῇ
1970 1647 2225 1720 ἐπαύριον
2258 1648 2405 1721 παρὰ
2431 1652 2528 1701 τοῦ
2560 1649 2925 1722 πατριάρχου.

324 1738 747 1794 Monomachus
761 1745 997 1811 accepto
1021 1739 1352 1810 imperio,et
1375 1740 1701 1795 senatorios
1729 1739 1899 1806 viros,
1933 1741 1979 1806 B

253 1832 426 1898 prout
456 1828 746 1897 cujusque
807 1828 1065 1899 dignitas
1113 1828 1353 1895 terebat,
1403 1829 1471 1883 ad
1523 1828 1897 1883 sublimiores

254 1916 439 1972 evexit
472 1916 741 1981 honores,
776 1921 833 1972 et
864 1918 1122 1988 pecunia
1155 1918 1570 1973 distributione
1619 1935 1785 1973 suam
1838 1918 1895 1972 in

255 2004 537 2076 populum
596 2005 1004 2060 liberalitatem
1065 2005 1400 2060 declaravit.
1462 2006 1670 2061 Emisit
1719 2006 1894 2060 etiam

253 2094 487 2149 decreta
518 2111 619 2165 per
647 2110 850 2149 omnes
888 2094 1237 2164 provincias,
1273 2112 1398 2165 quae
1428 2100 1485 2149 et
1514 2096 1707 2167 ipsum
1768 2112 1896 2150 esse

249 2181 655 2252 imperatorem
689 2185 905 2238 factum
937 2183 1282 2250 indicarent,
1310 2184 1461 2239 543
1493 2190 1549 2240 et
1588 2186 1894 2256 promitte-

247 2276 377 2326 rent
409 2272 553 2327 i'orte
585 2278 647 2326 ut
680 2273 789 2327 sub
824 2273 951 2343 ipso
982 2272 1183 2327 omnia
1214 2273 1459 2328 honesta
1495 2274 1757 2343 vigerent
1777 2290 1897 2327 om-

245 2360 460 2432 niaque
512 2360 732 2431 ﬂagitia
779 2361 1278 2416 exscinderentur.
1330 2362 1611 2417 Joannem
1662 2378 1895 2433 quoque

241 2447 787 2519 orphanotrophum
822 2465 953 2503 cum
987 2449 1264 2504 omnibus
1295 2466 1422 2521 quae
1453 2449 1662 2521 'ipsius
1705 2457 1892 2522 erant,

240 2554 273 2591 a
306 2538 750 2593 Monobatarum
784 2539 1139 2593 monasterio
1172 2538 1227 2592 in
1265 2539 1544 2608 Lesbum,
1568 2544 1624 2594 et
1654 2539 1895 2594 Michae-

240 2626 367 2681 lum
399 2642 603 2682 racens
634 2626 878 2697 imperio
913 2628 1203 2698 privatum
1236 2628 1292 2681 in
1335 2627 1567 2696 Chium,
1608 2628 1891 2682 Constan-

242 2715 556 2786 tinumque
588 2715 1028 2771 nobilissimum
1060 2718 1117 2770 in
1138 2723 1376 2769 Samum
1403 2718 1747 2787 deportavit.
1774 2721 1891 2771 Hoc

245 2818 390 2858 usus
436 2804 671 2858 exordio
729 2804 1154 2858 Monomachus
1213 2803 1531 2858 indictione
1590 2804 1674 2857 10.
1720 2805 1892 2860 Sexta

250 2906 421 2960 porro
443 2892 708 2946 Octobris
747 2892 861 2958 die,
891 2890 1206 2947 indictione
1231 2893 1475 2956 il,anno
1504 2892 1885 2961 mundi6551,

250 2984 477 3035 cometa
504 2980 799 3050 apparuit,
830 2981 902 3034 ab
943 2979 1163 3035 orienle
1213 2981 1283 3035 ad
1334 2997 1605 3035 occasum
1658 2981 1888 3052 proiici-

244 3082 434 3135 scens,
470 3071 710 3138 totoque
742 3067 843 3122 illo
907 3084 1108 3123 mense
1159 3068 1345 3124 fulsit.
1398 3072 1453 3125 Is
1503 3071 1957 3173 portendebatc

240 3154 606 3212 calamitates
642 3157 862 3211 mundo
893 3162 1221 3211 eventuras.
1273 3160 1415 3213 Cum
1447 3159 1602 3212 enim
1636 3159 1883 3229 Stepha-

240 3260 371 3314 nus,
403 3246 503 3317 qui
536 3250 593 3300 et
624 3246 1021 3311 Boisthlabus,
1055 3247 1211 3318 fuga,
1248 3252 1312 3301 ut
1370 3252 1503 3301 ante
1554 3248 1881 3303 docuimus.

234 3348 302 3388 ex
334 3335 478 3389 urbe
521 3333 760 3405 elapsus
817 3334 1080 3406 Illyricos
1119 3340 1467 3406 occupasset
1513 3341 1763 3403 montes,
1817 3354 1881 3391 ac

232 3422 520 3478 Triballos
542 3427 601 3478 et
619 3427 822 3477 Servos
843 3423 1096 3492 indeque
1119 3424 1392 3478 viciniam
1437 3424 1716 3477 Romanis
1739 3426 1881 3478 sub-

232 3511 414 3565 ditam
449 3511 931 3582 populationibus
961 3518 1211 3575 vexaret,
1237 3512 1658 3568 Monomachus
1679 3529 1879 3568 earum

234 3599 668 3669 grassationum
692 3600 1005 3671 impatiens
1020 3600 1303 3655 Michaelo
1325 3601 1570 3672 patricio
1590 3603 1883 3657 Anastasii

237 3684 541 3756 logothetaa
570 3686 709 3752 filio,
745 3692 869 3739 tum
929 3686 1230 3758 Dyrrachii
1295 3689 1585 3758 praefecto,
1637 3691 1880 3745 mandat

236 3790 337 3843 per
363 3773 587 3830 litteras
619 3780 681 3828 ut
715 3774 974 3829 collectis
1005 3779 1063 3830 et
1103 3776 1228 3830 suis
1279 3781 1337 3830 et
1385 3775 1517 3830 aliis
1568 3776 1876 3845 militibus,

234 3867 521 3933 quotquot
550 3864 608 3917 in
638 3862 847 3918 vicinis
877 3880 943 3918 ao
968 3863 1245 3919 Romanis
1278 3864 1531 3920 subditis
1562 3866 1875 3935 provinciis

232 3950 500 4022 dispositi
531 3958 719 4018 erant,
773 3968 891 4007 una
941 3968 1073 4007 cum
1126 3953 1398 4007 ordinum
1446 3953 1791 4010 ductoribus
1818 3954 1877 4010 in

230 4039 521 4095 Triballos
551 4041 955 4111 proficiscatur
984 4047 1041 4095 et
1088 4041 1455 4110 Stephanum
1506 4042 1772 4099 debellet.
1822 4044 1877 4097 le

228 4143 359 4182 vero
380 4127 697 4183 Michaelus
729 4131 807 4182 rei
842 4128 1059 4183 bellicae
1089 4130 1509 4201 ignarissimus
1540 4130 1783 4201 (quippe
1816 4131 1876 4185 in

226 4215 438 4270 umbra
466 4214 693 4270 etinter
723 4216 962 4271 delicias
994 4218 1301 4288 educatus)
1334 4218 1526 4287 inepte
1558 4223 1615 4272 et
1664 4218 1874 4273 inscite

224 4318 347 4358 rem
361 4318 674 4374 aggressus
699 4320 972 4375 magnam
998 4306 1077 4361 rei
1102 4307 1371 4360 Romanae
1394 4307 1549 4362 544
1580 4306 1877 4363 calamita-

222 4396 338 4447 tem
362 4391 595 4447 invexit.
623 4392 950 4448 Contractis
972 4395 1153 4457 enim,
1178 4401 1241 4448 ut
1260 4411 1468 4459 iussus
1492 4402 1636 4459 crat,
1683 4397 1869 4466 copiis

222 4482 317 4551 (ad
348 4482 658 4553 sexaginta
707 4480 892 4537 millia
923 4482 1177 4537 militum
1224 4501 1302 4537 8&3
1354 4485 1758 4556 continebant)
1807 4485 1865 4540 in
1896 4472 1942 4536 D

221 4568 511 4625 Triballos
533 4570 702 4624 duxit
734 4570 1044 4625 itineribus
1076 4572 1417 4641 acclivibus,
1451 4574 1697 4643 asperis,
1720 4574 1870 4628 sale-

225 4659 424 4715 brosis
453 4675 520 4715 ac
550 4659 631 4714 ita
660 4662 932 4730 augustis
964 4663 1028 4714 ut
1068 4677 1138 4714 ne
1170 4661 1290 4714 bini
1319 4661 1552 4731 quidem
1583 4662 1757 4717 simul
1786 4662 1867 4719 ire

222 4748 451 4817 equites
486 4753 746 4819 possent,
795 4747 1006 4812 Servis,
1068 4753 1132 4801 ut
1189 4749 1390 4818 fertur,
1444 4750 1642 4804 dedita
1691 4768 1867 4821 opera

219 4836 565 4891 cedentibus
594 4852 660 4891 ac
692 4837 910 4890 intrare
964 4852 1097 4891 eum
1149 4836 1498 4903 sinentibus,
1556 4854 1744 4909 neque
1794 4839 1864 4894 de

217 4924 406 4979 reditu
441 4923 759 4979 sollicitum
812 4940 1001 4995 neque
1030 4926 1188 4996 justo
1238 4926 1507 4996 praesidio
1558 4928 1861 4998 angustias

214 5014 710 5082 occupantem.lta
731 5012 1036 5082 ingressus
1059 5014 1411 5084 campestria
1428 5013 1857 5085 direptionibus

2083 1738 2162 1809 [P.
2226 1739 2353 1809 754]
2441 1736 2539 1790 Καὶ
2613 1734 2723 1806 ἤδη
2807 1741 2914 1790 τῶν
2997 1738 3284 1810 σκήπτρων
3366 1736 3651 1810 γενόμενος

2007 1825 2271 1899 ἐγκρατὴς
2359 1824 2559 1887 πάντας
2632 1827 2725 1898 μὲν
2776 1824 2902 1889 τοὺς
2955 1824 3352 1900 συγκλητικοὺς
3415 1826 3651 1900 βαθμοῖς

2006 1913 2329 1986 ἀξιωμάτων
2404 1915 2539 1968 κατὰ
2603 1916 2702 1982 τήν
2779 1915 3004 1969 ἑκάστου
3064 1909 3423 1988 προεϐίϐασεν
3476 1914 3650 1985 ἀξίαν,

2004 2002 2095 2056 καὶ
2128 2003 2360 2077 χρυσίου
2415 2000 2472 2056 δὲ
2503 1999 2786 2075 διανομαῖς
2824 2003 2885 2057 τὸ
2944 2004 3159 2072 πλῆθος
3192 2001 3648 2079 ἐφιλοτιμήσατο.

2006 2090 2383 2160 Ἐξαπέστειλε
2439 2089 2495 2147 δὶ
2539 2092 2627 2146 καὶ
2688 2093 2956 2168 ἀναφορὰς
3012 2092 3061 2145 ἐν
3112 2096 3240 2146 πᾶσι
3280 2098 3396 2153 τοῖς
3430 2092 3648 2165 θέμασι,

2002 2182 2100 2250 τήν
2158 2201 2216 2234 τε
2280 2180 2568 2256 ἀνάρρησιν
2628 2180 2791 2235 αὑτοῦ
2850 2177 3146 2250 δηλούσας,
3196 2180 3284 2234 καὶ
3344 2181 3649 2255 ὑπισχνου-

2008 2269 2164 2341 μένας
2218 2271 2417 2331 παντὸς
2471 2271 2565 2342 μὶν
2624 2270 2829 2344 ἀγαθοῦ
2902 2268 3093 2343 βλύσιν
3180 2270 3271 2323 καὶ
3320 2270 3646 2345 παρῥησίαν,

2003 2360 2182 2427 πάσης
2257 2356 2314 2412 δὲ
2395 2360 2584 2419 κακίας
2671 2358 2979 2431 ἀποτομήν.
3043 2352 3375 2414 Μετεϐίὸασε
3446 2356 3501 2413 δὲ
3557 2361 3651 2413 καὶ

2006 2449 2261 2517 Ἰωάννην
2295 2449 2383 2502 τὸν
2444 2447 2851 2525 ὀρφανοτρόφον
2909 2449 3042 2521 μετᾶ
3095 2449 3310 2502 πάντων
3367 2449 3440 2502 ὧν
3499 2449 3647 2523 εἶχεν

2003 2537 2108 2591 ἀπὸ
2166 2545 2263 2606 τῆς
2320 2544 2493 2609 μονῆς
2546 2543 2651 2592 τῶν
2712 2532 3041 2592 Μονοϐατῶν
3103 2536 3180 2599 εἴς
3205 2539 3302 2606 τήν
3335 2544 3495 2606 νῆσον
3546 2537 3650 2593 Δί-

2003 2621 2155 2692 σϐον,
2213 2625 2302 2681 καὶ
2360 2626 2591 2700 Μιχαὴλ
2645 2627 2737 2680 τὸν
2797 2627 2901 2699 πρὸ
2948 2631 3044 2680 τοῦ
3102 2625 3328 2700 βασιλέα
3375 2625 3449 2688 εἷς
3489 2628 3649 2694 Χίον,

2000 2714 2089 2767 καὶ
2125 2717 2527 2769 Κωνσταντῖνον
2559 2716 2650 2769 τὸν
2709 2709 3106 2785 νωὸελίσσιμον
3166 2713 3241 2775 εἰς
3302 2715 3509 2785 Σάμον.
3545 2715 3646 2769 Καὶ

1998 2807 2165 2856 ταῦτα
2228 2804 2321 2875 μὶν
2378 2803 2625 2878 ἐπράχθη
2686 2802 2738 2858 ἐν
2795 2804 3113 2875 προοιμίοις
3160 2808 3241 2876 τῷ
3297 2805 3644 2879 Μονομάχῳ,

1998 2891 2134 2945 κατὰ
2184 2898 2284 2960 τήν
2320 2898 2348 2945 ι’
2379 2888 2707 2946 ίνδικτιῶνα·
2741 2892 2877 2946 κατὰ
2934 2889 2990 2945 δὲ
3045 2893 3144 2961 τήν
3205 2899 3248 2955 ς’
3284 2896 3380 2946 τοῦ
3439 2893 3642 2948 ὐκτωο

1998 2974 2155 3053 ϐρίου
2218 2981 2409 3052 μηνὸς,
2437 2988 2536 3050 τῆς
2598 2982 2660 3034 ια’
2708 2978 3191 3048 ἷ’νδικτιῶνος,τοῦ
3246 2988 3410 3057 ,ςφνοϋ
3465 2980 3640 3051 ἔτους,

1997 3067 2161 3145 ἐφάνη
2225 3072 2479 3140 κομήτης
2538 3069 2642 3123 ἀπὸ
2689 3075 2789 3137 τῆς
2844 3065 2917 3122 ἕω
2975 3070 3111 3144 πρὸς
3143 3070 3242 3138 τὴν
3277 3067 3423 3123 δύσιν
3455 3072 3643 3124 ποιούο

1999 3177 2159 3229 μενος
2211 3158 2310 3225 τήν
2370 3157 2612 3227 πορείαν,
2657 3158 2749 3211 καὶ
2807 3158 2984 3233 ὡρᾶτο
3043 3156 3276 3229 λάμπων
3334 3165 3459 3233 παρ’
3506 3157 3638 3212 ὅλον

1991 3249 2181 3300 τοῦτον
2238 3246 2327 3300 τὸν
2394 3250 2555 3317 μῆνα.
2592 3248 2912 3320 Προεμήνυε
2960 3244 3005 3300 δ’
3038 3247 3194 3308 οὗτος
3242 3247 3340 3309 τὰς
3397 3245 3637 3320 μελλού·

1993 3354 2086 3395 σας
2146 3329 2607 3405 ἐπισυμϐήσεσθαι
2667 3335 2933 3407 κοσμικὰς
2990 3337 3297 3413 συμφοράς.
3361 3335 3635 3410 Στεφάνου

1989 3426 2092 3497 γάρ
2121 3427 2217 3477 τοῦ
2251 3422 2341 3476 καὶ
2404 3418 2772 3489 Βοϊσθλάϐου,
2805 3423 2983 3498 ὥσπερ
3044 3422 3344 3498 ἔμπροσθεν
3404 3424 3632 3501 ἐρρήθη,

1990 3509 2323 3586 ἀποδράντος
2402 3512 2507 3566 ἀπὸ
2586 3516 2679 3566 τοῦ
2738 3513 3031 3580 Βυζαντίου
3090 3513 3178 3567 καὶ
3233 3514 3299 3568 τὰ
3352 3513 3635 3588 Ἰλλυρικά

1989 3600 2358 3674 κατασχόντος
2388 3597 2512 3675 ὄρη,
2563 3600 2652 3654 καὶ
2700 3596 3047 3674 Τριϐαλλοὺς
3103 3602 3193 3655 καὶ
3255 3597 3492 3675 Σέρϐους
3539 3604 3629 3658 καὶ

1989 3687 2055 3741 τὰ
2110 3688 2377 3762 πρόσοικα
2431 3690 2559 3762 γένη
2619 3689 2707 3742 καὶ
2755 3690 3043 3761 Ῥωμαίοις
3104 3691 3318 3759 ὑπήκοα
3373 3692 3631 3766 κατατρέ-

1991 3795 2187 3849 χοντος
2234 3776 2323 3830 καὶ
2366 3776 2722 3849 ληϊζομένου,
2759 3779 2834 3849 μή
2889 3777 3063 3852 φέρων
3094 3780 3121 3831 ὁ
3157 3779 3497 3853 Μονομάχος
3536 3779 3630 3840 τὰς

1988 3862 2193 3917 ἐκείνου
2224 3861 2569 3938 καταδρομὰς
2596 3870 2676 3937 τῷ
2717 3866 2841 3919 τότε
2898 3863 3123 3941 ἄρχοντι
3172 3871 3271 3920 τοῦ
3323 3867 3631 3943 Δυρραχίου

1986 3952 2073 4022 (ἧν
2133 3949 2189 4006 δὶ
2242 3952 2476 4027 Μιχαὴλ
2533 3953 2839 4027 πατρίκιος,
2884 3955 2911 4008 ὁ
2970 3955 3324 4010 Ἀναστασίου
3379 3959 3476 4008 τοῦ
3534 3954 3628 4010 λο-

1983 4040 2211 4114 γοθέτου
2303 4041 2444 4113 υἱὸς)
2552 4041 2867 4116 γράμμασιν
2954 4042 3287 4117 ἔγκελεύεται
3367 4044 3459 4097 τὸν
3545 4045 3635 4098 ὑπ’

1986 4128 2147 4182 αὐτὸν
2202 4135 2451 4201 ἀθροῖσαι
2499 4134 2598 4183 τοῦ
2656 4130 2961 4206 Δυρραχίου
3031 4131 3159 4186 λαὸν
3220 4134 3631 4207 στρατιωτικὸν,

1983 4213 2060 4272 ἔτι
2093 4214 2151 4271 δὲ
2178 4219 2264 4272 καὶ
2306 4218 2402 4280 τὰς
2462 4219 2713 4293 στρατιὰς
2763 4220 2869 4273 τῶν
2929 4218 3254 4295 ἐγγιζόντων
3312 4220 3489 4293 τούτῳ
3546 4223 3633 4275 θε-

1987 4306 2168 4377 μάτων
2245 4306 2336 4361 καὶ
2414 4305 2559 4378 αύτῷ
2641 4308 3033 4381 ὑποκειμένων,
3092 4309 3181 4362 καὶ
3252 4309 3461 4382 συνάμα
3511 4314 3630 4372 τοῖς

1985 4395 2416 4470 ὑποστρατήγοις
2497 4395 2573 4457 εἷς
2657 4392 3005 4471 Τριϐαλλοὺς
3076 4397 3329 4452 ἀπελθεῖν
3382 4399 3473 4452 καὶ
3531 4419 3629 4452 κα-

1973 4483 2357 4556 ταπολεμῆσαι
2405 4484 2495 4537 τὸν
2559 4484 2848 4559 Στέφανον.
2913 4486 2973 4542 Ὀ
3033 4482 3089 4539 δὶ
3145 4483 3455 4557 πολεμικῆς
3508 4485 3628 4541 ἐπι-

1978 4573 2195 4643 στήμης
2248 4571 2469 4647 ἀπέχων
2535 4573 2767 4647 μακρὰν,
2804 4574 2891 4627 οἷα
2948 4576 3277 4651 σκιατραφὴς
3336 4572 3628 4648 ἅνθρωπος

1974 4660 2065 4714 καί
2126 4660 2430 4722 εὐπαθείαις
2491 4660 2938 4735 ἐντεθραμμένος,
2993 4662 3177 4736 ἀφυῶς
3234 4664 3319 4717 καὶ
3379 4664 3624 4739 ἀτέχνως

1973 4748 2327 4824 ἰπιχειρήσας
2381 4754 2461 4821 τῷ
2519 4745 2665 4824 ἔργῳ
2728 4749 2973 4822 μεγάλης
3031 4750 3202 4812 α’ίτιος
3260 4751 3486 4827 ἀτυχίας
3541 4757 3623 4824 τῷ

1970 4837 2254 4911 Ῥωμαίων
2324 4836 2531 4912 ἐγένετο
2597 4837 2983 4910 πολιτεύματι.
3061 4840 3346 4915 Ἀθροίσας
3401 4841 3503 4914 γὰρ
3558 4839 3619 4902 ἃς

1969 4928 2359 4999 προσετέτακτο
2432 4924 2711 5000 δυνάμεις,
2772 4924 2933 4988 οὔσας
2992 4933 3115 5001 περί
3191 4929 3285 4990 τὰς
3357 4929 3622 4999 ἐξήκοντα

1969 5012 2250 5088 χιλιάδας,
2293 5013 2507 5069 ε⁹ίσεισιν
2569 5015 2644 5078 είς
2701 5011 3066 5090 Τριϐαλλοὺς,
3125 5014 3402 5080 διοδεύσας
3458 5016 3620 5081 ὁδοὺς

1390 5128 1757 5184 XYLANDRI
1800 5129 1888 5185 ET
1925 5130 2147 5186 GOARI
2199 5130 2427 5185 ΝΟΤιΕ.

276 5231 523 5305 (21)Ουί
570 5231 706 5305 lites
760 5239 941 5305 ortas
981 5234 1129 5288 inter
1184 5239 1535 5290 Sarracenos
1595 5235 1859 5305 aliosque

209 5303 695 5373 septentrionales
755 5304 1019 5360 infideles
1068 5306 1385 5374 judicaret,
1463 5313 1519 5361 et
1593 5308 1663 5361 de
1740 5303 1856 5363 illis

209 5392 276 5461 ei:
306 5380 560 5461 mquo‘et
589 5375 741 5461 bo‘no
771 5378 1377 5461 decernerett‘inhoc
1424 5394 1457 5458 ρ.
1507 5378 1709 5461 judice
1759 5395 1854 5460 ea:

209 5446 423 5520 strensi
464 5445 775 5520 discretus,
807 5448 1075 5520 quodhic
1111 5449 1469 5520 _Christianis
1510 5445 1853 5520 imperatori

208 5517 620 5586 militantibus,
656 5516 751 5571 ille
781 5519 1010 5573 cunctis
1036 5535 1069 5572 a
1098 5518 1313 5574 Christi
1346 5521 1458 5574 fide
1496 5516 1701 5575 alienis
1752 5523 1853 5590 jus

207 5590 444 5645 diceret.
492 5594 698 5643 Auctor
732 5605 912 5661 unum
975 5596 1281 5653 memorat,
1341 5591 1523 5646 alium
1571 5591 1849 5661 Codinus,

208 5678 417 5734 nempe
450 5660 1008 5733 quinquagesimum
1040 5663 1367 5719 secundum
1389 5663 1542 5719 inter
1572 5660 1849 5720 ofﬁciales

138 5908 217 5927 7‘

1972 5242 2252 5293 recenset.
2286 5238 2466 5293 GOAR.

2038 5310 2147 5383 (22)
2168 5310 2468 5383 7Xy_|_ander
2495 5307 2840 5383 ridicule,et
2870 5314 2934 5364 ut
2963 5310 3123 5381 libet,
3156 5328 3225 5367 ex
3268 5311 3458 5383 capite
3496 5312 3613 5367 sibi

1966 5380 2133 5461 ﬁngit
2164 5382 2218 5435 in
2240 5380 3025 5461 Il‘iovaRomagpresbyteros.
3051 5380 3533 5461 Sanctiusitaque
3554 5389 3615 5439 et

1962 5450 2197 5504 verius:
2231 5452 2457 5506 Peracta
2495 5450 2768 5521 nuptialis
2819 5450 3210 5510 benedictionis
3256 5450 3613 5510 solemnitate

1960 5521 2027 5594 ab
2057 5523 2308 5594 Ecclesiae
2339 5526 2501 5578 Novae
2528 5524 3018 5594 archipresbytero.
3050 5526 3187 5581 Erat
3211 5531 3403 5581 autem
3428 5526 3463 5593 ἡ
3498 5524 3611 5579 Nta

1959 5591 2217 5668 Ecclesia
2248 5593 2306 5646 in
2341 5594 2553 5668 palatio
2571 5591 3223 5668 a_Ba_siliqfimperatore
3244 5591 3604 5664 constrdcta,

1958 5663 2029 5719 de
2062 5681 2177 5737 qua
2208 5663 2408 5721 auctor
2437 5682 2494 5737 p.
2525 5665 2651 5720 588.
2684 5664 2863 5721 Goan.
