3968 6140
312 362 423 417 377

1447 355 1992 419 HISTORIARUM
2035 355 2580 418 COMPENDIUM.

3594 355 3714 415 2⁵18

310 488 541 551 ἀνάντεις
586 487 675 541 καὶ
732 486 990 563 τραχείας
1045 489 1134 541 καὶ
1195 487 1585 563 ἀποκρήμνους
1628 487 1716 542 καὶ
1770 507 1943 541 στενο-

2072 488 2474 558 incendiisque
2505 488 2793 542 vastabat.
2830 488 2900 541 At
2923 486 3077 541 Servi
3112 486 3309 541 fauces
3330 486 3607 542 itinerum
3645 504 3712 541 ac

310 578 527 651 χώρους
586 577 657 637 ὡς
737 577 812 647 μὴ
883 575 935 629 ἐν
1011 580 1192 647 ταυτῷ
1249 573 1501 630 δύνασθαι
1572 573 1666 630 δῦο
1725 575 1957 638 ἱππότας

314 664 580 741 βαδίζειν,
632 662 873 726 ἐνδόντος
935 663 1280 735 ἐξεπίτηδες,
1344 664 1415 727 ὥς
1474 687 1640 742 φασι,
1703 665 1792 720 καὶ
1849 669 1957 719 τῶν

314 750 528 829 Σέρὸων
583 755 669 808 καὶ
710 754 1184 827 συγχωρησάντων
1218 755 1316 821 τὴν
1373 752 1603 825 ετσοδον,
1666 756 1803 826 μήτε
1858 761 1957 822 τῆς

312 844 656 921 ὑποστροφῆς
740 840 1028 918 φροντίσας
1109 844 1249 913 μήτε
1333 842 1579 916 φυλακην
1667 842 1959 912 ἐπιστήσας

308 932 608 1006 ἀξιόμαχον
667 935 785 992 ταῖς
846 930 1252 1006 στενοχωρίαις.
1290 932 1528 993 Ἐκεῖνος
1580 932 1673 1003 μὲν
1709 929 1799 985 οὖν
1853 930 1958 985 εἱσ-

310 1017 483 1083 ελθὼν
554 1016 716 1092 ἐδῄου
786 1019 882 1081 τὰς
952 1017 1210 1080 πεδιάδας
1264 1021 1350 1074 καὶ
1409 1019 1728 1095 έπυρπὸλει,
1790 1022 1840 1074 οἱ
1898 1020 1956 1074 δὲ

311 1102 501 1183 Σέρϐοι
561 1102 960 1168 καταλαϐόντες
1018 1106 1315 1185 ἐφύλαττον
1377 1108 1443 1163 τὰ
1501 1110 1655 1163 στενὰ
1680 1108 1768 1162 καὶ
1819 1109 1955 1163 ἀπό-

308 1216 523 1271 κρημνα
580 1203 680 1264 τῆς
737 1191 952 1270 τρίϐου,
1013 1197 1101 1250 καὶ
1162 1196 1495 1270 προσέμενον
1555 1199 1655 1265 τήν
1690 1199 1955 1273 ὑποστρο-

308 1286 432 1361 φήν.
480 1285 567 1345 Ὡς
616 1281 671 1338 δὲ
712 1282 835 1346 ἅλις
870 1288 950 1357 τῷ
998 1284 1228 1359 Μιχαὴλ
1281 1282 1453 1339 ἐδόκει
1501 1284 1565 1339 τὰ
1602 1292 1699 1355 τῆς
1747 1284 1956 1355 λεηλα-

308 1374 443 1439 σίας,
501 1372 591 1426 καὶ
650 1371 801 1427 λείαν
862 1372 1079 1441 πολλὴν
1135 1373 1225 1428 καὶ
1280 1373 1668 1449 αἰχμαλωσίαν
1697 1370 1955 1449 περιεϐά-

308 1462 454 1527 λετο,
512 1462 599 1515 καὶ
661 1463 850 1533 καιρὸς
902 1462 1062 1539 ἆφάνη
1126 1463 1416 1537 ἀναζυγῆς,
1470 1464 1566 1517 κάν
1623 1468 1744 1524 ταῖς
1776 1484 1955 1517 στενο-

306 1549 542 1625 χωρίαις
601 1548 1015 1626 ὁδοιποροῦντες
1069 1551 1337 1625 ἐγένοντο,
1385 1550 1509 1606 τότε
1548 1550 1614 1619 δή
1642 1552 1731 1628 ἀφ’
1788 1551 1954 1625 ὕψους

305 1640 353 1693 οἱ
414 1638 684 1710 πολέμιοι
734 1639 973 1714 χέρμασί
1024 1660 1079 1693 τε
1136 1638 1433 1714 βάλλοντες
1492 1639 1579 1694 καὶ
1629 1640 1806 1710 τόξοις
1865 1640 1953 1694 καὶ

303 1727 583 1789 παντοίοις
639 1723 932 1797 ἑκηϐόλοις
980 1728 1234 1802 ὀργάνοις
1265 1728 1354 1783 καὶ
1413 1727 1600 1791 λίθους
1660 1729 1953 1804 ὑπερμεγέ-

2069 581 2359 649 praerupta
2393 576 2646 632 insidere
2676 581 2733 631 et
2765 576 3015 630 reditum
3049 576 3177 645 ejus
3209 574 3551 645 praestolari.
3607 578 3713 628 Mi-

2068 665 2308 722 chaelus
2373 670 2435 721 ut
2484 666 2627 721 satis
2689 666 2892 737 praedae
2939 665 3418 736 captivorumque
3479 670 3709 735 partum

2070 764 2420 827 tempusque
2452 758 2687 810 domum
2724 755 3041 809 reducendi
3076 755 3324 823 putavit,
3357 758 3413 808 et
3435 753 3493 806 in
3521 753 3711 808 reditu

2067 844 2125 898 in
2160 844 2467 915 angustias
2498 843 2778 914 pervenit,
2812 842 2891 896 ibi
2924 858 3057 897 vero
3086 842 3243 897 Servi
3290 843 3359 895 de
3410 840 3714 896 sublimio-

2069 932 2231 988 ribus
2264 931 2406 988 locis
2438 936 2730 988 Romanos
2761 930 2939 997 saxis,
2973 930 3290 1001 lapidibus,
3316 930 3567 1000 sagittis,
3588 946 3712 985 om-

2067 1022 2276 1092 nisque
2306 1024 2536 1093 generis
2570 1021 2895 1077 missilibus
2947 1021 3245 1091 impetere,
3297 1036 3485 1091 neque
3532 1018 3713 1075 armis

2018 1104 2019 1107 “
2068 1127 2256 1181 neque
2292 1110 2561 1165 manibus
2596 1110 2676 1165 uti
2711 1110 2989 1175 valentes,
3033 1115 3136 1164 aut
3189 1108 3308 1163 ullo
3361 1108 3531 1163 modo
3587 1123 3707 1161 rem

2065 1216 2281 1270 gerere.
2316 1202 2399 1255 Ita
2430 1200 2524 1253 alii
2557 1198 2884 1253 missilibus
2917 1199 3227 1269 prosterni,
3271 1197 3369 1251 alii
3419 1212 3522 1268 per
3568 1214 3710 1267 prae-

2066 1288 2269 1360 cipitia
2296 1287 2545 1357 devolvi,
2570 1286 2884 1343 miserabili
2907 1286 3094 1355 clade,
3119 1287 3262 1341 adeo
3288 1290 3351 1340 ut
3372 1286 3707 1355 adjacentes

2064 1376 2357 1433 convalles
2415 1382 2591 1448 atque
2649 1376 2926 1431 cavitates
2998 1375 3379 1430 cadaveribus
3455 1374 3707 1444 impletae

2069 1467 2554 1537 persequentibus
2589 1465 2793 1537 pervias
2823 1470 3034 1519 essent.
3074 1463 3375 1518 Perierunt
3398 1463 3466 1516 ad
3493 1464 3563 1517 40
3582 1462 3710 1516 mil-

2067 1554 2143 1608 lia
2174 1558 2229 1608 et
2258 1555 2291 1605 7
2324 1554 2544 1609 duces:
2579 1553 2783 1623 reliqui
2819 1569 2921 1623 per
2959 1551 3144 1606 saltus
3200 1567 3265 1605 ac
3312 1549 3490 1605 silvas
3537 1566 3707 1604 mon-

2062 1643 2210 1697 tium
2241 1642 2508 1713 dissipati
2540 1647 2598 1697 et
2645 1642 2981 1713 conspectui
3010 1640 3267 1696 hostium
3320 1638 3595 1694 subducti
3645 1638 3703 1692 in

2062 1731 2369 1787 cacumina
2446 1736 2774 1797 evaserunt,
2854 1731 3003 1787 545
3085 1734 3377 1796 noctuque
3449 1727 3519 1782 ad
3599 1743 3707 1781 sua

303 1817 411 1877 θεις
473 1816 755 1878 κυλίοντες
815 1817 1071 1891 ἀνῄρουν,
1102 1822 1210 1871 τῶν
1242 1816 1365 1892 περὶ
1416 1818 1507 1871 τὸν
1542 1817 1777 1892 Μιχαὴλ
1814 1820 1943 1888 μήτε

2063 1819 2880 1891 pervenerunt,miserandum
2905 1836 2970 1873 ac
2995 1815 3369 1888 Iacrymabile
3396 1820 3700 1886 spectacu-

2067 1908 2077 1922 .
2221 1910 2304 1922 .,
2401 1910 2413 1922 .
2545 1909 2639 1922 ,..,
2706 1909 2740 1922 ,.
2869 1907 2880 1918 .
3011 1906 3081 1922 ,,.
3125 1905 3137 1922 .
3216 1905 3250 1922 ί,
3607 1921 3618 1922 ί

301 1905 456 1982 χερσὲ
516 1907 644 1977 μήθ’
675 1903 871 1967 ὅπλοις
916 1908 1221 1982 χρήσασθαι
1267 1903 1596 1977 δυναμένων,
1649 1906 1777 1976 μήτ’
1830 1907 1951 1980 ἀρε-

300 2000 397 2063 τῆς
456 1994 606 2055 δλως
659 1991 1013 2064 ἐπιδείξασθαι
1045 1991 1218 2069 ἔργον.
1271 1996 1352 2067 [Ρ.
1401 1994 1528 2068 755]
1586 1994 1681 2047 Καὶ
1741 1994 1795 2046 οἱ
1854 1996 1947 2067 μὲν

2064 1908 2377 1964 lum.lnter
2401 1910 2509 1964 hos
2542 1909 2643 1963 fuit
2668 1909 2843 1963 etiam
2865 1907 2992 1979 ipse
3011 1905 3330 1960 Michaelus
3353 1903 3531 1959 simili
3558 1921 3701 1959 usus

2064 1998 2315 2053 fortuna.

300 2081 491 2137 αὐτόθι
530 2080 867 2155 βαλλόμενοι
898 2079 1145 2149 ἔπιπτον,
1178 2083 1230 2137 οἱ
1264 2079 1321 2137 δὶ
1350 2080 1842 2157 κατεκρημνίζοντο
1871 2082 1959 2136 καὶ
1991 2079 2236 2143 ἐλεεινῶς
2266 2081 2651 2153 ἀνηλίσκοντο,
2680 2084 2753 2146 ὡς
2781 2082 3143 2157 πληρωθῆναι
3171 2084 3371 2155 νεκρῶν
3401 2080 3495 2141 τὰς
3519 2069 3707 2152 παρα-

302 2172 560 2243 κειμένας
593 2172 872 2249 φάραγγας
901 2172 989 2225 καὶ
1020 2171 1147 2233 τοὺς
1181 2171 1378 2247 ῥύακας
1423 2172 1512 2225 καὶ
1544 2172 1708 2246 βατὰς
1738 2173 1982 2245 γενέσθαι
2009 2178 2127 2236 τοῖς
2157 2170 2465 2227 διώκουσιν.
2499 2176 2729 2230 Ἔπεσον
2764 2173 2855 2228 οὗν
2888 2172 3010 2248 περί
3057 2193 3163 2227 που
3210 2173 3303 2228 τὰς
3352 2176 3404 2246 μ’
3448 2172 3710 2248 χλιάὸας,

299 2260 641 2335 ἀνῃρέθησαν
676 2258 733 2315 δὲ
762 2260 852 2315 καὶ
885 2261 1181 2335 στρατηγοὶ
1213 2261 1364 2314 ἑπτά.
1398 2262 1461 2313 Οἱ
1493 2258 1549 2314 δὶ
1581 2258 1764 2315 λοιποὶ
1801 2259 1850 2314 ἐν
1878 2265 1995 2322 ταῖς
2030 2261 2274 2333 λόχμαις
2304 2262 2391 2315 καὶ
2422 2268 2541 2323 ταῖς
2572 2262 2760 2323 νάπαις
2805 2263 2893 2315 καὶ
2914 2266 3033 2324 ταῖς
3064 2262 3400 2337 συναγκείαις
3428 2257 3712 2333 κρυϐἐντες

295 2353 405 2403 τῶν
438 2348 636 2423 ὀρέων,
668 2350 755 2403 καὶ
788 2347 915 2411 τοὺς
941 2354 1047 2403 τῶν
1084 2347 1331 2404 ἐναντίων
1357 2346 1668 2423 διαδράντες
1717 2346 2058 2426 ὀφθαλμοὺς,
2104 2349 2191 2404 καὶ
2245 2347 2332 2403 διὰ
2376 2355 2483 2405 τῶν
2508 2355 2758 2427 κορυφῶν
2790 2349 2995 2404 τούτων
3024 2348 3487 2425 ἀναῤῥιχώμενοι,
3518 2351 3710 2412 νυκτὸς

298 2435 638 2507 διεσώθησαν
672 2440 828 2507 πεζοὶ
854 2440 944 2493 καὶ
974 2440 1172 2513 γυμνοὶ
1203 2440 1293 2493 καὶ
1324 2444 1439 2500 τοῖς
1467 2441 1633 2512 ὁρῶσι
1668 2440 1840 2510 θέαμα
1867 2436 2100 2493 ἐλεεινὸν
2133 2439 2219 2492 καὶ
2254 2441 2464 2512 θρήνων
2496 2439 2662 2510 ἄξιον.
2693 2441 2933 2509 Διεσώθη
2967 2437 3023 2494 δὲ
3058 2441 3170 2512 μετ’
3202 2439 3377 2494 αὐτῶν
3426 2441 3516 2495 καὶ
3547 2441 3575 2495 ὁ
3610 2447 3710 2496 Μι-

294 2528 481 2601 χαὴλ,
509 2529 609 2595 τήν
633 2526 760 2597 ’ίσην
794 2528 880 2583 καὶ
916 2528 1077 2589 αὐτὸς
1116 2528 1488 2602 περικείμενος
1526 2527 1727 2602 τύχην.

366 2618 645 2690 Γεώργιος
696 2614 754 2671 δὲ
816 2618 1107 2692 μάγιστρος
1167 2618 1194 2671 ὁ
1258 2619 1539 2687 Μανιάκης
1591 2616 1641 2671 ἐν
1700 2616 1950 2687 Ἰταλίᾳ,

299 2705 373 2766 ὡς
437 2702 672 2778 εἷ’ρηται,
725 2706 872 2781 παρά
922 2707 1077 2775 Ζωῆς
1106 2712 1207 2775 τῆς
1241 2704 1521 2774 βασιλίδος
1558 2706 1817 2783 πεμφθεὶς
1874 2704 1955 2783 ἐφ’

295 2794 340 2864 ᾧ
386 2795 823 2862 καταστήσασθαι
880 2795 948 2848 τὰ
998 2794 1111 2849 ἐκεῖ
1152 2794 1342 2866 (ἐνόσει
1374 2796 1473 2870 γὰρ
1512 2795 1579 2849 τὰ
1632 2797 1806 2849 πάντα
1860 2795 1949 2849 καὶ

295 2887 478 2944 κακῶς
535 2881 754 2959 ἐφέρετο
809 2882 1020 2958 έπειρίᾳ
1086 2882 1175 2937 καὶ
1253 2882 1557 2957 φαυλότητι
1610 2885 1898 2957 ἀρχηγών)
1933 2928 1949 2954 ,

299 2972 435 3046 πρὸς
501 2970 827 3025 ἀποστασίαν
880 2968 1113 3027 ἀπεῖδεν.
1164 2972 1347 3041 ’Ἄξιον
1399 2970 1456 3027 δὲ
1508 2972 1675 3026 εἰπεῖν
1727 2970 1946 3045 ιέπιδρα⁹

300 3058 503 3132 μόντας
560 3057 649 3113 καί
706 3060 804 3121 τὰς
861 3060 1037 3122 αἰτίας
1098 3061 1170 3123 εἷς
1234 3056 1430 3136 ἀκριϐῆ
1493 3066 1689 3137 γνῶσιν
1737 3064 1844 3115 τῶν
1873 3066 1951 3132 τῷ

297 3142 507 3223 βιϐλίῳ
563 3146 1013 3223 ἐντνγχανόντων.
1073 3152 1202 3207 ’Ότε
1259 3151 1363 3225 γὰρ
1414 3152 1570 3212 οὗτος
1608 3154 1824 3223 πρῶτον
1870 3149 1950 3213 εἲς

292 3234 531 3292 Ἰταλίαν
591 3236 842 3311 ὶπέμφθη
890 3238 1039 3312 παρὰ
1070 3243 1169 3292 τοῦ
1222 3237 1485 3312 βασιλέως
1534 3238 1767 3314 Μιχαὴλ
1818 3260 1949 3311 συμ-

296 3328 571 3399 μαχήσων
629 3324 950 3404 Ἀπολάφαρ
1020 3329 1325 3401 Μαχοῢμετ
1382 3332 1460 3400 τῷ
1524 3334 1625 3397 τῆς
1694 3325 1946 3389 Σικελίας
1981 3355 2023 3421 C

294 3414 526 3489 ἀρχοντι
577 3412 975 3487 πελεμουμένῳ
1023 3416 1169 3490 παρὰ
1209 3421 1305 3471 τοῦ
1336 3415 1541 3470 οἷ’κείου
1573 3413 1809 3492 ἀδελφοῦ
1856 3416 1945 3470 καὶ

292 3504 401 3555 τῶν
459 3504 709 3578 νΑιρρων,
768 3499 929 3577 ἔτυχε
999 3506 1546 3580 προσεταιρισάμενος
1619 3506 1709 3558 καὶ
1768 3502 1945 3579 Φράγ-

292 3610 425 3663 γους
507 3590 898 3651 πεντακοσίους
971 3591 1078 3646 ἀπὸ
1137 3598 1247 3647 τῶν
1304 3594 1470 3666 πέραν
1523 3598 1628 3647 τῶν
1688 3592 1940 3649 Ἄλπεων

288 3678 544 3733 Γαλλιῶν
647 3681 1122 3758 μεταπεμφθέντας
1215 3683 1303 3735 καὶ
1387 3682 1634 3757 ἀρχηγὸν
1716 3677 1944 3756 ἔχοντας

283 3764 606 3841 Ἀρδουῖνον
670 3770 780 3841 (23)
825 3770 924 3837 τήν
982 3768 1202 3838 κλῆσιν,
1259 3771 1446 3847 χώρας
1503 3771 1648 3833 τινὸς
1702 3768 1942 3846 ἄρχοντα

281 3855 370 3910 καὶ
406 3856 511 3910 ὑπὸ
548 3854 782 3929 μηδενὸς
837 3857 1121 3931 ἀγόμενον,
1160 3861 1279 3932 μεθ’
1309 3860 1381 3913 ὧν
1424 3860 1490 3914 τὰ
1535 3864 1641 3913 τῶν
1696 3866 1941 3930 Σαρακη-

280 3948 387 3998 νῶν
450 3943 737 4019 εἰργάσατο
791 3946 1045 4014 τρόπαια.
1110 3947 1261 4003 Ἐπεὶ
1294 3945 1351 4001 δὲ
1400 3949 1557 4009 οὗτος
1601 3969 1937 4025 συκοφαντη-

278 4029 387 4093 θείς
449 4031 734 4107 παρελύθη
792 4040 890 4102 τῆς
948 4033 1128 4109 ἀρχῆς
1183 4036 1271 4089 καὶ
1329 4035 1402 4097 εἷς
1452 4037 1551 4104 τήν
1605 4035 1768 4092 πόλιν
1829 4038 1938 4091 εἶσ-

278 4121 470 4196 αχθεὶς
524 4121 850 4196 καθείρχθη,
890 4124 981 4177 καὶ
1022 4120 1211 4198 ἄρχειν
1245 4124 1357 4178 ἀντ’
1387 4124 1550 4179 αὐτοῦ
1578 4131 1678 4194 τῆς
1708 4124 1939 4190 Ἰταλίας

280 4208 529 4287 έπέμφθη
562 4209 795 4284 Μιχαὴλ
852 4213 1340 4286 πρωτοσπαθάριος
1398 4214 1425 4267 ὁ
1481 4214 1786 4281 Δοκειανὸς,
1840 4214 1936 4269 ἀν-

279 4297 592 4368 επιτήδειος
650 4298 934 4368 ἄνθρωπος
993 4301 1082 4354 καὶ
1148 4302 1286 4376 πρὸς
1356 4302 1741 4376 μεταχείρησιν
1797 4324 1932 4378 πρα-

277 4385 503 4458 γμάτων
538 4384 638 4441 οὐκ
688 4385 910 4463 εὐφυὴς,
963 4387 1060 4443 οὐκ
1111 4386 1306 4458 ἐδεήθη
1340 4389 1547 4465 χρόνου
1578 4390 1803 4467 συγχέαι
1844 4394 1930 4447 καὶ

280 4470 589 4552 διαφθεῖραι
656 4474 724 4530 τὰ
752 4474 945 4534 πάντα.
981 4477 1074 4543 Μὴ
1132 4475 1388 4551 παρέχων
1432 4479 1533 4553 γὰρ
1578 4478 1712 4534 κατᾶ
1749 4480 1935 4553 καιρὸν

277 4567 394 4624 τοῖς
457 4562 742 4637 Φράγγοις
799 4565 862 4618 τὸ
910 4563 1096 4627 αὐτοῖς
1148 4566 1528 4640 παρεχόμενον
1581 4567 1660 4645 ἐφ’
1709 4567 1930 4624 ἕκαστον

283 4656 431 4721 μῆνα
473 4652 810 4725 σιτηρέσιον,
847 4652 1060 4725 μᾶλλον
1114 4650 1190 4723 δὶ,
1245 4653 1319 4715 ὥς
1361 4675 1509 4731 φασι,
1562 4657 1771 4711 καὶτὸν
1804 4660 1931 4733 ἡγε-

284 4720 419 4810 μόνα
439 4720 675 4809 τούτων,
706 4720 999 4818 ἀφιγμένον
1044 4742 1119 4805 ὡς
1159 4720 1333 4797 αὐτῶν
1373 4720 1465 4820 ’ἐφ’
1620 4720 1929 4818 παρακαλέ-
1963 4720 2010 4784 D

279 4848 365 4882 σαι
421 4829 604 4899 ἠπίως
659 4833 897 4905 χρῆσθαι
952 4837 1068 4896 τοῖς
1122 4836 1477 4910 στρατιώταις
1529 4837 1619 4891 καὶ
1680 4838 1755 4909 μὴ
1797 4838 1929 4892 ἀπο-

275 4922 481 4991 στερεῖν
530 4918 758 4981 τούτους
821 4918 917 4975 τοῖ’)
973 4926 1083 4976 τῶν
1114 4923 1294 4977 πόνων
1341 4929 1554 4996 μισθοῦ,
1590 4921 1812 5001 ὑϐρίσας
1839 4926 1929 4982 καὶ

278 5008 628 5081 μαστιγώσας
721 5008 933 5082 ἀτίμως
966 5054 979 5079 ,
1066 5010 1335 5087 ἠνάγκασε
1416 5013 1544 5076 τοὺς
1611 5015 1930 5089 ἀνθρώπους

271 5093 671 5165 ἀποστατῆσαι.
729 5102 823 5153 Ὦν
885 5096 1031 5154 ὅπλα
1074 5102 1445 5171 κεκινηκότων
1504 5100 1620 5158 διον
1662 5103 1756 5168 τὰς
1797 5106 1929 5160 Ῥω-

269 5182 469 5252 μαϊκὰς
523 5184 727 5248 ἁπάσας
777 5186 1021 5262 ἀθροῖσαι
1076 5184 1327 5262 δυνάμεις
1373 5190 1463 5245 καὶ
1510 5191 1729 5255 τούτοις
1759 5213 1929 5267 προσ-

274 5270 444 5342 μῖξαι,
503 5273 531 5327 ὁ
582 5271 640 5328 δὲ
693 5279 855 5338 τοὸτο
916 5275 1016 5331 οὐκ
1071 5275 1344 5348 ἇποίησεν,
1397 5277 1523 5335 ἀλλ’
1572 5276 1625 5335 ἓν
1685 5279 1930 5358 εἰληφὼς

271 5359 456 5435 τάγμα
501 5361 564 5416 τὸ
611 5367 712 5417 τοῦ
768 5365 1018 5438 Ὀψικίου
1060 5363 1149 5419 καί
1206 5365 1367 5442 μέρος
1414 5372 1523 5422 τῶν
1568 5368 1883 5443 Θρᾳκησίων
1910 5415 1925 5442 ,

2136 2621 2207 2674 At
2238 2620 2296 2674 in
2331 2620 2581 2685 Italiam,
2617 2625 2681 2676 ut
2702 2620 3250 2689 demonstravimus,
3290 2620 3512 2675 missus
3534 2637 3568 2674 a
3596 2622 3711 2676 Zoa

2065 2707 2346 2781 Georgius
2391 2710 2677 2765 Maniaces
2737 2710 3037 2780 magister,
3098 2712 3161 2765 ut
3208 2726 3300 2765 res
3356 2710 3438 2764 ibi
3489 2709 3705 2764 ducum

2061 2797 2291 2864 ignavia
2320 2799 2695 2853 labefactatas
2726 2799 3130 2865 constitueret,
3170 2798 3535 2869 tyrannidem
3568 2800 3705 2853 alie;

2063 2887 2257 2941 ctavit.
2292 2888 2503 2957 Estque
2534 2904 2719 2959 operas
2754 2888 3005 2959 pretium
3032 2887 3210 2957 hujus
3243 2887 3517 2942 facinoris
3573 2904 3705 2941 cau-

2062 2992 2157 3028 sas
2191 2976 2597 3047 perstringere.
2645 2979 2764 3042 Quo
2799 2984 3056 3047 tempore
3087 2976 3158 3030 ab
3192 2977 3545 3045 imperatore
3596 2975 3702 3030 Mi-

2062 3063 2262 3118 chaelo
2321 3067 2379 3119 in
2440 3065 2667 3120 Italiam
2730 3066 2950 3125 missus
3002 3066 3191 3119 fuerat
3248 3064 3557 3130 Maniaces,
3641 3070 3704 3119 ut

2059 3152 2410 3223 Apolapbari
2468 3154 2841 3208 Muchumeto
2889 3152 3098 3207 Siciliae
3148 3152 3396 3224 principi
3446 3170 3478 3207 a
3526 3152 3703 3206 fratre

2060 3258 2166 3295 suo
2216 3248 2271 3295 et
2328 3242 2480 3295 Afris
2540 3247 2875 3312 oppugnato
2924 3240 3204 3296 auxilium
3259 3242 3453 3304 ferret,
3513 3241 3702 3295 socios

2059 3330 2166 3384 sibi
2220 3330 2506 3385 asciverat
2555 3332 2659 3384 500
2710 3331 2982 3396 Francos,
3025 3347 3055 3385 e
3102 3329 3289 3385 Gallia
3337 3328 3702 3398 transalpina

2056 3429 2334 3486 evocatos,
2370 3420 2512 3473 duce
2546 3419 2829 3487 Arduino,
2853 3419 3156 3488 cujusdam
3184 3418 3438 3489 regionis
3460 3417 3701 3473 domino

2055 3507 2274 3561 nemini
2311 3507 2565 3562 subdito.
2606 3507 2698 3562 His
2728 3507 2904 3562 sociis
2924 3523 3032 3561 sua
3053 3508 3124 3561 de
3142 3506 3447 3561 Saracenis
3472 3510 3694 3562 statue-

2055 3601 2142 3650 rat
2164 3600 2398 3667 tropaea.
2433 3596 2751 3667 Postquam
2799 3612 2936 3650 vero
2988 3595 3278 3651 Maniaces
3327 3611 3431 3665 per
3478 3594 3697 3650 calum-

2052 3684 2207 3738 niam
2241 3684 2488 3754 imperio
2520 3684 2779 3754 privatus
2811 3700 2876 3738 ac
2907 3684 3243 3757 Byzantium
3305 3683 3362 3737 in
3403 3698 3691 3738 carcerem

2051 3773 2340 3828 abductus
2374 3774 2500 3839 fuit,
2550 3773 2887 3844 missusque
2930 3773 2977 3828 ei
3030 3789 3333 3828 successor
3373 3771 3691 3827 Michaelus

2052 3863 2555 3932 protespalharius
2613 3862 2936 3924 Doceanus,
2983 3862 3157 3916 homo
3207 3861 3463 3931 ineptus,
3528 3859 3691 3914 nulla

2051 3967 2211 4005 mora
2243 3950 2583 4021 interposita
2613 3951 2781 4022 periit
2803 3967 2893 4005 res
2945 3951 3226 4005 Romana.
3251 3950 3396 4004 Nam
3427 3948 3523 4004 hic
3554 3965 3687 4004 cum

2048 4039 2283 4093 Francis
2308 4056 2419 4093 non
2448 4040 2793 4109 praebuisset
2819 4042 3119 4093 menstrua
3146 4055 3275 4109 qua;
3301 4038 3563 4110 accipere
3595 4054 3691 4092 so-

2047 4127 2245 4182 lebant
2276 4128 2590 4199 stipendia,
2625 4143 2943 4196 eorumque
2964 4127 3209 4198 insuper
3238 4128 3469 4197 ducem,
3494 4126 3591 4197 qui
3620 4128 3689 4180 ad

2045 4217 2240 4287 ipsum
2274 4223 2511 4271 venerat
2542 4216 3008 4287 liortabaturque
3063 4221 3128 4271 ut
3172 4216 3422 4287 benigne
3473 4215 3694 4271 milites

2044 4311 2322 4360 tractaret
2354 4321 2537 4373 neque
2587 4322 2685 4360 eos
2735 4307 2999 4360 mercede
3050 4304 3317 4360 laborum
3369 4305 3689 4372 fraudaret,

2045 4394 2199 4450 546
2253 4412 2352 4465 per
2410 4393 2822 4448 contumeliam
2878 4393 3076 4465 ﬂagris
3136 4393 3239 4464 (ita
3281 4394 3437 4448 enim
3486 4394 3690 4458 fertur)

2044 4484 2366 4549 cecidisset,
2418 4483 2601 4553 coegit
2662 4484 2911 4538 Francos
2959 4501 2992 4537 a
3041 4499 3103 4537 se
3155 4482 3465 4537 deeiscere.
3524 4483 3694 4537 Cum-

2045 4590 2157 4644 que
2188 4572 2227 4624 ii
2262 4588 2424 4626 arma
2455 4571 2792 4637 movissent,
2822 4576 2877 4626 et
2909 4571 3031 4642 ipse
3065 4587 3197 4625 cum
3260 4570 3533 4626 omnibus
3583 4569 3691 4624 Ro-

2044 4661 2235 4717 manis
2266 4661 2449 4731 copiis
2482 4677 2580 4714 eos
2607 4660 2839 4715 deberet
2872 4661 3108 4723 adoriri,
3143 4660 3318 4714 unica
3375 4658 3687 4730 Opsiciana

2042 4750 2267 4822 legione
2310 4753 2369 4805 et
2422 4753 2581 4821 parte
2630 4749 3051 4804 Thracensium
3104 4750 3376 4818 stipatus,
3430 4763 3563 4801 cum
3613 4748 3685 4800 iis

2041 4839 2194 4910 apud
2220 4839 2450 4894 Cannas
2468 4855 2647 4909 prope
2664 4838 2935 4893 Auﬁdum
2960 4836 3347 4907 ﬂuvium,quo
3366 4835 3490 4890 loco
3506 4852 3686 4905 quon-

2040 4928 2175 4982 dam
2209 4928 2499 4999 permulta
2533 4927 2925 4981 Romanorum
2962 4924 3140 4979 millia
3171 4924 3384 4980 occidit
3408 4923 3682 4990 Annibal,

2041 5017 2316 5081 conflixit,
2350 5019 2656 5086 victusque
2687 5015 2907 5069 amissa
2943 5015 3165 5081 maiore
3200 5014 3490 5068 exercitus
3524 5024 3687 5085 parte

2039 5105 2270 5159 Cannas
2293 5104 2543 5174 turpiter
2563 5102 2762 5157 evasit.
2790 5106 2905 5155 Hac
2930 5107 3167 5171 accepta
3202 5100 3385 5167 clade,
3426 5118 3497 5157 ne
3534 5102 3686 5158 ictus

2039 5193 2302 5264 quidem,
2320 5192 2472 5264 quod
2498 5195 2587 5246 est
2606 5190 2674 5246 de
2696 5190 2982 5261 piscatore
3031 5190 3425 5261 proverbium,
3468 5191 3685 5263 sapuit,

2041 5298 2230 5353 neque
2253 5282 2530 5337 omnibus
2560 5279 2740 5349 copiis
2792 5278 3055 5333 munitus
3104 5278 3332 5335 hostem
3368 5279 3553 5352 petiit,
3584 5281 3686 5336 sed

2036 5372 2367 5426 temeritate
2397 5369 2677 5424 nimirum
2711 5369 2924 5423 ductus
2956 5384 3052 5424 eos
3086 5367 3247 5441 ipsos
3280 5370 3530 5441 quivieti
3564 5370 3685 5425 fue-

1468 5485 1838 5543 XYLANDRI
1877 5488 1965 5543 ET
2003 5486 2223 5543 GOARI
2260 5486 2490 5541 NOTAE.

346 5583 463 5653 (23)
492 5587 755 5644 Arduino
788 5589 1343 5666 l._ong_ob_ardoAduce
1370 5593 1689 5666 Normanni
1727 5594 1937 5666 Apulia
1967 5593 2133 5666 potiti
2156 5598 2316 5661 sunt,
2350 5608 2535 5664 eaque
2559 5592 2715 5650 inter
2758 5610 2820 5650 se
2880 5594 3069 5649 divisa
3128 5593 3459 5649 Grecorum
3509 5592 3685 5648 amici

283 5669 731 5730 nonnumquam
764 5659 972 5721 etl'ecti.
1005 5661 1115 5717 Leo
1147 5659 1455 5732 Ostiensis,
1490 5680 1553 5731 ιι,
1584 5665 1673 5720 68.
1707 5659 1886 5722 om.
