3972 6146
290 376 408 437 9⁵19

1602 428 1607 441 κ
1648 372 1965 436 GEORGII
2006 370 2347 435 CEDRENI

3582 389 3703 452 280

290 516 424 569 rant
452 512 720 586 collegit;
754 514 1165 586 adjunctisque
1214 512 1425 569 Pisidis
1470 514 1527 567 et
1574 508 1932 598 Lycaonibus

2051 502 2140 598 καὶ
2214 501 2510 598 συμϐαλὼν
2563 508 2745 598 αὐτοῖς
2801 511 2853 565 έν
2910 511 3127 576 Κάνναις
3168 515 3291 591 περὶ
3350 516 3439 571 τὸν
3492 520 3695 598 ’Ἁμφι-

300 604 399 672 qui
431 602 846 659 fmderatorum
878 603 1167 676 legionem
1202 601 1465 672 implent.
1502 604 1773 666 Francos,
1806 597 1939 669 qui-

290 692 399 745 bus
428 691 543 746 alia
574 693 727 748 baud
764 694 973 765 exigua
1005 692 1223 747 auxilia
1245 694 1315 745 ab
1352 690 1511 745 italis
1534 690 1688 742 circa
1716 687 1938 741 Padum

289 781 507 835 flumen
540 787 597 835 et
627 783 697 836 ad
740 783 975 854 Alpium
1027 782 1254 836 radices
1297 778 1699 833 habitantibus
1743 792 1939 830 acces-

289 882 503 941 seram,
536 874 688 942 apud
740 877 926 927 Horas
987 871 1067 943 (id
1118 869 1230 925 loci
1279 884 1489 923 nomen
1543 870 1652 934 est)
1698 866 1937 921 adortus

294 975 505 1029 magna
534 977 769 1016 rursum
804 978 999 1032 pugna
1030 961 1219 1014 victus
1248 964 1355 1013 est.
1393 957 1710 1011 Michaelus
1759 956 1940 1027 impe-

294 1052 452 1102 rator
480 1048 573 1103 his
604 1049 854 1119 cognitis
884 1050 1194 1119 imperium
1234 1049 1492 1101 Doceano
1524 1049 1786 1116 abrogat,
1808 1045 1940 1098 mit-

296 1136 485 1208 titque
526 1154 627 1209 pro
658 1154 723 1192 eo
754 1138 811 1192 in
849 1138 1075 1192 Italiam
1111 1138 1488 1206 Bojoannem,
1524 1136 1621 1204 qui
1660 1140 1939 1189 strenuus

295 1229 351 1280 et
382 1224 534 1280 bello
564 1226 837 1299 egregius
868 1226 1193 1294 videbatur,
1227 1229 1283 1280 et
1315 1224 1384 1278 ab
1415 1241 1481 1278 co
1515 1222 1936 1293 Bojoanncdu-

295 1314 462 1369 cebat
499 1330 685 1386 genus
716 1316 816 1387 qui
850 1334 882 1370 a
924 1314 1139 1370 Basilio
1188 1315 1536 1385 imperatore
1595 1313 1654 1367 in
1709 1312 1935 1367 Italiam

295 1402 514 1459 missus
545 1410 725 1459 totam
761 1405 982 1459 Italiam
1019 1404 1087 1458 ad
1124 1404 1365 1457 Romam
1392 1401 1655 1472 usquein
1680 1406 1934 1473 potesta-

293 1496 408 1548 tem
440 1494 570 1563 ejus
600 1495 921 1564 redegerat.
950 1493 1163 1547 Verum
1196 1492 1246 1546 is
1278 1508 1512 1563 quoque
1543 1507 1677 1545 cum
1710 1506 1776 1544 eo
1834 1505 1933 1543 ve-

291 1582 495 1649 nisset,
527 1586 584 1637 et
615 1599 826 1638 novum
861 1583 1179 1637 exercitum
1215 1598 1329 1636 non
1363 1581 1623 1645 haberet,
1659 1580 1759 1633 sed
1807 1580 1931 1649 jam

290 1677 424 1727 ante
453 1672 635 1727 victos
666 1675 969 1743 cogeretur
997 1673 1057 1725 in
1090 1670 1317 1726 hostem
1354 1670 1498 1724 547
1536 1669 1770 1733 ducere,
1832 1667 1932 1737 qui

290 1761 586 1829 regionem
618 1776 747 1814 eam
780 1760 1079 1814 obtinebat
1110 1777 1176 1814 ac
1199 1765 1264 1813 ut
1286 1759 1581 1830 propriam
1608 1757 1931 1822 tutabatur,

289 1850 478 1903 victus
491 1850 645 1920 apud
670 1848 1024 1921 Monopolim
1047 1849 1106 1902 in
1130 1846 1933 1947 potestatemhostiumviviis
1968 1882 2015 1947 Β

294 1939 577 2009 pervenit,
610 1937 682 1993 iis
705 1954 851 2008 quos
908 1937 1123 1992 ferrum
1175 1953 1290 1991 non
1340 1936 1772 2006 absumpserat,
1821 1934 1934 1989 alio

295 2026 442 2080 alias
473 2025 777 2096 dissipatis
809 2026 866 2079 in
899 2024 1141 2080 castella
1172 2042 1297 2095 quin
1331 2024 1612 2078 Romanis
1635 2022 1823 2078 adhuc
1852 2023 1933 2077 fa-

294 2114 524 2169 vebant.
558 2114 776 2168 Exinde
811 2114 1011 2168 Franci
1044 2114 1267 2168 Italiam
1302 2118 1364 2166 ut
1394 2111 1543 2167 bello
1574 2119 1797 2183 partam
1822 2110 1935 2165 sibi

293 2202 681 2271 vindicavere,
712 2202 919 2257 incolis
951 2219 1067 2273 qua
1098 2201 1250 2257 ultro
1281 2218 1343 2256 se
1373 2201 1724 2255 dedentibus
1747 2216 1860 2271 qua
1881 2201 1933 2254 vi

294 2290 574 2347 subactis.
623 2294 882 2355 Quatuor
928 2295 1159 2346 tantum
1209 2291 1385 2345 urbes
1424 2291 1482 2345 in
1537 2290 1933 2345 Romanorum

292 2380 405 2436 llde
435 2384 905 2452 permanserunt,
932 2380 1348 2447 Brundusium,
1376 2380 1933 2448 llidrus,Tarentum

288 2475 345 2525 et
374 2469 559 2525 Baris.
590 2468 869 2524 Michaelo
902 2469 1257 2540 imperatore
1286 2474 1517 2524 mortuo
1539 2475 1597 2524 et
1616 2468 1936 2538 Calaphata

287 2559 417 2628 ejus
448 2574 786 2613 successore
809 2559 1114 2613 exturbato
1140 2557 1358 2612 missus
1385 2559 1442 2611 in
1483 2556 1732 2622 Italiam,
1762 2563 1823 2612 ut
1852 2558 1937 2611 di-

288 2646 505 2715 ximus,
534 2646 848 2714 Maniaces,
881 2662 1219 2718 quanquam
1259 2664 1374 2702 non
1409 2652 1563 2701 esset
1594 2646 1936 2715 satisjustis

288 2734 475 2808 copiis
508 2735 854 2801 instructus,
888 2736 1112 2790 artibus
1144 2739 1341 2790 tamen
1372 2734 1762 2805 imperatoriis
1806 2740 1933 2789 tan-

287 2828 410 2878 tum
435 2824 701 2887 confecit,
737 2831 816 2892 :ut
862 2829 919 2877 et
967 2829 1217 2878 Francos
1276 2822 1439 2877 Italia
1490 2822 1730 2893 pelleret
1776 2824 1930 2894 apud

294 2912 575 2982 Capuam,
610 2916 1005 2966 Beneventum
1039 2928 1103 2966 ac
1135 2911 1437 2983 Neapolin,
1460 2916 1514 2966 et
1542 2927 1633 2966 res
1660 2912 1931 2966 mediocri

290 3000 350 3055 in
383 2999 575 3071 quiete
605 3016 669 3054 ac
713 3000 1025 3055 securitate
1072 2999 1470 3055 constitueret.
1531 3000 1793 3055 Habebat
1840 3000 1934 3055 hic

292 3088 585 3144 Maniaces
615 3088 673 3143 in
702 3088 1013 3159 provinciis
1068 3088 1460 3144 Orientalibus
1508 3089 1932 3159 possessiones,

288 3180 345 3230 et
371 3174 629 3230 vicinum
664 3173 991 3230 Romanum
1024 3175 1269 3238 Durum,
1302 3192 1433 3230 cum
1464 3193 1579 3240 quo
1600 3182 1934 3231 exercuerat

291 3263 669 3319 inimicitias:
704 3268 761 3318 et
790 3280 922 3319 eum
956 3264 1287 3335 aliquoties,
1322 3264 1431 3318 nisi
1461 3266 1595 3336 fuga
1618 3265 1728 3319 sibi
1753 3264 1933 3319 cavis-
1960 3244 2002 3310 (ἶ

287 3357 396 3417 set,
430 3351 839 3407 interfecturus
873 3352 1079 3407 fuerat.
1141 3356 1457 3425 Postquam
1506 3370 1643 3408 vero
1686 3353 1932 3424 imperio

288 3440 548 3496 Romano
580 3439 803 3510 potitus
834 3446 923 3495 est
957 3440 1407 3510 Monomacbus,
1460 3447 1649 3497 Durus
1700 3458 1935 3513 quoque

287 3530 357 3585 ad
384 3544 680 3583 summam
705 3534 939 3582 evectus
966 3528 1261 3584 fortunam
1283 3531 1443 3600 (nam
1469 3532 1539 3586 ab
1558 3532 1930 3601 imperatore,

288 3616 389 3688 qui
423 3632 621 3671 sorore
652 3619 781 3684 ejus
814 3634 916 3687 pro
968 3617 1171 3689 pellice
1213 3620 1510 3685 utebatur,
1552 3620 1831 3691 magister
1876 3625 1935 3675 et

290 3708 680 3775 protostrator
706 3705 892 3760 factus
922 3708 1063 3772 erat)
1098 3707 1448 3775 injuriarum
1488 3710 1768 3763 Maniacis
1810 3724 1933 3764 mc-

295 3808 441 3863 mor,
464 3794 687 3848 abusus
710 3810 816 3848 sua
838 3795 1097 3865 potentia
1128 3794 1281 3852 548
1308 3802 1365 3850 ct
1408 3797 1686 3853 Maniacis
1726 3798 1933 3853 absen-

292 3882 399 3948 tia,
431 3881 636 3937 ditioni
667 3882 794 3952 ejus
828 3882 1012 3937 multa
1044 3884 1243 3938 intulit
1273 3886 1489 3939 damna
1519 3892 1575 3939 et
1603 3886 1932 3941 thalamum

292 3972 418 4039 ejus
446 3969 688 4025 licenter
717 3970 943 4043 polluit.
978 3972 1057 4027 De
1086 3974 1303 4043 quibus
1337 3974 1627 4031 Maniaces
1657 3977 1715 4029 in
1770 3975 1936 4031 Italia

294 4059 479 4114 factus
511 4059 737 4124 certior,
782 4076 1027 4133 magnas
1084 4061 1283 4117 animo
1344 4062 1642 4118 molestias
1700 4064 1935 4136 irasque

291 4146 570 4218 agitabat.
602 4148 865 4219 Cumque
910 4166 1085 4220 opera
1134 4152 1377 4206 Romani
1426 4152 1669 4222 insuper
1718 4155 1933 4208 factum

287 4240 445 4291 esset
474 4240 538 4289 ut
569 4237 951 4308 magistratus
999 4239 1113 4308 ipsi
1163 4241 1563 4311 abrogaretur,
1614 4241 1935 4313 deploratis

284 4339 528 4395 prorsus
562 4325 737 4379 rebus
767 4326 1156 4399 (intelligebat
1187 4330 1339 4383 enim
1363 4330 1614 4384 reditum
1650 4334 1703 4383 in
1731 4331 1930 4385 urbem

284 4428 400 4467 non
425 4412 572 4467 bene
594 4412 706 4467 sibi
730 4420 1083 4486 cessurum),
1108 4418 1415 4472 concitatis
1439 4424 1613 4488 atque
1643 4418 1933 4490 corruptis

284 4500 504 4557 Italicis
534 4502 742 4574 cepiis,
775 4518 906 4558 cum
931 4505 1057 4573 jam
1090 4506 1380 4561 desiderio
1426 4508 1482 4561 in
1546 4509 1793 4578 patriam
1843 4526 1931 4563 re-

2054 591 2144 647 δον
2223 594 2494 666 ποταμόν,
2575 594 2697 661 ἔνθα
2753 601 2842 653 καὶ
2892 602 3026 655 κατὰ
3061 601 3188 665 τοὺς
3236 603 3405 659 πάλαι
3463 591 3701 682 χρόνους

2052 680 2297 745 ’Λννίόας
2344 685 2439 747 τὰς
2482 686 2693 749 πολλὰς
2742 693 2849 742 τῶν
2900 690 3222 762 Ῥωμαϊκῶν
3284 700 3699 769 στρατευμάτων

2050 771 2314 845 κατέκοψε
2362 772 2645 849 μυριάδας,
2708 779 2919 847 ἡττήθη
2986 779 3075 833 καὶ
3120 781 3182 834 τὸ
3242 780 3408 837 πλέον
3460 781 3699 843 ἀπέϐαλε

2048 867 2148 928 τῆς
2216 870 2489 935 στρατιᾶς,
2539 864 2835 941 αἰσχίστως
2883 868 2971 921 καὶ
3020 869 3178 923 αὐτὸν
3213 869 3265 925 ἐν
3312 871 3534 938 Κάνναις
3585 872 3701 930 δια-

2050 951 2259 1011 σωθείς.
2294 951 2453 1009 Οὕτω
2486 950 2542 1008 δὲ
2573 953 2802 1029 πληγεὶς
2835 954 2962 1011 οὐδέ
2996 958 3129 1029 μετὰ
3156 962 3255 1029 τὴν
3288 959 3534 1035 πληγὴν,
3564 964 3701 1019 κατὰ

2050 1038 2141 1092 τὸν
2199 1038 2251 1093 έν
2302 1042 2621 1115 παροιμίαις
2679 1043 2854 1112 ἁλιέα,
2888 1049 3009 1099 νοῦν
3042 1045 3221 1123 ἔσχεν,
3253 1048 3367 1104 οὐδ’
3415 1051 3703 1127 ὀχυρώσας

2052 1128 2238 1215 έαυτὸν
2295 1130 2440 1204 πάσῃ
2494 1134 2561 1204 τῇ
2622 1138 2844 1207 στρατιᾷ
2898 1130 3203 1209 προσέϐαλε
3257 1144 3376 1202 τοῖς
3431 1138 3699 1215 ἐχθροῖς,

2050 1213 2179 1270 ἀλλ’
2212 1217 2313 1271 ὑπὸ
2359 1220 2608 1292 θράσους.
2662 1222 2734 1283 ὡς
2781 1216 2942 1292 ἔοικε,
3001 1213 3700 1301 στρατηγούμενοςναῦτούς

2048 1324 2107 1358 τε
2157 1304 2283 1367 τοὺς
2359 1309 2690 1378 ἡττηθέντας
2746 1310 2908 1366 πάλιν
2957 1309 3244 1369 ἀναλαϐὼν
3293 1316 3382 1369 καὶ
3443 1315 3698 1380 Πισσίδας

2046 1392 2133 1446 καὶ
2206 1395 2501 1467 Λυκάονας,
2576 1397 2728 1473 οἵπερ
2802 1399 3180 1476 ἀναπληροῦσι
3234 1404 3297 1458 τὸ
3353 1406 3539 1479 τάγμα
3591 1411 3701 1460 τῶν

2050 1478 2382 1557 φοιδεράτων
2429 1487 2566 1558 (24),
2625 1488 2745 1562 περὶ
2794 1488 2890 1549 τὰς
2952 1489 3247 1565 λεγομένας
3305 1495 3473 1568 Ὥρας
3523 1515 3698 1570 προσ-

2048 1570 2304 1644 ρήγνυται
2382 1577 2499 1634 τοῖς
2570 1573 2793 1649 ἐχθροῖς
2863 1577 2950 1631 καῖ
3037 1579 3285 1651 τρέπεται
3362 1581 3513 1645 αὖθις
3558 1582 3695 1637 κατὰ

2045 1658 2268 1731 κράτος,
2329 1665 2895 1736 προσεταιρισαμένων
2946 1670 3053 1721 τῶν
3110 1667 3374 1743 Φράγγων
3432 1670 3521 1724 καὶ
3553 1667 3695 1726 ἄλλο

2046 1744 2262 1815 πλῆθος
2322 1752 2402 1822 [Ρ.
2434 1753 2561 1824 756]
2618 1752 2717 1807 οὐκ
2766 1752 2954 1829 ὀλίγον
3004 1757 3108 1810 ἀπὸ
3158 1761 3266 1811 τῶν
3306 1758 3529 1813 Ἰταλῶν
3586 1764 3697 1814 τῶν

2048 1836 2172 1907 περὶ
2222 1836 2313 1891 τὸν
2366 1836 2541 1892 Πάδον
2571 1840 2662 1894 τὸν
2713 1842 2960 1915 ποταμὸν
3010 1844 3100 1899 καὶ
3145 1845 3240 1906 τὰς
3296 1845 3565 1921 ὑπωρείας
3613 1849 3694 1901 οἱ-

2045 1924 2283 2011 κούντων
2314 1931 2421 1981 τῶν
2476 1927 2755 1987 Ἀλπεων.
2807 1935 2982 1988 Τοῦτο
3040 1929 3097 1987 δὲ
3127 1933 3427 2007 πυθόμενος
3463 1937 3491 1991 ὁ
3541 1936 3695 2011 βασι-

2046 2010 2173 2076 λεὺς
2226 2014 2501 2090 Μιχαὴλ,
2579 2022 2768 2074 τοῦτον
2831 2022 2925 2091 μὶν
2988 2022 3280 2094 μετέστησε
3329 2030 3431 2092 τῆς
3483 2010 3686 2101 ἀρχῆς,

2045 2101 2254 2177 ἔπεμψε
2314 2101 2370 2160 δὲ
2397 2106 2487 2160 τὸν
2528 2109 2869 2179 Βοϊωάννην,
2903 2107 3163 2167 δοκοῦντα
3193 2114 3487 2186 πρακτικὸν
3521 2111 3691 2187 ἄνδρα

2046 2193 2178 2247 εἶναι
2229 2195 2317 2248 καὶ
2381 2194 2433 2249 έν
2488 2195 2758 2270 πολέμοις
2815 2196 3148 2271 εὐδόκιμον,
3206 2200 3294 2255 καὶ
3354 2201 3429 2265 εἰς
3486 2203 3687 2257 ἐκεῖνον

2044 2280 2377 2359 ἀναφέροντα
2417 2285 2514 2353 τὴν
2563 2289 2660 2340 τοῦ
2710 2288 2898 2361 γένους
2946 2287 3216 2364 ἀναφορὰν
3251 2291 3344 2345 τὸν
3392 2290 3479 2345 έπὶ
3530 2298 3693 2347 Βασι-

2046 2370 2195 2426 λείου
2233 2375 2329 2427 τοῦ
2398 2372 2669 2449 βασιλέως
2718 2374 2771 2430 έν
2830 2375 3033 2449 Ἰταλίᾳ
3085 2379 3395 2456 πεμφθέντα
3451 2382 3696 2436 Βοϊωάν-

2044 2481 2161 2528 νην,
2222 2460 2280 2522 ὅς
2338 2467 2509 2515 πᾶσαν
2564 2464 2665 2530 τὴν
2720 2462 2952 2520 Ἰταλίαν
3016 2465 3179 2541 μέχρι
3209 2468 3432 2541 Ῥώμης
3462 2468 3586 2523 τότε
3613 2472 3698 2539 τῷ

2050 2547 2266 2620 βασιλεῖ
2340 2554 2713 2622 παρεστήσατο
2750 2596 2762 2609 .
2840 2552 3013 2610 Ἀλλὰ
3084 2557 3173 2610 καὶ
3231 2557 3387 2618 οὗτος
3438 2555 3693 2621 ἀπελθὼν

2044 2638 2179 2692 κατὰ
2254 2639 2441 2714 χώραν
2499 2639 2587 2695 καὶ
2645 2639 2812 2711 νεαλῆ
2881 2642 2972 2697 καὶ
3027 2643 3259 2717 ἀκμαίαν
3322 2643 3549 2719 δύναμιν
3611 2645 3694 2717 μὴ

2045 2720 2251 2795 λαϐὼν,
2293 2726 2420 2783 ἀλλ’
2486 2728 2835 2805 ἀναγκασθεὶς
2906 2732 3041 2804 μετὰ
3096 2737 3201 2787 τῶν
3250 2733 3691 2807 προηττημένων

2044 2810 2343 2887 συμϐαλεῖν
2398 2824 2514 2881 τοῖς
2586 2818 2809 2893 έχοροῖς
2858 2820 2993 2875 κατὰ
3049 2822 3148 2889 τὴν
3202 2822 3516 2878 Μονόπολιν
3573 2820 3685 2893 ἤδη

2043 2911 2427 2976 κραταιωθεῖσι
2473 2907 2562 2961 καὶ
2605 2914 2705 2976 τῆς
2735 2907 2923 2983 χώρας
2971 2909 3045 2972 ὡς
3083 2907 3226 2972 ΐδίας
3276 2911 3689 2986 ἀντεχομένοις,

2043 2992 2299 3062 ἡττηθεῖς
2338 2992 2505 3066 έάλω,
2548 2997 2637 3051 καὶ
2691 2998 2719 3051 ὁ
2768 2996 2861 3051 σὺν
2921 2998 3067 3070 αὐτῷ
3123 2999 3365 3075 στρατὸς,
3427 3001 3545 3054 ὅσοι
3606 3000 3687 3072 μὴ

2044 3079 2271 3156 σιδήρου
2318 3084 2571 3158 γεγόνασι
2621 3085 3020 3160 παρανάλωμα,
3069 3087 3243 3150 ἀλλος
3300 3085 3552 3163 ἀλλαχοῦ
3604 3085 3689 3142 δι-

2043 3168 2457 3241 εσκεδάσθησαν,
2509 3170 2857 3237 διασωθέντες
2899 3175 2950 3230 έν
2995 3182 3111 3237 τοῖς
3161 3176 3239 3232 ἔτι
3284 3178 3353 3232 τὰ
3402 3177 3686 3250 Ῥωμαίων

2044 3259 2301 3336 φρονοῦσι
2370 3262 2670 3338 φρουρίοις.
2748 3264 2850 3319 Καὶ
2922 3263 3115 3320 λοιπὸν
3175 3266 3227 3320 oi
3282 3267 3527 3342 Φράγγοι
3584 3272 3689 3335 τῆς

2046 3346 2277 3410 Ἰταλίας
2356 3349 2430 3411 ὡς
2502 3346 2839 3425 δορυκτήτου
2924 3352 3302 3408 ἀντεποιοῦντο
3384 3355 3688 3425 κτήματος,

2043 3440 2149 3491 τῶν
2182 3435 2467 3513 έγχωρίων
2514 3440 2587 3493 ὧν
2623 3440 2717 3511 μὶν
2751 3438 3029 3509 ἑκουσίως,
3062 3442 3135 3495 ὧν
3169 3438 3226 3495 δὲ
3260 3441 3353 3517 βίᾳ
3371 3442 3460 3496 καὶ
3490 3441 3692 3515 ἀνάγκῃ

2046 3526 2520 3601 προσχωρούντων
2553 3528 2757 3597 αὐτοῖς,
2788 3527 2934 3596 πλὴν
2977 3531 3302 3604 Βρεντησίου
3327 3531 3419 3585 καὶ
3449 3529 3689 3606 Ἶδροῦν-

2042 3636 2137 3676 τος
2190 3616 2276 3669 καὶ
2336 3611 2606 3688 Ταραντὸς
2662 3637 2721 3671 τε
2774 3617 2863 3671 καὶ
2925 3616 3141 3692 Βάρεως
3175 3636 3188 3651 °
3252 3619 3406 3672 αὗται
3461 3620 3564 3693 γὰρ
3632 3619 3689 3672 αἱ

2042 3703 2291 3779 τέσσαρες
2344 3704 2538 3766 πόλεις
2614 3704 2939 3780 παρέμειναν
2999 3706 3179 3761 πίστιν
3237 3707 3531 3779 Ῥωμαίοις
3586 3728 3687 3785 φυ-

2046 3791 2357 3849 λάττουσαι.
2391 3792 2618 3867 Μιχαὴλ
2669 3790 2726 3848 δὲ
2766 3798 2863 3848 τοῦ
2897 3792 3166 3868 βασιλέως
3198 3795 3563 3859 ἀποθανόντος
3594 3794 3687 3849 καὶ

2044 3886 2140 3935 τοῦ
2175 3883 2289 3954 μετ’
2329 3883 2491 3937 αὐτὸν
2542 3881 2860 3953 έξωσθέντος
2911 3890 3011 3950 τῆς
3062 3884 3360 3958 βασιλείας,
3392 3886 3421 3939 ὁ
3480 3883 3687 3938 Μανιά-

2041 3990 2162 4040 κης,
2196 3971 2269 4032 ὡς
2299 3968 2496 4025 ἄνωθεν
2540 3970 2755 4047 έρῥέθη,
2799 3971 3061 4047 πεμφθεὶς
3121 3971 3195 4033 εἷς
3254 3972 3483 4029 Ἰταλίαν
3540 3973 3692 4047 παρὰ

2042 4066 2141 4129 τῆς
2164 4066 2339 4129 Ζωῆς,
2373 4058 2421 4114 εἶ’
2471 4061 2560 4114 καὶ
2595 4061 2669 4133 μὴ
2704 4058 2933 4133 δύναμιν
2976 4060 3275 4136 ἀξιόχρεων
3307 4062 3473 4136 εἶχεν,
3532 4062 3689 4133 ὅμως

2047 4148 2181 4220 μετὰ
2226 4156 2327 4217 τῆς
2378 4147 2656 4223 παρούσης
2704 4154 3087 4223 στρατηγικαῖς
3140 4154 3420 4224 μηχαναῖς
3472 4148 3692 4224 χρησά-

2049 4257 2210 4309 μενος
2266 4234 2514 4307 έκδιῶξαι
2576 4234 2764 4312 ἴσχυσε
2820 4236 2946 4298 τοὺς
2998 4237 3279 4313 Φράγγουσ
3322 4244 3425 4307 τῆς
3459 4236 3693 4299 Ἰταλίας

2042 4326 2166 4401 περὶ
2245 4324 2465 4395 Καπύην
2542 4325 2630 4380 καὶ
2697 4321 3015 4383 Βενεϐενδὸν
3090 4328 3179 4382 καὶ
3239 4326 3540 4396 Νεάπολιν,
3597 4326 3691 4382 καὶ

2046 4416 2264 4491 μετρίαν
2314 4435 2631 4469 κατάστασιν
2675 4416 2765 4469 καὶ
2796 4414 3046 4490 γαλήνην
3102 4414 3341 4491 παρέσχε
3386 4421 3502 4478 τοῖς
3550 4415 3691 4490 πρά-

2042 4525 2234 4578 γμασι.
2295 4502 2466 4565 Οὗτος
2525 4504 2552 4557 ὁ
2612 4504 2894 4575 Μανιάκης
2942 4507 3078 4562 κατὰ
3132 4506 3192 4560 τὸ
3221 4506 3358 4578 θέμα
3385 4510 3492 4560 τῶν
3525 4505 3690 4560 Ἀνα-

286 4590 503 4645 deundi
539 4590 760 4646 milites
791 4594 1085 4661 arderent,
1110 4611 1276 4649 arma
1297 4600 1499 4650 contra
1522 4598 1931 4666 imperatorem

2045 4591 2275 4647 τολικῶν
2334 4593 2427 4653 τὰς
2458 4593 2700 4663 οἰκήσεις
2734 4591 2878 4668 ἔχων
2911 4594 3001 4649 καὶ
3046 4595 3318 4666 Ῥωμανῷ
3345 4598 3427 4665 τῷ
3450 4591 3691 4665 Σκληρῷ

282 4685 493 4735 movet.
528 4679 773 4735 Missum
806 4696 942 4752 ergo
968 4681 1078 4735 sibi
1097 4699 1495 4738 successorem
1522 4684 1772 4739 Pardum
1798 4701 1928 4756 pro-

281 4766 739 4837 tospatharium,
776 4768 1071 4825 hominem
1110 4771 1474 4842 Byzantium,
1512 4789 1697 4843 neque
1748 4773 1929 4828 ullam

279 4862 353 4909 ob
386 4858 812 4926 praetentiam,
847 4860 946 4913 sed
983 4860 1123 4930 quia
1174 4867 1348 4916 nctus
1398 4866 1523 4916 erat
1568 4860 1928 4933 imperatori,

278 4948 457 4999 tanta
480 4945 789 5015 provinciae
835 4949 1193 5017 prafectum,
1222 4949 1531 5005 interfecit.
1558 4953 1687 5019 Ipse
1730 4951 1931 5006 diade-

280 5038 437 5088 mate
468 5038 527 5088 et
557 5034 801 5105 reliquis
832 5035 1065 5107 imperii
1098 5038 1353 5108 sumptis
1385 5040 1722 5109 insignibus
1754 5040 1932 5110 impe-

276 5124 437 5177 rator
464 5120 780 5189 salutatur,
815 5126 1192 5197 exercituque
1223 5126 1281 5181 in
1317 5144 1495 5182 naves
1542 5127 1818 5199 imposito
1869 5129 1929 5184 in

278 5207 612 5277 Bulgariam
686 5211 922 5281 trajicit.
976 5214 1295 5284 Imperator
1344 5221 1654 5286 postquam
1706 5217 1775 5271 de
1822 5216 1930 5272 hoc

279 5296 535 5363 rescivit,
569 5314 684 5353 non
719 5299 922 5355 leviter
957 5303 1354 5373 perturbatus,
1386 5303 1613 5360 litteras
1670 5306 1741 5360 ad
1792 5322 1929 5361 eum

282 5385 487 5452 mittit,
511 5386 570 5441 in
602 5388 817 5457 quibus
849 5388 963 5460 ipsi
984 5394 1042 5445 et
1060 5408 1208 5462 quos
1230 5408 1428 5448 secum
1453 5392 1708 5450 habebat
1732 5396 1927 5467 impu-

2039 4687 2317 4756 γειτονῶν,
2383 4680 2771 4758 διαφερόμενος
2845 4683 2984 4757 πρὸς
3041 4683 3201 4738 αὑτὸν
3263 4681 3533 4743 πολλάκις
3588 4679 3687 4734 έπ-

2041 4770 2322 4846 εχείρησεν
2353 4770 2562 4825 ἀνελεῖν
2594 4774 2807 4840 τοῦτον,
2841 4770 2885 4826 εί
2921 4772 2996 4844 μὴ
3029 4775 3170 4849 φυγῇ
3201 4771 3300 4840 τὴν
3331 4770 3521 4826 ἑαυτοῦ
3552 4768 3688 4824 έπο-

2042 4866 2229 4935 ρίσατο
2305 4859 2599 4930 σωτηρίαν.
2655 4860 2800 4913 Ἐπεὶ
2865 4857 2922 4916 δέ
2964 4861 3033 4914 τὰ
3094 4858 3383 4932 Ῥωμαίων
3439 4865 3690 4931 σκῆπτρα

2040 4948 2091 5011 ές
2122 4952 2528 5005 Κωνσταντῖνον
2552 4948 2691 5017 ἦλθε
2744 4948 2836 5003 τὸν
2871 4946 3211 5023 Μονομάχον
3259 4948 3347 5004 καὶ
3379 4948 3409 5002 ὁ
3436 4946 3690 5021 Σκληρίκ

2040 5038 2129 5092 ἐπὶ
2165 5037 2300 5113 μέγα
2352 5037 2530 5113 τύχης
2575 5038 2714 5113 ἦρτο
2765 5035 3190 5111 (έπαλλακεύετο
3241 5038 3347 5111 γὰρ
3375 5040 3455 5108 τῷ
3510 5039 3691 5091 Μονο-

2044 5127 2210 5203 μάχῳ
2250 5129 2285 5196 ἡ
2342 5131 2440 5182 τοῦ
2500 5126 2756 5203 Σκληροῦ
2808 5123 3043 5200 ἀδελφὴ)
3104 5125 3394 5200 μάγιστρος
3440 5122 3696 5196 τιμηθεὶς

2040 5218 2129 5269 καὶ
2178 5215 2638 5291 πρωτοστράτωρ,
2689 5221 2799 5271 τῶν
2853 5214 2929 5278 είς
2973 5213 3131 5269 αὐτὸν
3194 5214 3541 5287 μεμνημένος
3591 5215 3695 5266 τοῦ

2043 5304 2312 5379 Γεωργίου
2384 5302 2745 5380 καταδρομῶν
2780 5346 2795 5373 ,
2869 5302 3302 5378 καταχρώμενος
3360 5305 3428 5375 τῇ
3480 5298 3699 5371 έξουσίᾳ

2038 5393 2130 5447 καὶ
2184 5394 2284 5461 τὴν
2335 5393 2595 5449 ἀπουσίαν
2655 5393 3005 5470 κατατρέχων
3053 5396 3150 5448 τοῦ
3205 5391 3478 5460 Μανιάκη,
3532 5388 3602 5444 τά
3629 5406 3695 5443 τε

1464 5523 1839 5581 XYLANDRI
1878 5524 1972 5581 ET
2011 5522 2228 5579 GOABI
2265 5524 2499 5581 NOTE.

352 5622 472 5700 (24)
502 5623 673 5681 Error
700 5626 1017 5698 tollendus,
1069 5645 1182 5700 quo
1238 5628 1499 5685 fmberati
1557 5636 1613 5685 et
1660 5631 1922 5687 lmderati

283 5694 464 5752 iidem
492 5704 826 5757 censentur.
860 5700 930 5757 Hi
960 5694 1027 5757 ci
1055 5694 1217 5758 omni
1250 5706 1413 5756 extra
1452 5702 1709 5772 natione,
1742 5702 1827 5759 illi
1857 5720 1927 5760 ex

2033 5630 2289 5705 subditis
2320 5632 2532 5689 Pisidis
2558 5636 2621 5688 et
2653 5630 3041 5705 Lycaonibus,
3075 5632 3139 5685 ut
3176 5628 3271 5685 hic
3291 5632 3492 5686 auctor
3508 5640 3689 5682 enar-

2036 5706 2149 5760 rat.
2179 5704 2356 5760 (toan.
