3968 6140
289 380 391 439 281

1415 374 1953 439 HlSTORlARUM
2001 374 2547 441 COMPENDIUM.

285 510 547 578 ἀνήκοντα
574 506 722 580 αὐτῷ
752 504 913 581 ἐδῄου
966 507 1054 561 καὶ
1114 503 1287 583 ἔκειρε
1339 505 1523 582 χωρία
1558 506 1649 561 καὶ
1693 505 1769 568 είς
1818 506 1915 574 τὴν

2037 508 2277 564 nitatem
2302 514 2360 564 et
2381 510 2567 565 multa
2597 510 2878 566 beneﬁcia
2912 508 3239 582 pollicetur.
3278 508 3423 565 Cum
3475 512 3672 566 autem

286 597 475 653 τούτου
526 596 711 665 κοίτην
787 593 977 664 ἀνέδην
1037 591 1332 672 ἐξύϐρισεν.
1389 597 1564 670 ’Ἂπερ
1617 594 1819 656 ἐκεῖνος
1870 593 1922 648 ἐν

289 686 485 756 Ἰταλίᾳ
562 684 958 756 πυνθανόμενος
1038 683 1293 759 ἤσχαλλε
1368 684 1457 738 καὶ
1520 681 1793 756 διεπρίετο
1846 688 1925 756 τῷ

289 779 459 847 θυμῷ.
502 776 657 846 ’Ἄρτι
690 772 747 827 δὲ
793 774 880 827 καὶ
937 771 1150 846 σπουδῇ
1207 776 1304 827 τοῦ
1334 774 1619 845 Ῥωμανοῦ
1675 771 1923 845 παραλυ-

291 864 394 927 θεὶς
442 870 539 933 τῆς
585 863 765 938 ἀρχῆς
808 861 898 916 καὶ
926 868 1047 924 τοῖς
1079 868 1239 916 πᾶσιν
1272 861 1600 935 ἀπεγνωκὼς
1629 856 1771 934 (ᾔδει
1823 860 1922 935 γὰρ

290 952 357 1012 ὡς
390 952 488 1006 οὐκ
519 952 594 1012 εἷς
627 951 867 1024 χρηστὸν
901 950 1047 1021 αὐτῷ
1092 950 1252 1013 τέλος
1299 952 1332 1018 ἡ
1385 949 1461 1011 εἲς
1519 950 1581 1004 τὸ
1632 946 1920 1017 Βυζάντιον

286 1040 451 1115 ἄφιξις
508 1038 845 1109 τελευτήσει)
902 1039 999 1100 τὰς
1060 1038 1110 1092 έν
1175 1038 1381 1109 ἰταλίᾳ
1456 1035 1711 1110 δυνάμεις
1793 1038 1924 1092 ἀνα-

286 1128 450 1190 σείσας
502 1129 590 1182 καὶ
644 1125 973 1204 διαφθείρας,
1029 1125 1315 1201 διψώντων
1387 1131 1493 1181 τῶν
1576 1130 1922 1200 στρατιωτῶν

282 1218 371 1279 τὰς
401 1216 608 1279 οἰκείας
642 1214 771 1271 ἰδεῖν
806 1214 1092 1291 πατρίδας,
1125 1215 1271 1271 ὅπλα
1316 1216 1453 1270 κατά
1497 1219 1592 1270 τοῦ
1654 1212 1921 1289 βασιλέως

280 1312 425 1363 κινεῖ.
461 1306 558 1360 Καὶ
616 1306 708 1360 τὸν
764 1306 860 1377 μὲν
918 1306 1229 1382 πεμφθέντα
1289 1301 1549 1379 διάδοχον
1611 1302 1776 1358 αὺτοῦ
1832 1304 1919 1374 (ἦν

284 1393 334 1449 δὲ
361 1396 906 1471 ὁπρωτοσπαθάριος
950 1392 1188 1467 Μάρδος,
1232 1396 1316 1463 [Ρ.
1348 1396 1476 1464 757]
1532 1394 1662 1465 ἀνὴρ
1723 1393 1922 1460 Βυζάν-

280 1504 405 1551 τεος,
436 1483 528 1537 καὶ
561 1481 631 1537 δι’
658 1480 802 1537 ἄλλο
838 1483 932 1555 μὲν
966 1481 1120 1536 οὐδὲν
1154 1482 1369 1557 ἀγαθὸν,
1404 1483 1485 1535 ὅτι
1537 1479 1593 1536 δὶ
1638 1482 1921 1555 γνώριμος

279 1572 341 1641 ἦν
370 1577 447 1645 τῷ
492 1570 729 1648 βασιλεῖ,
769 1570 1106 1641 τηλικαύτης
1154 1570 1341 1645 χώρας
1393 1568 1583 1646 ἄρχειν
1636 1569 1922 1648 πεμφθεὶς)

281 1662 496 1735 ἀναιρεῖ,
538 1660 696 1722 αὐτὸς
728 1658 785 1715 δὲ
814 1660 960 1732 αὐτῷ
990 1657 1238 1731 διάδημα
1286 1660 1524 1729 περιθεὶς
1571 1659 1660 1713 καὶ
1714 1658 1781 1713 τὰ
1821 1665 1920 1727 τῆς

284 1748 556 1824 βασιλείας
607 1752 909 1824 παράσημα
978 1745 1265 1803 ἀναλαϐὼν
1328 1747 1709 1822 ἀναγορεύεται
1769 1748 1919 1822 βασι-

2036 614 2070 652 a
2128 598 2423 669 praposito
2471 599 2567 653 ille
2614 616 2729 654 non
2785 599 3196 668 dimoveretur,
3258 597 3385 669 ipse
3441 615 3674 669 quoque

2035 703 2173 741 suas
2202 688 2400 758 copias
2429 688 2743 755 contrahit,
2764 694 2820 741 et
2848 690 2995 742 duce
3024 704 3122 742 eas
3174 685 3467 757 Stephano
3498 688 3676 741 Seba-

2035 774 2411 847 stopboro(id
2448 781 2537 830 est
2571 776 2986 847 Augustifero),
3038 775 3138 845 qui
3194 775 3307 846 ipsi
3359 776 3430 829 ad
3465 775 3674 830 Damo-

2035 878 2304 917 craneam
2344 863 2537 918 laetum
2572 864 2749 919 delati
2810 864 3040 936 imperii
3074 864 3345 918 nuntium
3377 864 3673 932 attulerat,

2034 958 2235 1006 contra
2289 953 2643 1022 perduellem
2706 954 2901 1007 mittit.
2965 952 3393 1008 Concurrerunt
3447 952 3675 1008 adversi

2033 1042 2321 1095 exercitus
2354 1044 2509 1111 apud
2541 1042 2857 1096 Ostrobum
2918 1042 2977 1095 in
3038 1040 3368 1111 Marmario,
3415 1042 3675 1113 fusasque

2033 1127 2313 1197 Stephani
2346 1128 2497 1184 διο
2529 1130 2704 1200 copia:
2735 1135 2896 1197 sunt,
2945 1130 3074 1201 ipso
3128 1129 3390 1185 Maniace
3448 1129 3671 1201 primos

2033 1218 2280 1272 ducente
2308 1223 2364 1272 et
2386 1218 2644 1273 hostium
2663 1217 3516 1288 ordinesdisjiciente.Jamque
3538 1220 3672 1273 uni-

2033 1307 2182 1359 versi
2215 1321 2349 1359 eum
2385 1307 2790 1376 imperatorem
2854 1306 3061 1360 faustis
3118 1306 3415 1361 ominibus
3446 1305 3672 1361 saluta-

2034 1393 2192 1460 bant,
2214 1410 2344 1447 cum
2379 1395 2573 1448 subito
2604 1411 2752 1465 equo
2781 1394 3058 1464 delapsus
3089 1396 3363 1463 exspirat,
3391 1410 3503 1448 non
3538 1410 3671 1450 exs-

2032 1486 2192 1536 tante
2213 1481 2472 1537 vulneris
2501 1490 2758 1547 auctore,
2778 1483 2930 1553 quod
2965 1483 3022 1537 in
3058 1487 3289 1554 pectore
3319 1481 3489 1537 letale
3517 1499 3674 1537 acce-

2033 1576 2213 1642 perat.
2246 1572 2407 1635 Quod
2440 1571 2797 1642 simulatque
2827 1572 3081 1626 innotuit
3128 1572 3542 1642 imperatoriis,
3574 1588 3671 1627 ca-

2031 1666 2137 1731 put
2162 1661 2404 1715 Manisci
2436 1667 2777 1731 amputatur
2805 1678 2818 1726 ;
2842 1669 2893 1713 et
2944 1660 3045 1730 qui
3077 1660 3148 1714 ab
3180 1660 3369 1731 ipsius
3400 1660 3667 1731 partibus

2031 1753 2338 1812 steterant,
2370 1749 2589 1803 amisso
2620 1750 2788 1817 duce,
2821 1748 3063 1817 ahjectis
3095 1750 3277 1803 armis
3308 1749 3668 1803 deditionem

276 1837 414 1911 λεὺς⁷
443 1837 537 1893 καὶ
596 1838 817 1899 πλοίοις
874 1832 1176 1909 ἐμϐιϐάσας
1228 1837 1325 1900 τὰς
1374 1834 1628 1909 δυνάμεις
1657 1840 1915 1911 περαιοῦ-

2030 1838 2309 1891 fecerunt.
2367 1836 2683 1892 Confestim
2718 1837 2785 1891 ad
2820 1837 3231 1907 imperatorem
3265 1838 3508 1892 nuntius
3551 1839 3667 1892 vic-

271 1888 441 1983 ‘t’v
476 1888 815 2003 Boulvapiq:
844 1888 1020 1982 Τοῦτο
1046 1888 1230 1998 μαθῶν
1262 1888 1575 2001 ὁνβασιλειὺς
1610 1888 1699 1987 ἐἰς
1731 1888 1915 1999 Γτιιιρα-

2028 1888 2503 1981 ιοὲἷέεῖᾶέίιιίίιᾷὲζ
2524 1888 3002 1997 Χι’ἑέιῖιςῖι”άίέιῖιζέ
3017 1888 3575 1997 ᾞὸέῖεῷῥιιῖιῖυέ
3590 1888 3664 1981 in

273 2018 375 2091 χὴν
434 2016 497 2071 οὐ
553 2017 653 2085 τὴν
705 2019 977 2091 τυχοῦσαν
1037 2012 1279 2069 ένέπεσεο
1329 2012 1419 2068 καί
1472 2012 1768 2088 γράμματα
1819 2015 1912 2085 μὶν

2027 2015 2229 2069 urbem
2255 2014 2423 2082 redit,
2445 2014 2693 2069 aﬂ'erens
2724 2021 2901 2085 caput
2931 2014 3179 2069 Maniaci
3206 2020 3262 2069 et
3290 2014 3442 2070 bello
3458 2014 3664 2080 vietos,

271 2106 401 2179 πρὸς
459 2104 622 2160 αὐτόν
678 2104 943 2177 έκπέμπει
1001 2105 1200 2165 παντὸς
1249 2103 1562 2159 ἀπολύοντα
1590 2097 1761 2179 φόϐου
1817 2107 1915 2156 τοῦ

2026 2120 2172 2173 quos
2203 2104 2259 2157 in
2292 2103 2590 2173 triumpho
2621 2104 2785 2157 duxit
2808 2120 2908 2172 per
2946 2103 3199 2158 mediam
3235 2102 3512 2175 plateam,
3549 2107 3666 2163 asi-

268 2213 356 2248 τον
407 2193 497 2248 καὶ
545 2191 674 2255 τοῦς
727 2192 820 2246 σὺν
876 2190 1043 2263 αύτῷ,
1076 2190 1499 2265 παρακαλοῦντά
1534 2211 1593 2245 τε
1623 2191 1913 2253 ἀποθέσθαι

2026 2192 2114 2245 nis
2175 2190 2518 2257 insidentes,
2577 2191 2813 2262 praelato
2880 2193 2937 2245 in
2999 2191 3167 2246 hasta
3215 2193 3402 2262 capite
3449 2191 3670 2247 Mania-

266 2284 329 2337 τὰ
410 2280 580 2350 ὅπλα,
639 2280 729 2336 καὶ
805 2280 1237 2355 ὑπισχνούμενος
1318 2285 1488 2334 πᾶσαν
1566 2278 1909 2354 εὐεργεσίαν

2026 2281 2104 2334 cis
2139 2284 2233 2347 ;et
2263 2278 2388 2350 ipse
2418 2279 2549 2334 albo
2588 2296 2739 2351 equo
2788 2280 3001 2336 vehens
3032 2296 3303 2353 pompam
3337 2285 3426 2336 est
3456 2281 3661 2336 subse-

268 2368 378 2425 ἐπεὶ
411 2368 468 2425 δὶ
500 2370 706 2433 ἐκεῖνος
734 2368 990 2444 ἄτεγκτος
1017 2370 1083 2438 ἦν
1139 2369 1228 2424 καὶ
1281 2368 1341 2423 οὐ
1378 2367 1589 2442 μεθίετο
1630 2373 1727 2423 τοῦ
1780 2388 1911 2422 σκο-
2019 2374 2211 2423 cutus.

266 2464 387 2526 ποῦ,
438 2460 700 2535 ἀγηοχὼς
759 2458 849 2514 καὶ
906 2457 1067 2520 αὐτὸς
1122 2457 1183 2520 ’ἀς
1239 2458 1354 2532 εἶχε
1406 2455 1682 2529 δυνάμεις,
1740 2456 1829 2511 καὶ
1886 2455 2187 2531 στρατηγὸν
2244 2454 2429 2515 αὐταῖς
2472 2452 2762 2525 ἐπιστήσας
2810 2455 3181 2530 αὐτοκράτορα
3242 2456 3333 2510 τὸν
3396 2450 3663 2509 Σεϐαστο-

268 2550 429 2626 φόρον
659 2548 927 2625 Στέφανον
990 2549 1082 2602 τὸν
1161 2547 1213 2603 έν
1292 2546 1666 2622 Δαμοκρανείᾳ
1738 2547 1803 2599 τὰ
1852 2548 1953 2609 τῆς
2015 2543 2290 2619 βασιλείας
2349 2542 2635 2617 εὐαγγέλια
2690 2543 2866 2616 τούτῳ
2924 2541 3336 2616 διακομίσαντα,
3399 2542 3662 2617 έκπέμπει

266 2636 398 2691 κατά
449 2640 550 2691 τοῦ
606 2636 933 2691 ἀποστάτου.
995 2637 1099 2692 Καὶ
1159 2639 1456 2690 συναντῶσι
1507 2633 1574 2689 τὰ
1629 2632 2004 2705 στρατεύματα
2058 2632 2195 2686 κατά
2247 2632 2339 2685 τὸν
2405 2631 2695 2707 λεγόμενον
2750 2628 3041 2706 Ὀστροϐὸν
3087 2631 3138 2687 έν
3194 2637 3273 2704 τῷ
3328 2634 3660 2708 Μαρμαρίῳ,

266 2725 351 2780 καὶ
429 2724 757 2799 συμπλοκῆς
831 2724 1127 2800 γενομένης
1206 2723 1497 2800 τρέπονται
1567 2724 1618 2778 o't
1691 2724 1812 2796 περὶ
1893 2723 1983 2777 τὸν
2072 2722 2365 2797 Στέφανον,
2421 2720 2586 2776 αὐτοῦ
2640 2726 2737 2776 τοῦ
2797 2721 3043 2791 Μανιάκη
3104 2724 3521 2798 προηγουμένου
3568 2722 3658 2777 καὶ

264 2815 356 2875 τὰς
410 2814 688 2893 φάλαγγας
746 2811 1156 2877 διακόπτοντος.
1206 2814 1306 2868 Καὶ
1356 2812 1515 2868 αὐτὸν
1581 2812 1655 2874 ὡς
1708 2809 1934 2887 βασιλέα
1989 2807 2290 2887 εὐφήμουν.
2355 2810 2440 2865 Ἐν
2482 2810 2593 2883 ὅσῳ
2650 2808 2707 2865 δὶ
2762 2816 2928 2865 ταῦτα
2974 2809 3201 2886 έγίνετο,
3254 2809 3541 2885 αἴφνιδίως
3600 2812 3659 2867 έκ

264 2906 357 2957 τοῦ
397 2900 574 2958 ’ίππου
629 2904 808 2958 πεσὼν
863 2904 1018 2964 οὗτος
1070 2901 1315 2973 ἀπέθανε,
1354 2899 1587 2975 μηδενὸς
1645 2902 1900 2978 φανέντος
1956 2903 2052 2953 τοῦ
2123 2902 2312 2954 τοῦτον
2380 2900 2718 2973 τρώσαντος·
2776 2900 2965 2973 εὑρέθη
3023 2901 3124 2975 γάρ
3183 2898 3327 2976 ἔχων
3380 2902 3515 2955 κατά
3560 2905 3657 2955 τοῦ

272 2992 495 3063 στήθους
556 2990 767 3066 καιρίαν
825 2988 1074 3065 πληγήν.
1131 2989 1335 3046 Τούτου
1395 2987 1452 3044 δέ
1507 2988 1840 3064 γνωσθέντος
1897 2992 1977 3059 τῷ
2034 2987 2251 3060 έναντίῳ
2331 2988 2715 3062 στρατεύματι,
2760 2988 3117 3062 ἀποτέμνεται
3202 2989 3297 3063 μὲν
3353 2991 3389 3060 ἡ
3446 2986 3658 3067 κεφαλή

267 3085 358 3134 τοῦ
413 3080 709 3154 Γεωργίου,
770 3074 1249 3152 συλλαμϐάνονται
1307 3076 1366 3132 δέ
1418 3077 1508 3132 καὶ
1564 3079 1760 3138 πάντες
1818 3077 1870 3130 οἱ
1925 3076 2073 3147 αὐτῷ
2130 3078 2509 3151 συναράμενοι,
2564 3078 2675 3148 ἅμα
2725 3081 2794 3151 τῇ
2843 3078 3045 3132 πτώσει
3110 3082 3206 3132 τοῦ
3283 3078 3538 3152 ἀρχηγοῦ
3593 3080 3660 3133 τά

269 3166 404 3223 ὅπλα
463 3169 721 3244 ῥίψαντες
774 3168 862 3224 καὶ
891 3167 1113 3228 έουτοῦς
1161 3166 1573 3242 έγγειρίσαντες.
1610 3165 1816 3237 Καὶτῷ
1851 3165 1942 3236 μὲν
1980 3162 2194 3238 βασιλεῖ
2248 3162 2480 3239 ἄγγελος
2531 3164 2774 3242 ἐπέμφθη
2824 3165 3064 3239 κομίζων
3114 3168 3180 3220 τὰ
3237 3164 3523 3240 εὐαγγέλια
3558 3174 3659 3236 τῆς

266 3256 435 3326 νίκης,
469 3254 659 3311 εἴσεισι
690 3254 748 3311 δέ
780 3258 899 3329 μεθ’
928 3254 1139 3329 ἡμέρας
1167 3256 1319 3316 τινὰς
1343 3256 1430 3308 καὶ
1462 3255 1490 3308 ὁ
1523 3252 1792 3328 Στέφανος
1818 3253 1919 3321 τὴν
1947 3250 2189 3329 κεφαλὴν
2213 3250 2354 3327 ἄγων
2384 3258 2481 3307 τοῦ
2512 3254 2761 3323 Μανιάκη
2820 3254 2905 3309 καὶ
2946 3255 3073 3316 τοὺς
3104 3254 3467 3329 κρατηθέντας
3498 3255 3548 3309 έν
3579 3261 3660 3327 τῷ

265 3344 526 3420 πολέμῳ·
576 3347 666 3400 καὶ
728 3342 817 3401 διὰ
877 3344 1044 3417 μέσης
1098 3352 1198 3414 τῆς
1258 3341 1519 3405 πλατείας
1578 3337 1942 3414 θριαμϐεύσας
1998 3341 2432 3418 προηγουμένης¹
2464 3349 2563 3411 τῆς
2621 3340 2866 3417 κεφαλῆς
2924 3341 3119 3406 ἄνωθεν
3153 3341 3397 3416 δόρατος,
3428 3343 3518 3398 καὶ
3550 3348 3657 3397 τῶν

266 3434 577 3490 ἀποστατῶν
605 3430 750 3496 ὄνοις
783 3434 1199 3509 έποχουμένων,
1232 3433 1395 3494 αὐτὸς
1428 3428 1643 3487 ὄπισθεν
1671 3428 1878 3499 εἵπετο,
1902 3427 2060 3502 ’ίππῳ
2090 3428 2268 3503 λευκῷ
2292 3429 2636 3508 ἐφεζόμενος,
2663 3432 2757 3486 Καὶ
2813 3432 2881 3486 τὰ
2934 3431 3028 3504 μὶν
3074 3432 3197 3507 περῖ
3226 3452 3320 3487 τον
3378 3431 3658 3504 Μανιάκην

1318 2285 1488 2334 πᾶσαν

261 3527 501 3578 τοιοῦτον
534 3520 733 3598 εἴληφε
759 3521 942 3583 τέλος.

329 3610 524 3686 Γέγονε
566 3609 623 3665 δέ
665 3632 747 3673 τις
777 3612 865 3665 καὶ
897 3608 1043 3680 ἄλλη
1073 3608 1370 3666 ἀποστασία
1420 3608 1471 3663 έν
1514 3607 1717 3681 Κύπρῳ
1774 3608 1909 3662 κατὰ

2092 3608 2212 3663 Sub
2269 3609 2423 3665 idem
2478 3614 2715 3683 tempus
2763 3611 3125 3682 Theophilus
3173 3611 3439 3671 Erot‘cus
3493 3611 3661 3684 Cypri

262 3702 447 3754 τοῦτον
478 3700 576 3755 τὸν
604 3699 829 3774 χρόνον,
860 3698 1218 3773 πρωτουργὸν
1252 3696 1455 3773 ἔχουσα
1503 3695 1765 3772 Θεόφιλον
1814 3696 1907 3750 τὸν

266 3785 580 3859 Ἐρωτικόν·
615 3790 773 3850 οῦτος
801 3788 905 3862 γὰρ
935 3794 1037 3856 τῆς
1064 3790 1234 3858 νήσου
1285 3790 1600 3861 στρατηγῶν
1650 3785 1736 3840 καὶ
1782 3805 1911 3839 νεω-

258 3874 421 3949 τέρων
453 3877 539 3931 ἀεὶ
572 3878 919 3952 πραγμάτων
953 3875 1256 3949 ἐφιέμενος,
1290 3874 1507 3948 ἐπείπερ
1555 3872 1780 3937 ἐπύθετο
1808 3883 1907 3942 τὴν

258 3968 348 4017 τοῦ
399 3963 729 4043 Καλαφάτου
786 3965 1170 4042 καταστροφὴν
1228 3963 1318 4018 καὶ
1374 3965 1475 4033 τὴν
1528 3960 1905 4037 κατασχοῦσαν

162 4062 165 4063 ⁷
260 4050 323 4106 τὰ
372 4052 671 4127 πράγματα
732 4054 1016 4130 σύγχυσιν,
1059 4052 1246 4127 καιρὸν
1294 4048 1503 4116 εὔθετον
1557 4051 1730 4125 εὑρεῖν
1793 4049 1910 4119 οἰη-

265 4140 372 4202 θεὶς
430 4141 572 4216 πρὸς
616 4142 679 4199 τὸ
738 4138 1206 4213 σπουδαζόμενον,
1252 4138 1375 4194 τότε
1422 4139 1483 4194 τὸ
1530 4136 1705 4207 ,ἔθνος
1770 4138 1905 4193 ἅπαν

260 4232 363 4282 τῶν
393 4230 650 4303 Κυπρίων
685 4230 931 4297 ἀνάπτει,
964 4227 1053 4285 καὶ
1084 4228 1177 4283 τὸν
1210 4225 1466 4295 δικαστὴν
1498 4226 1590 4281 καὶ
1628 4226 1910 4301 πράκτορά

262 4319 363 4370 τῶν
423 4314 706 4390 δημοσίων
764 4318 944 4394 φόρων
999 4316 1091 4372 τὸν
1151 4316 1639 4391 πρωτοσπαθάριον
1700 4313 1907 4391 Θεοφύ-

264 4401 453 4460 λακτον
486 4402 698 4460 ἀνελεῖν
749 4404 1159 4481 παρασκευάζει,
1193 4400 1443 4479 ἔγκλημα
1491 4403 1672 4476 τούτῳ
1729 4402 1906 4457 ἐπενε-

258 4492 398 4565 γκὼν
443 4494 519 4557 ὡς
583 4494 803 4567 βαρείας
877 4494 972 4555 τὰς
1041 4498 1151 4548 τῶν
1223 4489 1542 4547 συντελειῶν
1595 4490 1909 4565 ποιουμένῳ

264 4580 585 4654 εἶσπράεεις.
620 4582 798 4643 Ἀλλά
826 4582 963 4659 πρὸς
992 4586 1183 4638 τοῦτον
1233 4580 1332 4636 οὐκ
1370 4578 1556 4650 ἐδέησε
1601 4586 1680 4653 τῷ
1727 4588 1910 4636 Μονο-

268 4671 427 4747 μάχῳ
507 4672 846 4745 μακροτέρας
917 4667 1157 4746 τριϐῆς⁸
1219 4673 1504 4746 χειροῦται
1585 4670 1687 4745 γὰρ
1746 4670 1908 4724 αὐτὸν

262 4757 586 4835 έκπεμφθεὶς
617 4760 647 4814 ὅ
684 4762 791 4832 [τε]
823 4763 920 4814 τοῦ
980 4757 1179 4815 στόλου
1217 4758 1510 4834 κατάρχων
1571 4760 1909 4816 Κωνσταντῖ-

261 4868 348 4910 νος
382 4849 667 4923 πατρίκιος
714 4849 741 4903 ὁ
792 4849 954 4924 Χαγὶ,
999 4849 1061 4902 τὸ
1112 4845 1263 4911 ἔθνος
1321 4847 1460 4903 ἅπαν
1506 4852 1614 4902 τῶν
1658 4847 1910 4923 Κυπρίων

2023 3702 2250 3770 praetor,
2274 3697 2449 3754 homo
2481 3715 2713 3771 semper
2736 3701 3135 3756 novandarum
3162 3717 3353 3755 rerum
3388 3701 3664 3771 cupidus,

2023 3786 2257 3857 cognito
2280 3786 2617 3859 Calaphatis
2648 3790 2804 3844 exitu
2851 3795 2907 3844 et
2938 3806 3131 3845 rerum
3165 3788 3529 3858 confusione,
3563 3806 3664 3861 op-

2023 3880 2340 3944 portunum
2374 3893 2436 3931 se
2467 3884 2701 3948 tempus
2758 3884 2992 3937 nactum
3055 3882 3220 3933 ratus
3271 3877 3358 3932 sui
3413 3877 3664 3933 instituti

2021 3963 2369 4018 conficiendi
2400 3969 2588 4020 totum
2613 3966 2883 4038 Cyprium
2921 3966 3192 4038 populum
3216 3965 3663 4034 concitat,insti-

2019 4056 2235 4123 gatque
2266 4054 2337 4108 ad
2366 4070 2566 4109 necem
2625 4054 3037 4128 Theopbylacti
3084 4054 3534 4128 protospatharii
3560 4056 3664 4125 ju-

2021 4139 2168 4195 dicis
2190 4157 2256 4195 ac
2287 4141 2505 4211 publici
2531 4143 2733 4198 tributi
2766 4144 3071 4215 exactoris,
3124 4145 3235 4199 sub
3270 4148 3547 4215 prmtextu
3574 4145 3661 4199 nio

2021 4229 2121 4283 mii
2158 4230 2229 4284 ab
2260 4247 2326 4284 eo
2359 4230 2417 4285 in
2439 4231 2721 4300 exigendo
2740 4232 2983 4286 adhibiti
3002 4233 3231 4305 rigoris.
3262 4234 3343 4289 Ad
3374 4234 3530 4291 hunc
3556 4250 3659 4306 op-

2021 4317 2396 4389 primendum
2432 4318 2578 4373 nihil
2620 4336 2767 4391 opus
2801 4320 2908 4375 fuit
2940 4322 3326 4378 Monomacho
3358 4322 3510 4378 550
3534 4322 3659 4379 lon-

2017 4405 2175 4479 giore
2208 4422 2390 4462 mora.
2426 4407 2567 4462 Nam
2592 4407 2797 4464 classis
2821 4410 3028 4465 ductor
3056 4411 3473 4468 Constantinus
3505 4410 3661 4465 Cha-

2017 4512 2119 4567 ges
2152 4495 2438 4566 patricius
2470 4497 2693 4569 Cypriis
2714 4500 3001 4556 universis
3024 4501 3287 4556 subactis
3318 4516 3450 4555 eum
3483 4500 3659 4570 cepit,

2018 4590 2075 4638 et
2092 4584 2162 4637 ad
2196 4584 2604 4653 imperatorem
2647 4587 2908 4642 adduxit.
2969 4588 3300 4643 Adductum
3341 4588 3661 4659 imperator

2020 4671 2172 4727 stola
2225 4672 2493 4727 muliebri
2565 4674 2779 4741 induit,
2856 4682 2914 4730 et
2956 4676 3110 4731 ludis
3185 4676 3560 4749 equestribus
3600 4675 3659 4730 in

2018 4760 2182 4817 Circo
2216 4761 2272 4815 in
2302 4761 2605 4835 triumpho
2635 4764 2819 4833 duxit,
2853 4764 3288 4839 spoliatumque
3321 4764 3446 4821 suis
3476 4764 3660 4821 facul-

2017 4850 2235 4905 tatibus
2257 4851 2505 4907 dimisit.

266 4936 771 5011 ὔποποιησάμενος,
817 4938 904 4999 καὶ
970 4936 1045 5001 εἷς
1106 4934 1332 5012 βασιλέα
1388 4933 1522 5010 ἄγει.
1559 4934 1826 5012 Ἀχθέντα
1884 4934 1943 4991 δὲ
1995 4934 2166 5005 θῆλυν
2200 4938 2228 4991 ὁ
2258 4938 2513 5013 βασιλεὺς
2545 4935 2765 5002 ἰνδύσας
2822 4940 3028 5011 στολὴν
3077 4943 3163 4996 καὶ
3226 4939 3279 4997 έν
3317 4945 3399 5014 τῷ
3449 4941 3659 5014 ἱππικῷ

262 5024 627 5101 ἱπποδρομίας
658 5026 930 5101 ἀγομένης
957 5020 1322 5100 θριαμϐεύσας
1350 5024 1439 5080 καὶ
1468 5026 1575 5080 τῶν
1607 5025 1964 5100 ὑπαρχόντων
1998 5024 2246 5098 ψιλώσας
2277 5027 2528 5084 ἀπέλυσε.

334 5114 411 5186 [Ρ.
442 5115 570 5188 758]
602 5117 687 5193 Τῇ
742 5112 800 5170 δέ
829 5115 875 5169 κ’
904 5119 1000 5169 τοῦ
1062 5108 1435 5190 Φεϐρουαρίου
1482 5113 1674 5187 μηνὸς,
1704 5120 1806 5183 τῆς
1844 5121 1905 5169 ια’

2084 5115 2378 5174 Vicesima
2420 5119 2513 5175 die
2554 5119 2878 5187 Februarii,
2930 5120 3249 5178 indictione
3290 5122 3376 5191 11,
3424 5121 3659 5180 Alexius

269 5198 619 5271 ἰνδικτιῶνος,
672 5200 932 5259 κατέλυσε
978 5204 1076 5271 τὴν
1139 5203 1283 5272 ζωὴν
1319 5201 1557 5273 Ἀλέξιος
1595 5202 1623 5257 ὁ
1652 5201 1911 5278 πατριάρ-

2021 5206 2354 5277 patriarcha
2385 5210 2559 5266 rebus
2590 5207 2868 5265 humanis
2891 5211 3137 5266 excedit.
3169 5211 3231 5266 Ei
3251 5211 3546 5268 sufﬁcitur
3565 5214 3660 5269 die

1438 5346 1816 5403 XYLANDRI
1854 5346 1942 5403 ET
1979 5347 2200 5404 GOARI
2239 5349 2467 5407 ΝΟΤιΕ.

328 5451 438 5531 (25)
492 5455 723 5527 Imperii
768 5454 881 5531 sibi
930 5453 1107 5531 delati
1162 5454 1448 5531 nuntium
1505 5448 1906 5531 σεϐαστοφόρου

268 5524 499 5599 nomine
520 5524 977 5599 remunerabant
996 5526 1175 5599 Graeci
1209 5524 1789 5599 imperatores.quasi
1808 5524 1907 5599 qui

265 5592 569 5671 Apgustini
602 5598 949 5671 dignitatem
972 5592 1498 5671 obtulissetIMoris
1518 5592 1691 5654 usuin
1712 5599 1771 5653 in
1785 5592 1907 5671 Ste-

266 5662 455 5736 phano
478 5662 815 5727 manifestat
841 5676 1066 5739 auctor,
1096 5674 1157 5726 et
1186 5662 1605 5746 Σεϐαστοφόρου
1648 5669 1905 5743 appella-

2016 5457 2192 5541 tionis
2216 5474 2452 5541 causam
2486 5460 2710 5541 in_dicat
2739 5478 2805 5541 eo
2837 5465 2995 5541 quod
3022 5463 3091 5519 τὰ
3115 5470 3216 5535 τῆς
3259 5462 3535 5541 βασιλείας
3557 5466 3658 5541 ,εύ-

2016 5526 2249 5613 αγγέλια
2292 5530 2483 5613 ,τούτῳ
2535 5526 2902 5613 διιεκομίσατοο
2957 5526 3211 5613 Zonaras
3259 5526 3329 5596 'eo
3373 5526 3531 5612 quod
3551 5540 3661 5596 im-

2016 5604 2163 5673 perii
2193 5604 2525 5675 insignibus
2562 5604 2731 5665 illum
2762 5613 3048 5665 ornasset.
3080 5609 3260 5666 ϐολῇ.
