3968 6140
324 367 441 427 283
500 442 503 445 λ

1681 368 1994 430 GEORGII
2038 370 2382 431 CEDRENI

3595 378 3705 436 284

323 503 799 558 Annuutiationis
848 502 993 559 festo
1046 503 1368 558 Michaelus
1452 504 1808 567 Cerularius,
1867 501 1961 572 qui

2082 520 2211 575 χης,
2244 503 2332 555 καὶ
2366 501 2615 577 ἀνάγεται
2668 502 2745 564 εῒς
2802 504 2892 557 τὸν
2951 502 3115 558 αὐτοῦ
3168 505 3359 577 θρόνον
3413 505 3631 580 Μιχαὴλ
3676 507 3702 561 6

324 591 540 644 vixerat
576 592 899 647 monachus
930 609 994 646 ex
1022 610 1137 663 quo
1181 609 1311 646 eum
1357 591 1869 662 orphanotrophus
1898 591 1969 645 ob

329 686 558 748 paratas
591 680 841 735 insidias
873 680 1243 749 relegaverat.
1307 680 1605 735 Iudicatur
1643 680 1817 734 etiam
1859 680 1968 734 im-

328 768 575 836 peratori
605 769 919 824 thesaurus
952 770 1075 824 auri
1106 770 1439 824 reconditus
1472 770 1528 822 iu
1580 767 1764 822 Alexii
1805 786 1968 822 man-

325 856 506 920 sione,
542 874 716 927 quem
753 858 952 912 missis
987 858 1221 911 famulis
1266 860 1501 927 recepit,
1533 859 1602 912 ad
1638 858 1973 911 centenaria

325 945 525 1015 viginti
561 946 1062 1017 quinque.Eadem
1097 946 1727 1015 iudictione,postridie
1765 944 1970 998 Kalen-

325 1033 429 1087 das
456 1032 818 1095 Maias,oculi
852 1034 1212 1089 effodiuntur
1243 1034 1722 1106 orphanotropho
1755 1034 1810 1087 in
1843 1032 1969 1088 loco

327 1122 418 1175 cui
452 1138 658 1176 nomen
693 1122 1208 1194 Marycatis.Aliiid
1237 1123 1419 1178 inscio
1442 1122 1973 1193 imperatoreaiunt

328 1210 509 1264 fuisse
565 1213 781 1265 factum
812 1213 986 1281 jussu
1047 1213 1393 1267 Theodore:
1456 1212 1717 1283 plerique
1767 1227 1970 1265 omnes

327 1298 514 1369 ipsius
538 1301 808 1354 monachi
853 1300 1216 1363 mandato,ei
1249 1302 1322 1355 ob
1354 1301 1766 1371 relegationem
1803 1302 1967 1354 irato.

324 1390 585 1444 Mortuus
650 1393 740 1443 est
796 1389 1023 1444 decima
1077 1390 1248 1444 tertia
1282 1390 1374 1444 die
1433 1391 1696 1461 ejusdem
1728 1389 1967 1443 mensis.

323 1476 479 1530 Julio
516 1493 715 1531 mense
746 1478 1080 1548 Stephanus
1103 1480 1572 1549 Sebastoyhorus
1595 1477 1826 1532 delatus
1861 1481 1970 1532 esto

327 1566 480 1634 quod
516 1565 827 1619 insidiatus
859 1574 1012 1620 esset
1035 1568 1367 1636 imperatori
1394 1567 1759 1637 volueritque
1793 1567 1973 1636 impe-

330 1655 481 1707 rium
517 1655 575 1707 in
613 1655 859 1709 Leonem
895 1656 1203 1725 patricium
1239 1658 1555 1710 transferre
1607 1661 1664 1709 et
1686 1655 1970 1709 Melitente

330 1742 664 1813 praefectum
691 1744 1045 1800 constituere
1070 1744 1252 1799 ﬁlium
1290 1744 1547 1817 Lampri.
1606 1751 1685 1798 Ac
1717 1744 1970 1815 Stepha-

2082 589 2486 665 Κηρουλάριος,
2525 591 2661 646 κατὰ
2716 594 2815 660 τὴν
2870 591 3078 666 ἡμέραν
3138 597 3231 647 τοῦ
3287 592 3700 669 Εὐαγγελισμοῦ,

2084 678 2361 753 μοναχοὺς
2395 676 2466 732 ὢν
2500 679 2550 749 ἐξ
2583 680 2748 755 οὗπερ
2786 682 2813 734 6
2848 680 3251 758 ὀρφανοτρόφος
3283 682 3439 736 αὐτὸν
3487 680 3570 736 διὰ
3612 684 3701 750 τὴν

2080 761 2379 836 ἐπιϐουλήν
2441 767 2679 842 ἐξώρισε.
2732 768 3201 844 Προσαγγέλλεται
3266 767 3323 824 δὲ
3373 774 3449 841 τῷ
3508 770 3707 845 βασιλεῖ

2079 855 2166 908 καὶ
2224 855 2450 930 χρυσίον
2510 857 3103 932 ἀποτεθησαυρισμένον
3166 858 3220 912 ἐν
3250 862 3317 932 τῇ
3351 864 3446 913 τοῦ
3476 858 3705 929 Ἀλεξίου

2085 947 2246 1015 μονῆ,
2278 944 2365 997 γαῖ
2416 946 2633 1018 πέμψας
2693 940 3127 1018 ἀναλαμϐάνεται
3174 951 3357 1019 τοῦτο,
3405 946 3478 1008 εἷς
3526 968 3709 1016 κεντη-

2078 1033 2237 1107 νάρια
2267 1033 2604 1105 ποσούμενον
2666 1042 2757 1090 κε’.
2793 1034 2969 1090 Μαΐου
3015 1032 3072 1090 δὲ
3120 1033 3389 1109 δευτέρας,
3421 1043 3521 1105 τῆς
3557 1036 3711 1105 αὐτῆς

2082 1120 2437 1190 ίνδικτιῶνος,
2467 1122 2826 1198 ἐκτυφλοῦται
2875 1124 2964 1178 καὶ
3014 1125 3041 1178 6
3089 1124 3492 1201 ὀρφανοτρόφος
3545 1127 3593 1179 ἐν
3639 1130 3711 1196 τῷ

2083 1209 2362 1283 λεγομένῳ
2418 1214 2614 1286 χωρίῳ
2686 1217 2795 1266 τῶν
2850 1214 3192 1288 Μαρυκάτου,
3253 1215 3328 1276 ὡς
3404 1213 3499 1285 μέν
3580 1214 3710 1274 τινές

2083 1320 2261 1375 φασιν,
2303 1301 2403 1353 ὑπὸ
2436 1298 2741 1375 Θεοδώρας,
2775 1298 2997 1363 ἄκοντος
3028 1306 3125 1356 τοῦ
3168 1301 3456 1376 βασιλέως,
3488 1302 3561 1363 ὡς
3607 1299 3658 1356 δὲ
3686 1304 3711 1355 6

2079 1392 2187 1441 τῶν
2222 1387 2448 1443 πολλῶν
2480 1396 2669 1464 κρατεῖ
2726 1388 2912 1464 λόγος,
2941 1392 3068 1465 παρ’
3091 1391 3257 1445 αὐτοῦ
3313 1390 3507 1445 τούτου
3562 1389 3710 1466 ἐγκο-

2080 1481 2285 1538 τῶντος
2329 1478 2476 1548 αὐτῷ
2535 1475 2625 1532 διὰ
2678 1478 2774 1539 τὰς
2828 1479 3138 1552 ὑπερορίας,
3169 1480 3257 1532 καὶ
3306 1484 3375 1553 τῇ
3413 1482 3473 1555 ιγ’
3499 1484 3592 1535 τοῦ
3633 1479 3714 1533 αὐ-

2079 1570 2175 1619 τοῦ
2230 1567 2399 1636 μηνὸς
2458 1566 2808 1635 ἀποθνήσκει.
2840 1568 3056 1640 Ἰουλίῳ
3111 1566 3167 1622 δὲ
3224 1569 3357 1640 μηνὶ
3400 1573 3500 1634 τῆς
3555 1568 3711 1636 αὐτῆς

2081 1652 2416 1715 ίνδικτιῶνος
2473 1658 2829 1731 κατηγορήθη
2892 1656 2981 1710 καὶ
3053 1658 3317 1733 Στέφανος
3372 1659 3401 1712 6
3458 1652 3710 1712 Σεϐαστο-

2081 1742 2247 1819 φόρος
2281 1743 2354 1804 ὡς
2388 1738 2756 1797 ἐπιϐουλεύων
2785 1742 2863 1815 τῷ
2905 1743 3119 1819 βασιλεῖ
3173 1745 3261 1798 καὶ
3313 1744 3537 1819 βασιλέα
3590 1746 3711 1819 βου·

330 1848 441 1885 nus
466 1833 698 1902 quidem
743 1834 951 1903 opibus
994 1834 1117 1889 suis
1165 1833 1446 1889 multatus
1477 1839 1535 1888 et
1587 1832 1961 1888 monasticam

2084 1830 2315 1903 λόμενος
2367 1839 2595 1901 ποιῆσαι
2654 1832 2857 1887 Λέοντα
2924 1833 3207 1907 πατρίκιον
3273 1834 3363 1888 καὶ
3429 1834 3713 1909 στρατηγὸν

324 1920 511 1975 vivere
532 1924 735 1990 jussus
757 1927 814 1976 et
846 1923 1139 1992 relegatus
1169 1932 1279 1977 est.
1314 1926 1624 1993 Lamprus,
1657 1922 1973 1977 crudeliter

324 2014 510 2063 tortus
533 2014 588 2064 et
610 2025 710 2079 per
731 2010 920 2063 forum
946 2010 1179 2063 ludibrii
1216 2027 1393 2064 causa
1422 2011 1479 2063 in
1510 2026 1723 2081 pompa
1758 2011 1972 2065 ductus

321 2102 497 2169 atque
517 2098 701 2153 oculis
733 2099 995 2164 orbatus,
1024 2098 1197 2169 paulo
1230 2103 1358 2169 post
1382 2099 1502 2153 vita
1530 2098 1798 2154 excessit.

394 2400 541 2455 551
582 2398 696 2453 Hac
728 2398 854 2468 ipsa
878 2400 1219 2465 indictione,
1256 2417 1454 2455 mense
1482 2399 1681 2463 Junio,
1730 2398 1970 2454 Rossica

326 2504 468 2558 gens
501 2496 701 2541 contra
732 2488 1057 2542 Romanum
1084 2489 1396 2559 imperium
1421 2489 1967 2544 ineurrexit.Hacte-

328 2592 438 2631 nus
457 2592 648 2646 pacem
678 2576 1111 2647 amicitiamque
1137 2594 1267 2631 cum
1295 2578 1754 2633 RomanisRossi
1776 2577 1968 2632 colue-

329 2664 786 2735 rant,liberaque
818 2665 1063 2720 invicem
1100 2665 1327 2720 fuerant
1358 2666 1794 2734 commercia,et
1817 2681 1968 2719 mer-

329 2759 551 2807 catores
584 2754 736 2808 ultro
770 2755 1031 2824 citroque
1077 2760 1496 2808 commearent.
1542 2756 1705 2808 Tunc
1752 2755 1965 2808 veroiu

334 2842 474 2895 urbe
501 2848 628 2895 orta
648 2843 766 2895 rixa
795 2859 925 2895 cum
960 2843 1313 2911 quibusdam
1344 2844 1573 2909 Scythis
1592 2844 1965 2913 negotiatori-

331 2929 563 2996 bus,res
596 2931 664 2983 ad
695 2923 913 2984 manus
941 2932 1116 2993 venit,
1150 2936 1205 2986 et
1236 2936 1322 2985 est
1344 2933 1582 3002 quidam
1616 2933 1686 2985 de
1718 2932 1965 2987 nobilio-

326 3018 488 3071 ribus
508 3018 738 3090 Scythis
754 3019 1366 3075 interfectus.Proinde
1380 3022 1505 3091 ejus
1519 3020 1707 3091 gentis
1728 3021 1965 3091 regulus

322 3105 887 3175 Bladimerus,homo
918 3108 1237 3163 iracundus
1258 3115 1432 3180 atque
1448 3110 1642 3164 animo
1678 3110 1961 3180 inquieto,

320 3213 520 3250 casum
584 3198 737 3251 hunc
768 3196 878 3251 sibi
938 3198 1350 3252 annuntiatum
1415 3199 1717 3270 aegerrime
1750 3216 1959 3266 uerens,
1994 3220 2036 3287 α

317 3283 831 3356 nullainterposita
846 3288 1103 3354 mora,ad
1123 3288 1517 3341 armavocatis
1532 3288 1787 3343 subditis
1803 3294 1962 3359 quot-

315 3378 452 3444 quot
478 3374 626 3429 bello
650 3374 874 3430 habiles
901 3376 1391 3446 erant,copiisque
1407 3375 1791 3430 auxiliaribus
1807 3378 1961 3430 asci-

312 3462 385 3516 tis
402 3463 559 3517 haud
588 3464 812 3534 exiguis
837 3465 1219 3518 anationibus
1244 3482 1370 3535 quze
1397 3465 1608 3519 Oceani
1634 3465 1857 3520 insulas
1872 3483 1959 3520 se-

312 3551 733 3621 ptentrionales
764 3552 1442 3621 inhabitabant,collecta
1464 3557 1534 3607 ad
1559 3554 1961 3616 hominum,ut

315 3639 748 3701 ferunt,100000
776 3641 1169 3709 multitudine,
1194 3658 1318 3697 eam
1358 3643 1587 3697 usitatis
1616 3644 1763 3713 apud
1800 3643 1959 3714 ipsos

312 3726 560 3798 navigiis
594 3727 821 3793 (lintres
855 3746 957 3785 nos
989 3746 1287 3795 vocamus,
1315 3729 1485 3785 unica
1511 3732 1713 3786 arbore
1760 3738 1961 3786 cavata

313 3815 519 3886 factos)
542 3816 813 3887 imponit,
842 3824 897 3871 et
927 3819 1208 3872 adversus
1240 3819 1442 3873 urbem
1468 3820 1670 3873 tendit.
1706 3820 1957 3889 impera-

310 3909 420 3970 tor,
453 3908 581 3975 ejus
610 3906 1367 3977 conatuintellecto,legatis
1394 3908 1594 3962 missis
1620 3909 1763 3978 petit
1793 3914 1857 3961 ut
1887 3913 1957 3964 ab

312 3995 494 4049 armis
515 3994 1098 4067 discedat,pollicitus
1113 4012 1173 4050 se
1188 3997 1469 4066 quidquid
1488 4003 1787 4068 peccatum
1805 4002 1960 4053 esset

309 4086 1033 4153 compensaturum,modo
1058 4101 1125 4138 ne
1151 4084 1397 4156 ipselevi
1427 4086 1496 4140 de
1530 4102 1707 4140 causa
1741 4088 1957 4155 totjam

308 4187 410 4241 per
441 4188 624 4225 annos
642 4172 911 4228 coalitam
932 4190 1133 4242 pacem
1160 4192 1223 4228 ru
1237 4181 1456 4241 mperet
1470 4181 1790 4245 gentesque
1806 4177 1957 4231 bello

309 4259 876 4315 committeret.Cum
912 4268 1105 4316 autem
1141 4264 1422 4317 barbarus
1456 4264 1669 4318 litteris
1702 4264 1958 4335 acceptis

309 4346 534 4417 legatos
560 4348 949 4420 ignominiose
974 4352 1665 4422 proturbaret,responsis
1688 4353 1958 4424 superbis

310 4436 1143 4510 datis,imperator,de5perata
1174 4441 1465 4511 pace,ipse
1500 4459 1733 4513 quoque
1766 4460 1827 4497 se
1856 4460 1957 4513 pro

310 4524 539 4581 viribus
562 4526 710 4581 bello
750 4533 930 4599 parat.
965 4529 1265 4602 Scythicos
1288 4530 1680 4602 negotiatores
1722 4532 1774 4584 in
1814 4532 1955 4586 urbe

314 4615 469 4670 552
520 4616 819 4687 degentes,
881 4634 984 4671 nec
1062 4635 1173 4672 non
1225 4619 1322 4689 qui
1376 4626 1439 4672 ut
1486 4620 1628 4674 socii
1690 4623 1953 4685 aderant,

314 4720 417 4776 per
448 4706 773 4774 provincias
821 4705 877 4759 in
915 4707 1240 4761 custodiam
1292 4708 1520 4770 dividit,
1575 4725 1643 4763 ne
1702 4725 1827 4778 qua:
1885 4710 1957 4765 ab

313 4792 462 4864 ipsis
493 4794 649 4848 domi
684 4799 882 4849 essent
916 4796 1242 4850 metuendae
1296 4796 1541 4850 insidiis.
1605 4797 1749 4851 Tum
1786 4798 1957 4852 ador-

310 4881 488 4947 natis,
520 4889 805 4952 quautum
839 4886 967 4954 ejus
1019 4900 1271 4955 praeceps
1320 4885 1547 4939 occasio
1605 4886 1686 4940 rei
1718 4885 1954 4954 ferebat,

309 4971 710 5039 imperatoriis
742 4972 1085 5027 triremibus
1122 4972 1372 5042 aliisque
1419 4972 1646 5028 levibus
1687 4975 1952 5045 navigiis,

309 5064 366 5113 et
400 5059 690 5129 impositis
722 5061 778 5113 in
825 5078 923 5116 eas
956 5062 1052 5130 qui
1086 5079 1115 5115 c
1149 5061 1433 5116 militibus
1492 5080 1557 5117 ea
1615 5068 1957 5133 tempestate

310 5148 561 5219 Byzantii
599 5149 909 5219 agentibus
954 5150 1062 5221 legi
1124 5154 1392 5221 poterant
1447 5151 1790 5215 classiariis,
1832 5153 1953 5223 ipse

307 5253 541 5308 quoque
575 5254 895 5292 conscensa
926 5238 1111 5293 celoce
1136 5256 1242 5293 sua
1293 5239 1563 5294 Barbarie
1612 5240 1863 5295 occurrit
1895 5242 1951 5295 in

307 5325 578 5380 faucibus
612 5328 792 5379 maris
826 5327 894 5379 ad
950 5326 1199 5381 Pharum
1229 5328 1541 5382 stationem
1574 5329 1948 5399 habentibus,

301 5415 470 5485 juxta
506 5432 607 5486 per
650 5414 1047 5470 continentem
1101 5417 1418 5471 comitante
1469 5418 1732 5489 equitatu
1793 5419 1949 5473 haud

304 5503 535 5574 exiguo.
572 5504 865 5559 Instructa
898 5504 1175 5576 utrinque
1206 5504 1275 5559 ad
1303 5522 1558 5577 pugnam
1591 5506 1777 5563 classe
1808 5526 1948 5565 neu-

305 5596 397 5647 tra
431 5610 564 5662 pars
608 5593 869 5664 prelium
903 5594 1241 5664 incipiebat,
1288 5593 1518 5666 Scythis
1568 5596 1722 5652 intra
1772 5614 1949 5654 occu-

303 5686 505 5752 patum
544 5688 776 5756 portum
828 5700 890 5740 se
944 5680 1403 5751 continentibus,
1445 5686 1502 5738 et
1538 5686 1813 5743 Romanis
1846 5702 1944 5743 eo-

1987 4579 2034 4643 D

2085 1918 2418 1991 Μελιτηνῆς,
2451 1922 2542 1975 τὸν
2573 1922 2686 1975 υἱὸν
2737 1926 2833 1976 τοῦ
2891 1927 3178 1995 Λαμπροῦ·
3211 1922 3299 1977 καὶ
3358 1924 3385 1976 6
3450 1923 3543 1994 μὲν
3602 1922 3719 1977 Στέ-

2084 2030 2247 2085 φανος
2279 2014 2386 2063 τῶν
2425 2011 2782 2084 ὑπαρχόντων
2815 2011 3120 2085 γυμνωθεῖς
3167 2012 3253 2064 καὶ
3310 2013 3554 2086 μοναχὸς
3588 2012 3713 2064 ἀπο-

1993 2096 2018 2115 ⁸
2083 2098 2263 2173 καρεῖς
2322 2097 2623 2173 ἐξωρίσθη·
2676 2099 2704 2153 6
2764 2096 2821 2152 δὲ
2878 2100 3161 2173 Λαμπρὸς,
3214 2101 3437 2169 ἀπηνῶς
3495 2099 3717 2163 ἰτισθεὶς

2080 2188 2169 2241 καὶ
2226 2189 2323 2251 τὰς
2379 2184 2530 2259 ὄψεις
2588 2188 2865 2263 πηρωθεὶς
2897 2188 2986 2242 καὶ
3025 2186 3115 2242 διὰ
3169 2195 3269 2257 τῆς
3326 2188 3529 2263 ἀγορᾶς
3573 2209 3714 2259 πομ-

2080 2276 2315 2343 πευθεὶς,
2348 2276 2481 2349 μετὰ
2515 2277 2704 2352 μικρὸν
2737 2277 3016 2339 ἀπέθανεν.

2152 2400 2391 2474 Ἐγένετο
2424 2398 2480 2455 δὲ
2510 2401 2597 2455 καὶ
2629 2400 2763 2455 κατᾶ
2806 2402 2895 2455 τὸν
2927 2400 3156 2455 Ἰούνιον
3209 2403 3347 2472 μῆνα
3401 2408 3505 2470 τῆς
3557 2401 3709 2469 αὐτῆς

2078 2488 2447 2561 ἐπινεμήσεως
2524 2490 2612 2543 γαῖ
2668 2492 2703 2558 ἡ
2760 2494 2857 2544 τοῦ
2919 2488 3103 2552 ἔθνους
3156 2494 3267 2543 τῶν
3311 2490 3451 2551 Ῥὼς
3510 2492 3709 2559 κίνησις

2076 2579 2212 2633 κατὰ
2240 2585 2339 2647 τῆς
2390 2576 2696 2653 βασιλίδος.
2722 2578 2885 2635 Οὗτοι
2933 2579 3034 2653 γὰρ
3080 2583 3567 2653 κοινοπραγοῦντες
3626 2578 3707 2649 μέν

2077 2687 2172 2743 χρι
2232 2664 2389 2721 τοῦδε
2439 2666 2732 2738 Ῥωμαίοις
2786 2666 2873 2721 καὶ
2934 2666 3299 2742 εἰρηνεύοντες
3360 2669 3479 2739 μετ’
3522 2666 3706 2735 αὐτῶν,

2079 2754 2247 2817 ἀδεῶς
2303 2778 2360 2810 τε
2411 2752 2685 2824 ἀλλήλοις
2745 2754 3099 2829 ἐπεμίγνυντο
3168 2756 3255 2809 καὶ
3340 2754 3615 2830 ἐμπόρους
3662 2754 3707 2815 ἐς

2077 2843 2361 2913 ἀλλήλους
2394 2844 2657 2916 ἔπεμπον.
2679 2845 2821 2898 Κατὰ
2845 2842 2901 2898 δὶ
2917 2848 3105 2898 τοῦτον
3138 2844 3227 2898 τὸν
3261 2844 3467 2919 χρόνον
3492 2842 3710 2921 φιλονει-

2076 2932 2197 2994 κίας
2247 2936 2543 3008 γενομένης
2595 2933 2645 2986 ἐν
2696 2932 2973 3004 Βυζαντίῳ
3034 2932 3165 3004 μετά
3238 2936 3400 2986 τινῶν
3471 2931 3709 3006 ἐμπόρων

2081 3023 2317 3088 Σκυθῶν,
2350 3018 2749 3094 συμπληγάδος
2777 3041 2834 3075 τε
2884 3020 2933 3089 ἐξ
2986 3020 3149 3074 αὐτοῦ
3207 3018 3710 3091 ἐπακολουθησάσης

2074 3111 2162 3164 καί
2244 3131 2389 3170 τινος
2469 3111 2677 3163 Σκύθου
2727 3110 3080 3186 φονευθέντος
3146 3109 3462 3187 ἐπιφανοῦς,
3523 3111 3550 3163 6
3602 3109 3709 3163 τότε

2074 3200 2366 3272 κατάρχων
2400 3202 2494 3251 τοῦ
2552 3199 2738 3272 γένοτς
2790 3198 2996 3251 τούτων
3034 3197 3403 3271 Βλαᾷιμηρὸς,
3436 3196 3573 3274 ἀνὴρ
3626 3198 3705 3271 ὁρ·

2078 3287 2275 3359 μητίας
2308 3287 2395 3341 καὶ
2427 3287 2493 3340 τὸ.
2538 3285 2729 3342 πολλὰ
2783 3287 2861 3357 τῷ
2910 3288 3067 3359 Θυμῷ
3122 3286 3510 3361 χαριζόμενος,
3551 3284 3704 3349 πυθό-

2073 3396 2234 3447 μενος
2288 3375 2349 3429 τὸ
2406 3370 2615 3445 συμϐὰν
2695 3375 2785 3429 καὶ
2871 3372 3261 3445 δεινοπαθήσας
3315 3374 3406 3429 καὶ
3469 3377 3545 3449 μή
3592 3371 3704 3435 δοὺς

2072 3459 2344 3532 ἀναϐολὴν
2404 3466 2439 3533 ἢ
2505 3465 2692 3538 καιρὸν
2760 3468 2839 3535 τῷ
2896 3466 3180 3536 κινήματι,
3238 3468 3346 3518 τῶν
3412 3466 3503 3519 ὑπ’
3558 3463 3703 3517 αὐτὸν

2070 3552 2285 3627 ἀγείρας
2366 3554 2489 3606 ὅσον
2555 3554 2826 3626 μάχιμον,
2886 3552 3443 3626 προσεταιρισάμενος
3518 3550 3571 3606 δὶ
3622 3549 3701 3605 καὶ

2070 3641 2419 3715 συμμαχικὸν
2468 3640 2569 3694 οὐκ
2623 3638 2814 3713 ὀλίγον
2874 3638 2979 3694 ἀπὸ
3033 3644 3139 3693 τῶν
3214 3641 3610 3695 κατοικούντων
3654 3638 3699 3692 ἐν

2065 3734 2181 3789 ταῖς
2234 3728 2619 3803 προσαρκτίοις
2675 3733 2770 3782 τοῦ
2821 3729 3073 3782 Ὠκεανοῦ
3137 3730 3325 3797 νήσοις
3376 3728 3565 3798 ἐθνῶν,
3619 3726 3699 3781 καὶ

2068 3815 2283 3885 πλῆθος
2315 3817 2591 3891 ἀθροίσας,
2627 3816 2700 3879 ὥς
2728 3838 2875 3895 φασι.
2905 3817 3027 3889 περὶ
3052 3817 3147 3878 τὰς
3190 3818 3375 3872 ὶκατὸν
3432 3815 3703 3893 χιλιάδας,

2067 3907 2155 3960 καὶ
2214 3904 2436 3967 πλοίοις
2493 3904 2784 3980 ἐγχωρίοις
2842 3911 2958 3967 τοῖς
3020 3904 3333 3980 λεγομένοις
3395 3904 3704 3978 μονοξύλοις

2070 3991 2328 4068 ἐμϐαλὼν
2390 3996 2525 4049 κατὰ
2577 4002 2677 4064 τῆς
2728 3991 2946 4056 πόλεως
2989 3994 3208 4067 ἐξορμᾷ.
3239 3998 3409 4048 Τοῦτο
3474 3993 3705 4066 μαθὼνό

2073 4082 2327 4160 βασιλεὺς
2386 4083 2590 4155 πέμπει
2651 4084 2742 4155 μέν
2808 4078 3159 4156 πρεσϐευτὰς,
3218 4081 3441 4152 ἐξαιτῶν
3493 4080 3705 4137 καταθέ-

2069 4186 2187 4237 σθαι
2218 4173 2286 4226 τὰ
2312 4170 2459 4226 ὅπλα
2487 4172 2577 4226 καὶ
2613 4171 3045 4246 ὑπισχνούμενος
3077 4170 3381 4242 ἐξιάσασθαι
3437 4172 3490 4226 εἷ’
3539 4193 3589 4225 τι
3644 4168 3704 4236 δή

2067 4263 2156 4316 καὶ
2214 4260 2431 4335 γέγονεν
2489 4258 2715 4330 ἄτοπον,
2773 4260 2863 4313 καὶ
2925 4261 3001 4332 μή
3062 4256 3150 4313 διὰ
3206 4259 3399 4333 μικρὸν
3464 4258 3702 4325 ἐθελῆσαι

2068 4354 2295 4425 πρᾶγμα
2326 4351 2424 4418 τὴν
2479 4349 2538 4403 ἐκ
2601 4353 2809 4422 μακροῦ
2858 4350 3215 4422 παγιωθεῖσαν
3264 4344 3517 4402 διαλῦσαι
3574 4346 3705 4421 εθρή·

2068 4461 2165 4507 νην
2212 4438 2301 4491 καὶ
2344 4438 2408 4493 τὰ
2458 4436 2580 4506 ἔθνη
2634 4442 2753 4492 κατ’
2783 4434 3052 4507 ἀλλήλων
3107 4436 3325 4509 ἀνάψαι·
3366 4435 3482 4491 ἐπεὶ
3536 4433 3589 4489 δὶ
3627 4432 3702 4488 δε-

2070 4529 2295 4598 ξάμενος
2344 4525 2503 4587 αὐτὸς
2558 4528 2624 4579 τὰ
2662 4526 2962 4600 γράμματα
3022 4524 3147 4586 τούς
3197 4545 3253 4578 τε
3285 4520 3541 4597 πρέσϐεις
3597 4522 3699 4577 ἀτί-

2070 4636 2186 4687 μως
2218 4612 2404 4685 ἐδίωξε
2432 4616 2521 4669 καὶ
2580 4613 2959 4690 ὑπερηφάνους
2997 4613 3086 4667 καὶ
3145 4608 3380 4687 σοϐαρὰς
3439 4611 3697 4667 ἀπέδωκεν

2068 4701 2395 4777 ἀπολογίας,
2433 4702 2761 4778 ἀπεγνωκὼς
2806 4703 2833 4755 6
2888 4699 3144 4775 βασιλεὺς
3187 4703 3289 4769 τὴν
3350 4700 3572 4775 εἰρήνην
3619 4697 3698 4753 καὶ

2067 4791 2226 4854 αὐτὸς
2274 4791 2346 4852 ὡς
2409 4790 2532 4860 ἐνῆν
2590 4791 3088 4864 ἀντιπαρετάττετο.
3124 4792 3204 4862 [Ρ.
3240 4792 3368 4861 759]
3423 4791 3529 4846 Καὶ
3582 4788 3698 4848 τοὺς

2071 4882 2165 4952 μὶν
2199 4878 2567 4952 ἐνδημοῦντας
2602 4884 2668 4952 τῇ
2704 4876 2942 4955 βασιλίδι
2976 4877 3250 4953 ἐμπόρους
3300 4883 3408 4933 τῶν
3469 4878 3694 4944 Σκυθῶν,

2066 4964 2142 5022 ἔτι
2203 4966 2260 5021 δὲ
2315 4968 2405 5021 καὶ
2458 4967 2587 5029 τοὺς
2617 4967 2752 5022 κατὰ
2784 4966 3105 5041 συμμαχίαν
3139 4967 3409 5041 παρόντας
3459 4965 3695 5037 διασκορ-

2064 5061 2229 5121 πίσας
2289 5058 2339 5114 ἐν
2394 5065 2510 5121 τοῖς
2571 5061 2784 5132 θέμασι,
2844 5058 2935 5112 καὶ
2995 5057 3435 5131 ἀσφαλισάμενος
3487 5056 3578 5111 ’ίνα
3628 5054 3695 5127 μὴ

2063 5149 2153 5203 καὶ
2204 5150 2309 5203 ἀπὸ
2366 5152 2473 5203 τῶν
2520 5146 2673 5203 ἓνδον
2744 5143 3015 5216 ἐπιϐουλή
3076 5168 3160 5209 τις
3217 5147 3500 5222 ἀνεγερθῇ,
3558 5146 3627 5205 ὡς
3672 5143 3695 5196 6

2062 5238 2251 5313 καιρὸς
2312 5234 2491 5292 ἐδίδου
2543 5239 2633 5292 καὶ
2690 5237 2751 5291 τὸ
2808 5240 2905 5290 τοῦ
2958 5233 3120 5311 ἔργου
3152 5235 3469 5311 ὀξύρροπον,
3500 5237 3593 5295 τάς
3647 5252 3696 5284 τε

2068 5325 2353 5402 βασιλικὰς
2380 5325 2665 5403 ἐξαρτύσας
2691 5328 2935 5401 τριήρεις
2984 5324 3074 5378 καὶ
3135 5322 3307 5385 ἄλλας
3365 5323 3460 5379 οὐκ
3510 5322 3694 5396 ὀλίγας

2062 5416 2167 5469 ἀπὸ
2196 5420 2301 5470 τῶν
2337 5415 2612 5471 εὐσταλῶν
2670 5415 2760 5469 καὶ
2816 5413 3057 5489 κούφων,
3086 5413 3177 5467 καὶ
3227 5410 3361 5468 λαοῦ
3408 5411 3694 5486 πληρώσας

2061 5503 2166 5557 ἀπὸ
2213 5508 2320 5558 τῶν
2360 5503 2786 5579 παρατυχόντων
2839 5500 2890 5556 ἐν
2934 5501 3209 5572 Βυζαντίῳ
3265 5502 3386 5556 τότε
3440 5520 3691 5576 στρατιω-

2056 5596 2187 5659 τῶν,
2218 5593 2307 5647 καὶ
2366 5592 2537 5662 αὐτῆς
2588 5593 2747 5654 οὗτος
2804 5595 2885 5664 τῷ
2943 5588 3212 5666 βασιλικῷ
3240 5586 3429 5654 ἐπιϐὰς
3455 5586 3689 5663 δρόμωνι

2060 5680 2217 5753 ἔξεισι
2288 5682 2377 5737 καὶ
2443 5687 2559 5745 τοῖς
2635 5681 2868 5743 Σκύθαις
2942 5676 3252 5751 ἄπαντιάζει
3306 5678 3439 5735 κατὰ
3484 5679 3547 5733 τὸ
3600 5680 3688 5732 τοῦ
