3972 6146
230 370 321 429 285

1344 369 1885 434 HISTORIARUM
1932 370 2471 435 COMPENDIUM.

3492 361 3610 423 286

230 498 409 552 Πόντου
470 495 647 569 στόμα
706 494 757 550 ἒν
816 501 897 569 τῷ
954 497 1239 572 λεγομένῳ
1294 497 1625 575 ναυλοχοῢσι
1668 500 1852 575 Φάρῳ,

1971 520 2102 558 rum
2132 508 2351 558 motum
2388 499 3043 573 exspectantibus.Cum
3066 503 3301 569 tempus
3329 497 3615 550 tereretur

226 585 591 658 παρεπομένην
644 578 788 659 ἔχων
849 581 937 638 διὰ
960 591 1059 653 τῆς
1092 586 1257 659 ξηρᾶς
1291 590 1378 641 καὶ
1416 588 1645 658 ἱππικὴν
1697 610 1855 663 στρα-

220 676 321 727 xxiv
381 674 479 727 οὐκ
534 673 751 747 ὀλίγην.
801 674 951 729 Ἐπεὶ
1011 672 1067 729 δὲ
1124 675 1491 749 ἀντιμέτωποι
1525 674 1752 748 ἔστησαν
1803 680 1857 733 αἱ

221 762 479 835 δυνάμεις,
541 761 699 837 ἔργου
764 764 856 834 μὶν
908 761 1188 840 οὐδέτερον
1247 767 1409 839 μέρος
1437 765 1659 835 ἥπτετο’
1720 766 1772 822 o'i
1800 790 1859 823 τε

219 851 308 926 γάρ
378 849 581 913 Σκύθαι
662 850 749 903 ἐπὶ
815 856 910 905 τοῦ
986 848 1209 924 λιμένος
1288 848 1411 909 ἔνθα
1492 857 1854 931 προσώρμουν

220 938 430 999 ἑστῶτες
491 940 728 1010 ἡσυγίαν
779 941 937 1015 ἦγον,
994 942 1083 995 καὶ
1138 944 1165 996 ὁ
1228 943 1479 1017 βασιλεὺς
1511 945 1608 1011 τήν
1641 944 1855 1000 ἐκείνων

219 1030 530 1103 προσμένων
608 1028 823 1096 κίνησιν
898 1030 1189 1106 ἐκαρτὲρει.
1270 1034 1415 1088 Ἐπεὶ
1474 1030 1531 1086 δὶ
1588 1035 1616 1086 ὁ
1671 1035 1857 1108 καιρὸς

222 1112 443 1191 ἐτρίϐετο
497 1116 586 1171 καὶ
641 1119 675 1186 ἡ
731 1116 848 1193 ὣρα
902 1120 969 1186 ἧν
1024 1121 1157 1195 πρὸς
1189 1121 1308 1194 ὁψὶ,
1366 1118 1673 1197 πρέσϐειςὸ
1710 1123 1859 1197 βασι-

224 1205 333 1267 λεὺς
382 1204 556 1260 πάλιν
615 1205 876 1279 ἐκπέμπει
910 1208 1033 1283 περὶ
1090 1208 1329 1283 εἰρήνης,
1378 1210 1469 1263 καὶ
1526 1209 1691 1264 πάλιν
1743 1211 1859 1265 ἀτί-

227 1315 325 1366 μως
374 1294 697 1366 ἀποπέμπει
750 1294 975 1359 τούτους
1033 1298 1061 1350 ὁ
1114 1293 1386 1373 βάρϐαρος
1420 1343 1432 1366 ,
1497 1297 1760 1370 μηνύσας,
1815 1299 1866 1354 εἶ’

227 1384 467 1457 βούλεται
525 1388 608 1454 τῷ
670 1382 888 1456 βασιλεῖ
955 1384 1271 1448 καταθέσθαι
1329 1388 1396 1440 τὰ
1451 1386 1617 1453 ὅπλα,
1676 1386 1858 1442 δοῦναι

223 1473 355 1527 παντὶ
387 1477 473 1542 τῷ
532 1471 780 1545 ἑπομένῳ
837 1473 981 1545 αὐτῷ
1014 1480 1225 1549 στρατῷ
1256 1476 1353 1529 ἀνά
1385 1476 1616 1551 χρυσίου
1675 1474 1861 1551 λίτρας

223 1567 365 1633 τρεῖς.
431 1562 766 1637 Ἀμηχάνου
820 1560 877 1616 δὲ
923 1564 1175 1639 φανείσης
1206 1572 1303 1635 τῆς
1357 1564 1690 1640 ἀποκρίσεως
1724 1564 1861 1640 ἔγνω

230 1648 312 1704 Ξεῖν
362 1646 535 1725 ἔργου
593 1649 832 1725 ἔχεσθαι.
892 1653 980 1713 Ὡς
1039 1650 1084 1707 δ’
1145 1653 1333 1708 ἐκεῖνοι
1393 1655 1627 1730 ἀτρέμας
1684 1661 1859 1732 εἰχον,

232 1738 708 1812 μεταστειλάμενος
741 1742 769 1795 ὁ
806 1741 1058 1815 βασιλεὺς
1100 1743 1190 1797 τὸν
1224 1744 1518 1819 μάγιστροιι
1578 1745 1858 1801 Βασίλειον

1968 598 2023 645 et
2056 593 2125 646 ad
2179 609 2478 663 vesperam
2532 592 2656 645 dies
2723 588 3053 655 inclinaret,
3107 602 3341 640 rursum
3397 583 3615 653 legatos

1968 682 2039 734 de
2071 697 2209 751 pace
2241 683 2421 734 mittit
2452 681 2787 749 imperator,
2815 693 3031 747 eosque
3047 690 3283 729 rursum
3309 678 3613 727 contume-

1970 770 2110 824 liose
2144 771 2431 824 barbarus
2464 770 2669 839 reiicit,
2706 785 2817 821 non
2854 766 3023 820 aliter
3077 781 3139 819 se
3189 779 3350 817 arma
3386 759 3617 831 deposi-

1970 864 2166 913 turum
2195 858 2532 929 significans
2556 874 2733 928 quam
2758 854 3011 925 acceptis
3035 855 3091 908 in
3114 852 3347 923 singula
3371 864 3615 904 suorum

1969 947 2405 1003 classiariorum
2439 948 2632 1017 capita
2674 945 2863 1000 tribus
2920 943 3042 998 auri
3093 941 3282 996 libris.
3331 942 3493 1004 Quod
3530 955 3619 992 re-

1969 1054 2254 1106 sponsum
2306 1054 2436 1090 cum
2470 1038 2691 1090 videret
2721 1048 2954 1089 summe
2985 1032 3330 1095 absurdum,
3364 1030 3615 1098 impera-

1970 1128 2059 1178 tor
2091 1141 2286 1196 pugna
2308 1125 2738 1179 decernendum
2764 1120 3385 1189 statuit.Barbarisque
3410 1116 3616 1171 etiam-

1973 1231 2110 1268 num
2145 1214 2606 1284 quiescentibus,
2637 1218 2835 1267 vocato
2867 1211 2935 1264 ad
2989 1225 3050 1264 se
3084 1208 3365 1279 magistro
3402 1204 3615 1260 Basilio

1971 1311 2423 1367 Theodorocano
2469 1312 2705 1365 mandat
2757 1314 2820 1363 ut
2889 1324 3020 1362 cum
3071 1307 3260 1361 tribus
3315 1304 3613 1358 velocibus

1969 1400 2307 1454 triremibus
2385 1400 2493 1454 levi
2557 1416 2752 1471 pugna
2809 1397 3051 1469 Scythas
3094 1400 3278 1449 tentet
3322 1398 3496 1463 atque
3540 1391 3613 1446 ad

1972 1489 2234 1560 praelium
2269 1488 2825 1560 provocot.Basilius
2856 1485 3109 1557 acceptis
3138 1483 3477 1539 triremibus
3498 1495 3615 1535 non

1934 1577 2077 1645 _levi
2130 1580 2324 1648 prasino
2363 1595 2559 1633 eorum
2614 1578 2843 1631 animos
2888 1575 3170 1645 explorat,
3230 1574 3329 1627 sed
3381 1572 3437 1625 in
3492 1587 3613 1625 me-

1972 1667 2097 1719 dios
2156 1668 2308 1723 553
2363 1668 2558 1721 hostes
2628 1666 2889 1719 invectus
2934 1668 3154 1734 septem
3216 1677 3390 1717 naves
3440 1659 3618 1714 artiﬁ-

1973 1756 2128 1811 cioso
2161 1756 2294 1825 igne
2339 1760 2582 1820 cremat,
2619 1760 2732 1808 tres
2759 1771 2890 1807 cum
2952 1753 3096 1824 ipsis
3142 1748 3475 1805 vectoribus
3525 1749 3619 1803 de-

223 1836 297 1890 τὸν
355 1834 781 1909 Θεοδωροκάνον
839 1844 983 1913 τρεῖς
1043 1839 1320 1917 εἶκηφέναι
1379 1844 1696 1915 προστάττει
1745 1864 1859 1916 τρι-

243 1929 251 1940 ,
398 1923 423 1940 ι.
566 1923 617 1940 ι..
785 1926 797 1940 .
846 1927 857 1940 .
939 1928 956 1940 ς
1038 1934 1060 1940 _
1196 1930 1206 1940 .
1272 1930 1285 1940 .
1512 1931 1521 1940 .
1806 1936 1826 1940 ,_

1980 1845 2210 1915 mergit,
2245 1860 2474 1915 unaque
2506 1845 2742 1915 potitur,
2799 1844 2853 1895 in
2887 1858 3012 1896 eam
3048 1840 3317 1894 insiliens
3364 1843 3420 1893 et
3466 1837 3616 1893 clas-

228 1929 359 1997 ήρεις
394 1923 682 1999 δρομάδας
710 1926 799 1980 καὶ
835 1927 1087 1991 ἀπελθεῖν
1119 1930 1209 1982 καὶ
1262 1930 1720 2003 ἀποπειράσασθαι
1762 1936 1869 1986 τῶν

232 2020 469 2086 Σκυθῶν,
533 2012 681 2089 εἶίττερ
745 2013 996 2087 δυνηθείη
1049 2013 1547 2092 ἀκροϐολιζόμενος
1586 2023 1721 2095 πρὸς
1768 2022 1868 2075 πό-

228 2101 383 2175 λεμον
417 2102 622 2163 αὐτοὺς
682 2106 1099 2161 σπισπάσασθαι.
1158 2108 1215 2160 'O
1269 2104 1325 2162 δὲ
1352 2110 1445 2170 τὰς
1501 2112 1742 2184 τριήρεις
1800 2111 1869 2165 εί-

225 2189 407 2268 ληνξώς
456 2193 552 2246 καὶ
583 2193 720 2267 πρὸς
769 2193 895 2255 τοὺς
948 2194 1154 2258 Σκύθας
1180 2197 1470 2271 γενόμενος
1499 2199 1563 2252 ού
1603 2196 1671 2252 δι’
1702 2199 1866 2275 ἀκρο-

219 2275 489 2354 ϐολισμοῦ
539 2289 638 2350 τῆς
697 2282 871 2337 αὐτῶν
936 2283 1261 2360 ἀπεπειρᾶτο
1319 2287 1561 2360 γνώμης,
1622 2286 1747 2342 ἀλλ’
1790 2288 1865 2350 εἷς

216 2369 409 2438 μέσους
458 2371 650 2425 ἑαυτὸν
704 2370 920 2441 ὠθῆσας
970 2374 1103 2427 εῖττά
1164 2376 1257 2446 μὲν
1314 2360 1488 2451 σκάφη
1539 2381 1617 2447 τῷ
1676 2397 1863 2430 σκευα-

210 2463 315 2529 στῷ
366 2460 697 2536 καταφλέγει
750 2461 903 2535 πυρὶ,
934 2462 1058 2536 τρία
1118 2460 1175 2517 δὲ
1232 2461 1498 2538 αύτανδρα
1536 2465 1862 2519 καταποντί-

212 2550 304 2613 ζει.
372 2548 664 2620 Χειροῦται
701 2546 756 2601 δὶ
803 2549 890 2603 καὶ
938 2546 992 2602 ἓν
1027 2549 1185 2612 αὐτὸς
1238 2549 1573 2622 εἰσπηδήσας
1606 2553 1681 2613 εἰς
1711 2553 1862 2626 αὐτὸ,

207 2642 293 2695 καὶ
344 2650 459 2698 τῶν
517 2642 663 2698 ἔνδον
720 2646 810 2707 οὕς
875 2647 968 2718 μὶν
1029 2648 1353 2725 ἀποσφάξας,
1412 2650 1502 2711 οὖς
1538 2647 1593 2704 δὲ
1622 2652 1710 2705 καὶ
1742 2672 1865 2727 τρο-

208 2731 553 2803 πωσάμενος,
612 2736 710 2801 τήν
769 2734 984 2807 τόλμην
1053 2736 1494 2813 καταπλαγέντας
1553 2740 1736 2795 αὐτοῦ.
1797 2742 1863 2797 Οἱ

213 2817 267 2873 δέ
317 2822 545 2887 Σκύθαι,
594 2823 683 2876 καὶ
741 2824 830 2877 τὸν
874 2824 1098 2897 βασιλέα
1144 2823 1251 2896 ἤδη
1282 2828 1509 2901 ὁρῶντες
1565 2828 1862 2905 ἐρχόμενον

216 2910 302 2961 συν
341 2910 502 2964 παντὶ
533 2916 614 2982 τῷ
644 2911 847 2983 στόλῳ,
874 2913 961 2967 καὶ
994 2913 1373 2988 λογισάμενοι,
1429 2916 1559 2991 ὅπερ
1590 2920 1655 2987 ἦν
1694 2919 1860 2991 εἰκὸς,

217 2996 259 3050 εί
312 3005 542 3053 τοιαῦτα
610 3000 907 3055 πεπόνθασι
976 3005 1119 3077 τρισὶ
1189 3007 1464 3079 τριήρεσιν
1522 3006 1861 3070 ἀντιστάντες

218 3086 588 3160 πολεμούσαις
625 3134 637 3154 ,
689 3089 741 3143 τί
798 3090 859 3144 ἂν
916 3093 1136 3155 πάθοιεν
1198 3094 1511 3167 βιαζόμενοι
1564 3096 1723 3150 παντὶ
1780 3102 1860 3168 τῷ

214 3175 389 3248 στόλῳ
446 3178 875 3249 συμπλέκεσθαι,
941 3177 1249 3253 ἀπέϐλεψαν
1308 3183 1443 3258 πρὸς
1509 3187 1705 3261 φυγὴν,
1764 3186 1852 3239 καὶ

1978 1932 2184 1987 siarios
2242 1935 2455 2003 partim
2514 1934 2764 2000 caadeus,
2844 1932 3055 2001 partim
3127 1928 3372 1984 audacia
3429 1927 3617 2000 ipsius

1981 2023 2313 2091 perterritos
2362 2023 2592 2091 fugatis.
2647 2021 2869 2093 Scythas
2927 2037 3056 2074 cum
3112 2018 3384 2073 universa
3429 2018 3617 2071 classe

1977 2115 2246 2165 accedere
2275 2111 2685 2181 imperatorem
2712 2112 2996 2177 videntes,
3030 2113 3204 2179 atque
3252 2107 3308 2161 id
3336 2107 3487 2178 quod
3526 2122 3616 2160 res

1976 2204 2099 2253 erat
2129 2199 2475 2271 cogitantes,
2509 2217 2639 2254 cum
2688 2216 2757 2253 ne
2790 2199 2967 2252 trium
3012 2198 3247 2268 quidem
3285 2196 3614 2250 triremium

1976 2288 2407 2343 sustinuissent
2445 2288 2752 2359 impetum,
2798 2287 2938 2358 quid
2981 2291 3323 2341 eventurum
3379 2290 3533 2339 esset
3567 2283 3616 2338 si

1975 2394 2107 2430 cum
2140 2382 2261 2431 tota
2287 2377 2475 2432 classe
2497 2377 2926 2447 conﬂigendum
2953 2376 3115 2441 foret,
3143 2375 3337 2445 fugam
3373 2373 3613 2439 faciunt,

1975 2480 2029 2529 et
2053 2476 2195 2529 sein
2231 2476 2422 2529 locum
2460 2475 2841 2529 immittentes
2881 2491 3018 2528 saxa
3066 2489 3131 2527 ac
3172 2472 3445 2543 scopulos
3503 2471 3613 2525 sub

1980 2563 2123 2617 mari
2177 2564 2583 2619 delitescentes
2657 2563 2968 2617 habentem
3044 2561 3352 2633 plerasque
3441 2575 3616 2615 naves

1976 2654 2250 2722 perdunt.
2284 2654 2393 2708 Sed
2427 2658 2483 2707 et
2515 2652 2731 2706 milites
2761 2669 2791 2706 e
2821 2650 3145 2706 continenti
3174 2666 3272 2705 eos
3302 2648 3610 2715 invadunt,

1976 2757 2362 2809 magnamque
2390 2748 2642 2811 stragem
2679 2741 2879 2794 edunt.
2912 2744 3060 2793 Sane
3110 2739 3455 2793 cadaverum
3507 2735 3610 2790 ho-

1972 2829 2193 2883 stilium
2225 2831 2280 2883 in
2317 2830 2505 2884 littore
2527 2832 2759 2882 inventa
2783 2835 2921 2882 sunt
2944 2828 3249 2898 postmodo
3272 2825 3606 2897 quindecim

1973 2918 2206 2974 circiter
2237 2918 2440 2973 millia.
2477 2919 2779 2989 Superatis
2815 2917 2920 2971 hoc
2955 2921 3120 2987 pacto
3144 2916 3396 2987 Scythis,
3424 2915 3605 2985 impe-

1972 3015 2128 3063 rator
2175 3014 2359 3062 totum
2423 3008 2665 3062 biduum
2726 3007 2802 3061 ibi
2878 3006 3136 3062 locorum
3208 3009 3603 3060 commoratus

1970 3096 2135 3150 tertio
2170 3096 2261 3150 die
2292 3096 2632 3167 Byzantium
2668 3096 2861 3158 rediit,
2896 3096 3126 3149 duabus
3169 3095 3499 3163 legionibus
3553 3098 3609 3147 et

1970 3200 2145 3254 quam
2178 3192 2385 3238 vocant
2408 3185 2745 3238 sodalitates
2797 3182 3035 3249 relictis,
3078 3183 3329 3237 ducibus
3371 3181 3603 3236 Nicolao

208 3265 279 3327 c";
323 3266 492 3319 τόπον
554 3267 943 3344 ἀπορῥιφέντες
1006 3268 1307 3333 σκοπέλους
1353 3243 1559 3347 ’ἔχοντα
1593 3243 1702 3328 ’καὶ
1754 3274 1850 3330 πέ-

1967 3273 2324 3328 cubiculario
2390 3277 2446 3327 et
2506 3275 2784 3343 magistro
2863 3271 3076 3326 Basilio
3154 3271 3604 3325 Theodorocano

199 3374 327 3426 τρας
384 3354 629 3432 ὑφάλους
685 3357 751 3410 τά
804 3355 977 3411 πλείω
1032 3364 1139 3413 τῶν
1217 3367 1433 3437 σκαφῶν
1494 3358 1853 3431 ἀπεϐάλοντο,

200 3440 588 3515 ἐπιτιθεμένων
622 3444 835 3506 τούτοις
898 3447 1003 3500 ἀπὸ
1048 3454 1147 3515 τῆς
1198 3451 1363 3522 ξηρᾶς
1409 3450 1635 3503 καὶτῶν
1682 3473 1851 3526 παρα-

198 3533 586 3603 πορευομένων
660 3540 1004 3607 στρατιωτῶν
1059 3536 1148 3589 καὶ
1220 3535 1579 3593 ἀπολλύντων
1636 3540 1849 3612 αὐτοὺς,

196 3627 267 3688 ὡς
326 3631 618 3703 εὑρεθῆναι
690 3631 824 3702 μετά
882 3637 1047 3686 ταῦτα
1101 3632 1321 3707 νεκροὺς
1380 3634 1739 3710 ἐρριμμένους
1797 3638 1847 3692 έν

192 3721 305 3777 τοῖς
336 3716 619 3791 αἰγιαλοῖς
652 3719 790 3796 ἀμφὶ
822 3721 913 3781 τὰς
945 3722 1001 3773 ιε’
1050 3719 1332 3796 χιλιάδας.
1373 3726 1430 3779 Ὁ
1492 3725 1585 3797 μὶν
1620 3726 1709 3780 οὖν
1748 3727 1847 3801 βα-

193 3803 378 3865 σιλεὺς
424 3807 562 3875 μετά
618 3809 719 3875 τήν
771 3812 878 3861 τῶν
939 3814 1159 3872 Σκυθῶν
1216 3812 1381 3879 ἧτταν
1441 3810 1521 3890 ἐφ’
1577 3812 1709 3876 ὅλας
1751 3812 1846 3869 δύο

191 3892 530 3965 προσμείνας
564 3898 568 3901 ⁷
606 3893 839 3968 ἡμέρας,
914 3899 1050 3951 κατά
1124 3899 1221 3967 τὴν
1275 3901 1462 3973 τρίτην
1519 3901 1843 3979 ύπέστρεψεν

191 3981 265 4042 τίς
322 3984 428 4049 τήν
496 3980 773 4056 βασιλίδα,
808 3984 902 4039 δύο
958 3987 1202 4059 τάγματα
1256 3991 1570 4044 καταλιπὼν
1628 3992 1843 4055 καὶτὰς

190 4065 493 4143 λεγομένας
555 4071 841 4146 ἑταιρείας,
896 4074 982 4150 ὑφ’
1041 4077 1272 4149 ἡγεμόνι
1328 4079 1627 4151 ταττόμενα
1686 4088 1843 4135 Νικο-

189 4157 305 4229 λάῳ
366 4163 450 4229 τῷ
510 4162 994 4234 παρακοιμωμένῷ
1024 4166 1109 4236 [Ρ.
1136 4167 1263 4240 760]
1316 4167 1405 4220 καὶ
1439 4168 1703 4241 Βασιλείῳ
1739 4190 1839 4241 μα-

182 4245 389 4320 γίστρῳ
459 4252 542 4317 τῷ
599 4246 1042 4324 Θεοδωροκάνῳ,
1119 4251 1200 4327 ἐφ’
1254 4256 1299 4326 ᾦ
1362 4254 1489 4317 τοὺς
1556 4256 1838 4330 αἰγιαλοὺς

181 4332 501 4389 ἐπισκοπεῖν
559 4337 650 4389 καὶ
698 4340 1059 4414 παρατρέχειν
1135 4341 1225 4396 καὶ
1280 4341 1689 4416 φυλάττεσθαι,
1760 4348 1833 4418 μή

182 4444 260 4484 τις
318 4420 594 4487 ἀπόϐασις
654 4426 876 4500 γένηται
930 4433 1038 4482 τῶν
1086 4426 1399 4507 Βαρϐάρων,
1460 4432 1552 4487 τὸν
1582 4431 1638 4487 δὲ
1664 4433 1837 4489 πάντα

182 4512 381 4567 στόλον
405 4514 543 4566 κατά
590 4514 678 4568 τὸν
734 4516 914 4590 Φάρον
947 4518 1268 4592 προσμένειν
1300 4518 1578 4581 κελεύσας.
1650 4522 1745 4575 Καὶ
1806 4524 1834 4577 ὁ

1968 3365 2240 3418 mandato
2274 3369 2335 3417 ut
2366 3379 2526 3417 oram
2562 3362 2914 3417 maritimam
2973 3360 3355 3423 custodirent,
3418 3374 3605 3429 neque

1964 3452 2399 3506 exscensionem
2436 3452 2619 3505 facere
2666 3449 2953 3505 Barbaros
3015 3453 3371 3519 paterentur,
3424 3453 3604 3518 utque

1965 3544 2088 3593 tota
2120 3539 2327 3593 classis
2378 3539 2530 3611 apud
2582 3539 2836 3593 Pharum
2888 3539 2945 3592 in
2998 3538 3253 3593 statione
3305 3540 3479 3591 esset.
3534 3534 3603 3590 Hi

1961 3628 2179 3692 littora,
2210 3634 2269 3682 ut
2292 3628 2445 3698 jussi
2480 3633 2665 3694 erant,
2701 3627 3151 3693 circumeuntes,
3178 3643 3293 3696 qua
3324 3625 3604 3680 cadavera

1960 3715 2349 3770 Barbarorum
2384 3718 2847 3786 aestusejecerat,
2885 3717 3102 3787 ingenti
3133 3718 3325 3785 praeda
3350 3731 3414 3769 ac
3463 3729 3598 3783 spo-

1957 3804 2051 3858 liis
2096 3806 2261 3874 potiti
2311 3814 2472 3860 sunt.
2520 3806 2725 3859 Verum
2780 3807 2991 3875 viginti
3040 3810 3294 3874 quatuor
3331 3804 3600 3857 triremes

1958 3893 2253 3958 Romanae,
2281 3894 2433 3950 554
2466 3896 2676 3948 avulsa:
2708 3895 2778 3947 ab
2814 3893 3037 3963 reliqua
3067 3892 3275 3958 classe,
3310 3892 3600 3963 fugientes

1953 3984 2239 4037 Barbaros
2271 3983 2544 4037 insecuta:
2577 3998 2793 4053 eosque
2820 3985 3202 4053 praetervecta:
3250 3985 3411 4047 sunt,
3464 3995 3595 4033 cum

1952 4072 1990 4125 ii
2031 4071 2089 4125 in
2113 4074 2425 4142 quemdam
2455 4079 2685 4142 portum
2714 4088 2885 4125 naves
2916 4068 3593 4141 subduxissentScythaz

1951 4176 2087 4231 ergo
2122 4162 2413 4230 paucitate
2447 4159 2748 4215 hostilium
2785 4161 3019 4213 navium
3050 4160 3304 4229 cognita,
3337 4174 3594 4229 comper-

1949 4254 2126 4319 toque
2160 4265 2270 4302 non
2296 4248 2491 4319 plures
2545 4264 2671 4303 esse
2718 4265 2899 4319 quam
2949 4249 3083 4302 visae
3139 4253 3322 4317 erant,
3380 4265 3413 4302 a
3461 4263 3591 4317 pro-

1950 4338 2254 4393 montoriis
2286 4338 2356 4393 ab
2408 4344 2653 4407 utraque
2713 4343 2875 4408 parte
2935 4337 3065 4393 sitis
3115 4354 3333 4393 cornua
3390 4341 3591 4391 exten-

1946 4428 2179 4494 derunt,
2206 4434 2262 4482 et
2290 4433 2561 4482 contenta
2586 4428 2675 4481 usi
2739 4428 3117 4498 remigatione
3168 4425 3590 4482 circumvenire

1947 4532 2045 4569 eas
2088 4520 2408 4585 coeperunt.
2465 4516 2706 4569 Romani
2771 4515 2959 4584 priore
3004 4514 3200 4569 labore
3266 4511 3589 4583 remigandi

188 4599 277 4668 μὲν
337 4600 601 4675 βασιλεὺς
658 4607 824 4657 ταῦτα
882 4603 1308 4680 διαπραξάμενος
1367 4607 1615 4678 εἰσῆλθεν
1666 4611 1741 4674 εἷς
1770 4612 1831 4667 τὸ

1970 4604 2413 4675 nsequendique
2433 4603 2755 4674 defatigati,
2785 4610 2841 4659 et
2874 4603 3252 4659 multitudine
3282 4601 3588 4656 hostilium

186 4690 500 4757 Βυζάντιον,
562 4690 615 4743 οἱ
672 4691 797 4767 περὶ
855 4694 943 4747 τὸν
986 4697 1478 4770 παρακοιμώμενον
1540 4695 1713 4753 δὲκαὶ
1743 4700 1834 4753 τὸν

185 4774 609 4851 Θεοδωροκάνον
641 4780 768 4841 τοὺς
816 4780 1100 4855 αΐγιαλοὺς
1156 4787 1478 4859 περιιόντες,
1530 4785 1653 4850 ἔνθα
1706 4788 1837 4860 μετά

180 4864 276 4930 τήν
338 4868 555 4939 τροπὴν
606 4863 896 4940 ἐξεϐράσθη
947 4871 1013 4925 τὰ
1070 4871 1294 4945 σώματα
1345 4878 1453 4929 τῶν
1513 4871 1831 4951 Βαρϐάρων,

179 4959 405 5030 πολλῆς
484 4963 633 5025 λείας
704 4966 794 5019 καὶ
870 4965 1082 5022 σκύλων
1155 4969 1401 5044 ἐγένοντο
1468 4971 1667 5044 κύριοι.
1730 4973 1832 5029 Καὶ

175 5051 423 5124 τριήρεις
484 5050 543 5105 δί
595 5053 857 5129 τέσσαρας
907 5055 992 5110 ἐπὶ
1052 5056 1219 5113 εἷ’κοσι
1278 5064 1375 5115 τοῦ
1407 5059 1604 5116 λοιποῦ
1632 5059 1833 5137 διαιρε-

173 5138 347 5192 θεῖσαι
394 5138 594 5194 στόλου
655 5140 872 5198 ε’ίποντο
932 5149 1184 5221 φεύγουσι
1242 5154 1359 5211 τοῖς
1411 5146 1731 5224 Βαρϐάροις’
1776 5146 1829 5204 ἓν

173 5245 275 5279 τινι
340 5225 402 5281 δὶ
454 5228 652 5302 κόλπῳ
708 5230 1129 5308 ναυλοχούντων
1159 5236 1331 5291 αὐτῶν
1360 5238 1641 5314 παρῆλθον
1674 5239 1829 5294 αὗται

174 5311 495 5373 διώκουσαι.
554 5319 655 5373 Καὶ
685 5321 903 5394 γνόντες
937 5323 987 5376 οἱ
1013 5323 1214 5379 Σκύθαι
1244 5327 1341 5394 τήν
1372 5325 1691 5401 ὀλιγότητα,
1740 5328 1828 5383 καὶ

172 5399 421 5477 ἀκριϐῶς
463 5404 868 5471 καταλαϐόντες
900 5410 973 5474 ὡς
1019 5412 1083 5466 ού
1134 5414 1356 5477 πλείους
1401 5399 1507 5471 τῶν
1567 5417 1825 5494 φαινομέ-

171 5512 272 5544 νων
312 5493 474 5559 εἰσὶν,
523 5496 916 5570 ὑπερκερώσεις
967 5503 1330 5575 ποιησάμενοι
1387 5504 1492 5558 ἀπὸ
1539 5493 1636 5559 τοῦ
1680 5505 1826 5569 ἔνθεν

173 5580 419 5668 κάκεῖθεν
476 5583 823 5657 ἀκρωτηρίου
881 5587 972 5641 καὶ
1031 5591 1266 5664 συντόνῳ
1320 5596 1388 5667 τῇ
1450 5592 1646 5666 εἰρεσίᾳ
1679 5593 1826 5668 χρώ·

179 5688 326 5736 μενοι
381 5667 640 5727 ἔσπευδον
672 5671 1122 5748 ἕγκολπώσασθαι
1152 5679 1277 5742 τοὺς
1314 5681 1601 5744 ἐναντίους.
1658 5667 1719 5736 0i
1768 5679 1826 5737 δὲ

1949 4695 2184 4748 navium
2244 4692 2554 4765 perterriti,
2616 4694 2686 4748 ad
2731 4693 2925 4765 fugam
2983 4691 3361 4747 inclinarunt.
3443 4690 3586 4745 Cum

1948 4788 2143 4837 autem
2183 4782 2496 4837 barbaricas
2522 4799 2693 4837 naves
2730 4783 2925 4838 fauces
2957 4782 3121 4836 sinus
3167 4778 3587 4835 circumdedis-

1948 4878 2077 4923 sent
2109 4877 2163 4924 et
2193 4870 2250 4924 in
2286 4872 2472 4925 altum
2505 4875 2660 4925 exire
2692 4888 2803 4925 non
2845 4872 3100 4934 daretur,
3159 4867 3584 4924 Constantinus

1948 4959 2230 5029 patricius
2262 4959 2629 5014 Caballurius
2660 4960 3144 5031 Cibyrraaotarum
3166 4959 3304 5023 dux,
3327 4973 3458 5011 eum
3480 4973 3587 5010 sua

1944 5052 2002 5103 et
2032 5047 2163 5103 aliis
2191 5050 2387 5103 decem
2438 5048 2775 5104 triremibus
2823 5047 3046 5102 fortiter
3096 5046 3155 5100 in
3204 5046 3432 5100 hostem
3487 5061 3586 5115 pu-

1943 5153 2154 5205 gnans,
2198 5136 2466 5192 concisus
2514 5142 2619 5191 est.
2674 5140 2866 5206 Capta:
2927 5153 2959 5189 a
3011 5135 3279 5189 Barbaris
3334 5139 3587 5205 quatuor

1942 5235 2211 5290 triremes
2243 5252 2375 5289 eum
2408 5234 2554 5305 ipsis
2581 5234 2931 5298 vectoribus,
2960 5233 3206 5304 ipsaque
3224 5234 3400 5288 etiam
3443 5248 3584 5303 prte—

1942 5325 2091 5378 toria
2122 5324 2307 5378 navis.
2334 5322 2611 5377 Homines
2644 5322 2702 5377 in
2747 5323 2818 5376 iis
2862 5339 3065 5378 omnes
3110 5322 3420 5378 interfecti.
3472 5322 3581 5377 Re-

1940 5411 2111 5483 liquas
2144 5413 2540 5467 Romanorum
2575 5427 2749 5466 naves
2782 5410 2839 5466 in
2874 5412 3089 5477 brevia,
3122 5411 3317 5467 littora
3366 5412 3584 5466 incom-

1940 5503 2113 5555 moda
2138 5508 2195 5557 et
2218 5518 2357 5555 saxa
2385 5500 2579 5569 ejecta;
2642 5516 2706 5553 ac
2765 5503 3023 5556 contritas
3070 5506 3230 5557 sunt.
3278 5499 3579 5557 Classiarii

1937 5590 2033 5643 alii
2068 5590 2123 5645 in
2181 5606 2335 5660 aqua
2367 5588 2684 5659 perierunt,
2718 5589 2815 5643 alii
2845 5607 2877 5644 a
2900 5590 3170 5646 Barbaris
3189 5590 3276 5645 vel
3298 5589 3580 5646 trucidati

1933 5677 2020 5731 vel
2051 5676 2262 5749 captivi
2293 5676 2530 5733 abducti
2552 5680 2712 5733 sunt.
2749 5679 3109 5751 Superstites
3136 5678 3299 5747 nudi,
3325 5677 3573 5749 pedites-
