  <div class='ocr_page' id='page_1' title='image "/cluster/home/n/w/nwhite01/storage/ocr_20150623/122 pt.2/mdp.39015037401315/151.png"; bbox 0 0 3968 6140; ppageno 0'>
   <div class='ocr_carea' id='block_1_1' title="bbox 363 355 3740 420">
    <p class='ocr_par' dir='ltr' id='par_1_1' title="bbox 363 355 3740 420">
     <span class='ocr_line' id='line_1_1' title="bbox 363 355 3740 420; baseline 0 -3"><span class='ocrx_word' id='word_1_1' title='bbox 363 356 477 417; x_wconf 73' lang='lat'>287</span> <span class='ocrx_word' id='word_1_2' title='bbox 1716 357 2036 420; x_wconf 80' lang='lat' dir='ltr'>GEORGII</span> <span class='ocrx_word' id='word_1_3' title='bbox 2080 356 2422 420; x_wconf 32' lang='lat' dir='ltr'>CEDR’ENI</span> <span class='ocrx_word' id='word_1_4' title='bbox 3630 355 3740 418; x_wconf 70' lang='lat'>288</span> 
     </span>
    </p>
   </div>
   <div class='ocr_carea' id='block_1_2' title="bbox 362 483 2029 562">
    <p class='ocr_par' dir='ltr' id='par_1_2' title="bbox 362 486 2029 562">
     <span class='ocr_line' id='line_1_2' title="bbox 362 486 2029 562; baseline 0.001 -20"><span class='ocrx_word' id='word_1_5' title='bbox 362 503 476 559; x_wconf 90' lang='lat' dir='ltr'>que</span> <span class='ocrx_word' id='word_1_6' title='bbox 510 487 583 542; x_wconf 91' lang='lat' dir='ltr'>ad</span> <span class='ocrx_word' id='word_1_7' title='bbox 616 502 858 542; x_wconf 90' lang='lat' dir='ltr'>suorum</span> <span class='ocrx_word' id='word_1_8' title='bbox 885 486 1199 543; x_wconf 82' lang='lat' dir='ltr'>stationem</span> <span class='ocrx_word' id='word_1_9' title='bbox 1239 487 1556 544; x_wconf 89' lang='lat' dir='ltr'>redierunt.</span> <span class='ocrx_word' id='word_1_10' title='bbox 1589 488 1835 562; x_wconf 75' lang='lat' dir='ltr'>Scythae,</span> <span class='ocrx_word' id='word_1_11' title='bbox 1861 506 1994 545; x_wconf 91' lang='lat' dir='ltr'>cum</span> <span class='ocrx_word' id='word_1_12' title='bbox 2026 549 2029 557; x_wconf 30' lang='lat'>,</span> 
     </span>
    </p>
   </div>
   <div class='ocr_carea' id='block_1_3' title="bbox 2138 483 3739 562">
    <p class='ocr_par' dir='ltr' id='par_1_3' title="bbox 2138 483 3739 559">
     <span class='ocr_line' id='line_1_3' title="bbox 2138 483 3739 559; baseline 0 -18"><span class='ocrx_word' id='word_1_13' title='bbox 2138 492 2379 559; x_wconf 82' lang='grc' dir='ltr'>Ρωμαῖοι</span> <span class='ocrx_word' id='word_1_14' title='bbox 2455 485 2517 542; x_wconf 71' lang='grc' dir='ltr'>έκ</span> <span class='ocrx_word' id='word_1_15' title='bbox 2586 492 2686 555; x_wconf 87' lang='grc' dir='ltr'>τῆς</span> <span class='ocrx_word' id='word_1_16' title='bbox 2760 483 3025 559; x_wconf 81' lang='grc' dir='ltr'>προτέρας</span> <span class='ocrx_word' id='word_1_17' title='bbox 3100 483 3455 556; x_wconf 88' lang='grc' dir='ltr'>κωπηλασίας</span> <span class='ocrx_word' id='word_1_18' title='bbox 3506 484 3592 540; x_wconf 83' lang='grc' dir='ltr'>καὶ</span> <span class='ocrx_word' id='word_1_19' title='bbox 3651 490 3739 541; x_wconf 77' lang='grc' dir='ltr'>τοῦ</span> 
     </span>
    </p>
   </div>
   <div class='ocr_carea' id='block_1_4' title="bbox 359 572 2029 649">
    <p class='ocr_par' dir='ltr' id='par_1_4' title="bbox 359 575 2004 648">
     <span class='ocr_line' id='line_1_4' title="bbox 359 575 2004 648; baseline 0.002 -19"><span class='ocrx_word' id='word_1_20' title='bbox 359 582 568 647; x_wconf 72' lang='lat' dir='ltr'>praeter</span> <span class='ocrx_word' id='word_1_21' title='bbox 596 591 759 648; x_wconf 84' lang='lat' dir='ltr'>spem</span> <span class='ocrx_word' id='word_1_22' title='bbox 808 575 954 646; x_wconf 91' lang='lat' dir='ltr'>ipsis</span> <span class='ocrx_word' id='word_1_23' title='bbox 1011 576 1353 631; x_wconf 86' lang='lat' dir='ltr'>institutum</span> <span class='ocrx_word' id='word_1_24' title='bbox 1401 578 1728 642; x_wconf 83' lang='lat' dir='ltr'>cecidisset,</span> <span class='ocrx_word' id='word_1_25' title='bbox 1760 580 2004 632; x_wconf 90' lang='lat' dir='ltr'>domum</span> 
     </span>
    </p>
   </div>
   <div class='ocr_carea' id='block_1_5' title="bbox 2138 572 3738 649">
    <p class='ocr_par' dir='ltr' id='par_1_5' title="bbox 2138 572 3738 649">
     <span class='ocr_line' id='line_1_5' title="bbox 2138 572 3738 649; baseline 0 -21"><span class='ocrx_word' id='word_1_26' title='bbox 2138 573 2362 649; x_wconf 76' lang='grc' dir='ltr'>ἰιωγμοῦ</span> <span class='ocrx_word' id='word_1_27' title='bbox 2413 576 2712 630; x_wconf 79' lang='grc' dir='ltr'>κατάκοποι</span> <span class='ocrx_word' id='word_1_28' title='bbox 2763 575 2932 640; x_wconf 80' lang='grc' dir='ltr'>ὅντες,</span> <span class='ocrx_word' id='word_1_29' title='bbox 2969 574 3059 628; x_wconf 84' lang='grc' dir='ltr'>καὶ</span> <span class='ocrx_word' id='word_1_30' title='bbox 3092 574 3229 647; x_wconf 86' lang='grc' dir='ltr'>πρὸς</span> <span class='ocrx_word' id='word_1_31' title='bbox 3274 574 3335 628; x_wconf 81' lang='grc' dir='ltr'>τὸ</span> <span class='ocrx_word' id='word_1_32' title='bbox 3385 572 3590 638; x_wconf 80' lang='grc' dir='ltr'>πλῆθος</span> <span class='ocrx_word' id='word_1_33' title='bbox 3640 579 3738 628; x_wconf 87' lang='grc' dir='ltr'>τῶν</span> 
     </span>
    </p>
   </div>
   <div class='ocr_carea' id='block_1_6' title="bbox 357 668 2005 737">
    <p class='ocr_par' dir='ltr' id='par_1_6' title="bbox 357 668 2005 737">
     <span class='ocr_line' id='line_1_6' title="bbox 357 668 2005 737; baseline -0.001 -14"><span class='ocrx_word' id='word_1_34' title='bbox 357 683 560 723; x_wconf 84' lang='lat' dir='ltr'>versus</span> <span class='ocrx_word' id='word_1_35' title='bbox 595 668 703 721; x_wconf 90' lang='lat' dir='ltr'>iter</span> <span class='ocrx_word' id='word_1_36' title='bbox 733 668 1133 737; x_wconf 88' lang='lat' dir='ltr'>instituerunt.</span> <span class='ocrx_word' id='word_1_37' title='bbox 1170 673 1311 723; x_wconf 79' lang='lat' dir='ltr'>Cum</span> <span class='ocrx_word' id='word_1_38' title='bbox 1358 686 1471 722; x_wconf 89' lang='lat' dir='ltr'>non</span> <span class='ocrx_word' id='word_1_39' title='bbox 1507 669 1652 723; x_wconf 89' lang='lat' dir='ltr'>mari</span> <span class='ocrx_word' id='word_1_40' title='bbox 1678 670 1869 732; x_wconf 70' lang='lat' dir='ltr'>modo,</span> <span class='ocrx_word' id='word_1_41' title='bbox 1904 668 2005 723; x_wconf 90' lang='lat' dir='ltr'>sed</span> 
     </span>
    </p>
   </div>
   <div class='ocr_carea' id='block_1_7' title="bbox 358 756 2007 827">
    <p class='ocr_par' dir='ltr' id='par_1_7' title="bbox 358 756 2007 827">
     <span class='ocr_line' id='line_1_7' title="bbox 358 756 2007 827; baseline 0.001 -19"><span class='ocrx_word' id='word_1_42' title='bbox 358 761 515 808; x_wconf 86' lang='lat' dir='ltr'>terra</span> <span class='ocrx_word' id='word_1_43' title='bbox 538 756 711 809; x_wconf 88' lang='lat' dir='ltr'>etiam</span> <span class='ocrx_word' id='word_1_44' title='bbox 750 756 1001 809; x_wconf 84' lang='lat' dir='ltr'>redirent</span> <span class='ocrx_word' id='word_1_45' title='bbox 1045 758 1255 827; x_wconf 88' lang='lat' dir='ltr'>(neque</span> <span class='ocrx_word' id='word_1_46' title='bbox 1305 756 1461 812; x_wconf 90' lang='lat' dir='ltr'>enim</span> <span class='ocrx_word' id='word_1_47' title='bbox 1521 761 1692 811; x_wconf 67' lang='lat' dir='ltr'>tantae</span> <span class='ocrx_word' id='word_1_48' title='bbox 1739 756 2007 811; x_wconf 87' lang='lat' dir='ltr'>multitu-</span> 
     </span>
    </p>
   </div>
   <div class='ocr_carea' id='block_1_8' title="bbox 362 843 2012 916">
    <p class='ocr_par' dir='ltr' id='par_1_8' title="bbox 362 843 2012 916">
     <span class='ocr_line' id='line_1_8' title="bbox 362 843 2012 916; baseline 0.002 -19"><span class='ocrx_word' id='word_1_49' title='bbox 362 843 650 898; x_wconf 88' lang='lat' dir='ltr'>dinisatis</span> <span class='ocrx_word' id='word_1_50' title='bbox 672 849 796 899; x_wconf 85' lang='lat' dir='ltr'>erat</span> <span class='ocrx_word' id='word_1_51' title='bbox 828 845 1087 909; x_wconf 84' lang='lat' dir='ltr'>navium,</span> <span class='ocrx_word' id='word_1_52' title='bbox 1148 862 1281 900; x_wconf 91' lang='lat' dir='ltr'>cum</span> <span class='ocrx_word' id='word_1_53' title='bbox 1335 846 1531 916; x_wconf 68' lang='lat' dir='ltr'>praelio</span> <span class='ocrx_word' id='word_1_54' title='bbox 1584 846 1779 900; x_wconf 74' lang='lat' dir='ltr'>multas</span> <span class='ocrx_word' id='word_1_55' title='bbox 1813 850 2012 900; x_wconf 83' lang='lat' dir='ltr'>essent</span> 
     </span>
    </p>
   </div>
   <div class='ocr_carea' id='block_1_9' title="bbox 367 934 2006 1006">
    <p class='ocr_par' dir='ltr' id='par_1_9' title="bbox 367 934 2006 1006">
     <span class='ocr_line' id='line_1_9' title="bbox 367 934 2006 1006; baseline -0.001 -17"><span class='ocrx_word' id='word_1_56' title='bbox 367 934 665 1000; x_wconf 68' lang='lat' dir='ltr'>demersas,</span> <span class='ocrx_word' id='word_1_57' title='bbox 725 935 873 990; x_wconf 79' lang='lat'>555</span> <span class='ocrx_word' id='word_1_58' title='bbox 939 935 1136 988; x_wconf 75' lang='lat' dir='ltr'>multae</span> <span class='ocrx_word' id='word_1_59' title='bbox 1176 942 1379 1006; x_wconf 79' lang='lat' dir='ltr'>captaa,</span> <span class='ocrx_word' id='word_1_60' title='bbox 1440 934 1639 989; x_wconf 67' lang='lat' dir='ltr'>multae</span> <span class='ocrx_word' id='word_1_61' title='bbox 1702 936 2006 1005; x_wconf 70' lang='lat' dir='ltr'>naufragio</span> 
     </span>
    </p>
   </div>
   <div class='ocr_carea' id='block_1_10' title="bbox 367 1022 2011 1094">
    <p class='ocr_par' dir='ltr' id='par_1_10' title="bbox 367 1022 2011 1094">
     <span class='ocr_line' id='line_1_10' title="bbox 367 1022 2011 1094; baseline 0 -17"><span class='ocrx_word' id='word_1_62' title='bbox 367 1022 1205 1094; x_wconf 83' lang='lat' dir='ltr'>periissent),inCatacalonem</span> <span class='ocrx_word' id='word_1_63' title='bbox 1236 1028 1464 1078; x_wconf 81' lang='lat' dir='ltr'>Beatam</span> <span class='ocrx_word' id='word_1_64' title='bbox 1494 1026 1845 1078; x_wconf 83' lang='lat' dir='ltr'>Ambustum</span> <span class='ocrx_word' id='word_1_65' title='bbox 1867 1028 2011 1078; x_wconf 89' lang='lat' dir='ltr'>tunc</span> 
     </span>
    </p>
   </div>
   <div class='ocr_carea' id='block_1_11' title="bbox 367 1110 2014 1183">
    <p class='ocr_par' dir='ltr' id='par_1_11' title="bbox 367 1110 2014 1183">
     <span class='ocr_line' id='line_1_11' title="bbox 367 1110 2014 1183; baseline 0 -16"><span class='ocrx_word' id='word_1_66' title='bbox 367 1114 513 1167; x_wconf 89' lang='lat' dir='ltr'>Istro</span> <span class='ocrx_word' id='word_1_67' title='bbox 535 1111 734 1167; x_wconf 66' lang='lat' dir='ltr'>vicina;</span> <span class='ocrx_word' id='word_1_68' title='bbox 766 1110 988 1183; x_wconf 68' lang='lat' dir='ltr'>regioni</span> <span class='ocrx_word' id='word_1_69' title='bbox 1049 1112 1386 1183; x_wconf 64' lang='lat' dir='ltr'>prmfectum</span> <span class='ocrx_word' id='word_1_70' title='bbox 1448 1112 1782 1167; x_wconf 89' lang='lat' dir='ltr'>inciderunt</span> <span class='ocrx_word' id='word_1_71' title='bbox 1818 1112 1873 1166; x_wconf 90' lang='lat' dir='ltr'>in</span> <span class='ocrx_word' id='word_1_72' title='bbox 1912 1129 2014 1167; x_wconf 87' lang='lat' dir='ltr'>ora</span> 
     </span>
    </p>
   </div>
   <div class='ocr_carea' id='block_1_12' title="bbox 368 1200 2014 1273">
    <p class='ocr_par' dir='ltr' id='par_1_12' title="bbox 368 1200 2014 1273">
     <span class='ocr_line' id='line_1_12' title="bbox 368 1200 2014 1273; baseline 0.001 -19"><span class='ocrx_word' id='word_1_73' title='bbox 368 1200 548 1255; x_wconf 88' lang='lat' dir='ltr'>maris</span> <span class='ocrx_word' id='word_1_74' title='bbox 578 1201 730 1272; x_wconf 90' lang='lat' dir='ltr'>apud</span> <span class='ocrx_word' id='word_1_75' title='bbox 757 1200 1032 1267; x_wconf 80' lang='lat' dir='ltr'>Barbam,</span> <span class='ocrx_word' id='word_1_76' title='bbox 1069 1201 1301 1272; x_wconf 80' lang='lat' dir='ltr'>fusique</span> <span class='ocrx_word' id='word_1_77' title='bbox 1348 1206 1489 1256; x_wconf 92' lang='lat' dir='ltr'>sunt</span> <span class='ocrx_word' id='word_1_78' title='bbox 1519 1206 1576 1256; x_wconf 91' lang='lat' dir='ltr'>et</span> <span class='ocrx_word' id='word_1_79' title='bbox 1616 1219 1829 1273; x_wconf 85' lang='lat' dir='ltr'>magna</span> <span class='ocrx_word' id='word_1_80' title='bbox 1852 1200 2014 1257; x_wconf 85' lang='lat' dir='ltr'>clade</span> 
     </span>
    </p>
   </div>
   <div class='ocr_carea' id='block_1_13' title="bbox 364 1288 2011 1361">
    <p class='ocr_par' dir='ltr' id='par_1_13' title="bbox 364 1288 2011 1361">
     <span class='ocr_line' id='line_1_13' title="bbox 364 1288 2011 1361; baseline 0 -18"><span class='ocrx_word' id='word_1_81' title='bbox 364 1288 575 1343; x_wconf 71' lang='lat' dir='ltr'>affecti.</span> <span class='ocrx_word' id='word_1_82' title='bbox 597 1288 975 1360; x_wconf 89' lang='lat' dir='ltr'>Octingentos</span> <span class='ocrx_word' id='word_1_83' title='bbox 1004 1305 1208 1344; x_wconf 90' lang='lat' dir='ltr'>eorum</span> <span class='ocrx_word' id='word_1_84' title='bbox 1240 1289 1399 1344; x_wconf 89' lang='lat' dir='ltr'>vivos</span> <span class='ocrx_word' id='word_1_85' title='bbox 1428 1289 1488 1343; x_wconf 89' lang='lat' dir='ltr'>in</span> <span class='ocrx_word' id='word_1_86' title='bbox 1523 1290 1905 1361; x_wconf 81' lang='lat' dir='ltr'>compedibus</span> <span class='ocrx_word' id='word_1_87' title='bbox 1940 1290 2011 1344; x_wconf 88' lang='lat' dir='ltr'>ad</span> 
     </span>
    </p>
   </div>
   <div class='ocr_carea' id='block_1_14' title="bbox 365 1377 2015 1449">
    <p class='ocr_par' dir='ltr' id='par_1_14' title="bbox 365 1377 2015 1449">
     <span class='ocr_line' id='line_1_14' title="bbox 365 1377 2015 1449; baseline 0.001 -18"><span class='ocrx_word' id='word_1_88' title='bbox 365 1377 775 1448; x_wconf 81' lang='lat' dir='ltr'>imperatorem</span> <span class='ocrx_word' id='word_1_89' title='bbox 811 1377 993 1432; x_wconf 82' lang='lat' dir='ltr'>misit.</span> <span class='ocrx_word' id='word_1_90' title='bbox 1030 1378 1081 1431; x_wconf 89' lang='lat' dir='ltr'>ls</span> <span class='ocrx_word' id='word_1_91' title='bbox 1137 1378 1474 1446; x_wconf 73' lang='lat' dir='ltr'>Ambustus,</span> <span class='ocrx_word' id='word_1_92' title='bbox 1518 1384 1574 1433; x_wconf 90' lang='lat' dir='ltr'>et</span> <span class='ocrx_word' id='word_1_93' title='bbox 1603 1394 1732 1432; x_wconf 89' lang='lat' dir='ltr'>cum</span> <span class='ocrx_word' id='word_1_94' title='bbox 1761 1377 2015 1449; x_wconf 88' lang='lat' dir='ltr'>primum</span> 
     </span>
    </p>
   </div>
   <div class='ocr_carea' id='block_1_15' title="bbox 366 1464 2017 1537">
    <p class='ocr_par' dir='ltr' id='par_1_15' title="bbox 366 1464 2017 1537">
     <span class='ocr_line' id='line_1_15' title="bbox 366 1464 2017 1537; baseline 0.001 -18"><span class='ocrx_word' id='word_1_95' title='bbox 366 1464 592 1536; x_wconf 73' lang='lat' dir='ltr'>Scythae</span> <span class='ocrx_word' id='word_1_96' title='bbox 616 1466 686 1521; x_wconf 87' lang='lat' dir='ltr'>ad</span> <span class='ocrx_word' id='word_1_97' title='bbox 728 1465 1275 1537; x_wconf 81' lang='lat' dir='ltr'>Constantinopolin</span> <span class='ocrx_word' id='word_1_98' title='bbox 1296 1467 1604 1522; x_wconf 85' lang='lat' dir='ltr'>tenderent</span> <span class='ocrx_word' id='word_1_99' title='bbox 1629 1466 1804 1536; x_wconf 90' lang='lat' dir='ltr'>inque</span> <span class='ocrx_word' id='word_1_100' title='bbox 1828 1464 2017 1537; x_wconf 89' lang='lat' dir='ltr'>ipsius</span> 
     </span>
    </p>
   </div>
   <div class='ocr_carea' id='block_1_16' title="bbox 374 1552 2019 1625">
    <p class='ocr_par' dir='ltr' id='par_1_16' title="bbox 374 1552 2019 1625">
     <span class='ocr_line' id='line_1_16' title="bbox 374 1552 2019 1625; baseline 0.002 -17"><span class='ocrx_word' id='word_1_101' title='bbox 374 1552 729 1625; x_wconf 84' lang='lat' dir='ltr'>provinciam</span> <span class='ocrx_word' id='word_1_102' title='bbox 788 1554 1006 1624; x_wconf 85' lang='lat' dir='ltr'>egressi</span> <span class='ocrx_word' id='word_1_103' title='bbox 1059 1554 1501 1625; x_wconf 87' lang='lat' dir='ltr'>pabularentur,</span> <span class='ocrx_word' id='word_1_104' title='bbox 1566 1555 1852 1610; x_wconf 87' lang='lat' dir='ltr'>militibus</span> <span class='ocrx_word' id='word_1_105' title='bbox 1896 1555 2019 1611; x_wconf 87' lang='lat' dir='ltr'>suis</span> 
     </span>
    </p>
   </div>
   <div class='ocr_carea' id='block_1_17' title="bbox 374 1632 2029 1717">
    <p class='ocr_par' dir='ltr' id='par_1_17' title="bbox 374 1642 2017 1715">
     <span class='ocr_line' id='line_1_17' title="bbox 374 1642 2017 1715; baseline 0 -17"><span class='ocrx_word' id='word_1_106' title='bbox 374 1642 635 1698; x_wconf 86' lang='lat' dir='ltr'>collectis</span> <span class='ocrx_word' id='word_1_107' title='bbox 657 1643 882 1698; x_wconf 84' lang='lat' dir='ltr'>fortiter</span> <span class='ocrx_word' id='word_1_108' title='bbox 911 1644 1223 1711; x_wconf 79' lang='lat' dir='ltr'>invaserat,</span> <span class='ocrx_word' id='word_1_109' title='bbox 1249 1644 1569 1715; x_wconf 86' lang='lat' dir='ltr'>pulsosque</span> <span class='ocrx_word' id='word_1_110' title='bbox 1591 1646 1660 1699; x_wconf 91' lang='lat' dir='ltr'>ad</span> <span class='ocrx_word' id='word_1_111' title='bbox 1686 1661 1793 1698; x_wconf 91' lang='lat' dir='ltr'>sua</span> <span class='ocrx_word' id='word_1_112' title='bbox 1817 1646 2017 1699; x_wconf 80' lang='lat' dir='ltr'>confu-</span> 
     </span>
    </p>
   </div>
   <div class='ocr_carea' id='block_1_18' title="bbox 2138 1632 3757 1717">
    <p class='ocr_par' dir='ltr' id='par_1_18' title="bbox 2138 1632 3757 1717">
     <span class='ocr_line' id='line_1_18' title="bbox 2138 1632 3757 1717; baseline -0.004 -23"><span class='ocrx_word' id='word_1_113' title='bbox 2138 1640 2249 1702; x_wconf 80' lang='grc' dir='ltr'>λοις</span> <span class='ocrx_word' id='word_1_114' title='bbox 2282 1639 2674 1717; x_wconf 75' lang='grc' dir='ltr'>ἀπεῤῥίφησαψ</span> <span class='ocrx_word' id='word_1_115' title='bbox 2735 1640 2807 1692; x_wconf 87' lang='grc' dir='ltr'>ὧν</span> <span class='ocrx_word' id='word_1_116' title='bbox 2868 1632 3255 1713; x_wconf 77' lang='grc' dir='ltr'>συντριϐέντων</span> <span class='ocrx_word' id='word_1_117' title='bbox 3307 1639 3359 1692; x_wconf 83' lang='lat' dir='ltr'>o&#39;t</span> <span class='ocrx_word' id='word_1_118' title='bbox 3416 1637 3512 1710; x_wconf 74' lang='grc' dir='ltr'>μὲν</span> <span class='ocrx_word' id='word_1_119' title='bbox 3555 1641 3655 1690; x_wconf 87' lang='grc' dir='ltr'>τῶν</span> <span class='ocrx_word' id='word_1_120' title='bbox 3711 1634 3757 1689; x_wconf 79' lang='grc' dir='ltr'>ἐν</span> 
     </span>
    </p>
   </div>
   <div class='ocr_carea' id='block_1_19' title="bbox 375 1721 2029 1803">
    <p class='ocr_par' dir='ltr' id='par_1_19' title="bbox 375 1730 2020 1803">
     <span class='ocr_line' id='line_1_19' title="bbox 375 1730 2020 1803; baseline 0 -17"><span class='ocrx_word' id='word_1_121' title='bbox 375 1747 510 1803; x_wconf 82' lang='lat' dir='ltr'>gere</span> <span class='ocrx_word' id='word_1_122' title='bbox 542 1730 773 1801; x_wconf 79' lang='lat' dir='ltr'>navigia</span> <span class='ocrx_word' id='word_1_123' title='bbox 825 1739 1113 1802; x_wconf 82' lang='lat' dir='ltr'>coegerat.</span> <span class='ocrx_word' id='word_1_124' title='bbox 1148 1733 1214 1787; x_wconf 89' lang='lat' dir='ltr'>Et</span> <span class='ocrx_word' id='word_1_125' title='bbox 1250 1738 1390 1787; x_wconf 89' lang='lat' dir='ltr'>tunc</span> <span class='ocrx_word' id='word_1_126' title='bbox 1440 1733 1654 1787; x_wconf 85' lang='lat' dir='ltr'>iterum</span> <span class='ocrx_word' id='word_1_127' title='bbox 1705 1748 1867 1787; x_wconf 90' lang='lat' dir='ltr'>oram</span> <span class='ocrx_word' id='word_1_128' title='bbox 1901 1749 2020 1786; x_wconf 69' lang='lat' dir='ltr'>sum</span> 
     </span>
    </p>
   </div>
   <div class='ocr_carea' id='block_1_20' title="bbox 2138 1721 3760 1803">
    <p class='ocr_par' dir='ltr' id='par_1_20' title="bbox 2138 1721 3760 1803">
     <span class='ocr_line' id='line_1_20' title="bbox 2138 1721 3760 1803; baseline -0.004 -20"><span class='ocrx_word' id='word_1_129' title='bbox 2138 1729 2316 1791; x_wconf 67' lang='grc' dir='ltr'>αὐταῖς</span> <span class='ocrx_word' id='word_1_130' title='bbox 2376 1722 2709 1803; x_wconf 76' lang='grc' dir='ltr'>ὑποϐρύχιοι</span> <span class='ocrx_word' id='word_1_131' title='bbox 2766 1728 3020 1802; x_wconf 89' lang='grc' dir='ltr'>γεγόνασι</span> <span class='ocrx_word' id='word_1_132' title='bbox 3071 1730 3139 1801; x_wconf 77' lang='grc' dir='ltr'>τῇ</span> <span class='ocrx_word' id='word_1_133' title='bbox 3200 1726 3467 1800; x_wconf 78' lang='grc' dir='ltr'>θαλάσσῃ,</span> <span class='ocrx_word' id='word_1_134' title='bbox 3528 1721 3760 1779; x_wconf 68' lang='grc' dir='ltr'>ἅλλοιδὶ</span> 
     </span>
    </p>
   </div>
   <div class='ocr_carea' id='block_1_21' title="bbox 374 1811 2029 1919">
    <p class='ocr_par' dir='ltr' id='par_1_21' title="bbox 374 1819 2018 1893">
     <span class='ocr_line' id='line_1_21' title="bbox 374 1819 2018 1893; baseline 0.002 -20"><span class='ocrx_word' id='word_1_135' title='bbox 374 1820 682 1890; x_wconf 71' lang='grc' dir='ltr'>ριιονίηοὶειε⁸</span> <span class='ocrx_word' id='word_1_136' title='bbox 718 1819 1070 1876; x_wconf 85' lang='lat' dir='ltr'>maritimam</span> <span class='ocrx_word' id='word_1_137' title='bbox 1099 1822 1461 1889; x_wconf 84' lang='lat' dir='ltr'>custodiens,</span> <span class='ocrx_word' id='word_1_138' title='bbox 1495 1821 1793 1893; x_wconf 87' lang='lat' dir='ltr'>exituique</span> <span class='ocrx_word' id='word_1_139' title='bbox 1825 1821 2018 1877; x_wconf 90' lang='lat' dir='ltr'>inten-</span> 
     </span>
    </p>
   </div>
   <div class='ocr_carea' id='block_1_22' title="bbox 2138 1811 3756 1919">
    <p class='ocr_par' dir='ltr' id='par_1_22' title="bbox 2138 1811 3756 1892">
     <span class='ocr_line' id='line_1_22' title="bbox 2138 1811 3756 1892; baseline -0.004 -19"><span class='ocrx_word' id='word_1_140' title='bbox 2138 1816 2375 1873; x_wconf 72' lang='grc' dir='ltr'>ἑάλωσαν</span> <span class='ocrx_word' id='word_1_141' title='bbox 2428 1817 2529 1872; x_wconf 85' lang='grc' dir='ltr'>ὑπὸ</span> <span class='ocrx_word' id='word_1_142' title='bbox 2585 1821 2692 1871; x_wconf 86' lang='grc' dir='ltr'>τῶν</span> <span class='ocrx_word' id='word_1_143' title='bbox 2736 1813 3032 1892; x_wconf 70' lang='grc' dir='ltr'>Βαρϐάρων</span> <span class='ocrx_word' id='word_1_144' title='bbox 3091 1815 3181 1870; x_wconf 87' lang='grc' dir='ltr'>καὶ</span> <span class='ocrx_word' id='word_1_145' title='bbox 3244 1814 3494 1890; x_wconf 80' lang='grc' dir='ltr'>μαχαίρᾳ</span> <span class='ocrx_word' id='word_1_146' title='bbox 3540 1811 3756 1884; x_wconf 80' lang='grc' dir='ltr'>παρεδό-</span> 
     </span>
    </p>
   </div>
   <div class='ocr_carea' id='block_1_23' title="bbox 371 1902 2029 1978">
    <p class='ocr_par' dir='ltr' id='par_1_23' title="bbox 371 1908 1124 1978">
     <span class='ocr_line' id='line_1_23' title="bbox 371 1908 1124 1978; baseline 0.003 -15"><span class='ocrx_word' id='word_1_147' title='bbox 371 1913 492 1978; x_wconf 91' lang='lat' dir='ltr'>tus,</span> <span class='ocrx_word' id='word_1_148' title='bbox 524 1908 632 1964; x_wconf 89' lang='lat' dir='ltr'>hoc</span> <span class='ocrx_word' id='word_1_149' title='bbox 664 1909 892 1965; x_wconf 85' lang='lat' dir='ltr'>facinus</span> <span class='ocrx_word' id='word_1_150' title='bbox 924 1910 1124 1965; x_wconf 78' lang='lat' dir='ltr'>edidit.</span> 
     </span>
    </p>
   </div>
   <div class='ocr_carea' id='block_1_24' title="bbox 2138 1902 3757 1978">
    <p class='ocr_par' dir='ltr' id='par_1_24' title="bbox 2138 1902 3757 1977">
     <span class='ocr_line' id='line_1_24' title="bbox 2138 1902 3757 1977; baseline -0.003 -16"><span class='ocrx_word' id='word_1_151' title='bbox 2138 1910 2292 1977; x_wconf 69' lang='grc' dir='ltr'>ὶησαν</span> <span class='ocrx_word' id='word_1_152' title='bbox 2326 1906 2415 1962; x_wconf 87' lang='grc' dir='ltr'>καὶ</span> <span class='ocrx_word' id='word_1_153' title='bbox 2448 1902 2690 1976; x_wconf 83' lang='grc' dir='ltr'>δουλείᾳ,</span> <span class='ocrx_word' id='word_1_154' title='bbox 2751 1905 2802 1960; x_wconf 80' lang='grc' dir='ltr'>οἱ</span> <span class='ocrx_word' id='word_1_155' title='bbox 2835 1903 2892 1960; x_wconf 77' lang='grc' dir='ltr'>δὶ</span> <span class='ocrx_word' id='word_1_156' title='bbox 2923 1903 3270 1967; x_wconf 72' lang='grc' dir='ltr'>διασωθέντες</span> <span class='ocrx_word' id='word_1_157' title='bbox 3326 1904 3483 1973; x_wconf 83' lang='grc' dir='ltr'>πεζοὶ</span> <span class='ocrx_word' id='word_1_158' title='bbox 3538 1904 3625 1958; x_wconf 84' lang='grc' dir='ltr'>καὶ</span> <span class='ocrx_word' id='word_1_159' title='bbox 3675 1925 3757 1977; x_wconf 89' lang='grc' dir='ltr'>γυ-</span> 
     </span>
    </p>
   </div>
   <div class='ocr_carea' id='block_1_25' title="bbox 375 1991 3755 2071">
    <p class='ocr_par' dir='ltr' id='par_1_25' title="bbox 375 1991 3755 2071">
     <span class='ocr_line' id='line_1_25' title="bbox 375 1991 3755 2071; baseline -0.001 -21"><span class='ocrx_word' id='word_1_160' title='bbox 375 1995 500 2068; x_wconf 86' lang='grc' dir='ltr'>μνοὶ</span> <span class='ocrx_word' id='word_1_161' title='bbox 532 1996 609 2057; x_wconf 76' lang='grc' dir='ltr'>εἲς</span> <span class='ocrx_word' id='word_1_162' title='bbox 638 1997 700 2051; x_wconf 85' lang='grc' dir='ltr'>τὸ</span> <span class='ocrx_word' id='word_1_163' title='bbox 754 1995 954 2051; x_wconf 81' lang='grc' dir='ltr'>οἰκεῖον</span> <span class='ocrx_word' id='word_1_164' title='bbox 1003 1995 1365 2071; x_wconf 87' lang='grc' dir='ltr'>στρατόπεδον</span> <span class='ocrx_word' id='word_1_165' title='bbox 1426 1998 1792 2067; x_wconf 86' lang='grc' dir='ltr'>ἀνεσώθησαν.</span> <span class='ocrx_word' id='word_1_166' title='bbox 1854 1998 1920 2055; x_wconf 80' lang='lat' dir='ltr'>()l.</span> <span class='ocrx_word' id='word_1_167' title='bbox 1978 1995 2035 2052; x_wconf 72' lang='grc' dir='ltr'><strong>δί</strong></span> <span class='ocrx_word' id='word_1_168' title='bbox 2096 1996 2298 2060; x_wconf 77' lang='grc' dir='ltr'>Σκύθαι</span> <span class='ocrx_word' id='word_1_169' title='bbox 2353 1996 2426 2056; x_wconf 84' lang='grc' dir='ltr'>ὡς</span> <span class='ocrx_word' id='word_1_170' title='bbox 2484 1993 2582 2050; x_wconf 81' lang='grc' dir='ltr'>οὐκ</span> <span class='ocrx_word' id='word_1_171' title='bbox 2638 1994 2713 2056; x_wconf 79' lang='grc' dir='ltr'>εἷς</span> <span class='ocrx_word' id='word_1_172' title='bbox 2774 1991 2928 2070; x_wconf 81' lang='grc' dir='ltr'>ἔργον</span> <span class='ocrx_word' id='word_1_173' title='bbox 2991 1993 3190 2069; x_wconf 85' lang='grc' dir='ltr'>έχώρει</span> <span class='ocrx_word' id='word_1_174' title='bbox 3222 1994 3408 2055; x_wconf 80' lang='grc' dir='ltr'>αὐτοῖς</span> <span class='ocrx_word' id='word_1_175' title='bbox 3452 1994 3520 2047; x_wconf 70' lang='grc' dir='ltr'>τὰ</span> <span class='ocrx_word' id='word_1_176' title='bbox 3547 1997 3650 2047; x_wconf 91' lang='grc' dir='ltr'>τῶν</span> <span class='ocrx_word' id='word_1_177' title='bbox 3676 1991 3755 2045; x_wconf 71' lang='grc' dir='ltr'>έλ-</span> 
     </span>
    </p>
   </div>
   <div class='ocr_carea' id='block_1_26' title="bbox 370 2078 3762 2163">
    <p class='ocr_par' dir='ltr' id='par_1_26' title="bbox 370 2078 3762 2163">
     <span class='ocr_line' id='line_1_26' title="bbox 370 2078 3762 2163; baseline -0.001 -23"><span class='ocrx_word' id='word_1_178' title='bbox 370 2082 569 2152; x_wconf 85' lang='grc' dir='ltr'>πίδων,</span> <span class='ocrx_word' id='word_1_179' title='bbox 643 2092 743 2155; x_wconf 84' lang='grc' dir='ltr'>τῆς</span> <span class='ocrx_word' id='word_1_180' title='bbox 799 2084 881 2140; x_wconf 70' lang='grc' dir='ltr'>ἐπ’</span> <span class='ocrx_word' id='word_1_181' title='bbox 939 2084 1092 2141; x_wconf 72' lang='grc' dir='ltr'>θ’ίκου</span> <span class='ocrx_word' id='word_1_182' title='bbox 1170 2086 1393 2161; x_wconf 80' lang='grc' dir='ltr'>πορείας</span> <span class='ocrx_word' id='word_1_183' title='bbox 1449 2086 1813 2160; x_wconf 80' lang='grc' dir='ltr'>ἐμνήσθησαν.</span> <span class='ocrx_word' id='word_1_184' title='bbox 1871 2086 2295 2163; x_wconf 86' lang='grc' dir='ltr'>Ὑποστρέφουσι</span> <span class='ocrx_word' id='word_1_185' title='bbox 2359 2082 2417 2139; x_wconf 73' lang='grc' dir='ltr'>δὲ</span> <span class='ocrx_word' id='word_1_186' title='bbox 2460 2083 2677 2146; x_wconf 78' lang='grc' dir='ltr'>τούτοις</span> <span class='ocrx_word' id='word_1_187' title='bbox 2735 2081 2822 2137; x_wconf 88' lang='grc' dir='ltr'>διά</span> <span class='ocrx_word' id='word_1_188' title='bbox 2874 2104 2934 2138; x_wconf 90' lang='grc' dir='ltr'>τε</span> <span class='ocrx_word' id='word_1_189' title='bbox 2991 2090 3091 2159; x_wconf 81' lang='grc' dir='ltr'>γῆς</span> <span class='ocrx_word' id='word_1_190' title='bbox 3141 2083 3231 2137; x_wconf 83' lang='grc' dir='ltr'>καὶ</span> <span class='ocrx_word' id='word_1_191' title='bbox 3292 2081 3570 2153; x_wconf 76' lang='grc' dir='ltr'>θαλάσσης</span> <span class='ocrx_word' id='word_1_192' title='bbox 3626 2078 3762 2154; x_wconf 77' lang='grc' dir='ltr'>(οὐδὶ</span> 
     </span>
    </p>
   </div>
   <div class='ocr_carea' id='block_1_27' title="bbox 373 2168 3763 2254">
    <p class='ocr_par' dir='ltr' id='par_1_27' title="bbox 373 2168 3763 2254">
     <span class='ocr_line' id='line_1_27' title="bbox 373 2168 3763 2254; baseline -0.002 -26"><span class='ocrx_word' id='word_1_193' title='bbox 373 2173 479 2249; x_wconf 83' lang='grc' dir='ltr'>γὰρ</span> <span class='ocrx_word' id='word_1_194' title='bbox 537 2172 792 2247; x_wconf 74' lang='grc' dir='ltr'>ἐξήρκουν</span> <span class='ocrx_word' id='word_1_195' title='bbox 836 2180 955 2238; x_wconf 89' lang='grc' dir='ltr'>τοῖς</span> <span class='ocrx_word' id='word_1_196' title='bbox 1004 2179 1133 2229; x_wconf 81' lang='grc' dir='ltr'>πᾶσι</span> <span class='ocrx_word' id='word_1_197' title='bbox 1190 2176 1257 2230; x_wconf 70' lang='grc' dir='ltr'>τὰ</span> <span class='ocrx_word' id='word_1_198' title='bbox 1314 2174 1513 2254; x_wconf 83' lang='grc' dir='ltr'>σκάφη,</span> <span class='ocrx_word' id='word_1_199' title='bbox 1572 2175 1640 2230; x_wconf 73' lang='grc' dir='ltr'>τὰ</span> <span class='ocrx_word' id='word_1_200' title='bbox 1701 2177 1794 2249; x_wconf 80' lang='grc' dir='ltr'>μὶν</span> <span class='ocrx_word' id='word_1_201' title='bbox 1850 2176 1952 2231; x_wconf 85' lang='grc' dir='ltr'>ὑπὸ</span> <span class='ocrx_word' id='word_1_202' title='bbox 2004 2178 2105 2241; x_wconf 82' lang='grc' dir='ltr'>τῆς</span> <span class='ocrx_word' id='word_1_203' title='bbox 2164 2174 2629 2249; x_wconf 65' lang='grc' dir='ltr'>προηγησαμένης</span> <span class='ocrx_word' id='word_1_204' title='bbox 2686 2172 2979 2248; x_wconf 80' lang='grc' dir='ltr'>ναυαρχίας</span> <span class='ocrx_word' id='word_1_205' title='bbox 3036 2171 3525 2226; x_wconf 77' lang='grc' dir='ltr'>καταποντισθέντα</span> <span class='ocrx_word' id='word_1_206' title='bbox 3578 2190 3633 2225; x_wconf 93' lang='grc' dir='ltr'>τε</span> <span class='ocrx_word' id='word_1_207' title='bbox 3684 2168 3763 2222; x_wconf 86' lang='grc' dir='ltr'>καὶ</span> 
     </span>
    </p>
   </div>
   <div class='ocr_carea' id='block_1_28' title="bbox 381 2256 3763 2341">
    <p class='ocr_par' dir='ltr' id='par_1_28' title="bbox 381 2256 3763 2341">
     <span class='ocr_line' id='line_1_28' title="bbox 381 2256 3763 2341; baseline -0.002 -22"><span class='ocrx_word' id='word_1_208' title='bbox 381 2261 678 2338; x_wconf 80' lang='grc' dir='ltr'>ληφθέντα,</span> <span class='ocrx_word' id='word_1_209' title='bbox 734 2263 800 2319; x_wconf 76' lang='grc' dir='ltr'>τὰ</span> <span class='ocrx_word' id='word_1_210' title='bbox 855 2261 913 2319; x_wconf 67' lang='grc' dir='ltr'>δὲ</span> <span class='ocrx_word' id='word_1_211' title='bbox 957 2264 1059 2319; x_wconf 84' lang='grc' dir='ltr'>ὑπὸ</span> <span class='ocrx_word' id='word_1_212' title='bbox 1116 2262 1392 2326; x_wconf 83' lang='grc' dir='ltr'>κλύδωνος</span> <span class='ocrx_word' id='word_1_213' title='bbox 1448 2266 1537 2320; x_wconf 84' lang='grc' dir='ltr'>καὶ</span> <span class='ocrx_word' id='word_1_214' title='bbox 1595 2265 1885 2341; x_wconf 82' lang='grc' dir='ltr'>τρικυμίας</span> <span class='ocrx_word' id='word_1_215' title='bbox 1946 2263 2275 2330; x_wconf 79' lang='grc' dir='ltr'>θλασθὲντα,</span> <span class='ocrx_word' id='word_1_216' title='bbox 2326 2263 2414 2317; x_wconf 78' lang='grc' dir='ltr'>καὶ</span> <span class='ocrx_word' id='word_1_217' title='bbox 2470 2260 2560 2317; x_wconf 80' lang='grc' dir='ltr'>διά</span> <span class='ocrx_word' id='word_1_218' title='bbox 2612 2266 2772 2317; x_wconf 80' lang='grc' dir='ltr'>τοῦτο</span> <span class='ocrx_word' id='word_1_219' title='bbox 2830 2262 2882 2316; x_wconf 77' lang='grc' dir='ltr'>οἱ</span> <span class='ocrx_word' id='word_1_220' title='bbox 2938 2258 3164 2323; x_wconf 87' lang='grc' dir='ltr'>πλείους</span> <span class='ocrx_word' id='word_1_221' title='bbox 3210 2264 3348 2333; x_wconf 82' lang='grc' dir='ltr'>πεζῇ</span> <span class='ocrx_word' id='word_1_222' title='bbox 3406 2263 3507 2329; x_wconf 74' lang='grc' dir='ltr'>τὴν</span> <span class='ocrx_word' id='word_1_223' title='bbox 3562 2256 3763 2313; x_wconf 84' lang='grc' dir='ltr'>ὁδοιπο-</span> 
     </span>
    </p>
   </div>
   <div class='ocr_carea' id='block_1_29' title="bbox 380 2346 3763 2427">
    <p class='ocr_par' dir='ltr' id='par_1_29' title="bbox 380 2346 3763 2427">
     <span class='ocr_line' id='line_1_29' title="bbox 380 2346 3763 2427; baseline -0.003 -21"><span class='ocrx_word' id='word_1_224' title='bbox 380 2352 496 2427; x_wconf 83' lang='grc' dir='ltr'>ρίαν</span> <span class='ocrx_word' id='word_1_225' title='bbox 554 2352 861 2424; x_wconf 72' lang='grc' dir='ltr'>έποιοῦντο)</span> <span class='ocrx_word' id='word_1_226' title='bbox 918 2356 1249 2423; x_wconf 75' lang='grc' dir='ltr'>συναντήσας</span> <span class='ocrx_word' id='word_1_227' title='bbox 1309 2352 1638 2409; x_wconf 83' lang='grc' dir='ltr'>Κατακαλὼν</span> <span class='ocrx_word' id='word_1_228' title='bbox 1702 2357 1902 2423; x_wconf 79' lang='grc' dir='ltr'>Βέστης</span> <span class='ocrx_word' id='word_1_229' title='bbox 1961 2355 1991 2408; x_wconf 88' lang='grc' dir='ltr'>ὁ</span> <span class='ocrx_word' id='word_1_230' title='bbox 2046 2353 2382 2426; x_wconf 82' lang='grc' dir='ltr'>Κεκαυμένος</span> <span class='ocrx_word' id='word_1_231' title='bbox 2438 2348 2624 2426; x_wconf 72' lang='grc' dir='ltr'>ἅρχων</span> <span class='ocrx_word' id='word_1_232' title='bbox 2704 2348 2775 2404; x_wconf 77' lang='grc' dir='ltr'>ὢν</span> <span class='ocrx_word' id='word_1_233' title='bbox 2828 2354 2937 2405; x_wconf 89' lang='grc' dir='ltr'>τῶν</span> <span class='ocrx_word' id='word_1_234' title='bbox 2997 2349 3121 2425; x_wconf 84' lang='grc' dir='ltr'>περὶ</span> <span class='ocrx_word' id='word_1_235' title='bbox 3172 2349 3265 2404; x_wconf 88' lang='grc' dir='ltr'>τὸν</span> <span class='ocrx_word' id='word_1_236' title='bbox 3320 2350 3532 2423; x_wconf 79' lang='grc' dir='ltr'>Ἵστρον</span> <span class='ocrx_word' id='word_1_237' title='bbox 3570 2346 3763 2402; x_wconf 82' lang='grc' dir='ltr'>πόλεων</span> 
     </span>
    </p>
   </div>
   <div class='ocr_carea' id='block_1_30' title="bbox 376 2435 3763 2519">
    <p class='ocr_par' dir='ltr' id='par_1_30' title="bbox 376 2435 3763 2519">
     <span class='ocr_line' id='line_1_30' title="bbox 376 2435 3763 2519; baseline -0.002 -24"><span class='ocrx_word' id='word_1_238' title='bbox 376 2441 467 2495; x_wconf 84' lang='grc' dir='ltr'>καὶ</span> <span class='ocrx_word' id='word_1_239' title='bbox 532 2441 777 2517; x_wconf 82' lang='grc' dir='ltr'>χωρίων,</span> <span class='ocrx_word' id='word_1_240' title='bbox 835 2444 971 2497; x_wconf 75' lang='grc' dir='ltr'>κατὰ</span> <span class='ocrx_word' id='word_1_241' title='bbox 1024 2443 1115 2498; x_wconf 82' lang='grc' dir='ltr'>τὸν</span> <span class='ocrx_word' id='word_1_242' title='bbox 1194 2441 1442 2518; x_wconf 77' lang='grc' dir='ltr'>αῗγιειλὸν</span> <span class='ocrx_word' id='word_1_243' title='bbox 1517 2450 1619 2514; x_wconf 85' lang='grc' dir='ltr'>τῆς</span> <span class='ocrx_word' id='word_1_244' title='bbox 1694 2442 2003 2519; x_wconf 70' lang='grc' dir='ltr'>λεγομένης</span> <span class='ocrx_word' id='word_1_245' title='bbox 2068 2442 2293 2513; x_wconf 83' lang='grc' dir='ltr'>Βάρνας,</span> <span class='ocrx_word' id='word_1_246' title='bbox 2368 2442 2458 2496; x_wconf 85' lang='grc' dir='ltr'>καὶ</span> <span class='ocrx_word' id='word_1_247' title='bbox 2512 2435 2811 2513; x_wconf 80' lang='grc' dir='ltr'>συμϐαλὼν</span> <span class='ocrx_word' id='word_1_248' title='bbox 2862 2438 3145 2514; x_wconf 69' lang='grc' dir='ltr'>ἐτρέψατο,</span> <span class='ocrx_word' id='word_1_249' title='bbox 3198 2438 3289 2492; x_wconf 84' lang='grc' dir='ltr'>καὶ</span> <span class='ocrx_word' id='word_1_250' title='bbox 3350 2439 3624 2493; x_wconf 88' lang='grc' dir='ltr'>ἀπέκτεινε</span> <span class='ocrx_word' id='word_1_251' title='bbox 3679 2435 3763 2508; x_wconf 76' lang='grc' dir='ltr'>μὶν</span> 
     </span>
    </p>
   </div>
   <div class='ocr_carea' id='block_1_31' title="bbox 379 2522 3762 2607">
    <p class='ocr_par' dir='ltr' id='par_1_31' title="bbox 379 2522 3762 2607">
     <span class='ocr_line' id='line_1_31' title="bbox 379 2522 3762 2607; baseline -0.001 -23"><span class='ocrx_word' id='word_1_252' title='bbox 379 2528 646 2598; x_wconf 79' lang='grc' dir='ltr'>πολλοὺς,</span> <span class='ocrx_word' id='word_1_253' title='bbox 725 2530 1073 2594; x_wconf 82' lang='grc' dir='ltr'>ὀκτακοσίους</span> <span class='ocrx_word' id='word_1_254' title='bbox 1146 2529 1204 2587; x_wconf 74' lang='grc' dir='ltr'>δὶ</span> <span class='ocrx_word' id='word_1_255' title='bbox 1262 2532 1498 2607; x_wconf 83' lang='grc' dir='ltr'>ζωγρίας</span> <span class='ocrx_word' id='word_1_256' title='bbox 1576 2527 1761 2587; x_wconf 79' lang='grc' dir='ltr'>λαϐὼν</span> <span class='ocrx_word' id='word_1_257' title='bbox 1832 2529 2242 2605; x_wconf 77' lang='grc' dir='ltr'>πεπεδημένους</span> <span class='ocrx_word' id='word_1_258' title='bbox 2305 2528 2548 2602; x_wconf 79' lang='grc' dir='ltr'>ἐκπέμπε</span> <span class='ocrx_word' id='word_1_259' title='bbox 2599 2534 2678 2600; x_wconf 84' lang='grc' dir='ltr'>τῷ</span> <span class='ocrx_word' id='word_1_260' title='bbox 2735 2525 2973 2604; x_wconf 87' lang='grc' dir='ltr'>βασιλεῖ,</span> <span class='ocrx_word' id='word_1_261' title='bbox 3033 2528 3208 2589; x_wconf 81' lang='grc' dir='ltr'>Οὗτος</span> <span class='ocrx_word' id='word_1_262' title='bbox 3258 2528 3363 2602; x_wconf 71' lang='grc' dir='ltr'>γὰρ</span> <span class='ocrx_word' id='word_1_263' title='bbox 3422 2528 3450 2581; x_wconf 97' lang='lat'>6</span> <span class='ocrx_word' id='word_1_264' title='bbox 3504 2526 3634 2598; x_wconf 80' lang='grc' dir='ltr'>ἀνὴρ</span> <span class='ocrx_word' id='word_1_265' title='bbox 3684 2522 3762 2577; x_wconf 75' lang='grc' dir='ltr'>καί</span> 
     </span>
    </p>
   </div>
   <div class='ocr_carea' id='block_1_32' title="bbox 378 2612 3762 2694">
    <p class='ocr_par' dir='ltr' id='par_1_32' title="bbox 378 2612 3762 2694">
     <span class='ocr_line' id='line_1_32' title="bbox 378 2612 3762 2694; baseline -0.001 -23"><span class='ocrx_word' id='word_1_266' title='bbox 378 2616 467 2671; x_wconf 82' lang='grc' dir='ltr'>ὅτε</span> <span class='ocrx_word' id='word_1_267' title='bbox 523 2620 756 2694; x_wconf 87' lang='grc' dir='ltr'>πρώτως</span> <span class='ocrx_word' id='word_1_268' title='bbox 832 2625 941 2674; x_wconf 86' lang='grc' dir='ltr'>τῶν</span> <span class='ocrx_word' id='word_1_269' title='bbox 1019 2618 1232 2675; x_wconf 77' lang='grc' dir='ltr'>οῗκείων</span> <span class='ocrx_word' id='word_1_270' title='bbox 1308 2622 1454 2690; x_wconf 81' lang='grc' dir='ltr'>ἠθῶν</span> <span class='ocrx_word' id='word_1_271' title='bbox 1530 2619 1925 2683; x_wconf 79' lang='grc' dir='ltr'>ἀπαναστάντες</span> <span class='ocrx_word' id='word_1_272' title='bbox 2003 2621 2056 2674; x_wconf 73' lang='grc' dir='ltr'>οἱ</span> <span class='ocrx_word' id='word_1_273' title='bbox 2132 2618 2333 2682; x_wconf 87' lang='grc' dir='ltr'>Σκύθαι</span> <span class='ocrx_word' id='word_1_274' title='bbox 2397 2618 2532 2691; x_wconf 83' lang='grc' dir='ltr'>πρὸς</span> <span class='ocrx_word' id='word_1_275' title='bbox 2603 2618 2704 2686; x_wconf 81' lang='grc' dir='ltr'>τήν</span> <span class='ocrx_word' id='word_1_276' title='bbox 2766 2612 3024 2692; x_wconf 84' lang='grc' dir='ltr'>βασιλίδα</span> <span class='ocrx_word' id='word_1_277' title='bbox 3079 2614 3367 2689; x_wconf 72' lang='grc' dir='ltr'>ἠπείγοντο</span> <span class='ocrx_word' id='word_1_278' title='bbox 3431 2615 3521 2671; x_wconf 84' lang='grc' dir='ltr'>καὶ</span> <span class='ocrx_word' id='word_1_279' title='bbox 3575 2612 3627 2675; x_wconf 84' lang='grc' dir='ltr'>ές</span> <span class='ocrx_word' id='word_1_280' title='bbox 3676 2614 3762 2681; x_wconf 74' lang='grc' dir='ltr'>τὴν</span> 
     </span>
    </p>
   </div>
   <div class='ocr_carea' id='block_1_33' title="bbox 378 2701 3756 2784">
    <p class='ocr_par' dir='ltr' id='par_1_33' title="bbox 378 2701 3756 2784">
     <span class='ocr_line' id='line_1_33' title="bbox 378 2701 3756 2784; baseline -0.002 -24"><span class='ocrx_word' id='word_1_281' title='bbox 378 2705 654 2781; x_wconf 81' lang='grc' dir='ltr'>λαχοῦσαν</span> <span class='ocrx_word' id='word_1_282' title='bbox 715 2708 873 2763; x_wconf 79' lang='grc' dir='ltr'>αὐτὸν</span> <span class='ocrx_word' id='word_1_283' title='bbox 932 2709 1109 2784; x_wconf 73' lang='grc' dir='ltr'>ἀρχὴν</span> <span class='ocrx_word' id='word_1_284' title='bbox 1161 2706 1450 2771; x_wconf 87' lang='grc' dir='ltr'>ἀποδάντις</span> <span class='ocrx_word' id='word_1_285' title='bbox 1504 2710 1785 2784; x_wconf 82' lang='grc' dir='ltr'>προνομὰς</span> <span class='ocrx_word' id='word_1_286' title='bbox 1845 2709 2146 2778; x_wconf 78' lang='grc' dir='ltr'>ἐποιοῦντο,</span> <span class='ocrx_word' id='word_1_287' title='bbox 2204 2708 2295 2763; x_wconf 84' lang='grc' dir='ltr'>τὸν</span> <span class='ocrx_word' id='word_1_288' title='bbox 2324 2708 2457 2783; x_wconf 81' lang='grc' dir='ltr'>ἀμφ’</span> <span class='ocrx_word' id='word_1_289' title='bbox 2488 2705 2646 2761; x_wconf 81' lang='grc' dir='ltr'>αὐτὸν</span> <span class='ocrx_word' id='word_1_290' title='bbox 2680 2704 2930 2779; x_wconf 87' lang='grc' dir='ltr'>ἀθροίσας</span> <span class='ocrx_word' id='word_1_291' title='bbox 2982 2702 3114 2758; x_wconf 71' lang='grc' dir='ltr'>λαὸν</span> <span class='ocrx_word' id='word_1_292' title='bbox 3162 2703 3498 2779; x_wconf 71' lang='grc' dir='ltr'>προσέρῥαξε</span> <span class='ocrx_word' id='word_1_293' title='bbox 3542 2701 3756 2772; x_wconf 76' lang='grc' dir='ltr'>τούτοις,</span> 
     </span>
    </p>
   </div>
   <div class='ocr_carea' id='block_1_34' title="bbox 375 2789 3762 2872">
    <p class='ocr_par' dir='ltr' id='par_1_34' title="bbox 375 2789 3762 2872">
     <span class='ocr_line' id='line_1_34' title="bbox 375 2789 3762 2872; baseline -0.002 -25"><span class='ocrx_word' id='word_1_294' title='bbox 375 2795 462 2850; x_wconf 89' lang='grc' dir='ltr'>ναὶ</span> <span class='ocrx_word' id='word_1_295' title='bbox 488 2794 748 2870; x_wconf 81' lang='grc' dir='ltr'>γενναίως</span> <span class='ocrx_word' id='word_1_296' title='bbox 780 2797 1180 2870; x_wconf 82' lang='grc' dir='ltr'>ἀγωνισάμενος</span> <span class='ocrx_word' id='word_1_297' title='bbox 1213 2796 1470 2872; x_wconf 66' lang='grc' dir='ltr'>ἐτρέψατό</span> <span class='ocrx_word' id='word_1_298' title='bbox 1498 2818 1557 2852; x_wconf 90' lang='grc' dir='ltr'>τε</span> <span class='ocrx_word' id='word_1_299' title='bbox 1584 2798 1719 2853; x_wconf 78' lang='grc' dir='ltr'>κατὰ</span> <span class='ocrx_word' id='word_1_300' title='bbox 1744 2798 1938 2872; x_wconf 89' lang='grc' dir='ltr'>κράτος</span> <span class='ocrx_word' id='word_1_301' title='bbox 1966 2798 2055 2853; x_wconf 84' lang='grc' dir='ltr'>καὶ</span> <span class='ocrx_word' id='word_1_302' title='bbox 2078 2796 2153 2859; x_wconf 78' lang='grc' dir='ltr'>είς</span> <span class='ocrx_word' id='word_1_303' title='bbox 2184 2797 2251 2851; x_wconf 80' lang='grc' dir='ltr'>τὰ</span> <span class='ocrx_word' id='word_1_304' title='bbox 2282 2796 2456 2851; x_wconf 70' lang='grc' dir='ltr'>οῗκεῖα</span> <span class='ocrx_word' id='word_1_305' title='bbox 2489 2794 2660 2871; x_wconf 83' lang='grc' dir='ltr'>σκάφη</span> <span class='ocrx_word' id='word_1_306' title='bbox 2692 2800 2879 2871; x_wconf 79' lang='grc' dir='ltr'>φυγεῖν</span> <span class='ocrx_word' id='word_1_307' title='bbox 2912 2794 3196 2868; x_wconf 78' lang='grc' dir='ltr'>ἠνάγκασε·</span> <span class='ocrx_word' id='word_1_308' title='bbox 3225 2795 3308 2863; x_wconf 83' lang='grc' dir='ltr'>[Ρ.</span> <span class='ocrx_word' id='word_1_309' title='bbox 3340 2794 3474 2865; x_wconf 81' lang='grc'>761]</span> <span class='ocrx_word' id='word_1_310' title='bbox 3502 2794 3590 2846; x_wconf 80' lang='grc' dir='ltr'>καὶ</span> <span class='ocrx_word' id='word_1_311' title='bbox 3617 2789 3762 2846; x_wconf 84' lang='grc' dir='ltr'>πάλιν</span> 
     </span>
    </p>
   </div>
   <div class='ocr_carea' id='block_1_35' title="bbox 383 2875 3760 2965">
    <p class='ocr_par' dir='ltr' id='par_1_35' title="bbox 383 2875 3760 2965">
     <span class='ocr_line' id='line_1_35' title="bbox 383 2875 3760 2965; baseline -0.001 -28"><span class='ocrx_word' id='word_1_312' title='bbox 383 2881 437 2937; x_wconf 74' lang='grc' dir='ltr'>δὲ</span> <span class='ocrx_word' id='word_1_313' title='bbox 467 2883 533 2938; x_wconf 80' lang='grc' dir='ltr'>τὰ</span> <span class='ocrx_word' id='word_1_314' title='bbox 561 2883 802 2960; x_wconf 85' lang='grc' dir='ltr'>ἀγχίαλα</span> <span class='ocrx_word' id='word_1_315' title='bbox 828 2892 928 2954; x_wconf 82' lang='grc' dir='ltr'>τῆς</span> <span class='ocrx_word' id='word_1_316' title='bbox 960 2886 1047 2940; x_wconf 84' lang='grc' dir='ltr'>ὑπ’</span> <span class='ocrx_word' id='word_1_317' title='bbox 1079 2886 1239 2941; x_wconf 80' lang='grc' dir='ltr'>αὐτὸν</span> <span class='ocrx_word' id='word_1_318' title='bbox 1268 2888 1445 2962; x_wconf 71' lang='grc' dir='ltr'>ἀρχῆς</span> <span class='ocrx_word' id='word_1_319' title='bbox 1474 2886 1759 2965; x_wconf 84' lang='grc' dir='ltr'>φυλάττων</span> <span class='ocrx_word' id='word_1_320' title='bbox 1807 2888 2009 2963; x_wconf 82' lang='grc' dir='ltr'>χωρία,</span> <span class='ocrx_word' id='word_1_321' title='bbox 2058 2888 2147 2942; x_wconf 83' lang='grc' dir='ltr'>καὶ</span> <span class='ocrx_word' id='word_1_322' title='bbox 2196 2886 2539 2960; x_wconf 74' lang='grc' dir='ltr'>προσμένων,</span> <span class='ocrx_word' id='word_1_323' title='bbox 2582 2886 2645 2940; x_wconf 87' lang='grc' dir='ltr'>τὸ</span> <span class='ocrx_word' id='word_1_324' title='bbox 2671 2882 2852 2955; x_wconf 83' lang='grc' dir='ltr'>τέλος,</span> <span class='ocrx_word' id='word_1_325' title='bbox 2896 2883 3331 2959; x_wconf 79' lang='grc' dir='ltr'>ὑποστρέφοντας</span> <span class='ocrx_word' id='word_1_326' title='bbox 3363 2878 3647 2954; x_wconf 81' lang='grc' dir='ltr'>δεξάμενος</span> <span class='ocrx_word' id='word_1_327' title='bbox 3686 2875 3760 2932; x_wconf 75' lang='grc' dir='ltr'>καὶ</span> 
     </span>
    </p>
   </div>
   <div class='ocr_carea' id='block_1_36' title="bbox 378 2972 1652 3051">
    <p class='ocr_par' dir='ltr' id='par_1_36' title="bbox 378 2972 1652 3051">
     <span class='ocr_line' id='line_1_36' title="bbox 378 2972 1652 3051; baseline 0.004 -25"><span class='ocrx_word' id='word_1_328' title='bbox 378 2977 651 3051; x_wconf 82' lang='grc' dir='ltr'>καοτερῶς</span> <span class='ocrx_word' id='word_1_329' title='bbox 686 2972 917 3037; x_wconf 83' lang='grc' dir='ltr'>ὑποστὰς</span> <span class='ocrx_word' id='word_1_330' title='bbox 950 2974 1233 3049; x_wconf 73' lang='grc' dir='ltr'>εἰργάσατο</span> <span class='ocrx_word' id='word_1_331' title='bbox 1271 2975 1339 3031; x_wconf 81' lang='grc' dir='ltr'>τὰ</span> <span class='ocrx_word' id='word_1_332' title='bbox 1367 2975 1485 3051; x_wconf 77' lang='grc' dir='ltr'>εῗρη</span> <span class='ocrx_word' id='word_1_333' title='bbox 1498 2977 1652 3048; x_wconf 86' lang='grc' dir='ltr'>μένα.</span> 
     </span>
    </p>
   </div>
   <div class='ocr_carea' id='block_1_37' title="bbox 384 3048 2029 3137">
    <p class='ocr_par' dir='ltr' id='par_1_37' title="bbox 384 3048 2023 3137">
     <span class='ocr_line' id='line_1_37' title="bbox 384 3048 2023 3137; baseline 0.002 -21"><span class='ocrx_word' id='word_1_334' title='bbox 384 3048 393 3055; x_wconf 66' lang='grc'><strong>’</strong></span> <span class='ocrx_word' id='word_1_335' title='bbox 454 3064 615 3117; x_wconf 81' lang='lat' dir='ltr'>Anno</span> <span class='ocrx_word' id='word_1_336' title='bbox 647 3064 853 3117; x_wconf 91' lang='lat' dir='ltr'>mundi</span> <span class='ocrx_word' id='word_1_337' title='bbox 876 3048 1392 3134; x_wconf 11' lang='lat' dir='ltr'>6552,7indictione</span> <span class='ocrx_word' id='word_1_338' title='bbox 1422 3048 1509 3132; x_wconf 66' lang='grc'>12,</span> <span class='ocrx_word' id='word_1_339' title='bbox 1531 3082 1730 3121; x_wconf 90' lang='lat' dir='ltr'>mense</span> <span class='ocrx_word' id='word_1_340' title='bbox 1759 3066 2023 3137; x_wconf 89' lang='lat' dir='ltr'>Septem-</span> 
     </span>
    </p>
   </div>
   <div class='ocr_carea' id='block_1_38' title="bbox 2138 3048 3760 3137">
    <p class='ocr_par' dir='ltr' id='par_1_38' title="bbox 2210 3053 3760 3134">
     <span class='ocr_line' id='line_1_38' title="bbox 2210 3053 3760 3134; baseline -0.005 -17"><span class='ocrx_word' id='word_1_341' title='bbox 2210 3056 2568 3134; x_wconf 79' lang='grc' dir='ltr'>Σεπτεμϐρίῳ</span> <span class='ocrx_word' id='word_1_342' title='bbox 2616 3057 2673 3115; x_wconf 75' lang='grc' dir='ltr'>δὲ</span> <span class='ocrx_word' id='word_1_343' title='bbox 2732 3059 2888 3132; x_wconf 78' lang='grc' dir='ltr'>μηνὶ,</span> <span class='ocrx_word' id='word_1_344' title='bbox 2924 3056 3262 3119; x_wconf 77' lang='grc' dir='ltr'>ἰνδικτιῶνος</span> <span class='ocrx_word' id='word_1_345' title='bbox 3296 3058 3391 3132; x_wconf 74' lang='grc' dir='ltr'>ιβ’,</span> <span class='ocrx_word' id='word_1_346' title='bbox 3423 3055 3572 3117; x_wconf 83' lang='grc' dir='ltr'>ἔτους</span> <span class='ocrx_word' id='word_1_347' title='bbox 3614 3053 3760 3131; x_wconf 63' lang='grc' dir='ltr'>αφξφνβ¹</span> 
     </span>
    </p>
   </div>
   <div class='ocr_carea' id='block_1_39' title="bbox 385 3139 2029 3225">
    <p class='ocr_par' dir='ltr' id='par_1_39' title="bbox 385 3150 2023 3225">
     <span class='ocr_line' id='line_1_39' title="bbox 385 3150 2023 3225; baseline 0.001 -19"><span class='ocrx_word' id='word_1_348' title='bbox 385 3150 495 3220; x_wconf 88' lang='lat' dir='ltr'>bri,</span> <span class='ocrx_word' id='word_1_349' title='bbox 527 3150 839 3207; x_wconf 86' lang='lat' dir='ltr'>vehemens</span> <span class='ocrx_word' id='word_1_350' title='bbox 871 3153 1030 3207; x_wconf 89' lang='lat' dir='ltr'>ﬂavit</span> <span class='ocrx_word' id='word_1_351' title='bbox 1059 3159 1285 3225; x_wconf 80' lang='lat' dir='ltr'>ventus,</span> <span class='ocrx_word' id='word_1_352' title='bbox 1320 3170 1436 3224; x_wconf 91' lang='lat' dir='ltr'>quo</span> <span class='ocrx_word' id='word_1_353' title='bbox 1468 3155 1694 3209; x_wconf 84' lang='lat' dir='ltr'>fructus</span> <span class='ocrx_word' id='word_1_354' title='bbox 1723 3155 2023 3210; x_wconf 84' lang='lat' dir='ltr'>vinearum</span> 
     </span>
    </p>
   </div>
   <div class='ocr_carea' id='block_1_40' title="bbox 2138 3139 3755 3225">
    <p class='ocr_par' dir='ltr' id='par_1_40' title="bbox 2138 3139 3755 3225">
     <span class='ocr_line' id='line_1_40' title="bbox 2138 3139 3755 3225; baseline -0.007 -19"><span class='ocrx_word' id='word_1_355' title='bbox 2138 3150 2382 3206; x_wconf 73' lang='grc' dir='ltr'>ἕπνευσεν</span> <span class='ocrx_word' id='word_1_356' title='bbox 2443 3148 2642 3222; x_wconf 75' lang='grc' dir='ltr'>ἄνεμος</span> <span class='ocrx_word' id='word_1_357' title='bbox 2700 3145 2966 3225; x_wconf 85' lang='grc' dir='ltr'>σφοδρὸς,</span> <span class='ocrx_word' id='word_1_358' title='bbox 3022 3148 3096 3209; x_wconf 85' lang='grc' dir='ltr'>ὡς</span> <span class='ocrx_word' id='word_1_359' title='bbox 3158 3144 3524 3223; x_wconf 74' lang='grc' dir='ltr'>διαφθαρῆναι</span> <span class='ocrx_word' id='word_1_360' title='bbox 3587 3139 3755 3217; x_wconf 84' lang='grc' dir='ltr'>σχεδὸν</span> 
     </span>
    </p>
   </div>
   <div class='ocr_carea' id='block_1_41' title="bbox 384 3222 2029 3315">
    <p class='ocr_par' dir='ltr' id='par_1_41' title="bbox 384 3222 2022 3315">
     <span class='ocr_line' id='line_1_41' title="bbox 384 3222 2022 3315; baseline 0.002 -22"><span class='ocrx_word' id='word_1_361' title='bbox 384 3253 530 3311; x_wconf 90' lang='lat' dir='ltr'>pene</span> <span class='ocrx_word' id='word_1_362' title='bbox 589 3238 904 3311; x_wconf 88' lang='lat' dir='ltr'>perierunt.</span> <span class='ocrx_word' id='word_1_363' title='bbox 968 3242 1055 3297; x_wconf 93' lang='lat' dir='ltr'>Eo</span> <span class='ocrx_word' id='word_1_364' title='bbox 1104 3222 1229 3315; x_wconf 79' lang='lat' dir='ltr'>ipso</span> <span class='ocrx_word' id='word_1_365' title='bbox 1274 3222 1461 3311; x_wconf 80' lang='lat' dir='ltr'>anno,</span> <span class='ocrx_word' id='word_1_366' title='bbox 1505 3260 1657 3298; x_wconf 89' lang='lat' dir='ltr'>nona</span> <span class='ocrx_word' id='word_1_367' title='bbox 1691 3243 1783 3298; x_wconf 91' lang='lat' dir='ltr'>die</span> <span class='ocrx_word' id='word_1_368' title='bbox 1812 3243 2022 3309; x_wconf 85' lang='lat' dir='ltr'>Martii,</span> 
     </span>
    </p>
   </div>
   <div class='ocr_carea' id='block_1_42' title="bbox 2138 3222 3760 3315">
    <p class='ocr_par' dir='ltr' id='par_1_42' title="bbox 2142 3222 3760 3311">
     <span class='ocr_line' id='line_1_42' title="bbox 2142 3222 3760 3311; baseline -0.007 -17"><span class='ocrx_word' id='word_1_369' title='bbox 2142 3239 2269 3301; x_wconf 83' lang='grc' dir='ltr'>τοὺς</span> <span class='ocrx_word' id='word_1_370' title='bbox 2327 3243 2431 3293; x_wconf 92' lang='grc' dir='ltr'>τῶν</span> <span class='ocrx_word' id='word_1_371' title='bbox 2483 3222 2755 3311; x_wconf 28' lang='grc' dir='ltr'>ἀμπέλων*</span> <span class='ocrx_word' id='word_1_372' title='bbox 2793 3235 3055 3307; x_wconf 85' lang='grc' dir='ltr'>καρπούς.</span> <span class='ocrx_word' id='word_1_373' title='bbox 3090 3235 3241 3290; x_wconf 87' lang='grc' dir='ltr'>Κατὰ</span> <span class='ocrx_word' id='word_1_374' title='bbox 3264 3222 3465 3288; x_wconf 79' lang='grc' dir='ltr'>τοῦτον</span> <span class='ocrx_word' id='word_1_375' title='bbox 3511 3233 3599 3288; x_wconf 82' lang='grc' dir='ltr'>τὸν</span> <span class='ocrx_word' id='word_1_376' title='bbox 3642 3228 3760 3305; x_wconf 84' lang='grc' dir='ltr'>χρό-</span> 
     </span>
    </p>
   </div>
   <div class='ocr_carea' id='block_1_43' title="bbox 2126 658 3746 741">
    <p class='ocr_par' dir='ltr' id='par_1_43' title="bbox 2126 658 3746 741">
     <span class='ocr_line' id='line_1_43' title="bbox 2126 658 3746 741; baseline -0.001 -23"><span class='ocrx_word' id='word_1_377' title='bbox 2126 660 2468 739; x_wconf 72' lang='grc' dir='ltr'>βαρϐαρικῶν</span> <span class='ocrx_word' id='word_1_378' title='bbox 2526 666 2741 741; x_wconf 79' lang='grc' dir='ltr'>σκαφῶν</span> <span class='ocrx_word' id='word_1_379' title='bbox 2790 659 3300 729; x_wconf 86' lang='grc' dir='ltr'>ἀποδειλιάσαντες,</span> <span class='ocrx_word' id='word_1_380' title='bbox 3362 658 3570 716; x_wconf 68' lang='grc' dir='ltr'>ἔκλιναν</span> <span class='ocrx_word' id='word_1_381' title='bbox 3623 663 3746 736; x_wconf 83' lang='grc' dir='ltr'>πρὸς</span> 
     </span>
    </p>
   </div>
   <div class='ocr_carea' id='block_1_44' title="bbox 2121 746 3740 830">
    <p class='ocr_par' dir='ltr' id='par_1_44' title="bbox 2121 746 3740 830">
     <span class='ocr_line' id='line_1_44' title="bbox 2121 746 3740 830; baseline 0.015 -25"><span class='ocrx_word' id='word_1_382' title='bbox 2121 755 2319 830; x_wconf 77' lang='grc' dir='ltr'>φυγήν.</span> <span class='ocrx_word' id='word_1_383' title='bbox 2355 754 2502 809; x_wconf 84' lang='grc' dir='ltr'>Ἐπεὶ</span> <span class='ocrx_word' id='word_1_384' title='bbox 2543 750 2599 807; x_wconf 62' lang='grc' dir='ltr'>δι</span> <span class='ocrx_word' id='word_1_385' title='bbox 2657 751 2886 827; x_wconf 78' lang='grc' dir='ltr'>ἔφθασαν</span> <span class='ocrx_word' id='word_1_386' title='bbox 2944 751 3011 805; x_wconf 72' lang='grc' dir='ltr'>τὰ</span> <span class='ocrx_word' id='word_1_387' title='bbox 3064 756 3170 805; x_wconf 77' lang='grc' dir='ltr'>τῶν</span> <span class='ocrx_word' id='word_1_388' title='bbox 3231 746 3523 826; x_wconf 75' lang='grc' dir='ltr'>Βαρϐάρων</span> <span class='ocrx_word' id='word_1_389' title='bbox 3581 752 3740 827; x_wconf 72' lang='grc' dir='ltr'>σκάφη</span> 
     </span>
    </p>
   </div>
   <div class='ocr_carea' id='block_1_45' title="bbox 2119 838 3745 919">
    <p class='ocr_par' dir='ltr' id='par_1_45' title="bbox 2119 838 3745 919">
     <span class='ocr_line' id='line_1_45' title="bbox 2119 838 3745 919; baseline -0.001 -24"><span class='ocrx_word' id='word_1_390' title='bbox 2119 841 2530 919; x_wconf 81' lang='grc' dir='ltr'>στεφανώσαντα</span> <span class='ocrx_word' id='word_1_391' title='bbox 2583 842 2647 896; x_wconf 89' lang='grc' dir='ltr'>τὸ</span> <span class='ocrx_word' id='word_1_392' title='bbox 2700 840 2875 913; x_wconf 86' lang='grc' dir='ltr'>στόμα</span> <span class='ocrx_word' id='word_1_393' title='bbox 2913 846 3201 914; x_wconf 87' lang='grc' dir='ltr'>κατασχεῖν</span> <span class='ocrx_word' id='word_1_394' title='bbox 3260 845 3358 895; x_wconf 85' lang='grc' dir='ltr'>τοῦ</span> <span class='ocrx_word' id='word_1_395' title='bbox 3414 838 3620 895; x_wconf 85' lang='grc' dir='ltr'>κόλπου</span> <span class='ocrx_word' id='word_1_396' title='bbox 3662 841 3745 894; x_wconf 81' lang='grc' dir='ltr'>καὶ</span> 
     </span>
    </p>
   </div>
   <div class='ocr_carea' id='block_1_46' title="bbox 2120 926 3750 1004">
    <p class='ocr_par' dir='ltr' id='par_1_46' title="bbox 2120 926 3750 1004">
     <span class='ocr_line' id='line_1_46' title="bbox 2120 926 3750 1004; baseline -0.002 -19"><span class='ocrx_word' id='word_1_397' title='bbox 2120 930 2326 1003; x_wconf 75' lang='grc' dir='ltr'>ἄπορος</span> <span class='ocrx_word' id='word_1_398' title='bbox 2380 931 2448 998; x_wconf 81' lang='grc' dir='ltr'>ἧν</span> <span class='ocrx_word' id='word_1_399' title='bbox 2484 933 2517 999; x_wconf 82' lang='grc' dir='ltr'>ἡ</span> <span class='ocrx_word' id='word_1_400' title='bbox 2572 930 2707 1002; x_wconf 86' lang='grc' dir='ltr'>πρὸς</span> <span class='ocrx_word' id='word_1_401' title='bbox 2734 930 2798 983; x_wconf 89' lang='grc' dir='ltr'>τὸ</span> <span class='ocrx_word' id='word_1_402' title='bbox 2854 929 3090 1004; x_wconf 90' lang='grc' dir='ltr'>πέλαγος</span> <span class='ocrx_word' id='word_1_403' title='bbox 3138 926 3393 998; x_wconf 76' lang='grc' dir='ltr'>διέξοδος,</span> <span class='ocrx_word' id='word_1_404' title='bbox 3429 934 3750 984; x_wconf 84' lang='grc' dir='ltr'>Κωνσταντῖ-</span> 
     </span>
    </p>
   </div>
   <div class='ocr_carea' id='block_1_47' title="bbox 2120 1012 3748 1094">
    <p class='ocr_par' dir='ltr' id='par_1_47' title="bbox 2120 1012 3748 1094">
     <span class='ocr_line' id='line_1_47' title="bbox 2120 1012 3748 1094; baseline -0.001 -21"><span class='ocrx_word' id='word_1_405' title='bbox 2120 1039 2212 1073; x_wconf 89' lang='grc' dir='ltr'>νον</span> <span class='ocrx_word' id='word_1_406' title='bbox 2263 1020 2357 1091; x_wconf 70' lang='grc' dir='ltr'>μὲν</span> <span class='ocrx_word' id='word_1_407' title='bbox 2414 1018 2698 1094; x_wconf 81' lang='grc' dir='ltr'>πατρίκιος</span> <span class='ocrx_word' id='word_1_408' title='bbox 2757 1019 2785 1072; x_wconf 86' lang='lat'>6</span> <span class='ocrx_word' id='word_1_409' title='bbox 2844 1012 3283 1091; x_wconf 76' lang='grc' dir='ltr'>Καϐαλλούριος,</span> <span class='ocrx_word' id='word_1_410' title='bbox 3341 1018 3633 1093; x_wconf 83' lang='grc' dir='ltr'>στρατηγὸς</span> <span class='ocrx_word' id='word_1_411' title='bbox 3683 1016 3748 1071; x_wconf 84' lang='grc' dir='ltr'>ὢν</span> 
     </span>
    </p>
   </div>
   <div class='ocr_carea' id='block_1_48' title="bbox 2120 1103 3746 1184">
    <p class='ocr_par' dir='ltr' id='par_1_48' title="bbox 2120 1103 3746 1184">
     <span class='ocr_line' id='line_1_48' title="bbox 2120 1103 3746 1184; baseline -0.003 -22"><span class='ocrx_word' id='word_1_412' title='bbox 2120 1113 2228 1163; x_wconf 89' lang='grc' dir='ltr'>τῶν</span> <span class='ocrx_word' id='word_1_413' title='bbox 2274 1103 2693 1184; x_wconf 75' lang='grc' dir='ltr'>Κιὸυῤῥαιωτῶν</span> <span class='ocrx_word' id='word_1_414' title='bbox 2730 1153 2745 1179; x_wconf 77' lang='grc'>,</span> <span class='ocrx_word' id='word_1_415' title='bbox 2802 1107 3057 1181; x_wconf 76' lang='grc' dir='ltr'>γενναίως</span> <span class='ocrx_word' id='word_1_416' title='bbox 3127 1104 3253 1176; x_wconf 66' lang='grc' dir='ltr'>ἔστη</span> <span class='ocrx_word' id='word_1_417' title='bbox 3312 1105 3449 1181; x_wconf 84' lang='grc' dir='ltr'>πρὸς</span> <span class='ocrx_word' id='word_1_418' title='bbox 3519 1104 3746 1178; x_wconf 84' lang='grc' dir='ltr'>πόλεμον</span> 
     </span>
    </p>
   </div>
   <div class='ocr_carea' id='block_1_49' title="bbox 2127 1192 3750 1270">
    <p class='ocr_par' dir='ltr' id='par_1_49' title="bbox 2127 1192 3750 1270">
     <span class='ocr_line' id='line_1_49' title="bbox 2127 1192 3750 1270; baseline -0.002 -18"><span class='ocrx_word' id='word_1_419' title='bbox 2127 1199 2261 1270; x_wconf 84' lang='grc' dir='ltr'>μετὰ</span> <span class='ocrx_word' id='word_1_420' title='bbox 2326 1204 2426 1266; x_wconf 82' lang='grc' dir='ltr'>τῆς</span> <span class='ocrx_word' id='word_1_421' title='bbox 2501 1197 2691 1251; x_wconf 69' lang='grc' dir='ltr'>ἑαυτοῦ</span> <span class='ocrx_word' id='word_1_422' title='bbox 2759 1198 3021 1269; x_wconf 74' lang='grc' dir='ltr'>τριήρους</span> <span class='ocrx_word' id='word_1_423' title='bbox 3072 1196 3163 1251; x_wconf 80' lang='grc' dir='ltr'>καὶ</span> <span class='ocrx_word' id='word_1_424' title='bbox 3215 1200 3421 1249; x_wconf 73' lang='grc' dir='ltr'>λοιπῶν</span> <span class='ocrx_word' id='word_1_425' title='bbox 3477 1192 3619 1259; x_wconf 74' lang='grc' dir='ltr'>δέκα,</span> <span class='ocrx_word' id='word_1_426' title='bbox 3668 1195 3750 1249; x_wconf 76' lang='grc' dir='ltr'>καὶ</span> 
     </span>
    </p>
   </div>
   <div class='ocr_carea' id='block_1_50' title="bbox 2125 1281 3754 1360">
    <p class='ocr_par' dir='ltr' id='par_1_50' title="bbox 2125 1281 3754 1360">
     <span class='ocr_line' id='line_1_50' title="bbox 2125 1281 3754 1360; baseline -0.003 -20"><span class='ocrx_word' id='word_1_427' title='bbox 2125 1286 2411 1359; x_wconf 84' lang='grc' dir='ltr'>εὐρώστως</span> <span class='ocrx_word' id='word_1_428' title='bbox 2459 1285 2778 1360; x_wconf 78' lang='grc' dir='ltr'>μαχόμενος</span> <span class='ocrx_word' id='word_1_429' title='bbox 2833 1284 3129 1355; x_wconf 83' lang='grc' dir='ltr'>κατεκόπη,</span> <span class='ocrx_word' id='word_1_430' title='bbox 3190 1282 3504 1360; x_wconf 71' lang='grc' dir='ltr'>ἐλήφθησαν</span> <span class='ocrx_word' id='word_1_431' title='bbox 3575 1281 3630 1338; x_wconf 71' lang='grc' dir='ltr'>δὲ</span> <span class='ocrx_word' id='word_1_432' title='bbox 3674 1283 3754 1337; x_wconf 75' lang='grc' dir='ltr'>καὶ</span> 
     </span>
    </p>
   </div>
   <div class='ocr_carea' id='block_1_51' title="bbox 2123 1369 3756 1448">
    <p class='ocr_par' dir='ltr' id='par_1_51' title="bbox 2123 1369 3756 1448">
     <span class='ocr_line' id='line_1_51' title="bbox 2123 1369 3756 1448; baseline -0.003 -19"><span class='ocrx_word' id='word_1_433' title='bbox 2123 1374 2374 1448; x_wconf 82' lang='grc' dir='ltr'>τέσσαρες</span> <span class='ocrx_word' id='word_1_434' title='bbox 2429 1377 2672 1448; x_wconf 73' lang='grc' dir='ltr'>τριήρεις</span> <span class='ocrx_word' id='word_1_435' title='bbox 2703 1370 2986 1447; x_wconf 72' lang='grc' dir='ltr'>αὔτανδροι</span> <span class='ocrx_word' id='word_1_436' title='bbox 3037 1374 3129 1426; x_wconf 86' lang='grc' dir='ltr'>σὺν</span> <span class='ocrx_word' id='word_1_437' title='bbox 3187 1376 3255 1445; x_wconf 82' lang='grc' dir='ltr'>τῇ</span> <span class='ocrx_word' id='word_1_438' title='bbox 3314 1369 3623 1446; x_wconf 80' lang='grc' dir='ltr'>ναυαρχίδι,</span> <span class='ocrx_word' id='word_1_439' title='bbox 3677 1372 3756 1425; x_wconf 85' lang='grc' dir='ltr'>καὶ</span> 
     </span>
    </p>
   </div>
   <div class='ocr_carea' id='block_1_52' title="bbox 2126 1457 3757 1538">
    <p class='ocr_par' dir='ltr' id='par_1_52' title="bbox 2126 1457 3757 1538">
     <span class='ocr_line' id='line_1_52' title="bbox 2126 1457 3757 1538; baseline -0.002 -22"><span class='ocrx_word' id='word_1_440' title='bbox 2126 1463 2319 1525; x_wconf 83' lang='grc' dir='ltr'>πάντες</span> <span class='ocrx_word' id='word_1_441' title='bbox 2376 1463 2427 1516; x_wconf 78' lang='grc' dir='ltr'>οἱ</span> <span class='ocrx_word' id='word_1_442' title='bbox 2486 1460 2537 1516; x_wconf 86' lang='grc' dir='ltr'>έν</span> <span class='ocrx_word' id='word_1_443' title='bbox 2593 1460 2781 1522; x_wconf 85' lang='grc' dir='ltr'>αὐταῖς</span> <span class='ocrx_word' id='word_1_444' title='bbox 2840 1460 3224 1538; x_wconf 65' lang='grc' dir='ltr'>ἀπεσφάγησαν</span> <span class='ocrx_word' id='word_1_445' title='bbox 3261 1505 3274 1528; x_wconf 92' lang='grc'>,</span> <span class='ocrx_word' id='word_1_446' title='bbox 3343 1460 3410 1514; x_wconf 79' lang='grc' dir='ltr'>τὰ</span> <span class='ocrx_word' id='word_1_447' title='bbox 3480 1457 3537 1515; x_wconf 71' lang='grc' dir='ltr'>δὲ</span> <span class='ocrx_word' id='word_1_448' title='bbox 3602 1458 3757 1513; x_wconf 65' lang='grc' dir='ltr'>λοιπά</span> 
     </span>
    </p>
   </div>
   <div class='ocr_carea' id='block_1_53' title="bbox 2128 1548 3758 1626">
    <p class='ocr_par' dir='ltr' id='par_1_53' title="bbox 2128 1548 3758 1626">
     <span class='ocr_line' id='line_1_53' title="bbox 2128 1548 3758 1626; baseline -0.003 -19"><span class='ocrx_word' id='word_1_449' title='bbox 2128 1553 2411 1623; x_wconf 80' lang='grc' dir='ltr'>Ῥωμαϊκά</span> <span class='ocrx_word' id='word_1_450' title='bbox 2465 1550 2640 1606; x_wconf 86' lang='grc' dir='ltr'>πλοῖα</span> <span class='ocrx_word' id='word_1_451' title='bbox 2670 1550 2722 1606; x_wconf 80' lang='grc' dir='ltr'>ἐν</span> <span class='ocrx_word' id='word_1_452' title='bbox 2774 1550 3004 1626; x_wconf 83' lang='grc' dir='ltr'>βράχεσι</span> <span class='ocrx_word' id='word_1_453' title='bbox 3042 1551 3131 1604; x_wconf 87' lang='grc' dir='ltr'>καὶ</span> <span class='ocrx_word' id='word_1_454' title='bbox 3185 1550 3375 1611; x_wconf 85' lang='grc' dir='ltr'>ἀκταῖς</span> <span class='ocrx_word' id='word_1_455' title='bbox 3434 1548 3523 1603; x_wconf 81' lang='grc' dir='ltr'>καὶ</span> <span class='ocrx_word' id='word_1_456' title='bbox 3580 1549 3758 1602; x_wconf 81' lang='grc' dir='ltr'>σκοπέ-</span> 
     </span>
    </p>
   </div>
   <div class='ocr_carea' id='block_1_54' title="bbox 387 3328 2026 3403">
    <p class='ocr_par' dir='ltr' id='par_1_54' title="bbox 387 3328 2026 3403">
     <span class='ocr_line' id='line_1_54' title="bbox 387 3328 2026 3403; baseline 0.002 -21"><span class='ocrx_word' id='word_1_457' title='bbox 387 3343 514 3399; x_wconf 73' lang='grc' dir='ltr'>ιιυω</span> <span class='ocrx_word' id='word_1_458' title='bbox 548 3328 692 3383; x_wconf 87' lang='lat' dir='ltr'>festa</span> <span class='ocrx_word' id='word_1_459' title='bbox 715 3334 804 3384; x_wconf 90' lang='lat' dir='ltr'>est</span> <span class='ocrx_word' id='word_1_460' title='bbox 836 3331 1126 3386; x_wconf 67' lang='lat' dir='ltr'>memoriae</span> <span class='ocrx_word' id='word_1_461' title='bbox 1162 3331 1429 3387; x_wconf 90' lang='lat' dir='ltr'>divorum</span> <span class='ocrx_word' id='word_1_462' title='bbox 1454 3332 1857 3403; x_wconf 84' lang='lat' dir='ltr'>Quadraginta</span> <span class='ocrx_word' id='word_1_463' title='bbox 1878 3332 2026 3387; x_wconf 85' lang='lat' dir='ltr'>Mar-</span> 
     </span>
    </p>
   </div>
   <div class='ocr_carea' id='block_1_55' title="bbox 384 3418 2026 3492">
    <p class='ocr_par' dir='ltr' id='par_1_55' title="bbox 384 3418 2026 3492">
     <span class='ocr_line' id='line_1_55' title="bbox 384 3418 2026 3492; baseline 0.001 -19"><span class='ocrx_word' id='word_1_464' title='bbox 384 3420 602 3489; x_wconf 83' lang='lat' dir='ltr'>tyrum,</span> <span class='ocrx_word' id='word_1_465' title='bbox 636 3418 791 3475; x_wconf 80' lang='lat'><strong>556</strong></span> <span class='ocrx_word' id='word_1_466' title='bbox 842 3418 1161 3490; x_wconf 87' lang='lat' dir='ltr'>imperator</span> <span class='ocrx_word' id='word_1_467' title='bbox 1205 3426 1269 3474; x_wconf 90' lang='lat' dir='ltr'>ut</span> <span class='ocrx_word' id='word_1_468' title='bbox 1307 3419 1381 3476; x_wconf 89' lang='lat' dir='ltr'>iis</span> <span class='ocrx_word' id='word_1_469' title='bbox 1411 3420 1771 3492; x_wconf 86' lang='lat' dir='ltr'>supplicaret</span> <span class='ocrx_word' id='word_1_470' title='bbox 1799 3420 2026 3491; x_wconf 89' lang='lat' dir='ltr'>publice</span> 
     </span>
    </p>
   </div>
   <div class='ocr_carea' id='block_1_56' title="bbox 384 3507 2026 3580">
    <p class='ocr_par' dir='ltr' id='par_1_56' title="bbox 384 3507 2026 3580">
     <span class='ocr_line' id='line_1_56' title="bbox 384 3507 2026 3580; baseline 0.001 -20"><span class='ocrx_word' id='word_1_471' title='bbox 384 3522 793 3576; x_wconf 88' lang='lat' dir='ltr'>processurus,</span> <span class='ocrx_word' id='word_1_472' title='bbox 818 3507 1106 3562; x_wconf 87' lang='lat' dir='ltr'>seditione</span> <span class='ocrx_word' id='word_1_473' title='bbox 1130 3508 1330 3579; x_wconf 89' lang='lat' dir='ltr'>populi</span> <span class='ocrx_word' id='word_1_474' title='bbox 1362 3508 1723 3580; x_wconf 81' lang='lat' dir='ltr'>interceptus</span> <span class='ocrx_word' id='word_1_475' title='bbox 1745 3514 1851 3563; x_wconf 90' lang='lat' dir='ltr'>est.</span> <span class='ocrx_word' id='word_1_476' title='bbox 1884 3512 2026 3563; x_wconf 91' lang='lat' dir='ltr'>Cum</span> 
     </span>
    </p>
   </div>
   <div class='ocr_carea' id='block_1_57' title="bbox 381 3593 2030 3666">
    <p class='ocr_par' dir='ltr' id='par_1_57' title="bbox 381 3593 2030 3666">
     <span class='ocr_line' id='line_1_57' title="bbox 381 3593 2030 3666; baseline 0.001 -18"><span class='ocrx_word' id='word_1_477' title='bbox 381 3594 539 3648; x_wconf 90' lang='lat' dir='ltr'>enim</span> <span class='ocrx_word' id='word_1_478' title='bbox 572 3593 752 3665; x_wconf 88' lang='lat' dir='ltr'>pedes</span> <span class='ocrx_word' id='word_1_479' title='bbox 803 3610 1014 3666; x_wconf 86' lang='lat' dir='ltr'>magno</span> <span class='ocrx_word' id='word_1_480' title='bbox 1072 3595 1397 3651; x_wconf 86' lang='lat' dir='ltr'>satellitum</span> <span class='ocrx_word' id='word_1_481' title='bbox 1458 3613 1592 3652; x_wconf 92' lang='lat' dir='ltr'>cum</span> <span class='ocrx_word' id='word_1_482' title='bbox 1652 3596 1930 3653; x_wconf 87' lang='lat' dir='ltr'>comitatu</span> <span class='ocrx_word' id='word_1_483' title='bbox 1974 3600 2030 3651; x_wconf 90' lang='lat' dir='ltr'>et</span> 
     </span>
    </p>
   </div>
   <div class='ocr_carea' id='block_1_58' title="bbox 385 3681 2027 3756">
    <p class='ocr_par' dir='ltr' id='par_1_58' title="bbox 385 3681 2027 3756">
     <span class='ocr_line' id='line_1_58' title="bbox 385 3681 2027 3756; baseline 0.002 -21"><span class='ocrx_word' id='word_1_484' title='bbox 385 3681 597 3737; x_wconf 85' lang='lat' dir='ltr'>faustis</span> <span class='ocrx_word' id='word_1_485' title='bbox 627 3681 1146 3740; x_wconf 86' lang='lat' dir='ltr'>acclamationibus</span> <span class='ocrx_word' id='word_1_486' title='bbox 1177 3700 1210 3739; x_wconf 90' lang='lat' dir='ltr'>a</span> <span class='ocrx_word' id='word_1_487' title='bbox 1262 3684 1477 3755; x_wconf 84' lang='lat' dir='ltr'>palatio</span> <span class='ocrx_word' id='word_1_488' title='bbox 1505 3702 1691 3756; x_wconf 90' lang='lat' dir='ltr'>usque</span> <span class='ocrx_word' id='word_1_489' title='bbox 1721 3686 1793 3740; x_wconf 82' lang='lat' dir='ltr'>ad</span> <span class='ocrx_word' id='word_1_490' title='bbox 1826 3686 2027 3740; x_wconf 82' lang='lat' dir='ltr'>fanum</span> 
     </span>
    </p>
   </div>
   <div class='ocr_carea' id='block_1_59' title="bbox 390 3769 2030 3845">
    <p class='ocr_par' dir='ltr' id='par_1_59' title="bbox 390 3769 2030 3845">
     <span class='ocr_line' id='line_1_59' title="bbox 390 3769 2030 3845; baseline 0.002 -20"><span class='ocrx_word' id='word_1_491' title='bbox 390 3769 714 3826; x_wconf 82' lang='lat' dir='ltr'>Servatoris</span> <span class='ocrx_word' id='word_1_492' title='bbox 745 3770 805 3826; x_wconf 91' lang='lat' dir='ltr'>in</span> <span class='ocrx_word' id='word_1_493' title='bbox 865 3771 1073 3828; x_wconf 87' lang='lat' dir='ltr'>Cbalce</span> <span class='ocrx_word' id='word_1_494' title='bbox 1122 3775 1531 3845; x_wconf 89' lang='lat' dir='ltr'>processisset,</span> <span class='ocrx_word' id='word_1_495' title='bbox 1593 3774 1727 3828; x_wconf 86' lang='lat' dir='ltr'>inde</span> <span class='ocrx_word' id='word_1_496' title='bbox 1767 3791 1915 3842; x_wconf 76' lang='lat' dir='ltr'>equo</span> <span class='ocrx_word' id='word_1_497' title='bbox 1958 3774 2030 3829; x_wconf 80' lang='lat' dir='ltr'>ad</span> 
     </span>
    </p>
   </div>
   <div class='ocr_carea' id='block_1_60' title="bbox 390 3860 2030 3929">
    <p class='ocr_par' dir='ltr' id='par_1_60' title="bbox 390 3860 2030 3929">
     <span class='ocr_line' id='line_1_60' title="bbox 390 3860 2030 3929; baseline 0.003 -17"><span class='ocrx_word' id='word_1_498' title='bbox 390 3864 717 3929; x_wconf 81' lang='lat' dir='ltr'>martyrum</span> <span class='ocrx_word' id='word_1_499' title='bbox 749 3860 931 3914; x_wconf 73' lang='lat' dir='ltr'>aedem</span> <span class='ocrx_word' id='word_1_500' title='bbox 956 3860 1084 3916; x_wconf 91' lang='lat' dir='ltr'>vebi</span> <span class='ocrx_word' id='word_1_501' title='bbox 1134 3860 1330 3928; x_wconf 87' lang='lat' dir='ltr'>vellet,</span> <span class='ocrx_word' id='word_1_502' title='bbox 1390 3862 1587 3917; x_wconf 86' lang='lat' dir='ltr'>subito</span> <span class='ocrx_word' id='word_1_503' title='bbox 1637 3878 1745 3917; x_wconf 82' lang='lat' dir='ltr'>vox</span> <span class='ocrx_word' id='word_1_504' title='bbox 1770 3878 1802 3917; x_wconf 89' lang='lat' dir='ltr'>e</span> <span class='ocrx_word' id='word_1_505' title='bbox 1835 3863 2030 3917; x_wconf 90' lang='lat' dir='ltr'>medio</span> 
     </span>
    </p>
   </div>
   <div class='ocr_carea' id='block_1_61' title="bbox 391 3946 2030 4007">
    <p class='ocr_par' dir='ltr' id='par_1_61' title="bbox 391 3946 2030 4007">
     <span class='ocr_line' id='line_1_61' title="bbox 391 3946 2030 4007; baseline 0.002 -5"><span class='ocrx_word' id='word_1_506' title='bbox 391 3946 793 4003; x_wconf 86' lang='lat' dir='ltr'>multitudinis</span> <span class='ocrx_word' id='word_1_507' title='bbox 824 3950 1097 4005; x_wconf 84' lang='lat' dir='ltr'>exaudita</span> <span class='ocrx_word' id='word_1_508' title='bbox 1144 3955 1270 4007; x_wconf 85' lang='lat' dir='ltr'>est:</span> <span class='ocrx_word' id='word_1_509' title='bbox 1305 3971 1331 4003; x_wconf 71' lang='grc' dir='ltr'>α</span> <span class='ocrx_word' id='word_1_510' title='bbox 1360 3950 1651 4006; x_wconf 88' lang='lat' dir='ltr'>Nolumus</span> <span class='ocrx_word' id='word_1_511' title='bbox 1681 3950 2030 4006; x_wconf 73' lang='lat' dir='ltr'>Scleraenam</span> 
     </span>
    </p>
   </div>
   <div class='ocr_carea' id='block_1_62' title="bbox 388 4036 2033 4107">
    <p class='ocr_par' dir='ltr' id='par_1_62' title="bbox 388 4036 2033 4107">
     <span class='ocr_line' id='line_1_62' title="bbox 388 4036 2033 4107; baseline 0.002 -16"><span class='ocrx_word' id='word_1_512' title='bbox 388 4036 500 4104; x_wconf 88' lang='lat' dir='ltr'>(sic</span> <span class='ocrx_word' id='word_1_513' title='bbox 539 4037 783 4093; x_wconf 70' lang='lat' dir='ltr'>Romani</span> <span class='ocrx_word' id='word_1_514' title='bbox 859 4038 999 4094; x_wconf 92' lang='lat' dir='ltr'>Duri</span> <span class='ocrx_word' id='word_1_515' title='bbox 1057 4056 1222 4096; x_wconf 90' lang='lat' dir='ltr'>soror</span> <span class='ocrx_word' id='word_1_516' title='bbox 1269 4040 1600 4107; x_wconf 82' lang='lat' dir='ltr'>vocabatur,</span> <span class='ocrx_word' id='word_1_517' title='bbox 1662 4040 2033 4096; x_wconf 85' lang='lat' dir='ltr'>Monomacbi</span> 
     </span>
    </p>
   </div>
   <div class='ocr_carea' id='block_1_63' title="bbox 393 4126 2030 4200">
    <p class='ocr_par' dir='ltr' id='par_1_63' title="bbox 393 4126 2030 4200">
     <span class='ocr_line' id='line_1_63' title="bbox 393 4126 2030 4200; baseline 0.002 -21"><span class='ocrx_word' id='word_1_518' title='bbox 393 4126 745 4197; x_wconf 88' lang='lat' dir='ltr'>concubina)</span> <span class='ocrx_word' id='word_1_519' title='bbox 765 4143 895 4183; x_wconf 89' lang='lat' dir='ltr'>esse</span> <span class='ocrx_word' id='word_1_520' title='bbox 927 4128 1386 4199; x_wconf 89' lang='lat' dir='ltr'>imperatricem,</span> <span class='ocrx_word' id='word_1_521' title='bbox 1421 4146 1606 4199; x_wconf 87' lang='lat' dir='ltr'>neque</span> <span class='ocrx_word' id='word_1_522' title='bbox 1638 4136 1875 4200; x_wconf 87' lang='lat' dir='ltr'>propter</span> <span class='ocrx_word' id='word_1_523' title='bbox 1904 4144 2030 4183; x_wconf 87' lang='lat' dir='ltr'>eam</span> 
     </span>
    </p>
   </div>
   <div class='ocr_carea' id='block_1_64' title="bbox 397 4213 2035 4289">
    <p class='ocr_par' dir='ltr' id='par_1_64' title="bbox 397 4213 2035 4289">
     <span class='ocr_line' id='line_1_64' title="bbox 397 4213 2035 4289; baseline 0.002 -21"><span class='ocrx_word' id='word_1_524' title='bbox 397 4213 669 4269; x_wconf 89' lang='lat' dir='ltr'>dominas</span> <span class='ocrx_word' id='word_1_525' title='bbox 699 4221 933 4273; x_wconf 86' lang='lat' dir='ltr'>nostras</span> <span class='ocrx_word' id='word_1_526' title='bbox 964 4217 1541 4289; x_wconf 80' lang='lat' dir='ltr'>porphyrogennetas</span> <span class='ocrx_word' id='word_1_527' title='bbox 1568 4218 1713 4273; x_wconf 88' lang='lat' dir='ltr'>Zoen</span> <span class='ocrx_word' id='word_1_528' title='bbox 1753 4234 1818 4271; x_wconf 88' lang='lat' dir='ltr'>ac</span> <span class='ocrx_word' id='word_1_529' title='bbox 1849 4218 2035 4272; x_wconf 86' lang='lat' dir='ltr'>Theo-</span> 
     </span>
    </p>
   </div>
   <div class='ocr_carea' id='block_1_65' title="bbox 401 4303 2036 4376">
    <p class='ocr_par' dir='ltr' id='par_1_65' title="bbox 401 4303 2036 4376">
     <span class='ocr_line' id='line_1_65' title="bbox 401 4303 2036 4376; baseline 0.002 -19"><span class='ocrx_word' id='word_1_530' title='bbox 401 4303 605 4357; x_wconf 89' lang='lat' dir='ltr'>doram</span> <span class='ocrx_word' id='word_1_531' title='bbox 657 4303 824 4359; x_wconf 91' lang='lat' dir='ltr'>mori.</span> <span class='ocrx_word' id='word_1_532' title='bbox 862 4325 890 4354; x_wconf 88' lang='lat'><strong>»</strong></span> <span class='ocrx_word' id='word_1_533' title='bbox 919 4306 1106 4376; x_wconf 84' lang='lat' dir='ltr'>Atque</span> <span class='ocrx_word' id='word_1_534' title='bbox 1136 4305 1290 4361; x_wconf 90' lang='lat' dir='ltr'>illico</span> <span class='ocrx_word' id='word_1_535' title='bbox 1324 4306 1522 4361; x_wconf 90' lang='lat' dir='ltr'>omnia</span> <span class='ocrx_word' id='word_1_536' title='bbox 1560 4306 1920 4363; x_wconf 87' lang='lat' dir='ltr'>confusionis</span> <span class='ocrx_word' id='word_1_537' title='bbox 1971 4322 2036 4361; x_wconf 90' lang='lat' dir='ltr'>ac</span> 
     </span>
    </p>
   </div>
   <div class='ocr_carea' id='block_1_66' title="bbox 393 4390 2037 4465">
    <p class='ocr_par' dir='ltr' id='par_1_66' title="bbox 393 4390 2037 4465">
     <span class='ocr_line' id='line_1_66' title="bbox 393 4390 2037 4465; baseline 0.002 -17"><span class='ocrx_word' id='word_1_538' title='bbox 393 4390 688 4448; x_wconf 86' lang='lat' dir='ltr'>tumultus</span> <span class='ocrx_word' id='word_1_539' title='bbox 737 4391 930 4463; x_wconf 85' lang='lat' dir='ltr'>plena,</span> <span class='ocrx_word' id='word_1_540' title='bbox 989 4398 1045 4449; x_wconf 88' lang='lat' dir='ltr'>et</span> <span class='ocrx_word' id='word_1_541' title='bbox 1076 4394 1486 4465; x_wconf 89' lang='lat' dir='ltr'>imperatorem</span> <span class='ocrx_word' id='word_1_542' title='bbox 1523 4396 1693 4451; x_wconf 90' lang='lat' dir='ltr'>turba</span> <span class='ocrx_word' id='word_1_543' title='bbox 1741 4395 1813 4450; x_wconf 89' lang='lat' dir='ltr'>ad</span> <span class='ocrx_word' id='word_1_544' title='bbox 1838 4411 2037 4452; x_wconf 87' lang='lat' dir='ltr'>necem</span> 
     </span>
    </p>
   </div>
   <div class='ocr_carea' id='block_1_67' title="bbox 390 4480 2037 4554">
    <p class='ocr_par' dir='ltr' id='par_1_67' title="bbox 390 4480 2037 4554">
     <span class='ocr_line' id='line_1_67' title="bbox 390 4480 2037 4554; baseline 0.002 -19"><span class='ocrx_word' id='word_1_545' title='bbox 390 4480 675 4551; x_wconf 89' lang='lat' dir='ltr'>deposcit.</span> <span class='ocrx_word' id='word_1_546' title='bbox 703 4481 866 4544; x_wconf 87' lang='lat' dir='ltr'>Quod</span> <span class='ocrx_word' id='word_1_547' title='bbox 902 4482 1013 4536; x_wconf 90' lang='lat' dir='ltr'>nisi</span> <span class='ocrx_word' id='word_1_548' title='bbox 1045 4482 1310 4539; x_wconf 89' lang='lat' dir='ltr'>celeriter</span> <span class='ocrx_word' id='word_1_549' title='bbox 1356 4486 1630 4554; x_wconf 66' lang='lat' dir='ltr'>Augustae</span> <span class='ocrx_word' id='word_1_550' title='bbox 1669 4484 1741 4538; x_wconf 91' lang='lat' dir='ltr'>de</span> <span class='ocrx_word' id='word_1_551' title='bbox 1794 4483 2037 4539; x_wconf 90' lang='lat' dir='ltr'>sublimi</span> 
     </span>
    </p>
   </div>
   <div class='ocr_carea' id='block_1_68' title="bbox 398 4569 2037 4644">
    <p class='ocr_par' dir='ltr' id='par_1_68' title="bbox 398 4569 2037 4644">
     <span class='ocr_line' id='line_1_68' title="bbox 398 4569 2037 4644; baseline 0.004 -22"><span class='ocrx_word' id='word_1_552' title='bbox 398 4569 824 4639; x_wconf 88' lang='lat' dir='ltr'>prospicientes</span> <span class='ocrx_word' id='word_1_553' title='bbox 877 4569 1321 4625; x_wconf 86' lang='lat' dir='ltr'>multitudinem</span> <span class='ocrx_word' id='word_1_554' title='bbox 1384 4572 1736 4642; x_wconf 88' lang='lat' dir='ltr'>placassent,</span> <span class='ocrx_word' id='word_1_555' title='bbox 1799 4572 2037 4644; x_wconf 90' lang='lat' dir='ltr'>plurimi</span> 
     </span>
    </p>
   </div>
   <div class='ocr_carea' id='block_1_69' title="bbox 393 4656 2036 4733">
    <p class='ocr_par' dir='ltr' id='par_1_69' title="bbox 393 4656 2036 4733">
     <span class='ocr_line' id='line_1_69' title="bbox 393 4656 2036 4733; baseline 0.004 -22"><span class='ocrx_word' id='word_1_556' title='bbox 393 4656 549 4712; x_wconf 89' lang='lat' dir='ltr'>haud</span> <span class='ocrx_word' id='word_1_557' title='bbox 577 4656 755 4713; x_wconf 89' lang='lat' dir='ltr'>dubie</span> <span class='ocrx_word' id='word_1_558' title='bbox 786 4661 962 4729; x_wconf 89' lang='lat' dir='ltr'>atque</span> <span class='ocrx_word' id='word_1_559' title='bbox 994 4658 1119 4729; x_wconf 88' lang='lat' dir='ltr'>ipse</span> <span class='ocrx_word' id='word_1_560' title='bbox 1152 4659 1395 4715; x_wconf 83' lang='lat' dir='ltr'>forsitan</span> <span class='ocrx_word' id='word_1_561' title='bbox 1449 4660 1766 4731; x_wconf 82' lang='lat' dir='ltr'>imperator</span> <span class='ocrx_word' id='word_1_562' title='bbox 1797 4661 2036 4733; x_wconf 89' lang='lat' dir='ltr'>perituri</span> 
     </span>
    </p>
   </div>
   <div class='ocr_carea' id='block_1_70' title="bbox 394 4745 2036 4818">
    <p class='ocr_par' dir='ltr' id='par_1_70' title="bbox 394 4745 2036 4818">
     <span class='ocr_line' id='line_1_70' title="bbox 394 4745 2036 4818; baseline 0.002 -17"><span class='ocrx_word' id='word_1_563' title='bbox 394 4746 646 4803; x_wconf 75' lang='lat' dir='ltr'>fuerant.</span> <span class='ocrx_word' id='word_1_564' title='bbox 674 4745 884 4809; x_wconf 87' lang='lat' dir='ltr'>Sedato</span> <span class='ocrx_word' id='word_1_565' title='bbox 925 4751 1122 4802; x_wconf 89' lang='lat' dir='ltr'>autem</span> <span class='ocrx_word' id='word_1_566' title='bbox 1154 4752 1317 4803; x_wconf 91' lang='lat' dir='ltr'>motu</span> <span class='ocrx_word' id='word_1_567' title='bbox 1347 4746 1681 4818; x_wconf 87' lang='lat' dir='ltr'>imperator,</span> <span class='ocrx_word' id='word_1_568' title='bbox 1714 4750 1935 4806; x_wconf 87' lang='lat' dir='ltr'>omissa</span> <span class='ocrx_word' id='word_1_569' title='bbox 1964 4751 2036 4805; x_wconf 89' lang='lat' dir='ltr'>ad</span> 
     </span>
    </p>
   </div>
   <div class='ocr_carea' id='block_1_71' title="bbox 396 4835 1856 4908">
    <p class='ocr_par' dir='ltr' id='par_1_71' title="bbox 396 4835 1856 4908">
     <span class='ocr_line' id='line_1_71' title="bbox 396 4835 1856 4908; baseline 0.001 -18"><span class='ocrx_word' id='word_1_570' title='bbox 396 4840 679 4907; x_wconf 85' lang='lat' dir='ltr'>martyres</span> <span class='ocrx_word' id='word_1_571' title='bbox 708 4835 1103 4907; x_wconf 88' lang='lat' dir='ltr'>processione,</span> <span class='ocrx_word' id='word_1_572' title='bbox 1134 4835 1195 4890; x_wconf 94' lang='lat' dir='ltr'>in</span> <span class='ocrx_word' id='word_1_573' title='bbox 1230 4835 1505 4907; x_wconf 85' lang='lat' dir='ltr'>palatium</span> <span class='ocrx_word' id='word_1_574' title='bbox 1535 4852 1599 4893; x_wconf 87' lang='lat' dir='ltr'>se</span> <span class='ocrx_word' id='word_1_575' title='bbox 1619 4838 1856 4908; x_wconf 86' lang='lat' dir='ltr'>recepit.</span> 
     </span>
    </p>
   </div>
   <div class='ocr_carea' id='block_1_72' title="bbox 471 5011 2039 5086">
    <p class='ocr_par' dir='ltr' id='par_1_72' title="bbox 471 5011 2039 5086">
     <span class='ocr_line' id='line_1_72' title="bbox 471 5011 2039 5086; baseline 0.003 -20"><span class='ocrx_word' id='word_1_576' title='bbox 471 5011 794 5068; x_wconf 90' lang='lat' dir='ltr'>Indictione</span> <span class='ocrx_word' id='word_1_577' title='bbox 825 5013 891 5067; x_wconf 87' lang='grc'><strong>13</strong></span> <span class='ocrx_word' id='word_1_578' title='bbox 922 5012 1143 5068; x_wconf 90' lang='lat' dir='ltr'>bellum</span> <span class='ocrx_word' id='word_1_579' title='bbox 1174 5014 1246 5069; x_wconf 90' lang='lat' dir='ltr'>de</span> <span class='ocrx_word' id='word_1_580' title='bbox 1302 5013 1452 5071; x_wconf 82' lang='lat' dir='ltr'>Anio</span> <span class='ocrx_word' id='word_1_581' title='bbox 1500 5014 1694 5085; x_wconf 84' lang='lat' dir='ltr'>coepit.</span> <span class='ocrx_word' id='word_1_582' title='bbox 1729 5014 1838 5070; x_wconf 88' lang='lat' dir='ltr'>Sed</span> <span class='ocrx_word' id='word_1_583' title='bbox 1870 5030 2039 5086; x_wconf 80' lang='lat' dir='ltr'>expo-</span> 
     </span>
    </p>
   </div>
   <div class='ocr_carea' id='block_1_73' title="bbox 394 5099 2038 5174">
    <p class='ocr_par' dir='ltr' id='par_1_73' title="bbox 394 5099 2038 5174">
     <span class='ocr_line' id='line_1_73' title="bbox 394 5099 2038 5174; baseline -0.001 -19"><span class='ocrx_word' id='word_1_584' title='bbox 394 5099 655 5155; x_wconf 89' lang='lat' dir='ltr'>nendum</span> <span class='ocrx_word' id='word_1_585' title='bbox 689 5105 778 5156; x_wconf 90' lang='lat' dir='ltr'>est</span> <span class='ocrx_word' id='word_1_586' title='bbox 802 5118 905 5156; x_wconf 89' lang='lat' dir='ltr'>cur</span> <span class='ocrx_word' id='word_1_587' title='bbox 926 5106 983 5156; x_wconf 90' lang='lat' dir='ltr'>et</span> <span class='ocrx_word' id='word_1_588' title='bbox 1014 5118 1131 5173; x_wconf 90' lang='lat' dir='ltr'>qua</span> <span class='ocrx_word' id='word_1_589' title='bbox 1184 5102 1407 5158; x_wconf 84' lang='lat' dir='ltr'>ratione</span> <span class='ocrx_word' id='word_1_590' title='bbox 1434 5104 1565 5158; x_wconf 81' lang='lat' dir='ltr'>Anii</span> <span class='ocrx_word' id='word_1_591' title='bbox 1600 5102 1849 5173; x_wconf 88' lang='lat' dir='ltr'>principi</span> <span class='ocrx_word' id='word_1_592' title='bbox 1873 5104 2038 5174; x_wconf 79' lang='lat' dir='ltr'>quis-</span> 
     </span>
    </p>
   </div>
   <div class='ocr_carea' id='block_1_74' title="bbox 397 5187 2040 5263">
    <p class='ocr_par' dir='ltr' id='par_1_74' title="bbox 397 5187 2040 5263">
     <span class='ocr_line' id='line_1_74' title="bbox 397 5187 2040 5263; baseline 0.001 -18"><span class='ocrx_word' id='word_1_593' title='bbox 397 5187 605 5253; x_wconf 89' lang='lat' dir='ltr'>scenti,</span> <span class='ocrx_word' id='word_1_594' title='bbox 630 5188 907 5260; x_wconf 90' lang='lat' dir='ltr'>nullaque</span> <span class='ocrx_word' id='word_1_595' title='bbox 937 5190 1011 5244; x_wconf 86' lang='lat' dir='ltr'>ab</span> <span class='ocrx_word' id='word_1_596' title='bbox 1034 5207 1099 5246; x_wconf 91' lang='lat' dir='ltr'>eo</span> <span class='ocrx_word' id='word_1_597' title='bbox 1131 5196 1259 5247; x_wconf 89' lang='lat' dir='ltr'>orta</span> <span class='ocrx_word' id='word_1_598' title='bbox 1291 5191 1526 5262; x_wconf 90' lang='lat' dir='ltr'>injuria,</span> <span class='ocrx_word' id='word_1_599' title='bbox 1563 5191 1886 5263; x_wconf 87' lang='lat' dir='ltr'>imperator</span> <span class='ocrx_word' id='word_1_600' title='bbox 1916 5191 2040 5247; x_wconf 91' lang='lat' dir='ltr'>bel-</span> 
     </span>
    </p>
   </div>
   <div class='ocr_carea' id='block_1_75' title="bbox 396 5279 2043 5355">
    <p class='ocr_par' dir='ltr' id='par_1_75' title="bbox 396 5279 2043 5355">
     <span class='ocr_line' id='line_1_75' title="bbox 396 5279 2043 5355; baseline 0.002 -21"><span class='ocrx_word' id='word_1_601' title='bbox 396 5279 521 5334; x_wconf 91' lang='lat' dir='ltr'>lum</span> <span class='ocrx_word' id='word_1_602' title='bbox 552 5279 834 5334; x_wconf 86' lang='lat' dir='ltr'>intulerit.</span> <span class='ocrx_word' id='word_1_603' title='bbox 868 5279 1155 5351; x_wconf 85' lang='lat' dir='ltr'>Georgius</span> <span class='ocrx_word' id='word_1_604' title='bbox 1212 5282 1579 5355; x_wconf 86' lang='lat' dir='ltr'>Abasgorum</span> <span class='ocrx_word' id='word_1_605' title='bbox 1611 5282 1883 5353; x_wconf 91' lang='lat' dir='ltr'>princeps</span> <span class='ocrx_word' id='word_1_606' title='bbox 1930 5281 2043 5337; x_wconf 87' lang='lat' dir='ltr'>bel-</span> 
     </span>
    </p>
   </div>
   <div class='ocr_carea' id='block_1_76' title="bbox 394 5367 2041 5443">
    <p class='ocr_par' dir='ltr' id='par_1_76' title="bbox 394 5367 2041 5443">
     <span class='ocr_line' id='line_1_76' title="bbox 394 5367 2041 5443; baseline 0.002 -19"><span class='ocrx_word' id='word_1_607' title='bbox 394 5367 517 5424; x_wconf 88' lang='lat' dir='ltr'>lum</span> <span class='ocrx_word' id='word_1_608' title='bbox 539 5368 817 5425; x_wconf 82' lang='lat' dir='ltr'>adversus</span> <span class='ocrx_word' id='word_1_609' title='bbox 848 5368 997 5427; x_wconf 73' lang='lat'><strong>557</strong></span> <span class='ocrx_word' id='word_1_610' title='bbox 1036 5370 1328 5428; x_wconf 81' lang='lat' dir='ltr'>Romanos</span> <span class='ocrx_word' id='word_1_611' title='bbox 1366 5388 1607 5429; x_wconf 87' lang='lat' dir='ltr'>movens</span> <span class='ocrx_word' id='word_1_612' title='bbox 1652 5371 1877 5427; x_wconf 90' lang='lat' dir='ltr'>socium</span> <span class='ocrx_word' id='word_1_613' title='bbox 1911 5372 2041 5443; x_wconf 83' lang='lat' dir='ltr'>ejus</span> 
     </span>
    </p>
   </div>
   <div class='ocr_carea' id='block_1_77' title="bbox 2134 3318 3758 3404">
    <p class='ocr_par' dir='ltr' id='par_1_77' title="bbox 2134 3318 3758 3404">
     <span class='ocr_line' id='line_1_77' title="bbox 2134 3318 3758 3404; baseline -0.007 -21"><span class='ocrx_word' id='word_1_614' title='bbox 2134 3350 2224 3383; x_wconf 88' lang='lat' dir='ltr'>vov</span> <span class='ocrx_word' id='word_1_615' title='bbox 2257 3328 2448 3404; x_wconf 60' lang='grc' dir='ltr'>ἑορτῆς</span> <span class='ocrx_word' id='word_1_616' title='bbox 2480 3325 2754 3400; x_wconf 82' lang='grc' dir='ltr'>ἀγομένης</span> <span class='ocrx_word' id='word_1_617' title='bbox 2780 3330 2889 3380; x_wconf 90' lang='grc' dir='ltr'>τῶν</span> <span class='ocrx_word' id='word_1_618' title='bbox 2947 3322 3116 3399; x_wconf 86' lang='grc' dir='ltr'>ἁγίων</span> <span class='ocrx_word' id='word_1_619' title='bbox 3176 3325 3227 3396; x_wconf 86' lang='grc' dir='ltr'>μ’</span> <span class='ocrx_word' id='word_1_620' title='bbox 3273 3321 3602 3397; x_wconf 86' lang='grc' dir='ltr'>Μαρτύρων,</span> <span class='ocrx_word' id='word_1_621' title='bbox 3634 3318 3679 3373; x_wconf 76' lang='grc' dir='ltr'>έν</span> <span class='ocrx_word' id='word_1_622' title='bbox 3702 3318 3758 3388; x_wconf 76' lang='grc' dir='ltr'>τῇ</span> 
     </span>
    </p>
   </div>
   <div class='ocr_carea' id='block_1_78' title="bbox 2136 3408 3759 3488">
    <p class='ocr_par' dir='ltr' id='par_1_78' title="bbox 2136 3408 3759 3488">
     <span class='ocr_line' id='line_1_78' title="bbox 2136 3408 3759 3488; baseline -0.007 -19"><span class='ocrx_word' id='word_1_623' title='bbox 2136 3418 2178 3469; x_wconf 87' lang='grc' dir='ltr'>θ’</span> <span class='ocrx_word' id='word_1_624' title='bbox 2234 3420 2332 3470; x_wconf 75' lang='grc' dir='ltr'>τοῦ</span> <span class='ocrx_word' id='word_1_625' title='bbox 2390 3413 2636 3488; x_wconf 82' lang='grc' dir='ltr'>Μαρτίου</span> <span class='ocrx_word' id='word_1_626' title='bbox 2672 3413 2868 3484; x_wconf 80' lang='grc' dir='ltr'>μηνὸς,</span> <span class='ocrx_word' id='word_1_627' title='bbox 2905 3411 3125 3484; x_wconf 84' lang='grc' dir='ltr'>μέλλων</span> <span class='ocrx_word' id='word_1_628' title='bbox 3168 3412 3195 3465; x_wconf 91' lang='lat'>6</span> <span class='ocrx_word' id='word_1_629' title='bbox 3230 3409 3493 3486; x_wconf 80' lang='grc' dir='ltr'>βασιλεὺς</span> <span class='ocrx_word' id='word_1_630' title='bbox 3516 3408 3588 3469; x_wconf 69' lang='grc' dir='ltr'>εἷς</span> <span class='ocrx_word' id='word_1_631' title='bbox 3614 3424 3759 3481; x_wconf 86' lang='grc' dir='ltr'>προσ-</span> 
     </span>
    </p>
   </div>
   <div class='ocr_carea' id='block_1_79' title="bbox 2134 3495 3758 3575">
    <p class='ocr_par' dir='ltr' id='par_1_79' title="bbox 2134 3495 3758 3575">
     <span class='ocr_line' id='line_1_79' title="bbox 2134 3495 3758 3575; baseline -0.006 -17"><span class='ocrx_word' id='word_1_632' title='bbox 2134 3503 2357 3575; x_wconf 88' lang='grc' dir='ltr'>κύνησιν</span> <span class='ocrx_word' id='word_1_633' title='bbox 2391 3503 2644 3558; x_wconf 77' lang='grc' dir='ltr'>ἀπελθεῖν</span> <span class='ocrx_word' id='word_1_634' title='bbox 2706 3506 2810 3556; x_wconf 86' lang='grc' dir='ltr'>τῶν</span> <span class='ocrx_word' id='word_1_635' title='bbox 2862 3500 3027 3575; x_wconf 78' lang='grc' dir='ltr'>ἁγίων</span> <span class='ocrx_word' id='word_1_636' title='bbox 3085 3497 3328 3571; x_wconf 81' lang='grc' dir='ltr'>δημοσίᾳ</span> <span class='ocrx_word' id='word_1_637' title='bbox 3382 3495 3606 3573; x_wconf 83' lang='grc' dir='ltr'>προόδῳ</span> <span class='ocrx_word' id='word_1_638' title='bbox 3652 3513 3758 3548; x_wconf 85' lang='grc' dir='ltr'>κατ-</span> 
     </span>
    </p>
   </div>
   <div class='ocr_carea' id='block_1_80' title="bbox 2138 3583 3760 3667">
    <p class='ocr_par' dir='ltr' id='par_1_80' title="bbox 2138 3583 3760 3667">
     <span class='ocr_line' id='line_1_80' title="bbox 2138 3583 3760 3667; baseline -0.007 -20"><span class='ocrx_word' id='word_1_639' title='bbox 2138 3592 2456 3662; x_wconf 82' lang='grc' dir='ltr'>εστασιᾶσθη</span> <span class='ocrx_word' id='word_1_640' title='bbox 2489 3591 2635 3667; x_wconf 84' lang='grc' dir='ltr'>παρὰ</span> <span class='ocrx_word' id='word_1_641' title='bbox 2688 3595 2786 3646; x_wconf 77' lang='grc' dir='ltr'>τοῦ</span> <span class='ocrx_word' id='word_1_642' title='bbox 2819 3587 3020 3662; x_wconf 71' lang='grc' dir='ltr'>δήμου.</span> <span class='ocrx_word' id='word_1_643' title='bbox 3055 3588 3399 3658; x_wconf 79' lang='grc' dir='ltr'>Ἐξελθόντος</span> <span class='ocrx_word' id='word_1_644' title='bbox 3453 3587 3552 3662; x_wconf 75' lang='grc' dir='ltr'>γὰρ</span> <span class='ocrx_word' id='word_1_645' title='bbox 3589 3583 3760 3639; x_wconf 84' lang='grc' dir='ltr'>τούτου</span> 
     </span>
    </p>
   </div>
   <div class='ocr_carea' id='block_1_81' title="bbox 2136 3670 3758 3755">
    <p class='ocr_par' dir='ltr' id='par_1_81' title="bbox 2136 3670 3758 3755">
     <span class='ocr_line' id='line_1_81' title="bbox 2136 3670 3758 3755; baseline -0.009 -18"><span class='ocrx_word' id='word_1_646' title='bbox 2136 3686 2273 3755; x_wconf 81' lang='grc' dir='ltr'>πεζῇ</span> <span class='ocrx_word' id='word_1_647' title='bbox 2328 3681 2460 3753; x_wconf 86' lang='grc' dir='ltr'>μετά</span> <span class='ocrx_word' id='word_1_648' title='bbox 2488 3678 2708 3749; x_wconf 83' lang='grc' dir='ltr'>πολλῆς</span> <span class='ocrx_word' id='word_1_649' title='bbox 2740 3676 3065 3755; x_wconf 79' lang='grc' dir='ltr'>δορυφορίας</span> <span class='ocrx_word' id='word_1_650' title='bbox 3112 3676 3219 3731; x_wconf 87' lang='grc' dir='ltr'>ἀπὸ</span> <span class='ocrx_word' id='word_1_651' title='bbox 3256 3680 3351 3729; x_wconf 81' lang='grc' dir='ltr'>τοῦ</span> <span class='ocrx_word' id='word_1_652' title='bbox 3382 3674 3642 3731; x_wconf 83' lang='grc' dir='ltr'>παλατίου</span> <span class='ocrx_word' id='word_1_653' title='bbox 3683 3670 3758 3725; x_wconf 82' lang='grc' dir='ltr'>καὶ</span> 
     </span>
    </p>
   </div>
   <div class='ocr_carea' id='block_1_82' title="bbox 2140 3759 3759 3848">
    <p class='ocr_par' dir='ltr' id='par_1_82' title="bbox 2140 3759 3759 3848">
     <span class='ocr_line' id='line_1_82' title="bbox 2140 3759 3759 3848; baseline -0.009 -22"><span class='ocrx_word' id='word_1_654' title='bbox 2140 3769 2429 3848; x_wconf 75' lang='grc' dir='ltr'>εὐφημίας,</span> <span class='ocrx_word' id='word_1_655' title='bbox 2486 3769 2573 3824; x_wconf 85' lang='grc' dir='ltr'>καὶ</span> <span class='ocrx_word' id='word_1_656' title='bbox 2612 3769 2702 3823; x_wconf 90' lang='grc' dir='ltr'>τὸν</span> <span class='ocrx_word' id='word_1_657' title='bbox 2755 3767 2805 3823; x_wconf 81' lang='grc' dir='ltr'>έν</span> <span class='ocrx_word' id='word_1_658' title='bbox 2838 3770 2906 3840; x_wconf 82' lang='grc' dir='ltr'>τῇ</span> <span class='ocrx_word' id='word_1_659' title='bbox 2956 3765 3144 3838; x_wconf 77' lang='grc' dir='ltr'>Χαλκῇ</span> <span class='ocrx_word' id='word_1_660' title='bbox 3201 3760 3609 3824; x_wconf 71' lang='grc' dir='ltr'>καταλαϐόντος</span> <span class='ocrx_word' id='word_1_661' title='bbox 3652 3759 3759 3814; x_wconf 81' lang='grc' dir='ltr'>ναὸν</span> 
     </span>
    </p>
   </div>
   <div class='ocr_carea' id='block_1_83' title="bbox 2135 3853 3761 3931">
    <p class='ocr_par' dir='ltr' id='par_1_83' title="bbox 2135 3853 3761 3931">
     <span class='ocr_line' id='line_1_83' title="bbox 2135 3853 3761 3931; baseline -0.009 -17"><span class='ocrx_word' id='word_1_662' title='bbox 2135 3864 2233 3914; x_wconf 78' lang='grc' dir='ltr'>τοῦ</span> <span class='ocrx_word' id='word_1_663' title='bbox 2308 3865 2593 3931; x_wconf 85' lang='grc' dir='ltr'>Σωτῆρος,</span> <span class='ocrx_word' id='word_1_664' title='bbox 2659 3856 2749 3912; x_wconf 88' lang='grc' dir='ltr'>καὶ</span> <span class='ocrx_word' id='word_1_665' title='bbox 2805 3854 3107 3929; x_wconf 87' lang='grc' dir='ltr'>μέλλοντος</span> <span class='ocrx_word' id='word_1_666' title='bbox 3156 3853 3355 3916; x_wconf 80' lang='grc' dir='ltr'>ἐκεῖθεν</span> <span class='ocrx_word' id='word_1_667' title='bbox 3400 3853 3761 3923; x_wconf 69' lang='grc' dir='ltr'>ἐξιππάσασθαι</span> 
     </span>
    </p>
   </div>
   <div class='ocr_carea' id='block_1_84' title="bbox 2138 3934 3762 4025">
    <p class='ocr_par' dir='ltr' id='par_1_84' title="bbox 2138 3934 3762 4025">
     <span class='ocr_line' id='line_1_84' title="bbox 2138 3934 3762 4025; baseline -0.01 -21"><span class='ocrx_word' id='word_1_668' title='bbox 2138 3948 2228 4004; x_wconf 80' lang='grc' dir='ltr'>καὶ</span> <span class='ocrx_word' id='word_1_669' title='bbox 2254 3949 2389 4025; x_wconf 86' lang='grc' dir='ltr'>πρὸς</span> <span class='ocrx_word' id='word_1_670' title='bbox 2432 3948 2524 4003; x_wconf 88' lang='grc' dir='ltr'>τὸν</span> <span class='ocrx_word' id='word_1_671' title='bbox 2574 3951 2684 4002; x_wconf 87' lang='grc' dir='ltr'>τῶν</span> <span class='ocrx_word' id='word_1_672' title='bbox 2730 3945 3033 4021; x_wconf 86' lang='grc' dir='ltr'>Μαρτύρων</span> <span class='ocrx_word' id='word_1_673' title='bbox 3079 3943 3359 4021; x_wconf 72' lang='grc' dir='ltr'>ἀφικέσθαι</span> <span class='ocrx_word' id='word_1_674' title='bbox 3402 3942 3591 4012; x_wconf 78' lang='grc' dir='ltr'>σηκὸν,</span> <span class='ocrx_word' id='word_1_675' title='bbox 3646 3934 3762 4007; x_wconf 75' lang='grc' dir='ltr'>ἐξαί-</span> 
     </span>
    </p>
   </div>
   <div class='ocr_carea' id='block_1_85' title="bbox 2141 4029 3763 4114">
    <p class='ocr_par' dir='ltr' id='par_1_85' title="bbox 2141 4029 3763 4114">
     <span class='ocr_line' id='line_1_85' title="bbox 2141 4029 3763 4114; baseline -0.006 -22"><span class='ocrx_word' id='word_1_676' title='bbox 2141 4060 2279 4114; x_wconf 82' lang='grc' dir='ltr'>φνης</span> <span class='ocrx_word' id='word_1_677' title='bbox 2310 4037 2552 4110; x_wconf 76' lang='grc' dir='ltr'>έξηχήθη</span> <span class='ocrx_word' id='word_1_678' title='bbox 2583 4036 2733 4112; x_wconf 80' lang='grc' dir='ltr'>φωνὴ</span> <span class='ocrx_word' id='word_1_679' title='bbox 2765 4034 2870 4089; x_wconf 87' lang='grc' dir='ltr'>ἀπὸ</span> <span class='ocrx_word' id='word_1_680' title='bbox 2915 4034 3079 4104; x_wconf 77' lang='grc' dir='ltr'>μέσου</span> <span class='ocrx_word' id='word_1_681' title='bbox 3107 4036 3204 4087; x_wconf 80' lang='grc' dir='ltr'>τοῦ</span> <span class='ocrx_word' id='word_1_682' title='bbox 3233 4030 3506 4101; x_wconf 75' lang='grc' dir='ltr'>πλήθους·</span> <span class='ocrx_word' id='word_1_683' title='bbox 3546 4053 3571 4083; x_wconf 78' lang='grc' dir='ltr'>ε</span> <span class='ocrx_word' id='word_1_684' title='bbox 3598 4029 3763 4114; x_wconf 51' lang='grc' dir='ltr'>Ἡμεῖς</span> 
     </span>
    </p>
   </div>
   <div class='ocr_carea' id='block_1_86' title="bbox 2139 4112 3764 4200">
    <p class='ocr_par' dir='ltr' id='par_1_86' title="bbox 2139 4112 3764 4200">
     <span class='ocr_line' id='line_1_86' title="bbox 2139 4112 3764 4200; baseline -0.009 -19"><span class='ocrx_word' id='word_1_685' title='bbox 2139 4112 2237 4195; x_wconf 81' lang='grc' dir='ltr'>τὴν</span> <span class='ocrx_word' id='word_1_686' title='bbox 2274 4125 2613 4200; x_wconf 81' lang='grc' dir='ltr'>Σκλήραιναν</span> <span class='ocrx_word' id='word_1_687' title='bbox 2646 4121 2965 4198; x_wconf 85' lang='grc' dir='ltr'>βασιλίσσαν</span> <span class='ocrx_word' id='word_1_688' title='bbox 2998 4121 3059 4177; x_wconf 78' lang='grc' dir='ltr'>ού</span> <span class='ocrx_word' id='word_1_689' title='bbox 3092 4119 3345 4193; x_wconf 84' lang='grc' dir='ltr'>θέλομεν,</span> <span class='ocrx_word' id='word_1_690' title='bbox 3407 4116 3535 4174; x_wconf 69' lang='grc' dir='ltr'>οὐδὲ</span> <span class='ocrx_word' id='word_1_691' title='bbox 3580 4114 3645 4171; x_wconf 81' lang='grc' dir='ltr'>δι’</span> <span class='ocrx_word' id='word_1_692' title='bbox 3684 4112 3764 4168; x_wconf 77' lang='grc' dir='ltr'>αὖ·</span> 
     </span>
    </p>
   </div>
   <div class='ocr_carea' id='block_1_87' title="bbox 2139 4201 3761 4287">
    <p class='ocr_par' dir='ltr' id='par_1_87' title="bbox 2139 4201 3761 4287">
     <span class='ocr_line' id='line_1_87' title="bbox 2139 4201 3761 4287; baseline -0.01 -15"><span class='ocrx_word' id='word_1_693' title='bbox 2139 4217 2239 4285; x_wconf 78' lang='grc' dir='ltr'>τὴν</span> <span class='ocrx_word' id='word_1_694' title='bbox 2273 4216 2328 4269; x_wconf 69' lang='grc' dir='ltr'>αἱ</span> <span class='ocrx_word' id='word_1_695' title='bbox 2372 4216 2562 4287; x_wconf 88' lang='grc' dir='ltr'>μάνναι</span> <span class='ocrx_word' id='word_1_696' title='bbox 2779 4214 2937 4283; x_wconf 76' lang='grc' dir='ltr'>ἡμῶν</span> <span class='ocrx_word' id='word_1_697' title='bbox 2998 4211 3052 4265; x_wconf 72' lang='grc' dir='ltr'>αἱ</span> <span class='ocrx_word' id='word_1_698' title='bbox 3111 4209 3606 4287; x_wconf 74' lang='grc' dir='ltr'>πορφυρογὲννητοι</span> <span class='ocrx_word' id='word_1_699' title='bbox 3656 4201 3761 4269; x_wconf 77' lang='grc' dir='ltr'>Ζωή</span> 
     </span>
    </p>
   </div>
   <div class='ocr_carea' id='block_1_88' title="bbox 2140 4286 3767 4378">
    <p class='ocr_par' dir='ltr' id='par_1_88' title="bbox 2140 4286 3767 4378">
     <span class='ocr_line' id='line_1_88' title="bbox 2140 4286 3767 4378; baseline -0.009 -18"><span class='ocrx_word' id='word_1_700' title='bbox 2140 4326 2199 4360; x_wconf 93' lang='grc' dir='ltr'>τε</span> <span class='ocrx_word' id='word_1_701' title='bbox 2227 4304 2316 4358; x_wconf 83' lang='grc' dir='ltr'>καὶ</span> <span class='ocrx_word' id='word_1_702' title='bbox 2347 4300 2603 4378; x_wconf 86' lang='grc' dir='ltr'>Θεοδώρα</span> <span class='ocrx_word' id='word_1_703' title='bbox 2642 4305 2946 4365; x_wconf 79' lang='grc' dir='ltr'>θανοῦνται.</span> <span class='ocrx_word' id='word_1_704' title='bbox 2997 4322 3026 4352; x_wconf 91' lang='grc'>››</span> <span class='ocrx_word' id='word_1_705' title='bbox 3074 4297 3173 4353; x_wconf 76' lang='grc' dir='ltr'>Καὶ</span> <span class='ocrx_word' id='word_1_706' title='bbox 3223 4297 3378 4360; x_wconf 78' lang='grc' dir='ltr'>εὐθὺς</span> <span class='ocrx_word' id='word_1_707' title='bbox 3428 4294 3685 4369; x_wconf 81' lang='grc' dir='ltr'>συνεχύθη</span> <span class='ocrx_word' id='word_1_708' title='bbox 3711 4286 3767 4342; x_wconf 69' lang='grc' dir='ltr'>τὰ</span> 
     </span>
    </p>
   </div>
   <div class='ocr_carea' id='block_1_89' title="bbox 2143 4382 3762 4464">
    <p class='ocr_par' dir='ltr' id='par_1_89' title="bbox 2143 4382 3762 4464">
     <span class='ocr_line' id='line_1_89' title="bbox 2143 4382 3762 4464; baseline -0.01 -17"><span class='ocrx_word' id='word_1_709' title='bbox 2143 4394 2336 4460; x_wconf 88' lang='grc' dir='ltr'>πάντα,</span> <span class='ocrx_word' id='word_1_710' title='bbox 2375 4390 2463 4446; x_wconf 85' lang='grc' dir='ltr'>καὶ</span> <span class='ocrx_word' id='word_1_711' title='bbox 2514 4391 2728 4464; x_wconf 84' lang='grc' dir='ltr'>ταραχή</span> <span class='ocrx_word' id='word_1_712' title='bbox 2774 4388 3004 4463; x_wconf 86' lang='grc' dir='ltr'>κατέσχε</span> <span class='ocrx_word' id='word_1_713' title='bbox 3050 4388 3112 4442; x_wconf 87' lang='grc' dir='ltr'>τὸ</span> <span class='ocrx_word' id='word_1_714' title='bbox 3141 4384 3381 4455; x_wconf 82' lang='grc' dir='ltr'>πλῆθος,</span> <span class='ocrx_word' id='word_1_715' title='bbox 3431 4384 3523 4440; x_wconf 89' lang='grc' dir='ltr'>καὶ</span> <span class='ocrx_word' id='word_1_716' title='bbox 3567 4382 3762 4450; x_wconf 70' lang='grc' dir='ltr'>ὶζήτυυν</span> 
     </span>
    </p>
   </div>
   <div class='ocr_carea' id='block_1_90' title="bbox 2143 4465 3762 4556">
    <p class='ocr_par' dir='ltr' id='par_1_90' title="bbox 2143 4465 3762 4556">
     <span class='ocr_line' id='line_1_90' title="bbox 2143 4465 3762 4556; baseline -0.011 -19"><span class='ocrx_word' id='word_1_717' title='bbox 2143 4483 2235 4537; x_wconf 90' lang='grc' dir='ltr'>τὸν</span> <span class='ocrx_word' id='word_1_718' title='bbox 2296 4478 2521 4556; x_wconf 86' lang='grc' dir='ltr'>βασιλέα</span> <span class='ocrx_word' id='word_1_719' title='bbox 2580 4476 3031 4552; x_wconf 87' lang='grc' dir='ltr'>διαχειρίσασθαι.</span> <span class='ocrx_word' id='word_1_720' title='bbox 3086 4476 3180 4532; x_wconf 80' lang='grc' dir='ltr'>Καὶ</span> <span class='ocrx_word' id='word_1_721' title='bbox 3240 4473 3289 4529; x_wconf 75' lang='grc' dir='ltr'>εἶ</span> <span class='ocrx_word' id='word_1_722' title='bbox 3352 4476 3427 4546; x_wconf 81' lang='grc' dir='ltr'>μὴ</span> <span class='ocrx_word' id='word_1_723' title='bbox 3487 4474 3668 4547; x_wconf 84' lang='grc' dir='ltr'>τάχιον</span> <span class='ocrx_word' id='word_1_724' title='bbox 3716 4465 3762 4556; x_wconf 65' lang='lat' dir='ltr'>al</span> 
     </span>
    </p>
   </div>
   <div class='ocr_carea' id='block_1_91' title="bbox 2152 4554 3763 4645">
    <p class='ocr_par' dir='ltr' id='par_1_91' title="bbox 2152 4554 3763 4645">
     <span class='ocr_line' id='line_1_91' title="bbox 2152 4554 3763 4645; baseline -0.006 -22"><span class='ocrx_word' id='word_1_725' title='bbox 2152 4554 2425 4645; x_wconf 74' lang='grc' dir='ltr'>βασιλίδες</span> <span class='ocrx_word' id='word_1_726' title='bbox 2524 4565 2866 4643; x_wconf 84' lang='grc' dir='ltr'>προκύψασαι</span> <span class='ocrx_word' id='word_1_727' title='bbox 2952 4562 3154 4627; x_wconf 72' lang='grc' dir='ltr'>ἄνωθεν</span> <span class='ocrx_word' id='word_1_728' title='bbox 3258 4557 3638 4637; x_wconf 81' lang='grc' dir='ltr'>κατεστόρεσαν</span> <span class='ocrx_word' id='word_1_729' title='bbox 3711 4554 3763 4645; x_wconf 51' lang='grc' dir='ltr'>τὸ</span> 
     </span>
    </p>
   </div>
   <div class='ocr_carea' id='block_1_92' title="bbox 2146 4640 3761 4728">
    <p class='ocr_par' dir='ltr' id='par_1_92' title="bbox 2146 4640 3761 4728">
     <span class='ocr_line' id='line_1_92' title="bbox 2146 4640 3761 4728; baseline -0.01 -15"><span class='ocrx_word' id='word_1_730' title='bbox 2146 4640 2382 4726; x_wconf 80' lang='grc' dir='ltr'>πλῆθος,</span> <span class='ocrx_word' id='word_1_731' title='bbox 2416 4640 2797 4712; x_wconf 84' lang='grc' dir='ltr'>ἀπολώλεισαν</span> <span class='ocrx_word' id='word_1_732' title='bbox 2826 4652 2887 4709; x_wconf 77' lang='grc' dir='ltr'>ἂν</span> <span class='ocrx_word' id='word_1_733' title='bbox 2918 4654 3021 4708; x_wconf 80' lang='grc' dir='ltr'>οὐκ</span> <span class='ocrx_word' id='word_1_734' title='bbox 3054 4651 3254 4728; x_wconf 86' lang='grc' dir='ltr'>ὀλίγοι,</span> <span class='ocrx_word' id='word_1_735' title='bbox 3280 4649 3419 4715; x_wconf 73' lang='grc' dir='ltr'>Ἱσως</span> <span class='ocrx_word' id='word_1_736' title='bbox 3450 4647 3507 4705; x_wconf 73' lang='grc' dir='ltr'>δὲ</span> <span class='ocrx_word' id='word_1_737' title='bbox 3551 4645 3636 4703; x_wconf 84' lang='grc' dir='ltr'>καὶ</span> <span class='ocrx_word' id='word_1_738' title='bbox 3686 4640 3761 4697; x_wconf 78' lang='grc' dir='ltr'>αὖ·</span> 
     </span>
    </p>
   </div>
   <div class='ocr_carea' id='block_1_93' title="bbox 2144 4738 3761 4820">
    <p class='ocr_par' dir='ltr' id='par_1_93' title="bbox 2144 4738 3761 4820">
     <span class='ocr_line' id='line_1_93' title="bbox 2144 4738 3761 4820; baseline -0.008 -18"><span class='ocrx_word' id='word_1_739' title='bbox 2144 4745 2238 4810; x_wconf 86' lang='grc' dir='ltr'>τὸς</span> <span class='ocrx_word' id='word_1_740' title='bbox 2291 4747 2318 4799; x_wconf 92' lang='lat'>6</span> <span class='ocrx_word' id='word_1_741' title='bbox 2381 4743 2637 4820; x_wconf 84' lang='grc' dir='ltr'>βασιλεύς</span> <span class='ocrx_word' id='word_1_742' title='bbox 2670 4786 2683 4798; x_wconf 95' lang='grc'><strong><em>.</em></strong></span> <span class='ocrx_word' id='word_1_743' title='bbox 2757 4741 3209 4811; x_wconf 75' lang='grc' dir='ltr'>Κατευνσσθείσης</span> <span class='ocrx_word' id='word_1_744' title='bbox 3290 4738 3348 4795; x_wconf 70' lang='grc' dir='ltr'>δὶ</span> <span class='ocrx_word' id='word_1_745' title='bbox 3396 4746 3499 4809; x_wconf 84' lang='grc' dir='ltr'>τῆς</span> <span class='ocrx_word' id='word_1_746' title='bbox 3544 4738 3761 4810; x_wconf 74' lang='grc' dir='ltr'>ταραχῆς</span> 
     </span>
    </p>
   </div>
   <div class='ocr_carea' id='block_1_94' title="bbox 2151 4825 3761 4909">
    <p class='ocr_par' dir='ltr' id='par_1_94' title="bbox 2151 4825 3761 4909">
     <span class='ocr_line' id='line_1_94' title="bbox 2151 4825 3761 4909; baseline -0.008 -19"><span class='ocrx_word' id='word_1_747' title='bbox 2151 4834 2474 4909; x_wconf 79' lang='grc' dir='ltr'>ὑπέστρεψεν</span> <span class='ocrx_word' id='word_1_748' title='bbox 2527 4832 2603 4896; x_wconf 78' lang='grc' dir='ltr'>εἰς</span> <span class='ocrx_word' id='word_1_749' title='bbox 2651 4831 2718 4887; x_wconf 80' lang='grc' dir='ltr'>τὰ</span> <span class='ocrx_word' id='word_1_750' title='bbox 2764 4828 3031 4904; x_wconf 82' lang='grc' dir='ltr'>βασίλεια,</span> <span class='ocrx_word' id='word_1_751' title='bbox 3081 4829 3178 4898; x_wconf 77' lang='grc' dir='ltr'>τὴν</span> <span class='ocrx_word' id='word_1_752' title='bbox 3212 4827 3290 4892; x_wconf 77' lang='grc' dir='ltr'>είς</span> <span class='ocrx_word' id='word_1_753' title='bbox 3337 4827 3467 4889; x_wconf 79' lang='grc' dir='ltr'>τοὺς</span> <span class='ocrx_word' id='word_1_754' title='bbox 3521 4825 3761 4900; x_wconf 69' lang='grc' dir='ltr'>μάρτυρας</span> 
     </span>
    </p>
   </div>
   <div class='ocr_carea' id='block_1_95' title="bbox 2147 4921 2849 4998">
    <p class='ocr_par' dir='ltr' id='par_1_95' title="bbox 2147 4921 2849 4998">
     <span class='ocr_line' id='line_1_95' title="bbox 2147 4921 2849 4998; baseline -0.006 -19"><span class='ocrx_word' id='word_1_755' title='bbox 2147 4922 2321 4998; x_wconf 68' lang='grc' dir='ltr'>ἄφιξιν</span> <span class='ocrx_word' id='word_1_756' title='bbox 2353 4921 2849 4996; x_wconf 88' lang='grc' dir='ltr'>παραιτησάμενος.</span> 
     </span>
    </p>
   </div>
   <div class='ocr_carea' id='block_1_96' title="bbox 2217 4997 3763 5083">
    <p class='ocr_par' dir='ltr' id='par_1_96' title="bbox 2217 4997 3763 5083">
     <span class='ocr_line' id='line_1_96' title="bbox 2217 4997 3763 5083; baseline -0.011 -13"><span class='ocrx_word' id='word_1_757' title='bbox 2217 5009 2581 5072; x_wconf 83' lang='grc' dir='ltr'>Ἰνδικτιῶνος</span> <span class='ocrx_word' id='word_1_758' title='bbox 2613 5006 2672 5064; x_wconf 72' lang='grc' dir='ltr'>δὶ</span> <span class='ocrx_word' id='word_1_759' title='bbox 2704 5008 2771 5083; x_wconf 84' lang='grc' dir='ltr'>ιγ’</span> <span class='ocrx_word' id='word_1_760' title='bbox 2800 5008 2827 5063; x_wconf 89' lang='lat'>6</span> <span class='ocrx_word' id='word_1_761' title='bbox 2857 5008 2993 5063; x_wconf 86' lang='grc' dir='ltr'>κατά</span> <span class='ocrx_word' id='word_1_762' title='bbox 3013 5010 3110 5062; x_wconf 76' lang='grc' dir='ltr'>τοῦ</span> <span class='ocrx_word' id='word_1_763' title='bbox 3165 5005 3349 5061; x_wconf 84' lang='grc' dir='ltr'>Ἀνίου</span> <span class='ocrx_word' id='word_1_764' title='bbox 3397 5004 3574 5079; x_wconf 72' lang='grc' dir='ltr'>ἀρχὴν</span> <span class='ocrx_word' id='word_1_765' title='bbox 3616 4997 3763 5083; x_wconf 56' lang='grc' dir='ltr'>ἐλάμξ</span> 
     </span>
    </p>
   </div>
   <div class='ocr_carea' id='block_1_97' title="bbox 2149 5081 3768 5172">
    <p class='ocr_par' dir='ltr' id='par_1_97' title="bbox 2149 5081 3768 5172">
     <span class='ocr_line' id='line_1_97' title="bbox 2149 5081 3768 5172; baseline -0.015 -9"><span class='ocrx_word' id='word_1_766' title='bbox 2149 5096 2278 5156; x_wconf 70' lang='grc' dir='ltr'>ϐανε</span> <span class='ocrx_word' id='word_1_767' title='bbox 2329 5096 2597 5172; x_wconf 77' lang='grc' dir='ltr'>πόλεμος.</span> <span class='ocrx_word' id='word_1_768' title='bbox 2654 5081 2829 5155; x_wconf 77' lang='grc' dir='ltr'>Ἀλλὰ</span> <span class='ocrx_word' id='word_1_769' title='bbox 2886 5095 3077 5171; x_wconf 80' lang='grc' dir='ltr'>ῥητέον</span> <span class='ocrx_word' id='word_1_770' title='bbox 3132 5092 3331 5159; x_wconf 73' lang='grc' dir='ltr'>ἄνωθεν</span> <span class='ocrx_word' id='word_1_771' title='bbox 3388 5096 3506 5155; x_wconf 86' lang='grc' dir='ltr'>πῶς</span> <span class='ocrx_word' id='word_1_772' title='bbox 3557 5087 3639 5145; x_wconf 84' lang='grc' dir='ltr'>καὶ</span> <span class='ocrx_word' id='word_1_773' title='bbox 3691 5081 3768 5139; x_wconf 76' lang='grc' dir='ltr'>διὰ</span> 
     </span>
    </p>
   </div>
   <div class='ocr_carea' id='block_1_98' title="bbox 2146 5174 3763 5264">
    <p class='ocr_par' dir='ltr' id='par_1_98' title="bbox 2146 5174 3763 5264">
     <span class='ocr_line' id='line_1_98' title="bbox 2146 5174 3763 5264; baseline -0.009 -19"><span class='ocrx_word' id='word_1_774' title='bbox 2146 5189 2268 5245; x_wconf 90' lang='grc' dir='ltr'>τίνα</span> <span class='ocrx_word' id='word_1_775' title='bbox 2288 5187 2487 5264; x_wconf 87' lang='grc' dir='ltr'>τρόπον</span> <span class='ocrx_word' id='word_1_776' title='bbox 2515 5185 2749 5261; x_wconf 79' lang='grc' dir='ltr'>ἡσυχίαν</span> <span class='ocrx_word' id='word_1_777' title='bbox 2794 5182 2975 5261; x_wconf 70' lang='grc' dir='ltr'>ἄγοντι</span> <span class='ocrx_word' id='word_1_778' title='bbox 3026 5188 3106 5255; x_wconf 81' lang='grc' dir='ltr'>τῷ</span> <span class='ocrx_word' id='word_1_779' title='bbox 3159 5187 3256 5238; x_wconf 75' lang='grc' dir='ltr'>τοῦ</span> <span class='ocrx_word' id='word_1_780' title='bbox 3308 5180 3489 5239; x_wconf 85' lang='grc' dir='ltr'>Ἀνίου</span> <span class='ocrx_word' id='word_1_781' title='bbox 3538 5174 3763 5264; x_wconf 70' lang='grc' dir='ltr'>τοπάρχῇ</span> 
     </span>
    </p>
   </div>
   <div class='ocr_carea' id='block_1_99' title="bbox 2148 5259 3763 5351">
    <p class='ocr_par' dir='ltr' id='par_1_99' title="bbox 2148 5259 3763 5351">
     <span class='ocr_line' id='line_1_99' title="bbox 2148 5259 3763 5351; baseline -0.01 -17"><span class='ocrx_word' id='word_1_782' title='bbox 2148 5279 2236 5334; x_wconf 85' lang='grc' dir='ltr'>καὶ</span> <span class='ocrx_word' id='word_1_783' title='bbox 2302 5259 2469 5351; x_wconf 64' lang='grc' dir='ltr'>μηδεν</span> <span class='ocrx_word' id='word_1_784' title='bbox 2529 5259 2776 5330; x_wconf 77' lang='grc' dir='ltr'>ἀπαίσιον</span> <span class='ocrx_word' id='word_1_785' title='bbox 2837 5259 3286 5347; x_wconf 86' lang='grc' dir='ltr'>διαπραττομένω</span> <span class='ocrx_word' id='word_1_786' title='bbox 3313 5271 3697 5325; x_wconf 82' lang='grc' dir='ltr'>Κωνσταντῖνος</span> 
     </span>
    </p>
   </div>
   <div class='ocr_carea' id='block_1_100' title="bbox 2154 5348 3765 5445">
    <p class='ocr_par' dir='ltr' id='par_1_100' title="bbox 2154 5348 3765 5445">
     <span class='ocr_line' id='line_1_100' title="bbox 2154 5348 3765 5445; baseline -0.005 -22"><span class='ocrx_word' id='word_1_787' title='bbox 2154 5348 2410 5445; x_wconf 77' lang='grc' dir='ltr'>βασιλεὺς</span> <span class='ocrx_word' id='word_1_788' title='bbox 2466 5362 2729 5439; x_wconf 84' lang='grc' dir='ltr'>πολεμεῖν</span> <span class='ocrx_word' id='word_1_789' title='bbox 2788 5362 3144 5439; x_wconf 70' lang='grc' dir='ltr'>ἐπεχείρησεν</span> <span class='ocrx_word' id='word_1_790' title='bbox 3178 5404 3191 5419; x_wconf 90' lang='grc'><strong>.</strong></span> <span class='ocrx_word' id='word_1_791' title='bbox 3267 5361 3395 5418; x_wconf 72' lang='lat' dir='ltr'>&quot;On</span> <span class='ocrx_word' id='word_1_792' title='bbox 3446 5357 3698 5433; x_wconf 81' lang='grc' dir='ltr'>Γεώργιος</span> <span class='ocrx_word' id='word_1_793' title='bbox 3743 5348 3765 5401; x_wconf 76' lang='grc' dir='ltr'>δ</span> 
     </span>
    </p>
   </div>
   <div class='ocr_carea' id='block_1_101' title="bbox 1582 5528 2615 5588">
    <p class='ocr_par' dir='ltr' id='par_1_101' title="bbox 1582 5528 2615 5588">
     <span class='ocr_line' id='line_1_101' title="bbox 1582 5528 2615 5588; baseline -0.001 -2"><span class='ocrx_word' id='word_1_794' title='bbox 1582 5530 1949 5588; x_wconf 83' lang='lat' dir='ltr'>XYLANDRI</span> <span class='ocrx_word' id='word_1_795' title='bbox 1990 5530 2082 5587; x_wconf 91' lang='lat' dir='ltr'><strong>ET</strong></span> <span class='ocrx_word' id='word_1_796' title='bbox 2120 5530 2338 5588; x_wconf 83' lang='lat' dir='ltr'><strong>GOABI</strong></span> <span class='ocrx_word' id='word_1_797' title='bbox 2378 5528 2615 5587; x_wconf 76' lang='grc' dir='ltr'>ΝΟΤιΕ.</span> 
     </span>
    </p>
   </div>
   <div class='ocr_carea' id='block_1_102' title="bbox 459 5671 1619 5748">
    <p class='ocr_par' dir='ltr' id='par_1_102' title="bbox 459 5671 1619 5748">
     <span class='ocr_line' id='line_1_102' title="bbox 459 5671 1619 5748; baseline 0.003 -20"><span class='ocrx_word' id='word_1_798' title='bbox 459 5671 578 5745; x_wconf 83' lang='lat'>(26)</span> <span class='ocrx_word' id='word_1_799' title='bbox 602 5672 727 5733; x_wconf 87' lang='lat' dir='ltr'>Non</span> <span class='ocrx_word' id='word_1_800' title='bbox 758 5675 1025 5748; x_wconf 72' lang='lat' dir='ltr'>dominae,</span> <span class='ocrx_word' id='word_1_801' title='bbox 1048 5678 1151 5733; x_wconf 88' lang='lat' dir='ltr'>sed</span> <span class='ocrx_word' id='word_1_802' title='bbox 1172 5684 1405 5734; x_wconf 70' lang='lat' dir='ltr'>matres.</span> <span class='ocrx_word' id='word_1_803' title='bbox 1438 5675 1619 5734; x_wconf 71' lang='lat' dir='ltr'>Gom.</span> 
     </span>
    </p>
   </div>
  </div>
