3968 6140
237 342 331 402 289

1335 336 1879 399 HISTORIARUM
1924 335 2472 398 GOMPENDIUM.

3490 341 3609 401 290

232 466 480 546 Ἀϐασγιῖιν
538 469 783 545 ἀρχηγὸς
864 466 1011 524 ὅπλα
1065 467 1202 523 κατᾶ
1254 468 1543 540 Ῥωμαίων
1602 465 1835 535 ἰκίνησε,

1976 468 2239 523 inbuerat
2264 468 2668 525 Jobanesioam
2701 469 2831 524 Anii
2882 469 3212 525 dominum.
3244 470 3460 527 Verum
3504 472 3604 527 ubi

229 564 514 634 συμμαχῶν
572 560 638 627 ἦν
692 557 840 630 αὐτῷ
917 557 1007 612 καὶ
1068 552 1448 625 ἰωϐανεσίκης
1504 555 1531 609 6
1589 561 1689 624 τῆς
1752 558 1849 608 τοῦ

230 650 386 707 Ἀνίου
440 647 701 723 κυριεύων
759 647 969 723 χώρας.
1029 646 1177 701 Ἐπεὶ
1232 643 1309 716 δί,
1342 645 1415 706 ὡς
1473 642 1525 698 ἰν
1583 648 1701 707 τοῖς
1758 639 1849 715 ἴμ-

228 748 438 809 προσθεν
498 733 728 810 ε’ίρηται,
762 734 1050 795 Βασίλειος
1106 735 1135 788 6
1193 730 1447 806 βασιλεὺς
1506 728 1747 793 ἀνελθὼν
1795 728 1848 782 ἐν

230 822 427 899 Ἰϐηρίᾳ
481 824 832 897 παρατάξεσιν
891 819 1195 898 ἠγωνίσατο
1251 820 1385 875 κατὰ
1432 823 1529 873 τοῦ
1584 816 1853 892 Γεωργίου

230 916 311 970 καὶ
362 918 545 968 τοῦτον
604 912 861 987 ἐτρέψατο
915 911 1004 965 καὶ
1052 908 1352 985 συνέτριψε,
1381 903 1641 983 φοϐηθεὶς
1673 906 1700 960 6
1733 907 1848 961 Ἰω-

237 1000 498 1071 ϐανεσίκης
531 1002 755 1073 μήπως
789 999 817 1053 ὀ
861 998 1116 1075 βασιλεὺς
1161 1003 1367 1072 μηνιῶν
1425 993 1515 1051 διὰ
1564 996 1662 1063 τὴν
1723 1015 1856 1066 συμ-

241 1093 422 1169 μαχίαν
454 1093 748 1163 ἀνήκεστόν
778 1111 830 1145 τι
861 1090 916 1152 ἐς
948 1091 1107 1145 αὐτὸν
1140 1087 1519 1163 διαπράξηται,
1554 1086 1650 1150 τὰς
1705 1085 1857 1147 κλεῖς

238 1191 323 1251 τῆς
352 1181 559 1245 πόλεως
591 1180 836 1257 εἰληφὼς
863 1177 1165 1252 αὐτομολεῖ
1193 1179 1329 1251 πρὸς
1355 1178 1447 1231 τὸν
1492 1174 1717 1250 βασιλέα
1766 1175 1853 1229 καὶ

237 1272 402 1328 ἑαυτὸν
436 1270 736 1347 ὶγχειρίζει
777 1269 1068 1337 ἐθελοντὴς
1120 1267 1211 1322 καὶ
1265 1266 1359 1328 τὰς
1418 1263 1571 1327 κλεῖς
1628 1260 1854 1340 παραδί-

235 1359 402 1415 δωσιν.
456 1361 516 1417 ὐ
570 1356 628 1413 δὶ
681 1365 784 1427 τῆς
850 1356 1110 1418 συνέσεως
1186 1359 1377 1409 τοῦτον
1458 1350 1855 1424 ἀποδεξάμενος

239 1448 511 1524 μάγιστρόν
540 1467 599 1502 τε
628 1451 765 1518 τιμᾷ
792 1447 878 1501 καὶ
914 1448 1156 1520 ἄρχοντα
1210 1442 1300 1498 διὰ
1356 1443 1479 1517 βίου
1533 1446 1630 1496 τοῦ
1672 1441 1857 1496 Ἀνίου

234 1540 431 1607 καὶτῆς
488 1534 795 1611 λεγομένης
855 1532 1095 1608 μεγάλης
1127 1532 1411 1607 Ἀρμενίας
1461 1525 1859 1606 προϐάλλεται,

236 1625 478 1703 ἔγγραφον
558 1625 867 1693 ἀπαιτήσας
944 1623 1034 1677 ἀπ’
1084 1621 1248 1676 αὐτοῦ
1322 1624 1697 1695 γραμματεῖον
1783 1619 1857 1680 ὡς

240 1716 353 1787 μετὰ
393 1717 492 1782 τήν
551 1712 719 1768 αὐτοῦ
774 1710 1034 1779 τελευτὴν
1066 1710 1319 1780 ἐπανήξει
1367 1714 1508 1764 πᾶσα
1538 1712 1573 1777 ἡ
1632 1707 1856 1777 τοιαύτη

232 1805 359 1878 ἀρχὴ
413 1803 489 1859 εἷς
543 1801 610 1857 τὸ
679 1797 883 1854 δίκαιον
943 1799 1108 1853 αὐτοῦ
1165 1799 1255 1853 καὶ
1308 1798 1469 1871 μέρος
1529 1794 1702 1851 ἔσεται
1759 1803 1857 1864 τῆς

227 1897 536 1965 Ῥωμαϊκῆς.
573 1891 823 1963 Ἐγένετο
876 1888 1061 1943 ταῦτα.
1122 1888 1219 1941 Καὶ
1268 1888 1486 1956 θνήσκει
1523 1886 1615 1958 μὲν
1666 1886 1694 1939 6
1756 1885 1855 1960 βα-

230 1978 415 2051 σιλεῦς,
448 1979 673 2050 θνήσκει
730 1974 787 2031 δὶ
845 1977 980 2049 μετὰ
1026 1974 1260 2051 χρόνους
1319 1974 1534 2036 ἱκανοὺς
1563 1973 1652 2028 καὶ
1692 1975 1719 2027 6
1748 1974 1860 2030 Ἰω-

228 2065 536 2135 ϐανεσίκης·
582 2067 673 2121 καὶ
721 2064 976 2128 Θανόντος
1032 2064 1203 2119 αὐτοῦ
1261 2063 1515 2125 Κακίκιος
1579 2063 1607 2117 6
1662 2064 1859 2116 τούτου

228 2158 331 2218 υίὸς
379 2154 757 2228 διαδεξάμενος
804 2157 904 2224 τήν
959 2153 1142 2229 ἀρχὴν
1202 2152 1421 2228 εἷρήνην
1476 2171 1570 2224 μεν
1622 2149 1858 2222 διετήρει

229 2246 686 2321 πρὸςῬωμαίους
724 2247 816 2300 καὶ
870 2246 1200 2320 ὁμσιχμίαν,
1232 2249 1453 2319 κατεῖχε
1522 2242 1705 2316 μέντοι
1761 2244 1861 2311 τήν

227 2337 473 2409 πατρῴαν
528 2336 731 2410 ἀρχὴν,
782 2339 865 2406 [Ρ.
895 2337 1025 2407 762]
1080 2333 1170 2389 καὶ
1222 2330 1516 2388 ἀποδοῦναι
1565 2331 1859 2405 Ῥωμαίοις

227 2424 317 2480 οὒκ
361 2422 582 2493 ἤθελεν,
615 2423 690 2485 ὡς
727 2424 790 2477 τὸ
840 2422 1100 2497 πατρικὸν
1158 2417 1419 2477 ἐϐούλετο
1465 2426 1859 2495 γραμματεῖον.

224 2512 397 2584 Εὖρὼν
458 2510 553 2565 οὖν
614 2511 667 2565 ἕν
722 2515 841 2573 τοῖς
883 2509 1198 2581 ἀνακτόροις
1267 2508 1330 2562 τὸ
1403 2512 1776 2583 γραμματεῖον
1834 2508 1861 2561 6

225 2599 551 2675 Μονομάχος
578 2598 775 2673 ἀπῄτει
806 2598 895 2653 καὶ
925 2598 987 2652 τὸ
1019 2596 1197 2651 ’Δνίον
1245 2596 1336 2651 καὶ
1385 2598 1483 2665 τήν
1534 2601 1705 2650 πᾶσαν
1768 2615 1862 2667 με·

224 2690 391 2763 γάΑην
427 2688 717 2762 Ἀρμενίαν
752 2687 825 2748 ὡς
879 2684 1167 2743 Βασιλείου
1213 2688 1310 2740 τοῦ
1364 2681 1631 2759 βασιλέως
1686 2681 1864 2739 διάδο-

228 2795 344 2851 χος.
379 2780 481 2830 Τοῦ
512 2773 575 2830 δι
605 2772 801 2829 δοῦλον
838 2774 933 2847 μὲν
993 2774 1178 2829 ἑαυτὸν
1231 2770 1702 2847 ἀνομολογοῦντος
1730 2774 1865 2827 Ῥω-

233 2865 415 2937 μαίων,
466 2865 775 2933 ἀποστῆναι
834 2861 893 2917 δι
945 2869 1047 2931 τῆς
1094 2862 1348 2936 πατρῴας
1380 2861 1559 2935 ἀρχῆς
1622 2862 1698 2933 μὴ
1751 2860 1866 2925 tet-

238 2955 419 3017 λοντος
475 2957 619 3029 (27),
662 2952 1007 3026 πολεμητέον
1056 2950 1231 3006 ἐδόκει
1256 2956 1333 3023 τῷ
1376 2949 1611 3027 βασιλεῖ.
1648 2951 1743 3005 Καὶ
1797 2950 1863 3022 δὴ

234 3043 446 3118 στρατὸν
496 3040 725 3118 ἂγείρας
779 3040 872 3096 καὶ
923 3038 1154 3116 Μιχαὴλ
1202 3039 1367 3113 Βέστῃ
1413 3041 1634 3112 (28)τῷ
1667 3038 1865 3115 Ἰασίτῃ

234 3130 575 3206 ἐγχειρίσας,
652 3128 883 3205 ἄρχοντι
959 3130 1218 3204 φθάσαντι
1297 3122 1683 3200 προϐληθῆναι
1767 3136 1866 3197 τῆς

1960 555 2209 612 Basilius
2241 558 2555 627 imperator
2584 557 2641 612 in
2700 558 2948 614 Iberiam
3002 576 3135 614 cum
3194 560 3450 615 exercitu
3503 577 3605 632 pro

1960 646 2143 699 fectus
2168 645 2479 717 Georgium
2542 646 2737 717 przelio
2800 648 2988 718 fregit,
3047 646 3425 703 Jobanesices
3482 665 3601 703 me-

1959 738 2134 788 tuens
2171 750 2239 788 ne
2269 735 2341 789 ob
2368 733 2499 789 belli
2531 735 2868 790 societatem
2905 739 3088 790 iratus
3120 735 3442 807 imperator
3499 738 3608 791 du-
3682 770 3687 775 ι

1961 821 2084 876 rius
2115 822 2185 877 de
2216 839 2278 877 se
2308 828 2609 893 statueret,
2651 839 2783 877 cum
2835 823 3097 878 clavibus
3138 824 3301 878 urbis
3350 825 3420 879 ad
3475 842 3610 880 eum

1962 912 2381 981 transfugerat,
2439 928 2619 980 seque
2678 917 2734 966 et
2776 911 2966 966 claves
2994 912 3045 967 ei
3094 912 3246 967 ultro
3286 913 3610 968 dediderat.

1964 1001 2148 1065 Quam
2180 1000 2305 1069 ejus
2336 999 2718 1055 calliditatem
2751 1002 3087 1071 approbans
3118 1001 3392 1068 Basilius,
3427 1003 3609 1075 magi-

1965 1090 2070 1142 stri
2104 1089 2318 1143 honore
2347 1093 2619 1143 ornatum
2655 1088 2788 1143 Anii
2819 1095 2877 1143 et
2917 1091 3201 1144 Armenia
3233 1107 3359 1162 quae
3402 1095 3611 1163 Magna

1966 1176 2181 1231 dicitur
2219 1178 2553 1248 praefectum
2583 1194 2716 1233 eum
2751 1195 2937 1249 usque
2968 1180 3037 1233 ad
3069 1178 3197 1233 vitai
3230 1180 3357 1250 ejus
3388 1181 3608 1235 exitum

1966 1266 2372 1334 constituerat,
2404 1266 2622 1337 scripta
2670 1267 2940 1323 cautione
2972 1267 3326 1338 professum,
3376 1274 3609 1325 mortuo

1964 1354 2094 1425 ipso
2123 1370 2250 1409 eam
2282 1354 2680 1424 praefecturam
2716 1356 2786 1410 ad
2826 1372 3001 1410 suum
3032 1356 3338 1411 dominum
3388 1358 3609 1412 reditu-

1968 1460 2091 1497 ram
2128 1450 2463 1514 partemque
2494 1448 2764 1498 Romana
2788 1444 3027 1499 ditionis
3060 1447 3337 1501 futuram.
3386 1446 3613 1501 Mortuo

1968 1532 2181 1587 Basilio
2210 1536 2385 1602 atque
2418 1532 2621 1587 multis
2652 1537 2783 1603 post
2814 1534 2982 1589 annis
3038 1534 3410 1605 Jobanesica,
3452 1536 3609 1591 ﬁlius

1969 1621 2144 1690 hujus
2167 1621 2431 1677 Cacicius
2463 1626 2745 1693 occupata
2795 1623 3138 1694 prazfectura
3175 1640 3374 1695 pacem
3432 1626 3615 1681 socie-

1967 1716 2267 1780 tatemque
2299 1726 2432 1764 cum
2466 1710 2745 1766 Romanis
2775 1712 3355 1783 servavit,paternam
3380 1713 3613 1769 interim

1969 1800 2250 1853 ditionem
2275 1798 2531 1853 retinens
2554 1800 3016 1871 Romanis,quod
3043 1802 3610 1873 scriptumjubebat,

1968 1903 2339 1959 nequaquam
2376 1887 3076 1945 reddidit.Monomachus
3109 1892 3257 1962 pacti
3285 1890 3613 1947 formulain

1967 1976 2203 2031 archivo
2262 1981 2515 2047 reperta,
2576 1976 2785 2031 Anium
2856 1977 3310 2050 universamque
3342 1996 3617 2050 magnam

1967 2065 2402 2125 Armeniam.ut
2431 2065 2628 2120 Basilii
2660 2065 2845 2121 haeres
2868 2067 3137 2136 reposcit.
3171 2069 3436 2139 Cumque
3452 2069 3619 2124 Caci-

1970 2155 2095 2208 cius
2130 2170 2360 2208 servum
2392 2154 2631 2224 quidem
2666 2171 2729 2209 se
2786 2155 3178 2226 proﬁteretur,
3210 2159 3612 2227 praefecturam

1966 2258 2100 2296 vero
2124 2257 2303 2313 quam
2336 2258 2369 2295 ιι
2403 2246 2564 2312 patre
2595 2249 2896 2313 acceperat
2950 2245 3259 2301 restituere
3293 2252 3613 2317 recusaret,

1969 2329 2121 2385 bello
2153 2346 2292 2385 suas
2332 2346 2424 2385 res
2452 2335 2712 2401 repetere
2740 2331 3059 2403 imperator
3088 2334 3313 2389 statuit.
3368 2336 3619 2390 Proinde

1970 2418 2277 2473 collectum
2303 2420 2619 2473 exercitum
2644 2420 2925 2475 Michaelo
2944 2421 3124 2476 Bestia
3146 2422 3472 2493 Jasitae,qui
3488 2423 3615 2493 jam

1970 2511 2097 2561 tum
2135 2508 2436 2577 praefectus
2470 2507 2670 2561 Iberiae
2696 2508 2850 2564 558
2883 2516 3007 2563 erat
3034 2509 3611 2581 designatus,tradit,

1973 2597 2330 2665 mandatque
2382 2601 2446 2649 ut
2503 2595 2725 2651 Cacicio
2756 2595 2975 2651 bellum
3003 2597 3194 2652 faciat.
3228 2602 3415 2669 Atque
3444 2600 3494 2654 is
3550 2601 3612 2655 in

1973 2684 2031 2738 in
2052 2682 2406 2755 provinciam
2426 2684 2715 2755 profectus
2733 2685 3010 2740 mandata
3034 2686 3402 2758 imperatoris
3421 2705 3524 2759 pro
3537 2689 3615 2744 vi-

1975 2772 2069 2828 rili
2100 2774 2448 2843 exsequitur.
2487 2772 2748 2829 Cacicius
2779 2790 2841 2829 se
2873 2791 2975 2844 pro
3005 2778 3192 2830 amico
3228 2781 3286 2831 et
3314 2777 3475 2832 socio
3507 2779 3616 2833 Ro-

1976 2878 2285 2917 manorum
2321 2861 2546 2915 hostem
2601 2863 2931 2931 judicatum
2964 2864 3245 2927 sentiens,
3281 2865 3405 2936 ipse
3435 2867 3613 2921 etiam

1976 2951 2098 3006 suis
2156 2951 2469 3005 contractis
2524 2950 2731 3021 copiis,
2780 2966 2841 3005 se
2889 2956 3177 3022 quantum
3220 2970 3312 3009 res
3358 2953 3621 3011 ferebant

1973 3039 2124 3094 tueri
2154 3039 2422 3094 intendit.
2458 3038 2601 3093 Cum
2627 3046 2820 3094 autem
2856 3058 2947 3095 res
2978 3040 3178 3097 Jasitaa
3210 3042 3361 3098 male
3415 3061 3617 3100 succc-

1980 3130 2202 3192 derent,
2237 3127 2492 3182 mittitur
2521 3130 2696 3182 etiam
2728 3128 3002 3185 Nicolaus
3043 3147 3256 3199 praises
3280 3132 3617 3187 scholarum

234 3180 790 3295 'vlliitivpia’;;r6h;£v
810 3180 1104 3273 interioris:
1156 3222 1236 3287 τῷ
1296 3180 1625 3287 Κιακικίίιῖσιὸ
1657 3215 1715 3271 δὶ

3043 3180 3252 3199 rm---
3280 3180 3617 3187 -7----_-_-..

1981 3215 2360 3279 domesticus,
2393 3217 2689 3271 acoubitor
2718 3218 3011 3286 quondam
3043 3220 3408 3274 Constantini
3443 3222 3622 3291 impe-

156 3320 159 3323 '
232 3307 417 3377 ελθὼν,
448 3309 573 3363 καθ’
604 3306 728 3361 ὅσον
773 3301 890 3360 οἷόν
936 3306 984 3361 τ’
1012 3306 1103 3374 ἦν,
1134 3300 1382 3360 ἔσπευδεν
1443 3302 1752 3379 ἐκπληροῦν
1805 3305 1871 3359 τὰ

230 3394 680 3471 προστεταγμένα.
732 3398 904 3469 ’Όπερ
984 3393 1145 3468 γνοὺς
1213 3395 1241 3448 6
1293 3392 1574 3460 Κακίκιος,
1625 3393 1712 3447 καὶ
1785 3393 1868 3449 ὅτι

230 3485 336 3539 ἀντὶ
392 3485 564 3562 φίλου
608 3483 696 3537 καὶ
773 3482 1073 3557 συμμάχου
1147 3480 1416 3554 πολέμιος
1469 3482 1732 3556 κέκριται,
1780 3483 1868 3537 καὶ

232 3574 382 3635 αὐτὸς
438 3577 539 3635 τὰς
588 3572 751 3627 αὐτοῦ
806 3569 1064 3643 δυνάμεις
1115 3571 1375 3645 ἀγηοχὼς
1418 3572 1553 3625 κατὰ
1579 3570 1643 3624 τὸ
1699 3570 1872 3646 ἐγχω-

234 3665 351 3735 ροῦν
406 3660 559 3732 αὐτῷ
609 3657 736 3721 τοὺς
787 3657 1035 3719 ἐπιόντας
1077 3658 1336 3731 ἠμύνετο.
1370 3662 1560 3718 Κακῶς
1592 3655 1649 3713 δὲ
1707 3679 1869 3736 φερο-

238 3748 402 3821 μένων
462 3752 576 3803 τῶν
637 3748 969 3822 πραγμάτων
1018 3750 1097 3817 τῷ
1129 3745 1647 3820 Ὶασίτῃ,πέμπεται
1696 3748 1786 3803 καὶ
1844 3750 1871 3803 6

235 3837 496 3901 Νικόλαος
528 3832 795 3910 πρόεδρος
824 3836 853 3889 6
885 3833 1204 3907 δομέστικος
1261 3840 1367 3889 τῶν
1424 3834 1668 3911 σχολῶν,
1702 3837 1730 3891 6
1776 3842 1874 3892 τοῦ

236 3926 497 4001 βασιλέως
597 3924 1001 3979 Κωνσταντίνου
1110 3924 1651 3997 παρακοιμώμενος,
1743 3930 1875 3999 μετὰ

236 4016 447 4089 βαρείας
507 4013 719 4089 χειρὸς,
771 4010 909 4067 ὥστε
972 4011 1051 4085 τῷ
1123 4011 1326 4083 πλήθει
1382 4013 1471 4067 καὶ
1521 4017 1589 4087 τῇ
1649 4012 1872 4089 δυνάμει

231 4102 688 4179 καταγωνίσασθαι
738 4102 830 4155 τὸν
879 4101 1134 4156 Κακίκιον
1200 4099 1533 4157 Στέλλονται
1587 4100 1645 4157 δὲ
1699 4103 1874 4180 γράμ-

237 4214 372 4265 ματα
398 4198 497 4247 τοῦ
547 4189 813 4265 βασιλέως
869 4191 1005 4263 πρὸς
1038 4188 1430 4267 Ἀπλησφάρην
1486 4192 1576 4245 τὸν
1635 4190 1877 4267 ἄρχοντα

232 4286 323 4335 τοῦ
351 4275 547 4336 Τιϐίου
568 4280 656 4333 καὶ
688 4286 789 4347 τῆς
820 4280 941 4353 περὶ
984 4278 1077 4333 τὸν
1111 4278 1341 4352 Ἀράξην
1401 4282 1645 4351 ποταμὸν
1706 4283 1876 4357 Περσ-

236 4370 506 4442 αθτμενίας,
557 4367 975 4444 παρακαλοῦντα
1028 4371 1218 4421 τοῦτον
1291 4368 1427 4422 κατὰ
1508 4370 1569 4423 τὸ
1654 4366 1876 4425 δυνατὸν

238 4455 388 4531 δῃοῦν
446 4480 548 4529 την
602 4454 848 4531 μεγάλην
880 4454 1167 4531 ’Δρμενίαν
1216 4455 1305 4509 καὶ
1354 4457 1453 4524 τὴν
1512 4456 1873 4531 ὑποκειμένην

1980 3305 2211 3373 ratoris,
2244 3321 2375 3359 cum
2436 3305 2641 3375 grandi
2693 3306 2967 3375 exercitu,
3024 3312 3090 3360 ut
3120 3307 3207 3361 vel
3244 3308 3620 3364 multitudine

1979 3394 2411 3465 Opprimeretur
2439 3393 2720 3449 Cacicius.
2756 3393 2933 3448 Mittit
2962 3394 3136 3450 etiam
3171 3394 3394 3452 litteras
3436 3397 3623 3468 impe-

1979 3489 2138 3537 rator
2158 3482 2226 3537 ad
2261 3482 2707 3553 Aplespharium
2740 3483 2889 3537 Tibii
2918 3488 2977 3538 et
3007 3502 3135 3555 quis
3180 3485 3333 3541 circa
3397 3492 3625 3543 Araxen

1980 3570 2216 3625 ﬂuvium
2251 3575 2342 3625 est
2372 3572 2789 3625 Perssrmeniae
2819 3575 3178 3642 praefectum,
3239 3575 3625 3647 hortaturque

1980 3676 2113 3714 eum
2148 3664 2230 3727 ut,
2264 3664 2551 3729 quantum
2614 3659 2818 3729 possit,
2870 3660 3137 3733 Magnam
3167 3664 3504 3718 Armeniam
3562 3670 3620 3719 et

1980 3749 2261 3804 ditionem
2288 3748 2492 3803 Cacicii
2527 3748 2782 3816 infestet,
2815 3748 3086 3805 Nicolaus
3133 3751 3230 3806 ubi
3276 3752 3333 3806 in
3395 3753 3627 3824 provin-

1981 3838 2131 3892 ciam
2167 3837 2444 3907 pervenit,
2478 3835 2675 3891 statim
2700 3854 2763 3891 se
2796 3837 2874 3891 rei
2907 3840 3170 3909 gerendae
3213 3841 3333 3905 dat,
3368 3840 3623 3897 litteras-

1982 3942 2097 3997 que
2128 3925 2498 3995 imperatoris
2527 3926 2598 3979 ad
2632 3925 3081 3994 Aplespharium
3116 3928 3314 3995 mittit,
3346 3928 3473 4000 ipse
3505 3947 3624 3986 una

1983 4013 2716 4084 scribens,eumquedonis
2774 4017 2831 4067 et
2889 4012 3408 4084 pollicitationibus
3464 4017 3631 4073 insti-

1984 4118 2130 4173 gans
2161 4107 2225 4156 ut
2281 4100 2650 4172 imperatoris
2706 4100 2990 4157 voluntati
3016 4119 3235 4159 morem
3277 4110 3461 4176 gerat.
3524 4107 3626 4163 Be-

1985 4191 2192 4246 scribit
2221 4190 2272 4245 is
2288 4189 2697 4245 eaconditione
2720 4206 2781 4245 se
2806 4190 2860 4244 id
2894 4191 3209 4262 facturum,
3241 4195 3293 4249 si
3313 4195 3632 4266 imperator

1986 4284 2195 4339 litteris
2226 4284 2294 4337 ad
2330 4299 2392 4337 se
2428 4283 2627 4336 missis
2686 4284 3016 4353 paciscatur
3074 4303 3135 4340 ee
3192 4286 3299 4358 ipsi
3363 4291 3627 4345 omnium

1988 4388 2350 4444 quaecunque
2374 4371 2498 4441 ipse
2523 4369 2743 4425 Cacicio
2756 4371 3034 4442 bellijure
3053 4375 3368 4447 eripuisset
3398 4378 3628 4432 firmam

1988 4459 2422 4533 possessionem
2454 4476 2521 4513 ac
2550 4459 2880 4515 dominium
2907 4465 3245 4520 concedere.
3304 4465 3464 4520 Hane
3496 4482 3631 4521 con-

239 4550 416 4623 χώραν
447 4552 530 4619 τῷ
560 4545 825 4617 Κακικίῳ.
860 4545 1139 4602 Ἀπελθὼν
1198 4545 1288 4599 οὖν
1332 4546 1361 4599 6
1401 4544 1674 4609 Νικόλαος
1733 4547 1865 4603 έκεῖ-

1983 4550 2263 4605 ditionem
2294 4549 2612 4619 imperator
2645 4549 2937 4617 probavit,
2998 4568 3292 4624 aureaque
3360 4554 3523 4608 bulla
3569 4554 3630 4607 id

1413 4678 1797 4737 XYLANDRI
1844 4685 1937 4740 ET
1976 4681 2193 4739 GOABI
2233 4679 2435 4735 ΝΟΤΕ

304 4781 413 4848 (27)
442 4777 742 4833 Sententia
768 4774 997 4830 videtur
1028 4775 1316 4848 mutilata.
1341 4775 1470 4830 Haec
1502 4783 1697 4832 autem
1749 4778 1881 4847 fuit,

241 4847 526 4906 Cacicium
570 4864 684 4901 non
716 4848 1071 4921 detrectasse
1105 4847 1384 4921 Romanis
1407 4848 1710 4921 subditum
1735 4866 1884 4921 esse,

240 4923 333 4975 sed
364 4928 563 4975 tamen
600 4925 841 4989 paterna
870 4918 1090 4989 dritione
1121 4919 1229 4989 sibi
1262 4918 1466 4989 relicta
1511 4919 1568 4972 id
1628 4918 1887 4976 voluisse

243 4993 423 5047 facere
453 4988 691 5047 Χγιζ-
749 4988 992 5043 Mutilus
1024 4988 1118 5043 hic
1169 4988 1470 5055 Xylandri,
1503 5005 1616 5043 non
1678 4990 1885 5046 litterae

241 5080 461 5120 sensus.
500 5060 848 5131 Hujusmodi
882 5076 1013 5114 vero
1042 5065 1168 5114 est:
1201 5060 1265 5114 At
1312 5063 1561 5129 quamvis
1586 5078 1644 5116 se
1690 5063 1885 5118 subdi-

238 5132 706 5206 tum(vasallui_n)A
746 5131 1119 5206 proﬁteretur,
1149 5146 1271 5185 cum
1299 5133 1567 5206 solamen
1618 5133 1754 5206 bello
1793 5135 1888 5189 de-

241 5202 706 5275 cernendumgibj
749 5203 956 5275 statuit
1010 5206 1328 5275 imperator.
1385 5202 1627 5275 Clarius
1669 5203 1887 5275 legeret

246 5278 425 5346 alius:
456 5279 545 5345 Τῷ
576 5271 634 5327 δὲ
667 5269 851 5346 δούλῳ
907 5271 1003 5344 μὶν
1053 5269 1482 5345 ἀνομολογοῦντι
1535 5269 1884 5346 πολεμητέον

245 5345 412 5402 ἐδόκει
443 5342 528 5417 τῷ
558 5342 793 5417 βασιλεῖ,
826 5352 877 5399 et
911 5342 1267 5413 quantumvis
1316 5342 1381 5398 ’.σε
1437 5342 1716 5400 subditum
1748 5342 1885 5416 ⁷ρνο-

241 5423 422 5491 ﬁlenli
447 5416 654 5474 bellum
678 5416 1031 5491 indicendym
1046 5417 1259 5491 censuit
1278 5418 1601 5491 imperator.
1632 5417 1810 5491 Gosa.

311 5493 652 5569 (ggzppegtes
696 5493 897 5569 postea
930 5485 1238 5569 ﬁte-rdpxns
1265 5487 1497 5569 dicitur,
1533 5489 1881 5569 .Bestarcha,

246 5557 635 5633 nt'epitheton
666 5557 744 5613 sit
773 5557 1041 5633 fortassis
1062 5557 1881 5633 ab'aliqquotﬁcioductum:

247 5628 668 5690 nam'Catacolo
700 5644 932 5701 quoque
961 5628 1286 5685 Ambustus
1307 5629 1461 5686 infra
1489 5632 1549 5686 in
1591 5630 1741 5687 bello
1772 5631 1886 5687 Me-

1998 4777 2354 4850 dicoiBestes
2396 4780 2674 4850 vocatur.
2714 4778 2857 4850 Χγε.
2891 4808 2959 4819 -
3000 4780 3337 4836 Existimavi
3395 4782 3638 4850 diutius,

1996 4849 2152 4919 quod
2186 4856 2239 4899 et
2263 4846 2405 4920 aliis
2442 4864 2576 4920 cum
2625 4848 2880 4903 Meursio
2930 4850 3165 4920 placuit,
3224 4846 3633 4909 vestiariorum

1996 4916 2689 4991 praecipuumﬁseta’ipxnv
2714 4916 3031 4991 _vocarifAt
3060 4916 3191 4976 cum
3219 4924 3433 4979 isidem
3461 4928 3633 4991 _Iasi-

1996 4988 2087 5045 tes
2112 4988 2306 5069 μέρει*
2334 4988 2622 5069 εἱὶόίοῑὺξ
2658 4988 2970 5069 ,βεστηςῃειι
3028 4992 3214 5069 ἄρχων
3245 5000 3345 5061 τῆς
3402 4989 3641 5069 Ἰϐηρίας

1995 5056 2475 5139 προϐεϐλημένος,
2511 5056 2760 5139 αουὶηῒη
2780 5056 3346 5139 ρλΊἨῃ-ῆξῖχώρας,
3408 5067 3464 5121 id
3504 5056 3637 5138 "est,

2001 5126 2499 5211 Faaspracanias,
2562 5128 2749 5211 ἅρχων
2780 5126 2791 5132 ’
2841 5126 3343 5211 Ἱξαρξὼνίβέστηξ
3384 5144 3440 5192 et
3496 5126 3641 5211 con;

1996 5201 2191 5279 {estid}
2236 5202 2431 5279 βέσσης
2461 5201 2790 5279 κατακαλῶν
2820 5208 2917 5279 τοῦ
2944 5201 3149 5263 ”Ανίοῦ
3196 5201 3285 5262 καί
3341 5215 3441 5277 τῆς
3495 5203 3645 5279 Ἰϐη-

1997 5273 2118 5351 ρᾼίας
2147 5273 2446 5351 κατάρχων.
2504 5274 2751 5345 legatur,
2803 5276 3002 5351 relicta
3062 5281 3253 5351 priore
3329 5273 3645 5349 sententia,

1996 5345 2298 5401 lberorum
2328 5345 2582 5427 dialecto
2604 5353 2661 5399 et
2695 5363 2853 5427 more
2883 5345 3185 5427 religionis
3210 5353 3530 5427 principem
3557 5345 3649 5427 βίέ

1995 5436 2130 5495 στην
2184 5416 2514 5495 nuncupari
2573 5418 2797 5483 censui,
2852 5416 3302 5490 proutlegimus
3362 5416 3650 5495 B'ulgaros

1994 5488 2347 5561 chaganum,
2382 5488 2703 5561 Saracenos
2742 5488 3028 5561 ameram,
3056 5488 3369 5551 'Triballos
3427 5488 3647 5554 eralem

1993 5559 2230 5632 regulos
2260 5576 2399 5615 suos
2430 5559 2699 5615 vocitare.
2727 5560 2906 5617 Goaa.
