3972 6146
294 353 409 411 991

1642 343 1961 406 GEORGII
2006 343 2349 404 CEDRENI

3590 350 3710 409 292

292 481 652 555 postulatum
684 481 1049 553 Aplespharii
1096 485 1284 535 ratum
1320 495 1382 535 se
1410 479 1625 533 habere
1684 481 1933 531 testatus

2048 492 2138 533 νος
2177 472 2269 544 μὲν
2302 471 2466 547 ἔργου
2497 471 2702 548 ε’ίχετο,
2731 476 2798 530 τὰ
2828 473 2885 530 δὲ
2944 475 3242 551 γράμματα
3306 475 3506 550 πέμπει
3567 478 3702 552 πρὸς

291 578 398 629 est.
432 575 555 637 Qua
584 576 818 642 accepta
850 568 1270 641 Aplespbarius
1302 568 1502 624 statim
1538 583 1659 621 rem
1711 581 1945 637 aggres-

291 680 392 717 sus
419 662 635 715 multas
657 661 808 717 559
842 659 1047 714 Cacicii
1073 660 1336 726 arcesjac
1372 656 1728 710 munitiones
1759 671 1943 724 expu-

292 756 500 821 gnatas
530 748 835 817 occupavit
887 748 1147 801 Cacicius
1192 764 1221 797 a
1257 746 1536 799 Romanis
1569 748 1943 813 oppugnatus

290 840 474 912 cnpiis
505 844 560 894 et
591 855 621 891 a
648 837 889 890 Tibiano
923 837 1187 905 praefecto
1211 834 1543 898 infestatus,
1576 832 1748 885 rebus
1809 832 1939 885 des-

289 928 527 1001 peratis,
561 943 693 982 cum
720 924 951 981 Nicolao
979 940 1178 995 pacem
1216 922 1369 993 facit,
1402 940 1502 993 per
1560 938 1815 992 eumque
1877 936 1939 975 se

284 1030 341 1073 et
372 1020 574 1073 urbem
607 1014 940 1086 Imperatori
968 1014 1146 1067 dedit.
1186 1013 1266 1065 Ad
1306 1028 1480 1082 quem
1514 1012 1808 1081 profectus
1831 1052 1847 1078 ,
1869 1010 1941 1064 ab

285 1122 468 1179 eoque
498 1103 816 1174 magisterii
845 1102 1127 1173 dignitate
1159 1101 1469 1154 decoratus
1523 1099 1940 1169 amplissimis-

289 1197 485 1268 quein
536 1192 903 1265 Cappadocia
949 1192 1017 1245 ad
1064 1189 1567 1257 Charsianumque
1624 1193 1681 1241 et
1742 1187 1940 1241 Licen-

289 1288 457 1340 drum
494 1283 725 1356 praediis
773 1283 1047 1343 donatus,
1074 1279 1248 1333 vitam
1292 1278 1500 1333 exinde
1552 1282 1815 1349 pacatam
1872 1293 1940 1332 ac

286 1372 671 1445 tranquillam
703 1372 839 1439 egit.
874 1369 1325 1423 Monomarcbus
1360 1374 1530 1436 capta
1561 1365 1756 1434 aiTibii
1796 1382 1938 1435 prae-

287 1466 433 1519 fecto
465 1460 704 1517 castella
734 1464 791 1513 et
822 1458 1035 1529 oppida
1068 1463 1128 1510 ut
1162 1461 1381 1526 partem
1418 1456 1651 1509 Aniaxw
1682 1455 1936 1509 ditionis

289 1567 620 1624 reposcens,
652 1565 783 1603 cum
817 1564 883 1603 ea
911 1545 1297 1616 Aplesphares
1330 1550 1535 1614 sponte
1568 1560 1681 1599 non
1734 1543 1936 1596 dimit-

288 1645 455 1705 teret,
488 1647 585 1694 sed
612 1654 789 1693 aurea
820 1635 979 1691 bulla
1041 1633 1344 1698 niteretur,
1382 1632 1615 1688 Nicolao
1676 1632 1939 1703 praecipit

289 1737 349 1785 ut
385 1746 518 1784 cum
555 1729 809 1783 Romano
857 1730 911 1779 et
959 1724 1177 1778 Iberico
1215 1722 1466 1777 exercitu
1498 1726 1555 1776 et
1576 1722 1761 1791 copiis
1826 1730 1934 1774 Ar-

2050 560 2143 615 τὸν
2174 558 2595 639 Ἀπλησφάρτ,ν,
2621 562 2829 638 γράψας
2862 564 2949 618 καὶ
3001 566 3159 627 αὐτὸς
3219 565 3309 619 καὶ
3363 566 3701 641 παροτρύνεις

2050 649 2141 703 καὶ
2201 647 2400 723 δώροις
2458 650 2547 705 καὶ
2612 654 2966 727 ὑποσχέσεσιν
3022 653 3261 729 ἐρεθίσας
3314 653 3563 730 ἐνεργοὺς
3622 658 3706 710 8i.-

2053 750 2172 800 σθαι
2203 739 2299 799 τὰς
2336 739 2627 814 βουλήσεις
2658 746 2754 796 τοῦ
2790 741 3076 817 βασιλέως.
3101 745 3160 801 Ὁ
3194 742 3250 798 δὲ
3280 745 3344 799 τά
3402 745 3701 820 γράμματα

2053 824 2337 899 δεξάμενος
2385 826 2661 901 ἀμείϐεται
2724 829 2946 901 ἐπιτελῆ
3019 840 3246 902 ποιῆσαι
3318 834 3383 888 τά
3448 831 3697 889 κεκελευ-

2053 916 2242 989 σμὲνα,
2276 918 2318 971 εἰ
2352 917 2583 993 γράμμα
2627 921 2900 998 πεμφθείη
2952 922 3129 995 τούτῳ
3192 922 3473 997 βασιλικὸν
3529 923 3699 998 ἀσφά-

2052 1004 2203 1060 λειαν
2234 1009 2475 1082 παρέχον
2513 1010 2660 1079 αὖτῷ
2704 1012 2878 1064 πάντα
2930 1006 3076 1086 ἔχειν
3132 1011 3183 1066 ὲν
3247 1007 3450 1087 βεϐαίῳ
3503 1012 3699 1067 δεσπο-

2048 1099 2214 1156 τικῶς
2271 1095 2337 1149 τὰ
2394 1096 2627 1172 φρούρια
2682 1098 2773 1152 καὶ
2825 1102 3058 1174 χωρία(
3100 1103 3157 1173 9)
3195 1099 3394 1175 ὅσαπερ
3457 1100 3701 1176 ἷσχῦσειε

2049 1181 2206 1258 νόμῳ
2236 1184 2483 1258 πολέμου
2525 1190 2822 1258 κτήσασθαι
2873 1189 2979 1244 ἀπὸ
3038 1194 3146 1244 τῶν
3200 1187 3563 1268 διαφερόντων
3619 1195 3700 1263 τῷ

2050 1275 2305 1347 Κακικίῳ.
2340 1274 2586 1349 Ἐδέξατο
2614 1278 2705 1332 τὸν
2739 1277 2905 1353 λόγον
2954 1280 2981 1333 ὁ
3040 1278 3315 1354 βασιλεὺς,
3347 1278 3433 1333 καὶ
3494 1299 3699 1354 χρυσο-

2050 1359 2311 1425 ϐούλλυις
2374 1371 2606 1439 γραφαῖς
2684 1362 2994 1421 ἐπιϐεϐαιοῖ
3064 1366 3163 1421 ὅσα
3217 1370 3244 1421 ὁ
3305 1366 3699 1444 Ἀπλησφάρης

2048 1451 2327 1525 ᾐτήσατοο
2379 1454 2466 1507 καὶ
2547 1452 2835 1525 δεξάμενος
2906 1457 3067 1517 οὗτος
3131 1457 3193 1510 τὸ
3251 1456 3483 1529 γράμμα
3538 1453 3698 1531 ἔργου

2048 1541 2271 1612 ἥπτετο,
2306 1543 2391 1596 καὶ
2428 1540 2615 1597 πολλά
2644 1548 2748 1598 τῶν
2781 1549 2879 1599 τοῦ
2940 1544 3199 1601 Κακικίου
3258 1542 3697 1619 ἐκπολιορκήσας

2048 1629 2305 1705 κατέσχεν
2366 1630 2705 1706 ὀχυρώματα
2789 1632 2877 1688 καὶ
2951 1633 3154 1709 χωρία.
3208 1635 3266 1690 Ὀ
3324 1631 3381 1687 δὶ
3439 1634 3695 1696 Κακίκιος

2048 1720 2151 1775 ὑπό
2204 1741 2260 1774 τε
2316 1723 2756 1793 τῆςῬωμαϊκῆς
2790 1720 3069 1793 δυνάμεως
3114 1721 3530 1795 πολεμούμενος
3591 1722 3695 1777 ὑπό

288 1817 492 1873 meniae
526 1816 767 1887 Magnae,
817 1831 941 1883 quae
994 1812 1259 1867 Cacicius
1308 1813 1569 1871 duxerat,
1604 1809 1817 1864 bellum
1882 1810 1931 1863 ei

2046 1831 2103 1862 τε
2131 1814 2229 1862 τοῦ
2261 1809 2527 1883 ἄρχοντος
2558 1810 2654 1863 τοῦ
2698 1806 2884 1864 Τιϐίου
2940 1810 3400 1882 ).εηλατοι3μενος,
3430 1812 3517 1864 καὶ
3577 1817 3695 1873 τοῖς

289 1906 479 1961 faciat.
514 1904 787 1959 Nicotaus
819 1900 1137 1957 contractis
1167 1899 1441 1954 omnibus
1474 1898 1656 1969 copiis
1698 1902 1932 1952 Bastar-

288 1996 459 2051 cham
482 1994 731 2050 Jasitam
758 1991 828 2047 iis
855 1990 1095 2061 praeficit
1112 1994 1167 2044 et
1190 2004 1363 2043 suum
1388 2004 1614 2043 servum
1648 1988 1931 2043 Constan-

286 2085 473 2139 tinum
528 2083 872 2153 magistrum
915 2079 1433 2148 Alanum,eosque
1464 2078 1533 2132 ad
1588 2093 1933 2147 oppugnan-

288 2175 428 2229 dum
459 2172 691 2226 Tibium
729 2171 929 2224 mittit.
992 2170 1130 2223 Erat
1188 2166 1576 2237 Aplesphares
1616 2165 1811 2230 homo,
1873 2172 1935 2219 ut

288 2264 601 2334 quisquam
635 2260 805 2324 alius,
849 2257 1191 2312 bellicarum
1241 2255 1453 2310 artium
1515 2253 1930 2325 peritissimus,

286 2368 507 2423 gnarus
541 2350 619 2405 rei
676 2348 943 2419 gerenda:
991 2350 1047 2400 et
1094 2343 1343 2400 consilia
1394 2342 1655 2398 hostium
1698 2341 1934 2398 eludere

289 2440 559 2496 callidus.
595 2439 647 2493 Is
714 2453 845 2492 cum
905 2452 968 2491 se
1022 2451 1228 2504 pugnae
1278 2449 1411 2488 cum
1440 2431 1719 2486 Romanis
1750 2432 1934 2501 copiis

288 2528 718 2585 committenda
779 2526 1059 2596 imparem
1113 2523 1374 2590 sentiret,
1428 2520 1583 2576 intra
1618 2536 1817 2574 muros
1872 2537 1934 2574 se

290 2619 566 2684 continet,
610 2630 965 2685 amnemque
1043 2612 1359 2666 alluentem
1431 2611 1658 2676 avertit,
1733 2610 1810 2663 ita
1872 2613 1934 2662 ut

287 2723 520 2764 omnem
551 2704 678 2760 urbi
704 2703 952 2757 vicinam
978 2700 1277 2772 planitiem
1304 2700 1351 2753 is
1372 2699 1683 2753 inundaret
1702 2703 1932 2768 stagno-

289 2812 402 2868 que
426 2803 484 2849 et
513 2811 675 2848 coemo
709 2792 940 2863 paludis
973 2806 1191 2843 morem
1225 2789 1380 2844 560
1411 2787 1710 2858 oppleret;
1761 2793 1818 2842 et
1873 2787 1931 2842 in

290 2884 478 2938 vineis
509 2898 635 2953 quia
666 2881 883 2934 circum
920 2880 1119 2931 urbem
1151 2878 1207 2929 in
1242 2878 1438 2930 orbem
1472 2882 1637 2929 erant
1669 2876 1813 2938 sitas,
1846 2894 1934 2931 sa-

292 2972 560 3045 gittarios
590 2969 806 3041 pedites
830 2966 1025 3034 abdit;
1066 2970 1123 3020 et
1153 2968 1487 3035 exspectare
1518 2964 1752 3037 signum
1778 2967 1931 3036 quod

290 3062 414 3132 ipse
446 3060 588 3114 tuba
617 3059 863 3113 daturus
893 3055 1273 3124 essetjubet:
1328 3053 1407 3107 ita
1465 3053 1783 3109 instructus
1827 3055 1930 3109 ad-

289 3155 525 3204 ventum
558 3147 815 3202 hostium
850 3146 1131 3215 operitur.
1167 3144 1562 3197 Romanorum
1596 3149 1789 3197 autem
1822 3145 1928 3197 du-

288 3244 475 3293 ctores
507 3253 619 3309 pre:
680 3242 836 3289 metu
894 3250 959 3287 ac
1028 3232 1433 3296 desperatione
1480 3248 1671 3285 rerum
1708 3232 1834 3286 urbi
1869 3250 1931 3287 se

288 3327 601 3383 inclusisse
622 3330 678 3379 et
697 3339 969 3393 campum
997 3337 1147 3391 aqua
1162 3320 1490 3391 opplevisse
1512 3318 1929 3391 Aplespharem

288 3415 530 3487 opinati,
565 3413 974 3485 promiscueet
1007 3408 1168 3464 nullo
1200 3409 1420 3475 ordine,
1446 3408 1541 3463 alii
1574 3409 1801 3479 equites
1833 3410 1930 3464 alii

287 3507 359 3562 ab
390 3504 558 3575 equis
589 3501 858 3569 digressi,
894 3505 955 3551 ut
985 3499 1192 3567 cuique
1218 3496 1576 3567 placebat,ad
1612 3499 1813 3551 urbem
1837 3515 1930 3553 oc-

287 3597 552 3657 currunt,
587 3591 775 3660 primu
806 3587 1031 3641 scilicet
1058 3602 1337 3655 aggressu
1382 3602 1511 3640 eam
1535 3587 1784 3657 capturi.
1822 3588 1929 3642 Ubi

287 3684 348 3737 in
381 3682 503 3736 vias
536 3692 843 3750 pervenere
877 3682 1127 3746 quaeper
1149 3674 1680 3728 mediasducebant
1710 3674 1928 3742 vineas,

279 3772 527 3843 jamque
561 3766 691 3822 urbi
713 3761 1398 3826 subiverunt,classicum
1424 3761 1813 3833 Aplespbares
1835 3782 1927 3819 ca-

290 3861 394 3914 nit.
429 3862 495 3912 Et
526 3856 746 3927 pedites
776 3870 843 3908 ex
876 3852 1109 3907 insidiis
1152 3850 1334 3905 coorti
1377 3851 1475 3905 alii
1508 3852 1663 3907 saxis
1719 3856 1929 3907 Roma-

289 3966 395 4003 nos
446 3950 763 4017 impetunt,
824 3942 918 3996 alii
972 3942 1223 4010 desuper
1268 3942 1339 3993 de
1388 3940 1570 4011 septis
1630 3941 1927 3996 vinearum

288 4036 618 4101 vulnerant,
651 4048 781 4085 cuin
843 4029 1077 4101 quidem
1131 4028 1410 4083 Romanis
1460 4030 1549 4083 sui
1584 4030 1931 4085 defendendi

290 4124 481 4181 omnis
513 4126 670 4177 esset
700 4124 897 4190 erepta
932 4118 1424 4189 facultaangens
1458 4124 1583 4173 tum
1619 4118 1815 4174 clades
1845 4138 1910 4176 ac

290 4217 479 4283 cepta,
512 4216 568 4265 et
597 4209 991 4263 Romanorum
1025 4205 1476 4259 innumerabilis
1534 4223 1682 4260 caesa
1735 4208 1933 4262 multi-

294 4302 453 4365 tudo,
488 4314 617 4352 cum
652 4296 785 4366 equi
822 4296 1019 4365 fugere
1053 4311 1161 4348 non
1199 4299 1439 4363 possent
1462 4294 1600 4347 limo
1621 4302 1677 4348 et
1710 4296 1935 4350 lacunis

292 4387 579 4459 impediti.
640 4386 806 4455 IEgre
853 4382 1034 4452 elapsi
1106 4383 1322 4436 Jasites
1396 4387 1451 4436 et
1518 4382 1936 4441 Constantinus

295 4478 500 4534 Anium
532 4476 937 4546 pervenerunt,
978 4470 1329 4540 Nicolaoque
1361 4470 1714 4527 calamitatis
1747 4473 1937 4527 nuntii

2045 1903 2203 1952 πᾶσιν
2267 1898 2613 1974 ἀπεγνωκὼς,
2676 1897 2956 1954 σπένδεται
3011 1900 3147 1975 πρὸς
3196 1900 3288 1954 τὸν
3343 1903 3697 1973 παρακοιμώ-

2049 2008 2206 2059 μενον
2237 1986 2327 2040 καὶ
2354 1992 2674 2063 προσχωρεῖ
2704 1992 2780 2059 τῷ
2836 1986 3051 2062 βασιλεῖ
3098 1985 3170 2041 δι’
3200 1988 3386 2059 αὐτοῦ,
3419 1987 3698 2063 παραδοὺς

2042 2076 2140 2142 τήν
2169 2075 2354 2132 πόλιν.
2391 2077 2484 2130 Καὶ
2521 2078 2548 2131 ὁ
2585 2078 2677 2148 μὶν
2712 2077 2764 2138 ἇς
2796 2077 2886 2132 τὸν
2925 2076 3153 2151 βασιλέα
3206 2076 3378 2132 ἐλθὼν
3435 2079 3523 2131 καὶ
3586 2080 3695 2149 μά-

2044 2185 2266 2239 γιστρος
2312 2165 2587 2237 τιμηθεὶς,
2647 2166 2738 2219 καὶ
2787 2165 2968 2241 χωρία
3019 2163 3413 2241 πολυπρόσοδα
3453 2169 3589 2221 κατά
3634 2187 3693 2222 τε

2045 2251 2427 2308 Καππαδοκίαν
2472 2254 2563 2307 καὶ
2610 2255 2699 2308 τὸν
2753 2255 3051 2329 Χαρσιανὸν
3113 2254 3201 2308 καὶ
3257 2254 3348 2308 τὸν
3399 2253 3690 2325 Λικανδρὸν

2044 2341 2311 2419 εἰληφὼς,
2373 2342 2645 2415 εῗρηνικὸν
2713 2343 2803 2396 καὶ
2879 2341 3151 2417 ἀτάραχον
3203 2344 3297 2397 τὸν
3353 2343 3458 2398 ἀπὸ
3511 2349 3611 2398 τοῦ
3666 2366 3690 2401 ε

2042 2431 2200 2500 ἔζησε
2262 2429 2377 2505 βίον
2410 2451 2421 2462 ·
2480 2432 2507 2484 ὁ
2568 2429 2625 2485 δὲ
2682 2432 3025 2505 Μονομάχος
3066 2431 3135 2485 τά
3190 2430 3690 2507 ἐκπολιορκηθὲντα

2044 2519 2276 2597 φρούρια
2306 2521 2451 2590 παρά
2479 2524 2574 2574 τοῦ
2604 2515 2871 2573 Τιϐιώτοο
2902 2520 2993 2573 καὶ
3052 2520 3233 2595 χωρία
3291 2521 3364 2582 ὡς
3424 2522 3559 2597 μέρη
3591 2524 3689 2576 τοῦ

2045 2608 2223 2665 Ἀνίου
2280 2614 2572 2678 ἐπιζητῶν,
2624 2612 2703 2682 [Ρο
2734 2611 2861 2681 763Ῑ
2904 2607 3017 2663 ἐπεὶ
3067 2608 3200 2663 ἑκών
3262 2631 3323 2685 γε
3364 2609 3565 2672 ἐκεῖνος
3624 2610 3686 2665 οὔ

2048 2700 2259 2773 μεθίετο
2316 2699 2546 2767 τούτων,
2582 2698 2706 2754 ἀλλ’
2764 2698 3043 2773 ἀντείχετο
3100 2706 3200 2768 τῆς
3256 2695 3687 2775 χρυσοὸούλλσυ

2043 2796 2276 2865 γραφῆς,
2317 2790 2608 2861 ἀναιρεῖται
2656 2787 2903 2859 πόλεμον
2955 2789 3093 2863 πρὸς
3133 2789 3317 2855 αὐτὸν,
3377 2789 3465 2843 καὶ
3520 2789 3685 2844 πάλιν

2043 2878 2363 2950 προστάττει
2419 2876 2499 2948 τῷ
2554 2875 3037 2953 παρακοιμωμὲνῳ
3100 2879 3234 2949 μετά
3279 2899 3342 2951 γε
3395 2885 3495 2947 τῆς
3545 2880 3687 2933 Ῥω-

2049 2973 2249 3038 μαϊκῆς
2287 2966 2475 3040 χειρὸς
2504 2969 2597 3019 τοῦ
2638 2986 2696 3019 τε
2724 2960 3003 3039 Ἰϐηρικοῦ
3054 2970 3281 3039 στρατοῦ
3338 2966 3427 3020 καὶ
3476 2974 3574 3035 τῆς
3634 2967 3685 3021 ἰν

2042 3058 2111 3127 τῇ
2198 3051 2406 3129 μεγάλῃ
2497 3051 2752 3127 Ἀρμενίᾳ
2830 3051 3133 3125 δυνάμεως,
3186 3057 3250 3122 ἧς
3325 3062 3598 3129 κατῆρχεν
3658 3057 3687 3110 ὁ

2046 3143 2332 3212 Ἀνιώτης,
2362 3147 2440 3212 τῷ
2470 3141 2831 3219 Ἀπλησφάρῃ
2879 3142 3166 3214 πολεμεῖν.
3222 3144 3395 3204 Πάσας
3453 3142 3543 3197 οὖν
3598 3146 3687 3199 οὗ·

2040 3252 2134 3294 τος
2204 3229 2480 3303 ἠθροικὼς
2561 3230 2657 3291 τὰς
2724 3227 2998 3301 δυνάμεις,
3055 3231 3143 3283 καὶ
3204 3230 3443 3307 ἄρχοντα
3500 3232 3687 3293 αὐταῖς

2039 3320 2330 3389 ἰπιστῆσας
2362 3317 2597 3393 Μιχαὴλ
2641 3319 2729 3372 τὸν
2796 3318 3103 3394 βεστάρχην
3163 3320 3252 3373 τὸν
3316 3321 3542 3391 ’ῐασίτην
3596 3322 3686 3375 καὶ

2037 3410 2128 3464 τὸν
2158 3409 2347 3463 ἑαυτοῦ
2379 3405 2575 3462 δοῦλον
2622 3410 2734 3479 (30)
2787 3413 3187 3462 Κωνσταντῖνον
3247 3409 3540 3483 μάγιστρον
3590 3411 3682 3464 τὸν

2040 3496 2289 3565 Ἀλανὸν,
2321 3496 2458 3551 κατὰ
2510 3500 2611 3550 τοῦ
2668 3490 2865 3551 Τιὸίου
2922 3495 3206 3567 ἐκπέμπει.
3240 3499 3295 3550 Ὀ
3355 3495 3411 3551 δὲ
3466 3497 3680 3567 Ἀπλη-

2038 3587 2269 3664 σράρης,
2328 3585 2835 3659 στρατηγικώτατος
2894 3582 3172 3659 ἄνθρωπος
3244 3583 3340 3656 ὢν,
3400 3584 3549 3660 ε’ίπερ
3598 3607 3679 3647 τις

2040 3674 2232 3742 ἄλλος,
2266 3674 2355 3728 καὶ
2388 3670 2520 3749 ἔργα
2549 3672 2828 3745 πολεμικά
2878 3673 2965 3726 καὶ
3028 3671 3229 3746 βουλὰς
3289 3673 3498 3749 ἐχθρῶν
3560 3672 3681 3729 δια-

2040 3764 2288 3821 σκεδάσαι
2340 3762 2659 3835 δυνάμενος,
2719 3763 2857 3837 πρὸς
2915 3762 3009 3835 μὲν
3070 3764 3167 3831 τήν
3227 3764 3541 3836 Ῥωμαϊκὴν
3589 3761 3681 3818 δῦ-

2037 3876 2195 3926 ναμιν
2253 3850 2411 3915 εἰδὼς
2468 3852 2654 3905 ἑαυτὸν
2714 3853 2789 3922 μὴ
2821 3850 3121 3925 ἀξιόχρεων
3179 3851 3275 3905 οὐκ
3333 3853 3683 3926 ἀντιπαρετά-

2042 3948 2186 4016 ξατο,
2248 3939 2375 3997 εἷ’σω
2434 3938 2491 3994 δὲ
2544 3942 2746 4013 τειχῶν
2800 3938 3115 4014 συγκλείσας
3184 3940 3372 3994 ἑαυτὸν
3447 3941 3536 3994 καὶ
3592 3943 3686 3995 τὸν

2041 4030 2408 4108 παραρῥὲοντα
2497 4027 2890 4103 μενοχετεύσας
2957 4027 3203 4099 ποταμὸν
3240 4075 3253 4099 ,
3337 4029 3424 4083 καὶ
3512 4036 3685 4084 πᾶσαν

2044 4119 2337 4181 ἐπικλύσας
2364 4120 2461 4187 τήν
2492 4114 2721 4171 πεδιάδα
2776 4116 2865 4169 καὶ
2924 4114 3387 4189 ἀποτελματώσας
3445 4116 3683 4189 πηλώδη

2041 4231 2099 4264 τε
2158 4207 2317 4261 οὖσαν
2367 4207 2456 4260 καὶ
2512 4203 2812 4280 τεναγώδη,
2864 4205 3168 4279 προσέμενε
3232 4207 3331 4273 τὴν
3407 4205 3687 4261 ἐπὲλευσιν

2042 4302 2148 4351 τῶν
2206 4294 2483 4363 ἐναντίων,
2540 4292 2909 4367 παρασπείρας
2968 4292 3018 4347 ἐν
3077 4299 3193 4356 τοῖς
3256 4292 3535 4349 κῦχλωϐεν
3593 4303 3692 4364 τῆς

2045 4384 2259 4446 πόλεμος
2319 4382 2466 4439 οὗσιν
2527 4380 2819 4455 ἀμπελῶσι
2875 4381 3098 4450 τοξότας
3153 4381 3367 4450 πεζοὺς,
3412 4382 3503 4437 καὶ
3561 4384 3691 4457 κρύ-

2045 4486 2267 4538 πτεσθαι
2325 4474 2413 4527 καὶ
2470 4472 2792 4545 προσμένειν
2850 4469 3131 4539 κελεύσας,
3187 4468 3347 4546 ἄχρις
3401 4471 3460 4525 ἂν
3532 4473 3694 4534 αὐτὸς

293 4569 550 4623 fuerunt.
590 4565 664 4618 De
696 4578 813 4631 qua
843 4559 1002 4615 clade
1030 4560 1241 4613 certior
1274 4560 1463 4613 factus
1486 4560 1805 4630 imperator
1838 4564 1933 4619 Ni-

2046 4565 2111 4637 τῇ
2170 4561 2431 4636 σάλπιγγι
2493 4559 2900 4632 ἓπιτημήνηται
2954 4560 3015 4613 τὸ
3047 4556 3317 4615 ἐνυάλιον.
3352 4560 3419 4617 Οἱ
3476 4557 3534 4614 δὲ
3582 4566 3691 4615 τῶν

294 4655 454 4711 colao
494 4660 549 4709 et
576 4653 775 4707 Jasitae
815 4651 1057 4719 abrogat
1086 4647 1522 4718 magistratum.
1564 4649 1689 4705 loco
1745 4650 1941 4707 Jasitaa

296 4746 499 4799 ducem
536 4740 732 4797 lberim
767 4738 904 4793 facit
932 4737 1312 4799 Ambustum,
1348 4752 1448 4805 pro
1492 4737 1725 4793 Nicolao
1759 4740 1939 4812 impe.

294 4838 543 4888 ratorom
558 4827 875 4885 exercitum
890 4830 1046 4881 creat
1074 4826 1518 4879 Constantiuum
1538 4844 1761 4899 magna;
1780 4832 1947 4888 soda-

2052 4653 2336 4724 Ῥωμαίων
2394 4647 2657 4724 ἄρχοντες
2713 4647 2802 4700 τόν
2848 4667 2906 4701 τε
2953 4646 3028 4707 εἷς
3056 4648 3156 4715 τήν
3213 4646 3375 4701 πόλιν
3439 4647 3694 4722 συγκλει-

2055 4741 2190 4813 σμὸν
2249 4740 2334 4792 καὶ
2389 4739 2488 4805 τήν
2542 4744 2640 4805 τῆς
2673 4733 2927 4795 πεδιάδος
2960 4732 3238 4790 ἐπίκλυσιν
3272 4732 3479 4796 δειλίας
3536 4735 3695 4812 ἔργον

2055 4830 2143 4885 καὶ
2200 4827 2564 4901 ἀπογνώσεως
2623 4824 2913 4901 κρίναντες,
2965 4824 3181 4878 ἄτακτοι
3256 4824 3344 4879 καὶ
3418 4823 3697 4899 σποράδην

1482 4969 1859 5029 XYLANDRI
1900 4977 1989 5031 ET
2027 4974 2243 5031 GOARI
2283 4971 2511 5027 NOT/E.

388 5097 479 5165 29)
512 5096 708 5166 Pagos.
744 5091 955 5166 Χωρίον
993 5093 1271 5166 moderna
1300 5091 1499 5163 lingua
1528 5111 1717 5164 pagus.
1762 5096 1942 5155 Goan.

394 5169 481 5231 30)
514 5165 720 5239 Servos
747 5165 927 5239 fqiSse
954 5165 1283 5239 magistros
1300 5180 1424 5239 n_on_
1446 5166 1636 5218 credo.
1670 5167 1946 5239 Legerem

302 5230 518 5313 aliquid
559 5254 659 5307 pro
693 5232 913 5313 δορλον,
949 5230 1457 5313 Γοτίῖιεεθνάδελφόν
1489 5241 1587 5291 aut
1620 5230 1946 5313 talevquip-

304 5307 457 5379 piam
486 5326 498 5363 :
526 5326 660 5362 vero
680 5308 829 5362 enim
860 5308 1098 5379 prOpius
1128 5312 1215 5379 est
1248 5307 1484 5361 fratrem
1516 5325 1689 5378 quam
1718 5307 1945 5366 servu'm

301 5378 515 5460 Nicolai
549 5381 898 5460 magistrum
925 5378 1345 5460 fuisse.XY_r:.-‘—
1381 5380 1647 5460 Auctoris
1679 5398 1779 5436 ceu
1806 5401 1950 5439 sana

300 5458 524 5526 retenta
549 5448 812 5517 lectione,
852 5451 1183 5504 monendus
1216 5448 1811 5521 Xylandereumdem
1848 5454 1947 5526 qui

302 5525 581 5593 magister
613 5527 724 5589 est,
758 5538 885 5577 esse
934 5537 1102 5592 posse
1162 5537 1411 5575 servum.
1466 5527 1668 5577 Annon
1731 5528 1850 5580 dux
1889 5526 1950 5581 in

303 5596 496 5668 aliqua
548 5593 845 5668 provincia
868 5663 878 5668 _
903 5593 1057 5668 regis
1078 5593 1382 5668 _subditus
1410 5599 1502 5668 est
1533 5599 1607 5661 et,
1639 5598 1702 5648 ut
1732 5667 1735 5668 ν
1762 5598 1948 5668 aiunt,

299 5661 606 5723 vasallus?
635 5666 759 5721 Vox
789 5663 943 5722 enim
978 5661 1178 5723 δοῦλος
1239 5680 1353 5719 non
1406 5664 1764 5723 inbonorarii
1812 5661 1949 5725 sub;

2054 5099 2160 5153 diti
2184 5096 2516 5167 signiﬁcatu
2551 5094 2645 5148 hic
2667 5095 2843 5167 jacet.
2881 5092 2963 5145 Ad
2998 5108 3129 5167 rem
3152 5092 3706 5167 nostram,(_3acicius

2055 5186 2181 5224 sese
2215 5163 2400 5238 n‘uper
2428 5164 2799 5237 imperatoris
2830 5180 3081 5238 servum,
3116 5163 3171 5217 id
3219 5168 3306 5238 est
3371 5164 3701 5238 subditum,

2058 5241 2165 5295 fuit
2220 5234 2542 5309 professus,
2594 5241 2653 5290 at
2699 5252 2811 5289 non
2872 5234 2987 5288 alio
3044 5235 3474 5309 propositnnisi
3518 5243 3583 5288 ut
3640 5237 3700 5289 in

2058 5306 2265 5365 Anium
2304 5311 2665 5378 lberiamque
2689 5312 3031 5378 perpetuum
3056 5307 3164 5359 sibi
3194 5306 3514 5360 vindicaret
3538 5308 3701 5378 prin-

2057 5383 2334 5453 cipatum.
2373 5382 2543 5453 Isque
2574 5378 2997 5453 Constantinus
3033 5379 3265 5453 pariter,
3294 5379 3558 5453 magistri
3628 5380 3707 5453 di-

2057 5448 2349 5524 gnitatcin
2387 5448 2517 5524 aula
2542 5452 2642 5505 CP.
2671 5454 2994 5521 provectus,
3030 5448 3201 5524 simul
3239 5448 3435 5524 potuit
3486 5448 3705 5504 Alanis:

2061 5520 2342 5596 partionis
2373 5525 2444 5577 ab
2476 5520 2822 5596 imperatore
2858 5520 3517 5596 renuntiaridominus,
3552 5538 3618 5575 ac
3646 5525 3711 5575 ut

2060 5590 2338 5651 subditus
2369 5612 2467 5651 seu
2502 5590 2756 5649 vesanus
2814 5593 2923 5647 sub
2954 5591 3155 5647 eodem
3189 5590 3245 5645 in
3277 5591 3440 5646 bellis
3474 5592 3706 5647 mereri.

2061 5668 2241 5725 Goaa.
