3968 6140
265 321 366 380 293

1383 318 1929 379 HISTORIARUM
1976 315 2130 378 COM
2146 320 2519 381 PENDIUM.

3541 325 3659 383 294

264 447 414 504 ἄλλοι
450 449 542 523 μὶν
599 447 726 511 τοὺς
778 446 982 511 ’ίππους
1039 445 1360 518 ἀποϐάντες,
1393 447 1558 504 ἄλλοι
1590 446 1646 503 δὲ
1675 447 1762 503 καὶ
1795 443 1885 524 ἔφ-

2022 450 2183 505 itatis
2197 452 2545 523 principem,
2581 454 2982 517 eunuchum,a
2997 455 3301 511 Saracenis
3316 456 3654 523 oriundum,

268 559 434 608 ιπποι,
491 537 562 600 ὥς
619 559 694 608 πη
752 534 974 600 ἕκαστος
1036 534 1324 610 ἐϐοόλετο,
1383 538 1520 614 πρὸς
1574 538 1672 607 τὴν
1732 535 1893 592 πόλιν

264 624 476 703 ἔτρεχον
529 627 603 690 ὡς
657 622 906 681 αὐτοϐοεὶ
966 626 1159 693 ταύτην
1234 627 1571 702 αἱρήσοντες.
1632 626 1781 682 Ἐπεὶ
1840 624 1897 679 δὲ

264 711 408 770 ἔνδον
459 714 701 789 ἐγένοντο
758 720 867 769 τῶν
921 716 973 769 ἐν
1025 715 1169 787 μέσω
1220 721 1326 770 τῶν
1379 715 1721 787 ἀμπελώνων
1754 713 1894 769 ὁδῶν

264 805 343 858 καῖ
399 800 524 878 ἄχρι
571 810 671 871 τῆς
700 803 915 865 πόλεως
949 803 1200 878 ἔφθασαν,
1242 803 1363 858 τότε
1410 801 1475 872 δὴ
1520 806 1587 876 τῇ
1630 802 1893 877 σάλπιγγι

265 894 500 964 σημήνας
567 893 594 947 6
660 891 1053 965 Ἀπλησφάρης
1113 891 1274 967 ἒργου
1325 891 1595 947 ἐκέλευσεν
1655 886 1895 967 ἔχεσθαι,

263 991 345 1044 καὶ
397 989 763 1063 ἐξαναστάντες
822 991 928 1045 ἀπὸ
978 995 1085 1045 τῶν
1148 990 1336 1065 λόχων
1400 992 1453 1044 οἱ
1504 990 1657 1058 πεζοὶ
1691 990 1741 1044 οἱ
1799 989 1895 1061 μὲν

266 1081 425 1150 τόξοις
477 1081 528 1134 οἱ
582 1077 637 1134 δὲ
687 1079 865 1141 λίθοις
918 1076 1176 1148 ἔϐαλλον,
1240 1079 1403 1137 ἄλλοι
1467 1079 1524 1134 δὲ
1576 1079 1897 1154 ἐτίτρωσκον

267 1170 361 1223 ἀπὸ
412 1173 514 1223 τῶν
569 1171 827 1244 Θρ.γγῶν,
884 1173 990 1223 τῶν
1050 1169 1337 1241 Ῥωμαίων
1392 1166 1759 1241 κωλυομένων
1796 1168 1897 1221 ὑπὸ

262 1255 453 1311 τούτων
533 1258 660 1321 τοὺς
728 1255 1032 1329 πολεμίους
1107 1257 1443 1331 ἀμύνασθαι.
1520 1258 1727 1312 Γίνεται

261 1348 423 1419 τροπὴ
508 1344 746 1420 μεγάλη,
818 1348 906 1401 καὶ
978 1346 1230 1419 σφάζεται
1314 1347 1599 1419 Ῥωμαίων
1662 1345 1896 1420 ἀπείρων

262 1434 486 1507 πλῆθος,
547 1440 735 1511 φυγεῖν
810 1436 886 1507 μὴ
965 1432 1276 1507 δυναμένων
1343 1439 1451 1489 τῶν
1509 1433 1720 1503 ἵππων,
1773 1432 1900 1489 ἀλλ’

262 1521 635 1595 ἐμπιπτόντων
694 1522 772 1585 εἷς
830 1523 921 1577 τὸν
955 1522 1134 1593 πηλὸν
1166 1524 1255 1577 καὶ
1304 1523 1370 1577 τὰ
1424 1522 1687 1595 τέλματα.
1723 1520 1899 1583 Μόλις

263 1612 342 1665 οὖν
393 1611 585 1672 σωθεὶς
639 1612 666 1664 6
718 1609 953 1679 Ἰασίτης
1008 1609 1100 1664 σὺν
1159 1614 1237 1682 τῷ
1263 1609 1654 1665 Κωνσταντίνω
1711 1610 1762 1664 ἐν
1820 1614 1899 1681 τῷ

260 1702 413 1755 Ἀνίω
459 1699 785 1775 αὐτάγγελοι
841 1706 939 1767 τῆς
971 1704 1252 1776 συμφορᾶς
1304 1704 1382 1771 τῷ
1436 1698 1692 1771 Νικολάᾦ
1747 1700 1898 1774 γεγό-

257 1810 415 1845 νασιν.
475 1787 866 1862 Ἀγγελθέντος
924 1786 979 1841 Si
1033 1792 1130 1842 τοῦ
1182 1782 1487 1859 συμϐάντος
1537 1788 1890 1863 ἀτυχήματος

1804 1257 1895 1310 οὖν

2007 539 2116 593 sibi
2150 540 2332 594 ﬁdum
2376 542 2693 611 hominem,
2737 548 2792 596 et
2840 545 3007 613 cujus
3045 560 3220 614 Opera
3268 545 3441 599 etiam
3493 552 3656 601 ante-

2007 646 2182 699 quam
2217 630 2364 686 561
2404 631 2472 683 ad
2510 630 2823 701 imperium
2858 632 3200 686 eveheretur
3231 650 3375 688 usus
3446 633 3653 689 fuerat.

2008 716 2072 770 Hi
2103 722 2297 772 autem
2359 719 2716 788 provinciam
2780 720 3028 791 ingressi
3092 721 3467 792 collectisque
3497 739 3657 777 exer-

2006 806 2220 861 citibus
2254 809 2319 859 ad
2357 824 2477 860 rem
2511 809 2829 879 gerendam
2862 810 3149 874 conversi,
3187 812 3389 865 urbem
3423 811 3654 865 Tibium

2008 910 2133 963 quae
2192 899 2316 949 erat
2402 897 2531 964 ejus
2610 898 2797 965 gentis
2861 898 3241 967 .metropolis,
3319 915 3656 969 oppugnare

2007 981 2445 1039 incommodum
2506 986 2636 1049 rati,
2710 986 2932 1056 reliqua
3016 988 3085 1040 ad
3188 988 3395 1042 Anium
3474 988 3656 1059 perti-

2009 1072 2228 1126 mentia
2259 1072 2498 1127 castella
2528 1079 2773 1141 tentant,
2806 1075 3165 1146 capiuntque
3200 1077 3477 1131 Sanctam
3529 1077 3648 1133 Ma-

2008 1160 2177 1229 riam,
2212 1161 2564 1232 Ampierum,
2595 1162 2876 1217 Sanctum
2910 1164 3277 1235 Gregorium,
3332 1165 3653 1219 admodum

2010 1250 2272 1304 munitas
2302 1255 2357 1305 et
2388 1252 2697 1323 praeruptis
2729 1252 3037 1323 impositas
3061 1254 3219 1308 saxis
3242 1270 3425 1320 arces,
3480 1253 3655 1324 {ipla—

2009 1338 2248 1408 sphario
2276 1355 2428 1411 stepe
2459 1356 2627 1411 opem
2663 1340 2736 1395 iis
2766 1340 2907 1394 dum
2960 1347 3447 1412 oppugnarentur
3506 1344 3656 1398 ferre

2009 1433 2236 1493 conato,
2262 1444 2606 1499 semperque
2629 1432 2796 1483 victo.
2831 1430 2971 1484 Inde
3004 1431 3075 1484 ad
3111 1430 3417 1485 castellum
3460 1431 3652 1486 Cheli-

2010 1516 2253 1569 donium
2287 1518 2549 1584 veniunt,
2602 1519 2781 1572 silum
2840 1519 2895 1572 in
2954 1519 3237 1589 praecipiti
3298 1520 3445 1574 colle
3494 1521 3651 1575 haud

2008 1604 2179 1675 longe
2212 1622 2241 1659 a
2273 1606 2457 1659 Tibio.
2494 1607 2548 1660 [d
2582 1621 2713 1660 cum
2738 1606 2885 1661 vallo
2912 1607 3182 1678 fossaque
3233 1608 3655 1665 circumvenis-

2010 1692 2474 1758 sent,obsidione
2504 1711 2709 1766 capere
2746 1696 3081 1761 intendunt,
3133 1698 3287 1766 quod
3316 1698 3441 1766 jam
3502 1715 3650 1768 prae-

2011 1782 2284 1837 sidiarios
2318 1800 2407 1837 res
2461 1784 2530 1837 ad
2594 1784 2809 1838 victum
2851 1786 3189 1839 necessariae
3236 1786 3658 1857 destituebant,

253 1882 325 1949 τῷ
382 1850 619 1953 βασιλεῖ’,
680 1877 708 1930 6
769 1877 865 1948 μὶν
923 1875 1197 1939 Νικόλαος
1251 1850 1343 1930 και
1392 1878 1419 1930 6
1467 1850 1891 1953 Ἰασίτηςάφαι-

2022 1879 2205 1935 subita
2233 1880 2536 1934 obsidione
2571 1888 2889 1951 prseventos
2923 1898 2993 1936 ne
3021 1899 3222 1937 earum
3256 1883 3481 1954 cOpiam
3541 1885 3656 1939 im-

254 1971 458 2042 ροῦνται
520 1965 615 2027 τὰς
670 1964 869 2039 ἀρχὰς,
924 1966 1369 2040 προχειρίζονται
1432 1963 1487 2020 δὲ
1522 1965 1637 2020 ἀντὶ
1674 1966 1766 2037 μὶν
1800 1970 1897 2019 τοῦ

251 2054 473 2113 Ἰασίτου
535 2052 660 2124 δοὺξ
717 2050 954 2129 Ἰϐηρίας
1011 2056 1038 2108 6
1079 2056 1449 2126 Κεκαυμίνος,
1506 2055 1621 2109 ἀντὶ
1684 2052 1740 2109 δὲ
1807 2059 1901 2109 τοῦ

255 2143 526 2198 Νικολάου
603 2144 901 2217 στρατηγὸς
975 2142 1327 2219 αὐτοκράτωρ
1418 2149 1815 2205 Κωνσταντῖνος
1874 2145 1901 2198 6

254 2239 348 2301 τῆς
406 2229 661 2307 μεγάλης
718 2231 978 2306 ἑταιρείας
1037 2229 1248 2307 ὂίρχων,
1302 2233 1566 2307 εὐνοῦχος
1598 2229 1902 2306 ἄνθρωπος,

258 2330 313 2385 ἐκ
369 2334 703 2404 Σαρακηνῶν
752 2326 927 2385 ἕλκων
983 2331 1044 2384 τὸ
1090 2329 1238 2403 γένος
1292 2331 1381 2385 καὶ
1437 2335 1514 2402 τῷ
1549 2329 1761 2404 βασιλεῖ
1807 2331 1905 2385 ὑπ-

258 2421 526 2493 ηρετήσας
584 2420 691 2491 πρὸ
757 2426 857 2487 τῆς
919 2418 1197 2494 βασιλείας
1247 2419 1337 2473 καὶ
1390 2418 1566 2472 πίστιν
1609 2423 1792 2492 τηρῶν
1852 2418 1903 2472 ές

258 2506 414 2562 αὐτόν
466 2506 522 2562 οἵ
553 2505 619 2577 δὴ
666 2508 755 2562 καὶ
800 2509 937 2562 κατὰ
967 2508 1152 2584 χώραν
1204 2507 1491 2583 γενόμενοι
1541 2508 1753 2568 καὶτὰς
1813 2505 1905 2560 δυ-

258 2598 443 2670 νάμεις
495 2597 914 2671 συνηθροικότες
988 2594 1144 2670 ἔργου
1225 2594 1463 2671 εἷ’χοντο.
1527 2597 1622 2649 Καὶ
1678 2599 1745 2669 τῇ
1807 2596 1901 2667 μὲν

258 2685 413 2740 πόλει
444 2689 545 2739 τοῦ
574 2680 784 2756 Τιϐίου,
815 2684 937 2753 ἥτις
966 2688 1029 2753 ἧν
1062 2690 1156 2738 τοῦ
1199 2686 1400 2747 παντὸς
1459 2679 1641 2747 ἔθνους
1704 2684 1903 2760 μητρό-

258 2774 440 2843 πολις,
489 2770 824 2847 προσϐαλεῖν
872 2774 974 2828 οὐκ
1020 2770 1333 2842 ἠθέλησαν,
1382 2774 1787 2846 ἀποπειρῶνται
1847 2770 1904 2826 δὲ

258 2865 333 2935 [Ρ.
362 2864 490 2936 764]
550 2866 659 2916 τῶν
712 2860 921 2916 λοιπῶν
982 2861 1253 2937 φρουρίων
1311 2866 1416 2914 τῶν
1473 2860 1570 2915 ὅσα
1617 2866 1694 2932 τῷ
1739 2860 1904 2915 Ἀνίω

263 2952 562 3005 ὑπόκειται.
625 2951 723 3005 Καὶ
769 2951 981 3025 αἱροῦσι
1019 2950 1113 3022 μὶν
1169 2951 1269 3019 τὴν
1307 2951 1496 3024 Ἀγίαν
1558 2949 1766 3021 Μαρίαν
1814 2949 1903 3002 καὶ

260 3040 318 3093 τὸ
344 3038 642 3113 λεγόμενον
678 3037 911 3112 Ἀμπίερ
956 3038 1044 3091 καὶ
1073 3038 1163 3092 τὸν
1200 3038 1382 3113 Ἀγιον
1424 3037 1744 3113 Γρηγόριον,
1780 3034 1901 3090 λίαν

262 3127 459 3200 ἐρυμνά
487 3126 578 3180 καὶ
628 3127 955 3201 ἀπόκρημνα
1002 3124 1348 3200 ὀχυρώματι,
1407 3129 1503 3178 τοῦ
1542 3122 1901 3200 Ἀπλησφάρη

2014 1974 2329 2040 portarent.
2371 1970 2753 2042 Fuissentque
2784 1987 2849 2025 eo
2882 1970 3073 2042 potiti,
3107 1971 3215 2026 nisi
3242 1972 3300 2025 in
3350 1971 3660 2027 Occidente

2017 2063 2252 2129 repente
2286 2058 2510 2129 patricii
2548 2060 2756 2114 Leonis
2772 2060 3023 2115 Tornicii
3050 2060 3364 2115 exarsisset
3391 2061 3658 2126 defectio,

2016 2147 2073 2200 Is
2106 2148 2217 2201 Leo
2251 2164 2381 2201 cum
2417 2148 2664 2202 lberiam
2697 2150 3051 2219 gubernaret
3078 2149 3356 2204 affectata:
3402 2149 3661 2222 tyranni-

2018 2237 2143 2290 dem
2204 2242 2535 2303 accusatus,
2598 2238 2944 2308 magistratu
3027 2237 3316 2309 spoliatus
3376 2253 3661 2308 rasusque

2015 2325 2191 2378 vitam
2227 2326 2606 2379 monasticam
2634 2342 2801 2396 agere
2825 2325 3034 2395 jussus
3066 2333 3207 2380 erat.
3270 2327 3395 2380 Non
3446 2326 3664 2381 medio-

2016 2412 2191 2467 criter
2219 2419 2411 2467 autem
2445 2414 2635 2467 ferens
2666 2413 3106 2482 contumeliam,
3136 2414 3359 2469 occulte
3395 2432 3459 2469 ac
3519 2432 3661 2487 pau-

2016 2500 2179 2555 latim
2214 2502 2391 2556 duces
2427 2503 2523 2572 qui
2550 2502 2925 2572 Adrianopoli
2958 2510 3125 2557 erant
3155 2508 3432 2573 corrupit,
3467 2505 3567 2573 qui
3598 2508 3657 2558 et

2017 2589 2126 2661 ipsi
2159 2591 2537 2659 contemptim
2571 2591 2643 2644 ab
2678 2591 3029 2661 imperatore
3064 2592 3243 2645 habiti
3283 2592 3400 2646 otio
3463 2602 3658 2663 torpe-

2016 2680 2173 2733 bant.
2210 2683 2427 2733 Horum
2486 2680 2695 2734 deinde
2743 2684 2798 2733 et
2884 2696 3125 2734 suorum
3196 2680 3658 2735 necessariorum

2018 2791 2192 2845 opera
2218 2774 2432 2829 milites
2451 2792 2682 2847 quoque
2724 2774 2833 2830 sibi
2861 2775 3151 2836 conciliat,
3178 2774 3275 2846 qui
3300 2776 3467 2830 otiosi
3502 2777 3655 2833 562

2016 2864 2322 2934 degebant.
2358 2870 2413 2919 et
2451 2870 2736 2936 quotquot
2769 2865 2975 2934 praedis
3007 2881 3072 2917 ac
3104 2864 3534 2936 direptionibus
3565 2866 3660 2920 dc-

2013 2949 2839 3023 lectabantur.Contractaque
2873 2969 3080 3023 magna
3107 2969 3306 3017 manu,
3335 2954 3657 3024 imperator

2015 3039 2306 3094 salutatus
2338 3056 2470 3095 cum
2512 3041 2787 3095 omnibus
2842 3041 2966 3095 suis
3016 3041 3201 3111 copiis
3253 3045 3517 3096 actutum
3585 3043 3656 3096 ad

2015 3130 2218 3181 urbem
2255 3130 2657 3197 proﬁciscitur.
2690 3124 3026 3199 Imperator,
3051 3129 3145 3199 qui
3197 3146 3383 3201 neque
3431 3130 3500 3184 ad
3564 3146 3657 3185 re-

260 3194 530 3276 πολλάκις
597 3194 1075 3290 ἐπιχειρήσαντοςῄ
1106 3194 1371 3290 βοηθῆσαι
1431 3213 1616 3274 αὐτοῖς
1674 3194 1902 3285 πολιορ-

2022 3194 2345 3271 sistendum
2388 3219 2531 3271 satis
2563 3194 2897 3271 habebatin
2932 3194 3200 3288 promptu
3238 3194 3512 3286 militum,
3556 3234 3660 3272 nc-

262 3302 575 3376 κουμένοις,
610 3303 697 3357 καὶ
734 3301 1055 3366 τοσαυτάκις
1107 3302 1453 3371 ἡττηθέντος.
1504 3302 1800 3375 Ἓρχονται
1853 3297 1910 3354 δὶ

261 3393 347 3446 καὶ
396 3392 485 3447 ἐπὶ
532 3393 595 3446 τὸ
644 3391 899 3467 φρούριον
947 3392 1007 3445 τὸ
1055 3390 1391 3462 καλούμενον
1424 3386 1762 3454 Χελιδόνιον,
1823 3387 1909 3442 ἐπὶ

266 3482 456 3554 βουνοῦ
534 3501 592 3534 τε
666 3481 1026 3551 ἀποκρήμνου
1104 3477 1390 3554 ἱδρυμένον
1448 3479 1538 3533 καὶ
1598 3478 1661 3532 οὐ
1720 3477 1910 3553 πόῤῥω

258 3569 505 3642 κείμενον
560 3572 657 3622 τοῦ
712 3563 926 3622 Τιϐίου”
992 3568 1079 3621 καὶ
1133 3566 1549 3639 κυκλωσάμενοι
1607 3571 1767 3620 τοῦτο
1815 3568 1908 3619 τά·-

261 3678 416 3734 ιρροις
469 3657 562 3712 γαὶ
621 3656 817 3732 χάραξι
880 3654 968 3711 διὰ
996 3653 1348 3733 προσεδρείας
1406 3656 1699 3729 ἠπείγοντο
1735 3675 1911 3729 παρα-

260 3749 577 3817 στήσασθαι·
639 3748 727 3799 καὶ
777 3749 878 3821 γάρ
938 3743 1003 3813 δὴ
1035 3746 1124 3799 καὶ
1157 3744 1436 3813 ἐσπάνιζον
1467 3737 1583 3799 τῶν
1607 3743 1909 3818 ἀναγκαίων

260 3837 309 3889 οἱ
366 3832 500 3889 εἶ’σω
558 3838 655 3888 τοῦ
709 3834 950 3908 τείχους,
1011 3836 1086 3905 μὴ
1148 3832 1441 3910 φθάσαντες
1501 3831 1911 3905 εἰσκομίσασθαι

259 3935 323 3987 τά
352 3929 637 4002 ἐπιτήδεια
695 3929 783 3985 διὰ
809 3932 872 3986 τὸ
910 3938 1010 4000 τῆς
1070 3926 1393 4006 προσϐολῆς
1426 3930 1749 4006 ὀξόρῥοπον.
1811 3929 1914 3986 Καὶ

262 4024 671 4096 παρεστήσαντο
714 4019 774 4074 ἂν
822 4019 910 4073 καὶ
964 4024 1147 4092 τοῦτο,
1207 4019 1255 4073 εἷ
1306 4020 1381 4092 μή
1441 4016 1724 4093 αἶφνιδίως
1754 4021 1788 4087 ἡ
1818 4023 1914 4072 τοῦ

265 4110 559 4185 πατρικίου
609 4110 840 4172 Λέοντος
888 4112 982 4162 τοῦ
1022 4109 1306 4183 Τορνικίου
1337 4108 1388 4177 ἐξ
1421 4108 1642 4182 έσπέρας
1698 4106 1912 4183 ἀνήφθη

266 4197 614 4253 ἀποστασία.
686 4197 858 4259 Οὗτος
913 4197 1012 4272 γὰρ
1071 4201 1388 4271 στρατηγῶν
1449 4194 1501 4250 ἐν
1562 4191 1770 4268 Ἰϐηρίᾳ
1824 4195 1914 4249 καὶ

266 4282 584 4356 διαϐληθεὶς
613 4286 687 4346 ὡς
718 4290 1015 4360 τυραννιῶν
1044 4292 1146 4354 τῆς
1202 4306 1261 4339 τε
1312 4286 1489 4361 ἀρχῆς
1546 4281 1915 4359 παραστίλλεο

597 4376 836 4449 μοναχὸς
908 4374 1253 4446 ἀποκείρεται
1318 4373 1408 4427 καὶ
1467 4372 1542 4434 είς
1597 4374 1694 4441 τὴν
1750 4371 1912 4427 πόλιν

265 4464 454 4539 ἀχθεὶς
513 4462 659 4517 οἶκοι
697 4462 873 4535 μένειν
907 4463 959 4517 ἐν
994 4459 1444 4534 Ἀδριανουπόλει
1504 4461 1914 4535 προστάττεται.

261 4397 347 4429 ται
423 4375 515 4430 καὶ

2019 3322 2131 3375 que
2158 3305 2368 3359 civium
2403 3322 2537 3376 erga
2570 3322 2630 3359 se
2664 3306 2793 3359 ﬁdei
2829 3322 2893 3359 ac
2937 3305 3344 3359 benevolentiae
3395 3322 3456 3360 se
3507 3322 3663 3361 com-

2020 3396 2249 3447 mittere
2281 3394 2552 3459 audebat,
2589 3394 2644 3446 in
2681 3394 2921 3448 Iberiam
2961 3393 3231 3448 nuntium
3264 3394 3432 3464 equis
3463 3395 3661 3465 dispo-

2020 3482 2149 3537 sitis
2184 3482 2363 3536 mittit
2394 3483 2463 3536 ad
2498 3483 3213 3550 Constantinum,omissis
3236 3499 3362 3554 quas
3396 3486 3450 3538 in
3472 3483 3662 3537 mani-

2025 3574 2132 3625 bus
2164 3577 2350 3638 erant,
2377 3571 2676 3625 celerrime
2700 3572 2768 3625 ad
2804 3571 3004 3642 Cpolin
3038 3588 3168 3625 cum
3196 3572 3445 3627 exercitu
3470 3571 3666 3626 venire

2015 3660 2254 3729 jubens.
2294 3661 2346 3713 Is
2382 3661 2633 3730 acceptis
2702 3658 2933 3726 litteris,
2991 3677 3329 3732 quanquam
3407 3662 3657 3730 jamjarn

2024 3748 2313 3820 petiturus
2346 3747 2683 3803 Chelidonio
2733 3748 3057 3818 videbatur,
3111 3748 3303 3804 soluta
3356 3750 3662 3805 obsidione

2022 3853 2157 3889 cum
2186 3835 2546 3907 Aplespharo
2580 3852 2779 3906 pacem
2808 3836 3111 3907 fmdusque
3142 3836 3663 3906 componit,jurato

2024 3930 2079 3979 et
2112 3925 2257 3979 diris
2287 3924 2460 3978 etiam
2494 3924 2551 3977 ni
2586 3925 2873 3994 promissa
2906 3924 3175 3995 impleret
3225 3924 3665 3995 imprecationi-

2026 4014 2134 4067 bus
2157 4029 2216 4067 se
2244 4013 2576 4077 devovente,
2604 4028 2665 4065 se
2707 4013 2764 4065 in
2802 4012 2912 4065 tide
2966 4011 3332 4083 imperatoris
3391 4028 3667 4082 perman-

2024 4118 2229 4157 surum
2245 4118 2432 4172 neque
2448 4100 2766 4172 quidquam
2783 4105 2985 4155 contra
3000 4101 3286 4155 Romanos
3303 4101 3640 4155 moliturum
3654 4143 3666 4156 .

2030 4190 2130 4245 His
2162 4191 2241 4244 ita
2300 4190 2464 4257 actis,
2500 4190 2567 4243 ad
2636 4190 2838 4243 urbem
2898 4206 3031 4243 cum
3092 4189 3344 4243 exerctiu
3397 4189 3663 4244 festinat.

2025 4290 2142 4345 Hoc
2175 4291 2346 4344 modo
2377 4288 2781 4343 Chelidonium
2810 4288 3277 4359 liberatumese
3306 4306 3436 4343 cum
3470 4288 3673 4343 Orien-

2028 4378 2170 4432 tales
2228 4377 2485 4448 legiones
2520 4382 2825 4447 totumque
2902 4377 3217 4431 exercitum
3307 4378 3669 4441 adduxisset,

2019 4471 2192 4538 jussu
2227 4465 2596 4536 imperatoris
2658 4466 2858 4520 urbem
2892 4465 3147 4535 intravit,
3181 4466 3469 4521 exercitus
3502 4468 3670 4536 parte

267 4559 351 4621 Μὴ
411 4551 641 4625 ἐνεγκὼν
704 4548 760 4604 δὶ
817 4550 1061 4627 εδφόρως
1093 4551 1160 4604 τὰ
1192 4550 1266 4610 εἰς
1297 4548 1456 4603 αὐτὸν
1482 4550 1746 4623 γεγονότα
1775 4548 1902 4602 ἀνια·

2028 4558 2085 4610 in
2108 4555 2416 4611 Thraciam
2462 4560 2879 4624 transportata,
2945 4556 3012 4608 ad
3058 4554 3462 4625 Chrysopolin,
3538 4568 3667 4624 quas

268 4641 350 4713 ρὲ,
406 4638 582 4714 λάθρα
623 4638 714 4693 καί
756 4639 891 4693 κατά
941 4640 1134 4713 μικρὸν
1182 4638 1311 4700 τοὺς
1360 4637 1412 4693 ἰν
1473 4635 1915 4712 Ἀδριανουπόλει

266 4730 530 4803 πρότερον
599 4729 939 4782 ὑποποιεῖται
1016 4726 1379 4802 στρατηγοὺς,
1460 4726 1651 4781 ὁπόσοι
1723 4722 1918 4800 ἔτυχον

269 4814 414 4877 ὄντες
472 4815 886 4891 παρεωραμένοι
937 4814 1025 4869 καὶ
1084 4816 1347 4889 ἄπρακτοι
1384 4831 1396 4844 ⁸
1466 4811 1555 4868 διὰ
1611 4811 1668 4868 δὲ
1711 4812 1920 4867 τούτων

269 4904 356 4959 καὶ
412 4909 524 4959 τῶν
586 4903 748 4958 αὐτοῦ
799 4908 1065 4979 συγγενῶν
1128 4902 1456 4979 ὑποφθείρας
1504 4902 1594 4956 καὶ
1643 4901 1771 4963 τοὺς
1804 4902 1921 4956 ὅσοι

267 4998 374 5048 τῶν
435 4990 823 5050 Μακεδονικῶν
875 4993 1053 5067 ἦρχον
1107 4990 1399 5066 ταγμάτων
1456 4991 1542 5044 καὶ
1600 4988 1919 5065 Θρᾳκικῶν,

268 5084 356 5137 καί
415 5083 543 5142 τοὺς
602 5079 722 5135 ὅσοι
780 5079 1077 5155 ἐσχόλαζον
1136 5078 1466 5153 στρατιώτας
1525 5077 1768 5139 καὶτοὺς
1805 5077 1924 5133 ὅσοι

275 5184 393 5241 ταῖς
455 5177 775 5248 λεηλασίαις
833 5177 920 5231 καὶ
977 5183 1095 5239 ταῖς
1157 5174 1477 5251 διαρπαγαῖς
1536 5174 1785 5252 ἔχαιρον,
1836 5176 1925 5230 καὶ

276 5272 441 5344 χεῖρα
498 5266 687 5335 ἷκανὴν
738 5264 1158 5337 συστησάμενος,
1220 5263 1597 5339 ἀναγορεύεται
1654 5261 1927 5339 βασιλεὺς,
1978 5304 1983 5307 -

279 5358 367 5411 καὶ
423 5358 631 5410 ἅπαντα
686 5354 778 5409 τὸν
840 5355 927 5408 ὑπ’
977 5354 1134 5409 αὐτὸν
1191 5353 1405 5430 ἀγείρας
1466 5354 1597 5408 λαὸν
1659 5353 1779 5425 ὀξὺς
1810 5352 1925 5407 ἐπι-

284 5444 527 5522 φαίνεται
584 5446 653 5516 τῇ
688 5439 949 5518 βασιλίδι,
980 5447 1077 5496 τοῦ
1113 5441 1378 5517 βασιλέως
1413 5443 1553 5514 μήτε
1581 5440 1760 5495 ἱκανόν
1797 5440 1927 5497 λαὸν

288 5534 517 5611 ἔχοντος
572 5534 708 5608 πρὸς
765 5532 1174 5609 ἀντιπαράταξιν
1212 5536 1350 5606 μήτε
1409 5531 1757 5594 πιστεύοντος
1812 5538 1930 5595 τοῖς

289 5623 543 5684 πολίταις
574 5623 647 5683 ὡς
679 5618 887 5677 εὔνοιαν
913 5622 1003 5677 καὶ
1034 5623 1215 5677 πίστιν
1279 5620 1600 5699 φυλάξουσιν
1634 5620 1686 5683 ἂς
1744 5621 1931 5681 αὐτόν.

2032 4644 2177 4699 mari
2210 4644 2584 4697 interﬂuente
2615 4642 2777 4713 Cpoli
2810 4643 3081 4713 opposita
3119 4650 3226 4708 est,
3261 4643 3377 4697 alia
3410 4643 3481 4697 ad
3514 4642 3670 4713 Aby-

2030 4735 2170 4788 dum
2203 4749 2328 4802 quae
2362 4731 2417 4784 in
2459 4729 2847 4801 Hellesponto.
2887 4735 3093 4785 Verum
3127 4731 3245 4785 haec
3291 4736 3490 4802 postea
3521 4734 3673 4784 tem-

2032 4822 2188 4892 poris
2220 4826 2367 4875 acta.
2425 4819 2733 4874 Tornicius
2782 4824 2914 4875 ante
2944 4819 3310 4874 Constantini
3362 4822 3674 4873 adventum

2035 4927 2233 4965 mense
2264 4908 2618 4979 Septembri,
2650 4907 2969 4962 indictione
3004 4910 3208 4978 prima,
3244 4908 3579 4978 imperator,
3615 4912 3679 4962 ut

2035 4996 2610 5059 diximus,sa1utalus
2645 4997 2795 5051 563
2821 4998 2974 5051 dicto
2999 4998 3172 5052 citius
3194 4998 3394 5068 Cpolin
3427 4996 3676 5066 obsidet,

2037 5113 2281 5168 sperans
2340 5111 2402 5147 se
2456 5093 2653 5148 statim
2727 5110 2793 5148 ea
2854 5094 3200 5164 potiturum,
3254 5096 3407 5162 quod
3458 5093 3682 5150 sciebat

2039 5187 2448 5256 imperatorem
2486 5180 2769 5235 militibus
2800 5182 3063 5237 destitui.
3090 5184 3268 5250 Igitur
3298 5183 3505 5240 castris
3548 5200 3681 5252 pro-

2037 5275 2191 5328 xime
2232 5270 2653 5326 monasterium
2687 5272 3113 5341 Anargyrorum
3172 5290 3202 5326 e
3253 5272 3487 5343 regione
3544 5271 3679 5326 Bla-

2040 5364 2389 5416 chernarum
2427 5358 2573 5424 fixis,
2610 5359 2865 5428 primum
2914 5361 3100 5414 verbis
3142 5378 3209 5415 ac
3241 5359 3681 5432 pollicitationi-

2043 5454 2148 5506 bus
2177 5448 2405 5504 animos
2436 5445 2648 5500 civium
2681 5449 3118 5517 tentat,deiude,
3146 5450 3375 5505 nemine
3409 5448 3681 5504 audiente

2040 5538 2379 5609 ipsum,vim
2416 5535 2722 5609 parat.Sed
2740 5543 2797 5589 et
2829 5537 3144 5609 imperator
3181 5541 3336 5595 cives
3368 5536 3679 5609 populum-

2042 5644 2153 5699 que
2181 5631 2391 5694 armat,
2424 5625 2616 5695 iisque
2649 5640 2949 5681 murorum
2978 5629 3374 5684 defensionem
3411 5625 3679 5682 commit-
