3972 6146
262 308 383 370 295

1622 291 1942 355 GEORGII
1986 292 2323 355 GEDRENI

3554 308 3670 369 296

261 441 474 509 tit;et
506 437 721 495 milites
747 438 848 510 qui
905 442 1033 493 tum
1094 436 1338 491 aderant
1398 431 1663 501 aliosque
1721 426 1872 499 ipsiu

2026 425 2132 510 Καὶ
2205 421 2295 480 διὰ
2362 431 2524 483 τοῦτο
2598 428 2825 507 ἅγγελος
2881 433 2934 495 ἰς
3011 435 3104 490 τὸν
3160 442 3562 495 Κωνσταντῖνον
3611 438 3665 493 ἐν

249 530 423 598 jussu
456 546 488 584 a
521 528 886 600 principibus
901 529 1143 581 senatus
1165 521 1542 590 armatos,qui
1570 517 1724 573 ultra
1746 514 1905 571 mille

2015 506 2228 587 Ἰϐηρίᾳ
2301 515 2569 590 πέμπεται
2649 516 2936 593 δημοσίοις
3009 519 3212 602 ἔποχος
3276 525 3470 591 ἵπποις
3534 528 3669 602 μετὰ

260 637 373 674 non
425 621 614 681 erant,
685 633 785 686 per
846 620 1070 687 portam
1151 612 1639 667 Blachernensem
1709 602 1878 661 educi

2014 604 2355 693 γραμμάτων
2451 605 2749 681 βασιλικῶν
2810 609 3144 668 κελευόντων
3201 619 3310 670 τῶν
3370 616 3422 671 έν
3477 618 3664 693 ’χερσὶν

256 716 430 780 atque
462 708 737 761 adversos
764 705 914 759 hosti
963 702 1287 767 constituit,
1315 699 1461 754 vallo
1492 695 1902 751 tantummodo

250 794 779 867 interposito,quod
815 793 1100 864 impetum
1126 788 1472 845 irruentium
1511 785 1768 840 hostium
1814 799 1899 838 re-

252 890 600 941 moraretur.
637 882 807 955 Atqui
870 882 1027 937 intra
1079 884 1275 950 portas
1309 895 1371 933 se
1398 875 1697 932 continere
1746 876 1802 927 et
1832 872 1903 927 de

250 975 436 1029 muris
466 972 744 1043 repellere
779 969 1112 1025 adorientes
1149 966 1502 1037 prastabat;
1533 967 1590 1018 et
1621 960 1903 1032 magister

245 1071 503 1134 Argyrus
541 1060 724 1116 Italus
759 1060 1135 1114 vehementer
1165 1054 1583 1126 quiritabatur,
1619 1067 1683 1105 ac
1714 1049 1897 1118 impe-

243 1158 493 1207 ratorem
528 1149 877 1204 hortabatur
909 1162 980 1200 ne
1013 1162 1075 1200 se
1104 1149 1269 1199 extra
1324 1148 1522 1213 portas
1583 1140 1897 1200 emitteret,

248 1258 389 1297 neve
420 1255 554 1295 cum
580 1239 804 1293 favente
835 1233 1214 1291 multitudine
1246 1235 1302 1287 et
1336 1228 1559 1285 bellicis
1594 1225 1899 1281 laboribus

241 1336 481 1386 assueta
519 1326 995 1397 congrederetur,
1018 1322 1144 1393 ipse
1194 1321 1448 1391 stipatus
1476 1317 1686 1388 exigua
1717 1330 1897 1370 manu

242 1419 502 1473 tironum
536 1414 792 1484 bellique
826 1411 1231 1481 imperitorum
1266 1407 1595 1462 hominum.
1638 1404 1719 1459 Ne
1750 1404 1894 1473 quid

240 1511 436 1561 tamen
470 1504 777 1569 obtineret,
835 1498 1253 1554 Constantinus
1309 1494 1631 1550 Leichudes
1683 1492 1893 1558 effecit,

243 1600 449 1650 auctor
487 1592 730 1649 alterius
762 1588 990 1645 consilii
1022 1596 1075 1643 et
1105 1586 1161 1641 in
1188 1601 1422 1641 summa
1448 1583 1601 1654 apud
1634 1581 1891 1652 impera-

241 1688 426 1739 torem
451 1681 817 1737 auctoritate.
846 1679 1200 1747 lmperatore
1231 1690 1365 1729 cum
1398 1672 1524 1729 suis
1576 1671 1687 1726 sub
1757 1687 1888 1724 ves-

2015 692 2277 767 ἀφὲμενον
2335 692 2509 769 ἔργων
2558 696 2837 773 ἀφικέσθαι
2897 701 2971 762 ὡς
3028 702 3200 777 τάχος
3264 706 3398 776 μετὰ
3432 711 3539 761 τῶν
3574 704 3665 762 δυ-

2013 782 2226 853 νάμεων
2282 779 2334 845 ἐς
2384 786 2485 854 τήν
2548 786 2804 862 βασιλίδα
2839 834 2850 846 .
2916 791 3210 865 Δεξάμενος
3273 791 3321 848 δ’
3378 796 3543 858 οὗτος
3600 798 3668 851 τὰ

2011 868 2327 961 γράμματα,
2361 874 2562 961 ,καίτοι
2594 874 2645 930 έν
2701 879 2887 953 χερσὶν
2941 876 3087 955 ἔχων
3114 883 3176 937 τὸ
3208 883 3492 961 φρούριον,
3545 882 3665 940 λύει

2016 959 2111 1052 μὶν
2267 960 2632 1052 πολιορκίαν,
2682 966 2960 1023 σπένδεται
3021 968 3078 1025 δὶ
3134 959 3228 1043 τῷἠ
3273 973 3663 1052 Ἀπλησφάρῃ,

2011 1048 2448 1134 άσφαλισάμενος
2506 1052 2665 1108 αὐτὸν
2725 1056 2879 1131 ἀραῖς
2930 1058 3019 1113 καὶ
3078 1055 3264 1134 ὅρκοις
3322 1062 3396 1123 ὡς
3449 1048 3661 1118 εὔνοιαν

2011 1132 2325 1229 διαφυλάξει
2380 1145 2458 1211 τῷ
2511 1141 2724 1216 βασιλεῖ
2759 1146 2847 1199 καὶ
2891 1132 3151 1203 οὐδέποτε
3183 1148 3470 1222 μελετήσει
3521 1156 3659 1229 φαῦ-

2009 1224 2103 1280 λον
2137 1228 2273 1282 κατὰ
2317 1229 2630 1303 Ῥωμαίων.
2686 1230 2843 1290 Οὕτω
2875 1231 2932 1289 δὲ
2962 1237 3163 1309 πράξας
3221 1237 3310 1293 καὶ
3367 1240 3464 1302 τὰς
3496 1224 3657 1295 δυνά-

2011 1336 2130 1404 μεις
2178 1312 2465 1373 ἀναλαϐὼν
2522 1318 2830 1386 σπουδαίως
2876 1325 3132 1400 ἠπείγετο
3182 1327 3318 1402 πρὸς
3354 1330 3455 1397 τὴν
3512 1330 3659 1404 βασι-

2008 1401 2150 1459 λιδα.
2189 1405 2291 1460 Καὶ
2331 1406 2393 1460 τὸ
2429 1408 2521 1479 μὲν
2551 1406 2866 1465 Χελιδόνιον
2922 1417 3113 1468 τοῦτον
3142 1401 3233 1468 τὸν
3281 1416 3485 1490 τρόπον
3513 1401 3655 1473 ’δια-

2006 1490 2279 1569 διδράσκει
2335 1497 2434 1564 τὴν
2468 1494 2691 1551 ἅλωσιν·
2751 1501 2779 1554 ὁ
2811 1496 2868 1555 δὶ
2912 1508 3311 1567 Κωνσταντῖνος
3367 1507 3501 1579 μετὰ
3546 1511 3658 1562 τῶν

2004 1582 2152 1654 ἒῴων
2210 1583 2499 1657 ταγμάτων
2546 1587 2635 1641 καὶ
2667 1590 2865 1652 παντὸς
2923 1595 3019 1645 τοῦ
3087 1598 3317 1667 στρατοῦ
3375 1592 3656 1660 κατελθὼν

2002 1669 2160 1733 αὐτὸς
2224 1673 2319 1744 μὲν
2370 1671 2587 1729 εἷ’σεισιν
2639 1675 2715 1739 εἷς
2772 1680 2870 1748 τήν
2938 1678 3216 1754 βασιλίδα,
3253 1684 3315 1737 τὸ
3349 1680 3407 1737 δὲ
3436 1683 3656 1753 πλῆθος

242 1788 443 1844 peram
475 1786 730 1843 egresso,
767 1766 1081 1839 perduellis
1112 1781 1251 1819 suos
1283 1768 1470 1817 armat
1496 1766 1552 1815 et
1591 1761 1651 1815 in
1701 1761 1880 1829 impe-

2001 1762 2136 1858 ἅπαν
2152 1767 2484 1858 ιπεραιοῖξται
2532 1767 2815 1839 προστάξει
2873 1772 2969 1822 τοῦ
3001 1767 3272 1845 βασιλέως
3306 1772 3381 1836 είς
3411 1772 3652 1847 Θρᾴκην,

239 1862 488 1916 ratorios
522 1876 734 1931 magno
782 1873 915 1913 cum
942 1856 1163 1926 impetu
1195 1853 1386 1920 irruit,
1419 1849 1690 1921 oculique
1718 1850 1880 1919 i564

1995 1850 2056 1903 τὸ
2112 1850 2209 1922 μὲν
2264 1851 2400 1906 κατὰ
2451 1853 2551 1922 τὴν
2603 1853 2971 1930 ἀντίπορομον
3018 1862 3087 1931 τῇ
3145 1858 3387 1935 βασιλίδι
3437 1863 3651 1936 Χρυσὸ·

244 1953 544 2005 momento
572 1961 955 2020 perrumpens
979 1943 1195 1998 vallum
1218 1958 1317 1997 eos
1352 1937 1761 2012 pellit.Horum
1788 1937 1883 1992 alii

241 2038 397 2110 capti
419 2042 577 2099 sunt,
612 2036 712 2091 alii
748 2035 1052 2106 fugientes
1082 2032 1141 2086 in
1172 2032 1389 2086 fossam
1446 2027 1574 2083 urbi
1632 2027 1886 2081 circum~

239 2129 437 2183 datam
472 2125 807 2180 inciderunt
836 2130 896 2178 et
927 2123 1137 2176 misere
1169 2117 1608 2191 perierunt.Sed
1651 2120 1707 2170 et
1736 2115 1887 2171 cives

243 2217 315 2271 de
347 2214 535 2270 muris
567 2213 846 2285 praecipiti
881 2213 1019 2283 fuga
1042 2227 1103 2266 se
1133 2207 1886 2281 proripuerunt.Profugere

239 2300 416 2361 etiam
449 2308 748 2378 portarum
778 2298 1295 2357 Blachernensium
1328 2296 1747 2364 custodes,non
1782 2297 1883 2350 ob-

234 2395 410 2465 jectis
468 2399 766 2465 portarum
798 2390 1000 2446 valvis.
1042 2389 1203 2453 Quod
1256 2387 1369 2442 nisi
1399 2385 1708 2442 Tornicius
1769 2386 1883 2442 fato

237 2484 447 2541 fuisset
468 2481 810 2553 impeditus,
842 2483 1109 2548 potuerat
1138 2479 1363 2546 absque
1392 2474 1515 2529 ullo
1565 2473 1763 2529 labore
1824 2474 1882 2528 in

234 2573 441 2627 urbem
475 2580 776 2643 penetrare
806 2585 870 2623 ac
904 2567 1214 2638 imperium
1242 2580 1545 2635 occupare.
1580 2568 1744 2617 Nunc
1787 2562 1882 2617 ille

236 2678 370 2717 cum
390 2660 662 2732 usquead
689 2660 901 2714 fossam
943 2672 1110 2710 muro
1149 2654 1478 2726 contiguam
1501 2652 1879 2724 pervenisset,

235 2751 306 2805 ab
340 2750 702 2820 insequendo
733 2745 978 2802 destitit.
1018 2745 1129 2798 lloc
1157 2743 1424 2797 animum
1486 2742 1881 2812 imperatoriis

236 2838 588 2893 reddidit.ut
616 2842 673 2891 et
706 2841 902 2906 portas
931 2836 1286 2902 occuparent
1314 2838 1371 2885 et
1426 2848 1727 2885 murorum
1777 2833 1880 2885 de-

235 2928 559 2982 fensionem
592 2926 975 2995 susciperent.
1010 2921 1172 2976 Haud
1209 2920 1386 2975 dnbie
1414 2924 1553 2974 tunc
1589 2921 1734 2975 Deus
1766 2921 1879 2973 im-

237 3020 563 3088 peratorem
592 3013 864 3082 servavit,
900 3029 972 3066 ne
1003 3010 1216 3081 sagitta
1244 3008 1696 3079 interficeretur,
1752 3026 1877 3080 quas

235 3104 293 3159 in
317 3103 512 3175 ipsum
543 3101 836 3158 emissain
870 3099 1186 3155 rotundum
1219 3098 1532 3164 cujusdam
1563 3097 1765 3153 famuli
1790 3115 1874 3153 ca-

234 3192 372 3264 pitis
404 3196 635 3263 tegmen
666 3194 758 3245 est
787 3188 996 3257 delata,
1030 3188 1182 3258 quod
1208 3191 1265 3241 et
1286 3185 1421 3240 huic
1452 3193 1509 3241 et
1539 3186 1877 3255 imperatori

236 3280 492 3336 salutare
524 3278 654 3334 fuit.
693 3279 766 3333 Ad
820 3276 973 3331 hunc
1006 3292 1140 3347 ergo
1174 3276 1410 3329 modum
1446 3275 1584 3329 urbs
1616 3276 1880 3345 proxima

238 3368 521 3441 periculo,
553 3368 625 3423 ab
656 3366 825 3422 hoste
858 3366 1042 3421 tamen
1077 3371 1246 3436 capta
1276 3379 1389 3419 non
1430 3367 1535 3418 est.
1571 3363 1879 3420 Tornicius

235 3474 369 3513 cum
404 3474 503 3528 per
533 3457 758 3526 aliquot
787 3454 910 3509 dies
944 3454 1002 3508 in
1033 3451 1241 3507 castris
1272 3451 1719 3513 haesisset.etab
1753 3452 1878 3521 ipso

240 3546 528 3617 paulatim
561 3547 630 3599 ad
667 3544 1077 3613 imperatorem
1104 3541 1471 3607 deﬁceretur,
1527 3540 1747 3595 veritus
1808 3558 1880 3596 ne

236 3634 324 3689 vel
359 3632 611 3689 universi
646 3633 717 3687 ab
749 3632 875 3702 ipso
905 3630 1225 3684 transirent
1248 3627 1334 3683 vel
1385 3628 1557 3682 etiam
1616 3645 1877 3700 compre-

240 3723 488 3778 hensum
520 3718 859 3793 imperatori
887 3718 1199 3788 traderent,
1217 3716 1426 3772 castris
1475 3716 1650 3772 motis
1700 3718 1878 3771 Arca-

238 3810 496 3882 diopolin
530 3817 684 3865 retro
715 3808 879 3873 abiit,
930 3806 1127 3877 ibique
1172 3821 1308 3861 cum
1364 3805 1589 3861 Joanne
1648 3809 1881 3860 Batatza

237 3904 430 3954 castra
466 3896 991 3968 posuit,Tbeodoro
1015 3895 1402 3965 Strabomyta,
1442 3893 1606 3965 Polys
1666 3894 1874 3948 Maria-

236 4004 428 4058 noque
460 3989 669 4047 Brana.
702 3984 1162 4041 Occidentalium
1198 3982 1489 4053 legionum
1527 3982 1772 4037 ducibus
1820 3986 1879 4036 et

238 4075 349 4133 sibi
378 4075 663 4148 sanguine
721 4073 1086 4145 propinquis,
1137 4072 1208 4125 ad
1272 4071 1598 4126 Rmdestum
1685 4087 1873 4142 oppu-

1995 1937 2157 1993 πολιν
2218 1941 2354 2013 (3|),
2406 1942 2467 1995 τὸ
2526 1939 2583 1996 δὶ
2635 1943 2769 1999 κατᾶ
2824 1946 2924 2013 τήν
2985 1945 3039 2001 ἐν
3100 1952 3179 2018 τῷ
3250 1947 3649 2023 Ἑλλησπόντῳ

1997 2022 2258 2085 ”Α6υδον.
2289 2027 2467 2086 Ἀλλᾶ
2524 2036 2683 2086 τοῦτο
2738 2034 2832 2105 μὶν
2894 2032 3139 2109 ὕστερον·
3200 2036 3326 2110 πρὶν
3375 2038 3409 2105 ἢ
3468 2035 3525 2093 δὶ
3552 2022 3650 2100 τὰς

1998 2112 2251 2189 δυνάμεις
2303 2115 2503 2184 ἐλθεῖν,
2564 2121 2592 2174 6
2622 2121 2911 2194 Τορνίκιος
2940 2124 3076 2177 κατὰ
3123 2125 3213 2179 τὸν
3277 2124 3651 2199 Σεπτὲμϐριον

2000 2211 2165 2277 μῆνα,
2222 2208 2321 2274 τῆς
2377 2214 2421 2261 α’
2477 2206 2870 2281 έπινεμήσεως,
2948 2210 3225 2287 βασιλεὺς,
3284 2215 3359 2276 ὡς
3419 2214 3647 2291 ὶλεχθη,

1994 2291 2321 2369 ἀναρρηθεὶς
2382 2301 2572 2359 θᾶττον
2630 2296 2665 2366 ἢ
2699 2296 2863 2374 λόγος
2916 2301 3015 2369 τήν
3076 2299 3330 2376 βασιλίδα
3361 2302 3650 2376 καταλαμ-

1994 2376 2164 2451 ϐάνει,
2219 2387 2300 2451 ΙΡ.
2355 2387 2479 2458 765]
2539 2383 2777 2455 ελπίζων
2846 2383 3096 2443 αὐτοϐοεί
3150 2390 3350 2461 ταύτην
3404 2392 3652 2466 αἱρήσειν

1994 2466 2085 2524 διὰ
2137 2472 2199 2525 τὸ
2260 2473 2335 2543 μή
2370 2472 2616 2548 εὐπορεῖν
2657 2476 2748 2529 τὸν
2797 2476 3022 2550 βασιλέα
3071 2475 3375 2551 δυνάμεων.
3411 2481 3511 2535 Καὶ
3540 2481 3646 2557 χά-

1990 2580 2129 2633 γακα
2170 2560 2479 2633 πηξάμενος
2516 2565 2837 2637 καταντικρὺ
2896 2570 3004 2620 τῶν
3066 2565 3433 2643 Βλαχερνῶν,
3497 2568 3645 2646 ἔγγι-

1993 2669 2089 2702 στα
2113 2656 2213 2717 τῆς
2246 2653 2418 2721 μονῆς
2450 2656 2559 2706 τῶν
2618 2652 2810 2727 Ἀγίων
2864 2655 3216 2731 Ἀναργύρων
3251 2660 3386 2731 (32),
3419 2664 3642 2735 πρῶτον

1992 2736 2181 2811 λόγοις
2238 2739 2325 2793 καὶ
2385 2739 2738 2817 ὑποσχέσεσιν
2807 2744 3136 2819 ἀπεπειρᾶτο
3213 2751 3323 2801 τῶν
3372 2746 3640 2816 πολιτῶν,

1994 2823 2226 2897 μηδενὸς
2260 2824 2317 2881 δὶ
2346 2830 2716 2903 προσέχοντος
2770 2832 2920 2902 αύτῷ
2950 2829 3059 2903 ⁴ἤδη
3095 2833 3184 2887 καὶ
3217 2826 3379 2909 ἔργου
3408 2833 3637 2904 ἥπτετο.

1991 2914 2092 2971 Καὶ
2142 2914 2301 2977 αὐτὸς
2345 2913 2402 2970 δὲ
2448 2918 2475 2971 ὁ
2511 2917 2764 2993 βασιλεὺς
2797 2917 2885 2974 διά
2913 2941 2972 2975 τε
3000 2925 3105 2975 τῶν
3136 2921 3377 2977 πολιτῶν
3409 2925 3497 2979 καὶ
3527 2930 3637 2980 τῶν

1988 3006 2419 3079 παρευρεθέντων
2490 3006 2627 3061 κατὰ
2694 3007 2870 3085 τύχην
2946 3016 3288 3084 στρατιωτῶν
3345 3014 3634 3089 ἀντιπαρε-

1986 3092 2227 3164 τάττετο,
2272 3095 2398 3157 τοὺς
2446 3096 2538 3166 μὲν
2591 3094 2825 3160 πολίτας
2872 3098 2961 3153 καὶ
3009 3099 3099 3153 τὸν
3135 3097 3309 3171 δῆμον
3337 3102 3494 3173 τάξας
3548 3101 3633 3158 ἐπὶ

1987 3186 2083 3237 τοῦ
2113 3182 2352 3257 τείχους,
2385 3183 2511 3248 τοὺς
2561 3182 2618 3239 δὲ
2659 3187 3094 3261 παρατυχόντας,
3154 3192 3486 3263 στρατιώτας
3543 3192 3635 3246 καὶ

1988 3268 2193 3333 ἄλλους
2249 3274 2397 3333 τινάς
2448 3271 2605 3335 ὅσους
2665 3275 2717 3328 οἱ
2774 3281 2873 3343 τῆς
2905 3273 3221 3350 συγκλήτου
3252 3279 3634 3355 ἄρχοντες-κε-

1989 3358 2167 3414 λεύσει
2224 3360 2417 3415 τούτου
2469 3360 2843 3435 καθώπλισαν,
2871 3366 2945 3436 μὴ
2978 3364 3146 3420 πλέον
3181 3370 3285 3421 τῶν
3318 3352 3636 3443 χιλίων-ὅν-

1985 3467 2103 3518 τας,
2161 3447 2434 3524 ἐξαγαγὼν
2493 3455 2590 3504 τοῦ
2645 3451 2867 3526 τείχους
2899 3451 2988 3507 διὰ
3040 3458 3147 3508 τῶν
3182 3453 3236 3509 ἐν
3292 3454 3635 3531 Βλαχέρναις

1986 3536 2175 3592 πυλῶν
2236 3538 2643 3610 ἆντιμετώπους
2702 3536 2893 3609 ἔστησε
2944 3546 3023 3613 τῷ
3075 3545 3321 3617 τυράννῳ
3357 3590 3369 3612 ,
3428 3545 3631 3623 τάφρον

1984 3625 2105 3679 τινὰ
2159 3627 2608 3699 προστησάμενος
2639 3628 2713 3690 εἷς
2740 3628 2977 3700 κώλυμα
3022 3635 3131 3685 τῶν
3185 3629 3474 3703 ἐπιόντων,
3513 3632 3633 3689 δέον

1985 3712 2115 3769 ε”σω
2155 3713 2345 3770 πυλῶν
2404 3714 2617 3792 ἐπέχειν
2650 3718 2738 3771 καὶ
2796 3717 2901 3771 ἀπὸ
2953 3722 3057 3772 τῶν
3108 3724 3310 3796 τειχῶν
3338 3721 3464 3786 τοὺς
3512 3722 3631 3778 ἐπι-

1987 3804 2141 3867 όντας
2168 3802 2481 3875 ἀμύνεσθαι,
2513 3803 2699 3862 πολλὰ
2726 3810 2822 3861 τοῦ
2858 3806 3157 3882 μαγίστρου
3207 3810 3476 3885 Ἀργυροῦ
3531 3816 3632 3867 τοῦ

1987 3891 2198 3947 Ἰταλοῦ
2224 3894 2601 3965 ποτνιωμένου
2644 3894 2733 3948 καὶ
2781 3895 3223 3968 παρακαλοῦντος
3269 3896 3397 3953 εἷ’σω
3452 3898 3629 3972 μένειν

1986 3980 2075 4034 καὶ
2111 3982 2184 4053 μὴ
2219 3979 2557 4050 ἐξάλλεσθαι,
2606 3983 2691 4036 καὶ
2744 3986 2819 4054 μὴ
2868 3982 3041 4047 θέλειν
3075 3984 3192 4056 λαῷ
3224 3984 3631 4057 συμπλέκεσθαι

1991 4068 2306 4142 μαινομένῳ
2356 4070 2439 4123 καὶ
2495 4069 2725 4144 ὀργῶντι
2773 4071 2861 4125 καὶ
2915 4079 3327 4146 στρατιωτικαῖς
3379 4074 3635 4148 μελέταις

234 4164 530 4236 gnandam
590 4161 829 4227 missis;
884 4177 1015 4231 quae
1071 4160 1219 4217 565
1286 4162 1425 4214 urbs
1456 4176 1589 4215 cum
1640 4159 1876 4229 reliqum

1992 4155 2347 4230 ένηθλημένῳ
2414 4157 2547 4230 μετά
2607 4164 2950 4233 στρατιωτῶν
3013 4158 3314 4237 ὀλιγοστῶν
3355 4164 3444 4217 καὶ
3494 4161 3636 4220 λαοῦ

232 4269 437 4308 omnes
467 4251 847 4307 Macedonicas
878 4255 1053 4320 atque
1068 4248 1358 4303 Thracicee
1393 4248 1563 4303 urbes
1608 4248 1876 4304 Tornicio

1992 4245 2208 4306 νεαλοῦς
2247 4245 2335 4299 καὶ
2361 4244 2826 4318 άπειροπολέμου.
2881 4247 3055 4303 Ἀλλὰ
3108 4254 3275 4304 ταῦτα
3313 4250 3483 4325 λέγων
3535 4252 3637 4308 οὐκ

230 4341 638 4407 accessissent,
673 4340 843 4393 ﬁdem
878 4355 994 4392 una
1018 4338 1289 4392 servabat
1320 4353 1493 4407 opera
1531 4336 1786 4407 episcopi
1820 4342 1876 4390 et

1992 4332 2207 4388 ἔπειθενο
2286 4332 2557 4388 ἀντέκειτο
2632 4335 2736 4411 γὰρ
2818 4341 3223 4401 Κωνσταντῖιος
3295 4340 3323 4393 ὁ
3385 4341 3484 4408 τὴν
3544 4340 3637 4396 έπ-

231 4428 625 4501 cujusdamin
683 4444 750 4483 ea
800 4428 939 4482 urbe
965 4442 1197 4481 summa
1230 4424 1487 4497 potentia
1519 4423 1741 4494 praediti
1777 4425 1872 4479 Ba-

1992 4421 2224 4495 ωνυμίαν
2284 4420 2611 4497 Λειχούδης,
2672 4424 2739 4478 τὰ
2764 4429 2953 4499 πρῶτα
3010 4425 3131 4480 τότε
3183 4427 3328 4502 παρὰ
3361 4427 3631 4503 βασιλέως

225 4523 414 4584 tatzaa,
450 4518 550 4590 qui
585 4523 642 4573 et
670 4518 793 4588 ipse
823 4514 1301 4585 consanguineus
1333 4519 1456 4568 erat
1486 4511 1761 4568 Tornicii.
1804 4512 1871 4568 Hi

1992 4513 2156 4589 pipwv
2230 4509 2319 4564 καὶ
2401 4512 2538 4585 μέγα
2594 4511 2739 4587 παρὰ
2792 4510 2974 4585 τούτῳ
3031 4511 3325 4588 δυνάμενος
3384 4517 3475 4570 καὶ
3528 4525 3629 4587 τῆς

226 4623 361 4662 cum
396 4607 538 4661 nihil
575 4606 869 4660 efﬁcerent
901 4604 1203 4674 aliquanto
1228 4602 1284 4655 iu
1309 4603 1437 4672 ejus
1460 4602 1661 4671 oppidi
1683 4618 1865 4672 oppu-

1992 4598 2191 4669 Ξουλῆς
2262 4598 2458 4664 ταύτης
2534 4600 2798 4674 ὑπάρχων
2870 4604 3072 4677 πατήρ,
3152 4601 3513 4673 Ἐξελθόντων
3571 4604 3629 4661 δὲ

225 4698 503 4769 gnatione
533 4700 717 4749 tracto
746 4693 1161 4764 tempore,ipse
1210 4691 1384 4744 etiam
1441 4690 1745 4744 Tornicius
1803 4707 1869 4745 eo

1992 4689 2182 4743 τούτων
2233 4688 2355 4762 περὶ
2389 4685 2577 4757 δείλην
2615 4688 2795 4762 ὀψίαν,
2848 4690 2922 4751 ὡς
2968 4688 3103 4764 ἔγνω
3135 4693 3163 4747 ὁ
3220 4692 3498 4766 τύραννος,
3529 4697 3627 4758 τὰς

225 4790 468 4841 cunctas
527 4801 668 4839 suas
727 4781 887 4838 ducit
945 4780 1161 4851 copias.
1204 4783 1463 4848 Cumque
1494 4778 1650 4833 omni
1684 4795 1867 4850 oppu-

1992 4778 2114 4855 ἱμφ⁹
2145 4776 2306 4831 αὐτὸν
2356 4776 2693 4839 καθοπλίσας
2733 4775 2987 4851 δυνάμεις
3036 4777 3206 4834 ἔπεισι
3254 4782 3387 4854 μετὰ
3452 4781 3631 4858 ῥύμης

228 4880 469 4945 gnasset
500 4878 708 4927 conatu
742 4876 798 4926 et
830 4869 1236 4924 machinarum
1283 4884 1457 4923 omne
1489 4882 1674 4939 genus
1704 4868 1868 4922 adhi-

1992 4865 2249 4940 μεγάλης,
2291 4864 2381 4919 καὶ
2441 4871 2630 4929 θᾶττον
2688 4868 2723 4937 ἢ
2785 4864 2954 4941 λόγος
3000 4869 3098 4937 τήν
3128 4868 3329 4945 τάφρον
3359 4867 3629 4943 διατεμὼν

1979 4952 2229 5029 τρέπεται
2287 4951 2416 5014 τοὺς
2477 4950 2651 5023 ἔνδον,
2709 4955 2782 5008 ὧν
2835 4956 2885 5009 οἱ
2943 4959 3037 5027 μὶν
3090 4956 3422 5028 ἁλίσκονται,
3476 4961 3527 5013 οἱ
3572 4958 3635 5015 δὶ

226 5053 346 5115 tus,
380 5049 570 5103 soluto
605 5048 833 5102 obsidio
899 5043 1313 5116 Arcadiopolin
1390 5044 1585 5098 rediit.
1636 5044 1869 5098 Interim

1992 5041 2274 5116 φεύγοντες
2336 5040 2411 5102 εἲς
2454 5042 2553 5109 τήν
2613 5048 2714 5111 τῆς
2774 5041 2990 5107 πόλεως
3041 5044 3243 5121 τάφρον
3302 5048 3632 5102 κατέπιπτον

228 5136 649 5193 Monomachus
682 5134 1007 5190 Orientales
1030 5132 1340 5201 exercitus,
1367 5131 1464 5202 qui
1491 5132 1613 5201 jam
1641 5149 1673 5187 a
1702 5132 1874 5204 Chry-

1992 5128 2071 5184 καὶ
2130 5128 2361 5203 οἰκτρῶς
2420 5127 2734 5188 ἀπώλοντο.
2794 5134 3059 5209 ’Έφευγον
3117 5129 3175 5187 δὲ
3230 5133 3319 5188 καί
3375 5134 3479 5190 ἀπὸ
3534 5140 3640 5191 τοῦ

228 5226 413 5297 s0poli
449 5231 506 5280 et
536 5225 734 5296 Abydo
765 5222 825 5278 in
857 5223 1164 5278 Thraciam
1197 5222 1569 5290 trajecerant,
1611 5221 1756 5275 duce
1804 5221 1875 5276 iis

1992 5216 2200 5293 τείχους
2252 5239 2355 5293 κρη
2369 5218 2688 5291 μνιζόμενοι
2752 5220 2803 5274 οἱ
2832 5219 3079 5290 πολῖται,
3110 5221 3513 5297 παραπλησίως
3540 5225 3642 5279 καὶ

225 5316 496 5386 praefecto
528 5313 808 5368 Michaelo
843 5312 1016 5367 Iacita
1067 5309 1347 5381 magistro
1403 5310 1618 5364 emittit
1670 5310 1730 5364 in
1790 5327 1874 5365 re-

1992 5307 2038 5359 o't
2096 5303 2349 5380 πυλωροὶ
2407 5311 2517 5361 τῶν
2579 5306 2632 5361 έν
2688 5306 3027 5385 Βλαχέρναις
3081 5315 3283 5386 τειχῶν
3309 5313 3403 5376 τὰς
3454 5312 3645 5376 πύλας

1426 5442 1511 5498 XX
1526 5443 1788 5498 LANDRI
1830 5442 1919 5498 ET
1957 5438 2173 5497 GOARI
2212 5439 2444 5495 NOTAE.

299 5548 415 5618 (31)
447 5548 650 5603 Turcis
691 5561 848 5601 nunc
877 5541 1269 5618 Sc_utari.M_ale
1291 5560 1333 5618 Δει
1363 5542 1717 5618 quibusdam
1740 5557 1873 5596 cum
2053 5538 2166 5608 (32)
2197 5539 2420 5618 Cosme:
2449 5544 2506 5618 et
2536 5541 2807 5618 Damiani
2830 5542 2999 5618 nulla
3014 5559 3110 5613 spe
3131 5544 3393 5618 mercedi:
3434 5546 3637 5601 medi-

230 5611 599 5677 Chalcedone
631 5618 875 5674 inferius
907 5616 1017 5672 sita
1052 5611 1450 5670 contunditur.
1483 5617 1661 5670 Gem.
1988 5625 2114 5666 cam
2140 5614 2327 5666 artem
2356 5627 2425 5666 ex
2454 5611 3092 5670 charitateobaunta'um.
3124 5615 3299 5672 Gem.

227 4963 473 5028 buisset,
500 4960 810 5032 oppidanis
837 4958 1065 5013 fortiter
1093 4956 1563 5022 defendentibus,
1598 4957 1869 5027 proﬂiga-
