3968 6140
182 365 282 424 297
1294 354 1662 416 HISTORIA
1677 353 1845 414 BUM
1890 353 2432 416 COMPENDIUM.
3448 360 3566 420 298

182 493 602 552 ἀναπετάσαντες.
637 488 736 543 Καὶ
767 488 812 543 εἱ
850 489 925 561 μὴ
956 486 1098 562 τύχη
1144 507 1226 548 τις
1285 483 1489 562 ἔσφηλε
1541 488 1619 555 τῷ
1665 485 1742 540 To

1998 483 2124 540 lles.
2185 486 2287 540 Hic
2344 488 2657 543 contractis
2713 490 2988 546 omnibus
3045 489 3106 544 in
3165 505 3348 544 unum
3379 489 3563 561 copiis

178 584 315 656 νικίῳ
367 584 433 636 τὰ
482 579 793 654 πράγματα,
844 574 1088 644 εἰσῆλθεν
1133 574 1192 630 ἂν
1249 573 1491 648 ἆιογητὶ
1557 574 1648 627 καὶ
1695 585 1745 626 κε

1996 580 2109 628 stra
2142 575 2414 630 hostibus
2440 577 2702 648 opponit,
2739 594 3055 650 pugnaque
3091 579 3394 635 abstinens
3425 595 3563 648 cpe-

177 695 279 746 ριος
333 676 438 726 τῶν
496 671 744 724 ἁπάντων
804 667 1033 740 ἐγένετο.
1095 666 1249 739 Ἀρτι
1308 661 1364 718 δὲ
1419 660 1612 732 διώξας
1664 660 1739 736 ἅχ

1990 680 2034 716 m
2071 663 2172 717 dat
2204 681 2275 717 ne
2309 679 2510 719 eorum
2567 667 2783 736 praedia
2833 667 3184 722 maleﬁcium
3238 667 3557 739 patiantur,

171 770 260 831 τῆς
313 760 456 836 παρὰ
508 763 589 830 τῷ
647 757 820 830 τείχει
877 755 1085 832 τάφρου
1146 753 1342 827 ἐπέσχε
1399 753 1490 806 τὸν
1531 749 1738 825 διωγμὸ

1992 757 2233 822 ptosquo
2266 753 2604 808 humaniter
2627 759 2875 822 .tractat,
2911 756 3155 828 reliquis
3205 773 3306 828 per
3333 755 3559 812 litteras

172 852 250 906 καὶ
279 849 436 904 πάλιν
470 845 934 921 ἀναθαρρήσαντες
991 845 1043 897 oi
1097 843 1219 916 περὶ
1272 842 1362 896 τὸ)
1428 839 1651 915 βασιλέα
1705 859 1734 891 τ

1994 841 2138 894 culte
2172 841 2385 896 missas
2417 843 2642 898 veniam
2676 843 2871 899 delicti
2890 851 2947 899 et
2974 845 3240 900 omnium
3273 846 3561 900 bonorum

174 961 225 994 τε
276 940 442 998 πύλας
497 935 763 1009 κατέσχον
814 933 903 988 καὶ
949 939 1050 1001 τῆς
1082 930 1328 1005 φυλακῆς
1382 928 1741 1000 ἐπεμελήθησι

1998 930 2140 999 piam
2176 931 2546 1000 promittens.
2597 932 2725 986 Jam
2789 939 2843 986 et
2893 933 3082 989 hiems
3140 934 3475 1006 appetebat,
3507 938 3565 989 et

179 1033 276 1082 τῶν
305 1030 512 1101 τειχῶν.
546 1025 685 1080 Τότε
717 1020 773 1076 δὲ
802 1020 892 1076 καὶ
946 1022 974 1074 6
1034 1018 1286 1096 βασιλεὺς
1332 1021 1528 1092 μικροῦ
1583 1016 1639 1070 ἂν
1701 1017 1746 1069 ἀι

1995 1017 2266 1088 rduelles,
2300 1035 2431 1073 cum
2483 1025 2541 1074 et
2588 1020 2697 1091 ipsi
2751 1037 2953 1076 eorum
2999 1024 3272 1092 jumenta
3315 1021 3562 1078 alimen-

183 1113 367 1170 ολώλει
398 1112 482 1168 δια
509 1108 668 1183 τόξου
704 1108 1011 1186 βληθεὶς,εἰ
1039 1109 1114 1180 μὴ
1139 1108 1265 1168 Θεὸς
1296 1110 1585 1184 προφανῶς
1619 1102 1750 1158 διεσι

2020 1107 2500 1174 destituerentur,
2545 1110 2683 1180 quia
2734 1111 2940 1181 frigus,
2971 1111 3183 1166 famem
3209 1111 3562 1181 hostemque

184 1225 315 1271 σατο,
375 1207 465 1257 τοῦ
539 1203 725 1255 ὀϊστοῦ
783 1198 1091 1273 ἐνεχθέντος
1149 1195 1222 1257 ε’ίς
1275 1217 1421 1256 τινος
1479 1195 1751 1268 θεράποντι

1990 1195 2088 1248 nul
2125 1197 2414 1250 sustinere
2449 1215 2563 1252 non
2621 1203 2906 1268 poterant,
2942 1200 3224 1270 paulatim
3258 1201 3329 1254 ad
3373 1199 3557 1271 magi-

177 1291 425 1362 κάλυμμα
508 1284 916 1361 στροϐιλοειδὶς
985 1285 1260 1363 κεφαλῆς,
1321 1283 1452 1358 ὅπερ
1537 1281 1626 1336 καὶ
1710 1303 1738 1335 τ

1992 1300 2101 1337 -um
2135 1285 2523 1341 desciverunt.
2575 1287 2880 1343 Tornicius
2929 1305 3080 1356 vero,
3130 1289 3413 1360 quamdiu
3453 1290 3559 1344 ob-

178 1376 358 1454 ἔχοντα
413 1379 504 1433 καὶ
557 1378 648 1432 τὸν
709 1374 936 1452 βασιλέα
992 1372 1309 1430 διεσώσατο.
1339 1376 1543 1429 Τοῦτον
1605 1368 1660 1424 ’ὀὶ
1711 1391 1740 1424 τ

1991 1374 2069 1425 uri
2103 1379 2330 1428 tantum
2357 1375 2726 1443 deﬁciebant,
2747 1382 3045 1448 utcunque
3067 1378 3299 1432 duravit
3320 1383 3377 1434 et
3399 1394 3558 1449 spem

174 1469 356 1544 τρόπον
413 1466 572 1542 ἐγγὺς
628 1470 725 1520 τοῦ
779 1465 985 1520 ἇλῶναι
1017 1466 1051 1532 ἡ
1084 1461 1250 1525 πόλις
1283 1461 1511 1517 ἐλθοῦσα
1543 1458 1738 1522 διεσώθ

1995 1461 2078 1514 lit.
2112 1464 2254 1516 Cum
2287 1469 2483 1518 autem
2532 1465 2831 1520 Marianus
2864 1467 3104 1533 Branas,
3151 1466 3341 1538 Polys,
3372 1467 3562 1522 Tbeo-

175 1560 228 1614 Ὁ
281 1555 332 1612 δὲ
387 1558 702 1625 ἀποστάτης
755 1553 842 1608 ἐπί
893 1574 1042 1614 τινας
1096 1551 1305 1626 ἡμέρας
1366 1549 1697 1624 προσμείνας

1999 1567 2094 1605 rus
2129 1551 2504 1623 Strabomyta
2534 1554 2688 1610 566
2714 1560 2770 1610 et
2803 1554 3066 1610 Glabana
3097 1555 3317 1610 familia
3348 1555 3566 1626 aliique

176 1651 240 1717 τῷ
275 1643 642 1721 στρατοπέδῳ,
677 1641 863 1711 ἐπειδή
921 1644 974 1696 οἱ
1032 1643 1155 1716 περὶ
1204 1640 1360 1695 αὐτὸν
1416 1639 1552 1694 κατὰ
1612 1658 1738 1710 μικρ

1998 1645 2177 1693 astres
2209 1640 2335 1711 ipso
2368 1643 2597 1696 deserto
2631 1643 2936 1698 confertim
2971 1645 3042 1698 ad
3072 1644 3319 1698 Jasilam
3352 1643 3565 1698 transi-

189 1735 519 1811 ὑπορρυέντες
578 1732 924 1805 ηὒτομόλουν
984 1736 1062 1802 τῷ
1125 1730 1361 1806 βασιλεῖ,
1405 1728 1666 1798 πτοηθείς
1728 1749 1756 1798 μ

2000 1730 2346 1800 mnt,l‘ugam
2376 1730 2501 1800 ipse
2519 1747 2650 1785 cum
2670 1735 2896 1787 Joanne
2917 1732 3280 1803 Batatza,qui
3299 1732 3371 1788 ab
3394 1749 3460 1787 eo
3482 1732 3567 1786 in-

181 1845 278 1887 πως
334 1825 384 1878 οἱ
443 1825 640 1886 πάντες
688 1821 1074 1882 καταλιπόντες
1102 1819 1260 1873 αὐτὸν
1294 1819 1618 1892 οἰχήσονται
1651 1817 1686 1886 ἢ
1713 1837 1746 1869 κ

384 1914 394 1928 Ι
730 1909 789 1928 ’δυ
954 1915 980 1924 ὐ
1055 1910 1082 1928 n
1182 1906 1202 1928 Ἴ
1247 1913 1268 1924 υ
1331 1909 1344 1928 ἳ
1495 1907 1506 1923 ‘
1607 1905 1740 1928 1,__"A

1994 1836 2006 1849 τ
2030 1816 2272 1871 rebelles
2292 1823 2413 1872 erat
2437 1819 2774 1891 dignatione
2797 1820 3372 1892 proximus,paravit.
3393 1819 3561 1874 Cum-

2002 1909 2529 1928 ---ηληυημη
2711 1917 2721 1928 .
2835 1913 2911 1928 ...
3020 1912 3055 1928 ι.
3180 1912 3190 1922 .
3272 1915 3310 1928 ,ν

177 1914 519 1988 κατασχόντες
575 1909 858 1981 παραδῶσι
914 1915 992 1980 τῷ
1055 1906 1289 1984 βασιλεῖ,
1321 1907 1546 1966 ἀναστάς
1602 1905 1743 1967 ἐκεῖθ

1985 1923 2026 1961 ιο
2057 1909 2338 1964 evadendi
2372 1926 2482 1964 non
2517 1917 2855 1982 suppeteret
2884 1912 3153 1982 facultas,
3178 1912 3234 1967 in
3267 1910 3552 1982 templum

181 2001 483 2076 ὑπέστρεψεν
546 1999 596 2055 ἐν
644 1996 1118 2069 Ἀρκαδιουπόλει.
1167 2000 1252 2070 [Ρ.
1299 1999 1425 2068 766]
1485 1995 1584 2049 Καὶ
1639 1994 1748 2047 αὖτε

1986 1998 2204 2051 .oddam
2226 2015 2288 2053 se
2306 2000 2688 2071 recepere.Sic
2709 2017 2914 2072 agmen
2934 1998 3320 2072 perduellium
3333 2004 3422 2056 est
3437 1999 3553 2054 dia-

184 2091 265 2162 μὶν
311 2089 401 2144 σὺν
433 2091 658 2161 Ἰωάννῃ
704 2093 781 2158 τῷ
814 2089 1054 2160 Βατάτζῃ
1108 2080 1466 2160 παρεμϐολὴν
1495 2083 1751 2156 πηξάμετε

1985 2092 2189 2140 iatum.
2224 2087 2411 2143 Jasita
2440 2105 2539 2143 eos
2571 2089 2766 2144 missis
2797 2089 3030 2145 famulis
3059 2093 3214 2162 cepit
3243 2095 3300 2144 et
3327 2089 3551 2144 vinctos

179 2179 331 2234 ἐκεῖσε
385 2178 707 2253 προσέμενε,
748 2174 1024 2250 Θεόδωρον
1077 2173 1134 2229 δὶ
1187 2176 1277 2228 τὸν
1326 2176 1426 2240 τὴν
1488 2171 1746 2244 ἐπωνυμίι

1982 2223 1983 2226 η
2023 2174 2426 2245 imperatorem
2460 2177 2700 2232 abduxit
2730 2196 2742 2232 :
2779 2178 2996 2234 milites
3029 2179 3202 2248 jussu
3238 2179 3549 2248 imperato-

177 2263 557 2341 Στραϐομύτην
585 2269 695 2336 (33)
734 2267 819 2320 καὶ
853 2266 942 2319 τὸν
974 2265 1264 2337 λεγόμενον
1308 2261 1486 2316 Πολὺν
1535 2261 1623 2315 καὶ
1684 2267 1744 2315 Me

1986 2263 2070 2317 sin
2103 2280 2266 2318 suam
2302 2265 2552 2336 quisque
2586 2269 2831 2336 patriam
2865 2266 3553 2322 discesserunt.’l‘ornicio

175 2358 340 2429 ριανὸν
393 2357 486 2409 τὸν
566 2361 790 2427 Βρανᾶν,
849 2353 1138 2428 ταγμάτων
1222 2353 1490 2426 ἄρχοντας
1550 2347 1742 2404 δυτικῶ

2005 2357 2246 2406 Batatzaa
2279 2354 2428 2407 oculi
2479 2355 2672 2410 ell‘ossi
2706 2355 2890 2425 pridie
2939 2355 3335 2411 natalitiorum
3384 2355 3555 2412 Chri-

175 2452 277 2508 καθ’
311 2443 539 2516 α’ίματος
601 2442 881 2497 κοινωνίαν
935 2443 1082 2513 αύτῷ
1135 2441 1466 2515 ἐγγίζοντας,
1501 2438 1738 2513 πολιορκ

1984 2443 2014 2494 i.
2051 2442 2259 2496 Eorum
2289 2443 2385 2512 qui
2420 2443 2476 2496 in
2514 2443 2911 2498 benevolentia
2942 2444 3259 2513 perduellis
3291 2445 3551 2515 perstite-

175 2555 253 2586 σαι
305 2533 568 2605 ἐκπέμπει
625 2534 725 2600 τήν
785 2530 1127 2587 Ῥαιδεστόν·
1191 2528 1382 2603 ἔτυχον
1441 2531 1542 2603 γάρ
1603 2529 1656 2581 αἱ
1713 2550 1742 2600 μ

1993 2536 2054 2584 nt
2085 2530 2234 2584 bona
2267 2530 2577 2600 publicata,
2611 2533 2772 2602 prius
2804 2533 3196 2603 ignominiosa
3226 2550 3328 2604 per
3375 2534 3560 2588 forum

176 2620 331 2676 άΛλαι
363 2619 726 2677 Μακεδονικαὶ
775 2620 862 2674 καὶ
911 2618 1167 2692 Θρᾳκικαὶ
1226 2617 1415 2678 πόλεις
1471 2636 1737 2691 προσχωρ

2002 2621 2452 2674 ὀιιπιᾱυοιοινυω
2509 2637 2574 2673 ac
2627 2621 2834 2675 deinde
2911 2621 3342 2693 relegatorum.
3402 2622 3569 2677 Hunc

179 2732 320 2764 σασαι
349 2711 550 2782 τούτῳ,
583 2709 717 2778 αὕτη
753 2707 808 2763 δέ
843 2707 981 2780 μόνη
1017 2705 1219 2762 εὔνοιαν
1253 2706 1430 2782 ἐτήρει
1487 2711 1565 2777 τῷ
1599 2703 1746 2778 βασι)

2012 2724 2100 2761 em
2133 2707 2231 2761 ille
2263 2708 2470 2763 habuit
2501 2713 2717 2763 motus.
2751 2709 2883 2764 Jam
2916 2726 3062 2780 quas
3107 2727 3141 2765 a
3170 2711 3375 2766 Turcis
3405 2726 3573 2765 acce-

183 2795 380 2871 σπουδῇ
410 2801 509 2852 τοῦ
539 2797 742 2865 ταύτης
775 2795 1072 2870 ἀρχιερέως
1110 2795 1196 2848 καί
1242 2815 1388 2855 τινος
1420 2793 1692 2868 ἐγχωρίου
1726 2791 1750 2846 δ

2005 2797 2188 2850 rimus
2247 2795 2609 2853 calamitates
2665 2798 2936 2865 referam,
2995 2799 3044 2854 si
3104 2799 3268 2870 prius
3325 2799 3571 2871 quinam

183 2888 367 2940 νάστου
390 2891 486 2941 τοῦ
522 2883 825 2960 λεγομένου
887 2882 1148 2952 Βατάτζη,
1182 2886 1467 2957 συγγενοῦς
1517 2878 1670 2944 ὄντος
1721 2904 1750 2936 τ

2012 2885 2148 2940 :rint
2175 2886 2370 2952 Turci,
2403 2891 2456 2941 et
2491 2903 2607 2957 qua
2637 2887 2942 2942 occasione
2980 2887 3202 2943 bellum
3233 2893 3436 2944 contra
3467 2893 3579 2944 Ro-

189 2973 478 3048 ΐορνικίου.
513 2975 602 3035 Ὣς
635 2971 686 3027 δ’
711 2971 1032 3033 ἀπελθόντες
1058 2971 1250 3025 ἐκεῖνοι
1281 2971 1370 3024 καὶ
1402 2966 1756 3045 χρονοτριϐοῐ

1527 2966 1818 3045 ιοτριϐοὖν-
1934 2991 2136 3028 manes
2169 2990 2368 3045 gerere
2399 2975 2702 3046 cceperint,
2729 2976 3094 3046 expedivero.

187 3083 266 3116 τες
297 3060 442 3118 ούδὶν
473 3060 818 3137 ἤνυον,ά’ρας
875 3061 964 3115 καὶ
1026 3060 1186 3122 αὐτὸς
1245 3058 1453 3115 ἄπεισιν
1487 3059 1656 3114 ἐκεῖσε
1689 3062 1822 3132 μετὰ
1851 3061 2048 3122 παντὸς
2074 3066 2170 3115 τοῦ
2202 3067 2451 3136 στρατοῦ,
2503 3061 2590 3116 καὶ
2641 3068 2811 3116 πᾶσαν
2871 3058 3190 3136 προσϐολὴν
3243 3064 3335 3119 καὶ
3394 3085 3583 3141 μηχα-

189 3152 278 3218 νην
332 3152 613 3229 ἐπαγαγὼν
671 3156 738 3224 τῇ
797 3150 956 3205 πόλει
1013 3150 1101 3204 καὶ
1159 3149 1417 3202 πάντοθεν
1471 3149 1860 3222 ἀποκρουσθεὶς
1921 3149 2172 3224 εύψέχως
2218 3154 2324 3203 τῶν
2359 3148 2508 3204 ἔνδον
2542 3151 2999 3226 ἀποκρουομένων
3026 3151 3120 3213 τὰς
3173 3154 3425 3228 μηχανὰς
3484 3155 3585 3208 ὑπ-

191 3239 396 3313 έστρεψε
426 3238 594 3294 πάλιν
629 3239 680 3293 ἐν
715 3236 1187 3312 Ἀρκαδιουπόλει,
1223 3234 1388 3297 λύσας
1421 3238 1519 3304 τήν
1547 3235 1896 3312 πολιορκίαν.
1931 3239 2085 3309 ’Ἄρτι
2120 3236 2176 3291 δὲ
2205 3239 2292 3292 καὶ
2322 3243 2430 3292 τῶν
2461 3239 2646 3311 Ἐῲων
2698 3243 3114 3314 στρατευμάτων
3165 3239 3585 3315 διαπεραιωθέν-

186 3349 286 3381 των
309 3327 366 3383 ἔκ
391 3350 448 3383 τε
478 3324 920 3404 Χρυσουπόλεως
949 3327 1039 3380 καὶ
1077 3322 1316 3380 Ἀϐύδου
1346 3326 1480 3397 πρὸς
1515 3326 1751 3397 Θρᾴκην,
1786 3326 2082 3401 στρατηγὸν
2119 3325 2408 3396 ἐπιστήσας
2441 3327 2624 3390 αὐτοῖς
2656 3329 2682 3380 ὁ
2719 3325 2972 3403 βασιλεὺς
3016 3329 3245 3404 Μιχαὴλ
3281 3331 3586 3405 μάγιστρον

187 3417 268 3470 τὸν
326 3417 556 3486 Ἰασίτην
619 3418 822 3487 πέμπει
884 3416 1020 3469 κατὰ
1061 3419 1167 3468 τῶν
1223 3414 1560 3468 ἀποστατῶν.
1596 3415 1882 3490 Ἀθροίσος
1943 3413 1986 3468 δ’
2022 3416 2177 3476 οὗτος
2211 3417 2297 3493 ὑφ’
2343 3415 2397 3470 ἓν
2446 3417 2541 3478 τὰς
2573 3414 2828 3489 δυνάμεις
2859 3418 2950 3472 καὶ
2981 3417 3596 3495 παραστρατοπεδεύσας

190 3509 297 3567 τοῖς
327 3506 656 3565 ἀποστάταις
693 3506 879 3577 μάχης
914 3503 1006 3574 μὶν
1040 3503 1142 3556 οὐκ
1165 3504 1359 3576 ἦρχεν,
1393 3499 1617 3570 ἐκήδετο
1651 3499 1706 3556 δὲ
1740 3499 1952 3572 μᾶλλον
1979 3507 2086 3556 τῶν
2121 3502 2427 3571 ἀνηκόντων
2461 3504 2682 3578 χωρίων
2710 3510 2826 3566 τοῖς
2860 3505 3315 3578 ἄποστάταις,καὶ
3343 3510 3458 3567 τοῖς
3483 3503 3602 3559 ἀλι.

195 3595 469 3664 σκομένοις
533 3591 934 3669 φιλανθρώπως
999 3590 1236 3668 ἐφέρετο,
1295 3590 1383 3644 καὶ
1441 3592 1736 3665 γράμματα
1794 3588 2064 3665 λαθραίως
2125 3589 2332 3664 ἔπεμπε
2402 3594 2538 3667 πρὸς
2611 3592 2804 3654 αὐτοὺς
2882 3591 3178 3666 ἀμνηστίαν
3257 3594 3604 3670 ἐπαγγελλό-

204 3703 349 3750 μενος
405 3685 592 3736 κακῶν
659 3682 749 3734 καὶ
807 3680 1016 3754 ἀγαθῶν
1079 3677 1376 3750 δαψίλειαν.
1409 3679 1557 3734 Ἐπεὶ
1619 3677 1676 3733 δὶ
1735 3679 1823 3732 καὶ
1884 3680 1910 3733 6
1971 3681 2184 3753 χειμὼν
2241 3679 2433 3751 ἐπέστη
2493 3681 2580 3735 καὶ
2642 3687 2750 3735 τῶν
2800 3681 3105 3758 ἀναγκαίων
3139 3681 3419 3752 ἐσπάνιζον
3451 3681 3608 3737 αὐτοί

203 3791 254 3824 τε
283 3773 332 3825 οἱ
365 3769 664 3826 ἀποστάται
721 3769 809 3822 καὶ
867 3769 933 3822 τά
988 3769 1255 3840 ὑποζύγια
1310 3768 1400 3821 καὶ
1449 3769 1500 3821 οἱ
1548 3766 1733 3824 ἵπποι.
1768 3769 1843 3839 μή
1905 3765 2195 3840 δυνάμενοι
2245 3772 2380 3844 πρὸς
2411 3791 2469 3825 τε
2507 3771 2568 3825 τὸ
2613 3774 2787 3846 ψῦχος
2845 3772 2934 3826 καὶ
2980 3772 3071 3825 τὸν
3133 3769 3299 3844 λιμὸν
3341 3771 3432 3826 καὶ
3480 3772 3608 3832 τοὺς

210 3858 467 3920 ἐναντίους
558 3858 1074 3927 ἀντικαθίστασθαι,
1143 3857 1277 3910 κατὰ
1365 3857 1554 3931 μικρὸν
1641 3855 2136 3932 προσερῥυίσκοντο
2210 3863 2288 3930 τῷ
2343 3859 2642 3933 μαγίστρῳ.
2703 3859 2800 3914 Καὶ
2890 3859 3054 3935 μέχρι
3139 3861 3233 3932 μὲν
3291 3865 3398 3914 τῶν
3476 3859 3611 3937 ἁφα-

207 3954 304 4002 νῶν
333 3950 397 4017 ἦν
431 3947 741 4019 αὑτομολία
797 3946 884 3999 καὶ
945 3945 1042 3998 οὐκ
1098 3945 1407 4016 ἐπισήμων,
1458 3945 1729 4021 ἐκαρτέρει
1784 3945 1872 3998 καὶ
1916 3951 2037 4006 ταῖς
2101 3945 2313 4000 ἐλπίσιν
2365 3945 2633 4025 ἐτρέφετο·
2696 3947 2806 4001 ἐπεὶ
2869 3945 2926 4001 δὲ
2982 3947 3258 4022 Μαριανὸς
3312 3949 3340 4001 ὁ
3399 3949 3612 4020 Βρανᾶς

209 4037 288 4090 καὶ
347 4036 528 4097 Πολὺς
585 4035 674 4089 καὶ
732 4033 1012 4106 Θεόδωρος
1064 4036 1091 4088 6
1141 4030 1538 4106 Στραϐομύτης
1585 4035 1675 4088 καὶ
1731 4035 1781 4087 οἱ
1836 4033 1895 4088 ἐκ
1937 4039 2033 4087 τοῦ
2079 4035 2264 4110 γένους
2315 4041 2410 4089 τοῦ
2455 4031 2638 4090 Γλαϐἆ
2665 4037 2754 4090 καί
2783 4057 2924 4097 τινες
2956 4033 3118 4091 ἄλλοι
3147 4040 3256 4090 τῶν
3319 4034 3609 4108 ἐπισήμων

211 4127 384 4198 ἀθρόοι
455 4123 846 4185 καταλιπόντες
936 4123 1094 4177 αὐτὸν
1169 4122 1576 4198 προσερῥύησαν
1661 4129 1741 4194 τῷ
1799 4122 2022 4196 Ἰασίτῃ,
2086 4125 2270 4199 φυγὼν
2360 4124 2494 4197 μετά
2541 4125 2790 4181 Ἰωάννου
2869 4129 2966 4180 τοῦ
3051 4125 3322 4194 Βατάτζη,
3401 4124 3461 4188 ’ὸς
3543 4121 3611 4192 δὴ

215 4217 316 4283 μετ’
371 4215 531 4268 αὐτὸν
591 4214 642 4267 ἐν
695 4211 775 4284 τῷ
834 4209 1183 4288 στρατοπέδῳ
1236 4217 1343 4264 τῶν
1402 4211 1720 4265 ἀποστατῶν
1778 4210 2044 4276 ἐτάττετο,
2105 4211 2324 4286 ἐπείπερ
2386 4214 2594 4289 ἄφυκτα
2650 4214 2738 4281 ἦν,
2795 4210 2844 4266 ἔν
2903 4234 3007 4267 τινι
3063 4212 3355 4291 κατέφυγεν
3409 4210 3615 4282 ἐκκλη-

215 4304 313 4372 σίᾳ,
369 4303 460 4357 καὶ
519 4305 556 4371 ἡ
618 4301 961 4360 ἐπισύστασις
1017 4305 1124 4353 τῶν
1183 4301 1497 4354 ἀποστατῶν
1559 4297 1874 4367 ἐσκεδάσθη.
1931 4301 2031 4356 Καὶ
2111 4301 2338 4364 τούτους
2413 4302 2506 4374 μὲν
2568 4304 2595 4356 6
2655 4302 2887 4372 Ἰασίτης
2961 4303 3181 4375 πέμψας
3234 4303 3468 4377 κατέσχε
3524 4302 3613 4356 καὶ

218 4393 338 4464 πρὸς
391 4393 482 4446 τὸν
547 4389 773 4465 βασιλέα
828 4387 1235 4460 πεπεδημένους
1297 4389 1520 4463 εἰσάγει,
1577 4393 1671 4442 τοῦ
1761 4387 1816 4443 δὲ
1883 4394 2112 4461 στρατοῦ
2189 4389 2411 4454 ἕκαστος
2482 4391 2559 4453 εἲς
2628 4392 2727 4458 τήν
2809 4391 3001 4445 δαυτοῦ
3057 4391 3331 4460 ἐπανῆλθε
3386 4386 3620 4464 πατρίδα

217 4480 444 4536 κελεύσει
505 4485 602 4535 τοῦ
665 4478 955 4553 βασιλέως.
1019 4478 1116 4532 Καὶ
1175 4480 1202 4532 ὁ
1257 4479 1349 4550 μὲν
1406 4477 1686 4551 Τορνίκιος
1741 4478 1830 4532 καὶ
1885 4479 1912 4532 6
1965 4478 2241 4548 Βατάτζης
2300 4478 2739 4556 ἀποτυφλοῦνται
2770 4479 2906 4533 κατὰ
2942 4479 3038 4547 τήν
3091 4478 3316 4553 ἐσπέραν
3366 4485 3466 4546 τῆς
3506 4478 3623 4551 ἐορ-

220 4575 307 4636 ’;ῆς
357 4576 457 4638 τῆς
509 4573 608 4623 τοῦ
666 4565 898 4641 Χριστοῦ
955 4568 1281 4640 γεννήσεως,
1326 4564 1654 4638 δημεύονται
1713 4564 1768 4620 δὲ
1825 4567 1914 4620 καὶ
1975 4567 2163 4620 ὁπόσοι
2221 4567 2548 4641 παρέμειναν
2603 4564 2706 4629 ἕως
2760 4566 2952 4629 τέλους
3012 4567 3154 4622 εὖνοι
3210 4568 3290 4639 τῷ
3355 4567 3622 4640 τυραννή-

233 4678 380 4726 ταντι,
414 4660 628 4730 ἀτίμως
685 4656 946 4730 πρότερον
1010 4656 1394 4729 περιαχθέντες
1451 4652 1539 4708 διὰ
1595 4661 1692 4722 τῆς
1750 4655 1947 4730 ἀγορᾶς
2001 4655 2090 4708 καὶ
2151 4655 2330 4730 ἐξορίᾳ
2385 4658 2884 4731 παραπεμφθέντες.
2920 4657 3022 4712 Καὶ
3068 4659 3102 4724 ὴ
3165 4655 3258 4728 μὲν
3319 4653 3623 4709 ἀποστασία

225 4751 454 4801 -οιοῦτον
490 4745 620 4821 ἔσχε
647 4746 710 4800 τὸ
741 4743 919 4812 τέλος,
957 4741 1180 4818 ἄρχεται
1211 4741 1266 4798 δὲ
1297 4742 1490 4798 λοιπὸν
1522 4745 1586 4797 τὰ
1617 4744 1723 4798 ἀπὸ
1751 4749 1856 4797 τῶν
1889 4743 2141 4818 Τούρκων
2188 4744 2344 4800 κακά.
2373 4744 2521 4807 Τίνες
2577 4743 2634 4800 δὲ
2693 4747 2743 4800 οἳ
2803 4749 3055 4820 Τοῦρκοι,
3103 4745 3192 4799 καὶ
3243 4745 3366 4798 τίνα
3420 4742 3623 4818 τρόπον

249 4834 455 4908 ἶῘρξαντο
485 4835 750 4906 πολεμεῖν
778 4833 1094 4905 Ῥωμαίοις,
1129 4832 1328 4886 ἄνωθεν
1358 4828 1643 4886 ἀναλαϐὼν
1677 4830 2039 4907 διηγήσομαι.

401 4928 554 4997 767.]
585 4926 654 4977 Τὸ
698 4928 804 4978 τῶν
856 4924 1107 4998 Τούρκων
1142 4921 1289 4983 ἔθνος
1346 4924 1503 4997 γένος
1566 4922 1660 4993 μέν
1719 4922 1856 4976 ἐστιν

2051 4925 2362 4979 I‘urcorum
2397 4941 2540 4996 gens
2563 4925 2787 4980 Unnica
2813 4925 2940 4989 fuit,
2968 4924 3242 4980 habitans
3269 4923 3340 4978 ad
3373 4921 3618 4977 Caucasi

231 5014 504 5079 (ὶύννικὸν,
555 5015 696 5067 οἷ’κεῖ
750 5011 807 5066 δὲ
861 5013 926 5066 τὰ
985 5011 1323 5084 προσάρκτια
1375 5016 1484 5065 τῶν
1543 5011 1798 5066 Κάυκασίι

2060 5013 2194 5066 ιηῐὶς
2247 5019 2441 5083 partes
2497 5012 3004 5083 septentrionales,
3056 5011 3514 5082 populosissima
3566 5016 3623 5064 et

244 5102 362 5170 ’ρῶν
420 5101 854 5176 πολυάνθρωπόν
903 5121 961 5154 τε
1008 5100 1064 5154 ’ὀν
1119 5100 1207 5154 καί
1261 5099 1564 5170 αὐτόνομον
1622 5100 1710 5153 καὶ
1778 5101 1804 5153 ὑ

2064 5119 2162 5155 era
2194 5101 2536 5172 nulliusque
2569 5118 2827 5172 unquam
2859 5101 3114 5156 nationis
3163 5098 3490 5155 dominium
3523 5115 3625 5153 ex-

238 5189 441 5252 ςύδενὸς
501 5189 687 5254 ἔθνους
742 5191 876 5244 ποτὶ
934 5187 1228 5244 δουλωθέν.
1263 5191 1378 5257 Τῆς
1420 5186 1476 5242 δὲ
1507 5193 1611 5242 τῶν
1646 5193 1805 5264 Περσὲ

2061 5196 2161 5245 rta.
2198 5191 2510 5262 Postquam
2548 5190 2820 5245 Saraceni
2855 5190 3162 5244 Persarum
3215 5205 3393 5260 regno
3426 5203 3628 5243 everso

238 5279 404 5353 {px-7,:
460 5279 536 5340 εἰς
600 5277 942 5351 Σαρακηνοὺς
1018 5275 1386 5349 διαλυθείσης,
1438 5277 1528 5331 καὶ
1604 5283 1702 5346 τῆς
1758 5283 1805 5331 τε

2067 5297 2092 5332 n
2130 5279 2425 5335 Persidem
2463 5279 2662 5350 modo,
2687 5278 2960 5350 Mediam,
2993 5277 3344 5351 Babylonem
3379 5283 3436 5332 et
3463 5279 3634 5348 Assy-

1408 5493 1774 5549 XYLANDRI
1815 5494 1906 5548 ET
1946 5493 2163 5550 GOARI
2204 5493 2439 5548 NOTfE.

311 5666 416 5738 (33)
445 5667 660 5724 Obtorto
690 5683 842 5722 naso.
877 5663 1090 5720 Facilia
1121 5663 1333 5720 Graecis
1365 5681 1431 5720 ex
1463 5681 1773 5738 corporum
1806 5665 2128 5722 defectibus
2157 5663 2529 5736 cognomina.
2563 5663 2742 5720 GOAR.

560 5796 814 5856 ΡΑτθοι.
867 5795 975 5854 Gs.
1026 5790 1262 5852 CXXII.
3237 5789 3319 5849 to
