3972 6146
256 268 375 329 299

1603 270 1922 332 GEORGII
1969 270 2308 330 GEDltENI

3526 275 3638 336 300

259 399 432 468 riam,
466 401 566 456 sed
599 403 657 456 et
683 400 996 474 Egyptum
1045 407 1104 458 et
1143 402 1380 474 Libyam
1429 406 1487 457 et
1515 402 1756 472 Europis
1787 417 1904 456 non

2039 402 2352 472 Ξαρακηνῶν
2405 397 2743 474 ἐπικρατείας
2821 399 2898 472 μὴ
2985 398 3153 472 μόνον
3238 397 3486 472 Περσίδος
3557 403 3640 458 καῖ

263 489 534 562 exiguam
568 494 791 561 partem
817 491 1316 562 subegerunt,ipsi
1349 491 1498 545 inter
1521 506 1583 545 se
1613 495 1918 562 coeperunt

267 578 516 634 diversis
547 579 909 648 temporibus
968 581 1126 634 varie
1173 578 1507 634 dissentire.
1541 579 1626 633 ita
1677 579 1912 633 unicum

270 669 694 722 Saracenorum
717 667 892 738 idque
919 669 1240 722 maximum
1276 668 1590 739 imperium
1613 668 1671 721 in
1696 667 1916 722 multas

271 763 362 812 est
389 755 644 810 divisum
694 763 912 826 partes,
948 763 1012 810 ut
1059 757 1212 811 alius
1263 757 1555 828 Hispania:
1577 757 1728 827 jam,
1761 756 1908 812 567

273 843 425 899 alius
457 845 677 910 African,
709 844 861 900 alius
908 845 1156 917 Egypti,
1191 845 1342 900 alius
1399 843 1731 916 Babylonis,
1763 843 1918 899 alius

271 932 528 988 Persidis
559 937 714 988 esset
746 932 1038 1002 princeps.
1072 934 1329 988 Tantum
1351 949 1485 987 vero
1518 933 1704 986 abfuit
1735 931 1825 986 his
1854 938 1918 986 ut

274 1021 426 1076 inter
457 1037 519 1075 se
566 1021 920 1086 conveniret,
985 1027 1048 1075 ut
1075 1021 1231 1076 inter
1275 1021 1498 1075 vicinos
1548 1021 1724 1075 etiam
1766 1019 1919 1075 bella

271 1109 492 1164 fuerint
524 1109 820 1164 intestina.
847 1111 1098 1164 Proinde
1129 1109 1918 1177 Persidis,Cborasmiorum,

273 1197 659 1253 Oretanorum
688 1203 746 1254 et
774 1199 980 1254 Mediae
1015 1198 1288 1270 princeps
1337 1198 1770 1264 Muchumetus,
1805 1198 1918 1252 Im-

273 1286 456 1342 braeli
486 1287 664 1355 filius,
713 1287 926 1343 Basilio
987 1287 1218 1358 imperii
1268 1287 1512 1342 Romani
1572 1288 1802 1341 clavum
1832 1291 1917 1340 te-

273 1380 470 1446 nente,
503 1391 638 1430 cum
685 1375 745 1430 in
795 1376 946 1432 bello
1002 1378 1156 1446 quod
1209 1377 1488 1431 adversus
1541 1375 1718 1430 Indos
1747 1379 1922 1445 atque

273 1463 624 1534 Babylonios
673 1465 930 1535 gerebat,
983 1465 1157 1519 rebus
1207 1468 1467 1519 uteretur
1522 1463 1804 1530 adversis,
1854 1479 1922 1516 ex

276 1570 388 1608 usu
421 1553 540 1608 fore
563 1553 872 1624 judicavit,
919 1553 968 1608 si
1003 1552 1198 1608 missis
1229 1553 1298 1606 ad
1345 1553 1670 1607 Turcorum
1703 1552 1924 1623 princi-

275 1659 408 1715 pem
443 1641 653 1714 legatis
683 1643 966 1698 auxilium
1015 1648 1255 1714 peteret.
1291 1642 1470 1697 Mittit
1499 1658 1635 1714 ergo
1684 1643 1755 1698 ad
1787 1659 1920 1697 eum

2027 485 2269 557 Μηδίας,
2331 482 2656 548 Βαϐυλωνος
2737 488 2828 541 καὶ
2911 487 3205 562 Ἀσσυρίων
3291 490 3642 562 κυριευούσης,

2024 571 2132 644 ἥδη
2194 573 2252 629 δὲ
2305 577 2394 629 καὶ
2445 574 2723 650 Αἰγύπτου
2782 577 2870 630 καὶ
2923 570 3131 646 Λιϐύης
3183 577 3274 630 καὶ
3334 575 3516 651 μέρους
3559 579 3650 634 οὐκ

2027 661 2217 737 ὀλίγου
2299 670 2398 732 τῆς
2488 663 2776 740 Εὐρώπης,
2861 664 3078 740 ἐπείπερ
3165 663 3357 740 ἔτυχον
3427 665 3476 719 ἐν
3539 665 3650 721 δια-

2026 753 2218 830 φόροις
2275 757 2484 828 καιροῖς
2554 751 2820 822 ἀλλήλων
2898 755 3408 815 καταστασιάσαντες
3480 756 3565 809 καὶ
3617 760 3652 826 ἡ

2030 841 2126 913 μία
2181 839 2268 894 καί
2351 839 2580 914 μεγίστη
2662 841 2810 916 ἀρχὴ
2871 841 3006 912 αὕτη
3067 841 3144 903 εἷς
3202 838 3386 896 πολλὰ
3442 840 3652 918 διῃρέθη

2032 929 2192 1001 μέρη,
2251 928 2340 984 καὶ
2401 927 2572 984 ἄλλον
2656 930 2749 1001 μὲν
2812 929 3062 1006 ἀρχηγὸν
3117 930 3259 1004 εἶχεν
3317 932 3350 998 ἡ
3409 931 3657 1000 Ἱσπανία,

2029 1015 2198 1072 ἄλλον
2234 1015 2290 1070 δὲ
2321 1021 2355 1086 ἡ
2390 1013 2596 1088 Λιϐύη,
2621 1015 2791 1073 ἄλλον
2846 1015 2903 1072 δὲ
2949 1021 2984 1087 ἡ
3017 1015 3314 1092 Αἴγυπτος,
3345 1014 3510 1073 ἄλλον
3544 1016 3656 1090 δέἡ

2028 1100 2524 1180 Βαϐυλὼν,ἓτερον
2584 1105 2640 1160 δὶ
2695 1110 2730 1176 ἡ
2791 1107 3006 1181 Περσὶς,
3047 1107 3135 1160 καὶ
3194 1105 3328 1178 πρὸς
3387 1103 3659 1176 ἀλλήλους

2035 1195 2127 1266 μὲν
2161 1195 2268 1270 οὐχ
2299 1194 2608 1267 ὡμονόουν,
2644 1193 2857 1268 μᾶλλον
2901 1195 2997 1268 μὲν
3049 1193 3139 1250 οὖν
3186 1196 3276 1248 καὶ
3331 1191 3662 1270 προσεπολέ-

2035 1303 2168 1355 μουν
2230 1284 2281 1338 οἱ
2341 1288 2729 1358 γειτονοῦντες,
2791 1283 3042 1360 ἀρχηγὸς
3091 1281 3349 1358 Περσίδος
3403 1283 3489 1338 καὶ
3545 1285 3660 1339 Χω-

2033 1371 2278 1444 ρασμίων
2361 1372 2450 1426 καὶ
2533 1374 2840 1448 Ὠρητανῶν
2941 1373 3031 1426 καὶ
3118 1370 3330 1442 Μηδίας
3415 1373 3666 1448 ὑπάρχων

2034 1463 2370 1536 Μουχοῦμετ
2408 1461 2543 1515 κατὰ
2588 1460 2715 1524 τοὺς
2757 1461 2991 1536 χρόνους
3036 1459 3326 1516 Βασιλείου
3372 1465 3468 1515 τοῦ
3521 1461 3666 1536 βασι-

2033 1548 2195 1616 λέως,
2229 1550 2256 1603 ὁ
2294 1549 2390 1604 τοῦ
2423 1545 2713 1622 Ἰμϐραὴλ,
2747 1551 2838 1604 καὶ
2882 1549 3142 1623 πολεμῶν
3203 1547 3393 1612 Ἰνδοῖς
3437 1549 3526 1604 καὶ
3570 1557 3668 1604 Βα-

2033 1633 2327 1699 ϐυλωνίοις
2356 1638 2446 1692 καὶ
2477 1643 2656 1700 κακῶς
2689 1638 2739 1691 έν
2771 1643 2850 1710 τῷ
2899 1637 3132 1711 πολέμῳ
3191 1637 3512 1715 φερόμενος,
3543 1634 3671 1714 ἔγνω

275 1734 499 1803 legatos
525 1748 660 1787 cum
691 1730 862 1786 donis
895 1730 1184 1802 pretiosis,
1211 1729 1586 1802 postulatque
1616 1730 1726 1785 sibi
1757 1730 1917 1785 auxi-

2039 1723 2146 1780 δεῖν
2204 1727 2338 1800 πρὸς
2389 1727 2482 1780 τὸν
2529 1725 2768 1802 ἄρχοντα
2814 1727 3074 1801 Τουρκίας
3105 1723 3530 1804 πρεσϐεύσασθαι
3585 1727 3672 1781 καὶ

2277 1815 2288 1832 ι
2432 1815 2445 1832 .
2519 1817 2567 1832 -n
2727 1815 2739 1832 .
2799 1818 2811 1832 .
2926 1827 2942 1832 -
3091 1817 3154 1832 η,
3429 1819 3454 1830 ..
3639 1816 3648 1832 .

275 1820 354 1878 lio
379 1819 530 1875 mitti
562 1821 678 1876 tria
703 1820 964 1875 virorum
996 1820 1204 1875 millia.
1227 1820 1452 1874 Turcus
1483 1825 1542 1874 et
1573 1818 1751 1874 allata
1770 1820 1924 1874 dona

275 1907 618 1980 gratissima
643 1907 872 1974 habuit,
906 1913 964 1963 et
990 1908 1164 1979 legati
1198 1909 1518 1962 admodum
1548 1899 1925 1978 comprobata

277 1996 554 2068 petitione
588 1993 772 2050 mittit
797 1997 874 2052 ad
897 1996 1338 2051 Muchumetum
1383 1996 1516 2064 tria,
1550 2005 1612 2050 ut
1642 1995 1925 2066 petiverat

277 2085 485 2152 millia,
534 2085 682 2140 duce
721 2084 1100 2155 Tragolipace
1147 2081 1456 2153 Mucaleto,
1511 2083 1736 2142 Miceeli
1781 2084 1918 2139 ﬁlio.

275 2175 587 2231 Enimvero
619 2173 724 2227 boc
745 2174 1038 2244 sperabat,
1059 2172 1108 2229 si
1131 2173 1448 2244 reprimere
1470 2173 1558 2229 sui
1594 2173 1924 2244 potuissent
1953 2165 1956 2168 ’

278 2280 378 2320 eos
409 2281 444 2320 a
471 2263 688 2335 quibus
719 2262 990 2318 Saraceni
1033 2261 1485 2333 invadebantur,
1519 2261 1793 2318 facillime
1821 2279 1921 2317 eos

277 2353 584 2409 effecturos
609 2355 676 2406 ut
705 2367 852 2422 pons
882 2367 998 2421 quo
1047 2355 1380 2406 constratus
1429 2353 1644 2406 Araxes
1689 2355 1834 2419 erat,
1868 2356 1922 2405 et

279 2441 378 2514 qui
411 2441 482 2498 ab
515 2445 763 2512 utroque
795 2439 975 2495 latere
1003 2439 1270 2494 turribus
1313 2439 1580 2494 excitatis
1627 2456 1694 2496 ac
1726 2439 1920 2510 praesi-

278 2530 394 2585 diis
423 2529 718 2602 impositis
736 2529 1002 2583 munitus
1023 2529 1228 2582 Turcis
1246 2528 1602 2583 inaccessam
1623 2528 1920 2584 Persidem

279 2619 551 2684 faciebat,
584 2617 962 2689 praesidiariis
1008 2615 1195 2688 pulsis
1245 2618 1478 2688 pervius
1518 2617 1724 2671 Turcis
1759 2623 1920 2687 post—

278 2708 452 2762 modo
481 2707 666 2772 ﬁeret,
698 2707 898 2775 itaque
927 2704 1184 2760 Persidis
1214 2706 1566 2776 occupanda
1614 2704 1726 2759 sibi
1751 2721 1922 2760 occa-

277 2795 364 2850 sio
393 2796 652 2850 daretur.
687 2795 890 2849 Turcis
939 2793 1316 2848 mercenariis
1375 2793 1791 2848 Muchumetus
1821 2808 1919 2848 ac-

275 2883 482 2955 ceptis,
517 2883 707 2954 iisque
753 2899 886 2938 cum
937 2897 1043 2937 suo
1093 2882 1347 2937 exercitu
1400 2881 1752 2952 conjunctis,
1785 2897 1920 2938 cum

273 2971 532 3028 Arabum
567 2971 830 3042 principe
859 2970 1137 3026 Pisasirio
1159 2970 1445 3042 conﬂigit,
1477 2987 1732 3042 eumque
1758 2970 1919 3026 nullo

275 3059 505 3131 negotio
528 3063 786 3130 superat,
819 3060 1172 3131 sagittarum
1221 3061 1548 3129 conjectum
1583 3076 1699 3114 non
1732 3061 1917 3114 feren-

2035 1815 2353 1889 συμμαχίαν
2428 1815 2627 1869 ἐκεῖθεν
2687 1815 3029 1886 αἰτήσασθαι.
3089 1817 3297 1888 Πέμπει
3357 1819 3488 1889 γοῦν
3557 1816 3676 1888 πρὲ-

2033 1899 2179 1966 σϐεις
2234 1904 2369 1978 πρὸς
2431 1905 2588 1958 αὐτὸν
2641 1906 2732 1959 καὶ
2782 1901 2929 1980 δῶρα
2959 1901 3265 1974 πολυτελῆ,
3297 1903 3388 1959 καὶ
3422 1911 3675 1982 πεμφθῆ-

2031 1990 2114 2045 ναί
2147 1993 2198 2044 οἳ
2231 1991 2428 2060 ἐξαπεῖ
2486 1991 2814 2066 συμμάχους
2870 1994 2962 2048 τὸν
3019 1993 3252 2068 ἀριθμὸν
3307 1993 3677 2068 τρισχιλίους.

2031 2080 2087 2134 Ὁ
2149 2077 2204 2135 δὲ
2259 2077 2547 2155 δεξάμενος
2625 2082 2986 2155 ἀσμενέστατα
3070 2083 3166 2151 τὴν
3247 2077 3538 2158 πρεσϐείαν
3593 2081 3678 2136 καὶ

2031 2173 2146 2230 τοῖς
2197 2177 2489 2246 πεμφθεῖσι
2522 2169 2719 2244 δώροις
2770 2171 2956 2240 ἡσθεὶς
3015 2169 3276 2244 ἐκπέμπει
3338 2171 3476 2246 πρὸς
3529 2169 3682 2226 αὑτὸν

2031 2257 2158 2320 τοὺς
2213 2257 2582 2334 τρισχιλίους,
2643 2259 2895 2334 ἀρχηγὸν
2971 2255 3199 2335 ἔχοντας
3253 2259 3682 2336 Τραγολιπάκην

2031 2347 2319 2404 Μουκάλετ
2374 2349 2464 2401 τὸν
2525 2347 2638 2402 υἱὸν
2701 2347 2942 2416 Μικεήλ,
3003 2350 3114 2420 ἅμα
3169 2349 3254 2402 καὶ
3327 2347 3556 2409 ἐλπίσας
3615 2349 3686 2410 ὡς

2033 2433 2182 2511 εἴπερ
2224 2435 2372 2490 οὗτοι
2424 2434 2701 2505 δυνηθεῖεν
2762 2435 3199 2510 ἀποκρούσασθαι
3259 2435 3394 2498 τοὺς
3429 2431 3683 2509 ἐπεμϐαί-

2029 2545 2219 2586 νοντας
2250 2530 2367 2586 τοῖς
2401 2530 2756 2601 Σαρακηνοῖς,
2789 2524 2954 2600 ῥᾷστά
3007 2547 3066 2580 τε
3121 2525 3218 2592 τήν
3267 2529 3376 2578 τοῦ
3403 2521 3684 2598 Ἀράξιδος

2029 2619 2281 2686 ποταμοῦ
2312 2615 2545 2690 γέφυραν
2585 2615 2684 2682 τὴν
2725 2613 3043 2668 κωλύουσαν
3094 2612 3386 2690 Τούρκους
3443 2614 3494 2674 ἐς
3548 2616 3653 2688 Περ

2029 2700 2152 2757 σίδα
2203 2701 2340 2758 ἴέναι
2394 2704 2485 2757 ἅτε
2540 2703 2970 2778 πεπυργωμὲνην
3027 2703 3184 2757 οὖσαν
3240 2697 3394 2766 ἔνθεν
3443 2703 3685 2766 κάκεῖθεν

2028 2793 2116 2846 καὶ
2175 2797 2436 2867 φρουροῖς
2493 2793 2751 2855 πάντοθεν
2787 2790 3203 2868 φυλαττομένην
3242 2792 3422 2866 βατὴν
3459 2793 3687 2862 θήσουσι

2027 2880 2370 2955 περιελόντες
2450 2881 2544 2941 τὰς
2630 2881 2903 2957 φρουρὰς,
2962 2880 3052 2933 καὶ
3121 2880 3452 2957 ὑποχείριον
3543 2879 3688 2950 αὑτῷ

2027 2971 2318 3040 ποιήσουσι
2382 2969 2480 3038 τὴν
2559 2973 2667 3023 τῶν
2747 2973 2964 3044 Περσῶν
3025 2967 3232 3044 χώραν.
3299 2969 3684 3047 ’Δφικομένων

2027 3058 2202 3111 τοίνυν
2255 3062 2360 3111 τῶν
2423 3056 2794 3134 μισθοφόρων,
2829 3057 3022 3121 αὐτούς
3078 3079 3136 3112 τε
3188 3053 3615 3130 ἀναλαϐόμενος
3661 3056 3687 3109 ὁ

273 3148 432 3204 tibus
464 3147 766 3204 Arabibus.
800 3147 1052 3203 Domum
1083 3165 1116 3202 a
1155 3147 1396 3203 victoria
1441 3163 1729 3215 reversus,
1763 3147 1915 3205 568

2039 3151 2362 3222 Μουχοῦμετ
2393 3146 2481 3200 καὶ
2528 3133 2624 3208 τὰς
2655 3133 2844 3200 ἑαυτοῦ
2901 3143 3152 3219 δυνάμεις
3207 3141 3563 3222 προσϐάλλει
3617 3149 3692 3215 τῷ

275 3238 514 3294 eosdem
539 3241 756 3291 Turcos
789 3235 970 3290 voluit
999 3236 1174 3290 etiam
1207 3237 1266 3290 in
1303 3252 1557 3307 pugnam
1593 3241 1792 3290 contra
1826 3237 1920 3291 In-

278 3329 408 3396 dos,
438 3345 472 3383 a
503 3327 717 3399 quibus
749 3328 1223 3400 oppugnabatur,
1257 3326 1370 3382 sibi
1401 3327 1626 3383 adesse.
1659 3329 1923 3398 Cumque

280 3416 617 3488 petentibus
649 3420 714 3471 ut
743 3416 981 3472 domum
1015 3416 1125 3470 sibi
1173 3416 1362 3470 redire
1386 3415 1581 3470 liceret
1633 3421 1690 3470 et
1721 3418 1922 3486 praesi-

283 3505 444 3560 dium
479 3505 550 3559 ab
581 3503 784 3558 Araxis
815 3507 990 3574 ponte
1029 3503 1438 3568 abduceretur,
1469 3503 1586 3558 vim
1631 3497 1921 3558 etiamin-

278 3598 550 3662 tentaret,
577 3592 748 3648 Turci
773 3591 937 3647 veriti
981 3592 1206 3662 majora
1246 3591 1507 3662 pericula
1558 3593 1630 3647 ab
1669 3608 1734 3647 eo
1764 3593 1920 3648 defe-

279 3687 570 3746 cerunt,et
591 3681 650 3734 in
673 3680 1106 3736 Carbonitidem
1130 3679 1510 3736 solitudinem
1534 3682 1744 3752 (neque
1766 3682 1922 3754 enim

277 3776 398 3826 tam
432 3769 600 3841 pauci
631 3767 910 3826 adversus
951 3773 1072 3825 tam
1123 3768 1312 3824 multa
1361 3769 1698 3841 depugnare
1739 3770 1919 3825 aude-

277 3861 422 3914 bant
461 3859 665 3931 millia)
709 3876 772 3914 se
818 3859 1245 3926 subduxerunt,
1297 3857 1549 3928 indeque
1599 3857 1918 3914 identidem

277 3953 649 4020 erumpentes
690 3947 1115 4003 Saracenorum
1148 3947 1428 4002 ditionem
1466 3947 1726 4018 populati
1761 3957 1918 4003 sunt.

278 4035 657 4108 Iniquissime
677 4035 736 4090 id
761 4037 951 4091 ferens
976 4035 1408 4105 Muchumetus,
1433 4035 1502 4090 ad
1526 4037 1597 4089 20
1617 4035 1917 4091 hominum

275 4123 460 4180 millia
479 4125 788 4179 adversum
813 4125 1036 4179 Turcos
1060 4124 1264 4192 mittit,
1289 4123 1490 4178 decem
1516 4123 1920 4179 nobilissimus

276 4222 542 4284 notaeque
571 4211 930 4268 fortitudinis
961 4229 1028 4267 ac
1049 4213 1368 4284 prudentia:
1395 4213 1570 4266 duces
1600 4213 1921 4269 Saracenos

274 4300 552 4358 exercitui
585 4301 927 4371 prmﬁciens.
979 4300 1046 4354 Hi
1093 4301 1162 4353 ad
1191 4300 1407 4354 bellum
1434 4301 1920 4371 profecti,intrare

271 4391 332 4447 in
363 4391 660 4446 desertum
689 4389 759 4444 ob
791 4405 954 4460 aquae
985 4394 1044 4444 et
1087 4389 1500 4443 alimentorum
1533 4390 1788 4460 inopiam
1815 4391 1920 4460 ju-

271 4477 1276 4549 dicantesincommodum,proxime
1295 4478 1562 4532 additum
1582 4479 1919 4534 solitudinis
1953 4497 1999 4558 ι)
2031 4499 2125 4538 σας

267 4569 592 4624 Turcorum
649 4568 766 4620 dux
818 4567 890 4620 de
938 4567 1188 4620 adventu
1248 4571 1668 4621 Saracenorum
1731 4569 1918 4622 factus

267 4657 502 4728 certior,
535 4673 594 4712 re
621 4672 755 4711 cum
808 4655 933 4710 suis
965 4655 1423 4724 communicata,
1476 4656 1670 4710 subito
1703 4656 1914 4711 adoriri

267 4747 587 4803 Saracenos
640 4763 706 4800 ac
767 4745 969 4798 Persas
1020 4745 1270 4811 statuit;
1331 4745 1628 4814 biduoque
1689 4748 1916 4817 magnis

269 4834 545 4890 confectis
577 4833 810 4904 spatiis,
844 4833 1012 4887 tertia
1043 4836 1211 4886 nocte
1255 4847 1356 4886 eos
1387 4848 1590 4886 secure
1633 4833 1692 4886 in
1727 4839 1913 4888 tento-

269 4925 373 4980 riis
417 4929 659 4996 agentes
717 4921 982 4992 nibilque
1040 4919 1179 4975 mali
1233 4925 1636 4992 exspectantes
1691 4922 1914 4978 invadit

267 5017 442 5082 atque
473 5010 628 5066 illico
659 5010 947 5082 proﬂigat.
987 5009 1064 5063 ibi
1099 5009 1389 5076 curribus,
1413 5009 1602 5080 equis,
1638 5011 1907 5080 pecunia-

266 5116 379 5170 que
397 5099 648 5170 plurima
674 5098 911 5171 potitus,
937 5116 1050 5153 non
1075 5100 1196 5168 jam
1221 5099 1580 5169 utl'ugitivus
1602 5099 1908 5156 latrocinia

262 5204 548 5256 exercere,
580 5189 681 5243 sed
714 5187 908 5258 palam
954 5188 1160 5242 exinde
1208 5188 1268 5241 in
1296 5187 1448 5244 569
1481 5193 1681 5258 aperto
1713 5195 1907 5244 castra

257 5277 492 5333 habere.
518 5282 584 5331 Et
605 5275 976 5331 conﬂuebant
998 5277 1068 5330 ad
1093 5291 1224 5330 eum
1250 5277 1350 5346 qui
1373 5277 1445 5331 ob
1465 5277 1752 5332 maleﬁcia
1773 5295 1906 5349 sup-

2030 3240 2137 3290 τῶν
2193 3229 2442 3309 Ἀράϐων
2501 3231 2727 3309 ἄρχοντι
2797 3234 3117 3308 Πισασιρίῳ,
3167 3234 3258 3289 καὶ
3321 3235 3453 3311 ῥᾷον
3535 3233 3688 3288 αὐτὸν

2031 3324 2304 3399 τρέπεται,
2342 3325 2416 3396 μή
2455 3325 2799 3378 ὑποστάντων
2850 3325 2944 3384 τὰς
2999 3322 3105 3378 τῶν
3164 3323 3340 3393 τόξων
3383 3321 3557 3398 βολὰς
3587 3325 3691 3376 τῶν

2034 3409 2307 3486 Ἀράϐιον.
2359 3411 2721 3486 Ὑποστρέψας
2789 3409 2847 3466 δῖε
2893 3411 2970 3473 εἷς
3025 3413 3124 3479 τήν
3175 3412 3376 3467 ἑαυτοῦ
3435 3411 3693 3484 ἠπείγετο

2030 3501 2120 3555 καὶ
2177 3501 2308 3576 πρὸς
2363 3501 2490 3562 τοὺς
2543 3500 2921 3574 πολεμοῦντας
2977 3497 3174 3562 Ἰνδοὺς
3255 3499 3694 3577 διαγωνίσασθαι

2035 3591 2150 3662 μετ’
2207 3589 2402 3645 αὐτῶν.
2463 3589 2710 3646 Ἐκείνων
2801 3587 2860 3643 δὲ
2933 3587 3331 3660 ἐξαιτουμένων
3427 3589 3507 3651 εἷς
3596 3588 3693 3656 τὴν

2033 3679 2232 3732 ἑαυτῶν
2319 3679 2646 3754 ὑποστρέψαι
2725 3681 3174 3754 συγχωρηθῆναι,
3237 3677 3533 3749 ἀνεθείσης
3597 3676 3696 3730 αύ-

2029 3773 2144 3828 τοῖς
2201 3775 2301 3835 τῆς
2361 3767 2414 3821 έν
2488 3769 2555 3840 τῇ
2623 3767 2830 3843 γεφύρᾳ
2911 3765 3163 3842 φυλακῆς
3217 3771 3322 3820 τοῦ
3390 3761 3698 3840 Ἀράξιδος,

2034 3855 2250 3930 ἐπείπερ
2307 3855 2512 3919 ἐκεῖνος
2568 3855 2797 3910 ἐνέκειτο
2854 3855 2943 3910 καὶ
3005 3857 3121 3932 βίαν
3157 3854 3481 3931 ἐπενεγκεῖν
3542 3849 3698 3909 ἐϐού-

2031 3943 2178 4013 λετο,
2215 3943 2482 4007 δείσαντες
2535 3946 2682 4000 οὗτοι
2735 3945 2810 4017 μή
2869 3944 2958 3999 καὶ
2993 3943 3204 4000 πάθωσί
3236 3966 3290 3999 τι
3327 3943 3538 4010 δεινὸν,
3574 3945 3708 3998 ἀπο-

2031 4039 2302 4089 στατοῦσι.
2357 4032 2452 4088 Καὶ
2507 4035 2606 4102 τὴν
2669 4029 3004 4106 Καρϐωνῖτιν
3091 4031 3398 4096 ὑποδύντες
3489 4031 3704 4109 ἔρημον

2031 4119 2119 4175 διὰ
2175 4125 2235 4175 τὸ
2297 4123 2370 4194 μὴ
2420 4122 2633 4198 θαρρεῖν
2688 4121 2910 4196 ὀλίγους
2968 4122 3104 4194 πρὸς
3143 4123 3424 4184 τοσαύτας
3477 4123 3707 4176 ἀντιπα-

2031 4210 2348 4286 ρατάξασθαι
2408 4207 2694 4286 μυριάδας,
2753 4210 2950 4274 ἐκεῖθεν
3020 4209 3299 4285 ἐκδρομὰς
3373 4213 3708 4282 ποιούμενοι

2031 4296 2222 4372 ἐδῄουν
2277 4299 2366 4352 καὶ
2421 4297 2609 4374 ἔφερον
2654 4300 2721 4353 τὰ
2783 4305 3139 4374 Σαρακηνῶν.
3202 4301 3712 4375 Δυσανασχετήσας

2031 4389 2121 4442 οὖν
2147 4389 2174 4442 ὁ
2215 4391 2549 4463 Μονδχοῦμετ
2577 4385 2662 4442 ἐπὶ
2689 4393 2808 4449 τοῖς
2855 4389 3187 4463 γινομένοις,
3221 4390 3469 4465 στρατὸν
3521 4387 3704 4462 ἀθροί-

2209 4477 2348 4552 ἀμφὶ
2428 4477 2522 4538 τὰς
2600 4485 2644 4530 κ’
2703 4475 2962 4551 χιλιάδας
3020 4475 3292 4549 ἐκπέμπει
3381 4481 3526 4533 κατᾶ
3599 4481 3706 4532 τῶν

2027 4568 2302 4639 Τούρκων,
2357 4570 2442 4640 [Ρ.
2505 4569 2631 4640 768]
2689 4566 2980 4638 ἐπιστήσας
3051 4567 3238 4628 αὐτοῖς
3309 4566 3447 4622 δέκα
3509 4587 3706 4640 στρατ-

2027 4656 2199 4729 ηγοὺς
2249 4657 2355 4711 ἀπὸ
2395 4661 2502 4710 τῶν
2554 4655 2946 4729 εὐγενεστάτων
3000 4655 3090 4710 καὶ
3147 4657 3558 4712 συνετωτάτων
3619 4655 3710 4710 καὶ

2027 4743 2110 4798 ἐπ’
2166 4743 2358 4820 ἀνδρίᾳ
2432 4743 2939 4819 μεμαρτυρημὲνῶν
3002 4749 3374 4818 Σαρακηνῶν.
3441 4749 3708 4820 ’Ἄραντες

2026 4832 2115 4888 οὗν
2149 4832 2649 4909 οὗτοιάπήρχοντο
2697 4834 2832 4910 πρὸς
2879 4833 2968 4887 τὸν
3028 4831 3308 4905 πόλεμον.
3356 4835 3472 4890 Καὶ
3535 4833 3712 4889 είσελ-

2022 4923 2130 4976 θεῖν
2189 4923 2281 4995 μὲν
2345 4922 2418 4984 εἲς
2474 4924 2572 4990 τὴν
2633 4917 2836 4996 ἔρημον
2911 4919 2998 4975 διὰ
3053 4924 3152 4991 νην
3201 4926 3308 4976 τοῖ’)
3343 4921 3557 4984 ὕδατος
3617 4921 3708 4976 καὶ

2018 5016 2125 5066 τῶν
2175 5016 2390 5090 τροφῶν
2443 5006 2646 5065 ἔνδειαν
2709 5008 3025 5072 ἀλυσιτελὲς
3075 5009 3442 5086 ἐλογίζοντο,
3477 5007 3710 5089 ἔγγιστα

2020 5098 2076 5155 δὲ
2105 5105 2202 5156 τοῦ
2259 5102 2527 5174 στόματος
2564 5107 2660 5169 τῆς
2718 5098 2932 5172 ἐρήμου
2983 5099 3569 5174 στρατοπεδεύσαντες
3627 5099 3709 5154 δι-

2017 5195 2345 5246 εσκοποῦντο
2402 5191 2464 5245 τὸ
2520 5189 2798 5259 ποιητέον.
2831 5191 2891 5246 Ὁ
2953 5187 3008 5244 δὲ
3049 5188 3464 5266 Γαγγρολίπηξ
3499 5195 3620 5264 (34)
3655 5188 3707 5252 ἐς

2011 5280 2073 5334 τὸ
2137 5280 2310 5354 βάθος.
2359 5275 2717 5351 αὐλιζόμενος
2777 5281 2878 5348 τής
2933 5279 3166 5354 ἐρήμου,
3227 5277 3478 5355 ἐπείπερ
3541 5279 3714 5353 ἔμαθε

1440 5401 1810 5457 XYLANDRI
1851 5404 1937 5458 ET
1978 5405 2204 5462 GOARI
2241 5407 2468 5462 NOTIE.

329 5501 883 5580 (34)'I_‘ragolipaces
935 5501 1168 5580 dicitur.
1202 5505 1312 5558 Sed
1372 5505 1480 5559 hoc
1535 5521 1648 5560 non
1707 5507 2178 5564 estinusitatum
2239 5511 2296 5564 in
2358 5511 2466 5566 boc
2525 5507 2743 5576 codice,
2805 5511 2959 5566 idem
3019 5510 3392 5568 vocabulum
3465 5515 3710 5570 diverse

251 5575 428 5638 scribi
463 5577 760 5648 aliquanto
791 5575 1056 5630 inferius.
1087 5575 1222 5629 XYL.
