3972 6146
298 278 388 338 301
1397 275 1947 339 HISTORIARUM
1989 274 2534 337 GOMPENDIUM.

3554 277 3677 341 302

297 411 376 480 τήν
414 408 524 463 κατ’
577 407 746 463 αὐτοῦ
802 404 1170 482 ἐκστρατείαν,
1201 407 1230 461 6
1285 410 1393 462 τῶν
1452 406 1709 483 Τούρκων
1768 406 1907 482 ἀρχ-

2047 406 2263 463 ilicium
2295 408 2658 477 metuebant,
2707 408 2858 465 servi
2905 414 3081 482 atque
3127 410 3228 468 alii
3275 415 3441 483 rapto
3481 412 3675 468 vivere

300 499 430 573 ηγὸς,
461 494 993 571 κοινολογησάμενος
1047 500 1167 570 τρῖς
1222 496 1337 568 μετ’
1379 495 1543 550 αὐτοῦ
1597 496 1686 551 καὶ
1741 494 1919 551 ἐπιθέ-

300 600 400 653 σθαι
426 586 611 647 νυκτὸς
660 589 776 646 τοῖς
834 589 1174 660 Σαρακηνοῖς
1232 584 1321 640 καὶ
1385 585 1609 661 Πέρσαις
1650 584 1921 662 συμφέρον

304 678 415 733 εἶναι
433 675 684 746 νομίσας,
712 673 1027 749 ταχυπορίᾳ
1071 671 1424 749 χρησάμενος
1472 674 1523 727 ἒν
1587 670 1733 728 δυσὶν
1784 675 1924 746 ἡμὲ-

307 786 403 841 ραις
450 762 741 826 ἐπιτίθεται
800 765 868 836 τῇ
924 759 1083 836 τρίτῃ
1116 763 1308 823 νυκτὸς
1358 760 1546 824 αὐτοῖς
1605 759 1923 837 ἀμερίμνως

308 851 661 924 σκηνουμένοις
711 850 802 905 καὶ
866 847 1033 923 μηδὲν
1066 848 1536 926 προσδεχομένοις
1596 850 1783 906 κακόν.
1817 851 1920 906 Καὶ

309 944 498 1003 τούτους
532 942 626 1011 μὲν
659 942 852 994 θᾶττον
903 940 1155 1015 τρέπεται
1202 937 1397 1016 λόγου,
1444 939 1605 1002 αὐτὸς
1654 936 1711 994 δὲ
1748 941 1926 1013 ἀρμάο

314 1055 399 1087 των
441 1031 522 1085 καὶ
568 1027 757 1084 ’ίππων
833 1030 925 1083 καὶ
984 1029 1290 1104 χρημάτων
1350 1028 1638 1102 κυριεύσας
1698 1026 1924 1084 πολλῶν

316 1120 455 1176 οὐκέτι
486 1120 682 1175 λοιπὸν
717 1119 793 1182 ὡς
812 1119 984 1196 φυγὰς
1016 1117 1106 1172 καὶ
1154 1114 1368 1192 λῃητής
1412 1118 1675 1196 κρυφίους
1726 1116 1927 1172 ἐποιεῖ-

310 1231 358 1265 το
401 1209 483 1269 τὰς
534 1206 824 1276 δπιθὲσεις,
881 1204 1031 1262 ἀλλὰ
1107 1211 1352 1283 φανερῶς
1418 1207 1754 1262 ἀντεποιεῖτο
1819 1210 1927 1260 τῶν

310 1298 577 1370 ὑπαίθρων,
607 1297 1130 1372 προσρυϊσκομένων
1163 1294 1311 1368 αὖτῷ
1366 1295 1457 1350 καὶ
1513 1300 1622 1350 τῶν
1674 1295 1791 1351 ὅσοι
1842 1293 1932 1350 διὰ

305 1385 606 1460 κακουργίας
666 1384 789 1440 τότε
847 1381 1115 1439 ἐδεδίεσαν
1178 1383 1424 1453 θάνατον,
1457 1385 1544 1440 καὶ
1582 1381 1793 1440 δούλων
1839 1383 1930 1439 καὶ

303 1479 391 1529 τῶν
442 1473 751 1549 χαιρόντων
832 1477 954 1535 ταῖς
1011 1474 1297 1548 ἁρπαγαῖς,
1345 1473 1419 1535 ὡς
1475 1472 1526 1528 ἐν
1600 1475 1798 1549 βραχεῖ
1850 1478 1930 1545 τῷ

303 1563 465 1639 χρόνῳ
524 1560 753 1635 δύναμιν
814 1561 938 1637 περὶ
998 1561 1158 1617 αὐτὸν
1235 1562 1581 1636 ἀθροισθῆναι
1646 1563 1928 1637 μεγίστην,

300 1651 404 1726 περί
456 1674 568 1707 που
617 1653 715 1716 τὰς
763 1658 803 1706 ν’
836 1648 1113 1726 χιλιάδας.
1156 1651 1255 1705 Καὶ
1299 1652 1368 1706 τὰ
1420 1651 1515 1724 μὲν
1558 1654 1672 1706 κατ’
1726 1651 1928 1706 ἐκεῖνον

300 1742 493 1818 ἐφέρετο
523 1739 678 1816 τῇδε·
715 1743 744 1796 6
775 1739 834 1795 δὶ
889 1744 1220 1817 Μουχοῢμετ
1270 1741 1345 1813 μὴ
1405 1740 1632 1815 ἐνεγκὼν
1698 1740 1933 1817 μετρίως

296 1833 379 1899 τήν
406 1830 706 1906 γενομένην
736 1832 967 1905 τροπὴν,
1010 1827 1158 1885 ἀλλὰ
1200 1829 1619 1906 βαρυθυμήσας.
1647 1830 1774 1893 τοὸς
1834 1831 1929 1903 μὲν

299 1919 408 1975 δέκα
462 1918 810 1995 στρατηγοὺς
863 1915 1241 1996 ἆπετόφλωσε,
1291 1916 1418 1981 τοὺς
1466 1915 1524 1972 δὲ
1576 1915 1932 1995 διαφυγόντας

297 2009 617 2083 στρατιώτας
701 2008 792 2062 τὸν
877 2005 1125 2062 κίνδυνον
1214 2000 1591 2082 θριαμϐεύσειν
1660 2005 1931 2078 ἠπείλησε

296 2098 624 2173 γυναικείους
667 2091 1177 2172 περιϐεϐλημένους
1207 2095 1431 2165 στολὰς,
1466 2096 1626 2159 αὐτὸς
1688 2094 1746 2151 δὶ
1795 2098 1933 2173 πρὸς

294 2186 697 2263 ἀντιπαράταξιν
758 2185 1154 2255 καθωπλίζετο.
1216 2186 1283 2242 Οἱ
1371 2182 1428 2239 δὲ
1502 2186 1933 2261 προηττηθέντες

296 2281 611 2348 στρατιῶται
667 2272 925 2348 μαθόντες
978 2276 1075 2336 τὰς
1134 2272 1363 2336 ἀπειλὰς
1413 2279 1801 2349 προσχωροῦσι
1832 2280 1936 2348 ⁸τῷ

292 2363 719 2442 Τογγρολίπηκι.
780 2363 1067 2434 Τοσαύτης
1133 2361 1224 2417 οὗν
1297 2364 1737 2440 προσγενομένης
1789 2364 1936 2437 αὖτῷ

292 2457 375 2510 καὶ
402 2453 746 2524 τηλικαύτης
771 2451 1073 2525 δυνάμεως,
1107 2451 1329 2528 ἀγείρας
1380 2454 1587 2508 ἅπαντα
1632 2454 1723 2508 τὸν
1771 2474 1935 2529 στρα-

291 2545 375 2599 τόν
432 2542 693 2619 ἠπείγετο
739 2542 876 2618 πρὸς
926 2542 1018 2596 τὸν
1055 2543 1411 2617 Μουχοῢμετ,
1442 2540 1716 2615 καθολικῇ
1781 2544 1933 2618 μάχῃ

295 2630 527 2688 σπεύδων
554 2637 735 2708 κρῖναι
766 2631 833 2685 τὰ
868 2629 1176 2705 πράγματα.
1212 2628 1387 2687 Ἀλλὰ
1442 2631 1532 2685 καὶ
1588 2629 1792 2695 ἐκεῖνος
1845 2631 1938 2686 καὶ

297 2720 639 2796 Σαρακηνοὺς
698 2719 1032 2784 καθοπλίσας
1087 2719 1177 2774 καὶ
1236 2719 1443 2795 Πέρσας
1493 2718 1581 2774 καὶ
1644 2715 1939 2794 Καϐείρους

292 2810 376 2865 καὶ
419 2805 690 2887 Ἀραϐας,
738 2809 832 2864 καὶ
880 2810 1105 2885 στρατὸν
1166 2808 1571 2881 συστησάμενος
1648 2808 1774 2883 περί
1833 2829 1938 2863 που

292 2900 380 2961 τὰς
432 2897 792 2962 πεντακοσίας
847 2894 1108 2973 χιλιάδας
1150 2896 1241 2952 καὶ
1299 2894 1593 2972 ἐλέφαντας
1652 2897 1936 2974 πυργοφό-

293 3008 411 3061 ρους
455 2987 674 3055 ἑκατὸν,
699 2986 788 3042 καὶ
842 2987 1042 3048 πάντας
1097 2985 1324 3047 τούτους
1369 2980 1679 3057 ἀναλαϐὼν²
1717 2985 1938 3040 ὑπαντι-

1961 1795 2009 1860 Β

2033 498 2378 568 gaudentes.
2430 497 2693 568 Denique
2743 498 2901 554 brevi
2950 502 3213 571 tempore
3261 500 3441 572 copia;
3486 500 3677 574 ipsius

2037 602 2224 657 usque
2253 586 2322 641 ad
2369 586 2548 641 50000
2596 595 2993 643 excreverunt.
3041 592 3107 643 At
3160 588 3573 647 Muchumetus
3604 592 3680 647 ob

2034 674 2259 730 cladem
2294 680 2587 747 acceptam
2611 674 2801 731 iratus
2821 677 3020 733 decem
3044 677 3191 733 istos
3208 679 3480 735 ductores
3502 678 3684 736 lumi-

2035 765 2210 819 nibus
2240 766 2424 830 orbat,
2456 773 2512 820 et
2543 764 2644 837 qui
2693 772 3000 822 evaserant
3042 768 3282 838 milites,
3314 784 3413 825 eos
3461 784 3523 825 se
3551 785 3681 824 mu-

2035 853 2201 909 liebri
2235 854 2474 909 indutos
2516 855 2728 910 vestitu
2761 855 2819 908 in
2869 855 3172 928 triumpho
3221 856 3536 913 ducturum
3569 858 3683 914 mi-

2036 948 2227 997 natur.
2266 943 2390 1013 Ipse
2416 942 2486 996 ad
2519 941 2736 997 bellum
2760 944 3081 1014 gerendum
3111 945 3683 1018 accingitur.Milites

2036 1036 2232 1087 autem
2265 1031 2365 1103 qui
2400 1036 2571 1086 antea
2600 1032 2735 1087 victi
2762 1050 2797 1087 a
2823 1033 3027 1089 Turcis
3061 1033 3316 1102 fuerant,
3346 1035 3521 1091 minis
3552 1052 3683 1108 per-

2038 1120 2243 1191 ceptis,
2277 1121 2346 1174 ad
2395 1120 2880 1192 Tangrolipacem
2913 1126 3244 1178 transeunt.
3292 1125 3346 1179 Is
3394 1130 3560 1180 tanta
3589 1141 3684 1180 aco

2039 1210 2303 1264 cessione
2335 1213 2547 1264 auctus
2595 1226 2728 1264 cum
2761 1210 3039 1266 omnibus
3070 1212 3198 1267 suis
3246 1212 3430 1283 copiis
3461 1212 3521 1267 in
3556 1213 3684 1268 Mu-

2040 1298 2383 1353 chumetum
2416 1298 2481 1367 it,
2515 1302 2580 1353 ut
2637 1297 2868 1354 collatis
2900 1299 3088 1371 signis
3127 1302 3291 1370 justo
3335 1301 3532 1373 prelio
3566 1317 3685 1357 rem

2040 1387 2335 1443 decernat.
2371 1387 2438 1441 Et
2468 1386 2882 1444 Muchumetus
2913 1389 3158 1445 armatis
3189 1390 3515 1446 Saracenis.
3548 1391 3687 1446 Per-

2042 1477 2144 1543 sis,
2177 1476 2413 1532 Caberis
2459 1483 2516 1532 et
2563 1476 2876 1545 Arabibus,
2920 1478 3176 1534 exercitu
3225 1479 3685 1552 quingentorum

2042 1564 2271 1620 circiter
2302 1564 2557 1620 millium
2580 1571 2873 1622 contracto
2897 1583 2963 1622 ac
2984 1572 3219 1622 centum
3251 1567 3560 1640 turrigeris
3581 1567 3693 1623 ele-

2044 1653 2300 1724 phantis,
2329 1653 2485 1709 hosti
2506 1656 2662 1726 apud
2695 1654 2888 1711 locum
2913 1656 3006 1711 cui
3035 1656 3343 1729 Aspachan
3369 1673 3582 1713 nomen
3603 1673 3693 1712 oc-

2041 1742 2245 1797 currit.
2282 1741 2362 1797 lbi
2394 1743 2578 1798 atroci
2611 1750 2881 1799 conserta
2911 1760 3110 1817 pugna
3140 1745 3464 1817 multisque
3494 1745 3689 1801 utrin-

2044 1848 2156 1902 que
2187 1832 2554 1899 cadentibus,
2576 1832 2701 1904 ipse
2733 1832 2909 1888 etiam
2943 1833 3533 1901 Muchumetus,dum
3555 1833 3694 1889 hinc

2045 1920 2182 1976 inde
2213 1921 2511 1976 incautius
2557 1921 2856 1992 obequitat
2901 1939 3160 1993 suosque
3204 1922 3400 1979 verbis
3443 1922 3692 1990 animat,

2044 2026 2194 2081 equo
2225 2009 2505 2082 collapso,
2539 2011 2790 2067 cervices
2824 2011 3038 2084 frangit
3065 2029 3132 2068 ac
3162 2012 3431 2067 moritur.
3460 2011 3691 2068 Mortuo

2043 2098 2193 2170 ipso,
2227 2100 2513 2154 exercitus
2540 2115 2675 2155 cum
2724 2101 2932 2156 Turcis
2963 2101 3284 2172 conspirat,
3333 2104 3393 2156 et
3422 2102 3691 2157 omnium

2042 2188 2341 2244 voluntate
2399 2189 2856 2260 Tansgolipaces
2906 2190 3114 2245 Persia:
3166 2206 3265 2245 rex
3332 2188 3691 2246 declaratur.

2045 2278 2245 2349 Regno
2268 2282 2504 2348 accepto
2536 2277 2738 2333 statim
2761 2278 2967 2332 Turcis
2991 2278 3216 2334 aditum
3240 2278 3297 2333 in
3323 2279 3478 2335 570
3506 2278 3696 2335 Persi-

2045 2366 2175 2421 dem
2209 2366 2434 2439 aperit;
2468 2370 2643 2437 atque
2676 2366 2734 2421 hi
2767 2367 3072 2423 confertim
3104 2384 3168 2423 eo
3203 2384 3265 2424 se
3297 2367 3693 2439 contulerunt,

2046 2456 2300 2528 exceptis
2333 2472 2482 2527 quos
2514 2455 2715 2527 patria:
2749 2472 2916 2512 amor
2943 2457 3258 2522 detinebat,
3279 2457 3699 2530 oppressisque

2044 2544 2239 2600 Persis
2266 2561 2332 2599 ac
2362 2544 2670 2600 Saracenis
2730 2561 2898 2601 suam
2952 2545 3217 2601 fecerunt
3263 2545 3584 2615 Persidem,
3631 2561 3700 2601 ac

2045 2633 2453 2705 Tangrolipaci
2477 2648 2687 2688 nomen
2713 2632 2935 2689 sultani
2959 2633 3393 2703 imposuerunt,
3418 2651 3536 2707 qua
3564 2649 3702 2690 voce

2048 2738 2320 2777 summus
2351 2722 2428 2775 im
2441 2728 2671 2789 ,ierator
2703 2738 2768 2777 ac
2801 2739 2901 2777 rex
2945 2738 3150 2793 regum
3194 2726 3449 2779 notatur.
3484 2723 3538 2778 Is
3569 2738 3697 2778 om-

2050 2826 2154 2865 nes
2189 2810 2571 2881 magistratus
2618 2811 2691 2866 ab
2723 2810 2931 2866 incolis
2979 2809 3039 2865 in
3083 2828 3224 2867 suos
3252 2811 3580 2882 transtulit,
3609 2811 3700 2866 in-

2048 2902 2254 2970 terque
2288 2898 2391 2953 hos
2441 2898 2774 2954 universam
2826 2898 3026 2954 divisit
3082 2899 3403 2968 Persidem,
3454 2916 3699 2972 prorsus

2050 2987 2409 3043 conculcatis
2436 2988 2751 3060 indigenis.

295 3078 398 3145 ἁζει
433 3077 579 3132 κατὰ
632 3076 695 3131 τὸ
753 3075 1042 3151 λεγόμενον
1077 3076 1373 3149 Ἀσπαχᾶν.
1407 3074 1509 3130 Καὶ
1561 3075 1858 3149 γενομένης
1911 3075 2097 3150 μάχης
2152 3069 2539 3150 φοϐερωτάτης
2597 3071 2784 3130 ἔπεσον
2843 3075 2938 3149 μὶν
2995 3074 3047 3145 ἐξ
3077 3075 3403 3153 ἀμφοτέρων
3459 3074 3700 3136 πολλοι.

292 3163 472 3217 πίπτει
495 3159 556 3217 δὲ
585 3161 677 3216 καὶ
709 3160 869 3222 αὐτὸς
900 3161 930 3215 6
963 3164 1311 3234 Μουχοῦμετι
1350 3158 1778 3233 ἐξιππαζόμενος
1829 3159 1929 3235 γὰρ
1978 3159 2219 3221 ἀτάκτως
2273 3157 2418 3222 ἔνθεν
2469 3162 2714 3224 κάκεῖθεν
2766 3160 2857 3215 καὶ
2906 3161 2998 3216 τὸν
3032 3160 3237 3216 οἷ’κεῖον
3269 3162 3699 3239 παραθαρρύνων

295 3248 567 3317 λαὸν,τοῦ
593 3247 769 3304 ’ίππου
794 3250 1162 3322 συμπεσόντος
1194 3248 1342 3321 αὑτῴ
1374 3246 1827 3324 ἐκτραχηλισθιές
1854 3246 2098 3305 ἀπέθανε.
2129 3247 2333 3303 Τούτου
2383 3246 2441 3303 δὲ
2486 3248 2746 3311 πεσόντος
2790 3249 2854 3303 τὸ
2913 3248 3004 3303 σὺν
3064 3249 3213 3323 αὐτῷ
3265 3249 3482 3319 πλῆθος
3542 3250 3698 3324 ὡμο-

291 3340 445 3408 νόησε
491 3344 616 3400 τοῖς
643 3337 953 3409 .ἐναντίοις,
986 3336 1075 3392 καὶ
1107 3338 1135 3390 6
1164 3335 1556 3412 Ταγγρολίπηξ
1612 3337 1714 3391 ὑπὸ
1763 3336 1977 3391 πάντων
2021 3336 2401 3412 ἀναγορεύεται
2456 3336 2710 3413 βασιλεὺς
2752 3344 2852 3407 τῆς
2897 3335 3176 3413 Περσίδος.
3230 3338 3582 3416 Ἀναρῥηθεὶς
3641 3337 3699 3394 δὲ

292 3427 507 3502 πέμψας
538 3431 790 3501 καθαιρεῖ
818 3427 916 3495 τὴν
950 3424 1003 3481 ἐν
1024 3429 1092 3500 τῇ
1125 3425 1332 3503 γεφύρᾳ
1368 3428 1465 3479 τοῦ
1514 3423 1796 3501 ’Δραξιδος
1836 3422 2108 3500 φυλακὴν,
2140 3426 2229 3481 καὶ
2287 3424 2469 3481 ἄνετον
2530 3424 2719 3481 δίδωσι
2767 3431 2847 3498 τῷ
2906 3425 3227 3503 βουλομένῳ
3273 3431 3384 3483 τῶν
3439 3428 3700 3502 Τούρκων

288 3518 385 3586 τήν
416 3516 472 3579 ἐς
502 3518 612 3585 τήν
650 3513 886 3590 Περσίδα
914 3515 1160 3591 πορείαν.
1189 3514 1579 3578 ’Λπολυθέντες
1611 3512 1667 3569 δὲ
1701 3515 1852 3569 οὗτοι
1881 3513 2198 3591 εἰσέδραμον
2231 3514 2575 3589 παμπληθεὶ,
2607 3515 2753 3585 πλὴν
2800 3520 2907 3571 τῶν
2967 3516 3085 3571 ὅσοι
3128 3523 3229 3587 τῆς
3288 3517 3489 3572 ἑαυτῶν
3543 3516 3699 3573 ἀντε-

282 3605 542 3661 ποιοῦντο
575 3602 858 3680 πατρίδος,
892 3603 979 3659 καὶ
1007 3602 1326 3665 καθελόντες
1359 3604 1565 3678 Πέρσας
1599 3605 1686 3658 καὶ
1722 3603 2071 3680 Σαρακηνοὺς
2117 3604 2267 3659 αὐτοὶ
2307 3604 2490 3680 κύριοι
2545 3611 2647 3673 τῆς
2708 3602 2967 3681 Περσίδος
3014 3604 3274 3679 ἐγένοντο,
3304 3605 3396 3661 τὸν
3452 3610 3694 3683 Ταγγρο-

282 3693 493 3766 λίπηκα
554 3693 852 3749 σουλτάνον
912 3693 1297 3766 ἂνομάσαντες,
1329 3692 1572 3747 τουτέστι
1629 3693 2043 3768 παντοκράτορα
2099 3694 2187 3747 καὶ
2249 3693 2476 3770 βασιλέα
2539 3694 2827 3768 βασιλέωνο
2861 3695 2921 3756 ’ὀς
2977 3694 3150 3756 πάσας
3205 3694 3302 3756 τὰς
3341 3694 3516 3770 ἀρχὰς
3568 3694 3695 3756 τοὺς

278 3784 597 3862 ἐγχωρίους
632 3783 965 3863 ἀφελόμενος
997 3783 1072 3845 εἷς
1102 3784 1378 3857 Τοῦρκους
1415 3785 1707 3861 μετήνεγκε
1739 3786 1820 3856 [Ρ.
1850 3786 1977 3856 769]
2002 3783 2091 3838 καὶ
2134 3785 2233 3854 τήν
2284 3782 2518 3860 Περσίδα
2557 3791 2729 3840 πᾶσαν
2779 3786 2916 3860 πρὸς
2962 3784 3157 3848 αὐτοὺς
3205 3782 3492 3857 διένειμεν,
3524 3784 3577 3847 ἐς
3633 3784 3695 3839 τὸ

277 3874 546 3937 παντελὲς
578 3873 919 3934 κατασπάσας
947 3873 1036 3928 καὶ
1068 3873 1403 3934 ταπεινώσας
1428 3871 1554 3934 τοὺς
1584 3872 1919 3947 ἐγχωρίους.

344 3966 436 4027 Ὠς
501 3962 566 4019 δὲ
623 3961 806 4018 καλῶς
864 3957 1008 4038 ἔχειν
1069 3958 1243 4016 ἐδόκει
1285 3960 1464 4034 τούτῳ
1515 3961 1584 4016 τὰ
1612 3962 1926 4036 πράγματα,

2114 3965 2450 4020 Secundum
2496 3964 2618 4020 haec
2667 3965 2940 4021 sultanus
2992 3982 3192 4038 regno,
3251 3969 3314 4021 ut
3368 3963 3693 4035 videbatur,

278 4052 551 4128 πρότερον
593 4051 687 4123 μὶν
718 4056 832 4112 τοῖς
880 4050 1110 4123 ομόροις
1169 4046 1452 4112 δυνάσταις
1511 4047 1714 4125 ἤρξατο
1769 4049 1935 4104 πολε-

282 4148 425 4213 μεῖν,
456 4140 727 4216 καὶπρὸς
761 4140 855 4213 μὶν
907 4140 998 4193 τὸν
1050 4139 1397 4215 Πισσασίριον
1454 4140 1554 4208 τῆς
1606 4133 1934 4201 Βαϐυλῶνος

281 4229 532 4307 ἄρχοντα
564 4229 728 4290 αὐτὸς
780 4225 847 4282 δι’
878 4227 1068 4282 ἑαυτοῦ
1123 4226 1478 4302 παρετάξατο,
1507 4229 1597 4281 καὶ
1653 4223 1935 4302 διαφόροις

284 4321 493 4395 μάχαις
549 4318 741 4372 τοὸτον
800 4318 1039 4387 ἡττήσας
1085 4315 1172 4370 καὶ
1218 4313 1425 4369 ἀνελὼν
1454 4314 1644 4388 κύριος
1692 4315 1781 4369 καὶ
1836 4322 1935 4384 τῆς

284 4404 657 4463 Βαϐυλωνίων
698 4406 885 4482 χώρας
923 4404 1157 4480 ἐγένετο,
1188 4404 1323 4479 πρὸς
1373 4401 1431 4458 δὲ
1488 4398 1786 4478 Καρϐἑσιον
1845 4404 1934 4458 τὸν

279 4501 379 4549 τῶν
426 4490 689 4570 Ἀράϐων
742 4493 993 4568 ἀρχηγὸν
1057 4492 1444 4566 Κουτλουμυῦς
1506 4491 1794 4565 ἐκπέμπει,
1822 4492 1936 4546 υἱὸν

282 4581 404 4639 ὄντα
433 4589 540 4639 τοῦ
576 4581 816 4660 ἀδελφοῦ
846 4587 941 4637 τοῦ
986 4580 1188 4636 οἰκείου
1241 4581 1468 4657 πατρὸς,
1501 4586 1663 4658 χεῖρα
1722 4582 1937 4657 βαρεῖαν

282 4671 404 4735 δοὺς
459 4673 640 4744 αὐτῷ·
675 4672 736 4735 ’ὀς
790 4669 1041 4735 ἀπελθὼν
1108 4670 1196 4725 καὶ
1251 4674 1369 4732 τοῖς
1398 4671 1604 4745 ’Ἄραψι
1644 4665 1941 4742 συμϐαλὼν

289 4765 497 4833 ἧττήθη
560 4761 655 4815 καὶ
712 4757 968 4836 αἴσχιστα
1026 4757 1238 4837 ἔφυγεν.
1286 4760 1661 4838 Ὑποστρὲιρων
1720 4756 1778 4813 δὶ
1835 4758 1941 4813 ἀπὸ

284 4859 377 4920 τῆς
405 4853 657 4924 τροπῆς,
688 4848 778 4904 καὶ
837 4846 1057 4923 μέλλων
1115 4845 1377 4903 διοδεύειν
1433 4848 1538 4903 ἀπὸ
1586 4850 1683 4917 τῆς
1728 4845 1942 4919 Μηδίας

284 4939 407 5009 ἤτοι
465 4943 576 4994 τοῦ
633 4938 988 5010 Βαασπρακᾶν
1047 4937 1213 5012 (ἦρχε
1270 4934 1328 4991 δὶ
1381 4935 1505 4992 τότε
1560 4944 1660 5008 τῆς
1686 4936 1944 5008 τοιαύτης

284 5029 474 5103 χώρας
539 5027 606 5082 ἔκ
656 5024 926 5102 βασιλέως
973 5025 1241 5101 πεμφθεὶς
1297 5024 1567 5104 Στέφανος
1599 5026 1881 5102 πατρίκιος
1915 5027 1942 5080 6

288 5115 704 5171 Κωνσταντίνου
747 5118 844 5169 τοῦ
890 5111 1454 5189 παραδυναστεῦοντος
1505 5117 1617 5189 (35)
1662 5118 1741 5187 τῷ
1793 5115 1943 5189 βασι-

288 5205 373 5260 λεῖ
427 5211 537 5275 τῆς
590 5199 916 5279 Λειχουδίας
973 5205 1084 5277 (36)
1147 5202 1284 5277 υἱὸς)
1316 5200 1530 5258 στέλλει
1590 5203 1727 5277 πρὸς
1785 5202 1943 5258 αὐτὸν

2049 4053 2323 4123 praeclare
2351 4054 2691 4119 constituto,
2724 4054 2875 4109 bello
2910 4060 3103 4126 petere
3148 4055 3431 4109 finitimos
3462 4052 3696 4126 regulos

2047 4142 2329 4197 instituit.
2356 4141 2641 4212 Factaque
2664 4142 2720 4196 in
2747 4141 3121 4197 Pissasirium
3141 4139 3455 4213 Babylonis
3486 4139 3695 4195 ducem

2046 4231 2437 4302 expeditione,
2469 4230 2720 4285 diversis
2751 4230 2966 4302 praeliis
2996 4246 3131 4286 eum
3178 4229 3363 4285 vincit
3399 4234 3576 4301 atque
3607 4230 3696 4283 in-

2046 4319 2278 4385 terficit,
2313 4323 2370 4373 et
2398 4318 2505 4373 hoc
2555 4320 2729 4373 modo
2782 4319 3134 4391 Babylonica
3182 4319 3404 4374 ditione
3454 4319 3725 4389 potiturx

2046 4407 2185 4462 lude
2216 4408 2499 4463 adversus
2525 4407 2866 4463 Carbesium
2889 4409 3146 4462 Arabum
3172 4407 3496 4480 principem
3528 4404 3697 4461 emit-

2047 4496 2119 4550 tit
2151 4512 2363 4567 magno
2411 4513 2544 4551 cum
2596 4496 2850 4551 exercitu
2908 4495 3352 4561 Cutlumusum,
3393 4494 3578 4567 patris
3606 4494 3697 4549 sui

2052 4586 2225 4639 fratre
2260 4593 2484 4640 natum.
2518 4588 2593 4653 Is,
2628 4584 2946 4641 commisso
2976 4602 3110 4640 cum
3153 4585 3446 4640 Arabibus
3479 4582 3697 4654 praelia,

2051 4679 2362 4745 superatus
2394 4674 2641 4745 turpiter
2689 4674 2856 4744 fugit.
2910 4674 3175 4744 Cumque
3211 4673 3273 4729 in
3320 4672 3512 4728 reditu
3544 4680 3700 4726 esset

2052 4778 2153 4833 per
2209 4762 2463 4818 Mediam
2522 4762 2719 4831 (hodie
2778 4763 3147 4834 Baaspracan
3205 4760 3554 4833 appellatur)
3588 4760 3701 4814 iter

2054 4850 2337 4914 tacturus,
2372 4850 2441 4905 ad
2475 4851 2602 4920 ejus
2636 4852 2971 4922 praefectum
2998 4851 3066 4917 (is
3096 4854 3220 4904 erat
3244 4851 3315 4904 ab
3346 4849 3700 4920 imperatore

2054 4939 2454 4994 Romanorum
2486 4956 2552 4994 eo
2587 4939 2826 5007 missus,
2861 4939 3196 5008 Stephanus
3228 4937 3530 5008 patricius,
3558 4936 3701 4992 Con-

2054 5026 2319 5096 stantini,
2352 5028 2454 5098 qui
2503 5045 2621 5082 una
2667 5044 2799 5082 cum
2852 5030 3202 5097 imperatore
3250 5026 3707 5082 administrabat

2056 5116 2480 5189 rempublicam
2530 5115 2855 5171 Leichudisa
2889 5115 3064 5186 ﬁlius)
3089 5115 3289 5171 missis
3313 5114 3525 5188 legatis
3557 5113 3708 5168 libe-

2056 5221 2188 5259 rum
2212 5204 2326 5260 sibi
2356 5205 2668 5259 transitura
2696 5203 2951 5276 permitti
2977 5202 3140 5274 petit,
3156 5204 3543 5275 jurejurando
3573 5218 3709 5277 gra-

1495 5329 1864 5385 XYLANDRI
1904 5329 1993 5384 ET
2030 5328 2257 5385 GOARI
2298 5327 2528 5383 NOTAE.

355 5438 477 5509 (85)
513 5436 835 5506 Dignitatis
866 5451 969 5509 seu
994 5436 1379 5509 magistratus
1405 5441 1495 5492 est
1518 5452 1752 5509 nomen,
1779 5435 1953 5509 quasi

291 5507 684 5582 imperatoris
715 5508 994 5582 vicarium
1047 5507 1363 5581 designans
1408 5514 1463 5565 ct
1512 5507 1820 5582 collegam,
1853 5508 1953 5582 qui

291 5588 346 5638 et
375 5579 589 5640 rector
621 5579 940 5637 dicebatur.
967 5583 1107 5634 XvL.

2135 5435 2247 5506 (36)
2294 5434 2474 5490 Paulo
2532 5451 2713 5505 supra
2769 5433 3138 5492 Constantini
3195 5434 3499 5492 Leichuda
3557 5433 3713 5506 facta

2064 5504 2307 5577 mentio,
2340 5507 2398 5561 in
2435 5504 2690 5563 TurniCii
2720 5506 3082 5564 defectione:
3117 5523 3273 5565 nunc
3312 5523 3415 5563 cur
3442 5511 3545 5575 τῆς
3574 5504 3716 5562 arti-

2065 5576 2238 5636 culus
2269 5576 2588 5636 femininus
2620 5578 2698 5636 sit
2726 5578 2965 5636 additus
2998 5579 3216 5649 nescio,
3251 5580 3365 5637 nisi
3398 5579 3555 5651 quod
3577 5594 3718 5634 con-
