3972 6146
218 238 337 300 303

1549 243 1860 304 GEORGII
1915 243 2250 300 CEDRENI

3511 250 3628 310 304

216 365 463 422 vissimo
523 365 889 439 interposito,
949 367 1247 439 pollicitus
1307 385 1368 424 se
1413 369 1557 425 571
1615 385 1851 438 suosquc

1982 362 2336 439 πρεσϐευτὰς,
2391 367 2552 436 ἀξιῶν
2613 371 3045 445 συγχωρηθῆναι
3111 367 3344 426 διελθεῖν
3415 371 3628 428 ἀκωλύ-

222 457 446 526 absque
495 453 782 510 maleﬁcio
832 458 1202 512 transituros.
1235 459 1307 511 At
1352 457 1688 528 Stephanus
1742 474 1870 512 eam

221 545 562 616 petitionem
585 561 617 599 a
633 544 952 600 timiditate
980 549 1290 617 profectam
1311 547 1868 618 Opinatus,exercitu

222 651 342 689 sua:
375 637 682 706 provinciae
715 635 978 700 collecto,
1014 637 1070 689 in
1106 640 1322 690 Turcos
1357 641 1638 706 tanquam
1673 635 1871 690 hostes

223 723 406 778 ducit.
459 724 888 779 Gravissimum
937 741 1006 778 ea
1066 741 1157 778 res
1207 724 1467 777 dolorem
1529 723 1870 778 Cutlumuso

223 811 440 879 attulit,
473 814 690 885 quippe
743 813 911 881 cuius
961 813 1251 867 exercitus
1301 813 1516 881 omnis,
1567 818 1769 882 utpote
1798 814 1869 866 ab

220 903 465 957 adverso
497 901 694 973 praelia
719 903 971 968 rediens,
1007 905 1273 971 pedester
1297 901 1660 972 inermisque
1691 909 1866 957 esset.

219 991 467 1046 Coactus
505 996 698 1046 tamen
760 989 1052 1056 conﬂixit,
1112 990 1531 1061 victoriamque
1591 991 1864 1058 obtinuit,

217 1085 388 1153 capto
417 1097 550 1134 cum
585 1079 787 1134 multis
810 1079 939 1134 aliis
971 1081 1145 1134 etiam
1181 1080 1307 1152 ipso
1331 1081 1625 1152 Stephano
1653 1098 1664 1136 :
1691 1097 1864 1152 quem

213 1179 272 1225 et
302 1171 363 1226 in
395 1170 589 1225 reditu
617 1169 774 1240 apud
807 1169 1150 1224 Tabrezium
1183 1169 1290 1224 loci
1315 1171 1444 1240 ejus
1473 1170 1709 1225 domino
1733 1187 1866 1225 ven-

217 1259 383 1314 didit.
418 1258 701 1313 Caeterum
735 1259 805 1314 ad
841 1257 1143 1313 sultanum
1175 1274 1446 1312 reversus
1481 1258 1865 1314 Cutlumusos

218 1349 288 1404 de
318 1354 558 1419 accepta
585 1347 750 1402 clade
780 1363 842 1402 se
874 1351 1105 1418 purgat,
1139 1346 1312 1418 culpa
1341 1348 1400 1400 in
1451 1347 1597 1401 alios
1629 1347 1863 1416 collata,

216 1436 642 1508 polliceturque
671 1435 720 1492 si
753 1452 990 1490 rursum
1020 1452 1154 1490 cum
1198 1435 1381 1506 copiis
1415 1436 1696 1490 adversus
1728 1436 1861 1490 Car—

215 1527 448 1582 besium
479 1525 768 1592 mittatur,
821 1524 984 1579 facile
1033 1540 1096 1578 se
1141 1524 1404 1578 Arabiam
1455 1526 1859 1578 subacturum.

215 1615 416 1670 Obiter
468 1614 644 1670 etiam
704 1615 774 1668 de
832 1613 1258 1685 Baaspracania
1311 1615 1510 1683 refert,
1567 1613 1858 1684 regionem

215 1721 344 1760 esse
374 1702 800 1760 fertilissimam
833 1709 893 1757 et
923 1721 956 1756 a
987 1702 1336 1756 mulieribus
1365 1703 1572 1772 teneri,
1605 1705 1690 1756 sic
1720 1703 1860 1756 obli-

214 1809 328 1866 que
357 1797 569 1848 notans
603 1791 840 1858 milites,
872 1807 1004 1846 cum
1037 1791 1256 1861 quibus
1289 1791 1612 1846 dimicaret.
1649 1792 1854 1846 Verum

212 1882 487 1938 sultanus
513 1882 562 1936 ei
596 1882 668 1935 ob
718 1881 971 1936 dedecus
1021 1879 1237 1934 amissis
1270 1879 1520 1934 victoria:
1573 1880 1757 1934 iratus
1788 1880 1858 1934 de

213 1970 761 2043 comprehendendo
798 1970 1230 2039 occidendoque
1262 1969 1498 2022 homine
1529 1968 1857 2040 cogitabat;

209 2062 488 2116 adversus
512 2063 704 2114 autem
728 2058 1022 2114 Romanos
1045 2075 1210 2113 arma
1233 2075 1460 2113 movere
1485 2057 1855 2125 formidabat,

207 2151 334 2221 ipso
367 2149 603 2204 nomine
631 2162 824 2201 rerum
875 2146 1150 2217 praeclare
1197 2163 1230 2200 a
1261 2145 1452 2200 tribus
1485 2145 1854 2217 imperatori-

206 2241 317 2295 bus
347 2237 694 2310 Nicephoro,
727 2235 1014 2291 Tzimisca
1047 2241 1103 2291 et
1133 2235 1348 2290 Basilio
1392 2239 1688 2306 gestarum
1725 2252 1854 2306 per-

202 2329 466 2395 territus,
527 2325 956 2397 suspicansque
991 2325 1280 2380 ‘eamdem
1341 2341 1470 2380 esse
1527 2324 1853 2379 etiamnum

200 2419 480 2473 virtutem
513 2415 912 2471 Romanorum
947 2417 1124 2485 atque
1156 2414 1496 2485 potentiam.
1533 2413 1856 2467 Dubitabat

199 2513 396 2563 tamen
430 2507 814 2574 incertusque
865 2503 1049 2558 animi
1101 2503 1464 2557 deliberabat
1513 2501 1648 2573 quid
1683 2519 1853 2573 agen-

205 2598 344 2652 dum
395 2595 548 2652 572
599 2593 762 2648 foret.
819 2593 926 2647 Sed
991 2591 1377 2646 Cutlumusus
1425 2591 1677 2645 insidias
1719 2608 1850 2646 sen-

205 2687 360 2741 tiens
391 2699 524 2738 cum
557 2683 682 2738 suis
715 2682 900 2752 fugit;
937 2682 1260 2752 urbemque
1291 2679 1349 2734 in
1381 2679 1738 2734 Chorasmiis
1771 2681 1850 2734 si-

207 2782 352 2840 tam,
387 2775 481 2828 cui
534 2777 712 2826 Pasar
761 2786 995 2834 nomen,
1047 2769 1506 2823 munitissimam
1559 2785 1853 2840 occupans

209 2862 441 2918 sultano
473 2861 835 2915 adversatur.
862 2857 1143 2913 Sultanus
1165 2858 1222 2912 in
1249 2857 1556 2928 prasentia
1583 2873 1648 2912 eo
1670 2857 1849 2912 omis-

209 2969 273 3007 so
303 2966 436 3006 cum
470 2947 746 3004 omnibus
791 2947 913 3002 suis
964 2946 1146 3018 cepiis
1177 2952 1376 3001 contra
1427 2945 1645 3000 Arabes
1677 2947 1850 3017 proﬁ-

210 3042 470 3106 ciscitur,
503 3045 560 3093 et
588 3039 662 3092 ab
683 3037 756 3092 iis
777 3037 900 3108 ipse
921 3053 1152 3107 quoque
1171 3035 1530 3107 profligator.
1566 3035 1852 3090 Reversus

1980 477 2088 516 τως
2126 499 2138 523 ,
2199 456 2632 530 ὑπισχνούμενος
2721 460 2837 530 μεθ’
2924 457 3098 530 ὅρκων
3183 457 3629 534 φρικωδεστάτων

1982 543 2254 618 ἄψαυστον
2311 545 2396 598 καὶ
2454 546 2610 614 ἀσινῆ
2673 544 2998 622 διατηρῆσαι
3057 549 3155 616 τὴν
3217 549 3426 623 χώραν,
3462 552 3522 608 Ὀ
3573 551 3630 607 δῖε

1978 632 2103 694 τοὺς
2132 629 2384 708 πρέσϐεις
2416 631 2700 708 δεξάμενος
2731 637 2820 690 καὶ
2867 639 2968 704 τήν
3023 637 3368 712 παράκλησιν
3420 637 3626 696 δειλίαν

1983 722 2110 774 εἶναι
2145 723 2513 790 ὑποτοπάσας,
2546 725 2638 778 τὸν
2669 724 2944 799 ἐγχώριον
2991 727 3244 801 ἀθροίσας
3295 729 3518 798 στρατὸν
3551 731 3625 792 ὡς

1981 811 2059 872 εἷς
2117 810 2362 884 πόλεμον
2426 814 2733 882 ὑπαντιάζει
2789 821 2905 876 τοῖς
2938 815 3216 888 Τοῦρκοις.
3259 818 3320 872 Ὁ
3368 815 3432 870 δά
3489 825 3620 874 Κου-

1977 898 2254 972 τλουμοῦς
2283 901 2588 978 περιαλγὴς
2625 904 2717 976 μὶν
2753 903 2838 958 ἐπὶ
2885 909 3000 958 τοῖς
3051 907 3446 980 πραττομένοις
3501 905 3618 982 ἐγέ-

1977 1009 2096 1041 νετο
2133 990 2214 1058 (ἦν
2247 992 2349 1064 γὰρ
2383 993 2410 1044 ὁ
2441 993 2556 1045 κατ’
2587 992 2746 1046 αὑτὸν
2803 992 2932 1054 λαὸς
2990 995 3148 1062 ἅπας,
3179 994 3253 1056 ὡς
3306 993 3366 1048 ἐκ
3411 1004 3621 1069 τροπῆς

1977 1076 2285 1147 ἐπανήκων,
2346 1081 2504 1150 πεζὸς
2560 1083 2650 1134 καὶ
2709 1081 2960 1154 ἄοπλος),
3010 1081 3163 1155 ὅμως
3218 1080 3275 1137 δὶ
3332 1085 3418 1138 καὶ
3477 1081 3620 1138 ἄκων

1976 1166 2283 1242 ἠναγκάσθη
2355 1169 2898 1242 ἀντιπαρατάξασθαι.
2955 1171 3051 1224 Καὶ
3130 1166 3416 1243 συμϐολῆς
3469 1194 3620 1248 γενο-

1981 1255 2144 1331 μένης
2171 1259 2462 1332 τρέπονται
2497 1259 2552 1312 οἱ
2583 1261 2704 1333 περὶ
2759 1260 2849 1313 τὸν
2905 1260 3197 1337 Στέφανον,
3229 1257 3506 1316 ἁλίσκεται
3565 1261 3621 1318 δὶ

1974 1345 2062 1400 καὶ
2096 1345 2255 1407 αὐτὸς
2283 1346 2644 1422 αἰχμάλωτος
2679 1347 2771 1402 σὺν
2823 1347 3016 1410 ἄλλοις
3067 1347 3323 1410 πολλοῖς.
3353 1352 3450 1404 Καὶ
3495 1357 3618 1406 τοῦ-

1973 1456 2065 1490 τον
2105 1435 2197 1507 μὲν
2259 1433 2620 1510 διερχόμενος
2673 1439 2809 1490 κατά
2857 1438 2919 1490 τὸ
2969 1432 3262 1508 Ταϐρέζιον
3311 1437 3623 1511 ἀπεμπολεῖ

1971 1529 2051 1597 τῷ
2071 1524 2326 1600 τοπάρχῃ
2368 1532 2466 1593 τῆς
2503 1525 2714 1600 χώρας,
2751 1523 2909 1580 αὖτὸς
2968 1523 3024 1579 δὲ
3075 1527 3213 1601 πρὸς
3249 1527 3340 1580 τὸν
3398 1527 3622 1583 σουλτά-

1971 1635 2058 1668 νον
2100 1611 2404 1667 ἐπανελθὼν
2463 1613 2552 1666 καὶ
2602 1613 2722 1686 περὶ
2773 1621 2872 1682 τῆς
2910 1617 3119 1688 τροπῆς
3172 1613 3620 1689 ἀπολογούμενος

1976 1700 2234 1774 μετετίθει
2293 1702 2386 1763 τὰς
2439 1701 2616 1764 αἰτίας
2678 1703 2751 1763 εἷς
2805 1701 3033 1770 ἄλλους,
3091 1703 3182 1756 καὶ
3215 1704 3613 1779 ἐπηγγέλλετο,

1971 1791 2016 1846 ei
2077 1790 2226 1854 αὖθις
2313 1788 2540 1863 δύναμιν
2627 1787 2809 1845 λαϐὼν
2891 1791 3261 1866 ἐκστρατεύσει
3327 1795 3462 1848 κατὰ
3517 1795 3614 1849 τοῦ

1969 1876 2287 1954 Καρϐεσίου,
2349 1879 2476 1954 ῥᾷον
2538 1881 2683 1952 αὐτῷ
2737 1883 3097 1953 παραστήσειν
3169 1881 3268 1950 τήν
3331 1877 3610 1956 Ἀραϐίαν.

1968 1970 2055 2032 Ὡς
2111 1968 2162 2020 ὲν
2224 1965 2450 2044 παρόδῳ
2483 1965 2540 2022 δὲ
2569 1970 2835 2046 ἀφηγεῖτο
2873 1971 2962 2024 καὶ
3005 1970 3128 2044 περῖ
3183 1976 3281 2024 τοῦ
3331 1974 3614 2044 Βαασπρα-

1966 2059 2086 2125 κάν,
2122 2057 2197 2119 ὡς
2229 2055 2312 2126 εἷή
2351 2057 2443 2128 μὲν
2497 2058 2656 2132 χώρα
2699 2059 3012 2136 πάμφορος,
3063 2059 3347 2134 κατέχεται
3407 2059 3464 2115 δὶ
3508 2063 3612 2116 ὑπὸ

1964 2150 2254 2220 γυναικῶν,
2311 2145 2436 2206 τοὺς
2505 2145 2964 2218 πεπολεμηκὸτας
3041 2148 3174 2223 πρὸς
3233 2149 3394 2204 αὐτὸν
3454 2172 3612 2226 στρα-

1965 2233 2161 2295 τιώτας
2223 2233 2687 2306 ὗπαινιττόμενος.
2736 2232 2892 2289 Ἀλλ’
2942 2233 3142 2289 ἐκεῖνον
3209 2237 3301 2307 μὶν
3354 2239 3382 2292 6
3447 2237 3614 2294 σουλ-

1964 2323 2118 2384 τάνος
2149 2329 2442 2398 κατασχεῖν
2477 2321 2729 2396 ἐμελέτα,
2764 2322 2852 2378 διὰ
2879 2324 2940 2379 τι)
2992 2325 3183 2402 αἶσχος
3235 2327 3464 2398 μηνίσας
3517 2333 3616 2398 τῆς

1965 2411 2161 2482 ἥττης,
2193 2412 2283 2466 καὶ
2339 2413 2671 2482 ἀποκτεῖναι,
2701 2413 2837 2484 πρὸς
2887 2410 2943 2466 δὲ
2982 2414 3288 2486 Ῥωμαίους
3336 2415 3479 2470 ὅπλα
3526 2439 3614 2472 κι-

1964 2504 2120 2568 νῆσαι
2152 2497 2458 2570 ἁπεδειλία,
2495 2497 2686 2564 δεδιὼς
2737 2501 2826 2554 καὶ
2885 2502 3121 2577 φρίττων
3182 2503 3242 2558 ἐκ
3290 2505 3460 2576 μόνης
3513 2511 3612 2571 τῆς

1965 2592 2155 2666 φήμης
2187 2590 2253 2642 τὰ
2280 2593 2389 2642 τῶν
2413 2591 2891 2664 προηγησαμένων
2937 2595 3100 2666 τριῶν
3155 2590 3419 2667 βασιλέων
3453 2593 3610 2670 ἀνδρ-

1964 2680 2292 2753 αγαθήματα
2328 2723 2341 2748 ,
2381 2679 2699 2752 Νικηφόρου
2732 2720 2745 2744 ,
2808 2679 3059 2734 Ἰωάννου
3111 2682 3200 2735 καὶ
3271 2681 3558 2738 Βασιλείου
3593 2727 3609 2755 ,

1961 2767 2051 2822 καὶ
2089 2768 2404 2821 ὑποπτεύων
2457 2769 2558 2835 τὴν
2627 2767 2790 2834 αὐτὴν
2853 2767 3048 2842 ἀρετὴν
3105 2764 3182 2824 ἔτι
3239 2771 3328 2824 καὶ
3379 2769 3608 2844 δύναμιν

1961 2855 2560 2930 προσεῖναιῬωμαίοις
2611 2857 2804 2927 ’Ὁμως
2869 2856 3211 2933 ὀμφίρροπος
3255 2861 3320 2927 ἦν
3380 2861 3468 2914 καὶ
3525 2860 3606 2915 δι-

1961 2945 2293 3020 χογνώμων,
2351 2944 2438 2998 καὶ
2497 2941 2728 3017 ἐμελέτα
2781 2946 2842 2999 τὸ
2883 2948 3159 3016 ποιητέον.
3212 2946 3605 3022 Κουτλουμοῦς

1963 3033 2018 3087 δὲ
2048 3032 2210 3106 γνοὺς
2237 3033 2334 3100 τὴν
2369 3027 2665 3100 ἐπιϐουλὴν
2700 3033 2880 3109 φεύγει
2942 3035 3076 3106 μετᾶ
3128 3037 3233 3090 τῶν
3289 3037 3378 3090 σὺν
3431 3038 3600 3110 αὐτῷ,

210 3131 478 3196 domum,
509 3126 925 3196 dedecorisque
953 3130 1010 3180 et
1041 3125 1482 3197 Opprobriorum
1515 3123 1848 3180 Cutlumusi

1965 3123 2050 3176 καὶ
2082 3121 2241 3176 πόλιν
2273 3121 2626 3196 ὀχυρωτάτην
2673 3124 2961 3197 κατασχὼν
2997 3125 3050 3178 ἐν
3101 3128 3453 3200 Χωρασμίοις
3496 3149 3605 3182 κει-

211 3219 549 3289 impatiens,
582 3215 838 3270 maxima
868 3231 998 3268 cum
1043 3219 1208 3284 parte
1241 3213 1531 3268 exercitus
1583 3213 1848 3267 Pasarem

209 3309 456 3375 obsidet,
490 3323 557 3363 ac
585 3307 686 3362 diu
737 3321 876 3360 sane
927 3304 1246 3376 patruelem
1307 3321 1478 3359 suum
1532 3309 1848 3375 oppugnat,

207 3400 420 3454 fretum
467 3396 578 3452 loci
635 3395 964 3450 munitione
1022 3397 1079 3448 et
1137 3410 1288 3464 saepe
1338 3393 1642 3464 eruptione
1699 3393 1852 3447 facta

204 3487 442 3542 sultano
475 3485 630 3540 haud
663 3483 810 3538 levia
855 3483 1058 3537 damna
1102 3483 1358 3536 dantem.
1393 3481 1611 3546 Alium,
1655 3486 1848 3534 autem

205 3576 522 3632 exercitum
580 3573 818 3638 emittit,
871 3571 1102 3626 circiter
1151 3571 1356 3642 viginti
1391 3569 1620 3624 milium
1650 3574 1852 3623 contra

202 3665 518 3728 Romanos,
553 3664 700 3716 duce
733 3661 929 3716 fratris
979 3659 1068 3714 sui
1109 3659 1226 3714 filio
1274 3661 1464 3713 Asane
1504 3657 1851 3730 cognomine

197 3755 406 3821 Sardo,
443 3751 800 3822 mandatque
833 3748 884 3804 ei
929 3753 993 3803 ut
1025 3748 1326 3804 celerrime
1357 3753 1559 3820 pergat
1589 3753 1644 3801 et
1676 3749 1850 3802 rebus

196 3841 652 3898 succedentibus
711 3839 956 3894 Mediam
1005 3838 1263 3908 subigat.
1317 3837 1448 3891 Haec
1499 3837 1577 3891 ita
1635 3836 1851 3892 tumin

187 3933 423 3989 Perside
453 3935 603 3986 acta.

1965 3213 2154 3284 μένην,
2212 3210 2334 3280 ἥτις
2393 3212 2575 3284 Πάσαρ
2653 3211 2986 3284 ὠνόμασται,
3049 3212 3342 3276 ἀντίπαλος
3400 3217 3604 3290 γίνεται

1960 3301 2038 3376 τῷ
2092 3299 2394 3371 σουλτάνῳ.
2428 3300 2489 3355 Ὁ
2549 3297 2604 3353 δὲ
2655 3299 2717 3353 τὸ
2774 3304 2864 3353 νῦν
2925 3299 3054 3376 ἔχον
3087 3301 3222 3376 πρὸς
3263 3308 3451 3358 τοῦτον
3512 3305 3606 3378 μὲν

1963 3385 2316 3460 διαπολεμεῖν
2377 3386 2476 3441 οὐκ
2521 3385 2833 3460 ἐδοκίμασε,
2895 3392 2977 3462 [Ρ.
3013 3393 3139 3462 770]
3171 3391 3342 3456 πάσας
3399 3391 3454 3447 δὲ
3508 3396 3603 3456 τὰς

1961 3479 2151 3532 ἑαυτοῦ
2184 3475 2437 3548 δυνάμεις
2483 3475 2736 3550 ἀθροίσας
2777 3475 2955 3532 ἄπεισι
3006 3482 3142 3534 κατὰ
3197 3486 3305 3535 τῶν
3335 3478 3604 3554 Ἀράϐων,

1959 3565 2048 3619 καὶ
2109 3567 2294 3640 μάχης
2350 3565 2654 3638 γενομένης
2733 3567 2898 3620 πάλιν
2973 3567 3222 3644 τρέπεται
3281 3569 3370 3624 καὶ
3431 3571 3610 3633 αὐτός.

1960 3653 2310 3711 Ἐπανελθὼν
2345 3651 2402 3706 δὲ
2434 3654 2538 3708 ἀπὸ
2585 3657 2684 3722 τῆς
2731 3662 2969 3730 τροπῆς,
3001 3658 3088 3711 καὶ
3151 3660 3226 3730 μή
3278 3662 3452 3734 φέρων
3507 3662 3606 3730 τὴν

1961 3742 2223 3818 αἰσχύνην
2256 3742 2345 3796 καὶ
2377 3743 2437 3796 τὸ
2477 3743 2583 3797 ἀπὸ
2612 3748 2712 3798 τοῦ
2749 3743 3136 3818 Κουτλουμοῦς
3186 3743 3412 3811 ὄνειδος,
3444 3749 3606 3814 αὐτὸς

1965 3834 2057 3906 μέν
2106 3834 2166 3886 τὸ
2218 3831 2474 3886 πλεῖστον
2533 3831 2750 3900 πλῆθος
2803 3831 3088 3889 ἀναλαϐὼν
3142 3836 3350 3892 ἄπεισιν
3409 3837 3486 3900 εἰς
3543 3841 3606 3895 τὸ

1962 3922 2164 3996 Ηάσσρ,
2222 3920 2311 3974 καὶ
2372 3917 2639 3974 διετέλεσε
2704 3921 3107 3996 προσπολεμῶν
3176 3925 3338 4000 μέχρι
3387 3926 3604 3982 πολλοῦ

183 4026 264 4093 τῷ
338 4019 525 4090 οἰκείῳ
601 4017 838 4090 ἀνεψιῷ,
895 4019 964 4088 τῇ
1025 4013 1326 4089 ὀχυρότητι
1384 4019 1481 4082 τῆς
1540 4011 1754 4073 πόλεως
1813 4011 2098 4088 θαρᾇὖντι
2165 4009 2254 4064 καὶ
2313 4007 2585 4072 πολλάκις
2647 4011 3058 4067 ἀναπεταννύντι
3113 4013 3211 4074 τὰς
3277 4015 3452 4077 πύλας
3509 4019 3602 4072 καὶ

183 4108 536 4183 εξερχομένῳ
583 4105 673 4160 καὶ
733 4105 793 4158 οὐ
851 4108 1058 4178 μικρῶς
1108 4102 1235 4166 τοὺς
1287 4102 1408 4175 περὶ
1455 4103 1546 4156 τὸν
1599 4100 1890 4155 σουλῖένον
1947 4098 2266 4176 filix-own.
2311 4099 2453 4152 Κατᾶ

193 4197 398 4274 ἑτέραν,
456 4195 595 4271 ἀμφὶ
651 4194 746 4254 τὰς
803 4195 848 4246 κ’
906 4189 1183 4267 χιλιάδας,
1245 4191 1546 4267 στρατηγὸν
1623 4189 1916 4259 ἐπιστήσας
1999 4188 2132 4261 αὐτῇ

2541 4096 2598 4153 δὲ
2651 4101 2937 4172 Ῥωμαίων
3019 4100 3246 4176 δύναμιν
3329 4103 3600 4177 ἐκπέμπει

2223 4183 2594 4264 ἀδελφόπαιδα
2653 4189 2808 4244 Ἀσὰν
2888 4191 2979 4244 τὸν
3039 4189 3336 4265 λεγόμενον
3391 4197 3598 4268 κωφὸν,

187 4287 492 4359 ἐπισκήψας
535 4284 634 4352 τὴν
689 4282 952 4356 ταχίστην
1015 4281 1294 4354 ἀφικέσθαι
1353 4279 1440 4334 καὶ
1501 4279 1547 4333 εἲ
1599 4278 1924 4354 προχωροίη
1985 4279 2421 4353 προσκτήσασθαι
2483 4277 2628 4348 αὐτῷ
2677 4279 2776 4346 τὴν
2829 4277 3064 4347 Μηδίαν.
3119 4281 3214 4334 Καὶ
3268 4287 3436 4336 ταῦτα
3501 4283 3595 4356 μὶν

186 4377 476 4450 ἐπράττετο
507 4372 558 4428 ἐν
589 4369 826 4445 Περσίδι.

250 4465 592 4522 Pancratius
607 4480 777 4530 porro
799 4461 994 4516 lberiae
1009 4460 1446 4533 regulus,bomo
1467 4459 1820 4530 impudicus,
1859 4461 1903 4524 D

177 4571 416 4611 uxorem
450 4553 719 4624 Liparita:
753 4551 1008 4604 violavit.
1043 4551 1176 4604 Erat
1209 4550 1258 4603 is
1292 4549 1578 4619 Liparites
1611 4547 1830 4602 Horatii

175 4645 446 4716 Liparitaz
477 4641 656 4708 ﬁlius,
689 4640 815 4710 ejus
841 4638 938 4710 qui
965 4637 1114 4692 bello
1149 4636 1344 4691 Basilii
1372 4637 1739 4708 imperatoris
1767 4637 1824 4689 in

176 4733 486 4803 Georgium
511 4732 808 4798 Abasgoru
827 4749 874 4780 .i.
902 4729 1108 4780 ducem
1138 4727 1367 4780 occisus
1395 4726 1504 4778 fuit
1527 4727 1699 4778 homo
1727 4727 1831 4778 for-

171 4821 420 4876 titudine
451 4825 507 4874 et
539 4817 848 4890 prudentia
885 4815 1118 4884 nobilis,
1149 4831 1492 4886 magnaeque
1517 4819 1645 4884 post
1679 4819 1827 4866 Pan-

172 4910 424 4965 cratium
449 4909 603 4962 inter
623 4908 818 4961 Iberos
843 4903 1240 4976 potentiaz.Hic
1267 4919 1402 4974 ergo
1425 4903 1649 4972 injuriae
1673 4906 1823 4956 atro-

170 5000 344 5054 citate
373 4996 700 5053 concitatus
723 5011 884 5050 arma
909 4999 1106 5048 contra
1129 4993 1500 5047 Pancratium
1527 4990 1822 5058 sumit,vi-

170 5094 452 5159 ctumque
483 5083 680 5157 praelio
708 5085 778 5138 ad
813 5087 1134 5138 Caucasum
1187 5087 1243 5136 et
1273 5080 1608 5136 interiorem
1643 5081 1817 5133 Abas-

2019 4455 2357 4530 ΙΙαγ-κράτιος
2391 4453 2444 4510 δὲ
2477 4456 2503 4509 ὁ
2550 4458 2648 4524 τῆς
2700 4453 2932 4530 Ἰϐηρίας
2993 4458 3260 4532 ἀρχηγὸς,
3297 4459 3598 4523 ἀκόλαστος

1943 4542 2244 4617 ἅνθρωπος.
2305 4543 2358 4604 ἐς
2416 4549 2512 4598 τοῦ
2561 4546 2862 4618 Αιπκρίτου
2921 4547 3019 4612 τὴν
3067 4547 3253 4616 κοίτην
3314 4543 3594 4622 ἐξυϐρίσας

1944 4635 2029 4706 (ἦν
2066 4631 2122 4686 δὲ
2153 4635 2180 4687 6
2213 4633 2516 4703 Λιπαρίτης
2548 4634 2662 4694 υἱὸς
2695 4639 2791 4688 τοῦ
2825 4634 2911 4688 ἐπὶ
2954 4639 3052 4688 τοῦ
3099 4635 3364 4710 βασιλέως
3428 4639 3590 4692 Βασι-

1941 4721 2090 4776 λεῖου
2117 4721 2166 4776 ἐν
2199 4726 2278 4793 τῷ
2327 4723 2461 4796 πρὸς
2511 4723 2601 4774 τὸν
2635 4725 2900 4798 Γεώργιον
2932 4723 3162 4797 πολέμῳ
3221 4725 3588 4799 ἀναιρεθέντος

1939 4809 2192 4884 Ὁρατίου
2223 4815 2317 4863 τοῦ
2370 4810 2692 4885 Λιπαρίτου,
2726 4809 2811 4864 ἐπὶ
2873 4813 3082 4867 συνέσει
3135 4835 3194 4868 τε
3250 4813 3340 4867 καὶ
3397 4812 3588 4886 ἀνδρίᾳ

1943 4893 2275 4974 βεϐοημένος
2308 4899 2395 4953 καὶ
2433 4899 2642 4972 μεγάλη
2703 4900 2835 4971 μετᾶ
2891 4898 2983 4954 τὸν
3041 4907 3377 4978 Παγκράτιον
3425 4898 3584 4956 δυνά-

1941 5009 2100 5059 μενος
2138 4987 2191 5041 ἰν
2231 4993 2349 5050 τοῖς
2382 4983 2650 5062 Ἴϐηρσιν)
2679 4988 2948 5064 ἠνάγκασε
2995 4994 3185 5044 τοῦτον
3235 4989 3322 5044 ἐπὶ
3368 4995 3446 5060 τῷ
3492 5011 3582 5064 γε·

1935 5077 2118 5152 γονότι
2171 5074 2632 5147 δεινοπαθήσαντα
2708 5076 2854 5132 ὅπλα
2931 5079 3045 5132 κατ’
3093 5078 3256 5133 αὐτοῦ
3342 5085 3580 5148 κινῆσαι·

1345 5221 1722 5277 XYLANDRI
1763 5221 1854 5275 ET
1896 5219 2116 5276 GOARI
2157 5219 2390 5275 NOTAE.

161 5355 303 5424 jicio
335 5371 368 5409 a
395 5351 610 5424 praedio
635 5349 830 5424 aliquo
853 5353 953 5402 aut
975 5349 1194 5424 ditione
1226 5347 1404 5424 suaid
1438 5363 1579 5424 eum
1603 5361 1813 5424 cognoj

174 5417 352 5481 niinis
383 5417 644 5496 potuisse
695 5417 928 5474 habere.
975 5422 1107 5473 Χγι.
1141 5449 1210 5458 -
1239 5419 1366 5496 Non
1416 5437 1448 5473 a
1479 5418 1698 5496 ditione
1729 5417 1816 5496 vel

171 5491 410 5570 prsidio,
445 5495 546 5551 sed
579 5511 612 5549 a
641 5499 847 5570 matre,
873 5491 1554 5570 exﬂquaquandoquetsi
1592 5495 1814 5570 specta-

169 5561 284 5626 iior
313 5561 404 5626 sit,
421 5571 480 5623 et
511 5563 888 5632 nominatior,
921 5562 1100 5618 Graeci
1155 5563 1305 5618 filios
1337 5561 1654 5633 appellant,
1687 5561 1815 5616 Ste-

1966 5344 2157 5418 hanus
2193 5343 2284 5398 hic
2343 5345 2563 5418 dicitur
2621 5340 2951 5418 Αειχουδίας
2999 5343 3136 5418 υἱός·
3198 5344 3366 5412 alias,
3409 5346 3580 5416 juxta

1926 5417 2312 5542 gylaqﬁlrum,
2347 5417 2546 5488 praedii
2581 5417 2670 5472 vel
2703 5417 2942 5472 ditionis
2991 5417 3149 5472 filius
3194 5422 3283 5472 est
3311 5433 3576 5473 asseren-

1971 5504 2059 5542 us.
2143 5504 2272 5542 can.
