3972 6146
316 456 413 516 305

1439 455 1981 518 HlSTORIABUM
2026 455 2570 517 COMPENDIUM.

3582 450 3702 512 306

313 584 402 641 Καὶ
452 583 683 655 πολέμῳ
758 587 946 639 τοῦτον
1015 585 1354 657 τρεψάμενος
1412 584 1488 647 εἷς
1543 586 1609 639 τὰ
1662 586 1920 640 Καυκάσιι

2053 584 2210 658 giam
2236 588 2385 642 573
2420 584 2879 657 compellit.[pse
2903 581 3060 654 regia
3080 596 3219 637 oeeu
3232 586 3367 652 pata
3398 579 3701 636 dominam

313 674 387 727 καὶ
427 674 523 740 τήν
574 668 727 726 ἔνδον
788 670 1081 727 ἀπελαύνει
1136 668 1455 749 Ἀϐασγίαν,
1516 673 1568 728 ἐν
1618 679 1736 738 τοῖς
1788 676 1939 747 βασι-

316 760 462 821 λείοις
513 782 573 815 τε
632 761 923 835 γενόμενος
976 765 1044 835 τῇ
1109 762 1298 817 ἑαυτοῦ
1357 763 1605 838 μίγνυται
1652 763 1788 836 πρὸς
1825 762 1943 837 βίαν

318 850 567 925 δεσποίνῃ,
624 855 694 924 τῇ
749 852 917 925 μητρὶ
968 855 1066 906 τοῦ
1127 853 1488 928 Ιῐαγκρατίου,
1521 852 1748 907 καὶτῶν
1793 852 1936 908 ὅλων

320 946 403 1008 τῆς
440 935 679 1016 Ἰϐηρίας
728 941 1061 1014 πραγμάτων
1116 942 1305 1015 κύριος
1361 941 1582 1017 γίνεται.
1638 940 1940 1015 Γράμματά

323 1048 371 1082 τε
417 1028 484 1089 είς
529 1029 623 1083 τὸν
702 1028 935 1105 βασιλάα
990 1029 1205 1104 πέμψας
1266 1028 1425 1109 φίλος
1484 1032 1574 1085 καὶ
1641 1030 1937 1105 σύμμαχος

323 1116 482 1186 ἐξαιτεῖ
524 1118 772 1194 γενέσθαι
833 1119 1142 1192 Ῥωμαίων·
1192 1121 1253 1174 οὗ
1301 1121 1400 1186 τὴν
1446 1115 1731 1195 πρεσϐείαν
1783 1116 1929 1191 δεξά-

320 1226 450 1275 μενος
521 1206 679 1270 οὗτος
746 1214 1186 1282 κοιλιοπραγεῖται
1256 1210 1371 1280 μετ’
1420 1209 1604 1265 αὑτοῦ.
1679 1211 1820 1264 Μετὰ
1878 1206 1935 1263 δέ

312 1316 410 1349 τινα
452 1296 653 1370 χρόνον
704 1298 788 1350 καὶ
821 1298 849 1350 6
881 1300 1223 1372 Παγκράτιος
1255 1294 1344 1352 διὰ
1370 1302 1466 1352 τοῦ
1497 1297 1735 1359 Φάσιδος
1765 1320 1935 1353 ποτα-

311 1389 397 1455 μοῦ
446 1384 533 1438 καὶ
589 1384 841 1455 Σουάνων
872 1385 962 1440 καὶ
1016 1386 1245 1461 Κόλχων
1310 1384 1679 1460 ὁδοιπορήσας
1713 1384 1931 1461 ἔρχεται

304 1473 366 1533 εἰς
413 1479 806 1546 Τραπεζοῦντα,
865 1474 1105 1529 κάκεῖθεν
1166 1473 1429 1550 ἀγγέλους
1487 1475 1749 1548 ἐκπέμπει
1795 1477 1933 1551 πρὸς

303 1560 525 1635 βασιλέα,
584 1560 769 1633 δηλῶν
833 1564 908 1626 ὡς
976 1562 1151 1641 ἔφεσιν
1223 1560 1338 1640 ἔχει
1425 1563 1686 1619 εἰσελθεῖν
1755 1565 1808 1619 ἐν
1862 1568 1929 1639 τῇ

303 1649 523 1724 βασιλίδι
586 1653 674 1705 καὶ
722 1650 871 1724 αὖτῷ
900 1652 1163 1728 ἐντυχεῖν.
1202 1654 1569 1729 Προσταχθεὶς
1599 1654 1689 1707 οὗν
1719 1651 1928 1721 ε’ίσεισι,

296 1739 367 1793 καὶ
420 1744 500 1813 τῷ
568 1739 781 1816 βασιλεῖ
812 1742 1049 1816 ἐντυχὼν
1083 1746 1299 1816 πρῶτον
1334 1742 1428 1815 μὲν
1464 1739 1711 1812 ὀνειδίζει
1743 1740 1931 1797 πολλά

292 1828 478 1903 ὅτιπερ,
538 1829 795 1904 βασιλεὺς
851 1827 924 1884 ὢν
971 1830 1060 1885 καὶ
1114 1831 1250 1905 πρὸς
1307 1830 1551 1907 ἀρχηγὸν
1608 1831 1670 1886 οὐ
1730 1837 1924 1906 μικρᾶς

2054 693 2222 731 suam
2248 677 2535 731 Pancratii
2569 680 2805 729 matrem
2839 672 2889 727 vi
2921 677 3173 743 stuprat,
3206 675 3448 740 totaque
3506 669 3701 724 Iberia

2055 764 2290 837 potitur.
2323 766 2464 821 Inde
2488 766 2684 819 missis
2708 765 2777 818 ad
2809 767 3221 834 imperatorem
3240 758 3448 814 litteris
3469 757 3529 813 in
3554 758 3697 813 umi-

2052 856 2245 909 citiam
2279 855 2732 924 societatemque
2760 852 3155 906 Romanorum
3180 848 3357 920 recipi
3390 847 3651 921 postulat
3680 864 3693 915 ;

2048 943 2225 1015 idque
2255 944 2327 999 ab
2357 944 2707 1013 imperatore
2740 943 3032 1013 impetrat.
3060 940 3373 1010 Aliquanto
3400 942 3529 1010 post
3550 937 3695 992 Pan-

2048 1034 2267 1088 cratius
2303 1050 2403 1105 per
2423 1031 2731 1087 Pbasidem
2772 1031 3038 1099 ﬂuvium,
3082 1031 3306 1084 Suanos
3333 1037 3389 1083 et
3446 1025 3694 1083 Colchos

2046 1123 2157 1178 iter
2209 1125 2425 1178 faciens
2462 1122 2890 1199 Trapezuntem
2916 1118 3193 1191 pervenit,
3217 1117 3471 1187 indeque
3490 1115 3693 1171 missis

2047 1211 2269 1267 nuntiis
2300 1211 2638 1283 imperatori
2673 1208 2966 1280 significat
2996 1223 3206 1278 cupere
3237 1223 3299 1262 se
3341 1203 3684 1276 Byzantium

2043 1301 2126 1356 ire
2155 1306 2211 1356 et
2242 1317 2376 1355 cum
2409 1300 2537 1371 ipso
2560 1298 2833 1370 colloqui.
2854 1297 3015 1360 Quod
3048 1295 3143 1351 ubi
3168 1294 3519 1367 permissum
3545 1293 3678 1359 fuit,

2041 1406 2395 1461 congressus
2419 1406 2552 1444 cum
2586 1388 2938 1460 imperatore
2973 1384 3173 1440 multis
3195 1384 3244 1439 ei
3270 1381 3463 1439 verbis
3484 1398 3692 1453 expro-

2043 1481 2191 1545 brat,
2225 1482 2377 1549 quod
2430 1484 2726 1549 sceptrum
2781 1476 2905 1548 ipse
2953 1491 3158 1545 gerens
3195 1473 3404 1540 fmdus,
3447 1471 3599 1541 quod
3640 1470 3694 1527 ei

2040 1584 2171 1623 cum
2206 1567 2469 1638 Abasgiae
2502 1565 2742 1621 ditionis
2774 1565 2930 1619 haud
2965 1563 3181 1633 exigua:
3219 1559 3420 1632 regulo
3472 1560 3690 1625 fuerat,

2040 1655 2337 1720 violasset,
2369 1662 2427 1710 et
2457 1672 2589 1711 cum
2615 1654 2835 1726 privato
2865 1670 2931 1708 ac
2960 1668 3124 1707 servo
3152 1646 3438 1723 perduelli
3469 1645 3680 1702 coivis-

2040 1750 2128 1800 set
2156 1742 2719 1799 soeietatem.Simul
2746 1742 2886 1813 petit
2919 1746 2983 1796 ut
3013 1740 3164 1795 inter
3185 1755 3247 1794 se
3275 1742 3332 1793 et
3360 1734 3685 1808 Liparitam

2037 1833 2342 1904 transigut.
2378 1838 2563 1904 Atque
2584 1831 3045 1901 hoc;imperator
3091 1825 3359 1893 confecit,
3419 1827 3686 1895 pactum-

294 1917 460 1991 χώρας
513 1925 618 1987 τῆς
673 1914 965 1994 Ἀϐασγίας
1042 1917 1277 1981 σπονδὰς
1335 1915 1519 1995 ἔχων,
1575 1921 1771 1984 ταύτας
1830 1920 1920 1993 μὲν

2035 1940 2148 1994 que
2178 1929 2267 1977 est
2298 1927 2361 1977 ut
2394 1922 2734 1977 Paneratius
2765 1936 2997 1975 omnem
3023 1917 3266 1973 lberiam
3292 1921 3476 2014 atque.
3498 1911 3686 1967 Abas-

288 2007 520 2076 ἠθέτησε,
552 2006 848 2081 προσέθετο
881 2005 939 2063 δὲ
967 2006 1122 2082 ἀνδρί
1169 2006 1367 2084 ἴδιώτῃ
1416 2009 1506 2063 καὶ
1556 2006 1740 2063 δούλω
1790 2008 1922 2064 ἀπο-

289 2097 451 2169 στάτῃ,
503 2093 692 2151 ἔπειτα
738 2096 827 2151 καὶ
876 2095 1207 2167 καταλλάξαι
1254 2096 1539 2168 ἀλλήλους
1594 2097 1918 2173 παρακαλεῖ.

288 2186 344 2238 Ὀ
396 2182 458 2254 δή
512 2186 609 2241 καὶ
659 2186 846 2260 γέγονε
899 2189 968 2260 τῇ
1002 2184 1211 2261 σπουδῇ
1241 2190 1338 2242 τοῦ
1373 2185 1663 2262 βασιλέως,
1697 2208 1918 2243 σπεισα-

291 2275 448 2344 μένων
506 2273 785 2345 ἀλλήλοις
841 2271 981 2330 ὥστε
1032 2277 1125 2330 τὸν
1186 2276 1279 2347 μὶν
1336 2278 1671 2352 Παγκρατιον
1729 2275 1914 2345 κόριον

2029 2013 2182 2082 giam
2216 2011 2499 2079 obtineat,
2529 2010 2777 2081 Liparita
2827 2014 3022 2064 autem
3074 2006 3227 2079 parti
3260 2000 3527 2058 Meschia
3578 2015 3687 2072 per

2033 2116 2265 2155 omnem
2304 2100 2479 2155 vitam
2506 2099 2700 2171 praasit
2729 2114 2796 2154 ac
2826 2097 3200 2153 Pancratium
3233 2094 3538 2149 dominum
3583 2106 3677 2143 re-

2030 2204 2280 2260 gemque
2310 2204 2484 2243 suum
2518 2191 2819 2260 agnoscat.
2852 2186 3019 2242 Hunc
3044 2185 3282 2256 quidem
3324 2182 3542 2239 exitum
3584 2197 3674 2235 res

2031 2278 2315 2349 Abasgica
2344 2277 2570 2333 habuit.

287 2363 406 2416 εἶναι
434 2365 520 2418 καὶ
551 2364 799 2440 ἀρχηγὸν
829 2364 1006 2433 πάσης
1037 2372 1137 2434 τῆς
1170 2360 1411 2436 Ἰϐηρίας
1438 2367 1528 2420 καὶ
1558 2360 1871 2439 Ἀὄασγίας,
1904 2365 2062 2420 αὐτὸν
2099 2362 2155 2419 δὲ
2189 2363 2383 2440 μέρους
2414 2361 2657 2439 ἄρχοντα
2705 2369 2807 2432 τῆς
2864 2362 3109 2438 Μεσχίας
3166 2358 3256 2415 διά
3313 2359 3433 2435 βίου
3489 2356 3678 2434 κύριον

286 2448 471 2505 ἐκεῖνον
501 2451 658 2527 ἔχειν
684 2454 775 2507 καὶ
809 2453 1056 2529 βασιλέα.
1095 2453 1192 2510 Καὶ
1220 2454 1287 2509 τὰ
1320 2454 1413 2528 μὲν
1439 2457 1574 2509 κατά
1601 2456 1701 2525 τήν
1729 2455 1783 2509 ’Λ
1796 2449 2017 2530 ϐασγίαν
2046 2455 2377 2523 κατήντησεν
2408 2452 2486 2517 εἴς
2513 2451 2697 2508 τοῦτο.

346 2575 499 2630 Ἀσάν
564 2572 623 2631 δὶ
681 2578 709 2631 6
768 2578 903 2631 κατά
952 2577 1239 2650 Ῥωμαίων
1296 2578 1564 2657 πεμφθεὶς
1624 2578 1769 2653 παρά
1823 2580 1919 2634 τοὺ

285 2662 592 2734 σουλτάνου,
644 2665 930 2741 παρελθὼν
983 2667 1045 2721 τὸ
1097 2662 1386 2743 Ταόρέζιον
1447 2668 1537 2723 καὶ
1589 2669 1651 2723 τὸ
1683 2667 1920 2742 λεγόμε-

280 2773 362 2806 νον
416 2752 614 2831 Τεφλὶς
662 2754 827 2823 ἦλθεν
888 2754 965 2818 εἰς
1019 2758 1485 2831 Βαασπρακανίαν,
1519 2756 1688 2812 πάντα
1725 2756 1920 2833 κείρων

281 2848 361 2894 καί
407 2841 709 2917 πυρπολῶν
739 2844 829 2898 καὶ
862 2843 991 2909 τοὺς
1028 2845 1466 2919 προσπίπτοντας
1516 2846 1780 2921 ἀνπιρῶν,
1831 2845 1921 2901 καὶ

285 2927 411 3001 μηδὶ
467 2935 569 2996 τῆς
618 2929 876 3001 παιδικῆς
918 2932 1241 3011 φειδόμενος
1289 2933 1531 3005 ἡλικίας.
1576 2936 1660 3005 [Ρ.
1688 2937 1814 3009 771]
1861 2936 1921 2992 Ὁ

285 3013 333 3069 δὶ
382 3020 479 3085 τῆς
536 3019 730 3094 χώρας
785 3017 972 3096 ἄρχων
1028 3022 1240 3097 Ἀαρὼν
1276 3022 1499 3093 Βέστης,
1541 3023 1690 3077 ὁτοῦ
1722 3019 1921 3079 Βλαδι-

284 3100 505 3167 σθλάόου
537 3108 658 3169 υἱὸς
707 3108 796 3163 καὶ
847 3114 945 3164 τοῦ
997 3113 1335 3181 Προυσιάνου
1366 3109 1621 3189 ἀδελφὸς,
1665 3111 1742 3184 μὴ
1774 3110 1921 3180 ἀξιό-

2103 2582 2256 2634 Asan
2286 2595 2419 2635 vero
2447 2596 2480 2634 a
2510 2577 2744 2634 sultano
2773 2578 3057 2632 adversus
3092 2575 3387 2629 Romanos
3437 2571 3682 2637 missus,

2032 2667 2185 2724 ultra
2204 2668 2543 2723 Tabrezium
2568 2671 2626 2722 et
2646 2665 2985 2737 Tepblidem
3009 2664 3304 2736 proiectus
3327 2663 3381 2717 in
3401 2662 3687 2733 Baaspra-

2032 2758 2259 2812 caniam
2286 2758 2461 2825 venit,
2517 2756 2777 2827 proxima
2823 2769 3071 2826 quaeque
3122 2752 3455 2824 populando
3507 2755 3685 2822 atque

2032 2846 2304 2902 incendio
2336 2851 2593 2911 vastans,
2627 2850 2687 2901 et
2725 2844 2928 2900 obvios
2982 2841 3311 2905 trueidans,
3353 2857 3426 2895 ne
3473 2838 3682 2911 puerili

2033 2935 2269 3007 quidem
2302 2951 2551 3007 parcens
2576 2934 2753 2990 aetati.
2786 2938 3031 2988 Praeerat
3062 2936 3187 2986 tum
3220 2930 3679 3002 {Baaspracanim

2030 3033 2225 3080 Aaron
2259 3024 2429 3079 Besta
2455 3022 2841 3079 Bladisthlabi
2874 3023 3030 3080 574
3064 3020 3241 3085 filius,
3266 3019 3533 3074 Prusiani
3565 3019 3678 3074 fra-

2033 3119 2134 3168 ter.
2159 3112 2414 3176 Quicum
2439 3112 2548 3167 sibi
2573 3129 2684 3166 non
2709 3111 2859 3166 satis
2879 3127 3009 3165 esse
3026 3110 3096 3164 ad
3117 3114 3341 3164 tantam
3354 3107 3676 3162 Tureorum

281 3213 446 3268 μαχον
499 3192 666 3259 εἰδὼς
722 3197 905 3252 ἑαυτὸν
943 3196 1085 3270 μηδὲ
1115 3197 1407 3273 δυνάμενον
1436 3200 1747 3266 ἀντιστῆναι
1782 3201 1918 3274 πρὸς

2035 3201 2473 3257 multitudinem
2498 3201 2907 3257 sustinendam
2933 3198 3145 3253 virium
3169 3197 3678 3266 sentiret,Cataca-

274 3283 527 3354 τοσαύτηι
614 3284 871 3360 Τοὺρκων
947 3284 1200 3359 πληθὺν,

273 3371 397 3443 πρὸς
466 3375 565 3429 τὸν
631 3374 832 3445 Βέστην
905 3375 1224 3432 κατακαλῶν
1277 3377 1369 3432 τὸν
1432 3377 1768 3451 Κεκαυμένον
1824 3378 1917 3432 τὸν

273 3459 443 3515 Ἀνίου
489 3463 587 3519 καὶ
618 3470 717 3533 τῆς
763 3459 1003 3536 Ἰϐηρίας
1049 3464 1417 3541 κατάρχοντα,
1476 3468 1563 3521 καὶ
1611 3466 1785 3537 ὁπόση
1821 3463 1917 3520 δύ-

272 3568 419 3620 ναμις
468 3551 782 3625 παρακαλεῖ
838 3554 1082 3627 βοηθεῖν.
1139 3554 1201 3612 Ὁ
1260 3553 1317 3609 δὲ
1371 3556 1438 3609 τὰ
1498 3556 1799 3631 γράμματα
1829 3553 1917 3610 διε⁸

268 3640 505 3711 ξάμενος,
536 3642 632 3695 καὶ
663 3642 853 3695 θᾶττον
876 3642 911 3710 ἦ
966 3642 1133 3718 λόγος
1181 3644 1273 3698 τὸν
1306 3644 1441 3722 ἀμφ’
1487 3642 1644 3697 αὑτὸν
1698 3644 1917 3718 ἀγείρας

267 3725 412 3791 λαὸν,
445 3726 632 3783 ἄπεισι
665 3726 754 3784 διὰ
782 3729 995 3805 ταχέων
1046 3731 1137 3786 καὶ
1169 3731 1377 3787 ἐνοῦται
1404 3735 1483 3804 τῷ
1524 3732 1755 3807 Ἀαρών.
1816 3731 1915 3786 Καὶ

268 3811 589 3886 σομὸουλῆς
643 3819 997 3894 προτεθείσης
1065 3819 1293 3895 πότερον
1366 3820 1713 3896 νυκτομαχίᾳ
1778 3840 1913 3895 χρη-

1279 3290 1577 3364 γράμματα
1654 3287 1918 3362 ἐκπέμπει

266 3903 405 3958 στέον
464 3905 503 3974 ἢ
584 3909 809 3983 φανερὰν
886 3907 1071 3984 μάχην
1149 3906 1482 3981 ἀναδεκτέον,
1558 3910 1695 3984 πρὸς
1755 3907 1912 3964 οὐδὲ·

263 4012 409 4065 τερον
483 3995 514 4048 6
598 3999 935 4069 Κεκαυμένος
1018 3996 1320 4066 κατένευεν,
1391 3998 1614 4073 ἐγνώκει
1673 3996 1731 4053 δὶ
1782 4000 1911 4071 τρό-

264 4100 354 4135 πον
414 4080 599 4137 ἅλλον
673 4094 1182 4163 καταστρατηγῆσαι
1252 4086 1380 4149 τοὺς
1454 4086 1704 4163 ἐχθρούς.
1784 4094 1913 4141 Συν-

264 4163 515 4226 εϐούλευε
622 4173 725 4247 γὰρ
825 4175 926 4243 τῆν
1030 4170 1393 4250 παρεμϐολὴν
1511 4175 1909 4238 καταλιπόντας

262 4257 330 4319 ὡς
422 4258 545 4335 εἶχε
651 4263 785 4333 μετά
870 4266 979 4317 τῶν
1070 4265 1284 4333 σκηνῶν
1362 4264 1448 4320 καὶ
1522 4286 1632 4320 των
1709 4266 1912 4334 ὑποζυ-

259 4344 383 4419 γίων
454 4350 551 4403 καὶ
642 4356 743 4419 τῆς
816 4348 995 4421 ἄλλης
1065 4353 1397 4423 ἀποσκευῆς,
1457 4352 1662 4428 λόχους
1719 4354 1909 4416 νυκτὸς

262 4432 306 4487 ἐν
372 4435 820 4513 ἐπικαιροτάτοις
896 4444 1088 4507 στῆσαι
1168 4442 1423 4518 χωρίοις,
1499 4441 1780 4512 κάπειδὰν,
1858 4443 1910 4497 οἱ

260 4525 488 4598 Τοῦρκοι
520 4527 805 4605 ἀφίκονται
853 4530 943 4584 καὶ
987 4526 1194 4607 ἔρημον
1255 4528 1463 4607 ἀνδρῶν
1516 4531 1764 4605 εὑρόντες
1815 4532 1908 4585 τὸν

264 4612 466 4689 χάρακα
520 4617 667 4691 πρὸς
710 4614 1007 4695 διαρπαγὰς
1068 4624 1177 4674 τῶν
1228 4617 1381 4678 ἔνδον
1410 4623 1734 4694 χωρήσωσι,
1790 4620 1914 4674 τότε

264 4696 321 4768 δὴ
344 4710 441 4772 τῆς
482 4701 705 4780 ἐνέδρας
762 4705 1163 4771 ἀπαναστάντας
1210 4707 1481 4772 ἐπιθέσθαι
1540 4709 1743 4771 αὐτοῖς.
1806 4708 1909 4765 Καί

261 4808 314 4859 γε
360 4791 420 4845 οὐ
480 4790 779 4866 διεψεύσθη
809 4800 906 4849 τοῦ
963 4801 1189 4854 σκοποῦ.
1248 4800 1453 4861 Ἕωθεν
1507 4798 1608 4873 γὰρ
1667 4800 1695 4853 6
1749 4798 1906 4855 Ἀσάν

261 4875 474 4942 ἀναστὰς
558 4881 623 4935 ἐκ
700 4889 801 4952 τῆς
873 4883 1073 4947 οἰκείας
1157 4880 1517 4959 παρεμϐολῆς
1601 4888 1737 4941 κατά
1813 4888 1905 4942 τὸν

265 4969 500 5044 Στράγνα
529 4971 794 5043 κειμένης
851 4973 1095 5046 ποταμὸν
1155 4972 1362 5029 ἄπεισιν
1421 4975 1496 5038 ὡς
1546 4977 1682 5051 πρὸς
1734 4974 1908 5030 πόλε-

263 5073 371 5124 μον*
432 5058 509 5120 ὡς
577 5055 640 5112 δὲ
670 5056 849 5123 οὐδεὶς
878 5060 1107 5131 ὑπήντα,
1142 5059 1439 5132 ἐπλησίασε
1494 5061 1551 5117 δὲ
1582 5064 1670 5117 καὶ
1699 5067 1779 5136 τῷ
1808 5064 1907 5139 χά-

260 5159 368 5212 ρακι
421 5151 534 5200 τῶν
586 5146 897 5221 Ῥωμαίων,
959 5151 1049 5204 καὶ
1100 5146 1221 5206 οὕτε
1276 5151 1523 5229 φυλακὴν
1585 5152 1729 5227 εἶχεν
1784 5149 1908 5206 οὔτε

264 5235 407 5304 φωνή
474 5232 793 5305 ἐξηκούετο,
845 5235 992 5293 ἀλλά
1049 5240 1198 5301 κενὸς
1253 5240 1320 5308 ἦν
1371 5240 1547 5310 πάσης
1607 5238 1904 5313 δυνάμεως,

260 5319 372 5405 τότε
428 5319 489 5376 δὲ
548 5330 739 5399 φυγεῖν
796 5325 1100 5397 ὑπονοήσας
1156 5326 1282 5391 τοὺς
1326 5329 1630 5402 Ῥωμαίους
1683 5328 1905 5405 ῥήγνυσί

257 5424 308 5458 τε
338 5403 424 5463 διά
453 5410 692 5467 πολλῶν
722 5413 903 5469 τόπων
960 5417 1059 5484 τὴν
1116 5411 1479 5492 παρεμϐολὴν
1531 5416 1621 5471 καὶ
1680 5403 1905 5492 διαρπα-

262 5495 351 5565 γήν
407 5502 692 5554 ποιεῖσθαι
722 5506 829 5555 τῶν
863 5500 1119 5581 λαφύρων
1164 5506 1396 5562 κελεύει.
1444 5506 1507 5560 Οἱ
1539 5504 1596 5560 δὲ
1639 5507 1905 5580 Ῥωμαῖοι

263 5583 370 5657 περὶ
403 5583 605 5657 δείλην
660 5588 820 5663 ὀψίαν
874 5591 1192 5659 ἀναστάντες
1244 5599 1351 5650 τῶν
1414 5593 1620 5670 λόχων,
1683 5596 1905 5650 ἀσυντά-

263 5688 398 5735 κτοις
430 5678 856 5753 συντεταγμένοι
885 5683 1324 5757 προσρήγνυνται
1352 5689 1471 5746 τοῖς
1495 5682 1783 5759 Τούρκοις,
1815 5684 1907 5739 καὶ

2030 3292 2219 3346 lonem
2251 3292 2479 3345 Bestam
2498 3292 2851 3344 Ambustum
2875 3287 3002 3342 Anii
3036 3292 3211 3358 atque
3241 3285 3441 3341 Iberia:
3474 3286 3677 3355 praefe-

2028 3385 2186 3434 ctum
2236 3379 2447 3434 litteris
2498 3377 2698 3432 missis
2739 3378 3009 3432 hortatur
3070 3380 3136 3429 ut
3196 3374 3307 3429 sibi
3370 3374 3676 3445 suppetias

2029 3468 2468 3539 quamprimum
2495 3467 2989 3521 ferat.Ambustus
3010 3463 3222 3519 litteris
3243 3462 3676 3534 acceptis,dicto

2027 3558 2204 3612 citius
2251 3574 2390 3612 suos
2441 3555 2671 3621 excitat,
2726 3570 2979 3625 cumque
3031 3554 3101 3609 iis
3152 3554 3225 3608 ad
3274 3554 3561 3608 Aaronem
3611 3567 3676 3607 se

2026 3644 2616 3716 confert.Conjunctis
2644 3644 2826 3715 cOpiis
2850 3660 2980 3698 cum
3003 3643 3427 3698 deliberaretur
3446 3645 3680 3696 noctur-

2027 3752 2178 3789 none
2207 3752 2280 3789 an
2314 3740 2517 3805 aperto
2552 3732 2750 3805 praelio
2782 3749 2919 3788 cum
2940 3733 3145 3787 Turcis
3190 3737 3345 3786 esset
3403 3746 3671 3802 pugnan-

2026 3824 2190 3890 dum,
2225 3830 2496 3878 neutrum
2529 3821 2860 3878 Catacaloni
2908 3821 3214 3891 probatum
3247 3825 3356 3880 cst.
3403 3820 3503 3874 sed
3557 3817 3673 3873 alia

2025 3924 2146 3966 arte
2178 3912 2375 3967 hostes
2422 3910 2968 3966 circumveniendos
3014 3910 3199 3964 duxit.
3245 3910 3467 3976 Castra,
3492 3907 3672 3978 inque

2025 4000 2099 4055 iis
2128 4001 2398 4064 tentoria,
2435 4004 2499 4055 ut
2518 4003 2706 4066 erant,
2741 4015 2807 4055 ac
2829 3999 3209 4069 jumenta'iet
3246 3994 3671 4068 impedimenta

2022 4087 2221 4143 omnia
2242 4089 2492 4159 relinqui
2518 4089 2720 4152 voluit,
2742 4094 2800 4144 et
2830 4088 3076 4143 insidias
3102 4104 3200 4156 per
3217 4091 3446 4142 noctem
3465 4102 3671 4156 oppor-

2020 4177 2354 4233 tunissimis
2386 4177 2530 4234 locis
2562 4178 2738 4250 poni:
2770 4182 2898 4233 tum
2944 4176 3152 4232 Turcis
3201 4174 3669 4245 advenientibus,

2022 4271 2079 4321 et
2109 4273 2435 4322 castrorum
2465 4266 2803 4322 hominibus
2835 4266 3181 4322 vacuorum?
3212 4264 3524 4337 direptioni
3580 4266 3667 4320 in-

2019 4355 2399 4427 tentis.proru
2414 4357 2730 4428 mpendum
2750 4371 2818 4409 ex
2832 4355 3063 4411 insidiis
3078 4362 3136 4410 et
3150 4354 3210 4409 in
3224 4370 3322 4409 eos
3336 4354 3559 4410 faeiend
3572 4373 3600 4407 ιι
3613 4372 3666 4409 m

2022 4445 2331 4514 impetum.
2366 4445 2565 4516 Neque
2595 4444 2652 4498 id
2689 4460 2824 4499 eum
2857 4444 3171 4499 consilium
3231 4441 3448 4498 fefellit.
3504 4443 3669 4498 Mane

2022 4532 2175 4587 enim
2203 4538 2360 4587 Asan
2392 4548 2421 4586 e
2471 4532 2679 4587 castris
2705 4532 2831 4587 suis
2862 4534 3187 4589 secundum
3221 4531 3532 4603 Stragnam
3557 4529 3666 4584 ﬂu-

2024 4620 2180 4674 vium
2206 4626 2490 4691 tanquam
2523 4621 2595 4675 ad
2647 4637 2900 4691 pugnam
2964 4620 3372 4692 proﬁciscitur,
3412 4635 3667 4690 cumque

2018 4715 2349 4764 occurreret
2381 4710 2679 4776 nemo,ubi
2704 4711 2777 4764 ad
2808 4717 3000 4765 castra
3032 4709 3430 4764 Romanorum
3465 4723 3665 4779 perve-

2020 4795 2333 4868 nit,ibique
2349 4814 2534 4868 neque
2555 4814 2661 4853 vox
2689 4797 2810 4853 ulla
2839 4798 3041 4853 audita
3066 4799 3179 4869 [est
3230 4811 3420 4867 neque
3467 4802 3665 4851 custos

2018 4886 2177 4941 ullus
2206 4886 2386 4953 visus,
2421 4888 2517 4942 sed
2550 4888 2749 4942 omnia
2772 4888 2830 4941 in
2854 4904 2962 4942 sua
2982 4903 3110 4943 esse
3128 4890 3415 4958 potestate
3438 4891 3667 4958 putavnt

2018 4974 2432 5045 Romanosque
2466 4975 2685 5045 fugisse
2716 4976 2980 5041 credidit,
3018 4975 3220 5030 multis
3270 4973 3416 5029 locis
3473 4981 3667 5029 castra

2019 5064 2348 5134 perrumpit
2380 5064 2673 5136 diripique
2706 5067 2960 5137 praadam
2983 5065 3255 5135 jubet.At
3285 5063 3532 5120 Romani
3556 5067 3665 5120 sub

2018 5168 2318 5222 vesperam
2344 5170 2412 5207 ex
2444 5153 2681 5207 insidiis
2714 5153 3007 5224 progressi
3037 5152 3366 5224 composito
3412 5153 3666 5223 agmine,

2014 5239 2341 5322 dissipatos
2365 5242 2588 5297 Turcos
2622 5242 2991 5305 adoriuntur,
3020 5242 3327 5314 primoque
3346 5258 3669 5313 congressu

2019 5329 2298 5397 fundunt,
2334 5330 2480 5387 515
2516 5331 2941 5386 vehementiam
2977 5331 3067 5386 sui
3101 5331 3356 5403 impetus
3387 5347 3502 5386 non
3534 5347 3670 5385 sus-

2015 5416 2290 5473 tinentes.
2346 5418 2517 5474 Cadit
2564 5419 2719 5475 inter
2755 5420 2978 5491 primos
3046 5436 3317 5492 pugnans
3380 5420 3554 5487 Asan,
3614 5421 3672 5473 et

2017 5506 2301 5577 quidquid
2348 5507 2402 5561 in
2457 5524 2524 5563 eo
2572 5508 2827 5563 exercitu
2884 5510 3027 5564 forte
3095 5509 3207 5563 fuit
3261 5510 3665 5565 obtruncatur.

2018 5594 2270 5666 Reliqui,
2304 5596 2469 5668 pauci
2496 5598 2811 5653 admodum
2846 5598 2885 5652 ii
2912 5605 3084 5669 atque
3118 5598 3280 5664 nudi,
3304 5614 3407 5670 per
3439 5601 3666 5652 montes

2016 5684 2075 5738 in
2108 5683 2524 5741 Persarmenia:
2558 5688 2731 5743 urbes
2763 5688 3036 5743 evadunt.

267 5768 604 5840 παραχρῆμα
630 5766 886 5842 τρέπουσι
914 5768 978 5825 τὸ
1003 5771 1367 5829 ἀνυπόστατον
1402 5773 1477 5846 μὴ
1512 5771 1820 5850 ἐνεγκόντας
1846 5773 1944 5842 τῆς
1972 5771 2287 5844 Ῥωμαϊκῆς
2318 5773 2518 5850 ὁρμῆς.
2550 5772 2744 5831 ΙΙίπτει
2781 5776 2876 5851 μὶν
2910 5776 3001 5832 οὗν
3052 5781 3271 5853 πρῶτος
3318 5777 3347 5831 6
3396 5777 3557 5833 ’Ᾱσάν
3608 5772 3660 5834 ἐν
