3968 6140
287 422 409 484 307

1643 415 1961 480 GEORGII
2004 414 2341 475 CEDRENI

3555 424 3661 484 308

286 557 403 614 τοῖς
434 551 679 626 πρώτοις
712 551 1130 625 ἀγωνιζόμενος,
1162 551 1346 604 πίπτει
1377 547 1434 604 δὲ
1457 547 1548 603 καὶ
1579 550 1701 602 ὅσον
1737 545 1970 618 ἄλκιμον
2001 549 2096 599 τοῦ
2128 550 2375 622 στρατοῦ.
2410 547 2476 604 Oi
2505 544 2561 602 δὲ
2593 549 2977 621 περισωθέντες
3012 549 3132 604 λίαν
3166 549 3345 624 ὀλίγοι
3375 553 3460 606 καὶ
3483 556 3664 628 γυμνοὶ

292 639 380 696 διὰ
406 644 513 696 τῶν
548 639 716 715 ὁρέων
751 638 802 701 ἐς
830 639 925 700 τὰς
955 644 1062 694 τῶν
1086 639 1501 714 Περσαρμενίων
1539 635 1891 705 διασώζονται
1923 634 2136 696 πόλεις.

362 732 445 786 Ab
489 731 582 787 bis
623 732 694 786 de
744 735 980 802 accepta
1048 730 1212 786 clade
1255 731 1496 784 edoctus
1567 728 1834 784 sultanus
1882 730 1936 780 in
1972 730 2021 792 Α

295 837 568 893 magnam
613 821 844 875 devenit
894 818 1366 874 sollicitudinem.
1422 818 1494 873 Ut
1552 825 1744 872 autem
1783 816 1931 869 hanc

291 909 682 965 calamitatem
711 910 1040 975 resarciret,
1066 925 1095 964 e
1123 909 1351 977 Turcis,
1377 907 1612 962 Callet-is
1634 913 1689 960 et
1718 904 1932 960 Limni-

291 1001 366 1054 tis
391 998 676 1053 delectum
701 998 1014 1053 exercitum
1041 999 1109 1052 ad
1138 999 1344 1052 100000
1367 997 1662 1060 conducit,
1681 1011 1934 1065 eumque

291 1091 436 1143 duce
468 1087 744 1142 Abramio
767 1085 976 1149 Alimo,
1014 1087 1187 1140 l'ratre
1218 1102 1285 1140 ex
1318 1085 1498 1140 altero
1528 1088 1765 1156 parente
1805 1101 1935 1152 suo,

293 1181 498 1234 contra
529 1176 821 1231 Romanos
845 1174 1042 1229 mittit.
1080 1175 1361 1230 Nuntiato
1396 1175 1778 1229 barbarorum
1831 1173 1936 1226 ad-

291 1270 486 1335 ventu,
512 1267 698 1320 Aaron
723 1270 779 1319 et
812 1265 1132 1320 Ambustus
1157 1264 1338 1318 unitis
1377 1281 1612 1318 rursum
1672 1263 1938 1317 exerciti-

292 1357 403 1411 bus
427 1354 564 1426 quid
599 1353 892 1425 agendum
925 1353 1002 1407 sit
1031 1351 1388 1408 consultant.
1427 1351 1730 1407 Sententia
1774 1353 1936 1405 Cata-

293 1444 514 1499 czulonis
547 1451 824 1498 eratcum
862 1442 1248 1514 praesentibus
1284 1441 1712 1496 occurrendum
1739 1440 1944 1494 Turcis

296 1549 424 1588 esse
454 1537 615 1588 extra
647 1533 939 1586 Romanos
975 1531 1346 1602 fines,ibique
1367 1531 1942 1596 decertandum,cum

298 1622 490 1676 adhuc
524 1622 709 1692 major
739 1621 995 1675 hostium
1035 1637 1170 1692 pars
1199 1620 1366 1692 equis
1401 1623 1705 1686 careret,et
1737 1617 1946 1688 reliqui

300 1712 476 1766 etiam
537 1709 709 1782 longo
753 1710 959 1764 itinere
1024 1713 1220 1764 essent
1270 1709 1594 1780 delatigati,
1656 1708 1947 1778 soleisque

305 1799 506 1855 terreis
539 1799 710 1854 Turci
761 1803 1026 1853 carerent
1066 1799 1281 1869 quibus
1325 1797 1557 1870 ungula:
1619 1802 1946 1864 armantur,

307 1888 552 1944 Romani
585 1893 778 1944 autem
812 1889 1026 1943 recenti
1054 1887 1294 1942 victoria
1316 1887 1452 1942 elati
1476 1886 1698 1941 alacres
1731 1890 1950 1954 essent,

308 1993 686 2050 pugnamque
707 1981 1061 2049 expeterent.
1089 1976 1300 2030 Contra
1324 1978 1506 2030 Aaron
1532 1973 1951 2046 pronuntiabat

2127 725 2186 780 Ὀ
2219 722 2275 777 δὲ
2333 724 2627 788 σουλτάνος
2676 725 2764 781 διὰ
2819 733 2929 782 τῶν
2979 727 3326 804 ἀποδράντων
3361 733 3670 802 μεμαθηκὼς

2041 815 2101 867 τὸ
2157 809 2364 886 συμϐὰν
2418 815 2679 890 ἀτύχημα
2731 817 2808 878 είς
2863 817 3109 891 μεγάλην
3146 818 3382 873 ἐνέπεσεν
3431 821 3669 893 ἀγωνίαν,

2041 904 2129 956 καὶ
2165 901 2214 956 ἐν
2280 901 2488 978 σπουδῇ
2546 905 2787 960 ἐποιεῖτο
2841 907 2990 969 ὃπως
3050 905 3108 960 ἂν
3142 909 3240 975 τὴν
3271 909 3558 981 γενομένην
3589 909 3672 964 ἐπ-

2044 993 2416 1066 ανορθώσηται
2451 993 2739 1068 ἀκληρίαν.
2776 993 2962 1064 Καὶ-δὴ
3010 996 3143 1050 λαὸν
3177 995 3453 1052 ἐπίλεκτον
3492 1019 3675 1068 συστη-

2048 1082 2280 1152 σάμενος
2338 1079 2396 1136 ἔκ
2425 1104 2482 1138 τε
2513 1084 2769 1158 Τοῦρκων
2827 1084 2917 1139 καὶ
2971 1080 3249 1160 Καϐείρων
3295 1086 3384 1140 καὶ
3415 1092 3674 1158 Λιμνιτῶν

2048 1171 2170 1243 περὶ
2219 1172 2312 1232 τὰς
2347 1173 2390 1243 ρ’
2446 1169 2728 1246 χιλιάδας,
2788 1173 2878 1227 καὶ
2913 1169 3198 1250 Ἀϐραμίῳ
3255 1173 3450 1246 Ἀλεὶμ
3478 1180 3552 1246 τῷ
3577 1177 3679 1230 ἓτε-

2054 1256 2277 1332 ροθαλεῖ
2303 1257 2522 1334 ἀδελφῴ
2580 1261 2744 1315 αὐτοῦ
2789 1266 2902 1336 (37)
2955 1261 3250 1336 παραδοὺς,
3301 1263 3494 1325 ταύτας
3557 1265 3681 1318 κατά

2052 1347 2341 1420 Ῥωμαίων
2403 1349 2713 1422 ἐκπέμπει.
2769 1350 3154 1426 Ἀγγελθείσης
3208 1349 3266 1406 δέ
3320 1360 3417 1420 τῆς
3479 1352 3680 1430 ἐφόδου,

2055 1435 2337 1498 ένωθέντες
2389 1436 2553 1492 πάλιν
2608 1439 2658 1491 oi
2720 1435 2920 1502 ἀνωθεν
2968 1439 3219 1513 ῥηθέντες
3273 1441 3528 1515 αρχοντες
3583 1447 3679 1496 τῶν

2058 1525 2468 1599 στρατευμάτων
2524 1526 2730 1601 βουλὴν
2779 1528 3131 1601 προετίθεσαν
3167 1531 3258 1583 καὶ
3316 1527 3682 1585 διεωιοποῦντο

2053 1614 2115 1667 τὸ
2165 1613 2446 1689 πρακτέον.
2528 1617 2629 1671 Καὶ
2685 1621 2765 1687 τῷ
2827 1617 2919 1689 μὲν
2973 1618 3299 1691 Κεκαυμένῳ
3346 1616 3517 1674 ἐδόκει
3565 1622 3685 1690 μετά

2056 1709 2156 1770 τῆς
2221 1703 2503 1778 παρούσης
2574 1705 2852 1777 δυνάμεως
2913 1707 3210 1776 ὑπαντῆσαι
3265 1714 3381 1769 τοῖς
3438 1710 3686 1784 Τούρκοις

2060 1788 2249 1860 ἔξωθεν
2309 1797 2416 1846 τῶν
2463 1793 2783 1866 Ῥωμαϊκῶν
2815 1794 2978 1866 ὅρων,
3011 1795 3226 1850 κάκεῖσε
3265 1794 3686 1872 διαγωνίσασθαι,

2057 1877 2137 1934 ἓτι
2191 1885 2297 1934 τῶν
2359 1881 2627 1936 πλειόνων
2683 1882 2967 1938 ἀντιπδλιν
3001 1886 3244 1940 ἀνίππων
3293 1882 3461 1940 ὄντων
3488 1886 3692 1954 καὶτῆς

2061 1969 2242 2040 ἄλλης
2272 1968 2548 2043 δυνάμεως
2579 1974 2908 2046 κεκμηκυίας
2957 1975 3061 2028 ἀπὸ
3101 1983 3204 2044 τῆς
3251 1975 3506 2044 κλείστης
3549 1973 3689 2029 ὁδοι-

319 2066 738 2122 continendum
772 2064 1111 2132 exercitum,
1135 2065 1439 2155 ,urbesquc
1469 2069 1525 2118 et
1556 2063 1796 2118 castella
1829 2080 1954 2116 mu-

2072 2059 2278 2134 πορίας,
2313 2059 2746 2116 ἐπιλελοιπότων
2780 2061 2835 2117 δὶ
2864 2065 2950 2117 καὶ
2985 2061 3246 2139 σιδηρίων
3279 2071 3397 2126 τοῖς
3419 2063 3691 2140 Τούρκοις,

320 2156 601 2210 niendum
631 2160 806 2225 atque
839 2154 1030 2209 omnia
1062 2139 1245 2208 muris
1277 2153 1734 2208 includendum:
1773 2153 1842 2206 de
1900 2169 1959 2206 re

316 2244 389 2300 ad
459 2244 613 2300 576
661 2243 1088 2314 imperatorem
1142 2243 1528 2310 referendum,
1578 2258 1764 2312 neque
1830 2244 1958 2310 ejus

315 2333 546 2403 injussu
579 2337 779 2388 contra
829 2336 1052 2387 tantam
1107 2331 1544 2386 multitudinem
1599 2337 1714 2385 tam
1767 2331 1958 2401 parvis

314 2423 498 2495 copiis
528 2421 952 2476 dimicandum.
986 2421 1115 2475 Haec
1147 2421 1437 2476 sententia
1469 2420 1623 2474 vicit.
1649 2421 1718 2474 Et
1772 2420 1956 2490 profe-

313 2512 388 2566 cti
425 2512 480 2566 in
512 2511 783 2575 Iberiam,
814 2510 873 2564 in
910 2509 1148 2581 planitie
1170 2510 1448 2581 quadam,
1475 2527 1600 2580 quae
1634 2508 1956 2563 incolarum

315 2616 586 2655 sermone
617 2599 865 2654 Osurtru
901 2599 1138 2666 dicitur,
1172 2598 1383 2652 castris
1443 2599 1551 2652 sub
1606 2597 1699 2652 dio
1757 2597 1960 2667 positis

313 2690 683 2759 quieverunt,
715 2688 873 2743 omni
910 2687 1072 2758 prius
1105 2686 1321 2758 agresti
1372 2687 1546 2741 turba
1593 2685 1958 2752 mulieribus,

315 2777 514 2848 pueris
555 2793 619 2832 ac
674 2793 801 2848 quae
849 2777 1103 2848 pretiosa
1151 2776 1450 2842 haberent,
1509 2775 1567 2830 in
1606 2774 1964 2829 munitiones

317 2865 583 2920 inclusis.
617 2866 686 2919 Et
713 2865 1124 2936 imperatorem
1149 2863 1372 2919 cursori
1397 2863 1628 2918 traditis
1650 2863 1861 2917 litteris
1893 2863 1964 2917 de

322 2954 572 3008 adventu
607 2953 868 3008 hostium
892 2954 1194 3008 certiorem
1227 2953 1506 3007 fecerunt.
1531 2956 1854 3022 Imperator
1876 2951 1966 3005 lit-

321 3042 466 3098 teris
496 3041 683 3112 lectis,
709 3041 1108 3098 ducibusistis
1137 3043 1376 3096 mandat
1399 3041 1482 3096 uti
1515 3058 1573 3096 se
1605 3043 1964 3108 contineant,

321 3133 505 3188 donec
533 3131 815 3203 Liparites
846 3147 980 3186 cum
1011 3130 1242 3186 lbericis
1273 3129 1456 3201 copiis
1487 3130 1556 3184 ad
1583 3130 1738 3199 ipsos
1773 3145 1967 3198 perve-

319 3221 462 3277 niat.
493 3221 562 3275 Et
585 3220 876 3292 Lipariten
907 3237 1009 3291 per
1037 3219 1260 3274 litteras
1292 3220 1559 3274 hortatur
1589 3224 1649 3272 ut
1672 3217 1964 3287 siquidem

320 3309 957 3380 sociussitamicusquc
978 3309 1398 3373 Romanorum,
1425 3309 1646 3377 absque
1671 3307 1790 3360 ulla
1814 3323 1968 3360 mora

320 3417 452 3454 cum
503 3399 782 3455 omnibus
826 3397 951 3453 suis
1011 3397 1196 3468 copiis
1261 3413 1322 3451 se
1376 3396 1624 3450 ducibus
1685 3393 1963 3448 Romanis

320 3489 620 3559 adjungat.
666 3491 848 3541 Duces
899 3486 1154 3558 acceptis
1201 3485 1413 3539 litteris
1467 3484 1834 3555 quieverunt,
1879 3482 1960 3535 uti

321 3574 688 3646 erantjussi.
723 3580 782 3628 et
821 3573 1116 3646 Lipariten
1163 3578 1597 3644 exspectarunt.
1657 3574 1842 3641 Atque
1893 3571 1964 3637 is,

323 3663 694 3734 imperatoris
718 3663 993 3717 mandato
1026 3667 1317 3733 percepto,
1353 3677 1490 3716 suos
1524 3676 1623 3730 per
1644 3659 1823 3714 otium
1851 3658 1971 3714 col—

322 3751 465 3824 legit
493 3756 668 3823 atque
700 3751 968 3806 armavit.
1008 3753 1152 3806 Dum
1189 3751 1243 3804 id
1283 3751 1346 3804 ﬁt
1376 3766 1439 3803 ac
1472 3755 1704 3820 tempus
1740 3748 1968 3810 teritur,

325 3841 560 3896 interim
592 3841 906 3896 Abramius
937 3841 995 3894 in
1024 3838 1510 3910 Baaspracaniam
1544 3839 1739 3905 venit;
1774 3836 1965 3905 cogni-

325 3935 502 4000 toque
533 3929 849 3994 Romanos,
873 3929 970 4000 qui
1007 3928 1088 3982 ibi
1140 3927 1370 3982 fuerant
1406 3925 1651 3992 collecti,
1704 3941 1809 3978 suo
1868 3925 1967 3979 ad-

325 4023 502 4074 ventu
532 4017 824 4072 intellecto
851 4017 903 4071 in
940 4017 1186 4072 lberiam
1222 4015 1557 4082 recessisse,
1584 4031 1696 4084 prae
1723 4019 1878 4067 metu
1911 4012 1967 4067 id

327 4109 399 4161 ab
433 4107 508 4162 iis
532 4107 775 4173 factum,
809 4105 963 4177 quod
998 4109 1122 4159 erat
1153 4102 1477 4176 probabile,
1515 4108 1695 4170 ratus,
1733 4102 1967 4172 postha-

325 4195 465 4251 bitis
498 4193 921 4266 direptionibus
938 4209 1037 4248 eos
1070 4197 1158 4247 est
1179 4192 1501 4256 insecutus,
1518 4191 1759 4262 cupiens
1774 4190 1970 4260 przelio

325 4283 602 4356 congredi
625 4284 668 4340 ὅ
683 4284 720 4336 7
736 4281 1124 4354 7priusquam
1148 4280 1273 4334 aliae
1291 4279 1968 4349 conducerenturcopiaa.

325 4376 609 4430 Certiores
627 4373 736 4428 bac
763 4373 834 4428 de
867 4389 927 4427 re
959 4372 1090 4425 facti
1118 4371 1295 4425 duces
1319 4369 1784 4440 imperatoris,ac
1806 4366 1972 4422 veriti

325 4481 397 4520 ne
419 4463 506 4518 vel
538 4461 703 4518 inviti
755 4465 1102 4533 cogerentur
1153 4467 1288 4514 ante
1355 4458 1613 4528 Liparitaz
1654 4459 1968 4511 adventum

325 4569 609 4627 pugnare,
643 4551 1048 4607 subduxerunt
1077 4565 1138 4604 se
1169 4548 1224 4602 in
1252 4547 1432 4602 locum
1459 4547 1776 4618 quemdam
1809 4546 1970 4600 aditu

324 4641 646 4709 difﬁcilem,
672 4638 1014 4711 praecipitiis
1049 4637 1307 4707 undique
1339 4643 1397 4691 et
1431 4633 1794 4690 convallibus
1811 4634 1971 4688 cinc-

324 4736 475 4802 tum,
508 4735 682 4802 atque
713 4728 792 4783 ibi
817 4727 1181 4799 quieverunt,
1209 4731 1263 4780 et
1294 4727 1363 4780 ad
1393 4724 1684 4796 Lipariten
1717 4725 1966 4794 scripse-

2069 2148 2150 2209 οἷς
2179 2149 2272 2210 τὰς
2305 2147 2487 2224 χηλὰς
2519 2156 2626 2204 τῶν
2653 2153 2803 2220 ζώων
2838 2152 3056 2216 εἰώθασι
3081 2156 3163 2226 [Ρ.
3191 2157 3316 2224 772]
3343 2152 3696 2229 περιστέλλειν

2070 2236 2390 2311 ἐπηρμένων
2453 2236 2508 2293 δὲ
2567 2240 2656 2294 καὶ
2730 2246 2836 2295 τῶν
2900 2243 3183 2315 Ῥωμαίων
3251 2244 3341 2298 καὶ
3402 2240 3696 2318 θαρῥαλέων

2070 2323 2239 2380 ὄντων
2273 2327 2376 2382 ἀπὸ
2406 2335 2504 2396 τῆς
2529 2331 2992 2404 προηγησαμένης
3047 2332 3224 2401 νίκης,
3269 2333 3359 2387 καὶ
3409 2334 3700 2406 προθυμου-

2075 2412 2246 2484 μένων
2311 2419 2574 2487 συμμῖξαι
2631 2423 2747 2478 τοῖς
2807 2417 3121 2490 πολεμίοις.
3182 2419 3513 2475 Τούναντίον
3571 2416 3624 2473 δὲ
3675 2419 3699 2472 ὁ

2072 2503 2280 2575 Ἀαρὼν
2353 2503 2695 2580 ἀπεφαίνετο,
2774 2505 2985 2581 ἐπέχων
3061 2507 3156 2568 τὰς
3210 2506 3488 2581 δυνάμεις,
3542 2506 3698 2582 λέγων

2075 2591 2354 2666 ὀχυρῶσαί
2400 2614 2457 2647 τε
2498 2594 2591 2656 τὰς
2651 2593 2840 2657 πόλεις
2900 2595 2990 2650 καὶ
3040 2596 3105 2651 τὰ
3156 2597 3391 2674 φρούρια
3437 2597 3519 2651 καὶ
3585 2594 3700 2650 εἷ’σω

2070 2686 2270 2755 τειχῶν
2304 2681 2613 2756 συγκλεῖσαι
2667 2684 2732 2738 τὰ
2787 2684 2981 2754 πάντα,
3043 2687 3278 2757 μηνῦσαί
3308 2708 3367 2740 τε
3394 2691 3471 2758 τῷ
3505 2685 3703 2761 βασιλεῖ

2072 2769 2160 2823 καὶ
2215 2771 2288 2841 μή
2323 2771 2441 2823 ἄνευ
2497 2772 2722 2844 γνώμης
2763 2773 2966 2827 ἐκείνου
3015 2776 3151 2846 μετά
3190 2772 3470 2848 δυνάμεως
3522 2777 3699 2846 μικρᾶς

2071 2858 2210 2930 πρὸς
2259 2863 2517 2913 τοσοῦτον
2580 2859 2790 2928 πλῆθος
2848 2870 3162 2935 πολεμῆσαι
3224 2859 3701 2939 βαρϐάρων.Οὸτω

2076 2943 2132 2999 δὲ
2188 2951 2296 3000 τῶν
2353 2955 2669 3023 στρατηγῶν
2733 2951 3165 3027 ἀποφηναμένων
3225 2953 3471 3022 ἐνίκησεν
3530 2955 3562 3021 ἡ
3617 2955 3699 3004 τοῦ

2074 3034 2284 3106 Ἀαρὼν
2343 3037 2568 3110 γνώμη.
2615 3040 2710 3092 Καὶ
2743 3039 2896 3093 αὐτοὶ
2957 3042 3050 3113 μὲν
3124 3041 3257 3114 μετὰ
3314 3048 3416 3110 τῆς
3471 3045 3699 3117 στρατιᾶς

2076 3121 2397 3186 ἀπελθόντες
2457 3125 2506 3179 ἐν
2569 3122 2777 3202 Ἰϐηρίᾳ
2826 3133 2962 3183 κατά
3003 3151 3123 3184 τινα
3164 3127 3399 3185 πεδιάδα
3438 3129 3698 3205 ἐγχωρίως

2075 3214 2403 3287 Ὀσούρτρου
2459 3213 2755 3288 λεγομένην
2816 3213 3002 3290 ἔμενον
3071 3220 3446 3292 ἡσυχάζοντες
3498 3219 3546 3272 ἐν
3599 3221 3699 3276 τοῖς

2079 3302 2397 3373 ὑπαίθροις,
2455 3305 2626 3358 πάντα
2681 3305 2942 3380 πρότερον
3005 3308 3095 3361 τὸν
3155 3307 3396 3381 ἀγρότην
3456 3307 3578 3363 λαὸν
3624 3304 3699 3359 καὶ

2076 3397 2332 3465 γυναῖκας
2384 3392 2472 3445 καὶ
2505 3391 2698 3455 παῖδας
2730 3395 2818 3448 καὶ
2867 3400 2968 3449 πᾶν
3015 3397 3044 3450 δ
3074 3417 3125 3450 τι
3159 3397 3346 3469 τίμιον
3378 3395 3538 3471 συγκ)
3552 3395 3701 3450 είσαν-

2073 3500 2162 3540 τες
2197 3478 2247 3532 ἐν
2280 3485 2395 3541 τοῖς
2455 3480 2826 3556 ὀχυρώμασιν·
2879 3479 3115 3558 ἔγραψαν
3148 3481 3204 3539 δὲ
3252 3485 3346 3539 καὶ
3394 3489 3474 3555 τῷ
3515 3481 3703 3559 βασιλεῖ

2079 3566 2168 3622 διὰ
2218 3566 2596 3643 ταχυδρόμου,
2655 3568 3125 3642 δηλοποιήσαντες
3183 3576 3280 3642 τήν
3317 3580 3426 3629 τῶν
3473 3571 3699 3627 ἐναντίων

2079 3655 2375 3712 ἐπέλευσιν.
2433 3659 2724 3730 Δεξάμενος
2779 3659 2869 3715 οὖν
2914 3663 3071 3725 οὗτος
3115 3663 3182 3716 τὰ
3227 3664 3530 3737 γράμματα
3581 3659 3701 3714 ἐκεί-

2077 3767 2188 3806 νοις
2234 3747 2328 3818 μὶν
2371 3746 2584 3821 ἐπέχειν
2619 3747 2882 3817 ἐκέλευεν,
2935 3747 3038 3813 ἕως
3090 3748 3148 3804 ἂν
3178 3752 3205 3804 ὁ
3236 3753 3541 3825 Λιπαρίτης
3591 3745 3704 3821 μετᾶ

2076 3841 2178 3902 τῆς
2229 3839 2336 3889 τῶν
2397 3831 2626 3910 Ἰϐήρων
2657 3835 2935 3909 δυνάμεως
2986 3838 3158 3902 ἐλθὼν
3217 3845 3339 3902 τοῖς
3398 3842 3704 3912 Ῥωμαϊκοῖς

2079 3923 2252 3996 ἐνωθῇ
2313 3926 2692 3997 σνρατε·5μασι’
2753 3928 2955 3999 πέμπει
3016 3925 3073 3982 δὲ
3128 3929 3264 4002 πρὸς
3298 3929 3503 3984 ἐκεῖνον
3543 3926 3702 4001 γράμι

2084 4033 2222 4084 ματα
2281 4010 2629 4085 διοριζόμενα
2702 4017 2798 4083 τήν
2866 4017 3156 4091 ταχίστην,
3219 4016 3372 4092 εἷ’περ
3432 4017 3701 4089 σύμμαχον

2080 4100 2265 4154 ἑαυτὸν
2298 4102 2384 4155 καὶ
2419 4101 2574 4177 φίλον
2608 4103 2773 4177 κρίνει
2805 4104 3112 4175 Ῥωμαίων,
3181 4103 3518 4183 ἀνειληφότα
3553 4103 3705 4158 πάντα

2079 4189 2170 4242 τὸν
2228 4189 2351 4263 περὶ
2411 4191 2568 4245 αὐτὸν
2620 4190 2749 4245 λαὸν
2807 4193 3086 4270 ἀφικέσθαι
3145 4196 3235 4248 καὶ
3291 4196 3555 4268 συμμῖξαι
3603 4197 3703 4251 τοῖς

2081 4285 2410 4353 στρατηγοῖς
2468 4285 2573 4334 τῶν
2635 4281 2916 4354 Ῥωμαίων
2974 4283 3063 4337 καὶ
3127 4284 3240 4355 μετ’
3295 4283 3476 4337 αὐτῶν
3533 4280 3703 4336 διαπο-

2081 4366 2320 4439 λεμῆσαι
2353 4369 2485 4441 πρὸς
2508 4369 2637 4431 τοὺς
2673 4366 2995 4445 βαρϐάρους.
3051 4373 3117 4429 (J't
3178 4374 3270 4444 μὶν
3305 4373 3401 4427 οὗν
3432 4366 3704 4444 στρατηγοὶ

2081 4456 2146 4509 τὰ
2195 4457 2492 4529 γράμματα
2544 4455 2821 4530 δεξάμενοι
2881 4461 3122 4533 ῆρέμουν
3179 4460 3252 4522 ὡς
3309 4459 3702 4527 ἐκελεύσθησαν,

2081 4545 2167 4599 καὶ
2228 4546 2328 4613 τὴν
2381 4551 2478 4600 τοῦ
2535 4548 2832 4620 Λιπαρίτου
2873 4549 3202 4622 προσέμενον
3259 4549 3475 4626 ἄφιξιν,
3525 4548 3704 4604 ἐκεῖνος

2084 4630 2140 4686 δὶ
2213 4634 2275 4687 τὸ
2337 4634 2617 4707 βασιλικὸν
2676 4633 2960 4708 δεξάμενος
3010 4638 3338 4712 πρόσταγμα
3387 4639 3480 4693 τὸν
3539 4632 3704 4690 ἑαυτοῦ

2088 4722 2222 4794 μετά
2279 4721 2491 4798 σχολῆς
2545 4722 2766 4798 ἤθροισε
2821 4725 2910 4779 καὶ
2963 4725 3279 4794 καθώπλιζε
3312 4726 3467 4782 Ααόν.
3498 4723 3704 4790 Ἐνδσῳ

327 4825 467 4876 runt
489 4823 552 4874 ut
581 4819 802 4888 absque
833 4817 1206 4871 cunctatione
1248 4815 1459 4868 veniat.
1501 4812 1813 4867 Abramius
1864 4813 1959 4866 Ro-

2089 4808 2145 4864 δὲ
2177 4810 2332 4873 οὗτος
2363 4812 2457 4874 τὰς
2490 4812 2692 4875 οἷ’κείας
2724 4814 3026 4888 συνεκρότει
3058 4812 3313 4887 δυνάμεις
3345 4815 3434 4868 καὶ
3469 4816 3496 4868 ὁ
3527 4806 3702 4888 χρόνος

327 4925 572 4966 manum
601 4907 920 4963 exercitum
955 4922 1068 4960 non
1122 4909 1429 4959 assecutus
1476 4902 1545 4956 ad
1587 4903 1752 4956 Artze
1798 4902 1976 4956 venit.

329 4998 521 5071 Pagus
549 5001 672 5051 erat
692 4995 742 5051 is
775 4996 980 5065 ingens
1013 5011 1078 5049 ac
1099 4993 1424 5048 multorum
1473 4989 1722 5044 millium
1775 5007 1973 5060 capax,

327 5101 672 5158 magnaque
703 5101 768 5140 eo
804 5083 1262 5139 continebantur
1328 5080 1562 5136 divitiae.
1624 5079 1977 5133 Habitabant

324 5177 482 5232 enim
516 5173 596 5228 ibi
627 5189 758 5226 curn
793 5173 1082 5243 indigenae
1120 5175 1489 5237 mercatores,
1523 5172 1646 5222 tum
1697 5167 1970 5238 Syrorum

324 5261 734 5320 Armeniorum
761 5265 820 5316 et
841 5259 972 5316 aliis
1003 5277 1070 5314 ex
1103 5257 1443 5314 nationibus
1467 5255 1782 5312 multitudo
1817 5255 1973 5310 haud

2088 4895 2350 4974 ἐτρίϐετο,
2403 4904 2430 4956 ὁ
2483 4897 2782 4978 Ἀϐράμιος
2840 4905 2940 4972 τήν
2986 4904 3431 4977 Βαασπρακανίαν
3493 4898 3703 4956 κιοταλα·

2088 4984 2220 5056 ϐὼνν
2281 4989 2369 5043 καὶ
2431 4991 2613 5062 μαθὼν
2673 4991 2858 5065 ὅτιπερ
2910 4992 2960 5045 o't
3017 4993 3281 5063 Ῥωμαῖοι
3311 4992 3532 5046 ἐνταῦθα
3562 5005 3706 5041 συνει-

2087 5074 2337 5152 λεγμένοι
2397 5075 2542 5141 ὅντες
2600 5080 2688 5135 καὶ
2744 5081 2843 5149 τὴν
2904 5080 3070 5135 αὐτοῦ
3139 5082 3397 5154 μαθόντες
3453 5077 3705 5134 ἐπέλευσιν

2086 5167 2447 5239 ὗπενόστησαν
2498 5169 2572 5231 εἷς
2602 5165 2862 5246 Ἰϐηρίαν,
2895 5167 3101 5224 δειλίαν
3147 5170 3276 5244 ὅπερ
3323 5170 3391 5238 ἦν
3446 5168 3605 5232 εἰκὸς.
3654 5161 3707 5214 τὸ

2083 5263 2309 5332 πρᾶγμα
2335 5259 2659 5334 ὑπονοήσας,
2704 5261 2829 5333 παρ’
2862 5257 3016 5314 οὐδὲν
3052 5260 3275 5334 θέμενος
3316 5258 3405 5313 καὶ
3438 5256 3578 5312 λείαν
3632 5249 3707 5306 καὶ

1526 5427 1899 5482 XYLANDRI
1940 5427 2030 5483 ET
2070 5429 2289 5486 GOARI
2333 5433 2539 5488 NOTAE

406 5586 516 5657 (37)
560 5587 876 5657 Incertum,
919 5581 1226 5657 uterinone
1274 5597 1345 5657 an
1402 5578 1517 5657 alia
1572 5584 1757 5633 matre
1824 5581 1981 5645 nato,

338 5652 506 5731 quasi
529 5656 627 5728 qui
650 5655 884 5710 aliunde
901 5653 1287 5724 germinasset
1311 5652 1487 5704 frater
1504 5665 1617 5703 non
1643 5666 1978 5720 germanus.

336 5748 452 5806 Hoc
485 5747 634 5802 enim
670 5749 840 5800 sonat
893 5760 992 5798 vos
1049 5737 1394 5815 ἓτεροθαλὴς.
1443 5739 1510 5792 Et
1557 5739 1702 5792 tales
1749 5736 1982 5793 tlusculi

2095 5589 2152 5642 in
2185 5588 2393 5643 horum
2428 5589 2776 5660 scriptorum
2811 5587 2994 5660 pratis
3043 5602 3156 5643 non
3197 5588 3348 5660 sunt
3389 5579 3705 5660 insolentes.

2093 5669 2299 5728 es“tua
2331 5655 2668 5715 eadem-vox
2709 5655 2861 5731 apud
2897 5662 3202 5724 Zonaram,
3233 5661 3289 5712 et
3335 5655 3486 5709 infra
3519 5661 3703 5706 rursus

2092 5735 2160 5790 de
2195 5734 2365 5788 Alimi
2399 5736 2597 5788 fratre.
2631 5732 2768 5787 XYL.
