3972 6146
292 419 399 477 θω

1416 418 1955 480 HISTORIARUM
2001 417 2156 480 COM
2171 417 2522 478 PENDIUM
2535 461 2547 474 .

3567 421 3689 481 310

295 544 720 620 λαφυραγωγίαν,
773 541 986 599 ἱδίωκεν
1048 546 1265 609 ὄπισθεν
1316 544 1509 614 αὐτων,
1568 545 1916 620 ἐπειγόμενος

2044 549 2286 603 modica.
2312 550 2500 618 Atque
2536 547 2571 601 ii
2606 563 2846 602 numero
2880 548 3006 602 freti
3039 548 3193 602 intra
3222 564 3425 604 muros
3448 566 3509 605 se
3541 551 3686 606 reci-

295 632 533 708 συῤῥάξαι
591 639 708 694 τοῖς
769 638 1001 707 παροῦσι
1059 634 1164 709 πρὸ
1221 638 1317 688 τοῦ
1385 636 1472 689 καὶ
1552 636 1730 709 ἑτέραν
1807 657 1928 689 συν-

298 726 629 794 αθροισθῆναι
695 719 939 794 δύναμιν,
1002 724 1165 797 Ὅπερ
1226 723 1484 796 μαθόντες
1543 725 1593 788 οἱ
1635 724 1928 798 στρατηγοὶ

295 815 390 863 τῶν
443 809 750 882 Ῥωμαίων,
811 809 898 864 καῖ
947 813 1269 877 πτοηθέντες
1304 815 1378 884 μή
1414 835 1527 874 πως
1559 813 1926 889 ἀναγκασθῶσι

299 900 377 953 καὶ
429 897 638 959 ἄκοντες
687 897 997 971 πολεμῆσαι
1049 902 1152 974 πρὸ
1183 907 1278 956 τοῦ
1309 903 1402 956 τὸΛ
1432 905 1734 974 Λιπαρίτην
1766 925 1926 958 κατα-

303 983 472 1042 λαϐεῖν
553 985 844 1051 ὑποδύντες
895 989 1016 1043 τινὰ
1082 987 1356 1065 δυχωρίαν
1425 991 1779 1066 ἀπόκρημνον
1840 993 1926 1047 καὶ

315 1077 510 1152 φάραγξι
558 1075 814 1140 πάντοθεν
861 1076 1241 1150 κυκλουμένην
1287 1079 1587 1155 ἡσύχαζον,
1629 1081 1930 1156 γράψαντες

307 1165 421 1238 πρὸς
474 1165 563 1218 τὸν
621 1166 924 1239 Λιπαρίτην
973 1167 1122 1235 ἥκειν
1179 1169 1270 1221 καί
1331 1171 1406 1240 μή
1446 1167 1744 1242 βραδύνειν.
1781 1173 1840 1227 Ὁ
1871 1169 1927 1225 δὲ

303 1249 576 1327 Ἀϐράμιος
629 1262 729 1323 τῆς
777 1257 1090 1327 Ῥωμαϊκῆς
1122 1259 1454 1332 ἡστοχηκὼς
1485 1265 1734 1332 στρατιᾷς
1768 1255 1925 1335 {PX-5'

294 1364 366 1396 ται
399 1342 469 1404 εἷς
496 1343 559 1396 τὸ
587 1342 886 1417 λεγόμενον
915 1347 1134 1418 ”Αρτζε,
1187 1345 1526 1418 Κωμόπολις
1556 1346 1612 1402 δὲ
1636 1349 1698 1402 τὸ
1729 1350 1928 1423 Ἀρτζε

293 1429 608 1505 μυρίανδρος
640 1434 725 1486 καὶ
771 1432 943 1488 πολὺν
977 1435 1213 1489 πλοῦτεν
1249 1435 1470 1512 ἔχουσα’
1530 1436 1706 1509 ᾤκουν
1740 1440 1839 1514 γάρ
1871 1437 1921 1493 ἐν

287 1521 410 1592 αὐτῇ
470 1519 732 1593 ἰθαγενεῖς
762 1543 819 1576 τε
867 1518 1100 1598 ἔμποροι
1144 1524 1232 1578 καὶ
1276 1525 1464 1598 Σύρων
1497 1527 1584 1580 καὶ
1618 1527 1921 1601 Ἀρμενίων

284 1610 361 1663 καὶ
391 1607 582 1663 ἄλλων
629 1604 793 1664 ἕθνῶν
827 1611 1041 1682 πληθὺς
1072 1613 1170 1667 οὐκ
1200 1611 1388 1687 ὀλίγη·
1425 1614 1614 1676 οῖτινες
1645 1620 1712 1689 τῇ
1745 1615 1926 1687 οἰκείᾳ

287 1697 597 1772 θαριὲοὖντες
629 1696 840 1768 πληθύι
893 1699 954 1754 οὖ
1005 1699 1349 1774 κατεδέξαντο
1391 1700 1517 1758 εἶ’σω
1564 1705 1786 1779 τείχους
1836 1727 1921 1780 γε-

283 1785 467 1855 νέσθαι,
513 1787 804 1842 καὶταῦτα
841 1795 940 1858 τῆς
985 1787 1495 1854 Θεοδοσιουπόλεως
1553 1792 1612 1848 έοι
1667 1794 1925 1868 γειτόνων

282 1876 524 1945 κειμένης
582 1877 844 1950 μεγίστης
889 1877 1103 1940 πόλεως
1132 1881 1218 1933 καὶ
1268 1885 1452 1956 τεῖχος
1487 1881 1722 1957 ἐχούσης
1767 1883 1920 1958 ἷσχυ-
1953 1921 2001 1986 Β

287 1963 325 1986 ,ἒ
391 1963 474 1986 ,,,,‘
513 1965 538 1986 λ
586 1962 635 1986 1‘
713 1985 751 1986 με
946 1965 1005 1986 ΚΝ
1033 1967 1044 1984 \
1151 1972 1175 1982 η-
1233 1974 1271 1986 Iv
1462 1970 1471 1986 I
1613 1968 1635 1986 ἢ
1675 1973 1687 1986 \

280 1963 361 2036 ρὸν
388 1963 475 2017 καὶ
507 1962 816 2034 ἀνάλωτον,
869 1965 1053 2021 πολλὰ
1084 1972 1179 2021 τοῦ
1229 1970 1575 2042 Κεκαυμένου
1610 1968 1698 2025 διὰ
1746 1994 1923 2048 γραμ-

289 2051 460 2120 μάτων
521 2050 617 2105 καῖ
673 2051 1071 2123 ἀπειλήσαντος
1118 2056 1206 2110 καὶ
1259 2057 1750 2131 παρακαλέσαντος.
1813 2064 1926 2118 Κα-

283 2136 630 2194 ταλαϐόντων
689 2140 780 2196 οὖν
836 2147 941 2196 τῶν
975 2143 1234 2218 Τούρκων
1267 2146 1354 2200 καὶ
1387 2147 1708 2220 ἁπτομένων
1739 2146 1923 2224 ἔργου,

284 2229 328 2280 οἱ
382 2227 433 2282 έν
487 2233 572 2300 τῷ
625 2235 820 2303 ’Ἃρτζε
875 2231 968 2294 τάς
999 2229 1213 2294 διόδους
1273 2233 1685 2310 συγκλείσαντες
1712 2239 1799 2292 καὶ
1837 2238 1922 2292 ἐπὶ

282 2322 379 2370 τῶι
441 2315 716 2390 δωμάτων
766 2315 1056 2384 ἀναϐάντες
1087 2324 1170 2394 [Ρ.
1204 2325 1334 2396 773]
1386 2324 1558 2389 λίθοις
1604 2326 1693 2380 καὶ
1744 2326 1927 2397 ξύλοις

279 2406 361 2459 καὶ
417 2407 605 2476 τόξοις
664 2406 790 2468 τοὺς
848 2407 1097 2472 ἐπιόντας
1157 2412 1458 2484 ἠμύνοντο.
1495 2415 1591 2468 Καὶ
1623 2412 1923 2470 διετέλεσαν

282 2495 589 2569 μαχόμενοι
647 2496 730 2570 ἐφ’
761 2496 893 2558 ὕλας
925 2501 1136 2572 ἡμέρας
1293 2502 1651 2578 Ἀγγελθέντο
1711 2501 1769 2558 δὲ
1796 2505 1926 2559 τού-

277 2603 366 2635 του
398 2589 514 2644 τοῖς
551 2592 910 2659 στρατηγοῖς,
972 2587 1000 2639 6
1059 2589 1397 2660 Κεκαυμένος
1452 2590 1626 2653 πολὺς
1655 2593 1720 2661 ἦν
1755 2591 1926 2668 ἰγκεί-

282 2692 431 2740 μενος
485 2672 582 2727 καὶ
637 2671 968 2747 παρακαλῶν
1030 2676 1280 2741 ἀπελθεῖν
1337 2679 1426 2732 καὶ
1475 2676 1772 2752 συμϐαλεῖν
1812 2688 1930 2746 τοῖς

277 2761 547 2833 Τούρκοις
581 2761 672 2815 τὸν
705 2767 831 2815 νοῦν
863 2761 1052 2838 ἔχουσι
1114 2767 1250 2842 πρὸς
1282 2772 1349 2841 τῇ
1381 2768 1695 2844 πολιορκίᾳ,
1725 2771 1815 2826 καὶ
1851 2772 1926 2843 μή

280 2850 538 2916 καθῆσθαι
599 2849 894 2920 τηνάλλως
947 2853 1036 2906 καὶ
1100 2849 1305 2928 τρίϐειν
1355 2857 1448 2912 τὸν
1505 2860 1703 2934 χρόνον
1739 2906 1752 2929 ,
1827 2863 1928 2930 τὴν

283 2937 492 3007 συκίνην
589 2943 997 3014 προσμένοντας
1070 2941 1378 3019 ἐπικουρίαν
1449 2949 1540 3002 τὸν
1611 2951 1928 3023 Αιπαρίτην,

282 3027 360 3078 καὶ
401 3028 490 3080 τὸν
557 3025 869 3098 ἐπιτήδειον
929 3033 1341 3108 παρατρέχοντα
1375 3033 1593 3109 βλέπειν
1625 3039 1831 3113 καιρὸν,
1869 3041 1930 3094 οὔ

283 3120 459 3190 τυχεῖν
515 3115 688 3170 πάλιν
749 3117 810 3171 οὐ
846 3115 1050 3192 ῥᾴδιον.
1111 3121 1553 3188 Ἀντιπίπτοντος
1595 3123 1653 3180 δὲ
1681 3132 1776 3180 τοῦ
1808 3129 1928 3184 Ἀα-

285 3203 423 3290 ρὼν,
470 3201 566 3257 καί
633 3201 800 3276 μηδέν
855 3227 907 3258 τι
970 3203 1354 3283 διαπράξασθαι
1415 3209 1666 3286 λέγοντος
1696 3216 1842 3290 παρά
1867 3217 1930 3270 τὸ

2039 655 2173 707 pere
2202 637 2532 702 noluerunt,
2579 653 2707 691 cum
2743 635 2980 708 quidem
3014 637 3279 709 proxima
3308 642 3464 692 esset
3492 639 3684 694 Theo-

2040 726 2358 798 dosiOpolis
2384 728 2524 780 urbs
2545 743 2754 798 magna
2772 732 2826 781 et
2849 743 3016 781 muro
3039 726 3230 781 cincta
3249 727 3687 798 inexpugnabili

2038 817 2246 870 Turcis
2279 832 2408 870 eum
2447 833 2657 887 pagum
2693 816 3007 887 aggressis,
3041 815 3274 870 Artzeni
3297 815 3550 872 occlusis
3578 815 3688 872 viis

2039 911 2191 960 tecta
2220 906 2708 968 conscenderunt,
2740 908 2928 974 deque
2963 905 3033 959 iis
3065 905 3392 976 saxa,ligna
3417 904 3687 976 stjacula

2039 996 2096 1049 in
2121 998 2531 1066 oppugnantes
2559 998 2876 1048 torserunt.
2899 996 2984 1048 Ita
3016 997 3166 1049 totos
3187 1011 3288 1048 sex
3304 993 3429 1049 dies
3459 1009 3684 1065 pugna-

2037 1090 2162 1138 tum
2193 1089 2300 1138 est.
2347 1084 2444 1138 Rei
2480 1082 2684 1137 nuntio
2709 1083 2776 1136 ad
2803 1083 3096 1138 Romanos
3126 1081 3324 1149 allato,
3357 1083 3686 1138 Ambustus

2040 1172 2262 1226 multus
2293 1178 2417 1226 erat
2451 1173 2506 1226 in
2543 1172 2802 1242 urgendo
2831 1177 3003 1240 atque
3034 1171 3392 1226 exhortando
3418 1175 3480 1225 ut
3501 1171 3685 1226 iretur

2038 1279 2103 1316 ac
2137 1279 2268 1315 cum
2300 1261 2505 1316 Turcis
2531 1260 2950 1332 oppugnationi
2973 1260 3217 1315 intentis
3245 1277 3457 1315 manus
3483 1275 3682 1316 conse-

2038 1357 2223 1405 reretu
2235 1367 2474 1421 r,neque
2497 1355 2730 1421 tempus
2754 1349 3038 1404 inutiliter
3057 1355 3340 1404 tereretur
3361 1349 3681 1404 desidendo

2036 1446 2092 1494 et
2125 1439 2400 1494 ficulnum
2425 1438 2566 1492 illud
2595 1439 2931 1509 prazsidium
2957 1439 3243 1510 Lipariten
3269 1438 3681 1510 exspectando,

2035 1545 2279 1600 eamque
2325 1527 2688 1582 occasionem
2753 1525 3100 1598 negligendo
3157 1527 3411 1592 interim,
3445 1525 3679 1596 qualem

2034 1619 2243 1672 deinde
2275 1618 2428 1671 haud
2477 1617 2644 1672 facile
2702 1621 2901 1671 essent
2951 1615 3239 1688 adepturi.
3299 1617 3680 1686 Repugnante

2035 1712 2228 1761 tamen
2259 1705 2776 1776 Aarone,nihilque
2807 1721 2868 1759 se
2893 1710 3100 1776 praeter
3118 1704 3488 1776 imperatoris
3511 1720 3676 1758 man-

2034 1797 2234 1850 datum
2269 1800 2536 1851 acturum
2595 1794 2948 1861 afﬁrmante,
3015 1794 3140 1865 ipse
3195 1793 3372 1848 etiam
3433 1791 3673 1864 quievit.

2033 1885 2184 1942 578
2217 1884 2530 1939 Abramius
2562 1901 2674 1938 non
2708 1900 2776 1938 ex
2805 1882 2986 1938 animi
3019 1881 3308 1938 sententia
3329 1881 3674 1937 succedente

2035 1976 2426 2045 negotio,cum
2453 1973 2642 2028 vicum
2674 1988 3006 2044 expugnare
3039 1989 3152 2027 non
3189 1975 3408 2044 posset,
3461 1970 3672 2042 opibus

2035 2064 2342 2134 praedaque
2395 2061 2606 2133 spretis
2665 2061 2858 2132 ignem
2930 2061 3202 2115 domibus
3263 2059 3424 2130 injici
3477 2060 3668 2130 jubet.

2035 2153 2248 2208 Statim
2279 2151 2448 2206 Turci
2483 2150 2633 2206 faces
2666 2150 3090 2220 materiamque
3123 2149 3277 2221 ignis
3307 2164 3578 2218 capacem
3613 2148 3671 2201 in

2034 2243 2240 2295 domos
2285 2239 2649 2311 conjiciunt:
2699 2244 2757 2294 et
2813 2245 3007 2295 coorto
3065 2239 3328 2309 undique
3385 2237 3678 2304 incendio,

2033 2329 2260 2384 Artzeni
2294 2345 2427 2383 cum
2460 2328 2578 2398 igni
2610 2329 2784 2382 simul
2820 2333 2876 2383 et
2921 2329 3189 2382 hostibus
3238 2327 3508 2382 resistere
3564 2342 3679 2381 non

2037 2418 2374 2487 possent,ad
2410 2418 2606 2488 fugam
2669 2416 2978 2472 inclinant.
3033 2417 3248 2472 Ferunt
3303 2413 3548 2486 periisse
3603 2412 3684 2467 ibi

2036 2507 2340 2561 hominum
2375 2507 2446 2561 ad
2477 2511 2710 2561 centum
2745 2506 3148 2576 quadraginta
3205 2503 3414 2572 millia,
3475 2502 3683 2574 partim

2037 2596 2187 2651 ferro
2205 2595 2730 2666 caesorum,partim
2753 2593 2873 2666 igni
2889 2594 3511 2665 absumptorum.Cum
3525 2591 3682 2646 enim

2037 2691 2206 2756 capto
2229 2684 2354 2739 vico
2387 2685 2458 2740 de
2491 2684 2677 2740 salute
2707 2685 3109 2754 desperarent,
3158 2681 3330 2736 multi
3357 2697 3440 2750 se,
3476 2697 3685 2735 uxores

2039 2774 2372 2844 liberosque
2429 2790 2569 2828 suos
2601 2773 2659 2827 in
2723 2773 2918 2844 ignem
2975 2773 3376 2842 conjecerunt.
3409 2771 3576 2824 Artze
3607 2769 3679 2823 ad

2041 2863 2196 2918 hunc
2232 2863 2470 2917 modum
2520 2861 2737 2933 potitus
2787 2860 3012 2915 Alimus
3069 2860 3193 2915 auri
3248 2858 3567 2930 plurimum
3627 2863 3684 2912 et

2040 2951 2239 3022 aliqua
2270 2951 2434 3005 utilia
2461 2951 2812 3005 ferramenta
2832 2949 3208 3020 invenit,qum
3238 2947 3395 3019 ignis
3418 2963 3531 3002 non
3555 2963 3681 3002 cor-

2042 3045 2495 3110 ruperat.Equos
2518 3040 2655 3094 item
2685 3037 2904 3093 multos
2922 3043 2979 3092 et
3009 3037 3409 3108 aliajumenta
3437 3036 3684 3108 adeptus

2039 3133 2166 3194 est;
2203 3134 2546 3199 armatoque
2576 3134 2636 3182 ut
2661 3145 2765 3198 par
2792 3132 2915 3182 erat
2962 3143 3069 3182 suo
3119 3127 3394 3192 exercitu,
3445 3125 3687 3181 abduxit

2040 3219 2202 3280 inde,
2239 3218 2568 3272 Romanum
2603 3232 2870 3286 quaerens
2897 3216 3236 3270 exercitum.

293 3289 576 3364 βασιλικὸν
642 3293 924 3366 βούλημα,
983 3297 1217 3371 ἡσυχίαν
1275 3300 1366 3354 καὶ
1423 3302 1584 3364 αὐτὸς
1633 3289 1782 3376 ἧγενξ
1839 3300 2142 3379 Ἀϐράμιος
2176 3302 2232 3358 δὲ
2265 3305 2340 3376 μὴ
2372 3303 2506 3358 κατά
2565 3303 2763 3357 σκοπὸν
2823 3301 3149 3377 χωρούντων
3209 3301 3484 3372 αὖτῷτῶν
3513 3320 3691 3376 πραγ-

287 3382 483 3469 μάτων,
548 3384 627 3454 μὴ
689 3380 983 3456 δυνάμενος
1040 3385 1335 3463 πολιορκίᾳ
1388 3391 1486 3460 τήν
1538 3393 1864 3465 κωμὸπολιν
1917 3395 2382 3469 παραστήσασθαι,
2449 3389 2717 3468 ὑπεριδὼν
2775 3391 2864 3444 καὶ
2909 3389 3152 3445 πλούτου
3209 3390 3299 3444 καὶ
3360 3388 3530 3458 λείας,
3583 3393 3690 3462 πῦρ

282 3466 472 3521 ἐνεῖναι
535 3475 659 3532 τοῖς
717 3469 960 3543 δώμασιν
1021 3472 1382 3548 ἆγκελεύεται,
1434 3481 1523 3534 καί
1579 3480 1733 3542 εὐθὺς
1792 3482 1843 3535 οἱ
1901 3466 2131 3556 Τουρκοι
2190 3478 2388 3542 δαλοὺς
2445 3466 2682 3556 αθίροντες
2730 3479 2817 3534 καὶ
2851 3478 2988 3548 ὕλην
3049 3475 3347 3550 εὔπρηστον
3379 3475 3693 3546 ἐξάπτοντες

283 3556 576 3630 ἐρρίπτουν
636 3557 690 3613 έν
745 3566 866 3646 τοῖς
918 3558 1180 3635 δώμασιν
1240 3566 1562 3644 ἀναφθέντος
1622 3568 1678 3625 δὲ
1741 3575 1837 3624 τοῦ
1893 3572 2059 3646 πυρὸς
2114 3569 2450 3645 πανταχόθεν
2509 3570 2597 3624 καὶ
2657 3574 2922 3643 πυρκαϊᾶς
2986 3569 3243 3642 μεγίστης
3294 3563 3690 3639 ἂνεγερθείσης,

284 3647 332 3698 οἱ
391 3647 694 3722 Ἀρτζηνοῖ
763 3645 899 3722 πρὸς
952 3672 1012 3706 τε
1066 3653 1128 3707 τὸ
1187 3660 1293 3730 πῦρ
1361 3658 1498 3730 πρός
1545 3680 1604 3713 τε
1648 3661 1740 3720 τάς
1795 3660 1854 3714 ἐκ
1906 3645 2014 3714 τῶν
2070 3659 2237 3729 τόξων
2302 3657 2469 3733 βολὰς
2529 3659 2604 3731 μή
2670 3656 2980 3726 δυνηθέντες
3036 3655 3280 3730 ἀντέχειν
3311 3652 3580 3710 ἐνέκλιναν
3616 3653 3690 3715 εἰς

285 3738 476 3813 ῳυγήν.
513 3737 618 3824 Καὶ
651 3736 860 3810 λέγεται
893 3739 1191 3805 ἀπολέσθαι
1221 3745 1343 3820 περὶ
1373 3746 1467 3810 τὰς
1498 3750 1571 3819 ρν’
1593 3746 1850 3823 χιλιάδας
1879 3746 2106 3823 ἀνδρῶν,
2131 3754 2235 3803 τῶν
2269 3750 2362 3821 μὲν
2396 3748 2670 3824 μαχαίρας
2702 3752 2808 3801 τῶν
2842 3744 2899 3800 δὲ
2922 3747 3092 3821 πυρὸς
3123 3743 3501 3818 παρανάλωμα
3530 3763 3690 3818 γεγο-

283 3825 473 3877 νότων·
511 3823 665 3916 οὗτοι
698 3826 800 3900 γὰρ
835 3828 947 3882 ἐπεὶ
977 3835 1368 3906 κατισχυμένοι
1399 3834 1634 3910 ἔγνωσαν
1662 3839 2114 3916 ἀποσφάττεσθαι,
2146 3838 2403 3912 γυναῖκάς
2434 3859 2492 3892 τε
2523 3837 2612 3891 καὶ
2641 3838 2801 3891 τέκνα
2831 3837 3032 3890 ἑαυτῶν
3067 3834 3142 3898 εἲς
3171 3835 3234 3888 τὸ
3280 3838 3386 3907 πῦρ
3427 3831 3689 3907 ἀπερῥίπ-

282 3933 422 3970 τουν.
463 3912 630 3970 Οὓτω
655 3919 752 3968 τοῖὶ
783 3923 980 3990 ’Ἃρτζε
1018 3918 1342 3997 ληφθέντος,
1373 3923 1517 3978 πολὺ
1549 3927 1774 4000 χρυσίον
1805 3912 1976 4002 εὑρὼν
2005 3929 2032 3981 6
2063 3922 2360 4002 Ἀϐράμιος
2389 3927 2476 3981 καὶ
2509 3924 2654 3981 ὅπλα
2683 3925 2771 3980 καὶ
2803 3923 2947 3979 ἄλλα
2976 3925 3095 3978 τινὰ
3123 3919 3579 3998 χρειώδη,ὁπόσα
3613 3920 3688 3992 μὴ

283 4002 523 4090 τῷλπυρῖ
555 4004 892 4090 καῖέστησαν
921 4004 1189 4083 ἄχρηστα,
1224 4007 1659 4090 περιϐαλόμενος
1691 4012 1748 4068 δέ
1775 4015 1863 4069 καὶ
1889 4012 2057 4069 ’ίππον
2092 4014 2191 4069 οὐκ
2220 4015 2415 4089 ὀλίγην
2447 4013 2535 4068 καὶ
2570 4012 2851 4089 ὑποζύγια,
2895 4013 2982 4066 καὶ
3014 4013 3106 4067 τὸν
3135 4012 3330 4065 ἑαυτοῦ
3363 4010 3492 4064 λαὸν
3527 4020 3686 4072 καθο-

283 4088 478 4152 πλίσας
513 4093 594 4152 ὡς
625 4086 755 4160 ἔδει,
792 4093 1112 4170 ὑπέστρεψεν
1142 4086 1420 4170 ἀναζητῶν
1441 4102 1538 4170 τὴν
1565 4104 1879 4175 Ῥωμαϊκὴν
1910 4100 2155 4176 δύναμιν.

352 4178 503 4264 ᾼῧτη
543 4175 605 4232 δὲ
649 4177 1050 4246 καταλαϐόντος
1081 4183 1189 4257 ἤδη
1241 4188 1332 4243 καὶ
1361 4194 1456 4244 τοῦ
1513 4189 1812 4264 Λιπαρίτου
1845 4213 1934 4246 κα·
1966 4196 2008 4260 C

281 4261 486 4322 ταὸἆσα
545 4267 656 4322 ἀπὸ
712 4274 806 4324 τοῦ
868 4270 1123 4346 ῥηθέντος
1151 4275 1515 4352 ὀχυρώματος
1562 4261 1733 4334 ἔκειτο
1760 4278 1810 4334 ἐν
1867 4284 1936 4354 τῇ

285 4354 496 4411 πεδιάδι
555 4357 696 4411 κατά
751 4359 880 4422 τοὺς
943 4362 1224 4438 πρόποδας
1280 4372 1378 4422 τοῦ
1460 4369 1655 4443 βουνοῦ
1713 4366 1938 4444 ἔνθαπερ

290 4441 494 4518 ἵδρυται
527 4447 598 4500 τὸ
628 4448 912 4523 Καπετροῦ
952 4452 1232 4528 φρούριον,
1297 4441 1646 4532 Ἐρχομένων
1708 4459 1798 4512 οὗν
1830 4441 1937 4512 τῶν

289 4533 548 4608 Τούρκων
615 4535 894 4611 σποράδην
952 4536 1306 4598 συνεϐούλευε
1357 4546 1520 4601 πάλιν
1581 4549 1609 4602 6
1662 4547 1938 4618 Κεκαυμέ-

290 4642 375 4682 νος
433 4619 745 4695 συμϐαλεῖν
803 4626 987 4692 αὐτοῖς
1011 4627 1421 4706 διεσπαρμένοις
1482 4636 1598 4690 οὗσι
1657 4637 1741 4690 καὶ
1784 4639 1939 4690 ἀσυν-

290 4711 502 4772 τάκτοις
559 4705 660 4765 ἔτι.
721 4711 881 4768 Ἀλλ’
935 4717 964 4770 6
1024 4705 1327 4795 Λιπαρίτης
1385 4723 1485 4777 οὐκ
1527 4722 1693 4792 ἤθελε
1724 4722 1812 4778 διὰ
1839 4726 1939 4794 τήν

293 4799 521 4887 ⁴ημιέριιν·
588 4801 657 4868 ἦν
719 4802 817 4876 γὰρ
859 4800 1149 4876 σάϐϐατον,
1189 4811 1258 4879 ιη’
1315 4808 1543 4885 ἄγοντος
1567 4818 1665 4867 τοῦ
1697 4820 1939 4887 Σεπτεμ-

294 4881 466 4959 ϐρίου,
502 4890 704 4960 μηνὸς,
749 4898 848 4959 τῆς
885 4894 931 4968 β’
979 4881 1516 4973 έπινεμήσεωςῇ(38),
1578 4901 1629 4955 έν
1656 4908 1773 4964 ταῖς
1807 4881 1940 4958 ἀπο·

295 4978 447 5065 ιξράσι
505 4976 568 5032 δὲ
636 4979 746 5032 τὼν
816 4984 1038 5058 ἡμερῶν
1105 4992 1186 5058 τῷ
1243 4990 1510 5065 Λιπαρίτῃ
1564 4992 1627 5046 τὸ
1673 4988 1938 5048 σάϐϐατον

296 5062 596 5154 ἐνομίζετο,
628 5067 760 5142 ὅπερ
809 5070 1345 5149 ἀποτροπιαζόμενος
1371 5062 1621 5135 ἀνεδύετο
1652 5081 1938 5154 πολεμεῖν.

297 5152 387 5205 Καὶ
417 5155 484 5208 τὰ
517 5156 618 5228 μὲν
640 5161 749 5212 τῶν
779 5159 1064 5234 Ῥωμαίων
1096 5163 1146 5219 ἐν
1179 5167 1414 5238 τούτοις,
1477 5171 1504 5224 6
1555 5167 1612 5224 δὲ
1643 5152 1943 5245 ’Δϐράμιος

2156 4194 2402 4248 Romani
2432 4198 2651 4261 autem,
2685 4209 2815 4248 cum
2842 4192 2963 4262 jam
2987 4192 3268 4261 Liparites
3293 4189 3362 4244 ad
3387 4205 3486 4244 eos
3502 4187 3692 4243 venis-

2049 4287 2156 4353 set,
2187 4300 2219 4337 a
2248 4284 2403 4338 dicta
2444 4281 2767 4338 munitione
2804 4282 3222 4336 descenderant
3261 4279 3319 4334 in
3365 4277 3690 4350 planitiem,

2051 4373 2119 4426 ad
2145 4373 2370 4426 radices
2385 4371 2549 4426 collis
2567 4371 2657 4425 cui
2677 4371 2991 4441 Capetrum
3011 4368 3319 4424 castellum
3337 4371 3427 4422 est
3450 4365 3690 4436 imposi-

2048 4459 2673 4516 tum.Adventantibus
2703 4475 2839 4530 ergo
2868 4459 3074 4514 Turcis
3103 4457 3387 4529 dissipato
3438 4454 3686 4525 agmine,

2049 4567 2284 4605 rursum
2317 4548 2616 4605 consuluit
2638 4549 2954 4603 Ambustus
2977 4552 3040 4602 ut
3069 4547 3126 4600 in
3159 4547 3456 4617 dispersos
3478 4549 3534 4599 et
3555 4542 3691 4597 nul-

2051 4639 2121 4693 lis
2181 4638 2372 4692 adhuc
2423 4636 2728 4692 ordinibus
2783 4636 3089 4692 instructis
3165 4638 3444 4706 vagantes
3529 4632 3689 4686 ﬁeret

2048 4729 2305 4798 impetus
2355 4745 2368 4794 ;
2453 4728 2554 4781 sed
2619 4725 2896 4798 Liparites
2946 4743 2980 4780 a
3066 4740 3259 4795 pugna
3318 4721 3689 4784 abhorrebat,

2050 4818 2203 4890 quod
2239 4815 2732 4872 sabbatuminter
2770 4816 2893 4870 dies
2951 4819 3108 4868 atros
3168 4817 3343 4884 atque
3399 4809 3691 4865 infaustos

2050 4906 2308 4960 haberet.
2345 4907 2474 4960 Erat
2507 4911 2700 4959 autem
2743 4909 2869 4957 tum
2919 4902 3236 4957 Sabbatum
3288 4901 3413 4956 dies
3465 4899 3695 4955 decima

2049 5000 2256 5050 octava
2285 4995 2650 5065 Septembris
2674 4993 2992 5048 indictione
3033 4992 3313 5047 secunda.
3345 4990 3454 5045 Sed
3507 4988 3693 5043 Abra—

2049 5085 2204 5139 mius
2236 5084 2389 5140 579
2414 5100 2482 5138 ex
2525 5081 2985 5155 praecursoribus
3043 5080 3378 5152 intelligens
3407 5095 3519 5150 quo
3569 5077 3696 5132 loco

2052 5173 2302 5227 Romani
2343 5178 2535 5228 castra
2568 5172 2846 5227 haberent
2877 5177 3057 5242 utque
3089 5169 3480 5241 quiescerent,
3538 5183 3698 5222 com-

1495 5320 1870 5376 XYLANDRI
1908 5321 2000 5376 ET
2035 5319 2251 5376 GOABI
2289 5319 2504 5375 NOT/E

366 5425 688 5515 (3R)‘Anno
721 5433 945 5492 scilicet
976 5439 1181 5496 mundi
1202 5442 1666 5515 6557,3iquidem
1699 5445 1939 5502 indictio

302 5501 846 5586 iﬁyr‘lflumﬁnnos
869 5515 1150 5586 mutatur,
1178 5518 1233 5569 et
1263 5501 1597 5586 quindecim
1651 5501 1938 5573 annorum

300 5575 1204 5656 circuitusdeumdem_reditur
1234 5575 1813 5646 nhmerumﬂonstat
1843 5607 1941 5644 au-

302 5643 832 5731 tem‘jndictionem
859 5654 1227 5731 undecimam
1255 5657 1437 5715 fuisse
1459 5643 1941 5731 annum’,ét'¢'.,5i,

307 5717 356 5765 et
386 5711 801 5777 duodecimam
834 5740 1054 5782 annum
1082 5727 1173 5798 52,
1195 5711 1271 5785 ei
1289 5711 1796 5804 ὶῦῥὲτῖὂὲὶὶὶίἔβί
1810 5711 1942 5804 ait;

2051 5447 2124 5500 de
2158 5445 2487 5527 Theudoris
2551 5443 2797 5527 imperio
2856 5443 3010 5527 infra
3066 5441 3378 5526 dicuntur”
3447 5439 3699 5527 aliisque

2052 5516 2269 5571 multis.
2306 5519 2391 5571 Ita
2421 5510 2672 5570 Tornicii
2697 5515 2965 5580 defectio,
3000 5531 3125 5583 quae
3175 5513 3231 5567 in
3295 5510 3542 5584 primam
3601 5510 3690 5564 in-

2051 5587 2365 5642 dictionem
2399 5587 2554 5641 dicta
2583 5591 2668 5642 est
2698 5587 2994 5652 incidisse,
3031 5586 3138 5638 I'uit
3195 5583 3346 5638 anno
3399 5583 3542 5637 6556
3598 5596 3690 5636 so-

2051 5659 2312 5714 cundum
2345 5663 2632 5714 nostrum.
2659 5657 2776 5714 Hoc
2799 5651 3105 5712 rudiorum
3128 5671 3305 5710 causa
3335 5651 3488 5709 volui
3517 5667 3690 5708 anno-

2055 5734 2197 5786 tare.
2219 5731 2361 5786 XYL.
