3972 6146
291 365 383 425 313

1394 367 1937 430 HISTORIABUM
1983 367 2531 429 COMPENDIUM.

3545 365 3662 424 3M

290 494 399 568 πρὸς
423 494 510 547 τὸν
549 491 780 567 βασιλέα
835 491 1116 572 πρεσϐείαν
1152 498 1180 552 ὁ
1215 496 1512 572 λεγόμενος
1561 500 1687 572 παρ’
1715 498 1898 558 αὐτοῖς

2019 501 2185 568 cujus
2233 517 2301 554 ea
2351 504 2440 554 est
2488 500 2559 554 ad
2605 500 2868 569 ipsorum
2917 496 3264 569 Chalipham
3315 496 3483 564 ratio,
3536 513 3665 568 qum

289 584 492 658 σέριφος’
556 580 779 638 δύναται
837 582 894 639 δὲ
948 592 1108 642 τοῦτο
1153 588 1214 642 τὸ
1263 583 1439 660 ὄνομα
1468 589 1604 661 πρὸς
1630 588 1723 642 τὸν
1776 587 1902 662 παρ’

289 673 442 733 αὐτοῖς
498 678 775 747 χαΛυφΞιν,
811 676 941 749 ὅπερ
991 676 1018 728 6
1074 679 1199 750 παρ’
1230 679 1366 749 ἡμῖν
1417 674 1720 752 σύγιιελλος
1766 676 1900 748 πρὸς

286 762 723 835 τὸνπατριάρχην
775 762 943 818 πάλαι
989 761 1236 819 ἐδύνατο·
1289 765 1492 819 ἐκείνου
1543 768 1645 840 γάρ
1695 766 1900 828 ἀποθα-

286 849 437 909 νόντος
465 850 626 911 αὐτὸς
661 850 818 912 εὐθὺς
850 852 927 915 εἷς
955 853 1045 907 τὸν
1098 854 1294 908 τούτου
1345 856 1535 928 θρόνον
1597 851 1904 928 ἐγκαθίδρυ·

294 958 363 991 ἀι
407 938 569 994 Οὗτοί
603 939 791 993 τοίνυν
826 941 854 994 6
919 939 970 976 λη
1081 963 1101 976 ς
1162 943 1175 962 ’
1221 941 1343 998 ’λθ“
1425 941 1448 997 ἐ
1577 947 1600 957 ”
1835 938 1880 960 ’“

304 980 315 990 -
371 980 380 992 ο
548 978 570 999 η
682 983 693 992 .
885 962 1100 1016 σιριφος
1134 963 1240 996 εισι
1319 965 1392 997 ων
1451 965 1476 996 ν
1536 964 1605 1015 τῃ
1661 939 1902 1017 βασιλιοι

299 1026 368 1079 καὶ
394 1025 440 1087 ἐς
467 1026 756 1099 πρόσωπον
791 1027 961 1084 ἐλθὼν
993 1035 1074 1102 τῷ
1099 1029 1314 1104 βασιλεῖ
1341 1031 1429 1085 καὶ
1453 1029 1697 1103 ὁμιλίαν,
1716 1027 1902 1084 πολλά

296 1135 339 1167 τε
384 1114 794 1190 μεγαλαυχήσας
850 1117 939 1170 καὶ
1003 1120 1396 1196 φρυαξάμενος,
1446 1119 1534 1172 καὶ
1592 1117 1899 1172 τελευταῖον

295 1205 532 1281 ὑπό-ρορον
582 1208 766 1270 θέσθαι
817 1210 1048 1272 σπεύσας
1097 1211 1196 1278 τὴν
1243 1210 1526 1282 Ῥωμαίων
1585 1213 1662 1278 τῷ
1712 1209 1901 1261 ἑαυτοῦ

287 1291 556 1365 σουλτάνῳ,
593 1293 706 1349 ἐπεὶ
742 1299 817 1367 μὴ
849 1297 967 1371 εὗρε
995 1298 1086 1352 τὸν
1124 1297 1351 1370 βασιλέα
1406 1295 1684 1365 ἐπικλινῆ,
1732 1292 1901 1368 ἄπρα-

282 1400 383 1442 κτος
405 1382 733 1458 ὑπεχώρησε
763 1385 897 1456 πρὸς
926 1386 1018 1440 τὸν
1059 1387 1366 1459 πέμψαντα.
1402 1386 1498 1440 Καὶ
1559 1387 1586 1439 6
1649 1383 1901 1459 βασιλεὺς

278 1475 328 1527 τὸ
353 1473 430 1526 ἀπ’
454 1471 663 1528 ἐκείνου
692 1472 1051 1550 ἐκδεχόμενος
1086 1478 1332 1550 πόλεμον
1383 1477 1488 1531 ἀπὸ
1536 1473 1633 1530 τοῦ
1665 1473 1898 1528 σουλτά-

276 1583 367 1630 νου,
396 1564 513 1626 καθ’
547 1562 674 1616 ὅσον
727 1565 844 1618 οἷόν
891 1586 950 1619 τε
996 1565 1086 1637 ἦν,
1117 1566 1182 1620 τὰ
1232 1567 1544 1640 ὁμοροῦντα
1575 1568 1643 1635 τῇ
1680 1565 1895 1636 Περσῶν

2015 589 2341 660 antiquitus
2391 589 2630 660 syncelli
2682 589 2751 643 ad
2811 587 3198 658 patriarcliam
3258 603 3269 640 :
3324 583 3457 640 huic
3508 586 3664 641 enim

2017 683 2243 732 mortuo
2294 677 2388 731 ille
2435 678 2632 731 statim
2681 677 3049 732 succedebat.
3105 676 3158 730 Is
3207 691 3342 746 ergo
3384 675 3666 746 Seriphus

2015 767 2352 836 Byzantium
2389 767 2679 837 pro'fectus
2711 774 2768 820 et
2797 766 2867 819 ad
2893 764 3256 836 colloquium
3293 763 3666 834 imperatoris

2014 855 2332 924 admissus,
2383 873 2514 910 cum
2567 856 2752 910 multa
2801 855 2914 908 alia
2965 854 3215 924 superbe
3266 869 3331 907 ac
3375 853 3670 922 jactanter

2015 943 2178 1010 dixit,
2213 948 2337 997 tum
2369 942 2425 996 id
2460 960 2693 1013 quoque
2746 941 3062 1013 postulavit
3094 945 3156 995 ut
3191 940 3435 995 Romani
3469 957 3530 994 se
3561 939 3664 993 sti-

2017 1032 2349 1101 pendiarios
2381 1032 2610 1086 sultano
2645 1033 2917 1086 lacerent.
2952 1032 3018 1084 Et
3049 1046 3181 1085 cum
3216 1030 3437 1083 videret
3477 1030 3664 1099 impe-

2017 1125 2265 1174 ratorem
2291 1138 2354 1174 eo
2389 1137 2761 1192 nequaquam
2783 1120 3085 1184 inclinare,
3105 1136 3165 1172 re
3187 1118 3400 1173 infecta
3422 1119 3663 1171 domum

2016 1208 2208 1262 rediit.
2243 1209 2461 1264 Exinde
2493 1227 2526 1264 a
2551 1210 2785 1263 sultano
2820 1208 3035 1263 bellum
3089 1211 3430 1277 exspectans
3463 1206 3662 1262 Mono-

2017 1297 2259 1350 machus
2292 1315 2526 1367 operam
2562 1298 2721 1350 dedit
2745 1304 2805 1350 ut
2835 1314 2960 1367 quae
2995 1296 3242 1349 ﬁnitima
3272 1300 3438 1350 erant
3464 1295 3662 1349 Persa-

2015 1402 2143 1438 rum
2191 1401 2367 1454 regno
2418 1385 2828 1440 communiret.
2869 1385 3092 1439 lnterea
3141 1385 3421 1454 temporis
3473 1383 3662 1437 Patzi-

2017 1490 2169 1527 nacae
2218 1474 2391 1528 etiam
2445 1492 2506 1528 se
2555 1479 3019 1529 commoverunt.
3074 1473 3153 1528 Ea
3202 1490 3294 1527 res
3339 1473 3446 1526 hoc
3488 1473 3662 1526 modo

2015 1567 2162 1615 acta.

361 1650 576 1723 πέμψας
608 1653 1072 1726 κατησφαλίσατο.
1108 1656 1192 1710 Ἐν
1227 1655 1272 1726 ᾧ
1304 1653 1360 1709 Si
1389 1658 1554 1708 ταῦτα
1583 1653 1810 1727 ἐγίνετο,
1843 1649 1931 1702 καὶ
1962 1650 1995 1717 ἡ
2041 1654 2146 1702 τῶν
2187 1650 2532 1718 Πατζινάκων
2585 1645 2872 1719 ἐπισυνέϐη
2909 1649 3141 1719 κίνησις·
3171 1652 3286 1710 πῶς
3321 1646 3378 1703 δὲ
3406 1648 3496 1703 καὶ
3546 1647 3664 1702 τίνα

283 1740 477 1814 τρόπον,
516 1738 736 1812 λεκτέον
747 1784 758 1797 .

326 1865 386 1917 Τὸ
439 1862 596 1927 ἔθνος
645 1870 751 1918 τῶν
806 1867 1151 1934 [Ιατζινάκων
1188 1868 1444 1931 Σκυθικὸν
1477 1869 1746 1944 ὑπάρχον,
1778 1873 1883 1926 ἀπὸ

2066 1865 2502 1922 Patzimcarum
2555 1883 2698 1937 gens
2747 1867 3018 1938 Scythica
3083 1871 3201 1934 est,
3257 1881 3458 1920 eorum
3519 1864 3663 1936 Scy-

275 1956 361 2005 τῶν
391 1950 707 2026 λεγομὲνων
758 1954 1046 2028 βασιλείων
1088 1963 1328 2020 Σκυθων.
1369 1962 1502 2032 μέγα
1546 1959 1603 2014 τὲ
1652 1960 1760 2017 ἐστι
1810 1968 1902 2020 καὶ

276 2039 712 2117 πολυάνθρωπον,
746 2044 882 2116 πρὸς
914 2045 942 2098 ’ὀ
974 2042 1099 2098 οὐδὲ
1135 2045 1188 2099 ἓν
1241 2047 1372 2101 αὐτὸ
1419 2050 1538 2112 καθ’
1568 2051 1725 2106 ἑαυτὸ
1769 2060 1906 2110 Σκυ-

276 2130 401 2184 θικὸν
456 2129 618 2204 γένος
664 2132 1008 2203 ,ἀντιστῆναι
1089 2131 1328 2191 δϐναται.
1392 2137 1656 2211 Διῄρηται
1719 2139 1775 2196 δὲ
1833 2145 1908 2206 εἷς

271 2216 601 2286 τρισκαίδεκα
629 2220 832 2295 γενεάς,
861 2219 1059 2285 α’ίτινες
1108 2223 1401 2279 καλοῦνται
1458 2228 1552 2299 μὲν
1609 2235 1774 2285 πᾶσαι
1827 2238 1907 2305 τῷ

269 2313 414 2377 κοινῷ
448 2307 706 2380 ὀνόματι,
740 2305 928 2384 ἔχουσι
963 2308 1019 2364 δὲ
1054 2311 1247 2382 ἑκάστη
1300 2314 1390 2368 καὶ
1451 2314 1586 2371 ξ’διον
1643 2318 1748 2374 ἀπὸ
1808 2326 1906 2376 τοῦ

267 2393 412 2462 αὐτῆς
443 2397 724 2470 προγόνου
756 2397 844 2452 καὶ
878 2399 1130 2474 ἀρχηγοῦ
1183 2403 1282 2470 τὴν
1335 2407 1710 2480 προσηγορίαν
1767 2408 1905 2479 κλη-

267 2485 564 2555 ρωσαμὲνη.
602 2486 873 2557 Νὲμονται
916 2484 972 2541 δὲ
1029 2488 1122 2550 τὰς
1182 2490 1346 2565 πέραν
1381 2493 1590 2564 Ἴστρου
1647 2495 1753 2549 ἀπὸ
1809 2501 1906 2550 τοῦ

263 2575 613 2645 Βορυσθένους
641 2581 898 2647 ποταμοῦ
929 2577 1016 2630 καὶ
1077 2577 1242 2652 μέχρι
1299 2582 1582 2643 Παννονίας
1638 2583 1904 2656 ἡπλωμὲ-

261 2681 342 2720 νας
373 2660 652 2725 πεδιάδας,
686 2662 920 2736 νομάδες
941 2687 1000 2720 τε
1032 2662 1183 2728 ὄντες
1218 2668 1303 2721 καὶ
1355 2669 1444 2722 τὸν
1495 2672 1754 2741 σκηνίτην
1819 2671 1907 2728 διὰ

266 2751 446 2813 πιντδς
480 2753 854 2823 ἀσπαζόμενοι
891 2755 1030 2829 βίον.
1064 2755 1273 2811 Τούτου
1299 2761 1394 2810 τοῦ
1427 2758 1611 2832 γὲνους
1661 2763 1904 2837 ἀρχηγὸς

264 2839 321 2905 ἦν
347 2845 417 2910 τῷ
445 2842 576 2895 τότε
607 2842 795 2917 Τυράχ
827 2844 854 2897 ὁ
884 2848 979 2898 τοῦ
1016 2843 1208 2919 Κιλτὲρ
1267 2847 1404 2912 υἱὸς,
1437 2847 1698 2924 εὐγενείας
1752 2849 1902 2919 ἤχων

262 2925 309 2988 ἐς
336 2929 392 2982 τὸ
425 2931 752 3004 ἀκρότατον,
785 2927 1001 3004 ἀμϐλὺς
1033 2930 1090 2988 δὲ
1142 2931 1326 2995 ἄλλως
1374 2936 1461 2989 καὶ
1517 2939 1616 3005 τὴν
1667 2941 1902 3014 ἡσυχίαν

264 3022 442 3089 φιλῶν.
478 3021 587 3074 Ἦν
623 3017 680 3073 δὲ
711 3019 800 3074 καὶ
832 3019 1003 3082 ἄλλος
1032 3043 1116 3084 τις
1146 3021 1196 3076 ἐν
1240 3021 1318 3095 τῷ
1366 3023 1501 3078 ἔθνει
1549 3027 1649 3094 τὴν
1706 3027 1904 3097 κλῆσιν

263 3106 502 3182 Κεγὲνης,
538 3108 658 3169 υἱὸς
691 3113 790 3162 τοῦ
833 3106 1098 3183 Βαλτζάρ,
1127 3111 1188 3164 τὸ
1224 3111 1319 3183 μὶν
1368 3112 1521 3188 γένος
1562 3115 1768 3188 ἄσημος
1814 3117 1902 3170 καὶ

2017 1957 2251 2011 tharum
2302 1958 2400 2029 qui
2435 1959 2571 2029 regii
2607 1959 2905 2022 dicuntur,
2938 1975 3152 2029 magna
3183 1962 3238 2012 et
3269 1955 3574 2028 p0pulosa,
3609 1960 3667 2009 et

2017 2046 2108 2098 cui
2144 2045 2303 2100 nulla
2335 2047 2448 2101 alia
2489 2063 2631 2119 gens
2681 2047 2951 2120 Scythica
2985 2048 3256 2102 resistere
3300 2044 3423 2100 sola
3455 2044 3662 2116 possit.

2017 2134 2309 2188 Dividitur
2351 2141 2545 2191 autem
2597 2136 2654 2190 in
2709 2137 2983 2191 tredecim
3017 2136 3228 2201 tribus,
3264 2151 3388 2205 quae
3439 2139 3503 2188 ut
3534 2133 3666 2186 uni-

2017 2240 2192 2278 versa:
2250 2240 2559 2279 commune
2611 2225 3045 2280 I’ntzinacarum
3098 2241 3298 2278 nomen
3351 2227 3661 2293 usurpant,

2018 2313 2098 2366 ita
2146 2313 2363 2383 quaevis
2421 2331 2454 2369 a
2503 2331 2608 2369 suo
2666 2316 2898 2386 generis
2952 2313 3213 2384 principe
3272 2312 3427 2368 582
3487 2317 3662 2380 atque

2016 2409 2252 2456 auctore
2313 2403 2664 2473 peculiarem
2739 2403 2947 2457 sortita
3027 2407 3116 2457 est
3183 2400 3661 2472 appellationem.

2019 2489 2290 2545 Incolunt
2319 2497 2482 2546 trans
2515 2491 2724 2546 Istrum
2755 2492 3024 2563 planities
3049 2509 3080 2545 a
3111 2489 3466 2561 Borysthene
3487 2487 3663 2542 ﬂuvio

2018 2579 2086 2633 ad
2122 2579 2479 2634 Pannoniam
2538 2597 2724 2652 usque
2775 2585 3092 2650 porrectas,
3128 2578 3363 2632 incertis
3403 2580 3664 2631 errantes

2017 2669 2257 2722 sedibus
2289 2685 2638 2740 semperque
2675 2669 2730 2723 in
2767 2668 3164 2724 tabernaculis
3197 2668 3492 2738 degentes.
3520 2665 3664 2718 Huic

2015 2758 2172 2828 genti
2207 2762 2344 2812 tunc
2397 2764 2640 2829 prmerat
2668 2758 2970 2831 Tyrachus
3022 2756 3222 2812 Kilteri
3277 2755 3454 2819 ﬁlius,
3487 2753 3662 2808 homo

2017 2846 2443 2911 nobilissimus,
2476 2848 2769 2917 ceteroqui
2823 2846 3020 2918 segnis
3069 2850 3126 2900 et
3173 2843 3385 2915 quietis
3433 2859 3660 2897 amans.

2014 2939 2153 2989 Erat
2180 2935 2236 2990 in
2281 2937 2480 2991 eadem
2532 2943 2699 3004 gente
2749 2938 2921 2990 etiam
2957 2935 3109 2990 alius
3139 2935 3379 3005 quidam
3405 2933 3662 3003 Kegenes

2017 3024 2271 3088 nomine,
2305 3025 2586 3080 Baltzaris
2633 3026 2788 3080 ﬁlius
2837 3041 3046 3097 genere
3076 3022 3498 3078 obscurissimo
3532 3019 3659 3073 nul-

2013 3113 2205 3184 lisque
2235 3114 2550 3179 natalibus,
2584 3115 2681 3169 sed
2718 3114 2866 3169 bello
2897 3113 3298 3183 ducendisque
3321 3109 3660 3166 cohortibus

262 3192 440 3268 σχεδὸν
474 3196 790 3268 ἀνώνυμος,
825 3199 946 3273 περὶ
976 3196 1032 3253 δὲ
1061 3199 1128 3253 τά
1159 3199 1438 3272 πολεμικά
1469 3203 1556 3256 καὶ
1582 3205 1677 3266 τὰς
1708 3226 1898 3280 στρατ-

2017 3200 2185 3272 longe
2238 3203 2807 3272 praestantissimus:
2853 3219 2986 3257 nam
3039 3201 3251 3271 saepius
3299 3199 3445 3255 Uzos
3494 3199 3660 3269 (gens

260 3283 404 3356 ηγίας
431 3285 610 3360 κάρτα
642 3283 1142 3361 δραστηριώτατος,
1175 3289 1233 3349 ὃς
1265 3289 1354 3342 καὶ
1391 3288 1664 3354 πολλάκις
1717 3291 1900 3347 ἐπιόν-

253 3390 336 3431 τας
393 3375 530 3428 κατὰ
591 3378 698 3428 τῶν
761 3374 1108 3443 Πατζινάκων
1186 3377 1312 3439 τοὺς
1367 3376 1574 3448 Οὕζους
1622 3382 1794 3457 (γένος
1847 3380 1904 3436 δὲ

255 3459 500 3516 Οὖννικὸν
538 3462 600 3515 οἱ
631 3461 814 3536 Οὗζοι)
872 3465 1104 3526 ὑποστάς
1165 3464 1421 3540 ἐτρέψατο
1478 3469 1566 3522 καὶ
1625 3469 1900 3541 ἀπώσατο,

253 3552 341 3600 τοῦ
373 3550 574 3625 Τυρᾶχ
609 3552 719 3626 οὑχ
751 3551 899 3614 ὅπως
931 3553 1328 3624 ἀντεπεξελθεῖν
1383 3559 1458 3628 μὴ
1509 3556 1900 3634 θαρρήσαντος,

254 3634 389 3690 ἀλλὰ
415 3639 506 3691 καὶ
540 3637 871 3703 καταδύντος
901 3640 977 3705 sic;
1003 3643 1072 3696 τὰ
1118 3644 1263 3713 παρὰ
1306 3649 1386 3716 τῷ
1418 3646 1612 3720 Ἴστρῳ
1661 3644 1759 3716 ἴλη
1811 3649 1898 3703 καὶ

253 3722 341 3783 τάς
370 3722 603 3796 λίμνας.
636 3727 858 3800 Τὸνμέν
911 3727 1000 3782 οὖν
1061 3732 1254 3805 Τυρίιχ
1311 3731 1364 3784 οἱ
1420 3732 1743 3802 Ηατζινάκαι
1796 3735 1902 3790 lti-

257 3832 362 3880 μων
397 3810 488 3866 δια
513 3814 588 3870 ,τὸ
619 3814 792 3889 γένος,
823 3817 915 3870 τὸν
969 3814 1026 3871 δὶ
1085 3817 1286 3893 Κιγὲνη
1342 3821 1650 3890 ἠσπάζοντο
1711 3820 1900 3902 διαφε-

251 3900 446 3971 ρόντως
510 3900 608 3956 διὰ
656 3902 719 3957 τὸ
769 3906 868 3973 τῆς
931 3904 1148 3980 ἀνδρίας
1199 3904 1544 3980 ὑπερϐάλλον
1574 3912 1661 3965 καὶ
1693 3900 1902 3980 τήν-ἐν

248 3995 353 4050 τοῖς
387 3990 671 4062 πολέμοις
721 3989 1026 4064 δεινότητα.
1055 3998 1230 4070 ’Ἀπιρ
1262 3996 1477 4052 ἀκούων
1529 3999 1618 4054 καὶ
1682 3999 1898 4075 eum

250 4075 273 4129 ὁ
303 4079 496 4154 Τυράχ
531 4077 785 4135 ἐδάκνετο
816 4084 917 4151 τήν
949 4085 1158 4159 ψυχὴν,
1193 4082 1384 4150 δεδιὼς
1413 4087 1534 4162 περὶ
1563 4096 1663 4158 τῆς
1695 4089 1899 4164 ἀρχῆς,

248 4167 324 4218 καὶ
383 4169 598 4240 τρόπον
663 4169 839 4240 ἐζήτει
899 4169 1049 4234 ὅπως
1104 4172 1160 4228 ἃν
1211 4176 1300 4229 τὸν
1338 4176 1569 4249 Κεγὲνην
1603 4178 1898 4233 ἀποσκευά-

248 4273 416 4322 σηται.
454 4258 777 4334 Ἐφίστησιν
841 4259 930 4314 οὖν
987 4262 1138 4334 αὐτῷ
1197 4260 1404 4339 λόχους
1461 4264 1754 4335 πολλάκις,
1789 4267 1898 4344 ἐγί-

246 4364 390 4398 νοντο
423 4344 482 4400 δὲ
524 4345 728 4409 πάντες
760 4349 936 4423 ἀργοί.
967 4352 1112 4406 Ἐπεὶ
1178 4349 1234 4406 δὲ
1282 4351 1551 4416 πολλάκις
1609 4355 1899 4431 ἐπιχειρή-

248 4450 330 4494 σας
359 4435 613 4513 κρυφίως
645 4437 1128 4514 ἠστόχησεν,ἔγνιο
1161 4437 1268 4495 δεῖν
1307 4442 1382 4514 μὴ
1416 4439 1899 4516 διαμέλλειν,ἁλλ’

249 4517 539 4597 ἐπιχειρεῖν
608 4529 868 4601 φανερῶς.
905 4528 998 4581 Διὸ
1047 4530 1134 4582 καὶ
1198 4528 1412 4599 πλῆθος
1470 4532 1688 4606 πέμψας
1735 4554 1897 4588 κατα-

253 4606 423 4665 λαϐεῖν
516 4612 771 4669 ἐκέλευσε
852 4615 944 4671 τὸν
1028 4614 1191 4692 ἄνδρα
1272 4619 1362 4674 καὶ
1441 4620 1675 4678 ἀνελεῖν.
1734 4624 1794 4680 Ὁ
1845 4620 1901 4678 δὲ

249 4702 504 4775 προγνοὺς
562 4703 666 4770 τὴν
726 4698 1027 4774 ἐπιϐουλὴν
1083 4707 1251 4783 φυγὰς
1311 4709 1446 4782 πρὸς
1499 4711 1565 4764 τὰ
1609 4708 1712 4780 ἕλη
1747 4711 1896 4786 γίνε-

248 4804 321 4838 ται
374 4794 472 4843 τοῦ
526 4791 928 4866 Βορυσθένους,
981 4794 1069 4849 καὶ
1153 4795 1294 4851 οὕτω
1383 4797 1735 4876 διαφυγγάνει
1801 4801 1891 4855 τὸν

249 4870 482 4962 ξλεθρον.
577 4882 661 4952 [Ρ.
722 4882 848 4955 776]
907 4883 1146 4948 Ἐκεῖθεν
1207 4883 1263 4940 δὲ
1344 4870 1720 4962 κρυπτόμενος
1803 4890 1893 4944 καὶ

250 4961 408 5038 λάθρα
467 4968 713 5041 πέμπων
771 4971 1066 5044 μηνύματα
1151 4975 1288 5048 πρός
1361 4997 1416 5030 τε
1495 4961 1624 5040 τοὺς
1701 4977 1892 5031 ἑαυτοῦ

247 5062 510 5128 συγγενεῖς
574 5056 666 5110 καὶ
745 5060 843 5124 τὴν
919 5060 1120 5136 φυλὴν,
1179 5059 1422 5132 ἠδυνήθη
1467 5065 1566 5132 τήν
1635 5083 1691 5116 τε
1749 5060 1888 5117 ἰδίαν

244 5143 412 5211 γενεάν
477 5146 792 5214 ἀποστῆσαι
845 5152 946 5215 τῆς
972 5151 1069 5202 τοῖ’)
1106 5147 1376 5223 βασιλέως
1425 5151 1633 5214 εὐνοίας
1687 5150 1774 5225 (ἦν
1833 5148 1891 5205 δὲ

243 5230 693 5308 ἠΒελεμαρνῖς)
753 5234 840 5289 καὶ
925 5238 1060 5309 πρὸς
1141 5238 1308 5312 ταύτῃ
1386 5240 1474 5294 καὶ
1552 5239 1729 5311 ἄλλην
1786 5242 1886 5310 τὴν

245 5321 628 5394 Παγουμανίδα
662 5343 672 5354 ⁸
735 5323 824 5377 καὶ
881 5321 1104 5399 δύναμιν
1167 5323 1618 5403 προσλαϐόμενος
1669 5329 1887 5383 ἀντιπα-

244 5409 545 5476 ρατάττεται
613 5413 746 5480 μετά
800 5414 907 5467 τῶν
951 5410 1047 5468 δύο
1105 5422 1301 5490 γενεῶν
1360 5419 1494 5492 πρὸς
1545 5418 1634 5472 τὸν
1696 5419 1888 5494 Τυρᾶχ

243 5495 322 5556 τάς
352 5500 415 5551 ια’
446 5495 681 5574 ἔχοντα.
710 5501 808 5556 Καὶ
841 5500 931 5556 ἐπὶ
967 5502 1180 5567 πολλὰς
1233 5507 1327 5578 μὲν
1385 5507 1654 5581 ἀντισχὼν
1716 5506 1884 5581 ὥρ²ς’

248 5582 380 5654 ὅμως
443 5589 552 5644 ὗπό
629 5588 722 5644 του
807 5593 1058 5660 πλήθους
1143 5595 1536 5664 καταπονηθεὶς
1611 5596 1882 5669 τρέπεται.

250 5677 734 5753 Περιπλανώμενος
792 5677 850 5736 ὂὶ
901 5679 954 5735 ἐν
1016 5687 1132 5744 τοῖς
1211 5681 1353 5738 ἕλεσι
1438 5685 1528 5740 καὶ
1615 5684 1884 5760 σωτηρίαν

1931 4579 1977 4642 D

2013 3309 2077 3344 ea
2138 3291 2320 3346 Unica
2378 3298 2486 3359 est)
2550 3293 2840 3348 irruentes
2906 3292 3238 3347 subsistens
3299 3289 3656 3360 proﬂigarat,

2011 3380 2273 3451 Tyracho
2303 3399 2413 3436 non
2448 3382 2619 3438 modo
2651 3389 2853 3436 contra
2894 3399 2991 3437 eos
3023 3381 3178 3435 exire
3208 3397 3321 3435 non
3355 3394 3521 3444 auso,
3555 3376 3655 3430 sed

2013 3470 2186 3523 etiam
2222 3469 2276 3524 in
2311 3469 2475 3525 lacus
2520 3488 2585 3525 ac
2619 3470 2861 3540 paludes
2895 3472 3042 3525 Istro
3072 3469 3294 3523 vicinas
3338 3483 3400 3522 se
3430 3465 3653 3520 subdu-

2013 3564 2198 3612 cente.
2271 3559 2470 3630 Itaque
2525 3561 2854 3630 Tyrachum
2923 3559 3158 3631 quidem
3209 3557 3528 3612 Patzinacaa
3583 3555 3656 3608 ob

2011 3647 2242 3717 generis
2275 3648 2639 3702 nobilitatem
2669 3650 3114 3711 venerabantur,
3150 3647 3437 3717 Kegenem
3457 3649 3654 3698 tamen

2014 3735 2258 3791 mirifice
2289 3737 2792 3807 amplectebantur
2821 3738 2893 3793 ob
2927 3736 3329 3792 fortitudinem
3363 3733 3655 3804 insignem

2013 3824 2184 3894 inque
2241 3826 2514 3896 gerendis
2572 3826 2738 3881 bellis
2814 3825 3249 3880 strenuitatem.
3330 3826 3457 3875 Haec
3521 3837 3654 3875 vero

2009 3913 2248 3984 Tyrachi
2297 3914 2545 3970 videntis
2594 3915 2708 3969 ista
2755 3920 2930 3985 atque
2978 3911 3337 3968 inaudientis
3389 3909 3651 3964 animum

2012 4003 2378 4070 mordebant,
2412 4004 2482 4058 de
2511 4003 2756 4074 imperio
2787 4020 2895 4059 suo
2927 4000 3182 4069 solliciti,
3217 4001 3295 4054 ita
3326 4014 3467 4053 sane
3500 3998 3652 4051 utde

2012 4089 2266 4145 tollendo
2299 4091 2524 4162 Kegcne
2557 4093 2857 4162 cogitaret.
2909 4091 3012 4146 Cui
3045 4106 3178 4144 cum
3212 4104 3363 4159 saepe
3393 4086 3652 4142 occultas

2011 4180 2257 4233 tendens
2305 4180 2551 4235 insidias
2604 4180 2747 4234 nihil
2798 4181 3121 4250 proficeret,
3172 4178 3404 4232 tandem
3457 4179 3654 4246 aperte

2009 4283 2142 4322 eum
2204 4269 2418 4323 adoriri
2476 4269 2702 4335 statuit,
2762 4268 3060 4339 missaque
3119 4267 3295 4322 turba
3352 4265 3651 4319 hominem

2009 4355 2219 4427 corripi
2282 4357 2643 4428 interficique
2689 4358 2879 4427 jubet.
2943 4357 3053 4412 Sed
3110 4357 3368 4427 Kegenes
3421 4351 3652 4407 insidiis

2010 4445 2377 4516 pracognitis
2435 4446 2506 4500 ad
2567 4445 2810 4517 paludes
2862 4445 3312 4517 Borysthenicas
3372 4442 3647 4513 profugit,

2010 4532 2207 4603 itaque
2238 4535 2478 4589 exitium
2529 4534 2784 4591 evitavit.
2818 4535 2973 4591 583
3006 4534 3087 4590 Ibi
3120 4533 3466 4595 occultatus,
3499 4531 3646 4584 clam

2010 4622 2079 4676 ad
2114 4628 2391 4694 cognatos
2423 4623 2760 4694 tribumque
2810 4624 3006 4679 missis
3035 4621 3433 4688 internuntiis,
3465 4619 3654 4673 elIecit

2008 4715 2070 4764 ut
2099 4716 2156 4765 et
2186 4711 2306 4767 haec
2331 4730 2363 4766 a
2394 4729 2528 4785 rege
2558 4713 2907 4768 descisceret
2937 4711 3272 4784 (vocabatur
3292 4707 3651 4764 Belemarnis

2007 4799 2220 4871 tribus)
2267 4805 2323 4856 et
2364 4800 2477 4857 alia
2507 4803 2683 4857 etiam
2734 4803 2970 4856 nomine
3019 4799 3390 4872 Pagumanis.
3432 4797 3652 4851 Exinde

2005 4890 2318 4945 contractis
2360 4891 2538 4961 copiis
2585 4908 2718 4946 cum
2768 4891 3001 4945 duabus
3051 4889 3323 4943 tribubus
3373 4887 3652 4942 adversus

2003 4977 2356 5048 Tyrachum,
2408 4980 2500 5034 cui
2555 4981 2615 5033 11
2669 4980 2860 5035 tribus
2919 4982 3179 5043 aderant,
3213 4993 3468 5049 pugnam
3519 4974 3651 5029 init.

2004 5063 2267 5135 Cumque
2302 5083 2402 5135 per
2431 5065 2654 5136 aliquot
2701 5067 2874 5121 horas
2905 5066 3194 5130 durasset,
3229 5063 3463 5119 tandem
3499 5059 3650 5116 mul-

2003 5153 2254 5208 titudine
2304 5171 2623 5225 oppressus
2672 5156 2924 5227 fugatur.
2980 5155 3214 5225 Vagans
3262 5153 3396 5208 inde
3428 5151 3648 5206 circum

2002 5240 2261 5312 paludes,
2299 5261 2363 5297 ac
2413 5243 2663 5298 salutem
2716 5260 2980 5314 quaerens
3029 5243 3138 5299 sibi
3174 5243 3435 5313 suisque,
3472 5257 3647 5294 unam

1997 5330 2147 5384 hanc
2183 5333 2403 5386 invenit
2434 5332 2742 5393 rationem,
2785 5333 2834 5388 si
2867 5333 2934 5387 ad
2969 5333 3296 5387 Romanum
3331 5332 3650 5402 imperato-

1999 5437 2121 5474 rem
2149 5423 2560 5490 transfugeret.
2577 5427 2782 5491 Itaque
2805 5423 3098 5493 profectus
3121 5420 3514 5486 Dorostolum,
3537 5434 3651 5487 quo

1996 5513 2164 5564 tutus
2211 5511 2282 5564 ab
2332 5509 2564 5565 insidiis
2614 5517 2789 5579 esset,
2835 5528 2896 5566 se
2945 5517 3001 5566 et
3039 5528 3200 5573 suos,
3251 5509 3348 5580 qui
3381 5511 3547 5562 erant
3579 5506 3648 5559 ad

1992 5601 2060 5652 20
2115 5599 2318 5669 millia,
2371 5600 2428 5653 in
2484 5599 2740 5654 insulam
2795 5601 3115 5671 quamdam
3168 5599 3326 5656 ﬂuvii
3378 5597 3645 5666 exiguam

1991 5678 2268 5759 includit,
2319 5687 2694 5762 regionisque
2746 5689 3014 5761 praefecto
3063 5690 3137 5762 (is
3166 5695 3291 5745 erat
3332 5688 3651 5745 Michaelus
