3968 6140
317 408 432 468 315

1651 407 1968 467 GEORGII
2013 405 2354 465 CEDRENI

3573 404 3676 462 316

320 539 609 593 Anastasii
644 539 822 609 ﬁlius)
850 540 1143 610 signiﬁcat
1173 540 1305 610 quis
1329 543 1481 593 esset
1504 544 1557 592 et
1589 555 1702 609 qua
1735 539 1965 592 fortuna

2096 540 2254 605 ζητῶν
2310 534 2432 608 μίαν
2493 530 2634 609 ἔγνω
2674 534 2864 587 ἑαυτοῦ
2919 553 2977 587 τε
3032 531 3119 585 καὶ
3163 535 3269 585 τῶν
3299 531 3384 584 σὺν
3415 532 3678 602 αότῷ,τὴν

317 630 484 680 actus
516 626 629 679 huc
660 628 951 692 venisset;
981 632 1037 681 et
1069 645 1130 682 se
1160 644 1371 697 cupere
1417 627 1474 680 in
1511 627 1682 681 ﬁdem
1716 628 1966 697 impera-

317 715 461 769 toris
537 718 873 782 concedere,
937 723 1349 787 receptumque
1420 734 1481 771 se
1558 718 1732 771 rebus
1790 718 1967 787 hujus

321 820 671 875 magnopere
703 808 1217 859 commodaturum
1270 806 1599 875 pollicetur.
1657 807 1967 861 Prmfectus

321 909 454 947 cum
485 893 772 964 extemplo
806 911 923 948 rem
974 896 1041 947 ad
1095 894 1501 964 imperatorem
1539 896 1867 963 detulisset,
1896 896 1968 949 ab

319 999 386 1035 eo
431 983 676 1050 jubetur
731 984 930 1036 statim
991 982 1278 1053 Kegenem
1341 1000 1470 1037 cum
1533 1001 1639 1038 suo
1690 984 1967 1038 comitatu

321 1071 603 1141 accipere,
637 1077 808 1142 atque
851 1072 986 1125 huic
1036 1074 1272 1141 quidem
1332 1073 1660 1127 necessaria
1692 1075 1969 1143 praebere,

322 1162 515 1229 ipsum
549 1166 745 1214 autem
780 1160 1066 1231 Kegenem
1104 1161 1424 1215 honoriﬁce
1454 1162 1795 1233 Byzantium
1833 1162 1967 1215 mit-

321 1253 459 1302 tere.
513 1249 619 1315 Qui
672 1255 735 1302 ut
765 1266 832 1303 eo
885 1250 1064 1317 venit,
1116 1250 1367 1320 benigne
1412 1255 1500 1304 est
1552 1250 1971 1321 splendideque

320 1343 614 1407 exceptus,
641 1354 703 1390 ac
728 1354 857 1391 cum
885 1338 1234 1409 imperatore
1257 1339 1600 1404 collocutus,
1620 1356 1681 1393 se
1699 1346 1970 1393 sanctum

320 1426 682 1496 baptismum
731 1426 1132 1481 admissurum
1183 1427 1683 1499 popularibUsque
1726 1428 1876 1482 idern
1913 1436 1974 1482 ut

321 1512 539 1568 faciant
596 1531 1016 1583 persuasurum
1070 1516 1441 1586 promittens,
1502 1519 1572 1572 ab
1620 1518 1973 1588 imperatore

322 1600 563 1671 patricio
610 1602 828 1657 honore
876 1604 1031 1659 584
1086 1610 1367 1672 ornatur;
1420 1606 1587 1676 eique
1636 1611 1753 1659 tres
1813 1622 1972 1661 arces

322 1688 701 1760 assignantur
730 1692 800 1747 de
844 1692 917 1746 iis
950 1710 1073 1762 quae
1124 1695 1193 1747 ad
1229 1695 1414 1765 ripam
1467 1699 1606 1748 sunt
1636 1694 1786 1759 Istri,
1821 1694 1972 1749 mul-

322 1782 498 1849 taque
528 1780 650 1850 agri
678 1782 887 1851 jugera
915 1799 927 1848 ;
965 1786 1140 1852 atque
1163 1783 1305 1837 adeo
1338 1784 1394 1837 in
1420 1800 1731 1839 numerum
1756 1784 1970 1838 amico-

324 1885 455 1922 rum
488 1869 901 1940 sociorumque
935 1870 1025 1924 PR
1057 1872 1391 1935 ascribitur,
1425 1888 1551 1926 eam
1586 1872 1875 1943 przecipue
1898 1874 1970 1927 ob

322 1972 561 2011 causam
604 1958 780 2029 quod,
816 1957 900 2011 uti
953 1958 1249 2029 pollicitus
1299 1960 1505 2027 fuerat,
1539 1965 1597 2015 et
1626 1960 1751 2030 ipse
1782 1960 1971 2031 bapti-

320 2045 438 2099 zari
467 2044 655 2100 voluit
682 2052 739 2101 et
772 2047 870 2118 qui
906 2064 1036 2100 cum
1077 2048 1205 2118 ipso
1236 2053 1423 2102 erant.
1474 2050 1665 2119 anue
1697 2050 1756 2103 in
1789 2067 1849 2103 re
1879 2050 1969 2104 usi

322 2138 462 2188 sunt
494 2132 746 2204 religiosi
780 2136 1090 2203 cujusdam
1125 2136 1397 2191 monachi
1446 2137 1744 2209 Euthymii
1774 2154 1971 2208 opera,

324 2222 393 2276 ad
432 2221 592 2293 ipsos
626 2223 815 2285 missi.
848 2223 947 2293 qui
992 2225 1059 2278 ad
1099 2226 1309 2279 Istrum
1344 2242 1576 2281 amnem
1608 2228 1735 2296 ejus
1778 2243 1970 2281 sacra-

323 2311 502 2364 menti
534 2311 896 2366 oeremonias
925 2312 1356 2370 administravit
1389 2316 1804 2387 universosque
1828 2316 1971 2386 bap-

324 2397 541 2453 tizavit.

2078 625 2152 685 εἷ⁷ς
2181 626 2270 678 τὸν
2322 622 2548 697 βασιλέα
2596 628 2700 677 τῶν
2734 622 3023 693 Ῥωμαίων
3082 622 3412 696 καταφυγήν.
3462 622 3544 673 Διὸ
3602 624 3677 674 καὶ

2075 712 2213 786 πρὸς
2240 714 2302 767 τὸ
2334 712 2673 783 Δορόστολον
2702 713 3054 785 ἀφικόμενος,
3087 710 3174 762 καὶ
3207 707 3256 762 ἔν
3308 730 3409 761 τινι
3466 710 3684 780 ποταμίᾳ

2076 800 2255 870 νησίδι
2313 800 2655 875 περικλείσας
2713 800 2895 855 ἑαυτὸν
2986 797 3074 852 διὰ
3136 799 3195 852 τὸ
3270 792 3681 853 ἀνεπιϐούλευτον

2083 892 2216 961 μετά
2272 896 2378 945 τῶν
2437 891 2528 944 σὺν
2587 890 2732 960 αὐτῷ
2778 891 2929 958 (ἦσαν
2960 886 3017 941 δὲ
3045 887 3184 963 ἀμφῖ
3215 887 3305 947 τὰς
3337 887 3380 939 κ’
3411 884 3683 959 χιλιάδας),

2080 978 2434 1051 διαμηνύεται
2464 984 2542 1050 τῷ
2573 985 2673 1046 τῆς
2705 980 2895 1052 χώρας
2926 975 3151 1051 ἄρχοντι
3185 977 3270 1047 (ἦν
3317 972 3371 1028 δὶ
3424 972 3635 1049 Μιχαὴλ
3664 976 3688 1028 ὁ

2077 1073 2173 1122 τοῦ
2207 1068 2554 1124 Ἀναστασίου
2586 1068 2748 1139 υἱὸς),
2780 1067 2870 1120 καὶ
2902 1064 3154 1140 γνωρίζει
3214 1064 3355 1124 ὅστις
3400 1084 3455 1117 τε
3497 1062 3574 1132 εἴη
3610 1063 3689 1116 καὶ

2081 1156 2197 1218 οἵας
2233 1154 2632 1231 διαδιδράσκων
2665 1156 2838 1230 τύχας
2870 1156 3111 1229 ἀφῖκται,
3143 1152 3232 1207 καὶ
3282 1151 3359 1205 ὅτι
3408 1149 3691 1223 αὐτόμολος

2087 1246 2339 1321 βούλεται
2373 1246 2618 1319 γενέσθαι
2643 1248 2720 1314 τῷ
2770 1243 3001 1318 βασιλεῖ,
3035 1239 3464 1315 ὑπισχνούμενος
3517 1236 3568 1292 δὲ
3615 1239 3692 1292 καὶ

2083 1334 2126 1389 εἰ
2187 1331 2578 1408 προσδεχθείη,
2638 1333 2713 1395 εἷς
2775 1330 3017 1406 μεγάλην
3084 1326 3265 1400 ὄνησιν
3341 1325 3540 1391 ἔσεσθαι
3588 1332 3691 1387 τοῖς

2080 1423 2276 1476 τούτου
2333 1423 2667 1497 πράγμασιν.
2703 1422 2758 1473 Ὀ
2820 1418 2878 1474 δὲ
2932 1419 2998 1473 τά
3060 1418 3350 1491 μηνύματα
3397 1416 3554 1490 λόγου
3582 1421 3692 1478 θᾶτ-

2082 1534 2170 1565 τον
2231 1513 2366 1585 πρὸς
2423 1512 2512 1566 τὸν
2579 1509 2804 1585 βασιλέα
2880 1506 3310 1583 διαπορθμεύσας
3369 1503 3454 1559 διὰ
3506 1504 3693 1579 ταχέων

2081 1600 2356 1655 κελεύεται
2440 1602 2529 1654 τὸν
2620 1597 2785 1675 ἄνδρα
2875 1598 3009 1670 μετὰ
3088 1601 3196 1651 τῶν
3256 1594 3512 1649 συνόντων
3568 1592 3697 1661 αὐτῷ

2082 1688 2494 1762 προσδέξασθαι,
2560 1689 2647 1742 καὶ
2706 1687 2919 1747 τούτοις
2981 1686 3074 1758 μὶν
3130 1685 3197 1738 τὰ
3254 1681 3526 1751 ἐπιτήδεια
3576 1700 3694 1755 χορ-

2081 1784 2252 1851 ηγεῖν,
2278 1778 2437 1832 αὐτὸν
2470 1774 2526 1831 δὲ
2553 1774 2780 1848 ἰνδόξως
2814 1775 2865 1837 ἐς
2915 1776 2977 1829 τὸ
3029 1775 3313 1842 Βυζάντιον
3363 1770 3697 1842 πεπομφέναι.

2086 1869 2184 1922 Καὶ
2220 1869 2245 1920 6
2301 1868 2392 1939 μὲν
2455 1867 2527 1927 ὡς
2581 1864 2869 1934 ἐκελεύσθη
2921 1862 3261 1938 διεπράξατο,
3296 1862 3324 1915 6
3379 1858 3434 1914 δὶ
3488 1859 3698 1931 Κεγὲνης

2083 1957 2158 2017 εἰς
2202 1959 2297 2024 τήν
2356 1953 2610 2031 βασιλίδα
2658 1956 2923 2023 φοιτήσας
2965 1954 3054 2007 καὶ
3087 1951 3140 2013 ἐς
3171 1949 3368 2025 λόγους
3423 1948 3582 2011 ἐλθὼν
3632 1950 3700 2015 τῷ

2087 2043 2303 2120 βασιλεῖ
2386 2045 2734 2122 φιλοφρόνως
2790 2063 2849 2096 τε
2899 2041 2989 2096 καὶ
3073 2037 3503 2115 μεγαλοπρεπῶς
3578 2036 3693 2089 ὑπε-

2084 2132 2278 2209 δέχθη,
2311 2133 2399 2188 καὶ
2463 2132 2841 2207 ὑποσχόμενος
2900 2130 3064 2191 αὐτός
3104 2150 3162 2183 τε
3204 2128 3267 2183 τὸ
3301 2129 3449 2201 ἅγιον
3479 2124 3697 2193 δέξασθαι

2087 2223 2385 2298 βάπτισμα,
2435 2227 2762 2283 παραπεῑσαι
2823 2218 2880 2274 δὲ
2932 2219 3021 2273 καὶ
3077 2218 3206 2279 τοὺς
3266 2216 3516 2275 συνόντας
3571 2213 3701 2281 αὐτῷ

2079 2318 2240 2366 τοῦτο
2299 2319 2546 2381 ποιῆσαι,
2608 2310 2683 2374 είς
2756 2308 3151 2382 πατρικιότητά
3218 2327 3277 2361 τε
3346 2305 3572 2379 ἀνήχθη,
3623 2299 3702 2353 καὶ

2083 2401 2315 2479 φρούρια
2343 2401 2466 2475 τρία
2496 2400 2600 2455 ἀπὸ
2629 2404 2736 2454 τῶν
2768 2398 2817 2452 ὲν
2871 2403 2984 2458 ταῖς
3030 2393 3223 2470 ὄχθαις
3278 2392 3571 2468 ἱδρυμένων
3618 2392 3703 2479 τοῦ

326 2485 541 2559 Ἴστρου
600 2485 814 2563 εἰλήφει
870 2487 959 2541 καὶ
1016 2492 1116 2561 γῆς
1176 2489 1360 2544 πολλά
1418 2488 1627 2561 στάδια,
1659 2491 1749 2545 καὶ
1801 2489 1897 2545 τοῦ
1948 2476 2146 2545 λοιποῦ
2173 2496 2289 2551 τοῖς
2320 2490 2505 2567 φίλοις
2539 2488 2801 2565 ἐνεγράφη
2834 2487 2922 2541 καὶ
2956 2486 3277 2559 συμμάχοις
3309 2476 3705 2567 ῬωμαίωνζΤὸ

328 2572 494 2628 πλέον
527 2572 569 2628 δ’
602 2573 683 2627 ὅτι
715 2562 802 2629 καὶ
828 2576 901 2637 ὡς
938 2576 1201 2653 ὑπέσχετο
1233 2576 1513 2650 ἀνεδέξατο
1537 2582 1600 2634 τὸ
1632 2583 1786 2655 ἅγιον
1819 2581 2095 2654 βάπτισμα
2124 2579 2285 2642 αὐτός
2314 2600 2372 2633 τε
2400 2581 2487 2633 καὶ
2521 2579 2571 2632 οἱ
2622 2577 2713 2631 σὺν
2757 2576 2921 2648 αύτῷ,
2960 2574 3232 2646 Εὐθυμίου
3282 2562 3705 2666 τινὸςεύλαϐοῦς

335 2668 579 2736 μοναχοῦ
609 2663 926 2737 πιμθὲντος,
957 2670 1054 2719 τοῦ
1082 2667 1150 2721 τὰ
1172 2672 1268 2721 τοῦ
1298 2668 1441 2723 θείου
1472 2668 1707 2743 λουτροῦ
1738 2670 1883 2745 παρὰ
1910 2673 1990 2741 τῷ
2020 2670 2214 2742 Ἲστρῳ
2243 2672 2477 2741 ποταμῷ
2508 2666 2883 2726 ἐκτελέσαντος
2935 2664 3023 2717 καὶ
3074 2668 3202 2716 πᾶσι
3257 2658 3574 2734 μεταδόντος
3625 2674 3707 2709 του

335 2752 495 2826 ἁγίου
530 2752 924 2826 βαπτίσματος.

406 2879 602 2934 Rebus
660 2880 719 2933 in
778 2886 905 2937 tuto
956 2884 1294 2940 constitutis
1353 2885 1635 2958 Kegenes,
1689 2903 1818 2942 cum
1864 2888 1981 2958 jam

338 2973 542 3022 contra
576 2968 804 3025 subitos
839 2970 1096 3027 hostium
1134 2973 1388 3043 impetus
1421 2992 1482 3030 se
1514 2976 1878 3044 munivisset,
1913 2976 1981 3029 ad

341 3055 741 3112 ulciscendum
793 3058 1021 3114 hostem
1073 3076 1134 3116 se
1184 3063 1424 3128 confert,
1476 3067 1740 3135 Istroque
1792 3070 1982 3118 trans-

341 3144 522 3199 misso
550 3162 704 3200 nunc
734 3163 867 3202 cum
903 3148 1190 3217 millibus,
1223 3150 1368 3206 alias
1390 3169 1521 3207 cum
1555 3154 1782 3207 duobus
1814 3151 1985 3207 milli-

2169 2884 2462 2954 Γενόμενος
2504 2879 2559 2935 δὶ
2610 2881 2661 2935 ἐν
2710 2881 2789 2951 τῷ
2850 2878 3099 2955 ἀσφαλεῖ,
3142 2878 3233 2931 καὶ
3282 2877 3379 2939 τὰς
3436 2869 3707 2951 αἰφνιδίους

2095 2971 2319 3049 ἐφόδους
2380 2969 2839 3048 ἀσφαλισάμενος,
2878 2968 3015 3043 πρὸς
3072 2964 3277 3039 ἄμυναν
3341 2965 3586 3039 ἐτράπετο
3629 2962 3707 3012 τοῦ

2095 3047 2316 3136 ἐχθροῦ,
2358 3047 2467 3113 καὶν
2504 3057 2896 3134 περαιούμενος
2952 3056 3040 3110 τὸν
3075 3057 3283 3129 Ἴστρον
3343 3059 3432 3107 νῦν
3492 3053 3578 3125 μὲν
3632 3047 3707 3101 σὺν

2098 3148 2327 3224 χιλίοις,
2361 3149 2473 3203 εἶτα
2519 3148 2610 3201 σὺν
2664 3144 2967 3221 δισχιλίοις
3002 3144 3090 3199 καὶ
3123 3146 3186 3198 αὗ
3246 3144 3339 3197 σὺν
3400 3139 3629 3196 πλείοσιν

338 3233 471 3301 bus,
505 3238 562 3288 et
591 3234 907 3305 aliquando
941 3236 1211 3309 pluribus
1262 3240 1578 3312 aliquando
1612 3243 1982 3312 paucioribus

2098 3238 2367 3307 ἐλάττοσι,
2418 3237 2506 3291 καὶ
2560 3235 2609 3308 ἐξ
2670 3233 2866 3311 ἐφόδου
2944 3233 3325 3327 προσπίπτων,
3379 3232 3463 3327 τιΞι⁸
3516 3231 3711 3327 μέγιστα

338 3321 570 3389 ductis,
659 3324 1145 3395 impressionibus
1239 3330 1568 3386 subitaneis
1649 3331 1986 3386 Patzinacas

339 3410 652 3480 Tyrachios
710 3416 964 3484 graviter
994 3416 1218 3485 afﬂixit,
1252 3418 1428 3487 viros,
1459 3419 1517 3473 in
1572 3436 1717 3490 quos
1751 3420 1989 3474 incidis-

341 3503 454 3562 set,
482 3498 777 3565 occidens,
814 3503 1090 3558 mulieres
1142 3510 1336 3561 autem
1390 3513 1447 3563 et
1478 3525 1687 3575 pueros
1719 3508 1777 3562 in
1812 3509 1991 3563 servi-

346 3591 526 3640 tutem
578 3589 874 3644 abducens
920 3608 986 3646 ac
1028 3597 1311 3650 Romanis
1360 3598 1639 3653 vendens.
1693 3597 1991 3670 Tyrachus

345 3675 740 3731 clandestinas
773 3678 878 3734 has
923 3683 1170 3749 Kegenis
1204 3684 1622 3755 impressiones
1655 3704 1767 3741 non
1804 3688 1991 3742 ferens

347 3764 418 3817 ad
455 3764 863 3836 imperatorem
918 3768 1102 3825 mittit
1148 3770 1387 3844 legatos,
1422 3777 1521 3845 qui
1557 3775 1675 3830 haec
1708 3794 1992 3848 propone-

348 3856 478 3906 rent
529 3871 541 3908 :
596 3855 1007 3925 Imperatorem
1067 3859 1416 3931 Romanum,
1478 3864 1570 3918 cui
1631 3882 1762 3919 cum
1822 3870 1993 3937 gente

348 3942 788 3999 Patzinacarum
840 3948 1026 4003 fcedus
1076 3956 1250 4017 esset,
1285 3954 1522 4009 omnino
1571 3971 1687 4009 non
1718 3955 1994 4011 debuisse

350 4030 605 4102 recipere
635 4050 767 4088 eum
803 4038 901 4106 qui
949 4038 1019 4091 ab
1051 4038 1197 4109 ipsis
1229 4041 1604 4110 descivisset;
1654 4049 1756 4098 aut
1786 4044 1991 4099 saltem

351 4126 583 4191 recepto
632 4122 997 4190 interdicere,
1050 4144 1119 4181 ne
1169 4133 1316 4184 Istro
1362 4131 1604 4201 trajecto
1653 4133 1865 4187 amicos
1904 4133 1995 4187 PR

350 4209 604 4264 laederet.
647 4211 897 4267 Proinde
950 4219 1051 4269 aut
1081 4216 1327 4287 Kegenis
1375 4228 1769 4291 compesceret
1794 4239 1994 4276 excur-

353 4296 569 4365 siones,
602 4304 703 4354 aut
733 4301 1014 4357 auxilium
1038 4305 1086 4358 ei
1118 4322 1231 4360 non
1267 4308 1536 4377 praebeat.
1559 4309 1617 4364 Si
1652 4326 1819 4365 secus
1847 4311 1993 4365 face-

352 4392 459 4451 ret,
495 4387 667 4442 sciret
697 4404 758 4442 se
790 4390 939 4448 585
976 4394 1391 4460 gravissimum
1436 4402 1637 4453 contra
1666 4415 1727 4453 se
1760 4416 1825 4453 ac
1857 4416 1997 4455 suos

351 4474 571 4531 bellum
606 4478 915 4533 concitare.
951 4483 1184 4537 Auditis
1213 4484 1529 4555 imperator
1559 4487 1648 4541 his
1684 4487 1995 4558 postulatis

352 4564 705 4620 cachinnum
738 4567 999 4636 sustulit,
1025 4573 1179 4638 quod
1206 4573 1521 4629 ludibrium
1558 4581 1809 4645 putaret,
1841 4577 1890 4631 si
1924 4577 1995 4632 ob

352 4653 1448 4732 Patzinacaaminasproderecogeretur
1469 4680 1603 4718 eum
1627 4666 1723 4735 qui
1744 4666 1798 4719 in
1825 4666 1995 4720 ﬁdem
2029 4636 2075 4700 D

354 4744 543 4814 ipsius
576 4744 958 4819 confugisset,
992 4754 1092 4803 aut
1138 4766 1266 4804 eum
1313 4752 1385 4805 ab
1418 4751 1754 4809 ulciscenda
1785 4754 2000 4825 injuria

356 4837 688 4904 abstinere;
741 4838 1080 4910 legatosque
1138 4858 1197 4896 re
1248 4842 1463 4898 infecta
1511 4844 1770 4899 dimittit.
1810 4845 1999 4900 Simul

357 4924 582 4979 litteras
614 4927 682 4980 ad
719 4926 1066 4982 Michaelum
1113 4930 1231 4995 dat,
1267 4931 1499 4986 urbium
1553 4932 1698 4987 Istro
1729 4934 2000 5004 adjacen-

356 5013 504 5067 tium
542 5015 895 5084 praefectum,
928 5023 983 5071 et
1032 5019 1101 5072 ad
1134 5018 1471 5087 Kegenum;
1520 5020 1711 5092 iisque
1745 5022 2002 5094 injungit

359 5106 422 5155 ut
453 5101 610 5171 ripas
643 5103 767 5155 Istri
804 5112 1071 5159 accurate
1104 5109 1457 5178 custodiant,
1485 5126 1547 5164 ac
1571 5112 1619 5164 si
1654 5111 1786 5181 quis
1812 5112 2001 5183 gravis

358 5192 641 5245 exercitus
675 5198 930 5261 appetat,
966 5194 1020 5248 id
1055 5196 1164 5249 sibi
1219 5214 1319 5266 per
1370 5197 1591 5263 litteras
1624 5200 1905 5266 indicent,
1937 5206 2002 5256 ut

358 5279 429 5333 de
461 5277 932 5337 Occidentalibus
978 5283 1151 5339 etiam
1186 5283 1512 5356 legionibus
1560 5288 1788 5344 mittere
1820 5289 2005 5360 possit

360 5364 458 5435 qui
494 5365 637 5436 ipsis
664 5368 957 5438 conjuncti
994 5374 1327 5428 Patzinacas
1359 5377 1607 5430 transitu
1642 5376 1769 5431 lstri
1802 5377 2004 5448 prohi-

360 5455 554 5510 beant.
607 5456 780 5510 Mittit
835 5459 1005 5515 etiam
1051 5463 1321 5517 triremes
1370 5473 1624 5532 centum,
1688 5482 1813 5536 quae
1876 5468 2003 5521 Islri

360 5543 518 5614 ripas
552 5542 752 5615 legant
799 5550 856 5601 et
902 5548 1237 5606 Patzinacas
1266 5553 1511 5621 trajectu
1562 5560 1815 5611 arceant.
1857 5560 2003 5613 Cum

358 5630 530 5701 legati
565 5632 728 5688 irrita
760 5652 862 5706 spe
897 5638 1230 5705 rediissent,
1254 5641 1555 5711 Tyrachus
1588 5644 2006 5715 indignabatur

361 5736 426 5777 ac
456 5722 764 5797 fremebat,
796 5725 1127 5799 hiemisque
1176 5728 1492 5785 adventum
1523 5734 1851 5803 ex0ptabat.
1884 5734 2005 5790 Sub

2100 3327 2293 3382 ἱκάκου
2349 3325 2440 3381 καί
2494 3324 2821 3398 ἐλυμαίνετο
2878 3323 3004 3385 τοὺς
3046 3322 3167 3398 περὶ
3195 3321 3289 3375 τὸν
3325 3321 3517 3395 Τυράχ
3546 3320 3711 3382 Πατζι-

2098 3418 2282 3487 νάκας,
2344 3412 2538 3491 ἄνδρας
2608 3414 2701 3486 μὶν
2775 3412 2902 3475 τοῦς
2986 3410 3430 3488 προσπίπτοντας
3490 3408 3716 3480 ἀναιρῶν,

2100 3505 2291 3581 γύναια
2323 3503 2380 3559 δὲ
2410 3506 2496 3559 καὶ
2550 3501 2748 3565 παῖδας
2810 3498 3342 3574 ἀνδραποδιζόμενος
3400 3499 3486 3553 καὶ
3538 3491 3716 3549 πωλῶν

2098 3600 2214 3656 τοῖς
2272 3592 2589 3666 Ῥωμαίοις.
2637 3590 2850 3654 Ταύτας
2908 3589 2964 3644 δὲ
3013 3590 3107 3651 τὰς
3167 3588 3431 3663 λαθραίας
3487 3584 3720 3646 ὲπιθᾶσεις

2099 3688 2194 3738 τοῦ
2250 3682 2509 3758 Κεγὲνους
2563 3683 2638 3753 μὴ
2719 3681 2895 3758 φέρων
2951 3680 2978 3733 ὁ
3037 3678 3226 3753 Ίύράχ
3309 3669 3714 3749 διαπρεσϐεύεται

2100 3773 2236 3847 πρὸς
2293 3774 2383 3827 τὸν
2447 3767 2691 3847 βασιλὲα,
2756 3768 2998 3842 μηνύσας
3058 3768 3132 3829 ὡς
3210 3764 3320 3820 ἔδει
3404 3766 3492 3819 τὸν
3576 3761 3715 3834 μέγαν

2108 3860 2373 3937 βασιλέα,
2436 3856 2670 3920 σπονδὰς
2751 3853 2955 3932 ἔχοντα
3042 3855 3175 3928 μετά
3246 3859 3347 3908 τοῦ
3402 3852 3578 3929 γένους
3624 3850 3715 3900 τῶν

2104 3935 2469 4020 Πατζινάκων,
2505 3951 2586 4022 [Ρ.
2631 3949 2757 4018 777]
2819 3942 2959 4019 μηδὲ
3018 3940 3407 4017 προσδέξασθαι
3467 3940 3601 3999 ὅλως
3640 3935 3717 3989 τὸν

2105 4040 2410 4108 ἀποστάτην
2467 4037 2662 4103 αὐτῶν,
2699 4033 2813 4091 ἐπεὶ
2855 4032 2910 4088 δὲ
2958 4030 3341 4109 προσεδέξατο,
3375 4027 3596 4085 κωλύειν
3654 4024 3719 4095 μὴ

2104 4127 2359 4202 διαπερᾷν
2417 4127 2507 4181 καὶ
2563 4125 2693 4186 τοὺς
2747 4120 3123 4183 ὑποσπόνδους
3177 4109 3718 4192 λυμαίνεσθαι’ἢοῦν

2102 4216 2409 4285 κωλυθήτω
2441 4216 2468 4269 ὁ
2517 4215 2653 4290 ἀνὴρ
2704 4214 2770 4267 τὰ
2824 4216 3048 4266 τοιαῦτα
3095 4212 3375 4285 πράττειν,
3408 4208 3441 4277 ἢ
3477 4203 3722 4290 μηδεμιᾷς

2103 4306 2316 4379 τυχέτω
2366 4289 2710 4378 συμμαχίας,
2768 4301 2804 4371 ἢ
2882 4298 3193 4376 γινωσκέτω
3261 4301 3290 4353 ὁ
3364 4293 3605 4373 βασιλεὺς
3659 4289 3721 4347 ὡς

2103 4396 2217 4449 καθ’
2273 4394 2466 4448 ἑαυτοῦ
2516 4413 2575 4446 τε
2630 4392 2719 4445 καὶ
2772 4397 2871 4459 τῆς
2931 4391 3123 4444 ἑαυτοῦ
3211 4390 3407 4463 χώρας
3472 4382 3722 4462 ἐφέλκεται

2109 4483 2404 4558 βαρύτατον
2462 4479 2725 4552 πόλεμον.
2787 4478 2884 4533 Καὶ
2959 4482 3125 4532 ταῦτα
3186 4477 3280 4549 μὲν
3336 4477 3404 4530 τὰ
3464 4470 3725 4546 μηνύματα

2104 4576 2201 4625 τοῦ
2257 4570 2470 4646 Τυρὰχ,
2505 4571 2532 4624 6
2591 4566 2648 4623 δὲ
2713 4566 2963 4642 βασιλεὺς
3021 4567 3115 4627 τὰς
3174 4564 3436 4655 ἀγγελίας
3470 4560 3725 4655 δεξάμενος

2105 4661 2241 4734 πρὸς
2292 4660 2485 4720 ταύτας
2546 4659 2640 4730 μὲν
2690 4657 2778 4711 καὶ
2836 4655 3225 4730 ἐπεκάγχασεν,
3261 4654 3307 4708 εί
3363 4651 3451 4706 διὰ
3496 4651 3724 4714 Πατζινα-

2106 4771 2204 4803 κου
2236 4747 2462 4809 ἀπειλὰς
2495 4745 2769 4821 προδότης
2798 4746 3010 4820 γὲνοιτο
3038 4748 3134 4797 τοῦ
3167 4742 3243 4806 εἷς
3302 4742 3463 4796 αὐτὸν
3511 4754 3721 4811 προσφυ-

2105 4837 2320 4913 γόντος,
2351 4836 2439 4891 καὶ
2471 4835 2702 4891 κωλύειν
2734 4838 2831 4889 τοῦ
2893 4835 2967 4906 μὴ
3030 4837 3225 4887 κακοῦν
3282 4832 3413 4892 τοὺς
3470 4826 3722 4883 κακώσαν-

2106 4948 2202 4988 τας
2237 4973 2251 4995 ,
2310 4924 2439 4987 τοὺς
2518 4922 2574 4979 δὶ
2655 4918 2984 5000 πρεσϐευτὰς
3064 4921 3376 4997 ἀπράκτους
3458 4916 3721 4989 ἐξέπεμψε-

2111 5016 2414 5089 Γράμματα
2473 5011 2528 5068 δὲ
2586 5012 2720 5087 πρός
2761 5034 2819 5101 τε
2878 5009 3112 5086 Μιχαὴλ
3176 5012 3264 5064 τὸν
3314 5010 3589 5101 ⁸ὀὶρχσσντει
3635 5004 3724 5101 τῖμν

2108 5102 2439 5179 παριστρίων
2486 5101 2723 5174 πόλεων,
2783 5096 2859 5155 ἔτι
2937 5098 2994 5154 δὶ
3065 5101 3153 5153 καὶ
3228 5099 3367 5173 πρὸς
3430 5096 3604 5179 αὐτὸν,
3647 5096 3723 5143 τὸν

2111 5177 2340 5270 Κεγὲνην
2428 5190 2718 5265 ἐκπέμπει,
2768 5188 3054 5268 φυλάττειν
3135 5182 3377 5263 ἀκριϐῶς
3434 5184 3526 5244 τὰς
3578 5177 3724 5253 ὄχθας

2108 5288 2205 5339 τοῦ
2285 5280 2573 5355 ποταμοῦ·
2637 5280 2682 5335 εἰ
2750 5278 2808 5334 δὲ
2881 5300 2963 5341 τις
3038 5277 3165 5352 ἰπίῃ
3248 5278 3441 5352 βαρεῖα
3506 5270 3728 5365 δύναμις,

2110 5372 2395 5448 γράμμασι
2430 5370 2672 5445 μηνύειν,
2700 5367 2792 5424 ’ίνα
2820 5369 2911 5424 καὶ
2942 5368 3046 5422 ἀπὸ
3086 5372 3190 5421 τῶν
3252 5368 3495 5420 Δυτικῶν
3548 5373 3727 5433 ταγμά-

2110 5481 2217 5517 των
2303 5459 2685 5534 ἐκπεμπόμενά
2758 5479 2879 5514 τινα
2958 5456 3050 5511 σὺν
3124 5456 3307 5518 αὐτοῖς
3368 5451 3579 5528 εἵργωσι
3630 5451 3726 5534 τοῖς

2112 5528 2467 5619 Πατζινᾶκαιξ
2520 5528 2619 5619 τῆν
2677 5553 2775 5604 τοῦ
2817 5550 3069 5620 ποταμοῦ
3101 5540 3369 5599 διάϐασιν.
3398 5540 3634 5634 Ἐπεμψε
3682 5528 3729 5634 δὶ

2110 5639 2202 5696 καὶ
2275 5642 2518 5716 τριήρεις
2604 5639 2790 5694 ἑκατὸν
2825 5680 2840 5706 ,
2899 5636 3202 5708 ἐπισκήψας
3280 5628 3580 5705 παραπλεῖν
3613 5628 3729 5722 “16"!

2112 5732 2324 5806 Ἵστρον
2372 5729 2462 5784 καὶ
2513 5726 2886 5805 πειρωμένους
2939 5722 3260 5781 διακωλύειν
3316 5720 3445 5783 τοὺς
3502 5718 3731 5782 Πατζινα-
