3968 6140
291 420 399 477 31³7

1418 419 1965 482 HISTORIARUM
2008 400 2551 482 COMPENDIUM.

3574 419 3692 477 318

285 570 378 610 κας
434 551 623 621 περᾷν.
683 547 1094 617 Ἐπανηκόντων
1156 547 1201 603 δ’
1259 551 1547 626 ἀπράκτων
1605 555 1712 605 τῶν
1760 550 1916 605 αὐτοῦ

2044 552 2215 608 linem
2250 553 2542 619 autumni,
2575 569 2640 606 ac
2674 552 2864 608 hieme
2896 552 3152 618 ineunte,
3186 567 3317 603 cum
3345 551 3469 619 jam
3496 549 3583 606 sol
3616 553 3686 605 ad

287 631 576 713 πρέσϐεων,
640 637 667 690 6
725 638 911 711 Τυράχ
960 636 1286 712 ἐχαλέπαινε
1348 640 1436 693 καὶ
1523 640 1784 715 ὠργίζετο
1843 639 1931 694 καὶ

287 728 476 779 θᾶττον
526 722 730 800 ηὔχετο
793 723 1120 781 καταλαϐεῖν
1191 730 1282 783 τὸν
1342 734 1611 805 χειμῶνα.
1674 727 1811 799 Ἤδη
1876 726 1932 782 δὲ

287 823 381 884 τῆς
414 821 818 891 φθινοπωρινῆς
850 813 1134 889 ληγούσης
1168 816 1309 891 ὥρας
1357 818 1444 872 καὶ
1510 823 1606 873 τοῦ
1655 823 1932 893 ’χειμῶνος

290 904 621 973 ἐπιστάντος,
676 908 770 957 τοῦ
838 903 1002 973 ἡλίου
1064 902 1217 967 ὄντος
1271 905 1357 961 ἐπὶ
1421 908 1508 961 τὸν
1558 908 1927 983 Αίγοκέρωτα,

294 998 481 1071 ἄνεμος
536 994 777 1054 ἔπνευσεν
840 1001 1135 1076 ἀπαρκτίας
1194 1002 1388 1070 πολὺς,
1424 1004 1495 1065 ὡς
1546 1002 1928 1075 ἀποκρυσταλ-

297 1089 523 1157 λιυθῆναι
583 1090 748 1163 μέχρι
809 1088 1186 1145 πεντεκαίδεκα
1244 1094 1469 1167 πήχεων
1523 1092 1574 1154 ἐς
1621 1094 1784 1167 βάθος
1838 1093 1929 1146 τὸν

293 1177 545 1249 ποταμόν.
608 1178 789 1248 Πάσης
855 1177 944 1232 οὖν
995 1178 1244 1256 φυλακῆς
1306 1179 1674 1255 σχολασάσης,
1738 1179 1926 1256 δραξά-

292 1287 447 1338 μενος
479 1266 655 1328 ἀδείας
686 1271 751 1336 ἧς
795 1269 1071 1343 ἐπιτυχεῖν
1106 1266 1311 1344 ηὔχετο
1373 1271 1399 1323 6
1450 1271 1643 1345 Τυράχ
1703 1268 1929 1343 διαπερᾷ

286 1355 371 1407 τὸν
425 1359 634 1431 Ἵστρον
697 1356 832 1429 μετὰ
874 1357 1085 1412 πάντων
1143 1363 1248 1412 τῶν
1311 1362 1676 1427 Πατζινάκων,
1736 1358 1925 1428 ὄντων,

286 1444 353 1504 ὡς
383 1443 625 1519 ἐλέγετο,
658 1444 929 1521 χιλιάδων
966 1446 1317 1517 ὀκτακοσίων,
1349 1449 1437 1502 xui
1471 1447 1522 1510 ἐς
1554 1450 1651 1517 τὴν
1702 1448 1922 1522 περαίαν

282 1530 508 1606 ἱδρύετο,
571 1535 764 1608 κείρων
833 1536 921 1589 καὶ
1006 1537 1271 1613 ἀφανίζων
1349 1537 1415 1591 τὰ
1490 1538 1922 1611 παραπίπτοντα.

285 1622 579 1694 Γράμματα
627 1620 683 1676 δὶ
730 1624 865 1696 πρὸς
922 1626 1012 1678 τὸν
1079 1625 1305 1698 βασιλέα
1358 1624 1643 1681 ἐστέλλετο
1706 1627 1922 1700 βοηθεῖν

280 1708 499 1782 δεόμενα
524 1712 625 1780 τὴν
664 1714 952 1786 ταχίστην.
986 1715 1045 1770 Ὀ
1094 1712 1151 1768 δὶ
1203 1713 1331 1786 μηδ’
1381 1715 1484 1769 ὅλα
1513 1716 1579 1770 τά
1632 1716 1925 1791 γράμματα

272 1800 528 1873 ἀναγνοὺς
587 1805 665 1872 τῷ
718 1799 870 1856 δουκὶ
920 1800 1424 1878 Ἀδριανουπὸλεως
1481 1806 1673 1882 γράφει
1868 1803 1923 1859 δὲ

2043 643 2453 711 Capricornum
2486 641 2833 712 appulisset,
2866 645 3070 695 ventus
3101 640 3392 711 aparetias
3421 640 3689 710 copiosus

2042 729 2199 784 ﬂavit
2230 731 2488 802 Isterque
2518 730 2577 784 in
2609 729 2855 799 glaciem
2890 729 3225 799 quindecim
3258 726 3485 781 cubitos
3512 725 3686 781 altam

2041 819 2384 890 congelavit.
2419 820 2615 874 Otiosa
2666 818 2861 887 itaque
2910 818 3071 873 omni
3118 816 3382 871 custodia
3427 820 3685 887 optatam

2042 909 2339 979 Tyrachus
2371 917 2578 963 nactus
2626 908 2942 972 licentiam,
2980 912 3193 962 Istrum
3246 923 3378 959 cum
3412 905 3686 959 omnibus

2040 997 2379 1063 Patzinacis,
2414 1015 2664 1069 quorum
2702 997 3017 1051 multitudo
3046 996 3516 1066 octingentorum
3551 1011 3685 1049 cen-

2040 1092 2281 1146 sebatur
2331 1090 2603 1158 millium,
2652 1095 3077 1159 transgressus,
3127 1090 3182 1142 in
3239 1088 3573 1143 ulteriorem
3624 1104 3687 1142 se

2038 1181 2242 1235 eiIudit
2290 1180 2592 1243 ditionem,
2646 1180 2926 1250 diripiens
2979 1183 3153 1250 atque
3202 1177 3400 1233 delens
3448 1177 3507 1231 in
3557 1194 3688 1248 quae

2040 1278 2333 1333 incidebat
2360 1278 2579 1333 omnia.
2611 1278 2925 1331 Mittuntur
2972 1294 3108 1348 ergo
3152 1276 3223 1330 ad
3270 1276 3679 1345 imperatorem

2039 1367 2264 1429 litterae,
2302 1367 2517 1437 quibus
2566 1368 2633 1419 ad
2678 1368 2973 1420 ferendam
3024 1366 3461 1435 quamprimum
3513 1381 3681 1435 opem

2036 1457 2407 1512 incitabatur.
2444 1462 2495 1510 ls
2525 1457 2754 1509 vixdum
2791 1454 3057 1525 perlectis
3078 1454 3283 1508 litteris
3303 1455 3373 1508 ad
3400 1454 3682 1509 Adriano-

2037 1545 2183 1615 polis
2218 1546 2371 1601 586
2417 1546 2624 1598 ducem
2658 1543 3105 1598 Constantinum
3141 1543 3484 1612 magistrum
3516 1542 3679 1597 Aria-

2036 1636 2219 1687 nitam
2271 1634 2493 1700 scribit,
2530 1640 2591 1685 ut
2640 1632 3025 1685 Macedonicis
3075 1647 3208 1684 cum
3261 1630 3464 1701 copiis,
3508 1636 3563 1684 et
3610 1631 3682 1684 ad

2036 1722 2317 1777 Basiliam
2347 1720 2693 1775 Monachum
2731 1720 3011 1791 Bulgaria:
3045 1721 3276 1782 ducem,
3301 1725 3367 1773 ut
3388 1736 3518 1774 cum
3544 1719 3682 1773 Bul-

2034 1812 2229 1882 garico
2262 1812 2515 1864 exercitu
2549 1808 2829 1864 Michaelo
2882 1825 2948 1862 ac
2980 1809 3195 1879 Kegeni
3229 1824 3289 1862 se
3321 1808 3682 1878 conjungant

276 1890 682 1951 Κωνσταντῖνος
745 1890 1040 1965 μάγιστρος
1092 1893 1120 1946 ὁ
1177 1894 1515 1967 Ἀριανίτης)
1573 1895 1670 1956 τάς
1747 1902 1916 1948 Μακε-

2032 1906 2089 1956 et
2120 1907 2321 1954 contra
2351 1899 2691 1953 Patzinacas
2719 1899 3073 1968 depugnent.
3098 1897 3261 1966 lique
3284 1898 3457 1965 jussa
3480 1897 3676 1951 statim

274 1974 485 2039 δονικᾶις
514 1978 771 2052 εἰληφότι
800 1977 1078 2052 δυνάμεις,
1110 1976 1188 2035 ἔτι
1221 1980 1276 2035 δὲ
1307 1982 1395 2035 καὶ
1449 1986 1584 2057 πρὸς
1634 1980 1919 2039 Βασίλειον

281 2068 535 2141 Μοναχὸν
586 2068 677 2121 τὸν
732 2070 979 2142 ἡγεμόνα
1035 2078 1135 2138 τῆς
1198 2069 1537 2145 Βουλγαρίας
1592 2074 1690 2139 τήν
1752 2070 1922 2127 Βουλ-

279 2157 509 2229 γαρικην
544 2154 811 2231 εἰληφότα
842 2163 1001 2232 χεῖρα
1060 2160 1338 2234 ἀφικέσθαι
1385 2161 1473 2213 xui
1534 2162 1795 2229 ένωθῆναι
1845 2166 1923 2231 τῷ

278 2242 516 2316 Μιχαὴλ
572 2245 663 2298 καὶ
721 2249 801 2315 τῷ
855 2246 1052 2319 Κεγένῃ
1110 2247 1196 2300 καὶ
1262 2248 1378 2319 μετ’
1408 2248 1580 2302 αὐτῶν
1637 2249 1769 2323 πρὸς
1797 2248 1923 2310 τοὺς

277 2336 613 2399 Πατζινάκας
670 2329 1106 2407 διαγωνίσασθαι,
1168 2341 1256 2389 Ὧν
1315 2339 1451 2390 κατὰ
1506 2339 1567 2391 τὸ
1640 2338 1921 2413 βασιλικὸν

274 2421 623 2488 ποιησάντων
687 2420 961 2496 ἐπίταγμα
1033 2424 1119 2477 καὶ
1181 2426 1393 2478 πάντων
1447 2426 1534 2499 ὑφ’
1582 2424 1636 2479 ἓν
1699 2429 1923 2501 γενομέ-

274 2531 401 2575 νων,
436 2504 727 2563 ἀναλαϐὼν
785 2510 813 2564 6
862 2512 1092 2586 Κεγένης
1148 2512 1241 2573 τὰς
1295 2513 1599 2584 Ῥωμαϊκὰς
1646 2512 1921 2590 φάλαγγας

274 2596 322 2651 ἐν
356 2602 475 2658 τοῖς
533 2598 816 2673 ὑπαίθροις
872 2598 1371 2673 στρατοπεδεύεται,
1404 2601 1491 2654 καὶ
1550 2604 1666 2655 καθ’
1695 2603 1919 2673 ἑκάστην

275 2685 436 2740 ἐπιὼν
467 2686 522 2757 ἐξ
554 2686 748 2764 ἐφόδου
795 2688 855 2741 ού
921 2689 1086 2761 μικρὰ
1140 2688 1266 2751 τοὺς
1322 2694 1652 2759 Πατζινάκας
1710 2689 1918 2747 ἐλύπει.

276 2786 507 2845 Τούτοις
536 2784 638 2859 γὰρ
682 2786 793 2858 ἅμα
822 2790 890 2859 τῇ
922 2791 1018 2840 τοῦ
1067 2792 1321 2860 ποταμοῦ
1372 2784 1611 2844 διαϐάσει
1662 2789 1919 2864 ἀφθονίαν

278 2872 423 2939 ζώων
460 2872 679 2948 εύροῦσι
710 2872 933 2942 πολλὴν
966 2874 1055 2928 καὶ
1089 2873 1233 2929 οἷ’νου
1291 2878 1378 2930 xui
1433 2882 1539 2930 τῶν
1599 2876 1658 2931 ἐκ
1703 2877 1924 2949 μέλιτος

274 2960 815 3031 κατασκευαζομένων
876 2962 1160 3035 πομάτων,
1217 2965 1290 3016 ὧν
1353 2962 1480 3018 οὐδὲ
1542 2965 1709 3032 ἀκοὴν
1757 2961 1920 3040 ἔσχον

278 3050 521 3114 πώποτε,
578 3052 667 3103 xui
750 3048 943 3121 ἀνέδην
1003 3056 1108 3106 τῶν
1164 3051 1425 3107 τοιούτων
1487 3052 1920 3129 ἐμφορουμένοις

523 3138 769 3193 ἐσπίπτει
856 3139 1146 3210 κοιλιακὴν
1226 3140 1458 3205 διάθεσιν
1546 3138 1769 3219 ἔχουσα,
1831 3144 1919 3197 καὶ

270 3225 599 3282 ἀπώλλυντο
685 3229 913 3299 ἑκάστης
998 3232 1207 3304 ἡμέρας
1283 3231 1624 3307 ἆναρίθμητα
1698 3232 1909 3303 πλήθη.

271 3316 350 3387 [Ρ.
406 3319 538 3389 778]
588 3319 760 3393 ’Όπερ
840 3318 1149 3390 πυθόμενος
1205 3321 1231 3373 ὁ
1293 3321 1520 3393 Κεγένης
1607 3318 1693 3374 διά
1769 3343 1912 3383 τινος

268 3403 608 3477 αὐτομόλου,
657 3406 745 3460 xui
824 3407 1010 3481 καιρὸν
1094 3406 1399 3478 ἐπιτήδειον
1472 3409 1659 3484 κρίνας
1726 3414 1914 3464 τοῦτον

270 3493 396 3546 εἶναι
444 3498 567 3557 τοῖς
625 3493 847 3567 ἐχθροῖς
903 3494 1270 3565 ἐπιθήσεσθαι,
1322 3496 1485 3551 ὁπότε
1531 3497 1619 3551 καὶ
1679 3503 1915 3570 χειμῶνι

265 3581 352 3634 καὶ
396 3583 545 3653 νόσῳ
603 3583 899 3652 πιέζονται,
946 3584 1232 3648 ἀναπείσας
1281 3585 1368 3639 καὶ
1424 3584 1553 3647 τοὺς
1602 3587 1915 3659 Ῥωμαίους

268 3669 558 3732 ὀκνοῦντας
587 3672 675 3725 xui
734 3670 976 3735 δεδιότας
1025 3674 1159 3747 πρὸς
1202 3674 1463 3735 τοσαύτας
1526 3675 1915 3751 ἀντιπαρατάτ-

266 3771 448 3822 τεσθαι
510 3758 795 3833 μυριάδας,
828 3764 1233 3837 προσρηγνυται
1280 3768 1397 3825 τοῖς
1422 3757 1700 3838 ⁹ἐχθροῖς.
1736 3766 1803 3819 0i
1859 3763 1915 3819 δὲ

266 3849 362 3915 τὴν
439 3849 613 3920 ὀξεῖαν
692 3847 899 3903 ἔλευσιν
1002 3849 1351 3924 ἐκπλαγέντες
1436 3852 1523 3905 καὶ
1598 3853 1733 3926 πρὸς
1821 3856 1912 3907 τὸν

267 3935 513 4009 πόλεμον
574 3936 1071 4008 ἀποδειλιάσαντες,
1125 3939 1371 4015 ῥίψαντες
1428 3942 1494 3994 τὰ
1553 3940 1699 3996 ὅπλα
1754 3941 1913 4005 αύτός

266 4045 320 4078 τε
370 4026 397 4079 6
455 4027 650 4101 Τυράχ
706 4028 794 4081 xui
854 4027 1047 4089 πάντες
1105 4030 1156 4082 οἱ
1188 4026 1449 4104 ἄρχοντες
1479 4030 1566 4084 καὶ
1600 4031 1660 4084 τὸ
1718 4030 1910 4085 λοιπὸν

268 4112 480 4182 πλῆθος
521 4115 742 4178 ἑαυτοὺς
801 4116 1220 4193 ἐγχειρίζουσιν.
1255 4119 1314 4174 Ὁ
1370 4118 1463 4191 μὶν
1522 4118 1612 4172 οὖν
1676 4119 1912 4194 Κεγένης

275 3138 424 3199 νόσος

268 4206 624 4266 συνεϐούλευε
671 4214 756 4267 καὶ
807 4210 1202 4288 διεμαρτύρατο
1250 4213 1448 4277 πάντας
1505 4210 1712 4286 ἡϐηδὸν
1773 4216 1912 4271 ἀπο-

269 4300 479 4375 σφάξαι,
516 4295 670 4374 ἔλεγε
703 4299 759 4355 δὲ
804 4302 891 4355 καὶ
949 4304 1252 4375 παροιμίαν
1318 4298 1586 4378 βάρϐαρον
1638 4306 1754 4378 μὲν,
1786 4311 1909 4360 νοῦν

269 4384 322 4441 δὲ
350 4388 530 4444 πολὺν
572 4385 826 4463 ἔχουσαν,
855 4391 928 4453 ὡς
962 4393 1081 4447 Ἔτι
1140 4396 1420 4466 χειμῶνος
1477 4388 1630 4454 ὄντος
1691 4391 1771 4447 δεῖ
1818 4395 1908 4449 τὸν

267 4472 382 4551 ὅφιν
442 4478 777 4550 ἀποκτεῖναι,
833 4480 1069 4549 ὁπηνίκα
1154 4482 1252 4550 τήν
1340 4482 1530 4555 κέρκον
1598 4488 1765 4537 κινεῖν
1850 4483 1911 4537 ού

269 4561 531 4620 δύναται·
595 4566 696 4620 ὑπὸ
778 4566 941 4636 ἡλίου
1016 4569 1118 4642 γάρ
1198 4568 1457 4646 θαλφθεῖς
1513 4572 1715 4632 κόπους
1772 4574 1905 4644 ἡμῖν

2035 1994 2174 2043 sunt
2226 1982 2503 2043 exsecuti.
2562 1986 2899 2057 Conjunctis
2949 1986 3224 2040 omnibus
3282 1986 3675 2040 Romanorum

2034 2077 2218 2147 copiis
2250 2076 2508 2145 Kegenes
2539 2092 2637 2129 eas
2686 2074 2904 2139 eduxit,
2936 2073 3261 2145 castrisque
3306 2074 3416 2129 sub
3446 2074 3540 2128 dio
3574 2091 3677 2143 p0-

2035 2167 2185 2231 sitis,
2234 2165 2592 2235 quotidianis
2644 2164 3081 2218 incursionibus
3130 2164 3464 2218 Patzinacas
3521 2163 3675 2216 haud

2033 2254 2234 2309 leviter
2253 2254 2497 2308 vexavit.
2537 2252 2596 2321 li,
2631 2269 2801 2306 amne
2832 2253 3096 2322 trajecto,
3120 2252 3180 2305 in
3215 2253 3528 2322 pecudum,
3560 2251 3677 2305 vini

2033 2349 2090 2397 et
2140 2349 2309 2413 potus
2356 2359 2387 2396 e
2446 2340 2617 2395 melle
2674 2341 2918 2395 confecti
2980 2341 3295 2395 maximam
3350 2341 3680 2395 inciderant

2032 2432 2282 2502 cepiam,
2318 2447 2389 2485 ne
2431 2429 2629 2484 auditu
2687 2430 2921 2498 quidem
2973 2435 3144 2483 antea
3173 2429 3317 2499 ipsis
3362 2430 3504 2484 noti.
3539 2428 3675 2492 Qui-

2033 2520 2143 2573 bus
2176 2535 2308 2573 cum
2342 2518 2561 2572 affatim
2595 2518 2949 2582 fruerentur,
2985 2518 3224 2572 morbus
3255 2534 3354 2572 eos
3404 2518 3674 2573 cceliacus

2030 2608 2264 2671 invasit,
2299 2612 2355 2662 et
2384 2606 2645 2678 quotidie
2676 2606 3075 2660 moriebantur
3105 2605 3420 2660 innumeri.
3456 2606 3535 2660 De
3559 2623 3675 2677 quo

2031 2697 2243 2751 certior
2274 2713 2307 2749 a
2337 2696 2641 2765 transfuga
2672 2694 2924 2765 quodam
2960 2696 3145 2749 factus
3171 2694 3448 2763 Kegenes,
3499 2695 3675 2765 idque

2032 2784 2343 2839 invadendi
2375 2784 2560 2839 hostis
2583 2789 2981 2855 opportunum
3004 2788 3239 2855 tempus
3272 2789 3454 2852 ratus,
3479 2800 3593 2853 quo
3621 2788 3676 2839 et

2031 2873 2223 2928 hieme
2264 2877 2321 2927 et
2351 2873 2553 2927 morbo
2604 2872 3038 2942 premebantur,
3073 2872 3379 2943 pertractis
3410 2870 3469 2925 in
3503 2889 3671 2927 suam

2030 2964 2378 3019 sententiam
2413 2962 2584 3017 etiam
2637 2961 2934 3025 Romanis,
2967 2961 3492 3032 tergiversantibus
3525 2978 3674 3017 non-

2030 3052 2176 3105 nihil
2210 3058 2264 3106 et
2291 3056 2495 3106 contra
2530 3056 2749 3104 tantam
2786 3048 3222 3104 multitudinem
3258 3066 3518 3121 pugnare
3552 3066 3671 3106 me-

2029 3141 2353 3208 tuentibus,
2387 3139 2444 3192 in
2496 3139 2831 3193 Patzinacas
2868 3140 3151 3209 impetum
3185 3140 3302 3193 dat.
3339 3139 3445 3202 Qui
3480 3138 3675 3193 celeri-

2027 3234 2145 3282 tate
2203 3227 2551 3282 irruentium
2630 3226 2883 3281 bostium
2949 3226 3237 3297 perterriti
3293 3232 3349 3280 et
3414 3243 3672 3298 pugnam

2031 3316 2473 3371 reformidantes
2506 3315 2743 3385 abjectis
2774 3315 2952 3370 armis
2971 3331 3097 3369 sese
3120 3315 3398 3369 Romanis
3429 3316 3673 3381 dedunt,

2028 3431 2162 3469 cum
2232 3413 2531 3485 Tyrachus
2600 3413 2723 3483 ipse
2790 3417 2846 3467 et
2912 3412 3104 3467 caeteri
3175 3412 3490 3482 principes,
3549 3417 3674 3466 tum

2027 3502 2249 3573 reliqua
2303 3502 2479 3557 etiam
2530 3502 2722 3556 turba.
2774 3501 3129 3556 Consulebat
3181 3501 3464 3571 Kegenes,
3504 3506 3677 3572 atque

2026 3592 2201 3645 etiam
2235 3591 2641 3646 obtestabatur
2672 3589 2755 3645 uti
2789 3592 2858 3645 ad
2896 3607 3078 3644 unum
3113 3606 3317 3645 omnes
3350 3590 3676 3644 occideren-

2024 3684 2122 3733 tur
2150 3679 2368 3734 hostes.
2422 3683 2490 3733 Et
2540 3679 2817 3750 adagium
2869 3679 3162 3744 afferebat,
3196 3679 3514 3733 barbarum
3548 3680 3678 3749 qui-

2026 3768 2181 3832 dem,
2231 3769 2331 3823 sed
2382 3767 2549 3821 valde
2605 3773 2878 3840 argutum
2927 3784 2939 3821 :
2992 3784 3242 3838 anguem
3304 3767 3493 3821 hieme
3550 3783 3680 3821 esse

2025 3858 2375 3915 necandum.
2409 3856 2556 3913 587
2594 3874 2725 3911 cum
2761 3874 2873 3911 non
2918 3860 3107 3927 potest
3148 3858 3392 3910 caudam
3426 3872 3678 3924 movere,

2023 3962 2094 3999 ne
2150 3944 2293 3999 solis
2350 3944 2538 4000 calore
2594 3946 2843 4001 refectus
2904 3944 3233 3999 molestiam
3296 3943 3676 4015 laboremque

2022 4033 2167 4104 ipsis
2198 4039 2371 4089 creet.
2400 4034 2679 4089 Romanis
2711 4034 3054 4089 ductoribus
3074 4033 3129 4086 id
3156 4050 3267 4087 non
3296 4032 3675 4103 probabatur,

2024 4121 2250 4176 facinus
2283 4122 2390 4176 hoc
2442 4123 2813 4177 barbaricum
2867 4122 2985 4176 fore
3016 4126 3072 4175 et
3114 4120 3361 4191 impium
3405 4137 3470 4175 ac
3504 4136 3537 4174 a
3566 4123 3675 4174 Ro-

2025 4227 2199 4264 mana
2246 4210 2554 4266 clementia
2598 4210 2855 4265 alienum
2891 4210 3290 4265 censentibus.
3343 4210 3543 4264 Potius
3575 4226 3674 4263 eos

2022 4316 2125 4370 per
2200 4301 2458 4353 desertas
2522 4299 2797 4369 Bulgariae
2886 4298 3157 4371 planities
3230 4298 3675 4369 dispergendos,

2021 4392 2195 4457 atque
2227 4386 2361 4441 hinc
2393 4387 2529 4442 inde
2569 4386 2871 4458 dissipatis
2904 4388 3189 4442 tributum
3222 4387 3672 4457 imponendum,

2021 4476 2138 4531 Hoc
2171 4476 2341 4530 modo
2373 4482 2430 4530 et
2456 4477 2750 4545 ingentem
2785 4477 2854 4531 ab
2888 4476 2957 4530 iis
3002 4476 3253 4531 reditum
3288 4476 3364 4530 rei
3399 4478 3671 4529 Romana)

2022 4580 2421 4632 accessurum,
2441 4569 2498 4619 et
2514 4581 2646 4619 cum
2678 4564 2997 4635 imperator
3028 4564 3317 4619 militibus
3347 4580 3495 4634 Opus
3517 4568 3674 4618 esset

268 4655 477 4727 παρέξει
520 4654 607 4708 xui
652 4656 962 4731 πράγματα.
994 4640 1162 4711 Τῄούτο
1223 4655 1279 4711 δὲ
1317 4640 1443 4719 ’τοῖς
1500 4660 1761 4734 ἄρχουσιν
1798 4640 1914 4715 οὐκ

2032 4653 2335 4708 habiturus
2393 4654 2671 4709 adversus
2728 4659 2948 4709 Turcos
3008 4658 3108 4708 aut
3164 4653 3308 4708 alios
3367 4652 3667 4720 barbaros,

267 4738 436 4796 ἐδόκει
484 4743 798 4816 Ῥωμαίων,
858 4745 1003 4800 ἀλλὰ
1073 4740 1403 4820 βαρϐαρικὸν
1473 4751 1535 4801 τὸ
1608 4742 1760 4822 ἔργον
1820 4750 1908 4804 καὶ

271 4830 478 4886 ἀνόσιον
528 4832 805 4905 ἐνομίζετο
847 4834 935 4888 καὶ
984 4835 1300 4906 Ῥωμαϊκῆς
1360 4836 1571 4907 ἀνάξιον
1629 4840 1908 4913 ἡμερότη-

267 4938 373 4982 τος.
406 4920 631 4976 Μᾶλλον
667 4922 762 4994 μὲν
796 4922 885 4977 οὖν
932 4923 1203 4999 συμφέρον
1264 4923 1512 4997 ἐνόμιζον
1568 4923 1907 4981 διασκεδάσαι

266 5009 490 5070 τούτους
523 5011 573 5064 ἐν
606 5016 725 5073 ταῖς
758 5011 985 5085 ἐρήμοις
1011 5017 1109 5077 τῆς
1159 5013 1497 5089 Βουλγαρίας
1556 5011 1769 5069 πεδιάσι
1818 5016 1906 5070 xui

269 5091 471 5160 ἄλλους
501 5096 753 5174 ἅλλαχοῦ
783 5099 1147 5176 ἐγκατοικίσαι
1177 5104 1266 5156 καὶ
1312 5101 1513 5179 φόρους
1563 5103 1745 5165 αὐτοῖς
1785 5102 1906 5158 ἐπι-

268 5190 455 5246 θεῖναι*
490 5184 697 5251 ἔσεσθαι
756 5190 858 5265 γὰρ
920 5190 1019 5245 οὐκ
1076 5190 1439 5265 εὐαρίθμητον
1494 5191 1585 5246 τὸν
1636 5191 1742 5246 ἀπὸ
1797 5197 1904 5247 τῶν

266 5274 524 5330 τοιούτων
590 5274 831 5351 δασμόν·
897 5279 939 5332 εἰ
1012 5276 1189 5351 δεήσει
1268 5278 1323 5334 δὲ
1400 5285 1478 5353 τῷ
1547 5278 1759 5356 βασιλεῖ
1816 5283 1901 5336 καὶ

267 5368 490 5433 στρατοῦ
546 5367 681 5441 πρός
732 5388 791 5421 τε
846 5367 972 5430 τοὺς
1031 5370 1303 5443 Τούρκους
1385 5370 1474 5424 καὶ
1558 5370 1693 5446 πρὸς
1762 5368 1907 5427 ἄλλα

267 5447 561 5526 ἒτερόφυλα
591 5457 742 5529 γένη,
777 5455 1124 5527 καθοπλίζειν
1183 5458 1274 5513 ἀπ’
1305 5458 1501 5515 αὐτῶν.
1536 5457 1769 5515 Πολλῶν
1812 5458 1904 5515 οὖν

266 5535 437 5614 λόγων
500 5542 765 5618 ῥηθέντων
824 5545 1065 5616 ἐνίκησεν
1113 5549 1147 5617 ἡ
1194 5552 1299 5602 τῶν
1346 5548 1633 5621 Ῥωμαίων
1682 5549 1900 5622 γνώμη·

263 5632 349 5679 καί
400 5629 427 5683 6
482 5632 573 5702 μὶν
635 5631 872 5709 Κεγένης
920 5634 1079 5698 ὅσους
1129 5631 1290 5690 ἔλαϐε
1332 5638 1589 5712 ζωγρίας,
1620 5633 1767 5706 πλὴν
1828 5636 1900 5692 ὧν

2018 4746 2159 4795 tunc
2210 4758 2306 4796 eos
2353 4741 2567 4797 armari
2629 4759 2819 4814 posse.
2882 4746 2957 4797 Re
3018 4742 3116 4796 diu
3178 4741 3479 4813 disputata
3530 4741 3671 4797 vicit

2019 4830 2258 4885 tandem
2306 4831 2699 4886 Romanorum
2744 4831 3053 4886 sententia.
3086 4831 3192 4885 Sed
3226 4835 3488 4902 Kegenes
3517 4831 3665 4884 occi-

2019 4918 2101 4973 sis
2134 4924 2422 4991 quotquot
2448 4925 2679 4992 ceperat
2702 4920 3046 4988 Patzinacis,
3069 4919 3182 4975 nisi
3215 4936 3361 4991 quos
3382 4918 3667 4984 vendidit,

2019 5008 2258 5062 domum
2308 5012 2397 5063 est
2444 5025 2727 5064 reversus.
2762 5009 3039 5063 Caeteram
3084 5026 3283 5063 eorum
3339 5007 3669 5063 multitudi-

2018 5110 2150 5150 nem
2205 5096 2486 5168 Bulgariae
2538 5098 2845 5168 praefectus
2897 5097 3144 5153 Basilius
3196 5096 3517 5153 Monachus
3568 5113 3670 5169 per

2018 5185 2367 5255 campestria
2397 5186 2669 5252 Sardicae,
2716 5185 2875 5242 Naisi
2908 5191 2961 5241 et
3012 5186 3309 5257 Eutzapeli
3342 5186 3662 5255 distribuit,

2017 5274 2292 5327 omnibus
2324 5274 2615 5345 ademptis
2647 5274 2849 5339 armis,
2885 5291 2956 5329 ne
3004 5274 3142 5347 quid
3178 5274 3366 5329 moliri
3401 5281 3660 5345 possent.

2017 5371 2319 5442 Tyrachus
2350 5375 2405 5425 et
2455 5387 2585 5426 cum
2633 5388 2698 5427 eo
2731 5380 2962 5426 centum
3015 5372 3407 5445 quadraginta
3453 5372 3560 5427 viri
3595 5374 3666 5428 ad

2015 5461 2424 5531 imperatorem
2471 5462 2707 5517 abducti
2741 5468 2919 5532 sunt;
2954 5468 3125 5537 atque
3174 5468 3244 5520 ab
3276 5464 3385 5520 hoc
3416 5465 3665 5536 benigne

2015 5552 2256 5621 accepti,
2314 5552 2587 5622 baptizati
2636 5552 3026 5625 maximisque
3076 5554 3401 5610 honoribus
3450 5554 3663 5623 affecti,

2014 5640 2196 5694 vitam
2232 5640 2308 5695 ibi
2333 5641 2660 5711 jucundam
2694 5648 2959 5714 egerunt.

269 5722 655 5802 ἀπημπόληκε,
704 5732 831 5795 τοὺς
886 5735 1089 5796 πάντας
1136 5734 1443 5814 ἀποσφάξας
1504 5732 1856 5805 ὑπενόστησεν
1942 5733 2145 5806 οἴκαδε,
2204 5736 2299 5798 τὰς
2386 5734 2444 5791 δὶ
2527 5742 2634 5792 τῶν
2716 5740 3060 5808 Πατζινάκων
3140 5738 3401 5817 μυριάδας
3486 5742 3513 5794 ὁ
3561 5748 3663 5809 τῆς
