3972 6146
267 424 384 486 319

1618 431 1936 494 GEORGII
1981 433 2322 494 CEDRENI

3559 439 3678 498 320

269 556 614 631 Βουλγαρίας
662 553 995 632 παραλαϐὼν
1055 559 1240 635 ἄρχων
1295 561 1573 623 Βασίλειος
1634 563 1662 615 6
1722 561 1977 636 Μοναχός
2033 561 2374 640 ἐγκαθιδρύει
2433 566 2531 619 ἀνά
2593 587 2649 620 τε
2723 567 2820 628 τὰς
2892 565 3147 628 πεδιάδας
3217 574 3315 635 τῆς
3383 563 3671 640 Σαρδικῆς.

265 649 366 714 τῆς
457 648 662 702 Ναϊσοῦ
738 647 827 701 καὶ

267 736 332 792 Ὁ
391 733 448 789 δὲ
501 737 686 811 Τυράχ
737 738 824 790 καὶ
882 737 972 791 σὺν
1029 737 1174 809 αὐτῷ
1243 737 1428 808 ἄνδρες
1481 741 1665 794 ἑκατὸν
1725 741 1814 794 καὶ
1899 741 2300 814 τεσσαράκοντα
2379 745 2596 818 ἄγονται
2666 745 2742 807 εἰς
2825 746 2914 799 τὸν

1981 831 2262 905 μεγίστοις

273 825 486 900 φρόνως
569 827 725 890 οὗτος

275 920 419 988 εἶχεν
432 959 443 971 .

805 825 1203 900 ἀποδεξάμενος
1289 831 1376 884 καὶ
1460 831 1719 904 βαπτίσας
1804 829 1892 884 καὶ

917 648 1266 717 Εύτζαπέλου
1345 647 1659 726 διασπείρας
1741 651 1942 712 πάντας
2005 653 2090 706 καὶ
2147 657 2252 706 πᾶν
2313 653 2485 708 ὅπλον
2545 654 2884 733 ἀφελόμενος
2939 655 3026 710 διὰ
3082 658 3141 710 τὸ
3199 652 3672 710 ἀνεπιϐούλευτον.

3009 743 3234 821 βασιλέα
3269 765 3280 776 ·

3031 834 3082 888 ἐν
3161 834 3468 895 εὐπαθείαις
3548 855 3671 888 κατ-

3344 745 3435 808 οὖς
3514 744 3672 822 φιλο-

2357 833 2656 907 ἀξιώμασιν
2755 835 2952 908 ἐπάρας

340 1043 412 1095 At
443 1059 571 1096 vero
605 1043 874 1099 sultanus
923 1045 993 1100 ob
1047 1045 1272 1100 irritam
1309 1045 1653 1118 legationem
1706 1045 1909 1111 iratus,

2097 1045 2158 1101 Ὁ
2218 1043 2274 1101 δὲ
2325 1046 2615 1110 σουλτάνος
2673 1049 2770 1118 τήν
2825 1053 2932 1103 τῶν
2963 1047 3125 1103 αὑτοῦ
3179 1042 3446 1122 πρέσϐεω·.
3505 1045 3674 1122 ἄπρα-

273 1131 587 1186 contractis
619 1147 648 1186 e
685 1132 912 1187 Perside
945 1139 1002 1188 et
1033 1133 1347 1206 Babylonia
1373 1135 1580 1206 copiis,
1615 1134 1826 1190 bellum
1861 1135 1919 1188 in

277 1221 555 1276 Romanos
601 1227 808 1276 movet.
851 1223 904 1276 ld
939 1241 1068 1277 cum
1106 1225 1304 1278 auditu
1343 1226 1698 1296 percepisset
1727 1225 1922 1279 Mono-

278 1311 544 1374 machus,
577 1327 710 1366 eum
746 1329 885 1366 suas
934 1313 1132 1385 cupias
1184 1332 1476 1386 Opponere
1529 1314 1680 1369 hosti
1716 1314 1923 1368 statuit

273 1403 398 1454 tum
432 1400 584 1457 588
619 1401 952 1471 quindecim
1000 1402 1184 1458 millia
1221 1404 1656 1458 Patzinacarum
1692 1409 1917 1470 armat;

274 1489 466 1560 iisque
496 1491 672 1544 duces
706 1496 957 1560 quatuor
976 1493 1046 1546 de
1077 1492 1401 1548 Patzinacis
1427 1493 1680 1565 Byzantii
1713 1494 1922 1562 degen-

279 1577 439 1632 tibus
499 1581 758 1648 praelicit,
811 1581 1204 1648 Sultzumum,
1254 1581 1500 1652 Selzten,
1553 1583 1831 1636 Caraman
1867 1587 1924 1636 et

275 1665 679 1735 Cataleimum,
715 1669 1078 1742 donatosqus
1121 1671 1276 1726 haud
1308 1671 1621 1744 vulgariter
1652 1675 1708 1726 et
1739 1671 1918 1725 armis

279 1755 684 1826 pulcherrimis
759 1767 994 1814 ornatos
1083 1759 1462 1832 Chrysopolin
1548 1759 1918 1824 transmittit,

275 1845 472 1899 addito
531 1847 632 1916 qui
679 1863 775 1902 eos
835 1848 890 1901 in
955 1848 1198 1904 lberiam
1253 1851 1491 1904 duceret
1542 1849 1918 1904 Constantino

279 1934 521 2005 patricio
553 1935 938 1990 Adrobalano.
987 1937 1128 1992 Mari
1161 1940 1400 2007 trajecto
1433 1938 1753 1993 Patzinacm
1783 1955 1916 1992 cum

273 2039 450 2091 equos
519 2025 998 2080 conscendissent
1061 2031 1118 2080 et
1181 2026 1292 2082 iter
1353 2026 1412 2081 in
1480 2026 1771 2082 Orientem
1828 2026 1916 2080 in-

273 2112 459 2180 gressi
512 2129 698 2184 usque
747 2115 816 2168 ad
867 2113 1198 2170 Melitenam
1249 2116 1669 2186 pervenissent,
1705 2115 1802 2170 ubi
1845 2116 1916 2170 ad

273 2199 590 2272 Damatryn
643 2203 1206 2274 apprOpinquavere,
1241 2205 1576 2260 subsistunt.
1607 2209 1662 2259 et
1693 2204 1916 2259 delibe-

275 2289 562 2344 rationem
626 2290 760 2361 (ipsi
819 2308 1218 2347 commentum
1288 2297 1516 2362 vocant)
1577 2293 1914 2348 instituunt.

2031 1153 2154 1186 κτον
2219 1135 2563 1211 ὑποστροφὴν
2621 1139 2698 1210 μή
2751 1138 2950 1214 φέρων,
2981 1138 3074 1200 τὰς
3125 1135 3177 1191 ἐν
3239 1133 3456 1212 Περσίδι
3502 1133 3674 1196 πάσας

2033 1218 2286 1295 δυνάμεις
2357 1225 2447 1278 καὶ
2517 1226 2612 1286 τὰς
2697 1221 3076 1289 Βαϐυλωνίους
3151 1226 3235 1302 ὑφ’
3291 1225 3347 1280 ἓν
3425 1224 3675 1298 ἀθροίσας

2033 1305 2290 1380 statin-av
2347 1319 2581 1368 ποιεῖται
2637 1315 2773 1370 κατὰ
2827 1315 3131 1388 Ῥωμαίων.
3190 1318 3358 1368 Τοῦτο
3425 1311 3482 1367 δὲ
3539 1333 3671 1388 προ-

2033 1403 2284 1470 σκηκοὼς
2344 1404 2371 1458 6
2423 1405 2759 1478 Μονομάχος
2821 1401 3042 1458 ἔσπευδε
3119 1403 3214 1475 μὲν
3273 1402 3362 1456 καὶ
3422 1399 3511 1456 διὰ
3563 1407 3671 1455 τῶν

2033 1490 2244 1544 οἰκείων
2308 1489 2586 1564 δυνάμεων
2647 1493 3056 1568 ἀντιπαράταξιν
3135 1499 3326 1560 στῆσαι
3378 1495 3456 1562 τῷ
3505 1489 3672 1544 πολε-

2035 1579 2166 1651 μίῳ,
2202 1579 2408 1635 ὥπλισε
2441 1578 2496 1635 δὲ
2534 1582 2622 1635 καὶ
2679 1581 2784 1636 ἀπὸ
2841 1587 2945 1636 τῶν
3011 1581 3353 1650 ΙΙατζινάκων
3417 1575 3673 1654 χιλιάδας

2035 1669 2112 1720 ιε’.
2175 1668 2268 1722 Καὶ
2328 1666 2605 1744 ἡγεμόνας
2651 1672 2911 1745 τέσσαρας
2963 1670 3069 1725 ἀπὸ
3123 1675 3232 1724 τῶν
3295 1669 3345 1724 ἐν
3395 1675 3670 1722 Κωνσταν-

2028 1755 2344 1813 τινουπόλει
2379 1762 2722 1828 Ηατζινάκων
2771 1759 2954 1822 αὐτοῖς
3006 1759 3318 1829 ἐπιστήσας,
3351 1759 3442 1813 τὸν
3497 1757 3674 1812 Σουλ-

2027 1852 2204 1918 τζοῦν,
2235 1849 2325 1902 τὸν
2385 1847 2571 1918 Σελτὲ,
2601 1851 2689 1904 τὸν
2751 1851 3009 1925 Καραμᾶν
3071 1850 3160 1904 καὶ
3218 1849 3307 1903 τὸν
3367 1845 3670 1918 Καταλεὶμ,

2031 1932 2226 2008 δώροις
2257 1957 2314 1990 τε
2349 1935 2857 2014 φιλοτιμησάμενος
2917 1939 2981 1992 ού
3043 1943 3280 2012 μικροῖς,
3311 1937 3402 1992 καἱ
3459 1937 3674 2010 ἅρματα

2028 2021 2296 2079 κάλλιστα
2354 2023 2478 2088 δοὺς
2533 2027 2622 2081 καὶ
2693 2025 2898 2088 ἵππους
2957 2025 3290 2100 διαπρεπεῖς,
3347 2031 3565 2101 περαιοῖ
3617 2024 3668 2078 ἐν

2028 2111 2428 2187 Χρυσουπόλει,
2465 2115 2588 2176 δοὺς
2640 2116 2828 2178 αὐτοῖς
2878 2113 3078 2190 ὁδηγὸν
3137 2116 3226 2170 τὸν
3284 2115 3477 2185 ἀπάξαι
3533 2112 3668 2188 μέλ-

2029 2199 2198 2256 λοντα
2269 2202 2492 2264 τούτους
2597 2203 2670 2265 εἷς
2746 2199 2984 2278 Ἰϐηρίαν
3083 2207 3482 2260 Κωνσταντῖνον
3578 2203 3668 2256 τὸν

2027 2290 2332 2366 πατρίκιον,
2365 2294 2445 2366 [Ρ.
2497 2294 2626 2366 779]
2682 2295 2727 2366 ᾧ
2786 2288 3186 2368 Ἀδροϐάλανος
3239 2293 3304 2348 τὸ
3363 2292 3672 2364 ἐπώνυμον.

275 2381 451 2432 Erant
483 2378 578 2448 qui
614 2379 1042 2450 procedendum
1089 2385 1362 2452 putarent
1389 2399 1580 2453 neque
1625 2383 1916 2437 mandatis

2033 2381 2423 2454 Ιίεραιωθέντες
2479 2378 2538 2435 δὶ
2605 2382 2754 2436 οὗτοι
2811 2381 2902 2436 καὶ
2949 2381 3076 2444 τοὺς
3129 2380 3333 2442 ’ίππους
3391 2375 3676 2442 ἀναϐάντες

279 2466 650 2537 imperatoris
675 2467 731 2521 in
759 2469 946 2538 ipsius
972 2469 1186 2526 ditions
1212 2473 1680 2542 repugnandum,
1709 2489 1841 2526 cum
1864 2477 1921 2525 et

276 2555 464 2611 avulsi
497 2574 528 2610 a
559 2559 686 2612 suis
723 2567 944 2622 essent,
978 2577 1166 2630 neque
1217 2559 1321 2616 soli
1359 2561 1753 2616 Romanorum
1789 2578 1919 2632 pos-

276 2651 408 2699 sent
451 2645 716 2702 resistere
765 2649 1007 2712 viribus,
1055 2666 1242 2719 neque
1292 2649 1574 2704 haberent
1618 2667 1808 2704 arcem
1859 2650 1918 2704 in

276 2751 454 2802 quam
487 2751 569 2800 se,
603 2736 648 2790 si
683 2735 821 2804 quid
854 2743 1062 2807 praeter
1101 2737 1434 2792 institutum
1469 2739 1614 2794 forte
1642 2739 1917 2805 eveniret,

277 2823 620 2892 reciperent.
643 2823 787 2878 Aliis
817 2825 1126 2880 videbatur
1146 2827 1517 2898 occupandos
1539 2843 1670 2882 esse
1693 2827 1920 2898 aliquos

279 2910 562 2982 Bithyniae
609 2919 838 2968 montes
887 2913 942 2968 in
977 2915 1166 2985 iisque
1216 2917 1594 2982 manendum,
1627 2919 1751 2972 etsi
1787 2916 1920 2987 quis

277 2999 625 3066 adoriretur,
679 3001 1108 3058 defendendum
1141 3019 1154 3058 :
1185 3021 1298 3058 non
1351 3009 1543 3060 autem
1577 3005 1919 3062 intrandum

278 3087 333 3142 in
390 3088 660 3156 Iheriam,
714 3091 1009 3162 regionem
1071 3097 1353 3148 remotam
1417 3099 1594 3164 atque
1653 3093 1918 3158 alienam,

276 3181 452 3246 atque
483 3176 580 3232 ubi
614 3195 726 3232 non
763 3179 955 3234 hostes
983 3181 1154 3236 modo
1186 3181 1603 3252 Romanorum,
1637 3184 1734 3237 sed
1762 3183 1920 3254 ipsos

276 3264 446 3320 etiam
515 3267 806 3322 Romanos
875 3268 1072 3323 hostes
1140 3276 1338 3325 essent
1402 3271 1682 3326 habituri.
1746 3272 1918 3328 Solus

271 3353 588 3410 Catalimus
606 3357 793 3411 suasit
815 3359 1218 3412 revertendum
1245 3375 1368 3414 esse
1411 3365 1548 3414 etse
1579 3377 1708 3414 cum
1737 3377 1918 3431 popu-

273 3442 494 3498 laribus
552 3446 1049 3518 conjungendum.
1099 3447 1169 3501 Et
1225 3449 1479 3519 quodam
1541 3453 1919 3520 percontante

273 3549 528 3602 quanam
561 3537 784 3590 ratione
831 3552 988 3590 mare
1037 3536 1274 3590 transiri
1327 3543 1541 3608 posset,
1573 3539 1716 3592 nihil
1759 3537 1917 3592 aliud

273 3621 420 3674 dixit
449 3639 622 3692 quam
650 3623 798 3691 quod
826 3625 1074 3693 sejussit
1099 3625 1285 3696 sequi.
1313 3627 1460 3698 Ergo
1481 3627 1914 3682 Adrobalanum

271 3708 424 3765 589
449 3709 775 3765 interficere
799 3713 1016 3767 frustra
1035 3715 1226 3768 conati
1249 3715 1469 3786 (effugit
1489 3715 1642 3769 enim
1661 3717 1716 3770 in
1737 3717 1918 3786 quod-

2029 2467 2118 2522 καὶ
2177 2473 2275 2533 τῆς
2353 2471 2486 2542 πρὸς
2530 2467 2833 2538 Ἀνατολήν
2921 2471 3190 2544 φερούσης
3267 2469 3533 2543 ἁψάμενοι
3587 2471 3678 2524 καὶ

2029 2557 2390 2632 προελθόντες
2443 2560 2574 2634 ἁχρι
2633 2559 2832 2632 μιλίων
2881 2563 3040 2612 τινῶν
3109 2560 3198 2613 καὶ
3263 2563 3340 2630 τῷ
3397 2556 3678 2634 λεγομένῳ

2032 2648 2310 2722 Δαματρύϊ
2376 2648 2826 2722 προσεγγίσαντες
2887 2647 3117 2723 ἐπέσχον
3176 2649 3274 2716 τὴν
3315 2647 3556 2721 πορείαν,
3589 2647 3678 2700 καὶ

2031 2735 2243 2796 στάντες
2302 2735 2386 2790 ἐπὶ
2445 2741 2543 2802 τῆς
2600 2733 2728 2791 ὁδοῦ
2789 2732 3111 2808 συμϐουλὴν
3149 2735 3522 2810 προετίθεσαδ,
3555 2734 3680 2804 ἥτις

2028 2825 2154 2898 παρ’
2211 2823 2389 2886 αὐτοῖς
2461 2825 2724 2898 κομέντον
2795 2823 3127 2898 ὠνόμασται.
3189 2827 3307 2880 Τισὶ

2030 2911 2204 2967 ἐδόκει
2263 2913 2525 2988 πορευτέα
2583 2913 2715 2968 εἶναι
2781 2913 2870 2967 καὶ
2930 2915 3006 2985 μὴ
3066 2909 3385 2968 ἀντιϐαίνειν
3445 2911 3532 2967 ἐπὶ
3575 2919 3678 2980 τῆς

2030 3002 2218 3077 χώρας
2275 3007 2371 3056 τοῦ
2435 3000 2704 3077 βασιλέως
2759 3005 2877 3065 τοῖς
2941 3003 3249 3076 βασιλικοῖς
3275 3002 3674 3077 προστάγμασι,

2027 3095 2123 3144 τοῦ
2173 3111 2232 3145 τε
2287 3089 2484 3146 λοιποῦ
2537 3089 2721 3154 ἔθνους
2761 3091 3189 3164 κεχωρισμένοις
3219 3091 3308 3144 καὶ
3363 3093 3502 3162 μήτε
3557 3093 3678 3152 καθ’

2029 3179 2250 3242 ἑαυτοὺς
2359 3181 2652 3248 ὑποστῆναι
2757 3179 3077 3250 δυναμένοις
3171 3181 3270 3247 τήν
3355 3179 3676 3252 Ῥωμαϊκήν

2030 3265 2258 3340 δύναμιν
2289 3271 2425 3340 μήτε
2457 3269 2797 3344 ὁρμητήριον
2827 3262 3013 3343 ἔχουσι
3047 3269 3182 3342 πρὸς
3236 3267 3303 3321 τὰ
3349 3273 3448 3335 τῆς
3497 3267 3676 3341 τύχῃς

2029 3353 2310 3427 ἀϐούλητα
2345 3376 2356 3389 ·
2417 3355 2612 3418 ἄλλοις
2667 3357 2829 3411 πάλιν
2895 3353 3090 3424 ἐδόκει,
3135 3359 3498 3431 κατασχοῦσιν
3569 3351 3673 3430 ὅρη

2027 3446 2148 3500 τινὰ
2189 3453 2289 3515 τῆς
2353 3445 2622 3514 Βιθυνίας,
2657 3444 2708 3500 ἐν
2767 3445 2980 3506 τούτοις
3022 3447 3347 3520 παραμένειν
3405 3447 3492 3499 καὶ
3547 3443 3677 3506 τοὺς

3401 2825 3493 2897 μὶν
3584 2823 3678 2878 οὖν

2757 3175 3077 3250 δυναμένοις
3171 3181 3270 3247 τήν

2029 3533 2282 3597 ἐπιόντας
2363 3535 2716 3607 ἀμύνασθαι,
2779 3534 3020 3590 ἀνελθεῖν
3103 3531 3159 3588 δὲ
3247 3532 3518 3606 μηδαμῶς
3603 3534 3680 3595 εἷς

2027 3620 2288 3697 Ἰϐηρίαν,
2344 3623 2396 3686 ἰς
2483 3625 2670 3700 χώραν
2733 3623 2938 3698 μακρὰν
3017 3623 3106 3677 καὶ
3165 3621 3494 3692 ἀλλόκοτον,
3559 3619 3680 3677 ἔνθα

2031 3712 2326 3787 μέλλουσιν
2361 3711 2493 3783 ἕξειν
2555 3712 2859 3786 πολεμίους
2920 3711 2982 3766 ού
3042 3711 3206 3786 μόνον
3260 3713 3387 3774 τοὺς
3445 3711 3677 3788 ἐχθροὺς

274 3800 408 3852 dam
433 3800 587 3869 apud
622 3800 931 3873 Damatryn
953 3778 1302 3873 palatiorum
1327 3778 1605 3860 solarium
1625 3778 1816 3860 tribus
1841 3805 1915 3860 fa-

2033 3803 2332 3876 ¹Ρωμαίων,
2389 3801 2534 3858 ἀλλᾶ
2607 3803 2696 3857 καὶ
2777 3800 2972 3862 αὐτοὺς
3046 3801 3177 3855 τοὺς
3231 3802 3557 3874 Ῥωμαίους.
3617 3803 3678 3854 ’()

275 3887 466 3958 stigiis
499 3889 738 3959 tectum)
769 3889 1118 3946 Catalimum
1153 3899 1484 3964 sequuntur
1505 3895 1571 3948 ad
1600 3910 1780 3964 mare,
1806 3911 1918 3949 non

274 3977 510 4046 quidem
546 3983 849 4048 sperantes
879 3997 1012 4034 eum
1049 3981 1278 4053 navigia
1309 3983 1521 4038 habere
1557 3988 1758 4054 parata
1788 3984 1920 4054 qui-

279 4065 388 4120 bus
451 4081 607 4120 mare
651 4067 1008 4138 trajicerent,
1058 4070 1158 4124 sed
1213 4070 1550 4126 haesitantes
1608 4089 1673 4125 ac
1727 4073 1922 4128 videre

277 4153 578 4224 cupientes
624 4172 892 4226 quanam
943 4163 1098 4212 esset
1147 4159 1342 4214 futura
1389 4160 1718 4232 trajiciendi
1753 4161 1919 4216 ratio.

275 4240 349 4296 Ut
379 4242 448 4295 ad
476 4240 644 4298 littus
665 4249 902 4300 ventum
924 4245 1360 4312 est,Catalimus
1379 4248 1487 4304 hoc
1517 4266 1699 4304 unum
1729 4251 1881 4304 fatus
1907 4268 1921 4306 :

281 4353 308 4380 ιι
342 4331 448 4394 Qui
481 4349 541 4386 se
572 4331 768 4402 ipsum
818 4339 876 4388 et
920 4336 1216 4392 universos
1266 4338 1602 4394 Patzinacas
1643 4339 1768 4394 vult
1795 4354 1924 4394 esse

281 4419 912 4493 salvos,mesequatur,
937 4447 963 4472 ››
988 4441 1135 4495 equo
1157 4425 1483 4482 calcaribus
1508 4428 1748 4482 incitato
1771 4443 1927 4484 mare

281 4515 370 4566 est
403 4511 726 4582 ingressus.
758 4513 916 4577 Quod
950 4513 1100 4568 alius
1149 4533 1503 4587 rursumque
1547 4516 1697 4572 alius
1727 4517 1924 4572 imita-

287 4605 402 4666 tus,
435 4605 492 4654 et
523 4602 758 4656 tandem
791 4601 984 4657 omnis
1015 4603 1452 4660 Patzinacarum
1486 4605 1805 4661 multitudo
1837 4623 1924 4662 se-

285 4693 420 4744 cuta
449 4693 558 4756 est,
593 4691 832 4760 quidam
867 4696 930 4745 ut
959 4697 1125 4746 erant
1167 4693 1396 4760 armati,
1431 4694 1528 4748 alii
1561 4695 1804 4763 abjectis
1835 4711 1925 4750 ar-

286 4778 415 4833 mis.
449 4781 598 4833 Mare
645 4795 781 4850 ergo
811 4783 1068 4848 tranant,
1101 4786 1158 4836 et
1201 4781 1268 4836 ad
1304 4782 1578 4838 Sanctum
1620 4783 1926 4840 Tarasium

285 4868 340 4922 in
375 4868 708 4938 oppositum
745 4867 886 4924 litus
935 4869 1208 4936 evadunt,
1251 4875 1308 4924 et
1353 4870 1585 4942 magnis
1619 4872 1928 4928 itineribus

284 4957 352 5012 ad
386 4975 524 5012 suos
558 4957 709 5027 apud
743 4959 1097 5013 Triaditzam
1149 4959 1514 5029 perveniunt,
1551 4961 1780 5016 nemine
1825 4961 1927 5016 ob-

283 5050 436 5098 stare
468 5050 566 5098 aut
588 5062 685 5100 eos
714 5045 1017 5116 prohibere
1041 5063 1204 5112 auso,
1227 5063 1358 5102 cum
1385 5049 1618 5104 subitus
1639 5051 1928 5107 adventus

2032 3890 2313 3964 Καταλεὶμ
2359 3889 2417 3945 δὶ
2477 3891 2640 3964 μόνος
2696 3891 2920 3964 γνώμην
2967 3887 3144 3944 ἐδίδοο
3206 3891 3537 3964 ὑποστρέψαι
3585 3891 3676 3944 καὶ

2031 3983 2299 4050 ὲνωθῆναι
2383 3985 2502 4042 τοῖς
2589 3977 2913 4056 συγγενέσιν.
2995 3979 3253 4041 Εἰπόντος
3343 3977 3398 4034 δέ
3480 4001 3626 4040 τινος
3663 3998 3674 4010 ·

2034 4069 2194 4124 «Καὶ
2241 4073 2360 4132 πῶς
2413 4067 2475 4123 ἂν
2529 4064 2703 4123 ἔσεται
2760 4070 2966 4142 περατὴ
3025 4071 3060 4138 ἡ
3111 4065 3390 4136 Θάλασσα;
3427 4093 3453 4120 ››
3507 4067 3678 4142 μηδὲν

2031 4160 2205 4214 πλέον
2266 4158 2430 4212 εἰπὼν
2501 4154 2722 4221 ἕπεσθαί
2808 4157 2859 4211 οἱ
2936 4154 3170 4213 κελεύει.
3229 4157 3332 4214 Τὸν
3407 4158 3500 4229 μὶν
3587 4156 3680 4210 οῦν

2032 4243 2438 4322 Ἀδροϐάλανον
2499 4247 2838 4322 ὁρμήσαντες
2897 4245 3220 4300 ἀποκτεῖοαι
3277 4246 3380 4300 οὐκ
3451 4247 3682 4321 ἱσχυσαν

2035 4337 2242 4413 (φυγὼν
2273 4337 2373 4412 γάρ
2403 4333 2636 4404 διεσώθη
2669 4329 2720 4388 ἕν
2778 4355 2884 4388 τινι
2941 4334 3235 4410 τριωρόφῳ
3289 4335 3518 4408 ὑπερῴῳ
3573 4339 3684 4388 τῶν

2035 4421 2086 4478 ἐν
2141 4425 2220 4496 τῷ
2279 4423 2560 4499 Δαματρύϊ
2605 4420 2926 4494 παλατίων),
2975 4426 3055 4492 τῷ
3120 4420 3402 4494 Καταλεὶμ
3448 4420 3506 4476 δὲ
3553 4421 3681 4477 ἐπό-

2039 4535 2190 4586 μενοι
2249 4515 2594 4588 κατήρχοντο
2639 4511 2772 4586 πρὸς
2827 4511 2925 4578 τὴν
3009 4509 3300 4580 θάλασσαν,
3344 4511 3442 4566 οὑκ
3525 4509 3682 4566 ἐλπί-

2039 4607 2218 4670 ζοντες
2273 4603 2419 4676 τάχα
2474 4598 2646 4655 πλοῖα
2703 4595 2846 4674 ἔχειν
2927 4597 3086 4653 αὐτὸν
3160 4598 3562 4673 ηὐτρεπισμένα
3615 4603 3684 4655 τά

2039 4687 2224 4766 ῥᾳδίαν
2255 4689 2471 4751 τούτοις
2507 4687 2782 4762 μέλλοντα
2813 4689 3041 4756 ποιῆσαι
3095 4688 3194 4754 τὴν
3252 4695 3353 4756 τῆς
3407 4686 3682 4759 θαλάσσης

2036 4779 2351 4854 περαίωσιν,
2385 4777 2530 4833 ἀλλὰ
2573 4775 2956 4851 διαποροῦντες
3011 4775 3100 4830 καὶ
3162 4783 3350 4848 μαθεῖν
3409 4775 3681 4839 ἐθέλοντες

2035 4868 2118 4932 τίς
2147 4871 2175 4923 6
2205 4869 2407 4940 τρόπος
2435 4873 2534 4936 τῆς
2563 4861 2878 4926 διαϐάσεως.
2915 4865 3063 4919 Ἐπεὶ
3099 4861 3156 4920 δὲ
3205 4864 3254 4919 ἐν
3303 4870 3382 4938 τῷ
3441 4865 3682 4941 αἲγιαλῷ

2037 4956 2304 5032 ἐγένοντο,
2372 4953 2538 5030 μηδὲν
2597 4953 2764 5010 πλέον
2821 4953 2987 5007 εἰπὼν
3045 4954 3072 5007 ὁ
3133 4953 3416 5028 Καταλεὶμ
3469 4953 3598 5010 ἀλλ’
3645 4953 3678 5024 ἣ

2042 5046 2229 5119 μόνον,
2267 5067 2294 5098 ‹‹
2325 5043 2568 5108 Ἑπέσθω
2623 5045 2650 5098 6
2703 5041 3035 5118 βουλόμενος
3092 5042 3254 5096 αὐτόν
3301 5065 3360 5097 τε
3415 5049 3679 5118 περιεῖναι

287 5133 426 5202 ipsis
461 5133 770 5188 transitum
803 5135 1118 5205 expediret.
1164 5137 1468 5206 (Tonjuncti
1503 5155 1633 5191 cum
1667 5138 1920 5195 Patzina-

2035 5135 2124 5190 καὶ
2182 5134 2379 5197 πάντας
2420 5131 2545 5194 τοὺς
2579 5131 2929 5201 Πατζινάκας.
2967 5153 2990 5184 ν
3023 5131 3116 5185 τὸν
3171 5129 3341 5185 ’ίππον
3403 5133 3682 5204 μυωπίσας

285 5223 369 5276 cis
403 5224 500 5294 qui
537 5225 687 5296 apud
719 5223 1066 5280 Triaditzam
1102 5229 1374 5296 agebant,
1403 5243 1501 5282 eos
1533 5245 1796 5300 quosque
1827 5231 1927 5301 qui

285 5313 416 5368 aliis
447 5313 502 5368 in
539 5313 878 5384 regionibus
898 5316 1277 5369 morabantur
1293 5315 1579 5370 sollieant.
1609 5317 1924 5388 Postquam

285 5403 538 5458 universi
571 5402 626 5456 in
661 5419 843 5457 unum
878 5407 1014 5457 sunt
1037 5401 1280 5468 collecti,
1307 5405 1588 5477 correptis
1621 5408 1926 5464 securibus

286 5492 580 5546 ruralibus
615 5491 977 5562 falcibusque
1006 5497 1062 5547 et
1109 5491 1242 5548 aliis
1291 5495 1658 5551 ferramentis
1688 5497 1925 5553 rusticis

285 5598 346 5634 se
399 5585 650 5646 armant,
699 5579 1244 5653 Pbilippopolinque
1295 5585 1530 5654 profecti
1581 5589 1634 5638 et
1691 5587 1922 5640 Emum

285 5670 636 5742 transgressi
667 5671 734 5724 ad
772 5670 988 5725 ﬂumen
1012 5673 1253 5726 Osmum
1285 5673 1340 5726 in
1374 5674 1596 5744 campis
1621 5675 1764 5729 Istro
1793 5691 1924 5746 pro-

281 5760 520 5832 pinquis
571 5763 765 5815 castra
809 5763 1036 5830 ponunt
1075 5775 1089 5816 :
1135 5759 1298 5818 solus
1347 5760 1536 5818 Seltes
1583 5761 1644 5819 in
1697 5763 1925 5820 Lobitzo

221 6007 288 6026 ..-

2039 5222 2257 5278 εἷ’σιισιν
2314 5221 2391 5286 εἰς
2440 5224 2539 5292 τὴν
2597 5219 2888 5284 θάλασσαν.
2943 5221 3121 5276 Τοῦτο
3181 5220 3269 5274 καὶ
3327 5219 3498 5285 ἄλλος
3554 5219 3682 5276 ἰδὼν

2037 5313 2281 5382 ἰποίησι,
2313 5311 2402 5366 καὶ
2433 5310 2516 5366 ἐπ’
2563 5309 2752 5382 ἐκείνῳ
2783 5307 2975 5373 ἄλλος,
3005 5309 3096 5362 καὶ
3149 5307 3303 5371 εὐθὺς
3351 5310 3413 5363 τὸ
3471 5309 3684 5378 πλῆθος

2037 5403 2172 5456 ἅπαν
2209 5421 2220 5432 ·
2303 5401 2392 5456 καὶ
2479 5397 2858 5472 διανηξάμενοι
2931 5402 3282 5472 περαιοῦνται
3383 5399 3518 5453 κατὰ
3593 5401 3682 5453 τὸν

2033 5493 2228 5564 υΑγιον
2298 5488 2568 5566 Ταράσον,
2627 5488 2678 5542 οῖ
2765 5486 2860 5560 μὲν
2938 5485 3124 5549 αὐτοῖς
3211 5487 3469 5561 ἅρμασιν,
3529 5487 3580 5542 οἱ
3629 5485 3686 5542 δὲ

2033 5577 2296 5653 πρότερον
2369 5577 2436 5632 τά
2510 5577 2724 5651 ἅρματα
2789 5573 3204 5650 ἀπορρίψαντες.
3271 5577 3367 5630 Καὶ
3447 5597 3680 5650 περαιω-

2035 5667 2206 5729 θέντες
2300 5667 2390 5722 καὶ
2487 5669 2585 5736 τήν
2689 5665 2909 5740 πορείαν
3003 5661 3357 5728 ἐπιτείναντες
3458 5663 3676 5742 ἴσχυσαν

2037 5755 2371 5830 διασωθῆναι
2401 5757 2536 5834 πρὸς
2559 5754 2686 5820 τοὺς
2716 5753 2948 5818 οἰκείους
3003 5753 3142 5810 κατᾶ
3185 5754 3286 5826 τὴν
3339 5753 3674 5832 Τριαδίτζαν,
