3972 6146
184 299 269 358 321

1281 282 1829 347 HISTORIARUM
1875 282 2423 343 COMPENDIUM.

3439 284 3555 343 322

192 424 376 501 μηδενὸς
433 424 748 491 ἀντιστῆναι
812 419 851 489 ἢ
907 416 1153 474 κωλῦσαι
1224 413 1611 489 τολμήσαντος
1643 431 1655 445 ’
1730 412 1795 501 τὸ

1946 412 2277 467 ubstiterat.
2337 412 2492 469 590
2548 412 2781 467 Interim
2841 412 3105 469 Arianita
3168 414 3556 471 Macedonicis

188 499 259 592 γὶρ
306 508 565 590 αιφνίδιον
609 515 710 577 τῆς
738 505 937 586 ἑφόδου
970 503 1197 561 εὔκολον
1228 503 1411 566 αὐτοῖς
1445 503 1545 592 τῂν
1578 499 1800 575 πορείαν

189 588 457 678 ιῖργάσατο.
521 598 839 658 Ἐνωθέντες
895 596 987 650 οὗν
1046 600 1166 657 τοῖς
1219 592 1270 648 ἐν
1328 588 1627 665 Τριαδίτζῃ
1685 592 1798 663 (39)

194 691 502 761 Πιτζινάκοις
615 683 1102 760 διακηρυκεύονται
1187 682 1274 737 καὶ
1346 681 1482 756 πρὸς
1547 678 1675 742 τοὺς
1746 678 1799 733 ἐν

1910 502 2264 557 exercitibus
2295 501 2736 565 contractis,eos
2768 520 2800 557 a
2825 508 2986 575 tergo
3019 504 3371 576 insequitur,
3394 521 3558 561 cum-

1913 607 2025 662 que
2057 588 2243 664 Seltes
2273 590 2501 644 Lobitzo
2552 591 2898 663 aufugisset,
2929 593 3138 649 castris
3181 594 3308 664 ejus
3340 594 3561 665 potitus

1915 680 2155 734 domum
2191 679 2517 733 revertitur.

188 789 279 843 ταῖς
342 777 536 838 ἄλλαις
609 775 831 850 χώραις
907 770 1354 846 καθιδρυμένους.
1433 767 1719 840 Γενόμενοι
1785 765 1876 821 οὖν
1955 767 2006 819 o't
2080 765 2273 828 πάντες
2345 762 2615 841 ἄθροισμα
2683 763 2761 835 ἓν,
2820 767 2911 821 καὶ
2964 768 3074 822 ἀνθ’
3133 764 3320 823 ὅπλων
3376 768 3555 839 ἀξίνας

191 868 450 947 γεωεγικὶς
544 865 635 919 καὶ
707 861 945 939 δρέπανα
1019 862 1107 916 καὶ
1179 858 1326 916 ἄλλα
1399 856 1623 932 σιδήρια
1693 850 2066 928 λαμϐάνοντες
2146 855 2250 909 ὰπὸ
2316 859 2423 909 τῶν
2516 855 2697 929 ἀγρῶν
2790 855 3266 925 καθοπλίζονται,

3336 858 3424 913 καὶ
3508 859 3561 913 έν

200 940 605 1013 ᾧιλιέτπωπόλει
679 950 966 1025 γενόμενοι
1044 949 1135 1005 καὶ
1204 949 1297 1003 τὸν
1375 947 1552 1020 Αἷμον
1614 940 1895 1007 διαϐάντες
1937 945 1999 998 τὸ
2052 944 2145 1015 μὲν
2206 942 2418 1011 πλῆθος
2474 944 2608 997 ἅπαν
2670 944 2793 1019 περί
2845 946 2934 1000 τὸν
2997 946 3289 1021 λεγόμενον
3348 948 3557 1020 Ὂσμον

203 1046 402 1118 ποταμὸν
453 1045 858 1111 κατεσκήνωσεν
919 1039 971 1095 έν
1028 1042 1097 1113 τῇ
1158 1037 1466 1113 παριστρίῳ
1523 1031 1759 1101 πεδιάδι,
1819 1034 1984 1106 μόνος
2037 1030 2092 1086 δὲ
2141 1033 2168 1087 ὁ
2237 1033 2404 1089 Σελτὲ
2462 1034 2513 1090 ἐν
2572 1039 2651 1107 τῷ
2718 1029 2966 1106 Λοϐιτζῷ
3039 1036 3372 1109 προσμείνας
3422 1033 3565 1091 διαν-

210 1134 409 1190 επιύετο.
477 1133 556 1206 ]Ρ·
624 1133 753 1205 780]
825 1131 982 1200 Ἀρτι
1065 1125 1122 1181 δὲ
1180 1124 1270 1181 καὶ
1324 1125 1421 1186 τὰς
1483 1120 1855 1184 Μακεδονικὰς
1916 1122 2175 1197 ἀθροίσας
2242 1119 2498 1196 δυνάμεις
2558 1126 2585 1178 ὁ
2620 1124 2926 1199 Ἀριανίτης
2974 1122 3298 1179 καταδιώκει
3345 1122 3559 1179 ὄπισθεν

209 1224 362 1278 αὐτῶν.
392 1220 490 1274 Καὶ
514 1212 840 1274 καταλαϐὼν
874 1216 926 1272 ἐν
959 1221 1037 1288 τῷ
1067 1209 1316 1286 Λοϐιτζῷ
1344 1213 1435 1267 τὸν
1472 1210 1641 1267 Σελτὶ
1668 1211 2173 1282 κατεσκηνωμένον.
2206 1215 2395 1266 τοῦτον
2431 1213 2525 1285 μὶν
2556 1215 2819 1288 κρατῆσαι
2849 1211 2947 1266 οὐκ
2976 1209 3191 1287 ἴσχυσεν
3218 1209 3434 1291 (ἔφθασε
3462 1213 3565 1288 γὰρ

205 1308 425 1384 διαδρὰς),
457 1309 558 1377 τὴν
593 1305 650 1362 8t
696 1312 868 1361 πᾶσαν
920 1304 1084 1359 αὐτοῦ
1129 1299 1544 1371 στρατοπεδείαν
1592 1299 1881 1375 κατασχὼν
1933 1299 2241 1372 ἐπέστρεψε,
2285 1300 2389 1355 Καὶ
2415 1302 2481 1355 τὰ
2514 1302 2607 1374 μὲν
2639 1309 2738 1371 τῆς
2775 1301 3037 1378 Ἑσπέρας
3073 1306 3264 1357 τοῦτον
3293 1298 3425 1378 ἴσχε
3466 1303 3558 1357 τὸν

200 1419 247 1471 τις
255 1399 380 1455 iam.

251 1506 300 1561 Ὁ
348 1503 397 1558 δὶ
455 1500 784 1569 σουλτάνος,
834 1501 911 1562 ὡς
959 1497 1205 1570 εἴπομεν,
1268 1497 1655 1574 βαρυθυμήσας
1720 1494 1811 1550 διὰ

196 1595 271 1661 τήν
315 1597 411 1647 τῶν
466 1591 633 1646 αὐτοῦ
690 1587 1089 1667 καταφρόνησιν
1143 1581 1421 1662 πρέσϐεων
1448 1585 1538 1639 καὶ
1568 1586 1667 1653 τὴν
1699 1588 1808 1639 τῶν

203 1682 482 1755 θελημάτων
542 1679 826 1754 ἀστοχίαν,
888 1677 1020 1753 ἄρας
1075 1676 1210 1749 μετᾶ
1266 1674 1442 1745 πάσης
1499 1673 1665 1728 αὐτοῦ
1711 1680 1810 1743 τῆς

206 1768 435 1842 δυνάμεως
489 1766 648 1839 ἔξεισι
699 1768 837 1821 κατᾶ
882 1772 982 1834 τῆς
1045 1763 1296 1834 ὑπηκόου
1347 1761 1665 1835 Ῥωμαίοιςο
1720 1761 1810 1815 καὶ

198 1859 425 1914 κατελθὼν
492 1855 623 1932 ἄχρι
687 1860 784 1910 τοῦ
842 1853 1143 1931 λεγομένου
1199 1855 1446 1925 Κωμιοῖ),
1491 1851 1578 1905 καὶ
1640 1847 1808 1922 μηδὲν

1997 1502 2141 1551 Dum
2192 1496 2313 1552 haec
2361 1497 2419 1552 in
2471 1497 2784 1553 Occidente
2832 1503 3137 1571 geruntur,
3170 1499 3443 1556 sultanus
3492 1501 3565 1555 ob

1920 1590 2290 1658 contemptos
2339 1604 2479 1642 suos
2523 1588 2744 1658 legatos
2777 1595 2833 1642 et
2862 1588 3242 1644 consiliorum
3292 1590 3569 1646 adversos

1920 1680 2165 1730 eventus
2216 1677 2469 1731 fremens
2500 1692 2632 1730 cum
2684 1676 2961 1732 omnibus
2993 1677 3115 1733 suis
3151 1679 3336 1750 copiis
3366 1678 3422 1734 in
3455 1684 3569 1735 Ro-

1923 1780 2157 1818 manam
2206 1764 2488 1819 ditionem
2540 1766 2740 1820 intrat.
2774 1765 2917 1821 Cum
2953 1783 3085 1822 vero
3133 1784 3320 1839 usque
3359 1770 3429 1824 ad
3461 1770 3566 1825 Co-

1923 1854 2107 1907 mium
2144 1854 2526 1925 pervenisset,
2560 1854 2822 1925 nihilque
2855 1856 3228 1913 memorabile
3266 1874 3437 1929 agere
3469 1873 3570 1929 po-

200 1950 282 2003 ίίτι
307 1948 387 2002 καὶ
415 1946 597 2022 λόγου
629 1944 774 2016 ἄξιον
824 1941 1211 2017 διαπράξασθαι
1262 1938 1509 2011 δυνηθεὶς
1560 1935 1809 2013 (ἔφθασαν

1942 1941 2327 2013 ,uisset,quod
2356 1940 2557 1997 incolae
2590 1959 2651 1997 se
2682 1948 2737 1998 et
2768 1960 2860 1998 res
2892 1948 3255 2002 necessarias
3287 1946 3569 2017 castellis,

198 2038 277 2113 γὰρ
303 2038 348 2092 οἱ
384 2044 486 2106 τῆς
537 2035 723 2110 χώρας
780 2029 1285 2107 προασφαλίσασθαι
1339 2026 1559 2089 ἑαυτούς
1604 2048 1664 2082 τε
1719 2026 1807 2081 καὶ

196 2126 247 2180 τὶ
282 2126 450 2187 αὐτοῖς
516 2121 906 2198 ἀναγκαιότατα
958 2119 1010 2174 ἐν
1064 2125 1183 2181 τοῖς
1238 2117 1538 2197 φρουρίοις·
1567 2117 1720 2193 γέμει
1755 2113 1812 2170 δὶ

195 2219 221 2284 ἡ
268 2209 467 2289 Ἰϐηρία
521 2211 793 2290 φρουρίων
841 2208 1298 2283 ἐρυμνοτάτων),
1367 2204 1697 2281 προσωτέρω
1756 2201 1814 2259 δὲ

192 2298 426 2377 προϐῆναι
490 2302 572 2375 μή
632 2299 902 2376 θαρρήσας
959 2301 1038 2369 τῷ
1091 2297 1349 2350 πυθέσθαι
1380 2295 1475 2358 τὰς
1509 2294 1815 2366 Ῥωμαϊκὰς

193 2392 234 2446 ἐν
283 2391 568 2465 Καισαρείᾳ
622 2386 877 2460 δυνάμεις
934 2384 1311 2460 ἀθροίζεσθαι,
1375 2380 1673 2458 ὑπέστρεψε
1736 2385 1814 2452 τῷ

161 2483 329 2554 ⁶θυμῷ
381 2477 734 2555 φλεγμαίνων
809 2476 899 2529 καὶ
961 2475 1095 2550 μέγα
1151 2494 1202 2527 τι
1265 2472 1440 2541 ζητῶν
1495 2471 1815 2545 κατεργάζε-

193 2579 313 2631 σθαι.
390 2566 687 2639 Γενόμενος
763 2561 820 2618 δὲ
902 2563 1038 2617 κατὰ
1114 2561 1176 2615 τὸ
1258 2560 1643 2635 Βαασπρακᾶν,
1727 2556 1817 2612 καὶ

194 2654 572 2729 παραπλησίως
623 2652 780 2708 κάκεῖ
831 2651 899 2705 τὰ
950 2649 1120 2704 πάντα
1174 2649 1409 2723 τειχήρη
1441 2647 1661 2721 ,εὑρὼν,
1721 2643 1788 2700 έπ

195 2739 335 2798 ἔϐαλε
380 2749 493 2804 ταῖς
559 2740 931 2817 πολιορκίαις,
982 2738 1071 2792 καὶ
1130 2736 1526 2812 ἀπεπειράσατο
1557 2734 1818 2811 πρότερον

196 2835 277 2885 τοῦ
327 2831 623 2906 λεγομένου
672 2827 1087 2899 Μαντζικίερτε’
1148 2824 1309 2887 πόλις
1374 2822 1432 2879 δὲ
1477 2825 1539 2879 τὸ
1588 2826 1823 2891 Μαντζι-

202 2920 354 2994 κῖερτε
407 2919 458 2975 ἐν
514 2923 594 2994 γῇ
652 2915 840 2991 ὁμαλῇ
894 2916 988 2990 μὲν
1048 2915 1297 2988 κειμένη,
1347 2913 1551 2989 τείχεσι
1583 2910 1640 2967 δὲ
1681 2913 1824 2988 τρισὶ

210 3009 581 3085 στεφανουμένη
640 3005 727 3061 καί
785 3003 939 3060 ὕδασι
1000 3001 1236 3066 πολλοῖς
1290 2999 1439 3057 ἔνδον
1496 3001 1830 3077 κατάρρυτος

214 3098 534 3171 πηγιμαίοις⁹
607 3093 731 3148 τότε
782 3090 839 3147 δὶ
892 3094 981 3148 καὶ
1040 3089 1227 3168 ἔτυχεν
1290 3092 1532 3170 ἀφθόνως
1592 3088 1832 3163 εἰσκομί-

214 3206 326 3238 σασα
392 3185 456 3240 τὰ
528 3183 816 3259 ἀναγκαῖα.
893 3180 1111 3251 Ταύτην
1185 3180 1392 3251 οἰηθεὶς
1448 3180 1476 3233 ὁ
1541 3177 1834 3240 σουλτάνος

1920 2030 2118 2102 qualia
2150 2046 2251 2102 per
2286 2030 2532 2086 lberiam
2565 2035 2622 2086 et
2652 2031 2910 2104 plurima
2957 2046 3096 2088 sunt
3137 2040 3193 2088 et
3243 2034 3573 2092 munitissi-

1923 2124 2274 2184 ma,mature
2308 2119 2693 2188 incluserant,
2728 2120 2974 2177 ulterius
3008 2123 3272 2194 progredi
3325 2140 3439 2179 non
3469 2140 3587 2180 au-r

1923 2207 2195 2277 sus,quia
2227 2206 2520 2263 Romanas
2551 2209 2749 2279 copias
2781 2210 3055 2265 audiebat
3102 2212 3373 2267 Caesareae
3410 2212 3573 2269 colli-

1925 2294 2183 2367 gi,rediit
2214 2294 2299 2348 ira
2334 2295 2587 2367 ﬂagrans
2640 2313 3038 2369 magnumque
3076 2299 3312 2371 aliquod
3346 2301 3575 2358 facinus

1925 2385 2094 2439 edere
2126 2383 2391 2454 cupiens.
2429 2385 2741 2456 Postquam
2776 2385 2831 2440 in
2883 2387 3371 2460 Baaspracaniam
3419 2391 3579 2446 venit

1927 2477 2101 2543 atque
2136 2472 2214 2526 ibi
2266 2471 2443 2526 etiam
2494 2473 2695 2528 omnia
2746 2474 2930 2529 muris
2962 2476 3191 2531 defendi
3250 2477 3413 2546 vidit,
3447 2478 3578 2534 ani-

1930 2577 2089 2615 mum
2125 2560 2192 2614 ad
2228 2562 2689 2631 oppugnationes
2720 2562 2978 2634 appellit,
2997 2580 3063 2618 ac
3094 2565 3284 2636 primo
3313 2568 3578 2622 omnium

1931 2649 2331 2705 Mantzikierte
2380 2652 2737 2722 aggreditur.
2775 2650 2920 2708 Urbs
2952 2658 3041 2708 est
3089 2654 3488 2723 Mantzikierte
3520 2656 3579 2711 in

1934 2737 2175 2809 planitie
2199 2737 2406 2809 posita,
2425 2738 2638 2810 triplici
2676 2756 2841 2795 muro
2871 2740 3234 2798 circumdata
3263 2743 3582 2815 multisque

1933 2826 2093 2880 intus
2127 2826 2383 2881 fontibus
2412 2826 2630 2899 irrigua
2664 2846 2676 2884 :
2714 2834 2837 2883 tum
2883 2846 3116 2902 quoque
3148 2848 3342 2887 rerum
3376 2849 3579 2888 neces-

1937 2914 2224 2969 sariarum
2276 2915 2614 2971 invexerant
2660 2918 2937 2988 oppidani
2986 2919 3235 2991 capiam.
3271 2921 3431 2977 Hanc
3482 2938 3579 2977 ur-

1939 3002 2067 3057 bem
2101 3004 2341 3075 se,quod
2376 3004 2539 3060 locus
2568 3021 2694 3061 eam
2727 3006 2933 3062 adortu
2964 3007 3193 3065 facilem
3226 3010 3583 3078 faceret,non

1942 3108 2155 3164 magno
2184 3100 2654 3165 expugnaturum
2690 3101 2850 3151 ratus
2883 3098 3110 3169 negotio
3141 3098 3433 3165 sultanus,
3465 3102 3587 3156 val-

1944 3179 1999 3235 lo
2032 3181 2292 3251 proxime
2323 3182 2510 3238 deﬁxo
2540 3184 2731 3239 omnis
2762 3186 2991 3255 generis
3041 3188 3333 3244 machinis
3382 3194 3587 3260 tentat,

215 3270 390 3345 ῥᾳδίως
413 3270 846 3346 ἐκπολιορκῆσαι
903 3274 983 3342 τῷ
1012 3268 1091 3365 ἐν..
1126 3262 1559 3341 εὖεπιϐουλεότῳ
1590 3266 1829 3365 ίδρῦσθαι

1949 3285 2015 3323 ac
2042 3270 2187 3326 59]
2219 3287 2319 3339 per
2348 3271 2592 3343 triginta
2622 3273 2743 3328 dies
2773 3274 2994 3345 absque
3014 3274 3129 3330 ulla
3160 3277 3595 3334 intermissione

210 3361 364 3434 τόπῳ,
417 3363 642 3438 χάρακα
699 3357 1009 3433 πηξάμενος
1064 3353 1285 3434 ἔγγιστα
1348 3356 1616 3433 ἐπεχείρει
1677 3355 1837 3412 πολι-

210 3456 383 3521 ορκεῖν,
439 3450 528 3505 καὶ
594 3447 858 3520 διέμεινεν
915 3447 1002 3502 ἐπὶ
1045 3448 1336 3523 τριάκοντα
1392 3444 1608 3519 ἡμέρπς
1637 3446 1836 3517 ταύτην

207 3535 478 3601 ἁνενδότως
536 3537 883 3612 πολιορκῶν,
916 3535 1193 3598 ποικίλαις
1228 3531 1513 3591 έλεπόλεσι
1549 3535 1842 3611 χρώμενος

207 3627 281 3680 καὶ
332 3628 619 3687 παντοίοις
678 3624 841 3681 εἷδ.σι
904 3626 1320 3700 μηχανημάτων
1354 3668 1367 3680 .
1423 3623 1726 3697 Εὖρώστως
1784 3619 1842 3677 δὲ

207 3719 293 3769 τῶν
342 3714 487 3772 ἔνδον
548 3713 1014 3791 ἀποκρουομένων
1071 3715 1167 3776 τὰς
1225 3708 1545 3788 προσϐολὰς
1590 3710 1844 3787 ἐμπειρίᾳ

206 3804 278 3857 καὶ
323 3807 528 3861 συνέσει
593 3808 688 3857 τοῦ
746 3806 1052 3879 στρατηγοῦ
1112 3802 1196 3875 (ἦν
1225 3799 1282 3857 δέ
1333 3799 1616 3863 Βασίλειος
1649 3800 1841 3873 πατρί-

209 3912 304 3954 κιος
351 3896 378 3949 ὁ
426 3894 537 3949 ἀπὸ
604 3894 850 3963 Κάπης),
903 3891 1122 3967 ἆπείπερ
1181 3886 1321 3965 ἔγνω
1378 3886 1660 3952 ἀδυνάτοις
1721 3888 1841 3944 ἐπι-

210 3990 426 4060 χειρῶν,
500 3979 870 4040 έϐουλεΰσατο
929 3982 1087 4039 λῦσαι
1166 3982 1264 4050 τήν
1347 3980 1671 4057 πολιορκίαν
1752 3979 1842 4035 καὶ

215 4073 539 4153 ἀποστρέψαι.
598 4073 858 4148 Ἀνέκοψε
916 4070 973 4128 δέ
1027 4079 1130 4142 τῆς
1187 4073 1366 4148 ὁρμῆς
1422 4071 1580 4126 αὐτὸν
1643 4070 1841 4128 Ἀλκὰν

213 4164 234 4214 ὀ
280 4169 377 4219 τῶν
437 4163 797 4241 Χωρασμίων
854 4160 1076 4237 ἡγεμὼν
1105 4203 1119 4229 ,
1180 4158 1537 4232 αἶ’τησάμενος
1591 4159 1715 4233 μίαν
1765 4154 1842 4214 ἔτι

214 4259 509 4326 προσμεῖναι
571 4254 788 4327 ἡμέραν
819 4250 910 4305 καὶ
949 4249 1095 4322 αὖτῷ
1147 4249 1429 4322 ἐπιτρέψαι
1458 4250 1548 4303 τὸν
1582 4248 1719 4303 κατὰ
1746 4251 1845 4317 τῆς

213 4339 399 4405 πόλεως
445 4342 721 4415 πόλεμον,
784 4338 992 4402 Ἡσθεὶς
1021 4338 1079 4393 δὲ
1107 4339 1186 4410 τῷ
1213 4336 1337 4408 αἰτή
1348 4358 1474 4410 ματι
1518 4336 1715 4412 ἐπέσχε
1740 4338 1839 4406 τήν

216 4426 472 4504 ἀναζυγήν.
547 4430 759 4487 ’Ἑωθεν
839 4427 930 4481 οὗν
1007 4427 1035 4481 ὁ
1093 4426 1292 4483 Ἀλκὰν
1342 4425 1434 4479 τὸν
1503 4425 1639 4503 ἀμφ’
1686 4425 1845 4479 αὐτὸν

220 4515 436 4589 ἀθροίσας
487 4520 707 4574 ἅπαντα
755 4513 923 4584 λαὸν,
976 4514 1063 4568 καὶ
1108 4515 1323 4589 θεωρῶν
1382 4513 1471 4569 ἐπί
1501 4534 1647 4576 τινος
1707 4534 1839 4589 γεω-

220 4600 360 4678 λόφου
414 4608 555 4662 κατά
606 4607 712 4674 τὴν
769 4604 909 4676 ἑῴαν
958 4605 1156 4673 στήσας
1189 4601 1370 4672 πύλην
1424 4603 1515 4658 τὸν
1548 4602 1843 4658 σουλτάνον

222 4688 347 4747 αὐτὸν
401 4697 488 4751 καὶ
550 4694 684 4755 τοὺς
742 4693 861 4747 ὅσοι
886 4696 994 4746 τῶν
1021 4690 1272 4767 Τούρκων
1315 4693 1449 4761 ἦσαν
1508 4690 1849 4765 ἓπισημότα-
1885 4663 1926 4726 D

222 4798 307 4849 τω,
354 4784 443 4845 τὰς
474 4781 771 4843 ἑλεπόλεις
825 4775 1008 4836 λαϐὼν
1060 4776 1270 4834 ἄπεισιν
1303 4779 1381 4842 εἷς
1412 4780 1510 4848 τήν
1551 4780 1849 4856 είρημένην

226 4866 412 4941 κᾶληψ
491 4871 671 4926 ἐκεῖσε
743 4871 846 4946 γὰρ
909 4866 1082 4923 ἐδόκει
1140 4870 1208 4924 τὰ
1261 4868 1423 4943 τείχη
1478 4875 1578 4938 τῆς
1636 4867 1852 4929 πόλεως

224 4960 545 5033 ταπεινότερά
590 4980 654 5014 τε
705 4959 796 5013 καὶ
854 4958 1222 5032 ἀσθενέστερα,
1281 4958 1367 5011 καὶ
1431 4958 1459 5012 ὁ
1511 4957 1679 5020 τόπος
1728 4956 1852 5010 ἀνά-

232 5061 380 5118 πημα
434 5045 582 5124 ἔχων
644 5046 735 5102 καὶ
763 5050 834 5120 τῇ
864 5045 1158 5120 πολιορκίᾳ
1209 5040 1597 5121 προσϐοηθῶν,
1651 5041 1850 5100 ἄνωθεν

230 5130 380 5198 διδοὺς
436 5136 745 5213 βάλλεσθαι
802 5136 929 5198 τοὺς
987 5132 1116 5191 εἷ’σω
1170 5140 1270 5190 τοῦ
1326 5136 1547 5211 τείχους
1604 5136 1708 5191 ὑπὸ
1744 5139 1853 5191 τῶν

231 5215 327 5289 ἔξω.
379 5224 585 5281 Διελὼν
652 5224 743 5279 οὗν
805 5221 939 5299 διχῆ
990 5224 1087 5292 τὴν
1148 5220 1399 5297 δύναμιν,
1441 5223 1534 5279 καὶ
1592 5225 1691 5293 τὴν
1760 5224 1851 5296 μὲν

234 5312 397 5379 στήσας
477 5313 568 5369 ἰπὶ
639 5317 739 5368 τοῦ
814 5311 1196 5386 ἀταστήματος
1280 5312 1529 5387 ἔπιμόνῳ
1614 5314 1855 5389 ’χρῆσθαι

1392 5493 1771 5550 XYLANDRI
1813 5451 2159 5551 E'rcoaai
2198 5494 2428 5551 NOT/E.

302 5589 394 5658 (39)
418 5591 569 5649 Olim
603 5592 907 5648 Sardicen.
945 5590 1120 5647 Goaa.

1950 3364 2271 3430 oppugnat.
2321 3359 2566 3416 Praeerat
2618 3366 2675 3417 et
2724 3362 2853 3416 urbi
2915 3362 3166 3420 Basilius
3223 3365 3505 3438 patricius
3565 3384 3599 3421 a

1948 3450 2119 3518 Capa,
2172 3447 2345 3503 homo
2394 3450 2653 3520 prudens
2703 3467 2768 3504 ac
2822 3452 3065 3522 peritus.
3112 3454 3252 3523 Ejus
3309 3454 3600 3511 industria

1952 3536 2171 3591 factum
2207 3541 2266 3591 ut
2297 3537 2395 3607 qui
2429 3537 2487 3592 in
2522 3539 2664 3595 urbe
2694 3544 2880 3608 erant,
2913 3550 3325 3614 Oppugnantes
3376 3544 3601 3600 fortiter

1950 3624 2465 3698 repellerent.Jam
2498 3628 2568 3683 de
2600 3646 2657 3684 re
2689 3645 2867 3700 quam
2901 3630 3120 3687 frustra
3150 3632 3263 3687 sibi
3292 3633 3601 3690 videbatur

1951 3721 2194 3771 conatus
2225 3716 2549 3773 omittenda
2580 3725 2637 3773 et
2677 3720 2982 3776 obsidione
3011 3721 3289 3779 solvenda
3337 3724 3600 3796 cogitan-

1953 3808 2067 3859 tem
2102 3804 2403 3861 sullanum
2456 3807 2634 3863 Alcan
2669 3808 3147 3865 Chorasmiorum
3173 3811 3290 3866 dux
3320 3820 3501 3884 rogat,
3537 3817 3603 3867 ut

1953 3893 2146 3949 adhuc
2171 3911 2352 3950 unum
2404 3896 2558 3951 dicm
2593 3904 2919 3969 perseveret
2950 3898 3180 3968 sibique
3212 3900 3605 3971 oppugnatio-

1954 3998 2087 4037 nem
2109 3983 2364 4038 mandet.
2398 3984 2557 4048 Quod
2590 3984 2943 4056 pcrlibcnter
2981 3987 3274 4042 concessit
3312 3987 3603 4044 sultanus.

1954 4069 2141 4124 Prima
2176 4070 2326 4138 luce,
2361 4070 2536 4126 Alcan
2563 4074 2839 4129 omnibus
2864 4073 2988 4130 suis
3022 4074 3280 4131 collectis
3303 4075 3603 4132 sultanum

1952 4163 2008 4213 et
2029 4158 2461 4215 illustrissimos
2482 4165 2799 4217 Turcarum
2827 4163 2886 4218 in
2910 4163 3137 4220 tumulo
3160 4165 3412 4237 quodam
3434 4167 3607 4237 juxta

1952 4252 2177 4318 portam
2216 4248 2558 4304 orientalem
2597 4253 2895 4321 spectandi
2933 4269 3113 4309 causa
3134 4252 3399 4324 collocat,
3432 4261 3609 4327 atque

1952 4335 2074 4406 ipse
2099 4335 2166 4389 ad
2193 4350 2319 4390 eam
2344 4342 2569 4407 portam
2588 4355 2722 4393 cum
2765 4340 3051 4397 machinis
3074 4342 3252 4399 sul-it.
3287 4343 3608 4399 Videbatur

1950 4422 2105 4479 enim
2142 4440 2206 4478 eo
2239 4423 2364 4479 loco
2399 4442 2603 4482 murus
2638 4426 2799 4482 urbis
2850 4427 3130 4485 humilior
3179 4447 3244 4486 ac
3296 4432 3606 4502 infirmior,

1949 4512 2226 4584 locusque
2241 4514 2546 4586 oppositus
2561 4515 2859 4587 aliquanto
2873 4517 3084 4573 editior
3104 4520 3604 4592 oppugnationem

1957 4604 2248 4675 adjuvare,
2301 4603 2440 4676 quia
2488 4603 2642 4659 intra
2693 4621 2894 4661 muros
2942 4607 3043 4678 qui
3093 4615 3309 4676 essent,
3357 4610 3608 4681 desuper

1959 4692 2092 4747 telis
2140 4693 2341 4766 impeti
2389 4692 2460 4748 ab
2511 4694 2994 4766 oppugnantibus
3046 4701 3304 4767 possent.
3352 4697 3497 4769 Ergo
3546 4698 3607 4753 in

1961 4780 2110 4834 duas
2142 4788 2333 4850 partes
2363 4783 2683 4838 exercitum
2718 4800 2894 4838 suum
2945 4785 3172 4849 dividit.
3208 4802 3456 4855 quarum
3491 4804 3609 4843 una

1962 4868 2206 4923 editiore
2235 4867 2333 4923 illo
2367 4872 2490 4927 loco
2521 4877 2702 4929 staret
2735 4874 3222 4946 continentcrque
3249 4875 3467 4947 eagitas
3497 4878 3611 4947 eja-

1963 4954 2295 5012 cularetur:
2331 4958 2572 5015 alteram
2623 4961 2940 5032 ligonibus,
2975 4962 3310 5019 bidentibus
3359 4964 3611 5036 aliisque

1964 5045 2219 5101 rusticis’
2254 5046 2663 5105 instrumentis
2708 5055 2994 5106 armatam
3027 5051 3181 5107 lesas
3227 5052 3614 5121 (tabernaculi

1964 5149 2151 5206 genus
2174 5139 2262 5189 est
2283 5133 2424 5203 lesa,
2458 5155 2523 5191 ex
2548 5137 2865 5194 viminibus
2887 5144 3228 5195 contextum
3269 5157 3337 5197 ac
3359 5158 3615 5213 superne

1965 5222 2120 5279 corio
2154 5222 2376 5279 bubulo
2410 5224 2740 5296 inductum,
2776 5227 2932 5299 quod
2966 5246 2999 5284 a
3029 5229 3321 5287 columnis
3363 5231 3614 5287 sustine-

1968 5319 2083 5382 tur,
2117 5330 2367 5387 quarum
2404 5315 2642 5373 basibus
2688 5323 2827 5375 rota
2878 5323 3019 5376 sunt
3068 5320 3367 5395 subjectae)
3398 5322 3618 5396 subire,

3403 5468 3435 5483 ο.
