3968 6140
357 269 474 329 323

1705 267 2020 328 GEORGII
2064 267 2404 327 GEDRENI

3595 273 3695 331 324

355 418 572 474 easque
595 401 878 473 paulatim
901 401 1222 474 impellere,
1256 418 1541 474 muroque
1568 402 1676 456 sub
1700 400 1771 456 iis
1803 414 1975 456 succe

2110 396 2317 452 κελεύει
2374 400 2442 471 τῇ
2501 394 2698 467 τοξείᾳ,
2757 395 2918 457 αὐτὸς
2969 393 3026 449 δὲ
3081 395 3280 465 σκηνὰς
3311 394 3366 450 ἐκ
3393 394 3550 474 λύγων
3581 398 3702 478 ἔχων

356 491 492 545 dere
523 495 580 545 et
609 494 768 545 tutos
798 489 910 544 isto
941 491 1198 562 tegmine
1247 491 1627 545 fundamenta
1656 490 1809 546 592
1845 487 2005 544 omni

355 579 406 632 vi
469 579 753 634 subruere
802 579 996 649 jubet,
1031 579 1210 634 animi
1268 583 1462 634 certus
1521 578 1594 634 ob
1653 577 2002 650 sagittarum

355 667 624 722 nimbum
675 667 970 722 neminem
1019 685 1303 724 ausurum
1339 669 1408 722 de
1455 685 1619 722 muro
1653 667 2003 740 prcepicere,

356 761 532 826 atque
563 755 642 811 ita
674 773 734 811 se
768 757 967 811 urbem
1003 762 1476 828 expugnaturum
1520 756 1842 812 somnians.
1877 756 2006 810 Haec

356 847 428 899 de
490 862 655 900 muro
700 862 945 901 cernens
996 845 1247 901 Basilius
1296 847 1368 902 iis
1418 847 1636 918 quibus
1700 862 2007 900 murorum

356 934 857 990 defendendorum
892 952 1109 989 munus
1145 936 1542 1000 incumbebat,
1577 935 1821 990 mandat
1850 940 1915 989 ut
1945 950 2007 988 se

355 1023 710 1089 contineant,
747 1039 931 1094 neque
989 1024 1302 1094 quisquam
1364 1039 1422 1077 se
1475 1027 1724 1086 exserat,
1783 1023 1883 1077 sed
1945 1021 2004 1075 in

354 1116 626 1183 promptu
681 1112 930 1166 habeant
979 1113 1224 1184 grandia
1284 1129 1446 1182 saxa,
1479 1112 1721 1182 sagittas
1774 1110 2005 1182 aliaque

358 1200 688 1270 missilia,et
710 1205 1046 1272 exspectent
1068 1201 1325 1272 signum,
1351 1217 1466 1270 quo
1489 1201 1626 1255 dato
1650 1201 2004 1270 (eratautem

350 1294 577 1345 tessara
612 1307 624 1345 :
662 1289 896 1355 Christe,
918 1290 1078 1361 juva)
1130 1307 1248 1344 rem
1299 1296 1520 1359 gerant.
1553 1290 1622 1343 Et
1651 1290 1903 1344 habebat
1931 1289 2001 1343 ad

353 1395 473 1433 rem
508 1379 659 1432 hanc
692 1383 927 1449 paratas
962 1378 1158 1432 trabes
1208 1379 1491 1432 maximas
1524 1379 1747 1433 inferne
1779 1383 2000 1434 auctas.

355 1467 590 1521 Interim
615 1466 955 1531 Alcan,cum
978 1467 1144 1520 Turci
1170 1466 1476 1538 grandinis
1509 1466 1565 1520 in
1589 1483 1807 1520 morem
1833 1465 2004 1520 emis-

352 1554 434 1610 sis
495 1554 724 1625 sagittis
783 1560 1246 1626 propugnatores
1301 1554 1642 1610 viderentur
1713 1554 2000 1625 abegisse,

350 1643 632 1715 paulatim
670 1644 819 1698 lesas
853 1661 1018 1698 muro
1051 1645 1340 1699 admovet.
1375 1643 1507 1699 Cuaa
1538 1660 1667 1699 cum
1695 1642 1776 1698 ita
1807 1660 1999 1699 acces-

352 1731 571 1787 sissent
601 1737 666 1786 ut
687 1733 813 1802 jam
849 1737 1002 1786 retro
1033 1732 1191 1787 abire
1225 1732 1384 1787 nullo
1417 1733 1590 1787 modo
1641 1749 1811 1804 posse
1842 1733 2001 1786 vide-

350 1827 573 1889 rentur,
609 1821 804 1876 subito
836 1821 970 1876 dato
993 1838 1026 1876 a
1065 1821 1278 1876 Basilio
1314 1822 1482 1892 signo
1515 1821 1549 1874 ii
1584 1822 1795 1890 quibus
1821 1837 1998 1893 nego-

350 1910 495 1965 tium
529 1913 653 1965 erat
704 1909 1086 1965 commissum
1141 1912 1336 1965 trabes
1385 1910 1524 1964 lesis
1574 1911 1865 1980 injiciunt,
1900 1910 1994 1965 alii

347 1997 673 2054 missilibus
704 2004 760 2053 et
789 1998 1086 2069 lapidibus
1119 1999 1431 2068 impetunt.
1473 1999 1670 2069 itaque
1719 1999 1840 2054 lesa
1884 2016 1998 2069 qua

350 2086 480 2157 ipse
529 2087 705 2142 Alcan
755 2087 1078 2158 tegebatur,
1114 2087 1366 2158 pondere
1420 2086 1808 2157 impactorum
1853 2087 1998 2142 sub-

346 2191 514 2230 versa
563 2180 746 2230 tectos
799 2175 1085 2244 nudavit;
1143 2175 1240 2245 qui
1293 2175 1552 2246 undique
1599 2175 1893 2245 lapidibus
1943 2182 1999 2230 et

346 2263 580 2334 sagittis
632 2263 904 2334 impetiti,
948 2279 1079 2319 cum
1133 2279 1303 2333 opem
1356 2264 1503 2318 ferre
1559 2281 1727 2318 nemo
1777 2271 1992 2335 posset,

345 2367 550 2406 omnes
609 2352 925 2422 perierunt.
989 2351 1270 2406 Alcanem
1319 2352 1632 2422 splendore
1696 2369 1993 2406 armorum

344 2439 610 2511 agnitum
647 2439 827 2494 fortes
851 2440 1227 2510 duojuvenes
1250 2447 1416 2511 porta
1460 2439 1622 2494 urbis
1661 2439 1994 2495 exsilientes

343 2527 605 2583 crinibus
645 2529 1136 2599 comprehensum
1183 2527 1240 2582 in
1291 2529 1492 2582 urbem
1544 2532 1988 2599 pertraxerunt;

344 2617 498 2672 593
531 2618 623 2674 cui
657 2617 854 2672 statim
903 2621 1080 2686 caput
1127 2617 1452 2686 amputavit
1495 2616 1768 2685 Basilius,
1819 2617 1992 2685 idque

347 2704 407 2758 in
435 2705 654 2759 Turcos
683 2705 1113 2775 estjaculatus.
1149 2704 1434 2760 Sultanus
1484 2705 1834 2775 gravissimo
1887 2706 1988 2758 dn-

345 2791 467 2847 lore
488 2794 562 2847 ob
582 2810 710 2847 eam
732 2793 952 2847 cladem
984 2799 1252 2863 percepto
1293 2796 1483 2847 castra
1517 2797 1728 2855 movet,
1764 2794 1990 2864 ﬁngens

343 2897 406 2936 se
435 2881 780 2936 necessariis
804 2882 1157 2952 quibusdam
1183 2881 1358 2935 rebus
1381 2882 1730 2952 urgentibus
1751 2884 1988 2937 domum

343 2970 592 3033 avocari,
627 2970 1003 3042 minatusque
1033 2969 1366 3041 insequenti
1398 2987 1528 3025 vere
1571 2987 1634 3025 se
1666 2971 1988 3040 majoribus

337 3075 471 3112 cum
506 3059 690 3130 cOpiis
721 3059 780 3113 in
813 3059 1107 3114 Romanos
1138 3059 1566 3130 expeditionem
1601 3059 1912 3114 facturum.

2114 485 2515 560 πεπλεγμένας,
2577 487 2780 561 βοείαις
2862 483 3085 560 βύρσαις
3162 483 3358 539 ἄνωθεν
3415 486 3703 563 ἐσκεπασμέ-

2114 597 2207 638 νας
2267 577 2358 630 καὶ
2417 575 2653 651 τροχοὺς
2699 574 2930 649 ἐχούσας
2986 573 3086 629 ὑπὸ
3117 575 3210 636 τὰς
3239 580 3341 629 τῶν
3385 578 3707 651 βασταζόντων

2113 665 2311 720 κιόνων
2363 664 2545 741 βάσεις
2596 663 2814 734 (λέσσας
2870 665 2964 726 τὰς
3023 663 3272 726 τοιαύτας
3327 670 3708 739 κατονομάζουσι

2117 759 2202 826 [Ρ.
2233 757 2359 828 781]
2409 755 2705 830 μηχανὰς),
2772 754 2906 809 λαοῦ
2969 752 3181 824 πλήσας
3213 751 3458 816 δικέλλας
3490 756 3712 833 φέροντος

2115 845 2203 899 καὶ
2275 844 2540 905 σκαπάνας
2615 844 2701 898 καὶ
2765 841 2910 898 ἄλλα
2981 844 3249 918 γεωργικὰ
3322 839 3530 919 ὄργανα,
3595 845 3712 920 ᾤετο

2114 932 2251 986 κατὰ
2305 932 2496 1005 μικρὸν
2555 931 2788 995 ὑπωθεῖν
2842 933 2935 992 τὰς
2992 932 3192 1002 σκηνὰς
3250 932 3337 986 καὶ
3383 938 3491 995 τοῖς
3539 936 3715 1010 τείχεσι

2115 1021 2494 1096 προσαρμόσαι
2543 1020 2635 1074 καί
2667 1020 2838 1084 οὕτως
2871 1019 3183 1096 ὑπορύττειν
3217 1020 3412 1084 ἀνέτως
3458 1023 3542 1077 καὶ
3569 1021 3717 1086 ἀδεῶς

2113 1110 2180 1163 τὰ
2245 1109 2506 1181 θεμέλια,
2580 1108 2866 1173 πιστεύσας
2937 1110 3014 1171 ὡς
3085 1107 3261 1174 οὐδεὶς
3323 1111 3581 1185 προκύψαι
3638 1118 3720 1167 τοῦ

2111 1198 2329 1274 τείχους
2401 1200 2886 1274 συγχωρηθήσεται
2975 1198 3078 1253 ὑπὸ
3145 1203 3243 1252 τοῦ
3321 1197 3558 1270 πλήθους
3628 1207 3718 1256 τῶν

2119 1288 2294 1361 βελῶν
2328 1306 2339 1318 ·
2394 1287 2482 1341 καὶ
2549 1291 2740 1342 τοῦτο)
2808 1287 3128 1363 ἐφαντάζετο
3175 1287 3265 1341 τὸν
3324 1288 3517 1363 τρόπον
3567 1309 3721 1364 παρα-

2115 1371 2380 1446 λήψεσθαι
2437 1375 2534 1443 τήν
2608 1373 2793 1430 πόλιν.
2873 1376 3056 1430 Ταῦτα
3111 1371 3168 1428 δὲ
3227 1374 3436 1448 βλέπων
3493 1376 3590 1430 ἀπὸ
3639 1381 3721 1431 τοῦ

2110 1460 2327 1536 τείχους
2388 1462 2415 1517 6
2470 1463 2785 1531 Ἀποκάπης
2811 1467 2928 1523 τοῖς
2963 1463 3055 1533 μὲν
3082 1462 3560 1540 τειχοφυλακοῦσιν
3588 1464 3722 1538 ἀτρε-

2115 1557 2233 1623 μεῖν
2280 1551 2368 1605 καὶ
2429 1549 2636 1623 μηδένα
2691 1550 3022 1626 προκύπτειν
3082 1548 3437 1618 διτκελεύετο,
3475 1552 3621 1625 μόνον
3675 1551 3725 1608 δὲ

2111 1635 2296 1702 λίθους
2350 1637 2743 1714 χειροπληθεῖς
2793 1636 2940 1713 ἔχειν
3003 1637 3464 1714 ηύτρεπισμένους
3507 1641 3591 1694 καὶ
3617 1641 3728 1710 τόξα

2110 1727 2199 1782 καὶ
2257 1725 2404 1782 ἄλλα
2459 1722 2702 1798 ἑκηϐόλα
2756 1723 2993 1802 ὄργανα,
3053 1728 3142 1782 καὶ
3201 1729 3519 1802 προσμένειν
3578 1731 3630 1783 τὸ
3683 1729 3727 1800 ἐξ

2109 1817 2273 1870 αὐτοῦ
2351 1816 2596 1888 σύνθημα
2670 1817 2756 1887 (ἦν
2825 1813 2882 1870 δὲ
2955 1817 3039 1883 τὸ,
3104 1817 3323 1892 Χριστὶ,
3376 1818 3623 1891 βοήθει),
3675 1817 3728 1872 06

2109 1903 2355 1970 δοθέντος
2410 1902 2569 1981 ἔργου
2629 1903 2883 1980 ἔχεσθαι·
2947 1905 3063 1979 εἶχε
3141 1904 3197 1960 δὲ
3253 1907 3380 1982 παρ’
3438 1907 3601 1978 ἑαυτῷ
3653 1907 3728 1962 καὶ

2108 1992 2300 2056 δοκοὺς
2363 1993 2642 2068 μεγίστας,
2677 1995 2814 2048 κατά
2843 1995 2942 2062 τὴν
2990 1995 3140 2068 βάσιν
3196 1994 3388 2065 ὀξείας·
3450 1996 3544 2049 Καὶ
3577 1997 3602 2049 ὁ
3651 1995 3729 2068 μὲν

2107 2082 2409 2138 διετάττετο
2477 2080 2602 2154 ὧδε,
2678 2084 2706 2137 6
2765 2080 2822 2137 δὲ
2874 2082 3071 2139 Ἀλκᾶν
3127 2087 3234 2138 τῶν
3292 2083 3444 2146 ἐκτὸς
3494 2084 3727 2160 Τούρκων

2105 2169 2420 2248 χαλαζηδὸν
2499 2170 2887 2244 ἐκπεμπόντων
2962 2171 3028 2226 τὰ
3110 2171 3244 2247 βέλη
3307 2172 3395 2227 καὶ
3441 2171 3563 2232 τοὺς
3613 2169 3726 2226 εἷ’σω

2102 2261 2327 2337 τείχους
2367 2259 2682 2314 ἀνακόπτειν
2729 2257 3058 2332 δοκούντων,
3109 2263 3225 2316 κατ’
3286 2260 3475 2336 ὀλίγον
3535 2262 3738 2333 ὑπωοῶν

2101 2352 2194 2412 τὰς
2255 2348 2451 2411 λέσσας
2507 2347 2838 2424 προσήρειδε
2888 2354 2966 2421 τῷ
3014 2351 3230 2426 τείχει.
3265 2350 3414 2406 Ἐπεὶ
3445 2348 3499 2404 δὲ
3527 2346 3732 2427 ’ἔφθασαν

2103 2440 2157 2492 αἱ
2218 2437 2412 2508 σκηναὶ
2480 2437 2829 2514 προσεγγίσαι
2880 2439 2966 2492 καὶ
3029 2436 3202 2494 ἐδόκει
3258 2437 3520 2502 ἀδύνατος
3569 2438 3733 2498 αὐταῖς

2103 2527 2233 2582 εἶναι
2266 2530 2300 2596 ἡ
2334 2526 2408 2589 είς
2440 2526 2680 2581 τούπίσω
2735 2526 3068 2605 ἀναστροφὴ,
3131 2525 3399 2605 αἰφνίδιον
3440 2531 3532 2582 τοῦ
3583 2528 3729 2581 Ἀπο-

2101 2615 2246 2682 κάπη
2320 2616 2382 2670 τὸ
2455 2616 2706 2688 σύνθημα
2779 2613 2964 2678 δόντος
3041 2614 3094 2670 οἳ
3164 2637 3220 2670 τε
3271 2616 3360 2671 ἐπὶ
3414 2621 3519 2670 τῶν
3575 2613 3730 2669 δοκῶν

2097 2705 2417 2781 τεταγμένοι
2475 2704 2572 2766 τὰς
2631 2701 2825 2768 δοκοὺς
2887 2704 3111 2779 ἠφίεσαν
3179 2705 3318 2760 κατᾶ
3374 2710 3480 2759 τῶν
3536 2708 3724 2773 σκηνῶν

2099 2793 2187 2849 καὶ
2248 2795 2297 2848 οἱ
2357 2793 2546 2848 λοιποὶ
2592 2793 2769 2863 τόξοις
2824 2793 2915 2848 καὶ
2971 2792 3146 2857 λίθοις
3201 2789 3467 2850 ἔϐαλλον.
3523 2792 3647 2848 Τότε
3676 2788 3732 2859 δὴ

2099 2879 2190 2935 οὖν
2237 2884 2271 2951 ἡ
2329 2882 2419 2936 τὸν
2453 2879 2655 2936 Ἀλκίιν
2684 2878 2887 2956 ἔχουσα
2919 2883 3091 2951 σκηνή
3127 2880 3375 2945 πολλαῖς
3403 2885 3734 2956 περιπαρεῖσα

2095 2969 2232 3024 κατὰ
2287 2971 2385 3038 τήν
2442 2970 2630 3046 στέγην
2701 2967 2884 3031 δοκοῖς
2936 2970 3202 3045 ἀνετράπη
3268 2971 3374 3024 ὑπὸ
3403 2969 3499 3024 τοῦ
3552 2967 3727 3044 βάρους

2095 3059 2300 3112 τοότων
2379 3064 2797 3134 περιτραπεῖσα·
2874 3057 2942 3126 ἧς
3002 3059 3446 3132 περιτραπείσης
3503 3059 3551 3112 οἱ
3610 3054 3738 3110 ἕνδον

332 3147 537 3215 ταύτης
569 3147 1053 3220 ἀπογυμνωθέντες
1085 3141 1386 3201 ἐϐάλλοντο
1415 3145 1674 3210 πάντοθεν
1704 3144 1881 3208 λίθοις
1911 3147 1998 3200 καὶ
2029 3146 2230 3218 τόξοις,
2266 3145 2500 3220 μηδεδὸς
2533 3147 2797 3220 ἐπαμῦναι
2830 3146 3044 3209 τούτοις
3079 3147 3408 3221 ἰσχύοντος.
3461 3148 3558 3201 Καὶ
3583 3147 3630 3200 οἱ
3661 3145 3736 3217 μὲν

331 3233 495 3289 ἄλλοι
527 3236 720 3296 πάντες
753 3229 939 3290 ἔπεσον
969 3235 1175 3304 ἐλεῖση,
1211 3233 1422 3312 ἐλήφθη
1459 3232 1516 3288 δὶ
1547 3236 1575 3289 6
1606 3233 1800 3290 Ἀλκὰν
1837 3234 2091 3310 ζωγρίας,
2124 3236 2399 3309 γνώριμος
2435 3236 2537 3291 ἀπὸ
2561 3239 2658 3304 τῆς
2689 3234 3077 3310 λαμπρότητος
3102 3240 3208 3290 τῶν
3244 3235 3444 3291 ὅπλων
3481 3234 3735 3309 ὑπάρχων·

331 3319 426 3377 δύο
459 3328 562 3398 γάρ
593 3345 732 3386 τινες
763 3324 923 3380 καλοὶ
953 3324 1176 3398 κάγαθοὶ
1214 3324 1416 3378 νεανίαι
1444 3321 1895 3398 προπηδήσαντες
1921 3329 2031 3380 τῶν
2062 3322 2252 3379 πυλῶν
2284 3332 2383 3394 τῆς
2413 3325 2628 3388 πόλεως
2649 3325 2737 3379 καὶ
2771 3329 2875 3379 τῶν
2910 3329 3136 3400 τριχῶν
3188 3325 3397 3381 τούτου
3435 3322 3738 3402 δραξάμενοι

328 3411 578 3485 σύροντες
610 3412 891 3488 εἰσήγαγον
925 3413 998 3474 εἷς
1033 3414 1128 3480 τὴν
1163 3411 1347 3482 πόλιν,
1382 3413 1479 3466 Καὶ
1509 3411 1702 3467 τούτου
1729 3413 1822 3486 μὶν
1850 3412 2006 3476 εὐθὺς
2036 3416 2134 3484 τὴν
2161 3414 2400 3491 κεφαλὴν
2429 3413 2719 3486 ἀποτεμὼν
2754 3413 2782 3467 6
2815 3412 3100 3476 Βασίλειος
3133 3415 3413 3484 ἀκοντίζει
3444 3419 3559 3473 τοῖς
3587 3409 3730 3483 Τούρ-

327 3522 466 3569 κοις,
503 3505 530 3557 ὁ
564 3500 621 3557 δὲ
652 3501 946 3564 σουλτάνος
995 3502 1366 3578 περιαλγήσας
1413 3504 1491 3574 τῷ
1533 3505 1689 3567 πάθει
1741 3501 1857 3558 λύει
1905 3506 2003 3573 τὴν
2050 3502 2370 3576 πολιορκίαν
2421 3505 2510 3559 καὶ
2555 3504 2922 3578 ἀναζεύγνυσι,
2951 3501 3305 3577 πλασάμενος
3332 3503 3597 3580 ἀναγκαῖά
3622 3521 3726 3556 τινα

326 3595 619 3668 πράγματα
644 3593 975 3668 κατεπείγειν
1023 3592 1183 3647 αὐτὸν
1225 3588 1410 3646 οἷ’καδε
1457 3591 1828 3669 ὑποστρέφειν,
1878 3591 2118 3648 ἀπειλῶν
2172 3594 2247 3656 εἷς
2295 3593 2517 3650 τούπιὸν
2561 3590 2655 3670 ἔαρ
2692 3593 2824 3667 μετὰ
2858 3593 3111 3666 μείζονος
3141 3596 3283 3649 κακὰ
3314 3600 3425 3650 τῶν
3462 3592 3723 3666 Ῥωμαίων

324 3681 730 3756 ἐπιστρατεῦσαι
763 3680 1068 3754 δυνάμεως.

393 3811 516 3872 Qua
546 3809 616 3863 de
646 3825 704 3864 re
734 3807 1051 3879 imperator
1080 3804 1574 3874 sollicitus,simul
1607 3810 1661 3860 et
1690 3807 1760 3860 de
1775 3805 1975 3877 Aples-

2155 3806 2283 3881 Περὶ
2343 3806 2410 3876 ἧς
2442 3806 2762 3884 φροντίζων
2820 3807 2847 3861 6
2897 3808 3256 3882 Μονομάχος,
3301 3803 3387 3862 ἔτι
3447 3804 3503 3861 δὲ
3533 3804 3723 3860 καὶτὸν

320 3896 520 3968 phare,
550 3897 650 3966 qui
674 3897 884 3952 violato
911 3896 1068 3966 quod
1092 3910 1225 3948 cum
1251 3894 1632 3950 Constantino
1673 3894 1969 3966 pepigerat

2107 3894 2472 3974 Ᾱπλησφάρην
2552 3896 2641 3950 τὸν
2707 3900 2804 3950 τοῦ
2877 3891 3072 3952 Τιϐίου
3156 3896 3414 3972 ἄρχοντα
3491 3895 3586 3956 τὰς
3648 3889 3726 3946 ἐπὶ

320 3985 534 4040 foedere
565 3986 883 4041 Romanam
936 3985 1216 4039 ditionem
1261 3984 1598 4050 infestabat,
1629 3982 1967 4039 ulciscendo

2107 3983 2484 4038 [ωνσταντίνου
2543 3981 2772 4045 σπονδὰς
2829 3981 3159 4038 διαλύσαντα
3208 3986 3301 4040 καὶ
3337 3985 3408 4039 τὰ
3460 3988 3570 4038 τῶν
3599 3984 3725 4034 Ῥω-

319 4074 607 4145 cogitans,
669 4091 872 4130 omnes
930 4073 986 4126 in
1050 4089 1233 4126 unum
1292 4071 1586 4126 contrahit
1643 4071 1967 4127 Orientales

2107 4070 2256 4125 ιαίων
2329 4076 2597 4126 κακοῦντα
2664 4071 3033 4145 ἀμυνόμενος,
3121 4072 3182 4126 τὸ
3266 4074 3418 4144 Ἑῷα
3492 4070 3728 4145 τάγματα

317 4165 538 4234 copias,
572 4164 759 4235 iisque
795 4163 1034 4235 praeﬁcit
1061 4161 1450 4232 Nicephorum
1495 4161 1810 4231 quemdam
1862 4177 1965 4215 en-

2107 4161 2250 4213 τάντα
2349 4159 2604 4236 ἀθροίσας
2683 4160 2772 4214 καὶ
2869 4161 3222 4236 ἡγεμονεύειν
3313 4162 3480 4231 τάξας
3562 4159 3726 4212 αὐτῶν

317 4252 598 4318 nuchum,
632 4253 729 4322 qui
762 4251 1079 4323 aliquando
1130 4251 1405 4305 sacerdos
1456 4249 1837 4305 Monomacho
1871 4251 1967 4304 ad-

2075 4161 2250 4214 πάντα

2076 4246 2384 4325 Νικηφόρον
2461 4247 2584 4301 τινὰ
2658 4248 2945 4322 εὐνοῦχον,
3024 4249 3168 4323 ἱερέα
3235 4250 3340 4320 μὲν
3399 4247 3729 4324 τυγχάνοντα

314 4341 429 4397 huc
479 4342 703 4413 privato
762 4341 1107 4396 inservierat
1156 4343 1211 4394 et
1269 4337 1600 4410 splendoris
1654 4356 1719 4393 ac
1771 4339 1966 4411 gloria

314 4430 568 4502 profanas
591 4431 788 4485 studio
813 4429 1205 4483 sacerdotium
1245 4427 1594 4498 ejuraverat.
1628 4427 1794 4481 Hunc
1828 4445 1966 4499 ergo

313 4518 558 4573 rectoris
591 4518 759 4572 titulo
787 4519 1126 4572 decoratum
1163 4520 1219 4570 et
1258 4520 1582 4570 castrorum
1623 4515 1876 4585 praefecti
1907 4516 1965 4570 in

314 4607 609 4663 Orientem
635 4607 839 4675 mittit,
871 4622 985 4660 non
1019 4605 1170 4675 quod
1206 4604 1256 4659 is
1290 4603 1462 4658 homo
1495 4608 1777 4658 strenuus
1809 4611 1966 4660 esset

313 4700 415 4752 aut
437 4695 646 4752 bellica
676 4712 734 4750 re
769 4695 1119 4759 industrius,
1155 4693 1253 4748 sed
1287 4693 1427 4764 quia
1471 4692 1809 4763 imperatori
1842 4698 1966 4748 erat

311 4784 524 4841 ﬁdelis.
561 4787 614 4840 Is
633 4785 994 4856 Nicephorus
1013 4799 1146 4838 cum
1167 4781 1420 4837 exercitu
1443 4797 1627 4851 usque
1657 4782 1725 4835 ad
1761 4786 1965 4852 pontes

310 4877 549 4929 Ferreos
571 4874 702 4946 (loci
726 4873 834 4929 hoc
858 4873 1092 4944 nomen)
1118 4875 1173 4927 et
1219 4868 1588 4927 Cantzacium
1616 4886 1963 4942 progressus

312 4962 373 5016 in
407 4963 630 5017 Turcos
663 4963 899 5033 quidem
932 4979 1044 5017 non
1079 4959 1286 5016 incidit
1319 4977 1330 5014 :
1363 4959 1421 5012 hi
1447 4957 1602 5012 enim
1639 4957 1696 5012 in
1722 4957 1964 5030 planitie

313 5051 725 5111 Persarmeniee
748 5057 937 5106 castra
981 5050 1207 5112 metati,
1244 5049 1390 5103 duce
1414 5045 1792 5103 Abimelecho
1825 5050 1959 5103 Cut-

310 5138 531 5193 lumusi
567 5138 762 5203 fratre,
797 5156 931 5194 cum
965 5140 1035 5193 de
1067 5139 1463 5193 Romanorum
1516 5135 1674 5206 gravi
1725 5137 1958 5206 expedi-

311 5231 467 5285 tione
501 5231 776 5284 nuntium
813 5230 1320 5301 accepissent,non
1354 5227 1480 5282 ausi
1513 5244 1714 5281 eorum
1745 5230 1962 5282 adven-

310 5325 434 5374 tum
461 5324 797 5391 exspectare
824 5321 1060 5374 domum
1089 5321 1370 5373 abierant.
1391 5315 1744 5387 Aplesphare
1765 5323 1959 5371 autem

310 5409 468 5464 intra
496 5425 694 5463 muros
730 5408 1033 5479 compulso
1062 5408 1332 5463 viciniam
1387 5404 1799 5475 depopulatur,
1834 5406 1958 5460 adi-

309 5501 514 5570 gitque
546 5515 680 5553 eum
743 5503 806 5553 ut
865 5497 948 5552 vel
1000 5496 1217 5550 invitus
1269 5495 1457 5549 l'czdus
1509 5499 1764 5562 renovet,
1806 5495 1960 5550 594

307 5587 698 5659 obsidemque
729 5591 823 5644 det
853 5590 1186 5656 Artasyram
1217 5583 1404 5639 ﬁlium
1438 5581 1728 5638 Phatlumi
1763 5584 1960 5640 fratris

2074 4336 2335 4411 πρότερον
2394 4336 2483 4390 καὶ
2539 4341 2617 4408 τῷ
2677 4336 2894 4409 βασιλεῖ
2938 4336 3314 4412 ὑπηρετοῦντα
3378 4335 3721 4396 ἴδιωτεύοντι,

2077 4422 2165 4478 διὰ
2215 4427 2485 4498 κοσμικὴν
2549 4425 2604 4481 δὲ
2633 4425 2974 4503 περιφάνειαν
3023 4427 3114 4481 καὶ
3165 4424 3327 4500 δόξαν
3381 4425 3724 4497 ἀπωσάμενον

2074 4515 2171 4582 τὴν
2232 4514 2553 4590 ἱερωσύνην,
2615 4514 2886 4591 ραίκτωρα
2938 4520 3128 4570 τοῦτον
3177 4518 3432 4587 τιμήσας
3461 4513 3550 4569 καί
3592 4530 3729 4585 στρα-

2073 4599 2419 4677 τοπεδάρχην
2477 4603 2750 4675 ὀνομάσας
2811 4603 2886 4665 εἷς
2939 4605 3040 4672 τὴν
3099 4605 3278 4676 Ἐῲαν
3314 4603 3610 4676 ἐκπέμπει,
3643 4597 3728 4652 οὐκ

2073 4689 2259 4762 ἐπειδὴ
2339 4689 2661 4766 δραστήριος
2736 4692 2802 4760 ἦν
2876 4693 2962 4746 καὶ
3023 4692 3238 4767 ἐνεργὸς
3311 4692 3383 4746 τὰ
3443 4686 3728 4761 πολεμικὰ,

2073 4779 2200 4836 ἀλλ’
2256 4777 2442 4848 ἐπειδὴ
2500 4777 2704 4834 εὔνοιαν
2757 4779 2936 4854 ἐτήρει
2969 4785 3047 4852 τῷ
3091 4778 3334 4864 βαρ-ιλεῖ.
3375 4782 3552 4839 Οὗτος
3583 4772 3723 4830 ἀνελ-

2074 4871 2180 4924 Θὼν
2242 4870 2374 4942 μετὰ
2424 4873 2519 4923 τοῦ
2578 4873 2804 4943 στρατοῦ
2836 4867 2968 4945 ἄχρι
2997 4875 3095 4938 τῆς
3127 4871 3206 4942 [Ρ.
3234 4871 3375 4943 782]
3430 4865 3726 4943 λεγομένης

2073 4956 2314 5029 Σιδῆρας
2361 4957 2592 5035 γεφύρας
2640 4957 2729 5012 καὶ
2774 4963 2868 5012 τοῦ
2915 4956 3250 5027 Καντζακίου
3315 4957 3588 5032 Τούρκοις
3638 4952 3724 5024 μὶν

2072 5048 2172 5102 οὐκ
2213 5046 2459 5122 ἐνέτυχεν
2518 5045 2598 5115 (ἐν
2628 5050 2696 5119 τῇ
2755 5044 2968 5100 πεδιάδι
3028 5049 3130 5122 γὰρ
3189 5054 3292 5116 τῆς
3328 5041 3728 5122 Περσαρμενίις

2072 5133 2579 5210 στρατοπεδεύοντες
2643 5137 2775 5208 μετὰ
2833 5131 3140 5210 ’Λϐιμὲλεχ
3185 5137 3344 5197 τινὸς
3401 5131 3723 5208 στρατηγώ,

2074 5223 2310 5299 ἀδελφοῦ
2368 5229 2468 5278 τοῦ
2527 5223 2944 5295 Κουτλουμοῦς,
2983 5224 3073 5278 καὶ
3133 5223 3445 5296 πυθόμενοι
3503 5220 3727 5289 τὴντῶν

2069 5313 2349 5384 Ῥωμαίων
2396 5314 2614 5388 βαρεῖαν
2661 5309 2879 5390 ἔφοδον,
2930 5314 3004 5385 μὴ
3040 5313 3250 5388 στέρξαι
3291 5314 3401 5382 τὴν
3456 5308 3721 5364 ἐπέλευσιν

2068 5401 2445 5474 τολμήσαντες
2501 5401 2860 5469 ὑπεοόσττ,σαν
2917 5399 3160 5475 οἷ’καδε),
3220 5401 3250 5455 6
3316 5399 3377 5456 δε
3428 5393 3722 5470 Ῥωμαϊκὸς

2071 5512 2296 5566 στρατος
2341 5493 2431 5544 τὸν
2466 5489 2858 5565 Ἀπλησφάρην
2891 5489 3016 5545 εἶ’σω
3054 5495 3153 5544 τοῦ
3202 5490 3437 5566 τείχους
3483 5482 3724 5562 συγκλεί-

2071 5601 2275 5648 σαντες,
2329 5578 2417 5633 καὶ
2456 5580 2555 5648 τὴν
2602 5579 2912 5656 περίχωρον
2963 5584 3134 5634 πᾶσαν
3184 5578 3546 5652 ληϊσάμενοι,
3600 5571 3725 5628 ἔπει-
