3968 6140
270 311 378 369 325

1344 369 1355 381 ,
1388 305 1928 366 HISTORIABUM
1975 306 2520 368 GOMPENDIUM.

3538 307 3658 367 326

268 461 350 494 σιν
404 440 489 493 καὶ
545 435 743 493 ἄκοντα
799 436 1197 500 ἀνανεώσασθαι
1247 436 1344 499 τὰς
1371 432 1602 496 σπονδὰς
1632 434 1721 488 καὶ
1756 434 1896 507 ὅμη-

2023 437 2127 505 3ui,
2161 442 2528 493 Cantzacenaa
2562 441 2817 512 regionis
2850 440 3157 512 principis.
3182 441 3323 495 Cum
3358 440 3463 496 hoc
3491 439 3658 494 Nice-

269 551 349 603 ρον
383 526 560 582 δοῦναι
594 526 920 601 Ἀρτασύραν
950 528 1038 579 τὸν
1068 526 1183 579 υἱὸν
1233 523 1505 596 Φατλοὺμ
1546 526 1643 577 τοῦ
1695 522 1897 577 οἰκείου

269 617 494 693 ἁδελφοῦ
550 620 647 670 τοῦ
703 623 801 684 τῆς
858 618 1249 684 Καντζακηνών
1326 614 1698 686 κατάρχοντος
1753 618 1897 686 γῆς·

270 710 323 761 ὃν
353 706 591 782 εἰληφὼς
626 706 653 758 ὁ
686 705 997 781 Νικηφόρος
1029 702 1264 757 ἐπάνεισι
1297 702 1432 772 πρὸς
1459 703 1557 770 τὴν
1592 699 1775 756 πόλιν,

338 832 399 887 Οἱ
429 826 752 897 Πατζινάκαι
799 824 857 880 δὶ
902 827 993 881 τὸν
1043 828 1241 898 Αἷμον,
1280 825 1354 886 ὡς
1410 824 1656 897 εἷ’πομεν,
1691 818 1905 878 διαϐάν-

275 945 377 991 τες,
420 922 503 975 καὶ
558 921 660 987 τὴν
713 918 905 991 μεταξὺ
948 916 1144 971 τούτου
1192 916 1281 970 καὶ
1339 919 1436 970 τοῦ
1479 916 1692 989 Ἴστρου
1748 935 1905 969 κατα-

284 1013 628 1079 σκ.οπήσαντες
659 1005 888 1061 πεδιάδα
915 1007 1014 1075 τήν
1049 1004 1341 1075 διήκουσαν
1398 1003 1562 1079 μεχρι
1609 1002 1902 1074 θαλάσσης,

286 1101 363 1153 καὶ
415 1100 570 1152 τόπον
632 1096 876 1171 εὑρόντες
932 1094 1099 1157 νάπας
1164 1094 1253 1147 καὶ
1331 1090 1471 1163 ἄλση
1543 1088 1742 1167 ἔχοντα
1815 1093 1901 1147 καὶ

286 1188 485 1262 λόχμας
541 1182 887 1247 παντοδαπὰς
942 1183 1031 1239 καὶ
1089 1181 1235 1258 ὕδωρ
1295 1182 1386 1236 καὶ
1440 1182 1611 1254 νομὰς
1664 1181 1903 1252 (Ἑκατὸν

283 1274 491 1350 βουνοὺς
520 1275 613 1329 τὸν
642 1272 807 1328 τόπον
858 1272 1214 1345 ὀνομάζουσιν
1277 1272 1329 1324 ol
1388 1268 1699 1345 ἐγχώριοι),
1734 1268 1907 1324 ἐκεῖσε

279 1361 725 1439 ἐγκαθιδρύονται,
748 1360 837 1416 καὶ
879 1358 1150 1435 ἐκδρομὰς
1182 1359 1407 1422 αὐτόθεν
1467 1358 1788 1431 ποιούμενοι
1844 1358 1905 1411 οὐ

280 1454 433 1527 μικρὰ
486 1454 586 1521 τὴν
641 1452 741 1505 ὑπὸ
772 1450 1078 1522 Ῥωμαίους
1132 1447 1383 1506 ἐλύπουν.
1418 1449 1477 1505 Ὁ
1534 1445 1591 1501 δὲ
1653 1445 1904 1522 βασιλεὺς

279 1543 673 1616 μεταπέμπεται
728 1540 818 1594 τὸν
878 1537 1107 1612 Κεγένην
1168 1537 1256 1592 ἐπὶ
1330 1532 1617 1609 συμϐουλῇ
1678 1536 1751 1597 εἰς
1807 1537 1905 1605 τὴν

281 1629 553 1707 βασιλίδα·
603 1629 694 1684 καὶ
750 1629 823 1689 ὡς
881 1625 1097 1682 εἷ’σεισιν
1158 1625 1311 1690 εὐθὺς
1374 1627 1508 1698 μετᾶ
1563 1626 1762 1686 παντὸς
1812 1629 1908 1679 τοῦ

278 1721 463 1775 οἰκείου
523 1723 773 1792 στρατοῦ,
801 1718 893 1772 καὶ
957 1721 1291 1785 κατασκηνοῖ
1348 1716 1483 1769 κατὰ
1539 1716 1636 1782 τὴν
1696 1714 1908 1788 ἀφωρι-

2013 526 2233 597 phorus
2264 527 2322 582 in
2356 529 2560 583 urbem
2602 529 2796 585 rediit.

2085 829 2402 883 Patzinacsa
2454 834 2649 885 autem
2702 832 2925 898 Haemo,
2961 836 3021 885 ut
3070 832 3459 895 ostendimus,
3491 848 3664 901 supe-

2014 926 2162 983 rato,
2200 918 2499 989 planitiem
2523 921 2819 991 quaeinter
2849 921 3002 974 hunc
3036 925 3093 975 et
3126 922 3337 974 Istrum
3363 920 3668 991 interjacct

2016 1008 2083 1061 ad
2121 1023 2278 1062 mare
2311 1025 2496 1078 usque
2523 1014 2789 1079 porrecta
2819 1010 3272 1080 speculati,cum
3308 1009 3670 1064 invenissent

2015 1095 2209 1151 locum
2241 1096 2319 1150 ibi
2352 1097 2537 1152 saltus
2570 1102 2621 1153 et
2670 1097 2832 1152 lucos
2864 1099 3173 1169 omnisque
3215 1099 3448 1168 generis
3490 1098 3669 1152 silvas

2015 1191 2072 1240 et
2101 1202 2313 1255 aquam
2347 1202 2413 1241 ac
2436 1203 2655 1257 pascua
2684 1186 2997 1241 habentem
3032 1186 3255 1253 (incolae
3297 1186 3486 1241 locum
3520 1188 3669 1241 Cen-

2016 1277 2141 1327 tum
2194 1273 2372 1329 colles
2405 1274 2824 1346 appellabant),
2857 1276 2913 1329 in
2946 1292 3012 1330 eo
3052 1276 3461 1340 consederunt,
3494 1284 3668 1347 atque

2016 1362 2150 1416 inde
2177 1362 2344 1417 factis
2367 1363 2811 1418 excursionibus
2837 1363 3101 1419 subditos
3132 1365 3523 1418 Romanorum
3550 1381 3665 1419 non

2018 1451 2218 1506 leviter
2249 1459 2549 1506 vexarunt.
2584 1453 2730 1523 Ergo
2763 1454 3021 1524 Kegenes
3071 1452 3441 1507 consultandi
3490 1470 3672 1509 causa

2019 1541 2090 1594 ab
2125 1540 2473 1610 imperatore
2521 1546 2793 1595 evocatus
2827 1557 2958 1596 cum
3003 1542 3279 1595 omnibus
3327 1542 3453 1595 suis
3485 1536 3670 1611 Copiis

2020 1629 2091 1682 ad
2125 1629 2328 1683 urbem
2363 1629 2603 1698 accedit,
2630 1634 2686 1683 et
2716 1635 2911 1685 castra
2955 1630 3092 1684 facit
3132 1631 3189 1684 in
3214 1647 3421 1701 campo
3455 1631 3670 1701 Byzan-

2022 1717 2118 1771 tiis
2152 1718 2478 1788 designato,
2508 1718 2599 1771 cui
2632 1718 2755 1773 loco
2788 1718 2993 1773 Maitas
3026 1736 3235 1773 nomen
3256 1724 3365 1773 est.
3399 1719 3668 1773 Nondum

275 1809 463 1881 σμένην
526 1804 757 1862 πεδιάδα
812 1805 1122 1875 Βυζαντίοις
1184 1803 1261 1865 εἷς
1336 1800 1522 1857 πεδίαν
1587 1800 1824 1871 (Μαίτας
1884 1803 1905 1855 ὁ

2023 1811 2219 1861 autem
2251 1823 2381 1861 cum
2416 1808 2769 1879 imperatore
2799 1824 3365 1879 cougressus,neque
3388 1825 3492 1862 cur
3519 1813 3675 1863 esset

274 1899 430 1959 τόπος
459 1896 911 1968 κατονομάζεται)
946 1892 1036 1947 σὺν
1088 1895 1279 1947 ἅπαντι
1319 1896 1399 1963 τῷ
1458 1895 1689 1965 στρατῷ.
1727 1892 1913 1959 Μήπω

275 1986 326 2041 δὲ
356 1986 597 2062 ἐντυχὼν
643 1989 722 2056 τῷ
769 1982 1005 2057 βασιλεῖ,
1040 1979 1169 2053 μηδ’
1200 1983 1327 2036 ὅτου
1382 1978 1690 2054 μετεκλήθη
1752 1980 1914 2055 χάριν

277 2078 477 2148 μαθὼν,
507 2069 919 2128 ἐπιϐουλεύεται
952 2070 1120 2145 ταύτῃ
1152 2074 1219 2144 τῇ
1249 2071 1395 2125 νυκτὶ
1436 2069 1539 2124 ὑπὸ
1572 2068 1916 2136 Πατζινάκων

272 2170 430 2239 τριῶν
467 2164 602 2237 μετά
630 2166 796 2240 ξιφῶν
828 2158 1164 2224 ἐπελθόντων
1225 2160 1563 2231 κοιμωμένῳ
1618 2157 1708 2211 καὶ
1766 2155 1913 2225 πλη-

271 2256 363 2328 γεὶς
414 2251 813 2326 ἐπενεγκόντων
879 2248 1045 2321 αὐτῷ,
1101 2250 1175 2321 μὴ
1241 2248 1425 2320 μέντοι
1482 2246 1714 2321 καιρίας’
1766 2266 1914 2320 γνω-

273 2345 480 2407 σθέντες
504 2342 603 2416 γάρ
637 2339 790 2403 εὐθὺς
846 2338 949 2393 ὑπὸ
1006 2342 1113 2391 τῶν
1156 2334 1770 2413 σωματοφυλακούντων
1822 2335 1914 2395 τάς

267 2454 321 2487 τε
380 2431 603 2506 πληγάς
681 2430 914 2489 ἀσθενεῖς
990 2426 1323 2503 ἐπιφέρουσι,
1382 2424 1470 2478 καὶ
1536 2424 1672 2494 πρὸς
1740 2424 1911 2499 φυγὴν

271 2523 603 2595 ὁρμήσαντες
641 2515 1128 2593 βοηδρομήσαντος
1169 2518 1264 2568 τοῦ
1296 2511 1544 2583 πλήθους
1578 2511 1711 2584 μετὰ
1765 2508 1912 2567 Βαλ-

268 2610 397 2684 τζάρ
456 2609 578 2662 υἱοῦ
634 2611 730 2660 τοῦ
790 2604 1052 2679 Κεγένους
1110 2601 1445 2657 ἁλίσκονται.
1481 2602 1681 2658 Ἑωθεν
1735 2597 1825 2653 οὖν
1886 2600 1912 2651 ὁ

272 2698 519 2771 Βαλτζᾶρ
550 2695 630 2765 ἐφ’
664 2694 874 2767 ἀμάξης
923 2687 1291 2766 τετρατρόχου
1344 2690 1433 2743 τὸν
1494 2691 1683 2743 ἑαυτοῦ
1713 2687 1915 2760 πατέρα

274 2788 405 2855 θεὶς,
435 2782 685 2845 καὶτοὺς
736 2777 1219 2841 ἐπιϐουλεύσαντας
1271 2774 1486 2841 ὄπισθεν
1543 2784 1642 2846 τῆς
1702 2777 1912 2849 ἁμάξης

271 2874 443 2931 ἕλκων
476 2870 889 2943 πεπεδημένοιες
923 2866 1097 2942 (οὐδὶν
1144 2868 1245 2942 γὰρ
1297 2866 1374 2928 εἷς
1429 2864 1621 2927 αὐτοὺς
1683 2862 1915 2938 διαπρά-

274 2964 451 3033 ξασθαι
486 2961 655 3015 πλέον
700 2957 999 3030 ἐτόλμησεν
1052 2952 1460 3028 ἐπιϐοωμένους
1507 2954 1596 3008 τὸν
1646 2951 1912 3027 βασιλέα),

280 3054 388 3123 ἅμα
417 3050 582 3105 παντὶ
614 3048 832 3126 ἐφίππῳ
882 3051 960 3118 τῷ
1010 3049 1243 3120 στρατῷ,
1274 3044 1435 3104 αὐτὸς
1492 3043 1651 3110 πεζὸς
1698 3040 1789 3095 σὺν
1839 3045 1915 3111 τῷ

270 3139 489 3217 ἀδελφῷ
524 3137 766 3209 ΓουΛίνῳ
798 3134 1062 3206 ἐπόμενος
1089 3136 1156 3207 τῇ
1190 3132 1365 3205 ἁμάξῃ
1398 3132 1499 3185 ὑπὸ
1551 3129 1697 3185 δυοῖν
1758 3130 1912 3184 ἑλκο-

273 3231 401 3303 μὲνῃ
428 3228 644 3294 ἳππων,
669 3222 885 3299 ἔρχεται
916 3224 1053 3298 πρὸς
1100 3222 1191 3276 τὸν
1244 3220 1487 3296 βασιλέα.
1522 3219 1626 3275 Καὶ
1678 3218 1810 3273 κατᾶ
1850 3218 1910 3272 τὸ

268 3316 637 3392 ἱπποδρόμιον
692 3312 982 3388 γενόμενος
1037 3310 1237 3379 ταύτην
1303 3309 1394 3381 μὶν
1450 3306 1664 3378 ’ίστησιν
1718 3306 1909 3377 ἐκεῖσε,

266 3406 425 3467 αὐτὸς
469 3403 531 3458 δὲ
563 3401 747 3458 εἷ’σεισι
780 3402 915 3476 πρὸς
954 3399 1047 3453 τὸν
1101 3395 1349 3473 βασιλέα,
1379 3400 1478 3460 τῆς
1528 3395 1718 3470 φήμης
1774 3415 1910 3468 προ-

267 3493 585 3569 δραμούσης
631 3492 717 3545 καὶ
768 3486 1286 3564 προοδοποιησάσης
1332 3485 1480 3556 αὐτῷ
1517 3486 1615 3553 τήν
1676 3480 1909 3539 εἷ’σαδον.

262 3586 355 3641 Ὃν
389 3579 707 3656 εἷσαχθὲντα
738 3579 765 3633 ὁ
801 3575 1051 3654 βασιλεὺς
1104 3574 1333 3648 ἐπήρετο
1383 3570 1472 3627 διὰ
1520 3571 1570 3626 τί
1624 3573 1699 3645 μὴ
1760 3572 1913 3635 εὐθὺς

262 3672 515 3747 τιμωρὸς
576 3669 781 3744 ἐγένετο
836 3670 940 3720 τῶν
1001 3669 1098 3719 τοῦ
1156 3665 1355 3737 πατρὸς
1408 3662 1648 3733 φονέων·
1700 3666 1796 3716 τοῦ
1856 3659 1913 3716 δὲ

267 3761 801 3839 φήσαντος,”’οτιπερ
832 3756 894 3810 τὸ
926 3755 1010 3821 σὸ,
1044 3751 1405 3807 ἐπεκαλοῦντο
1439 3755 1683 3825 συνεχῶς
1715 3747 1910 3823 ὄνομα,

267 3838 339 3913 εἷς
375 3847 621 3921 ὑποψίας
677 3845 914 3906 ἀτόπους
963 3841 1204 3897 ἐνέπεσεν
1239 3841 1265 3893 ὁ
1303 3838 1576 3914 βασιλεὺς,
1606 3839 1695 3893 καὶ
1741 3839 1912 3913 Λόγου

261 3946 450 4003 θᾶττον
509 3936 788 4008 ἐκπέμψας
849 3930 967 4007 ἄγει
1024 3929 1151 3993 τοὺς
1210 3926 1463 4001 δεσμίους
1515 3929 1649 4002 πρὸς
1701 3928 1911 3995 ἑαυτὸν,

260 4029 346 4082 καὶ
376 4030 478 4097 τὴν
516 4024 690 4080 αῗτίαν
723 4023 1044 4085 ἐπυνθάνετο
1088 4017 1155 4073 δι’
1183 4017 1353 4093 ἥνπερ
1404 4016 1762 4091 ἐπεχείρησαν
1819 4017 1909 4071 τὸν

253 4118 548 4190 πατρίκιον
580 4110 808 4168 ἀνελεῖν,
845 4114 923 4184 [Ρ.
959 4110 1087 4181 783]
1119 4110 1237 4164 Τῶν
1273 4103 1329 4159 δὲ
1360 4106 1909 4183 φησάντων,”οτιπερ

257 4206 526 4265 κακόνους
582 4204 648 4271 ἦν
698 4205 765 4274 τῇ
821 4197 1070 4274 βασιλείᾳ
1131 4217 1225 4249 σου
1284 4194 1373 4249 καὶ
1406 4192 1676 4264 τῇπόλει,
1712 4190 1909 4269 ὄρθρου

263 4295 508 4367 μελετῶν
542 4289 796 4347 εἰσελθεῖν
842 4290 930 4343 καὶ
987 4286 1188 4347 πάντας
1245 4284 1338 4357 μὶν
1397 4283 1726 4359 κατασφάξαι
1783 4283 1908 4346 τοὺς

257 4382 433 4453 ἔνδον,
468 4381 943 4457 λαφυραγωγῆσαι
1002 4373 1058 4430 δὲ
1114 4374 1203 4428 καὶ
1258 4374 1354 4442 τήν
1406 4371 1569 4427 πόλιν
1625 4372 1714 4426 καὶ
1773 4374 1907 4446 πρὸς

256 4473 382 4534 τοὺς
449 4468 785 4538 ΙΙατζινάκας
871 4462 1289 4539 ἐπαναδραμεῖν,
1351 4459 1469 4515 δεον
1552 4460 1788 4533 ἐξετάσαι
1845 4463 1911 4515 τὰ

2026 1900 2268 1949 vocatus
2286 1896 2496 1963 sciens,
2519 1895 2625 1950 hac
2641 1895 2769 1966 ipsa
2787 1902 2955 1951 nocte
2975 1896 3207 1951 insidiis
3228 1895 3671 1975 Patzinacarum

2026 1982 2204 2036 trium
2242 1984 2478 2053 petitur,
2511 1984 2608 2054 qui
2651 1984 2870 2038 strictis
2919 1985 3160 2039 ensibus
3210 1983 3502 2039 irruentes
3546 1985 3674 2039 dor-

2029 2071 2227 2125 mienti
2262 2070 2501 2126 vulnera
2533 2072 2983 2143 imponunt,non
3024 2076 3220 2127 tamen
3252 2072 3667 2127 letbalia.Nam

2027 2177 2059 2214 a
2090 2159 2438 2215 satellitibus
2466 2162 2663 2215 statim
2698 2161 2912 2232 cogniti
2946 2162 3097 2216 ictus
3120 2182 3129 2187 ·
3150 2161 3550 2232 languidiores
3578 2161 3669 2215 in-

2026 2247 2256 2305 ferunt:
2291 2253 2347 2302 et
2377 2249 2522 2320 fugas
2563 2266 2625 2304 se
2676 2250 2879 2303 dantes
2930 2255 3269 2305 accurrente
3318 2248 3671 2320 opitulatum

2027 2336 2403 2391 multitudine
2433 2354 2565 2392 cum
2602 2337 2836 2392 Balzaro
2882 2338 3130 2410 Kegenis
3167 2337 3283 2392 lilio
3337 2339 3670 2410 capiuntur.

2025 2425 2191 2479 Mane
2222 2425 2447 2480 Baltzar
2468 2427 2666 2480 currui
2697 2432 2949 2497 quatuor
2969 2426 3208 2481 habenti
3245 2431 3401 2482 rotas
3423 2427 3675 2497 imponit

2026 2521 2273 2586 patrem,
2325 2520 2380 2570 et
2426 2532 2804 2584 percussores
2854 2521 2985 2587 post
3037 2532 3168 2570 eum
3220 2516 3444 2571 vinctos
3492 2516 3673 2571 trahit

2026 2602 2194 2673 (nihil
2226 2605 2380 2657 enim
2413 2603 2670 2674 amplius
2699 2611 2957 2659 statuere
2985 2605 3056 2659 de
3085 2605 3170 2659 eis
3211 2605 3482 2672 audebat,
3516 2606 3669 2677 quod

2026 2692 2430 2761 imperatorem
2462 2692 2902 2764 appellassent),
2928 2698 2985 2748 et
3014 2693 3172 2748 omni
3206 2710 3311 2748 suo
3343 2709 3476 2748 cum
3507 2711 3671 2749 exer-

2025 2781 2142 2836 citu
2174 2782 2428 2852 equestri
2472 2783 2645 2853 pedes
2695 2782 2843 2839 595
2879 2783 3004 2853 ipse
3048 2799 3181 2837 cum
3232 2783 3411 2838 fratre
3459 2782 3672 2838 Gulino

2026 2870 2583 2925 currumaduobus
2642 2875 2894 2924 tractum
2946 2870 3112 2941 equis
3163 2888 3414 2942 sequens
3464 2873 3666 2927 urbem

2028 2959 2248 3025 intrat;
2283 2975 2536 3030 cumque
2568 2960 2639 3013 ad
2673 2958 2904 3013 Circum
2937 2959 3559 3029 pervenisset,currum
3593 2961 3672 3015 ibi

2026 3046 2241 3100 sistens
2272 3048 2341 3101 ad
2394 3047 2804 3118 imperatorem
2866 3066 2924 3102 se
2967 3047 3208 3114 confert,
3242 3065 3352 3115 quo
3374 3050 3501 3120 jam
3534 3054 3669 3104 ante

1945 3177 1987 3243 α
2028 3135 2183 3189 fama
2207 3141 2583 3233 praecurrerat
2615 3134 2877 3206 ipsisque
2924 3136 3147 3190 aditum
3175 3137 3402 3243 fecerat.
3430 3137 3666 3192 Admis-

2029 3240 2161 3277 sum
2216 3223 2533 3294 imperator
2578 3228 2950 3293 percontatur
2978 3240 3082 3278 cur
3131 3241 3242 3279 non
3275 3222 3432 3279 illico
3482 3226 3695 3297 patris.

2023 3328 2396 3383 percussores
2427 3313 2712 3383 supplicio
2745 3312 3015 3367 effecerit.
3052 3313 3401 3383 Respondet,
3434 3314 3578 3378 Quia
3610 3319 3665 3369 te

2021 3399 2340 3455 identidem
2392 3400 2738 3455 nominatim
2795 3401 3159 3455 invocabant.
3206 3402 3351 3456 Hinc
3399 3402 3665 3458 absurdae

2022 3488 2238 3543 obortae
2296 3489 2676 3544 Monomacbo
2734 3489 3122 3560 suspiciones,
3157 3507 3222 3544 ac
3280 3489 3433 3545 dicto
3492 3491 3665 3546 citius

2024 3576 2190 3631 missi
2255 3578 2352 3648 qui
2413 3578 2635 3633 vinctos
2688 3579 2830 3633 istos
2888 3578 3266 3644 adducerent,
3311 3595 3666 3651 causamque

2022 3666 2273 3736 exquirit
2304 3684 2419 3738 qua
2448 3668 2518 3722 ad
2546 3684 2745 3722 necem
2780 3667 3024 3738 Kegenis
3056 3667 3285 3738 patricii
3316 3669 3531 3723 fuerint
3560 3669 3665 3723 im-

2023 3754 2199 3825 pulsi.
2232 3754 2317 3809 Illi
2350 3755 2500 3810 banc
2549 3756 2851 3827 proferunt
2882 3755 3128 3810 inﬁdum
3179 3756 3424 3827 imperio
3458 3757 3666 3812 Roma-

2023 3861 2097 3898 no
2130 3844 2313 3899 luisse
2356 3849 2647 3916 Kegenem
2698 3850 2872 3915 atque
2921 3844 3073 3911 urbi,
3127 3849 3184 3899 et
3228 3846 3285 3899 in
3319 3845 3511 3900 animo
3562 3846 3665 3901 ha-

2022 3932 2222 3987 buisse
2281 3933 2469 4003 prima
2521 3934 2648 3987 luce
2707 3935 2909 3987 urbem
2959 3933 3207 4004 ingredi,
3240 3934 3665 4005 trucidatisque

2022 4022 2296 4076 omnibus
2330 4023 2427 4093 qui
2480 4023 2638 4077 intus
2669 4028 3021 4085 essent,eam
3072 4022 3346 4093 diripere,
3382 4027 3560 4094 atque
3591 4025 3663 4079 ad

2019 4111 2359 4166 Patzinacas
2393 4111 2618 4165 reverti.
2641 4110 2738 4165 llic
2772 4112 3088 4180 imperator
3116 4128 3249 4165 cum
3281 4111 3574 4180 inquirere
3604 4112 3662 4167 in

2019 4201 2174 4255 dicta
2207 4209 2261 4254 et
2309 4200 2609 4254 veritatem
2664 4199 3012 4270 perscrutari
3047 4200 3313 4265 debebat,
3349 4200 3569 4257 omissa
3598 4219 3664 4257 ea

2019 4306 2161 4344 cura
2194 4289 2368 4343 ﬁdem
2403 4288 2639 4343 incertis
2659 4295 2715 4343 et
2744 4288 2893 4342 male
2914 4288 3340 4345 cohwrentibus
3358 4289 3665 4346 calumniis

2018 4379 2308 4447 deferens,
2340 4382 2630 4450 Kegenem
2680 4378 2734 4431 in
2770 4376 3051 4448 palatium
3101 4377 3502 4433 introductum
3553 4380 3664 4434 sub

2017 4466 2339 4521 curationis
2369 4483 2433 4520 ac
2459 4465 2760 4520 medicinas
2783 4465 3049 4536 speciein
3080 4466 3465 4538 Elephantina
3485 4466 3667 4522 inclu-

259 4561 526 4637 λεχθέντα
586 4559 675 4613 καὶ
730 4558 902 4629 εὑρεῖν
965 4556 1062 4622 τήν
1123 4551 1465 4621 ἀλήθειαν,ὁ
1506 4548 1562 4604 δὲ
1590 4555 1754 4604 τοῦτο
1817 4552 1905 4623 μὶν

2023 4555 2124 4619 dit,
2159 4554 2308 4610 lilios
2340 4557 2468 4626 ejus
2498 4572 2531 4608 a
2561 4571 2622 4609 se
2652 4553 2903 4608 invicem
2934 4554 3195 4610 divulsos
3244 4555 3488 4611 diversis
3519 4555 3662 4612 locis

259 4651 356 4704 οὐκ
408 4648 685 4717 ἐποίησεν,
746 4643 868 4699 ἀλλ’
922 4640 1240 4701 ἀδεσπότοις
1300 4638 1583 4701 πιστεύσας
1640 4660 1901 4715 συκοφαν-

257 4740 397 4801 τίαις
429 4738 524 4793 καὶ
561 4733 902 4802 ἀσυστάτοις,
934 4732 1023 4786 τὸν
1062 4730 1155 4803 μὶν
1204 4727 1437 4801 Κεγένην
1487 4725 1601 4801 ἄγει
1651 4727 1786 4802 πρός
1844 4730 1910 4782 τὰ

262 4827 518 4900 βασίλεια
563 4826 649 4879 καὶ
703 4823 753 4877 ἐν
812 4822 1172 4895 προσχήματι
1239 4815 1385 4890 τάχα
1463 4814 1745 4888 θεραπείας
1817 4817 1903 4870 καὶ

261 4916 499 4989 ἷάτρείας
532 4913 586 4968 ἐν
630 4916 697 4986 τῇ
759 4908 1069 4986 ἐλεφαντίνῃ
1111 4904 1477 4978 καθείργνυσι,
1508 4903 1633 4965 τοὺς
1682 4901 1738 4958 δὲ
1778 4906 1907 4958 τού-

252 5025 349 5058 του
407 5003 563 5065 υἱοὺς
620 5000 669 5055 ἐν
723 5000 889 5073 ἐτέρῳ
944 4996 1032 5051 καὶ
1083 4996 1245 5068 ἐτέρῳ
1291 4993 1445 5064 τόπῳ
1496 4990 1760 5061 διίστησιν
1818 4993 1909 5048 ἀπ’

260 5093 453 5147 αὐτοῦ.
486 5092 556 5145 Τὸ
589 5088 644 5144 δὲ
690 5088 899 5157 πλῆθος
946 5090 1052 5139 τῶν
1106 5081 1453 5150 Πατζινάκων
1511 5082 1760 5156 βρώμασι
1818 5081 1908 5135 καὶ

254 5181 465 5253 πόμασι
499 5180 776 5239 παντοίοις
806 5176 940 5251 πρὸς
971 5174 1033 5228 τὸ
1076 5171 1252 5227 δοκεῖν
1302 5170 1503 5225 εὐνοεῖν
1547 5164 1905 5243 ἀνελάμϐανε,

260 5268 605 5335 σπεύδων,εί
668 5266 780 5321 οἶόν
837 5286 917 5337 τε,
943 5267 1050 5317 τῶν
1102 5261 1357 5335 ἁρμάτων
1412 5258 1640 5321 τούτους
1696 5258 1906 5334 ἀπογυ-

263 5360 479 5428 μνώσαι
506 5357 595 5411 καὶ
625 5361 731 5410 τῶν
759 5354 948 5408 ἵππων
975 5352 1061 5406 καὶ
1096 5353 1386 5423 κατασχεῖν
1433 5347 1521 5402 καὶ
1581 5352 1905 5423 φρουρῆσαι,

257 5447 388 5509 τοὺς
420 5446 772 5518 ἐπιθεμένους
818 5446 896 5513 τῷ
949 5441 1099 5519 φόνῳ
1157 5436 1357 5498 ἀνέτως
1419 5438 1505 5490 καὶ
1566 5434 1906 5513 ἐλευθερίως,

252 5535 358 5604 ὅπη
394 5535 486 5588 καὶ
534 5534 607 5597 ὡς
660 5531 972 5608 βούλονται,
1007 5526 1206 5603 διάγειν
1259 5524 1547 5586 κελεύσας.
1584 5526 1681 5579 Καῖ
1734 5524 1905 5581 ἐδόκει

262 5625 354 5696 μὲν
377 5629 547 5679 ταῦτα
580 5621 1008 5699 διαπραξάμενος
1056 5615 1360 5684 λανθάνειν,
1392 5611 1538 5669 ἀλλά
1582 5614 1672 5668 τὸν
1730 5611 1905 5688 δῆμον

2017 4643 2283 4710 collocat,
2313 4643 2707 4713 simulataque
2738 4642 3161 4713 benevolentia,
3215 4644 3660 4700 multitudinem

2018 4733 2377 4787 Patzicarum
2427 4747 2695 4787 recreans
2728 4733 2839 4787 cibi
2884 4749 2949 4787 ac
2999 4738 3172 4802 potus
3221 4732 3379 4786 omni
3430 4748 3661 4805 genere,

2016 4821 2072 4875 id
2104 4821 2308 4891 querit
2348 4827 2412 4875 ut
2442 4820 2490 4875 si
2522 4838 2635 4890 qua
2684 4820 2808 4875 ﬁeri
2842 4821 3027 4891 possit
3078 4821 3321 4888 ratione,
3353 4822 3533 4876 armis
3564 4839 3663 4877 eos

2016 4911 2302 4982 equisque
2335 4909 2585 4965 nudatos
2616 4911 2674 4963 in
2707 4910 3031 4964 custodiam
3068 4909 3261 4964 dedat.
3300 4910 3662 4966 Percussori-

2015 4999 2146 5065 bus,
2180 4998 2513 5068 ubicunque
2564 4997 2775 5052 vellent
2804 4997 2985 5052 libere
3029 4998 3276 5069 degendi
3325 4999 3661 5055 facultatem

2015 5088 2302 5143 concedit.
2335 5088 2489 5144 596
2521 5088 2589 5141 Et
2630 5087 2875 5158 putabat
2928 5102 3068 5141 sane
3113 5104 3227 5142 non
3274 5088 3664 5144 animadverti

2016 5177 2156 5247 quid
2188 5181 2421 5247 ageret:
2449 5176 2547 5230 sed
2574 5176 2909 5230 Patzinacas
2929 5180 3120 5230 tamen
3163 5175 3407 5231 minime
3432 5176 3657 5233 fefellit.

2016 5266 2159 5320 Nam
2214 5264 2361 5319 nihil
2423 5264 2560 5319 boni
2617 5263 2937 5335 significari
2995 5280 3059 5319 eo
3101 5264 3448 5336 judicabant
3505 5268 3660 5338 quod

2016 5355 2222 5409 ducem
2255 5354 2519 5424 ipsorum
2552 5353 2847 5408 detinebat
2878 5369 2943 5406 ac
2993 5355 3146 5424 quod
3180 5354 3332 5409 ﬁlios
3384 5355 3511 5425 ejus
3543 5355 3662 5411 dis-

2011 5445 2283 5515 junxerat
2312 5460 2323 5507 ;
2358 5448 2414 5496 et
2446 5442 2771 5496 libertatem
2824 5444 3263 5511 percussoribus
3313 5444 3662 5515 permissam

2017 5550 2121 5604 pro
2155 5536 2350 5603 aperto
2400 5530 2817 5586 malevolentiae
2869 5532 3035 5603 signo
3084 5532 3400 5588 habebant.
3454 5534 3661 5605 Itaque

2019 5637 2091 5677 ea
2119 5638 2245 5692 quae
2279 5620 2668 5677 mittebantur
2714 5621 2787 5675 ab
2821 5619 3171 5692 imperatore
3202 5624 3347 5677 actis
3378 5621 3581 5693 gratiis
3612 5628 3669 5677 et
