3968 6140
298 349 412 407 327

1650 338 1963 399 GEORGII
2010 338 2350 399 CEDRENI

3566 352 3672 410 328

298 482 491 537 fausta
523 480 570 536 ei
608 482 908 550 precantes
941 476 1327 548 accipiebant,
1351 490 1711 547 prorsusque
1743 490 1857 545 prae
1890 489 1932 526 St

2067 470 2164 524 οὐκ
2195 468 2351 526 ἔλαθε
2380 477 2486 527 τῶν
2540 475 2904 542 Ιῐατζινάκων.
2939 477 3050 545 Τήν
3108 498 3164 532 τε
3223 479 3324 553 γὰρ
3380 484 3470 534 τοῦ
3524 483 3679 537 αὐτῶν

302 571 561 625 ferebant
593 570 790 622 omnia
829 566 938 621 sibi
993 566 1247 637 probari.
1281 564 1389 619 Sed
1426 569 1595 617 nocte
1646 563 1814 629 facta,
1852 579 1949 616 ne-

302 661 459 714 mine
509 658 866 729 suspicante,
900 672 929 709 e
959 655 1169 709 castris
1217 656 1636 717 discesserunt,
1671 668 1737 705 ac
1768 651 1953 705 couti-

302 753 509 802 nonter
552 764 653 818 per
696 751 879 799 totam
932 750 1158 798 noctem
1212 744 1361 796 facto
1390 742 1620 806 itinere,
1654 739 1827 793 tertio
1862 740 1955 792 die

305 836 563 889 Haemum
586 832 941 903 transgressi
969 830 1208 901 reliquis
1234 847 1294 885 se
1318 829 1743 898 conjunxerunt
1766 826 1953 880 Patzi-

304 925 485 979 nacis.
535 924 675 978 Cum
732 939 933 977 omnes
988 922 1045 974 in
1102 937 1284 974 unum
1338 919 1671 983 coivissent,
1710 917 1955 986 jamque

302 1016 478 1069 etiam
514 1030 809 1067 armorum
857 1012 1002 1065 satis
1034 1026 1309 1080 magnam
1364 1012 1673 1080 parassent
1703 1005 1952 1076 capiam,

301 1110 559 1160 Haemum
611 1107 937 1170 transeunt,
971 1101 1298 1170 castrisque
1350 1100 1421 1153 ad
1471 1097 1678 1152 Aulam
1726 1097 1803 1166 (id
1843 1103 1952 1161 est,

302 1195 609 1249 castellum
654 1193 709 1247 in
748 1209 1019 1263 processu
1077 1190 1290 1244 montis
1342 1188 1543 1253 lla‘mi,
1580 1186 1730 1241 haud
1791 1184 1956 1251 longe

300 1283 674 1353 Adrian-)poli
734 1282 938 1351 situm)
1020 1280 1185 1334 factis
1262 1278 1472 1350 prmdis
1553 1276 1796 1345 agendis
1861 1292 1954 1329 se-

299 1374 465 1427 dant.

2063 559 2439 633 καθηγεμόνος
2500 563 2822 637 κατάσχεσιν
2880 565 2969 616 καὶ
3018 566 3117 633 τήν
3166 571 3270 619 τῶν
3329 565 3521 623 ἐκείνου
3570 572 3685 625 υἱῶν

2066 645 2328 717 διάζευξιν
2360 647 2420 703 οὒ
2453 652 2695 724 χρηστὸν
2731 651 2926 705 οἰωνὸν
2973 651 3310 729 ἐλογίζοντο,
3340 656 3424 710 καὶ
3480 665 3687 731 σημεῖον

2063 737 2353 799 κακονοίας
2430 740 2700 816 προφανὲς
2782 739 3026 813 ἐνόμιζεν
3082 743 3181 810 τὴν
3240 749 3344 797 τῶν
3405 742 3690 801 ἐπιϐούλων

2065 824 2389 898 ἐλευθερίαν.
2446 828 2537 881 Διὸ
2614 828 2702 881 καὶ
2781 830 2849 882 τά
2930 831 3025 902 μὶν
3098 833 3404 908 πεμφθέντα
3469 832 3687 905 ἐδέξαντο

2070 916 2181 986 μετ’
2234 914 2603 989 εὐχαριστίας,
2663 917 2751 970 καὶ
2809 918 2899 972 τὸν
2962 919 3185 991 βασιλέα
3232 921 3562 995 εὐφήμησαν,
3608 926 3687 979 καὶ

2066 1001 2133 1057 δι’
2165 1001 2237 1057 ὧν
2266 1003 2481 1057 ἐποίουν
2516 1002 2951 1080 ἀποδεχομένοις
2987 1008 3218 1080 έῲκεσαν
3267 1012 3333 1063 τὰ
3377 1014 3684 1087 πραχθέντα·

2062 1093 2253 1155 νυκτὸς
2333 1090 2389 1146 δὲ
2471 1092 2860 1168 ἐπιγενομένης
2895 1141 2907 1161 ,
2972 1094 3204 1168 μηδενὸς
3279 1101 3688 1165 ὑποτοπάσαντος

2066 1179 2285 1256 ἄραντες
2342 1182 2400 1235 ἐκ
2458 1185 2552 1251 τῆς
2610 1179 2972 1257 παρεμϐολῆς
3032 1186 3123 1240 καὶ
3178 1188 3414 1260 συντόνῳ
3472 1187 3689 1261 δι’δλης

2064 1271 2251 1333 νυκτὸς
2282 1270 2619 1345 χρησάμενοι
2650 1276 2718 1344 τῇ
2755 1270 3059 1349 ὁδοιπορίᾳ,
3090 1282 3324 1348 τριταῖοι
3380 1278 3466 1331 τὸν
3526 1282 3688 1352 Αἷμον

2066 1355 2341 1420 διαϐάντες
2393 1358 2636 1415 ἐνοῦνται
2694 1361 2784 1415 καὶ
2837 1363 2992 1417 αὐτοὶ
3049 1368 3128 1435 τῷ
3183 1362 3382 1435 πλήθει
3444 1372 3545 1421 τῶν
3593 1374 3687 1423 Πα-

296 1462 579 1530 τζινάκων.
615 1460 901 1531 Γενόμενοι
962 1464 1092 1531 γοῦν
1151 1457 1376 1517 ἅπαντες
1432 1456 1517 1528 ὑφ’
1575 1453 1652 1521 ἓν,
1712 1450 1819 1522 ἤδη
1875 1448 1932 1505 δὲ
1979 1452 2068 1504 καὶ
2127 1449 2311 1505 ὅπλων
2363 1450 2739 1525 ἀποχρώντως
2808 1453 3188 1525 ηὐπορηγότες
3238 1453 3532 1531 διαπερῶσι
3602 1463 3686 1514 τὸ·

300 1554 372 1604 Δγ
660 1549 674 1568 \
848 1570 867 1579 ⁸
920 1542 950 1601 6
994 1546 1056 1600 λ’
1189 1547 1202 1561 ‘
1452 1544 1473 1577 Ἰ
1776 1542 1788 1556 ⁸
1886 1542 1938 1580 ’““
2010 1537 2156 1595 ἕλ”λὶ
2388 1539 2411 1575 ν’
2865 1542 2877 1561 ’
2941 1544 2954 1561 ‘
3162 1546 3176 1562 κ
3311 1546 3324 1564 \
3445 1547 3458 1569 ε
3623 1549 3633 1566 ι

355 1571 524 1622 ιμον,
586 1571 675 1603 και
734 1568 917 1620 παρεμ
957 1569 987 1600 ο
1032 1568 1097 1614 ην
1151 1567 1243 1618 μεν
1304 1564 1606 1619 πηγνύουσι
1663 1562 1799 1596 κατα
1852 1562 1953 1608 τη)
2063 1563 2086 1591 ο
2132 1561 2195 1607 ην
2258 1542 2537 1616 (φρούριον
2600 1538 2656 1594 δὲ
2712 1544 2746 1610 ἡ
2806 1541 2962 1611 Αυλη
3049 1565 3183 1598 κατα
3268 1567 3361 1607 τας
3440 1568 3690 1622 υπωρειας

300 1640 569 1713 [κειμένη]
599 1644 697 1694 τοῦ
752 1636 930 1710 Αἴμου
979 1637 1067 1692 καὶ
1127 1637 1188 1691 οὐ
1237 1635 1375 1690 πάνυ
1434 1633 1621 1709 πὸῤῥω
1680 1632 1925 1703 κείμενον
1980 1628 2509 1704 Ἀδριανουπόλεως)
2565 1633 2652 1686 καὶ
2712 1633 2847 1708 πρὸς
2906 1633 3199 1704 λεηλασίαν
3254 1636 3344 1690 καὶ
3394 1637 3536 1692 λείαν
3578 1641 3687 1715 τρέ.

298 1751 512 1785 πονται.

372 1822 531 1884 Quod
567 1820 661 1874 ubi
698 1818 969 1890 cognovit
1000 1819 1116 1872 dux
1161 1816 1497 1871 Occidentis
1528 1813 1948 1868 Constantinus
1984 1812 2030 1875 B

299 1911 582 1981 magister
608 1908 1059 1985 Arianites,ipse
1088 1921 1318 1977 quoque
1346 1905 1699 1958 instructum
1726 1901 1945 1956 exerci-

297 2004 421 2053 tum
467 1998 841 2068 Adrianopoli
875 2002 1077 2050 contra
1106 2012 1204 2049 eos
1256 1994 1479 2059 educit;
1513 1998 1568 2046 et
1599 1992 1785 2062 primo
1813 1989 1945 2060 qui-

298 2088 429 2141 dem
462 2087 519 2139 in
572 2087 862 2157 quosdam
910 2084 1176 2154 palantes
1223 2082 1486 2135 incidens
1539 2096 1659 2134 rem
1707 2078 1949 2133 feliciter

297 2175 466 2247 gerit,
492 2176 591 2229 sed
619 2176 688 2229 ad
716 2173 1019 2228 castellum
1045 2171 1254 2225 deinde
1279 2169 1606 2239 Dampolim
1636 2184 1946 2221 occurrens

298 2264 665 2319 multitudini
698 2263 954 2318 hostium
984 2261 1255 2327 vincitur,
1290 2259 1492 2313 multis
1529 2256 1946 2311 Macedonibus

297 2370 364 2407 ac
388 2353 713 2407 Thracibus
741 2350 996 2405 amissis.
1024 2349 1369 2404 Ceciderunt
1392 2346 1563 2401 etiam
1602 2345 1943 2400 Theodorus

297 2443 445 2498 597
482 2442 852 2511 Strabomyta
883 2445 939 2493 et
964 2438 1154 2508 Polys,
1211 2436 1427 2491 illustri
1477 2435 1601 2490 loco
1633 2435 1749 2489 nati
1785 2440 1840 2488 et
1869 2436 1941 2489 ob

292 2531 568 2585 violatam
601 2528 872 2584 Tornicio
896 2528 1071 2581 ﬁdem
1106 2525 1384 2579 illustres.
1421 2524 1697 2595 Magister
1743 2523 1942 2576 Adria-

294 2619 549 2689 n0polim
587 2633 855 2671 reversus
888 2632 988 2686 per
1021 2614 1242 2667 litteras
1274 2614 1686 2683 imperatorem
1720 2612 1790 2665 de
1841 2628 1940 2663 ac-

293 2712 458 2776 cepta
487 2707 651 2761 clade
682 2706 869 2767 docet,
902 2709 1215 2772 monetque
1246 2718 1391 2754 novo
1423 2716 1553 2754 esse
1604 2716 1748 2769 opus
1778 2715 1935 2753 exer-

292 2795 448 2860 citu;
482 2810 615 2847 nam
652 2809 785 2847 cum
837 2790 1224 2861 praesentibus
1269 2787 1454 2857 copiis
1504 2788 1785 2841 adversus
1817 2793 1933 2841 tam

294 2898 675 2937 numerosum
709 2880 967 2935 hostium
1022 2877 1361 2942 exercitum,
1396 2876 1483 2930 cui
1517 2893 1594 2930 eae
1619 2877 1741 2944 jam
1776 2881 1938 2947 terga

294 2972 704 3031 obvertissent,
739 2968 900 3022 nullo
935 2968 1105 3022 modo
1149 2982 1270 3020 rem
1305 2966 1422 3034 geri
1458 2981 1645 3036 posse.
1679 2964 1807 3019 Jam
1841 2983 1940 3019 an-

293 3063 531 3127 tequam
563 3056 788 3110 litteras
820 3054 1112 3125 acciperet
1141 3053 1477 3122 imperator,
1512 3052 1583 3106 de
1608 3053 1838 3121 jactura
1868 3069 1935 3106 ea

2132 1811 2298 1882 Ὅπερ
2363 1812 2728 1884 μαθὼνὸτῆς
2789 1812 2997 1874 Δύσεως
3056 1813 3241 1889 ἄρχων
3305 1821 3688 1880 Κωνσταντῖνος

2061 1899 2352 1973 μάγιστρος
2413 1902 2440 1953 ὁ
2501 1900 2825 1975 Ἀριανίτης,
2884 1902 2970 1955 καὶ
3050 1902 3209 1964 αὐτὸς
3270 1907 3689 1980 παρεσκευασμέ-

2054 2008 2147 2047 νας
2181 1983 2322 2062 ἔχων
2380 1989 2473 2049 τὰς
2505 1989 2639 2064 ἀμφ’
2670 1990 2831 2043 αὐτὸν
2896 1987 3170 2063 δυνάμεις,
3204 1993 3337 2068 ἄρας
3399 1993 3448 2066 ἐξ
3485 1993 3683 2069 Ἀδρια-

2054 2075 2369 2131 νουπόλεως
2424 2071 2641 2152 ἔρχεται
2724 2080 2838 2132 κατ’
2887 2078 3083 2135 αὐτῶν.
3141 2082 3238 2135 Καὶ
3310 2084 3538 2157 σποράσι
3597 2083 3683 2154 μέν

2053 2186 2190 2217 τισιν
2247 2165 2298 2218 ἐι
2351 2170 2430 2236 τῷ
2487 2167 2696 2220 ἀπιέναι
2752 2169 3062 2243 περιτυχὼν
3097 2168 3416 2243 εὐτύχησεν·
3453 2173 3558 2226 εἶτα
3605 2174 3684 2225 καὶ

2054 2254 2198 2327 παρὰ
2244 2255 2304 2308 τὸ
2364 2253 2655 2329 λεγόμενον
2717 2255 2998 2328 Δάμπολιν
3061 2259 3323 2333 φρούριον
3369 2265 3684 2331 συναντήσας

2052 2347 2132 2414 τῷ
2164 2341 2363 2413 πλήθει
2396 2343 2487 2395 καὶ
2517 2338 2844 2417 προσϐαλὼν
2906 2348 3155 2413 ἡττᾶται,
3189 2347 3464 2402 πεσόντων
3510 2348 3559 2403 ἐν
3613 2355 3684 2421 τῷ

2051 2430 2285 2503 πολέμῳ
2345 2428 2669 2487 Μακεδόνων
2724 2432 2813 2486 καὶ
2876 2440 3095 2508 Θρᾳκῶν
3147 2435 3245 2489 οὐκ
3291 2437 3515 2512 ὀλίγων,
3548 2440 3684 2493 ἀναι-

2054 2522 2309 2596 ρεθέντων
2340 2518 2395 2574 δὲ
2423 2520 2511 2574 καὶ
2544 2517 2826 2597 Θεοδώρου
2856 2528 2951 2577 τοῦ
3000 2520 3398 2599 Στραϐομύτου
3454 2529 3538 2581 καὶ
3597 2533 3683 2581 τοῦ

2051 2609 2223 2676 Πολῦ,
2257 2607 2464 2684 ἀνδρῶν
2497 2608 2556 2664 ἐκ
2585 2608 2769 2686 γένους
2803 2610 3060 2687 λαμπροῦ
3118 2614 3207 2667 καὶ
3266 2614 3554 2689 ἐπισήμων
3608 2639 3685 2691 γε-

2048 2700 2287 2770 νομένων
2344 2697 2402 2751 ἐκ
2456 2705 2555 2767 τῆς
2616 2698 2690 2760 εἲς
2736 2699 2825 2753 τὸν
2859 2702 3145 2774 Τορνίκιον
3181 2704 3451 2767 ἀπιστίας.
3484 2706 3542 2761 Ὁ
3599 2706 3683 2776 μὶν

2050 2788 2140 2842 οὗν
2197 2788 2487 2861 μάγιστρος
2567 2787 2887 2861 ὑπέστρεψεν
2974 2788 3024 2842 ἐν
3086 2788 3557 2865 Ἀδριανουπόλει,
3610 2798 3680 2864 τῷ

2053 2876 2266 2951 βασιλεῖ
2298 2873 2354 2929 δὲ
2387 2873 2476 2929 διὰ
2504 2875 2845 2950 γραμμάτων
2897 2875 3125 2953 ἅγγελος
3181 2884 3279 2934 τοῦ
3342 2882 3681 2955 ἀτυχήματος

2044 2966 2264 3040 γίνεται,
2299 2962 2465 3034 δηλοῖ
2494 2963 2551 3018 δὲ
2593 2965 2681 3019 καὶ
2723 2967 2797 3028 ὡς
2847 2963 2927 3020 δεῖ
2976 2966 3202 3041 στρατοῦ
3259 2969 3510 3032 νεαλοῢς·
3562 2971 3682 3043 μετὰ

2046 3056 2148 3129 γὰρ
2176 3058 2282 3107 τῶν
2331 3054 2612 3129 παρόντων
2669 3051 2923 3108 ἀδύνατον
2975 3055 3501 3131 ἀντιπαρατάξασθαι
3558 3060 3681 3131 πρὸς

292 3145 623 3201 resciverat.
658 3148 712 3200 Is
736 3144 1059 3216 Tyrachum
1092 3148 1150 3197 et
1189 3141 1446 3212 reliquos
1496 3140 1931 3195 Patzinacarum

2049 3142 2315 3212 τοσαύτην
2374 3142 2585 3211 πληθὺν
2639 3140 2746 3213 ἤδη
2791 3144 2857 3196 τὰ
2912 3149 3055 3198 νῶτα
3084 3147 3420 3218 τρεψάντων.
3458 3150 3538 3218 [Ρ.
3568 3150 3683 3220 784]

289 3236 607 3306 principes,
641 3234 739 3305 qui
774 3234 832 3286 in
884 3234 1022 3288 urbe
1069 3231 1502 3296 detinebantur,
1536 3230 1705 3285 donis
1736 3247 1800 3284 ac
1832 3230 1935 3284 be-

293 3324 522 3379 neficiis
582 3340 721 3379 suos
774 3322 927 3385 facit,
970 3322 1317 3391 juratosque
1367 3337 1428 3373 se
1482 3324 1712 3391 gentem
1764 3336 1932 3373 suam

291 3413 622 3484 placaturos
681 3411 917 3467 emittit.
963 3410 1196 3465 Litteris
1256 3426 1424 3478 porro
1484 3409 1682 3463 missis
1735 3426 1935 3463 omnes

290 3502 615 3556 Orientales
667 3508 864 3556 evocat
912 3500 1189 3569 legiones.
1219 3498 1324 3561 Qui
1358 3515 1492 3553 cum
1542 3499 1613 3552 ab
1648 3499 1845 3568 Abydo
1877 3504 1933 3553 et

283 3589 624 3661 Chrysopoli
657 3590 1051 3659 trajecissent,
1087 3588 1500 3658 imperatorem
1552 3587 1636 3640 eis
1679 3587 1932 3657 praefecit

282 3678 672 3749 Nicephorum
708 3681 1011 3745 rectorem,
1031 3680 1089 3730 et
1112 3680 1311 3730 contra
1336 3675 1669 3729 Patzinacas
1692 3676 1928 3742 emittit,

284 3766 577 3835 simulque
608 3764 1010 3821 Catacalonem
1036 3764 1287 3819 Orientis
1316 3764 1522 3817 ducem
1554 3764 1926 3834 designatum

279 3856 669 3910 etErbebium
700 3854 1175 3923 Francopullum,
1212 3853 1582 3924 popularium
1624 3858 1763 3907 tunc
1793 3871 1926 3909 suo-

279 3961 409 3999 rum
444 3946 673 4011 ducem,
708 3946 913 3999 adesse
944 3960 1043 3998 eos
1075 3943 1280 3997 rectori
1334 3942 1579 4012 ejusque
1631 3943 1929 4013 obtempe-

277 4051 404 4087 rare
452 4034 753 4089 sententiae
794 4039 851 4088 et
902 4034 1194 4087 mandatis
1236 4031 1472 4099 jubens.
1509 4031 1561 4084 ls
1611 4031 1922 4085 exercitum

277 4126 441 4176 trans
463 4122 719 4175 Haemum
741 4120 1048 4192 perlocum
1069 4121 1161 4174 cui
1191 4121 1390 4174 Ferrea
1422 4135 1628 4173 nomen
1651 4121 1923 4189 traducit,

278 4227 644 4282 pergensque
676 4212 955 4264 adversus
1007 4209 1360 4271 Patzinacas,
1396 4209 1452 4261 in
1496 4208 1619 4261 loco
1669 4209 1921 4279 quodam

277 4316 390 4353 non
448 4299 646 4367 procul
679 4317 710 4353 a
742 4300 985 4353 Centum
1019 4297 1276 4351 Collibus
1308 4297 1418 4350 sito
1453 4298 1720 4361 (Diacene
1752 4298 1802 4351 is
1829 4316 1925 4368 ap-

273 4388 621 4459 pellabatur)
668 4393 859 4442 castra
910 4387 1044 4439 facit
1074 4385 1340 4454 valloque
1375 4390 1585 4439 munit.
1621 4386 1924 4455 Cogitabat

276 4484 466 4533 autem
504 4477 783 4547 postridie
815 4475 1030 4531 relictis
1070 4475 1147 4528 ibi
1190 4474 1647 4542 impedimentis,
1677 4481 1733 4528 et
1762 4492 1921 4545 qum-

2047 3235 2103 3285 Ὀ
2163 3230 2219 3285 δὲ
2272 3228 2526 3305 βασιλεὺς
2586 3231 2676 3285 καὶ
2730 3233 2833 3302 πρὸ
2864 3237 2970 3286 τῶν
3005 3233 3203 3288 ἐκείνου
3235 3239 3576 3309 γραμμάτων
3630 3236 3685 3289 τὸ

2045 3316 2253 3393 συμϐὰν
2300 3322 2374 3393 μὴ
2404 3320 2692 3394 ἀγνοήσας,
2723 3320 2813 3374 τὸν
2847 3322 2940 3393 μὶν
2976 3323 3170 3398 Τυρὰχ
3220 3326 3318 3377 καὶ
3366 3326 3494 3388 τοὺς
3540 3325 3588 3379 ἐν

2042 3408 2201 3464 πόλει
2250 3410 2649 3483 κατεχομένους
2695 3407 2963 3485 ἄρχοντας
3012 3416 3117 3465 τῶν
3178 3416 3530 3482 Πατζινάκων
3586 3412 3678 3467 δω-

2044 3504 2191 3574 ρεαῖς
2234 3499 2321 3552 καὶ
2406 3499 2622 3573 χάρισιν
2710 3499 3185 3573 ὑποποιησάμενος
3277 3504 3679 3580 ὑποσχομένους

2046 3588 2161 3661 μεθ’
2205 3589 2379 3658 ὅρκων
2440 3585 2775 3660 ἐξημερῶσαι
2835 3589 2897 3642 τὸ
2956 3584 3109 3663 γένος
3168 3589 3459 3664 ἐκπέμπει,
3512 3593 3674 3667 γράμ-

2044 3697 2170 3749 μασι
2232 3672 2288 3729 δὲ
2345 3674 2503 3736 αὐτὸς
2561 3676 2626 3729 τὰ
2658 3678 2803 3748 Ἐἶρα
2861 3678 3067 3731 ἅπαντα
3130 3682 3541 3753 μεταπέμπεται
3599 3682 3676 3734 τά·

2037 3787 2234 3842 γματα.
2267 3773 2359 3819 Ὢν
2404 3764 2669 3827 ἐλθόντων
2730 3767 2816 3820 καὶ
2877 3765 2966 3820 διὰ
3020 3774 3121 3836 τῆς
3153 3765 3392 3824 Ἀϐύδου
3452 3793 3673 3845 περαιω-

2039 3856 2232 3909 θέντων
2317 3855 2404 3908 καὶ
2491 3854 2926 3923 Χρυσουπόλεως
2994 3858 3261 3931 στατηγὸν
3313 3860 3674 3935 αὐτοκράτορα

2037 3945 2430 4020 χειροτονήσας
2503 3944 2593 3997 τὸν
2673 3942 2946 4018 ῥαίκτωρα
3021 3947 3341 4023 Νικηφόρον
3424 3949 3675 4019 ἐκπέμπει

2035 4034 2170 4088 κατὰ
2226 4038 2333 4086 τῶν
2393 4031 2756 4100 Πατζινάκων.
2811 4034 3186 4108 Συνεξέπεμψε
3240 4033 3300 4090 δὲ
3382 4038 3527 4108 αὐτῷ
3596 4035 3676 4090 καὶ

2036 4121 2371 4178 ΚατακαΛὼν
2403 4121 2493 4174 τὸν
2545 4124 2913 4194 Κεκαυμένον,
2968 4123 3354 4195 στρατηλάτην
3412 4129 3680 4194 τῆςἈνα-

2033 4211 2205 4280 τολῆς
2260 4205 2698 4285 προϐαλόμενος,
2738 4212 2825 4264 καὶ
2867 4207 3149 4282 Ἐρϐέϐιον
3198 4215 3292 4268 τὸν
3342 4214 3678 4289 Φραγγόπω-

2036 4301 2130 4357 λον
2167 4303 2293 4368 (40),
2326 4298 2567 4373 ἄρχοντα
2613 4304 2689 4368 τῷ
2744 4300 2867 4353 τότε
2920 4305 3026 4354 τῶν
3089 4303 3398 4372 ὁμοεθνῶν,
3432 4303 3677 4361 κελεύσας

2035 4394 2266 4443 συνεῖναι
2297 4393 2375 4458 τῷ
2408 4388 2664 4461 ῥαίκτωρι
2685 4387 2773 4440 καὶ
2805 4394 2905 4456 τῆς
2935 4390 3102 4444 αὐτοῦ
3154 4393 3390 4464 γνώμης
3421 4413 3432 4424 ’
3466 4392 3673 4467 ἔχεσθαι

2034 4479 2123 4532 καὶ
2177 4482 2292 4537 τοῖς
2351 4475 2554 4530 ἐκείνου
2619 4476 2993 4551 προστάγμασι
3058 4479 3147 4532 καὶ
3210 4480 3519 4553 θελήμασιθ
3568 4478 3679 4534 ἕπε-

2710 3499 3185 3573 ὑποποιησάμενος

274 4583 532 4637 cumque
564 4567 621 4620 in
645 4566 898 4621 exercitu
933 4569 1099 4619 erant
1123 4579 1570 4632 supervacanea,
1606 4581 1737 4618 cum
1763 4582 1927 4634 expe-

2049 4578 2177 4629 τθαι.
2237 4567 2332 4625 “Oc
2390 4559 2678 4618 ἀναλαϐὼν
2733 4536 2848 4625 ἰῖᾶιςΙ
2892 4562 3145 4637 δυνάμεις
3222 4536 3459 4625 καὶητὸν
3520 4570 3681 4640 Αἷμον

274 4661 397 4714 dito
428 4660 682 4715 exercitu
719 4661 789 4713 ad
825 4659 1050 4713 hostem
1083 4656 1232 4711 598
1266 4658 1537 4710 accedere
1568 4661 1624 4711 et
1667 4674 1922 4726 pugnam

272 4766 592 4807 conserere.
625 4748 807 4802 Stulte
847 4748 1001 4801 enim
1041 4746 1150 4800 sibi
1196 4750 1567 4814 persuaserat
1612 4744 1797 4813 primo
1829 4762 1926 4799 eos

272 4841 491 4910 impetu
526 4845 582 4892 et
613 4837 990 4907 proﬂigatum
1023 4834 1093 4888 iri
1121 4850 1335 4901 ;eaque
1367 4834 1715 4903 curaipsum
1750 4850 1924 4904 ange-

272 4930 390 4989 bat,
444 4944 515 4980 ne
561 4926 692 4996 quis
741 4927 877 4995 fuga
920 4924 1209 4978 evaderet.
1253 4920 1452 4990 Neque
1499 4920 1624 4989 ipse
1678 4926 1926 4983 tantum,

270 5018 370 5073 sed
425 5016 602 5069 etiam
660 5017 968 5069 universus
1032 5012 1365 5067 exercitus:
1401 5010 1722 5064 efferebant
1770 5011 1923 5064 enim

272 5121 471 5159 secum
506 5109 562 5158 et
590 5104 754 5157 funes
788 5108 843 5157 et
882 5101 1251 5171 lora,quibus
1283 5104 1487 5169 captos
1540 5098 1924 5154 devincirent.

270 5193 387 5246 Hoc
420 5192 566 5262 ipsis
598 5189 992 5262 suspicionem
1021 5190 1287 5252 movit,et
1320 5188 1472 5257 quod
1508 5186 1675 5241 initio
1711 5188 1924 5242 factum

2038 4653 2452 4727 διαπεραιωθεὶς
2514 4649 2601 4705 διὰ
2655 4660 2754 4720 τῆς
2832 4651 3138 4727 λεγομένης
3212 4655 3454 4731 Σιδηρᾶς
3529 4657 3679 4728 ἀπῄει

2035 4744 2172 4797 κατὰ
2224 4748 2331 4796 τῶν
2396 4741 2764 4809 Πατζινάκων·
2829 4740 3002 4795 ἐλθὼν
3061 4741 3116 4797 δὲ
3176 4750 3581 4815 κατεσκήνωσεν
3630 4742 3675 4797 ἓν

2034 4853 2139 4886 τινι
2174 4831 2347 4904 χώρῳ
2383 4828 2444 4883 ού
2481 4831 2686 4902 μακρὰν
2727 4830 2987 4902 ἀπέχοντι
3037 4836 3142 4886 τῶν
3172 4833 3398 4887 Ἑκατὸν
3466 4836 3675 4908 βουνῶν,

2035 4924 2112 4989 τῷ
2159 4918 2444 4990 λεγομένῳ
2492 4917 2729 4972 Διακενέ.
2783 4918 3007 4973 Κάκεῖσε
3080 4920 3297 4995 χάρακα
3376 4922 3673 4992 πηξάμενος

2039 5008 2239 5081 ὀχυρὸν
2293 5011 2360 5078 τῇ
2422 5005 2675 5080 ἐπαύριον
2735 5005 2966 5078 ἐμελέτα
3035 5010 3134 5076 τὴν
3211 5012 3306 5081 μὶν
3383 5009 3671 5073 ἀποσκευὴν

2039 5098 2206 5150 ἐκεῖσε
2238 5094 2418 5149 λιπεῖν
2450 5095 2537 5148 καὶ
2567 5094 2633 5150 τὰ
2662 5098 2885 5169 περιττὰ
2917 5101 3012 5151 τοῦ
3041 5104 3295 5171 στρατοῦ,
3329 5099 3489 5160 αὐτὸς
3520 5096 3573 5151 δὲ
3594 5092 3670 5150 5‘3-

2041 5192 2205 5253 ζωνος
2238 5182 2489 5245 ἀπελθεῖν
2521 5185 2607 5237 καὶ
2643 5186 2904 5256 συμμῖξαι
2930 5192 3046 5246 τοῖς
3076 5186 3360 5249 ἐναντίοις.
3398 5194 3552 5266 ’ᾨετο
3580 5186 3672 5257 γὰρ

1455 5328 1828 5384 XYLANDRI
1867 5331 1959 5385 ET
2000 5329 2218 5385 GOARl
2259 5328 2492 5383 NOT/E.

341 5441 644 5513 (40)Sicut
693 5444 827 5495 ante
876 5438 1105 5513 Bulgari
1160 5436 1922 5513 ‘comitopulrdiccllantur,

268 5508 355 5570 ita
394 5508 552 5568 hunc
602 5528 706 5583 ego
740 5529 768 5565 a
806 5511 1039 5565 Francis
1068 5510 1404 5583 oriundum
1458 5508 1640 5583 fuisse
1689 5508 1919 5583 colligo,

270 5578 817 5657 Francigenarvn,qui
849 5581 1114 5657 fortassis
1142 5586 1503 5657 cumturma
1529 5578 1728 5657 aliqua
1752 5578 1925 5657 Fran-

270 5650 768 5727 corum'equitum
805 5653 1095 5726 stipendia
1128 5653 1238 5709 sub
1272 5650 1656 5707 Monomacho
1704 5651 1919 5719 fecerit,

2037 5442 2099 5489 ut
2131 5452 2309 5505 supra
2341 5434 2648 5489 Arduenus
2708 5435 2815 5489 sub
2869 5435 3173 5490 Michaelo.
3228 5437 3297 5490 Et
3349 5453 3490 5492 sane
3536 5434 3674 5488 infra

2036 5508 2239 5562 Franci
2273 5506 2551 5559 dicuntur
2580 5506 2634 5560 in
2672 5506 2859 5560 Iberia
2889 5508 3209 5577 militasse;
3241 5513 3300 5562 et
3333 5510 3390 5562 in
3436 5506 3669 5563 Stratio-

2033 5580 2146 5706 giico
2180 5578 2396 5633 diserte
2444 5577 2772 5633 ostenditur
2818 5579 2950 5651 quis
3001 5580 3177 5635 fuerit
3216 5580 3329 5635 iste
3380 5578 3670 5635 Erbebius.

2090 5668 2175 5704 YL.
