3968 6140
225 309 332 368 3Ω9

1346 306 1896 369 HISTORIABUM
1941 305 2489 372 COMPENDIUM.

3509 329 3630 391 330

226 433 460 494 αὐτοϐοεὶ
511 436 762 514 ἀφρόνως
816 437 1044 497 τούτους
1093 436 1362 511 αἱρήσειν,
1395 435 1483 491 καὶ
1530 435 1720 492 ἐδεδίει
1777 459 1846 492 κα

1982 439 2092 494 fuit
2121 456 2257 513 erga
2282 459 2363 510 se,
2398 449 2454 497 et
2484 444 2732 516 Kegenis
2764 463 2956 504 casus.
3010 453 3093 506 Ad
3127 461 3452 516 extremum
3491 477 3626 518 cum

225 525 471 603 φροντίδα
522 526 726 590 ἐτίθετο
775 527 849 598 μή
900 547 982 587 τις
1034 523 1216 579 λαθὼν
1265 523 1568 601 διαδράσειε
1609 528 1745 599 (41),
1777 527 1865 582 καὶ

225 592 316 673 όύκ
374 617 535 677 αὐτὸς
589 614 773 687 μόνος,
814 613 960 669 ἀλλὰ
1015 614 1106 668 καὶ
1165 615 1192 668 ὁ
1243 614 1458 687 σύμπας
1490 617 1735 689 στρατός·
1770 617 1867 670 έπ-

226 706 465 784 εφέροντο
516 705 619 778 γὰρ
671 704 759 758 καὶ
807 700 1054 758 καλώδια
1097 703 1186 757 καὶ
1238 701 1452 776 λώρους
1486 705 1617 778 πρὸς
1658 706 1720 759 τὸ
1779 703 1864 760 δε-

225 801 374 868 σμεῖν
427 793 552 856 τοὺς
614 791 1026 865 ἁλισκομένους.
1087 794 1263 848 Τοῦτο
1317 790 1373 846 δὲ
1415 791 1596 848 ἐδίδου
1654 794 1866 857 τούτοις

230 886 468 940 ὑπονοεῖν
499 884 561 937 τὸ
591 883 706 936 κατ’
738 882 911 955 ἀρχὰς
962 880 1343 956 ἐπιγενόμενον
1406 881 1482 946 εἷς
1537 882 1730 944 αὐτοὺς
1779 884 1865 938 ἐπὶ

228 978 320 1027 τοῦ
403 971 652 1046 Κεγένους
738 975 958 1042 πτῶμα.
1046 969 1265 1042 Ἀμέλει
1341 971 1429 1024 καὶ
1521 973 1862 1042 συναίσθησιν

233 1057 497 1116 λαϐόντων
528 1065 634 1114 τῶν
665 1059 1014 1129 Πατζινάκων
1054 1061 1153 1126 τῆς
1202 1057 1533 1121 ἐπελεύσεως
1577 1064 1684 1114 τῶν
1732 1067 1861 1115 Ῥω-

235 1151 398 1222 μαίων
453 1146 582 1221 (ἤδη
640 1150 742 1223 γὰρ
775 1148 864 1202 καὶ
897 1148 1141 1222 ὁΤυράχ
1170 1148 1256 1202 καὶ
1313 1149 1363 1201 οἱ
1419 1147 1509 1201 σὺν
1562 1149 1710 1220 αὐτῷ
1762 1157 1860 1220 τῆς

227 1239 427 1302 πόλεως
451 1237 812 1300 ἀπολυθέντες
845 1233 1106 1312 ἄρχοντες
1139 1235 1425 1298 ἐνωθέντες
1482 1238 1620 1305 ἦσαν
1678 1237 1862 1301 αὐτοῖς

223 1327 304 1382 καὶ
333 1329 395 1382 τὰ
428 1329 773 1403 συμφέροντα
800 1325 1015 1387 τούτοις
1049 1323 1394 1394 ἐσπούδαζον,
1431 1327 1609 1401 μακρὰ
1649 1328 1859 1402 χαίρειν

220 1416 452 1480 εἲπόντες
496 1421 612 1478 ταῖς
659 1416 796 1489 πρὸς
844 1415 934 1468 τὸν
988 1415 1324 1490 Μονομάχον
1381 1416 1728 1490 ὑποσχέσεσι)
1770 1418 1856 1471 καὶ

218 1503 633 1580 προδραμόντων
679 1508 786 1559 τῶν
841 1502 1258 1576 ἀλκιμωτέρων,
1292 1504 1380 1558 καὶ
1421 1508 1515 1558 τοῦ
1584 1507 1859 1578 Κςκαυμέ-

219 1617 306 1649 νου
337 1593 594 1670 μέγιστον
623 1589 965 1654 ἀναϐοῶντος
996 1593 1083 1647 καὶ
1112 1591 1556 1668 παρακαλοῦντος
1601 1598 1690 1648 νῦν
1726 1596 1856 1649 εἶναι

223 1684 388 1757 καιρὸν
451 1682 804 1755 συμπλοκῆς,
856 1682 1090 1751 ὁπηνίκα
1149 1679 1413 1758 σποράδες
1469 1682 1570 1736 εἰσὶ
1626 1683 1714 1737 καὶ
1777 1681 1855 1738 δι-

1977 530 2408 600 persensissent
2423 534 2568 586 Patzi
2582 551 2732 589 nacae
2747 537 3059 595 adventum
3075 545 3470 602 Romanorum
3485 550 3625 620 (jam

1977 619 2130 672 enim
2164 625 2220 673 et
2258 620 2500 692 Tyracb,
2535 626 2590 676 et
2639 624 2738 694 qui
2771 641 2903 680 curn
2952 627 3079 699 ipso
3109 638 3274 688 erant
3305 619 3625 708 principes,

1976 709 2047 762 ab
2094 709 2233 763 urbe
2283 709 2508 765 dimissi
2559 729 2690 767 cum
2729 714 2872 784 ipsis
2917 733 3045 773 sese
3093 722 3536 793 conjunxerant,
3569 732 3628 783 et

1975 798 2256 867 quidquid
2285 797 2366 852 eis
2400 800 2691 870 expediret
2725 803 2987 859 studiose
3017 809 3346 883 curabant),
3382 813 3622 871 omissis

1977 885 2046 938 iis
2071 903 2196 957 quae
2222 887 2604 944 Monomacho
2639 891 2880 962 polliciti
2916 895 3168 968 fuerant,
3193 907 3246 955 et
3277 902 3624 960 conﬂuenti-

1976 976 2084 1028 bus
2117 975 2456 1031 fortioribus
2488 979 2842 1051 quibusque,
2865 999 2927 1037 se
2953 986 3170 1056 optime
3193 989 3619 1061 instruxerant;

1972 1069 2029 1116 et
2058 1064 2378 1120 Combusto
2410 1065 2564 1122 clara
2595 1085 2732 1124 voce
2773 1071 3137 1130 exclamante
3169 1083 3224 1131 et
3269 1080 3622 1138 admonente

1975 1170 2131 1208 nunc
2179 1170 2388 1226 pugnis
2438 1162 2670 1228 tempus
2715 1175 2864 1225 esse,
2916 1178 3048 1217 cum
3098 1164 3208 1235 ipsi
3262 1167 3509 1238 dispersi
3553 1188 3621 1227 ac

1971 1242 2241 1312 dissipati
2273 1249 2430 1313 sunt,
2465 1262 2653 1316 neque
2700 1253 3152 1317 exspectandum
3196 1259 3384 1326 quoad
3419 1275 3624 1316 omnes

1971 1331 2149 1385 simul
2200 1338 2569 1402 cogerentur,
2627 1333 2906 1393 laudabat
2955 1341 3178 1412 reliqua
3225 1347 3619 1404 Romanorum

1971 1419 2287 1474 multitudo
2331 1421 2460 1491 ejus
2489 1423 2819 1480 consilium.
2858 1432 2933 1480 At
2964 1436 3154 1484 rector
3192 1439 3389 1503 aperte
3421 1436 3622 1493 irride-

1971 1510 2086 1564 bat.
2143 1508 2369 1574 Desine,
2431 1510 2640 1582 inquit,
2697 1529 2728 1568 ο
2789 1515 2997 1571 ductor
3054 1523 3360 1592 exercitus,
3421 1530 3476 1580 et
3525 1544 3617 1583 me

1967 1598 2246 1652 exercitui
2280 1599 2604 1670 imperante
2635 1618 2706 1656 ne
2736 1609 2939 1660 contra
2976 1605 3228 1678 imperes
3263 1628 3275 1665 :
3314 1629 3426 1667 non
3457 1615 3613 1670 enim

1968 1687 2216 1757 dispersi
2262 1688 2584 1744 Patzinacze
2633 1696 2772 1745 sunt
2821 1692 3153 1763 invadendi,
3189 1715 3259 1754 ne
3307 1701 3454 1757 forte
3485 1720 3614 1774 per-

222 1772 558 1845 εσπαρμένοι,
613 1773 700 1825 καὶ
765 1771 838 1842 μὴ
894 1770 1204 1845 περιμένειν
1257 1771 1319 1825 τὸ
1371 1773 1507 1825 ἅπαν
1559 1771 1846 1846 ἄθροισμα¹

1969 1776 2184 1830 turbati
2246 1776 2438 1847 sylvas
2489 1779 2755 1834 subeant.
2813 1781 2902 1836 Me
2951 1790 3144 1841 autem
3193 1770 3530 1860 sequentes,
3580 1810 3613 1849 ο

219 1859 305 1915 οὐκ
331 1860 520 1935 ἐπῄνει
559 1861 655 1932 μὲν
694 1860 784 1914 καὶ
812 1860 875 1914 τὸ
907 1858 1100 1914 λοιπὸν
1155 1858 1370 1928 πλῆθος
1427 1865 1534 1914 τῶν
1567 1861 1855 1934 Ῥωμαίων

216 1950 330 2012 τοὺς
384 1950 592 2004 ἐκείνου
651 1947 877 2022 λόγους,
926 1950 952 2003 ὁ
1013 1946 1069 2003 δὲ
1127 1947 1362 2024 ῥαίκτωρ
1421 1950 1510 2003 καὶ
1568 1956 1854 2028 προφανῶς

215 2036 491 2112 κατεγέλα,
551 2063 578 2089 ‹‹
666 2042 894 2103 Παῦσαι,
955 2035 1150 2111 λέγων,
1211 2038 1256 2090 ὦ
1341 2037 1703 2112 στρατηλάτα,
1762 2040 1851 2094 καὶ

211 2126 337 2198 ἐμοῦ
394 2130 827 2202 στρατηγοῦντος
878 2124 1037 2187 αὐτὸς
1117 2127 1192 2197 μὴ
1250 2129 1724 2203 παραστρατήγει·
1789 2129 1849 2184 οὐ

208 2219 312 2291 χρὴ
369 2216 475 2291 γὰρ
537 2213 954 2290 διεσπαρμένοις
1009 2214 1354 2284 ἐπιθήσεσθαι
1412 2222 1529 2278 τοῖς
1586 2217 1848 2286 Ηατζινά-

207 2327 334 2370 κοις,
383 2308 460 2377 μή
517 2325 634 2366 πως
686 2304 974 2378 πτυρέντες
1028 2301 1400 2358 ὑποδύσωνται
1453 2305 1548 2366 τὰς
1603 2304 1845 2381 λόχμας.

203 2394 356 2466 Ἐμοὶ
391 2392 449 2448 δὲ
480 2392 924 2458 ἀκολουθοῦντες,
958 2394 1002 2447 ὦ
1048 2398 1166 2464 τᾶν,
1200 2393 1261 2446 ού
1305 2394 1636 2467 παρέπονται
1688 2407 1850 2470 θηρα-

200 2483 338 2538 τικοὶ
394 2483 574 2549 κύνες,
606 2480 799 2543 οἵτινες
857 2480 1274 2557 ῥινηλατοῦντες
1331 2481 1596 2555 ἐξάξουσιν
1652 2483 1846 2548 αὐτοὺς

198 2577 301 2625 τῶν
334 2575 679 2648 καταφυγῶν.
711 2594 738 2622 ))
777 2571 875 2624 Καὶ
922 2571 989 2624 τὰ
1048 2571 1140 2643 μὲν
1197 2575 1302 2625 τῶν
1363 2572 1654 2643 Ῥωμαίων
1710 2573 1844 2642 ἦσαν

201 2661 248 2716 ἐν
277 2660 514 2730 τούτοις,
549 2662 600 2714 οἱ
627 2658 685 2714 δὲ
732 2657 1042 2734 πρόδρομοι
1072 2665 1178 2714 τῶν
1210 2660 1555 2728 Πατζινςεκων
1612 2660 1847 2729 πλησίον

198 2749 472 2821 γενόμενοι
527 2755 626 2818 τῆς
698 2742 1060 2823 παρεμϐολῆς
1118 2751 1224 2801 τῶν
1283 2747 1593 2819 Ῥωμαίων,
1651 2750 1843 2824 μικρὸν

204 2835 562 2899 ἐκκλίναντες,
623 2833 1106 2910 στρατοπεδεύουσι
1162 2835 1252 2889 καὶ
1327 2835 1505 2903 αὐτοὶ,
1556 2836 1646 2890 καὶ
1730 2843 1846 2902 τοῖς

205 2921 416 2988 ὄπισθεν
449 2923 709 2994 δηλοῦσιν
751 2923 903 2992 ἥκειν
950 2924 1049 2992 τὴν
1087 2925 1376 2999 ταχίστην.
1430 2927 1510 2998 [Ρ.
1540 2928 1665 2999 785]
1701 2928 1846 2980 Πάν-

200 3036 226 3047 ’
364 3012 408 3035 ’”
468 3012 519 3067 ἐ)
581 3014 592 3046 '~
865 3014 877 3029 ⁸
941 3012 974 3051 ἐ
1213 3035 1224 3050 κ
1321 3016 1384 3047 ’θ’
1554 3013 1591 3052 ι’π
1676 3037 1687 3052 ε
1827 3052 1838 3058 -

211 3037 306 3068 των
362 3029 388 3068 ο
519 3015 732 3067 ιθοντων
791 3034 879 3066 και
938 3011 1262 3069 ειωθέντωθ.
1332 3035 1387 3069 ιο
1450 3012 1700 3068 ἐπαδοιοθ
1761 3015 1809 3069 ἐξ

211 3036 306 3068 των
362 3029 406 3068 6'
468 3029 732 3086 ελυοντων
791 3034 879 3066 και
938 3029 1262 3080 ενωυεντων,
1321 3034 1388 3086 τῃ
1450 3029 1700 3087 επαυριον
1761 3029 1808 3087 ἐξ

201 3105 491 3178 ἀγαγόντος
546 3107 643 3156 τοῦ
693 3101 992 3177 ῥοίκτωρος
1047 3103 1141 3162 τὰς
1199 3102 1507 3174 Ῥωμαϊκὰς
1587 3100 1840 3176 δυνάμεις

1966 1863 2169 1931 amice,
2205 1882 2317 1919 non
2351 1867 2568 1922 adsunt
2597 1869 2844 1924 venatici
2874 1888 3072 1938 canes,
3115 1875 3212 1946 qui
3263 1877 3613 1952 indagantes

1963 1951 2124 2021 ipsos
2156 1970 2186 2007 e
2216 1952 2378 2021 locis,
2413 1970 2526 2026 quo
2550 1956 2943 2030 confugerint,
2971 1963 3244 2020 educant.
3277 1967 3346 2021 Et
3376 1951 3467 2024 res
3498 1970 3613 2026 Ro-

1965 2057 2273 2096 manorum
2300 2042 2380 2096 ita
2402 2061 2462 2098 se
2485 2044 2799 2102 habebant.
2817 2050 3197 2123 Antesignani
3221 2060 3414 2111 autem
3433 2059 3615 2113 Patzi-

1963 2145 2236 2184 nacarum
2272 2131 2424 2187 599
2461 2148 2594 2188 cum
2640 2137 2847 2192 castris
2892 2142 3467 2214 apprOpinquassent
3501 2147 3612 2203 Ro-

1961 2235 2293 2281 manorum,
2324 2220 2563 2290 paulum
2601 2223 2974 2282 deflectentes
3007 2228 3118 2299 ipsi
3151 2247 3384 2304 quoque
3415 2240 3611 2291 castra

1961 2306 2173 2376 locant,
2207 2313 2263 2363 et
2288 2311 2672 2379 sequentibus
2720 2311 3056 2385 signiﬁcant
3105 2335 3280 2390 quam
3308 2323 3611 2382 celerrime

1960 2397 2377 2452 accedendum.
2413 2399 2678 2470 Cumque
2709 2419 2913 2457 omnes
2948 2405 3245 2463 venissent
3273 2414 3330 2465 et
3360 2414 3605 2484 conjun-

1958 2485 2032 2540 cti
2088 2491 2306 2548 essent,
2365 2503 2430 2540 ac
2485 2489 2766 2558 postridie
2818 2496 3011 2548 rector
3073 2500 3362 2555 Romanas
3410 2503 3606 2573 copias

1958 2575 2278 2642 eduxisset,
2310 2575 2421 2646 ipsi
2469 2593 2700 2648 quoque
2752 2586 2953 2637 contra
3003 2583 3274 2642 instructi
3326 2589 3383 2645 in
3415 2592 3600 2648 aciem

1957 2665 2296 2734 procedunt.
2345 2666 2657 2721 Obtinebat
2689 2668 2956 2725 Romanae
2998 2673 3306 2748 phalangis
3337 2679 3601 2736 medium

1959 2757 2146 2806 rector
2177 2753 2320 2824 ipse,
2357 2754 2559 2810 dextro
2591 2772 2769 2811 cornu
2803 2767 3044 2830 praeerat
3065 2763 3439 2837 Combustus,
3464 2770 3602 2826 sini-

1957 2847 2078 2896 stro
2115 2842 2532 2912 Francopulus,
2564 2848 3001 2920 commissaque
3049 2869 3246 2923 pugna
3284 2859 3601 2931 proﬂigan-

1956 2938 2049 2984 tur
2069 2931 2338 2997 Romani,
2364 2949 2496 2986 cum
2527 2934 2780 3003 primum
2806 2938 2983 2993 duces
3004 2939 3115 3012 ipsi
3139 2943 3196 2997 in
3228 2944 3426 3016 fugam
3448 2948 3600 3005 versi

1954 3025 2172 3072 essent.
2207 3019 2312 3082 Qui
2348 3037 2419 3074 ne
2451 3022 2664 3090 pedum
2717 3025 2948 3094 quidem
2998 3046 3284 3099 equorum
3317 3035 3602 3107 sonitum,

1958 3112 2018 3160 ut
2049 3107 2233 3174 aiunt,
2268 3109 2624 3166 sustinentes
2655 3112 2766 3166 fusi
2802 3120 2941 3169 sunt
2969 3122 3025 3172 et
3054 3119 3238 3191 fugati
3267 3139 3279 3176 :
3306 3124 3468 3180 solus
3501 3143 3601 3182 au-

194 3192 740 3268 ἁντιπαρατάττονται
793 3191 884 3245 καὶ
938 3190 1114 3260 αὐτοὶ,
1172 3191 1262 3244 καὶ
1314 3195 1432 3252 τοῖς
1487 3189 1703 3254 ὄπισθεν
1762 3186 1838 3246 ἔτι

1962 3201 2068 3250 tem
2103 3195 2458 3253 Combustus
2499 3215 2630 3254 cum
2681 3201 2805 3257 suis
2837 3170 3212 3264 ministrisoet
3241 3212 3601 3281 quibusdam

197 3279 454 3350 δηλοῦσιν
516 3279 666 3349 ἥκειν
720 3281 820 3349 τήν
877 3280 1166 3354 ταχίστην.
1202 3279 1422 3333 Μάντιον
1480 3277 1526 3334 δ’
1571 3278 1839 3343 ἐλθόντων

192 3370 275 3424 xxi
322 3369 650 3435 ἑνωθέντων,
706 3367 780 3429 ὡς
853 3365 1076 3445 ἔφαμεν,
1134 3367 1488 3442 ἐξαγαγόντος
1553 3373 1648 3423 τοῦ
1724 3368 1837 3445 ,Σαί-

203 3480 408 3526 κτωρος
489 3459 582 3519 τὰς
633 3458 939 3529 Ῥωμαϊκὰς
1021 3454 1290 3529 δυνάμεις,
1353 3457 1467 3532 εἶχε

201 3550 512 3619 Ῥωμαϊκῆς
545 3543 832 3624 φάλαγγος
877 3545 1040 3609 αὐτὸς
1067 3546 1128 3599 τὸ
1166 3546 1324 3618 μέσον
1377 3547 1404 3600 ὁ
1455 3545 1714 3624 ῥαίκτωρ,
1744 3553 1840 3602 τοῦ

193 3636 364 3706 δεξιοῦ
415 3635 475 3691 δὲ
533 3637 758 3710 κέρατος
819 3635 990 3710 ἦρχεν
1043 3636 1070 3689 ὁ
1111 3634 1472 3708 Κεκαυμένος,
1507 3635 1730 3710 θατέρου
1784 3635 1840 3692 δὲ

192 3726 215 3779 ὁ
248 3722 686 3801 Φραγγόπωλος.
723 3719 1023 3796 Συμϐολῆς
1065 3721 1122 3777 δὲ
1167 3726 1469 3798 γενομένης
1501 3723 1595 3779 οὐκ
1647 3719 1834 3796 ἔμενον

191 3816 240 3867 οἱ
291 3819 581 3886 Ῥωμαῖοι,
639 3817 747 3867 τῶν
811 3817 1129 3886 στρατηγῶν
1182 3814 1410 3887 πρώτων
1474 3811 1834 3868 ἐκκλινάντων

1556 3459 1650 3530 μὲν

1739 3465 1838 3527 τῆς

193 3905 319 3977 πρὸς
373 3905 478 3973 τὴν
532 3903 724 3979 φυγήν.
759 3900 926 3955 Αὐτοὶ
991 3901 1084 3972 μὲν
1144 3901 1245 3974 γὰρ
1310 3898 1448 3972 μηδέ
1485 3903 1577 3955 τὸν
1611 3901 1836 3974 κτύπον,

197 3996 263 4054 -ῖὲς
295 4014 479 4066 φασιν,
511 3997 618 4045 τῶν
661 3987 849 4044 ποδῶν
907 3994 1014 4043 τῶν
1077 3985 1256 4043 ἷίππων
1319 3989 1624 4064 ἐνεγκόντες
1685 3991 1836 4066 ἐτρά-

251 4049 261 4054 -
307 4049 317 4071 ,
468 4049 478 4058 ,
1418 4049 1426 4064 ,
1612 4049 1619 4052 .
1745 4049 1752 4066 ,

194 4103 381 4152 πησαν,
420 4079 588 4154 μόνος
647 4077 702 4134 δὲ
767 4080 793 4132 ὁ
854 4077 1192 4150 Κεκαυμένος
1267 4079 1399 4150 μετὰ
1470 4083 1577 4132 τῶν
1647 4081 1839 4134 ἑαυτοῦ

202 4171 315 4231 στὰς
346 4169 694 4241 θεραπόντων
724 4165 812 4221 καί
861 4188 1018 4221 τινων
1069 4172 1338 4242 συγγενῶν
1389 4164 1715 4242 όλιγοστῶν,
1747 4171 1834 4223 καὶ

196 4261 445 4331 ’ἔρωϊκῶς
490 4258 896 4331 ἀγωνισάμενος
943 4253 1096 4310 ἔπεσε
1148 4255 1280 4328 μετὰ
1327 4256 1540 4310 πάντων
1590 4261 1697 4311 τῶν
1750 4255 1840 4310 σὺν

201 4348 354 4417 ιιότῷ.
416 4349 618 4400 Τοῦτον
693 4345 787 4417 μὲν
854 4342 943 4398 οῦν
1019 4343 1116 4398 οὐκ
1174 4343 1484 4416 ἐτόλμησαν
1541 4342 1729 4413 διῶξαι
1787 4345 1837 4398 οἷ

1952 3285 2154 3355 paucis
2203 3287 2466 3356 cognatis
2515 3283 2752 3344 strehue
2799 3291 3106 3351 decertans
3137 3314 3271 3353 cum
3323 3302 3601 3358 omnibus

1950 3373 2076 3428 suis
2109 3374 2164 3428 in
2202 3374 2397 3446 prelio
2447 3378 2740 3433 occubuit.
2791 3380 2945 3437 Alios
2997 3388 3270 3457 persequi
3321 3406 3434 3445 non
3468 3393 3598 3457 ausi

1949 3467 2089 3517 sunt
2121 3464 2457 3533 Patzinacze,
2491 3465 2742 3523 insidias
2771 3470 2940 3525 veriti
2968 3490 2982 3538 ;
3015 3479 3071 3527 et
3101 3474 3317 3532 idcirco
3348 3478 3595 3535 Romani

1948 3551 2162 3606 servari
2186 3555 2500 3622 potuerunt
2518 3554 2862 3613 incolumes.
2890 3562 3128 3619 Interim
3152 3570 3348 3621 autem
3373 3583 3470 3624 eos
3490 3570 3592 3640 qui

1948 3640 2276 3694 ceciderant
2321 3643 2582 3712 praedati,
2617 3646 2916 3718 armisque
2948 3650 3152 3707 multis
3188 3655 3352 3725 potiti
3384 3665 3438 3712 et
3481 3658 3594 3714 Ro-

1948 3744 2254 3783 manorum
2303 3729 2766 3800 impedimentis,
2799 3736 3178 3796 tabernacula
3209 3749 3437 3813 ponunt
3485 3747 3597 3801 sub

1949 3817 2345 3872 Romanorum
2392 3819 2636 3875 vallum.
2661 3827 2732 3878 Et
2763 3825 3005 3894 quidam
3052 3829 3419 3897 Patzinacus,
3444 3834 3600 3889 Cali-

1949 3922 2054 3960 nos
2089 3908 2346 3973 nomine,
2371 3908 2469 3978 qui
2503 3918 2736 3965 noverat
2759 3913 2952 3983 qualis
2981 3923 3136 3972 esset
3155 3919 3510 3977 Combustus
3532 3939 3602 3978 ex

1949 4010 2062 4064 quo
2095 3993 2192 4049 ille
2225 3995 2454 4063 praefuit
2501 3998 2734 4068 oppidis
2780 4001 2849 4055 ad
2880 4005 3094 4059 Istrum
3147 4007 3278 4062 sitis
3307 4015 3365 4064 et
3395 4016 3601 4078 gentes

1949 4082 2100 4136 inter
2131 4100 2192 4137 se
2221 4083 2402 4138 libero
2434 4090 2784 4142 commercio
2818 4091 3238 4160 miscebantur,
3271 4113 3404 4152 cum
3437 4116 3600 4171 repe-

1948 4171 2121 4225 risset
2152 4188 2286 4225 eum
2318 4171 2471 4228 inter
2516 4175 2799 4231 cadavera
2833 4177 3126 4248 jacentem
3180 4201 3247 4238 ac
3295 4187 3599 4256 spoliaret,

1949 4260 2046 4313 ubi
2100 4277 2442 4316 conversum
2494 4263 2688 4333 ipsum
2741 4282 2774 4318 a
2826 4268 2968 4322 l‘acie
3021 4273 3257 4341 agnovit
3307 4280 3363 4330 et
3407 4277 3601 4334 adhuc

1948 4348 2267 4418 spirantem
2299 4350 2702 4421 deprehendit,
2736 4353 2795 4408 in
2828 4370 3044 4426 equum
3079 4359 3360 4432 imposuit
3395 4381 3408 4420 :
3445 4367 3600 4422 600

201 4435 520 4503 ἱῐατζινάκοι
594 4429 809 4506 ἐνέδρας
900 4433 1248 4501 πτοηθέντες,
1306 4432 1394 4487 καὶ
1480 4432 1624 4507 παρᾶ
1678 4439 1838 4488 τοῦτο

1973 4438 2178 4491 acebat
2223 4438 2378 4492 enim
2431 4447 2652 4504 mutus,
2700 4445 2854 4512 quod
2908 4429 3406 4523 lethales'plagas
3446 4471 3605 4510 acce-

199 4521 221 4574 ιῖ
251 4529 526 4590 ασωθῆναι
589 4521 822 4596 ἴσχυσαν
880 4520 1081 4582 ἀσινεῖς
1138 4521 1188 4574 o't
1249 4521 1548 4592 Ῥωμαῖοι·
1593 4521 1729 4583 τέως
1783 4520 1839 4576 δὲ

1962 4526 2152 4592 iisset,
2199 4529 2440 4582 alteram
2495 4529 2550 4582 in
2583 4546 2650 4584 ea
2701 4538 2862 4602 parte
2911 4535 3122 4605 capitis
3170 4520 3327 4609 ρυε-
3348 4541 3603 4599 calvaria

198 4611 313 4672 τ-ιῦς
370 4611 630 4671 πεσόντας
675 4607 1099 4671 σκυλεύσαντες,
1154 4611 1244 4663 καὶ
1297 4608 1524 4664 πολλῶν
1576 4612 1830 4686 ἁρμάτων

1962 4615 2180 4681 iicitur,
2229 4617 2387 4670 nuda
2437 4617 2676 4688 (quippe
2724 4621 2852 4688 ejus
2885 4623 3051 4691 gaiea
3097 4607 3437 4702 deciderat),
3474 4648 3604 4701 per-

1946 4705 2231 4758 tinentem
2261 4722 2295 4759 a
2326 4706 2534 4760 vertice
2566 4708 2636 4762 ad
2670 4711 3022 4780 supercilia;
3057 4713 3301 4772 alteram
3339 4719 3396 4771 in
3429 4719 3600 4789 collo,

1947 4793 2044 4846 ubi
2067 4792 2267 4863 lingua
2292 4793 2544 4849 radicem
2572 4796 2765 4866 habet,
2788 4816 2974 4870 usque
2998 4803 3066 4856 ad
3091 4820 3155 4858 os
3179 4811 3601 4874 penetrantem:

1947 4897 2423 4953 exsanguemque
2466 4883 2632 4940 illum
2687 4887 2743 4940 in
2793 4904 2964 4944 suum
3019 4892 3463 4951 tabernaculum
3497 4899 3601 4952 ad-

1947 4970 2134 5025 duxit.
2169 4972 2346 5035 Quem
2384 4989 2516 5026 cum
2547 4973 2861 5044 diligenter
2886 4983 2943 5031 et
2972 4988 3240 5036 accurate
3262 4984 3453 5038 curari
3487 4990 3606 5042 stu-

1949 5059 2199 5125 duisset,
2236 5060 2313 5113 ita
2363 5063 2615 5116 servavit
2665 5071 2730 5118 ut
2780 5073 3133 5136 superesset.
3188 5071 3254 5125 Et
3284 5074 3603 5131 Patzinaca:

1382 5197 1755 5253 XYLANDRI
1794 5199 1886 5254 ET
1926 5199 2148 5256 GOARI
2189 5199 2417 5255 NOTZE.

270 5312 380 5381 (’it)
413 5312 512 5367 Hic
543 5312 599 5364 in
635 5311 831 5365 codice
858 5312 971 5365 fere
994 5310 1220 5383 integra
1253 5311 1466 5383 pagina
1498 5316 1623 5367 erat
1644 5329 1846 5368 vacua.

209 5380 390 5447 Deest,
419 5390 481 5437 ut
498 5384 769 5465 coniicio,
799 5380 1397 5464 descriptio'adversze
1429 5385 1484 5465 in
1511 5383 1848 5465 Piaizinacas

211 5468 414 5526 pugnis
444 5454 752 5525 Nicephori
805 5454 1067 5521 rectoris,
1101 5460 1155 5510 et
1185 5455 1594 5526 impressionis
1641 5457 1850 5510 deinde

214 5523 639 5609 ifatzinacarum
676 5526 927 5609 alicujus
976 5531 1034 5580 et
1064 5527 1132 5580 ad
1184 5523 1849 5609 ipsum_usque_Byzan-

213 5595 350 5652 tium
401 5598 786 5664 excursionis,
829 5595 944 5654 ‘nec
991 5614 1104 5653 non
1151 5595 1268 5670 qua
1326 5595 1548 5655 ratione
1597 5595 1852 5672 Kegenes

516 5727 776 5788 PA’mOL.
826 5727 936 5789 Gn.
988 5725 1228 5788 cxxu.
1319 5707 1330 5713 ’
3213 5742 3282 5800 u

199 4699 472 4771 γενόμενοι
533 4699 711 4772 κύριοι
764 4698 853 4752 καὶ
909 4699 1078 4767 αὐτῆς
1107 4705 1206 4768 τῆς
1258 4700 1571 4771 Ῥωμαϊκῆς
1621 4720 1833 4775 παρεμ-

199 4785 361 4857 έίιλῆς
417 4791 511 4843 σῦν
567 4793 634 4862 τῇ
696 4789 992 4860 ἀποσκευῇ,
1053 4793 1477 4859 κατασκηνοῦσιν
1550 4790 1652 4845 ὑπὸ
1733 4793 1833 4859 τήν

194 4877 500 4948 ἐ¹·›μαί’κήν
564 4877 791 4949 τάφρον.
856 4877 951 4931 Καί
1031 4899 1113 4938 τις
1195 4875 1253 4932 δὶ
1335 4881 1660 4946 [Ιατζινάκος
1739 4880 1836 4948 τήν

193 4965 378 5031 ιεἰἥσιν
441 4964 688 5028 Γαλῖνος,
750 4963 907 5027 εἰδὼς
963 4967 1055 5020 τὸν
1116 4967 1460 5039 Κεκαυμὲνον
1521 4967 1636 5029 οἷός
1692 4967 1832 5023 ἐστιν

200 5051 243 5123 ἓξ
289 5053 518 5128 ὅτουπερ
550 5054 695 5130 ἦρχε
724 5059 830 5109 τῶν
863 5055 1008 5130 παρὰ
1048 5059 1128 5126 τῷ
1173 5057 1371 5130 Ἴστρῳ
1423 5055 1694 5131 φρουρίων
1745 5056 1834 5112 καὶ

1960 5314 2106 5368 urbe
2134 5315 2410 5401 emissus.
2442 5316 2634 5401 fuerit.
2666 5319 2801 5401 ﬁed.
2830 5319 2924 5401 hic
2947 5324 3222 5401 Zonaras
3257 5345 3362 5384 nos
3397 5331 3610 5401 juvare

1960 5403 2076 5460 non
2115 5392 2322 5460 potest,
2357 5391 2420 5441 ut
2450 5390 2589 5460 certi
2625 5390 2843 5460 aliquid
2878 5394 3154 5460 sciamus,
3189 5415 3321 5454 cum
3355 5390 3448 5456 vi'x
3480 5404 3608 5458 atti-

2000 5458 2108 5511 erit
2141 5458 2289 5512 hanc
2321 5463 2438 5511 tam
2473 5459 2706 5530 longam
2727 5458 2787 5516 Vel
2817 5465 3033 5520 variam
3060 5458 3362 5528 historiam
3385 5473 3516 5530 XYL.
3541 5506 3610 5517 -—-

2007 5545 2254 5585 acunam
2292 5530 2696 5603 supplevimus
2716 5551 2783 5590 ex
2805 5535 3065 5611 Scylitza.
3105 5539 3285 5598 Goaa.
