3972 6146
303 351 407 411 333

1418 346 1968 412 HISTOIIIARUM
2015 347 2562 410 COMPENDlUM.

3576 351 3698 414 334

305 475 514 548 Γλαϐἆς,
564 483 961 555 τοποτηρητῆς
1017 478 1090 536 ὢν
1121 485 1219 536 τοῦ
1248 481 1524 557 τάγματος
1554 484 1663 535 τῶν
1695 478 1943 554 σχολῶν,
1971 476 2049 541 εἷς
2096 479 2375 554 βοήθειαν·
2427 479 2517 533 καὶ
2568 475 2773 540 ἰδόντες
2821 476 3038 550 τοῦτον,
3086 478 3176 534 καὶ
3223 477 3694 556 προσδοκήσαντες

302 572 383 627 τὸν
411 569 712 645 σύγκελλον
762 570 1044 627 Βασίλειον
1082 571 1219 644 μετᾶ
1268 575 1376 625 τῶν
1410 569 1793 646 Βαυλγαρικῶν
1826 566 2109 644 ἀφικέσθαι
2140 564 2418 640 δυνάμεων
2453 565 2843 643 (προσεδοκᾶτο
2873 567 2977 645 γὰρ
3002 568 3093 623 καὶ
3143 566 3301 632 οὗτος
3353 567 3552 644 ἐλθεῖν)
3599 570 3690 626 καὶ

305 658 648 722 δειλιάσαντες
678 661 731 715 οἱ
760 661 1084 730 [Ιατζινάκοι
1113 657 1380 737 σποράδες
1411 657 1572 721 ἅλλις
1601 657 1855 733 ἄλλαχοῢ
1886 655 2172 735 φεύγοντες
2224 658 2612 733 ὑπεχώρησαν,
2646 657 2757 732 [καὶ
2787 654 3012 713 πανσυδι
3064 656 3123 713 ἂν
3178 656 3461 714 ἀπολώλει
3516 661 3546 715 6
3583 665 3692 715 τῶν

303 749 560 823 Ῥωμαίων
597 751 827 826 στρατός
851 752 980 823 (α)].

366 840 591 913 Ἐγίνετο
652 836 711 893 δὲ
768 840 907 894 κατὰ
960 842 1153 894 τοῦτον
1213 837 1305 893 τὸν
1352 838 1557 913 χρόνον
1613 837 1698 892 καὶ
1731 856 1913 911 τυριιιν¹

2116 838 2232 893 Hoc
2266 837 2402 894 item
2435 842 2700 910 tempore
2730 838 3008 894 affectatae
3058 839 3389 911 tyrannidis
3418 841 3687 896 accusati

310 927 436 991 νίόος
493 923 727 996 διαϐολή
794 928 928 983 κατά
981 949 1144 983 τινων
1207 928 1490 1003 ἀρχόντων
1538 926 1804 991 πολιτῶν,
1850 926 1922 979 ὧν

316 1012 501 1091 ἔξαρχοι
531 1016 833 1092 ἐτύγχανον
868 1017 1187 1093 Νικηφόρος
1231 1017 1316 1071 καὶ
1368 1014 1597 1091 Μιχαὴλ
1646 1016 1697 1069 oi
1735 1011 1925 1076 παῖδες

314 1111 393 1162 τοῦ
433 1105 723 1179 Εὖθυμίου,
755 1111 841 1161 καί
869 1104 1034 1162 ἄλλοι
1063 1106 1200 1168 τινὶς
1230 1109 1337 1160 τῶν
1371 1105 1446 1167 είς
1483 1106 1544 1160 τὸ
1588 1104 1721 1159 αὐτὸ
1775 1104 1924 1179 γένος

310 1196 678 1273 ἀναφερόντων.
736 1194 897 1251 Ἀλλ’
954 1197 1007 1250 oi.
1056 1195 1150 1268 μὶν
1180 1193 1342 1250 ἄλλοι
1374 1195 1565 1255 πάντες
1595 1190 1929 1261 διεσώθησαν

308 1283 451 1356 μόνος
516 1281 576 1339 δὲ
645 1285 673 1339 6
730 1286 1046 1362 Νικηφόρος
1100 1283 1527 1357 ἀνεξερευνήτως
1583 1282 1924 1353 κατακριθεὶς

299 1371 565 1446 ἐξωρίσθη,
597 1378 700 1442 τῆς
728 1372 919 1434 οὐσίας
950 1372 1119 1428 αὐτοῦ
1148 1371 1412 1447 πρότερον
1446 1367 1833 1443 δημευθείσης.

356 1464 431 1532 [Ρ.
483 1464 617 1535 787]
672 1463 864 1523 ’Ὁπως
940 1459 998 1517 δὲ
1070 1465 1179 1516 τῶν
1238 1460 1589 1530 Πατζινάκων
1643 1457 1923 1535 ἐπικρατέ-

295 1570 433 1624 στερα
488 1551 715 1626 γένηται
763 1551 830 1605 τὰ
882 1550 1169 1623 Ῥωμαίων
1230 1551 1258 1605 ὁ
1318 1547 1572 1625 βασιλεὺς
1601 1548 1923 1623 φροντίζων,

290 1641 367 1694 τὸν
416 1640 650 1714 Κεγὲνην
710 1639 881 1716 ἐξάγει
952 1647 1054 1710 τῆς
1108 1638 1354 1717 φυλακῆς
1408 1637 1497 1692 καὶ
1558 1636 1610 1698 ἐς
1668 1637 1925 1705 Πατζινά-

291 1749 400 1791 κους
456 1728 749 1802 ἐκπέμπει,
811 1728 1189 1804 ὑποσχόμενον
1250 1723 1529 1801 διασχίσαι
1576 1724 1801 1785 τούτους
1832 1724 1921 1779 καὶ

290 1815 456 1878 εὔνοος
486 1819 772 1889 θεῖναιτῷ
805 1815 1038 1891 βασιλεῖ.
1095 1816 1194 1870 Καὶ
1248 1817 1315 1870 τὰ
1372 1814 1699 1889 συμμαχικᾶ
1754 1815 1922 1868 πάντα

289 1906 627 1980 συναθροίσας
677 1906 765 1983 ὑφ’
808 1903 884 1974 ἓν,
938 1905 1223 1980 Φράγγους
1281 1905 1422 1982 φημῖ
1465 1904 1556 1958 καὶ
1588 1904 1920 1979 Βαράγγους,

289 1994 771 2068 μεταπεμψάμενος
847 1992 905 2049 δὲ
979 1993 1068 2048 καὶ
1136 1992 1494 2066 ἱπποτοξότας
1552 1991 1658 2046 ἀπό
1710 2012 1767 2047 τε
1820 1998 1921 2062 τῆς

282 2083 481 2158 Τελοὺχ
546 2083 639 2138 καὶ
693 2086 791 2137 τοῦ
849 2082 1070 2157 Μαύρου
1124 2078 1284 2156 ὅρους
1332 2082 1421 2136 καὶ
1476 2086 1574 2137 τοῦ
1606 2080 1918 2157 Καρκάρου,

280 2172 390 2246 περὶ
445 2173 547 2233 τὰς
604 2168 772 2227 εἶ’κοσι
833 2169 1114 2247 χιλιάδας,
1172 2170 1262 2226 καὶ
1316 2168 1569 2244 ἀνδράσιν
1623 2170 1918 2244 ἐπισήμοις
1950 2206 1999 2271 Β

279 2265 374 2314 τῶν
417 2262 593 2337 γενῶν
648 2257 872 2316 ἕκαστον
927 2260 1161 2327 ἀναθεὶς,
1193 2259 1281 2314 καὶ
1331 2259 1417 2315 ἐπὶ
1468 2264 1626 2315 πᾶσιν
1674 2259 1919 2335 ἡγεμόνα

278 2351 606 2420 καταστήσας
668 2350 761 2405 τὸν
816 2348 1096 2423 πατρίκιον
1145 2348 1453 2426 Νικηφόρον
1491 2349 1582 2404 τὸν
1636 2349 1920 2422 Βρυέννιον

278 2440 359 2493 καὶ
432 2437 710 2513 ἐθνάρχην
782 2442 972 2491 τοῦτον
1027 2440 1425 2508 κατονομάσας,
1491 2437 1587 2499 τὰς
1645 2435 1916 2511 ἐκδρομὰς

279 2526 538 2598 ἐκπέμπει
613 2525 848 2582 κωλύειν
918 2527 1008 2582 καὶ
1078 2525 1297 2601 ἐπέχειν
1360 2530 1468 2581 τῶν
1521 2525 1866 2595 ΙΙατζινάκων
1900 2547 1913 2560 ·

276 2616 415 2671 οὗτοι
475 2618 581 2691 γὰρ
644 2617 780 2688 μετὰ
832 2616 933 2684 τὴν
992 2615 1044 2670 ἐν
1104 2613 1558 2691 Ἀδριανουπόλει
1604 2614 1787 2690 μάχην
1819 2636 1916 2670 κα-

273 2707 698 2781 ταφρονήσαντες
756 2704 1076 2779 ὁλοσχερῶς
1130 2708 1236 2758 τῶν
1304 2704 1589 2777 Ῥωμαίων
1617 2701 1789 2767 ἀδεῶς
1815 2705 1913 2772 τὴν

273 2814 327 2848 τε
368 2791 707 2849 Μακεδονίαν
765 2793 857 2847 καὶ
906 2793 1120 2869 Θρᾴκην
1169 2791 1364 2868 ἐδῄουν
1423 2793 1512 2847 καὶ
1543 2791 1913 2864 ἐπυρπόλουν,

278 2881 619 2957 ἀναιροῦντες
669 2881 928 2943 ἀνοίκτως
982 2882 1073 2937 καὶ
1103 2882 1240 2936 αὐτὰ
1289 2882 1357 2936 τὰ
1386 2879 1694 2952 θηλάζοντα
1723 2883 1912 2952 νήπια,

275 2970 344 3031 ὡς
394 2973 482 3025 καὶ
558 2969 682 3043 μίαν
743 2970 917 3025 αὐτῶν
982 2975 1176 3047 μοῖραν
1219 2968 1351 3047 ἄχρι
1410 2975 1517 3027 τῶν
1552 2970 1913 3044 Κατασύρτων

274 3054 504 3134 (ἔγγιστα
568 3056 628 3114 δὲ
685 3060 736 3114 οἰ
796 3059 1135 3135 Κατασύρται
1189 3067 1292 3129 τῆς
1360 3057 1662 3136 βασιλίδος)
1717 3058 1912 3115 ἐλθεῖν.

274 3147 438 3204 Ἀλλά
494 3147 710 3202 τούτων
768 3148 863 3220 μὲν
895 3149 930 3218 ἡ
990 3150 1335 3226 καταστροφὴ
1366 3149 1642 3223 ταχυτάτη
1679 3148 1911 3222 ἐγένετο.

273 3236 402 3290 Λαὸν
447 3239 560 3311 γὰρ
594 3238 622 3291 6
657 3234 915 3312 βασιλεὺς
948 3234 1177 3297 ὁπλίσας
1225 3237 1331 3292 ἀπό
1363 3258 1420 3291 τε
1447 3241 1555 3291 τῶν
1587 3235 1640 3291 ἐν
1669 3240 1735 3309 τῇ
1769 3234 1911 3310 αὐλῇ

267 3321 652 3399 φυλασσόντων
681 3325 772 3380 καὶ
830 3345 991 3380 τινων
1050 3323 1236 3381 ἄλλων
1298 3326 1357 3381 ἐκ
1408 3330 1505 3380 τοίἱ
1562 3324 1912 3398 παρείκοντος

264 3413 612 3486 εὑρεθέντων,
667 3414 755 3469 καὶ
810 3414 1033 3488 Ἰωάννῃ
1093 3414 1362 3491 πατρικίῳ
1420 3414 1633 3469 ἒνὶτῶν
1665 3413 1912 3487 θαλαμη-

266 3501 443 3558 πόλων
503 3502 788 3578 εὐνούχων
841 3510 940 3572 τῆς
973 3501 1254 3579 βασιλίδοδ
1312 3510 1488 3573 Ζωῆς,
1520 3504 1566 3575 ᾧ
1598 3502 1909 3581 Φιλόσοφος

2038 933 2175 982 sunt
2206 928 2447 998 quidam
2490 928 2663 997 cives,
2697 943 2947 999 quorum
2999 928 3293 1001 principes
3325 933 3492 985 erant
3518 930 3689 985 Nice-

2038 1017 2257 1088 phorus
2297 1021 2354 1071 et
2384 1015 2655 1085 Michael,
2696 1016 2991 1087 Euthymii
3024 1016 3150 1085 filii,
3199 1022 3259 1077 et
3304 1016 3404 1073 alii
3452 1018 3691 1090 quidam

2037 1107 2105 1161 ad
2142 1106 2294 1159 idem
2332 1121 2517 1175 genus
2566 1105 2883 1160 referentes
2938 1103 3244 1177 originem.
3294 1106 3404 1161 Sed
3437 1105 3535 1161 alii
3567 1122 3689 1161 om-

2041 1210 2141 1249 nes
2168 1193 2380 1249 servati
2415 1198 2574 1262 sunt,
2608 1193 2771 1250 solus
2823 1198 3017 1248 autem
3071 1193 3434 1264 Nicephorus
3466 1194 3691 1250 indicta

2037 1299 2211 1338 causa
2243 1283 2670 1337 condemnatus
2716 1282 2772 1336 in
2825 1280 3095 1337 exsilium
3131 1283 3349 1338 missus
3380 1287 3488 1349 est,
3524 1283 3688 1355 prius

2037 1378 2226 1427 tamen
2262 1372 2391 1442 ejus
2423 1372 2591 1425 bonis
2624 1369 2957 1443 publicatis.

2108 1461 2432 1531 Imperator
2463 1464 2657 1514 autem
2693 1459 2748 1514 id
2783 1475 2967 1515 unum
2993 1460 3238 1515 studens
3270 1463 3334 1515 ut
3363 1476 3457 1515 res
3489 1463 3687 1517 Roma-

2036 1565 2242 1604 norum
2277 1549 2611 1621 superiores
2638 1554 2858 1619 essent,
2890 1552 3181 1620 chenem
3225 1565 3256 1603 e
3285 1563 3515 1605 carcere
3542 1549 3683 1604 edu-

2034 1644 2192 1693 ctum
2227 1640 2296 1694 ad
2332 1637 2666 1694 Patzinacas
2718 1636 2914 1709 mittit,
2966 1637 3296 1710 pollicitum
3338 1654 3438 1694 eos
3469 1639 3539 1694 ad
3572 1638 3681 1693 im-

2032 1727 2319 1799 peratoris
2353 1726 2811 1782 benevolentiam
2847 1743 2909 1782 se
2939 1727 3353 1782 traducturum
3383 1746 3398 1795 ;
3427 1727 3677 1783 coactis-

2033 1834 2145 1887 quo
2179 1818 2233 1871 in
2270 1833 2451 1871 unum
2488 1815 2661 1871 sociis
2705 1815 3002 1882 omnibus,
3036 1815 3296 1881 Francis,
3327 1816 3592 1888 inquam,
3624 1823 3683 1874 et

2032 1906 2334 1979 Barangis,
2367 1904 2665 1961 accersitis
2710 1910 2907 1960 autem
2957 1909 3015 1960 et
3038 1904 3340 1976 equitibus
3386 1923 3421 1961 a
3459 1905 3680 1962 Teluch

2030 2001 2086 2051 et
2117 1995 2318 2050 Mauro
2352 2000 2547 2050 monte
2589 1998 2647 2049 et
2696 1993 2964 2059 Carcaro,
2994 2010 3128 2049 cum
3164 1994 3514 2065 praefecisset
3539 1994 3681 2051 viris

2032 2084 2363 2140 illustribus
2410 2099 2478 2138 ex
2529 2082 2778 2156 singulis
2824 2082 3099 2153 gentibus
3152 2099 3361 2152 unum,
3401 2083 3681 2140 omnibus

2031 2178 2225 2229 autem
2259 2173 2465 2228 ducem
2497 2172 2807 2245 patricium
2839 2172 2994 2227 608
3038 2171 3432 2244 Nicephorum
3464 2173 3679 2242 Bryen-

2031 2262 2218 2329 nium,
2259 2278 2432 2334 quem
2484 2260 2884 2329 ethuarcham,
2917 2260 2975 2315 id
3024 2265 3112 2316 est
3159 2260 3423 2332 gentium
3457 2261 3676 2333 princi-

2027 2368 2182 2424 pem,
2212 2350 2546 2423 appellavit,
2577 2351 2647 2405 ad
2678 2348 3074 2421 prohibendas
3104 2353 3161 2404 et
3202 2351 3676 2422 comprimendas

2028 2440 2401 2498 excursiones
2456 2439 2898 2494 Patzinacarum
2962 2438 3156 2493 mitlit.
3210 2439 3276 2494 Hi
3325 2439 3481 2495 enim
3543 2444 3677 2511 post

2024 2529 2431 2601 Adrianopolis
2464 2544 2722 2600 pugnam
2770 2527 3009 2583 omnino
3051 2528 3347 2598 aspernati
3379 2528 3672 2585 Romanos

2027 2619 2206 2674 libere
2237 2635 2301 2674 ac
2332 2618 2458 2673 sine
2490 2621 2646 2671 metu
2684 2616 3080 2672 Macedoniam
3104 2620 3162 2671 et
3190 2615 3497 2672 Thraciam
3530 2618 3670 2673 diri-

2029 2724 2183 2780 pere,
2215 2706 2548 2774 incendere,
2596 2705 2873 2775 infantes,
2906 2702 2993 2760 vel
3025 2704 3202 2761 etiam
3249 2704 3338 2761 lac
3369 2710 3672 2778 augentes,

2025 2796 2372 2860 interficere,
2406 2794 2565 2850 nulla
2614 2793 3016 2850 misericordia
3063 2794 3226 2863 moti,
3257 2794 3341 2850 ita
3388 2799 3455 2850 ut
3496 2796 3671 2852 etiam

2026 2902 2161 2957 pars
2223 2885 2484 2957 ipsorum
2532 2900 2719 2954 usque
2766 2883 2836 2939 ad
2887 2884 3220 2962 Catasyrtas
3266 2884 3365 2954 qui
3413 2885 3673 2957 proxime

2026 2976 2229 3030 urbem
2265 2979 2423 3041 sunt,
2457 2974 2698 3029 venerit.
2719 2972 2934 3028 Verum
2955 2973 3014 3028 hi
3032 2973 3334 3030 celerrime
3355 2975 3671 3046 perierunt.

2025 3064 2203 3119 Manu
2234 3063 2391 3118 enim
2440 3062 2762 3134 imperator
2813 3062 3121 3118 hominum
3154 3069 3399 3130 armata,
3431 3064 3673 3121 collecta

2023 3169 2090 3207 ex
2121 3152 2329 3207 aulicis
2355 3151 2704 3207 custodibus
2735 3150 2983 3221 aliisque
3012 3152 3157 3207 forte
3186 3151 3419 3220 oblatis,
3453 3157 3510 3208 et
3533 3169 3669 3224 prea-

2025 3242 2145 3296 ﬁcit
2172 3241 2455 3296 Joannem
2485 3240 2816 3312 patricium,
2840 3239 3193 3309 cognomine
3224 3238 3668 3311 Philosophum,

2023 3347 2205 3386 unum
2242 3330 2310 3385 de
2339 3328 2628 3385 eunuchis
2654 3326 3032 3384 cubiculariis
3055 3333 3180 3384 Ζοω
3209 3330 3484 3401 Augusta
3514 3347 3527 3384 :
3564 3329 3666 3401 qui

2023 3428 2194 3474 noctu
2227 3434 2327 3475 eos
2357 3419 2552 3473 ebrios
2571 3433 2776 3473 omnes
2793 3434 2860 3473 ac
2891 3417 3107 3489 sepiles
3139 3424 3347 3473 nactus
3375 3417 3536 3475 nullo
3560 3436 3662 3475 ne-

2021 3506 2181 3580 gotio
2212 3506 2520 3573 interfecit,
2553 3513 2608 3562 et
2659 3506 2849 3577 capita
2889 3523 3091 3562 eorum
3121 3507 3392 3564 curribus
3426 3508 3665 3564 rusticis

262 3592 317 3645 τὸ
373 3592 668 3664 ἐπώνυμον
705 3634 719 3659 ,
787 3590 1093 3668 ἐγχειρίσας
1127 3638 1141 3662 ,
1214 3594 1605 3669 κατειργάσατο
1664 3578 1864 3668 ῥᾳδίως
1897 3612 1908 3623 ·

2037 3578 2302 3665 imposita
2333 3595 2403 3651 ad
2437 3594 2848 3665 imperatorem
2880 3595 3128 3651 advexit.

262 3680 449 3743 νυκτὸς
481 3681 590 3756 γὰρ
621 3681 778 3743 οὗτος
810 3679 1054 3745 ἐπελθὼν
1076 3682 1163 3736 καὶ
1201 3679 1495 3754 μεθύοντας
1526 3681 1613 3735 καὶ
1640 3680 2022 3754 κοιμωμένους
2054 3682 2257 3744 πάντας
2290 3681 2460 3757 εὑρὼν
2500 3679 2785 3759 ἀπέσφαξε,
2811 3682 2899 3736 καὶ
2931 3683 3028 3745 τὰς
3059 3682 3298 3762 κεφαλὰς
3320 3684 3499 3740 αὐτῶν
3531 3685 3675 3760 ἁμά·

268 3770 376 3839 Ξαις
405 3775 741 3846 γεωργικαῖς
771 3769 974 3834 ἐπιθεὶς
1005 3771 1222 3844 κομίζει
1252 3774 1331 3842 τῷ
1359 3767 1593 3846 βασιλεῖ,

334 3857 391 3908 '0
450 3859 553 3929 μὲν
614 3856 706 3911 οὖν
744 3856 985 3931 Κεγὲνης
1043 3856 1270 3927 ἐξελθὼν
1323 3852 1760 3932 διαπρεσϐεύεται
1805 3861 1921 3919 τοῖς

272 3948 654 4016 Πατζινάκοις,
711 3946 799 4001 καὶ
856 3946 1062 4001 τούτων
1126 3947 1525 4019 ὑποσγομὲνων
1588 3951 1702 4018 μεθ’
1761 3947 1925 4020 δρκου

271 4038 520 4106 ποιήσειν
580 4036 643 4089 τὸ
697 4035 862 4090 αὐτοῦ
919 4035 1170 4108 θέλημα,
1229 4035 1514 4095 πιστεύσας
1571 4039 1687 4096 τοῖς
1744 4033 1928 4108 ὅρκοις

266 4125 351 4178 καὶ
435 4123 702 4179 ἀπελθὼν
777 4124 932 4188 εὐθὺς
1013 4124 1328 4195 ἀναιρεῖται,
1401 4123 1766 4195 κατατμηθεὶς
1848 4124 1925 4184 ε’⁴ς

276 4214 439 4288 μικρὰ
506 4213 652 4287 μέρη
709 4213 798 4268 καὶ
861 4212 1045 4287 μόρια.
1106 4214 1167 4270 Ὁ
1236 4210 1292 4267 δὲ
1323 4213 1606 4287 Βρυέννιος
1633 4213 1729 4273 τὰς
1761 4212 1924 4284 ἐμπι-

274 4302 582 4363 στευθείσας
632 4301 777 4373 αύτῷ
824 4296 1156 4377 παραλαϐὼν
1209 4299 1463 4374 δυνάμεις
1506 4301 1593 4355 καὶ
1627 4300 1676 4355 ἐν
1713 4298 1927 4375 Ἀδρια-

272 4391 532 4447 νουπόλει
566 4390 857 4464 γενόμενος
915 4390 1191 4467 ἐφρόντιζε
1244 4397 1344 4460 τῆς
1393 4388 1640 4468 φυλακῆς
1671 4394 1777 4444 τῶν
1810 4409 1925 4465 χω-

276 4480 419 4547 ρίων,
480 4478 788 4535 Στέλλεται
850 4477 906 4534 δὲ
934 4479 1025 4534 καὶ
1075 4483 1171 4534 τοῦ
1219 4479 1415 4539 παντὸς
1446 4480 1668 4554 ἡγεμὼν
1698 4482 1928 4555 στρατοῦ

277 4568 503 4644 Μιχαὴλ
565 4569 854 4644 πατρίκιος
904 4570 933 4623 ὁ
991 4567 1322 4631 Ἀκόλουθος
1367 4570 1504 4639 (42),
1562 4568 1930 4643 προσταχθεὶς

280 4656 327 4712 ἔὲ
379 4658 473 4713 καὶ
535 4657 701 4719 αὐτὸς
755 4656 1054 4727 καθολικῆς
1110 4658 1204 4731 μὲν
1266 4657 1452 4733 μάχης
1510 4658 1585 4729 μὴ
1646 4657 1925 4724 ἅπτεσθαι,

279 4744 469 4821 ε’ργειν
531 4744 593 4801 δὲ
640 4746 730 4800 καὶ
776 4746 1094 4802 ἀνακόπτειν
1147 4746 1240 4807 τὰς
1296 4743 1590 4820 ἐκδρομὰς.
1631 4747 1728 4809 ’³ος
1777 4744 1927 4819 ἐξελ-

281 4835 377 4888 ἐὼν
430 4836 524 4890 καὶ
588 4833 671 4907 τῷ
722 4835 995 4908 Βρυεννίῳ
1050 4835 1267 4900 ἐνωθεὶς
1328 4834 1492 4910 ἔργου
1549 4834 1775 4904 ἥπτετο,
1839 4835 1927 4888 καὶ

2107 3864 2360 3931 Kegenes
2373 3875 2510 3931 ergo
2523 3874 2794 3929 egressus
2807 3858 3029 3931 legatos
3042 3861 3111 3916 ad
3128 3861 3462 3919 Patzinacas
3478 3863 3680 3933 mittit;

2036 3948 2133 4019 qui
2167 3964 2300 4003 cum
2338 3948 2729 4018 jurejurando
2779 3947 3227 4006 conﬁrmassent
3258 3967 3321 4007 se
3369 3951 3558 4023 ipsius
3584 3969 3683 4008 vo-

2037 4035 2247 4091 luntati
2299 4037 2767 4105 satisfacturum,
2816 4038 3059 4093 credens
3099 4038 3441 4108 juramento
3479 4042 3551 4098 ad
3581 4058 3685 4097 eos

2037 4142 2099 4181 se
2131 4126 2373 4194 confert,
2406 4125 2727 4196 statimque
2759 4125 3130 4197 interﬁcitur,
3153 4128 3214 4183 in
3246 4128 3433 4185 multa
3458 4131 3687 4186 minuta

2035 4215 2305 4270 con~:isus
2338 4215 2544 4270 frusta.
2580 4214 2903 4287 Bryeunius
2937 4233 3108 4287 porro
3139 4217 3338 4290 copias
3383 4219 3497 4276 sibi
3522 4237 3683 4276 com-
3778 4220 3785 4227 ’

2038 4303 2251 4359 missas
2283 4303 2599 4375 accipiens,
2623 4310 2687 4358 ut
2710 4300 3124 4376 Adrianopolin
3154 4307 3330 4378 venit,
3348 4310 3690 4365 custodien-

2036 4394 2130 4447 dis
2161 4392 2305 4448 locis
2336 4409 2535 4447 curam
2577 4393 2887 4464 impendit.
2936 4394 3182 4450 Mittitur
3210 4396 3388 4452 etiam
3434 4396 3690 4453 universi

2038 4484 2157 4537 dux
2187 4482 2496 4545 exercitus,
2531 4480 2851 4538 Michaelus
2897 4483 3181 4553 patricius
3213 4483 3563 4553 Acoluthus;
3596 4486 3689 4541 cui

2038 4576 2095 4627 et
2117 4571 2225 4642 ipsi
2251 4571 2595 4625 mandatum
2616 4569 2722 4624 fuit
2740 4572 2982 4642 utjusto
3007 4571 3202 4643 praelia
3216 4574 3370 4629 σοι
3383 4574 3691 4630 abstinens

2037 4660 2412 4715 excursiones
2443 4659 2704 4714 hostium
2740 4660 3109 4731 reprimeret.
3143 4661 3194 4716 ls
3228 4678 3361 4717 cum
3401 4662 3691 4736 Bryennio

2039 4766 2102 4804 se
2145 4748 2577 4819 conjunxisset,
2626 4765 2746 4802 rem
2797 4763 2999 4820 gerere
3031 4749 3252 4820 incipit.
3301 4750 3379 4806 Ac
3425 4751 3682 4821 primum

2040 4838 2196 4909 apud
2230 4835 2469 4892 Goloam
2506 4837 2561 4891 in
2614 4836 2911 4892 cohortem
2951 4837 3395 4893 Patzinacarum
3426 4840 3695 4896 incidens

280 4924 541 4999 πρότερον
603 4923 701 4998 μὲν
772 4923 825 4978 ἐν
879 4922 1063 4999 Γολόῃ
1102 4928 1198 4997 μιᾷ
1232 4924 1398 4999 μοίρᾳ
1435 4928 1541 4978 τῶν
1584 4922 1913 4993 Πατζινάκωπ

2039 4942 2167 4981 eam
2202 4926 2377 4981 delet.
2415 4924 2635 4980 Deinde
2674 4942 2906 4981 rursum
2937 4926 3009 4980 ad
3033 4925 3387 4998 Toplitzum,
3421 4929 3575 5001 quod
3609 4938 3699 4986 est

280 5013 595 5087 περιτυχὼν
650 5011 738 5067 καὶ
801 5012 1004 5083 ταύτην
1063 5012 1402 5089 τρεψάμενος
1460 5011 1759 5091 ἠφάνισεν,
1818 5014 1934 5067 εἶτα

286 5100 438 5155 πάλιν
472 5101 528 5155 ἐν
588 5105 669 5173 τῷ
722 5100 1020 5173 Τοπλιτζῷ
1047 5101 1330 5179 (φρούριον
1365 5098 1422 5156 δὲ
1453 5101 1611 5165 οὗτος
1640 5101 1786 5177 παρὰ
1839 5103 1930 5157 τὸν

280 5183 477 5265 Ἕϐρον
508 5190 791 5264 κείμενον)
822 5189 1003 5266 ἑτέραν
1065 5188 1350 5246 ἀποσπάδα
1406 5195 1600 5265 μοῖραν
1651 5195 1756 5244 τῶν
1822 5198 1931 5247 Πα-

2042 5013 2346 5070 castellum
2381 5014 2450 5069 ad
2487 5014 2743 5068 Hebrum
2780 5014 2986 5078 situm,
3031 5013 3203 5069 aliam
3231 5015 3528 5073 cohortem
3562 5022 3698 5074 Pat-

2042 5104 2378 5159 zinacarum
2404 5120 2435 5157 a
2470 5101 2710 5174 reliquis
2737 5101 2997 5157 avulsam
3026 5109 3233 5160 nactus
3264 5105 3556 5163 interﬁcit.
3592 5112 3697 5163 Ex-

2044 5192 2181 5248 iude
2205 5192 2521 5248 Patzinacae
2556 5190 2625 5246 ab
2649 5191 2740 5247 his
2774 5191 2957 5263 copiis
2989 5191 3100 5248 sibi
3133 5199 3404 5251 caventes
3425 5197 3694 5269 populari

1479 5316 1843 5373 XYLANDRI
1885 5316 1969 5371 ET
2004 5314 2224 5372 GOARI
2263 5315 2496 5372 NOT/E.

348 5422 459 5492 (42)
495 5422 762 5492 Codinus
793 5425 865 5479 de
894 5423 1059 5480 Ofﬁc.
1121 5441 1171 5480 c.
1202 5426 1274 5480 5:

1342 5424 1403 5480 Ὁ
1422 5493 1435 5497 Α
1453 5420 1753 5497 ἀκόλουθος
1767 5421 1940 5497 *εὑρί-

287 5491 459 5546 τκεται
516 5493 619 5565 μὲν
666 5491 860 5569 ἔνοχος
889 5499 997 5550 τῶν
1048 5494 1359 5571 Βαράγγων,
1412 5493 1705 5549 ἀκολουθεῖ
1763 5492 1820 5548 δὲ
1853 5491 1939 5566 ’τῷ

2052 5420 2267 5495 βασιλεῖ
2295 5416 2595 5494 ἔμπροσθεν
2630 5421 2944 5477 αὖτῶν.Διά
2974 5444 3058 5477 τοι
3087 5428 3247 5479 τοῦτο
3278 5422 3369 5480 καί
3398 5424 3701 5490 ἀκόλουθος

2050 5495 2291 5568 Λέγεται.
2329 5496 2509 5550 ϐοιιιι.

345 5618 413 5678 (ο)
445 5618 583 5689 ουρ
615 5621 824 5689 uncinis
856 5620 1187 5689 inclusimus,
1217 5621 1333 5689 loco
1364 5625 1651 5689 suo_mota_
1666 5634 1792 5689 ιειιειιι⁵
1808 5621 2076 5679 videntur,
2111 5620 2544 5685 retrahendaque
2573 5619 2821 5685 superius
2849 5625 2971 5674 ante
2998 5635 3092 5674 sex
3130 5622 3320 5684 lineas,
3351 5635 3548 5689 nempe
3576 5626 3697 5689 post

290 5679 396 5730 hac
425 5684 603 5734 verba
630 5685 713 5731 καὶ
738 5685 873 5751 τάχα
906 5683 969 5741 ἄν
998 5679 1189 5749 ἐγένετο
1215 5686 1421 5734 τοῦτο...
1452 5682 1587 5736 Edit.
1621 5683 1811 5735 Patrol.
