3972 6146
234 324 352 385 335

1586 325 1904 384 GEORGII
1949 323 2292 384 CEDRl‘INI

3513 329 3627 388 336

235 458 534 530 regionem
558 457 629 512 ad
652 456 877 512 radices
897 457 1075 511 Hzcmi
1110 456 1282 511 sitam
1307 463 1707 522 cessaverunt,
1726 458 1878 510 omni

2010 455 2262 523 τζινάκων
2325 455 2492 530 εὑρων
2553 451 2852 509 ἀπώλεσεν.
2885 455 3042 517 u066v
3105 448 3489 523 εὐλαϐηθέντες
3540 461 3631 514 τὰς

235 547 458 617 impetu
513 547 568 600 in
621 547 958 601 Macedonia
1007 563 1336 600 converso:
1391 547 1444 599 in
1498 547 1668 615 cujus
1716 561 1886 616 agros

237 637 661 709 grassabantur
677 637 900 690 delecto
920 636 1400 690 robustissimoru
1418 652 1464 689 τι
1490 634 1765 698 exercitu,
1785 651 1883 705 pa-

238 726 347 781 rati
405 725 604 780 hostes
663 726 1002 796 ingruentes
1061 725 1389 778 defendere.
1453 724 1776 795 Bryennius
1831 731 1887 778 et

238 814 558 869 Micbaelus
592 813 680 868 bis
731 813 1173 880 animadversis,
1210 818 1383 866 noctu
1439 815 1614 867 motis
1653 812 1884 876 castris,

238 904 318 959 ita
347 908 410 958 ut
441 919 611 957 nemo
663 903 908 956 sentiret
958 919 1240 971 quorsum
1293 903 1618 970 tenderent,
1655 907 1885 971 magnis

233 993 544 1047 itineribus
562 991 928 1060 Chariopolin
953 991 1229 1055 veniunt;
1265 1006 1447 1060 eoque
1475 1007 1604 1044 cum
1630 992 1884 1045 exercitu

235 1081 485 1154 ingrcssi
527 1079 1026 1151 opportunitatem
1080 1079 1159 1133 rei
1209 1081 1476 1151 gerenda:
1525 1087 1880 1150 exspectant.

235 1171 556 1226 Patzinacte
589 1170 799 1240 praedis
829 1185 895 1222 ex
947 1168 1104 1239 agris
1154 1172 1210 1222 et
1263 1169 1563 1223 suburbiis
1596 1169 1740 1223 actis
1774 1171 1882 1223 sub

235 1276 538 1332 vesperam
574 1259 784 1313 reversi
817 1258 1075 1329 proxime
1093 1256 1486 1328 Cbariopolin,
1510 1258 1687 1312 nescii
1719 1275 1881 1328 pror-

237 1367 338 1405 sus
365 1348 422 1402 in
460 1348 601 1402 urbe
634 1345 904 1402 hostilem
937 1363 1067 1401 esse
1100 1347 1443 1411 exercitum,
1479 1347 1533 1400 in
1564 1353 1751 1400 castra
1778 1364 1885 1401 sua

236 1455 298 1493 se
329 1437 658 1502 conferunt,
691 1451 893 1490 secure
926 1435 1078 1489 inter
1112 1435 1338 1490 ﬁstulas
1382 1441 1441 1489 et
1487 1434 1752 1504 cymbala
1785 1452 1880 1489 co-

237 1531 586 1582 messantes.
619 1525 1062 1581 Intendentibus
1093 1539 1156 1578 se
1181 1524 1457 1591 tenebris,
1484 1525 1805 1594 Bryennius
1828 1531 1885 1578 et

237 1614 558 1671 Michaelus
587 1613 807 1685 egressi
856 1630 955 1668 eos
987 1613 1209 1684 sopitos
1259 1618 1686 1683 stertentesque
1717 1612 1880 1666 inve-

235 1704 408 1759 niunt
437 1709 494 1758 et
523 1703 822 1758 occidione
871 1701 1086 1756 delent.
1137 1701 1268 1756 Haec
1318 1700 1512 1756 clades
1548 1701 1880 1756 Patzinacas

231 1792 530 1864 repressit,
561 1791 950 1862 timoremque
984 1791 1251 1856 incussit,
1286 1796 1351 1844 ut
1374 1791 1498 1858 jam
1531 1807 1648 1844 non
1675 1791 1875 1857 effuse,

233 1887 296 1938 ut
325 1886 482 1947 ante,
515 1881 614 1935 sed
650 1880 883 1951 parcius
917 1879 1141 1949 praedas
1172 1884 1430 1950 agerent,
1453 1878 1876 1934 indictionibus

229 1975 436 2042 quarta
465 1975 522 2025 et
551 1969 778 2040 quinta.

1995 542 2248 604 τοιαύτας
2304 545 2356 597 οἱ
2406 542 2736 610 ΙΙατζινάκαι
2777 539 3032 614 δυνάμεις
3092 544 3160 596 τὰ
3223 544 3318 615 μὲν
3368 547 3504 620 παρὰ
3545 550 3634 612 τὰς

2001 632 2272 708 ὑπωρείας
2320 637 2417 687 τοῦ
2476 633 2657 704 Α’ἰμου
2703 631 2927 704 κείμενα
2984 630 3167 707 χωρία
3224 631 3497 702 ληίζεσθαι
3537 637 3634 691 ἀπ-

1997 722 2247 796 έσχοντο,
2324 727 2494 776 πᾶσαν
2575 720 2632 774 δὲ
2697 723 2793 788 τὴν
2873 722 3052 794 ὁρμὴν
3127 721 3445 791 ἐποιήσαντο
3509 727 3637 781 κατᾶ

1998 809 2356 872 Μακεδονίας.
2421 811 2514 864 Καὶ
2574 816 2682 864 ωᾶν
2740 811 2862 863 ὅσον
2894 812 2959 878 ἦν
3009 807 3243 881 ἀλκιμον
3297 807 3641 886 διακριθέντες

1994 900 2316 973 κατέτρεχον
2366 899 2433 953 τὰ
2465 897 2514 952 ἐν
2566 896 2869 969 Μακεδονίᾳ
2918 897 3121 972 χωρία,
3172 897 3261 952 καὶ
3315 899 3380 967 ἥν
3414 921 3492 960 τις
3527 901 3640 976 ἐπίῃ

1994 986 2260 1059 πόλεμος,
2314 988 2601 1063 εὑρώςτως
2666 987 2824 1042 αὑτὸν
2903 985 3291 1061 προσδέξασθαι
3356 988 3640 1060 ἐμελέτων.

1994 1077 2160 1151 Ὅπερ
2195 1077 2454 1148 μαθόντες
2506 1079 2533 1131 6
2581 1078 2863 1152 Βρυέννιος
2915 1077 3003 1130 καὶ
3037 1077 3064 1130 ὁ
3099 1076 3356 1151 Μιχαὴλ,
3400 1081 3478 1151 [Ρ.
3517 1083 3642 1154 788]

1995 1162 2215 1237 ἄραντες
2249 1168 2439 1227 νυκτὸς
2494 1166 2567 1228 ὡς
2626 1163 2834 1238 μηδένα
2885 1165 3230 1235 συναίσθησιν
3281 1161 3465 1220 λαϐεῖν
3518 1167 3639 1223 ὅποι

1996 1253 2205 1322 ἀπίασι,
2255 1255 2345 1308 καὶ
2378 1253 2616 1326 συντόνῳ
2674 1256 3015 1328 χρησάμενοι
3062 1252 3350 1328 οδοιπορίᾳ
3395 1249 3642 1331 ἔρχονται

1994 1341 2068 1405 εἴς
2098 1341 2494 1416 Χαριούπολιν,
2545 1344 2635 1397 καὶ
2688 1343 2740 1397 ἐν
2791 1345 2930 1416 αὐτῇ
2982 1343 3312 1407 εἰσελθόντες
3367 1347 3499 1417 μετὰ
3550 1351 3642 1401 τοῦ

1994 1436 2222 1503 στρατοῦ
2279 1429 2592 1506 ἐξεδέχοντο
2650 1433 2740 1486 τὸν
2801 1432 3013 1501 καιρόν.
3080 1433 3147 1486 Οἱ
3201 1429 3259 1486 δὲ
3325 1435 3646 1502 ΙΙατζινάκαι

1990 1520 2117 1581 τοὺς
2175 1520 2370 1596 ἀγροὺς
2428 1521 2517 1575 καὶ
2569 1521 2636 1575 τὰ
2693 1521 2988 1593 προάστεια
3049 1520 3375 1594 ληϊσάμενοι
3430 1526 3643 1591 πάντα,

1991 1610 2077 1662 καὶ
2131 1610 2251 1683 περὶ
2318 1609 2582 1685 βουλυτὸν
2645 1611 3075 1684 ὑποστρέψαντες
3128 1607 3347 1685 ἔγγιστα
3413 1613 3645 1687 Χαριου-

1991 1697 2230 1768 πόλεως,
2277 1700 2654 1773 προστίθενται
2685 1703 2752 1771 τῇ
2795 1694 3147 1774 παρεμϐολῇ,
3177 1699 3502 1772 ἀγνοοῦντες
3531 1700 3643 1755 ὅτι·

1989 1808 2090 1860 περ
2146 1787 2502 1862 ἐπιχωριάζει
2566 1787 2871 1861 στράτευμα
2927 1785 3072 1847 ὅλως
3136 1789 3187 1842 ἐν
3239 1787 3406 1861 αὑτῇ·
3444 1786 3528 1844 διὸ
3557 1792 3644 1844 καὶ

1987 1876 2156 1939 ἀδεῶς
2207 1874 2410 1932 ἔκειντο
2461 1877 2510 1931 έν
2542 1877 2734 1939 αὐλοῖς
2778 1877 2866 1932 καὶ
2907 1872 3215 1949 κυμϐάλοις
3272 1878 3641 1950 κωμάζοντες,

1986 1968 2196 2028 Νυκτὸς
2254 1965 2299 2021 δ’
2357 1966 2750 2040 ἐπιγενομένης
2807 1967 2859 2020 οἱ
2915 1968 3037 2042 περὶ
3098 1968 3186 2021 τὸν
3232 1969 3526 2042 Βρυέννιον
3555 1969 3646 2023 καὶ

231 2059 324 2114 τὸν
359 2055 590 2132 Μιχαὴλ
622 2054 925 2128 ἐξελθόντες
955 2055 1041 2108 καὶ
1075 2056 1458 2127 κοιμωμένους
1490 2056 1575 2109 καὶ
1614 2054 1902 2130 ῥέγχοντας
1933 2057 2177 2131 εὑρόντες
2227 2057 2507 2131 ἀναιροῦσι
2555 2056 2891 2128 σύμπαντας.
2943 2059 3116 2110 Τοῦτο
3173 2052 3229 2110 δὲ
3276 2058 3344 2110 τὸ
3393 2056 3656 2132 ἀτύχημα

236 2144 506 2215 συστολὴν
539 2145 629 2199 καὶ
661 2143 868 2199 δειλίαν
901 2141 1120 2213 ἐνέθηκε
1146 2149 1263 2204 τοῖς
1294 2143 1668 2211 Πατζινάκοις.
1699 2147 1790 2198 Διό
1819 2145 2027 2206 καὶτὰς
2059 2143 2329 2220 ἐκδρομὰς
2362 2145 2462 2199 οὐκ
2509 2145 2704 2207 ἀνέτως
2756 2146 2828 2206 ὡς
2875 2145 2937 2199 τὸ
2986 2144 3271 2218 πρότερον,
3326 2145 3475 2201 ἀλλὰ
3528 2147 3661 2220 μετὰ

236 2233 452 2312 φειδοῦς
485 2232 792 2300 ἐποιοῦντο,
823 2233 960 2286 κατά
989 2253 1046 2286 τε
1072 2233 1170 2301 τὴν
1205 2229 1251 2286 δ’
1277 2232 1368 2286 καὶ
1398 2239 1433 2286 ε’
1463 2229 1793 2287 ίνδικτιῶνα.

309 2344 461 2399 665
497 2348 606 2396 Per
635 2341 743 2396 hoc
772 2342 971 2412 ipsum
999 2345 1235 2412 tempus
1261 2341 1559 2396 Romanus
1583 2341 1768 2394 Boilas
1795 2358 1888 2395 su-

239 2433 360 2488 bito
377 2442 462 2487 est
484 2433 554 2486 ad
584 2447 884 2486 summum
901 2429 1220 2485 evectus.Is
1242 2446 1373 2484 cum
1401 2431 1458 2483 in
1481 2429 1889 2484 sodalitatibus

241 2526 508 2588 mereret,
543 2521 717 2575 homo
749 2519 949 2589 lingua
997 2525 1302 2590 promptus
1342 2535 1407 2573 ac
1441 2535 1542 2589 pro
1577 2520 1801 2573 urbano
1834 2524 1887 2572 et

237 2613 425 2667 faceto
456 2610 713 2676 habitus,
749 2625 881 2663 cum
924 2607 1103 2663 semel
1135 2608 1190 2661 in
1225 2614 1602 2678 conspectum
1631 2607 1886 2679 impera

237 2700 381 2755 toris
411 2699 684 2766 venisset,
717 2695 1194 2767 elegantissimus
1243 2712 1308 2750 ex
1343 2696 1631 2765 colloquio
1657 2696 1886 2765 judica-

233 2793 353 2855 tus,
383 2803 687 2858 nunquam
720 2787 792 2840 ab
823 2802 889 2840 eo
923 2785 1132 2838 deinde
1162 2784 1447 2839 dimissus
1485 2792 1594 2849 est,
1629 2786 1725 2840 sed
1756 2800 1884 2839 cum

236 2876 656 2932 Monomachus
702 2879 758 2929 et
782 2873 1188 2933 consiliarium
1222 2889 1393 2944 porro
1423 2883 1472 2927 et
1509 2873 1710 2944 quavis
1741 2873 1794 2927 in
1831 2890 1887 2928 re

233 2965 572 3020 ministrum
592 2963 825 3017 habuit:
849 2961 1331 3032 paulatimqueeo
1346 2962 1529 3017 evexit
1549 2968 1610 3016 ut
1629 2963 1883 3033 primum

233 3054 292 3108 in
326 3053 687 3115 aulalocum
717 3052 1024 3106 obtineret.
1075 3052 1128 3104 Is
1163 3056 1225 3104 ut
1253 3046 1580 3105 erat'bomo
1611 3057 1884 3106 versutus

234 3147 410 3214 atque
438 3141 657 3208 varius,
688 3141 969 3194 diuturna
991 3139 1220 3210 imperii
1247 3139 1563 3211 cupiditate
1584 3139 1881 3206 laborans,

233 3237 521 3302 quotquot
549 3233 889 3284 senatorum
917 3228 1512 3298 apud'imperatorem
1535 3229 1592 3282 in
1613 3228 1882 3299 indigna-

232 3322 393 3376 tione
439 3324 625 3387 erant,
679 3334 877 3373 eorum
932 3333 1142 3371 arcano
1186 3333 1289 3371 suo
1340 3318 1602 3388 exposito
1653 3319 1882 3372 animos

2069 2341 2219 2395 Κατά
2246 2345 2436 2394 τοῦτον
2484 2341 2572 2394 τὸν
2625 2341 2826 2415 χρόνον
2860 2341 2948 2394 καὶ
2980 2342 3014 2409 ἡ
3063 2342 3353 2412 Ῥωμανοῦ
3384 2346 3484 2395 τοῦ
3511 2339 3664 2416 λεγο-

2002 2429 2163 2500 μένου
2216 2427 2388 2484 Βο’ίλα
2444 2427 2710 2503 αἰφνίδιος
2765 2430 2981 2503 γέγονεν
3036 2426 3273 2499 αὔξησις.
3338 2431 3512 2492 Οὗτος
3559 2433 3661 2506 γὰρ

1999 2516 2048 2571 ἐν
2099 2523 2220 2578 ταῖς
2273 2514 2566 2592 ἓταιρείαις
2613 2519 3074 2593 κατατεταγμένος
3119 2518 3207 2571 καὶ
3256 2525 3364 2588 τήν
3417 2518 3664 2594 γλῶτταν

1998 2604 2156 2680 ὑγρὸς
2219 2601 2314 2671 ὢν,
2360 2605 2450 2658 καὶ
2485 2603 2658 2659 δοκῶν
2690 2606 2826 2660 κατὰ
2870 2610 3033 2659 τοῦτο
3092 2605 3312 2668 ἀστεῖος
3343 2609 3436 2660 καὶ
3475 2606 3666 2682 εὐτρά-

1995 2693 2184 2760 πελος,
2261 2692 2376 2746 ἐπεί
2450 2714 2582 2747 ποτε
2635 2693 2710 2754 εἷς
2769 2689 2891 2766 ὄψιν
2970 2692 3110 2761 ἦλθε
3155 2699 3234 2766 τῷ
3305 2695 3526 2770 βασιλεῖ
3577 2696 3664 2750 καὶ

1995 2780 2270 2852 ὁμιλήσας
2327 2783 2684 2856 χαριέστατος
2730 2776 2898 2852 ἔδοξε,
2955 2783 3018 2837 τὸ
3065 2783 3170 2836 ἀπὸ
3226 2781 3401 2838 τοῦδε
3459 2785 3669 2859 ἀχώρι-

1995 2891 2117 2933 στος
2176 2871 2241 2938 ἦν
2298 2870 2462 2925 αὐτοῦ
2516 2868 2605 2924 διὰ
2662 2871 2881 2938 παντὸς,
2940 2871 3029 2925 καὶ
3087 2871 3264 2944 τούτῳ
3304 2874 3518 2948 ἐχρῆτο
3576 2875 3664 2927 καὶ

1994 2954 2297 3031 συμϐούλῳ
2353 2960 2439 3012 καὶ
2502 2957 2738 3031 διακόνῳ
2807 2959 2896 3013 καὶ
2959 2960 3214 3034 ὑπουργῷ
3269 2963 3424 3037 ’πρὸς
3494 2968 3666 3016 πᾶσαν

1993 3048 2308 3124 ὑπηρεσίαν·
2369 3047 2426 3102 ὅν
2479 3049 2615 3102 κατὰ
2677 3050 2869 3123 μικρὸν
2928 3055 3046 3110 ταῖς
3076 3055 3265 3121 τιμαῖς
3309 3047 3668 3122 προϐιὸάζων

1993 3137 2069 3199 είς
2133 3138 2268 3213 μέγα
2327 3137 2482 3209 ἐξῆρε
2537 3138 2627 3191 καὶ
2687 3137 2918 3210 ὕψωσεν,
2966 3139 3039 3199 ὡς
3068 3138 3134 3192 τὶ
3163 3143 3369 3212 πρῶτα
3402 3140 3585 3216 φέρειν
3618 3139 3668 3195 ἐν

1995 3225 2317 3302 βασιλείοις.
2352 3225 2524 3287 Οὗτος
2557 3228 2584 3280 6
2619 3226 2754 3301 ἀνὴρ
2789 3226 3102 3300 εὐμήχανος
3133 3224 3206 3281 ὣν
3237 3229 3339 3282 καὶ
3384 3229 3663 3297 ποικίλος,

1988 3315 2077 3368 καὶ
2130 3322 2229 3382 τῆς
2295 3313 2571 3390 βασιλείας
2621 3313 2760 3389 ἐρῶν
2819 3314 2901 3368 ἀεί
2954 3336 3105 3387 ποτε,
3165 3315 3516 3393 ἀπεπείρᾶτο
3553 3319 3660 3373 τῶν

228 3409 515 3466 tentabat.
531 3415 608 3462 Ac
627 3407 842 3477 quibus
860 3405 1085 3460 insidiae
1107 3406 1522 3477 probabantur,
1544 3423 1642 3460 eos
1660 3407 1878 3462 sensim

2010 3402 2109 3456 ίσοι
2180 3407 2290 3457 τῶν
2367 3403 2744 3476 συγκλητικῶν
2816 3403 3285 3477 προκεκρουκότες
3359 3407 3504 3476 ἦσαν
3585 3412 3666 3479 τῷ

233 3515 299 3554 ac
331 3497 559 3569 placide
603 3496 711 3550 sibi
763 3495 1153 3564 conjungebat
1176 3494 1652 3565 juramentisque
1685 3495 1879 3549 devin-

231 3587 419 3642 ciebat
452 3603 464 3640 :
499 3584 597 3655 qui
629 3587 822 3638 autem
851 3581 1037 3653 primo
1068 3581 1244 3636 etiam
1269 3583 1471 3636 auditu
1501 3583 1572 3636 ab
1604 3599 1670 3636 ea
1703 3601 1760 3637 re
1782 3585 1880 3638 ab-

228 3675 563 3737 horrebant,
605 3689 803 3728 eorum
859 3671 1102 3741 probare
1151 3686 1213 3725 se
1263 3676 1435 3740 atque
1484 3672 1626 3725 adeo
1678 3672 1878 3727 mirari

229 3765 402 3819 fidem
437 3779 576 3834 erga
608 3761 1018 3833 imperatorem
1053 3758 1392 3825 simulabat,
1428 3773 1608 3829 seque
1648 3765 1877 3815 tantum

228 3851 562 3924 experiendi
593 3866 790 3904 eorum
829 3848 1059 3902 animos
1092 3862 1270 3900 causa
1301 3847 1415 3901 ista
1446 3847 1706 3902 locutum
1727 3849 1879 3903 dice-

231 3943 351 4006 bat,
382 3942 739 4012 jurabatque
765 3954 828 3992 se
858 3952 1058 3992 eorum
1113 3936 1510 4006 integritatem
1544 3937 1880 4007 imperatori

231 4029 634 4084 laudaturum.
660 4026 804 4082 Cum
840 4025 1053 4079 multos
1084 4024 1296 4078 civium
1331 4026 1879 4096 corrupisset,jam-

237 4134 350 4187 que
398 4115 777 4170 insidiaretur
826 4114 1185 4184 imperatori,
1239 4129 1328 4167 res
1378 4115 1603 4168 detecta
1649 4121 1757 4169 est.
1807 4122 1884 4170 Ac

237 4205 379 4262 socii
405 4205 639 4277 quidem
669 4203 1120 4273 conspirationis
1149 4203 1470 4272 quaestione
1490 4203 1712 4272 agitata
1737 4205 1883 4258 male

239 4301 379 4350 sunt
409 4294 652 4365 accepti,
707 4291 1085 4346 facultatibus
1132 4290 1256 4344 suis
1291 4290 1523 4361 spoliati
1557 4298 1612 4344 et
1645 4293 1698 4345 in
1733 4295 1882 4347 exsi-

239 4383 379 4438 lium
411 4383 520 4437 acti
559 4397 571 4436 :
609 4383 900 4436 Romanus
922 4379 1181 4448 impunis
1201 4378 1404 4433 evasit.
1425 4378 1568 4432 Nam
1591 4397 1724 4434 cum
1751 4397 1884 4435 eum

233 4473 552 4543 imperator
584 4469 886 4540 paululum
939 4469 1110 4521 modo
1161 4475 1458 4521 aversatus
1494 4468 1720 4535 fuisset,
1757 4485 1886 4523 mox

232 4561 289 4616 in
327 4561 642 4632 pristinum
677 4557 934 4612 restituit
966 4555 1178 4609 locum.

1997 3492 2230 3566 βασιλεῖ,
2293 3492 2377 3544 καὶ
2431 3494 2492 3546 τὸ
2557 3495 2856 3567 μυστήριον
2909 3492 3234 3566 ἀνεκάλυψε.
3300 3497 3409 3549 Καὶ
3455 3496 3664 3550 τούτων

1990 3581 2182 3634 ὁπόσοι
2247 3579 2343 3652 μὶν
2403 3576 2598 3654 ἔτυχον
2658 3578 3099 3656 προσδεχόμενοι
3156 3582 3292 3643 τοὺς
3329 3581 3538 3660 λόγους
3571 3592 3669 3653 τῆς

1989 3663 2310 3736 ἐπιϐουλῆς.
2387 3667 2571 3744 ἡμέρα
2645 3668 2734 3723 καὶ
2804 3674 3095 3743 προσηνῶς
3154 3669 3520 3746 ἀνελάμϐανε
3578 3673 3671 3728 καὶ

1990 3756 2175 3830 ὅρκοις
2231 3755 2641 3833 έξησιραλίζετο·
2703 3756 2829 3820 τοὺς
2883 3756 2999 3812 ὅσοι
3063 3757 3119 3812 δὲ
3161 3760 3250 3815 καὶ
3314 3764 3466 3837 πρὸς
3501 3763 3677 3835 μόνην

1989 3842 2386 3899 ἀπεδυσπέτουν
2446 3846 2542 3914 τὴν
2599 3846 2789 3914 ἀκοὴν,
2847 3845 3210 3922 ἀποδέχεσθαι
3264 3858 3671 3923 προσεποιεῖτο

1991 3934 2081 3987 καὶ
2140 3934 2426 4006 θαυμάζειν
2485 3942 2585 4003 τῆς
2643 3935 2718 3996 είς
2749 3935 2840 3988 τὸν
2902 3935 3128 4012 βασιλέα
3194 3937 3449 4011 εὐνοίας,
3483 3941 3678 3995 καὶτὰ

1994 4020 2254 4097 λεχθέντα
2334 4021 2653 4096 δοκιμασίας
2728 4019 2884 4098 ἔλεγε
2962 4025 3190 4099 ῥηθῆναι
3276 4029 3506 4103 χάριν,
3584 4030 3677 4084 καὶ

1998 4109 2372 4186 ὑπερλαλῆσαι
2424 4112 2630 4165 τούτων
2693 4112 2744 4173 ές
2799 4114 2890 4167 τὸν
2948 4111 3171 4187 βασιλέα
3213 4114 3554 4190 ἐπώμνυτο.
3585 4125 3680 4174 Τε-

1995 4198 2241 4253 λΞυταῖον
2295 4199 2352 4255 δὲ
2381 4199 2626 4263 πολλοὺς
2662 4199 2975 4277 διαφθείρας
3003 4207 3111 4256 τῶν
3144 4203 3407 4260 πολιτῶν
3439 4207 3532 4261 καὶ
3559 4208 3677 4262 ἐπι-

1995 4284 2202 4358 ϐουλήν
2238 4289 2503 4364 έξαρτύων
2533 4288 2804 4366 ἐφωράθη.
2831 4291 2927 4344 Καὶ
2960 4291 3010 4344 οἱ
3045 4292 3139 4362 μὲν
3173 4290 3352 4348 ἄλλοι
3389 4296 3593 4359 πάντες
3630 4297 3684 4351 οἱ

1997 4377 2142 4448 αὑτῴ
2175 4379 2566 4449 συνομόσαντες
2595 4383 2772 4438 κακῶς
2814 4376 3009 4441 ἔπαθον
3061 4379 3383 4446 ἐτασθέντες
3429 4385 3524 4438 καὶ
3569 4391 3679 4439 τῶν

1997 4466 2210 4520 οἷκεῖων
2259 4466 2528 4538 ὑπάρξεων
2575 4469 2951 4540 γυμνωθέντες
2994 4467 3084 4521 καὶ
3136 4469 3476 4544 ὑπερορίαις
3510 4495 3685 4548 παρα-

1996 4557 2348 4632 πεμφθέντες,
2410 4556 2438 4609 ὁ
2499 4553 2555 4609 δί
2605 4557 2902 4627 Ῥωμανὸς,
2939 4553 3086 4609 οὐδὲν
3146 4559 3403 4623 πέπονθε
3438 4562 3686 4638 φαῦλον·

232 4650 368 4704 κατὰ
398 4649 591 4722 μικρὸν
621 4646 719 4722 γὰρ
752 4643 1184 4719 ἀποστραφέντος
1206 4641 1365 4696 αὑτὸν
1394 4648 1490 4697 τοῦ
1526 4643 1815 4716 βασιλέως,
1850 4645 2014 4701 πάλιν
2049 4647 2407 4720 συνεχωρήθη
2443 4645 2530 4698 καὶ
2567 4645 2664 4713 τὴν
2696 4645 2958 4720 προτέραν
2990 4647 3103 4720 εἶχε
3134 4648 3512 4711 κατάστασιν,

304 4759 458 4813 666
494 4761 666 4811 Porro
699 4754 972 4809 sultanus
998 4767 1152 4815 cum,
1179 4758 1240 4804 ut
1271 4752 1548 4817 diximus,
1585 4754 1745 4807 fratri
1781 4771 1885 4808 suo
1921 4762 1960 4823 υ

231 4846 506 4903 Abramio
552 4847 940 4907 succenseret,
985 4841 1256 4894 assiduas
1289 4841 1417 4909 ejus
1448 4841 1577 4894 vita:
1612 4841 1885 4913 deinceps

233 4933 704 4991 struxitinsidias
735 4932 893 4997 Quod
913 4928 1490 4984 sentiensAbramius
1509 4929 1886 4984 adCutlumu-

238 5038 370 5076 sum
403 5022 653 5095 aufugit,
686 5038 859 5074 suum
894 5017 1332 5082 consobrinum,
1368 5021 1425 5070 et
1452 5017 1547 5071 illo
1569 5019 1884 5089 adjuvante

239 5110 454 5166 bellum
481 5111 712 5166 sultano
736 5109 891 5167 facit,
922 5109 1016 5177 qui
1054 5121 1185 5159 cum
1218 5105 1289 5157 iis
1311 5121 1662 5176 congressus
1690 5107 1884 5177 przelio

240 5203 394 5272 apud
419 5201 597 5255 Pasar
618 5200 799 5253 victor
820 5195 1160 5251 Abramium
1185 5195 1676 5264 comprehensum
1713 5213 1882 5251 neca-

237 5293 339 5346 vit.
369 5289 752 5347 Cutlumusus
786 5286 1015 5358 fugiens
1044 5301 1178 5338 cum
1213 5300 1310 5338 sex
1343 5283 1604 5340 millibus
1635 5290 1691 5340 et
1713 5286 1882 5342 Melc-

235 5381 345 5436 cho
378 5378 630 5436 Abramii
676 5376 795 5431 ﬁlio
829 5393 929 5447 per
959 5375 1182 5445 legatos
1235 5373 1377 5443 petit
1424 5374 1496 5427 ab
1533 5375 1883 5445 imperatore

233 5470 411 5540 recipi
435 5470 492 5524 in
509 5468 682 5522 fidem
705 5466 1160 5532 societatemque
1175 5465 1501 5516 Itomanoru
1515 5465 1884 5532 m;profectu-

229 5576 376 5632 sque
391 5553 917 5613 inPersarmeniam
933 5553 1180 5606 adCarse
1197 5567 1539 5619 responsum
1557 5551 1879 5623 legatorum

228 5653 544 5720 exspectat.
599 5641 956 5712 lnterimque
1006 5644 1176 5693 Carse
1223 5654 1596 5709 oppugnaris,
1644 5640 1882 5712 dempta

232 5873 284 5887 “Et

2063 4754 2117 4804 Ὁ
2177 4750 2234 4805 δὲ
2284 4751 2578 4814 σουλτάνος
2632 4751 2887 4828 έγκοτῶν,
2950 4753 3024 4816 ὡς
3082 4753 3309 4829 ἐρρέθη,
3379 4757 3682 4835 Ἀϐραμίῳ

1994 4845 2071 4911 τῷ
2131 4838 2350 4915 ἀδελφῷ
2407 4841 2493 4894 καῖ
2549 4839 2635 4894 διὰ
2695 4841 2892 4901 παντὸς
2942 4837 3332 4898 έπιῧουλεὺιυν
3367 4851 3443 4921 τῇ
3481 4848 3684 4904 τοὸτοπ)

1999 4933 2132 5003 ζωῇ,
2168 4928 2395 5001 ἐμελέτα
2422 4927 2683 4999 διηνεκῶς
2715 4929 2919 4984 ἀνελεῖν
2953 4929 3136 4987 αὐτόν.
3167 4934 3360 5006 ⁹Ὁπερ
3400 4938 3688 5012 προγνοὺς

1995 5017 2195 5078 ἐκεῖνος
2281 5015 2483 5091 ἀπέδρα
2565 5019 2702 5092 πρὸς
2782 5019 3169 5091 Κουτλουμοῦς
3275 5023 3378 5077 τὸν
3488 5027 3692 5082 ἑαυτοῦ

1995 5108 2235 5179 ἀνεψιὸν,
2283 5107 2372 5161 καὶ
2440 5107 2553 5179 ἅμα
2608 5105 2798 5179 ἐκείνῳ
2855 5108 2944 5162 τὸν
3002 5109 3139 5162 κατᾶ
3192 5115 3301 5164 τοῖ’)
3364 5114 3690 5170 σουλτάνου

1995 5193 2308 5269 ἀναδέχεται
2366 5195 2612 5268 πόλεμον
2647 5198 2730 5270 [Ρ.
2779 5200 2906 5269 789]
2960 5199 3055 5258 Οἷς
3088 5193 3410 5271 συμϐαλὼν
3447 5206 3596 5259 κατά
3624 5206 3690 5261 τὸ

1991 5283 2288 5358 κεγόμενον
2366 5286 2546 5360 Πάσαρ
2622 5283 2824 5346 ἐκεῖνος
2897 5286 3168 5358 τρέπεται,
3251 5291 3351 5342 καὶ
3417 5294 3518 5346 τὸν
3589 5296 3687 5366 μὲν

1994 5368 2292 5445 Ἀϐράμιον
2326 5375 2534 5448 ἀναιρεῖ
2590 5375 3006 5449 κατασχεθέντα·
3069 5376 3096 5428 6
3129 5373 3183 5428 δὶ
3256 5377 3688 5455 Κουτλουμοῦς

1991 5461 2170 5537 φυγὼν
2231 5463 2363 5534 μετᾶ
2416 5459 2686 5537 χιλιάδων
2742 5465 2785 5526 ς’
2841 5465 2930 5517 καὶ
2993 5465 3182 5539 Μέλεχ
3246 5472 3359 5522 τοῦ
3405 5472 3540 5525 υἱοῦ
3592 5479 3692 5527 τοῦ

1991 5545 2294 5625 Ἀϐραμίου
2365 5546 2803 5624 διαπρεσϐεύεται
2869 5553 3005 5628 πρὸς
3069 5551 3343 5627 βασιλέα,
3413 5561 3689 5616 ἱκετεύων

1989 5636 2392 5714 προσδεχθῆναι
2466 5639 2556 5694 καὶ
2625 5638 2918 5715 σύμμαχος
2984 5640 3075 5695 καὶ
3146 5639 3330 5714 φίλος
3419 5653 3692 5723 γενέσθαι
