3968 6140
299 360 418 418 337

1444 354 1984 415 HlSTUHlARUM
2036 353 2578 414 GOMPENDIUM.

3596 352 3718 412 338

295 486 608 559 Ῥωμαίων.
669 485 766 539 Καὶ
826 483 998 538 ἐλθὼν
1045 485 1180 559 πρὸς
1233 486 1330 554 τὴν
1387 482 1786 559 Περσαρμενίαν
1856 485 1928 538 κα

2059 501 2213 550 arce,
2247 485 2420 555 capit.
2458 484 2622 538 Hune
2655 501 2687 538 a
2719 488 2880 555 tergo
2911 484 3228 556 insequens
3264 485 3536 539 sultanus
3573 499 3709 539 cum

295 576 354 630 τὸ
412 574 724 650 λεγόμενον.
786 575 960 646 Κάρσε
1007 574 1307 647 προσέμενε
1362 573 1454 634 τὰς
1501 579 1599 640 τῆς
1661 567 1945 641 πρεσϐείας

297 663 624 736 ἀποκρίσεις·
687 661 736 715 ἐν
786 667 865 732 τῷ
915 661 1110 733 μεταξὺ
1162 659 1218 715 δὲ
1249 659 1624 736 πολιορκήσας
1658 662 1718 715 τὸ
1753 662 1941 734 Κάρσε,

297 753 440 821 πλὴν
489 755 585 816 τῆς
627 749 1005 826 ἀκροπόλεως,
1039 750 1364 826 παρειλήφει
1418 752 1516 819 τὴν
1568 751 1751 805 πόλιν.
1809 756 1943 802 Κατ-

300 843 416 896 όπιν
470 839 525 896 δὲ
551 840 748 895 τούτου
795 839 1009 895 διώκων
1071 841 1098 894 ὁ
1157 839 1450 900 σουλτάνος
1503 840 1639 907 ἦλθε
1674 839 1807 910 μετά
1833 843 1941 892 τῶν

302 932 463 991 αὐτοῦ
513 928 789 1001 δυνάμεων
844 928 898 983 ἐν
931 925 1159 1000 Ἰϐηρίᾳ·
1197 928 1328 1002 ὅπερ
1364 929 1548 1000 μαθὼν
1600 929 1626 982 6
1664 934 1941 982 ΚουτΛου-

311 1024 440 1092 μοῦς
483 1016 642 1095 ἔφυγε
689 1016 826 1091 πρὸς
883 1019 951 1071 τὰ
983 1014 1134 1071 Σαϐἆ
1165 1018 1254 1072 καὶ
1301 1019 1398 1086 τὴν
1452 1014 1760 1088 Εὐδαίμονα
1787 1020 1942 1088 Ἀρα-

306 1103 435 1162 ϐίαν.
480 1108 537 1163 Ὁ
596 1103 652 1160 δὲ
684 1105 976 1167 σουλτάνος
1012 1105 1062 1160 ἐν
1115 1101 1326 1180 Ἰϐηρίᾳ
1372 1105 1661 1181 γενόμενος
1692 1102 1938 1173 ἐληίζετο

299 1197 359 1250 τὰ
406 1194 786 1270 παρατυχόντα
824 1195 911 1249 καὶ
944 1193 1263 1269 ἐπυρπόλει.
1317 1195 1410 1248 Διὸ
1450 1193 1539 1248 καὶ
1585 1194 1720 1248 κατὰ
1769 1214 1939 1246 σπου-

297 1283 388 1352 δὴν
447 1287 473 1339 6
537 1282 791 1360 βασιλεὺς
819 1285 909 1338 τὸν
948 1283 1280 1346 Ἀκόλουθον
1323 1280 1553 1358 Μιχαὴλ
1591 1283 1939 1355 μεταπεμψά-

296 1395 446 1446 μενος
477 1373 538 1427 ἐκ
564 1377 665 1438 τῆς
694 1373 955 1448 Ἑσπέρας
1007 1373 1060 1436 ἐς
1109 1367 1352 1448 Ἰϐηρίαν
1403 1371 1688 1444 ἐκπέμπει·
1746 1370 1803 1432 ὅς
1829 1372 1939 1425 ἐκεῖ

289 1462 574 1538 γενόμενος
622 1462 868 1523 καὶτοὺς
901 1459 1326 1536 διεσπαρμένους
1378 1457 1432 1515 ἓν
1480 1482 1538 1514 τε
1597 1457 1808 1529 Χαλδίᾳ
1846 1459 1936 1513 καὶ

289 1545 495 1624 Ἰϐηρίᾳ
545 1552 834 1625 Φράγγους
884 1549 976 1605 καί
1023 1552 1340 1625 Βαράγγους
1393 1550 1671 1624 ἀγηοχὼς,
1704 1546 1936 1602 κωλύειν

288 1641 543 1713 ἠπείγετο
590 1639 680 1693 τὸν
728 1638 914 1693 ἐνόντα
959 1640 1160 1712 τρόπον
1197 1641 1290 1700 τὰς
1322 1635 1592 1710 ἐκδρομὰς
1621 1642 1716 1692 τοῦ
1774 1637 1934 1692 σουλ-

286 1727 461 1783 τάνου.
521 1726 682 1784 Ἀλλ’
735 1727 938 1790 ἐκεῖνος
965 1727 1064 1795 τήν
1098 1727 1271 1796 ὀξεῖαν
1317 1723 1510 1803 ἔφοδον
1568 1727 1767 1780 τούτου
1831 1746 1932 1798 μα-

2057 574 2180 628 suis
2213 574 2398 644 copiis
2431 573 2488 627 in
2527 574 2772 628 lberiam
2807 573 2998 640 venit;
3049 573 3295 644 ideoque
3324 573 3709 628 Cultumusus

2057 665 2126 718 ad
2162 665 2372 718 Sabam
2407 669 2461 716 et
2517 662 2761 717 Felicem
2799 662 3072 718 Arabiam
3126 663 3292 734 fugit.
3338 662 3618 717 Sultanus
3645 661 3704 716 in

2059 753 2244 807 Iberia
2295 752 2466 807 obvia
2515 769 2762 822 quaeque
2813 752 3148 822 populando
3197 757 3373 822 atque
3417 751 3704 805 incendiis

2053 847 2261 895 vastat.
2308 843 2506 911 Itaque
2531 840 2794 895 celeriter
2825 840 3146 911 imperator
3181 838 3526 896 Michaelum
3560 842 3703 893 Aco-

2054 929 2286 984 luthum
2322 947 2388 984 ex
2419 930 2728 984 Occidente
2761 939 3091 984 revocatum
3127 929 3182 984 in
3218 929 3464 984 lberiam
3500 928 3702 983 mittit.

2052 1019 2158 1084 Qui
2211 1036 2341 1072 cum
2392 1035 2457 1073 eo
2517 1018 2790 1080 venisset,
2843 1017 3101 1072 collectis
3144 1033 3246 1088 per
3301 1016 3603 1072 Cbaldiam
3638 1032 3704 1072 ac

2052 1108 2300 1162 lberiam
2335 1107 2617 1176 dispersis
2649 1105 2887 1161 Francis
2921 1123 2985 1161 ac
3020 1106 3302 1178 Barangis
3333 1120 3704 1176 compescere

2052 1211 2402 1268 quocunque
2431 1195 2603 1250 modo
2629 1195 3029 1267 grassationes
3057 1194 3274 1249 sultani
3297 1199 3560 1249 conatur.
3581 1193 3705 1249 Sul-

2049 1290 2222 1339 tanus
2270 1284 2438 1339 celeri
2497 1285 2675 1354 hujus
2723 1285 2975 1338 adventu
3033 1284 3285 1355 cognito,
3329 1284 3703 1355 sentiensque

2046 1374 2193 1429 velle
2223 1373 2386 1427 illum
2411 1374 2664 1428 exercitu
2690 1371 2930 1426 collecto
2956 1389 3154 1426 secum
3183 1388 3380 1444 pugna
3400 1373 3700 1444 congredi,

2049 1469 2326 1532 reputans
2360 1461 2414 1514 id
2447 1462 2599 1531 quod
2638 1477 2730 1515 res
2760 1465 2904 1524 erat,
2945 1466 3263 1530 utrumque
3303 1459 3414 1515 sibi
3445 1459 3698 1530 ignomi-

2047 1550 2279 1605 niosum
2315 1552 2451 1615 fore,
2483 1550 2603 1604 sive
2637 1550 2894 1604 vinceret
2924 1549 3298 1618 imperatoris
3331 1548 3694 1616 ministrum,

2045 1639 2164 1693 sive
2194 1640 2266 1693 ab
2293 1655 2358 1693 eo
2378 1639 2730 1703 vinceretur,
2758 1637 2966 1692 castris
2988 1637 3163 1692 motis
3191 1637 3351 1692 omni
3373 1653 3507 1692 cum
3539 1638 3688 1692 θοτ

2045 1727 2298 1782 exercitu
2333 1745 2440 1782 suo
2471 1728 2540 1782 ad
2575 1726 2921 1782 Tabrezium
2954 1727 3095 1781 abit.

287 1817 410 1881 θὼν,
442 1816 535 1871 καὶ
569 1815 647 1870 ὅτι
684 1815 815 1872 λαὸν
850 1815 1105 1891 ἀθροίσας
1138 1813 1351 1870 σπεύδει
1382 1816 1560 1887 τοότῳ
1591 1813 2014 1887 συμπλέκεσθαι,
2050 1813 2407 1889 λογισάμενος
2442 1814 2572 1885 ὅπερ
2603 1816 2669 1884 ἦν
2701 1814 2868 1882 εἷκὸς,
2910 1814 2972 1868 τὸ
3007 1813 3333 1888 ἑκατέρωθεν
3375 1811 3471 1868 τοῦ
3518 1812 3694 1888 πράγ-

290 1927 452 1976 ματος
486 1904 697 1976 ἄδοξον,
733 1905 820 1960 καὶ
854 1905 934 1960 ὅτι
967 1907 1193 1974 νικήσας
1227 1906 1320 1978 μὲν
1355 1903 1551 1960 δοῦλον
1586 1899 1732 1958 ἔσται
1770 1900 2038 1978 βασιλέως
2069 1904 2383 1976 νενικηκὼς,
2418 1903 2653 1974 νικηθεὶς
2687 1900 2744 1956 δὲ
2769 1902 2830 1956 οὐ
2867 1902 3061 1977 μικρὰν
3095 1901 3361 1977 αἴσχύνην
3391 1900 3693 1971 ἀποίσεται,

284 1991 410 2069 ἄρας
438 1996 600 2050 παντὶ
635 1999 714 2066 τῷ
746 1999 959 2069 στρατῷ
989 1993 1220 2065 ἐνέζευξε
1249 1995 1384 2068 πρὸς
1411 1995 1473 2048 τὸ
1507 1988 1822 2069 Ταϐρέζιον.

346 2103 478 2158 Τότε
537 2099 606 2170 δὴ
665 2103 754 2156 καὶ
819 2101 1122 2176 Μιχαηλᾶς
1157 2103 1308 2156 ὁτοῦ
1370 2100 1641 2178 Στεφάνου
1672 2101 1809 2168 υἱὸς,
1841 2100 1928 2154 καὶ

2114 2102 2231 2157 Ηοο
2263 2101 2389 2172 ipso
2421 2106 2683 2172 tempore
2717 2098 3032 2155 Michaelas
3062 2099 3347 2170 Stephani
3383 2098 3560 2168 filius,
3593 2099 3696 2170 qui

277 2186 604 2267 Τριϐαλλῶν
667 2190 755 2245 καὶ
807 2185 1027 2265 Σέρϐιον
1079 2191 1214 2262 μετὰ
1258 2191 1349 2245 τὸν
1411 2190 1614 2264 πατέρα
1667 2189 1932 2252 καταστὰς

277 2280 544 2356 ἀρχηγὸς,
608 2277 888 2334 σπένδεται
941 2284 1020 2351 τῷ
1080 2278 1314 2354 βασιλεῖ,
1345 2279 1434 2334 καὶ
1464 2284 1579 2340 τοῖς
1612 2280 1932 2353 συμμάγοις

274 2371 360 2424 καὶ
419 2367 609 2446 φίλοις
663 2373 770 2423 τῶν
847 2367 1129 2440 Ῥωμαίων
1204 2367 1543 2446 ἐγγράφεται,
1604 2387 1930 2440 πρωτοσπα-

277 2459 460 2530 Θάριος
539 2458 820 2530 τιμηθείς.
884 2457 1164 2535 Ἐπέμφθη
1219 2455 1276 2511 δὲ
1329 2461 1408 2528 τῷ
1463 2457 1678 2532 βασιλεῖ
1732 2455 1820 2510 καὶ
1879 2455 1929 2525 ἐξ

275 2545 574 2622 Δῖγόπτου·
633 2546 779 2616 παρὰ
834 2550 935 2599 τοῦ
986 2546 1188 2614 ταύτης
1245 2547 1515 2622 ἀρχηγοῦ,
1550 2551 1685 2614 ζῶον
1735 2543 1928 2620 ἐλέφας

273 2637 358 2690 καὶ
426 2633 954 2707 καμηλοπάρδαλις.
1030 2634 1377 2707 Βουλόμενος
1452 2633 1509 2688 δὲ
1579 2635 1606 2688 ὁ
1679 2632 1930 2708 βασιλεὺς

273 2723 479 2786 τελέως
530 2725 846 2788 ἀπώσασθαι
900 2723 1030 2786 τοὺς
1083 2725 1439 2792 Πατζινάκας,
1472 2724 1568 2785 τὰς
1601 2721 1931 2791 ὁθενδήποτε

285 2811 537 2885 δυνάμεις
596 2812 847 2887 ἀθροίσας
904 2811 965 2867 ἐκ
1008 2820 1108 2882 τῆς
1165 2813 1336 2884 Ἑῲας
1368 2812 1455 2867 καὶ
1513 2820 1612 2882 τῆς
1669 2813 1930 2886 Ἑσπέρας

283 2903 368 2956 καὶ
426 2902 666 2976 Μιχαὴλ
724 2899 1000 2977 παραδοὺς
1046 2906 1126 2974 τῷ
1185 2900 1522 2974 Ἀκολούθῳ,
1571 2903 1657 2956 καὶ
1689 2903 1781 2956 τὸν
1815 2902 1932 2974 σύγ-

285 2989 480 3046 κελλον
542 2989 600 3045 δὲ
664 2989 950 3046 Βασίλειον
1024 2992 1092 3045 τὰ
1155 2990 1502 3066 Βουλγαρικὰ
1559 2991 1931 3064 στρατεύματα

288 3077 640 3156 ἀνειληφέναι
673 3079 955 3149 κεΑεύσας,
1017 3081 1105 3135 καὶ
1163 3078 1329 3155 ἄμφω
1386 3081 1677 3153 κατάτῶν
1731 3082 1930 3147 Ηατζι-

280 3168 448 3224 νάκων
520 3167 806 3242 ἐκπέμπει.
879 3172 1052 3244 ’Ὀπερ
1111 3168 1306 3223 ἐκεῖνοι
1364 3167 1658 3240 πυθόμενοι
1717 3168 1933 3242 χάρακα

281 3257 546 3328 ἐπήξαντο
617 3259 754 3313 κατὰ
820 3259 920 3325 τήν
995 3256 1238 3334 μεγάλην
1293 3253 1689 3333 Περισθλάϐαν,
1742 3258 1932 3334 τάφρῳ

285 3346 470 3420 βαθείᾳ
556 3348 646 3401 καὶ
724 3347 1076 3421 σταυρώμασι
1139 3345 1340 3416 ταύτην
1427 3347 1928 3422 κατοχυρώσαντες.

282 3435 658 3513 Ἀφικομένων
761 3433 851 3489 οὖν
950 3439 1058 3490 τῶν
1154 3435 1439 3508 Ῥωμαίων
1525 3433 1931 3511 συγκλείσαντες

280 3523 503 3585 ἑαυτοὺς
561 3519 709 3580 ἔνδον
764 3530 866 3594 τῆς
919 3525 1126 3601 τάφρου
1183 3523 1630 3598 ἐπολιορκοῦντο.
1688 3525 1837 3580 Ἐπεὶ
1872 3522 1928 3578 δὲ

279 3617 392 3676 τοῖς
434 3611 732 3682 Ῥωμαίοις
789 3610 1080 3682 τηνάλλως
1129 3615 1156 3666 6
1185 3613 1370 3688 καιρὸς
1403 3609 1663 3686 ἐτρίϐετο,
1699 3609 1868 3685 μηδὲν
1900 3612 1930 3666 6'

279 3721 331 3754 τι
360 3703 448 3755 καί
506 3699 674 3776 λόγου
732 3698 875 3771 ἄξιον
928 3698 1336 3774 διαπράττουσι,
1366 3700 1598 3775 κατέσχε
1629 3699 1687 3756 δε
1735 3701 1928 3762 αὐτοὺς

280 3790 366 3843 καὶ
407 3790 609 3850 σπάνες
637 3793 744 3843 τῶν
778 3789 1107 3865 ἀναγκαίων,
1165 3788 1374 3864 βουλήν
1424 3789 1778 3865 προυτίθεσαν
1805 3791 1926 3864 περὶ

278 3881 373 3931 τοῦ
429 3877 726 3952 πρακτέου,
785 3878 872 3932 καὶ
935 3875 1086 3950 δόξαν
1150 3879 1341 3932 ἅπασιν
1399 3878 1752 3953 ὑποστρέψαι,
1793 3879 1926 3952 ἀωρὶ

279 3971 382 4020 τῶν
437 3971 646 4020 νυκτῶν
724 3967 883 4042 σιγὴν
939 3966 1397 4042 παραγγείλαντες
1457 3966 1544 4022 καὶ
1602 3969 1695 4025 τὰς
1754 3967 1928 4030 πύλας

283 4055 708 4118 ἀναπετάσαντες
751 4059 848 4124 τῆς
905 4051 1269 4129 παρεμϐολῆς
1332 4056 1672 4132 ἐπεχώρουν.
1754 4059 1930 4112 Τοῦτο

284 4141 339 4198 δὲ
386 4144 490 4199 οὐκ
537 4142 696 4208 ἔλαθε
742 4145 833 4199 τὸν
864 4146 1068 4220 Τυράχ·
1103 4143 1248 4200 ἀλλά
1300 4148 1482 4218 μαθὼν
1533 4147 1607 4208 ὡς
1639 4145 1930 4222 βούλονται

283 4232 523 4308 φεῦγειν,
574 4230 702 4288 λαὸν
765 4233 847 4287 ὅτι
901 4232 1157 4288 πλεῖστον
1215 4238 1312 4288 τοῦ
1372 4234 1612 4309 χάρακος
1662 4233 1932 4309 ἐξαγαγὼν

286 4319 334 4374 ἐν
377 4327 498 4382 ταῖς
550 4318 754 4384 διόδοις
803 4321 1108 4394 ἐκπέμπει,
1159 4325 1240 4396 [Ρ.
1287 4325 1418 4395 790]
1477 4324 1717 4393 ὅπουπερ
1767 4318 1930 4397 ἔμελ-

286 4405 379 4464 λον
428 4411 480 4464 οἱ
531 4411 795 4482 Ῥωμαῖοι
828 4409 1160 4486 διέρχεσθαι·
1211 4410 1370 4472 αὐτὸς
1409 4408 1464 4465 δὲ
1495 4409 1796 4481 ἐξελθοῦσιν
1846 4411 1930 4466 εὖ·

288 4496 376 4560 Θὺς
434 4499 748 4554 ἐπιτίθεται.
815 4501 913 4554 Καὶ
981 4501 1183 4575 γίνεται
1244 4502 1422 4574 τροπὴ
1485 4505 1592 4554 τῶν
1641 4502 1929 4571 Ῥωμαίων

287 4590 504 4663 φρικτή,
556 4588 645 4642 καὶ
687 4589 737 4643 οἱ
791 4589 885 4661 μὲν
922 4589 1025 4644 ὑπὸ
1073 4595 1182 4644 τῶν
1233 4588 1459 4644 κατόπιν
1510 4587 1930 4663 καταλαμλανό-

290 4695 438 4746 μενοι
487 4676 914 4754 ἀπεσφάττοντο,
961 4679 1014 4731 οἱ
1042 4676 1100 4732 δὲ
1133 4678 1236 4732 ὑπὸ
1268 4682 1372 4732 τῶν
1405 4675 1928 4752 προκατειληφότων

284 4763 373 4825 τὰς
420 4762 734 4840 δυσχωρίας
778 4766 1087 4841 εἷ’ργόμενοι
1145 4765 1520 4836 ἀνηλίσκοντο.
1573 4769 1795 4824 Ἔπεσεν
1829 4769 1924 4822 οὗν

2048 2197 2179 2260 post
2206 2190 2387 2261 patris
2412 2196 2654 2244 mortem
2678 2188 3070 2245 Triballorum
3095 2205 3160 2243 ac
3191 2188 3505 2244 Serborum
3538 2187 3695 2260 prin-

2041 2279 2299 2350 cipatum
2336 2280 2592 2345 tenebat,
2625 2295 2758 2332 cum
2793 2277 3145 2348 imperatore
3180 2278 3366 2333 foedus
3407 2276 3526 2342 icit,
3557 2294 3691 2348 pro-

2043 2368 2502 2438 tospathariique
2520 2369 2827 2422 decoratus
2849 2367 3068 2422 honore
3088 2367 3143 2420 in
3171 2366 3368 2421 album
3394 2366 3688 2422 sociorum

2042 2473 2107 2511 ac
2139 2457 2460 2511 amicorum
2497 2455 2722 2526 imperii
2772 2455 3017 2510 Romani
3067 2455 3402 2510 ascribitur.
3438 2455 3690 2510 Mittitur

2040 2544 2215 2599 etiam
2251 2544 2633 2599 Monomacbo
2680 2545 2752 2597 ab
2783 2544 3003 2614 [Egypli
3060 2543 3318 2614 principe
3367 2543 3604 2614 elephas
3630 2549 3688 2598 et

2040 2633 2541 2704 camelopardalis.
2593 2633 2928 2687 Secundum
2983 2632 3103 2686 hac
3152 2631 3470 2703 imperator
3499 2631 3685 2686 Patzi-

2043 2740 2215 2777 nacas
2249 2740 2489 2793 prorsus
2523 2721 2753 2777 amoliri
2786 2721 3049 2792 cupiens,
3084 2737 3286 2776 omnes
3330 2721 3590 2792 undique
3619 2738 3685 2776 ex

2039 2811 2274 2866 Oriente
2342 2816 2400 2866 et
2432 2811 2742 2867 Occidente
2788 2811 2984 2882 c0pias
3015 2809 3308 2875 conducit,
3360 2810 3550 2880 iisque
3576 2809 3690 2864 Mi-

2041 2900 2306 2954 chaelum
2333 2899 2683 2954 Acoluthum
2703 2899 2977 2970 praeﬁcit:
3003 2897 3281 2952 Basilium
3303 2913 3532 2968 quoque
3556 2913 3688 2968 syn-

2039 2988 2254 3044 celluln
2280 2989 2614 3060 Bulgaricos
2631 2988 2949 3056 exercitusj
2963 2991 3098 3041 ubet
3111 2987 3448 3052 excitare,et
3467 2993 3692 3041 utrum-

2041 3098 2153 3152 que
2194 3086 2393 3134 contra
2428 3081 2763 3134 Patzinacas
2811 3077 3118 3149 proﬁcisci.
3155 3077 3433 3134 Nuntiata
3475 3077 3550 3133 iis
3581 3077 3693 3132 hac

2042 3187 2121 3236 re,
2157 3170 2476 3224 Patzinacae
2510 3169 2581 3222 ad
2616 3185 2888 3239 magnam
2925 3165 3353 3220 Peristblabam
3384 3172 3576 3220 castra
3604 3164 3688 3219 lo-

2041 3265 2194 3325 cant,
2229 3275 2412 3328 caque
2444 3257 2595 3312 vallo
2627 3274 2692 3311 ac
2740 3257 2898 3310 fossa
2937 3255 3350 3310 communiunt
3379 3253 3688 3320 profunda,

2041 3356 2097 3403 et
2127 3348 2406 3402 Romanis
2435 3346 2883 3401 advenientibus
2909 3344 2964 3398 in
3000 3361 3066 3398 ea
3090 3361 3151 3398 se
3173 3342 3508 3410 includunt,
3542 3342 3692 3397 obsi-

1963 3466 2005 3533 Ο
2043 3437 2399 3505 dionemque
2434 3432 3168 3504 perferunt.Romani,cum
3191 3437 3421 3502 tempus
3444 3431 3498 3484 in
3534 3429 3688 3485 obsi-

2044 3528 2216 3582 dione
2248 3524 2408 3578 nullo
2435 3524 2627 3577 fructu
2664 3528 2948 3577 tereretur
2971 3522 3207 3589 jamque
3239 3521 3414 3576 etiam
3448 3519 3690 3590 penuria

2036 3614 2304 3670 laborare
2332 3609 3019 3683 inciperent,consultant
3035 3610 3314 3680 quidnam
3334 3615 3491 3664 esset
3515 3625 3656 3680 agen
3676 3638 3692 3646 -

2041 3706 2203 3758 dum.
2238 3702 2466 3756 Placuit
2494 3701 2860 3755 obsidionem
2894 3699 3137 3754 solvere.
3175 3698 3378 3768 Itaque
3411 3698 3694 3768 imperato

2043 3793 2277 3847 silentio
2311 3791 2663 3861 intempesta
2694 3795 2862 3844 nocte
2894 3787 3077 3859 portis
3117 3791 3443 3842 castrorum
3477 3786 3694 3857 apertis

2041 3881 2377 3935 discedunt.
2411 3879 2617 3948 Neque
2651 3878 2754 3932 hoc
2784 3875 3110 3947 Tyrachum
3150 3874 3339 3942 latuit,
3356 3874 3455 3928 sed
3493 3874 3690 3944 fugam

2042 3987 2140 4024 eos
2173 3969 2361 4023 moliri
2421 3969 2632 4022 certior
2684 3968 2871 4020 factus
2917 3980 3190 4034 magnam
3252 3962 3691 4016 multitudinem

2043 4057 2251 4112 castris
2283 4056 2555 4111 emissam
2604 4055 2729 4109 vias
2781 4053 3034 4108 insidere
3077 4051 3249 4121 jubet
3306 4068 3420 4121 qua
3450 4051 3694 4105 Romani

2042 4157 2200 4203 erant
2225 4143 2734 4213 transituri,atque
2754 4143 2878 4214 ipse
2901 4141 3263 4212 egredientes
3285 4140 3483 4195 statim
3509 4139 3693 4194 adori-

2041 4244 2150 4290 tur.
2164 4235 2316 4290 608
2340 4238 2515 4289 Atrox
2539 4233 2614 4286 ibi
2642 4233 3034 4286 Romanorum
3071 4230 3178 4284 fuit
3200 4229 3568 4294 clades,cum
3591 4229 3690 4282 alii

2040 4326 2240 4380 hostes
2273 4341 2304 4379 a
2336 4330 2494 4395 tergo
2527 4321 2775 4376 insecuti
2809 4319 3213 4388 necarent,alii
3247 4320 3318 4373 ab
3343 4317 3415 4373 iis
3441 4317 3541 4389 qui
3568 4317 3690 4373 vias

2042 4419 2466 4484 occupaverant
2496 4410 2918 4465 occiderentur.
2973 4407 3189 4462 Cecidit
3238 4423 3452 4477 magna
3485 4406 3688 4460 multi-

2041 4503 2203 4569 tudo,
2239 4508 2412 4570 atque
2442 4501 2564 4571 ipse
2598 4497 2770 4552 etiam
2807 4495 3098 4569 syncellus
3121 4513 3138 4549 :
3172 4494 3379 4566 reliqui
3413 4509 3544 4549 cum
3581 4494 3692 4548 Mi-

2042 4591 2243 4647 chaelo
2274 4588 2690 4658 Adrianopolin
2725 4591 3131 4657 pervenerunt.
3175 4582 3592 4638 Monomacbus
3623 4599 3690 4636 ex

2044 4681 2151 4735 hac
2182 4678 2513 4734 calamitate
2536 4676 2831 4746 ingentem
2856 4673 3010 4745 cepit
3029 4673 3287 4728 dolorem
3313 4691 3326 4739 ;
3351 4677 3408 4726 et
3430 4669 3688 4725 collectis

2043 4770 2139 4840 qui
2174 4771 2478 4823 e‘vaserant
2511 4765 2818 4827 militibus,
2853 4763 3132 4832 novisque
3162 4761 3397 4830 scriptis
3432 4760 3687 4814 cohorti-

287 4850 496 4922 πλῆθος
525 4854 692 4921 πολὺ,
746 4855 930 4910 πίπτει
969 4853 1026 4909 δὲ
1064 4855 1154 4910 καὶ
1186 4853 1343 4916 αὐτὸς
1370 4857 1398 4910 6
1431 4855 1752 4930 σόγκελλος,
1786 4859 1835 4910 οἱ
1870 4855 1926 4912 δὲ

2047 4855 2480 4921 ous,conductis
2509 4854 2682 4909 etiam
2720 4849 3343 4920 mercenariis,bellum
3375 4849 3682 4919 reparavit,

289 4937 470 4997 λοιποὶ
531 4942 624 4998 σὺ)
654 4949 733 5015 τῷ
766 4942 996 5020 Μιχαὴλ
1056 4943 1108 4998 ἐν
1159 4942 1606 5014 Ἀδριανουπόλει
1640 4943 1929 5015 διασώζον-

284 5047 387 5084 ται.
450 5032 760 5108 ιιεριαλγὴς
819 5035 911 5088 οὗν
961 5035 988 5088 ὁ
1057 5032 1312 5109 βασιλεὺς
1353 5036 1646 5108 γενόμενος
1698 5034 1784 5089 ἐπὶ
1851 5039 1929 5107 τῷ

287 5117 596 5193 ἀτυχήματι
674 5121 801 5185 τούς
877 5143 936 5178 τε
1007 5122 1066 5177 ἐκ
1136 5129 1235 5192 τῆς
1309 5131 1518 5197 τροπῆς
1575 5122 1927 5187 διασωθέντας

287 5204 615 5280 ἂνελάμϐανε
663 5211 755 5266 καὶ
784 5210 914 5267 λαὸν
962 5209 1144 5286 ἕτερον
1188 5209 1564 5288 ἐστρατολόγει
1608 5213 1698 5269 καὶ
1735 5225 1927 5286 μισθο-

288 5294 480 5370 φόρους
530 5298 798 5376 συνέλεγε,
859 5300 948 5355 καὶ
1008 5296 1239 5356 ἀϐίωτον
1293 5301 1480 5377 ῄγεῖτο
1529 5304 1618 5356 τὸν
1684 5303 1822 5378 βίον,
1883 5303 1927 5356 εἷ

2039 4947 2216 5018 quod,
2249 4945 2362 5000 nisi
2396 4944 2708 4999 excidisset
2757 4941 3114 5005 Patzinacas,
3159 4939 3338 4993 vitam
3387 4937 3496 4993 sibi
3525 4953 3686 4992 acer-

2040 5041 2170 5092 bam
2205 5035 2476 5090 ducebat.
2514 5034 2826 5086 Patzinacaa
2861 5046 2892 5085 e
2925 5032 3164 5099 perfuga
3224 5028 3480 5098 quodam
3513 5043 3580 5081 eo
3613 5028 3684 5081 de

2036 5125 2308 5179 instituto
2341 5123 2473 5178 facti
2529 5121 2826 5188 certiores,
2863 5119 3060 5172 missis
3111 5117 3317 5189 legatis
3367 5131 3567 5187 pacem
3609 5117 3682 5171 ab

2039 5215 2391 5282 imperatore
2424 5212 2734 5283 petierunt.
2768 5207 2991 5274 Quibus
3022 5205 3297 5274 assensit,
3329 5209 3386 5260 et
3416 5205 3685 5260 inducias

2039 5301 2358 5358 triennales
2392 5300 2627 5372 pepigit.

290 5385 361 5452 μὴ
394 5382 559 5459 ὁἷρδην
593 5389 836 5466 ἀφανίσει
868 5391 928 5444 τὸ
959 5391 1116 5466 γένος
1145 5395 1252 5445 τῶν
1285 5396 1649 5460 Πατζινακων.
1683 5389 1838 5447 Ἀλλ’
1871 5390 2064 5446 ἐκεῖνοι
2099 5387 2167 5444 δι’
2199 5387 2512 5461 αὐτομόλου
2541 5391 2700 5442 τοῦτο
2732 5385 3030 5457 πυθόμενοι
3051 5377 3521 5458 διαπρεσϐεὖονται
3543 5381 3681 5455 πρὸς

286 5472 372 5524 τὸν
409 5475 650 5548 βασιλέα,
683 5479 902 5553 εἰρήνην
935 5480 1231 5543 αἰτοῦντες.
1265 5475 1363 5534 Καὶ
1393 5477 1822 5555 προσδεξάμενος
1854 5479 2011 5543 οὗτος
2049 5479 2148 5546 τὴν
2198 5471 2482 5553 πρεσϐείαν
2539 5472 2817 5530 σπένδεται
2864 5474 2978 5546 μετ’
3026 5472 3198 5527 αὐτῶν
3244 5469 3678 5548 τριακοντούτεις

287 5559 512 5625 σπονδὰς
544 5569 790 5640 θέμενος.

354 5667 729 5751 Μοναστήριον
802 5672 860 5731 δὲ
939 5671 1256 5750 οἰκοδομῶν
1305 5675 1333 5730 6
1381 5673 1635 5752 βασιλεὺς
1679 5676 1814 5732 κατὰ
1859 5675 1926 5730 τὰ

2105 5675 2388 5732 Ceterum
2418 5672 2838 5732 Monomachus
2870 5669 3294 5728 monasterium
3326 5666 3586 5724 condens
3616 5665 3678 5721 in
