3968 6140
279 335 397 394 339

1632 334 1946 393 GEORGII
1993 331 2332 395 GEDRENI

3543 335 3648 396 340

282 465 612 539 Manganis,
635 483 760 539 quae
781 467 1588 534 vocantur,denominandum
1610 485 1643 521 a
1667 471 1918 538 martyre

2042 461 2310 538 λεγόμενα
2367 468 2628 542 Μάγγανα
2681 465 2765 522 ἐπ’
2820 465 3046 540 ὀνόματι
3092 470 3189 522 τοῦ
3233 467 3386 540 ἁγίου
3437 465 3650 540 μεγάλου

283 555 548 626 Georgio,
571 557 868 626 productis
892 557 1065 611 modo
1082 557 1422 610 mdificuudo
1445 557 1615 609 modo
1643 555 1928 608 diruendo

283 644 354 699 iis
387 660 511 713 quae
541 653 708 698 erant
741 645 796 698 in
829 646 1030 699 aerario
1061 645 1359 700 omnibus.
1394 647 1464 699 ad
1521 661 1794 715 magnam
1831 659 1924 713 pe-

284 732 466 786 cunia:
488 733 871 804 indigentiam
897 735 1137 788 decidit.
1160 734 1412 804 Ideoque
1433 735 1586 787 Varia
1607 734 1926 787 admodum

284 824 656 891 cauponandi
696 839 908 891 genera
955 823 1166 892 reperit
1209 829 1265 876 et
1312 823 1600 877 absurdas
1634 838 1928 877 commen-

283 911 564 982 titiasque
593 912 944 965 exactiones.
968 911 1112 966 Nam
1141 911 1404 981 publicos
1437 912 1694 966 instituit
1722 928 1927 980 procu-

287 1006 530 1064 ratores,
560 1001 809 1054 nefarios
842 1001 1132 1064 homines,
1182 1017 1432 1071 quorum
1484 1017 1659 1071 opera
1696 1000 1931 1069 injustis

290 1089 612 1144 rationibus
645 1091 952 1158 pecuniam
985 1091 1332 1156 conﬁceret;
1367 1097 1424 1144 et
1455 1089 1740 1144 lbericum
1772 1105 1931 1142 exer-

289 1178 492 1243 citum,
527 1177 626 1248 qui
655 1185 778 1233 erat
808 1179 880 1233 ad
913 1179 1076 1245 5000,
1108 1195 1208 1248 per
1237 1180 1486 1232 Leonem
1518 1177 1805 1233 Serblium
1839 1179 1930 1231 di-

291 1267 470 1335 misit,
497 1283 560 1320 ac
585 1284 686 1337 pro
712 1267 995 1322 militibus
1019 1268 1240 1322 reditus
1261 1267 1475 1322 multos
1501 1268 1570 1320 iis
1593 1285 1660 1320 ex
1683 1266 1932 1336 regioni-
1977 1337 1982 1348 J

289 1356 400 1410 bus
418 1355 1829 1427 recepit,multasquealiasinjustasetmemoratu
1853 1357 1934 1408 iu-

289 1443 497 1515 dignas
509 1446 840 1500 exactiones
853 1447 1215 1515 excogitavit.
1235 1446 1387 1500 609
1411 1446 1468 1498 ld
1491 1443 1720 1514 quidem
1745 1451 1934 1499 tacere

291 1551 404 1588 non
438 1549 700 1604 possum,
735 1534 912 1605 hujus
948 1534 1570 1604 imperatorisluxuria
1601 1551 1666 1588 ac
1691 1533 1934 1589 libidine

291 1624 507 1677 factum
541 1639 670 1678 esse
703 1630 766 1677 ut
797 1639 888 1677 res
923 1624 1178 1676 Romana
1203 1624 1560 1678 decresceret
1593 1631 1768 1693 atque
1799 1624 1933 1677 inde

297 1710 577 1782 paulatim
599 1714 1016 1766 contabescens
1033 1713 1102 1766 ad
1121 1717 1442 1766 extremam
1462 1713 1566 1766 ded
1580 1718 1712 1766 ucta
1735 1714 1812 1766 sit
1829 1713 1931 1766 im-

295 1800 688 1856 becillitatem.
707 1802 848 1855 Nam
876 1803 1012 1855 dum
1049 1802 1240 1871 inepte
1271 1805 1470 1856 studet
1497 1818 1622 1856 esse
1651 1801 1932 1870 liberalis,

298 1891 366 1946 ad
398 1899 720 1945 extremum
773 1891 1200 1962 prodigalitatis
1232 1897 1320 1945 est
1373 1890 1701 1961 prolapsus.
1739 1891 1936 1962 Neque

294 1987 491 2035 tamen
524 1996 764 2051 prorsus
799 1978 940 2033 nihil
976 1981 1105 2034 boni
1161 1980 1312 2047 fecit,
1345 1981 1444 2034 sed
1483 1981 1747 2034 teruntur
1774 1997 1934 2050 qua:-

294 2071 427 2124 dam
447 2069 821 2140 ipsiusopera
837 2069 1016 2138 digna
1031 2085 1158 2139 quze
1177 2068 1236 2121 in
1258 2067 1563 2123 historiam
1587 2071 1931 2124 referantur.

291 2158 436 2212 Nam
469 2157 527 2212 id
551 2159 706 2229 quod
739 2157 852 2212 dixi
889 2159 1336 2222 monasterium,
1367 2163 1424 2212 et
1455 2174 1581 2228 quae
1613 2157 1669 2210 in
1698 2175 1763 2212 eo
1797 2165 1934 2212 sunt

289 2248 356 2301 ad
385 2263 577 2312 senes,
602 2247 938 2318 peregrinos
961 2247 1298 2316 mendicosq
1311 2263 1378 2300 ue
1401 2245 1642 2301 alendos
1663 2249 1930 2312 aediﬁcia,

287 2336 627 2392 nonnullam
653 2341 951 2391 merentur
981 2336 1328 2391 laudem.Ad
1355 2336 1411 2390 id
1443 2343 1678 2408 tempus
1703 2343 1927 2393 tantum

284 2425 704 2497 iusignioribus
723 2425 1267 2480 solemnitatibusin
1289 2441 1502 2494 magno
1526 2426 1616 2480 Uei
1640 2425 1856 2494 templo
1877 2435 1932 2482 et

281 2514 340 2568 in
373 2515 641 2568 Sabbatis
671 2531 738 2568 ac
760 2513 1080 2568 Dominicis
1110 2514 1317 2568 diebus
1341 2514 1711 2568 incruentum
1747 2517 1930 2570 sacri-

283 2603 484 2658 Iicium
516 2604 938 2674 peragebatur;
974 2602 1216 2672 reliquis
1256 2602 1462 2657 diebus
1515 2619 1922 2676 nequaquam:

285 2693 666 2747 omittebatur
695 2691 850 2746 enim
873 2693 946 2745 ob
973 2691 1268 2745 redituum
1292 2692 1604 2746 defectum.
1634 2695 1793 2747 lluuc
1816 2694 1932 2748 Mo-

286 2780 613 2835 nomachus
642 2779 961 2834 liberaliter
1008 2778 1322 2848 supplevit,
1357 2785 1420 2833 ut
1464 2781 1724 2850 quotidie
1758 2787 1930 2838 Missa

287 2868 672 2924 celebraretur
703 2885 769 2922 eo
795 2868 850 2922 in
877 2867 1094 2937 templo
1123 2886 1136 2929 ;
1161 2867 1444 2922 laudabili
1473 2887 1613 2924 sane
1637 2871 1924 2940 instituto,

287 2958 442 3026 quod
477 2955 764 3024 hodieque
795 2955 1035 3009 obtinet.
1070 2955 1218 3018 Quin
1251 2961 1308 3009 et
1335 2972 1476 3010 vasa
1506 2959 1575 3011 ad
1611 2958 1717 3012 hoc
1751 2963 1919 3027 perti-

288 3044 488 3100 nentia
538 3049 972 3099 sacramentum
1023 3044 1071 3099 ei
1125 3043 1342 3114 templo
1391 3045 1698 3111 dedicavit,
1731 3066 1924 3104 aurea.

287 3134 676 3206 pretiosisque
697 3139 902 3188 ornata
926 3134 1239 3188 unionibus
1265 3141 1322 3188 et
1350 3137 1619 3205 gemmis,
1655 3154 1780 3208 qua:
1805 3155 1924 3192 ma-

2041 557 2310 630 μάρτυρος
2375 555 2642 630 Γεωργίου
2696 556 2786 610 καὶ
2844 554 3078 632 ἀφειδῶς
3135 558 3200 609 τά
3253 553 3481 626 δημόσια
3533 576 3652 609 κατο

2037 645 2340 698 αναλίσκων
2418 643 2470 698 ἐν
2540 651 2660 708 ταῖς
2719 643 3040 716 οῗκοδομαῖς
3093 646 3376 720 ⁹χρήματα,
3429 648 3516 696 νῦν
3571 645 3654 716 μὲν

2038 731 2373 806 οἰκοδομῶν⁹
2427 739 2516 786 νῦν
2549 731 2606 787 δὲ
2633 735 3034 810 καταστρέφων,
3069 733 3142 794 είς
3182 731 3419 807 μεγάλην
3467 731 3652 800 ἤλασεν

2037 819 2261 892 ἔνδειαν,
2321 824 2394 884 ὡς
2459 828 2616 876 πᾶσιν
2685 823 2968 887 ἐπινοῆσαι
3023 820 3113 876 διὰ
3161 827 3318 876 τοῦτο
3375 819 3656 890 καπηλείαν

2037 911 2127 964 καὶ
2179 912 2410 972 ἀτόπους
2461 912 2548 966 καὶ
2611 913 3000 988 σεσοφισμένας
3047 910 3342 984 εἰσπράξεις
3390 907 3658 984 ἐφευρηκὲ-

2225 998 2525 1072 δημοσίους
2600 1021 2658 1055 τε
2731 1002 2832 1075 γὰρ
2902 1001 3310 1074 προεχειρίζετο
3365 999 3661 1072 φροντιστὰς

2041 1085 2249 1150 ἀσεϐεῖς
2307 1089 2396 1144 καὶ
2453 1088 2778 1162 ἀλάστορας,
2827 1089 2918 1144 καὶ
2968 1087 3037 1143 δι’
3084 1088 3256 1142 αὐτῶν
3317 1089 3571 1162 χρήματα
3616 1085 3662 1156 ἐξ

2039 1021 2145 1053 ναι·

2041 1177 2241 1232 ἀδίκων
2319 1178 2502 1253 πόρων
2576 1181 2912 1254 συνήθροιζε.
2989 1177 3258 1234 Κατέλυσε
3309 1175 3367 1230 δὲ
3421 1177 3508 1230 καὶ
3579 1178 3661 1230 τὸν

2042 1263 2312 1342 Ἰϐηρικὸν
2391 1269 2614 1341 στρατὸν
2693 1268 2832 1344 ἀμφὶ
2871 1267 2982 1330 στας
3025 1268 3364 1336 πεντήκοντα
3419 1262 3664 1339 χιλιάδας

2041 1356 2444 1430 ἀριθμούμενον
2499 1355 2589 1410 διὰ
2645 1355 2873 1416 Λέοντος
2929 1361 3026 1410 τοῦ
3083 1350 3372 1427 Σερϐλίου.
3425 1353 3510 1408 καὶ
3561 1352 3666 1407 ἀντὶ

2043 1450 2384 1520 στρατιωτῶν
2436 1445 2636 1522 φόρους
2683 1443 2930 1508 πολλοὺς
2961 1443 3241 1517 ἐπορίζετο
3301 1443 3405 1496 ἀπὸ
3433 1446 3537 1496 τῶν
3565 1461 3666 1516 χω-

2044 1534 2172 1607 ρίων
2249 1533 2486 1588 ἐκείνωνο
2559 1535 2650 1588 καὶ
2713 1533 2886 1594 ἄλλας
2955 1531 3178 1593 πλείους
3238 1531 3530 1606 εἰσπράξεις
3583 1529 3666 1584 έπ-

2043 1625 2302 1692 ενοήσατο
2357 1623 2600 1697 πονηρὰς
2643 1622 2733 1676 καὶ
2793 1623 3086 1694 ἀθέσμους,
3138 1619 3200 1683 ἃς
3251 1619 3340 1674 καὶ
3372 1617 3667 1693 καταλέγειν

2043 1711 2300 1786 αἴσχύνη.
2362 1715 2430 1768 ’Ὁ
2493 1709 2551 1766 δὲ
2609 1711 2777 1766 εἰπεῖν
2829 1711 2968 1764 ἐστιν
3031 1711 3346 1783 ἀναγκαῖον,
3401 1712 3555 1762 τοῦτο
3609 1704 3668 1774 δὴ

2045 1799 2201 1872 λέξω,
2262 1802 2447 1876 ὅτιπερ
2502 1799 2552 1870 ἐξ
2611 1800 2815 1854 ἐκείνου
2862 1804 2959 1853 τοῦ
2995 1795 3264 1874 βασιλέως
3311 1797 3398 1852 καὶ
3429 1803 3526 1866 τῆς
3547 1795 3670 1849 ἐκεί-

2043 1911 2138 1944 νου
2195 1889 2424 1951 ἀσωτίας
2483 1891 2569 1944 καὶ
2641 1886 2976 1949 σαλακιυνίας
3035 1890 3102 1942 τά
3150 1887 3437 1959 Ῥωμαίων
3487 1883 3672 1958 ἤρξατο

2043 1979 2241 2056 φθίνειν
2302 1979 2611 2054 πράγματα,
2670 1978 2760 2032 καὶ
2814 1975 2998 2033 ἔκτοτε
3024 1977 3111 2030 καὶ
3173 1975 3338 2052 μέχρι
3397 1977 3491 2042 τῆς
3525 1972 3668 2047 δεῦρο

2042 2069 2177 2122 κατὰ
2237 2069 2426 2142 μικρὸν
2475 2067 2551 2130 εἰς
2595 2068 2657 2121 τὸ
2723 2067 2949 2120 κατόπιν
3010 2069 3302 2139 χωροῦντα
3332 2061 3386 2124 ἐς
3445 2057 3670 2128 παντελῆ

2041 2160 2346 2227 κατήντησε
2386 2158 2484 2224 τὴν
2534 2156 2821 2210 ἀσθένειαν·
2855 2155 2916 2209 τὸ
2954 2155 3054 2229 γὰρ
3088 2151 3393 2224 ἐλευθέριον
3443 2149 3669 2224 ἀτέχνως

2043 2243 2255 2300 διώκων
2298 2246 2374 2306 εἰς
2413 2249 2575 2318 ἄκραν
2626 2241 2886 2314 ἐληλάκει
2935 2245 3032 2310 τὴν
3068 2243 3325 2297 ἀσωτίαν.
3365 2240 3443 2296 Οὐ
3489 2241 3590 2312 μήν
3617 2259 3673 2312 γε

2039 2336 2126 2389 καὶ
2175 2335 2479 2388 παντάπασι
2525 2334 2767 2403 πράξεων
2817 2333 3027 2406 ἀγαθῶν
3076 2330 3357 2406 ἐστέρητο,
3403 2327 3545 2384 ἀλλὰ
3589 2331 3671 2404 φέ-

2043 2445 2224 2498 ρονται
2269 2423 2358 2477 καί
2387 2445 2506 2477 τινα
2535 2419 2667 2496 ἔργα
2697 2421 2860 2476 αὐτοῦ
2907 2421 3184 2495 ἱστορικῆς
3222 2423 3329 2492 μ.νῆ
3343 2439 3446 2491 μης
3477 2417 3668 2489 ἐπάξια-

2039 2513 2108 2567 Τό
2139 2534 2196 2567 τε
2223 2513 2324 2588 γὰρ
2376 2512 2533 2588 ῥηθὲν
2571 2512 2936 2584 μοναστήριον
2976 2510 3064 2564 καὶ
3095 2509 3162 2564 τὰ
3206 2507 3259 2563 έν
3315 2508 3459 2578 αὐτῷ
3506 2517 3672 2580 γηρω-

2038 2609 2262 2679 τροφεῖα
2306 2602 2396 2656 καὶ
2445 2602 2496 2654 οἱ
2546 2601 2766 2671 ξενῶνες
2812 2598 2902 2654 καὶ
2949 2600 3014 2652 τὰ
3067 2601 3492 2674 πτωχοτροφεῖα
3535 2591 3670 2648 ἐπαί-

2037 2714 2143 2744 νων
2203 2691 2302 2745 υύκ
2349 2691 2660 2766 ἀμοιροῦσι,
2709 2687 2798 2742 καὶ
2843 2689 2903 2742 τὸ
2945 2687 3230 2762 γενόμενον
3279 2683 3432 2761 ἔργον
3485 2684 3556 2748 εἰς
3583 2683 3669 2749 τήν

2035 2787 2132 2836 τοῦ
2184 2785 2316 2836 Θεοῦ
2348 2780 2601 2856 Μεγάλην
2648 2777 2975 2848 Ἐκκλησίαν
3007 2776 3299 2852 ἐγκωμίων
3335 2777 3436 2830 οὐκ
3463 2773 3666 2829 ἀπολεί·

2037 2891 2212 2926 πεται.
2259 2877 2400 2933 Ἓως
2456 2870 2656 2924 ἐκείνου
2711 2869 2815 2943 γὰρ
2875 2867 2926 2921 ἐν
2984 2868 3171 2940 μόναις
3217 2871 3340 2926 ταῖς
3399 2865 3672 2936 ἐπισήμοις

2039 2961 2250 3033 ἑορταῖς
2309 2958 2360 3012 ἐν
2415 2957 2604 3032 ταύτῃ,
2649 2955 2726 3012 ἔτι
2781 2953 2837 3011 δί
2875 2957 2966 3010 καὶ
3014 2961 3133 3019 τοῖς
3179 2950 3424 3010 Σάϐϐασι
3453 2954 3536 3007 καὶ
3567 2956 3672 3011 ταῖς

2039 3053 2329 3122 Κυριακαῖς
2376 3049 2608 3122 ἡμέραις
2651 3049 2685 3116 ἡ
2727 3044 3058 3118 ἀναίμακτος
3088 3049 3166 3115 τῷ
3215 3049 3336 3116 Θεῷ
3387 3041 3670 3098 ἒπετελεῖτο

2037 3137 2332 3212 ἱερουργία,
2407 3137 2457 3189 ἐν
2538 3134 2594 3190 δὲ
2657 3141 2773 3196 ταῖς
2841 3133 3064 3196 λοιπαῖς
3111 3129 3372 3204 οὐδαμῶς
3434 3129 3668 3205 ἡμέραις.

285 3198 806 3294 ἑξοὶιυάὶηέφνοιίο
819 3238 884 3276 ac
898 3198 1479 3293 pu‘lchritudinealiis
1495 3198 1925 3294 antecellerent;

2042 3230 2211 3284 Τοῦτο
2254 3222 2310 3280 δὲ
2359 3223 2557 3299 ἐγίνετο
2607 3221 2694 3278 διὰ
2742 3221 3016 3298 προσόδου
3061 3219 3297 3288 ἔνδειαν,
3329 3223 3392 3290 ἣν
3421 3219 3569 3280 οὗτος
3597 3215 3672 3272 δα·

285 3312 604 3384 multisque
629 3311 762 3365 aliis
791 3311 1050 3366 donariis
1085 3311 1237 3366 istud
1264 3313 1546 3383 templum
1606 3321 1928 3372 exornavit...

2042 3314 2219 3389 ψιλῶς
2273 3314 2533 3391 ἀφορίσας
2567 3316 2716 3386 [791]
2773 3312 2860 3367 καὶ
2907 3311 3284 3386 ἀποχρώντως
3313 3311 3431 3374 καθ’
3462 3310 3670 3376 ἑκάστην

281 3399 553 3455 τελεῖσθαι
585 3400 684 3466 τὴν
714 3398 860 3474 ἱερὰν
887 3397 1250 3472 παρεσκεύασε
1281 3397 1643 3475 λειτουργίαν·
1681 3402 1710 3456 6'
1739 3405 1826 3458 καὶ
1857 3412 2044 3482 κρατεῖ
2073 3405 2359 3480 γινόμενον
2397 3403 2595 3478 μέχρις
2626 3404 2808 3474 ἡμῶν.
2873 3400 2973 3456 Καὶ
3023 3399 3184 3470 σκεύη
3239 3397 3298 3454 δὲ
3351 3399 3419 3453 τὰ
3455 3402 3518 3471 τῇ
3570 3397 3674 3470 ἰερᾷ

286 3485 538 3560 ἀνειμένα
567 3485 824 3558 σπονδιίᾳ
851 3491 919 3560 τῇ
949 3487 1178 3560 τοιαύνῃ
1215 3488 1428 3551 ἀνέθετο
1459 3488 1740 3562 ἐκκλησίᾳ,
1775 3492 1833 3548 ἐκ
1862 3500 2068 3570 χρυσοῦ
2099 3495 2186 3548 καὶ
2221 3489 2549 3562 πολυτίμων
2583 3491 2874 3563 μαργάρων
2908 3489 2998 3543 καὶ
3029 3487 3196 3543 λίθων
3227 3485 3672 3557 κατεσκευασμένα

292 3581 483 3652 μακρῷ
511 3575 888 3650 παρελάσαντα
916 3577 984 3630 τὰ
1013 3576 1186 3631 λοιπὰ
1219 3576 1426 3652 μεγέθει
1460 3579 1546 3632 καὶ
1579 3579 1774 3634 κάλλει
1805 3585 1894 3638 καὶ
1925 3589 2133 3658 τιμαῖς.
2169 3583 2268 3640 Καὶ
2303 3580 2523 3642 λοιποῖς
2553 3579 2746 3641 ἀλλοις
2777 3575 3095 3652 κειμηλίοις
3119 3577 3222 3632 οὐκ
3243 3576 3463 3652 ὀλίγοις
3491 3573 3671 3643 ταύτην

290 3663 592 3742 έφαίδρυνε.
625 3665 722 3719 Καὶ
754 3665 818 3719 τὰ
854 3665 945 3736 μὶν
979 3665 1184 3720 ὶκείνου
1212 3670 1397 3722 ταῦτα.

363 3756 786 3813 Indictionibus
809 3755 1058 3826 septima
1077 3761 1134 3812 et
1162 3763 1366 3812 octava
1387 3763 1545 3812 tanta
1567 3759 1676 3814 fuit
1707 3762 1763 3816 in
1791 3763 1954 3818 urbe‘

289 3846 472 3918 pestis
505 3850 568 3900 ut
618 3844 865 3899 mortuis
913 3844 1222 3899 efferendis
1265 3846 1368 3899 viri
1411 3865 1521 3901 non
1573 3849 1928 3904 sufﬁcerent.

291 3937 357 3991 Et
387 3935 648 4005 septimae
679 3933 1017 3988 indictionis
1040 3938 1238 3988 aestate
1271 3951 1482 4004 magna
1512 3937 1596 3990 vis
1627 3939 1932 4008 grandinis

288 4025 444 4079 6I0
469 4022 684 4089 delata,
717 4021 902 4076 multa
933 4021 1210 4075 animalia
1243 4028 1418 4092 atque
1449 4025 1622 4079 etiam
1659 4025 1931 4083 homines

287 4111 598 4168 interfecit.
632 4115 706 4164 At
735 4111 1056 4181 imperator
1099 4120 1376 4168 consueto
1427 4115 1693 4185 podagrae
1728 4117 1930 4172 morbo

287 4202 560 4266 afﬂictus,
593 4217 725 4254 cum
779 4199 1154 4254 decumberet
1201 4201 1254 4254 in
1314 4202 1686 4272 Maganorum
1729 4223 1929 4260 mona-

286 4289 466 4347 sterio
498 4305 531 4343 a
561 4304 622 4344 se
653 4303 854 4344 recens
896 4291 1152 4356 condito,
1184 4306 1247 4343 ac
1293 4297 1566 4360 praeterea
1616 4293 1774 4347 aliud
1810 4310 1930 4349 ma-

286 4379 412 4434 lum
445 4377 809 4442 accessisset,
855 4379 1098 4447 jamque
1147 4395 1302 4433 mors
1355 4379 1572 4435 instare
1620 4381 1931 4452 videretur,

287 4470 360 4524 de
405 4483 744 4523 successore
799 4467 928 4536 ejus
988 4466 1372 4522 deliberatum
1435 4475 1524 4523 est
1581 4471 1731 4524 inter
1787 4472 1932 4526 aulas

289 4575 578 4630 proceres.
611 4557 682 4612 Hi
742 4563 907 4612 erant
957 4559 1212 4612 Joannes
1269 4557 1581 4626 logotheta,
1630 4576 1800 4630 quem
1835 4561 1932 4616 de-

2116 3759 2408 3832 Ἑνέσκηψε
2456 3755 2513 3812 δὲ
2559 3759 2644 3812 καὶ
2683 3756 2914 3828 λοιμικὴ
2965 3755 3117 3816 νόσος
3144 3759 3212 3830 τῇ
3271 3751 3510 3831 βασιλίδι
3554 3750 3674 3806 κατᾶ

2042 3870 2099 3902 τε
2133 3850 2230 3917 τὴν
2287 3849 2325 3916 ζ’
2373 3848 2464 3902 καὶ
2503 3848 2552 3917 η’
2615 3844 2942 3915 ἷνδικτιῶνα,
3007 3845 3079 3906 ὡς
3131 3845 3206 3917 μὴ
3251 3843 3516 3918 ἐξισχύειν
3563 3839 3673 3899 τοὺς

2045 3942 2246 4006 ζῶντας
2304 3935 2541 4014 ἐκφέρειν
2585 3934 2710 3996 τοὺς
2775 3936 3088 3994 τεθνεῶτας.
3158 3934 3398 4009 Ἠνέχθη
3451 3930 3506 3986 δὲ
3555 3928 3675 3984 κατὰ

2040 4027 2102 4080 τὸ
2145 4025 2294 4101 θέρος,
2346 4033 2444 4094 τῆς
2479 4031 2510 4094 ζ³
2543 4021 2880 4084 ἷνδικτιῶνος
2921 4022 3174 4098 μέγιστόν
3205 4044 3267 4077 τε
3293 4029 3488 4098 χρῆμα
3518 4017 3675 4094 χαλά-

2045 4120 2141 4184 ζης
2185 4116 2272 4170 καὶ
2317 4114 2500 4170 πολλὰ
2557 4115 2644 4168 ὑπ’
2689 4112 2853 4168 αὐτοῦ
2907 4111 2968 4166 οὐ
3026 4117 3136 4181 ζῶα
3189 4111 3376 4184 μόνον,
3412 4109 3552 4166 άλλίι
3595 4105 3673 4162 καὶ

2043 4205 2319 4280 ἄνθρωποι
2381 4201 2766 4279 διεφθάρησαν.
2812 4203 2872 4258 Ὁ
2923 4199 2979 4256 δὲ
3035 4199 3290 4276 βασιλεὺς
3322 4199 3674 4275 κατεχόμενος

2044 4293 2146 4347 ὑπὸ
2177 4300 2274 4362 τῆς
2323 4294 2582 4362 συνήθους
2613 4292 2774 4346 νόσου
2823 4297 2922 4360 τῆς
2969 4287 3245 4365 ποδάγρας
3293 4287 3470 4344 ’ἔκειτο
3521 4286 3568 4341 ἐν
3613 4283 3676 4354 τῇ

2041 4382 2168 4456 παρ’
2219 4381 2382 4436 αὐτοῦ
2428 4379 2820 4456 νεουργηθείσῃ
2853 4383 2994 4451 μονῆ
3027 4384 3134 4433 τῶν
3188 4379 3512 4456 Μαγγάνων.
3538 4373 3674 4430 Ἐπεὶ

2043 4468 2101 4525 δὲ
2147 4471 2236 4526 καὶ
2300 4467 2480 4546 ἕτερον
2545 4468 2958 4539 ἐπηκολούθησε
3008 4467 3322 4540 σύμπτωμα
3369 4466 3458 4521 καὶ
3505 4463 3605 4534 ἤδη
3651 4462 3675 4514 6

2041 4560 2266 4622 θάνατος
2324 4557 2561 4635 ἤγγιζεν,
2613 4559 2934 4613 ἐσκέπτοντο
2977 4558 3028 4611 οἱ
3079 4558 3146 4610 τά
3193 4561 3388 4632 πρῶτα
3438 4555 3486 4610 ἐν
3537 4555 3674 4628 βασι-

287 4652 453 4702 truso
487 4643 782 4700 Leichuda
825 4660 1020 4698 rerum
1069 4644 1672 4702 administrandarum
1706 4649 1928 4704 socium

2042 4647 2210 4710 λείοις
2261 4631 2530 4726 φέροντες,
2561 4649 2588 4704 ὁ
2621 4647 2921 4722 λογοθέτης
2951 4631 3328 4714 Ὶωάννης,γδν
3374 4647 3402 4700 ὁ
3439 4639 3676 4720 βασιλεὺς

291 4737 576 4792 asciverat
633 4735 968 4804 imperator,
1028 4735 1462 4804 protonotarius
1538 4738 1726 4792 dromi
1785 4737 1932 4793 Con-

291 4825 610 4893 stantinus,
661 4823 908 4878 Basilius
956 4823 1196 4878 caniclei
1249 4826 1580 4894 praefectus,
1620 4832 1675 4880 et
1724 4826 1932 4898 reliqui

286 4915 416 4985 ejus
473 4913 810 4969 necessarii.
871 4913 1156 4967 O'nnibus
1212 4914 1378 4968 visus
1448 4919 1538 4968 est
1589 4915 1932 4986 aptissimus

283 5000 646 5070 Nicephorus
705 5005 992 5055 Protenon
1045 5001 1236 5071 (quasi
1297 5002 1606 5071 primatem
1667 5003 1931 5072 diceres),

285 5089 656 5159 mittiturque
689 5089 757 5142 ad
792 5106 922 5142 eum
959 5105 1164 5143 cursor
1197 5089 1250 5142 in
1285 5089 1646 5161 Bulgariam,
1681 5092 1773 5145 cui
1807 5097 1928 5147 tum

283 5181 533 5252 praisrat
577 5177 909 5248 provinciae,
958 5178 1055 5248 qui
1109 5179 1180 5232 ad
1235 5179 1433 5234 urbem
1479 5195 1610 5234 eum
1646 5187 1926 5236 evocaret.

2042 4735 2578 4812 παραδυναστεύοντα
2625 4737 2758 4812 εἶχε,
2789 4734 3185 4811 παρωσάμενος
3231 4738 3324 4789 τὸν
3355 4728 3670 4808 Λειχούδην,

2044 4827 2070 4879 6
2121 4824 2557 4902 πρωτονοτάριος
2605 4829 2702 4878 τοῦ
2750 4821 2956 4898 δρόμου
3006 4824 3033 4878 ὁ
3083 4829 3494 4886 Κωνσταντῐνος,
3541 4821 3567 4873 6
3597 4817 3672 4871 ἐπὶ

2040 4919 2137 4969 τοῦ
2185 4913 2498 4970 κανικλείου
2553 4912 2868 4982 Βασίλειος,
2919 4911 3008 4968 καὶ
3060 4913 3112 4966 οἱ
3168 4911 3358 4967 λοιποὶ
3403 4912 3455 4966 οἱ
3505 4906 3674 4965 ἄλλως

2042 5004 2187 5074 αύτῷ
2250 5003 2758 5077 προσῳκειωμένοι,
2819 5002 2941 5057 τίνα
3008 4998 3074 5071 δὴ
3145 5001 3196 5062 ἐς
3263 5001 3356 5055 τὸν
3419 4997 3670 5074 βασίλειον

2041 5091 2419 5168 καθιδρύσουσι
2465 5093 2674 5166 θρόνον.
2724 5088 2942 5161 Ἕδοξεν
2995 5091 3089 5144 οὗν
3137 5087 3331 5144 ἅπασιν
3385 5083 3676 5156 ἐπιτήδειος

2043 5181 2118 5243 εἷς
2150 5187 2312 5236 τοῦτο
2345 5181 2656 5258 Νικηφόρος
2699 5182 2726 5236 6
2763 5179 3060 5256 Πρωτεύων
3111 5181 3245 5253 (43).
3301 5178 3400 5236 Καὶ
3431 5176 3496 5245 δὴ
3551 5171 3671 5243 πέμ·

1467 5349 1841 5405 XYLANDRI
1883 5351 1972 5406 ET
2011 5351 2230 5409 GOARI
2272 5351 2504 5408 NOTz’E.

361 5495 474 5564 (43)
507 5494 612 5559 Qui
646 5497 702 5549 et
735 5491 904 5566 μέγας
935 5487 1141 5566 ἄρχων.
1194 5493 1346 5548 Inter
1376 5488 1644 5566 ἄρχοντας
1693 5495 1846 5550 enim
1883 5499 1938 5550 et

291 5567 688 5641 κατάρχοντας,
735 5566 1008 5641 praesides
1061 5569 1429 5641 rectoresque
1481 5567 1934 5641 provinciarum,

292 5636 447 5696 unus
471 5636 767 5712 quispiam
803 5636 1040 5692 honoris
1071 5637 1258 5708 gratia
1295 5636 1588 5712 πρωτεύων
1626 5655 1728 5695 seu
1765 5637 1935 5713 μέγας

2049 5492 2340 5624 ἅρχωνῧεο
2372 5497 2725 5570 imperatore
2747 5497 3091 5570 designatus
3111 5495 3497 5551 salutabatur.
3523 5493 3672 5546 Core-

2049 5585 2194 5624 stus.
2281 5586 2411 5624 om.

2049 5585 2194 5624 SIUS.
2231 5585 2411 5624 UOAR.
