3972 6146
373 333 484 393 341

1526 342 2070 404 ΗιδΤυιιιΑῆυΜ
2117 344 2652 406 ΟΟΜ⁵¹ΕΝΒΙΗΜ.

3675 338 3795 396 342

371 483 529 516 πεται
587 461 945 539 ταχυδρόμος
1005 466 1057 520 ἐν
1111 466 1409 544 Βυλγαρίᾳ,
1458 467 1593 539 ἄξων
1655 470 1815 525 αὐτὸν
1891 470 2009 525 ἐκεῖ

2143 477 2306 541 Quod
2341 475 2423 530 ibi
2479 478 2889 545 compererunt
2945 474 3213 541 Augustas
3273 467 3584 523 Theodorus
3631 466 3790 537 (nam

370 546 684 628 θεψέτυχε
708 554 807 629 γάρ
865 555 988 610 τότε
1035 557 1133 625 τήν
1192 561 1300 626 τῆς
1369 558 1706 634 Βουλγαρίας
1766 567 2028 634 περιεζω-

371 643 570 714 σμένος
631 643 836 720 ἀρχήν.
873 643 1048 700 Ἀλλᾶ
1103 652 1265 702 τοῦτο
1326 648 1547 720 γνόντες

368 736 441 804 τῇ
479 730 727 808 βασιλίδι
762 734 1193 810 ὑπηρετούμενοι
1311 739 1433 805 Ζωῆ
1465 738 1564 813 γὰρ
1623 736 1728 809 ἤδη
1794 761 2030 812 n90.411-

374 819 600 895 έστρεψε
647 823 746 892 τὴν
807 825 995 896 ζωὴν),
1030 823 1059 878 ὅ
1113 847 1171 879 τε
1217 827 1458 896 Νικήτας
1491 829 1518 882 6
1550 827 1869 898 Ξυλινίτης,
1905 829 2030 883 Θεό-

377 909 555 984 δωρος
608 911 693 965 καὶ
754 911 1046 982 Μανουήλ,
1108 911 1348 988 δρόμωνι
1408 915 1574 985 αὐτὴν
1637 912 2028 988 ἐμϐιϐάσαντες

386 998 602 1074 ἄγουσιν
635 1000 710 1062 εἰς
741 1001 808 1055 τά
834 1006 930 1055 τοῦ
994 1003 1234 1078 μεγάλου
1288 1003 1560 1060 παλατίου
1618 1005 1884 1080 ἀνάκτορα
1940 1007 2028 1060 καὶ

381 1088 750 1162 αὐτοκράτορα
830 1089 1238 1165 ἀναγορεύουσι.
1299 1095 1400 1148 Καὶ
1480 1095 1506 1148 6
1590 1096 1682 1168 μὲν
1776 1095 2028 1170 βκσιλεὺς

372 1178 657 1231 ἀποθανὼν
717 1179 852 1232 κατὰ
909 1193 1007 1247 την
1074 1187 1138 1235 ια’
1169 1187 1264 1236 τοῦ
1306 1183 1636 1257 Ἰανουαρίου
1700 1185 1895 1256 μηνὸς,
1927 1190 2026 1251 τῆς

1598 651 1648 702 οἱ
1678 655 1745 722 τῇ
1779 648 2035 727 Θεοδώρᾳ

2141 567 2247 620 Zoe
2275 567 2394 634 jam
2429 571 2553 619 tum
2583 565 2826 632 obierat)
2848 561 3178 617 administri
3208 559 3442 613 Nicetes
3471 557 3792 629 Xyliniota,

2139 656 2480 710 Theodorus
2514 661 2569 709 et
2604 651 2934 717 Manuelus,
2969 651 3147 705 celoci
3179 666 3308 703 eam
3365 648 3698 717 impositam
3735 645 3791 698 in

2145 747 2341 815 magni
2375 744 2574 816 palatii
2629 743 2846 813 regiam
2897 741 3196 794 deducunt
3227 743 3282 791 et
3333 740 3657 807 Augustam
3693 734 3793 787 dc-

2141 833 2385 886 clarant.
2425 831 2842 886 Monomachus
2870 846 3006 900 ergo
3038 843 3167 880 cum
3205 827 3356 879 diem
3406 839 3580 877 suum
3612 823 3792 876 obiis-

2142 927 2248 985 set,
2281 923 2334 973 in
2372 921 2675 991 Manganis
2724 919 3030 990 magnifice
3080 916 3348 986 sepultus
3388 917 3496 967 est.
3531 913 3794 981 Augusta

2141 1015 2332 1064 autem
2370 1011 2528 1064 misit
2566 1010 2662 1080 qui
2721 1009 3124 1062 Proteuontem
3178 1000 3608 1058 Thessalonica
3638 1001 3790 1054 deti-

2141 1105 2383 1152 nerent:
2420 1099 2553 1153 inde
2599 1098 2652 1150 in
2705 1095 3129 1151 monasterium
3175 1090 3390 1146 Cuzeni
3438 1106 3570 1143 eum
3605 1089 3788 1142 abdu-

2142 1194 2283 1243 cunt
2313 1190 2369 1244 in
2401 1189 2743 1254 Thracensi,
2777 1193 2948 1258 alque
2981 1204 3046 1242 eo
3078 1186 3356 1256 relegant.

366 1274 418 1336 η’
483 1265 961 1336 ἔνδικτιῶνος,τοῦ
1017 1272 1185 1347 ,ςφξπβ
1247 1268 1420 1340 ἔτους,
1455 1272 1506 1326 ἐν
1541 1279 1661 1336 τοῖς
1694 1275 2002 1348 Μκγγάνοις
2039 1283 2214 1354 ταφῆς
2279 1274 2438 1352 ἔτυχε
2495 1283 2593 1346 τῆς
2651 1274 2948 1350 τυχούσης,
2987 1275 3037 1329 οἱ
3090 1273 3146 1328 δὲ
3193 1271 3314 1346 περὶ
3370 1272 3468 1338 τήν
3535 1265 3789 1342 βασιλίδα

365 1355 678 1429 πέμψαντες
734 1356 966 1433 ἐπέσχον
1033 1360 1122 1413 τὸν
1185 1362 1540 1434 Πρωτεύοντα
1599 1362 1650 1416 ἐν
1712 1362 2103 1439 Θεσσαλονίκῃ,
2135 1366 2377 1420 κάκεῖθεν
2435 1365 2726 1440 ἀπάγουσιν
2762 1362 2835 1424 εἷς
2865 1363 2926 1417 τὸ
2966 1364 3266 1435 Θρᾳκήσιον
3302 1359 3353 1413 ἐν
3385 1361 3452 1432 τῇ
3489 1360 3628 1430 μονῇ
3688 1360 3784 1411 τοῦ

359 1450 672 1515 Κουζηνοῦ,
704 1448 918 1501 κάκεῖσε
952 1448 1346 1523 περιορίζουσι.

431 1555 544 1621 Τὴν
578 1557 913 1629 προγονικὴν
950 1555 1007 1610 δὲ
1037 1553 1435 1632 παραλαϐοῦσα
1478 1559 1754 1633 βασιλείαν
1894 1569 2022 1616 Θεο-

363 1643 519 1717 δώρα
576 1646 734 1709 εὐθὺς
800 1649 893 1719 μὲν
947 1650 1152 1721 μέτεισι
1209 1649 1336 1714 τοὺς
1387 1650 1503 1705 ὅσοι
1560 1653 1872 1725 βασιλεῦσαι
1930 1655 2022 1707 τὸν

361 1735 732 1810 Ηρωτεύοντα
789 1731 1202 1809 ἐϐουλεύσαντο,
1264 1743 1372 1793 τῶν
1433 1741 1786 1815 ὑπαρχόντων
1847 1741 2025 1815 ψιλώ-

2204 1565 2509 1620 Theodora
2541 1566 2693 1621 avito
2747 1565 2989 1636 imperio
3041 1562 3221 1634 potita
3253 1559 3448 1615 statim
3503 1574 3601 1613 eos
3633 1555 3779 1611 ulci-

2132 1654 2316 1708 scitur
2346 1655 2443 1725 qui
2475 1655 2783 1726 ilnperium
2837 1655 2893 1708 in
2946 1653 3092 1708 611
3148 1649 3537 1720 Nicephorum
3581 1645 3777 1702 volue-

2132 1750 2259 1797 rant
2291 1746 2625 1809 transferre,
2685 1745 2936 1799 fortunis
2985 1760 3083 1798 eos
3129 1741 3254 1796 suis
3289 1737 3548 1794 multane
3600 1741 3658 1792 et
3688 1753 3775 1791 re-

361 1844 504 1877 σασα
558 1824 651 1878 καὶ
688 1826 1069 1902 ὑπερορίσασα.
1104 1823 1433 1902 Προϐιϐάζει
1492 1827 1548 1884 δὲ
1603 1831 1689 1884 καὶ
1748 1829 1876 1892 τοὺς
1933 1831 2009 1885 εύ-

2130 1832 2350 1903 legans.
2377 1833 2674 1889 Eunuchis
2694 1840 2886 1888 autem
2909 1832 3030 1887 suis
3051 1829 3371 1902 praecipuos
3398 1826 3777 1898 magistratus

357 1913 599 1988 νούχους
658 1912 825 1983 αὐτῆς
912 1917 1144 1976 ἅπαντας
1212 1915 1288 1977 εἷς
1361 1918 1455 1978 τάς
1507 1919 1758 1993 μεγίστας
1818 1919 2015 1994 ἀρχάς,

357 1999 686 2073 δομέστικον
723 2004 819 2075 μὲν
854 2009 961 2058 τῶν
991 2003 1212 2080 σχολῶν
1244 2013 1343 2074 τῆς
1376 2005 1676 2076 Ἀνατολὴς
1731 2009 1823 2062 τὸν
1881 2010 2016 2063 Θεό-

355 2087 538 2163 δωρον
590 2086 1006 2165 προϐαλομένη,
1043 2094 1130 2148 καὶ
1191 2095 1267 2157 εἷς
1326 2096 1427 2163 τὴν
1481 2096 1650 2168 Ἑῷαν
1698 2096 2017 2170 ἐκπέμψασα

359 2178 444 2255 ἐφ’
477 2180 524 2250 ᾧ
551 2180 646 2240 τάς
678 2177 952 2255 ἐκδρομὰς
1002 2187 1108 2237 τῶν
1165 2182 1418 2257 Τούρκων
1477 2184 1732 2253 κωλύειν,
1761 2187 1851 2240 τὸν
1910 2189 2014 2259 μά-

363 2288 590 2342 γιστρον
645 2270 908 2325 Ἰσαάκιον
964 2272 1054 2325 τὸν
1118 2273 1397 2344 Κομνηνὸν
1461 2277 1861 2345 μετακινήσασα
1915 2284 2013 2346 τῆς

359 2355 1122 2435 στρατοπεδαρχίας.Ἐτυχε
1177 2361 1278 2436 γάρ
1338 2363 1365 2415 6
1425 2364 1764 2439 Μονομάχος
1823 2362 2014 2419 διαπε-

364 2447 745 2519 ραιωσάμενος
789 2448 961 2510 πάσας
995 2448 1045 2502 ἐν
1079 2449 1223 2521 Ἑῴᾳ
1274 2450 1369 2511 τὰς
1422 2449 1792 2514 Μακεδονικὰς
1853 2453 2013 2508 δυνά-

362 2556 507 2605 μεις,
572 2535 859 2611 ἀρχηγοὺς
928 2536 1163 2612 ἐχούσας
1248 2540 1482 2604 ἅπαντας
1550 2540 1879 2611 Μακεδόνας,
1938 2542 2010 2598 ὧν

359 2624 441 2682 εἷς
503 2623 569 2690 ἦν
630 2625 719 2678 καὶ
774 2626 802 2679 6
844 2626 1161 2699 Βρυέννιος·
1214 2626 1428 2704 ἐφέρετο
1484 2632 1582 2703 γὰρ
1644 2630 1694 2685 ἐν
1744 2631 2012 2706 Τούρκοις

361 2709 533 2785 λόγος
562 2713 636 2773 ὡς
691 2711 774 2782 εἷή
808 2719 1166 2788 πεπρωμένον
1223 2726 1659 2795 καταστραφῆναι
1714 2721 1776 2774 τὸ
1835 2721 2012 2797 Τούρ-

357 2819 471 2852 κων
525 2800 683 2874 γένος
735 2803 838 2856 ὑπὸ
870 2803 1128 2873 τοιαύτης
1157 2802 1436 2878 δυνάμεως
1470 2807 1659 2862 ὁποίαν
1695 2809 1722 2862 6
1753 2808 2012 2866 Μακεδὼν

360 2886 727 2960 Ἀλέξανδρος
757 2886 901 2965 ἔχων
959 2894 1354 2969 κατεστρέψατο
1385 2897 1613 2969 Πέρσας.
1670 2893 2011 2972 Προεϐάλετο

369 2973 424 3029 ὀὶ
481 2977 571 3030 καὶ
633 2975 930 3053 λογοθέτην
981 2985 1078 3036 τοῦ
1137 2980 1346 3060 δρόμου
1420 2986 1513 3039 τὸν
1589 2989 1851 3056 Νικήταν,
1920 2990 2007 3043 καὶ

368 3062 729 3141 ὃρουγγάριον
787 3075 888 3138 τῆς
951 3067 1141 3145 βίγλας
1226 3073 1317 3126 τὸν
1393 3072 1680 3144 Μανουήλ.
1737 3079 1816 3149 [Ρ.
1884 3080 2010 3151 792]

2126 1925 2518 1978 commendat.
2557 1923 2948 1978 Domesticum
2977 1920 3230 1976 Orientis
3262 1916 3594 1974 scholarum
3620 1923 3778 1970 creat

2127 2011 2523 2076 Theodorum,
2550 2017 2607 2068 et
2650 2013 2710 2068 in
2751 2012 3047 2068 Orientem
3098 2011 3168 2066 ad
3201 2007 3595 2079 grassationes
3627 2006 3763 2060 Tur-

2125 2117 2325 2156 corum
2387 2102 2743 2157 cohibendas
2795 2102 2996 2171 mittit,
3050 2101 3390 2172 praefectura
3445 2101 3769 2150 castrorum

2126 2196 2397 2266 adempta
2438 2197 2720 2267 magistro
2766 2195 2985 2250 Isaacio
3035 2194 3349 2248 Comneno.
3385 2188 3609 2244 Etenim
3643 2188 3767 2243 Mo-

2124 2285 2448 2340 nomachus
2471 2302 2678 2340 omnes
2694 2284 3092 2340 Macedonicas
3113 2282 3370 2353 legiones
3393 2279 3450 2334 in
3473 2278 3766 2333 Orientem

2124 2374 2448 2442 trajecerat,
2483 2373 2734 2428 ducibus
2773 2372 3048 2427 omnibus
3099 2368 3536 2430 Macedonibus.
3568 2383 3598 2421 e
3629 2367 3764 2436 qui-

2125 2462 2236 2515 bus
2295 2461 2403 2515 fuit
2459 2462 2636 2516 etiam
2712 2461 3072 2533 Bryennius:
3137 2475 3266 2513 nam
3337 2456 3485 2510 inter
3540 2457 3762 2510 Turcos

2125 2551 2418 2605 ferebatur
2475 2569 2676 2605 rumor
2717 2567 2845 2606 esse
2905 2551 2961 2603 in
3015 2549 3168 2611 fatis,
3222 2553 3283 2601 ut
3338 2562 3482 2616 gens
3522 2545 3765 2600 Turcica

2124 2656 2156 2692 a
2186 2638 2286 2692 tali
2329 2640 2697 2710 opprimatur
2743 2638 2998 2693 exercitu
3051 2635 3209 2706 quali
3255 2651 3399 2689 usus
3451 2633 3767 2688 Alexander

2125 2728 2358 2783 Macedo
2390 2733 2596 2784 Persas
2628 2728 2881 2798 subegit.
2924 2727 3138 2781 Eadem
3173 2723 3361 2779 dromi
3413 2722 3766 2790 logothetam

2126 2816 2257 2870 fecit
2297 2818 2582 2880 Nicetam,
2614 2822 2669 2872 ct
2721 2815 3104 2886 drungarium
3157 2812 3367 2884 vigilias
3409 2809 3766 2866 Manuelum.

2123 2909 2189 2959 Et
2213 2907 2286 2960 ob
2317 2906 2399 2961 rei
2423 2906 2734 2978 republica:
2757 2904 3237 2960 administranda:
3273 2900 3536 2972 peritiam
3565 2899 3771 2954 ascivit

2125 2995 2367 3050 Leonem
2413 2995 2995 3066 Slrabospondylum,
3028 2994 3125 3060 qui
3178 2992 3316 3047 olim
3349 2988 3624 3044 Michaelo
3656 2988 3766 3042 im-

2125 3085 2372 3153 peratori
2408 3085 2674 3139 minister
2705 3085 2909 3137 fuerat.
2944 3085 3014 3136 At
3047 3080 3367 3153 Bryennius
3396 3075 3763 3133 Monomachi

358 3151 738 3227 Προσελάϐετο
771 3153 826 3210 δὲ
858 3155 946 3212 διὰ
965 3156 1322 3236 πολυπειρίαν
1352 3161 1428 3223 εἷς
1474 3163 1535 3216 τὸ
1590 3166 1658 3218 τὰ
1685 3166 1840 3218 κοινά
1866 3162 2006 3219 διοι-

423 3249 444 3258 ε’
556 3245 568 3259 ‘
702 3244 716 3264 Ι
826 3243 845 3264 Ἴ
865 3244 886 3264 Ἴ
1029 3257 1042 3264 -
1071 3246 1082 3264 Ι
1306 3251 1318 3264 I
1419 3249 1437 3264 ς
1536 3252 1547 3264 ι
1767 3259 1800 3264 _
1914 3249 1942 3264 Δ

2122 3175 2327 3228 mortis
2361 3174 2564 3228 nuntio
2596 3178 2851 3244 accepto,
2884 3189 3016 3226 cum
3067 3170 3482 3226 Macedonibus
3514 3168 3760 3238 Chryso‘

354 3249 471 3297 κεῖν
518 3245 609 3297 τὸν
658 3243 960 3320 σύγκελλον
1015 3246 1222 3303 Λέοντα
1269 3251 1359 3304 τὸν
1419 3249 1715 3324 λεγόμενον
1763 3249 2003 3327 Στραϐο·

357 3329 693 3401 σπόνδυλον,
723 3333 818 3388 τὸν
849 3334 1018 3390 πάλαι
1049 3341 1128 3408 τῷ
1173 3337 1388 3414 βασιλεῖ
1445 3339 1680 3414 Μιχαὴλ
1727 3341 2004 3417 ὑπουργή-

354 3443 547 3478 σαντα,
589 3422 686 3476 Καὶ
737 3423 803 3478 τά
856 3424 950 3496 μὲν
994 3432 1095 3494 τῆς
1150 3427 1365 3490 πόλεως
1422 3429 1638 3506 ἐφέρετο
1685 3428 1836 3503 τῇδε,
1871 3433 1898 3486 6
1947 3429 2004 3486 δὶ

354 3514 648 3586 Βρυέννιος
704 3514 798 3568 τὸν
883 3519 978 3568 τοῦ
1065 3514 1334 3591 βασιλέως
1391 3518 1694 3582 ἐνωτισθεῖς
1755 3524 2001 3595 θάνατον,

350 3599 488 3674 ἄρας
525 3603 659 3673 μετὰ
704 3609 808 3657 τῶν
867 3601 1214 3672 Μακεδόνων,
1267 3607 1504 3663 κάτεισιν
1563 3608 1615 3663 ἐν
1688 3613 2000 3679 Χρυσουπό-

337 3690 453 3746 λει.
489 3691 588 3744 Καὶ
619 3695 808 3746 τοῦτον
847 3692 940 3764 μὶν
985 3695 1019 3762 ἡ
1079 3693 1320 3769 βασιλὶς,
1355 3696 1436 3751 ὅτι
1499 3697 1840 3763 ἀσυντάκτως
1896 3703 1997 3756 ὑπ-

328 3781 620 3853 εχώρησε,
668 3785 1016 3856 κατασχοῦσα
1067 3780 1296 3854 δημεύει
1356 3784 1448 3839 καὶ⁵
1510 3786 1584 3848 εἷς
1646 3788 1856 3861 ἐξορίαν
1911 3789 2022 3846 ἐκ-,

2120 3260 2275 3330 polin
2312 3261 2600 3332 profectus
2629 3268 2736 3316 est.
2788 3265 2964 3327 Quem
3006 3263 3288 3330 Augusta,
3323 3257 3476 3328 quod
3523 3257 3756 3326 injussu

2111 3349 2300 3421 ipsius
2331 3351 2720 3416 discessisset,
2755 3355 2990 3418 captum
3041 3346 3422 3402 facultatibus
3468 3345 3590 3400 suis
3622 3361 3754 3414 spo-

2115 3438 2271 3493 liavit
2301 3445 2356 3493 et
2405 3439 2710 3510 relegavit:
2770 3439 3002 3500 milites,
3034 3437 3189 3491 unde
3237 3439 3532 3499 venerant,
3567 3434 3755 3488 redire

2107 3530 2306 3597 jussit.
2338 3530 2483 3585 Cum
2518 3547 2654 3601 ergo
2688 3535 2865 3584 totam
2903 3529 3276 3584 indictionem
3311 3543 3547 3592 nonam,
3582 3526 3635 3579 id
3667 3531 3757 3580 cst

2111 3635 2331 3673 annum
2369 3620 2572 3674 mundi
2605 3621 2742 3674 656i
2796 3623 3034 3673 vixisset
3077 3619 3230 3673 612
3286 3617 3612 3679 Theodore,
3645 3615 3755 3669 sub

2111 3710 2326 3764 exitum
2363 3711 2608 3779 Augusti
2663 3709 2880 3765 mensis
2930 3710 3194 3781 ejusdem
3244 3708 3382 3763 anni
3438 3706 3630 3762 tenuis
3663 3706 3756 3759 in-

2111 3797 2310 3851 testini
2339 3801 2538 3853 morbo
2571 3803 2776 3854 necata
2805 3803 2912 3853 est.

336 3868 573 3956 πέμπει,
621 3869 710 3923 τὸν
777 3867 833 3923 δὲ
907 3868 1037 3924 λαὸν
1123 3872 1456 3947 ὑποστρέψαι
1526 3875 1602 3937 εἰς
1677 3878 1920 3933 τούπίσω
1972 3883 2385 3956 παρασκευάζει,
2446 3885 2622 3956 Ὅλην
2681 3884 2772 3940 οὖν
2829 3887 2928 3954 τήν
2983 3887 3025 3949 θ’
3083 3882 3397 3939 ἶνόικτιῶνα
3450 3886 3547 3935 τοῦ
3603 3879 3754 3956 ,ςφξδ

338 3954 506 4018 ἔτους
554 3957 859 4032 βιώσασαή
927 3957 1164 4034 βασιλὶς,
1195 3961 1285 4016 καὶ
1318 3963 1442 4038 περὶ
1471 3963 1537 4018 τὰ
1559 3962 1691 4035 τέλη
1747 3968 1843 4022 τοῦ
1899 3954 2211 4046 Αὐγούστου
2266 3975 2440 4046 μηνὸς
2497 3954 2596 4040 τῆς
2649 3975 2815 4040 αὐτῆς
2877 3972 3212 4036 ίνδικτιῶνος
3267 3969 3428 4044 εἰλεῷ
3485 3954 3752 4043 νοσήματι

334 4051 708 4119 περιπεσοῦσα
736 4046 1014 4104 ἀπέθανεν.

410 4154 473 4206 Οἱ
508 4150 566 4207 δὲ
602 4153 800 4224 ταύτης
844 4155 1101 4230 εὑνοῦχοι
1163 4155 1253 4210 σὺν
1312 4163 1392 4230 τῷ
1453 4160 1740 4235 συγκέλλῳ
1800 4167 1990 4220 Λέοντι

330 4236 762 4311 ἀναϐιϐάζουσιν
796 4242 874 4303 εἰς
904 4243 994 4297 τὸν
1025 4251 1126 4313 τῆς
1172 4244 1452 4320 βασιλίδος
1513 4249 1727 4320 θρόνον,
1759 4247 1835 4306 ἔτι
1891 4256 1991 4325 ψυ-

332 4330 734 4406 χορῥαγοῦσης
767 4329 1000 4402 ἐκείνης.
1048 4333 1281 4408 Μιχαὴλ
1339 4337 1621 4410 πατρίκιον
1672 4340 1762 4394 τὸν
1821 4349 1990 4416 Στρα-

332 4420 621 4486 τιωτικὸν,
683 4417 966 4494 ἄνθρωπον
1023 4419 1082 4476 ἐκ
1142 4425 1430 4491 Βυζαντίου
1492 4428 1586 4498 μὲν
1643 4429 1990 4504 ὁρμώμενον,

331 4509 516 4586 ἀφελῆ
579 4507 638 4562 δὲ
695 4509 784 4563 καὶ
829 4508 1119 4564 ἀποίκιλον
1152 4513 1240 4565 καί
1277 4513 1467 4585 μόνοις
1493 4521 1612 4577 τοῖς
1674 4539 1992 4589 στρατιωτι-

2172 4171 2436 4226 Eunuchi
2471 4177 2662 4228 autem
2699 4173 2885 4244 ipsius
2924 4178 2982 4227 et
3015 4178 3120 4227 Leo
3153 4171 3445 4244 syncellus
3494 4171 3752 4242 impera-

2099 4263 2283 4312 torem
2319 4260 2634 4328 declarant,
2683 4262 2810 4332 ipsa
2848 4263 3172 4318 etiamnum
3225 4263 3483 4317 animam
3516 4264 3747 4332 agente,

2104 4346 2451 4403 Michaelum
2477 4350 3211 4416 Stratioticum,hominem
3235 4349 3490 4422 Byzantii
3509 4353 3645 4403 natu
3659 4365 3739 4410 rn,

2103 4435 2433 4507 simplicem
2484 4444 2658 4510 atque
2705 4439 3049 4509 innocuum,
3084 4444 3140 4494 et
3186 4457 3217 4494 ιι
3276 4455 3455 4510 puero
3485 4437 3546 4491 in
3577 4436 3746 4491 bellis

2103 4529 2332 4578 tantum
2356 4532 2676 4596 versatum,
2701 4527 3045 4598 nulliusque
3075 4532 3350 4598 przeterea
3374 4525 3451 4581 rei
3475 4541 3745 4596 gnarum,

335 4604 460 4659 κοῖς
488 4598 550 4652 ἐκ
579 4595 789 4652 παίδων
822 4597 1281 4672 ἀπασχοληθέντα
1310 4602 1399 4656 καὶ
1430 4603 1596 4659 πλέον
1630 4605 1770 4662 ἄλλο
1821 4605 2002 4664 εἰδότα

2122 4613 2344 4682 iamque
2401 4619 2567 4670 astate
2623 4616 2693 4670 ad
2728 4621 3021 4671 senectam
3084 4620 3368 4687 provecta,
3417 4614 3506 4669 cui
3561 4615 3745 4668 otium

341 4685 542 4759 μηδὶν,
601 4687 690 4740 καὶ
743 4683 851 4755 ἤδη
914 4682 1274 4761 παρηϐηκότα
1330 4693 1417 4746 καὶ
1471 4700 1571 4761 τῆς
1626 4691 1990 4770 πρεσϐυτικῆς

332 4779 620 4850 ἁψάμενον
679 4777 921 4849 ἡλικίας,
980 4780 1123 4849 ᾗτινι
1186 4783 1474 4859 συμφέρειν
1532 4787 1631 4854 τήν
1709 4789 1990 4863 ἀπραγμο-

333 4865 884 4941 σύνηνἈρχὶλοχος
940 4868 968 4921 6
1021 4870 1259 4938 ποιητής
1316 4870 1647 4944 ἀπεφήνατο.
1708 4882 1880 4932 Τοῦτο
1937 4876 1993 4933 δὲ

334 4960 730 5026 πεποιήκασιν,
758 4954 851 5010 ἵνα
874 4959 1070 5032 σχῆμα
1103 4957 1264 5030 μόνον
1311 4962 1399 5015 καὶ
1451 4959 1624 5037 ὄνομα
1674 4965 1831 5029 αὐτὸς
1890 4964 1992 5043 ἔχῃ

335 5054 438 5115 τῆς
476 5043 785 5121 βασιλείας,
817 5044 968 5099 αὐτοὶ
1003 5043 1060 5100 δὶ
1093 5043 1400 5124 διεξάγωσιν
1462 5053 1534 5114 ὡς
1591 5053 1879 5128 βούλονται
1928 5056 1993 5110 τά

334 5135 499 5191 κοινά
549 5133 640 5188 καὶ
686 5134 899 5188 πάντων
957 5134 1270 5210 τυγχάνωσι
1314 5139 1515 5216 κύριοι,
1575 5142 1991 5218 ἐπομοσαμένου

334 5225 608 5299 πρότερον
637 5222 726 5277 καὶ
759 5222 922 5277 αὐτοῦ
953 5220 1119 5296 μηδέν
1151 5247 1203 5280 τι
1249 5229 1445 5304 πρᾶξαί
1503 5253 1634 5288 ποτε
1687 5241 1789 5302 τῆς
1848 5233 1990 5290 ἐκεί-

330 5338 439 5369 νων
473 5313 612 5388 δίχα
632 5311 859 5387 γνώμης
890 5332 948 5366 τε
986 5314 1077 5367 καὶ
1113 5313 1409 5386 θελήσεως.

409 5401 842 5476 Ἀναρῥηθέντος
875 5397 933 5454 δὲ
980 5406 1075 5456 τοῦ
1125 5405 1355 5480 Μιχαὴλ
1401 5408 1798 5486 αὐτοκράτορος
1857 5415 1992 5468 κατὰ

335 5497 434 5561 τήν
497 5491 582 5546 λα’
612 5488 823 5562 ἡμέραν
881 5492 978 5542 τοῦ
1029 5488 1351 5566 Αὐγούστου
1395 5499 1586 5569 μηνὸς,
1617 5506 1718 5568 τῆς
1749 5511 1775 5563 θ
1819 5499 1990 5556 ἐπινε-

337 5584 582 5654 μήσεως,
617 5573 904 5639 Θεοδόσιος
953 5575 1218 5653 πρόεδρος
1257 5584 1284 5638 ὁ
1317 5589 1414 5639 τοῦ
1463 5584 1846 5666 πατραδέλφου
1892 5595 1989 5645 τοῦ

337 5669 617 5747 βασιλέως
667 5666 1072 5724 Κωνσταντίνου
1114 5674 1210 5725 τοῦ
1256 5677 1598 5752 Μονομάχου
1645 5677 1782 5751 υἱὸς,
1825 5679 1990 5734 πυθό-

2105 4701 2321 4772 optime
2396 4719 2714 4775 congruere
2786 4703 3126 4759 Archilocus
3203 4701 3620 4774 pronuntiavit.
3686 4703 3744 4756 ld

2103 4794 2298 4844 autem
2331 4807 2396 4844 eo
2427 4792 2668 4847 consilio
2720 4795 2996 4862 fecerunt,
3031 4798 3094 4846 ut
3144 4791 3242 4845 illo
3285 4807 3496 4845 nomen
3527 4794 3580 4843 et
3611 4807 3744 4859 spe-

2103 4877 2246 4933 ciem
2280 4879 2510 4950 imperii
2551 4887 2786 4952 gerente
2825 4882 2950 4953 ipse
2998 4899 3104 4936 suo
3135 4882 3416 4936 arbitratu
3468 4896 3590 4934 rem
3633 4897 3742 4950 pu-

2103 4969 2312 5026 blicam
2345 4972 2827 5028 administrarent
2857 4972 3238 5042 omniumque
3271 4974 3608 5042 potestatem
3644 4986 3740 5040 pe-

2103 5075 2205 5113 nes
2237 5077 2299 5115 se
2332 5061 2631 5129 haberent,
2680 5063 2878 5132 jurato
2927 5063 3084 5133 prius
3139 5064 3248 5116 isto
3310 5058 3454 5114 nihil
3505 5075 3566 5114 se
3597 5059 3740 5131 ipsis

2103 5148 2314 5203 nesciis
2346 5155 2445 5204 aut
2475 5149 2808 5206 nolentibus
2838 5155 3127 5205 acturum.

2171 5418 2506 5474 Declaratus
2549 5425 2638 5473 est
2668 5417 2987 5474 Michaelus
3037 5418 3353 5489 imperator
3393 5415 3600 5471 ultima
3629 5418 3743 5470 Au-

2101 5507 2257 5576 gusti
2309 5506 2425 5574 die,
2485 5507 2806 5562 indictione
2855 5524 3027 5561 nona.
3083 5507 3242 5570 Quod
3304 5506 3402 5561 ubi
3462 5505 3747 5576 comperit

2103 5595 2470 5651 Theodosius
2530 5613 2782 5668 presses,
2845 5599 3053 5668 patruo
3127 5594 3494 5652 Monomacbi
3550 5596 3746 5659 natus,

2105 5684 2407 5756 aegerrime
2464 5685 2618 5742 tulit.
2677 5687 2748 5741 Et
2826 5703 2942 5742 non
2999 5686 3366 5742 considerata
3423 5684 3504 5740 rei
3569 5694 3748 5754 quam
