3968 6140
352 368 472 430 343

1684 365 1998 426 GEORGII
2048 366 2387 428 CEDRENI

3618 364 3726 424 344

359 498 808 572 aggrediebatur
840 497 1208 566 difﬁcultate,
1232 500 1288 554 et
1316 495 1375 552 in
1401 502 1689 569 quantum
1716 515 1778 553 se
1807 497 2000 570 ipsum

2124 519 2281 569 μενος
2309 498 2406 566 τήν
2448 495 2742 574 ἀνάρρησιν
2787 493 2875 550 καὶ
2921 492 3333 563 δεινοπαθήσας,
3363 493 3449 548 καὶ
3499 495 3568 566 μή
3613 496 3728 568 βου’

359 587 677 643 discrimen
711 587 1049 655 adduceret,
1078 585 1335 641 collectis
1365 587 1553 640 vernis
1587 587 1711 640 suis
1745 595 1800 641 et
1829 588 2011 642 servis

362 681 540 747 atque
599 673 907 740 ministris,
971 673 1288 743 multisque
1338 673 1509 727 etiam
1571 675 1894 728 vicinorum
1957 681 2014 728 et

364 765 764 832 familiarium,
799 767 895 836 qui
947 766 1142 820 animo
1199 770 1366 819 erant
1426 765 1645 830 leviori,
1684 766 2012 836 vespertino

363 855 708 928 crepusculo
763 856 833 909 ab
893 855 1114 908 aedibus
1175 854 1298 908 suis
1359 855 1458 925 (eae
1518 863 1684 908 erant
1736 856 1889 909 613
1939 857 2010 908 ad

365 944 837 1012 Leomacellium,
871 943 1022 1014 quod
1071 942 1265 1012 populi
1317 942 1621 997 macellum
1674 943 1807 997 licet
1839 945 2012 998 inter-

366 1032 601 1104 pretari)
661 1049 762 1103 per
833 1030 1052 1101 plateas
1114 1031 1391 1102 palatium
1453 1049 1658 1087 versus
1714 1033 2014 1102 processit,

365 1120 688 1175 vociferans
745 1125 1066 1174 extremam
1129 1119 1240 1174 sibi
1303 1120 1579 1190 injuriam
1640 1121 1784 1187 ﬁeri,
1829 1123 2016 1191 deque

363 1227 430 1262 ea
461 1207 647 1262 obviis
702 1207 1058 1278 quibusdam
1111 1217 1496 1278 conquestus,
1531 1210 1680 1280 quod
1733 1211 1841 1265 sibi
1875 1228 2016 1264 sun-

365 1295 540 1366 guine
571 1297 913 1350 defunctum
950 1296 1364 1367 imperatorem
1413 1300 1672 1368 proxime
1704 1299 2012 1369 attingenti

368 1385 680 1457 imperium
713 1385 1068 1440 hereditatis
1095 1388 1226 1456 jure
1258 1387 1327 1440 ad
1361 1404 1422 1441 se
1459 1387 1797 1442 devolutum
1829 1387 2014 1458 eripe-

368 1480 547 1529 retur.
605 1478 746 1527 Cum
806 1475 874 1528 ad
930 1475 1268 1545 praetorium
1326 1476 1704 1546 pervenisset,
1739 1479 2017 1531 custodiae

369 1562 663 1634 perruptis
696 1563 880 1633 portis
914 1564 1172 1633 captivos
1211 1564 1428 1629 emisit,
1462 1581 1706 1635 sperans
1740 1567 2015 1620 nimirum

367 1667 571 1706 eorum
602 1650 817 1705 auxilio
836 1667 898 1706 se
921 1651 1142 1723 aliquid
1168 1652 1427 1724 praeclari
1452 1654 2014 1709 effecturudeem-

368 1757 482 1812 que
513 1741 570 1795 in
601 1739 812 1795 Chalce
855 1741 1005 1795 fecit.
1053 1741 1314 1796 Eunuchi
1368 1742 1425 1796 in
1460 1742 1674 1814 palatio
1729 1744 2015 1798 seditione

369 1828 720 1883 annuntiata
751 1829 1014 1883 celeriter
1066 1829 1263 1900 palatii
1307 1832 1581 1886 custodes
1629 1831 1848 1886 milites
1880 1849 2013 1886 cum

371 1918 662 1972 Romanos
734 1922 859 1971 tum
937 1918 1234 1990 Barangos
1311 1921 1706 1975 mercenaries
1762 1927 2014 1976 armant.

376 2007 509 2061 Mox
537 2006 713 2062 etiam
743 2007 1072 2062 triremium
1106 2008 1615 2078 imperatoriarum
1653 2009 1899 2064 ministri
1932 2010 2017 2063 in-

374 2099 708 2164 struuntur,
741 2093 1154 2167 colligiturque
1184 2097 1262 2150 ita
1287 2114 1495 2167 agmen
1529 2097 1681 2152 haud
1717 2101 2014 2169 exiguum,

374 2185 533 2256 quod
581 2188 787 2239 contra
831 2185 1222 2240 Theodosium
1273 2187 1625 2242 mitteretur.
1663 2189 1718 2242 Is
1764 2188 1862 2242 ubi
1909 2187 2016 2241 hoc

373 2272 653 2344 percepit,
685 2273 909 2328 omissa
937 2273 1005 2328 ad
1043 2273 1325 2345 palatium
1362 2276 1452 2330 via
1482 2276 1551 2330 ad
1606 2275 1879 2347 Magnum
1915 2275 2012 2329 Dei

366 2362 676 2433 Templum
711 2361 983 2432 deflectit,
1017 2379 1261 2434 sperans
1294 2380 1355 2418 se
1389 2381 1454 2419 eo
1486 2365 1815 2436 ingressum
1852 2383 1884 2417 a
1917 2381 2016 2434 pa-

368 2449 624 2505 triarcha
653 2455 708 2505 et
739 2450 889 2505 clero
912 2456 1214 2523 acceptum
1245 2452 1751 2524 iri,plurimosque
1777 2471 2011 2508 concur-

367 2555 539 2594 suros
572 2539 670 2610 qui
705 2539 898 2610 ipsum
949 2540 1362 2612 imperatorem
1415 2543 1764 2597 salutarent.
1799 2543 2012 2597 Verum

365 2628 416 2682 ei
451 2629 621 2697 plane
653 2626 948 2683 diversum
972 2632 1199 2684 evenit:
1237 2647 1368 2684 nam
1396 2631 1644 2686 venienti
1681 2631 2014 2701 patriarcha

367 2721 424 2770 et
453 2715 644 2771 clerus
677 2717 879 2787 templi
915 2718 1064 2773 fores
1109 2718 1499 2774 obdideruntt
1553 2737 1741 2790 neque
1771 2722 2016 2776 aderant

367 2804 599 2874 uspiam
630 2805 670 2858 ii
701 2805 801 2876 qui
833 2806 904 2860 ad
939 2805 1079 2862 tales
1112 2824 1202 2862 res
1249 2813 1445 2878 utpote
1478 2809 1620 2879 ipsis
1651 2816 1845 2879 gratas
1877 2827 2010 2865 con-

368 2907 598 2948 currere
656 2893 966 2963 solebant;
1023 2901 1080 2950 et
1137 2895 1235 2966 qui
1292 2897 1487 2968 ipsum
1547 2915 1613 2952 eo
1671 2915 1856 2968 usque
1913 2916 2013 2954 co-

371 2981 556 3034 mitati
580 2982 736 3036 614
768 2983 1018 3051 fuerant,
1057 2984 1297 3039 missum
1344 2991 1545 3040 contra
1578 2987 1644 3040 iri
1695 2989 2008 3042 exercitum

368 3068 692 3136 audientes,
729 3071 1012 3140 paulatim
1047 3071 1254 3143 dilapsi
1288 3079 1446 3128 sunt.
1487 3075 1745 3130 Tandem
1779 3079 1852 3130 ab
1883 3095 2005 3132 om-

366 3159 542 3212 nibus
573 3158 863 3230 desertus,
914 3162 1266 3217 miserabilis
1319 3163 1569 3234 supplex
1618 3182 1750 3219 cum
1786 3167 1904 3221 tilio
1939 3169 2008 3222 ad

2121 586 2448 659 λευσάμενος
2487 585 2626 659 μηδέ
2658 585 3018 660 λογισάμενος
3049 585 3147 651 τήν
3206 587 3303 637 τοῦ
3353 577 3508 656 ἔργου
3555 581 3729 656 δυσχέ-

2122 696 2266 747 ρειαν
2329 676 2416 729 καὶ
2473 675 2778 744 ἀπότευξιν,
2816 671 2944 745 μηδ’
2977 676 3091 726 οἷον
3142 667 3310 726 κύϐον
3361 671 3545 744 μέλλει
3585 672 3733 747 ἀναῤ-

2123 765 2353 840 ριπτεῖν,
2384 763 2691 842 ἀνειληφὼς
2740 763 2864 824 τοὺς
2914 761 3208 838 οἰκογενεῖς
3251 762 3336 815 καὶ
3386 759 3602 823 δούλους
3656 767 3734 816 καί

2119 853 2246 915 τοὺς
2298 853 2484 917 ἄλλως
2525 853 2998 927 ὑπηρετουμένους
3049 852 3218 922 αὐτῷ,
3261 849 3503 910 πολλοὺς
3557 848 3610 904 δὲ
3659 853 3736 906 καὶ

2120 948 2225 996 τῶν
2260 937 2516 1016 γειτόνων
2549 942 2637 996 καί
2665 963 2816 1002 τινας
2849 946 2955 996 τῶν
3011 941 3276 1010 συνήθων,
3309 939 3426 993 ὅσοι
3471 960 3565 1014 περ
3620 941 3737 1008 ἦσαν

2121 1033 2214 1092 τὰς
2263 1030 2451 1107 φρένας
2498 1031 2840 1108 κουφότεροι,
2895 1027 3026 1102 ὂίρας
3073 1030 3195 1102 περὶ
3250 1025 3434 1097 δείλην
3485 1027 3632 1100 ὀψίαν
3687 1028 3739 1084 ἐκ

2121 1127 2223 1188 τῆς
2268 1121 2440 1181 οἰκίας
2491 1123 2681 1192 (κεῖται
2730 1116 2787 1173 δέ
2834 1119 2967 1187 αὕτη
3015 1117 3136 1193 περὶ
3189 1117 3252 1172 τὸ
3297 1115 3582 1189 λεγόμενον
3614 1125 3743 1172 Λεω-

2128 1207 2450 1280 μακέλλιον)
2482 1208 2677 1283 προῄει
2703 1205 2792 1261 διὰ
2819 1215 2918 1276 τῆς
2944 1205 3203 1267 πλατείας
3237 1207 3310 1266 ὡς
3365 1205 3439 1266 εἷς
3484 1205 3543 1258 τὸ
3589 1206 3742 1260 παλά·

2124 1319 2260 1364 τιον,
2311 1297 2623 1371 ἀγανακτῶν
2673 1297 2762 1350 καὶ
2821 1293 3210 1370 δυσχεραίνων,
3260 1293 3348 1348 καὶ
3400 1295 3496 1362 τὴν
3554 1291 3740 1349 ἀδικίαν

2127 1388 2200 1447 ὡς
2233 1386 2292 1440 ἂν
2341 1387 2409 1441 τὰ
2438 1386 2638 1460 ἔσχατα
2661 1383 2998 1455 ἠδικημένος
3049 1385 3183 1459 πρὸς
3238 1383 3365 1445 τοὺς
3420 1385 3743 1458 παρατυχόν-

2122 1495 2218 1536 τας
2267 1470 2661 1546 ἐπιϐοώμενος,
2711 1474 2801 1528 καὶ
2849 1474 2947 1542 τήν
3000 1473 3277 1548 βασιλείαν
3335 1472 3746 1544 ἀνακαλούμενος

2126 1565 2200 1626 ὡς
2229 1563 2661 1638 κληρονομιαῖον
2701 1563 2847 1637 τάχα
2903 1564 3088 1634 κτῆμα
3142 1561 3233 1615 καὶ
3292 1560 3438 1632 αὐτῷ
3493 1567 3745 1632 προσῆκον

2126 1651 2198 1711 ὡς
2230 1649 2443 1722 μᾶλλον
2473 1654 2580 1704 τῶν
2614 1648 2801 1705 ἄλλων
2831 1649 3100 1724 ἐγγύτατα
3130 1643 3315 1724 ἔχοντι
3352 1647 3574 1721 α’ίματος
3630 1651 3750 1721 πρὸς

2121 1740 2214 1793 τὸν
2297 1739 2600 1794 ἀπελθόντα
2665 1739 2909 1814 βασιλέα.
2969 1745 3054 1800 Ὠς
3123 1735 3182 1792 δέ
3239 1737 3450 1813 ἐγένετο
3521 1739 3647 1792 κατὰ
3696 1739 3748 1792 τὸ

2123 1831 2482 1903 πραιτώριον,
2512 1827 2803 1904 διαρρήξας
2833 1828 2927 1890 τὰς
2959 1827 3138 1888 πύλας
3166 1835 3268 1897 τῆς
3295 1827 3541 1903 φυλακῆς
3593 1826 3747 1900 ἐξάγει

2123 1916 2248 1979 τοὺς
2299 1919 2739 1993 καθειργμένους,
2790 1915 3014 1979 ἐλπίσας
3065 1918 3219 1988 οἶμαι
3279 1914 3350 1970 δι’
3400 1916 3570 1970 αὐτῶν
3631 1918 3750 1990 μέγα

2124 2027 2174 2059 τι
2204 2005 2588 2080 διαπράξασθαι
2620 2005 2709 2061 καί
2753 2012 3020 2080 γενναῖον.
3057 2007 3134 2062 Τὸ
3183 2003 3240 2059 δὲ
3291 2006 3425 2060 αὐτὸ
3478 2010 3631 2060 τοῦτο
3671 2005 3749 2059 καὶ

2127 2093 2178 2148 έν
2223 2093 2421 2169 Χαλκῇ
2481 2096 2682 2158 φθάσας
2736 2093 2934 2152 ἐποίει.
2967 2092 3146 2150 ’Δλλά
3199 2101 3302 2163 τῆς
3366 2092 3748 2153 ἐπαναστάσεως

2125 2189 2242 2244 τοῖς
2275 2183 2325 2238 ἐν
2357 2190 2475 2246 τοῖς
2539 2183 2839 2258 βασιλείοις
2891 2184 3229 2259 γνωσθείσης
3287 2183 3593 2257 εὐνούχοις,
3622 2181 3747 2256 ταχὺ

2131 2274 2223 2345 μὲν
2284 2274 2334 2327 οἱ
2396 2273 2758 2335 φυλάσσοντες
2827 2273 2878 2328 ἐν
2964 2278 3044 2344 τῷ
3122 2270 3378 2345 παλατίῳ
3451 2277 3748 2346 στρατιῶται

2125 2361 2394 2434 Ῥωμαῖοί
2458 2383 2516 2417 τε
2589 2362 2677 2416 καὶ
2738 2363 3005 2436 Βάραγγοι
3061 2360 3235 2436 (γένος
3296 2358 3356 2415 δέ
3413 2358 3658 2414 Κελτικὸν
3706 2359 3748 2411 oi

2125 2451 2395 2526 Βάραγγοι
2459 2453 2916 2529 μισθοφοροῦντες
2957 2450 3273 2522 Ῥωμαίοις)
3328 2447 3748 2516 κασοπλίζονται,

2124 2542 2264 2617 ταχὺ
2315 2540 2372 2596 δὲ
2435 2542 2524 2596 καὶ
2592 2543 2644 2596 οἱ
2703 2541 2754 2596 ἐν
2821 2547 2942 2603 ταῖς
3005 2543 3321 2615 βασιλικαῖς
3385 2541 3748 2613 ὑπηρετοῦντες

2122 2635 2396 2706 τριήρεσιν
2439 2631 2740 2706 ἠγείροντο.
2778 2631 2876 2685 Καὶ
2927 2631 3052 2704 χεὶρ
3110 2631 3268 2698 ἱκανὴ
3336 2635 3416 2704 [Ρ.
3469 2631 3591 2700 793].
3643 2649 3748 2682 συν-

2123 2721 2386 2794 ηθροίσθη
2421 2722 2509 2775 καὶ
2541 2720 2676 2774 κατά
2716 2724 2812 2774 τοῦ
2845 2717 3138 2774 Θεοδοσίου
3198 2717 3407 2789 ἔμελλε
3450 2717 3746 2790 πέμπεσθαι.

2121 2813 2174 2862 ’0
2207 2807 2263 2863 δὲ
2291 2814 2452 2864 τοῦτο
2484 2809 2810 2881 πυθόμενος,
2843 2805 3096 2870 ἐκκλίνας
3136 2811 3234 2861 τοῦ
3291 2808 3428 2882 πρὸς
3479 2807 3540 2861 τὸ
3593 2803 3747 2860 παλά-

2121 2920 2234 2952 τιον
2268 2898 2501 2966 ἀπιέναι,
2546 2899 2868 2974 ὑποστρέφει
2927 2897 3064 2970 πρὸς
3110 2898 3212 2965 τὴν
3261 2900 3361 2950 τοῦ
3416 2900 3546 2950 Θεοῦ
3595 2893 3745 2968 Μεγά-

2125 2987 2226 3056 λην
2261 2986 2600 3052 Ἐκκλησίαν⁹
2630 2985 2834 3056 ἤλπισε
2856 2987 2958 3060 γὰρ
2991 2985 3066 3046 ὡς
3115 2983 3433 3039 εἰσελθόντα
3477 2988 3654 3038 τοῦτον
3703 2981 3744 3035 ἐν

2122 3076 2260 3148 αύτῇ
2316 3077 2343 3130 6
2392 3077 2742 3150 πατριάρχης
2798 3095 2856 3129 τε
2913 3073 3002 3128 καὶ
3051 3074 3079 3127 6
3135 3073 3348 3146 κλῆρος
3403 3069 3744 3146 προσδέξεται,

2121 3166 2209 3219 καὶ
2242 3164 2372 3226 λαὸς
2407 3167 2818 3238 ἀθροισθήσεται
2868 3162 3145 3225 πλεῖστος,
3170 3161 3260 3215 καὶ
3318 3161 3542 3237 βασιλέα
3585 3160 3750 3232 ἀναγο-

364 3245 650 3318 templum
681 3249 964 3317 consedit,
998 3251 1318 3322 statimque
1358 3268 1427 3307 ex
1455 3271 1520 3308 eo
1565 3255 1841 3326 abreptus
1876 3257 2008 3311 Per-

2125 3253 2392 3328 ρεύσουσι.
2447 3256 2630 3309 Ταῦτα
2705 3251 2763 3306 δὲ
2841 3253 3017 3306 πάντα
3100 3251 3252 3322 αὐτῷ
3331 3249 3408 3312 είς
3465 3247 3745 3304 τούναντίον

362 3351 602 3405 gamum
638 3335 742 3390 soli
777 3338 1036 3392 vertendi
1068 3355 1245 3394 causa
1275 3345 1513 3396 coactus
1543 3347 1631 3396 est
1663 3345 1761 3397 ire.
1800 3345 2008 3399 Eodem

363 3423 532 3478 modo
565 3424 751 3494 puniti
795 3426 970 3480 etiam
1023 3429 1458 3498 praestantiores
1490 3430 1609 3498 alii,
1662 3431 1759 3502 qui
1805 3450 1867 3487 se
1898 3434 2011 3503 ipsi

363 3513 774 3581 adjunxerant.

2124 3340 2320 3412 ἀπέϐη.
2352 3346 2504 3396 Ὅτε
2537 3343 2634 3417 γὰρ
2697 3342 3046 3415 πατριάρχης
3099 3341 3188 3394 καὶ
3240 3340 3270 3393 ὁ
3330 3346 3430 3408 τῆς
3486 3335 3747 3418 ἐκκλησίας

2120 3430 2328 3505 κλῆρος
2405 3431 2694 3506 ἐρχομένῳ
2753 3431 2846 3494 τὰς
2901 3429 3102 3498 ταύτης
3167 3428 3524 3484 ἀποκλείουσι
3579 3426 3750 3486 πύλας,

2119 3522 2208 3575 καὶ
2240 3522 2292 3575 οἱ
2325 3523 2573 3590 συνήθως
2607 3521 2656 3575 ἐν
2685 3526 2800 3581 τοῖς
2831 3520 3106 3580 τοιούτοις
3165 3518 3458 3593 χαίροντες
3506 3516 3592 3571 καὶ
3643 3533 3743 3568 συν-

363 3598 658 3672 τρέχονττς
711 3600 847 3668 ἦσαν
908 3598 1171 3674 οὐδαμοῦ,
1233 3603 1320 3657 καὶ
1383 3605 1434 3658 οἱ
1492 3606 1856 3678 παρεπόμενοι
1914 3630 2093 3682 τουτῳ
2150 3609 2343 3684 μέχρις
2397 3609 2607 3664 ἐκείνου
2648 3614 2744 3664 τοῦ
2775 3609 2966 3668 τόπου.
3005 3608 3268 3680 μαθόντες
3299 3609 3399 3676 τὴν
3473 3604 3748 3679 μέλλουσαν

367 3687 674 3757 πέμπεσθαι
734 3687 961 3762 δύναμιν
1018 3692 1133 3745 κατ’
1191 3692 1392 3761 αὐτῶν,
1448 3695 1582 3749 κατά
1658 3699 1849 3771 μικρὸν
1922 3698 2273 3775 ὑπορρέοντες
2347 3697 2761 3768 ἐσκεδάσθησαν,
2821 3698 2910 3752 καὶ
2989 3697 3181 3752 λοιπὸν
3271 3694 3480 3771 ἕρημος
3561 3695 3749 3747 πάντων

368 3774 742 3854 καταλειφθεὶς
800 3778 982 3849 ἱκέτης
1039 3777 1268 3841 ἐλεεινὸς
1324 3782 1456 3854 μετά
1505 3788 1602 3837 τοῦ
1659 3783 1852 3848 παιδὸς
1911 3774 2058 3861 πρὸς.
2106 3790 2204 3857 τήν
2291 3786 2581 3858 ἐκκλησίαν
2670 3787 2922 3856 καθίζει·
2971 3787 3028 3840 ὃν
3126 3784 3283 3849 εὐθὺς
3366 3783 3751 3839 ἀποστείλαντες

366 3861 611 3938 ἐξάγουσι
640 3869 740 3935 τῆς
801 3866 1094 3938 ἐκκλησίας
1145 3869 1233 3923 καὶ
1283 3869 1610 3946 ἐξορίζουσιν
1663 3873 1714 3928 ἐν
1778 3876 2071 3950 Περγάμῳ.
2101 3877 2178 3934 Τὸ
2239 3874 2284 3931 δ’
2337 3876 2466 3931 αὐτὸ
2522 3882 2681 3930 τοῦτο
2740 3877 2827 3930 καὶ
2891 3875 2967 3937 εἷς
3026 3875 3151 3936 τοὺς
3205 3873 3627 3952 ἐμφανεστέρους
3659 3873 3750 3922 τῶν

363 3955 520 4024 αὐτῷ
576 3957 1029 4032 συναπαχθέντων
1078 3956 1360 4029 ἐποίησαν.
1421 3961 1521 4017 Καὶ
1575 3963 1637 4016 τὸ
1687 3963 1791 4017 ἀπὸ
1865 3965 2059 4019 τούτου
2104 3968 2131 4019 ὁ
2183 3965 2410 4040 Μιχαὴλ
2485 3961 2974 4044 ἐναμφισϐητήτως
3061 3963 3424 4038 ἀνηγορεύετο
3507 3963 3750 4035 αὐτοκράο

361 4060 496 4114 τωρ.

435 4150 809 4209 Stratioticus
839 4157 1073 4211 nemine
1104 4161 1608 4230 repugnantejam
1632 4161 1878 4233 imperio
1912 4180 2010 4234 po-

363 4243 510 4297 titus
540 4243 795 4299 delectos
827 4252 1148 4311 senatores,
1172 4266 1466 4320 quemque.
1499 4253 1568 4305 ad
1597 4255 1876 4322 majorem
1913 4271 2012 4308 ex-

361 4329 614 4387 tollendo
644 4331 1013 4404 dignitatem,
1036 4339 1314 4407 pepulum
1343 4339 1758 4395 beneﬁciorum
1786 4342 2012 4412 pollici-

362 4419 703 4487 t'itionihus,
739 4423 1048 4478 demeruit.
1081 4425 1223 4480 Cum
1277 4432 1469 4481 autem
1508 4436 1661 4482 esset
1691 4429 2008 4484 admodum

362 4525 538 4564 senex
570 4510 871 4582 multaque
917 4514 1161 4584 antiqua
1211 4517 1633 4584 recordaretur,
1669 4519 1886 4573 multas
1917 4536 2008 4574 ve-

361 4603 554 4654 terum
585 4601 1085 4656 eonsuetudinum
1120 4606 1395 4660 reducere
1436 4607 1707 4672 intendit,
1744 4608 1887 4662 nihil
1922 4608 2006 4663 vel

362 4687 610 4760 imperio
643 4691 730 4745 vel
761 4691 844 4745 rei
896 4692 1142 4763 publica;
1177 4696 1531 4764 profuturas.
1584 4700 1842 4764 Quorum
1882 4700 2010 4768 fuit,

363 4779 516 4846 quod
551 4781 887 4849 praetorium
921 4783 1230 4852 expurgari
1257 4784 1462 4853 jussit,
1489 4787 1642 4854 quod
1675 4788 1890 4841 factum
1916 4790 2008 4857 jo-

359 4883 494 4922 oose
537 4871 971 4925 subsannantes
1024 4872 1178 4927 cives
1242 4874 1513 4929 dicebant
1570 4893 1828 4945 quaerere
1875 4895 2008 4932 eum

357 4958 626 5012 taxillum
660 4977 834 5015 suum
855 4977 1028 5031 quem
1064 4961 1382 5032 aliquando
1407 4965 1614 5020 ludens
1640 4967 1715 5020 ibi
1745 4969 2008 5038 perdide-

355 5053 469 5111 rat,
502 5047 748 5120 ideoque
778 5067 1040 5105 averrere
1077 5054 1411 5122 pulverem;
1465 5057 1619 5124 quod
1667 5056 1879 5111 civium
1915 5075 2008 5112 ca-

357 5133 480 5204 pita
513 5152 624 5190 non
658 5137 889 5208 litteris,
926 5148 986 5192 ut
1020 5159 1194 5209 nunc,
1229 5144 1329 5197 sed
1367 5144 1619 5213 byssinis
1655 5144 1842 5212 pileis,
1880 5163 2004 5201 ma-

356 5223 494 5295 gnis
523 5223 694 5280 lineis
727 5229 1038 5298 purpureis
1067 5230 1412 5296 intertextis,
1449 5232 1558 5300 tegi
1596 5233 1810 5297 voluit;
1849 5237 2000 5305 quod

2196 4157 2535 4238 Παραλαϐὼν
2592 4160 2648 4216 δὲ
2715 4161 2810 4222 τὰς
2869 4160 3024 4230 ἡνίας
3080 4165 3179 4229 τῆς
3233 4157 3522 4233 βασιλείας
3577 4154 3754 4213 πάντας

2127 4252 2223 4324 μὲν
2253 4251 2379 4314 τοὺς
2414 4249 2649 4326 λογάδας
2681 4258 2782 4320 τῆς
2815 4249 3125 4325 συγκλήτου
3176 4247 3253 4309 εἷς
3319 4245 3559 4323 βαθμοὺς
3610 4243 3749 4313 ἀξιω-

2126 4345 2307 4415 μάτων
2345 4341 2715 4418 ὑψηλοτέρους
2746 4342 3012 4414 ἀνήγαγε,
3042 4338 3134 4392 καὶ
3164 4339 3254 4392 τὸν
3311 4335 3487 4410 δῆμον
3541 4330 3749 4405 ὑποσχέ-

2123 4453 2264 4486 σεσιν
2323 4432 2632 4486 ὑπεποιεῖτο
2692 4428 2919 4485 πολλῶν
2966 4428 3198 4502 ἀγαθῶνο
3233 4427 3306 4489 ὡς
3372 4426 3445 4480 ὣν
3497 4422 3552 4478 δὲ
3603 4421 3749 4495 κάρτα

2119 4521 2288 4597 γέρων
2320 4520 2410 4575 καὶ
2441 4519 2666 4576 πολλῶν
2706 4519 3052 4592 μεμνημένος
3111 4515 3384 4592 ἀρχαίων,
3436 4508 3741 4569 ἐπεϐάλλετο

2117 4611 2205 4664 καὶ
2237 4609 2422 4665 πολλὰ
2450 4615 2555 4665 τῶν
2603 4609 2850 4664 παλαιῶν
2907 4605 3256 4682 σχολάσαντα
3317 4603 3519 4676 ἐθίμων
3576 4600 3744 4654 ἐπανα-

2118 4701 2437 4769 κτήσασθαι,
2478 4697 2646 4772 μηδὲν
2672 4699 2807 4774 πρὸς
2862 4695 3202 4751 λυσιτέλειαν
3265 4691 3620 4748 συντελοῦντα
3664 4692 3747 4752 τῆς

2124 4787 2398 4864 βασιλείας
2428 4789 2462 4858 ἢ
2495 4792 2594 4842 τοῦ
2627 4792 2833 4841 κοινοῦ.
2865 4786 2936 4839 Τό
2985 4805 3043 4839 τε
3075 4786 3178 4858 γὰρ
3231 4783 3530 4859 λεγόμενον
3577 4794 3742 4850 στρατ-

2119 4880 2272 4953 ἤγιον
2358 4879 2470 4951 (44)
2553 4877 3004 4951 ἀνακαθαίρεσθαι
3071 4872 3370 4939 ἐκέλευσε,
3423 4870 3552 4946 πρὸς
3628 4866 3741 4936 ὅπερ

2120 4968 2568 5028 ἀποσκώπτοντες
2604 4967 2660 5019 οἱ
2717 4964 2940 5020 πολῖται
3001 4959 3230 5040 ἔφασκον
3291 4962 3366 5022 ὡς
3422 4961 3512 5014 τὸν
3569 4955 3744 5010 οἰκεῖον

2117 5053 2456 5130 ἀστράγαλον
2507 5055 2814 5124 ἀναζητῶν,
2862 5055 2919 5108 ὃν
2977 5052 3149 5107 ἐκεῖσε
3205 5051 3417 5119 παίζων
3466 5044 3742 5130 ἀπώλεσεν.

2117 5143 2422 5220 ἐκκαθαίρει
2480 5145 2571 5198 τὸν
2628 5148 2787 5218 χοῦν·
2817 5142 2907 5197 καὶ
2955 5143 3048 5203 τὰς
3099 5146 3206 5194 τῶν
3260 5139 3504 5195 πολιτῶν
3533 5129 3743 5220 κεφαλὰς

2116 5216 2399 5297 σκέπεσθαι
2463 5235 2538 5305 μὴ
2596 5216 2668 5286 διί
2725 5232 3102 5307 ἀγραμμάτων
3155 5231 3293 5304 (4’),
3327 5228 3402 5289 ὡς
3458 5229 3568 5295 νῦν,
3615 5216 3742 5275 ἀλλᾶ

1537 5367 1916 5424 XYLANDRl
1964 5370 2049 5424 ET
2090 5369 2306 5426 GOARI
2351 5370 2565 5425 NOT/E.

418 5456 751 5538 (~v’14)L_ocns
783 5461 874 5513 est
923 5460 980 5512 in
1013 5461 1224 5538 quinta
1276 5465 1440 5538 urbis
1490 5468 1747 5538 regione.
1797 5466 2008 5521 Censet

346 5526 715 5609 _Pancirnl_lus
745 5526 1099 5609 essecast—ra
1138 5537 1507 5609 prietoriana,
1542 5526 1595 5590 i7)
1629 5539 1842 5608 quibus
1868 5538 2002 5609 quia

342 5598 567 5725 ἕληται
601 5603 791 5657 lorsan
831 5603 1099 5672 Michael,
1138 5598 1222 5659 'ad
1275 5607 1416 5663 illud
1468 5598 1794 5665 alluse'runt
1825 5598 1998 5666 cives.

393 5687 529 5725 οΑιι.

393 5687 529 5729 ΟΑΗ.

2189 5469 2300 5540 (45)
2333 5469 2498 5522 Hunc
2528 5465 2720 5522 locum
2754 5483 2867 5540 non
2902 5466 3167 5540 intelligo
3195 5465 3537 5540 etiamnum,
3566 5461 3733 5540 neque

2117 5530 2654 5610 colintorprefando
2684 5538 2770 5593 vel
2806 5555 2898 5593 me
2929 5530 3128 5610 verum
3158 5537 3421 5610 attigisse
3441 5530 3521 5610 vel
3554 5539 3729 5608 qpem'

2114 5629 2287 5682 quam
2317 5607 2526 5666 falsum
2561 5612 2712 5684 nolo.
2747 5613 2890 5684 XYL.
2918 5642 2983 5651 —
3018 5609 3248 5684 Γράμμα
3277 5607 3728 5684 capitis/agimur.

2107 5673 2349 5755 formam
2373 5685 2519 5755 pilai
2546 5681 2634 5738 vel
2677 5683 2861 5750 galeri
2904 5699 3024 5738 una
3060 5673 3292 5738 ratione
3337 5673 3513 5748 caput
3539 5673 3724 5741 obum-
