3972 6146
269 318 387 380 347

266 454 653 512 Macedonicis
704 453 1037 527 legionibus
1085 457 1460 528 praepositum
1549 459 1606 512 in

266 545 482 601 emisit.
518 545 741 599 Etenim
774 550 996 600 'I‘urcus
1015 547 1280 617 quidam,
1305 547 1639 602 Samucbus
1665 552 1920 614 nomine,

267 633 534 690 obscuris
569 633 1006 696 natalibus,sed
1040 635 1190 690 bello
1223 637 1516 707 egregius,
1552 641 1662 692 sub
1686 639 1923 692 sultano

272 723 533 778 militans
557 722 762 777 cumis
786 723 1067 777 alternam
1086 724 1141 778 in
1164 725 1456 780 Romanos
1476 726 1922 795 impressionem

269 813 425 878 fecit,
443 829 510 867 eo
556 830 612 866 in
661 813 951 866 Persidem
1007 829 1236 868 reverso
1268 831 1400 870 cum
1436 817 1625 870 tribus
1662 815 1924 870 millibus

267 899 460 955 locum
495 901 702 966 tenuit,
758 909 933 971 atque
985 900 1123 956 hinc
1174 903 1308 958 inde
1357 921 1574 976 vagans
1624 907 1682 958 in
1738 904 1925 975 planis

270 994 445 1061 atque
477 989 800 1044 humilibus
833 992 1072 1060 majoris
1101 992 1384 1046 Armeniae
1427 992 1567 1048 locis
1599 993 1809 1049 subitis
1843 993 1928 1048 in-

269 1079 648 1134 cursionibus
679 1079 960 1133 ditionem
997 1083 1318 1134 Romanam
1363 1083 1626 1137 vexabat.
1660 1084 1773 1137 Sed
1814 1082 1923 1136 hu-

261 1169 362 1238 jus
391 1168 629 1238 quizlem
660 1168 925 1222 animum
949 1185 1060 1223 non
1097 1170 1346 1239 placavit
1369 1171 1542 1226 homo
1579 1171 1920 1228 blandiendi

275 1274 338 1312 ac
369 1257 644 1312 comitate
676 1257 1047 1312 demulcendi
1079 1274 1177 1313 eos
1235 1260 1330 1329 qui
1391 1261 1687 1316 atrocibus
1737 1262 1926 1316 affecti

276 1346 514 1415 injuriis
543 1345 828 1400 occultam
863 1346 920 1400 in
945 1347 1142 1402 animo
1176 1347 1320 1402 iram
1371 1355 1582 1420 gerunt
1629 1351 1929 1421 ignarissi-

275 1451 428 1489 mus.
491 1435 840 1506 Magnopere
887 1437 1042 1490 enim
1091 1437 1432 1493 obsecrante
1499 1440 1785 1512 Byrennio
1866 1446 1930 1496 ut

274 1524 426 1578 bona
458 1522 631 1577 etiam
666 1522 778 1578 sibi
819 1540 946 1590 sua;
974 1541 1099 1596 quae
1131 1525 1243 1597 ipsi
1276 1526 1582 1583 Theodore
1613 1529 1926 1599 eripuerat,

275 1613 682 1679 redderentur,
717 1629 828 1666 non
863 1613 1244 1681 assensit;ac
1279 1623 1582 1688 urgentem
1620 1617 1929 1673 vehemen-

281 1704 422 1768 tius,
445 1700 682 1774 vulgare
737 1701 878 1756 illud
929 1708 984 1757 et
1045 1705 1357 1774 protritum
1422 1707 1597 1777 fatus,
1667 1711 1928 1762 confecto

1625 323 1946 384 GEORGII
1991 321 2331 382 CEDRENI

1696 457 1918 512 Turcos
1948 460 2000 524 Α
2031 475 2170 528 τορα
2198 451 2606 527 προχειρίζεται
2651 455 2758 505 τῶν
2812 451 3192 509 Μακεδονικῶν
3250 459 3537 529 ταγμάτῳν
3587 462 3669 513 καὶ

3567 330 3676 390 348

2032 545 2164 597 κατὰ
2193 543 2447 616 Τουρκων
2479 541 2742 613 ἐκπέμπει
2780 561 2791 573 ⁶
2842 547 3080 615 Τοῦρκος
3123 545 3221 619 γάρ
3272 565 3354 607 τις
3398 548 3488 613 τὴν
3534 545 3660 615 κλῆ-

2035 655 2114 686 σιν
2152 632 2405 708 Σαμοὺχ,
2439 633 2500 686 τὸ
2530 631 2684 707 γένος
2717 631 2813 686 οὐκ
2844 630 3132 704 ἐπίσημος,
3171 634 3300 705 πρὸς
3333 630 3388 687 δὲ
3425 636 3484 688 τὰ
3509 632 3666 688 πολε-

2039 723 2171 795 μικὰ
2228 727 2471 796 γενναῖος
2529 722 2618 776 καὶ
2693 719 2932 796 ἐνεργὸς,
2985 727 3064 793 τῷ
3121 722 3402 793 σουλτάνῳ
3451 743 3664 798 συστρα·

2033 812 2356 883 τευσάμενος
2411 810 2646 880 ὁπηνίκα
2718 812 2820 879 τήν
2897 808 3146 884 δευτέραν
3222 805 3473 878 εἰσϐολὴν
3545 813 3672 865 κατά

2035 902 2323 973 Ῥωμαίων
2406 900 2738 970 ἐποιήσατο,
2824 898 3029 954 ἐκείνου
3109 898 3538 973 ὑποστρέψαντος
3623 900 3669 954 ἐν

2039 990 2222 1064 Περσίι
2295 988 2456 1052 αὐτὸς
2503 994 2582 1061 τῷ
2628 1011 2781 1062 τοπῳ
2830 989 3121 1063 παρέμεινε
3169 989 3302 1062 μετὰ
3357 988 3674 1064 τρισχιλίων

2037 1078 2267 1153 ἀνδρῶν,
2330 1079 2419 1134 καὶ
2478 1077 2962 1153 περιπλανώμενος
3031 1077 3082 1132 ἐν
3149 1083 3267 1139 ταῖς
3326 1075 3537 1132 πεδιάσι
3592 1079 3676 1132 καὶ

2035 1176 2150 1231 τοῖς
2189 1170 2403 1232 ὑπτίοις
2447 1170 2638 1230 τόποις
2687 1175 2785 1230 τ’ῗς
2847 1167 3088 1243 μεγάλης
3137 1166 3442 1242 Ἀρμενίας,
3480 1167 3570 1221 καί
3599 1166 3680 1220 αἲ-

2038 1256 2288 1331 φνιδίους
2346 1257 2676 1330 ποιούμενος
2742 1255 3029 1331 ἐκδρομὰς,
3103 1261 3283 1317 κακῶς
3351 1253 3565 1310 διετίθει
3619 1257 3681 1309 τά

2037 1319 2326 1420 ’.Ρωμαίων
2367 1347 2457 1402 καὶ
2510 1345 2779 1417 ἐληίζετο.
2829 1345 2987 1402 Ἀλλ’
3037 1343 3161 1401 οὑδὲ
3208 1349 3396 1399 τοῦτον
3431 1348 3679 1420 θεραπεῦ-

2041 1459 2123 1492 σαι
2160 1435 2378 1511 Υσχυσεν
2409 1439 2435 1490 ὁ
2495 1436 2743 1512 βασιλεύς
2775 1455 2786 1466 ·
2847 1437 2913 1504 ἦν
2971 1435 3075 1510 γὰρ
3132 1435 3460 1512 ἀφυέστατος
3508 1433 3582 1496 εἷς
3626 1434 3683 1487 τὸ

2041 1529 2314 1580 θωπεῦσαι
2390 1527 2476 1580 καὶ
2555 1523 3099 1600 καταδημαγωγῆσαι
3160 1524 3481 1598 ἀνθρώπους
3537 1543 3684 1596 περι-

2040 1612 2384 1689 υϐρισθέντας
2429 1614 2519 1668 καὶ
2580 1612 2917 1677 λανθάνοντα
2965 1612 3121 1668 κότον
3174 1611 3224 1667 ἐν
3254 1616 3323 1686 τῇ
3356 1615 3513 1686 ψυχῇ
3545 1631 3686 1684 περι⁸

2041 1703 2298 1780 φέροντας
2371 1707 2474 1756 Τοῦ
2531 1703 2633 1778 γάρ
2690 1703 2978 1774 Βρυεννίου
3048 1701 3294 1775 λιπαρῶς
3355 1699 3684 1754 ῗ¹κετε·5οντος

283 1806 456 1862 opere
489 1792 722 1846 domum
757 1807 886 1846 esse
915 1793 1258 1864 exigendam
1297 1797 1644 1860 mercedem,
1681 1797 1928 1853 dimisit.

2043 1789 2372 1848 ἀποδοθ·ῖναί
2407 1793 2457 1844 οἱ
2507 1793 2595 1846 καί
2653 1791 2718 1846 τὰ
2775 1793 3040 1866 χρήματα
3099 1790 3271 1845 ὁπὸσα
3317 1787 3574 1867 ἀφείλετο
3603 1788 3685 1842 ἀπ’

2089 1881 2101 1898 9
2181 1885 2205 1896 υ
2245 1888 2274 1898 Α
2350 1878 2374 1898 δ
2402 1884 2412 1898 1
2529 1883 2542 1898 ο
2611 1881 2638 1898 Α
2738 1880 2757 1898 \
2777 1880 2790 1897 \
2939 1880 2951 1898 9
3045 1879 3059 1898 τ
3130 1882 3142 1898 Ι
3410 1875 3457 1898 3‘
3476 1877 3497 1898 Ἰ
3514 1879 3527 1898 ι
3559 1875 3574 1898 ἳ
3622 1897 3634 1898 κ
3655 1897 3661 1898 ,

280 1879 605 1952 Bryennius
637 1880 745 1934 hoc
796 1881 966 1935 modo
1019 1887 1252 1952 spretus
1291 1884 1563 1940 discessit
1593 1886 1790 1942 animo
1831 1904 1930 1940 ex-

279 1974 570 2041 asperato,
601 1969 868 2024 vindictae
891 1971 1258 2027 occasionem
1291 1979 1751 2044 exspectaturus.

2043 1881 2208 1936 αὐτοῦ
2239 1878 2494 1956 Θεοδώρα
2520 1883 2553 1950 ἠ
2610 1880 2847 1956 βασιλὶς,
2898 1880 2996 1934 οὐκ
3041 1879 3365 1950 ἐπήκουσεν,
3401 1875 3527 1933 ἀλλ’
3555 1875 3692 1932 ἐκτε-

2041 1974 2150 2032 νῶς
2182 1968 2534 2025 δυσωποῦντα
2581 1971 2701 2042 περὶ
2761 1971 2957 2024 τούτου
3006 1971 3096 2024 καὶ
3143 1968 3476 2035 ἱκετεύοντα,
3510 1967 3571 2021 τὸ
3597 1963 3688 2035 δηο

283 2054 459 2130 μῶδες
513 2061 674 2110 τοῦτο
727 2057 817 2111 καὶ
864 2060 1342 2132 κατημαξευμένον
1391 2060 1557 2116 εῗπὼν
1620 2061 1806 2134 μόνον,
1880 2085 1904 2115 α
1955 2059 2218 2116 Δεικνΰων
2279 2057 2406 2134 ἔργα
2454 2059 2665 2114 ἀπαίτει
2729 2057 2976 2130 μισθοὺς,
3013 2083 3038 2109 ››
3097 2056 3482 2130 ἀπεπέμψατο.
3529 2054 3684 2113 Οὕτω

279 2144 339 2201 δὲ
367 2144 694 2222 παροραθεῖς
727 2146 817 2200 καὶ
850 2147 878 2201 ὁ
912 2148 1197 2223 Βρυίννιος
1225 2149 1388 2222 ἀπῄει
1422 2147 1566 2206 δεινὰ
1595 2151 1834 2230 στρέφων
1870 2151 1923 2206 ἐν
1955 2151 2130 2222 ἑαυτῷ
2153 2150 2241 2204 καὶ
2267 2149 2452 2223 καιρὸν
2488 2153 2662 2218 ζητῶν
2697 2146 3047 2218 ἐκδικήσεως.

357 2270 639 2325 Eumdem
670 2287 733 2326 se
794 2271 1114 2342 imperator
1156 2275 1339 2346 gessit
1408 2293 1547 2348 erga
1620 2277 1930 2333 Erbebium

287 2359 762 2431 Francopullum,
796 2361 896 2432 qui
930 2362 1016 2416 vir
1043 2362 1101 2416 in
1126 2363 1326 2419 Sicilia
1359 2365 1631 2420 Maniaca
1665 2367 1719 2421 in
1780 2367 1932 2422 bello

281 2449 477 2504 socius
510 2449 718 2515 luerat,
754 2465 818 2504 ac
860 2450 1139 2522 praeclara
1181 2459 1467 2509 statuerat
1513 2461 1749 2527 tropaea,
1781 2458 1928 2512 817

280 2545 338 2591 et
365 2536 572 2592 exinde
625 2539 682 2592 in
735 2555 870 2593 eum
927 2557 1112 2611 usque
1163 2543 1318 2597 diem
1368 2544 1448 2599 rei
1495 2545 1764 2600 Romanis
1806 2553 1935 2601 stu-

286 2628 515 2681 duerat.
554 2629 714 2682 Hunc
747 2627 902 2682 enim
940 2630 1208 2700 precibus
1241 2650 1272 2686 a
1297 2649 1360 2688 se
1392 2635 1841 2690 contendentem
1878 2639 1940 2690 ut

294 2715 618 2786 magisterii
659 2715 881 2771 honore
939 2725 1268 2789 ornaretur,
1332 2739 1447 2777 non
1504 2725 1675 2778 modo
1705 2742 1818 2779 non
1851 2731 1940 2780 est

294 2805 572 2875 dignatus
622 2821 892 2874 assensu,
939 2807 1038 2861 sed
1097 2809 1270 2864 etiam
1323 2811 1751 2868 subsannatum
1785 2814 1940 2869 varie

298 2908 555 2962 nasoque
586 2909 940 2964 suspensum
976 2895 1374 2954 dimisit:adeo
1407 2900 1770 2957 inhumanus
1817 2908 1941 2958 erat

291 2986 347 3034 et
375 2981 432 3035 in
468 2983 885 3052 congressibus
920 2983 1195 3043 difficilis.
1235 2987 1536 3057 Erbebius,
1571 2992 1786 3063 quippe
1810 2993 1938 3046 bar-

296 3068 474 3123 barus
507 3073 562 3123 et
595 3069 689 3124 iraa
749 3069 1061 3142 impotens,
1123 3091 1234 3130 non
1299 3079 1592 3134 moderate
1625 3079 1758 3134 tulit
1812 3098 1936 3136 eam

292 3157 748 3226 contumeliam;
783 3159 1142 3234 ignarusque
1172 3181 1374 3221 eorum
1398 3184 1528 3238 quae
1552 3168 1794 3224 Romani
1822 3188 1938 3225 ma-

294 3245 704 3316 chinabantur,
737 3248 808 3303 de
844 3245 1098 3306 vindicta
1130 3255 1436 3326 cogitavit;
1490 3265 1940 3331 commeatuque

293 3336 536 3391 domum
567 3337 818 3392 abeundi
843 3341 915 3395 ab
939 3341 1289 3413 imperatore
1310 3345 1618 3418 impetrato
1641 3349 1698 3402 in
1732 3350 1937 3404 Orien-

294 3429 410 3479 tem
445 3426 702 3490 transiit,
741 3443 806 3480 ac
837 3429 1074 3484 domum
1111 3449 1277 3488 suam
1331 3435 1713 3492 Dabaramam
1747 3439 1803 3493 in
1834 3441 1939 3493 Ar-

297 3513 563 3568 meniaca
585 3515 761 3568 sitam
826 3518 1120 3586 provincia
1171 3538 1232 3576 se
1263 3524 1550 3593 contulit;
1586 3530 1642 3580 et
1699 3544 1756 3581 re
1805 3544 1940 3583 cum

297 3601 658 3672 quibusdam
695 3603 933 3661 Francis
963 3611 1418 3677 communicata,
1464 3614 1543 3667 ibi
1595 3614 1653 3670 in
1698 3615 1944 3671 hiberna

298 3687 524 3755 divisis,
552 3689 657 3743 300
687 3707 890 3748 eorum
950 3697 1242 3768 corruptis
1286 3699 1342 3754 in
1395 3700 1641 3758 Mediam
1695 3706 1840 3760 abiit
1872 3706 1942 3761 iis

297 3775 637 3843 comitatus,
670 3784 724 3833 et
757 3795 886 3834 cum
922 3782 1216 3840 Samucho
1249 3793 1388 3844 tunc
1420 3791 1636 3847 ibidem
1697 3794 1944 3865 degente

301 3864 437 3920 belli
462 3866 517 3920 in
551 3870 844 3924 Romanos
876 3873 1115 3942 gerendi
1146 3877 1480 3934 societatem
1520 3882 1674 3936 coiit.
1710 3864 1796 3938 Ea
1845 3902 1944 3939 so-

301 3953 480 4011 cietas
509 3971 643 4012 cum
665 3957 1006 4029 aliquandiu
1033 3962 1562 4033 durasset,otfenazn
1594 3971 1745 4028 inter
1766 3973 1944 4028 Fran-

303 4059 401 4098 cos
433 4047 491 4098 et
521 4045 742 4102 Turcos
777 4048 1130 4123 inciderunt,
1167 4071 1230 4109 ac
1263 4057 1529 4114 nationes
1552 4061 1796 4117 invicem
1832 4064 1945 4119 sibi

299 4131 564 4188 insidiari
598 4143 921 4207 cmperunt.
973 4142 1051 4196 Ac
1111 4142 1441 4202 Samuchus
1492 4150 1726 4220 quidem
1762 4154 1947 4222 pactis

302 4238 364 4276 se
396 4226 550 4277 stare
581 4223 918 4296 simulabat,
945 4231 1227 4288 Erbebius
1258 4251 1389 4290 vero
1440 4254 1672 4310 semper
1708 4239 1768 4294 in
1811 4258 1947 4297 sus-

304 4310 630 4381 picionibus
679 4321 822 4381 erat,
875 4318 1255 4391 subitumque
1304 4325 1627 4383 Turcorum
1689 4329 1943 4400 aliquem

303 4399 361 4453 in
387 4416 448 4454 se
480 4400 762 4472 impetum
789 4411 1198 4478 exspectabat;
1266 4412 1510 4483 ideoque
1559 4434 1699 4474 suos
1751 4399 1943 4475 horta-

2117 2271 2521 2347 Παραπλησίως
2578 2270 2634 2327 δὲ
2685 2270 2892 2341 διετέθη
2943 2272 3032 2326 καὶ
3077 2272 3212 2344 πρὸς
3261 2264 3548 2346 Ἐρϐέὸιον
3607 2267 3694 2322 τὸν

2045 2361 2484 2437 Φραγγὸπωλον,
2539 2361 2704 2436 ἄνδρα
2772 2360 3291 2436 συστρατευσάμενὸν
3351 2380 3410 2413 τε
3463 2362 3540 2428 τῷ
3590 2363 3691 2410 Mat-

2043 2454 2200 2527 νιάκῃ
2235 2451 2285 2506 ἐν
2345 2450 2568 2522 Σικελίᾳ
2616 2452 2702 2506 καὶ
2760 2451 2970 2525 μεγάλα
3024 2449 3256 2525 τρόπαια
3305 2450 3578 2517 στήσαντα
3615 2444 3698 2499 καὶ

2045 2543 2134 2597 ἀπ’
2169 2541 2372 2596 ἐκείτου
2427 2541 2516 2595 καὶ
2565 2538 2669 2602 ἕως
2708 2540 2904 2594 τούτου
2953 2539 3247 2612 Ῥωμαίοις
3301 2532 3491 2591 εῧνουν
3526 2534 3699 2606 φαινί-

2053 2653 2228 2706 μενον,
2263 2629 2683 2706 ΙΙαρακαλοῦντα
2727 2630 2827 2706 γὰρ
2889 2629 2976 2684 καὶ
3036 2628 3192 2682 αὐτὸν
3243 2626 3340 2681 καὶ
3405 2625 3702 2680 ἱκετεύοντα

2047 2727 2144 2789 τῆς
2177 2725 2281 2774 τῶν
2320 2720 2624 2795 μαγίστρων
2656 2721 2820 2793 τιμῆς
2851 2723 3036 2794 τυχεῖν
3071 2718 3131 2772 οὐ
3167 2717 3343 2790 μόνον
3382 2716 3486 2770 οὐκ
3513 2713 3707 2787 ἠξίωσε

2051 2807 2244 2882 λόγου,
2306 2806 2451 2864 ἀλλὰ
2494 2808 2583 2862 καὶ
2659 2807 2850 2863 πολλὰ
2897 2807 3169 2882 χλευάσας
3229 2806 3318 2860 καὶ
3382 2801 3706 2878 μυκτηρίσας

2052 2899 2430 2971 ἀπεπέμψατο.
2469 2899 2578 2954 Καὶ
2621 2897 2793 2959 οὕτως
2841 2898 2907 2966 ἦν
2962 2897 3134 2971 ἀφυὴς
3191 2895 3278 2949 καὶ
3342 2889 3707 2969 δυσπρύσοδπ

2052 2988 2176 3063 περὶ
2207 2987 2302 3050 τὰς
2334 2986 2609 3058 ἐντεύξεις.
2643 2988 2704 3043 Ὁ
2752 2983 2808 3040 δὶ
2848 2980 3148 3060 Ἐρϐέϐιος,
3182 2983 3270 3038 οἶα
3302 2977 3599 3059 Βάρϐαρος
3625 2981 3708 3034 καὶ

2051 3078 2149 3144 τήν
2208 3076 2375 3152 ὀργὴν
2451 3077 2840 3150 ἀκατάσχετος,
2893 3074 2954 3129 οὐ
3021 3074 3256 3149 μετρίως
3313 3073 3558 3148 ἐνεγκὼν
3615 3071 3708 3138 τήν

2051 3161 2228 3241 ὕϐριν,
2280 3166 2484 3240 ἀγνοῶν
2543 3162 2600 3220 δε
2656 3165 2743 3220 καὶ
2798 3166 2899 3234 τήν
2962 3163 3362 3236 μελετωμένην
3415 3162 3560 3231 παρά
3604 3164 3706 3214 τῶν

2054 3259 2133 3329 [Ρ.
2191 3257 2316 3327 795]
2399 3254 2686 3326 Ῥωμαίων
2773 3255 3058 3322 συσκευῆν,
3147 3251 3245 3305 οὐκ
3329 3248 3700 3324 ἐκαρτέρησεν,

2051 3343 2195 3399 ἀλλά
2243 3341 2558 3412 σπουδάζων
2606 3341 2907 3416 ἀμύνασθαι
2956 3341 3046 3395 τὸν
3098 3335 3382 3415 ὑϐριστὴν,
3430 3337 3701 3410 ἐξαιτησά-

2055 3453 2215 3507 μενος
2246 3431 2326 3487 ἐπ’
2376 3433 2528 3487 οἷ’κου
2572 3439 2903 3508 πορευθῆναι
2953 3430 3039 3485 καὶ
3097 3430 3332 3508 ἀφεθεὶς,
3365 3433 3445 3498 τῷ
3495 3423 3705 3501 βασιλεῖ

2051 3523 2360 3599 προσειπὼν
2391 3523 2458 3578 τὰ
2507 3521 2767 3598 ἐξιτήρια,
2815 3519 3036 3592 ἐξῆλθεν
3088 3519 3266 3589 εὐθὺς,
3297 3517 3390 3573 καὶ
3439 3513 3576 3592 πρὸς
3611 3514 3705 3580 τὴν

2051 3613 2221 3685 Ἑῲαν
2278 3612 2598 3687 περαιωθεὶς
2649 3610 2882 3681 ἀνῆλθεν
2937 3610 2987 3664 ὲν
3040 3612 3109 3682 τῇ
3167 3608 3306 3662 κατὰ
3359 3607 3452 3660 τὸν
3513 3607 3702 3678 Ἀρμε-

2051 3702 2232 3756 νιακὸν
2295 3701 2440 3772 οἷκίᾳ
2483 3700 2666 3772 αὐτοῦ,
2724 3705 2792 3774 τῇ
2853 3694 3175 3773 Δαϐαράμῃ.
3225 3697 3332 3752 Καὶ
3383 3692 3703 3766 κοινολογη-

2055 3789 2282 3863 σάμενός
2339 3811 2449 3845 τισι
2501 3794 2606 3844 τῶν
2670 3791 2941 3864 Φράγγων
2987 3786 3158 3841 ἐκεῖσε
3204 3785 3332 3840 τότε
3376 3779 3702 3853 διεσπαρμέο

2053 3902 2166 3942 νοις
2197 3880 2345 3934 οὖσιν
2377 3878 2450 3941 εἷς
2493 3878 2952 3954 παραχειμασίαν,
3001 3875 3088 3930 καὶ
3130 3875 3486 3948 τριακοσίους
3519 3867 3706 3945 ἄνδρας

2055 3968 2112 4022 ἐκ
2141 3968 2347 4023 τούτων
2405 3967 2751 4046 ὑποφθείρας,
2809 3965 3012 4039 ἀπῆρεν
3073 3964 3298 4029 ἐκεῖθεν,
3350 3962 3443 4017 καὶ
3477 3959 3710 4046 ἀνελθῲν

2055 4056 2104 4111 ἐν
2141 4053 2326 4127 Μηδίᾳ
2370 4044 2722 4132 κοινοπραγεῖ
2761 4059 2840 4125 τῷ
2891 4051 3145 4128 Σαμοὺχ,
3206 4049 3386 4106 ἐκεῖσε
3444 4044 3706 4122 ἐνδιατρί-

2055 4141 2228 4215 ϐοντι,
2289 4143 2428 4199 ὥστε
2483 4143 2744 4217 πολεμεῖν
2800 4143 3116 4216 Ῥωμαίοις.
3180 4141 3282 4196 Καὶ
3349 4139 3555 4214 χρόνον
3618 4135 3710 4208 μέν

2054 4255 2176 4289 τινα
2203 4232 2498 4296 ἀσάλευτος
2531 4231 2738 4306 ἔμεινεν
2787 4233 2821 4302 ἠ
2864 4229 3139 4304 ὁμολογία
3171 4249 3184 4262 ’
3218 4225 3710 4303 προσκρούσματος

2057 4322 2114 4379 δὶ
2143 4344 2288 4385 τινος
2337 4322 2529 4396 μεταξὺ
2571 4326 2680 4376 τῶν
2738 4319 3002 4395 Φράγγων
3052 4315 3351 4392 γενομένου
3402 4317 3495 4370 καὶ
3542 4311 3714 4383 Τούρ-

2056 4434 2188 4481 κων,
2247 4413 2334 4466 καὶ
2384 4411 2442 4466 ἐκ
2496 4410 2692 4466 τούτου
2750 4406 3210 4465 ἐπιϐουλευόντων
3277 4403 3561 4476 ἀλλήλοις
3609 4403 3712 4454 τῶν

305 4487 481 4542 batur
511 4504 581 4543 ne
613 4507 836 4557 secure,
891 4495 992 4550 sed
1048 4505 1259 4555 armati
1319 4519 1550 4575 semper
1591 4508 1940 4564 dormirent.

2053 4506 2242 4576 γενῶν.
2287 4502 2314 4555 ὁ
2371 4502 2465 4574 μὲν
2517 4499 2752 4574 Σαμοὺχ
2793 4503 3174 4572 προσεποιεῖτο
3221 4500 3418 4563 τηρεῖν
3477 4492 3546 4547 τὰ
3591 4511 3715 4545 συν-

305 4576 543 4634 Interim
602 4583 799 4636 tamen
851 4584 1142 4642 Samucho
1192 4589 1418 4646 nullum
1472 4596 1764 4666 praebebat
1815 4615 1949 4654 sua-

306 4683 433 4722 rum
467 4669 889 4741 cogitationum
926 4674 1230 4733 indicium.
1267 4681 1418 4737 618
1447 4684 1707 4742 Tandem
1742 4687 1950 4744 Samu-

305 4754 396 4810 chi
427 4756 650 4812 insidias
681 4766 1092 4831 eruperunt,Et
1123 4767 1374 4836 quadam
1409 4770 1501 4826 die
1527 4773 1804 4828 omnibus
1827 4773 1950 4830 suis

305 4845 510 4900 Turcis
537 4849 778 4904 armatis
813 4853 1168 4920 prandentes
1193 4855 1448 4914 Francos
1479 4861 1744 4917 adoritur
1769 4882 1782 4930 ;
1806 4880 1950 4934 quo-

306 4949 435 4987 rum
469 4934 527 4988 hi
562 4937 873 4993 adventum
909 4942 1453 5008 sentientes,statim
1485 4948 1542 5003 in
1569 4966 1774 5022 equos,
1805 4969 1952 5022 quos

303 5024 658 5095 ducisjussu
695 5046 928 5101 semper
963 5039 1194 5102 paratos
1227 5036 1544 5104 habebant,
1579 5041 1872 5112 insiliunt,
1898 5048 1954 5097 et

306 5114 512 5170 Turcis
537 5125 884 5187 occurrunt;
918 5121 1228 5196 praelioque
1260 5128 1376 5182 aeri
1414 5129 1582 5196 facto,
1615 5131 1785 5186 Turci
1820 5149 1952 5188 cum

307 5202 648 5273 aliquandiu
757 5209 1134 5282 restitissent,
1236 5216 1552 5286 pelluntur,
1653 5221 1955 5293 majorque

306 5308 508 5349 eorum
545 5312 678 5366 pars
697 5298 912 5364 occisa,
947 5301 1154 5373 reliqui
1188 5306 1412 5375 pedites
1444 5309 1704 5380 nudique
1751 5310 1809 5364 in
1857 5327 1956 5365 ur-

305 5382 439 5438 bem
474 5382 675 5439 Chleat
736 5385 870 5457 fuga
927 5390 1199 5446 evadunt.
1263 5393 1544 5452 Erbebius
1593 5415 1626 5453 a
1683 5415 1955 5470 persecu-

303 5472 461 5528 tione
494 5472 765 5529 hostium
799 5482 1092 5534 revertens
1123 5498 1253 5538 cum
1286 5484 1409 5540 suis
1441 5488 1726 5542 suadebat
1777 5494 1839 5542 ut
1895 5488 1955 5543 in

305 5567 498 5619 castra
532 5581 591 5617 se
626 5564 1189 5636 reciperentVerum
1217 5571 1253 5625 ii
1291 5575 1575 5646 urgebant
1611 5581 1674 5630 ut
1704 5576 1761 5631 in
1791 5594 1958 5632 eam-

307 5653 442 5708 dem
478 5652 682 5710 urbem
717 5656 876 5728 (uam
908 5675 1042 5714 cum
1068 5660 1196 5731 ejus
1227 5678 1423 5720 amara
1452 5663 1700 5724 societas
1731 5682 1797 5724 ac
1852 5682 1954 5738 pa-

2058 4591 2360 4664 τεθειμένα,
2394 4591 2422 4644 ὁ
2455 4587 2510 4644 δὲ
2539 4584 2818 4666 Ἐρϐἑὸιος
2869 4584 2959 4641 διὰ
3004 4585 3201 4646 παντὸς
3249 4584 3318 4653 ἦν
3355 4582 3409 4638 ἐν
3437 4577 3720 4637 ὖπονοίαις

2047 4679 2148 4734 ’καὶ
2207 4677 2473 4757 αἰφνίδιον
2519 4675 2817 4755 πρεσεδόκα
2883 4675 3133 4741 ἐπίθεσιν,
3191 4674 3280 4728 καὶ
3348 4671 3484 4732 τοὺς
3546 4667 3721 4744 Φράγ-

2059 4789 2188 4844 γους
2207 4767 2500 4842 παρεκάλει
2557 4775 2631 4840 μῆ
2685 4766 2909 4835 ἀνέτως,
2943 4763 3070 4820 ἀλλ’
3102 4763 3186 4818 ἰπὶ
3219 4767 3327 4817 τῶν
3365 4759 3559 4815 ὅπλων
3591 4757 3720 4810 καθ-

2063 4855 2252 4912 εύδειν.
2281 4861 2453 4912 Τοῦτο
2513 4855 2570 4911 δὲ
2597 4855 2767 4911 ἐποίει
2821 4853 3082 4932 κρυφίως,
3120 4848 3399 4926 μηδεμίαν
3433 4845 3717 4932 συναίσθη-

2061 4968 2142 5001 σιν
2173 4944 2358 5008 διδοὺς
2386 4950 2465 5018 τῷ
2497 4944 2754 5021 Σαμοὺχ,
2783 4941 2886 5005 ἕως
2933 4942 3137 5003 ἐκεῖνος
3189 4939 3479 5003 λανθάνειν
3515 4931 3720 5005 οἰηθεὶς

2065 5034 2428 5091 ἀνακαλύπτει
2487 5035 2550 5090 τὸ
2626 5033 2926 5110 βούλευμα,
2986 5033 3075 5086 καὶ
3141 5030 3263 5104 περῖ
3322 5027 3452 5101 μίαν
3515 5023 3724 5098 ἡμέραν

2066 5125 2351 5197 ἑξενιτλίσας
2425 5125 2627 5187 πάντας
2705 5122 2796 5186 οὓς
2875 5122 2993 5197 εἶχε
3066 5120 3342 5195 Τούρκους
3427 5114 3723 5171 ἆπιτίθεται

2063 5215 2606 5290 ἀριστοποιουμένοις
2662 5219 2781 5276 τοῖς
2853 5212 3146 5287 Φράγγοις.
3208 5207 3272 5265 Ol
3364 5203 3424 5260 δε
3481 5200 3620 5258 κατᾶ
3665 5197 3726 5251 τὸ

2063 5304 2430 5382 παράγγελμα
2475 5308 2572 5360 τοῦ
2617 5305 2926 5378 στρατηγοῦ
2953 5299 3082 5362 τοὺς
3134 5296 3342 5357 ’ίππους
3381 5293 3436 5350 ἐν
3478 5297 3600 5382 τοῖς
3627 5309 3728 5382 χα-

2065 5377 2242 5459 λινοῖς
2264 5377 2509 5470 ἔχοντες,
2538 5393 2612 5455 ὡς
2652 5377 2886 5467 ᾔσθοντο
2915 5391 3016 5459 τὴν
3064 5385 3343 5484 ὲπελερσιν
3393 5387 3508 5484 τῶν
3557 5377 3727 5484 Τοῦρο

2064 5505 2193 5555 κων,
2223 5489 2412 5560 ταχεῖς
2439 5503 2497 5539 τε
2540 5480 2740 5558 ἔποχοι
2789 5480 3029 5557 γίνονται
3078 5478 3168 5533 καὶ
3199 5471 3576 5572 ἐρχομένοις.
3604 5471 3726 5569 τοῦῑ

2064 5594 2181 5636 τοις
2233 5577 2675 5648 προσυπαντῶσι.
2729 5571 2832 5628 Καὶ
2883 5570 3081 5647 γίνεται
3139 5566 3293 5640 μάχη
3347 5576 3728 5664 καρτερα,-και

2069 5663 2208 5738 πρὸς
2253 5663 2448 5739 μικρὸν
2495 5660 2844 5738 ἀντισχόντες
2893 5661 2945 5716 οἳ
2991 5661 3231 5734 Τοῦρκοι
3271 5653 3594 5730 τρέπονται.
3627 5651 3726 5701 Καὶ
