3968 6140
237 317 342 374 349

1377 316 1921 379 HISTORIARUM
1965 317 2121 377 COM
2138 317 2510 377 PENDIUM.

3516 307 3638 370 350

245 446 488 502 πίπτουσι
550 447 643 519 μὲν
693 447 744 500 οἱ
800 445 1048 520 πλείους,
1109 448 1160 501 οἱ
1219 445 1278 502 δὲ
1317 446 1504 503 λοιποὶ
1537 445 1870 518 διεσώθησαν

1990 456 2150 504 ctum
2189 449 2332 522 ipsis
2363 449 2780 518 intercedebat)
2823 444 3196 515 intrarent,in
3225 461 3342 516 qua
3374 459 3637 500 recreare

242 537 365 612 πρὸς
412 537 476 590 τὸ
535 533 710 591 Χλέατ
790 535 944 604 πεζοὶ
1023 536 1112 590 καὶ
1183 537 1402 612 γυμνοί.
1453 538 1513 594 Ὀ
1586 535 1642 592 δὲ
1697 533 1880 611 Ἐρϐέ-

238 622 347 686 ϐιος
376 625 712 699 ὑποστρέψας
743 625 847 679 ἀπὸ
877 629 974 678 τοῦ
1006 622 1256 699 διωγμοῦ
1307 626 1440 698 μετα
1467 631 1573 680 τῶν
1609 626 1878 702 Φράγγων

237 718 642 783 κατασκηνὼσαι
694 712 744 767 ἐν
805 717 872 787 τῇ
934 711 1263 790 παρεμϐολῇ
1323 711 1728 770 συνεϐούλευεν.
1763 717 1879 768 Ἐν-

245 803 438 856 έκειντο
472 800 528 856 δὲ
573 803 626 855 οἱ
674 804 917 878 Φράγγοι
965 802 1348 878 ἀνάγκάζοντες
1402 801 1662 867 εἰσελθεῖν
1709 802 1760 857 ἐν
1811 806 1877 877 τῇ

244 891 398 948 πόλει
437 895 530 946 τοῦ
589 890 790 958 Χλέατ,
824 892 1208 966 κοινοπραγίαν
1262 891 1479 968 ἔχοντες
1537 894 1626 947 καὶ
1684 892 1877 967 ὅρκους

252 982 379 1054 μετᾶ
404 985 494 1035 τοῦ
540 979 908 1056 ἆμτ,ρεῦοντος
967 979 1017 1035 ἐν
1087 983 1249 1056 αὐτῇ,
1307 981 1586 1046 εὐπαθείας
1627 983 1685 1036 τέ
1730 1003 1878 1044 τινος

252 1071 335 1124 καὶ
366 1069 586 1136 λουτροῦ
620 1076 910 1145 μετασχεῖν
946 1070 1034 1124 καὶ
1065 1071 1155 1124 τὸν
1196 1069 1254 1124 ἐκ
1300 1075 1395 1124 τοῦ
1438 1068 1689 1143 πολέμου
1739 1070 1879 1124 ἁπο-

249 1158 531 1222 πλῦνασθαι
593 1157 813 1234 λύθρον.
848 1161 909 1215 Ὁ
970 1157 1025 1213 δὲ
1081 1156 1257 1220 πολὺς
1316 1160 1382 1228 ἦν
1436 1159 1742 1234 ἐγκείμενος
1792 1159 1879 1212 καὶ

243 1246 582 1301 καθικετεῦων
640 1247 730 1302 τὸν
809 1251 1055 1302 τοιοῦτον
1136 1247 1546 1318 ἀποτινάξασθαι
1615 1248 1877 1322 Λογισμὸν

242 1337 322 1390 καὶ
358 1337 428 1408 μὴ
462 1335 600 1390 πάνυ
630 1357 680 1390 τι
713 1335 980 1390 πιστεύειν
1014 1336 1162 1411 ὅρκῳ
1195 1335 1540 1391 ἀλλοπίστων
1572 1338 1660 1390 καὶ
1707 1335 1876 1392 ἀλλο-

245 1425 417 1501 Γρῦλων
479 1425 806 1498 ἀνθρώπων,
852 1424 940 1480 καὶ
1011 1420 1241 1480 εὐσεϐεῖν
1304 1427 1776 1498 ἀναπεπεισμένων
1832 1425 1877 1480 εί

244 1516 455 1577 θανάτου
485 1511 726 1578 πολλοῖς
773 1516 1116 1588 Χριπιανοῖς
1160 1511 1328 1568 αἶτιοι
1377 1521 1638 1589 γένοιντο.
1674 1517 1760 1577 Ὡς
1822 1512 1878 1570 δὲ

243 1603 400 1677 λέγων
451 1601 648 1657 οὐδένα
695 1603 786 1657 τὸν
849 1604 1190 1678 προσέχοντα
1256 1604 1422 1678 εἶχεν,
1473 1603 1616 1659 άλλά
1685 1603 1877 1666 πάντες

243 1699 354 1763 μιᾶς
412 1692 701 1766 γενόμενοι
763 1695 990 1766 γνώμης
1067 1691 1438 1768 ἀπαραίτητον
1503 1695 1602 1762 τήν
1666 1691 1874 1748 εἷ’σοδον

239 1779 570 1854 ἐλογίζοντο,
610 1781 740 1854 ἄρας
767 1781 856 1835 καὶ
889 1780 1050 1844 αὐτὸς
1083 1779 1266 1836 εἷ’σεισι
1309 1782 1399 1835 σὺν
1452 1782 1654 1850 αὐτοῖς,
1690 1780 1875 1837 πολλὰ

235 1869 487 1944 πρότερον
579 1867 946 1940 θεοκλυττςσας
1034 1873 1122 1924 καί
1200 1867 1703 1946 διαμαρτυράμενος
1785 1872 1875 1926 καὶ

235 1957 595 2033 παραγγείλας
662 1955 751 2012 διὰ
815 1959 1014 2020 παντὸς
1077 1959 1367 2034 προσέχειν
1440 1961 1526 2014 καὶ
1579 1961 1629 2014 ἐν
1686 1967 1873 2035 χεροῖν

233 2047 473 2122 κατέχειν
525 2047 594 2101 τά
624 2047 788 2102 ὅπλα.
825 2046 1172 2109 Εἶσελθὸντες
1232 2047 1322 2102 οὖν
1371 2050 1422 2102 οἱ
1481 2051 1750 2123 Φράγγοι,
1784 2050 1874 2104 καὶ

229 2140 326 2189 τῶν
371 2141 470 2189 τοῦ
533 2141 840 2210 στρατηγοῦ
902 2136 1368 2212 παραγγελμάτων
1430 2140 1871 2212 καταφρονήσαν-

227 2245 324 2292 τες,
360 2224 411 2279 ἐν
446 2224 706 2300 λουτροῖς
740 2225 826 2280 καὶ
860 2225 1050 2286 πότοις
1081 2233 1169 2280 καί
1220 2225 1478 2301 εὐωχίαις
1518 2226 1672 2295 ἦσαν.
1707 2229 1766 2284 Ὁ
1817 2225 1874 2282 δὲ

228 2313 440 2386 αμηρᾶς
472 2313 786 2388 Ἀπονάσαρ
821 2315 935 2386 ἅμα
979 2313 1058 2385 τῷ
1111 2313 1345 2390 Σαμουχ
1389 2317 1477 2369 καὶ
1522 2320 1637 2379 τοῖς
1693 2315 1742 2369 ἐν
1803 2321 1869 2390 τῇ

225 2399 378 2455 πόλει
441 2408 788 2475 Σαρακηνοῖς
850 2400 1304 2477 βουλευσάμενος,
1353 2404 1440 2457 καὶ
1501 2403 1870 2479 παραγγείλας

222 2497 331 2550 τοῖς
364 2489 701 2566 ξενοδόχοις,
735 2492 825 2545 ὅτε
851 2492 914 2545 τὸ
945 2489 1196 2563 σύνθημα
1241 2489 1394 2566 δοθῇ,
1442 2491 1691 2566 κατέχειν
1742 2491 1871 2554 τοὺς

224 2577 634 2649 ἐπιξενωθέντας
666 2580 754 2634 καὶ
791 2577 1004 2652 δεσμεῖν
1039 2579 1094 2648 ἢ,
1128 2580 1326 2634 τούτου
1366 2580 1694 2656 φαινομένου
1744 2578 1870 2634 ἁδυ-

222 2667 409 2736 νάτου,
470 2670 854 2746 ἀποσφάττειν,
886 2668 1022 2730 τέως
1085 2669 1178 2740 μὲν
1238 2669 1451 2742 ἠρέμει·
1487 2669 1601 2724 ἐπεὶ
1660 2667 1716 2724 δί
1748 2669 1869 2732 ἅλις

1991 556 2052 593 se
2138 538 2191 592 in
2283 537 2487 594 balneo
2544 554 2808 592 cruorem
2872 534 3004 590 belli
3059 533 3294 589 abluere
3371 539 3633 604 possent.

1989 628 2376 683 Vehementer
2411 629 2666 682 instabat
2697 632 2900 682 contra
2931 625 3236 684 Erbebius,
3261 628 3436 694 atque
3465 623 3636 677 obse-

1989 719 2275 772 crabatut
2305 718 2449 772 hanc
2497 716 2871 787 cupiditatem
2937 715 3316 784 deponerent,
3376 727 3513 767 neve
3544 711 3636 766 ni-

1991 807 2171 861 mium
2208 807 2853 877 ﬁderentjurijurando
2886 803 3192 858 hominum
3227 802 3466 856 diversae
3501 799 3634 855 reli-

1987 897 2180 966 gionis
2213 912 2279 950 ac
2311 897 2648 962 nationis,et
2681 895 2896 966 quibus
2948 909 3299 964 persuasum
3359 896 3514 946 esset
3573 906 3636 944 se

1988 985 2255 1054 piissime
2286 1001 2451 1054 agere
2483 985 2528 1040 si
2568 988 2785 1039 multos
2817 983 3182 1039 Christianos
3209 979 3632 1035 interimerent.

1987 1071 2092 1124 Sed
2130 1089 2284 1138 cum,
2308 1074 2586 1127 omnibus
2615 1071 2674 1126 in
2699 1073 2900 1125 eadem
2924 1070 3214 1124 sententia
3237 1067 3633 1137 manentibus,

1989 1160 2167 1214 surdo
2193 1159 2449 1214 fabulam
2477 1160 3002 1229 narraret,taudem
3018 1175 3148 1214 cum
3176 1157 3319 1228 ipsis
3344 1157 3400 1210 in
3425 1156 3631 1211 urbem

1989 1248 2548 1318 ingreditur,multis
2581 1267 2678 1304 eos
2709 1248 3036 1304 obtestatus
3070 1252 3130 1301 ut
3162 1247 3273 1301 sibi
3327 1261 3628 1317 nunquam

1989 1354 2100 1391 non
2121 1344 2388 1392 caverent
2418 1355 2764 1409 semperque
2795 1355 2958 1392 arma
2989 1337 3058 1391 ad
3088 1352 3298 1390 manus
3330 1335 3629 1390 haberent.

1986 1427 2094 1480 Sed
2133 1427 2341 1480 Franci
2403 1427 2608 1482 Cbleat
2663 1427 2934 1498 ingressi,
2987 1423 3341 1498 posthabitis
3399 1423 3629 1478 Erhebii

1988 1516 2227 1570 monitis
2259 1517 2327 1570 ad
2364 1515 2824 1586 lavacra,pocula
2856 1523 2912 1570 et
2940 1515 3202 1570 convivia
3224 1530 3284 1570 se
3306 1513 3627 1568 contulere.

1987 1605 2224 1659 Interim
2260 1605 2421 1658 urbis
2453 1621 2682 1659 ameras
2742 1607 3060 1675 Aponasar,
3114 1619 3173 1657 re
3233 1619 3368 1656 cum
3420 1601 3621 1655 Samu-

1985 1693 2092 1747 cho
2123 1698 2181 1747 et
2211 1694 2515 1748 Saracenis
2560 1694 2635 1747 ibi
2689 1694 3038 1765 degentibus
3086 1692 3237 1746 619
3298 1689 3632 1745 communi-

1986 1793 2133 1847 cata,
2187 1783 2519 1853 hospitibus
2568 1783 3003 1854 peregrinorum
3070 1781 3309 1836 mandat
3373 1786 3435 1833 ut
3493 1779 3629 1834 dato

1987 1871 2154 1942 signo
2189 1872 2448 1942 hospites
2498 1888 2636 1926 suos
2685 1871 3183 1942 comprehendant
3243 1886 3308 1924 ac
3349 1868 3628 1932 vinciant,

1986 1968 2086 2014 aut
2145 1961 2189 2015 si
2256 1963 2307 2015 id
2372 1961 2492 2015 ﬁeri
2553 1979 2667 2014 non
2716 1961 2920 2031 possit,
2973 1947 3258 2015 occidant.
3319 1959 3629 2028 Postquam

1989 2049 2188 2104 Franci
2221 2049 2561 2104 deliciarum
2596 2049 2779 2104 saturi
2812 2066 3019 2104 somno
3060 2065 3123 2103 se
3180 2049 3486 2112 dederunt,
3548 2048 3628 2100 si-

1982 2155 2162 2210 gnum
2199 2141 2393 2202 datur,
2427 2144 2484 2194 et
2511 2155 2710 2192 eorum
2749 2138 2845 2192 alii
2879 2139 3076 2192 statim
3127 2138 3480 2192 occiduntur
3527 2134 3626 2190 alii

1980 2228 2314 2298 capiuntur,
2335 2228 2573 2297 quidam
2603 2226 2778 2282 etiam
2811 2228 2882 2281 de
2908 2228 3090 2280 muris
3114 2228 3268 2281 foras
3289 2224 3626 2279 desilientes

1980 2321 2306 2379 evaserunt,
2345 2315 2620 2370 Erbebius
2644 2321 2848 2385 captus
2887 2320 2976 2370 est
3007 2320 3063 2368 et
3109 2314 3167 2368 in
3225 2313 3470 2368 vinculis
3528 2329 3626 2367 as-

1983 2410 2267 2460 servatus.
2324 2404 2418 2458 llis
2471 2406 2548 2458 ita
2615 2405 2778 2472 actis,
2823 2419 3054 2458 ameras
3105 2403 3443 2474 imperatori
3525 2416 3627 2472 per

1979 2493 2378 2548 internuntios
2437 2493 2730 2564 signiﬁcat
2769 2509 2830 2546 se
2875 2493 2926 2547 ei
2960 2493 3168 2557 favere,
3207 2496 3263 2546 et
3305 2490 3404 2560 qui
3437 2489 3624 2560 ipsius

1979 2585 2154 2638 rebus
2187 2583 2446 2638 insidiati
2482 2583 2746 2644 fuissent,
2780 2598 2878 2636 eos
2910 2596 2972 2635 se
3004 2580 3354 2651 perdidisse,
3385 2580 3622 2633 ducem-

1980 2688 2090 2740 que
2123 2672 2329 2726 horum
2363 2678 2600 2742 captum
2636 2671 2917 2725 detinere.

223 2756 336 2832 εἶχε
390 2764 509 2819 τοῖς
570 2759 844 2832 Φράγγοις
888 2759 922 2827 ἡ
979 2755 1389 2832 ἡδυπάθειαμ).
1443 2761 1572 2831 796]
1611 2760 1695 2813 καὶ
1756 2761 1892 2832 πρὸς
1950 2759 2148 2819 ὕπνους
2203 2758 2531 2833 ἐτράπησαν,
2564 2755 2688 2819 δοὺς
2739 2758 2800 2812 τὸ
2859 2757 3108 2829 σύνθημα
3166 2755 3477 2818 ἐπιτίθεται.
3517 2752 3617 2809 Καὶ

223 2846 274 2899 οἱ
324 2847 416 2918 μὲν
463 2851 573 2900 τῶν
621 2847 890 2921 Φράγγων
942 2845 1098 2908 εὐθὺς
1146 2847 1598 2924 ἀποσφάττονται,
1658 2849 1709 2902 οἱ
1752 2847 1809 2902 δὶ
1866 2847 2288 2922 κατεσχέθησαν,
2320 2848 2460 2909 τινὶς
2521 2845 2578 2902 δὲ
2635 2847 2724 2902 καὶ
2781 2847 2886 2901 ἀπὸ
2937 2851 3034 2900 τοῦ
3088 2845 3307 2920 τείχους
3362 2844 3620 2920 ῥιπτοῦν-

225 2953 305 2996 τες
361 2935 585 2996 ἑαυτοὺς
638 2933 738 3004 ἔξω
795 2932 1124 3003 διασωθῆναι
1185 2932 1434 3010 ἴσχυσαν.
1478 2936 1658 2991 Ἑάλω
1716 2933 1772 2990 δὲ
1829 2931 2283 3010 καὶὸἘρϐέϐιος
2338 2937 2426 2990 καὶ
2488 2933 2739 3006 πεδηθεῖς
2798 2934 3142 3013 ἐφυλάττετο.
3176 2935 3232 2989 Ὀ
3286 2933 3342 2988 δε
3403 2934 3618 3006 ἀμηρᾶς

229 3017 654 3096 διαπραξάμενος
712 3027 879 3076 ταῦτα
939 3020 1382 3097 διακηρυκεύεται
1440 3025 1574 3098 πρὸς
1627 3025 1718 3078 τὸν
1781 3024 2008 3099 βασιλέα
2067 3026 2141 3088 ὡς
2199 3024 2340 3100 τάχα
2383 3023 2568 3089 εὔνους
2617 3022 2738 3098 [ὢν]
2797 3025 2944 3093 αὐτῷ
3005 3023 3277 3086 καθεστὼς
3351 3024 3440 3078 καὶ
3495 3021 3623 3082 τοὺς

225 3107 677 3173 ἐπιϐουλεύοντας
707 3117 821 3173 τοῖς
852 3111 1014 3166 αὐτοῦ
1045 3115 1323 3187 πράγμασι
1357 3110 1666 3189 διαφθείρας
1722 3111 1809 3167 καί
1863 3114 1955 3168 τὸν
2013 3114 2222 3168 τούτων
2277 3113 2525 3189 ἀρχηγόν
2585 3115 2894 3188 κατασχών.
2932 3114 3026 3168 Καὶ
3082 3113 3148 3167 τά
3208 3113 3300 3185 μὲν
3351 3110 3473 3187 περὶ
3530 3111 3622 3164 τὸν

225 3201 633 3278 Φραγγόπωλον
665 3201 972 3277 συνηνέχθη
1007 3199 1134 3258 ὧδε.

288 3327 353 3382 Οἱ
406 3323 462 3381 δὲ
519 3334 620 3394 τῆς
679 3327 851 3399 Ἑῴας
913 3325 1206 3402 στρατηγοῖ
1267 3327 1730 3404 ἀποπεμφθέντες,
1792 3327 1864 3389 ὡς

2047 3329 2601 3385 CaeterumOrientis
2618 3331 2797 3385 duces
2829 3330 2936 3384 hoc
2969 3347 3084 3401 quo
3118 3329 3429 3384 docuimus
3455 3331 3624 3383 modo

221 3412 518 3488 ἔμπροσθεν
573 3411 806 3490 εἶ’ρηται,
874 3415 1019 3489 παρα
1096 3419 1193 3468 τοῦ
1275 3412 1540 3490 βασιλέως
1619 3413 1867 3489 δευτέραν

219 3497 451 3578 ἔγνωσαν
496 3509 687 3577 πεῖραν
747 3509 1132 3578 προσαγαγεῖν,
1166 3504 1252 3557 καὶ
1306 3500 1371 3570 δή
1423 3508 1502 3575 τῷ
1543 3525 1869 3578 πρωτοσυγ-

216 3591 398 3664 γέλλῳ
437 3593 630 3646 λέοντι
681 3596 759 3663 τῷ
791 3587 1304 3667 Στραϐοσπονδῦλῳ
1352 3591 1744 3666 προσελθόντες
1798 3593 1871 3647 τὰ

221 3681 374 3735 κοινά
433 3679 731 3735 διοικοῦντι
788 3685 868 3752 τῷ
924 3681 1048 3735 τότε
1109 3680 1332 3754 μεσίτην
1397 3681 1451 3743 ἐς
1498 3682 1589 3736 τὸν
1645 3681 1869 3757 βασιλέα

220 3773 406 3824 τοῦτον
471 3765 918 3844 προύϐάλλοντο,
973 3769 1060 3824 καὶ
1143 3771 1217 3842 μὴ
1277 3771 1422 3845 παρὰ
1476 3769 1608 3832 τοὺς
1667 3770 1870 3833 ἄλλους

220 3863 580 3937 περιοφθῆναι
637 3860 876 3914 ἱκέτευον
930 3856 1060 3931 μηδ’
1100 3858 1312 3932 ἀτίμως
1363 3859 1751 3938 ἀπορξιφῆναι,
1779 3859 1868 3914 καὶ

221 3946 360 4003 ἄλλα
389 3943 845 4022 προϐαλλόμενοι
878 3945 1076 4022 δίκαια,
1109 3950 1415 4003 τελευταῖον
1479 3947 1536 4004 δὲ
1581 3949 1870 4025 ἐπαγαγόν-

218 4059 302 4100 τες
338 4036 475 4111 μηδ⁹
508 4037 654 4108 ἄξιον
703 4039 835 4092 εἶναι
894 4037 1020 4100 τοῦς
1084 4039 1178 4110 μὶν
1238 4035 1466 4100 πολίτας
1511 4043 1615 4093 τῶν
1653 4037 1868 4114 βασιλι-

219 4131 324 4181 κῶν
384 4127 711 4202 εὐμοιρῆσαι
754 4131 951 4200 τιμῶν,
989 4129 1129 4199 μήτε
1185 4132 1305 4202 παρ’
1361 4122 1581 4197 ἔπαλξιν
1645 4129 1866 4190 στάντας

224 4217 358 4288 μήτε
387 4217 529 4290 πρὸς
577 4213 880 4288 πολεμίους
939 4212 1433 4292 διαγωνισαμένους
1490 4217 1642 4284 ποτε,
1675 4216 1870 4279 αὐτοὺς

222 4302 275 4359 δὲ
301 4305 428 4368 τοὺς
463 4304 524 4359 ἐκ
555 4303 760 4360 παίδων
789 4304 1277 4380 προπολεμοῦντας
1309 4305 1398 4359 καὶ
1440 4305 1866 4381 ἀγρυπνοῦντας,

215 4390 288 4446 ’ἶν’
343 4392 519 4455 ἀδεῶς
599 4394 746 4448 οὗτοι
817 4391 1150 4460 καθεύδοιεν,
1204 4395 1574 4468 παροραθῆναι
1631 4395 1717 4448 καὶ
1767 4401 1866 4464 τῆς

227 4483 512 4558 βασιλικῆς
551 4481 872 4560 φιλοτιμίας
911 4481 1232 4538 διεκπεσεῖν.
1287 4481 1440 4538 Ἀλλ’
1483 4483 1665 4550 οὗτος,
1707 4503 1864 4558 στρυ-

224 4572 348 4646 φνὸς
379 4572 453 4627 ὣν
488 4573 574 4627 καὶ
611 4569 987 4646 δυσπρόσιτος,
1021 4571 1081 4626 οὐ
1113 4572 1272 4644 μόνον
1304 4570 1402 4626 οὐκ
1432 4569 1648 4642 ἐδέξατο
1686 4572 1864 4641 ἠπίως

222 4661 316 4729 τήν
373 4661 793 4737 προσαγομένην
845 4661 1068 4730 ἱκεσίαν,
1126 4659 1272 4715 ἀλλὰ
1327 4661 1417 4715 καὶ
1484 4661 1597 4732 μεθ’
1657 4655 1862 4735 ὕϐρεων

224 4749 576 4824 ἀπεπέμψατο
607 4750 736 4814 τοὺς
789 4750 992 4817 ἱκέτας,
1023 4747 1351 4827 ἐκφαυλίσας
1405 4750 1507 4804 οὐκ
1565 4747 1723 4824 ὀλίγα
1775 4751 1865 4804 καὶ

227 4837 275 4900 ἐς
317 4836 541 4894 ἕκαστον
609 4843 714 4892 τῶν
777 4836 1006 4914 ἀνδρῶν.
1071 4838 1136 4896 Οἰ
1189 4835 1246 4893 δὲ
1301 4839 1388 4893 καὶ
1451 4835 1696 4910 δεύτερον
1753 4835 1863 4910 ἤδη

225 4929 633 5003 παρῳνημένοι,
676 4934 846 4982 πᾶσαν
907 4925 1104 4983 ἐλπίδα
1161 4928 1579 5000 ἀποσεισάμενοι
1637 4924 1865 5006 ἐσφάδα-

227 5020 312 5084 ζον
340 5017 430 5072 καὶ
487 5014 793 5092 διεπρίοντο
845 5017 923 5088 τῴ
983 5021 1159 5092 θυμῷ.
1193 5016 1300 5072 Καὶ
1346 5017 1462 5070 κατ’
1515 5017 1687 5092 ἀρχὰς
1745 5016 1863 5090 μὲν,

225 5106 295 5169 ὥς
323 5127 398 5176 πη
431 5103 656 5168 ἕκαστος
687 5104 900 5180 ἔτυχεν,
934 5105 984 5160 ἐν
1031 5111 1150 5170 ταῖς
1205 5102 1452 5176 ὁμιλίαις
1506 5105 1866 5180 ὑποτονθορύ-

226 5196 402 5260 ζοντες
436 5191 817 5267 ἐλοιδοροῦντο
848 5196 928 5265 τῷ
962 5191 1200 5269 βασιλεῖ,
1227 5194 1313 5247 καὶ
1352 5194 1427 5267 μὴ
1476 5194 1663 5268 πράως
1717 5193 1862 5270 ἐνεγ-

223 5285 329 5335 κεῖν
383 5278 603 5336 ’έκαστον
666 5280 1004 5356 παρεκάλουν
1065 5281 1292 5352 ἱκάστην
1355 5283 1662 5358 παροινίαν,
1719 5281 1862 5338 ἀλλᾶ

225 5365 562 5440 διαναστῆναι
648 5370 982 5444 παρώρμουν
1055 5372 1192 5447 πρὸς
1281 5368 1487 5426 δικαίαν
1560 5367 1858 5442 ἐκδίκησιν.

223 5459 442 5514 Ἔπειτα
469 5459 557 5514 καὶ
600 5460 688 5534 ὑφ’
716 5458 772 5514 ’ἐν
805 5458 856 5514 ἐν
887 5463 954 5534 τῇ
982 5459 1210 5537 Μεγάλῃ
1241 5460 1516 5536 γενόμενοι
1541 5459 1859 5534 Ἐκκλησία,

222 5546 307 5601 καὶ
355 5547 552 5621 ὅρκους
601 5544 780 5610 δόντες
825 5549 912 5603 καὶ
963 5543 1223 5612 λαϐόντες
1278 5551 1353 5622 μὴ
1401 5557 1675 5619 σιωπῆσαι
1730 5547 1859 5624 μηδ’

228 5633 570 5713 ἆνασχὶσθαι,
602 5635 748 5693 ἀλλὰ
794 5637 924 5701 τοὺς
987 5632 1364 5714 ἆνυϐρίσαντας
1417 5641 1858 5714 τιμωρήσασθαι,

1980 3419 2210 3474 dimissi
2243 3420 2314 3474 ab
2345 3419 2696 3490 imperatore
2721 3421 2912 3474 denuo
2960 3419 3300 3474 tentandam
3335 3435 3453 3472 rem
3501 3422 3622 3471 sta-

1980 3513 2448 3579 tuerunt.ltaque
2479 3525 2540 3562 se
2561 3509 2631 3562 ad
2658 3508 3001 3580 primarium
3027 3506 3348 3580 syncellum
3376 3505 3622 3562 Leonem

1976 3597 2539 3669 Strabospondylum
2573 3599 2904 3662 conferunt,
2936 3602 3076 3652 tunc
3137 3596 3470 3669 reipublicae
3518 3611 3622 3666 gu-

1981 3687 2372 3755 bernatorem,
2397 3703 2580 3758 eoque
2611 3688 2764 3758 apud
2798 3687 3205 3758 imperatorem
3240 3684 3625 3740 intercessore

1981 3780 2245 3841 utuntur,
2273 3781 2445 3847 atque
2475 3781 2642 3830 erant
2674 3792 2745 3830 ne
2778 3775 2934 3847 ipsos
2969 3776 3046 3829 ita
3097 3773 3387 3845 neglectos
3446 3778 3622 3844 atque

1981 3863 2369 3933 ignominiosa
2418 3865 2674 3934 abjectos
2735 3865 3050 3936 imperator
3107 3862 3264 3918 velit.
3306 3862 3622 3932 Multisque

1979 3953 2248 4008 adductis
2280 3954 2663 4025 argumentis,
2696 3953 2752 4008 id
2777 3970 3006 4024 quoque
3032 3956 3098 4008 ad
3132 3958 3456 4008 extremum
3490 3969 3617 4020 pro-

1980 4050 2226 4113 ponunt,
2259 4041 2567 4112 indignum
2593 4043 2771 4096 videri
2808 4044 2958 4098 cives
2990 4043 3062 4097 ab
3103 4041 3452 4113 imperatore
3512 4039 3617 4094 ho-

1981 4147 2149 4185 nores
2173 4130 2471 4200 consequi,
2507 4147 2640 4185 cum
2675 4130 2710 4183 ii
2748 4147 2934 4202 neque
2966 4129 3408 4202 propugnacula
3448 4129 3616 4183 tutati

1981 4235 2166 4290 neque
2197 4236 2328 4274 cum
2365 4219 2529 4274 hoste
2560 4219 2854 4290 congressi
2891 4235 3151 4291 unquam
3184 4218 3324 4286 sint,
3359 4234 3419 4274 se
3463 4232 3617 4283 vero,

1978 4308 2080 4380 qui
2114 4309 2185 4362 ab
2217 4308 2453 4362 ineunte
2484 4314 2646 4363 aetate
2670 4326 2770 4379 pro
2817 4307 2962 4380 ipsis
3013 4306 3519 4380 propugnaverint
3566 4312 3622 4360 et

1977 4397 2430 4462 excubarint,ut
2480 4414 2681 4452 secure
2727 4398 2822 4451 alii
2875 4397 3122 4452 dormire
3175 4402 3433 4468 possent,
3481 4413 3620 4467 pra:-

1976 4486 2135 4540 teriri
2172 4502 2358 4556 neque
2387 4502 2456 4540 ex
2487 4485 2856 4556 imperatoris
2887 4486 3244 4558 benignitate
3267 4485 3454 4540 ullum
3490 4500 3617 4554 per-

1976 4574 2166 4645 cipere
2201 4576 2475 4629 fructum.
2509 4573 2719 4628 Verum
2755 4576 3088 4646 imperator,
3122 4590 3392 4628 morosus
3421 4572 3618 4642 _homo

1977 4662 2256 4734 adituque
2286 4662 2566 4726 difﬁcilis,
2593 4662 2747 4718 620
2780 4680 2892 4717 non
2928 4664 3098 4717 modo
3130 4680 3242 4716 non
3293 4660 3458 4716 audit
3516 4661 3616 4714 be-

1978 4754 2152 4824 nigne
2209 4768 2335 4807 eam
2388 4751 2880 4823 deprecationem,
2945 4752 3046 4807 sed
3106 4749 3400 4822 supplices
3439 4749 3614 4804 etiam

1978 4841 2390 4896 contumeliose
2413 4840 2658 4907 dimisit,
2694 4839 2958 4912 singulos
3015 4840 3207 4896 verbis
3266 4839 3612 4894 insectatus.

1978 4935 2052 4984 At
2079 4947 2203 4985 vero
2234 4929 2292 4985 hi
2321 4931 2512 4986 denuo
2544 4929 2886 5003 ignominiis
2918 4930 3168 5002 superbe
3206 4928 3416 4996 affecti,
3455 4929 3612 4983 omni

1977 5035 2222 5074 excussa
2246 5036 2350 5091 spe
2383 5020 2628 5074 fremere
2679 5019 2993 5090 animoque
3050 5019 3490 5074 excandescere.
3539 5021 3614 5074 Ac

1979 5108 2261 5180 principio
2293 5107 2526 5180 quidem
2552 5126 2655 5180 pro
2680 5125 2740 5164 se
2773 5109 3024 5180 quisque
3054 5108 3317 5163 susurris
3365 5107 3613 5179 impera-

1975 5200 2081 5252 tori
2117 5197 2720 5269 convieiari,alterque
2752 5197 3000 5252 alterum
3036 5197 3255 5253 hortari
3287 5215 3358 5252 ne
3415 5203 3615 5253 contu-

1975 5288 2205 5344 meliam
2230 5287 2402 5342 istam
2429 5287 2629 5343 leviter
2661 5287 2936 5353 ferat,sed
2953 5289 3021 5343 ad
3038 5288 3266 5358 justam
3297 5287 3614 5342 vindictam

1971 5393 2102 5433 sese
2133 5382 2314 5448 paret.
2352 5377 2484 5432 Post
2513 5376 2570 5430 in
2605 5393 2787 5431 unum
2813 5375 3036 5434 collecti
3069 5382 3280 5433 enatum
3315 5377 3374 5432 in
3409 5381 3614 5449 Magno

1971 5464 2236 5538 Temple,
2271 5465 2440 5521 dicti
2475 5465 2624 5521 ultro
2657 5466 2916 5538 citroque
2949 5467 3334 5523 sacramentis
3382 5484 3496 5521 non
3531 5467 3615 5522 si-

1970 5555 2147 5610 lentio
2205 5559 2261 5608 et
2326 5554 2510 5610 otiose
2573 5560 2795 5611 tantam
2867 5557 3121 5628 perferre
3180 5555 3614 5628 indignitatem,

1969 5645 2070 5700 sed
2129 5642 2378 5714 injurias
2440 5642 2644 5702 ulcisci
2703 5645 2972 5717 aversati,
3039 5648 3199 5713 sunt,
3282 5645 3613 5700 adamanti-
