3968 6140
351 332 462 393 351

1697 331 2011 392 GEORGII
2055 331 2395 392 CEDRENI

3609 331 3718 390 352

352 465 580 537 nisque,
615 466 766 536 quod
800 464 987 532 aiunt,
1039 465 1289 521 vinculis
1347 465 1840 536 conspirationem
1903 483 1992 519 ro-

2126 463 2354 536 ἲεσμοῖς,
2416 462 2446 518 ὅ
2503 486 2681 542 φασιν,
2753 461 3114 536 ἀδαμαντίνος
3197 460 3556 538 ἠσφαλίσαντο
3627 462 3716 528 τήν

353 557 654 610 borarunt.
741 555 1012 609 Ambusti
1096 557 1382 610 sententia
1465 560 1588 610 erat
1647 553 2000 626 Bryennium

355 661 587 716 quoque
618 645 674 698 in
735 646 1068 699 societatem
1130 646 1554 714 asciscendum,
1615 645 1710 716 qui
1771 647 1839 698 ad
1895 645 2004 700 hoc

355 733 690 788 institutum
729 733 1048 804 plurimum
1087 734 1292 788 afferre
1327 733 1607 788 momenti
1645 739 1858 805 posset,
1895 751 2002 787 nu-

359 840 583 877 meroso
619 824 923 893 prtel'ectus
954 823 1228 878 exercitui
1265 824 1654 878 Macedonico.
1705 829 1895 892 Atque
1955 823 2004 876 is

355 917 616 966 tentatus
651 911 924 966 facillime
949 912 1220 966 assensit.
1257 913 1505 967 Proinde
1536 914 1595 966 in
1629 913 1999 966 deliberatio-

357 1017 486 1054 nem
519 1001 676 1054 venit
717 1001 808 1056 cui
857 1001 1194 1070 imperium,
1257 1019 1317 1056 re
1365 1018 1432 1055 ex
1482 1002 1663 1055 animi
1715 1002 2006 1056 sententia

354 1090 723 1156 succedente,
753 1089 1257 1144 deferreturJdem
1295 1107 1532 1161 prorsus
1565 1091 1840 1145 omnibus
1864 1108 1998 1145 con-

347 1179 567 1252 juratis
597 1177 1109 1243 visum,Ambusto
1143 1179 1196 1233 id
1233 1180 2001 1246 deberi,zetate,f'ortitudine

354 1271 413 1322 et
443 1267 652 1338 peritia
676 1267 902 1322 caeteris
935 1269 1252 1339 praestanti.
1287 1269 1504 1323 Verum
1543 1269 1635 1322 hic
1675 1286 1824 1323 onus
1855 1269 1996 1322 illud

355 1361 624 1412 excutere
656 1356 920 1427 cupiens,
956 1358 1302 1428 compendio
1333 1358 1642 1412 verborum
1673 1357 2001 1412 multitudi-

356 1462 488 1500 nem
525 1445 1054 1518 sustulit.Surgens
1095 1447 1248 1500 enim
1279 1445 1430 1501 illico
1463 1451 1856 1502 Romanorum
1891 1447 2000 1501 im-

355 1540 680 1606 peratorem
707 1535 1032 1606 designavit
1058 1536 1402 1606 magistrum
1444 1537 1730 1591 Isaacium
1757 1535 2001 1592 Comne-

359 1637 526 1688 num,
561 1627 880 1694 auctorque
913 1621 1154 1693 reliquis
1187 1623 1294 1677 l'uit
1326 1624 1478 1678 idem
1507 1629 1569 1679 ut
1601 1625 2000 1679 facerent.Hoc

361 1711 534 1765 modo
567 1727 697 1765 cum
734 1727 794 1765 se
821 1716 1024 1765 mutuo
1050 1711 1465 1778 devinxisscnt,
1491 1730 1556 1768 ac
1587 1718 1873 1784 quantum
1909 1729 2001 1766 res

2113 547 2431 621 ἐπιϐουλήν.
2463 555 2556 623 Τῷ
2589 551 2646 606 δὲ
2677 555 2999 625 Κεκαυμὲνῳ
3041 549 3214 604 ἐδόκει
3272 548 3358 602 καὶ
3403 550 3490 602 τὸν
3545 547 3720 622 Βρυὲν-

2111 663 2224 696 νιον
2251 637 2654 714 προσλαϐέσθαι
2707 641 3053 714 συνωμότην,
3089 638 3223 693 λαοῦ
3276 659 3332 693 τε
3381 636 3590 692 πολλοῦ
3643 635 3722 710 ἅρ-

2112 750 2231 805 χειν
2302 732 2627 805 τεταγμένον
2705 735 2812 785 τῶν
2885 726 3264 784 Μακεδονικῶν
3321 726 3593 800 ταγμάτων
3647 727 3723 780 καὶ

2119 822 2252 896 μέγα
2315 824 2476 896 μέρος
2529 819 2734 886 ἔσεσθαι
2827 807 3102 894 μέλλοντα
3152 823 3249 874 τοῦ
3319 813 3725 886 σπουδάσματος.

2112 916 2198 971 Ὡς
2253 909 2310 964 δὲ
2357 911 2444 965 καὶ
2499 911 2682 978 οὗτος,
2721 910 2912 986 πείρας
2957 909 3104 980 αὑτῷ
3145 905 3604 982 προσενεχθείσης,
3648 925 3729 958 τα-

2115 1002 2262 1073 χέως
2296 999 2590 1069 ὑπήκουσε,
2628 999 2822 1054 Λοιπὸν
2866 998 2982 1052 τίνα
3033 995 3418 1052 διεσκοποῦντο
3470 992 3540 1054 εἰς
3593 990 3728 1068 ἔργον

2112 1093 2538 1163 προχωροῦντος
2573 1088 2748 1143 αὑτῶν
2795 1091 2892 1142 τοῦ
2937 1086 3308 1162 βουλεύματος
3365 1085 3590 1138 ἀνειπεῖν
3647 1082 3726 1155 βα-

2114 1176 2286 1233 σιλέα.
2320 1178 2415 1232 Καὶ
2476 1183 2636 1232 πᾶσιν
2693 1174 2884 1238 ἁπλῶς
2943 1175 3191 1254 ἐφαίνετο
3246 1179 3363 1236 τοῖς
3419 1171 3730 1242 συνωμόταις

2113 1267 2187 1330 ὡς
2243 1268 2332 1321 καὶ
2391 1269 2539 1342 γήρᾳ
2591 1267 2679 1320 καὶ
2741 1264 2930 1341 ἀνδρίᾳ
2985 1266 3074 1319 καὶ
3127 1262 3380 1339 ἐμπειρίᾳ
3407 1266 3510 1315 τῶν
3567 1257 3730 1314 ἄλλων

2111 1353 2372 1429 προύχων
2435 1357 2462 1409 ὁ
2525 1355 2866 1428 Κεκαυμὲνος
2925 1355 3070 1426 ἄξιος
3119 1352 3191 1414 εἷς
3245 1357 3428 1407 τοῦτο.
3460 1351 3519 1406 Ὀ
3573 1346 3624 1402 δὲ
3658 1347 3734 1423 ἀφ’

2112 1445 2300 1498 ἑαυτοῦ
2371 1444 2432 1498 τὸ
2512 1445 2676 1519 βάρος
2751 1443 3131 1498 ἀποσείσασθαι
3203 1437 3446 1496 σπεύδων
3504 1437 3730 1510 συντόμῳ

2113 1532 2262 1608 λόγῳ
2320 1531 2535 1587 διέλυσε
2582 1536 2676 1595 τὰς
2735 1531 3090 1607 πολυλογίας’
3127 1530 3352 1590 ἀναστὰς
3407 1529 3506 1604 γὰρ
3557 1525 3732 1585 εὑθέως

2115 1620 2340 1696 βασιλέα
2397 1623 2685 1694 Ῥωμαίων
2747 1623 2929 1676 ἀνεῖπε
3001 1621 3094 1675 τὸν
3157 1620 3449 1694 μάγιστρον
3497 1616 3732 1672 Ἰσαάκιον

2111 1711 2198 1764 τὸν
2235 1712 2540 1783 Κομνηνὸν,
2576 1713 2658 1784 [Ρ.
2693 1711 2820 1785 797]
2878 1715 3038 1764 τοῦτο
3097 1706 3154 1764 δὶ
3209 1707 3342 1762 αὑτὸ
3401 1708 3610 1773 ποιῆσαι
3656 1701 3736 1756 καὶ

359 1800 580 1854 ferebat
609 1801 946 1854 institutum
991 1801 1138 1856 62]
1194 1802 1590 1867 roborassent,
1632 1806 1868 1872 accepto
1929 1801 2000 1856 ab

2126 1799 2234 1862 τοὺς
2309 1799 2540 1861 λοιποὺς
2611 1799 3021 1875 παρεσκεύασεν.
3073 1797 3227 1852 Οὕτω
3303 1794 3361 1850 δὲ
3415 1789 3735 1863 καταδεσμή-

2341 1887 2384 1898 ιλ
2407 1890 2423 1898 ι
2467 1888 2501 1898 ιι
2749 1890 2760 1898 ι
2839 1889 2850 1898 ι
2937 1889 2964 1898 Α
3039 1885 3058 1898 \
3089 1888 3102 1898 ι
3194 1886 3207 1898 ι
3288 1885 3303 1898 ς
3348 1889 3375 1898 .-
3469 1885 3482 1898 σι
3595 1879 3614 1898 ‘
3697 1881 3706 1898 '

356 1888 712 1960 imperatore
745 1894 1071 1944 commeatu
1133 1891 1370 1945 domum
1435 1891 1630 1961 quivis
1689 1906 1881 1958 suam,
1943 1895 2006 1944 ut

355 1981 690 2050 putabatur,
728 1978 1146 2034 discesserunt.

430 2191 561 2246 Jam
593 2197 649 2246 et
679 2191 1008 2263 Bryennius
1041 2191 1212 2247 rebus
1243 2192 1368 2248 suis
1398 2209 1464 2248 ex
1495 2193 1738 2248 arbitrio
1764 2193 2009 2265 impera-

369 2281 516 2334 toris
547 2280 881 2335 conslitutis
913 2281 972 2336 in
997 2281 1286 2336 Orientem
1349 2283 1565 2338 abibat.
1615 2282 2013 2338 Comitabatur

367 2386 504 2424 eum
545 2369 824 2440 patricius
853 2369 1110 2425 Joannes
1131 2371 1633 2442 Opsaras,missus
1661 2375 1732 2427 ab
1764 2373 2010 2444 impera-

371 2462 496 2513 tore
527 2475 660 2514 cum
693 2464 927 2527 auro,ut
959 2459 1246 2516 militibus
1305 2462 1601 2532 stipendia
1653 2466 2011 2516 numeraret.

372 2550 512 2601 Cum
549 2548 947 2619 pervenissent
975 2547 1030 2602 in
1063 2549 1335 2620 supinam
1361 2553 1676 2620 quamdam
1712 2550 2012 2621 planitiem

369 2635 427 2690 in
473 2636 754 2692 Orientali
817 2637 1134 2706 provincia,
1193 2639 1635 2710 Cappadocibus
1695 2641 2016 2712 Bryennius

373 2725 623 2795 pendere
656 2725 830 2797 ccepit
851 2743 974 2795 quae
997 2743 1066 2780 ex
1087 2725 1435 2782 liberalitate
1454 2727 1826 2800 imperatoris
1849 2730 2020 2784 debe-

373 2814 607 2868 bantur.
641 2815 724 2868 lbi
757 2831 888 2869 cum
925 2814 1095 2885 plura
1125 2816 1245 2870 dari
1272 2817 1508 2886 juberet
1538 2835 1715 2889 quam
1769 2820 2016 2890 impera-

373 2907 464 2956 tor
487 2903 1294 2968 mandaverat,adversarium
1327 2906 1532 2962 habuit
1561 2907 1866 2978 Opsaram,
1903 2923 2014 2962 non

377 2991 592 3045 audere
615 3007 675 3045 se
697 2993 982 3047 dicentem
1009 2993 1331 3064 quidquam
1353 2995 1564 3050 addere
1588 2997 1816 3066 injussu
1843 2997 2022 3066 impe-

375 3079 878 3152 ratoris.Cumque
907 3081 1228 3153 Bryennius
1259 3099 1392 3137 eum
1427 3083 1725 3154 quiescere
1755 3089 1812 3138 et
1834 3085 2018 3139 omis-

2117 1911 2300 1951 σαντες
2330 1887 2640 1959 ἀλλήλους,
2674 1890 2764 1943 καὶ
2793 1889 2893 1957 τὴν
2936 1885 3144 1964 βουλὴν
3179 1886 3253 1948 ὡς
3285 1885 3408 1950 ἐνῆν
3460 1879 3738 1960 ἀσφαλισά-

2119 1999 2293 2050 μενοι,
2352 1978 2444 2032 καὶ
2501 1982 2579 2049 τῷ
2661 1975 2876 2052 βασιλεῖ
2927 1975 3321 2051 προσειπόντες
3377 1973 3443 2028 τὰ
3501 1971 3735 2045 ἐξιτήρια,

2113 2065 2339 2128 ἕκαστος
2372 2063 2556 2121 οῗ’καδε
2593 2071 2674 2138 τῷ
2706 2065 2885 2121 δοκεῖν
2917 2065 3304 2141 ἀπεφοίτησεν.

2189 2195 2346 2268 Ἀρτι
2408 2189 2466 2247 δὲ
2522 2193 2614 2246 καὶ
2647 2194 2673 2246 ὁ
2733 2191 3008 2265 Βρυέννιος
3066 2193 3174 2244 τῶν
3227 2187 3559 2264 πραγμάτων
3615 2185 3743 2258 αὐτῷ

2117 2282 2526 2354 καθισταμένων
2585 2281 2660 2342 ὥς
2717 2302 2792 2350 πη
2865 2276 3040 2334 ἐδόκει
3105 2283 3183 2351 τῷ
3244 2275 3479 2353 βασιλεῖ,
3539 2273 3742 2350 διαπερᾷ

2121 2371 2256 2446 πρὸς
2288 2372 2385 2440 τὴν
2418 2367 2730 2445 “Ἐω,’ἔχων
2785 2370 2903 2442 μεθ’
2951 2370 3143 2424 ἑαυτοῦ
3191 2367 3282 2422 καὶ
3343 2367 3434 2422 τὸν
3491 2364 3742 2439 πατρίκιον

2122 2459 2374 2529 Ἰωάννην
2454 2461 2544 2514 τὸν
2604 2461 2857 2534 Ὀψαρᾶν,
2916 2455 3325 2528 ἀπεσταλμένον
3389 2455 3446 2509 ἐκ
3504 2451 3743 2530 βασιλὲως

2127 2549 2260 2622 μετά
2309 2549 2539 2624 χρυσίου
2586 2549 2664 2620 ἐφ’
2713 2549 2758 2619 ᾧ
2803 2553 2918 2610 τοῖς
2965 2547 3324 2620 στρατιώταις
3383 2541 3744 2616 διανεμηθῆναι

2122 2639 2184 2693 τὸ
2212 2639 2540 2713 σιτηρέσιον.
2577 2637 2873 2710 Γενόμενος
2907 2635 2964 2691 δὲ
2993 2637 3129 2692 κατά
3175 2657 3302 2690 τινα
3355 2633 3519 2690 τόπον
3571 2629 3744 2701 ἡπλω-

2130 2728 2285 2800 μενον
2318 2727 2407 2780 καὶ
2441 2725 2628 2780 ὕπτιον
2663 2725 2712 2780 ἐν
2745 2730 2824 2797 τῷ
2857 2725 3052 2798 θέματι
3089 2729 3196 2778 τῶν
3233 2721 3595 2779 Ἀνατολικῶν
3648 2719 3742 2780 τοῖς

2127 2810 2514 2876 Καππαδόκαις
2563 2813 2798 2888 διένειμε
2851 2815 2951 2883 τήν
3001 2812 3436 2891 φιλοφροσύνην.
3493 2809 3742 2878 Ἐπαύξων

2127 2902 2307 2966 δὲτὰς
2341 2901 2537 2975 δόσεις,
2571 2904 2658 2958 καὶ
2717 2903 2888 2958 πλείω
2946 2907 3054 2957 τῶν
3105 2901 3451 2976 τεταγμένων
3509 2899 3740 2972 παρέχειν

2125 2993 2384 3062 κελεύων,
2437 2993 2822 3048 ἀντιπίπτοντα
2893 2992 3012 3067 εἶχε
3078 2991 3169 3045 τὸν
3229 2992 3468 3064 Ὀψαρᾶν
3543 2987 3623 3042 καὶ
3677 2986 3739 3058 μὴ

2132 3083 2490 3138 ὑπακούοντα·
2521 3081 2714 3161 ἔφασκε
2745 3082 2848 3158 γὰρ
2881 3081 3037 3142 οὗτος
3093 3081 3167 3152 μή
3199 3078 3415 3152 τολμᾷν
3462 3077 3745 3161 προσθήκας

373 3167 456 3223 sis
487 3168 677 3224 verbis
727 3186 900 3224 suum
962 3171 1302 3226 mandatum
1355 3173 1892 3244 exsequiojuberet,
1950 3190 2014 3228 ac

2129 3169 2336 3226 διδόναι
2365 3173 2481 3234 τοῖς
2545 3159 2921 3246 στρατίώταις,
2959 3165 3126 3242 μηδὲν
3175 3172 3280 3222 τοῦ
3333 3164 3592 3242 βασιλεως
3643 3159 3745 3237 περῖ

371 3261 620 3328 Opsaras
690 3258 936 3314 ferocius
1013 3264 1383 3331 repugnaret,
1443 3261 1528 3315 ira
1611 3261 2016 3317 inflammatus

374 3347 698 3416 Bryennius
731 3364 764 3402 a
785 3347 930 3402 sella
952 3347 1222 3419 prosiluit
1244 3355 1302 3404 et
1331 3351 1612 3420 Opsaram
1639 3351 1853 3422 pugnis
1877 3351 2018 3406 ceci-

376 3434 484 3502 dit,
521 3435 874 3506 tandemque
906 3437 1168 3491 crinibus
1200 3441 1256 3490 et
1287 3439 1464 3492 barba
1488 3445 1818 3510 correptum
1853 3438 2018 3494 humi

375 3524 708 3594 prostravit,
741 3528 797 3577 et
827 3522 1074 3579 vinculis
1105 3525 1336 3594 injectis
1367 3527 1423 3579 in
1473 3545 1578 3582 suo
1628 3528 1874 3582 tentorio
1922 3545 2018 3582 as-

376 3611 640 3666 servavit.
675 3617 801 3683 Ipse
833 3629 1040 3667 aurum
1075 3613 1511 3684 imperatorium
1546 3616 1767 3687 accepit
1797 3633 1861 3670 ac
1919 3617 2021 3672 sti-

379 3699 594 3770 pendia
623 3699 946 3768 distribuit,
991 3719 1213 3772 augens
1245 3720 1310 3758 ea
1344 3721 1445 3775 pro
1477 3722 1585 3760 suo
1635 3706 1896 3761 arbitrio.
1957 3709 2018 3762 In

379 3789 708 3861 propinquo
731 3795 922 3844 castra
953 3795 1076 3845 tum
1111 3792 1257 3847 forte
1281 3793 1533 3849 habebat
1567 3795 1890 3867 Lycantbes
1922 3813 2020 3867 pa-

379 3876 985 3950 tricius,Lycaonibus
1017 3884 1070 3934 et
1107 3880 1316 3936 Pisidis
1349 3881 1739 3952 praefectust
1773 3885 1843 3938 de
1875 3883 2024 3940 male

379 3970 626 4022 tractato
656 3966 876 4039 Opsara
911 3968 1114 4023 nuntio
1143 3976 1398 4041 accepto,
1421 3971 1840 4043 suspicatus,id
1868 3975 2019 4045 quod

383 4055 685 4126 probabile
714 4063 857 4126 erat,
894 4074 1010 4112 rem
1046 4073 1172 4113 eam
1207 4059 1276 4113 ad
1320 4060 1649 4130 tyrannidis
1708 4061 2022 4117 affectatio-

385 4159 518 4198 nem
550 4151 830 4216 spectare,
865 4145 1102 4214 ignarus
1133 4145 1351 4220 quippe
1399 4149 1626 4206 consilil
1685 4167 1717 4204 a
1774 4152 2026 4208 ducibus

384 4233 769 4288 orientalibus
801 4234 1105 4302 initi,duas
1128 4237 1440 4292 orientales
1472 4237 1729 4310 legiones
1759 4241 1912 4296 622
1932 4258 2022 4295 ar—

387 4327 530 4388 mat,
565 4321 1026 4394 Michaelumque
1057 4325 1467 4396 imperatorem
1502 4326 1803 4384 celebrans
1833 4335 2023 4385 tento-

385 4411 534 4468 rium
566 4412 832 4484 Bryennii
855 4413 1031 4485 capit,
1067 4415 1418 4490 Bryennium
1451 4417 1650 4484 vincit,
1692 4418 2024 4489 eumquein

385 4507 732 4574 potestatem
766 4507 997 4573 Opsaraa
1025 4505 1272 4560 vinculis
1305 4506 1494 4562 soluto
1536 4507 1715 4564 dedit.
1761 4507 1865 4562 Hic
1896 4525 2022 4562 eam

2127 3261 2323 3316 τούτου
2390 3259 2804 3338 προστάξαντος.
2872 3261 2984 3316 Τοῦ
3058 3255 3114 3312 δὲ
3185 3255 3476 3331 Βρυεννίου
3543 3251 3746 3324 ἀτρέμας

2127 3345 2273 3425 ἔχειν
2334 3349 2582 3412 εἰπόντος
2639 3349 2730 3403 καὶ
2787 3353 2963 3402 ποιεῖν
3025 3349 3204 3418 σιωπῇ
3265 3347 3329 3400 τὸ
3358 3341 3742 3425 κεκελευσμὲνον

2127 3440 2630 3515 παρεγγυήσαντος,
2685 3437 3076 3498 ἀντιτείνοντος
3155 3431 3212 3489 δὲ
3269 3438 3372 3488 τοῦ
3434 3435 3624 3504 Ὀψαρᾶ
3671 3423 3744 3480 καὶ

2131 3528 2554 3604 θρασυνομένου,
2581 3527 2833 3604 ἀναφθεὶς
2867 3525 3066 3587 ἐκεῖνος
3111 3529 3188 3594 τῷ
3247 3528 3406 3596 ουμῷ
3445 3525 3536 3576 τοῦ
3580 3515 3745 3592 θρόνου

2127 3603 2186 3673 τε
2244 3617 2519 3672 ἀνίσταται
2577 3603 3025 3677 καὶίκονδύλους
3083 3612 3265 3684 τούτῳ
3319 3603 3744 3686 προστρίϐει·τε-

2133 3709 2379 3764 λευταῖον
2423 3704 2480 3761 δὶ
2527 3705 2753 3761 καὶτῶν
2784 3709 2992 3779 τριχῶν
3024 3702 3112 3758 καὶ
3161 3709 3262 3770 τῆς
3317 3697 3578 3776 γενειάδος
3629 3694 3742 3767 ἀψά-

2135 3817 2298 3869 μανος
2326 3791 2658 3851 καταϐάλλει
2697 3799 2888 3850 τοῦτον
2922 3792 2999 3856 είς
3027 3794 3154 3866 γῆν,
3185 3791 3278 3845 καὶ
3321 3789 3490 3862 δεσμὰ
3537 3779 3744 3860 περιθεὶς

2132 3885 2185 3939 ἐν
2231 3888 2296 3958 τῇ
2347 3881 2458 3955 ἰδίᾳ
2513 3883 2764 3960 ἐφρούρει
2810 3885 3007 3955 σκηνῇ,
3043 3881 3200 3942 αὐτὸς
3261 3877 3320 3934 δὲ
3373 3880 3434 3933 τὸ
3495 3869 3740 3960 βασιλικόν

2131 3973 2360 4048 χρυσίον
2401 3971 2712 4050 ἀνειληφὼς
2745 3971 2984 4026 ἒποεεῖτο
3016 3971 3112 4036 τήν
3156 3965 3428 4041 διανομὴν
3477 3967 3546 4026 ὡς
3598 3955 3743 4031 ἠϐού-

2123 4061 2258 4116 ’λετο
2319 4063 2436 4135 μεθ’
2472 4062 2780 4136 ὑπεροχῶν.
2841 4063 3047 4134 ’Έτυχε
3101 4054 3156 4112 δὲ
3212 4057 3338 4112 τότε
3407 4069 3746 4126 παραστρατο-

2132 4148 2347 4205 πεδύων
2408 4149 2570 4226 ἐγγὺς
2612 4151 2640 4204 ὁ
2675 4148 2955 4222 πατρίκιος
3013 4147 3323 4216 Λυκάνθης,
3382 4146 3466 4200 καὶ
3523 4147 3619 4196 τῶν
3667 4143 3748 4226 Πι-

2135 4237 2298 4294 σιδῶν
2357 4239 2446 4294 καὶ
2507 4239 2796 4294 Λυκαόνων
2847 4236 3174 4312 ἡγούμενος.
3209 4236 3384 4296 Οὗτος
3440 4233 3504 4288 τὰ
3553 4229 3621 4290 ε’ς
3671 4225 3744 4280 τὸν

2132 4330 2370 4402 Ὀψαρᾶν
2429 4323 2815 4401 συμϐεϐηκότα
2890 4324 3249 4392 ἀκουτισθεὶς,
3310 4325 3396 4378 καὶ
3467 4312 3746 4402 τυραννίδος

2137 4417 2398 4486 ἐπίθεσιν,
2461 4417 2640 4489 ὥσπερ
2715 4415 2782 4482 ἦν
2857 4415 3022 4483 εἰκὸς,
3081 4415 3180 4483 τὴν
3240 4413 3429 4486 πρᾶξιν
3489 4399 3746 4464 ὑπολαϐὼν

2138 4505 2226 4580 (ἦν
2257 4506 2358 4581 γὰρ
2389 4511 2496 4560 τῶν
2519 4511 2636 4568 τοῖς
2669 4505 2828 4577 ὶῲοις
2861 4501 3092 4579 ἄρχουσι
3130 4495 3566 4576 βεϐουλευμένων
3593 4490 3744 4566 ἀμύη-

385 4571 591 4647 bactus
624 4571 922 4648 licentiam
951 4594 1236 4666 Bryennio
1265 4595 1460 4650 statim
1489 4597 1722 4651 occulos
1744 4597 2016 4664 ell'odit,et

2135 4599 2272 4669 τος),
2307 4593 2642 4650 καθοπλίσας
2699 4594 2766 4648 τὰ
2824 4590 2918 4648 δύο
2975 4595 3083 4645 τῶν
3113 4589 3487 4646 Ἀνατολικῶν
3532 4583 3747 4658 τάγματα

381 4681 644 4736 vinctum
679 4683 748 4738 ad
784 4683 1190 4754 imperatorem
1228 4685 1426 4754 mittit,
1451 4683 1831 4740 defectionem
1858 4686 1928 4740 ab
1960 4701 2025 4740 eo

383 4775 667 4826 tentatum
701 4772 876 4826 simul
914 4778 1367 4845 exponens.lpse
1387 4790 1452 4828 eo
1477 4773 1582 4829 loci
1607 4779 2026 4844 commoratur,

385 4861 610 4917 scilicet
641 4869 704 4915 ut
727 4861 1008 4933 reliquam
1045 4863 1516 4917 distributionem
1550 4863 1878 4918 conficeret.
1915 4863 2027 4919 Has

385 4967 504 5006 suae
532 4951 880 5006 temeritatis
910 4968 974 5005 ac
1007 4951 1358 5022 pertinaciae,
1389 4968 1460 5005 ne
1491 4953 1678 5006 dicam
1741 4953 2025 5008 stolidita-

385 5039 482 5106 tis,
512 5057 708 5110 pmnas
735 5041 893 5096 dedit
922 5041 1266 5114 Bryennius.
1305 5047 1370 5098 At
1423 5041 1712 5112 principes
1767 5043 1868 5096 viri
1928 5043 2026 5113 qui

385 5129 440 5183 in
477 5128 744 5184 orientali
781 5131 1076 5201 provincia
1108 5131 1696 5201 habitabant,pra:ses
1728 5131 2027 5188 Romanus

385 5217 758 5285 Durus(nam
789 5225 846 5273 et
879 5220 926 5274 is
959 5220 1382 5290 conjurationis
1406 5225 1528 5274 erat
1550 5221 2023 5291 socius).Burtza,

380 5309 978 5373 Botaneiates,Basilii
1009 5307 1212 5382 Argyri
1246 5309 1370 5376 lilii,
1406 5315 1460 5363 et
1492 5309 1722 5380 reliqui,
1757 5329 1887 5365 cum
1921 5312 2024 5368 ha-

385 5401 590 5454 ctenus
609 5413 670 5452 se
701 5397 1130 5453 continuissent
1156 5403 1212 5454 et
1241 5398 1582 5454 defectionis
1622 5400 1858 5456 initium
1918 5403 2023 5458 ali.-

383 5488 540 5543 undo
611 5492 1061 5558 exspectassent,
1133 5493 1442 5560 postquam
1495 5490 1908 5546 inaudiverunt
1963 5493 2024 5548 in

385 5593 560 5649 quam
595 5593 653 5631 se
716 5595 822 5633 sua
883 5577 1166 5632 vaOrnlia
1221 5577 1569 5648 conjecisset
1624 5579 2022 5637 calamitatem

383 5666 730 5741 Bryennius,
765 5665 973 5723 callide
1003 5671 1352 5738 ruputantes
1381 5681 1516 5723 eum
1569 5669 1891 5740 quaestione
1919 5671 2022 5728 ad-

2139 4683 2434 4740 ὶπιτίθεται
2461 4687 2529 4758 τῇ
2561 4687 2735 4757 σκηνῇ
2783 4685 2879 4736 τοῦ
2928 4679 3236 4754 Βρυεννίου,
3268 4675 3624 4752 αὐτοκράτορα
3667 4669 3742 4758 τὸν

2137 4772 2368 4849 Μιχαὴλ
2400 4756 2685 4848 εὖφήμῶν.
2715 4756 2817 4826 Καὶ
2846 4773 3037 4826 τοῦτον
3083 4769 3176 4840 μὲν
3225 4765 3411 4839 δεσμεῖ
3465 4756 3744 4849 κατααχὼ-ν.

2137 4845 2370 4916 ἀπο-λύει
2425 4845 2484 4915 8E
2537 4845 2627 4916 καὶ
2679 4861 2769 4915 τὸν
2815 4861 3055 4934 Ὀψαρᾶν
3113 4861 3220 4911 τῶν
3281 4845 3620 4927 δεσμῶν,καῖ
3661 4845 3739 4900 τὸν

2139 4951 2426 5025 Βρυέννιον
2487 4949 2637 5023 αὑτῷ
2695 4946 2972 5023 παραδοὺς
3029 4945 3202 5007 οὕτως
3260 4946 3334 5006 ὡς
3386 4943 3496 5017 εἶχε
3543 4937 3742 5025 κλοιῶγ,

2138 5019 2377 5118 χρῆσθαι
2436 5019 2619 5112 τούτῷ
2671 5019 2880 5094 κελεύει
2935 5036 3008 5098 ὡς
3067 5033 3341 5110 βούλεται.
3375 5033 3432 5089 Ὁ
3481 5019 3744 5122 δέἀνεθεὶς

2135 5117 2234 5200 sic
2264 5127 2437 5199 πέδης
2491 5130 2577 5184 καὶ
2611 5127 2861 5203 πράττειν
2891 5127 2919 5182 ὃ
2951 5123 3096 5180 θέλει
3153 5123 3340 5198 κύριος
3395 5117 3614 5216 γεγονῶς
3661 5117 3742 5216 τού

2140 5220 2233 5294 μὶν
2267 5219 2553 5296 Βρυεννίου
2585 5216 2781 5282 εὑθέως
2831 5214 3096 5304 ἐξορύττει
3145 5212 3270 5304 τοὺς
3319 5203 3618 5304 ὀφθαλμοὺς
3665 5203 3740 5304 καί

2135 5307 2190 5372 ἐς
2229 5307 2453 5385 βασιλέα
2503 5305 2695 5362 τοῦτον
2742 5304 3026 5379 δεσμώτην
3073 5301 3360 5388 ἐκπέμπει,
3396 5297 3617 5388 μηνύσας
3665 5297 3740 5388 xlii

2133 5401 2232 5470 τὴν
2286 5395 2659 5471 τολμηθεῖσαν
2708 5391 3033 5450 ἀποστασίαν
3067 5411 3080 5425 ·
3143 5391 3172 5447 ὁ
3232 5387 3287 5444 δὲ
3351 5385 3636 5471 προσέμενε,
3673 5385 3739 5444 τῷ

2131 5469 2288 5562 τόπῳ
2319 5469 2564 5562 ὡςὝτάχα
2591 5487 2690 5554 τὴν
2725 5485 2802 5548 εἴς
2850 5483 2940 5538 τὸν
2974 5479 3168 5536 λοιπὸν
3229 5477 3358 5534 λαὸν
3414 5469 3730 5570 Saeva-{736w

2135 5557 2426 5650 διανομήν,
2485 5557 2584 5630 iisti
2643 5575 2671 5629 ὁ
2735 5573 2828 5648 μὶν
2889 5569 3175 5647 Βρυέννιος
3227 5565 3474 5627 τοιαύτας
3523 5557 3732 5650 ἀπέδωκε

2133 5640 2306 5730 δίκας.
2341 5640 2441 5738 τῆς
2501 5665 2693 5722 ἑαυτοῦ
2735 5640 3071 5741 ’προπετείας
3099 5657 3190 5714 καὶ
3219 5650 3509 5724 αὐθαδείας,
3533 5647 3616 5704 ἵνα
3666 5640 3729 5716 μὴ
