3972 6146
247 339 358 398 353

1385 321 1926 388 HISTORIARUM
1973 320 2126 380 C031
2144 319 2369 378 PENDI
2384 321 2424 378 [ἶ
2440 319 2490 376 Μ
2503 362 2515 376 .

3538 321 3657 382 354

252 467 488 540 λέγωμεν
544 463 753 525 ἆνοίας’
786 464 838 516 οἱ
869 459 926 516 δὲ
961 460 1096 516 κατᾶ
1124 460 1186 514 τὸ
1217 459 1356 532 θέμα
1383 461 1489 511 τῶν
1519 451 1890 510 Ἃνατολικῶν

2052 451 2194 506 ibita
2224 449 2716 520 conspirationem
2753 449 3146 504 indicaturum
3173 455 3230 506 et
3259 467 3376 506 rem
3403 453 3531 523 ejus
3562 469 3651 508 so-

247 558 333 617 τὶς
369 555 619 624 οἷ’κήσεις
652 549 874 627 ἔχοντες
897 546 1184 624 ἄρχοντες,
1235 550 1262 602 6
1305 543 1581 622 πρόοδρος
1621 541 1899 614 Ῥωμανὸς

248 647 270 699 6
305 642 568 714 Σκληρὸς
603 641 690 713 (ἦν
723 639 823 714 γὰρ
853 635 964 692 οὐδ’
995 637 1157 699 αὐτὸς
1187 633 1286 706 ἔξω
1316 637 1422 687 τῶν
1475 628 1900 704 ὀμωμοκότων),

247 738 273 789 ὁ
337 733 645 806 Βοῦρτζης,
706 731 734 782 6
771 725 1150 793 Βοτανειάτης,
1182 726 1232 778 0i
1267 720 1556 780 Βασιλείου
1585 723 1682 774 τοῖ’)
1715 720 1903 792 Ἀργυ-

253 828 354 876 οοῦ
387 818 574 882 παῖδες
606 819 696 873 καὶ
746 819 773 871 6
808 815 1002 877 λοιπὸς
1035 812 1258 887 ὅμιλος,
1282 811 1417 876 τέως
1448 809 1542 883 μὶν
1582 810 1715 878 ἦσαν
1770 813 1903 878 ἦρε-

253 891 494 983 ’μοῦντες
540 908 623 964 καὶ
683 907 860 980 ἀρχὴν
913 902 1239 966 ἀποστασίας
1285 897 1593 975 ἀλλαχόθεν
1652 895 1900 972 προσμέ-

259 1021 468 1062 -ιοντεςυ
518 997 623 1052 ἐπεὶ
684 993 740 1050 δὲ
798 993 1056 1048 ἐπύθοντο
1113 992 1180 1048 τὰ
1242 989 1379 1045 κατὰ
1427 988 1519 1042 τὸν
1575 994 1904 1060 Βρυιννιον,

266 1093 355 1162 (LP.
396 1089 518 1159 798]
566 1085 654 1140 καὶ
713 1083 854 1146 οἵαις
883 1082 1067 1137 ἑαυτὸν
1127 1077 1283 1140 οὗτος
1330 1071 1721 1155 φρενοϐλαϐῶς
1775 1084 1906 1135 καθ-

265 1175 499 1232 υπέόαλε
546 1174 761 1249 τύχαις,
795 1173 1064 1246 ὲντρεχῶς
1099 1167 1441 1242 λνγισάμενοι
1473 1167 1546 1226 ὡς
1585 1163 1908 1235 ἐταζόμενος

256 1269 416 1328 οὗτος
466 1265 765 1340 ἀποφήνειε
820 1263 918 1330 τήν
953 1257 1292 1332 συνωμοσίαν
1335 1255 1424 1310 καὶ
1469 1255 1570 1309 οὐκ
1609 1253 1687 1315 εἰς
1745 1251 1911 1306 καλὸν

250 1361 368 1415 τοῖς
433 1339 773 1425 συνωμόταις
828 1348 891 1404 τὰ
948 1347 1106 1410 τέλος
1165 1345 1628 1420 ἐπενεχθήσεται,
1691 1339 1912 1415 ἄραντες

2011 541 2118 595 ciis
2151 539 2298 595 male
2329 555 2647 600 cessuram,
2684 539 2938 593 universi
2971 541 3028 593 in
3062 539 3521 611 Paphlagoniam
3554 542 3655 599 Ca—

2012 629 2450 695 stamonem(sio
2473 627 2878 699 appellabatur
2899 629 3110 683 domus
3128 630 3332 684 lsaaeii
3358 634 3653 706 Comneni)

2014 737 2075 774 se
2106 720 2458 785 conferunt;
2503 734 2754 788 cumque
2787 718 2979 787 ipsum
3011 735 3245 789 quoque
3275 719 3467 776 adhuc
3491 723 3662 792 quie-

2014 815 2272 864 scentem
2307 807 2828 876 deprehenderent,
2865 809 3119 862 excitant
3151 809 3234 862 vel
3259 809 3532 880 invitum,
3592 830 3658 868 ac

2016 914 2146 952 cum
2182 914 2246 951 eo
2279 897 2520 950 veniunt
2551 895 2618 949 ad
2653 895 2930 962 Gunaria,
2963 898 3059 968 qui
3103 905 3192 951 est
3251 899 3412 954 locus
3446 899 3656 971 planus

2017 991 2192 1057 atque
2224 985 2476 1055 amplus.
2512 985 2589 1039 Eo
2612 986 2941 1039 convocatis
2974 986 3071 1057 qui
3109 985 3164 1040 in
3222 989 3439 1042 vicinia
3496 996 3662 1045 erant

2019 1076 2172 1131 623
2209 1074 2698 1138 militibus,etiam
2731 1079 2935 1145 sponte
2966 1091 3072 1128 sua
3097 1076 3299 1131 multis
3329 1095 3394 1133 eo
3427 1080 3660 1150 cognito

2021 1181 2112 1218 res
2144 1179 2322 1218 novas
2356 1162 2558 1234 agitari
2594 1162 3048 1233 conﬂuentibus,
3087 1165 3344 1219 omnium
3371 1184 3658 1223 consensu

2022 1252 2304 1307 Isaacium
2331 1253 2691 1305 Comnenum
2728 1251 3137 1321 imperatorem
3174 1256 3452 1320 salutant,
3485 1257 3576 1312 die
3631 1259 3666 1311 8

2021 1341 2176 1395 Judii
2211 1340 2453 1402 mensis,
2479 1338 2798 1394 indictione
2826 1341 2910 1405 l0,
2946 1356 3098 1394 anno
3124 1343 3326 1396 mundi
3357 1345 3518 1400 6565.

253 1447 485 1504 ἔπαντες
517 1443 852 1516 ἀπέρχονται
885 1438 937 1492 ἐν
971 1434 1326 1511 Παφλαγονίᾳ
1352 1433 1488 1487 κατὰ
1515 1433 1614 1500 τήν
1650 1430 1996 1502 Κασταμόνα·
2033 1432 2184 1489 οἶκος
2217 1426 2273 1482 δὲ
2320 1431 2354 1496 ἡ
2402 1427 2705 1499 Κασταμὼν
2756 1432 2853 1481 τοῦ
2903 1429 3172 1483 Ἰσαακίου
3226 1431 3520 1506 μαγίστρου
3570 1439 3665 1488 τοῦ

256 1535 577 1604 Κομνηνοῦ.
614 1513 1014 1587 καταλαϐόντες
1045 1523 1216 1579 δὲκαὶ
1249 1522 1409 1576 αὐτὸν
1442 1523 1754 1592 ἠρεμοῦντα
1786 1517 1862 1572 ἔτι
1896 1517 2142 1571 ἀνιστῶσι
2176 1516 2264 1570 καὶ
2297 1516 2515 1582 ἄκοντα,
2548 1516 2636 1568 καὶ
2674 1513 2927 1590 ἔρχονται
2985 1522 3100 1588 μετ’
3149 1517 3313 1572 αὐτοῦ
3363 1521 3499 1574 κατά
3549 1543 3668 1577 τινα

256 1603 422 1676 τόπον
449 1618 664 1692 ὁμαλὸν
694 1616 781 1671 καὶ
815 1613 1024 1675 πλάτος
1055 1610 1238 1667 ἱκανιῖν
1259 1607 1477 1685 ἔχοντα·
1515 1609 1774 1681 Γουνάρια
1805 1607 1832 1660 ὁ
1862 1605 2029 1668 τόπος
2057 1605 2507 1675 κατονομάζεται.
2543 1603 2769 1658 Κάκεῖσε
2815 1604 2942 1665 τοὺς
2993 1604 3430 1683 πλησιοχώρους
3480 1609 3667 1686 ἀθροί-

267 1730 439 1770 σαντες
475 1690 834 1781 στρατιώτας,
865 1703 952 1757 καὶ
984 1701 1108 1762 τοὺς
1142 1699 1258 1754 ὅσοι
1289 1698 1593 1769 πυθόμενοι
1621 1697 1720 1764 τήν
1751 1694 1964 1760 κίνησιν
1996 1693 2268 1747 ἐθελονταὶ
2303 1690 2686 1766 παρεγένοντο,
2724 1694 2857 1764 μετᾶ
2887 1692 3100 1747 πάντων
3155 1696 3328 1750 αὐτῶν
3383 1697 3668 1774 ἀναγορεύ-

261 1821 372 1853 ουσι
402 1779 602 1852 τοῦτον
637 1793 1006 1867 αὐτοκράτορα
1040 1790 1264 1864 βασιλέα
1292 1785 1604 1860 Ῥωμαίων,
1634 1782 1835 1860 ὀγδόην
1867 1779 2088 1858 ἄγοντος
2127 1781 2249 1836 τότε
2296 1784 2392 1835 τοῦ
2445 1781 2671 1834 Ἰουνίου
2725 1782 2916 1853 μηνὸς,
2967 1789 3067 1851 τῆς
3125 1784 3153 1836 ι’
3182 1783 3514 1842 ῗνδικτιῶνος
3571 1793 3669 1843 τοῦ

257 1891 410 1966 ’ςφξέ
445 1886 623 1947 ἔτους.

329 2010 746 2086 Ἀναγορευθείς
791 2005 847 2062 δὲ
904 2003 1181 2082 βασιλεὺς,
1243 1997 1651 2076 στρατοπεδείαν
1714 1998 1919 2073 ὀχυρὰν
1955 2002 2000 2066 Β

261 2102 594 2173 πηξάμενος,
645 2099 943 2172 προσέμενε
990 2099 1068 2166 τῷ
1107 2089 1284 2164 τόπῳ,
1318 2088 1682 2165 ἐκδεχόμενος
1732 2088 1915 2162 ἀθροι-

263 2199 457 2261 σθῆναι
517 2188 608 2243 καὶ
665 2186 789 2248 τοὺς
858 2183 1112 2249 λοιποὺς,
1163 2181 1354 2236 ὀπόσοι
1424 2179 1790 2254 μετεσχήκασι
1818 2183 1921 2245 τῆς

263 2278 636 2352 συνωμοσίας.
683 2274 854 2330 Πλέον
903 2271 960 2328 δὲ
1008 2271 1167 2326 αὐτὸν
1219 2273 1498 2343 καρτερεῖν
1532 2267 1775 2330 ἀνέπειθε
1831 2265 1919 2319 καὶ

270 2372 348 2442 μὴ
429 2363 861 2442 προεξάλλεσθαι
943 2363 976 2432 ἠ
1046 2365 1141 2415 τοῦ
1215 2358 1565 2430 Κεκιυμένου
1628 2352 1918 2431 βραδύτης·

273 2456 736 2527 διασκοπουμένῳ
803 2452 906 2528 γὰρ
980 2451 1129 2522 αὐτῷ
1185 2448 1275 2503 καὶ
1322 2448 1384 2502 τὸ
1438 2444 1610 2500 α’ίτιον
1672 2447 1923 2514 ζητοῦντι

265 2556 370 2618 τῆς
433 2543 770 2622 βραδυτῆτος
830 2539 1061 2615 ἄγγελός
1112 2559 1196 2600 τις
1245 2538 1303 2592 ἐκ
1358 2543 1460 2604 τῆς
1518 2534 1690 2622 Ἐῲας
1735 2531 1922 2622 *ἐλθὼν

268 2617 603 2710 ἀέήήέίλεν
637 2631 711 2691 ὡς
746 2625 1146 2701 μεταμεληθεὶς
1179 2623 1378 2684 ἐκεῖνος
1409 2624 1516 2676 τῶν
1559 2641 1616 2674 τε
1662 2617 1922 2673 δοθέντων

270 2705 456 2794 ὅρκιον
515 2719 760 2795 ἠλόγησε
811 2716 900 2770 καὶ
956 2720 1024 2769 τὰ
1084 2710 1359 2789 βασιλέως
1401 2714 1590 2785 φρονεῖ
1644 2708 1733 2762 καὶ
1793 2705 1924 2761 λαὸν

271 2814 518 2885 ἁθροιζει
580 2809 660 2882 ἐφ’
710 2807 756 2878 ᾧ
812 2810 928 2866 τοῖς
987 2802 1324 2875 ἀνταίρουςιν
1377 2798 1746 2868 ἐπιθήσεσθαι.
1780 2795 1927 2865 Αὕτη

275 2901 334 2956 δὲ
390 2905 426 2969 ἡ
489 2895 722 2973 ἀγγελία
781 2895 883 2949 οὐκ
939 2914 1013 2954 εις
1076 2890 1268 2964 μικρὰν
1302 2887 1535 2962 ἀγωνίαν
1565 2886 1929 2962 καὶταραχήν

280 2985 500 3045 ἐνέϐαλε
539 2970 674 3047 ’τοὺς
727 2984 850 3059 περὶ
909 2983 999 3037 τὸν
1057 2979 1363 3052 Κομνηνὸν,
1398 2976 1443 3030 εἷ
1482 2974 1735 3049 μέλλοιεν
1797 2970 1926 3044 ἕξειν

281 3083 527 3133 τοιοῦτον
595 3074 792 3150 ἐχθρὸν
849 3071 985 3126 κατὰ
1039 3070 1263 3124 νώτων·
1319 3065 1402 3121 διὸ
1466 3065 1553 3119 καὶ
1612 3063 1930 3136 ἐκαρτέρουν

284 3169 336 3222 ἐν
394 3172 476 3238 τῷ
528 3164 728 3239 χάρακι
811 3166 999 3235 μαθεῖν
1075 3160 1176 3227 τήν
1234 3155 1490 3226 ἀλήθειαν
1549 3153 1936 3229 ὀριγνώμενοι.

283 3255 446 3310 Ἀλλ’
507 3255 558 3308 0i
593 3253 687 3324 μὲν
716 3251 848 3318 ἦσαν
883 3247 936 3304 ἐν
962 3248 1197 3313 τούτοις,
1250 3247 1278 3300 6
1311 3242 1367 3298 δὲ
1399 3242 1733 3315 Κεκαυμένος
1765 3240 1941 3314 ἔμεινε

281 3349 386 3414 τήν
473 3342 670 3397 οἰκείαν
749 3340 978 3415 γνώμην
1056 3335 1340 3414 φυλάττων
1413 3338 1528 3394 τοῖς
1603 3331 1941 3404 συνωμόταις

282 3435 483 3508 ἐπεῖ-χε
536 3429 593 3485 δὲ
652 3430 839 3486 ἑαυτὸν
897 3428 988 3482 καὶ
1049 3420 1304 3499 ἐϐράδυνε
1335 3421 1422 3478 διὰ
1451 3421 1704 3491 τοιαύτην
1739 3419 1938 3477 αἶ’τίαν.

287 3525 424 3580 Ὅτε
480 3528 582 3590 τῆς
645 3514 927 3594 βασιλίδος
1007 3514 1238 3584 ἐξελθὼν
1297 3511 1574 3567 ἀπενόστει
1627 3508 1709 3564 ἐπ’
1767 3508 1942 3580 οἷ’κου,

283 3611 584 3687 γενόμενος
625 3610 676 3663 ἐν
730 3603 1072 3678 Νικομηδείᾳ
1098 3603 1187 3658 καὶ
1217 3599 1555 3677 ταχυὸρόμῳ
1612 3601 1944 3687 συναντήσας

291 3685 574 3775 βασιλικῷ
635 3695 826 3769 μηνύει
885 3691 954 3748 δι’
1011 3693 1178 3747 αὐτοῦ
1207 3696 1286 3762 τῷ
1319 3687 1583 3764 λογοθέτῃ
1609 3693 1704 3742 τοῦ
1737 3685 1946 3764 δρόμου

287 3790 511 3858 Νικήτᾳ
553 3790 632 3857 τῷ
673 3781 960 3858 Ξυλινίτῃ,
1024 3778 1094 3836 δι’
1146 3781 1360 3857 ἀφελῶν
1421 3779 1511 3832 καὶ
1544 3782 1943 3852 στρατιωτικῶν

293 3877 584 3952 ἑημάτωνο
646 3898 672 3923 α
732 3873 820 3933 Ὠς
881 3868 1019 3937 οἶδα,
1081 3869 1125 3922 ὦ
1183 3865 1402 3945 ἀδελφὶ,
1456 3866 1606 3928 ὁσὸς
1638 3865 1829 3940 κύριος
1859 3865 1948 3919 καὶ

295 3962 560 4041 βασιλεὺς
603 3961 728 4037 παρ’
785 3957 936 4014 οὐδὲν
988 3957 1353 4032 λογισάμενος
1397 3956 1488 4009 τὸν
1531 3956 1828 4026 Κομνηνὸν
1858 3955 1949 4008 καὶ

295 4055 417 4125 ἐμὲ,
469 4053 560 4105 καὶ
609 4051 702 4111 τὰς
737 4047 945 4119 δεήσεις
993 4049 1153 4119 ἡμῶν
1215 4045 1702 4118 ἀποπεμψάμενος,
1737 4043 1950 4117 ἀτίμως

294 4143 391 4198 ἐπ’
447 4141 604 4196 ο”κου
654 4138 991 4210 ἀπέπεμψεν.
1048 4131 1204 4191 Ἀλλ’
1264 4131 1371 4197 ἷίσθι
1421 4132 1504 4187 ὅτι
1535 4135 1698 4204 ἡμεῖς
1730 4133 1951 4205 ἄπιμεν,

294 4236 356 4286 Ὀ
420 4229 480 4285 δὲ
538 4226 650 4301 ἅμα
702 4228 809 4297 σοὶ,
843 4225 890 4280 εἴ
922 4224 1284 4299 ἀπαρέσκεσθε
1329 4227 1398 4297 τῇ
1449 4222 1691 4296 ἡμετέρᾳ
1723 4221 1952 4296 ὑποχω-

299 4323 485 4398 print,
542 4315 871 4391 ὑποστρέψαι
931 4315 1017 4369 καὶ
1066 4310 1294 4373 ἄκοντας
1344 4312 1419 4373 εἷς
1477 4310 1725 4365 τούπίσω
1777 4331 1954 4386 παρα-

297 4410 618 4467 σιευάσατε,
670 4403 1083 4465 ἀποστείλαντες
1135 4399 1361 4474 δύναμιν
1395 4444 1407 4459 .
1473 4401 1573 4456 Καὶ
1633 4404 1798 4454 ταῦτα
1860 4401 1952 4474 μὲν

302 4499 475 4553 εἰπὼν
552 4500 631 4566 τῷ
707 4490 1044 4568 ταχυδρόμῳ
1110 4496 1210 4558 τῆς
1277 4487 1500 4564 πορείας
1570 4487 1957 4562 συντονώτερον

303 4589 514 4662 ε”γετίν
574 4579 762 4649 ἐπειδὴ
824 4578 881 4635 δὲ
937 4576 1121 4634 οἷ’καδε
1176 4577 1387 4654 γένοιτο
1439 4576 1527 4631 καὶ
1585 4577 1613 4631 6
1674 4578 1961 4649 Κομνηνὸς

301 4655 509 4749 ἠρέμει
585 4671 659 4732 ὡς
718 4671 864 4745 τάχα
926 4665 1091 4742 μηδὲν
1155 4665 1398 4740 μετέχων
1466 4669 1562 4719 τοῦ
1616 4664 1772 4740 ἔργου
1809 4711 1822 4736 ,
1883 4666 1959 4730 εἷς

2111 1999 2430 2070 Imperator
2459 2001 2691 2053 creatus
2744 1998 2951 2052 castris
2997 2001 3377 2058 communitis
3433 2020 3498 2060 eo
3547 2003 3673 2060 loco

2030 2087 2375 2160 permansit,
2411 2085 2769 2157 reliquorum
2802 2088 2975 2143 etiam
3003 2090 3426 2160 conjurationis
3489 2110 3671 2166 popu-

2029 2176 2238 2232 larium
2272 2181 2613 2247 exspectans
2645 2177 3077 2235 adventum.Ne
3110 2185 3303 2236 autem
3336 2181 3511 2239 citius
3543 2201 3674 2255 pro-

2032 2265 2239 2332 siliret,
2273 2266 2372 2320 sed
2409 2281 2632 2320 moram
2666 2265 2966 2336 perferret,
2990 2270 3238 2324 maxime
3269 2287 3400 2325 eum
3429 2274 3676 2330 tarditas

2031 2355 2298 2408 Ambusti
2335 2353 2530 2408 movit.
2567 2352 2746 2424 Cujus
2778 2355 2847 2409 de
2878 2372 3054 2410 causa
3086 2374 3214 2411 cum
3249 2376 3447 2414 secum
3480 2361 3677 2432 dispu-

2033 2448 2204 2510 taret,
2240 2442 2395 2496 venit
2425 2443 2663 2513 quidam
2688 2459 2757 2498 ex
2791 2442 3024 2498 Oriente
3085 2446 3351 2516 nuntius,
3411 2449 3679 2506 indicans

2035 2548 2167 2586 eum
2209 2537 2430 2585 mutata
2453 2531 2745 2586 sententia
2773 2537 2828 2585 et
2848 2533 3237 2603 jurejurando
3263 2541 3478 2606 spreto,
3531 2543 3683 2594 stra-

2036 2620 2219 2674 tiotici
2256 2620 2428 2676 rebus
2459 2621 2716 2687 studere,
2749 2622 3184 2692 exercitumque
3226 2627 3572 2682 contrahere
3614 2628 3681 2684 ad

2039 2707 2450 2763 debellandum
2482 2708 2865 2765 adversarios.
2895 2710 3023 2764 Haec
3056 2728 3145 2766 res
3179 2729 3291 2768 non
3325 2713 3506 2771 levem
3573 2717 3687 2772 sol-

2043 2795 2405 2851 licitudinem
2432 2802 2606 2868 atque
2630 2799 3128 2869 perturbationem
3153 2801 3350 2856 attulit
3371 2803 3689 2873 Comneno,

2042 2885 2221 2940 talem
2253 2886 2476 2940 hostem
2511 2905 2544 2941 a
2570 2891 2730 2958 tergo
2763 2887 2975 2944 habere
3008 2889 3358 2961 intelligenti
3387 2894 3507 2949 fore
3538 2895 3690 2966 peri-

2047 2975 2510 3030 culosissimum.
2546 2978 2747 3048 Itaque
2786 2993 2848 3032 se
2905 2979 3116 3034 castris
3172 2979 3488 3052 continuit,
3543 2984 3683 3038 dum

2047 3065 2183 3118 certi
2218 3063 2439 3135 aliquid
2474 3071 2868 3137 cognosceret.
2903 3068 3183 3123 Caeterum
3218 3071 3686 3140 Ambusto,tam-

2047 3154 2155 3206 etsi
2182 3155 2238 3209 in
2263 3156 2463 3210 eadem
2506 3156 2798 3210 sententia
2833 3157 3150 3227 perstabat,
3172 3175 3352 3214 causa
3373 3163 3688 3217 cunctandi

2052 3248 2174 3303 haec
2207 3245 2462 3310 fuitQuo
2495 3251 2752 3314 tempore
2786 3246 3053 3316 Byzantio
3087 3247 3327 3302 domum
3363 3250 3691 3320 proficisce-

2053 3337 2245 3398 batur,
2278 3333 2622 3389 Nicomedise
2658 3333 2710 3387 in
2745 3350 3041 3390 cursorem
3065 3335 3503 3407 imperatorium
3553 3340 3694 3394 inci-

2055 3427 2236 3488 derat,
2271 3427 2446 3494 atque
2502 3421 2660 3476 hunc
2718 3422 2926 3477 Nicetes
2973 3423 3240 3495 Xylinitae
3298 3426 3487 3481 dromi
3540 3427 3695 3499 logo-

2052 3513 2226 3569 thetas
2256 3510 2622 3583 simplicibus
2652 3527 2718 3566 ac
2751 3511 3104 3568 militaribus
3132 3515 3320 3570 verbis
3352 3515 3473 3570 haec
3496 3517 3697 3588 jusse-

2057 3609 2146 3658 rat
2176 3602 2469 3656 indicare:
2511 3623 2536 3649 (ι
2585 3601 2874 3665 Quantum
2929 3602 3113 3672 video,
3172 3603 3367 3674 frater,
3419 3607 3696 3664 dominus

2057 3697 2196 3747 tuus
2225 3692 2540 3760 imperator
2570 3696 2926 3744 Comnenum
2961 3696 3018 3746 et
3050 3708 3141 3746 me
3172 3710 3274 3763 pro
3307 3692 3489 3750 nihilo
3538 3700 3704 3766 puta-

2060 3781 2156 3849 vit,
2214 3781 2368 3835 624
2425 3779 2762 3849 nostrisque
2815 3779 3196 3849 petitionibus
3280 3785 3702 3841 contumeliose

2060 3869 2289 3940 rejectis
2321 3869 2562 3922 domum
2594 3885 2697 3922 nos
2733 3867 2975 3922 dimisit.
3012 3868 3166 3923 Scito
3197 3887 3332 3940 ergo
3367 3888 3472 3926 nos
3523 3873 3703 3928 abire.

2063 3957 2162 4013 llle
2193 3965 2384 4012 autem
2418 3961 2475 4010 ot
2507 3956 2656 4025 tu,si
2682 3957 3025 4027 improbatis
3049 3963 3316 4012 nostrum
3350 3959 3704 4030 discessum,

2065 4065 2169 4103 nos
2204 4047 2398 4100 missis
2425 4046 2609 4116 cepiis
2638 4045 2724 4100 vel
2760 4045 2972 4100 invitos
3005 4047 3304 4103 retrahite.
3338 4070 3366 4098 »
3406 4050 3530 4104 llaec
3571 4067 3705 4106 cum

2063 4137 2305 4191 dixisset
2347 4133 2668 4204 tabellario,
2729 4136 2838 4188 iter
2885 4135 3222 4191 institutum
3275 4137 3558 4194 intentius
3617 4146 3710 4196 est

2067 4229 2430 4296 prosecutus.
2466 4228 2784 4294 Postquam
2818 4225 3056 4280 domum
3090 4224 3247 4280 venit
3267 4233 3325 4282 et
3347 4226 3708 4284 Comnenum

2066 4315 2365 4387 quiescere
2395 4313 2600 4376 sensit,
2633 4313 2870 4384 perinde
2901 4331 2966 4369 ac
3002 4314 3050 4370 si
3112 4314 3256 4370 nihil
3313 4317 3365 4370 ei
3419 4335 3552 4373 cum
3603 4319 3713 4376 hoc

2069 4403 2297 4475 negotio
2331 4403 2409 4457 rei
2435 4407 2610 4469 esset,
2641 4402 2796 4456 haud
2840 4402 3043 4458 leviter
3100 4405 3284 4460 vereri
3333 4422 3400 4460 ac
3456 4411 3716 4462 metuere

2068 4492 2243 4563 cmpit
2267 4509 2336 4546 ne
2385 4495 2716 4546 Comneuus
2775 4496 2831 4546 et
2881 4492 3090 4563 reliqui
3151 4499 3377 4550 mutata
3425 4496 3718 4552 sententia

2071 4580 2304 4636 silentio
2337 4579 2704 4650 supprimere
2737 4578 2948 4635 vellent
2997 4582 3484 4652 conjurationem,
3518 4584 3714 4655 itaque

2068 4671 2194 4742 ipse
2227 4670 2386 4724 solus
2418 4668 2760 4723 del'ectionis
2785 4686 2983 4738 pcenas
3007 4669 3283 4736 lueret,ut
3309 4672 3408 4742 qui
3436 4688 3498 4728 se
3518 4672 3715 4743 ipsum

307 4759 584 4837 ὀρρωδίαν
664 4758 963 4824 ἐνέπιπτε,
1039 4755 1128 4809 καὶ
1209 4751 1434 4826 δείματα
1490 4754 1650 4808 αὐτὸν
1713 4753 1908 4829 ἐτάρατ

2065 4741 2191 4830 jam
2223 4758 2335 4813 isto
2367 4760 2435 4812 ad
2472 4757 2828 4829 logothetam
2859 4760 3135 4814 mandato
3179 4741 3556 4830 prodidisset:
3604 4763 3717 4817 Ita-

305 4850 530 4908 δεδιότα
582 4850 657 4921 μή
716 4868 834 4907 πως
868 4846 895 4899 6
955 4844 1232 4916 Κομνηνὸς
1261 4843 1350 4896 καὶ
1383 4843 1434 4896 o't
1489 4843 1588 4910 τῆς
1620 4843 1962 4914 συνωμοσίας

309 4944 552 5014 μέτοχοι
606 4938 789 5009 ἑτέρου
861 4933 1146 5010 γενόμενοι
1206 4935 1412 4985 σκοποῦ
1469 4934 1594 5005 σιγῇ
1648 4929 1965 5004 βουληθῶσι

307 5028 558 5101 καλύψαι
616 5027 713 5094 τήν
768 5018 1090 5090 ἐπιϐουλὴν,
1145 5020 1234 5075 καὶ
1297 5019 1464 5092 μόνος
1522 5018 1682 5080 αὐτὸς
1740 5019 1964 5083 εὐθύνας

305 5117 618 5191 κομίσηται
666 5120 765 5182 τῆς
828 5110 1158 5170 ἀποστασίας
1207 5109 1280 5170 ὡς
1309 5105 1416 5178 ἤδη
1473 5111 1751 5186 καταφανῆ
1783 5109 1968 5165 ἑαυτὸν

309 5209 423 5270 θεὶς
477 5203 571 5259 διὰ
618 5207 713 5257 τοῦ
770 5199 1108 5274 μηνύματος.
1145 5198 1241 5252 Καὶ
1302 5196 1586 5251 ἐσκέπτετο
1617 5197 1706 5251 καὶ
1739 5197 1968 5270 ἐμελέτα

308 5301 430 5358 πῶς
513 5293 604 5348 καὶ
678 5291 800 5346 τίνα
865 5288 1065 5364 τρόπον
1142 5287 1316 5357 ἑαυτῷ
1382 5287 1795 5361 περιποιησεται
1868 5289 1965 5358 τήν

308 5386 638 5465 ἀσφάλειαν
717 5385 800 5457 [Ρ.
843 5383 971 5453 799]
1038 5375 1160 5433 οὕτε
1216 5379 1318 5452 γὰρ
1375 5374 1600 5450 δύναμιν
1663 5398 1970 5465 γπροηυτρι-

309 5464 588 5550 accipi.sz
649 5474 816 5548 εἶχεν,
885 5468 1008 5524 οὔτε
1049 5471 1084 5537 ἡ
1130 5471 1406 5542 προσοῦσα
1435 5467 1592 5536 ἱκανή
1627 5464 1800 5522 ἐδόκει
1834 5469 1972 5524 ἀντι-

311 5565 752 5637 παρατάττεσθαι
823 5557 1040 5634 βασιλεῖ
1085 5555 1390 5629 Ῥωμαίων,
1447 5555 1510 5610 τὸ
1565 5553 1730 5610 πλέον
1793 5553 1838 5611 δ’
1889 5559 1970 5613 ’ὁτι

319 5652 459 5728 μηδέ
521 5647 1058 5723 κοινολογησάμενος
1089 5651 1206 5708 τοῖς
1258 5644 1580 5720 ἐπιχωρίοις
1639 5646 1973 5720 στρατεύμα·

2078 4865 2190 4920 que
2223 4846 2732 4918 circumspiciebat
2755 4865 2821 4903 ac
2856 4849 3518 4920 meditabaturquonam
3545 4853 3717 4906 modo

2076 4955 2138 4994 se
2175 4939 2368 5009 ipsum
2403 4943 2596 4992 tutum
2630 4938 2914 4992 redderet.
2947 4938 3088 4992 Nam
3115 4955 3303 5009 neque
3326 4946 3594 5009 paratum
3615 4939 3717 4995 ha-

2077 5030 2248 5084 bebat
2279 5028 2636 5096 exercitum;
2672 5035 2730 5082 et
2760 5046 2906 5098 quos
2941 5045 3142 5083 secum
3167 5029 3442 5096 habebat,
3477 5048 3590 5086 non
3643 5031 3721 5085 vi-

2077 5118 2364 5173 debantur
2393 5117 2661 5172 sufﬁcere
2684 5119 2754 5170 ad
2807 5117 3022 5171 bellum
3067 5124 3269 5172 contra
3313 5118 3720 5190 imperatorem

2079 5207 2421 5278 gerendum,
2456 5205 2706 5260 maxime
2739 5207 2891 5275 quod
2925 5223 3054 5260 cum
3087 5206 3439 5262 exercitibus
3471 5208 3720 5264 istarum

2080 5295 2384 5367 regionum
2418 5295 2674 5349 nondum
2709 5293 3032 5349 collocutus
3055 5295 3457 5368 fuerat,neque
3485 5303 3721 5355 consta-

2084 5385 2180 5439 bat
2203 5388 2397 5437 utrum
2426 5382 2477 5437 ei
2509 5399 2570 5437 se
2602 5382 2687 5437 illi
2719 5388 2918 5438 essent
2945 5383 3164 5438 daturi.
3226 5385 3546 5457 Eapropter
3601 5404 3724 5443 ces-

2082 5474 2270 5539 sabat,
2305 5479 2362 5526 et
2392 5471 2463 5527 iis
2493 5471 2591 5542 qui
2643 5488 2755 5525 non
2788 5472 2931 5525 satis
2963 5471 3210 5527 consilia
3232 5473 3418 5542 ipsius
3448 5491 3725 5548 asseque-

2085 5563 2316 5626 bantur,
2349 5561 2717 5632 tergiversari
2749 5560 3074 5616 videbatur.
3125 5561 3194 5616 Et
3243 5567 3408 5618 erant
3451 5563 3523 5620 iis
3580 5565 3726 5621 locis

2082 5651 2141 5706 in
2175 5649 2436 5706 hibernis
2475 5651 2602 5706 duae
2660 5650 2949 5708 Francicm
2990 5650 3248 5724 legiones
3303 5669 3368 5708 ac
3425 5669 3542 5708 una
3586 5654 3726 5711 Ros-
