3968 6140
394 341 511 399 355

1733 335 2051 397 GEORGII
2094 335 2431 396 CEDRENI

3633 355 3731 414 3336

392 477 516 532 sica
550 477 650 532 :de
681 472 895 546 quibus
926 487 1139 542 magna
1170 487 1302 525 eum
1331 471 1563 525 tenebat
1596 468 1994 534 sollicitudo,n

2103 509 2114 533 γ
2146 487 2228 520 σιν
2261 467 2350 538 ἦν,
2407 465 2548 540 μηδὲ
2595 466 2976 544 πληροφορίαν
3027 468 3278 546 ἐσχηκὼς
3313 472 3354 526 εἰ
3383 475 3729 554 προσδεχθήσε.

390 566 464 620 iis
499 561 826 636 conjuratio
877 559 1171 614 suboleret
1209 559 1281 614 ab
1328 559 1516 630 iisque
1576 557 2035 630 comprehensus

389 653 726 725 imperatori
760 651 1114 705 mitteretur.
1148 649 1276 702 Hinc
1308 665 1442 720 ergo
1475 647 1671 702 omnia
1708 649 2030 701 Ambustus

392 745 680 812 metuens,
716 741 1000 811 tantisper
1055 741 1192 792 dum
1258 755 1318 792 se
1372 738 1428 791 in
1480 744 1603 793 tuto
1663 738 2030 806 collocasset,

391 835 667 890 625mm
697 828 1152 885 differebatJam
1185 834 1380 882 autem
1441 828 1731 897 negotium
1793 844 2028 899 aggres-

392 943 567 981 surus
606 922 790 994 primo
823 921 1082 974 omnium
1117 918 1611 989 conspiratianem
1648 917 1886 972 famulis
1934 935 2027 972 co-

387 1015 696 1085 gnatisque
727 1009 849 1064 suis
880 1008 1097 1078 detegit
1122 1025 1134 1073 ;
1157 1009 1357 1078 etjam
1379 1007 1613 1078 agnime
1635 1007 1891 1062 virorum
1923 1008 2027 1062 cir-

386 1102 530 1156 citer
561 1097 720 1153 mille
745 1095 1014 1168 stipatus,
1056 1095 1262 1148 exinde
1302 1094 1476 1148 etiam
1537 1112 1738 1149 eorum
1799 1095 2027 1150 animos

381 1189 591 1257 quibus
642 1187 841 1240 minus
891 1191 1046 1238 certo
1096 1182 1310 1236 lidebat
1369 1183 1630 1247 tentavit,
1663 1183 2022 1254 isingulatim

381 1277 664 1349 principio
698 1272 1011 1327 nobiliores
1044 1272 1172 1341 ejus
1230 1269 1341 1325 loci
1401 1271 1755 1339 periclitans,
1817 1271 2025 1326 deinde

383 1366 663 1438 paulatim
739 1361 1003 1416 fortiores
1051 1376 1116 1413 ac
1177 1358 1592 1414 bellicosiores.
1657 1359 1879 1424 Quibus
1969 1361 2027 1414 in

380 1471 547 1510 suam
583 1451 934 1508 sententiam
971 1450 1296 1519 pertractis,
1331 1456 1532 1519 postea
1584 1448 2020 1503 multitudinem

381 1559 609 1615 quoque
641 1541 751 1596 sibi
774 1538 1084 1594 conciliare
1116 1554 1432 1608 aggressus
1467 1543 1573 1592 est.
1609 1538 1834 1592 Etenim
1864 1538 2017 1594 litte-

376 1652 471 1688 ras
497 1631 660 1686 ﬁnxit
689 1629 904 1700 quibus
935 1628 1005 1681 ab
1039 1627 1387 1696 imperatore
1409 1627 1738 1697 juberetur,
1765 1629 2018 1698 acceptis

375 1723 564 1776 tribus
592 1719 881 1774 sociorum
915 1723 971 1771 et
1003 1717 1232 1770 duabus
1255 1715 1702 1785 lColoniensium
1737 1733 1803 1771 ac
1850 1717 2014 1771 Chal-

2141 577 2248 610 ται.
2318 557 2418 613 Καὶ
2488 554 2578 611 διὰ
2642 563 2806 612 τοῦτο
2875 556 3052 633 ἤργει,
3099 561 3187 615 καὶ
3246 560 3536 629 ἀναδύεσθαι
3588 567 3732 626 ὲδὸχει

2141 650 2260 707 τοῖς
2322 647 2399 718 μὴ
2437 644 2620 708 καλῶς
2650 646 3074 721 ἐσοοχασμένοις
3105 650 3210 704 τῶν
3244 653 3357 705 κατ’
3385 654 3542 708 αὐτόν·
3595 660 3729 714 νιετυ,

2142 753 2241 808 χον
2274 736 2374 810 γὰρ
2405 739 2485 807 τῷ
2526 734 2649 789 τότε
2677 740 2852 810 καιρῷ
2900 734 2995 790 δύο
3051 739 3302 812 τάγματα
3358 747 3610 820 Φραγγικά
3657 751 3729 802 καὶ

2139 823 2396 879 Ῥωσικὸν
2445 820 2500 878 ἓν
2561 823 2998 900 ἐπιχωριάζοντα
3017 832 3095 898 τῷ
3141 827 3294 901 τόπῳ
3349 831 3473 905 πρὸς
3502 855 3726 911 παραγει-

2145 912 2359 985 μασίαν’
2410 914 2534 988 περί
2589 912 2660 967 ὧν
2721 912 2887 969 πλέον
2944 915 3268 994 ἐφρόντιζεν,
3321 916 3408 974 ’ίνα
3465 925 3532 993 μὴ
3573 905 3728 978 συναι-

2139 1003 2381 1071 σθῆσεως
2411 1001 2709 1076 γενομένης
2742 1001 3077 1082 συλληφθεὶς
3110 1005 3197 1059 ὑπ’
3230 1005 3396 1061 αὐτῶν
3439 1009 3726 1089 ἐκπεμφθειη

2133 1094 2211 1162 τῷ
2271 1090 2506 1166 βασιλεῖ.
2566 1096 2740 1146 Ταῦτα
2807 1094 2978 1147 πάντα
3033 1091 3289 1157 δεδοικὼς
3343 1095 3541 1173 ἐπεῖχεν
3595 1102 3727 1157 αὐτὸν

2138 1180 2333 1256 μέχρις
2384 1178 2441 1233 ἂν
2504 1178 2796 1254 ἀσφάλειαν
2849 1185 3274 1257 περιποιήσηται
3321 1185 3504 1258 ἑαυτῷ.
3529 1186 3654 1258 ἽΙδη
3684 1189 3729 1246 δὲ

2137 1267 2358 1342 μέλλων
2438 1269 2736 1345 ἐπιχειρεῖν
2803 1276 2883 1343 τῷ
2953 1270 3117 1347 ἔργῳ,
3198 1273 3287 1327 καὶ
3362 1273 3537 1330 ἑαυτοῦ
3599 1279 3727 1350 θερά-

2132 1380 2289 1413 πουσι
2348 1359 2438 1413 καὶ
2496 1357 2768 1435 συγγενέσι
2823 1361 3086 1437 πρότερον
3143 1365 3242 1432 τήν
3291 1359 3570 1433 ἐπιϐουλὴν
3621 1367 3703 1422 ἀνα

2130 1445 2408 1521 καλύψαςς
2466 1447 2554 1502 καὶ
2613 1446 2720 1520 ἤδη
2783 1455 2947 1525 χεῖρα
3001 1451 3126 1526 περὶ
3185 1451 3344 1507 αὐτὸν
3376 1455 3732 1528 συστησάμενος

2128 1534 2335 1610 ἀνδρῶν
2387 1535 2612 1610 χιλίων,
2663 1536 2855 1592 λοιπὸν
2909 1539 2997 1592 καὶ
3055 1544 3164 1593 τῶν
3217 1541 3278 1595 οὗ
3337 1543 3471 1596 πάνυ
3527 1539 3727 1617 βεϐαίων

2128 1626 2522 1700 ἀποπειρᾶσθαι
2575 1623 2816 1701 ἤρχετο,
2877 1629 2992 1681 καθ’
3047 1626 3137 1683 ἕνα
3193 1631 3286 1702 μὲν
3343 1631 3585 1704 πρότερον
3633 1638 3726 1687 τῶν

2125 1713 2532 1787 ἐπισημοτέρων
2591 1720 2688 1768 τοῦ
2739 1716 2910 1769 τόπου
2964 1715 3289 1790 ἁπτόμενος,
3327 1720 3433 1774 εἶτα
3481 1722 3558 1774 καὶ
3613 1723 3729 1775 κατὰ

373 1812 578 1866 dorum
607 1805 956 1880 legionibus,
989 1807 1269 1861 adversus
1300 1805 1660 1860 Samuchum
1695 1805 1997 1875 proficisci.

2125 1807 2318 1878 μικρὸν
2366 1809 2471 1857 τῶν
2502 1805 2889 1879 γενναιοτέρων
2939 1807 3167 1861 καὶτῶν
3223 1809 3724 1883 στρατιωτικωτέρων

371 1902 485 1957 Has
529 1900 790 1971 quinque
849 1897 1101 1966 legiones
1141 1897 1197 1950 in
1247 1912 1518 1966 campum
1578 1899 1647 1951 ad
1706 1897 2010 1968 Nicepolin

368 1990 679 2048 convenire
705 1988 903 2058 jussit,
937 1994 1112 2058 atque
1145 1986 1251 2040 hac
1282 1994 1367 2040 est
1402 2003 1546 2040 usus
1579 1986 1635 2039 in
1670 1987 1741 2041 iis
1775 1987 1884 2042 sibi
1908 1988 2008 2042 ob-

367 2079 726 2152 stringendis
757 2086 900 2131 arte.
947 2074 1208 2145 Singulis
1252 2075 1459 2129 diebus
1515 2074 1862 2129 adnumium
1908 2076 2008 2128 lin-

364 2187 509 2243 gens
539 2184 773 2226 summa)
797 2183 968 2221 mane
998 2182 1176 2236 eques
1207 2166 1437 2232 exibat;
1459 2181 1526 2219 ac
1559 2165 1757 2235 procul
1785 2169 1856 2220 ab
1875 2165 2006 2220 aliis

362 2259 694 2314 subsistens
727 2255 917 2326 primo
951 2254 1154 2307 ducem
1190 2253 1258 2306 ad
1285 2269 1346 2306 se
1377 2253 1638 2318 vocabat,
1677 2253 1844 2323 eique
1898 2269 2004 2308 suo

360 2347 631 2402 instituto
661 2345 919 2415 exposito
945 2342 1288 2396 ostendebat
1317 2346 1418 2395 aut
1477 2342 1844 2396 moriendum
1904 2347 2004 2397 aut

357 2433 798 2490 assentiendum
833 2447 980 2498 esse,
1018 2429 1229 2484 deinde
1261 2429 1608 2500 singulatim
1644 2430 1880 2484 ordines
1913 2446 2002 2486 eo-

2121 1893 2593 1966 άποπειρώμενος.
2657 1894 2804 1948 Ἐπεὶ
2865 1892 2923 1948 δὲ
2979 1893 3220 1967 ἠδυνήθη
3251 1898 3387 1960 τὲως
3416 1899 3534 1960 τοὺς
3561 1899 3725 1969 ἐπιση-

2125 1983 2384 2056 μοτὲρους
2432 1983 2566 2054 πρὸς
2617 1983 2800 2038 ἑαυτὸν
2852 1982 3264 2054 ἐπισπάσασθαι,
3313 1985 3498 2042 λοιπὸν
3551 1986 3726 2063 ἤρξατο

2116 2071 2205 2126 καὶ
2261 2077 2378 2134 τοῖς
2436 2069 2670 2142 πλήθεσι
2728 2072 2985 2148 παρέχειν
3044 2081 3254 2148 πεῖραν
3316 2077 3597 2151 γράμματα
3638 2077 3726 2152 γὰρ

2116 2159 2465 2232 πλασάμενος
2527 2160 2785 2236 βασιλικὰ
2842 2162 2915 2223 ὡς
2975 2159 3054 2232 ε”η
3116 2166 3570 2240 προστεταγμένον
3600 2165 3726 2237 αὐτῷ

2114 2246 2434 2320 ἀνειληφότι
2463 2249 2528 2304 τά
2552 2254 2658 2304 τῶν
2701 2250 3011 2326 συμμάχων
3039 2250 3165 2325 τρία
3194 2251 3442 2328 τάγματα
3487 2255 3568 2308 καὶ
3621 2253 3729 2316 τοὺς

2115 2337 2208 2394 δύο
2255 2343 2364 2392 τῶν
2414 2361 2473 2393 τε
2521 2337 2911 2394 Κολωνειατῶν
2955 2339 3044 2394 καὶ
3075 2345 3180 2395 τῶν
3229 2339 3482 2398 Χαλδίων
3511 2343 3725 2406 ἀνελθεῖν

2109 2428 2244 2484 κατὰ
2292 2432 2388 2482 τοῦ
2451 2426 2704 2502 Σαμοὺχ,
2769 2429 2861 2483 καὶ
2917 2428 2984 2483 τὰ
3040 2429 3195 2484 πέντε
3245 2436 3416 2486 ταῦτα
3465 2433 3591 2486 κατὰ
3640 2433 3726 2500 τήν

2108 2515 2335 2572 πεδιάδα
2387 2524 2484 2586 τῆς
2540 2516 2895 2579 Νικοπόλεως
2915 2518 3260 2591 ἀθροισθῆναι
3305 2520 3570 2589 κελεύσας,
3603 2520 3724 2574 οὕτω

2106 2607 2204 2674 τὴν
2273 2610 2464 2680 πεῖραν
2536 2606 2897 2680 προσήγαγεν·
2978 2605 3059 2683 ἐφ’
3132 2607 3328 2682 ἑκάστῃ
3401 2609 3502 2683 γὰρ
3567 2608 3726 2682 ἡμέρᾳ

2107 2692 2397 2766 ἀδνοῦμιον
2449 2696 2554 2767 (49)
2601 2691 2996 2766 πλαττόμενος,
3033 2694 3267 2768 πρωΐθεν
3326 2696 3720 2769 ἐξιππαζόμενος

2104 2783 2196 2838 καὶ
2227 2782 2416 2859 πόρρω
2464 2786 2571 2836 τῶν
2605 2778 2788 2836 ἄλλων
2846 2783 3105 2857 ἀφιστῶν,
3166 2789 3385 2858 πρῶτον
3443 2786 3532 2857 μὶν
3562 2783 3718 2838 ἐκάλει

355 2525 488 2578 dem
515 2523 688 2578 modo
720 2537 786 2576 ac
811 2519 1145 2575 conditione
1179 2535 1193 2585 ;
1227 2523 1402 2588 atque
1433 2519 1541 2572 hoc
1583 2525 1750 2589 pacto
1795 2536 1998 2575 omnes

354 2614 528 2669 etiam
563 2613 777 2666 invitos
807 2611 877 2665 ad
911 2615 1345 2664 sacramentum
1380 2609 1693 2662 dicendum
1725 2609 1839 2664 sibi
1892 2611 1996 2664 ad-

351 2702 490 2773 egit.
526 2701 718 2756 Primo
743 2700 1037 2755 Romanas
1066 2696 1326 2768 legiones
1360 2697 1528 2765 duas,
1561 2697 1771 2752 deinde
1797 2698 1994 2752 dome-

354 2793 549 2855 sticas,
578 2791 795 2860 postea
843 2785 1018 2840 etiam
1074 2784 1409 2855 peregrinas
1457 2785 1719 2839 tentavit.
1771 2786 1994 2849 Quibus

352 2879 498 2949 ipsis
531 2892 765 2948 quoque
793 2873 958 2928 facile
982 2873 1262 2945 perculsis
1289 2873 1746 2943 juramentoque
1776 2875 1988 2928 obstri-

349 2968 480 3029 ctis,
507 2968 630 3036 jam
667 2970 822 3018 metu
857 2979 1103 3023 vacuus,
1135 2961 1393 3015 collectis
1441 2961 1595 3016 026
1632 2962 1988 3030 Sebastenis,

347 3050 1042 3125 Melitenis,Tephricanis
1055 3049 1415 3122 reliquisque
1431 3051 1722 3105 Armeniis
1741 3053 1991 3106 ducibus

343 3163 408 3202 ac
443 3145 752 3209 militibus,
786 3144 894 3196 iter
915 3147 1003 3197 est
1034 3142 1362 3212 ingressus,
1396 3139 1603 3195 nuntio
1638 3143 1709 3194 ad
1742 3141 1987 3196 Comne-

343 3252 485 3289 num
521 3231 842 3304 praemisso,
877 3246 985 3284 sua
1010 3246 1071 3284 se
1102 3234 1257 3284 recte
1288 3229 1710 3300 composuisse,
1736 3231 1983 3300 jamque

339 3340 472 3378 cum
506 3321 713 3377 validis
743 3319 927 3390 cepiis
958 3319 1294 3373 adventare.
1324 3318 1424 3372 llis
1466 3318 1684 3373 auditis
1737 3320 1979 3374 Comne-

338 3430 472 3477 nus,
508 3413 607 3483 qui
648 3411 929 3464 hactenus
963 3407 1208 3461 timidus
1241 3408 1428 3461 fuerat
1483 3413 1657 3478 atque
1715 3409 1979 3478 pavidus,

335 3502 598 3555 animum
629 3499 846 3568 recepit
880 3498 985 3551 hoc
1015 3496 1138 3550 viso
1171 3502 1376 3566 estque
1427 3498 1614 3551 factus
1663 3497 1976 3554 audacior:

336 3592 651 3645 adventum
685 3595 877 3642 tamen
915 3586 1183 3643 Ambusti
1216 3587 1650 3656 exspectavitls
1681 3587 1739 3641 in
1772 3589 1978 3644 itinere

336 3679 741 3733 Armeniacam
766 3676 937 3731 etiam
967 3674 1643 3745 legionem,quamquam
1666 3675 1976 3748 nolentem,

332 3771 421 3826 sui
449 3770 602 3837 juris
637 3768 788 3831 fecit,
825 3766 1136 3838 provincias
1165 3766 1528 3837 principibus
1575 3767 1784 3837 partim
1822 3772 1975 3823 ultro

331 3875 391 3914 se
424 3859 472 3912 ei
507 3854 1205 3928 adjungentibus,partim
1235 3855 1342 3908 hoc
1376 3859 1440 3909 ut
1463 3855 1718 3910 facerent
1738 3857 1970 3913 coactis.

331 3955 522 4019 Atque
581 3947 894 4001 itineribus
941 3944 1171 4011 magnis
1220 3944 1290 3997 ad
1364 3947 1724 3998 Comnenum
1800 3948 1972 4002 venit.

327 4037 658 4092 Comnenus
684 4033 881 4088 omnia
925 4034 1050 4102 jam
1110 4048 1218 4085 sua
1264 4037 1426 4085 extra
1475 4031 1796 4101 perieulum
1847 4051 1975 4090 esse

325 4125 639 4189 arbitrans,
667 4140 904 4178 uxorem
938 4126 994 4176 et
1023 4122 1364 4175 thesaurum
1398 4119 1612 4174 Joanni
1651 4123 1812 4176 fratri
1867 4140 1973 4179 suo

325 4229 604 4285 germano
636 4209 1343 4278 tradit,Pemolissamque
1368 4209 1664 4270 amandat,
1699 4213 1850 4280 quod
1885 4219 1975 4268 est

327 4301 453 4370 rupi
490 4301 733 4354 insitum
768 4297 1072 4352 castellum
1099 4298 1167 4349 ad
1205 4297 1388 4366 ripam
1429 4295 1584 4349 Ilalis
1617 4297 1799 4352 Fuvii.
1850 4301 1972 4370 lpse

324 4388 762 4444 cum-universo
785 4385 1038 4441 exercitu
1097 4384 1444 4454 Sangarium
1495 4401 1725 4438 amnem
1778 4393 1970 4444 trans-

321 4495 582 4550 gressus,
612 4477 818 4532 t'austis
851 4473 1370 4530 acclamationibus
1392 4479 1449 4526 et
1476 4472 1971 4542 gratulationibus

2102 2873 2192 2927 τὸν
2246 2872 2490 2945 ἡγεμόνα
2518 2870 2606 2926 καὶ
2634 2873 2735 2940 τὴν
2772 2871 2976 2946 βουλὴν
3010 2871 3401 2943 ἀνεκάλυπτεν,
3435 2874 3506 2935 ὡς
3538 2873 3715 2948 ἀνάγκη

2101 2968 2214 3017 τοῖν
2271 2959 2418 3016 δυοῖν
2481 2963 2699 3035 θάτερον
2742 2963 2957 3036 πρᾶξαι,
3018 2960 3051 3030 ἢ
3113 2962 3391 3018 συνθέσθαι
3447 2967 3558 3023 τοῖς
3611 2961 3717 3036 παρ’

2103 3051 2265 3106 αὐτοῦ
2322 3049 2646 3124 λεγομένοις
2680 3047 2715 3118 ἢ
2763 3057 2863 3118 τῆς
2899 3049 3143 3128 κεφαλῆς
3197 3052 3473 3128 ἀφαίρεσιν
3509 3050 3716 3116 ὑποστῆ-

2100 3142 2300 3206 σεσθαι,
2363 3139 2475 3194 εἶτα
2525 3139 2670 3208 τάξιν
2702 3138 2828 3211 μίαν
2863 3138 3043 3193 ἐκάλει
3101 3139 3191 3194 καὶ
3224 3140 3389 3196 πάλιν
3423 3137 3614 3209 ἄλλην,
3639 3138 3712 3191 καὶ

2097 3232 2185 3285 τὸν
2243 3228 2362 3282 ⁹ίσον
2393 3229 2594 3300 τρόπον
2643 3233 2816 3282 ποιῶν
2866 3229 3066 3289 πάντας
3111 3229 3200 3282 καὶ
3255 3231 3484 3290 ἄκοντας
3523 3224 3713 3303 ὥρκισε.

2090 3319 2195 3376 Καὶ
2271 3324 2486 3392 πρῶτον
2574 3316 2667 3390 μὶν
2747 3316 3050 3393 ὑπηγάγετο
3133 3317 3198 3372 τὰ
3277 3316 3374 3373 δύο
3456 3315 3714 3390 Ῥωμαϊκά

2088 3408 2337 3483 τάγματα
2372 3452 2385 3477 ,
2451 3407 2564 3479 μετ’
2621 3404 2799 3460 ἐκεῖνα
2859 3403 2916 3460 δὲ
2969 3406 3058 3460 καὶ
3115 3406 3245 3468 τοὺς
3306 3407 3538 3468 οἴκείους
3595 3407 3709 3475 (50),

2091 3494 2276 3551 ἔπειτα
2303 3497 2389 3550 καὶ
2437 3501 2554 3556 τοῖς
2587 3493 2636 3565 ἐξ
2669 3493 2834 3558 ἐθνῶν
2868 3497 3188 3570 προσήγαγε
3245 3496 3343 3558 τὰς
3400 3488 3708 3571 προσϐολάς.

2087 3583 2310 3657 Ῥᾳδίως
2345 3582 2402 3640 δὲ
2428 3585 2654 3647 τούτους
2683 3581 3168 3656 καταπληξάμενος
3219 3586 3313 3639 καὶ
3363 3581 3506 3658 ὅρκῳ
3561 3582 3710 3654 ἐμπε-

2087 3672 2396 3747 δωσάμενος
2444 3674 2535 3729 καὶ
2582 3670 2690 3742 ἤδη
2747 3672 2797 3726 ἐι
2863 3677 2942 3744 τῷ
2991 3669 3180 3750 ἀφόϐῳ
3237 3658 3544 3749 γενόμενος,
3599 3668 3708 3724 τοὺς

2087 3759 2458 3833 Σεϐαστηνοὺς
2501 3762 2591 3816 καὶ
2638 3760 2764 3815 τοὺς
2816 3759 3155 3831 Μελιτηνοὺς
3201 3765 3291 3818 καὶ
3347 3762 3472 3823 τοὺς
3518 3763 3574 3815 ix
3622 3765 3707 3823 τῆς

2083 3859 2348 3931 Τειρρικῆς
2399 3853 2486 3906 καὶ
2533 3855 2640 3905 τῶν
2699 3849 2911 3905 λοιπῶν
2970 3850 3268 3924 Ἀρμενίων
3332 3854 3593 3927 ἄρχοντας
3633 3845 3708 3901 καὶ

2085 3941 2416 4002 στρατιώτας
2475 3939 2824 4012 συναθροίσας
2870 3939 3048 4013 ἥψατο
3087 3947 3186 4008 τῆς
3235 3941 3482 4017 πορείας,
3524 3936 3710 4011 προάγ-

2081 4029 2242 4107 γελον
2303 4028 2517 4089 στείλας
2575 4029 2709 4103 πρὸς
2765 4028 2854 4082 τὸν
2912 4029 3218 4100 Κομνῃνὸν,
3286 4030 3362 4090 ὡς
3422 4026 3500 4097 ε’ίη
3553 4046 3606 4080 τε
3654 4024 3711 4075 τὰ

2081 4121 2196 4174 κατ’
2255 4118 2412 4173 αὐτὸν
2469 4119 2523 4171 εὖ
2583 4114 2823 4186 διαθεὶς,
2891 4117 2980 4172 καὶ
3040 4119 3113 4179 ὡς
3164 4115 3276 4188 ἤδη
3338 4118 3539 4172 κάτεισι
3593 4112 3711 4186 μετᾶ

2086 4209 2304 4285 βαρείας
2359 4204 2664 4277 δυνάμεως·
2722 4204 2890 4262 Αὗται
2949 4203 3006 4260 δὲ
3059 4207 3113 4259 αἱ
3173 4206 3428 4281 ἀγγελίαι
3463 4199 3708 4276 θυμηδίας

2079 4318 2137 4352 τε
2188 4297 2276 4350 καὶ
2340 4294 2588 4365 λήματος
2640 4293 2959 4365 ἐμπιπλῶσι
3011 4294 3102 4348 τὸν
3160 4295 3475 4369 Κομνηνὸν,
3507 4291 3591 4347 καὶ
3618 4287 3707 4348 ἓως

2081 4385 2281 4441 ἐκείνου
2365 4383 2738 4456 ἀτολμότατος
2829 4384 2918 4438 καὶ
3011 4386 3378 4460 κατεπτηχὼς
3469 4382 3706 4453 ὑπάρχων

2077 4473 2491 4549 τολμηρότερος
2549 4474 2636 4527 ἀπ’
2696 4472 2898 4527 ἐκείνου
2947 4473 3036 4527 καὶ
3092 4473 3534 4550 θαῤῥαλεώτερος
3583 4468 3706 4544 γίνεο

323 4565 673 4634 celebratus,
697 4564 854 4619 lento
881 4564 1112 4617 incessu
1139 4562 1208 4616 ad
1244 4561 1497 4616 Nicaaam
1530 4563 1736 4618 tendit.
1783 4564 1966 4622 Nove-

2103 4585 2203 4620 και.
2271 4565 2463 4634 ’Ὀμως
2519 4560 2819 4635 προσέμενε
2875 4563 2974 4630 τήν
3033 4561 3239 4617 ἐκείνου
3293 4561 3606 4637 παρουσίαν.
3658 4557 3705 4606 Ὃ

1516 4705 1871 4764 XYLANDBI
1912 4711 2000 4766 ET
2037 4710 2252 4767 GOARI
2294 4706 2524 4762 NOTAE.

388 4810 501 4878 (49)
524 4809 672 4874 Quid
705 4808 813 4862 hoe
845 4803 1110 4878 vocabuli
1143 4803 1238 4878 sit,
1265 4801 1475 4878 quidve
1505 4801 1597 4878 rei
1645 4804 1956 4877 signiﬁcet,

319 4871 793 4936 no‘ndnmdidici.
833 4871 1302 4944 Χγι.⁷Αδνούμιον
1335 4872 1628 4944 descriptio
1661 4871 1902 4933 militum
1936 4871 1969 4935 ὁ.

319 4951 593 5008 tribunis.
627 4951 914 5005 exercitus
945 4946 1570 5017 duce,velquandoque
1603 4947 1673 4999 ab
1705 4948 1832 5018 ipso
1857 4951 1963 5004 im-

320 5028 582 5092 peratore
605 5023 866 5076 facienda
885 5021 989 5077 :illi
1014 5035 1144 5073 vero
1167 5034 1233 5072 ex
1248 5018 1441 5092 ofticto
1464 5018 1800 5073 attendebat
1819 5021 1846 5073 ὁ
1867 5021 1962 5091 μὲ-

314 5088 415 5166 γας
504 5090 925 5164 ἀδνουμιαστής,
1013 5106 1251 5166 magnus
1307 5088 1720 5166 adnurmera’tor,
1794 5088 1965 5163 cujus

318 5159 420 5236 per
450 5181 512 5219 se
545 5159 700 5220 vices
733 5166 824 5218 hic
851 5159 1193 5232 exsequitur
1223 5159 1774 5236 imperator._Goaa.

387 5235 498 5308 (50)
533 5241 694 5290 li‘orte
727 5237 826 5307 qui
883 5253 952 5290 ex
997 5231 1065 5289 ea
1116 5232 1438 5308 _prov_incia_
1474 5231 1672 5308 scripti
1717 5233 1959 5308 ‘milita-

315 5301 489 5362 bant.
515 5301 1078 5377 Peregrinasautem
1115 5301 1374 5374 intelligo
1398 5301 1652 5377 Gallicas
1701 5304 1846 5359 duas
1906 5315 1962 5361 et

313 5374 666 5443 Rossicam,
702 5380 825 5448 ipse
867 5376 915 5448 ἐξ
977 5376 1140 5452 ἐθνῶν
1193 5381 1373 5452 vocat.
1429 5374 1588 5452 Quod
1645 5377 1814 5444 paulo
1855 5387 1961 5452 fest

308 5453 596 5520 sequitur.
633 5445 955 5518 antequam
989 5448 1368 5520 Comneniani
1400 5461 1530 5520 cum
1566 5445 1960 5520 imperatoriis

312 5518 876 5594 pugnarent,mutua
901 5521 1054 5594 inter
1075 5537 1180 5594 eos
1212 5519 1394 5594 fuisse
1426 5518 1646 5594 agitata
1670 5518 1960 5594 colloquia

307 5587 364 5648 et
394 5587 610 5649 alteros
644 5596 714 5648 ab
745 5592 946 5647 alteris
979 5591 1236 5645 vicissim
1271 5589 1338 5643 ad
1364 5587 1746 5645 defectionem
1796 5587 1955 5648 selli-

307 5668 542 5737 citatus,
580 5684 697 5724 nou
730 5663 985 5722 absurde
1016 5661 1314 5719 adnotavit
1369 5658 1668 5729 librarius,
1698 5661 1956 5721 alienum

2070 4824 2198 4862 esse
2233 4807 2337 4860 hoc
2369 4823 2401 4859 a
2433 4805 2849 4874 congressibus
2885 4804 3364 4860 militum.Verba
3395 4804 3521 4874 ejus
3551 4801 3699 4854 sunt:

2079 4875 2346 4933 Ἀνοίκεια
2455 4879 2621 4929 ταῦτα
2701 4879 2818 4935 ταῖς
2901 4879 3008 4928 τῶν
3095 4879 3442 4948 στρατιωτῶν
3532 4889 3700 4923 συντυ-

2126 4948 2249 5009 ίαις.
2285 4949 2351 5002 Et
2385 4965 2524 5001 sane
2555 4947 2830 5002 videntur
2859 4947 3042 5001 multo
3069 4947 3293 5014 justius
3326 4948 3463 5002 talia
3523 4956 3702 5014 repre-

2126 4969 2249 5009 ιαις.
2285 4969 2351 5002 [‘JL
2385 4969 2524 5001 sane
2556 4969 2829 5002 νιιιεῐιιυῐ*
2859 4969 3042 5001 ΙΠΠΙῐΟ
3069 4969 3293 5014 ,11181105
3326 4969 3463 5002 [ulla
3525 4969 3696 5012 Περιτ-

2076 4969 2255 5076 iiendi
2289 5037 2462 5091 quam
2491 5019 2692 5074 Glauci
2716 5036 2848 5072 cum
2872 5020 3142 5073 Diomede
3165 5020 3524 5090 colloquium
3548 5010 3696 5069 illud.

2075 5095 2180 5147 Sed
2214 5109 2315 5146 nos
2349 5092 2441 5144 hic
2471 5091 2792 5146 arlnotandi
2829 5091 3000 5144 linem
3053 5091 3324 5146 lacimus.
3387 5095 3592 5142 Caetera
3642 5099 3702 5136 ex

2075 5164 2323 5220 lectione
2409 5167 2465 5216 et
2551 5162 2988 5232 comparatione
3063 5161 3313 5216 aliorum
3369 5160 3695 5228 scriptorum

2076 5240 2298 5306 repetat
2326 5233 2505 5287 lector
2538 5251 2550 5289 :
2587 5250 2692 5287 nos
2731 5233 2895 5306 enim
2943 5249 3130 5306 neque
3187 5233 3482 5287 voluimus
3529 5239 3699 5306 neque

2077 5303 2376 5373 potuimus
2407 5306 2600 5357 omnia
2635 5304 2920 5374 persequi.
2955 5305 3016 5358 Et
3048 5321 3173 5373 quas
3206 5312 3484 5376 praeterea
3521 5303 3695 5376 de_re'

2075 5369 2182 5433 bus
2221 5376 2444 5444 imperii
2479 5369 2763 5444 Cpolitani
2798 5369 3104 5440 habemus,
3139 5369 3244 5430 suo
3272 5383 3530 5446 tempore
3575 5369 3693 5433 (Deo

2070 5448 2766 5514 volente;evulgabimus,
2804 5455 2866 5501 ut
2916 5447 3276 5502 doctioribus
3320 5445 3492 5501 simul
3545 5449 3697 5517 atque

2074 5511 2778 5576 indoctioribuslaborem
2815 5519 2925 5574 ista
2963 5519 3346 5586 conquirendi
3391 5511 3695 5572 scrutandi-

2070 5609 2183 5664 quc
2213 5592 2569 5664 minuamus,
2605 5607 2670 5647 ac
2706 5590 2984 5646 nonnulla
3016 5591 3189 5664 etiam
3226 5607 3356 5663 qua:
3388 5589 3571 5646 adhuc
3605 5595 3694 5636 n08

2070 5663 2347 5735 fugerunt
2375 5663 2568 5719 venati
2604 5679 3018 5735 proponamus.
3053 5663 3182 5719 XYL.
