3972 6146
253 320 378 378 357

1405 306 1946 370 ΗΙΞΤΟΒῘΑΒῘΪΜ
1995 305 2542 368 COMPICNDIUM.

3566 313 3688 375 358

267 446 316 502 δὲ
367 447 422 501 ἐν
482 449 565 518 τῷ
611 445 850 500 κατιέναι
901 445 991 498 καὶ
1037 443 1099 496 τὸ
1157 439 1342 516 τάγμα
1388 445 1493 494 τῶν
1553 441 1919 512 Ἀρμενιακῶν

2087 443 2130 493 ιι
2159 439 2336 506 enim,
2368 440 2414 493 si
2446 439 2553 495 hac
2584 442 2726 497 urbe
2769 442 3074 513 potiretur,
3107 460 3168 499 se
3211 445 3283 500 ad
3314 445 3539 504 incerta
3571 449 3685 504 for-

277 537 364 589 καὶ
422 556 555 590 ακον
611 532 1018 608 ὑπαγαγόμενος
1074 533 1163 585 καὶ
1193 531 1318 592 τοὸς
1364 534 1460 584 τοῦ
1507 529 1736 602 θέματος
1769 546 1929 599 κορυ-

274 624 492 701 φαίους,
555 622 646 683 οῦς
711 623 806 693 μὲν
857 620 1072 681 ἑκόντας
1130 619 1220 681 οῦς
1277 616 1336 674 δέ
1390 615 1634 685 ἄκοντας,
1694 615 1784 670 καὶ
1829 615 1927 682 τὴν

267 713 492 787 πορείαν
561 710 851 774 ἐπιτείνας,
919 709 1093 773 ἐλθὼν
1176 709 1387 763 ἑνοῦται
1471 711 1549 778 τῷ
1631 708 1920 777 Κομνηνῷ.

261 803 406 858 Τότε
451 801 541 856 οῦν
603 798 808 862 ἐκεῖνος
866 797 916 852 ἐν
943 802 1020 868 τῷ
1053 797 1284 873 ἀσφαλεῖ
1329 796 1395 850 τὰ
1448 796 1564 849 κατ’
1596 793 1755 848 αὐτὸν
1791 792 1921 847 εἶναι

264 892 523 962 νομίσας,
581 891 664 961 [Ρ.
739 889 865 960 800]
943 887 1042 954 τήν
1129 886 1225 958 μὲν
1273 889 1500 961 γυναῖκα
1555 883 1645 938 καὶ
1697 881 1754 937 δν
1810 882 1924 956 εἶχε

275 979 520 1034 πλοῦτον
573 976 788 1048 Ἰωάννῃ
837 980 914 1046 τῷ
966 972 1288 1050 αύταδέλφῳ
1341 969 1615 1049 παραδοὺς
1658 971 1922 1042 ἐκπέμπει

277 1072 417 1142 τεο-ἰς
455 1069 514 1122 τὸ
563 1065 821 1144 φρούριον
874 1067 973 1133 τὴν
1023 1063 1381 1136 Πημόλισσαν
1411 1061 1602 1136 (πέτρα
1643 1057 1700 1115 δέ
1728 1063 1763 1128 ἡ
1806 1066 1920 1128 Πη-

277 1158 509 1229 μὸλισσα
555 1156 700 1230 παρὰ
743 1155 806 1208 τὸ
852 1153 1045 1229 χεῖλος
1095 1153 1320 1225 κειμένη
1372 1155 1468 1206 τοῦ
1512 1149 1720 1211 ’Ἅλυος
1752 1170 1922 1203 ποτα-

269 1250 425 1318 μοῦ),
480 1245 640 1305 αὐτὸς
686 1241 744 1298 δὲ
788 1244 918 1317 ἄρας
969 1243 1104 1315 μετά
1150 1241 1349 1304 παντὸς
1403 1244 1498 1294 τοῦ
1532 1243 1785 1315 στρατοῦ,
1834 1238 1923 1291 καὶ

260 1338 352 1390 τὸν
386 1335 689 1410 Σαγγάριον
740 1331 1064 1407 περαιωθεὶς
1111 1330 1386 1402 ποταμὸν,
1423 1330 1708 1404 ἀπήρχετο
1742 1326 1922 1403 σχολῇ

262 1425 347 1478 καὶ
413 1420 587 1497 βάδην
648 1422 783 1496 πρὸς
843 1421 1085 1490 Νίκαιαν,
1122 1418 1459 1492 ὑμνούμενός
1517 1438 1576 1472 τε
1627 1417 1717 1471 καὶ
1772 1417 1921 1469 ἀνευ-

263 1511 668 1588 ιΡ.η,,ις,-;μενι)ςα
732 1510 954 1584 ἐγνώκει
1019 1510 1121 1584 γάρ
1177 1508 1379 1576 ταύτην
1439 1504 1922 1577 παραστησάμενος

2043 534 2196 582 tunae
2229 545 2296 582 ea
2325 546 2424 599 pro
2457 531 2820 600 receptaculo
2854 531 2936 585 uti
2969 549 3139 603 posse
3166 559 3178 597 ;
3211 540 3267 588 et
3296 541 3526 608 tempus
3553 554 3689 593 con-

2042 618 2282 671 cedebat
2320 618 2672 673 exercitibus
2721 636 2786 674 ac
2831 621 3078 675 ducibus
3129 621 3463 693 imperatori
3497 627 3690 683 adhuc

2035 705 2209 760 fidem
2258 707 2627 762 servantibus
2659 724 2723 762 ea
2756 709 2898 762 urbe
2942 711 3278 766 excedendi.
3330 714 3558 770 Etenim
3593 732 3690 770 co-

2033 794 2191 864 gnito
2239 796 2487 849 adventu
2548 797 2844 864 Comneni,
2908 798 3009 869 qui
3069 799 3266 854 Nicaeae
3325 803 3473 859 627
3526 810 3693 860 erant

2033 884 2212 937 duces
2244 891 2415 952 atque
2468 884 2704 952 milites,
2762 887 2903 941 urbe
2937 887 3156 957 relicta,
3212 890 3429 947 milites
3473 893 3687 966 dilapsi

2034 973 2274 1027 domum
2307 974 2573 1044 quisquis
2605 992 2772 1029 suam
2808 992 2869 1029 se
2901 984 3264 1047 receperunt,
3292 981 3362 1036 do
3388 983 3687 1049 uxoribus,

2033 1063 2239 1116 liberis
2270 1062 2520 1133 aliisque
2567 1065 2937 1119 charissimis
2987 1069 3162 1120 rebus
3194 1070 3428 1124 solliciti
3465 1087 3476 1124 :
3511 1073 3689 1128 duces

2034 1151 2104 1204 ad
2143 1151 2554 1222 imperatorem
2590 1153 3016 1218 discesserunt,
3069 1158 3336 1212 nuntium
3375 1159 3422 1213 ei
3480 1161 3550 1214 de
3583 1163 3688 1216 ad-

2034 1245 2205 1294 ventu
2275 1242 2554 1295 Comneni
2625 1244 2954 1297 ail‘erentes.
3017 1244 3082 1298 Ηι
3143 1254 3310 1301 erant
3368 1249 3690 1321 Lychantes

2034 1328 2402 1384 orientalium
2437 1331 2554 1384 dux
2598 1331 2924 1400 copiarum,
2955 1332 3424 1407 Theophylactus
3467 1339 3688 1395 Mania-

2035 1434 2129 1472 ces
2163 1424 2219 1472 et
2251 1419 2565 1490 Phyemius
2604 1421 2823 1490 lberus,
2849 1421 3351 1480 Cbarsianitarum
3379 1427 3688 1500 phalangis

2037 1509 2236 1572 duces,
2273 1507 2558 1579 multique
2588 1509 2683 1562 alii
2719 1527 2830 1563 non
2864 1512 3180 1566 admodum
3216 1513 3495 1570 illustres.

267 1602 616 1673 ὁπμητήριον
650 1594 795 1673 ἔχειν
828 1598 962 1671 πρὸς
987 1598 1053 1651 τὰ
1081 1603 1179 1665 τῆς
1209 1597 1387 1671 τύχης
1417 1590 1702 1664 ἀϐούλητα
1727 1594 1815 1648 καὶ
1848 1593 2019 1654 οὕτως
2051 1593 2136 1647 ἐπὶ
2167 1596 2230 1647 τά
2263 1593 2449 1668 πρόσω
2481 1601 2706 1669 χωρεῖν.
2742 1593 2956 1650 Ἐδίδου
2981 1595 3038 1651 δέ
3063 1599 3152 1651 καὶ
3182 1601 3366 1675 καιρὸν
3391 1601 3687 1679 ἀναχωρή-

681 1658 719 1673 μ.
872 1658 958 1671 ιγ
1137 1658 1146 1665 -
1282 1658 1382 1671 ηρ
1619 1658 1629 1664 -
2307 1658 2313 1668 .
2484 1658 2582 1669 ιυ-
3277 1658 3285 1675 ι
3499 1658 3654 1679 ις..

277 1658 406 1751 tam;
441 1695 561 1750 τοῖς
593 1687 954 1763 στρατεύμασι
984 1688 1072 1741 καὶ
1103 1692 1221 1747 τοῖς
1254 1689 1579 1759 στρατηγοῖς
1612 1688 1728 1744 τοῖς
1760 1681 1876 1736 ὅσοι
1916 1683 2092 1737 πίστιν
2127 1681 2350 1756 ἐτήρουν
2383 1687 2461 1754 τῷ
2496 1682 2728 1757 βασιλεῖ.
2763 1686 2865 1739 Καὶ
2899 1685 3000 1759 γάρ
3034 1683 3100 1754 δὴ
3124 1687 3214 1741 καὶ
3250 1690 3510 1761 μαθόντες
3540 1693 3692 1748 οὗτοι

271 1781 364 1846 τῖεν
397 1780 540 1853 πρὸς
571 1777 796 1832 Νίκαιαν
827 1773 1038 1830 ἓλευσιν
1071 1775 1235 1829 αὐτοῦ
1268 1774 1561 1848 ὑπεχώρου
1593 1772 1775 1843 ἡρέμα
1806 1771 1894 1826 καὶ
1928 1769 2236 1837 διελύοντο,
2265 1773 2316 1824 οἱ
2365 1772 2458 1844 μέν
2512 1778 2835 1846 στρατιῶται
2890 1771 3072 1829 οἹκαδε
3103 1775 3328 1839 ’ἕκαστος
3376 1778 3550 1834 ἀπιὼν
3605 1783 3692 1835 οἷα

269 1868 393 1941 περὶ
429 1864 689 1941 γυναικὸς
723 1866 812 1920 καὶ
845 1863 1050 1918 παίδων
1082 1863 1171 1918 καὶ
1201 1868 1308 1918 τῶν
1341 1861 1527 1917 ἄλλων
1562 1858 1754 1922 δεδιὼς
1787 1859 2243 1933 ἀναγκαιοτάτων·
2277 1861 2327 1915 οἱ
2360 1858 2416 1915 δέ
2441 1863 2738 1936 στρατηγοὶ
2768 1862 3006 1935 ἀπῄεσαν
3031 1866 3169 1939 πρὸς
3194 1865 3441 1941 βασιλέα,
3466 1868 3689 1944 ἄγγελοι

269 1965 370 2026 τῆς
403 1956 639 2032 ἀφίξεως
666 1959 762 2009 τοῦ
797 1958 1084 2026 Κομνηνοῦ
1113 1953 1292 2025 τούτῳ
1317 1951 1621 2026 γινόμενοι.
1673 1951 1838 2006 Ἦσαν
1887 1947 1945 2003 δέ
1994 1950 2274 2018 Λυκάνθης
2324 1971 2381 2004 τε
2411 1952 2439 2004 6
2485 1955 2592 2004 τῶν
2627 1952 2996 2007 Ἀνατολικῶν
3029 1954 3318 2030 κατάρχων
3374 1960 3688 2034 ταγμάτων,

272 2045 659 2122 δεοφύλακτος
695 2046 722 2098 6
755 2042 1036 2113 Μανιάκης
1065 2043 1154 2106 καὶ
1179 2043 1448 2114 Πνυέμιος
1478 2041 1502 2094 ἳ
1532 2033 1694 2113 Ἵϐηρ
1721 2042 1820 2107 τῆς
1850 2038 2128 2115 φάλαγγος
2158 2044 2264 2093 τῶν
2299 2040 2669 2114 Χαρσιανιτῶν
2703 2042 3258 2114 ἡγεμονεύοντες,καὶ
3288 2033 3461 2102 ἄλλοι
3482 2047 3686 2104 πολλοὶ

271 2136 333 2189 οὐ
368 2134 497 2190 λίαν
531 2131 756 2209 ἔχοντες
785 2134 848 2186 τὸ
878 2132 1033 2202 ἐπίση
1047 2154 1170 2204 μον.

342 2240 493 2311 Ἤδη
528 2239 586 2295 δὲ
617 2240 706 2294 καὶ
739 2241 767 2294 6
824 2238 1079 2315 βασιλεὺς
1119 2237 1450 2313 γνωσθείσης
1481 2239 1632 2310 αύτῷ
1655 2244 1754 2307 τῆς
1787 2236 1924 2291 ἀπο-
1960 2243 2007 2308 Β

271 2331 499 2391 στασίας
536 2373 550 2395 ,
611 2331 697 2383 καὶ
755 2328 939 2395 ὅτιπερ
997 2330 1032 2397 ἡ
1089 2332 1231 2382 πᾶσα
1299 2328 1407 2400 ἑῴα
1458 2329 1738 2400 Ῥωμαϊκῆ
1800 2326 1925 2400 χεὶρ

273 2422 425 2488 πλὴν
490 2419 696 2493 ὀλίγων
759 2417 1035 2487 κεκίνηται
1091 2419 1207 2472 κατ’
1267 2416 1455 2487 αὐτοῦ,
1517 2412 1774 2489 πρέσϐεις
1830 2416 1924 2486 μὲν

273 2509 402 2584 περὶ
463 2508 690 2582 εἰρήνης
737 2506 837 2561 ούκ
865 2504 1155 2578 ἐδοκίμαζε
1211 2507 1465 2577 πέμπειν,
1526 2505 1704 2580 ἀρχὴν
1748 2503 1804 2558 δὶ
1827 2511 1926 2572 τῆς

276 2597 614 2657 ἀποστασίας
685 2593 761 2650 ἔτι
819 2594 1057 2669 ἐχούσης
1113 2595 1201 2649 καὶ
1252 2592 1565 2671 φλεγμονὴν
1623 2598 1730 2648 τῶν
1791 2613 1924 2659 πρα·

274 2687 506 2762 γμάτων
559 2683 919 2758 ηὖτρεπίζετο
979 2684 1069 2738 καὶ
1130 2683 1314 2751 αὐτὸς,
1367 2683 1456 2737 καὶ
1515 2685 1652 2759 πρὸς
1705 2683 1929 2736 ἀντιπα-

280 2775 500 2844 ράταξιν
556 2775 646 2827 τὸν
702 2772 885 2827 ἐνόντα
939 2773 1140 2846 τρόπον
1199 2771 1501 2840 ὡπλίζετο.
1563 2770 1930 2828 Μεταστειλά-

286 2885 446 2936 μενος
474 2863 574 2939 γὰρ
621 2864 716 2923 τὰς
765 2859 982 2925 δυτίκάς
1029 2862 1234 2922 ἁπάσας
1286 2859 1558 2933 δυνάμεις,
1607 2860 1698 2914 καὶ
1742 2861 1928 2934 ἄρχειν

279 2954 492 3007 τούτων
550 2951 657 3006 ἀπὸ
712 2956 822 3023 τῷν
882 2948 1200 3006 Μακεδόνων
1249 2949 1410 3020 τάξας
1465 2949 1590 3012 τοὺς
1641 2948 1699 3003 ἐκ
1746 2948 1933 3024 γένους

287 3040 548 3114 λαμπροῦ
639 3043 730 3094 καὶ
823 3037 884 3093 ἐκ
963 3039 1432 3114 προηγησαμένων

291 3127 616 3201 εὐδοκίμους
670 3129 948 3199 φανέντας,
1009 3127 1280 3199 ἀξιώμασί
1340 3148 1397 3182 τε
1451 3127 1542 3182 καὶ
1603 3125 1803 3201 δώροις
1845 3127 1934 3180 καὶ

669 3218 974 3292 χρημάτων
1062 3218 1308 3295 ἀφθόνως
1393 3215 1935 3295 φιλοφρονησάμενος

282 3308 376 3361 καὶ
433 3307 561 3368 τοὺς
619 3307 895 3379 ἡγεμόνας
955 3305 1044 3360 καὶ
1102 3305 1228 3367 τοὺς
1260 3307 1614 3381 στρατιώτας,
1670 3305 1737 3359 τά
1765 3326 1936 3379 παραυ

285 3396 501 3466 πλήσια
553 3393 610 3450 δὲ
662 3397 895 3464 ποιήσας
947 3395 1035 3449 καὶ
1093 3395 1228 3469 πρὸς
1274 3395 1342 3450 τὰ
1400 3395 1475 3466 μὴ
1536 3393 1939 3468 συναπαχθέντα

283 3485 399 3555 ἑῴα
449 3483 701 3557 τάγματα
752 3487 831 3554 τῷ
892 3485 1160 3555 Κομνηνῷ
1216 3481 1339 3550 ἤτοι
1396 3480 1521 3542 τοὺς
1588 3480 1940 3541 ἀνατολικοὺς

282 3573 376 3626 καὶ
406 3571 539 3632 τοὺς
593 3571 653 3624 ἐκ
698 3576 794 3625 τοῦ
828 3575 1155 3645 Χαρσιανοῦ,
1207 3571 1295 3624 καὶ
1345 3570 1644 3645 στρατηγὸν
1679 3568 1939 3644 αὐτοκρά-

1525 3039 1740 3112 ἀριστεο
1750 3039 1929 3110 μάτων

286 3217 578 3290 διανομαῖς

279 3681 422 3730 “rapa
468 3660 553 3714 καὶ
589 3658 828 3735 ἄρχοντα
853 3660 1002 3731 αύτῷ
1046 3655 1462 3734 προϐαλόμενος
1492 3659 1582 3712 τὸν
1619 3656 1936 3730 δομέστικον

275 3758 383 3818 τῆς
420 3748 724 3816 Ἀνατολῆς
756 3746 1157 3821 Θεόδωρον,τὸν
1182 3755 1282 3818 τῆς
1313 3747 1634 3823 βασιλίσσης
1657 3745 1936 3821 Θεοδώρας

276 3839 576 3912 εὐνοῦχον,
629 3835 904 3909 παραδοὺς
958 3836 1103 3909 αὐτῷ
1134 3837 1223 3891 καὶ
1258 3840 1596 3912 συνάρχοντα
1646 3836 1735 3890 καὶ
1795 3835 1938 3908 σύμ-

280 3923 517 3993 ϐουλον,
581 3926 657 3986 ὡς
688 3925 746 3980 ἂν
778 3925 832 3980 ἐν
893 3925 1128 3986 πολλοῖς
1161 3925 1496 4000 ἀγωνίσμασι
1524 3923 1771 3993 κατηθλη
1785 3924 1938 3997 μένον

281 4012 458 4091 ἄνδρα
515 4014 606 4068 καὶ
666 4012 899 4089 ἀδελφὸν
979 4015 1296 4089 ὑπάρχοντα
1363 4021 1462 4083 τῆς
1532 4014 1786 4088 γυναικὸς
1845 4017 1941 4066 τοῦ

285 4107 611 4176 Κομνηνοῦ,
661 4103 776 4156 στὸν
861 4103 1155 4178 μάγιστρον
1233 4103 1463 4175 Ἀαρὼν,
1538 4103 1628 4156 καὶ
1713 4101 1939 4170 Δούκαν,

2112 2241 2451 2304 Imperator,
2486 2242 2551 2292 ut
2579 2237 2650 2291 de
2677 2253 2744 2291 ea
2775 2238 3098 2293 defectione
3131 2242 3365 2296 rescivit
3393 2259 3458 2298 ac
3489 2250 3690 2301 contra

2037 2343 2099 2381 se
2132 2327 2246 2380 fere
2276 2341 2479 2379 omnes
2514 2326 2910 2380 Romanorum
2947 2328 3147 2398 copias
3181 2335 3410 2385 coortas
3441 2335 3688 2402 audivit,

2035 2413 2259 2484 legatos
2292 2415 2361 2467 de
2411 2429 2548 2484 pace
2593 2414 2821 2468 mittere
2854 2413 3060 2481 noluit,
3095 2417 3264 2472 initio
3297 2436 3484 2475 rerum
3521 2439 3692 2477 nova-

2037 2521 2167 2558 rum
2203 2504 2394 2556 adhuc
2426 2501 2702 2556 omnibus
2734 2502 3142 2574 ﬂagrantibus.
3183 2511 3385 2578 Itaque
3416 2515 3479 2563 ut
3510 2527 3600 2566 res
3632 2512 3689 2566 in

2040 2592 2346 2664 praesentia
2379 2592 2658 2659 ferebant,
2692 2591 2818 2661 ipse
2860 2609 3093 2662 quoque
3143 2597 3212 2648 ad
3247 2595 3462 2653 bellum
3495 2616 3557 2654 se
3588 2617 3688 2672 pa-

2040 2685 2148 2734 rat.
2181 2684 2397 2734 Omnes
2428 2679 2819 2735 occidentales
2863 2681 3060 2750 ecpias
3091 2689 3308 2744 evocat.
3342 2685 3532 2756 iisque
3578 2692 3690 2743 Ma-

2040 2769 2289 2822 cedones
2315 2769 2495 2823 duces
2547 2769 2804 2839 praeficit,
2858 2785 3067 2840 genere
3099 2776 3156 2824 et
3204 2772 3378 2826 rebus
3410 2777 3590 2844 gestis
3625 2777 3690 2830 il-

2039 2856 2294 2923 lustres;
2329 2865 2386 2911 et
2429 2874 2559 2912 cum
2594 2859 2792 2924 duces,
2845 2862 2970 2912 tum
3009 2859 3222 2914 milites
3276 2862 3594 2919 honoribus
3627 2882 3691 2920 ac

2041 2943 2453 3015 largitionibus
2483 2953 2540 3001 et
2569 2948 2864 3018 congiario
2894 2949 3241 3004 demeretur.
3271 2953 3484 3008 Eodem
3520 2957 3692 3010 modo

2042 3038 2254 3088 tractat
2287 3035 2458 3088 eti-im
2511 3035 2818 3090 orientales
2870 3038 3175 3108 exercitus,
3209 3041 3307 3110 qui
3341 3043 3410 3096 ad
3445 3045 3690 3098 Comne-

2044 3139 2185 3176 num
2223 3141 2333 3177 non
2376 3124 2726 3192 defecerant,
2761 3130 2818 3179 et
2847 3126 3237 3193 Cbarsianos;
3290 3129 3479 3200 iisque
3510 3133 3694 3204 impe-

2047 3216 2294 3266 ratorem
2333 3213 2566 3282 praeficit
2600 3214 2986 3268 domesticum
3015 3215 3268 3271 Orientis
3299 3219 3697 3287 Theodorum,

2044 3300 2358 3355 Theodore:
2411 3303 2684 3366 Augusta:
2733 3303 3093 3368 eunuchum,
3126 3305 3278 3361 628
3329 3308 3607 3376 adjuncto
3649 3313 3696 3364 ei

2049 3388 2268 3460 collega
2299 3406 2366 3444 ac
2393 3389 2725 3443 consiliario
2760 3393 2976 3443 Aarnne
3008 3391 3168 3446 Duca
3196 3395 3498 3466 magistro,
3523 3399 3701 3454 fratre

2049 3479 2246 3534 uxoris
2277 3478 2576 3544 Comneni,
2601 3479 2720 3532 viro
2753 3479 2955 3533 multis
2978 3482 3396 3540 certaminibus
3420 3489 3698 3543 exercita-

2049 3572 2126 3622 to.
2157 3572 2269 3621 Hos
2290 3583 2423 3636 ergo
2455 3567 2602 3621 duos
2633 3583 2764 3621 cum
2801 3568 2982 3636 copiis
3008 3570 3182 3624 mittit
3218 3573 3498 3631 adversus
3529 3579 3700 3631 Com-

2053 3673 2291 3716 nenum,
2325 3655 2484 3726 iique
2511 3673 2541 3708 a
2581 3656 2918 3726 Chrysopoli
2952 3659 3338 3732 trajecerant;
3359 3668 3417 3717 et
3438 3663 3704 3720 Nicome-

2047 3746 2202 3800 diam
2237 3749 2539 3808 venerunt,
2588 3745 2722 3799 inde
2777 3745 2974 3805 missis
3019 3748 3117 3817 qui
3166 3749 3431 3820 Sangarii
3470 3761 3699 3824 pontem

2046 3834 2348 3900 deiiciant,
2383 3851 2454 3888 ne
2489 3833 2658 3888 facile
2689 3836 2964 3888 accedere
2988 3843 3185 3905 posset
3215 3843 3568 3904 Comnenus,
3602 3847 3702 3898 sed

2048 3924 2298 3979 circuitu
2333 3922 2414 3976 uti
2467 3927 2703 3976 coactus
2752 3940 2862 3977 non
2918 3924 3166 3980 falleret.
3196 3927 3340 3982 Hinc
3373 3931 3442 3984 ad
3478 3933 3697 4004 SOpho-

2051 4029 2181 4068 nem
2219 4018 2473 4066 montem
2509 4012 2985 4081 progrediuntur,
3004 4030 3068 4066 ac
3100 4017 3307 4084 positis
3338 4018 3414 4072 ibi
3442 4021 3706 4077 munitis-

2051 4118 2166 4173 que
2197 4102 2404 4155 castris
2435 4100 2583 4154 bello
2611 4117 2669 4154 se
2703 4106 2930 4170 parant.

286 4192 564 4261 ἐκπέμπει
597 4191 732 4264 πρὸς
759 4190 1172 4266 ἀντιπαράταξιν
1200 4196 1288 4262 τῷ
1317 4195 1608 4263 Κομνηνῷ.
1642 4185 2031 4252 Ἀναλαϐόντες
2065 4186 2154 4243 οῦν
2189 4187 2335 4242 οῦτοι
2361 4188 2413 4241 οἱ
2444 4185 2539 4240 δύο
2562 4189 2657 4248 τὰς
2688 4189 2978 4263 εῖρημένας
3012 4187 3287 4264 δυνάμεις,
3337 4196 3426 4249 καὶ
3476 4194 3564 4252 διὰ
3608 4201 3706 4267 τῆς

281 4281 670 4355 ἀντιπόρθμου
699 4283 767 4352 τῇ
795 4278 954 4334 πόλει
989 4278 1417 4353 Χρυσουπόλεως
1447 4280 1857 4354 περαιωθέντες,
1889 4277 2134 4346 ἀπῆλθον
2171 4276 2220 4331 ἐν
2257 4275 2613 4348 Νικομηδεία.
2651 4278 2856 4331 Ἐκεῖσέ
2884 4299 2941 4331 τε
2969 4279 3251 4353 γενόμενοι
3272 4282 3580 4358 πέμψαντες
3611 4309 3704 4342 κα-

283 4374 540 4443 θαιροῦσι
571 4369 671 4435 τήν
704 4373 798 4422 τοῦ
835 4369 1162 4443 Σαγγάρεως
1193 4374 1440 4440 ποταμοῦ
1472 4371 1730 4446 γέφυραν,
1757 4368 1905 4430 ὅπως
1943 4369 2017 4438 μῆ
2051 4363 2276 4426 εὔκολος
2306 4365 2390 4434 ε’ίη
2418 4369 2497 4435 τῷ
2541 4368 2808 4450 Κομνηνῷ
2855 4369 2888 4434 ἡ
2932 4367 3006 4427 εἰς
3056 4369 3251 4434 αὐτοὺς
3298 4371 3510 4450 ἔφοδος,
3563 4375 3708 4431 ἀλλὰ

291 4456 385 4512 διὰ
415 4453 678 4531 περιὸδου
722 4459 984 4531 γινομένη
1025 4460 1099 4529 μῆ
1134 4457 1396 4532 λανθάνῃ.
1431 4459 1662 4513 Ἑκεῖθέν
1692 4479 1751 4512 τε
1780 4455 2171 4516 ἀπαναστάντες
2204 4453 2440 4522 ἀνῆλθον
2473 4453 2548 4516 εἷς
2576 4454 2638 4507 τὸ
2670 4449 2796 4528 ὅρος
2825 4457 2916 4510 τὸν
2953 4457 3202 4535 Σόφωνα,
3253 4461 3467 4519 κάκεῖσε
3515 4486 3708 4540 τρατο-

287 4547 511 4603 πεδείαν
544 4547 847 4620 πηξάμενοι
882 4548 1085 4624 ὀχυρὰν
1118 4549 1185 4602 τά
1215 4549 1266 4610 ἐς
1294 4549 1384 4602 τὸν
1413 4548 1658 4621 πόλεμον
1687 4547 2032 4624 ἐξηρτύοντο.

365 4653 465 4707 Καὶ
500 4654 527 4706 6
579 4653 865 4724 Κομνηνὸς
926 4650 984 4706 δέ
1036 4653 1352 4728 ἁπανταχοῦ
1385 4654 1622 4716 σκοποὺς
1653 4653 1944 4726 ἐκπέμπων

285 4745 378 4797 καέ
431 4749 805 4814 κατοπτῆρας,
862 4744 944 4814 [Ρ.
978 4744 1103 4814 801]
1161 4741 1298 4796 ὥστε
1349 4740 1515 4814 μηδὲν
1582 4747 1690 4797 τῶν
1724 4743 1946 4817 γινομέ-

279 4855 394 4884 νην
428 4831 763 4904 ἀγνοηθῆναι
806 4829 972 4897 αύτῷ,
1023 4829 1240 4906 ἐπείπερ
1289 4826 1453 4902 ἔμαθε
1498 4833 1592 4892 τάς
1645 4831 1946 4905 ἀκρωρείας

280 4925 384 4974 τοῦ
449 4921 711 4993 Σόφωνος
758 4916 866 4989 ἤδη
925 4925 1214 4993 κατασχεῖν
1265 4919 1391 4981 τοὺς
1421 4921 1546 4994 περὶ
1575 4922 1664 4974 τὸν
1695 4918 1944 4992 δομέστι-

281 5030 402 5076 κον,
484 5009 577 5062 καὶ
653 5007 810 5069 αὐτὸς
892 5012 1282 5083 ταχυπορήσας
1365 5005 1769 5082 καταλαμϐάνει
1846 5011 1944 5078 τῆν

287 5098 544 5151 Νίκαιαν.
604 5097 698 5151 Καῖ
746 5097 949 5168 ταύτης
999 5097 1048 5168 ἐξ

286 5189 501 5261 ὅσαπερ
553 5187 669 5262 εἶχε
707 5189 967 5261 χρήματα
1024 5186 1073 5241 ἐν
1127 5187 1261 5261 αὐτῇ
1314 5188 1535 5252 ἀποθεὶς
1588 5189 1677 5242 καὶ
1735 5189 1800 5241 τά
1856 5209 1948 5241 πε-

287 5277 449 5350 ριττᾶ
496 5279 596 5345 τῆς
636 5277 963 5345 ἀποσκευῆς,
1014 5277 1104 5330 καὶ
1158 5277 1615 5354 ἀσφαλισάμενος,
1684 5279 1949 5354 πήγνυται

287 5361 665 5441 παρεμϐολὴν
741 5366 876 5420 κατα
940 5367 1002 5420 τὸ
1061 5366 1302 5441 ἀρκτῷον
1369 5367 1528 5443 μέρος
1587 5374 1685 5436 τῆς
1736 5366 1950 5429 πόλεῶς

287 5455 551 5516 Νικαίας.
616 5453 741 5509 ὅσον
806 5453 909 5509 ἀπό
967 5454 1200 5509 σταδίων
1232 5454 1463 5527 δώδεκα,
1493 5456 1708 5510 κάκεῖσε
1737 5454 1951 5524 αὐλίζε-

285 5566 398 5601 ται.
464 5543 858 5618 Ἐξερχόμενοι
918 5543 1009 5597 οὗν
1068 5543 1157 5618 ἀφ’
1212 5545 1475 5621 έκατερων
1529 5549 1636 5599 τῶν
1661 5545 1950 5620 στρατοπέ-

288 5631 400 5688 δων
454 5633 545 5686 ἐπέ
574 5630 940 5708 χορτολογίαν
990 5630 1042 5687 ο⁹ί
1094 5653 1151 5688 τε
1178 5639 1274 5688 τοῦ
1308 5637 1598 5708 Κομνηνοῦ
1631 5639 1953 5708 στρατιῶται

2129 4653 2462 4708 Comnenus
2512 4655 2730 4720 autem,
2765 4654 2864 4723 qui
2919 4653 2975 4707 in
3011 4671 3217 4712 omnes
3266 4663 3460 4730 partes
3501 4660 3708 4716 dimis-

2057 4742 2139 4797 sis
2171 4740 2638 4812 exploratoribus
2687 4740 2832 4794 nihil
2865 4758 3062 4799 eorum
3117 4763 3246 4816 quae
3295 4748 3513 4803 ﬁebant
3541 4749 3706 4819 igno-

2056 4833 2245 4898 rabat,
2295 4845 2426 4883 cum
2481 4830 2916 4884 renuntiaretur
2965 4833 3354 4890 domesticum
3405 4855 3535 4893 cum
3584 4840 3710 4895 suis

2048 4923 2172 4991 jam
2208 4917 2434 4972 radices
2483 4917 2774 4988 Sophonis
2828 4937 3166 4991 occupasse,
3218 4924 3480 4981 celeriter
3532 4929 3713 4999 profe-

2059 5013 2189 5064 ctus
2235 5007 2484 5061 Nicaeam
2541 5007 2728 5076 primo
2761 5008 2921 5062 aditu
2974 5018 3240 5084 occupat,
3292 5014 3490 5087 ibique
3536 5019 3710 5089 depo-

999 5097 1048 5168 ἐξ
1099 5094 1294 5177 ἐφόδου
1324 5100 1509 5174 κύριος
1548 5099 1803 5176 γεγονὼς,
1859 5119 1928 5152 κα

2087 5098 2192 5152 itis
2223 5096 2434 5167 opibus
2479 5095 2606 5149 suis
2657 5101 2832 5167 atque
2882 5100 3197 5169 superfluis
3248 5087 3710 5175 impedimentis,

2061 5189 2206 5243 urbe
2249 5204 2311 5241 ea
2362 5185 2632 5257 praesidio
2686 5189 2935 5259 munita,
2971 5198 3164 5247 castra
3215 5200 3472 5252 metatus
3523 5203 3612 5262 est
3644 5201 3712 5253 ad

2061 5273 2581 5348 septentrionalem
2634 5275 2835 5332 Nicaea:
2885 5285 3130 5352 partem,
3186 5283 3251 5337 l2
3300 5285 3416 5340 fere
3467 5287 3538 5341 ab
3573 5288 3714 5343 urbe

2063 5366 2288 5423 stadiis.
2339 5364 2484 5418 Cum
2531 5364 2603 5418 ab
2659 5371 2909 5439 utraque
2961 5376 3122 5440 parte
3156 5373 3372 5429 milites
3423 5392 3452 5430 e
3503 5378 3714 5433 castris

2063 5454 2408 5527 pabulatum
2443 5455 2871 5521 processissent
2901 5457 3193 5531 alterique
3226 5462 3282 5517 in
3317 5464 3535 5520 alteros
3567 5465 3715 5520 inci-

2063 5544 2309 5609 dissent,
2345 5545 2408 5594 ut
2437 5546 2604 5594 erant
2650 5545 2896 5613 gentiles
2948 5552 3177 5620 cognati
3231 5553 3522 5626 amicique
3565 5554 3717 5610 inter

2064 5649 2144 5697 se,
2204 5630 2423 5685 hortati
2474 5634 2614 5684 sunt
2680 5631 3035 5705 imperatorii
3103 5643 3446 5698 Comnenios
3515 5647 3579 5697 ut
3638 5644 3709 5697 ad
