3972 6146
139 294 142 298 ’
229 304 346 364 359

1574 307 1891 366 GEORGII
1939 305 2277 368 CEDBENI

3524 312 3640 372 360

228 437 381 493 629
415 436 824 508 imperatorem
871 453 903 491 a
952 436 1246 491 Comneno
1280 436 1595 493 deficerent
1628 443 1862 509 tyranno

1984 436 2073 490 καὶ
2109 436 2160 490 οἱ
2188 441 2286 491 τοῦ
2317 437 2593 492 ἀντιθέτου
2647 437 2870 512 μέρους,
2904 437 2993 492 καὶ
3026 435 3314 509 ἀλλήλους
3345 438 3636 515 ἐπιμιγνύ-

228 544 294 582 ac
327 525 640 597 perduelle,
675 541 857 595 neque
889 525 961 579 ob
994 525 1168 580 unius
1200 525 1460 581 hominis
1492 525 1873 598 cupiditatem

228 633 296 672 eo
326 632 387 670 se
418 616 626 670 darent
657 614 752 668 ubi
787 614 957 686 paulo
1005 621 1135 685 post
1182 615 1539 670 exauctorati
1571 631 1636 670 ac
1688 616 1874 670 fortu-

230 706 322 759 nis
351 704 556 771 eversi,
590 703 764 757 etiam
797 703 868 757 de
900 703 1238 758 emittendis
1270 704 1454 758 oculis
1485 709 1683 758 essent
1725 703 1874 775 peri-

227 793 504 850 clitaturi.
538 797 748 847 Contra
770 792 1088 847 Commenii
1127 793 1522 863 imperatoriis
1551 794 1875 848 suadebant

228 890 292 939 ut
333 885 404 938 ab
436 900 502 937 eo
548 882 645 954 qui
697 897 908 936 nomen
962 881 1150 937 solum
1205 882 1576 953 imperatoris
1623 887 1871 954 gereret,

223 974 398 1028 homo
432 971 652 1043 alioqui
683 971 924 1042 putidus
956 975 1010 1026 et
1043 970 1263 1027 delirus
1287 988 1465 1026 senex
1495 961 1875 1042 atque'inutiu

221 1063 313 1128 lis,
349 1067 406 1118 et
437 1061 536 1132 qui
588 1078 622 1114 a
670 1061 1034 1133 spadonibus
1086 1065 1404 1132 regeretur,
1450 1060 1771 1116 transirent
1800 1061 1870 1116 ad

221 1151 607 1214 Comnenum,
642 1151 827 1203 virum
865 1148 1012 1203 bello
1046 1148 1266 1204 clarum
1304 1155 1360 1204 ct
1399 1149 1578 1219 gestis
1611 1149 1872 1219 imperiis

219 1240 546 1304 illustrem;
599 1239 671 1294 ob
722 1254 848 1309 quis
907 1238 1180 1293 universa
1230 1238 1622 1293 Romanorum
1671 1238 1756 1292 vis
1812 1239 1870 1292 in

217 1329 437 1400 ipsum,
469 1326 647 1382 veluti
681 1344 712 1382 a
745 1326 959 1382 circulo
1007 1329 1074 1382 ad
1133 1344 1314 1381 unum
1353 1333 1633 1398 punctum
1668 1344 1870 1382 omnes

215 1418 385 1474 lineis
420 1417 681 1471 unanimi
717 1415 1085 1471 etconstanti
1110 1416 1405 1472 voluntate
1429 1416 1868 1472 conﬂuxissent.

219 1507 418 1562 Neutri
469 1511 666 1561 tamen
717 1505 930 1560 alteros
982 1511 1409 1576 permoverunt.
1460 1509 1646 1576 Atque
1697 1507 1872 1560 fiebat

221 1596 332 1652 hoc
357 1596 552 1651 dedita
577 1611 753 1666 opera
785 1594 1058 1666 utrinque
1089 1595 1337 1650 ducibus
1369 1611 1467 1650 eos
1502 1595 1870 1650 mittentibus

218 1687 319 1757 qui
349 1686 419 1741 ad
464 1685 605 1740 talia
653 1683 944 1755 colloquia
994 1685 1297 1739 tractanda
1345 1689 1513 1740 erant
1559 1684 1772 1753 idonei,
1808 1689 1872 1740 ut

1988 546 2140 598 μενοι
2189 527 2276 580 οἷα
2327 524 2605 604 ὁμόφυλοι
2653 527 2742 580 καὶ
2802 532 3073 603 συγγενεῖς
3128 529 3216 582 καὶ
3263 526 3439 604 φίλοι,
3500 549 3634 602 προ-

1984 614 2271 690 ετρέποντ)
2303 613 2611 686 ἀλλήλους,
2645 617 2695 668 οἱ
2733 615 2825 688 μὲν
2868 616 2934 670 τά
2995 614 3264 691 βασιλέως
3316 621 3635 692 φρονοῦντες

1981 705 2075 758 τὸν
2134 705 2414 776 Κομνηνὸν
2478 703 2795 760 καταλιπεῖν
2857 704 3318 780 παρακαλοῦντες,
3373 706 3632 778 τῦραννον

1983 789 2151 867 ἄνδρα
2180 793 2268 847 καὶ
2317 793 2649 866 ἀποστάτην,
2700 793 2899 866 καὶτῷ
2944 793 3162 869 βασιλεῖ
3209 802 3633 870 προσχωρῆσαι,

1983 882 2068 936 καὶ
2108 883 2183 954 μὴ
2243 879 2313 936 δι’
2355 881 2644 954 ἐπιθυμίαν
2683 882 2771 937 καὶ
2821 877 2992 957 ὄρεξιν
3037 883 3152 944 ἐνὸς
3188 881 3378 957 ἀνδρὸς
3440 882 3491 945 ἐς
3540 905 3630 938 τοο

1983 974 2173 1025 σοῦτον
2218 968 2458 1026 κίνδυνον
2503 969 2680 1035 ἐλθεῖν
2741 971 2877 1026 ὥστε
2929 973 3060 1044 μετά
3113 973 3304 1048 μικρὸν
3343 973 3417 1046 μὴ
3466 972 3630 1044 μόνον

1981 1054 2247 1114 ἔκπτωσιν
2299 1066 2551 1134 στρατιᾶς
2601 1060 2689 1115 καὶ
2748 1060 3061 1136 περιουσίας
3115 1061 3432 1131 ὑποστῆναι,
3487 1059 3633 1117 ἀλλὰ

1980 1150 2070 1204 καὶ
2131 1149 2263 1203 αὐτὸ
2311 1150 2372 1203 τὸ
2414 1148 2748 1224 γλυκύτατον
2805 1145 3105 1205 ἀποϐαλεῖν
3134 1147 3472 1204 κινδυνεῦσαι
3522 1155 3628 1204 τῶν

1982 1237 2246 1310 ὀμμάτων
2301 1240 2513 1316 φέγγος,
2573 1237 2790 1293 ἐκείνων
2840 1235 2897 1293 δὲ
2944 1236 3108 1293 πάλιν
3140 1238 3459 1294 καταλιπεῖν
3494 1259 3630 1315 παρ-

1981 1326 2272 1380 αινούντων
2329 1326 2420 1380 τὸν
2483 1326 2728 1402 βασιλέα,
2781 1323 2955 1400 ὄνομα
3012 1326 3176 1401 μόνον
3225 1326 3422 1403 ἔχοντα
3482 1329 3630 1403 βασι-

1981 1413 2142 1485 λέως,
2202 1413 2382 1470 τᾶλλα
2435 1413 2602 1491 ἄνδρα
2632 1415 2833 1489 σαπρὸν
2894 1416 2983 1470 καὶ
3015 1415 3353 1492 κρονόληρον
3385 1420 3496 1490 (51)
3536 1417 3627 1471 καὶ

1979 1504 2224 1580 ἀχρεῖον,
2290 1505 2392 1559 ὑπὸ
2446 1505 2723 1580 εὐνούχων
2781 1505 3114 1580 ἀρχόμενον,
3164 1505 3252 1560 καὶ
3287 1513 3625 1581 προσρυῆναι

1976 1599 2058 1666 τῷ
2107 1597 2404 1667 Κομνηνῷ,
2438 1592 2590 1670 ἀνδρὶ
2638 1595 2774 1648 κατά
2825 1600 2988 1670 χεῖρα
3014 1594 3243 1671 γενναίῳ
3267 1595 3356 1650 καὶ
3389 1594 3630 1670 λαμπρῷ

1976 1683 2067 1737 καὶ
2128 1681 2371 1761 διαφανεῖ
2424 1689 2539 1745 τοῖς
2600 1684 3084 1758 προηγησαμένοις
3153 1685 3626 1758 στρατηγήμασιν,

216 1774 477 1832 oratione
527 1773 596 1828 ad
650 1790 711 1828 se
755 1772 968 1828 alteros
1018 1773 1396 1828 attraherent.
1447 1774 1710 1829 Tentatis
1768 1773 1862 1828 alii

1981 1772 2059 1850 ἐφ’
2113 1773 2158 1844 ᾧ
2215 1777 2358 1826 πᾶσα
2400 1775 2434 1841 ἡ
2478 1776 2584 1827 τῶν
2615 1771 2896 1845 Ῥωμαίων
2933 1771 3091 1847 ἰσχὺς
3124 1773 3302 1847 ὥσπερ
3336 1771 3395 1827 ἐκ
3423 1772 3628 1828 κύκλου

217 1863 479 1936 quandiu
531 1863 808 1934 utrinque
857 1861 1094 1927 animis,
1129 1867 1185 1918 et
1219 1863 1448 1918 nemine
1493 1863 1862 1927 assentiente,

218 1955 553 2009 Comnenus
583 1952 816 2006 interim
841 1967 978 2006 suos
1004 1969 1174 2022 quam
1203 1951 1545 2023 parcissime
1575 1953 1866 2023 lignatum

215 2041 679 2114 pabulatumque
709 2041 792 2096 ire
815 2041 1200 2111 jubet,neque
1232 2039 1485 2112 procula
1506 2040 1716 2096 castris
1747 2040 1866 2095 dis-

215 2132 437 2187 cedere.
493 2130 611 2185 Hoc
661 2129 1020 2185 domesticus
1077 2135 1134 2184 et
1191 2129 1479 2201 praicipue
1525 2131 1869 2185 Macedones

213 2239 330 2294 prae
365 2225 522 2274 metu
573 2218 694 2274 ﬁeri
745 2218 970 2290 Opinati
1021 2218 1218 2290 praelio
1266 2219 1696 2275 decernendum
1743 2224 1865 2274 sta-

214 2308 642 2374 tuunt.Quibus
673 2324 805 2362 cum
832 2307 1034 2378 reliqui
1057 2308 1146 2362 vel
1181 2307 1342 2362 inviti
1375 2309 1864 2380 obtemperarent,

214 2404 408 2456 castra
432 2397 793 2467 imperatorii
826 2399 1188 2451 transferunt
1219 2398 1288 2451 ad
1325 2397 1613 2461 Petroam,
1649 2397 1746 2468 qui
1781 2397 1864 2452 lo-

213 2504 318 2544 cus
349 2507 380 2541 a
409 2488 564 2542 630
596 2485 801 2540 castris
836 2485 1092 2540 hostium
1142 2486 1343 2541 aberat
1375 2487 1440 2540 15
1487 2488 1604 2542 tere
1634 2486 1863 2541 stadiis.

213 2578 355 2633 Cum
390 2576 616 2632 adversi
650 2574 938 2630 exercitus
972 2575 1053 2629 ita
1099 2575 1158 2629 in
1205 2575 1533 2646 propinquo
1582 2582 1779 2630 essent
1810 2581 1866 2629 et

215 2683 246 2721 a
276 2665 525 2720 ducibus
556 2663 858 2736 pugnandi
894 2663 1224 2718 facultatem
1261 2669 1586 2734 poscerent,
1618 2665 1860 2720 Comne-

214 2772 326 2810 nus
367 2754 490 2809 suis
539 2753 868 2824 obsequens
916 2751 1112 2806 educit
1155 2751 1460 2822 aciemque
1510 2753 1774 2816 instruit,
1805 2756 1863 2805 et

215 2843 455 2898 sinistro
489 2841 691 2896 cornui
723 2839 1098 2904 Ambustum,
1150 2841 1351 2895 dextro
1383 2841 1710 2895 Romanum
1739 2841 1852 2895 Du--

216 2948 345 2987 rum
380 2929 640 3002 praeﬁcit,
670 2929 798 3000 ipse
823 2929 1080 2984 medium
1113 2933 1308 2984 tuens.
1338 2930 1703 2985 Uomesticus
1725 2947 1863 3001 quo-

212 3037 326 3092 que
375 3023 434 3074 et
477 3021 668 3074 Aaron
717 3019 873 3090 passi
927 3025 1066 3072 sunt
1115 3019 1454 3089 persuaderi
1503 3019 1615 3072 sibi
1669 3023 1730 3071 ut
1787 3019 1859 3072 ad

213 3125 473 3182 pugnam
516 3107 817 3178 prodirent
865 3106 1166 3177 aciemque
1216 3106 1356 3161 aciei
1392 3107 1646 3161 hostium
1680 3124 1856 3178 oppo-

210 3203 435 3254 nerent.
495 3197 772 3252 Dextrum
832 3212 1015 3250 cornu
1065 3195 1250 3250 tenuit
1300 3195 1551 3252 Basilius
1599 3197 1857 3252 Tracba-
1889 3174 1930 3240 Ο

213 3288 390 3352 niota,
426 3285 754 3342 Occidentis
787 3290 910 3338 turn
937 3286 1160 3351 ductor,
1187 3284 1572 3355 omniumque
1604 3285 1861 3341 Macedo-

211 3393 352 3431 num
385 3392 616 3448 genere,
649 3375 957 3446 prudentia
985 3391 1050 3429 ac
1070 3374 1278 3444 peritia
1307 3373 1859 3443 excellentissimus,

210 3466 675 3534 auctoritateque
709 3466 955 3534 primus.
1011 3463 1328 3517 Sinistrum
1369 3462 1579 3517 Aaroni
1615 3463 1862 3517 manda-

209 3560 336 3611 tum
374 3554 505 3617 fuit,
553 3553 804 3607 ducibus
858 3550 1154 3623 Lycantba
1205 3551 1478 3622 Pnyemio
1508 3557 1566 3606 et
1598 3551 1858 3606 Randul-

214 3643 330 3715 pho
366 3641 608 3714 patricio
640 3641 878 3696 France.
925 3639 1316 3694 Commissum
1369 3631 1459 3694 est
1504 3641 1766 3710 praelium
1801 3641 1859 3696 in

213 3731 339 3787 loco
371 3731 471 3802 qui
509 3731 672 3796 Ades,
701 3730 758 3784 id
809 3733 898 3784 est
927 3746 1119 3798 orcus,
1154 3729 1494 3783 nominatur
1523 3731 1595 3784 ab
1630 3731 1857 3784 incolis.

215 3823 296 3878 lbi
331 3824 520 3875 Aaron
553 3821 822 3874 dextrum
858 3835 1035 3872 cornu
1071 3817 1327 3873 hostium
1365 3817 1545 3888 pellit,
1581 3819 1861 3890 fusosque

213 3910 280 3964 ad
317 3915 508 3964 castra
541 3925 727 3979 usque
761 3908 1154 3977 persequitur,
1174 3912 1356 3976 .capto
1389 3907 1649 3962 Romano
1681 3907 1856 3962 Duro.

212 4000 373 4064 Quod
411 3997 522 4052 nisi
553 4013 688 4052 eum
722 3995 904 4051 nimia
945 3995 1137 4050 cautio
1188 4012 1221 4049 a
1269 3995 1619 4066 diripiendis
1651 3996 1860 4050 castris

213 4087 470 4142 hostium
503 4085 908 4153 abstinuisset,
945 4085 1147 4154 utique
1171 4084 1398 4154 integra
1431 4084 1637 4139 fuisset
1668 4084 1862 4155 potius

211 4176 474 4243 victoria,
525 4175 647 4245 jam
709 4173 1004 4228 Comneno
1055 4173 1229 4228 etiam
1285 4188 1569 4227 concusso
1620 4179 1676 4226 et
1727 4174 1864 4243 fuga

213 4264 456 4320 Nicaeam
495 4268 688 4334 petere
728 4261 1038 4332 cogitante.
1092 4265 1163 4314 At
1211 4261 1536 4315 Ambustus
1587 4261 1728 4314 tusis
1761 4261 1860 4331 qui

155 4370 160 4374 ·
210 4354 318 4425 ipsi
352 4349 809 4422 erantoppositi,
831 4352 902 4405 ab
925 4349 1285 4419 insequendo
1311 4350 1458 4404 681
1489 4366 1858 4419 nequaquam

208 4442 455 4511 destitit,
490 4442 586 4496 sed
624 4443 690 4495 ad
726 4446 917 4494 castra
971 4438 1206 4492 hostilia
1256 4455 1442 4508 usque
1474 4439 1700 4494 delatus
1735 4456 1861 4509 per-

1973 1860 2224 1935 γραμμαὶ
2283 1861 2416 1933 πρὸς
2477 1861 2637 1915 αὐτὸν
2689 1860 2761 1922 ὡς
2821 1860 2894 1922 sic
2949 1882 3001 1915 τι
3063 1867 3292 1932 σημεῖον
3321 1861 3626 1917 νενεύκασιν

1975 1948 2026 2004 ἐν
2089 1949 2189 2022 ἴσῳ
2235 1950 2325 2003 καὶ
2383 1947 2794 2021 ἀπαραλλάκτῳ
2859 1947 3198 2024 βουλήματι.
3259 1948 3432 2006 Ἀλλά
3459 1954 3628 2006 ταῦτα

2014 2039 2228 2111 έγοντες
2278 2037 2380 2093 οὐκ
2453 2035 2663 2101 ἔπειθον
2715 2035 3021 2108 ἀλλήλους.
3080 2042 3249 2093 Τοῦτο
3310 2035 3368 2093 δὲ
3427 2038 3627 2116 ἐγίνετο

1975 2124 2307 2198 ἐξεπίτηδες,
2362 2130 2469 2180 τῶν
2518 2127 2780 2202 ἀρχηγῶν
2841 2125 3105 2201 ἑκατέρων
3148 2131 3254 2181 τῶν
3290 2129 3624 2203 στρατευμά-

1971 2239 2082 2274 των
2139 2211 2461 2288 πεμπόντων
2512 2217 2657 2278 τινάς
2705 2220 2810 2270 τῶν
2867 2213 3192 2286 ἐπιτηδείων
3255 2217 3330 2278 εἰς
3363 2217 3423 2272 τὸ
3483 2239 3626 2294 προ-

1975 2304 2316 2382 διαλέγεσθαι
2365 2311 2483 2368 τοῖς
2534 2311 2631 2361 τοῦ
2681 2305 2979 2361 ἀντιπάλου
3035 2306 3433 2382 στρατεύματος
3464 2329 3624 2380 στρα-

1971 2395 2195 2459 τιώταις
2218 2395 2306 2449 καὶ
2357 2395 2586 2459 καθόσον
2640 2394 2752 2449 οἷον
2807 2415 2865 2449 τε
2918 2393 3045 2456 τοὺς
3077 2395 3436 2468 πειθομένους
3467 2394 3626 2473 ἐφέλ-

1971 2497 2175 2549 κεσθαι.
2209 2485 2296 2545 Ὡς
2323 2481 2381 2538 δὲ
2405 2483 2492 2538 ἐπὶ
2523 2485 2720 2559 χρόνον
2750 2484 2869 2538 τινὰ
2896 2485 2996 2551 τήν
3027 2481 3306 2559 διάπειραν
3341 2482 3626 2540 ἐποιοῦντο

1971 2575 2060 2628 καὶ
2119 2571 2297 2634 οὐδεὶς
2353 2579 2620 2648 προσεῖχε
2675 2577 2792 2634 τοῖς
2842 2570 3162 2647 λεγομένοις
3193 2573 3283 2627 τὸν
3309 2577 3462 2641 νοῦν,
3491 2574 3629 2647 μετά

1971 2661 2231 2732 πλείστης
2267 2661 2324 2716 δὲ
2371 2659 2589 2740 φειδοῦς
2637 2661 2727 2715 καὶ
2755 2662 2782 2715 ὁ
2824 2661 3104 2733 Κομνηνὸς
3151 2661 3245 2722 τὰς
3275 2658 3484 2732 ξυλείας
3531 2662 3624 2716 καὶ

1969 2752 2066 2815 τὰς
2111 2748 2479 2826 χορτολογίας
2529 2755 2802 2814 ποιεῖσθαι
2853 2748 3141 2826 παρηγγύα
3182 2749 3272 2804 καὶ
3322 2751 3398 2823 μὴ
3430 2749 3623 2826 nos-3‘5“)

1967 2847 2068 2910 τῆς
2119 2837 2530 2916 στρατοπεδείας
2585 2837 2927 2914 ἀφίστασθαι,
2974 2839 3110 2892 τότε
3145 2837 3212 2908 δὴ
3264 2840 3474 2916 οἱπερὶ
3525 2841 3619 2894 τὸν

1971 2927 2323 3002 δομέστικον,
2383 2929 2473 2983 καὶ
2536 2925 2749 3002 μᾶλλον
2807 2928 2858 2982 οἱ
2911 2925 3243 2996 Μακεδόνες,
3305 2928 3618 2984 ὑπόπτωσιν

1968 3019 2056 3074 καὶ
2115 3016 2318 3074 δειλίαν
2377 3018 2509 3072 εἶναι
2571 3018 2670 3086 τὴν
2705 3015 3017 3086 ὑποστολὴν
3058 3016 3326 3087 οἰηθέντες
3359 3016 3616 3089 πολεμη-

1966 3108 2084 3164 τέον
2169 3107 2300 3162 εἶναι
2375 3105 2617 3161 ἐδόκουν.
2696 3107 2784 3168 Οἷς
2859 3105 2948 3160 καὶ
3025 3104 3243 3169 ἄκοντες
3310 3106 3614 3170 πεισθέντες

1971 3194 2483 3271 στρατοπεδεῦονται
2535 3194 2668 3250 κατά
2731 3195 2823 3249 τὸν
2875 3193 3172 3269 λεγόμενον
3233 3196 3495 3270 ΙΙετρόην,
3555 3195 3617 3251 οὐ

1970 3285 2108 3341 πάνυ
2176 3285 2366 3362 πόρῥω
2433 3283 2682 3358 κείμενον
2759 3291 2859 3354 τῆς
2934 3283 3178 3347 ἐναντίας
3233 3281 3618 3360 παρεμϐολῆς,

1969 3376 2096 3431 ἀλλ’
2155 3373 2278 3429 ὅσον
2335 3375 2441 3430 ἀπὸ
2493 3371 2724 3429 σταδίων
2777 3371 3178 3430 πεντεκαίδεκα.
3234 3373 3391 3432 Οὕτω
3429 3371 3485 3429 δὲ
3513 3379 3620 3429 τῶν

1971 3463 2248 3537 δυνάμεων
2310 3459 2530 3540 ἔγγιστα
2586 3463 2894 3538 γενομένων
2958 3461 3234 3534 ἀλλήλαις
3269 3507 3284 3533 ,
3349 3463 3437 3518 καὶ
3494 3463 3624 3528 τοὺς

1970 3552 2305 3630 στρατηγοὺς
2389 3553 2726 3626 βιαζομένων
2799 3550 3001 3628 ἐξάγειν
3069 3551 3159 3607 καὶ
3233 3553 3307 3625 μὴ
3363 3552 3623 3622 κωλύειν,

1969 3643 2310 3707 ἀναπείθεται
2347 3642 2442 3714 μὲν
2475 3641 2502 3695 ὀ
2534 3641 2822 3713 Κομνηνὸς
2851 3641 2939 3695 καὶ
2976 3640 3071 3704 τὰς
3118 3639 3316 3702 οἷ’κείας
3365 3636 3622 3696 ἐκϐάλλει

1970 3731 2250 3810 φάλαγγας
2321 3729 2411 3784 καὶ
2490 3729 2626 3803 πρὸς
2712 3729 3004 3804 παράταξιν
3095 3726 3295 3799 ἵστησι,
3347 3728 3443 3785 τοῦ
3525 3731 3621 3802 μὲν

1971 3820 2255 3892 εὐωνύμου
2324 3817 2546 3892 κέρατος
2611 3819 2903 3891 κατάρχειν
2957 3817 3318 3892 προχειρίσας
3368 3819 3460 3872 τὸν
3523 3825 3617 3873 Κε-

1968 3909 2259 3982 καυμένον,
2314 3907 2377 3962 τὸ
2419 3904 2587 3978 δεξιὸν
2623 3903 2846 3981 ἔχοντος
2895 3906 3182 3978 Ῥωμανοῦ
3211 3909 3306 3959 τοῦ
3339 3905 3623 3981 Σκλιηροῦ,

1971 3998 2130 4057 αὐτὸς
2182 3994 2238 4050 δὲ
2287 3995 2336 4050 ἐν
2397 3993 2582 4068 μέσοις
2624 3992 2892 4062 ἐτάττετο,
2950 3993 3288 4057 ἀναπείθεται
3348 3991 3405 4048 δὲ
3462 3993 3552 4049 καί
3596 3996 3624 4049 ὁ

1972 4084 2293 4157 δομέστικος
2347 4082 2440 4137 σὺν
2499 4087 2580 4154 τῷ
2633 4083 2868 4155 Ἀαρὼν,
2927 4081 3018 4136 καὶ
3074 4082 3165 4135 τὸν
3202 4081 3403 4136 οἰκεῖον
3434 4081 3622 4155 ἐξαγα-

1970 4177 2083 4250 γὼν
2142 4173 2275 4228 λαὸν
2333 4171 2709 4244 ἀντιμέτωπον
2776 4169 2955 4240 ἵστησι
3009 4175 3126 4232 τοῖς
3176 4171 3462 4232 ἐναντίοις.
3520 4176 3626 4225 Τοῦ

1975 4263 2068 4336 μὶν
2122 4260 2213 4316 οὖν
2269 4259 2442 4333 δεξιοῦ
2493 4261 2666 4333 κέρως
2698 4257 2884 4334 ἅρχων
2938 4260 3004 4328 ἦν
3032 4257 3316 4321 Βασίλειος
3350 4261 3620 4334 ὁΤαρχα-

1970 4354 2195 4422 νιώτης,
2247 4346 2627 4424 στρατηλάτης
2676 4349 2800 4403 τότε
2827 4349 3114 4423 τυγχάνων
3145 4355 3244 4418 τῆς
3277 4347 3490 4409 Δύσειυς
3534 4349 3626 4402 καὶ

1971 4440 2186 4496 πάντων
2216 4443 2322 4492 τῶν
2356 4435 2680 4493 Μακεδόνων
2730 4434 2802 4491 ὣν
2833 4437 3174 4510 ἐξοχώτατος
3223 4438 3301 4498 ὡς
3347 4436 3436 4491 καὶ
3485 4438 3628 4512 γένει

210 4537 379 4602 rupto
412 4530 560 4585 vallo
595 4529 934 4601 penetravit,
960 4528 1214 4582 tentoria
1243 4527 1470 4597 direpta
1499 4528 1709 4597 gladiis
1741 4528 1857 4583 dis-

1981 4530 2057 4583 mi
2116 4530 2375 4605 φρονήσει
2404 4526 2493 4581 καὶ
2523 4525 2778 4601 ἐμπείρίᾳ
2808 4528 2892 4598 [Ρ.
2953 4528 3080 4599 802]
3141 4523 3622 4594 διαπρεπέστατος’

209 4622 371 4690 cidit,
404 4626 460 4674 et
491 4620 548 4674 in
576 4625 792 4675 terram
842 4616 1072 4686 dejecit.
1126 4617 1187 4672 Id
1220 4616 1452 4670 eminus
1483 4624 1860 4686 conspectum

208 4711 397 4783 (erant
424 4709 576 4764 enim
603 4713 800 4763 castra
832 4705 957 4760 loco
977 4705 1154 4774 edito)
1187 4706 1550 4760 Comnenum
1575 4722 1707 4760 cum
1736 4707 1863 4761 suis

211 4799 459 4854 audacia
477 4799 553 4852 im
566 4797 826 4868 plevit,et
849 4795 946 4866 qui
964 4795 1035 4848 ab
1052 4796 1279 4848 Aarone
1299 4793 1864 4860 stabant,metu.lta-

210 4904 322 4961 que
345 4893 401 4942 et
418 4888 506 4940 illi
525 4887 843 4941 clamorem
869 4881 1238 4937 sustulerunt
1261 4881 1484 4936 alacres
1500 4889 1557 4935 et
1580 4883 1635 4936 bi
1667 4883 1862 4954 fugam

212 4978 494 5032 fecerunt.
525 4974 742 5030 Cecidit
773 4975 828 5027 in
867 4987 1061 5042 pugna
1092 4987 1126 5024 a
1161 4976 1323 5042 parte
1347 4970 1722 5040 imperatoris
1746 4988 1864 5026 ma-

209 5081 323 5137 gna
356 5063 698 5128 multitudo,
725 5061 1112 5117 Macedonum
1139 5058 1482 5130 praesertim,
1509 5075 1622 5113 non
1649 5059 1866 5114 milites

213 5155 386 5210 modo
417 5154 515 5208 sed
551 5154 729 5207 duces
775 5151 975 5212 etiam,
1031 5148 1517 5215 Maurocatacalo,
1550 5150 1866 5220 Pbyemius

207 5243 617 5299 Catzamuntes
648 5239 864 5309 aliique
887 5255 999 5293 non
1027 5238 1216 5306 pauci.
1241 5235 1404 5307 Capti
1437 5237 1618 5292 multo
1643 5237 1860 5307 plures.

1969 4620 2033 4672 τὸ
2081 4615 2138 4672 δὲ
2183 4617 2460 4687 εὐώνυμον
2525 4613 2897 4690 ἐγκεχείριστο
2951 4616 2979 4669 ὁ
3041 4612 3331 4688 μάγιστρος
3390 4613 3621 4686 Ἀαρὼν,

1972 4705 2116 4780 ἔχων
2193 4702 2529 4778 στρατηγοὺς
2583 4703 2674 4757 τὸν
2734 4702 3016 4772 Λυκάνθην
3061 4703 3150 4757 καὶ
3199 4702 3290 4757 τὸν
3351 4701 3620 4775 Πνυέμιον

1970 4793 2060 4849 καὶ
2109 4791 2474 4869 Ῥανδοῦλφον
2527 4791 2786 4864 πατρίκον
2831 4791 2918 4845 τὸν
2973 4792 3246 4866 Φράγγον.
3308 4795 3510 4846 Τοῦτον
3567 4787 3623 4845 Si:

1969 4884 2064 4938 τὸν
2115 4878 2315 4956 τρόπον
2388 4881 2687 4954 γενομένης
2753 4887 2854 4948 τῆς
2911 4879 3256 4952 παρατάξεως
3313 4879 3448 4935 κατά
3503 4900 3624 4933 τινα

1971 4971 2138 5026 τόπον
2189 4967 2362 5042 ’ᾍδην
2423 4969 2568 5042 παρὰ
2622 4973 2731 5023 τῶν
2763 4967 3044 5044 ἐγχωρίων
3079 4967 3512 5042 ὀνομαζόμενον,
3546 4969 3623 5029 ὡς

1973 5057 2134 5129 ἐδόθη
2198 5060 2260 5113 τὸ
2334 5062 2435 5112 τοῦ
2498 5056 2748 5129 πολέμου
2805 5055 3054 5128 σύνθημα
3107 5056 3193 5111 καὶ
3251 5055 3622 5132 προσέῤῥαξαν

1973 5147 2251 5218 ἀλλήλαις
2314 5148 2369 5202 αἱ
2419 5144 2698 5219 δυνάμεις,
2754 5143 3004 5220 τρέπεται
3060 5145 3153 5218 μὲν
3211 5145 3238 5198 ὁ
3298 5144 3504 5218 Ἀαρὼν
3563 5145 3626 5198 τὸ

1976 5234 2146 5308 δεξιὸν
2207 5237 2370 5309 μέρος
2416 5237 2505 5289 καὶ
2570 5236 2764 5309 μέχρις
2797 5231 2961 5287 αὐτοῦ
3015 5231 3202 5288 διώκει
3231 5237 3326 5287 τοῦ
3356 5234 3624 5308 χάρακος,

205 5330 492 5405 κατασχὼν
544 5327 773 5402 ζωγρίαν
824 5327 910 5380 καὶ
960 5323 1238 5396 Ῥωμανὸν
1288 5324 1379 5378 τὸν
1445 5326 1717 5400 Σκληρόν·
1767 5325 1857 5378 καὶ
1906 5327 2052 5401 τάχα
2083 5325 2139 5379 ἂν
2177 5324 2517 5400 ἀπηνέγκατο
2574 5323 2808 5397 καθαρὰν
2854 5321 2952 5390 τὴν
3009 5321 3191 5393 νίκην,
3251 5321 3295 5376 εἶ
3357 5323 3434 5393 μή
3496 5319 3622 5375 λίαν

1395 5458 1761 5514 XYLANDRI
1805 5461 1892 5514 ET
1929 5459 2148 5516 GOARt
2189 5459 2416 5513 NOT/E.

280 5564 362 5635 (51
376 5581 391 5634 )
423 5556 1092 5635 Kpavo'lnpov,_delirum,
1125 5556 1292 5627 quasi
1329 5555 1551 5614 diceres
1595 5556 1830 5614 cerebro

2017 5557 2240 5614 ratione
2288 5555 2473 5612 delira
2519 5570 2742 5611 senem.
2791 5551 2889 5606 Τὸν
2919 5545 3260 5627 κρονόληρον
3302 5554 3371 5609 ad
3402 5553 3615 5626 Xylun-

208 5629 384 5695 drum
416 5629 670 5690 remitto.
688 5629 770 5671 '-—
802 5629 983 5685 Gom.
