3972 6146
1417 359 1488 419 Η]
1501 356 1909 419 STORIARUl

2030 352 2551 418 IOMPENDIUM.
3563 358 3682 422 369

268 364 372 423 361

264 490 468 566 ἆγένετο
498 486 746 560 εὐλαϐὴς
780 490 868 545 καὶ
899 493 995 544 τοῦ
1027 487 1314 544 σκυλεῦσαι
1349 488 1618 562 ἀπέσχετο
1648 488 1746 556 τὴν
1774 479 2157 560 παρεμϐολὴν,
2198 481 2300 554 ἤδη
2332 484 2422 538 καὶ
2454 489 2548 539 τοῦ
2575 486 2869 557 Κομνηνοῦ
2899 488 3335 549 κατασεισθέντος
3373 488 3464 542 καὶ
3498 494 3681 566 φυγεῖν

260 582 331 643 εἷς
386 583 618 637 Νίκαιαν
670 575 1101 640 ἀποϐλέποντος.
1153 580 1213 635 Ὀ
1256 576 1313 632 δέ
1362 577 1699 649 Κεκαυμένος
1746 577 1807 630 τὸ
1856 575 1973 630 κατ’
2000 574 2161 628 αὐτὸν
2194 574 2528 648 τρεψάμενος
2561 572 2801 649 ἀκριϐῶς
2831 576 2933 629 οὐκ
2962 576 3158 650 ἐπέσχε
3182 577 3282 644 τὴν
3315 573 3516 649 δίωξιν,
3559 575 3683 633 ἀλλ’

258 671 418 747 ἄχρις
450 672 622 725 αὐτοῦ
652 674 750 725 τοῖ’)
782 670 1023 745 χάρακος
1055 668 1258 745 φθάσας
1291 667 1451 721 αὐτόν
1481 688 1539 721 τε
1589 665 1839 741 ῥήγνυσι,
1872 662 1962 717 καὶ
2012 663 2140 717 εέσω
2189 660 2476 737 γινόμενος
2528 664 2617 717 καὶ
2667 664 2759 725 τὰς
2805 665 3003 734 σκηνὰς
3063 662 3358 739 διαρπάσας
3418 666 3509 719 καὶ
3564 671 3680 729 τοῖς

259 761 432 837 ξίφεσι
461 760 660 821 ταύτας
690 758 1008 830 κατατεμὼν
1042 758 1117 818 εἰς
1174 764 1276 831 γῆν
1338 753 1573 831 ἕρῥιψεν.
1606 757 1772 828 Ὃπερ
1821 753 2000 816 θεαθὶν
2057 757 2172 813 τοῖς
2228 751 2417 827 πόρρω
2480 750 2674 824 (ἔκειτο
2730 754 2831 828 γὰρ
2890 756 2923 821 ἠ
2979 747 3307 828 παρεμϐολὴ
3363 753 3450 808 ἐπὶ
3506 754 3677 810 τόπου

262 849 385 924 δίας
402 870 474 922 μα
501 845 752 923 ἕγοντος)
785 850 982 921 θάρσος
1018 847 1113 919 μὶν
1143 841 1364 900 ἐνέϐαλε
1390 850 1507 905 τοῖς
1541 844 1678 921 ἀμφὶ
1707 844 1797 896 τὸν
1833 841 2134 913 Κομνηνὸν,
2168 837 2372 894 δειλίαν
2434 838 2491 895 δὲ
2537 846 2652 902 τοῖς
2696 841 2817 916 περῖ
2862 842 2952 895 τὸν
3015 842 3252 917 Ἀαρών·
3306 841 3676 917 σεσυλημένον

264 940 373 1015 γαρ
430 936 627 998 ῗδόντες
675 937 765 991 τὸν
817 935 1033 1012 χάρακα
1074 936 1125 989 οἱ
1181 933 1275 1007 μὲν
1314 931 1681 1003 ἀνηλάλαξαν,
1727 932 1777 985 οἳ
1824 928 1881 984 δὲ
1927 930 2064 1002 πρὸς
2112 931 2283 1006 φυγὴν
2345 928 2625 1003 ὥρμησαν.
2661 931 2758 983 Καὶ
2801 931 2987 984 πίπτει
3044 930 3137 1001 μὲν
3184 930 3288 984 ἀπὸ
3334 936 3432 985 τοῦ
3484 932 3681 1008 μέρους

270 1032 374 1083 ’τοῖν⁹
410 1028 664 1103 βασιλέως
699 1023 833 1086 λαὸς
870 1023 1069 1093 πολὺς,
1116 1025 1231 1079 κατ’
1263 1023 1528 1097 ἐξαίρετον
1571 1019 1627 1075 δὶ
1674 1016 1999 1085 Μακεδόνες,
2032 1018 2093 1071 οὐ
2141 1019 2305 1090 μόνον
2356 1019 2462 1072 ἀπὸ
2510 1023 2605 1072 τοῦ
2651 1024 3020 1094 στρατιωτῶν,
3056 1018 3199 1074 ἀλλὰ
3249 1020 3336 1074 καὶ
3387 1024 3683 1098 στρατηγοὶ

274 1115 499 1182 πολλοὶ,
531 1117 557 1170 6
586 1113 1123 1189 Μαυροκατακαλὼν,
1155 1114 1183 1168 6
1217 1111 1506 1185 Πνυέμιος,
1540 1112 1568 1166 6
1600 1108 2017 1180 Κατζαμο·3ντης
2044 1128 2132 1161 και
2165 1103 2328 1162 ἄλλοι
2363 1107 2461 1161 οὐκ
2492 1105 2696 1181 ὀλίγοι,
2730 1108 2973 1163 ἑάλωσαν
3010 1106 3066 1163 δὲ
3096 1110 3183 1163 καὶ
3216 1108 3416 1182 πολλῷ
3459 1110 3684 1177 πλείους

266 1211 372 1260 τῶν
401 1204 802 1276 ἀναιρεθέντων.

330 1296 425 1349 Ἐν
457 1292 631 1367 ταῦτῃ
660 1295 730 1365 τῇ
766 1292 919 1366 μάχῃ
950 1290 1131 1369 φασὶν,
1166 1290 1247 1344 δτι
1278 1292 1385 1344 τῶν
1436 1289 1560 1364 περὶ
1609 1288 1698 1342 τὸν
1762 1286 1909 1361 βασι-

2101 1286 2159 1341 In
2194 1287 2303 1342 hoc
2336 1288 2535 1359 praalio
2584 1289 2797 1355 ferunt,
2834 1288 3019 1359 pulsis
3073 1289 3489 1361 imperatoriis,
3524 1291 3682 1347 Ran-

260 1382 357 1437 λέα
418 1382 729 1455 τραπεντων
787 1377 1152 1457 Ῥανδοῦλφος
1209 1379 1237 1433 6
1296 1378 1554 1452 Φράγγος
1612 1375 1663 1437 ἐς
1716 1377 1909 1447 μεσοος

2030 1375 2309 1447 dulphum
2345 1378 2632 1432 Francum
2684 1378 2836 1432 inter
2884 1378 3109 1433 medios
3162 1378 3451 1449 fugientes
3484 1396 3678 1451 perse-

255 1470 752 1545 περιπλανώμενος
810 1469 936 1531 τούς
1002 1489 1062 1522 τε
1136 1466 1428 1543 φεύγοντας
1496 1465 1584 1519 καὶ
1644 1464 1772 1525 τοὺς
1831 1460 1909 1517 δι-

2030 1470 2385 1536 quentesque
2435 1466 2804 1521 oberrantem
2855 1482 2988 1521 cum
3041 1465 3251 1522 celebri
3285 1466 3481 1538 aliquo
3513 1468 3675 1539 cupi-

257 1558 504 1620 ώκοντας
548 1557 725 1628 ἐζήτει
782 1556 1171 1630 συμπλακῆναί
1240 1577 1346 1610 τινι
1402 1560 1508 1608 τῶν
1570 1554 1908 1625 ὀνομαστῶν.

2030 1552 2175 1608 visse
2233 1554 2529 1625 congredi.
2593 1558 2772 1625 Atque
2828 1554 2925 1610 ubi
2984 1557 3230 1609 sentiret
3276 1555 3672 1627 Nicephorum

261 1647 408 1702 Ἐπεὶ
456 1644 514 1700 δὶ
549 1648 713 1719 μάθοι
746 1648 821 1709 ὡς
870 1645 1185 1720 Νικηφόρος
1217 1642 1404 1699 δίεισιν
1453 1645 1479 1698 6
1529 1647 1908 1710 Βοτανειάτης,

264 1735 383 1797 τοὺς
425 1733 635 1797 ἄλλους
673 1732 989 1790 καταλιπὼν
1050 1734 1213 1807 ἀπῄει
1264 1734 1398 1808 πρὸς
1445 1731 1666 1799 ἐκεῖνον,
1703 1729 1914 1806 πόρρω-

263 1836 344 1887 θεν
400 1825 624 1899 κράζων
682 1825 770 1878 καὶ
832 1824 1008 1896 μένειν
1068 1822 1538 1898 παρεγγυώμενος,
1582 1818 1764 1889 δηλῶν
1823 1818 1912 1873 καὶ

259 1907 512 1984 τοίἱνομα
570 1910 717 1972 ὅστις
776 1907 861 1981 εἴη
920 1911 1007 1965 καὶ
1060 1909 1143 1985 ἐφ’
1204 1910 1249 1981 ᾦ
1297 1906 1708 1983 προσκαλεῖται.
1739 1908 1912 1978 ’Ὁπερ

256 2000 420 2072 γνοὺς
474 2001 502 2054 6
562 2005 921 2069 Βοτανειάτης
970 1997 1156 2069 ’ίστησι
1198 1999 1289 2053 τὸν
1347 1996 1577 2072 δρόμον,
1630 1998 1719 2051 καὶ
1769 1995 1911 2072 ἐγγί-

256 2109 411 2143 σαντι
464 2094 544 2161 τῷ
603 2087 957 2165 Ῥανδούλφῳ
1010 2088 1429 2163 προσμίγνυται,
1480 2087 1569 2141 καὶ
1624 2085 1767 2139 παίει
1821 2085 1914 2157 μὲν

260 2177 471 2240 ἐκεῖνος
528 2182 606 2250 τῷ
656 2178 791 2255 ξίφει
844 2180 943 2248 τὴν
996 2175 1194 2232 ἀσπίδα
1259 2182 1355 2231 τοῦ
1403 2172 1771 2252 Ῥανδούλφου
1822 2175 1913 2228 καὶ

254 2269 451 2339 τέμνει
484 2264 640 2341 διχῆ,
675 2266 820 2320 παίει
854 2264 910 2320 δὲ
961 2268 989 2322 6
1014 2263 1377 2341 Ῥανδοῦλφος
1424 2264 1582 2318 αὑτὸν
1634 2264 1769 2317 κατὰ
1813 2265 1913 2330 τῆς

255 2357 516 2429 κόρυθος,
552 2352 904 2425 διολισθῆσαν
966 2353 1023 2409 δὲ
1078 2356 1139 2409 τὸ
1187 2355 1334 2428 ξίφος
1392 2353 1494 2408 οὐκ
1549 2347 1793 2425 ἔϐλαψε·
1829 2349 1913 2406 διὸ

260 2446 353 2499 καὶ
417 2442 813 2516 συνδραμόντες
872 2444 1009 2519 πρὸς
1060 2444 1152 2498 τὸν
1214 2442 1567 2512 Βοτανειάτην
1598 2439 1773 2515 έτεροι
1803 2460 1917 2515 χει-

261 2539 486 2611 ροῦνται
526 2533 763 2608 ζωγρίαν
818 2533 909 2587 τὸν
968 2530 1135 2608 ἄνδρα
1180 2533 1268 2586 καὶ
1345 2531 1397 2593 ές
1471 2531 1562 2585 τὸν
1632 2531 1912 2602 Κομνηνὸν

258 2624 584 2697 ἀπάγουσιν.
647 2624 876 2678 Ἔπεσον
932 2619 989 2677 δε
1044 2621 1134 2676 καὶ
1186 2626 1292 2675 τῶν
1354 2621 1413 2675 lx.
1466 2624 1563 2713 τοῦ
1619 2623 1911 2713 Κομνηνοῐξ
1944 2649 1993 2713 Β

260 2712 563 2788 στραεηγὺς
616 2712 709 2783 εἷς,
784 2712 935 2766 Λέων
990 2712 1017 2765 6
1077 2709 1381 2786 Ἀντίοχος,
1415 2708 1526 2781 (καὶ
1590 2706 1911 2783 στρατιῶταί

262 2822 425 2862 τινες.

336 2889 636 2961 Γενομένης
670 2886 728 2943 δὲ
767 2892 866 2953 τῆς
916 2888 1087 2958 ἥττης
1140 2888 1230 2943 καὶ
1287 2892 1392 2941 τῶν
1446 2888 1505 2941 έκ
1545 2890 1645 2951 τῆς
1701 2891 1909 2960 τροπῆς

265 2977 479 3032 καὶτοῦ
508 2974 763 3050 πολέμου
794 2974 1164 3031 διασωθέντων
1197 2974 1249 3038 ές
1299 2976 1390 3030 τὸν
1445 2973 1671 3050 βασιλέα
1728 2973 1910 3029 έλθόνο

265 3088 370 3121 των
418 3069 531 3139 ἅμα
587 3071 667 3138 τῷ
726 3064 1029 3139 δομεστίκῳ
1086 3066 1175 3120 καὶ
1217 3069 1297 3137 τῷ
1328 3064 1558 3137 ’Λαρὼν,
1591 3063 1751 3124 αὐτὸς
1814 3064 1907 3135 μὲν

259 3155 561 3231 ἀπεγνώκει
619 3155 686 3208 τὰ
743 3155 1036 3230 πράγματα
1108 3154 1197 3208 καὶ
1254 3151 1361 3222 ἤδη
1416 3149 1786 3226 προσδόκιμος
1842 3152 1907 3221 ἦν

262 3249 372 3298 τῶν
404 3245 622 3297 πάντων
655 3243 917 3319 ἀφέμενος
975 3245 1284 3319 καταφυγὴν
1341 3240 1431 3295 καὶ
1490 3241 1759 3311 σωτηρίαν
1811 3246 1909 3311 ζη-

256 3338 389 3388 τεῖν’
450 3332 573 3388 ἀλλ’
631 3334 682 3386 oi.
740 3333 863 3407 περὶ
932 3332 1091 3386 αὐτὸν
1164 3331 1226 3385 οὗ
1304 3331 1688 3405 συνεχώρησαν
1749 3336 1909 3384 τοῦτο

256 3424 510 3490 ποιῆσαι,
570 3419 715 3476 ἀλλὰ
812 3421 987 3493 μένειν
1068 3418 1407 3491 παρεκάλουν
1485 3418 1574 3472 καὶ
1658 3417 1911 3489 τελευτᾷν

258 3511 519 3584 εὐγενῶς,
567 3509 616 3564 εἴ
675 3507 874 3580 δεήσει,
926 3509 1048 3583 περὶ
1102 3516 1201 3578 τῆς
1257 3509 1555 3584 βασιλείας.
1594 3508 1763 3565 Πάλιν
1813 3510 1906 3581 μὶν

256 3598 353 3655 οὖν
406 3597 792 3673 στρατολογεῖν
838 3598 925 3652 καὶ
968 3598 1105 3671 πρὸς
1167 3594 1413 3671 δευτέρας
1466 3597 1908 3673 ἀντιπαρατάξεις

258 3694 477 3776 χωρεῖν
534 3686 780 3762 ὀχληρὸν
840 3688 928 3741 καὶ
980 3685 1295 3776 ἀσύμφορον
1331 3690 1415 3756 [Ρ.
1449 3690 1573 3776 803]
1609 3686 1906 3776 ἐνομίζετο,

256 3776 397 3851 ᾤετο
459 3773 518 3831 δὲ
570 3777 927 3851 περιέσεσθαι,
979 3774 1024 3829 εἱ
1072 3773 1171 3843 τήν
1229 3779 1338 3829 τῶο
1396 3774 1639 3831 πολιτῶν
1698 3774 1909 3831 εὔνοιαν

256 3866 585 3921 ἂπισπάσοι·
648 3864 765 3928 ὅθεν
823 3866 913 3919 καὶ
968 3863 1195 3926 τούτους
1252 3869 1497 3937 περιεῖπε
1555 3866 1642 3918 καὶ
1706 3862 1909 3935 δώροις

256 3960 482 4030 συνεῖχε
547 3954 637 4008 καὶ
723 3953 1181 4031 φιλοτιμήμασιν.
1240 3958 1293 4006 Ὀ
1379 3950 1436 4007 δὲ
1504 3954 1789 4026 Κομνηνὸς
1844 3954 1911 4008 τὰ

2022 1642 2382 1696 Botaniatem
2419 1660 2485 1697 ea
2528 1643 2799 1708 transire,
2836 1644 3079 1713 reliquis
3128 1644 3365 1699 omissis
3413 1645 3472 1699 in
3502 1644 3671 1700 illum

2023 1731 2414 1797 contendisse,
2448 1732 2680 1786 eminus
2732 1732 3143 1787 vociferantem
3198 1738 3377 1803 utque
3410 1739 3676 1790 maneret

2023 1818 2380 1889 hortantem,
2412 1825 2469 1875 et
2517 1822 2650 1892 quis
2701 1821 2825 1892 ipse
2877 1825 3035 1876 esset
3084 1822 3433 1876 nominatim
3484 1822 3674 1893 expri-

2024 1913 2304 1974 mentem,
2335 1914 2392 1964 et
2420 1911 2491 1963 ad
2534 1926 2709 1980 quam
2744 1926 2863 1965 rem
2916 1916 3273 1980 provocaret.
3310 1912 3473 1976 Quod
3506 1916 3676 1966 Bota-

2023 1999 2240 2052 niatem
2273 1999 2837 2054 animadvertentem
2870 1998 3121 2055 inhibito
3152 2016 3331 2054 cursu
3361 2016 3493 2055 cum
3532 2000 3682 2055 Ran-

2025 2084 2244 2157 dulpho
2264 2104 2504 2142 manum
2524 2087 2913 2154 conseruisse,
2930 2093 3319 2159 secutumque
3333 2089 3463 2160 ejus
3485 2088 3682 2161 gladio

2024 2176 2417 2243 dissecuisse;
2452 2177 2869 2248 Randulphum
2903 2193 3103 2232 ensem
3138 2178 3194 2231 in
3228 2179 3546 2234 Botaniataz
3569 2195 3675 2250 ga-

2026 2264 2175 2319 leam
2209 2265 2544 2336 impegisse,
2572 2267 2807 2337 ictuque
2827 2283 2957 2322 eum
2982 2268 3134 2322 632
3158 2267 3465 2339 delapsum
3491 2269 3678 2325 irrito.

2027 2356 2208 2425 Atque
2240 2354 2317 2408 ita
2341 2355 2553 2409 factum
2583 2361 2644 2409 ut
2674 2355 2771 2410 alii
2794 2356 2863 2410 ad
2894 2356 3254 2410 Botaniatem
3281 2362 3677 2423 accurrerent,

2026 2448 2378 2513 captumque
2429 2443 2846 2514 Randulpbum
2899 2444 2968 2497 ad
2998 2445 3361 2499 Comnenum
3413 2446 3674 2501 abduce-

2026 2536 2173 2586 rent.
2212 2537 2248 2584 Α
2285 2534 2576 2587 Comneno
2608 2549 2763 2587 unus
2785 2532 3063 2588 occubuit
3094 2533 3303 2588 ductor
3334 2533 3444 2588 Leo
3477 2534 3674 2588 Antio-

2025 2620 2191 2687 chus,
2227 2624 2284 2675 et
2313 2620 2528 2676 milites
2559 2620 2809 2693 aliquot.

2093 2892 2341 2958 Accepta
2371 2886 2479 2941 hac
2528 2887 2712 2954 clade,
2746 2891 2803 2941 et
2850 2887 2924 2942 iis
2955 2886 3052 2959 qui
3082 2903 3151 2943 ex
3199 2889 3445 2944 adverso
3477 2888 3674 2960 przelio

2021 2982 2325 3032 evaserant
2354 2976 2424 3031 ad
2460 2977 2872 3047 imperatorem
2900 2977 3149 3033 reversis
3179 2995 3313 3033 cum
3348 2979 3678 3035 domestico

2021 3071 2078 3121 et
2120 3070 2363 3132 Aarone,
2398 3065 2716 3134 imperator
2763 3066 2833 3119 de
2886 3083 3122 3121 summa
3153 3084 3348 3122 rerum
3397 3068 3676 3139 despera-

2020 3156 2139 3223 vit;
2173 3160 2523 3226 paratusque
2553 3161 2677 3209 erat
2708 3155 2998 3227 refugium
3051 3155 3287 3226 aliquod
3321 3160 3398 3211 et-
3422 3156 3671 3212 salutem

2020 3260 2299 3314 quaerere,
2332 3243 2577 3313 imperio
2627 3243 2895 3311 dimisso,
2931 3244 2978 3298 si
3028 3244 3345 3300 familiares
3377 3245 3485 3300 hoc
3518 3247 3672 3316 passi

2019 3338 2239 3389 essent.
2291 3332 2399 3395 Qui
2450 3332 2663 3386 hortati
2710 3338 2849 3386 sunt
2881 3337 2945 3387 ut
2994 3334 3355 3403 perduraret,
3390 3350 3455 3389 ac
3505 3333 3554 3389 si
3588 3334 3669 3389 ita

2022 3422 2194 3477 ferret
2248 3437 2441 3490 casus,
2504 3438 2883 3493 propugnans
2941 3438 3044 3493 pro
3090 3422 3336 3493 imperio
3386 3438 3667 3493 generose

2020 3511 2214 3582 potius
2281 3516 2621 3564 moreretur.
2692 3510 2995 3565 Enimvero
3064 3527 3244 3566 novos
3322 3512 3663 3567 contrahere

2018 3599 2306 3654 exercitus
2333 3616 2399 3653 ac
2429 3599 2619 3653 denuo
2651 3615 2855 3669 pugnas
2888 3598 3072 3654 aleam
3106 3604 3332 3655 tentare
3361 3600 3667 3656 videbatur

2020 3689 2334 3743 molestum
2366 3703 2432 3741 ac
2463 3686 2689 3742 inutile.
2714 3688 3137 3758 Superaturum
3169 3706 3231 3743 se
3261 3691 3535 3760 sperabat
3556 3691 3667 3745 im-

2021 3782 2274 3850 perator,
2324 3777 2370 3831 si
2432 3777 2647 3831 civium
2708 3776 3166 3832 benevolentiam
3218 3778 3328 3833 sibi
3381 3784 3667 3850 parasset.

2018 3867 2221 3937 Itaque
2253 3865 2426 3920 modo
2473 3866 2581 3921 hos
2634 3866 2806 3920 modo
2854 3864 2987 3921 illos
3037 3867 3448 3923 demerebatur
3495 3868 3668 3922 donis

2023 3961 2197 4026 atque
2232 3955 2594 4009 muneribus.
2640 3954 2969 4009 Comnenus
3017 3959 3234 4024 autem,
3268 3955 3468 4011 fractis
3497 3955 3673 4011 dissi-

412 4013 454 4030 η,
735 4013 745 4031 ,
1588 4013 1597 4026 .
1683 4013 1693 4023 .
1777 4013 1785 4015 ρ

255 4043 473 4098 ἐναντία
573 4042 801 4118 θραύσας
901 4041 1275 4117 στρατεύματα
1357 4044 1445 4096 καὶ
1536 4039 1907 4114 διασκεδάσας,

2030 4013 2289 4116 patisque
2320 4043 2579 4097 hostium
2613 4043 2856 4113 viribus,
2889 4061 2923 4098 a
2951 4044 3141 4098 Nicena
3165 4013 3362 4109 movit,
3390 4043 3675 4116 tertioque

254 4133 572 4194 ἀπαναστὰς
632 4131 686 4186 έν
754 4132 985 4192 Νικαίας
1056 4136 1297 4205 τριταῖος
1375 4130 1451 4192 εἷς
1535 4129 1907 4204 Νικομήδειαν

255 4221 484 4297 ἔρχεται
565 4224 773 4276 Ἐκεῖσε
823 4218 879 4275 δὶ
926 4219 1070 4292 αὐτῷ
1156 4221 1436 4294 γενομένῳ
1506 4220 1762 4297 φθάνουσι
1824 4221 1913 4275 καὶ

255 4305 591 4385 πρεσϐευταὶ
662 4308 953 4381 βασιλέως,
1011 4310 1038 4362 6
1097 4306 1362 4383 πρόεδρος
1440 4310 1842 4371 Κωνσταντῖνος
1885 4310 1912 4363 ὀ

258 4396 598 4475 Αειχοῦδης,
632 4398 659 4451 6
693 4394 959 4471 πρόεδρος
991 4394 1269 4469 Θεόδωρος
1294 4398 1321 4450 6
1349 4395 1916 4464 ’Δλωπὸς,Κωνσταν-

254 4494 403 4549 τῖνος
439 4488 469 4541 6
504 4484 723 4547 Ψελλὸς
757 4486 784 4539 6
813 4483 923 4539 τῶν
955 4484 1270 4562 φιλοσόφων
1331 4484 1530 4546 ὕπατος
1580 4488 1710 4556 (52).
1747 4487 1911 4543 Οὗτοι

252 4579 356 4651 γὰρ
419 4576 475 4629 οἱ
534 4580 681 4650 τρεῖς
742 4571 930 4647 ἄνδρες
985 4573 1073 4627 ἐπὶ
1136 4572 1296 4651 σοφίᾳ
1340 4574 1428 4627 καὶ
1462 4572 1629 4649 λόγου
1688 4570 1910 4646 δυνάμει

252 4667 362 4719 τῶν
408 4665 551 4719 κατὰ
602 4664 703 4731 τὴν
757 4661 966 4737 ἡμέραν
1038 4662 1239 4732 ἐκείνη-ο
1290 4664 1590 4737 ἀνθρώπων
1643 4659 1909 4740 διαφέρειν

253 4752 567 4823 δοκοῦντες,
598 4751 687 4806 καὶ
748 4750 1081 4825 ἀσυγκρίτως
1123 4753 1150 4805 ὁ
1182 4748 1424 4818 Ψελλὸς,
1460 4750 1777 4825 ἐξελέγησαν
1840 4752 1913 4811 εἷς

249 4844 312 4897 τὸ
347 4836 702 4919 πρεσϐεῦσαι’
733 4841 823 4895 καὶ
877 4837 1273 4914 προσεδόκησεν
1310 4841 1337 4894 6
1390 4838 1645 4914 βασιλεὺς
1705 4839 1913 4915 μεγάλα

250 4932 697 5005 καταπράξασθαι
758 4927 845 4983 διὰ
900 4936 1002 4997 τῆς
1057 4927 1273 4983 ἐκείνων
1330 4929 1615 5001 εὐστομίας
1660 4929 1747 4982 καὶ
1809 4928 1911 5004 χάη

252 5042 426 5095 ριτος.
483 5021 827 5093 Ὑπισχνεῖτο
886 5015 943 5073 δὶ
998 5020 1032 5087 ἡ
1084 5012 1342 5090 πρεσϐεία
1412 5016 1772 5089 καταθέμενον
1848 5022 1914 5072 τὰ

252 5109 401 5164 ὅπλα
449 5108 545 5161 τὸν
615 5107 897 5179 Κομνηνὸν
960 5105 1120 5160 αὐτὸν
1176 5106 1269 5178 μὶν
1331 5108 1712 5176 υἱοθετηθῆναι
1768 5108 1913 5182 παρά

249 5203 347 5253 τοῦ
412 5194 689 5271 βασιλέως
743 5194 833 5248 καὶ
908 5194 1144 5267 Καίσαρα
1218 5194 1610 5271 ἀναρρηθῆναι,
1672 5200 1801 5249 πᾶσι
1857 5194 1913 5250 δὲ

2019 4133 2112 4187 die
2156 4132 2555 4187 Nicomediam
2609 4132 2784 4186 venit.
2839 4132 2923 4187 lbi
2971 4132 3019 4187 ei
3072 4138 3453 4188 occurrerunt
3500 4134 3674 4205 legati

2021 4221 2415 4293 imperatoris,
2449 4238 2663 4293 praeses
2696 4222 3121 4277 Constantinus
3155 4222 3495 4294 Leichudes,
3528 4240 3673 4294 pra:-

2024 4327 2116 4366 ses
2148 4311 2445 4365 Thidorus
2476 4310 2718 4381 Alopus,
2750 4310 3173 4366 Constantinus
3205 4312 3432 4368 Psellus
3484 4312 3670 4384 philo-

2022 4400 2342 4471 sOphorum
2379 4399 2672 4470 princeps.
2709 4399 2928 4454 Etenim
2982 4400 3042 4453 hi
3078 4406 3196 4456 tres
3245 4402 3350 4455 viri
3383 4400 3672 4471 sapientia

2023 4497 2078 4543 et
2145 4487 2415 4543 facundia
2479 4488 2741 4542 omnium
2800 4489 2903 4559 qui
2968 4494 3110 4544 tunc
3166 4490 3439 4545 vivebant
3494 4489 3669 4560 primi

2025 4577 2229 4641 habiti,
2287 4582 2343 4632 et
2410 4577 2643 4647 quidem
2712 4581 2874 4631 extra
2939 4579 3395 4648 comparationis
3452 4584 3668 4633 sortem

2024 4666 2273 4733 Psellus,
2307 4667 2376 4721 ad
2407 4682 2532 4719 eam
2585 4664 2932 4737 legationem
2986 4667 3218 4722 fuerant
3248 4668 3477 4733 delecti,
3514 4667 3670 4739 quod

2022 4753 2343 4823 imperator
2401 4768 2599 4806 eorum
2664 4752 2994 4822 eloquentia
3050 4759 3107 4808 et
3156 4756 3309 4809 633
3367 4754 3557 4827 gratia
3612 4771 3675 4810 se

2024 4842 2279 4895 maxima
2319 4846 2770 4896 consecuturum
2827 4843 3118 4913 sperabat.
3154 4844 3348 4915 Legati
3382 4844 3677 4915 promitte-

2023 4931 2164 4985 bant
2194 4934 2578 4995 Comnenum,
2612 4931 2658 4983 si
2693 4930 2765 4985 ab
2794 4932 2975 4984 armis
3008 4931 3674 5011 discessisset,.adopta-

2021 5024 2146 5074 tum
2180 5020 2253 5073 ab
2294 5019 2643 5089 imperatore
2692 5036 2759 5073 ac
2807 5019 3090 5074 Caesarem
3139 5023 3511 5093 designatum
3558 5023 3672 5090 iri;

2023 5113 2079 5163 et
2108 5108 2380 5162 omnibus
2424 5108 2521 5178 qui
2564 5107 2751 5179 ipsius
2784 5108 2966 5163 secuti
3002 5116 3199 5164 essent
3231 5116 3446 5182 partes,
3477 5112 3676 5183 impu-

2023 5197 2265 5251 nitatem
2326 5195 2797 5268 oblivionemque
2849 5197 3198 5269 injuriarum
3251 5200 3676 5272 promittebant

1453 5338 1828 5393 XYLANDRI
1869 5339 1954 5394 ET
1992 5339 2212 5396 GOARI
2253 5337 2483 5393 NOTAE.

326 5460 436 5527 {52;
476 5456 607 5511 Non
659 5470 728 5509 ex
775 5453 985 5527 merito
1035 5452 1247 5519 solum,
1300 5456 1399 5510 sed
1447 5471 1514 5509 ex
1555 5454 1745 5527 officio
1782 5459 1914 5527 tam

2025 5456 2317 5526 gesimum
2378 5452 2501 5508 loco
2556 5451 2710 5508 inter
2756 5454 3025 5526 palatina
3076 5463 3485 5513 enumeratum
3539 5458 3578 5513 l.
3640 5460 3677 5511 2

252 5522 617 5601 exquisitum
687 5524 856 5601 Pselli
929 5541 1170 5601 nomen,
1215 5543 1342 5601 quo
1415 5528 1523 5578 τῶν
1598 5523 1916 5601 φιλοσόφων
2022 5522 2185 5581 Juris
2234 5525 2929 5601 Grmcoromani._Gessit
2985 5527 3158 5601 etiam
3212 5530 3352 5584 illud
3407 5531 3673 5585 Theodo-

254 5596 482 5667 ῧπάτος,
516 5600 629 5653 hoc
652 5603 742 5653 est
765 5596 1082 5668 ὑπέρτατος,
1118 5597 1366 5664 dicitur;
1399 5596 1736 5669 quanquam
1767 5596 1911 5653 ncn-

255 5675 364 5731 nisi
389 5691 463 5731 ex
498 5672 710 5727 merito
743 5669 1102 5725 tribueretur
1132 5670 1418 5737 olﬁcium,
1440 5686 1594 5727 nono
1617 5686 1798 5744 supra
1824 5670 1913 5726 vi-

585 5797 1012 5877 Puaon...Ga.
1056 5795 1289 5859 CXXII.

2025 5615 2124 5652 rus
2158 5596 2489 5673 patriarcha
2519 5597 2650 5666 CP.,
2697 5597 2767 5651 de
2799 5614 2915 5670 quo
2956 5600 3029 5655 ad
3077 5602 3340 5673 ejusdem
3396 5601 3529 5657 libri
3563 5601 3675 5657 cal-

2025 5685 2166 5726 cem.
2202 5672 2381 5724 Gem.
