3968 6140
307 361 424 426 363

1663 349 1979 411 GEORGII
2024 307 2362 408 causam

3589 345 3698 404 364

303 493 610 550 Neminem
659 493 854 548 ferunt
901 494 1038 544 tunc
1089 489 1162 544 iis
1211 503 1542 543 assensum.
1594 483 1829 540 Reversi
1877 483 1948 537 ad
1982 523 1991 550 λ

2098 483 2180 538 οῖς
2261 481 2680 550 συναπαχθεῖσιν
2767 473 2912 545 αὖτῷ
2991 472 3291 545 ἀμνηστίαν
3377 479 3549 528 κακῶν
3616 476 3701 530 καὶ

307 584 720 654 imperatorem
745 596 947 634 rursus
969 594 1102 632 cum
1127 577 1257 632 aliis
1289 575 1584 631 mandatis
1615 574 1957 636 mittuntur,

311 671 700 740 inciduntque
731 669 790 722 in
822 669 1183 724 Comnenum
1219 667 1372 736 apud
1406 665 1771 731 Realeujus
1804 660 1958 728 lega-

309 759 486 814 tionis
517 757 808 812 sententia
838 761 962 811 erat
991 771 1120 810 esse
1151 755 1492 824 adoptatum
1520 754 1648 822 jam
1681 769 1745 805 ac
1779 753 1962 805 Caesa-

311 865 434 902 rem
465 845 818 901 declaratum
845 845 1231 909 Comnenum,
1261 847 1316 896 et
1338 839 1730 911 imperatoriis
1755 839 1961 893 litteris

312 935 588 992 omnibus
635 935 732 1004 qui
784 949 916 988 cum
970 934 1095 1002 ipso
1148 931 1400 985 fuissent
1444 931 1782 1000 dignitates,
1816 943 1963 998 quas

311 1029 510 1080 essent
539 1022 757 1093 adepti,
789 1021 1152 1076 conﬁrmari.
1177 1021 1286 1074 Eas
1316 1023 1648 1073 Comnenus
1681 1015 1964 1071 conditio-

313 1131 442 1180 nes,
471 1118 528 1166 et
557 1112 654 1181 qui
685 1127 816 1164 cum
849 1127 914 1164 eo
948 1114 1114 1164 erant
1143 1110 1344 1173 duces,
1379 1107 1812 1174 collaudarunt,
1839 1121 1964 1158 eas-

318 1218 429 1273 que
459 1215 636 1255 aurea
665 1198 828 1253 bulla
858 1198 1195 1252 conﬁrmari
1251 1195 1650 1267 postularunt,
1680 1192 1803 1248 solo
1833 1195 1968 1246 Am-

318 1293 492 1346 busto
521 1289 889 1358 improbante
919 1287 1136 1342 omnia.
1173 1286 1274 1340 Hic
1305 1285 1456 1339 enim
1489 1299 1684 1339 senem
1729 1281 1970 1353 imperio

321 1395 564 1450 prorsus
585 1376 822 1448 spoliari
849 1375 1114 1442 volebat;
1149 1375 1578 1445 indignumque
1606 1374 1720 1425 fore
1743 1370 1971 1424 facinus

326 1467 674 1530 afﬁrmabat,
710 1463 780 1528 si,
831 1465 922 1518 cui
975 1463 1340 1533 interpositis
1390 1460 1972 1529 sanctissimisjura-

327 1555 543 1610 mentis
573 1552 886 1624 imperium
913 1553 1316 1622 abrogassent,
1342 1567 1474 1605 eum
1501 1567 1704 1604 rursus
1726 1549 1781 1602 id
1813 1565 1977 1602 oecu-

329 1660 467 1716 pare
518 1646 873 1713 paterentur,
925 1641 1144 1711 Deique
1173 1641 1320 1694 iram
1371 1641 1443 1693 ob
1489 1639 1596 1693 hoc
1652 1638 1974 1708 perjurium

331 1734 614 1787 adversus
645 1732 804 1800 ipsos
836 1737 1200 1784 exarsurum.
1237 1729 1368 1783 Jam
1403 1729 1459 1781 id
1495 1744 1562 1781 ex
1593 1743 1702 1780 usu
1737 1725 1978 1780 minime

331 1822 477 1886 fore,
509 1823 573 1874 ut
603 1821 674 1872 ab
707 1819 886 1872 armis
909 1818 1216 1872 discedant
1248 1835 1260 1870 :
1297 1833 1429 1870 mox
1459 1818 1614 1870 enim
1639 1820 1695 1870 et
1733 1817 1977 1869 Comne-

333 1925 478 1964 num
509 1923 728 1962 veneno
763 1911 1035 1961 necatum
1069 1911 1125 1961 et
1155 1905 1329 1961 sociis
1357 1905 1813 1976 conspirationis
1841 1919 1978 1958 ocu-

333 1997 426 2054 los
455 1997 730 2052 efi‘ossum
763 1995 855 2049 iri.
888 1997 967 2049 Ac
1004 1995 1299 2066 proditum
1353 2001 1442 2049 est
1473 1994 1790 2056 memorias,
1823 1995 1982 2063 ipsos

337 2088 514 2142 etiam
545 2085 767 2156 legatos
816 2084 1220 2154 praevaricatos
1275 2083 1476 2149 fuisse,
1521 2087 1576 2137 et
1625 2083 1796 2137 modo
1827 2083 1984 2136 hunc

341 2175 515 2232 modo
563 2175 718 2229 634
775 2172 944 2227 illum
994 2173 1241 2227 diversis
1289 2173 1652 2242 temporibus
1700 2173 1984 2226 Ambusto

339 2265 600 2320 suasisse
633 2268 696 2318 ut
725 2267 1089 2334 oppugnaret
1119 2261 1328 2316 acriter
1367 2261 1591 2316 oblatas
1623 2261 1988 2315 conditiones

340 2368 530 2423 neque
571 2352 892 2422 quidquam
944 2350 1306 2404 concederet.
1363 2351 1432 2403 Et
1463 2349 1700 2420 quidem
1753 2349 1858 2402 hoc
1889 2365 1988 2403 eos

341 2442 556 2512 egisse,
591 2457 692 2510 pro
725 2443 880 2493 certo
911 2437 1222 2510 perhibent
1269 2437 1310 2490 ii
1359 2437 1576 2507 quibus
1625 2437 1733 2491 ista
1769 2436 1988 2508 optime

335 2533 475 2586 sunt
508 2533 663 2599 nota,
697 2533 754 2582 et
794 2545 828 2582 a
878 2527 1170 2582 mendacii
1221 2527 1554 2596 suspicione
1603 2531 1741 2580 sunt
1773 2526 1986 2580 immu-

335 2637 439 2673 nes
469 2636 484 2686 ;
515 2619 798 2687 aiuntque
830 2633 952 2681 eos,
1001 2617 1344 2686 interposito
1383 2615 1795 2684 jurejurando,
1829 2615 1984 2668 afﬁr-

336 2723 531 2762 masse
561 2706 858 2760 Comnenn
890 2705 1162 2758 ardenter
1192 2720 1326 2757 eum
1358 2704 1430 2758 ab
1466 2704 1689 2758 urbana
1721 2703 1984 2756 multitu-

339 2795 474 2849 dine
523 2794 711 2866 diligi,
746 2809 810 2847 ac
859 2793 908 2847 si
959 2797 1195 2845 tantum
1248 2792 1589 2846 accessisset
1639 2793 1710 2846 ad
1757 2793 1986 2856 urbem,

341 2884 462 2938 fore
491 2887 556 2936 ut
584 2883 781 2952 ipsum
814 2897 902 2946 ea,
925 2897 1063 2935 sene
1089 2881 1418 2950 exturbato,
1439 2897 1570 2934 cum
1591 2879 1990 2951 gratulatoriis

341 2971 592 3025 victoriae
623 2975 680 3024 et
706 2969 936 3040 imperii
967 2969 1330 3024 carminibus
1360 2969 1630 3038 excipiat.
1656 2969 1783 3023 Haec
1815 2969 1874 3022 in
1902 2985 1991 3022 ra-

345 3059 485 3115 stris
511 3063 640 3112 acta
671 3059 958 3112 feruntur.

2009 1863 2060 1928 B

2067 565 2252 644 ἄφεσιν
2337 571 2444 620 τῶν
2529 563 3118 636 πεπλημμελημένων.
3179 568 3264 623 Ὠς
3329 559 3387 616 δὲ
3443 561 3700 636 λέγουσιν,

2071 654 2250 716 οὐδεὶς
2289 651 2588 730 προσέσχεν
2637 654 2844 720 αὐτοῖς,
2889 648 3276 713 ἐπανελθόντες
3307 649 3354 706 δ’
3385 652 3458 714 ὡς
3491 651 3704 726 βασιλέα

2071 745 2160 799 καὶ
2221 743 2400 816 ἑτέραν
2463 738 2748 819 πρεσϐείαν
2817 742 3102 819 εἰληφότες
3161 741 3568 815 ἐπανέρχονται,
3625 741 3705 795 καὶ

2073 829 2580 906 καταλαμϐάνουσιν
2643 831 2942 906 ἐρχόμενον
3013 831 3105 885 τὸν
3184 831 3472 904 Κομνηνὸν
3534 828 3606 890 εὶς
3649 829 3708 883 τὸ

2075 923 2282 998 χωρίον
2340 921 2436 986 τὰς
2491 920 2659 982 Ῥέας.
2721 918 2959 990 Ἐδήλου
3017 917 3074 973 δὲ
3119 922 3154 988 ἡ
3212 914 3468 994 πρεσϐεία
3533 917 3710 993 ἀναγο-

2080 1019 2331 1088 ρευθῆναι
2387 1010 2478 1083 μὶν
2538 1011 2628 1064 τὸν
2697 1009 2980 1082 Κομνηνὸν
3041 1008 3267 1084 βασιλέα
3325 1007 3710 1076 υίοθετηθέντα,

2078 1107 2206 1155 πᾶσι
2263 1097 2319 1154 δὲ
2373 1105 2490 1160 τοῖς
2541 1099 3092 1174 συστρατευσαμένοις
3154 1097 3300 1169 αὖτῷ
3363 1091 3712 1170 βεϐαιωθῆναι

2077 1190 2172 1251 τὰς
2214 1190 2359 1264 παρά
2387 1193 2483 1242 τοῦ
2517 1191 2808 1261 Κομνηνοῦ
2837 1188 3002 1259 τιμάς
3060 1189 3348 1262 γράμμασι
3395 1184 3710 1259 βασιλικοῖς.

2085 1277 2473 1352 Ἀγγελθείσης
2503 1275 2560 1331 δὲ
2587 1284 2688 1344 τῆς
2732 1275 2790 1330 ἐκ
2843 1276 3110 1350 βασιλέως
3163 1275 3513 1350 ὑποσχέσεως
3570 1273 3715 1335 αὐτὸς

2087 1367 2180 1439 μὲν
2216 1368 2243 1420 ὁ
2292 1367 2580 1438 Κομνηνὸς
2633 1366 2724 1419 καὶ
2780 1367 2973 1427 πάντες
3029 1367 3079 1419 ol
3133 1365 3223 1419 σὺν
3269 1365 3419 1436 αὐτῷ
3469 1362 3716 1439 ἄρχοντες

2084 1455 2494 1532 ἐπευφήμησαν,
2552 1455 2640 1509 καὶ
2705 1457 2800 1519 τάς
2881 1457 3202 1531 ὑποσχέσεις
3275 1450 3717 1531 χρυσοϐουλλείῳ

2083 1549 2262 1621 γραφῇ
2325 1539 2686 1619 βεϐαιωθῆναι
2743 1545 2950 1616 ἠξίουν,
2983 1546 3149 1616 μόνος
3205 1542 3262 1599 δὲ
3312 1546 3340 1598 ὁ
3389 1546 3718 1617 Κεκαυμένος

2086 1635 2420 1708 ἀπηρέσκετο
2472 1634 2605 1707 πρὸς
2655 1635 2830 1688 πάντα
2879 1634 2968 1688 καὶ
3010 1633 3328 1689 καταλιπεῖν
3365 1634 3590 1689 ἐνέκειτο
3634 1633 3716 1687 τὸν

2087 1723 2314 1797 γέροντα
2364 1725 2462 1791 τὴν
2531 1721 2807 1797 βασιλείαν
2871 1723 2960 1776 καὶ
3023 1725 3412 1800 ὑποχωρῆσαι,
3467 1725 3540 1796 μὴ
3597 1723 3718 1778 εἶναι

2091 1809 2234 1881 ἄξιον
2280 1811 2451 1886 λέγων
2487 1815 2677 1865 τοῦτον
2733 1812 2826 1884 μὲν
2867 1810 2976 1882 ἤδη
3026 1815 3412 1888 καθαιρεθέντα
3463 1813 3548 1867 καὶ
3597 1813 3717 1867 ἀπο-

2091 1901 2436 1975 κηρυχθέντα
2486 1901 2668 1974 ὅρκοις
2712 1899 3165 1978 φρικωδεστάτοις
3222 1901 3377 1967 αὗθις
3439 1922 3718 1977 συγχωρη-

2093 1991 2249 2058 θῆναι
2311 1987 2615 2064 βασιλεύειν
2674 1990 2997 2062 Ῥωμαίων·
3057 1996 3217 2046 τοῦτο
3277 1993 3382 2067 γὰρ
3462 1992 3548 2046 καὶ
3604 1993 3722 2045 Θεοῦ

2096 2079 2262 2154 ὀργὴν
2319 2075 2471 2152 ἔλεγε
2537 2080 2776 2149 κινήσειν
2841 2077 2932 2134 διὰ
2975 2081 3075 2148 τὴν
3123 2080 3427 2155 ἐπιορκίαν,
3476 2081 3562 2135 καὶ
3609 2077 3724 2134 οὐδὲ

2095 2170 2282 2231 αὐτοῖς
2343 2167 2548 2223 ἔσεσθαι
2609 2171 2983 2246 συμφέρουσαν
3036 2173 3136 2240 τὴν
3183 2177 3294 2228 τῶν
3343 2171 3530 2229 ὅπλων
3583 2176 3723 2228 κατά-

2096 2261 2274 2313 θεσιν·
2329 2258 2492 2322 αὐτός
2563 2279 2622 2313 τε
2691 2261 2792 2334 γὰρ
2864 2261 3195 2330 υἱοθετγ,θεῖς
3259 2263 3565 2340 φαρμάκοις
3611 2285 3721 2318 κατ-

2098 2345 2370 2423 εργασθεὶς
2461 2348 2746 2422 οἰχήσεται
2831 2350 3060 2423 θᾶττον,
3141 2351 3230 2404 καὶ
3325 2349 3548 2414 ἕκαστος
3628 2355 3722 2406 τῶν

2099 2436 2540 2514 συμπραξάντων-
2605 2437 2755 2509 αὖτῷ
2819 2439 2896 2492 τὼ
2969 2437 3721 2516 ὀφθαλμὼξδιορυγήσεται.

2097 2526 2320 2600 Λέγεται
2374 2523 2431 2579 δὲ
2473 2525 2555 2579 ὅτι
2601 2525 2690 2580 καὶ
2746 2527 2796 2580 o't
2847 2524 3168 2601 πρεσϐευταὶ
3235 2525 3724 2605 παραπρεσϐεύσαν-

2100 2635 2208 2683 τες,
2241 2611 2444 2668 ἄλλοτε
2487 2612 2656 2676 ἀλλος
2689 2614 2862 2690 λάθρα
2889 2621 2968 2688 τῷ
3027 2620 3356 2691 Κεκαυμένῳ
3412 2620 3725 2690 προσιόντες,

2102 2701 2442 2776 παρεκάλουν
2501 2701 2718 2778 ἔχεσθαι
2769 2713 2866 2774 τῆς
2925 2705 3212 2770 ἐνστάσεως
3270 2709 3364 2763 καὶ
3427 2705 3554 2782 μηδ’
3599 2706 3726 2766 ὅλως

2103 2789 2341 2845 ἐνδοῦναι
2415 2795 2592 2848 Τοῦτο
2675 2791 2731 2846 δί
2805 2793 2961 2850 αὐτὸν
3021 2795 3247 2863 ποιῆσαι
3310 2797 3399 2852 καὶ
3463 2799 3512 2851 οἱ
3563 2797 3728 2858 καλῶς

2100 2877 2300 2940 εἰδότες
2330 2876 2770 2958 ἐπληροφὸρουν,
2805 2881 2994 2955 ἄνδρες
3047 2885 3153 2960 οὐχ
3183 2887 3295 2940 οἶοί
3329 2907 3386 2940 τε
3443 2885 3725 2960 ψεύδεσθαι,

2099 2969 2188 3022 καὶ
2223 2968 2296 3029 εἴς
2329 2969 2486 3023 αὐτὸν
2517 2970 2609 3024 τὸν
2633 2973 2914 3044 Κομνηνὸν
2949 2971 3438 3049 πληροφοροῦντες
3465 2974 3728 3047 ἐνωμότως

2102 3057 2176 3119 ὡς
2233 3057 2370 3110 ἅπαν
2422 3059 2484 3112 τὸ
2543 3059 2756 3114 ἀστικὸν
2817 3059 3033 3130 πλῆθος
3095 3068 3373 3136 περικαῶς
3439 3064 3512 3126 εἰς
3587 3063 3722 3117 αὐτὸν

346 3139 486 3220 ἔχει,
517 3145 608 3199 καὶ
635 3145 709 3205 ὡς
741 3143 794 3198 εἷ’
823 3145 984 3215 μόνον
1019 3142 1219 3218 ἐγγίσει
1247 3147 1315 3216 τῇ
1343 3141 1525 3211 πόλει,
1551 3143 1644 3196 τὸν
1676 3142 1905 3218 γέροντα
1935 3143 2297 3215 ἐξωθήσαντες
2335 3147 2448 3219 μετ’
2479 3147 2754 3202 ἐπινικίων
2785 3150 2876 3204 καὶ
2908 3151 3090 3224 ὕμνων
3125 3153 3290 3207 αὐτὸν
3348 3153 3722 3228 προσδέξονται.

346 3233 450 3291 Καὶ
477 3237 644 3288 ταῦτα
681 3234 772 3306 μὶν
805 3234 1048 3308 γενέσθαι
1081 3231 1292 3307 λέγεται
1323 3231 1405 3286 ἐπὶ
1443 3230 1827 3307 στρατοπέδου.

417 3361 656 3415 Interim
690 3375 864 3415 senex
893 3359 1210 3430 imperator
1241 3359 1454 3414 civium
1486 3375 1623 3430 erga
1653 3377 1714 3414 se
1741 3359 1988 3414 benevo-
2019 3357 2060 3422 C

343 3450 608 3516 lentiam,
633 3447 1529 3518 donis,muneribus,honoribus
1548 3455 1603 3502 et
1626 3448 1756 3502 aliis
1780 3447 1994 3517 quibus

347 3539 506 3593 favor
565 3536 760 3608 populi
812 3542 1052 3608 paratur
1106 3554 1170 3590 ac
1233 3537 1514 3591 retinetur
1570 3537 1991 3603 confirmabat;

351 3631 527 3696 utque
559 3625 804 3680 arctiore
833 3642 961 3680 eam
993 3625 1224 3680 vinculo
1256 3625 1701 3696 constringeret,
1737 3626 1992 3696 promul-

345 3719 480 3787 gato
529 3716 758 3770 decreto
806 3715 1191 3769 sacramentis
1253 3715 1522 3769 maximis
1575 3721 1632 3769 et
1681 3715 1997 3770 dirissimis

342 3805 864 3876 imprecationibus
897 3803 1194 3874 obligabat
1237 3802 1562 3875 Byzantios,
1599 3821 1900 3874 nunquam
1937 3821 1998 3858 se

348 3895 708 3949 Comnenum
733 3893 1144 3964 imperatorem
1165 3898 1266 3946 aut
1289 3892 1593 3947 dominum
1614 3893 1998 3963 salutaturos,

350 3987 448 4038 aut
482 3983 816 4052 imperatori
850 3982 1112 4035 debitum
1147 3981 1425 4036 honorem
1459 3981 1754 4036 delaturos
1783 4001 1796 4048 ;
1831 3981 1999 4051 eique

349 4071 613 4141 singulos
646 4076 946 4125 senatores
990 4070 1356 4125 subscribere
1388 4073 1442 4124 et
1475 4075 1663 4124 ratum
1696 4069 1754 4124 id
1789 4069 2000 4124 habere

350 4161 559 4228 coegit.
583 4158 742 4220 Quod
769 4158 807 4212 ii
831 4159 1093 4212 fecerunt
1120 4159 1386 4230 potentiae
1410 4159 1998 4222 cedentes,Comneno

351 4248 542 4303 adhuc
572 4246 774 4317 procul
825 4249 894 4302 ab
928 4247 1068 4301 urbe
1112 4243 1401 4303 versante.
1453 4249 1668 4302 Verum
1701 4247 1796 4302 ubi
1847 4247 1894 4302 is
1927 4248 1997 4301 ad

347 4335 585 4391 Almeas
619 4335 884 4403 accessit,
920 4339 974 4390 et
1005 4335 1282 4405 postridie
1315 4341 1438 4390 erat
1471 4337 1524 4390 in
1560 4335 1774 4406 palatio
1802 4341 2001 4390 Dama-

345 4429 507 4497 tryos
543 4426 1150 4496 pernoctaturos,jam
1187 4442 1396 4479 aurora
1441 4429 1768 4496 appetente,
1806 4424 2000 4480 subito

346 4515 626 4586 Magnum
673 4513 772 4568 Dei
823 4513 1108 4585 templum
1161 4515 1674 4569 circumsteterunt
1721 4514 2000 4585 magister

345 4603 668 4658 Michaelus
729 4603 1018 4657 Anastasii
1077 4602 1254 4671 filius,
1317 4604 1598 4674 patricius
1658 4603 1996 4658 Theodorus

343 4693 699 4765 Chryselius,
735 4691 1013 4762 patricius
1047 4691 1498 4763 ChristOphorus
1530 4691 1681 4747 635
1719 4692 1994 4763 Pyrrhus,

343 4799 547 4838 omnes
570 4782 954 4837 sodalitatum
989 4783 1185 4846 duces,
1223 4781 1607 4853 nonnulliquo
1639 4782 1734 4835 alii
1781 4782 1993 4836 obscu-

343 4873 547 4936 riores,
583 4889 796 4942 magna
831 4887 965 4924 voce
1017 4871 1368 4925 descendere
1403 4871 1793 4941 patriar-chain
1828 4871 1898 4926 ad
1935 4889 1994 4926 se

335 4961 614 5030 jubentes
641 4977 668 5014 :.
690 4960 758 5014 de
783 4960 1056 5014 maximis
1081 4960 1252 5014 rebus
1273 4959 1722 5014 consulendum.
1751 4959 1994 5013 Patriar-

344 5048 453 5103 cha
476 5047 530 5100 id
556 5047 740 5102 facere
774 5065 906 5102 cum
944 5053 1259 5116 recusaret,
1289 5065 1544 5118 suasque
1576 5048 1814 5102 obderet
1845 5046 1993 5103 foros

342 5139 660 5206 etjanuam
685 5135 930 5192 cochleae
966 5155 1088 5207 quae
1121 5138 1178 5190 in
1206 5138 1510 5208 superiora
1541 5136 1740 5206 templi
1765 5137 1990 5190 concla-

339 5227 432 5281 via
455 5227 668 5294 educit,
695 5243 759 5280 ac
783 5225 1174 5296 Nicephorum
1203 5227 1609 5280 tantummodo
1632 5231 1687 5280 et
1708 5227 1990 5280 Constan-

335 5317 526 5370 tinum
555 5315 782 5378 fratres,
809 5315 1100 5384 patrueles
1123 5333 1281 5380 suos,
1307 5315 1564 5370 mitteret
1586 5331 1650 5368 ac
1677 5331 1776 5384 per
1809 5331 1906 5368 eos
1929 5331 1990 5369 se

335 5403 564 5459 consuli
598 5403 922 5470 mandaret,
951 5403 986 5455 ii
1011 5405 1106 5475 qui
1135 5423 1198 5458 eo
1223 5408 1614 5460 convenerant
1637 5421 1849 5474 magna
1869 5407 1986 5472 jam

331 5494 508 5548 turba
539 5493 692 5547 aucti
727 5493 880 5562 (nam
931 5491 1078 5546 fumi
1111 5493 1295 5548 didita
1330 5494 1710 5564 undiqueque
1743 5509 1986 5546 concur-

331 5583 536 5638 rebant
569 5599 684 5635 non
721 5581 755 5634 ii
793 5583 960 5635 modo
984 5583 1081 5650 qui
1117 5583 1281 5636 novis
1303 5584 1636 5652 gaudebant
1663 5583 1858 5646 rebus,
1885 5584 1981 5636 sed

331 5677 384 5727 et
411 5671 859 5743 prudentiorum
883 5669 1037 5724 haud
1073 5671 1242 5741 pauci
1267 5675 1322 5726 et
1351 5671 1519 5726 multi
1548 5675 1847 5728 senatores
1871 5687 1985 5728 non

2179 3361 2258 3432 [Ρ.
2295 3363 2420 3434 804]
2444 3362 2504 3418 Ὁ
2535 3359 2590 3415 δὲ
2615 3363 2786 3439 γέρων
2817 3365 3138 3442 συνέσφιγγε
3171 3369 3268 3440 μὲν
3296 3369 3374 3431 εἴς
3429 3369 3579 3424 αὐτὸν
3631 3373 3723 3422 τῶν

2101 3445 2342 3501 πολιτῶν
2373 3447 2581 3505 εὔνοιαν
2609 3453 2696 3506 καὶ
2731 3450 2958 3528 δωρεαῖς
2989 3456 3078 3510 καὶ
3102 3459 3356 3531 χρήμασι
3389 3460 3478 3513 καὶ
3506 3457 3724 3530 ἀξιωμά-

2100 3557 2206 3590 των
2245 3539 2540 3613 ὑπεροχαῖς
2573 3540 2661 3594 καὶ
2688 3547 2804 3603 τοῖς
2831 3543 3101 3606 τοιούτοις
3134 3548 3215 3609 οἷς
3247 3546 3492 3624 θέλγεται
3521 3547 3602 3601 καὶ
3641 3567 3724 3600 κα·

2102 3623 2581 3702 ταδημαγωγεῖται
2612 3629 2672 3682 τὸ
2703 3630 3039 3702 πλῆθος,καὶ
3073 3633 3208 3706 πρὸς
3234 3623 3449 3690 εὔνοιαν
3474 3634 3722 3708 δεσμεῖται

2105 3714 2194 3768 καὶ
2251 3715 2446 3769 πίστιν·
2484 3718 2700 3789 μείζονα
2733 3716 2790 3773 δὶ
2836 3721 2926 3774 καὶ
2959 3721 3373 3798 ’ἀρῥηκτότερον
3417 3727 3506 3780 τὸν
3555 3722 3724 3796 δεσμὸν

2104 3805 2202 3870 τῆς
2261 3803 2468 3866 εὐνοίας
2523 3813 2748 3874 ποιῆσαι
2813 3807 3173 3882 βουλόμενος,
3225 3815 3318 3868 καὶ
3379 3817 3724 3888 γραμματεῖον

2107 3890 2393 3963 ἐκθέμενος
2427 3893 2610 3966 ὅρκοις
2635 3902 2883 3972 φρικτοῖς
2921 3899 3010 3952 καὶ
3046 3900 3200 3974 ἀραῖς
3251 3901 3724 3975 παλαμναιοτάταις

2106 3979 2640 4056 κατησφαλισμένον,
2703 3985 2776 4046 ὠς
2838 3985 3097 4043 οὐδέποτε
3153 3990 3388 4065 βασιλέα
3425 3990 3458 4059 ἢ
3491 3985 3728 4054 δεσπότην

2106 4069 2196 4122 τὸν
2250 4070 2536 4142 Κομνηνὸν
2571 4071 2931 4144 ὀνομάσουσιν
2964 4078 2998 4146 ἢ
3029 4079 3126 4146 τὴν
3179 4080 3400 4154 βασιλεῖ
3445 4081 3726 4154 πρέπουσαν

2107 4159 2274 4230 τιμὴν
2335 4159 2484 4230 αὐτῷ
2533 4161 2938 4234 προσοίσουσιν,
2969 4162 3191 4221 ἕκαστον
3231 4174 3342 4222 τῶν
3377 4169 3724 4245 συγκλητικῶν

2107 4246 2403 4321 ἠνάγκαζεν
2457 4248 2780 4328 ὑπογράφειν
2837 4251 2886 4306 ἐν
2941 4253 3088 4326 αὖτῷ
3145 4256 3234 4311 καὶ
3292 4259 3360 4314 τὰ
3405 4253 3724 4334 γεγραμμένα

2107 4339 2326 4422 κυροῦν.
2387 4339 2489 4392 Καὶ
2550 4340 2736 4401 πάντες
2779 4343 2873 4413 μὲν
2938 4347 3006 4416 τῇ
3067 4343 3280 4418 ἐξουσίᾳ
3336 4350 3724 4422 πειθαρχοῦντες

2109 4420 2182 4477 ἔτι
2243 4424 2432 4500 πόρῥω
2489 4432 2584 4480 τοῦ
2638 4435 2930 4501 Κομνηνοῦ
2988 4430 3274 4508 διάγοντος
3313 4420 3624 4513 ὑπέγραψαν·
3655 4435 3718 4492 ὡς

2109 4509 2164 4600 di
2195 4511 2398 4577 ἐκεῖνος
2427 4513 2649 4592 ἤγγισεν
2685 4515 2762 4580 εἷ¹ς
2811 4540 2863 4572 τι
2911 4523 3118 4596 χωρίον
3150 4525 3394 4598 Ἀλμέας
3424 4509 3708 4600 -λεγόμενον

2107 4599 2309 4672 ἔμελλε
2367 4600 2422 4656 δέ
2477 4609 2544 4677 τῇ
2598 4606 2850 4680 ἐπαύριον
2911 4609 2961 4662 ἐν
3019 4618 3134 4674 τοῖς
3186 4612 3470 4676 παλατίοις
3520 4599 3710 4678 αὐλίζεο

2109 4690 2228 4742 σθαι
2302 4695 2397 4744 τοῦ
2483 4695 2822 4768 Δαματρύος,
2873 4697 3139 4775 αἰφνίδιον
3221 4705 3560 4778 περιστάντες
3609 4699 3709 4773 περὶ

2103 4779 2164 4832 τὸ
2196 4781 2518 4854 περίορθρον
2547 4787 2614 4856 τῇ
2647 4789 2742 4838 τοῦ
2773 4792 2906 4840 Θεοῦ
2945 4787 3172 4866 Μεγάλῃ
3235 4791 3494 4863 ἐκκλησία
3547 4792 3573 4845 ὁ
3625 4787 3710 4860 μά-

2104 4887 2324 4940 γιστρος
2375 4871 2560 4944 [καὶ]
2613 4874 2846 4948 Μιχαὴλ
2903 4878 2929 4930 ὁ
2997 4883 3091 4932 τοῦ
3143 4881 3486 4936 ’Λναστασίου
3541 4876 3709 4940 υἱὸςςδ

2103 4959 2386 5028 πατρίκιος
2464 4957 2743 5038 Θεόδωρος
2819 4965 2846 5018 ὁ
2923 4967 3273 5039 Χρυσήλιος,
3351 4972 3379 5025 ὁ
3459 4967 3709 5042 πατρίκιος

2104 5047 2476 5122 Χριστοφόρος
2531 5051 2556 5104 ὁ
2606 5052 2840 5127 ΙΙυρῥὸς,
2903 5055 2954 5108 οἱ
3011 5061 3116 5110 τῶν
3205 5059 3476 5134 ἑταιρειῶν
3539 5055 3707 5112 πάντες

2103 5134 2388 5209 ἄρχοντες,
2419 5136 2507 5190 καί
2556 5160 2696 5200 τινες
2747 5138 2914 5196 ἄλλοι
2972 5150 3080 5199 τῶν
3139 5147 3522 5225 ἀφανεστέρων,
3553 5145 3707 5199 κάτω-

2103 5225 2188 5275 θεν
2237 5221 2457 5298 ἔκραζον
2507 5227 2784 5284 κατελθεῖν
2832 5233 2966 5308 πρὸς
3013 5221 3209 5300 αὐτοὺς
3257 5237 3348 5291 τὸν
3393 5221 3703 5310 ἀτατριάρχην

2101 5311 2173 5372 ὡς
2236 5311 2531 5384 μέλλοντες
2580 5319 2700 5390 περὶ
2747 5319 3043 5394 ἀναγκαίων
3094 5323 3238 5397 αὐτῷ
3295 5330 3498 5384 πεύσεις
3559 5339 3703 5392 προσ·

2099 5407 2354 5474 ενεγκεῖν.
2415 5409 2516 5458 Τοῦ
2578 5403 2634 5460 δὲ
2707 5409 2782 5479 μὴ
2854 5407 3148 5481 καταϐῆναι
3227 5415 3542 5480 πεισθέντος,
3595 5405 3702 5461 ἀλλ’

2099 5489 2520 5555 ἀποκλείσαντος
2549 5496 2642 5559 τὰς
2673 5497 2862 5552 ἑαυτοῦ
2897 5499 3059 5574 θύρας
3099 5504 3186 5556 καὶ
3233 5505 3330 5572 τήν
3377 5497 3569 5556 εἴσοδον
3618 5497 3698 5549 τοῦ

2097 5577 2386 5653 ἀνάγοντος
2418 5581 2494 5646 εἷς
2525 5585 2590 5639 τὰ
2625 5587 2841 5662 ὑπερῷα
2890 5597 2989 5660 τῆς
3049 5589 3336 5664 ἐκκλησίας
3387 5585 3696 5666 λαϐυρίνθου,

2096 5670 2454 5748 πεπομφότος
2506 5669 2562 5728 δὲ
2617 5675 2753 5753 πρὸς
2807 5678 3034 5744 τούτους
3065 5678 3377 5762 Νικηφόρον
3429 5678 3511 5737 καί
3563 5676 3694 5736 Κων-
