3968 6140
276 366 378 425 365

1414 358 1960 421 HISTORIARUM
2006 358 2319 419 COMPEN
2330 360 2528 421 DIUM

3558 358 3681 425 366

276 500 532 551 σταντῑνον
572 494 700 557 τοὺς
732 491 1103 570 αύταδέλφους
1149 492 1240 547 καὶ
1290 489 1461 553 ἰδίους
1508 489 1781 564 ἀνεψιοὺς,
1814 489 1905 544 καὶ

2081 509 2169 547 me
2214 509 2247 547 a
2299 492 2637 549 Stratiotico
2688 495 2945 564 tractati)
2980 492 3272 563 patrueles
3332 493 3678 564 patriarcha

279 584 342 639 δι’
368 584 533 638 αὐτῶν
573 583 668 644 τὰς
711 603 926 643 πευσεις
970 583 1405 656 προσενεχθῆναί
1458 582 1510 634 οἱ
1567 579 1911 651 κελεύοντος,

281 674 327 728 οἱ
357 670 692 735 συνελθόντες
740 671 829 725 καὶ
885 667 1025 725 ἄλλο
1066 669 1279 738 πλῆθος
1328 662 1774 739 προσλαϐόμενοι
1816 666 1915 720 οὐκ

286 762 463 834 ὀλίγον
490 759 617 831 (ἤδη
649 760 750 835 γὰρ
807 767 907 829 τῆς
964 761 1155 836 φήμης
1205 755 1547 825 διαδοθείσης
1591 757 1911 830 συνέτρεχον

287 847 528 912 πανσυδὶ),
560 848 620 902 ού
670 849 834 920 μόνον
883 849 933 902 οἱ
983 852 1101 908 τοῖς
1152 850 1543 921 νεωτερισμοῖς
1594 844 1913 918 ἐπιχαίρον-

290 961 391 1007 τες,
418 937 550 993 ἀλλὰ
586 938 677 992 καὶ
732 942 842 992 τῶν
895 934 1271 1010 συνετωτέρων
1306 934 1405 989 οὐκ
1437 931 1614 1007 ὀλίγοι
1667 934 1757 987 καὶ
1805 936 1911 986 τῶν

296 1026 643 1101 συγκλητικῶν
676 1025 915 1094 πλῆθος,
950 1025 1069 1080 ὅσοι
1119 1026 1195 1097 μὴ
1246 1024 1442 1083 ἱκανῶς
1467 1023 1613 1097 παρὰ
1640 1026 1736 1075 τοῦ
1770 1023 1917 1094 βασι-

300 1117 420 1177 λέως
460 1114 903 1188 ἐθεραπεύθησαν)
945 1115 1301 1189 περισχόντες
1344 1111 1470 1173 τοὺς
1520 1116 1616 1165 τοῦ
1654 1111 1915 1185 πατριάρ-

294 1224 385 1279 χου
413 1204 659 1277 ἀνεψιοὺς
714 1203 964 1279 ἀπάγξειν
1008 1199 1292 1271 ἠπείλουν,
1328 1200 1372 1254 εί
1427 1202 1501 1272 μή
1533 1207 1727 1274 τάχιον
1761 1198 1919 1262 αὐτὸς

285 1288 535 1362 καταϐαίη
585 1292 722 1366 πρὸς
784 1291 1032 1353 τούτους.
1083 1292 1143 1348 Ὁ
1177 1288 1234 1344 δέ
1283 1287 1389 1345 είίεε
1433 1287 1601 1356 ἄκων,
1632 1288 1731 1342 οὐκ
1775 1285 1914 1357 οῖδα,

285 1378 372 1445 εἴθ’
401 1382 557 1453 δκὼν,
591 1382 665 1444 ὡς
710 1383 738 1436 ὁ
779 1385 885 1435 τῶν
930 1379 1201 1435 πλειύνων
1247 1379 1365 1453 εἶχε
1416 1376 1602 1452 λόγος,
1634 1378 1733 1445 τὴν
1768 1377 1913 1449 ἱερα-

283 1473 424 1539 τικὴν
481 1469 837 1545 περιθέμενος
910 1466 1169 1524 διπλοίδα
1434 1467 1525 1520 καὶ
1606 1465 1673 1519 τὰ
1750 1463 1919 1519 λοιπὰ

284 1544 571 1635 παράσημα
649 1566 750 1628 τῆς
832 1557 1246 1633 ἀρχιερωσύνης
1296 1544 1616 1610 ’ἀναλαϐὼν
1680 1552 1916 1608 κάτεισιν

287 1648 624 1720 ἀκκιζόμενος
674 1647 765 1702 καὶ
832 1645 982 1701 δεινά
1045 1646 1315 1720 πάσχοντι
1369 1644 1561 1705 έυικώς
1594 1663 1605 1675 ·
1666 1643 1801 1711 ἦσαν
1863 1640 1920 1696 δὲ

283 1736 431 1792 ταῦτα
460 1738 641 1792 πάντα
694 1738 892 1806 σκηνὴ,
933 1736 1006 1796 ὼς
1064 1736 1131 1789 τὰ
1178 1737 1475 1810 πράγματα
1523 1730 1746 1802 ἕδέιξαν.
1781 1738 1916 1785 Κατ-

283 1826 497 1891 ελθόντα
583 1825 687 1901 γὰρ
772 1824 974 1880 ἐκεῖνον
1076 1825 1271 1885 εὐθέως
1360 1824 1412 1876 οἱ
1510 1822 1737 1876 ἀνάπται
1821 1825 1918 1874 τοῦ

280 1914 514 1985 πλήθους
574 1912 1000 1988 παρειληφότες,
1053 1913 1140 1966 καὶ
1204 1910 1391 1986 θρόνον
1453 1910 1776 1984 ἐνεγκόντες,
1830 1908 1916 1962 ἐπὶ

277 2009 366 2059 τοῦ
415 2002 591 2073 δεξιοῦ
654 2002 850 2077 μέρους
929 2002 1207 2069 καθίζουσι
1282 2005 1379 2054 τοῦ
1431 1998 1584 2075 ἁγίου
1647 2000 1915 2075 βήματος.

280 2094 374 2151 Καὶ
420 2097 640 2167 πρῶτον
688 2093 808 2163 μὲν,
856 2092 929 2151 ὡς
969 2092 1021 2145 ἐν
1062 2090 1417 2164 προσχήματι
1450 2088 1615 2164 τάχα,
1648 2082 1915 2161 πρεσϐευ-

276 2184 367 2251 τὴν
412 2182 575 2237 αὐτὸν
635 2180 977 2257 παρεκάλουν
1026 2180 1101 2240 ὡς
1165 2176 1391 2252 βασιλέα
1445 2179 1709 2253 γενέσθαι,
1770 2176 1920 2240 ὅπως

278 2268 570 2341 ἀποδοθείη
631 2269 815 2330 αὐτοῖς
862 2269 924 2323 τὸ
978 2266 1288 2345 ὑπογραφέν
1344 2268 1470 2342 παρ’
1510 2265 1683 2320 αὐτῶν
1729 2262 1923 2341 ἔγγρα-

281 2382 394 2439 φον,
428 2361 500 2422 ὡς
533 2358 642 2429 ἤδη
675 2362 773 2412 τοῦ
808 2357 1075 2433 βασιλέως
1124 2356 1486 2429 σπεισαμένου
1535 2360 1614 2427 τῷ
1648 2353 1920 2426 Κομνηνῷ

278 2449 361 2503 καὶ
424 2447 655 2523 βασιλέα
712 2447 1026 2507 ἀνειπόντος
1096 2446 1280 2501 αὐτόν.
1336 2448 1445 2502 Τοῦ
1496 2444 1595 2519 γὰρ
1650 2444 1919 2520 ἐγγράφου

278 2537 595 2611 σωζομένου
670 2533 1060 2611 ἀδιαῤῥήκτου,
1152 2532 1303 2589 δυοῖν
1391 2532 1615 2588 ἀτόποιν
1699 2532 1921 2602 θάτερον

278 2623 502 2705 ἔφασκον
552 2624 603 2695 έξ
660 2625 897 2699 ἀνάγκης
952 2620 1209 2698 ἕψεσθαι⁸
1270 2620 1305 2691 ἤ
1355 2624 1457 2696 γάρ
1514 2622 1920 2705 εὐφημήσαντες

280 2715 432 2769 αὐτὸν
489 2716 570 2776 ὡς
631 2711 858 2789 βασιλέα
908 2712 1347 2788 ἰπιορκήσουσιν,
1394 2708 1429 2781 ἤ
1488 2712 1560 2771 ὡς
1618 2704 1919 2785 ἐνυϐρίσαν-

276 2825 358 2866 τες
392 2804 465 2868 εἱς
526 2800 757 2879 βασιλέα
814 2799 1267 2872 κολασθήσονταί.
1329 2802 1389 2858 Ὁ
1453 2798 1509 2854 δὲ
1556 2803 1771 2875 πρῶτον
1825 2799 1919 2871 μὶν

283 2888 650 2965 ἀνελάμϐανεν
734 2891 949 2957 αὐτοὺς,
1031 2890 1121 2945 καὶ
1196 2888 1511 2963 πληρώσειν
1568 2889 1631 2943 τὸ
1715 2885 1925 2959 αἴτημα

278 2982 476 3036 τούτων
542 2978 1042 3053 κατεπηγγέλλετο.
1104 2981 1237 3033 Εἶτα
1314 2982 1512 3052 μικροῦ
1577 2974 1923 3037 διαλιπόντος

281 3074 461 3143 καιροῦ
522 3070 741 3123 πάντων
793 3068 1051 3145 ἀφέμενοι
1107 3065 1481 3141 αὐτοκράτορα
1532 3062 1755 3138 βασιλέα
1793 3063 1924 3117 ἀνα-

281 3159 565 3234 γορεύουσι
618 3158 708 3212 τὸν
770 3157 1083 3229 Κομνηνὸν,
1132 3155 1221 3209 καὶ
1277 3153 1401 3215 τοὺς
1460 3151 1577 3207 ὅσοι
1640 3154 1715 3224 μὴ
1765 3156 1924 3205 τοῦτο

2022 582 2375 653 corripuere,
2410 582 2882 653 strangulaturos
2916 583 3145 643 minati.
3180 582 3290 637 nisi
3324 582 3523 637 statim
3550 582 3676 652 ipse

2024 673 2419 727 descenderet.
2470 672 2671 742 Itaque
2722 672 3074 743 patriarcha,
3123 672 3241 725 sive
3288 671 3508 726 invitus
3540 674 3676 740 (non

2024 762 2178 814 enim
2238 762 2575 831 pronuntio)
2609 760 2750 829 sive,
2778 762 2931 831 quod
2987 760 3375 831 plurimorum
3407 776 3679 814 sermone

2024 850 2327 913 asseritur,
2369 850 2567 904 volens
2619 866 2683 904 ac
2734 854 2943 920 sponte
2993 865 3121 916 sua,
3174 854 3331 903 veste
3381 848 3683 919 pontiﬁcis.

2027 939 2367 1008 reliquoque
2411 938 2610 993 habitu
2646 944 2703 992 et
2733 938 3066 1003 insignibus
3107 937 3323 992 summi
3372 936 3681 991 sacerdotii

2027 1034 2270 1082 ornatus
2304 1028 2628 1094 descendit,
2657 1027 2949 1082 simulans
2996 1044 3056 1081 se
3101 1027 3259 1095 gravi
3292 1026 3510 1097 injuria
3540 1026 3681 1081 affe-

2026 1123 2182 1172 ctum
2217 1116 2531 1186 indignari.
2567 1117 2679 1171 Res
2722 1116 2853 1187 ipsa
2882 1114 3081 1169 docuit
3121 1117 3242 1170 haec
3275 1115 3492 1184 omnia,
3525 1120 3591 1168 ut
3620 1115 3680 1169 in

2026 1223 2221 1267 scena,
2282 1222 2385 1276 per
2442 1206 2875 1259 simulationem
2938 1210 3083 1259 acta.
3120 1205 3248 1259 Mox
3298 1221 3432 1259 eum
3482 1202 3684 1275 populi

2027 1295 2414 1349 concitatores
2437 1293 3141 1365 arripuerunt,allatoque
3160 1292 3303 1348 solio
3325 1294 3392 1347 ad
3418 1293 3683 1348 dextram

2030 1388 2253 1453 partem
2298 1399 2474 1436 sacrae
2526 1381 2680 1436 sellas
2732 1381 3111 1436 collocarunt.
3141 1383 3221 1436 Ac
3270 1381 3550 1452 primum,
3580 1381 3683 1436 sed

2028 1472 2138 1525 sub
2180 1476 2482 1541 praetextu,
2520 1471 2829 1525 hortantur
2858 1487 2989 1524 eum
3026 1474 3087 1524 ut
3120 1486 3222 1540 pro
3269 1469 3414 1540 ipsis
3454 1469 3688 1541 legatus

2030 1560 2439 1629 imperatorem
2470 1560 2662 1627 adeat,
2690 1564 3075 1629 reposcatque
3102 1559 3400 1613 decretum
3430 1560 3584 1614 886
3612 1559 3684 1613 ab

2030 1649 2175 1719 ipsis
2225 1648 2651 1717 subscriptum,
2685 1647 3164 1717 quandoquidem
3211 1648 3336 1716 jam
3379 1648 3503 1720 ipse
3550 1664 3686 1703 cum

2031 1736 2324 1791 Comneno
2368 1737 2518 1790 facta
2551 1753 2689 1807 pace
2720 1752 2852 1790 eum
2889 1736 3117 1804 imperii
3150 1753 3548 1792 successorem
3582 1737 3685 1791 de-

2032 1826 2345 1897 signasset.
2381 1826 2525 1879 Nam
2561 1825 2673 1880 nisi
2706 1842 2773 1880 ea
2792 1824 2996 1881 charta
3019 1825 3467 1897 discerperetur,
3493 1840 3689 1882 neces-

2026 1914 2179 1969 sario
2200 1914 2449 1969 alterum
2476 1915 2619 1981 fore,
2640 1919 2702 1969 ut
2722 1920 2822 1969 aut
2838 1914 3200 1968 Comnenum
3231 1915 3339 1984 ipsi
3370 1914 3690 1986 imperato-

2028 2020 2147 2058 rem
2181 2003 2491 2058 salutando
2526 2004 2778 2073 perﬁdiis
2811 2020 2873 2058 se
2905 2002 3353 2074 obligarent,vel
3394 2004 3679 2061 honorem

2027 2093 2077 2147 ei
2100 2093 2363 2147 debitum
2392 2110 2506 2147 non
2533 2092 2843 2148 deferendo
2870 2109 3070 2163 poenas
3093 2093 3319 2149 darent.
3348 2092 3689 2149 Patriarcha

2030 2179 2316 2250 principio
2350 2195 2448 2234 eoe
2481 2180 2633 2234 bono
2665 2180 2859 2234 animo
2892 2196 3019 2234 esse
3044 2180 3245 2248 jussit,
3271 2197 3449 2252 seque
3480 2198 3682 2236 eorum

2030 2267 2323 2339 postulata
2355 2268 2735 2338 impleturum
2779 2268 3070 2338 promisit.
3106 2268 3283 2323 Paulo
3316 2275 3447 2340 post
3488 2274 3681 2325 autem

2030 2356 2134 2425 illi,
2170 2357 2445 2411 omnibus
2478 2354 2607 2411 aliis
2641 2357 2812 2411 rebus
2839 2357 3098 2422 omissis,
3125 2357 3535 2428 imperatorem
3569 2360 3682 2413 Au-

2031 2450 2269 2516 gustum
2335 2444 2696 2514 proclamant
2743 2444 3129 2511 Comnenum,
3172 2452 3227 2500 et
3274 2447 3688 2503 dissentientes

2034 2550 2135 2604 pro
2153 2533 2422 2587 hostibus
2438 2533 2683 2588 Romani
2707 2533 2782 2586 im
2797 2533 2935 2603 perii
2964 2533 3163 2588 haberi
3180 2551 3245 2588 ac
3264 2535 3686 2606 perduellibus,

2033 2628 2090 2677 et
2119 2639 2320 2676 eorum
2354 2622 2559 2676 domos
2588 2638 2620 2676 a
2653 2621 3030 2677 multitudine
3065 2623 3239 2694 diripi
3263 2624 3497 2695 jubent.
3529 2625 3689 2679 Prin-

2035 2728 2171 2781 ceps
2203 2711 2535 2781 patriarcha
2567 2727 2668 2781 per
2696 2712 3083 2781 Stephanum,
3118 2712 3213 2779 qui
3250 2713 3580 2783 proximum
3612 2714 3685 2769 ab

2035 2801 2162 2870 ipso
2195 2800 2254 2853 in
2278 2799 2525 2854 ecclesia
2546 2800 2857 2871 dignitatis
2882 2800 3070 2855 locum
3097 2802 3415 2869 obtinebat,
3437 2819 3689 2873 praesen-

2035 2897 2150 2943 tem
2176 2889 2285 2943 hnc
2318 2890 2620 2960 approbat,
2647 2906 2712 2943 ac
2741 2890 3110 2944 Theodorum
3148 2891 3469 2946 Antiochea:
3503 2892 3688 2963 patri-

2037 2978 2297 3045 archam,
2354 2977 2808 3048 proclamantem
2871 2978 3021 3033 hanc
3079 2979 3577 3050 designationem,
3631 2985 3689 3036 et

2037 3068 2471 3138 permittentem
2507 3073 2569 3120 ut
2599 3084 2966 3122 summorum
3003 3068 3260 3123 virorum
3294 3069 3394 3139 qui
3427 3069 3547 3125 haec
3581 3070 3689 3125 im—

2039 3157 2350 3225 probarent
2378 3156 2530 3210 .Ldes
2555 3155 2865 3209 diruantur
2898 3161 3070 3226 atque
3103 3156 3475 3228 diripiantur.
3501 3162 3689 3227 Atque

284 3247 572 3321 βούλονται
635 3245 869 3320 ἐχθροὺς
945 3244 1225 3317 Ῥωμαίων
1302 3243 1390 3297 καὶ
1436 3242 1738 3301 ἀποστάτας
1789 3239 1919 3293 ὠνό-

2085 3260 2162 3297 aac
2195 3244 2403 3314 agebat
2451 3243 2784 3314 patriarcha
2815 3243 2971 3298 intra
3010 3261 3237 3299 sacram
3286 3245 3459 3300 istam
3514 3250 3692 3317 atque

283 3341 470 3409 μαζον,
542 3336 634 3390 καὶ
707 3332 1092 3409 διαρπάζεσθαι
1159 3335 1253 3394 τὰς
1322 3331 1494 3393 οἰκίας
1567 3329 1737 3384 αὐτῶν
1827 3330 1929 3383 ὑπὸ

277 3430 371 3479 τοῦ
430 3425 685 3494 πλήθους
764 3420 1109 3495 ἐδοκίμαζον,
1188 3421 1352 3475 αὐτοῦ
1421 3425 1517 3473 τοῦ
1583 3419 1929 3492 πατριάρχου

279 3515 500 3588 πρώτοῦ
560 3510 650 3566 διὰ
696 3516 792 3566 τοῦ
853 3518 955 3581 τῆς
1005 3510 1299 3581 ἐκκλησίας
1354 3505 1755 3584 δευτερεύοντος
1816 3508 1927 3579 (54)

281 3605 558 3681 Στεφάνου
616 3600 991 3674 συμπαρόντος
1040 3600 1129 3653 καὶ
1178 3597 1652 3667 συνευδοκοῦντος,
1690 3595 1779 3649 καὶ
1807 3601 1930 3649 Θεο-

278 3690 455 3767 δώρου
514 3694 616 3745 τοῦ
676 3691 824 3763 [805]
875 3686 1214 3763 Ἀντιοχείας
1260 3688 1605 3761 πατριάρχου
1634 3686 1732 3753 τὴν
1762 3683 1928 3759 ἀνάῤ-

276 3780 430 3855 ῥησιν
461 3786 565 3848 τῆς
616 3777 887 3853 εὐφημίας
935 3778 1256 3852 βοησαντος,
1289 3776 1377 3829 καὶ
1432 3774 1558 3836 τοὺς
1593 3771 1778 3834 οἴκους
1819 3777 1926 3827 τῶν

276 3869 325 3923 ἐν
396 3871 727 3945 ὑπεροχαῖς,
784 3864 902 3921 ὅσοι
954 3867 1029 3938 μή
1091 3866 1385 3940 ἠρέσκοντο
1431 3869 1546 3925 τοῖς
1591 3863 1928 3937 γινομένοις,

276 3960 638 4013 ἀνασκάπτειν
682 3955 773 4010 καὶ
819 3953 1134 4029 διαρπάζειτ
1180 3954 1603 4029 προτρέποντος.
1637 3950 1735 4005 Καὶ
1763 3955 1930 4005 ταῦτα

282 4048 373 4118 μὲν
425 4041 688 4120 ἔπραττεν
742 4042 938 4107 ἔσωθεν
1023 4047 1119 4097 τοῦ
1190 4042 1337 4096 θείου
1409 4041 1498 4095 καὶ
1578 4038 1929 4113 περιωνύμου

280 4140 412 4189 ναοῦ
450 4154 463 4168 ·
523 4131 755 4208 ἄγγελον
809 4129 868 4187 δὶ
900 4132 1032 4206 πρὸς
1062 4130 1154 4185 τὸν
1211 4131 1495 4202 Κομνηνὸν
1553 4129 1790 4201 πέμψας,
1841 4126 1928 4180 καὶ

278 4226 414 4295 πρός
462 4224 557 4277 τὸν
610 4222 837 4297 γέροντα
896 4219 1121 4287 ἄλλους,
1157 4218 1346 4290 έκείνῳ
1399 4219 1493 4289 μὶν
1534 4215 1726 4289 μηνύει
1776 4215 1933 4270 σπεύ-

281 4310 386 4367 δειν
466 4312 560 4367 καὶ
624 4312 699 4382 μὴ
784 4306 1088 4384 βραδύνειν,
1175 4309 1265 4363 καὶ
1328 4307 1515 4379 μισθὸν
1585 4304 1779 4378 ἀπῄτει
1829 4311 1928 4373 τῆς

283 4402 573 4477 συνεργίας
606 4400 680 4460 ὡς
713 4396 822 4468 ἤδη
865 4395 1031 4459 τέλος
1080 4396 1316 4472 ἐχούσης
1356 4403 1455 4463 τῆς
1484 4394 1648 4449 αὐτοῦ
1678 4392 1930 4471 ἐφέσεως,

280 4491 459 4562 τούτῳ
521 4486 582 4543 δὶ
629 4487 867 4541 κατιέναι
915 4491 1023 4541 τῶν
1067 4485 1378 4558 ἀνακτόρων
1409 4486 1524 4537 κατ’
1583 4480 1739 4537 οὐδέν
1786 4482 1932 4551 αὐτῷ

283 4574 702 4653 προσηκόντων,
736 4575 856 4631 Κὰκ
904 4574 1100 4629 τούτου
1154 4579 1271 4635 τοῖς
1316 4578 1475 4626 πᾶσιν
1526 4572 1929 4647 ἀπροφάσιστος
1966 4601 2010 4664 D

283 4666 449 4744 έφάνη
483 4669 516 4720 ἀ
546 4664 895 4739 πατριάρχης
939 4665 1014 4735 μή
1066 4663 1229 4735 μόνον
1280 4663 1519 4734 μέτοχος
1568 4660 1639 4715 ὥν
1670 4659 1814 4715 ἀλλὰ
1845 4660 1931 4713 καὶ

283 4756 617 4829 πρωταίτιος
670 4761 770 4823 τῆς
834 4751 1178 4812 ἀποστασίας.
1214 4754 1326 4808 Τοῦ
1380 4748 1436 4804 δέ
1483 4748 1609 4810 τοὺς
1658 4749 1936 4825 πεμφθέν-

281 4866 375 4907 τας
432 4845 511 4905 εἰς
572 4843 732 4897 αὐτὸν
796 4840 1206 4916 μητροπολίτας
1262 4838 1629 4914 έρωτὺσαντος
1665 4858 1676 4869 ·
1732 4836 1824 4891 Καὶ
1884 4836 1936 4891 τί

288 4954 379 5006 μοι
441 4933 562 4987 ἀντὶ
614 4938 713 5001 τῆς
771 4930 1050 5006 βασιλείας
1110 4932 1138 4984 ὁ
1196 4927 1540 5003 πατριάρχης
1590 4926 1931 5001 παρέχεταις

285 5020 500 5077 έκείνων
540 5019 597 5075 δὶ
644 5018 1090 5095 ἀποκριναμένων
1128 5040 1140 5052 ·
1177 5019 1291 5086 Τὴν
1346 5016 1596 5089 οὐράνιον
1635 5014 1935 5089 βασιλείαν,

285 5109 389 5185 ἄγα
420 5116 501 5182 τῷ
531 5110 681 5184 λόγῳ
737 5112 838 5178 τήν
893 5108 1173 5183 πορφύραν
1232 5102 1528 5161 ἀποϐαλὼν
1574 5105 1663 5159 καὶ
1719 5106 1786 5157 τὰ
1814 5125 1939 5158 κοκ-

284 5195 502 5276 κοϐαφῆ
536 5196 752 5270 πέλιδα,
785 5198 872 5252 καὶ
919 5195 1200 5265 ἴδιωτικήν
1256 5192 1456 5263 ἕσθῆτα
1501 5194 1931 5271 ἀμφιασάμενος,

282 5291 515 5344 κάτεισι.
549 5291 727 5345 Τοῦτο
775 5284 832 5342 δὶ
880 5287 1097 5347 πάντως
1146 5285 1351 5361 ἐγένετο
1411 5283 1469 5338 ἂν
1531 5284 1604 5345 ὡς
1650 5282 1849 5346 ἐκεῖνός
1877 5304 1936 5338 τε

2038 3332 2324 3389 celebrem
2347 3334 2550 3386 aedem.
2567 3332 2697 3386 Mox
2720 3332 3133 3387 idemnuntios
3156 3338 3212 3388 et
3233 3335 3302 3388 ad
3323 3334 3688 3391 Comnenum

2040 3421 2221 3475 mittit
2251 3427 2307 3475 et
2350 3422 2420 3475 ad
2456 3421 2879 3491 Stratioticum,
2914 3421 3083 3476 illum
3133 3439 3291 3477 mora
3322 3424 3480 3477 omni
3514 3441 3689 3495 repu-
3755 3458 3760 3463 -

2038 3510 2198 3563 diata
2218 3509 2791 3580 accelerarejubens,
2808 3511 3231 3583 praemiumque
3253 3528 3441 3583 operas
3466 3513 3690 3584 praesti-

2040 3603 2106 3652 ιω
2132 3602 2331 3669 utpote
2364 3614 2422 3652 re
2447 3599 2573 3667 jam
2607 3599 2871 3653 confecta
2912 3599 3239 3670 postulans,
3274 3600 3429 3656 hunc
3474 3601 3691 3673 palatio

2041 3687 2321 3741 nimirum
2356 3685 2500 3740 nihil
2535 3688 2606 3741 ad
2640 3686 2835 3756 ipsum
2861 3688 3005 3742 637
3039 3688 3361 3758 pertinente
3392 3690 3692 3747 discedere

2041 3776 2348 3829 mandans.
2375 3774 2538 3830 Unde
2570 3775 2847 3830 omnibus
2888 3777 3078 3845 patuit
3118 3778 3510 3847 patriarcham
3547 3779 3692 3834 nihil

2040 3880 2210 3935 posse
2261 3868 2593 3933 praetexere,
2627 3865 2944 3933 quominus
2974 3881 3089 3918 non
3139 3867 3334 3921 socius
3384 3868 3555 3921 modo
3586 3869 3690 3923 sed

2040 3957 2240 4006 auctor
2273 3952 2678 4023 prazcipuaque
2704 3970 2883 4008 causa
2925 3953 3102 4023 hujus
3136 3954 3318 4009 fuisse
3348 3955 3692 4011 defectionis

2041 4042 2392 4095 crederetur.
2428 4042 2636 4097 Missos
2686 4047 2879 4096 autem
2915 4043 2982 4096 ad
3028 4060 3088 4097 se
3123 4044 3525 4115 metropolitas
3554 4062 3689 4101 cum

2041 4130 2426 4200 interrogaret
2472 4130 2866 4194 Stratioticus,
2900 4132 3109 4202 ecquid
3152 4133 3260 4187 sibi
3311 4150 3414 4204 pro
3446 4134 3691 4205 imperio

2044 4218 2371 4289 patriarcha
2420 4219 2709 4284 redderet,
2743 4235 2987 4290 regnum
3041 4221 3272 4277 cmleste
3320 4224 3688 4279 redditurum

2041 4307 2255 4361 dixere.
2291 4311 2477 4378 Atque
2522 4306 2572 4360 is
2622 4307 2910 4378 extemplo
2944 4326 3262 4380 purpuram
3313 4329 3378 4367 ac
3428 4314 3694 4369 coccinos

2041 4394 2261 4449 calceos
2279 4395 2852 4466 abjecit,privatiqne
2874 4397 3116 4452 indutus
3150 4399 3353 4454 habitu
3400 4401 3693 4458 discessit.

2040 4483 2347 4538 Enimvero
2380 4485 2530 4553 quod
2574 4483 2806 4538 volebat
2858 4491 2915 4539 et
2963 4488 3345 4558 metropolitaa
3394 4490 3697 4560 promitte-

2043 4574 2205 4636 bant,
2240 4572 2391 4625 haud
2426 4572 2600 4626 dubie
2629 4579 2979 4628 consecutus
3014 4575 3237 4642 fuisset,
3263 4578 3310 4631 si
3337 4580 3407 4632 ad
3437 4578 3695 4649 primum

2048 4666 2274 4715 motum
2325 4661 2667 4716 defectionis
2718 4664 2937 4733 regiam
2989 4666 3367 4721 deseruisset.
3402 4670 3568 4722 Nunc
3624 4671 3696 4725 ad

2046 4751 2261 4806 bellum
2299 4767 2484 4821 usque
2526 4751 2583 4805 in
2619 4769 2686 4807 ea
2718 4760 3001 4821 moratus,
3036 4772 3170 4809 cum
3203 4758 3587 4815 sustinuisset
3615 4765 3701 4817 tot

2045 4842 2255 4894 civium
2289 4840 2480 4893 videre
2511 4840 2663 4895 bello
2695 4843 2972 4897 intestino
3013 4844 3262 4913 cladem,
3295 4852 3495 4916 postea
3525 4849 3700 4905 rebus

2048 4929 2242 4983 tractis
2274 4935 2331 4983 et
2364 4929 2617 4984 subditis
2664 4932 3135 5001 opprimentibus
3183 4935 3429 5006 imperio
3478 4936 3699 4994 invitus

2045 5035 2106 5072 se
2138 5018 2438 5082 abdicans,
2465 5017 2614 5073 haud
2652 5021 2771 5073 scio
2804 5038 2875 5074 an
2909 5023 3409 5093 compensationis
3439 5025 3564 5081 loco
3597 5045 3699 5099 pro

2044 5106 2263 5161 caduco
2289 5113 2569 5161 aeternum
2596 5107 2672 5160 sit
2697 5115 3119 5164 consecuturus
3143 5112 3477 5183 imperium.
3504 5116 3611 5170 Sed
3643 5117 3701 5171 in

2044 5195 2152 5250 hac
2187 5212 2246 5249 re
2279 5196 2377 5249 ﬁet
2409 5196 2561 5265 quod
2599 5196 2714 5250 Deo
2747 5197 3016 5267 placebit.
3051 5200 3385 5257 Stratiotico
3417 5204 3475 5258 in
3509 5222 3702 5273 suam,

2047 5302 2173 5356 quae
2211 5290 2334 5339 erat
2386 5284 2442 5337 in
2495 5301 2646 5347 arce,
2683 5286 2920 5341 domum
2975 5289 3260 5359 digresso,
3294 5292 3435 5348 feria
3476 5300 3708 5365 quarta,

1490 5410 1861 5466 XYLANDRI
1903 5412 1991 5467 ET
2033 5411 2250 5468 GOARI
2293 5410 2519 5465 NOT/E.

352 5522 465 5592 (53)
527 5518 849 5588 Φελώνιον,
924 5523 979 5577 id
1049 5526 1137 5578 est
1203 5518 1937 5592 sacerdotalem_casulam

283 5590 677 5722 gndequaque
711 5600 895 5651 totum
942 5611 1155 5669 corpus
1200 5592 1521 5652 sacerdotis
1555 5590 1935 5647 ambientem.

332 5681 467 5722 om.

332 5681 467 5722 0A8.

2118 5514 2372 5594 (513)1‘06
2422 5521 2787 5594 πρωτοπαπᾶ-
2816 5519 3120 5591 nimirum,
3154 5524 3251 5594 qui
3309 5525 3597 5580 secundas
3646 5526 3705 5581 in

2050 5588 2323 5661 omnibus
2357 5588 2485 5661 post
2519 5591 2910 5661 patriarcham
2945 5588 3193 5652 obtinet.
3220 5598 3479 5655 Codinus
3510 5601 3564 5654 et
3596 5597 3707 5655 Eu-

2051 5659 2409 5735 chologium.
2445 5659 2621 5719 Goaa.
