3968 6140
340 364 457 424 367

1659 360 1992 421 JOANNIS
2040 361 2444 421 SCYLITZIE
3610 363 3711 424 368

341 494 552 550 ultima
608 492 700 548 die
754 492 1003 563 Augusti
1061 490 1302 555 mensis,
1358 488 1683 544 indictione
1741 491 1980 554 decima,

2105 483 2362 543 ἐϐούλετο
2420 490 2511 543 καὶ
2570 489 2621 543 οἱ
2703 494 3109 564 μητροπολῖται
3181 489 3472 562 ὑπέσχοντο
3524 492 3564 544 εἱ
3613 489 3712 563 ἅμα

342 584 664 637 Ambustus
721 580 1089 651 curopalates
1146 597 1178 631 a
1228 578 1522 632 Comneno
1582 578 1801 632 missus
1861 594 1993 632 cum

343 671 498 725 haud
533 670 734 742 paucis
768 668 978 722 illustri
1011 668 1136 721 loco
1170 666 1497 731 natis,feria
1526 667 1733 735 quinta
1764 683 1995 721 summo

345 776 515 815 mane
547 760 737 814 celoce
769 759 839 812 ad
873 756 1154 828 palatium
1180 755 1421 825 appellit
1452 754 1628 824 idque
1650 755 1848 809 intrat.
1877 758 1995 809 Sub

343 864 644 919 vesperam
696 847 857 900 venit
908 845 1081 898 etiam
1115 844 1469 907 Comnenus,
1504 847 1559 897 et
1590 844 1875 912 palatium
1906 845 1992 898 in-

344 938 624 1009 greditur.
656 934 960 1000 Postridie,
989 933 1140 1002 quod
1182 932 1287 984 fuit
1316 931 1584 985 kalendis
1614 933 1992 1002 Septembris,

343 1023 683 1079 indictionis
714 1022 1055 1081 undecimae,
1080 1018 1215 1072 anni
1240 1018 1313 1071 ab
1339 1019 1565 1088 origine
1601 1018 1807 1071 mundi
1840 1019 1991 1073 638

340 1114 503 1177 6566,
555 1110 788 1181 publica
838 1108 1211 1180 processione
1258 1108 1317 1159 in
1372 1123 1649 1177 magnum
1703 1109 1992 1178 templum

337 1202 462 1267 ivit,
496 1206 665 1270 atque
695 1199 773 1252 ibi
808 1214 989 1268 supra
1039 1201 1383 1267 suggestum
1435 1195 1780 1265 patriarchae
1814 1214 1991 1251 manu

337 1288 647 1345 redimitus
671 1284 1050 1357 imperatorio
1071 1284 1427 1351 diademate,
1452 1284 1848 1339 Romanorum
1881 1286 1990 1338 im-

338 1386 569 1449 perator
598 1376 1036 1447 pronuntiatur.

2105 580 2172 640 τῆ
2205 576 2504 648 ἀποστασία
2552 575 2733 651 ᾤχετο
2784 576 2965 631 λιπὼν
3021 578 3087 631 τὰ
3151 576 3396 651 βασίλεια
3428 595 3439 608 '
3488 576 3712 653 ἔγκαρτε-

2108 667 2275 739 ρήσας
2320 663 2376 719 δὲ
2427 664 2557 739 ἄχρι
2608 665 2878 737 πολέμου,
2931 667 3019 719 καὶ
3071 665 3431 739 ἀνασχόμενος
3475 668 3711 736 τοσαύτην

2105 758 2309 807 πτῶσιν
2348 752 2477 807 ἰδεῖν
2522 752 2731 828 ἀνδρῶν
2781 753 3108 831 ὁμοφύλων,
3159 755 3271 809 εἶτα
3326 756 3590 828 θραυσθεὶς
3638 756 3716 809 καὶ

2104 844 2467 903 κατασεισθεῖς
2500 841 2602 896 ὕπὸ
2643 848 2748 896 τῶν
2809 841 3053 897 πολιτῶν
3104 843 3192 896 καὶ
3251 845 3390 896 ἆκῶν
3436 847 3528 907 τῆς
3575 844 3713 917 βασι-

2106 930 2257 992 λείας
2317 932 2773 1005 ὑπεξερχὸμενος,
2835 933 2933 986 οὐκ
2992 930 3111 986 οἶδα
3163 931 3214 985 εἷ’
3268 932 3589 1004 ἀντιμισθίαν
3637 954 3717 987 κο-

2110 1025 2308 1090 μιεῖται
2343 1027 2440 1088 τῆς
2488 1019 2726 1095 ἐπιγείου
2780 1020 3059 1094 βρσιλείας
3110 1022 3256 1094 [806]
3278 1022 3373 1088 τὴν
3406 1020 3717 1093 ἐπουράνιον.

2104 1106 2283 1162 Ἀλλά
2309 1113 2469 1162 τοῦτο
2509 1110 2626 1181 μὲν,
2674 1109 2780 1183 ὅπῃ
2828 1113 2909 1180 τῷ
2941 1114 3059 1181 Θεῷ
3090 1108 3274 1187 φίλον⁹
3306 1112 3597 1183 γενήσεται.
3627 1112 3723 1166 Τοῦ

2105 1193 2163 1249 δὲ
2192 1197 2327 1250 κατά
2356 1198 2452 1265 τήν
2507 1197 2557 1251 ἐν
2607 1201 2674 1270 τῇ
2726 1196 3025 1271 ἀκροπόλει
3080 1198 3256 1251 οἷ’κίαν
3315 1197 3474 1252 αὐτοῦ
3526 1197 3722 1272 γενομὲ-

2102 1307 2195 1339 νου
2240 1287 2423 1357 ἡμέρᾳ
2468 1285 2709 1361 τετράδι,
2761 1288 3087 1361 τριακοστὴν
3140 1288 3367 1362 πρώτην
3400 1288 3610 1360 ἄγοντος
3636 1291 3721 1341 τοῦ

2102 1374 2419 1448 Αὐγούστου
2473 1377 2662 1446 μηνὸς,
2710 1382 2811 1443 τῆς
2859 1373 3088 1444 δεκάτης
3136 1374 3520 1446 ἐπινεμήσεως,
3568 1374 3722 1447 εἰσέρ-

337 1485 492 1541 χεται
549 1465 576 1517 ὁ
635 1460 976 1532 Κεκαυμὲνος
1037 1458 1457 1534 κουροπαλάτης
1519 1457 1619 1512 ὑπὸ
1676 1464 1773 1513 τοῦ
1832 1467 2127 1532 Κομνηνοῦ
2179 1463 2432 1534 τιμηθεὶς
2489 1466 2621 1535 μετά
2668 1485 2825 1517 τινων
2886 1465 2989 1518 οὐκ
3040 1462 3241 1539 ὀλίγων
3298 1461 3620 1539 εὐπατριδῶν
3664 1468 3723 1535 τῇ

341 1556 377 1609 ε’
407 1553 618 1628 πρωῗας
676 1549 764 1605 διὰ
822 1548 1129 1622 δρὸμιυνος,
1212 1549 1301 1601 καὶ
1384 1546 1641 1611 εἰσελθὼν
1713 1556 1901 1622 κρατεῖ
1976 1551 2041 1604 τὰ
2125 1553 2410 1625 ἀνάκτορα.
2484 1556 2743 1627 Ἔρχεται
2819 1551 2875 1606 δὲ
2926 1553 3053 1626 περῖ¹
3110 1551 3294 1622 δείλην
3359 1553 3509 1625 ὀψίαν
3565 1552 3647 1605 καὶ
3701 1554 3724 1605 ὁ

341 1642 649 1713 Κομνηνὸς,
706 1640 795 1693 καὶ
854 1635 1068 1691 εἷ’σεισιν
1123 1637 1173 1690 ἐν
1222 1638 1431 1703 αὐτοῖς,
1483 1636 1571 1690 καὶ
1647 1641 1715 1710 τῇ
1774 1637 2052 1712 ἐπαύριον,
2115 1642 2336 1715 πρώνην
2403 1639 2625 1715 ἄγοντος
2679 1640 2774 1696 τοῦ
2837 1637 3211 1717 Σεπτεμϐρίου
3271 1643 3465 1714 μηνὸς,
3520 1646 3612 1706 τῆς
3667 1642 3725 1694 ια’

340 1730 735 1802 ἐπινεμήσεως,
794 1730 891 1781 τοῦ
948 1727 1102 1800 γςφξί
1173 1722 1347 1786 ἔτους.
1427 1722 1693 1796 δημοσίαν
1769 1730 2141 1799 ποιησάμενος
2224 1727 2460 1804 πρόοδον
2535 1731 2742 1784 ἄπεισιν
2798 1731 2871 1790 εἷς
2928 1733 3025 1798 τὴν
3084 1731 3342 1804 Μεγάλην
3402 1728 3723 1799 Ἐκκλησίαν,

339 1819 555 1875 κάκεῖσε
601 1814 797 1879 ἄνωθεν
854 1819 950 1869 τοῦ
1016 1809 1271 1885 ἄμϐωνος
1332 1817 1444 1886 (55)
1507 1811 1595 1867 διά
1652 1818 1757 1867 τῶν
1819 1820 2020 1890 χειρῶν
2080 1822 2176 1871 τοῦ
2236 1820 2582 1893 πατριάρχου
2637 1823 2717 1889 τῷ
2771 1818 3037 1893 βασιλικῷ
3095 1825 3393 1874 ταινιοῦται
3452 1816 3725 1889 διαδήματι

338 1909 425 1964 καὶ
465 1904 721 1980 βασιλεὺς
750 1904 1100 1978 αὐτοκράτωρ
1124 1906 1234 1975 (56)
1266 1900 1550 1975 Ῥωμαίων
1584 1903 1988 1978 ἀναγορεύεται,

1530 2038 1898 2094 XYLANDRI
1939 2041 2030 2095 ET
2071 2041 2285 2097 GOARl
2328 2042 2554 2097 NOT/E.

410 2161 523 2231 (55)
587 2160 667 2214 De
731 2175 846 2230 quo
910 2156 1194 2229 legendus
1260 2156 1516 2210 Codinus
1586 2160 1706 2211 toto
1774 2173 1823 2210 c.
1900 2160 1981 2212 17.

339 2232 521 2375 60652).
581 2298 833 2374 βασιλεὺς
890 2295 1260 2373 αὐτοκράτωρ,
1309 2297 1627 2369 imperator
1677 2315 1984 2370 supremas

2095 2158 2370 2234 obtinens
2400 2160 2667 2234 diversus
2714 2166 2804 2215 est
2834 2161 2905 2215 ab
2955 2177 3020 2216 eo
3071 2162 3171 2231 qui
3224 2159 3524 2234 στρατηγὸς
3572 2158 3727 2234 αύτο-

2096 2228 2334 2355 gpatrwe,
2389 2236 2452 2284 ut
2496 2233 2768 2303 princeps
2818 2250 2851 2288 a
2904 2228 3161 2297 subdito,
3195 2228 3300 2287 rex'
3344 2228 3423 2288 ab
3447 2228 3731 2288 exercitus

2141 2318 2476 2355 U00.JOAR.

2141 2318 2476 2357 U00.UOAR.

409 2455 493 2511 Ne
539 2455 610 2508 de
656 2453 873 2523 injuste
922 2451 1249 2522 proscripta
1294 2449 1564 2524 Xylandri
1602 2450 1905 2513 memoria,
1939 2452 1987 2505 si
2030 2453 2159 2522 ejus
2210 2454 2471 2508 rescissae
2525 2454 2774 2508 fuissent
2824 2455 3230 2510 annotationes
3275 2455 3366 2510 vel
3409 2472 3477 2510 ex
3529 2455 3732 2524 integro

338 2527 645 2582 emendata
674 2522 1098 2593 interpretatio,
1133 2522 1401 2577 nonnulli
1447 2530 1850 2595 causarentur,
1884 2524 1942 2577 in
1975 2539 2040 2578 eo
2073 2541 2204 2578 cum
2238 2526 2497 2579 Cedreno
2542 2526 2765 2580 edendo
2815 2536 2870 2579 et
2919 2528 3269 2595 recudendo,
3304 2529 3394 2581 vir
3425 2522 3727 2581 clarissime

340 2600 604 2666 Fabrote,
639 2602 798 2650 tuam
834 2612 863 2649 a
898 2595 1707 2668 mejprobata‘msententiam
1742 2594 1996 2661 laudavi,
2028 2612 2110 2668 ac,
2144 2600 2209 2649 ut
2251 2599 2369 2664 jam
2419 2597 2667 2650 laudatae
2717 2598 3046 2653 subscribo.
3086 2594 3333 2653 Labores
3366 2611 3729 2668 quoscunque

337 2669 476 2724 boni
511 2664 728 2740 publici
760 2669 945 2740 gratia
975 2666 1110 2719 licet
1142 2664 1359 2740 infelici
1390 2671 1594 2740 eventu
1627 2670 1933 2740 susceptos
1965 2683 2073 2719 sua
2102 2667 2276 2721 laude
2309 2668 2519 2737 privari
2567 2670 2795 2735 nolunt,
2833 2671 2932 2740 qui
2972 2670 3302 2724 laborosius
3336 2664 3485 2725 bono
3516 2664 3727 2740 publico

339 2736 649 2821 insudant;
686 2736 960 2819 acivelut,
996 2754 1063 2789 ne
1094 2754 1302 2790 sensus
1335 2736 1574 2822 humani
1612 2736 1794 2822 pietas
1827 2738 2092 2822 violetur,
2128 2740 2275 2820 fetus
2310 2736 2618 2822 monstris
2648 2757 2799 2822 pene‘
2840 2736 3063 2822 similes
3096 2759 3187 2796 res
3220 2741 3461 2822 publica
3508 2736 3727 2822 patitur,

342 2813 423 2865 ita
455 2828 524 2864 ne
557 2810 867 2880 quospiam
892 2814 1307 2881 nocturnarum
1333 2808 1665 2881 vigiliarum
1689 2809 1912 2861 fructus
1937 2809 2192 2879 alioquin
2229 2811 2514 2881 insipidos
2537 2808 2692 2866 velut
2713 2811 3011 2866 delicatuli
3045 2808 3414 2868 fastidientes
3447 2808 3726 2881 respuant,

336 2882 470 2937 illos
501 2883 549 2936 si
576 2878 793 2935 nonut
822 2896 1051 2943 suaves,
1084 2878 1287 2932 saltem
1324 2886 1384 2931 ut
1417 2880 1769 2953 quibusdam
1800 2878 2094 2949 jucundos
2130 2878 2374 2947 l'utUros',
2407 2882 2511 2951 ipsi
2547 2885 2694 2937 bono
2728 2884 2959 2953 publico
2994 2886 3111 2937 nati
3140 2886 3370 2938 caeteris
3419 2878 3723 2943 asse—rvant,

337 2955 712 3027 depromunt,
743 2958 1063 3027 apponunt.
1083 2952 1481 3027 Quantumvis
1511 2952 1751 3005 acerbos
1782 2958 1902 3027 arte
1937 2957 2133 3006 nostra
2156 2954 2465 3027 jusserunt
2499 2954 2830 3027 dqulcescere
2856 2972 2868 3021 ;
2900 2956 3193 3009 industria
3223 2961 3332 3011 tua
3356 2957 3481 3027 jam
3513 2958 3643 3027 sunt
3667 2967 3726 3005 ex

337 3022 547 3100 potiori
578 3030 738 3095 parte
768 3022 1303 3100 emolliti,_decocti,
1337 3038 1544 3100 suaves
1561 3039 1690 3100 Anon
1728 3022 1919 3077 minus
1953 3040 2126 3093 quam
2153 3026 2401 3093 jucundi
2450 3025 2679 3080 redditi.
2714 3025 2785 3079 Ut
2814 3028 2968 3097 operi
3004 3033 3279 3098 suscepto
3312 3022 3483 3100 opem
3513 3025 3728 3080 tulisset

336 3092 638 3168 gloriarer,
670 3110 846 3165 opera
878 3108 1006 3147 mea
1036 3093 1230 3147 lumen
1266 3092 1520 3147 exhibui.
1554 3092 1733 3147 GOAR.

1380 3434 1965 3528 MONITUM
2035 3435 2708 3531 EDITORUM.

414 3769 799 3848 Compendio
825 3767 1240 3849 Historiarum
1272 3765 1535 3825 Cedreni
1566 3764 1934 3849 subiicimus
1976 3764 2304 3849 historiam
2337 3767 2601 3849 Joannis
2635 3767 2919 3845 Scylitzae
2952 3769 3346 3848 curopalatm
3379 3772 3524 3849 quia
3557 3769 3739 3848 prima

335 3872 479 3930 pars
504 3845 780 3911 historias
810 3848 1069 3910 Joannis
1101 3849 1179 3907 ad
1212 3848 1487 3930 litteram
1530 3846 1844 3930 exscripta
1889 3852 1993 3930 est
2042 3864 2081 3904 a
2128 3845 2441 3930 Gedreno;
2477 3848 2657 3907 decet
2690 3849 2881 3926 igitur
2914 3856 2981 3909 ut
3013 3845 3295 3911 sec—unda
3340 3845 3487 3929 pars
3535 3845 3736 3909 imme-

335 3926 502 3993 diate
552 3933 753 3992 eidem
802 3931 1208 4007 adjungatur.
1246 3927 1605 3987 Notandum
1636 3936 1749 4009 est,
1785 3926 2131 4009 Cedrenum
2183 3926 2399 3987 sistere
2432 3930 2492 4009 in
2527 3947 2693 4009 anno
2746 3930 2922 4001 1067,
2956 3932 3105 3989 dum
3156 3926 3444 3992 Joannes
3493 3931 3741 4009 Scylitza

334 4013 758 4098 narrationem
792 4029 969 4098 suam
996 4009 1397 4087 prosequitur
1443 4024 1640 4098 usque
1671 4007 1750 4098 ad
1781 4024 2017 4065 annum
2056 4007 2229 4076 1050,
2270 4027 2394 4085 quo
2426 4007 2695 4068 Michael
2730 4009 3064 4070 Botaniata
3111 4030 3144 4069 e
3194 4012 3433 4072 throno
3483 4007 3739 4089 dejectus

334 4099 428 4153 est
458 4099 518 4153 et
545 4092 797 4151 Alexius
829 4094 1182 4153 Comnenus
1214 4106 1475 4167 regnare
1504 4087 1762 4165 incepit.

1636 4324 2424 4411 EXCEBPTA

1518 4507 1622 4565 EX
1670 4504 2098 4566 BREVIARIO
2144 4503 2553 4566 HISTORIGO

1062 4681 1882 4844 JOANNIS
2033 4681 3031 4839 SCYLITZfE

1343 4963 2737 5090 GUROPALATAE

1154 5190 1751 5249 EXCIPIENTIA
1808 5189 1954 5245 UBI
2012 5187 2484 5244 CEDRENUS
2541 5188 2918 5246 DESINIT.

2160 5493 2243 5563 [Ρ.
2302 5495 2429 5564 807]
2489 5492 2593 5548 Τὸν
2665 5493 2758 5564 μὶν
2835 5494 2926 5547 οὖν
3003 5496 3203 5567 τρόπον
3270 5496 3330 5549 ὃν
3389 5494 3595 5570 εἴρηται
3640 5490 3728 5557 τὴν

2094 5580 2366 5655 βασιλείαν
2458 5582 2483 5634 ὁ
2572 5584 2853 5652 Κομνηνὸς
2938 5584 3382 5656 ἀναζωσάμενος,
3461 5582 3610 5654 δόξαν
3679 5598 3731 5633 τι

2088 5670 2453 5745 παρεσχηκὼς
2511 5669 2732 5746 ἀνδρίας
2811 5672 2899 5727 καὶ
2980 5679 3168 5749 πεῖραν
3250 5674 3567 5748 πολεμικῆς
3615 5691 3726 5745 γιν-

400 5509 613 5566 640-Ι
638 5504 718 5561 Ad
737 5503 890 5557 hunc
914 5502 1149 5555 modum
1166 5515 1338 5570 quem
1357 5496 1978 5563 diximus,Gomnenus

330 5602 576 5670 adeptus
607 5590 941 5663 imperium,
977 5590 1071 5658 qui
1103 5592 1158 5641 et
1190 5587 1418 5641 virtutis
1452 5586 1785 5654 Opinionem
1816 5585 1885 5638 de
1918 5600 1979 5637 se

333 5688 660 5761 praebuerat
681 5688 737 5739 et
760 5681 1055 5752 specimen
1080 5674 1425 5749 praestantiae
1448 5675 1507 5727 in
1533 5675 1705 5728 rebus
1732 5673 1977 5743 bellicis,
