3972 6146
333 281 452 343 369

1854 277 2249 340 HISTORIA.

3640 284 3759 345 3Ἰο

331 411 654 482 ναιότητος,
716 410 912 466 αὐτίκα
969 415 1046 483 τῷ
1111 407 1380 485 βασιλικῷ
1430 407 1728 482 νομίσματι
1786 420 1963 478 σπαθη

2075 471 2077 477 _
2111 410 2309 465 statim
2345 409 2503 482 regio
2534 410 2890 466 numismate
2920 411 3183 467 districto
3215 427 3354 468 ense
3385 412 3757 487 insculpitur,

331 501 503 577 φόρος
562 499 1005 576 διαχαράττεται,
1045 501 1119 569 μὴ
1168 503 1246 570 τῷ
1290 503 1406 569 Θεῷ
1429 499 1490 552 τὸ
1521 503 1622 552 πᾶν
1651 497 1989 575 ἐπιγράφων,

332 590 485 646 ἀλλά
516 594 585 664 τῇ
621 587 734 660 ἰδίᾳ
764 589 919 664 ἰσχύϊ
947 589 1032 643 καὶ
1074 593 1142 662 τῇ
1197 587 1320 662 περὶ
1377 589 1658 660 πολέμους
1711 586 1988 660 ἐμπειρίᾳ,

327 680 421 734 καὶ
467 683 561 735 οἷα
619 678 973 752 αὐτοκράτωρ
1030 682 1138 732 τῶν
1194 685 1294 747 τῆς
1351 676 1624 752 βασιλείας
1686 676 1988 751 ἀπάρχεται

332 770 604 845 πράξεων,
657 769 975 845 φιλοτίμοις
1035 769 1297 842 πρότερον
1375 766 1501 826 τοὺς
1588 766 1988 837 συναραμένους

337 859 490 930 αὒτῷ
535 858 667 933 πρὸς
716 859 778 912 τὸ
832 855 1154 930 σπούδασμα
1202 859 1484 929 κοσμήσας
1538 861 1747 928 τιμαῖς.
1797 850 1874 910 Τό
1929 875 1988 928 γε

342 945 636 1020 δημοτικὸν
691 954 793 1016 τῆς
853 946 1238 1020 προσηκούσης
1295 946 1522 1016 ἀξιώσας
1575 944 1856 1010 προνοίας,
1896 943 1983 996 καὶ

343 1038 656 1111 φροντιστὰς
712 1034 959 1097 πολλοὺς
1014 1040 1121 1089 τῶν
1179 1032 1462 1108 δημοσίων
1540 1031 1828 1106 συλλόγων
1894 1033 1982 1085 ἀν-

335 1123 514 1195 έδειξε.
547 1129 624 1197 Τῇ
655 1146 714 1179 τε
763 1123 990 1198 Μεγάλῃ
1031 1123 1294 1194 ἐκκλησίᾳ
1331 1125 1393 1177 τὸ
1445 1119 1856 1194 οἰκονομεῖσθαὲ
1913 1118 1982 1174 δι’

333 1215 528 1282 tam]:
577 1213 644 1267 τὰ
700 1215 992 1289 πράγματα
1060 1213 1295 1290 ἀφιεροῖ,
1353 1209 1730 1286 ἀλλοτριώσας
1789 1210 1981 1263 τούτου

326 1303 638 1357 παντάπασι
669 1305 768 1371 τήν
806 1302 1080 1378 βασιλείαν
1107 1305 1208 1376 (1),
1242 1301 1378 1356 ὥστε
1413 1303 1538 1373 μήτ’
1571 1300 1655 1354 ἐπὶ
1688 1306 1785 1367 τῆς
1833 1298 1979 1351 07x0-

318 1392 539 1463 νομίας,
573 1393 701 1464 μήτ’
737 1391 823 1446 ἐπὶ
854 1394 952 1460 τῆς
983 1397 1087 1445 τῶν
1123 1393 1298 1465 ’ἱερῶν
1358 1389 1664 1461 κειμηλίων
1722 1387 1979 1462 προνοίας

315 1480 408 1533 καὶ
480 1480 814 1556 προστασίας
888 1480 1004 1534 τινὰ
1077 1480 1223 1556 παρὰ
1292 1479 1558 1555 βασιλέως
1628 1477 1976 1552 προχειρίζε-

316 1569 461 1636 σθαι,
497 1567 642 1623 ἀλλά
700 1576 799 1638 τῆς
859 1573 956 1623 τοῦ
1001 1570 1342 1644 πατριάρχου
1402 1567 1642 1641 ἐξουσίας
1703 1568 1974 1639 ἠρτῆσθαι

313 1658 376 1711 τὸ
431 1662 560 1725 πᾶν,
611 1657 700 1712 καὶ
769 1659 867 1725 τήν
939 1662 1047 1712 τῶν
1114 1660 1422 1731 προσώπων
1482 1655 1824 1731 προχείρισιν
1882 1652 1971 1707 καὶ

311 1748 414 1814 τὴν
466 1750 574 1800 τῶν
621 1746 956 1821 πραγμάτων
1009 1744 1300 1816 διοίκησιν.
1351 1747 1716 1820 Ἀγαγόμενος
1767 1741 1823 1796 δὲ
1880 1741 1967 1794 καὶ

308 1836 410 1901 τὴν
453 1841 687 1907 γυναῖκα
739 1835 844 1889 ἀπὸ
874 1840 972 1890 τοῦ
1029 1835 1292 1912 φρουρίου
1349 1834 1712 1908 Πημολίσσης
1753 1832 1969 1904 Αὐγοῧ-

309 1944 436 1977 σταν
473 1924 789 1998 ἀναγορεύει
846 1919 1130 1994 σεϐαστήνο
1161 1924 1418 1995 Ἰωάννην
1475 1921 1530 1978 δὲ
1588 1923 1677 1976 τὸν
1735 1917 1966 1995 ἀδελφὸν

302 2013 394 2067 καὶ
457 2011 792 2068 Κατακαλὼν
849 2014 940 2067 τὸν
1000 2012 1335 2086 Κεκαυμὲνον
1396 2009 1830 2088 κουροπαλάτας,
1875 1999 1973 2061 καὶ

303 2102 653 2178 ἀμφοτέρους
728 2107 881 2174 τιμᾷ,
961 2102 1127 2177 μεγαν
1209 2100 1526 2175 δομὲστικον
1602 2102 1694 2156 τὸν
1776 2103 1965 2155 ἑαυτοῦ

306 2188 548 2268 ἀδελφὸν
588 2185 1064 2264 προϐαλλόμενος.
1129 2194 1418 2260 Σκοπήσας
1449 2189 1506 2245 δὲ
1553 2192 1614 2245 τὸ
1660 2195 1766 2244 τῶν
1819 2211 1960 2264 χρη-

313 2281 500 2350 μάτων
561 2279 870 2354 ἀναγκαῖον,
903 2281 974 2333 ὧν
1036 2277 1186 2334 οὐδὲν
1249 2278 1370 2334 ἄνευ
1427 2280 1562 2334 κατά
1607 2281 1696 2334 τὸν
1757 2280 1962 2355 ῥήτορα

305 2367 642 2439 περαίνεται,
704 2366 793 2422 διὰ
877 2370 940 2423 τὸ
1023 2369 1088 2422 τὰ
1171 2369 1530 2444 στρατιωτικά
1607 2369 1959 2438 ἠσθενηκέναι

304 2457 395 2509 καὶ
433 2456 620 2511 τέλεον
651 2462 1071 2521 τεταπεινῶσθαι
1109 2457 1168 2511 ἐκ
1202 2465 1302 2526 τῆς
1360 2457 1698 2532 κατεχούσης
1758 2455 1958 2520 ἐνδείας

305 2547 407 2612 τήν
475 2544 779 2618 βασιλείαν.
837 2548 920 2619 [Ρ.
979 2548 1105 2620 808]
1163 2547 1253 2600 καὶ
1336 2545 1398 2600 τὸ
1456 2546 1791 2621 πανταχόθεν
1849 2551 1956 2601 τῶν

303 2632 596 2704 Ῥωμαίων
669 2634 871 2696 πάντας
948 2634 1384 2709 κατεπαίρεσθαι,
1439 2633 1468 2689 ὅ
1542 2636 1675 2710 πρὸς
1743 2633 1957 2704 ἀδοξίαν

304 2719 455 2792 αύτῷ
512 2722 579 2790 ἦν
641 2722 731 2776 καὶ
788 2723 1002 2777 πάντων
1069 2724 1362 2798 βαρύτερον
1433 2721 1728 2799 ἐλογίζετο,
1793 2723 1958 2799 βαρὺς

311 2807 658 2884 ἰχρημάτισε
716 2810 1024 2886 φορολόγος
1082 2818 1196 2874 τοῖς
1254 2817 1591 2888 χρεωστοῦσι
1642 2809 1954 2884 δημοσίοιςσ

316 2899 404 2951 καὶ
463 2901 564 2959 τὰς
613 2903 720 2954 τῶν
770 2901 1036 2977 ὀφιρικίων
1094 2899 1150 2956 δὶ
1196 2900 1370 2964 δόσεις
1402 2903 1562 2963 αὐτὸς
1593 2907 1808 2977 πρῶτος
1865 2923 1958 2956 πε-

312 2988 584 3060 ριέτεμεν.
630 2988 902 3061 Ἑμὲλησε
959 2987 1004 3044 δ’
1063 2991 1208 3063 αὐτῷ
1264 2991 1352 3045 καὶ
1395 2989 1689 3069 φειδωλίας
1719 2992 1810 3046 καὶ
1865 2993 1958 3045 τοῦ

311 3079 638 3150 προσθήκην
672 3077 852 3150 ἀγρῶν
910 3082 977 3152 τῇ
1032 3080 1282 3153 βασιλείᾳ
1337 3083 1817 3156 περιποιήσασθαι.
1867 3082 1958 3135 Διὸ

311 3165 398 3218 καὶ
431 3163 625 3220 πολλά
657 3167 750 3238 μὲν
788 3164 1035 3221 ἰδιωτικὰ
1064 3168 1328 3242 πρόσωπα
1356 3168 1582 3224 πολλῶν
1635 3170 1962 3242 ἀπεστέρησε
1992 3157 2034 3221 C

309 3257 578 3322 κτήσεων,
611 3256 706 3316 τάς
737 3251 1189 3330 χρυσοϐούλλους
1212 3256 1386 3312 αὐτῶν
1428 3259 1638 3336 γραφὰς
1694 3257 1958 3334 παριδὼν,

310 3341 576 3416 ἐνέσκηψε
633 3341 689 3397 δὲ
733 3345 821 3398 καί
867 3366 976 3399 τισι
1020 3351 1126 3400 τῶν
1180 3348 1630 3423 φροντιστηρίων,
1679 3349 1769 3402 καὶ
1822 3348 1960 3403 πολι

313 3430 414 3493 λάς
475 3431 656 3486 αὐτῶν
712 3436 932 3503 κτήσεις
987 3433 1326 3509 ἀφελόμενος
1384 3433 1471 3490 διά
1524 3437 1840 3510 λογοποιίας
1899 3440 1960 3493 τὸ

313 3521 514 3594 ἀρκοῦν
589 3527 706 3583 τοῖς
781 3522 1090 3594 μονάζουςι,
1137 3529 1217 3596 τῷ
1293 3522 1542 3598 δημοσίῳ
1587 3527 1647 3580 τὸ
1705 3529 1958 3601 περισσὸν

307 3611 722 3687 προσαιρώρισε,
806 3617 1028 3688 πρᾶγμα
1124 3613 1216 3686 μὲν
1307 3619 1423 3675 τοῖς
1498 3615 1735 3688 ἀκρίτως
1831 3638 1958 3671 σκο-

303 3703 502 3752 ποῦσιν
565 3697 624 3753 ἐκ
673 3703 771 3753 τοῦ
819 3699 1120 3775 προχείρου
1183 3697 1426 3764 ἀσεϐείας
1483 3705 1572 3757 καὶ
1622 3705 1960 3778 παρανομίας

313 3785 366 3848 ἐς
400 3784 538 3860 ἄγαν
568 3787 702 3860 πρὸς
734 3787 1041 3863 ἱεροσυλίαν
1076 3791 1756 3868 φερόμενον,ἀποτὲλεσμα
1777 3793 1833 3849 δὶ
1859 3817 1961 3867 μη-

308 3873 394 3930 δὲν
432 3877 639 3930 ἄτοπον
673 3876 834 3953 φέρον
866 3881 982 3939 τοῖς
1027 3874 1301 3954 ἒμϐριθῶς
1355 3887 1613 3936 σκοποῦσι
1665 3884 1754 3938 καὶ
1806 3905 1959 3938 πνευ-

305 3970 579 4036 ματικῶς,
609 3964 700 4020 ἅτε
740 3965 820 4028 εἰς
869 3966 1254 4038 ἀγτημοσύνην
1313 3969 1521 4044 ἀπάγον
1573 3977 1700 4034 τοὺς
1758 3973 1956 4043 ταύτην

299 4053 830 4128 ἐπαγγειλαμένους,
861 4056 951 4108 καὶ
981 4057 1080 4125 τὴν
1131 4051 1494 4132 Συϐαριτικήν
1542 4060 1631 4113 καὶ
1680 4058 1960 4135 χλιδῶσαν

299 4143 634 4214 περικόπτον
665 4145 898 4219 τρυφὴν,
930 4144 1017 4197 καὶ
1078 4143 1218 4217 μηδὲ
1255 4151 1362 4200 τῶν
1405 4149 1541 4222 πρὸς
1594 4148 1781 4223 χρείαν
1842 4148 1956 4203 ἐπι-

298 4227 540 4300 τηδείων
591 4233 682 4285 καὶ
718 4230 1021 4306 ἀναγκαίων
1073 4233 1420 4310 ἀποστεροῦν,
1470 4236 1560 4290 καὶ
1617 4237 1742 4300 τοὺς
1788 4238 1959 4313 ἀγρο-

2105 517 2217 554 non
2255 499 2451 554 omnia
2485 505 2720 571 accepta
2762 505 2871 554 Deo
2923 502 3197 567 referens,
3233 503 3330 556 sed
3367 503 3610 573 propriae
3640 504 3752 559 vir-

2099 590 2209 642 tuti
2246 594 2301 642 et
2334 589 2412 642 rei
2450 588 2723 642 militaris
2757 589 3008 658 peritiae;
3045 607 3108 643 ac
3142 589 3316 644 veluti
3350 607 3480 646 cum
3517 608 3752 648 summa

2103 683 2390 748 potestate
2423 677 2762 748 imperator,
2784 695 2910 749 quae
2935 679 3002 732 ad
3034 678 3344 749 imperium
3371 681 3746 751 pertinerent,

2100 769 2457 838 aggreditur,
2483 769 2754 823 maximis
2789 770 2952 839 prius
2976 767 3296 823 honoribus
3321 769 3391 822 iis
3419 769 3518 840 qui
3541 769 3652 825 sibi
3675 771 3748 825 ad

2098 856 2329 926 incepta
2379 857 2732 928 perﬁcienda
2783 874 3015 929 operam
3067 864 3348 913 navarant
3394 859 3637 914 ornatis.
3679 859 3749 914 Et

2098 946 2294 1015 pepuli
2356 947 2579 1014 habita,
2639 963 2812 1016 quam
2877 964 2981 1017 par
3027 953 3172 1014 erat,
3231 948 3474 1015 ratione,
3528 947 3747 1004 multos

2097 1036 2464 1105 publicorum
2502 1036 2879 1107 collegiorum
2916 1041 3214 1091 curatores
3255 1036 3488 1092 creavit.
3523 1034 3742 1092 Et'Ma-

2091 1141 2217 1194 gnte
2237 1124 2491 1178 ecclesiae
2513 1125 2795 1196 permittit
2818 1143 3014 1180 sacras
3037 1143 3174 1180 suas
3190 1143 3282 1181 res
3303 1126 3741 1192 administrare,

2091 1213 2401 1268 interdicta
2434 1231 2674 1285 prorsus
2728 1215 3237 1270 administratione
3268 1215 3534 1286 imperio,
3569 1215 3648 1269 ita
3677 1221 3743 1270 ut

2091 1319 2280 1373 neque
2315 1304 2386 1357 ab
2420 1304 2685 1358 ebeunda
2727 1321 2892 1358 sacra
2925 1321 3169 1358 munera
3197 1321 3382 1375 neque
3413 1305 3483 1357 ad
3519 1303 3738 1358 haben-

2089 1391 2224 1444 dam
2260 1393 2412 1448 642
2449 1392 2594 1446 sacri
2647 1391 2910 1446 thesauri
2959 1393 3244 1447 rationem
3279 1391 3494 1461 aliquis
3523 1392 3594 1446 ab
3625 1392 3736 1446 im-

2088 1486 2352 1550 peratore
2401 1481 2660 1536 delectus
2712 1487 3006 1553 praeesset,
3055 1499 3255 1536 verum
3308 1499 3342 1536 a
3391 1481 3733 1552 patriarchae

2088 1574 2375 1639 potestate
2406 1571 2605 1625 omnia
2628 1572 2965 1641 penderent,
2993 1576 3049 1626 et
3069 1587 3449 1642 personarum
3473 1569 3732 1625 delectus

2085 1662 2139 1711 et
2171 1676 2363 1713 rerum
2418 1661 2869 1715 administratio.
2915 1661 3174 1716 Evocans
3223 1660 3360 1714 item
3395 1675 3631 1714 uxorem
3665 1675 3733 1714 ex

2083 1748 2296 1817 oppido
2331 1748 2646 1804 Pemolissa
2681 1752 3003 1819 Augustum
3039 1748 3316 1813 declarat,
3357 1752 3414 1802 et
3440 1748 3726 1802 Joannem

2084 1835 2319 1891 fratrem
2347 1844 2402 1891 et
2424 1837 2727 1893 Catacalon
2749 1838 3132 1892 Combustum
3159 1839 3529 1908 curopalatas
3549 1838 3726 1902 creat,

2079 1927 2352 1980 etambos
2371 1926 2692 1982 honoribus
2707 1929 2967 1993 decorat;
2995 1929 3229 1981 fratrem
3250 1942 3423 1980 suum
3444 1941 3657 1996 magnu
3670 1942 3723 1979 m

2079 2014 2461 2070 domesticum
2523 2022 2698 2070 creat.
2763 2017 3152 2071 Considerans
3211 2019 3402 2070 autem
3463 2013 3720 2085 pecuniis

2077 2103 2503 2168 necessitatem,
2538 2106 2661 2159 sine
2706 2121 2820 2176 qua
2874 2103 3018 2158 nihil
3053 2105 3375 2160 secundum
3428 2107 3717 2157 oratorem

2076 2194 2394 2261 perﬁcitur,
2429 2212 2493 2248 eo
2527 2195 2678 2265 quod
2716 2211 2805 2248 res
2828 2192 3112 2249 militares
3143 2192 3294 2248 male
3326 2208 3388 2246 se
3411 2192 3713 2259 haberent,

2073 2279 2129 2332 in
2165 2284 2657 2350 angustissimum
2692 2283 2936 2337 redactae
2969 2284 3040 2336 ob
3073 2283 3298 2354 imperii
3345 2281 3626 2354 inopiam,
3657 2287 3714 2336 et

2073 2370 2330 2440 undique
2364 2388 2566 2427 omnes
2611 2378 2813 2426 contra
2862 2376 3154 2428 Romanos
3204 2371 3448 2439 incitati,
3481 2371 3635 2442 quod
3663 2370 3713 2426 ei

2069 2457 2400 2529 ignominiaa
2433 2477 2562 2516 esse
2587 2468 2643 2516 et
2672 2461 2931 2515 omnium
2951 2461 3362 2533 gravissimum
3387 2460 3716 2529 videbatur,

2070 2550 2314 2603 acerbus
2369 2550 2738 2622 vectigalium
2789 2557 3020 2605 exactor
3069 2550 3179 2604 fuit
3225 2549 3299 2604 iis
3345 2549 3444 2620 qui
3499 2549 3578 2602 rei
3613 2565 3715 2619 pu—

2070 2638 2232 2693 blicas
2265 2641 2576 2711 debebant,
2609 2647 2665 2695 et
2695 2641 2819 2712 ipse
2848 2640 3075 2710 primus
3096 2638 3424 2694 ofﬁciorum
3457 2637 3719 2692 donatio-

2070 2744 2173 2782 nes
2206 2731 2552 2800 amputavit.
2606 2729 2972 2784 Parcimonia
3020 2745 3254 2799 quoque
3300 2727 3354 2782 ei
3401 2744 3551 2782 curas
3585 2726 3715 2796 fuit,

2073 2834 2175 2871 nec
2236 2835 2350 2873 non
2411 2824 2475 2872 ut
2531 2819 2777 2890 imperio
2835 2835 3007 2890 agros
3068 2818 3340 2883 adderet;
3391 2820 3447 2871 et
3503 2816 3716 2870 idcirco

2070 2906 2290 2962 multos
2323 2908 2577 2977 privatos
2608 2909 2879 2964 homines
2914 2906 3390 2978 possessionibus
3420 2904 3714 2976 spoliavit,

2069 2996 2350 3067 neglectis
2381 2997 2638 3068 ipsorum
2674 2997 2867 3052 aureis
2908 2995 3105 3052 bullis.
3139 2995 3501 3060 Quibusdam
3535 2993 3713 3048 etiam

2069 3087 2443 3141 monasteriis
2478 3086 2694 3141 multas
2719 3086 3123 3157 possessiones
3153 3084 3392 3144 ademit,
3416 3088 3474 3138 et
3497 3083 3714 3138 relictis

2079 3177 2380 3230 monachis
2441 3176 2666 3230 idoneis
2733 3176 3070 3246 sumptibus
3133 3175 3203 3228 ad
3265 3173 3502 3240 victum,
3564 3188 3713 3244 quos

2075 3265 2400 3334 computari
2429 3266 2704 3333 iusserat,
2738 3264 2791 3318 id
2821 3265 2971 3334 quod
2999 3267 3302 3332 supererat
3333 3260 3566 3332 publico
3587 3262 3709 3314 vin-

2073 3354 2306 3408 dicavit.
2343 3355 2502 3418 Quod
2538 3351 2775 3422 quidem
2825 3351 2898 3404 iis
2931 3350 3030 3421 qui
3082 3349 3509 3403 inconsiderate
3540 3352 3596 3400 et
3624 3351 3713 3400 te-

2072 3457 2227 3494 mere
2259 3441 2604 3510 iudicarent,
2638 3439 2709 3492 ab
2741 3437 3045 3507 impietate
3091 3440 3148 3490 et
3179 3434 3487 3506 iniquitate
3519 3433 3590 3488 ad
3621 3450 3712 3488 sa-

2072 3529 2374 3600 crilegium
2407 3529 2640 3582 tendere
2684 3527 2863 3581 videri
2913 3529 3133 3596 queat:
3191 3524 3288 3579 sed
3340 3528 3537 3578 tamen
3569 3521 3715 3576 nihil

2071 3619 2309 3674 absurdi
2344 3635 2410 3672 eo
2456 3616 2758 3672 molimine
2808 3615 3159 3687 perﬁciebat,
3193 3617 3258 3668 ut
3305 3612 3380 3667 iis
3410 3611 3718 3666 videbatur

2072 3709 2168 3774 qui
2203 3725 2320 3762 rem
2357 3707 2610 3779 graviter
2648 3711 2820 3772 atque
2871 3702 3214 3774 spiritaliter
3244 3700 3713 3756 considerabant.

2071 3798 2290 3868 Nempe
2319 3812 2384 3850 eo
2410 3800 2575 3866 pacto
2600 3795 2670 3848 ad
2695 3798 3094 3865 paupertatem
3121 3807 3218 3846 eos
3241 3791 3340 3860 qui
3367 3790 3555 3860 ipsam
3583 3805 3713 3860 pro-

2072 3887 2205 3941 fessi
2259 3890 2454 3940 essent
2501 3885 2846 3944 adducebat,
2891 3888 2947 3936 et
2997 3879 3202 3935 molles
3245 3878 3715 3951 Sybariticasque

2072 3975 2222 4030 643
2257 3973 2497 4028 delicias
2547 3971 2865 4036 auferebat,
2901 3984 3085 4039 neque
3133 3972 3324 4022 tamen
3377 3964 3450 4019 iis
3481 3981 3607 4034 quae
3639 3963 3710 4018 ad

2071 4080 2243 4119 usum
2279 4062 2608 4117 necessaria
2638 4061 2836 4116 essent
2888 4058 3188 4129 privabat;
3238 4060 3292 4110 et
3319 4054 3619 4120 ﬁnitimos,
3652 4051 3710 4106 id

2069 4158 2155 4208 est
2187 4152 2283 4223 qui
2319 4151 2677 4222 propinquos
2700 4165 2869 4221 agros
2898 4147 3201 4214 haberent,
3223 4163 3257 4200 a
3289 4142 3711 4199 monachorum

2072 4240 2341 4296 molestia
2361 4245 2419 4295 et
2449 4240 2689 4294 avaritia
2719 4237 3024 4292 liberabat.
3049 4235 3208 4299 Quod
3233 4235 3460 4289 utinam
3495 4232 3565 4286 ad
3600 4231 3713 4287 exi-

1631 4338 1874 4393 JACOBI
1915 4337 2130 4394 GOARI
2170 4338 2402 4393 NOT/E.

372 4421 452 4488 (ί)
487 4421 856 4503 Religionem
902 4438 992 4503 nu_
1024 4423 1293 4503 Ecclesiae
1342 4425 1467 4503 sibi
1509 4432 1837 4498 arrogatam
1883 4429 1954 4483 ab
1990 4432 2037 4495 D
2070 4429 2537 4503 minecruceque
2563 4425 2826 4503 signatos
2852 4421 3438 4503 p_romovebant,_tbus
3464 4419 3522 4472 in
3548 4417 3716 4503 altari

304 4491 770 4569 imperatoribus
817 4493 1028 4569 Graecis
1077 4495 1328 4569 laudabo
1357 4491 1750 4569 potestatém.
1784 4505 1840 4554 et
1889 4517 1958 4554 ex

303 4564 555 4638 ecclesia
578 4567 873 4638 quosdam
921 4565 978 4619 in
1029 4566 1314 4636 palatium
1350 4564 1619 4626 inductos
1653 4573 1800 4625 ritus
1832 4588 1956 4624 me-

305 4636 601 4713 morabo?
644 4637 822 4691 Sacco
853 4644 908 4691 et
956 4638 1208 4713 mandya
1253 4641 1674 4706 vestiebantur,
1707 4659 1954 4713 quorum

307 4705 405 4779 ille
447 4723 880 4779 supremorum
944 4705 1288 4779 pontiﬁcum
1349 4718 1439 4767 est
1488 4715 1546 4768 in
1606 4705 1792 4769 sacris
1851 4714 1956 4768 ha-

308 4777 520 4856 bendis
554 4777 1120 4856 ornamentum,_hic
1160 4781 1478 4856 _lectorum,
1513 4789 1578 4839 ut
1624 4803 1690 4840 ex
1721 4785 1956 4856 scriptis

307 4848 623 4928 Symeonis
666 4850 1207 4928 Thessalonicensis
1254 4848 1724 4928 liquet,'insigne
1755 4848 1956 4928 praeci-

350 4875 623 4919 ymeuuls
675 4875 1207 4908 iuessuluuwensls
1254 4875 1724 4928 uquer.,1n81gne
1798 4875 1956 4911 πεδοι-

348 4921 704 4998 uum._Cr_ux
733 4927 1028 4998 sceptrum
1059 4927 1462 4998 erat,‘regium
1505 4875 1803 4998 penetrale:
1830 4925 1956 4981 κελ-

351 4990 429 5066 ίον
461 4992 664 5066 cellula
708 4990 1021 5066 postremis
1054 4990 1280 5052 saeculis
1301 4990 1612 5064 audiebat,
1645 5017 1711 5054 ac
1741 4999 1793 5052 ἐν
1825 5000 1955 5053 ἀκα-

305 5060 422 5131 κία.
453 5065 689 5119 sacculo
708 5060 863 5119 terra
890 5065 1342 5143 repl_e_toj_ug_iter
1359 5087 1531 5125 manu
1555 5060 1803 5143 gestato,
1831 5089 1958 5142 per-

308 5145 554 5214 peluum
604 5153 736 5190 cum
788 5137 1093 5214 monachis
1122 5137 1242 5214 mleti
1276 5143 1438 5210 quasi
1491 5137 1799 5214 prazsentis
1831 5137 1959 5197 'sibi

308 5208 612 5277 ﬁngebant
643 5207 1065 5276 spectaculum.
1115 5207 1637 5269 Sacra—dona'cum
1684 5216 1957 5270 sacerdo-

304 5279 467 5351 tibus
501 5283 560 5332 et
589 5280 876 5347 diaconis,
911 5281 1077 5350 quasi
1113 5282 1287 5338 choro
1319 5285 1602 5340 lectorum
1636 5286 1822 5351 asciti,
1857 5288 1955 5341 de-

303 5350 606 5405 ducebant
649 5351 717 5404 ad
772 5352 988 5418 altare;
1041 5369 1106 5406 ac
1139 5359 1201 5408 ut
1233 5356 1659 5412 ecclesiasticos
1708 5350 1960 5413 canones

311 5421 384 5475 ab
417 5422 504 5476 eis
537 5423 795 5507 sensi-tos
838 5426 1080 5507 taceam,
1111 5428 1488 5507 episcopatus
1515 5429 1574 5484 in
1610 5429 1962 5499 metropoles

311 5508 448 5548 eoru
461 5510 515 5547 m
533 5494 739 5549 edictis
755 5498 1014 5550 mutatos
1047 5494 1435 5555 scribunt'Jus
1449 5494 1959 5556 Graecoromanum

307 5563 572 5620 Codinus
607 5571 665 5620 et
694 5572 900 5620 auctor
926 5582 1130 5624 versus
1161 5568 1416 5626 historiis
1446 5571 1685 5629 calcem.
1711 5572 1962 5629 Patriar-

309 5633 454 5692 chas
497 5635 743 5710 insuper
792 5637 1182 5696 sanctissimas
1213 5639 1516 5702 Trinitatis
1562 5643 1827 5702 invocato
1855 5660 1963 5702 no-

2069 4502 2402 4562 adolebant,
2443 4487 2526 4551 lex
2581 4487 2784 4550 eodem
2844 4487 3019 4569 altari
3071 4493 3522 4569 tricipiti_cereo
3573 4487 3716 4569 solis

2068 4560 2446 4642 pontiﬁcibus
2473 4584 2747 4623 concesso
2777 4566 3117 4620 solemniter
3166 4560 3715 4642 populo‘benedice-

2070 4635 2209 4698 bant
2244 4640 2584 4713 pontificum
2617 4657 2799 4701 more,
2831 4642 3144 4713 ut__au(_:tor
3168 4635 3288 4713 est
3311 4635 3620 4688 Balsamon
3655 4635 3713 4711 in

2067 4715 2206 4790 Cen.
2245 4709 2344 4776 '69,
2396 4711 2703 4790 Tru‘llanse‘
2738 4709 2966 4790 synodi.
3019 4709 3613 4790 Prorogataouoque
3655 4709 3713 4790 in

2069 4787 2287 4841 aulicos
2322 4801 2386 4838 ac
2430 4779 2748 4841 πολιτικοὺς
2773 4777 3070 4852 ’ἄρχοντας
3121 4777 3305 4852 civilis
3345 4777 3530 4830 turbae
3559 4777 3714 4852 viros

2068 4846 3377 4925 bujusmodijurelegumGraicor.1.4.Pothum
3395 4846 3711 4918 quemdam

2068 4923 2604 5001 protospatharium
2665 4925 2838 5001 simul
2897 4923 3156 5001 ecclesia:
3209 4926 3422 5001 magna;
3455 4933 3713 5001 diacono-

2072 4989 2678 5062 muin,'Themiosium
2715 4996 2929 5067 pariter
2958 4994 3137 5048 alium
3173 4989 3711 5067 protospatbarium

2071 5089 2360 5126 summam
2419 5065 3129 5125 honorum—monasteriis
3190 5065 3557 5118 addictorum
3605 5077 3710 5115 cu-

2071 5161 2192 5198 ram
2241 5144 2489 5214 gessiSSe
2537 5141 2932 5214 leges,_quam
2985 5138 3080 5192 hic
3126 5142 3330 5214 auctor
3368 5131 3713 5214 'tﬁc'oixovo:

2075 5215 2196 5288 μίας
2241 5201 2349 5266 κκαὶ
2415 5219 2512 5279 τῆς
2566 5201 2671 5264 τῶν
2702 5201 2885 5282 ’ἱερῶν
2953 5207 3260 5279 κειμηλίων
3310 5201 3576 5288 προνοίας.
3623 5201 3714 5287 καὶ

2069 5275 2395 5358 προστασίας
2426 5275 3006 5358 nominatintelligit.
3039 5275 3083 5334 Ᾱ
3109 5275 3512 5358 ουτιιειο-ᾀεω
3546 5275 3715 5331 dein-

2070 5352 2215 5430 ceps
2257 5357 2636 5430 saecularibus
2683 5352 2968 5430 tradenda
3000 5357 3303 5430 potestate
3350 5355 3712 5430 Comnenum

2071 5422 2427 5487 abstinuisse
2458 5428 2651 5490 refert,
2687 5424 2830 5478 belle
2861 5424 3151 5491 siquidem
3175 5422 3415 5494 scripsit
3439 5422 3717 5494 Synesius

2069 5504 2254 5570 Epist.
2305 5503 2372 5570 57
2416 5515 2434 5570 ς
2474 5487 2765 5570 πολιτικὴν
2799 5487 2990 5565 ἀρετὴν
3023 5487 3311 5569 ἱερωσύνῃ(
3331 5487 3610 5546 συνάπτειν
3654 5487 3716 5541 τὸ

2069 5567 2299 5630 κλώθειν
2333 5569 2444 5625 ἐστὶ
2470 5570 2538 5626 τὰ
2562 5567 2897 5642 ἀσύγκωστα.
