3972 6146
213 305 333 366 3H

1536 313 1866 376 JOANNIS
1911 314 2323 379 SGYLITZE

3518 320 3639 381 3'12

215 438 342 491 tum
377 436 502 508 ipse
534 436 777 495 feliciter
823 442 1215 512 perduxisset,
1248 461 1365 500 non
1415 444 1606 501 solum
1654 446 1712 500 in
1748 464 1873 501 mo-

2000 447 2232 520 γείτονας
2304 454 2404 517 τῆς
2474 447 2533 503 ἐκ
2613 453 2720 503 τῶν
2821 453 3079 525 μοναχῶν
3156 449 3458 520 κακότητος
3533 461 3637 504 και

218 526 496 581 nasteriis
564 529 664 582 sed
726 530 781 583 in
845 532 1125 586 omnibus
1192 535 1367 589 rebus
1425 536 1497 590 ad
1556 535 1871 591 Ecclesinm

218 616 457 670 omnino
491 619 922 688 spectantibus.
962 626 1043 675 lta
1076 623 1255 693 igitur
1287 641 1379 677 res
1410 625 1479 679 ab
1520 624 1872 697 imperatore

219 705 644 761 administratae:
674 714 834 779 sunt,
869 715 924 763 et
950 712 1105 780 regia
1132 714 1272 767 urbs
1306 713 1362 766 in
1397 714 1505 769 hoc
1537 720 1691 769 statu
1725 719 1868 769 erat.

214 793 557 848 Patriarcha
601 801 795 850 autem
852 798 1189 869 inexplebili
1242 802 1642 857 benevolentia
1690 804 1872 857 fretus

213 881 588 952 imperatoris
618 889 822 940 contra
849 886 1042 957 ipsum
1075 890 1265 945 elatus
1299 896 1407 955 est,
1429 910 1539 945 non
1572 893 1871 963 petitioni-

213 970 328 1025 bus
363 973 533 1027 modo
561 977 619 1027 et
653 974 1156 1032 admonitionibus
1187 984 1379 1049 utens,
1417 980 1463 1034 si
1498 984 1731 1051 quando
1764 981 1869 1035 ali-

215 1062 385 1128 cujus
418 1061 498 1115 rei
530 1067 585 1116 et
619 1080 720 1134 pro
754 1064 951 1135 aliquo
986 1067 1298 1138 indigeret,
1342 1087 1542 1124 verum
1577 1088 1728 1141 saepe
1762 1076 1875 1125 mi-

216 1148 377 1203 nime
410 1150 525 1204 voti
579 1167 819 1223 compos
868 1161 1107 1226 propter
1158 1158 1491 1229 frequentes
1537 1165 1593 1214 et
1640 1161 1875 1216 odiosas

216 1238 553 1308 petitiones,
588 1242 779 1297 minas
799 1247 854 1295 et
871 1244 1162 1300 absurdae
1180 1247 1610 1319 increpationes
1633 1250 1873 1305 adhibe-

216 1328 339 1391 bat,
374 1343 439 1381 ac
465 1327 577 1382 nisi
600 1332 1087 1402 pareret,imperii
1113 1335 1493 1391 amissionem
1522 1339 1872 1404 minabatur,

215 1414 456 1485 vulgare
486 1420 543 1471 et
593 1419 797 1473 tritum
854 1420 962 1476 hoc
1011 1422 1232 1477 dictum
1288 1427 1585 1496 proferens
1623 1444 1634 1481 :
1675 1433 1789 1499 Ego
1822 1432 1877 1483 te

222 1504 479 1569 condidi,
516 1506 707 1571 furne,
743 1524 880 1579 ergo
910 1515 967 1564 et
1016 1516 1071 1565 te
1102 1512 1396 1583 dejiciam.
1428 1519 1756 1586 Aggressus
1787 1523 1878 1572 est

223 1592 401 1647 etiam
448 1610 618 1650 cocco
670 1597 854 1652 tincta
901 1597 1147 1655 induere
1200 1602 1616 1671 calceamenta,
1651 1605 1877 1676 antiqui

228 1684 539 1737 sacerdotii
583 1701 802 1740 morem
855 1687 1012 1743 hunc
1062 1706 1354 1759 asserens,
1386 1698 1443 1747 et
1490 1702 1755 1766 oportere
1785 1696 1877 1749 his

229 1771 315 1825 uti
367 1788 581 1827 novum
631 1790 864 1845 quoque
918 1777 1422 1852 archiepiscopum
1473 1799 1485 1837 :
1540 1801 1674 1838 nam
1727 1784 1881 1839 inter

229 1861 622 1917 sacerdotium
658 1869 715 1917 et
753 1882 993 1932 regnum
1054 1867 1199 1922 nihil
1232 1870 1512 1927 interesse
1558 1872 1644 1926 vel
1675 1874 1885 1928 admo-

235 1950 376 2004 dum
431 1968 658 2022 parum,
692 1958 747 2007 et
796 1954 855 2007 in
907 1957 1081 2011 rebus
1133 1959 1576 2029 pretiosioribus
1627 1962 1882 2033 amplius

231 2038 481 2095 fortasse
512 2049 563 2095 et
596 2042 785 2113 magis
814 2044 1120 2100 colendum
1166 2051 1577 2105 sacerdotium.
1613 2052 1742 2106 Haec
1775 2068 1882 2106 au-

231 2126 396 2182 diens
428 2128 747 2200 imperator
779 2131 945 2187 illum
985 2137 1394 2194 mussitantem
1432 2142 1661 2195 studuit
1690 2142 1883 2212 potius

228 2214 455 2287 aliquid
490 2218 616 2289 ipse
649 2230 983 2291 perpetrare
1016 2241 1190 2295 quam
1236 2228 1372 2298 pati.
1407 2231 1593 2294 Quare
1626 2247 1756 2285 cum
1791 2248 1878 2285 ar-

225 2304 642 2376 changelorum
679 2309 805 2363 dies
842 2312 1027 2368 festus
1061 2317 1413 2389 advenisset,
1454 2321 1752 2388 egreditur
1781 2339 1884 2391 pa-

222 2393 483 2450 triarcha
516 2397 585 2450 ad
623 2398 962 2456 suburbana
996 2402 1137 2470 loca,
1174 2410 1238 2458 ut
1287 2406 1365 2461 ibi
1398 2408 1659 2463 studiose
1691 2427 1754 2463 ac
1788 2427 1877 2464 so-

222 2480 380 2537 lenni
422 2484 538 2539 ritu
575 2502 703 2556 quae
734 2490 803 2542 ad
843 2489 993 2544 diem
1025 2492 1235 2547 festum
1263 2496 1623 2565 pertinerent
1654 2515 1883 2569 perage-

228 2576 335 2626 ret.
363 2572 687 2645 Imperator
717 2581 914 2632 autem
942 2585 1008 2633 ut
1039 2582 1200 2637 lucro
1224 2583 1336 2637 sibi
1363 2585 1557 2640 oblata
1580 2587 1883 2642 occasione

225 2666 485 2732 arrepta,
518 2663 737 2718 veritus
770 2683 840 2720 ne
874 2669 1007 2738 quis
1055 2674 1350 2726 tumultus
1396 2682 1496 2728 aut
1524 2677 1883 2744 perturbatio

227 2747 420 2818 ﬁeret,
452 2754 710 2806 turmam
742 2755 898 2810 644
931 2757 1181 2813 militum
1235 2762 1417 2829 misit,
1453 2765 1553 2833 qui
1586 2765 1883 2820 communi

227 2835 434 2906 lingua
479 2838 853 2910 appellantur
907 2847 1196 2919 Barangi;
1250 2849 1345 2919 qui
1380 2850 1571 2920 ipsum
1609 2871 1719 2907 non
1758 2854 1884 2909 sine

229 2923 555 2995 ignominia
584 2945 616 2981 a
651 2931 859 2985 throno
891 2945 1220 3005 correptum
1247 2955 1311 2992 ao
1344 2940 1504 2994 mulo
1536 2940 1878 3012 impositum

232 3030 422 3083 usque
453 3015 522 3069 ad
558 3014 726 3071 littus
754 3021 906 3089 quod
933 3028 1021 3076 est
1052 3023 1111 3077 in
1143 3025 1479 3083 Blachernis
1514 3030 1883 3101 impellentes

233 3103 620 3171 deduxerunt,
652 3112 708 3160 et
740 3108 931 3177 ipsum
968 3116 1024 3164 et
1046 3114 1337 3183 patrueles
1368 3117 1516 3186 ejus,
1551 3125 1725 3189 atque
1746 3120 1882 3174 inde

1984 534 2296 606 πλεονεξίας
2348 535 2685 613 ἐλευθεροῦν.
2731 541 2796 596 Ὃ
2846 540 2935 594 καὶ
2986 538 3093 603 εἷ’θε
3139 542 3215 601 εἷς
3274 537 3433 601 τέλος
3492 539 3639 609 αύτῷ

1983 626 2335 699 κατώρθωτο,
2374 626 2472 681 οὐκ
2529 628 2615 681 ἐπὶ
2662 634 2779 683 τοῖς
2828 629 3098 702 σεμνείοις
3151 630 3363 701 μόνοις,
3399 626 3526 683 ἀλλ’
3552 628 3639 682 ἰπὶ

1981 720 2097 775 τοῖς
2159 715 2634 785 έκκλησιαστικοῖς
2680 724 2839 772 πᾶσιν
2888 717 3099 779 ἁπλῶς.
3145 718 3333 779 Οὕτως
3395 718 3489 790 μὶν
3548 715 3640 771 οὖν

1981 808 2147 857 ταῦτα
2193 810 2271 876 τῷ
2337 807 2555 880 βασιλεῖ
2613 807 2985 880 ᾠκονόμηται,
3030 807 3118 861 καὶ
3168 809 3202 877 ἡ
3252 805 3468 882 βασιλὶς
3515 810 3641 861 τοῦ-

1983 912 2073 946 τον
2136 896 2255 968 εἶχε
2306 900 2414 948 τῶν
2474 896 2715 951 πόλεων.
2776 898 2836 954 Ὁ
2898 895 2955 951 δὲ
3013 898 3363 971 πατριάρχης
3420 899 3487 969 τῇ
3544 899 3640 949 τοῦ

1991 981 2256 1055 βασιλέως
2306 981 2569 1058 ἀπλήστῳ
2614 985 2794 1067 εᾶνοίᾳ
2845 986 3118 1062 θαῤῥήσας
3167 985 3639 1060 έφρονηματίσατο

1985 1071 2101 1124 κατ’
2142 1071 2327 1137 αὐτοῦ,
2376 1072 2474 1127 οὐκ
2544 1073 2789 1144 αἰτήσεσι
2859 1073 2947 1127 καὶ
3015 1075 3359 1149 παραινέσεσι
3414 1074 3637 1149 χρώμε-

1985 1180 2099 1229 νος,
2162 1158 2215 1214 εἷ’
2273 1162 2405 1215 ποτέ
2479 1183 2628 1224 τινος
2692 1160 2867 1217 δέοιτο
2923 1162 3013 1217 καὶ
3077 1163 3207 1237 ὑπέρ
3273 1183 3443 1231 τινος,
3497 1159 3641 1217 ἀλλὰ

1986 1246 2258 1313 πολλάκις
2288 1250 2685 1326 ἀποτυγχάνων
2718 1249 2807 1307 διὰ
2833 1252 2895 1306 τὸ
2940 1256 3045 1306 τῶν
3097 1250 3360 1322 αἶ’τήσεων
3415 1252 3635 1326 συνεχὲς

1986 1337 2073 1391 καὶ
2108 1340 2361 1415 φορτικὸν
2390 1339 2641 1403 ἀπειλαῖς
2675 1340 2882 1417 ἐχρῆτο
2911 1341 2999 1395 καὶ
3033 1339 3334 1414 ἐπιτιμίοις
3388 1339 3634 1410 ἀτόποις,

1984 1427 2074 1481 καὶ
2132 1425 2245 1502 εἷ’γε
2306 1431 2381 1500 μὴ
2441 1430 2702 1501 πείθοιτο,
2737 1432 2823 1485 καὶ
2883 1437 2985 1499 τῆς
3048 1428 3325 1506 βασιλείας
3372 1425 3637 1483 ἔκπτωσιν

1988 1514 2409 1589 ἀπειλούμενος,
2458 1519 2519 1573 τὸ
2570 1516 2823 1592 δημῶδες
2871 1525 3031 1574 τοῦτο
3073 1519 3163 1574 καὶ
3221 1520 3637 1592 καθημαξευμέ-

1987 1626 2076 1660 νον
2150 1606 2435 1681 ἐπιλέγων,
2498 1633 2524 1659 ι(
2588 1610 2691 1664 Ἐὧ
2743 1630 2801 1663 σε
2857 1607 3037 1663 ἔκτισα
3094 1612 3193 1683 (2),
3250 1612 3448 1687 φοῦρνε
3481 1629 3493 1641 ·
3558 1609 3635 1662 te

1982 1692 2075 1749 ’ίνα
2132 1716 2189 1749 σε
2245 1696 2499 1771 χαλάσω.
2563 1723 2590 1748 ››
2651 1693 2979 1753 Ἐπεόάλετο
3039 1696 3096 1752 δὶ
3154 1697 3243 1752 καὶ
3315 1692 3631 1774 κοκκοόαφῆ

1914 1825 1960 1889 Β
1992 1779 2307 1860 περιϐαλεῖν
2362 1783 2579 1859 πέδιλα,
2623 1791 2722 1851 τῆς
2772 1786 3007 1848 παλαιᾶς
3054 1785 3354 1862 ἱερωσύνης
3414 1785 3631 1889 φάσκων

1993 1873 2127 1927 εἶναι
2182 1874 2242 1927 τὸ
2290 1879 2534 1929 τοιοῦτον
2588 1872 2724 1948 ἔθος,
2756 1876 2844 1930 καὶ
2879 1873 2986 1929 δεῖν
3014 1875 3229 1936 τούτοις
3265 1874 3359 1929 κάν
3418 1878 3484 1948 τῇ
3542 1874 3635 1946 νέᾳ

1992 1965 2296 2037 κεχρῆσθαι
2382 1964 2471 2017 τὸν
2570 1964 2830 2039 ἀρχιερέα
2864 1983 2876 1995 ·
2954 1963 3253 2039 ἱερωσύνης
3341 1963 3443 2038 γὰρ
3544 1962 3633 2017 καὶ

1997 2052 2275 2126 βασιλείας
2307 2053 2370 2106 τὸ
2404 2050 2661 2131 διάφορον
2690 2051 2844 2108 οὑδὶν
2882 2055 2909 2124 ἢ
2939 2053 3029 2108 καὶ
3084 2052 3272 2127 ὀλίγον
3335 2053 3468 2107 εἶναι
3522 2050 3641 2107 ἔλε-

1991 2162 2099 2215 γεν,
2137 2140 2186 2194 έν
2226 2139 2279 2195 δέ
2336 2163 2398 2216 γε
2447 2148 2561 2203 τοῖς
2610 2142 2964 2215 τιμιωτέροις
3015 2142 3103 2196 καὶ
3151 2142 3212 2196 τὸ
3271 2140 3437 2196 πλέον
3496 2146 3641 2215 τάχα

1991 2229 2079 2282 καὶ
2150 2227 2414 2304 ἐρίτιμον,
2470 2235 2645 2285 Ταῦτα
2727 2230 2783 2285 δὲ
2839 2232 2867 2285 ὁ
2928 2230 3180 2306 βασιλεὺς
3256 2228 3643 2302 ἐνωτιζόμενος

1995 2318 2082 2371 ὑπ’
2137 2316 2329 2372 ὀδόντα
2407 2317 2719 2393 λαλούμενα
2794 2317 3015 2375 ἔσπευσε
3098 2317 3311 2392 μᾶλλον
3369 2316 3556 2394 δρᾶσαι
3606 2318 3640 2388 ἢ

1992 2409 2201 2462 παθεῖν.
2264 2410 2425 2464 ’Όθεν
2482 2417 2584 2478 τῆς
2640 2413 2749 2463 τῶν
2831 2408 3192 2485 ἀρχαγγέλων
3278 2406 3643 2486 ἐφισταμένης

1992 2496 2186 2571 ἑορτῆς
2252 2496 2408 2570 ἔξεισι
2475 2499 2569 2571 μὶν
2627 2499 2654 2552 ὁ
2712 2499 3061 2573 πατριάρχης
3132 2496 3211 2559 εἲς
3266 2498 3328 2551 τὸ
3386 2497 3491 2571 πρὸ
3543 2500 3644 2561 τῆς

1992 2585 2209 2646 πόλεως
2241 2583 2551 2662 φιλοτίμως
2600 2588 2668 2640 τὰ
2723 2594 2824 2656 τῆς
2886 2587 3081 2663 ἑορτῆς
3140 2585 3411 2641 έκτελέσαι
3472 2606 3643 2639 σπου-

1993 2670 2189 2742 δάζωψ
2228 2675 2255 2727 ὁ
2308 2674 2364 2728 δὲ
2425 2672 2681 2750 βασιλεὺς
2739 2676 2828 2729 τὸν
2889 2676 3078 2751 καιρὸν
3131 2676 3206 2737 ὡς
3261 2673 3490 2749 ἕρμαιον
3543 2676 3642 2747 ἀρ-

1992 2764 2185 2830 πάσας,
2224 2761 2316 2817 ’ίνα
2376 2764 2450 2836 μὴ
2496 2760 2726 2834 θόρυϐος
2775 2765 2864 2819 καὶ
2913 2766 3157 2840 τάραχος
3216 2766 3438 2840 γένηται
3499 2766 3647 2817 ὑπει-

1994 2848 2242 2924 δόμενος,
2300 2858 2485 2930 στῖφος
2544 2855 2931 2927 στρατιωτικὸν
3010 2853 3335 2914 ἀποστείλας
3406 2853 3643 2928 (Βαράγ-

1990 2963 2120 3016 γους
2150 2945 2227 3015 (3)
2257 2941 2517 3012 αύτοὺςὴ
2572 2946 2730 3013 κοινή
2794 2944 3049 3016 ὀνομάζει
3111 2941 3414 3015 διάλεκτος)
3472 2943 3640 3013 ἀνάρ-

1990 3051 2191 3084 παστον
2243 3030 2301 3085 ἐκ
2337 3036 2434 3085 τοῦ
2494 3027 2685 3107 θρόνου
2749 3032 2957 3105 ἀτίμως
3015 3034 3096 3106 [Ρ.
3146 3033 3274 3105 809]
3335 3031 3634 3105 ἐπαίρουσι,

1991 3120 2081 3174 καὶ
2135 3120 2354 3191 ἡμιόνῳ
2423 3120 2732 3184 καθίσαντες
2809 3118 3147 3190 συνήλαυνον
3226 3118 3357 3195 ἄχρι
3420 3126 3518 3189 τῆς
3589 3120 3641 3173 έν

234 3190 427 3246 lembo
460 3193 805 3264 impositum
858 3200 929 3252 ad
969 3204 1423 3269 Proconnesum,
1460 3212 1521 3260 ut
1564 3209 1877 3277 exsularet,

2000 3190 2335 3284 Βλαχέρναις
2356 3208 2524 3278 ἀκτῆς
2556 3210 2715 3264 αὐτόν
2744 3231 2800 3264 τε
2841 3210 2930 3264 καὶ
2982 3210 3111 3271 τοὺς
3162 3208 3414 3283 ἀνεψιοὺς
3456 3209 3639 3277 αὐτοῦ,

230 3281 671 3349 perducendum
707 3292 932 3343 curant.
964 3290 1088 3359 lpse
1109 3308 1240 3347 cum
1263 3294 1560 3365 aliquibus
1586 3302 1880 3369 metropo-

232 3367 352 3423 litis
384 3368 713 3425 collocutus
760 3380 816 3427 et
848 3376 917 3429 de
967 3377 1094 3449 ipso
1128 3381 1475 3447 abdicando,
1517 3367 1880 3455 spectatissi-

233 3456 346 3510 mis
378 3458 642 3528 ipsorum
677 3462 875 3517 electis
907 3481 1104 3521 eorum
1138 3486 1311 3539 Opera
1344 3476 1565 3527 nuntiat
1605 3481 1667 3528 ut
1697 3476 1882 3529 archi-

232 3544 640 3616 episcopatum
674 3550 948 3621 deponat,
987 3554 1327 3626 priusquam
1378 3560 1569 3630 ipsum
1618 3580 1748 3617 cum
1786 3565 1883 3618 de-

234 3632 441 3687 decore
499 3635 752 3705 amittat,
814 3639 886 3693 iis
944 3658 1070 3712 quas
1132 3650 1336 3701 contra
1392 3648 1588 3718 ipsum
1656 3653 1885 3707 decreta

235 3726 403 3775 erant
432 3724 713 3793 expositis
767 3731 824 3781 et
872 3730 1188 3800 propalatis
1240 3737 1479 3805 synodis
1512 3743 1568 3793 et
1616 3741 1879 3796 concilio.

234 3807 343 3863 Sed
378 3825 512 3865 cum
546 3812 690 3883 ipsis
724 3815 884 3873 visus
913 3825 1070 3874 esset
1113 3824 1402 3891 ejusmodi
1431 3829 1528 3898 qui
1563 3831 1882 3902 expugnari

234 3899 292 3951 et
336 3898 583 3969 deprimi
638 3919 750 3957 non
802 3914 1021 3976 posset,
1066 3919 1352 3980 quantum
1389 3916 1457 3969 ad
1509 3898 1884 3986 ipsuim‘atti-

235 3987 431 4053 nebat,
474 3988 751 4057 deperata
797 3994 906 4049 fuit
952 3997 1237 4068 depositio
1271 4004 1616 4073 sacerdotii;
1668 4007 1738 4060 de
1769 4023 1883 4076 qua

233 4075 585 4145 imperatore
622 4081 861 4137 assidue
914 4086 1222 4155 cogitante,
1274 4089 1499 4147 interea
1529 4092 1707 4148 vitam
1754 4075 1883 4150 cum

234 4430 569 4500 ponendum
614 4442 803 4502 curat,
838 4440 1142 4507 perculsus
1174 4460 1239 4498 eo
1289 4447 1570 4503 miraculo
1602 4452 1754 4520 quod
1791 4468 1883 4505 ac-

1993 3297 2190 3360 έκεῖθεν
2270 3319 2327 3351 τε
2402 3293 2595 3371 λέμϐῳ
2671 3295 3017 3371 ἐμϐληθέντα
3095 3297 3169 3360 εἷς
3239 3300 3644 3373 Προικόννησον

1992 3386 2382 3460 περιορίζουσι.
2447 3385 2992 3462 Κοινολογησάμενος
3053 3385 3111 3441 δέ
3166 3408 3274 3442 τισι
3348 3392 3456 3441 τῶν
3532 3409 3642 3458 μη-

1992 3474 2334 3550 τροπολιτῶν
2364 3476 2453 3529 καὶ
2486 3476 2738 3551 περὶτῆς
2787 3478 2953 3531 αὐτοῦ
3011 3476 3373 3550 καθαιρέσεως
3432 3473 3645 3530 συνδια-

1995 3563 2351 3637 σκεψάμενος,
2397 3564 2525 3627 τοὺς
2579 3564 2950 3641 λογιωτέρους
3010 3567 3190 3620 αὐτῶν
3251 3564 3644 3638 ἐπιλεξάμενος

1994 3650 2163 3722 δηλοῖ
2218 3651 2293 3707 δι’
2323 3653 2498 3708 αὐτῶν
2561 3654 2854 3709 ἀποθέσθαι
2906 3656 3005 3726 τὴν
3052 3654 3487 3731 ἀρχιερωσύνην,
3516 3653 3642 3729 πρὶν

1994 3738 2051 3795 ἂν
2088 3740 2296 3813 ἀτίμως
2346 3741 2513 3812 αὐτὴν
2558 3738 2907 3814 ἀποϐάληται
2967 3742 3173 3816 συνόδῳ
3231 3744 3318 3797 καὶ
3383 3741 3641 3816 συλλόγῳ

1992 3835 2098 3883 τῶν
2186 3832 2302 3884 κατ’
2378 3830 2543 3885 αὐτοῦ
2636 3830 3129 3905 δημοσιευθέντων.
3186 3830 3501 3893 Ἀνάλωτος
3586 3829 3643 3884 δὲ

1992 3918 2207 3980 τούτοις
2269 3919 2455 3994 ὀφθεὶς
2509 3921 2598 3975 καὶ
2677 3922 3065 3991 ἀταπείνωτος,
3126 3922 3191 3974 τά
3240 3942 3303 3993 γε
3360 3920 3442 3975 ἐπ’
3496 3918 3643 3990 αὐτῷ

1993 4008 2303 4081 ἀπέγνωστο
2346 4008 2492 4080 αὐτῷ
2538 4012 2571 4079 ἡ
2623 4000 2949 4085 καθαίρεσις.
2988 4008 3384 4084 Φροντίζοντος
3444 4006 3501 4063 δὲ
3548 4012 3644 4063 τοῦ

1999 4098 2265 4173 βασιλέως
2320 4099 2443 4174 περὶ
2495 4100 2698 4171 ταύτης
2757 4099 3040 4172 διηνεκῶς,
3075 4100 3124 4154 έν
3183 4104 3263 4172 τῷ
3315 4100 3461 4171 μέσῳ
3515 4118 3645 4171 μετ-

1994 4185 2251 4241 αλλάττει
2305 4187 2398 4242 τὸν
2466 4188 2579 4263 βίον
2633 4191 2659 4243 ὁ
2714 4188 3061 4265 πατριάρχης
3120 4188 3426 4262 εἴρηνιγῶς.
3479 4187 3538 4239 Ὠ
3589 4183 3649 4240 δὲ

1999 4273 2252 4350 βασιλεὺς
2313 4277 2568 4349 μετανοίᾳ
2630 4278 2855 4352 βληθεῖς
2909 4278 2971 4332 τὸ
3034 4282 3192 4349 σῶμα
3222 4276 3385 4331 αὐτοῦ
3444 4274 3647 4349 εἰσάγει

1994 4361 2227 4436 ἐντίμως
2283 4365 2372 4419 καὶ
2429 4370 2497 4439 τῇ
2535 4370 2675 4439 μονῇ
2738 4367 2905 4421 αὐτοῦ
2963 4366 3297 4435 ἀποτίθεται,
3357 4363 3650 4438 ἐκπλαγεὶς

1996 4452 2081 4506 ἐπὶ
2112 4459 2192 4526 τῷ
2220 4450 2484 4527 συμϐάντι
2519 4456 2752 4528 θαύματι
2784 4455 2949 4519 αὐτός
2978 4477 3037 4511 τε
3088 4456 3179 4511 καὶ
3224 4457 3277 4510 οἱ
3311 4454 3401 4508 σὺν
3459 4453 3604 4525 αὐτῷ
3633 4472 3646 4485 ·

233 4518 474 4584 ciderat,
509 4539 625 4577 non
678 4525 805 4596 ipse
837 4529 1006 4583 modo
1056 4532 1155 4586 sed
1209 4551 1412 4589 omnes
1444 4538 1537 4607 qui
1592 4555 1724 4593 cum
1760 4543 1882 4610 ipso

2000 4543 2030 4609 ἡ
2085 4518 2187 4616 γὰρ
2242 4518 2365 4617 χεὶρ
2425 4546 2458 4613 ἡ
2520 4518 2664 4615 δεξιιὰ
2716 4549 2812 4598 τοῦ
2871 4547 3215 4620 πατριάρχου
3287 4518 3651 4618 σταυροειδίῦς

234 4614 420 4663 erant.
454 4610 598 4666 Nam
635 4614 839 4671 dextra
868 4618 1214 4687 patriarchae
1266 4641 1476 4679 manus
1509 4626 1563 4681 in
1598 4628 1785 4682 crucis
1820 4629 1887 4682 ﬁ-

2000 4634 2437 4704 σχηματισθεῖσα
2491 4635 2591 4708 (4),
2650 4634 2689 4707 ᾗ
2743 4632 2865 4696 ἔθος
2954 4632 3195 4711 εὐλογεῖν
3284 4632 3647 4709 έπιφωνοῦντι

1552 4725 1796 4781 JACOBI
1838 4728 2061 4785 GOARI
2101 4731 2329 4787 NOTAE.

426 4797 699 4883 Abundat
744 4800 1021 4874 loquendi
1069 4806 1405 4883 Graecorum
1457 4828 1601 4867 usus
1654 4831 1884 4883 prover-

236 4862 372 4953 13ll$§
423 4884 571 4953 quos
622 4862 838 4942 μύθους⁸
876 4880 1101 4933 vocant.
1156 4882 1216 4934 In
1250 4862 1405 4935 hoc—
1430 4862 1887 4953 particulamng

239 4936 897 5025 depraveitam'lcenseo,
949 4964 1120 5025 cum,_
1159 4954 1392 5008 nonnisi
1430 4936 1552 5025 ‘qui
1605 4973 1701 5010 ore
1751 4964 1889 5012 sunt

234 5004 431 5091 blaeso,
461 5011 663 5091 raéya’)
696 5004 1121 5091 etiam'rustic'i
1170 5004 1550 5091 pronuntignt
1583 5028 1884 5085 integerri-

234 5093 348 5166 me.
390 5080 689 5166 Particulae
716 5086 806 5140 ’ίνα
838 5090 920 5143 vel
955 5088 1017 5141 νά
1049 5080 1426 5166 quandoque,
1461 5080 1669 5163 uthic,
1704 5100 1884 5153 l'uturi

234 5154 377 5239 nota
403 5158 518 5234 est,
561 5156 813 5239 Verbum
867 5154 1245 5239 xakfo‘perdo,
1295 5154 1601 5239 éorrampo,
1646 5154 1883 5236 dest-mo,

231 5219 441 5302 deﬁcio
470 5219 1206 5302 communiter'signiiicat.

418 5294 697 5384 Βάραγγοι
735 5303 901 5371 quasi
945 5292 1113 5384 ilices
1165 5308 1432 5384 Φράγγοι,
1468 5311 1673 5366 scribit
1721 5312 1885 5367 Gret-

232 5377 399 5454 serus
449 5370 511 5454 in.
565 5370 867 5454 Godinum.
928 5377 998 5429 At
1054 5370 1226 5454 quasi
1284 5370 1503 5437 divinat
1554 5384 1881 5454 Gretserus,

232 5435 334 5525 qu‘i
366 5440 606 5525 Anglos,
650 5444 982 5525 Graecorum
1033 5435 1372 5509 auxiliarios
1416 5460 1473 5510 et
1514 5435 1885 5525 imperatoris

234 5508 600 5590 satellitium
642 5515 728 5590 vel
796 5517 1009 5572 virtute
1063 5508 1437 5590 promeritos'
1466 5525 1553 5581 vel
1601 5508 1883 5582 Ἀξιήίιίοὰ

236 5578 417 5671 Elissa
503 5584 793 5671 legatione
883 5578 1681 5671 αόνοοξιίοεξῦα-ράγγουξί
1713 5578 1883 5669 quasi

237 5648 522 5728 Φράγγους
558 5648 823 5717 wvocatos
888 5666 1105 5718 censet.
1176 5648 1255 5721 Ah
1318 5648 1883 5727 Ebi'éééideﬁtliié

1995 4818 2265 4892 quilibet,
2311 4820 2531 4887 Gallus,
2587 4821 2791 4889 Italus,
2844 4822 3171 4878 Germanus
3219 4819 3431 4875 Graecis
3465 4816 3649 4892 φράγ-

1996 4891 2156 4966 119:1
2189 4908 2293 4966 cur
2350 4893 2651 4966 Bazpa'z-{yoc
2687 4895 2923 4966 Anglus,
2970 4895 3141 4965 quasi
3201 4890 3528 4966 (lapsi-{voci
3567 4890 3647 4943 Ex

1999 4961 2829 5047 hlatthmi_Paris_.Knglorum
2870 4961 3136 5047 historici
3191 4961 3384 5047 Ιοζὶοό
3411 4962 3645 5047 ρόοοοο.

1997 5033 2393 5103 Baranagium,
2429 5036 2529 5103 ait,
2571 5032 2707 5110 sive,
2742 5036 3097 5108 barnagium,
3131 5037 3284 5110 quod
3318 5042 3374 5091 et
3407 5032 3643 5110 barona—

1996 5106 2177 5189 giupz,
2213 5124 2516 5177 procerum
2548 5107 2709 5189 regni
2745 5103 3105 5189 senatusest
3130 5103 3191 5189 et
3235 5103 3643 5189 οεεξίυετχυιεο

1994 5174 2424 5253 υανίίιγηὲηιιιηι,
2452 5196 2483 5232 a
2532 5174 2703 5249 euj'us
2739 5180 3044 5253 nobilitate
3080 5176 3457 5253 stipendiarii
3488 5174 3643 5230 Grae-

1997 5263 2198 5327 C‘Pwm
2233 5251 2425 5321 Angli,
2460 5248 2670 5333 vanam
2718 5250 3027 5339 titulorpm
3050 5248 3644 5339 "libidinemGrfeea:

1998 5317 2604 5401 uinconmorevsectati,
2637 5338 2849 5377 nomen
2877 5324 2993 5401 sibi
3050 5323 3334 5398 βαράγγων
3380 5320 3437 5373 in
3464 5317 3646 5401 paria

1996 5388 2099 5479 (FP.
2129 5392 2911 5479 ‘ﬁ"xeruntﬁtadaptarpn‘t.
2938 5388 3427 5479 Baran'go'srporro
3460 5388 3645 5479 fuisse

1993 5460 2363 5539 A‘nglosnon
2396 5460 2733 5539 dissimulat
2763 5467 3040 5539 Codinus,
3075 5460 3173 5539 qui
3201 5460 3374 5522 etiam
3405 5477 3504 5518 eos
3537 5460 3639 5533 Ἰγ-

1992 5528 2227 5612 γλινιστί
2260 5536 2566 5612 loquentes
2597 5536 2844 5612 inducit.
2879 5528 3109 5612 Vide'pl
3139 5540 3266 5612 723.

2064 5604 2137 5685 (ᾇ)
2171 5604 2584 5663 Conformatur
2611 5604 3286 5685 inprucemﬂpdptiﬁcis
3326 5605 3418 5662 vel
3449 5616 3641 5685 sacer-

1992 5672 2145 5734 dotis
2176 5693 2409 5749 manus,
2440 5694 2576 5736 cum
2605 5677 2793 5752 pelice
2824 5672 3020 5739 medic
3052 5680 3236 5755 digito
3265 5673 3640 5753 superposito
