3972 6146
327 304 450 364 3τ3

1838 308 2233 370 HISTORIA.

3624 313 3743 371 374

324 438 402 505 τῷ
459 433 581 505 λαῷ
640 435 740 502 τὴν
799 434 1020 509 εἰρήνην
1069 438 1164 509 (5),
1228 437 1528 510 μεμένηκεν
1563 433 1846 511 ἄτρεπτος,
1901 439 1976 511 μὴ

2111 455 2300 510 ζυτοω
2337 441 2722 506 conformata,
2755 447 2820 495 ut
2852 457 2978 496 mos
3009 446 3100 497 est
3124 442 3497 497 benedicendi
3527 441 3742 514 populo

321 522 798 578 συναλλοιωθεῖάα
863 528 930 596 τῇ
1003 527 1260 601 νεκρώσει
1333 531 1430 581 τοῦ
1498 529 1772 598 σώματος.
1837 533 1980 599 Προ-

322 613 629 688 χειρίζεται
692 610 749 667 δὲ
807 613 912 667 ἀντ’
972 614 1136 668 αὐτοῦ
1194 615 1540 691 πατριάρχης
1575 623 1979 678 Κωνσταντῖνος

327 699 597 776 πρόεδρος
655 705 746 757 καὶ
805 699 1301 778 πρωτοϐεστιάριος
1335 707 1361 759 ὁ
1420 704 1978 780 Λειχούδης,πρότε-

331 812 427 866 ρον
487 794 674 867 ψήφου
722 788 1004 866 προϐἀσης
1063 794 1144 848 ἐπ’
1175 794 1321 866 αὐτῷ
1351 798 1495 870 παρὰ
1551 800 1658 850 τῶν
1697 816 1978 869 μητροπο-

333 878 508 934 λιτων
557 881 643 934 καὶ
703 885 800 935 τοῦ
850 883 1062 957 κλήρου
1115 883 1205 936 καὶ
1254 888 1350 938 τοῦ
1382 881 1518 937 λαοῦ
1569 886 1788 952 παντὸς,
1844 886 1978 958 ἀνὴρ

346 969 589 1044 μέγιστον
675 967 989 1044 διαλάμψας
1071 978 1188 1034 τοῖς
1279 972 1586 1048 βασιλικοῖς
1666 975 1976 1048 πράγμασιν

335 1057 441 1111 ἀπό
511 1078 565 1112 τε
643 1063 739 1114 τοῦ
817 1061 1160 1134 Μονομάχου
1239 1062 1327 1116 καὶ
1405 1064 1571 1137 μέχρι
1618 1067 1714 1116 τοῦ
1767 1063 1978 1136 καιροῦ,

334 1145 420 1199 καί
495 1146 631 1221 μέγα
705 1145 866 1209 κλέος
907 1149 994 1203 ἰπὶ
1051 1154 1130 1221 τῷ
1189 1157 1452 1222 μεσασμῷ
1505 1160 1605 1220 τῆς
1663 1157 1770 1206 τῶν
1831 1151 1975 1206 ὅλων

332 1231 657 1304 διοικήσεως
715 1237 1141 1311 ἀπενεγκάμενος
1209 1241 1298 1293 καὶ
1357 1247 1456 1309 τῆς
1508 1246 1615 1294 τῶν
1673 1241 1976 1316 Μαγγάνων

325 1325 627 1397 προνοίας,
686 1327 777 1381 καὶ
845 1333 954 1382 τῶν
1032 1326 1418 1402 δικαιωμάτων
1478 1330 1649 1408 φύλαξ
1835 1333 1978 1404 παρά

324 1417 425 1465 τοῦ
471 1413 762 1486 εἰρημένου
816 1415 1083 1490 βασιλέως
1137 1418 1531 1492 καταλειφθείς.
1596 1420 1651 1473 Εἰ
1697 1421 1784 1473 καὶ
1837 1441 1978 1493 προ-

325 1495 574 1571 ϐέϐλητο
628 1508 776 1577 γοῦν,
836 1503 935 1559 οὐκ
991 1503 1404 1580 ἀνενδοιάσιμον
1435 1509 1535 1576 τήν
1567 1507 1978 1584 ἀρχιερωσύνην

325 1589 417 1642 καὶ
477 1592 576 1658 τήν
637 1593 1000 1668 πατριαρχίαν
1072 1593 1329 1666 ἐκέκτητο
1399 1597 1486 1650 καὶ
1563 1597 1974 1673 ἀναμφήριτον,

325 1680 455 1735 ἀλλ’
504 1682 532 1734 ὁ
571 1680 826 1756 βασιλεὺς
855 1685 1153 1760 φροντίζων
1184 1687 1332 1748 ὅπως
1362 1692 1469 1742 τῶν
1500 1687 1762 1741 τοιούτων
1798 1685 1973 1741 δικαι-

2095 529 2441 585 acclamanti
2471 547 2694 601 pacem,
2719 532 2801 585 ita
2822 533 2993 585 ﬁrma
3026 532 3368 601 permansit,
3395 547 3585 602 neque
3605 547 3739 586 cum

2092 626 2322 675 mortuo
2373 637 2612 690 corpore
2662 626 2750 675 est
2800 621 3129 675 immutata.
3186 621 3490 675 Sufticitur
3522 621 3580 675 in
3613 622 3742 691 ejus

2095 708 2284 764 locum
2333 710 2669 778 patriarcha
2719 710 3138 765 Constantinus
3189 710 3480 764 Lichudes
3531 725 3743 780 prmses

2093 805 2150 853 et
2177 800 2677 868 protovesliarius,
2711 801 2810 870 qui
2859 801 3020 870 prius
3071 800 3657 871 metropolitanorum
3689 802 3744 853 et

2091 888 2228 943 cleri
2284 890 2580 959 totiusque
2630 890 2830 960 populi
2881 891 3179 961 suffragiis
3226 890 3486 944 delectus
3531 889 3742 957 fuerat,

2089 978 2178 1030 vir
2209 979 2282 1031 ob
2314 977 2463 1046 regia
2498 985 2673 1048 atque
2695 978 2887 1032 civilia
2917 995 3161 1032 munera
3180 978 3544 1033 clarissimus
3566 963 3598 1031 ὁ
3621 977 3740 1031 Μο-

2093 1067 2376 1121 nomacho
2412 1083 2593 1137 usque
2627 1069 2695 1121 ad
2730 1068 2871 1121 illud
2907 1073 3179 1137 tempus;
3214 1069 3430 1137 quique
3461 1081 3737 1136 magnam

2089 1155 2335 1225 gloriam
2371 1157 2444 1210 ob
2478 1156 2556 1210 rei
2592 1156 2832 1227 publica;
2875 1157 3440 1211 administrationem
3478 1161 3738 1225 reporta-

2090 1251 2248 1298 verat
2305 1246 2453 1302 045
2518 1251 2574 1298 et
2631 1249 3051 1318 Manganorum
3116 1246 3610 1316 procurationem,
3671 1261 3770 1314 ac_

2082 1334 2236 1402 juris
2267 1339 2465 1389 custos
2500 1336 2571 1389 ab
2605 1351 2670 1389 eo
2703 1337 3048 1404 imperatore
3098 1351 3273 1406 quem
3305 1335 3564 1388 diximus
3596 1332 3736 1388 reli-

2089 1427 2220 1477 ctus
2292 1424 2492 1477 fuerat.
2563 1425 2629 1477 Et
2687 1425 2954 1494 quamvis
3011 1425 3274 1478 delectus
3333 1423 3560 1486 luisset,
3620 1438 3733 1476 non

2091 1513 2217 1566 sine
2249 1513 2620 1567 contentione
2671 1513 3238 1584 archiepiscopatum
3271 1517 3328 1566 et
3375 1509 3735 1581 patriarcha-

2088 1607 2234 1666 tum,
2273 1619 2459 1672 neque
2490 1605 2614 1655 sine
2643 1602 3038 1657 controversia
3081 1603 3329 1672 adeptus
3378 1605 3484 1655 est.
3521 1603 3735 1654 Verum

2088 1691 2406 1762 imperator
2454 1692 2693 1745 studens
2742 1691 2881 1745 talia
2929 1692 3040 1746 sibi
3081 1692 3221 1762 jura
3267 1689 3584 1755 vindicare,
3624 1689 3735 1742 hoc

324 1769 564 1840 ωμάτων
623 1770 884 1845 ἐγκρατής
943 1775 1185 1848 γένηται,
1215 1780 1404 1830 τοῦτον
1445 1777 1632 1851 καιρὸν
1669 1773 1972 1845 ἐπιτήδειον

358 1859 372 1876 9
426 1861 451 1876 Λ
489 1858 502 1874 8
806 1856 865 1876 ΩΙ
1441 1867 1449 1876 ι
1633 1867 1643 1876 ι
1702 1867 1711 1876 Ι
1925 1867 1936 1876 ι

2113 1780 2195 1849 psi
2226 1784 2458 1848 tempus
2480 1779 2757 1834 idoneum
2779 1781 3370 1850 ratus,presbyterum
3397 1778 3732 1833 ordinatum

323 1858 539 1928 οἰηθεὶς
570 1903 584 1924 ,
667 1856 1026 1933 πρεσϐύτερον
1103 1867 1554 1940 χειροτονηθέντα
1627 1867 1824 1940 ἀπέσχε
1878 1867 1978 1932 τὴν

333 1945 530 2016 ἐντελῆ
579 1950 764 2022 χρίσιν
817 1957 916 2020 τῆς
966 1953 1399 2028 ἀρχιερωσύνης.
1462 1955 1622 2029 ἄχρις
1684 1952 1765 2018 ἂν,
1825 1955 1977 2030 φησὶ,

333 2037 400 2092 τὰ
461 2037 1000 2114 ὁποτονθορυζόμενα
1049 2044 1185 2096 κατὰ
1237 2047 1332 2096 σοῦ
1381 2045 1631 2116 σκοπηθῇ
1685 2041 1979 2104 συνοδικῶς

334 2145 393 2179 τε
441 2126 528 2179 καὶ
580 2133 896 2190 κανονικῶς.
948 2131 1008 2186 Ὁ
1058 2127 1115 2184 δὲ
1168 2138 1571 2194 Κωνσταντῖνος
1607 2134 1682 2204 μὴ
1718 2133 1980 2208 ἀγνοήσας

334 2211 406 2268 δι’
466 2215 524 2268 ὅν
583 2219 750 2270 ταῦτα
805 2217 1006 2292 τρόπον
1053 2221 1328 2292 τυρεύεται
1383 2227 1497 2276 κατ’
1554 2221 1736 2289 αὐτοῦ,
1795 2222 1854 2275 τὸ
1884 2223 1982 2288 τῆς

333 2303 607 2378 αἰσχύνης
665 2302 930 2374 ἀδόκητον
1002 2307 1384 2382 λογισάμενος,
1433 2313 1606 2388 φέρων
1665 2311 1730 2365 τὰ
1790 2310 1984 2379 ζητού-

339 2413 479 2464 μενα
530 2398 608 2464 τῷ
658 2394 871 2469 βασιλεῖ
920 2395 1224 2454 ἐπιδίδωσι.
1274 2401 1371 2453 Καὶ
1431 2398 1614 2454 ἔκτοτε
1652 2398 1984 2459 ἀδιστάκτως

334 2482 428 2534 καὶ
472 2479 605 2556 δίχα
659 2483 804 2545 τινὸς
862 2487 1181 2559 προφάσεως
1220 2488 1392 2542 πάντα
1451 2488 1688 2544 τελεῖται
1726 2487 1807 2542 ἐπ’
1841 2487 1987 2559 αὐτῷ

338 2571 446 2624 ὅσα
501 2569 620 2632 ἔθος
677 2571 858 2626 τελεῖν.
901 2572 988 2627 ἐπὶ
1045 2581 1161 2637 τοῖς
1220 2578 1750 2651 χειροτονουμένοις.
1799 2578 1990 2650 Γέγονε

340 2657 401 2712 δὲ
465 2657 849 2734 δωρηματικὸς
903 2661 992 2716 καί
1039 2666 1426 2737 προνοητικὸς,
1489 2667 1551 2720 οὐ
1609 2671 1713 2720 τῶν
1747 2673 1845 2734 τῆς
1877 2666 1992 2719 Ἑκ-

339 2748 574 2818 κλησίας
626 2749 814 2822 μόνον,
848 2750 992 2807 ἀλλά
1041 2754 1127 2807 καὶ
1157 2755 1365 2808 πάντων
1418 2754 1629 2825 ἁπλῶς,
1659 2756 1731 2816 ὡς
1788 2752 1993 2827 μηδένα

347 2835 750 2914 ὑπολειφθῆναι
782 2847 883 2909 τῆς
913 2840 1077 2895 αὐτοῦ
1107 2844 1368 2916 προνοίας
1399 2843 1696 2918 ἀμέτοχον,
1763 2844 1853 2897 τὸν
1915 2845 1989 2916 μὴ

341 2933 445 2993 τῆς
473 2925 638 2981 αὐτοῦ
670 2927 857 3002 χειρὸς
890 2928 1289 2989 ἀπολαύσαντα.

417 3017 540 3071 Τῶν
596 3017 891 3092 Οὐγγάρων
921 3019 1018 3087 τὴν
1078 3021 1214 3094 πρὸς
1259 3022 1561 3094 Ῥωμαίους
1611 3022 1832 3096 εἶρηνην
1885 3019 1997 3076 διαε-

348 3101 628 3159 λυσάντων
664 3107 747 3178 [Ρ.
781 3109 910 3178 810]
958 3107 1048 3162 καὶ
1093 3114 1202 3163 τῶν
1253 3112 1592 3179 Πατζινάκων
1662 3109 1719 3165 δὲ
1778 3110 1995 3186 ἐξερπυ-

346 3194 554 3247 σάντων
578 3197 685 3248 τῶν
733 3193 958 3272 φωλεῶν
1013 3197 1091 3258 οἷς
1134 3193 1492 3272 ἐνεκρύόησαν
1542 3199 1631 3254 καὶ
1680 3201 1777 3268 τήν
1825 3221 1993 3274 παρα-

347 3281 606 3354 κειμένην
667 3285 852 3359 χώραν
908 3285 1188 3357 σινόντων,
1229 3288 1295 3340 τὰ
1343 3289 1478 3362 πρὸς
1509 3289 1606 3356 τήν
1655 3288 1996 3361 ἐκστρατείαν

349 3371 643 3444 ἐξαρτύσας
716 3373 743 3427 ὁ
805 3374 1058 3448 βασιλεὺς
1104 3373 1262 3445 ἔξεισι
1309 3376 1663 3451 πασίρρωμος
1714 3377 1788 3438 ε”ς
1837 3377 1995 3451 Τριά-

348 3459 535 3529 διτζαν
573 3508 584 3518 .
659 3460 866 3516 Ἐκεῖσὲ
920 3485 976 3518 τε
1029 3459 1280 3538 πρέσϐεις
1337 3467 1472 3540 πρὸς
1527 3471 1634 3519 τῶν
1702 3467 1999 3540 Ούγγάρων

350 3547 687 3623 δεξάμενος,
753 3552 850 3620 τήν
930 3559 1042 3625 μετ’
1115 3551 1288 3608 αὐτῶν
1348 3553 1570 3628 εἰρήνην
1625 3555 1872 3630 κυρώσας
1922 3555 1997 3616 ὡς

349 3636 505 3707 ἐνῆν,
539 3636 625 3691 ἒπί
674 3637 798 3702 τοὺς
856 3639 1218 3708 Πατζινάκους
1279 3639 1580 3714 ἐξώρμησε.
1643 3644 1995 3716 Διῃρημὲνων

351 3723 411 3780 δὲ
469 3726 646 3781 αὐτῶν
704 3728 839 3782 κατᾶ
896 3729 1079 3802 γενεὰς
1137 3731 1224 3783 καὶ
1283 3731 1530 3807 φατρίας,
1565 3732 1614 3783 ol.
1668 3732 1761 3804 μὲν
1811 3729 1995 3785 λοιποὶ

348 3814 622 3890 ἡγεμόνες
673 3821 751 3887 τῷ
814 3815 1029 3892 βασιλεῖ
1063 3817 1444 3882 ὁποκλιθέντες
1503 3819 1745 3894 εἰρηνικά
1799 3840 1855 3873 τε
1911 3820 1999 3874 καὶ

349 3902 516 3981 φίλια
571 3903 892 3981 ἐφρόνησαν,
947 3906 1109 3979 μόνος
1142 3905 1199 3961 δὶ
1244 3908 1270 3961 ὁ
1329 3905 1497 3962 Σελτὶ
1523 3914 1683 3983 χεῖρα
1715 3905 1896 3962 δουναι
1923 3911 2002 3979 τῷ

354 3993 580 4067 βασιλεῖ
637 3993 733 4048 οὐκ
784 3992 1040 4065 ἠθέλησε,
1094 4001 1212 4057 τοῖς
1267 3994 1412 4050 ἕλεσι
1465 4002 1561 4052 τοῦ
1617 3999 1856 4072 Ἴστρου,
1919 4000 2002 4058 οἷς

351 4082 633 4160 συνέφυγε,
702 4084 788 4138 καὶ
850 4085 918 4159 τῇ
970 4085 1140 4140 ἐκεῖσε
1188 4087 1530 4160 ἀποκρήμνῳ
1571 4090 1739 4164 πέτρᾳ
1794 4087 2000 4162 ἐπερεί-

351 4171 588 4245 δόμενος
624 4194 636 4206 °
703 4174 783 4238 οἷς
830 4174 917 4229 καὶ
971 4175 1244 4251 θαρρήσας
1303 4176 1379 4240 είς
1433 4178 1494 4231 τὸ
1552 4176 1740 4232 πεδίου
1791 4177 2002 4249 ἐξῆλθε,

351 4264 614 4339 συρῥάξαι
669 4270 746 4337 τῷ
799 4264 1012 4340 βασιλεῖ
1055 4266 1537 4341 προθυμούμενος.
1597 4267 1711 4325 Οὐκ
1769 4268 1844 4330 εἷς
1900 4289 2000 4341 μα-

349 4355 487 4430 κρὰν
549 4352 606 4408 δὲ
655 4356 753 4422 τῆς
813 4354 1012 4417 οἰκείας
1073 4356 1326 4418 ἀπονοίας
1375 4356 1666 4429 ἐκομίσατο
1695 4359 1760 4410 τὰ
1791 4357 2004 4431 ἐπίχει-

353 4462 440 4517 ρα·
507 4443 768 4519 βραχείας
827 4446 929 4518 γάρ
993 4443 1212 4520 μερίδος
1269 4450 1373 4500 τῶν
1437 4444 1735 4520 βασιλικῶν
1794 4446 2003 4500 ἀντιτα-

2088 1869 2271 1921 vetuit
2320 1885 2389 1923 ne
2437 1868 2980 1939 archiepiscopatus
3029 1869 3365 1924 unctionem
3417 1867 3732 1937 perfectam

2090 1958 2398 2026 acciperet,
2434 1959 2649 2028 quoad,
2684 1957 2895 2030 inquit,
2929 1976 2991 2012 ea
3023 1975 3150 2028 quae
3193 1962 3396 2012 contra
3421 1962 3476 2011 te
3498 1957 3729 2026 jactan-

2091 2049 2187 2099 tur
2221 2064 2322 2117 per
2351 2049 2637 2118 synodum
2659 2049 2937 2102 canonice
2959 2048 3386 2102 examinentur.
3411 2043 3739 2102 Constanti-

2095 2153 2205 2188 nus
2237 2142 2434 2189 autem
2471 2154 2581 2190 non
2631 2137 2904 2206 ignorans
2953 2137 3072 2191 haec
3103 2137 3396 2208 quomodo
3446 2140 3647 2190 contra
3678 2149 3740 2188 se

2096 2225 2548 2290 in-iuii'ereutur,
2605 2226 2966 2296 in0pinatum
3017 2226 3270 2280 dedecus
3319 2240 3518 2279 secum
3569 2239 3742 2293 repu-

2098 2320 2250 2379 tans,
2287 2330 2414 2383 quae
2443 2316 2858 2383 quaerebantur
2904 2314 3149 2368 tradidit
3181 2313 3538 2384 imperatori.
3573 2315 3649 2365 Ex
3679 2325 3744 2364 eo

2101 2407 2356 2472 tempore
2387 2403 2514 2455 sine
2544 2403 2939 2457 controversia
2972 2408 3028 2456 et
3057 2402 3184 2456 sine
3213 2401 3588 2456 excusatione
3618 2415 3747 2454 om-

2102 2491 2197 2545 nia
2228 2491 2298 2544 ab
2335 2492 2460 2560 ipso
2512 2491 2984 2562 perﬁciebantur,
3024 2506 3388 2562 qua-cunque
3418 2490 3479 2542 in
3511 2488 3748 2542 initian-

2099 2579 2189 2633 dis
2224 2580 2599 2650 pontilicibus
2632 2596 3005 2634 consuevere.
3042 2580 3174 2633 Fuit
3203 2579 3376 2634 etiam
3408 2577 3750 2639 muniﬁcus,

2100 2674 2156 2721 et
2224 2670 2509 2722 rationem
2575 2669 2780 2722 habuit
2841 2686 2952 2722 non
3023 2667 3292 2723 Ecclesiae
3360 2672 3587 2721 tantum
3646 2664 3746 2719 sed

2103 2759 2274 2811 etiam
2327 2759 2591 2812 omnium
2644 2759 2904 2823 omnino,
2955 2759 3035 2812 ita
3076 2762 3140 2811 ut
3187 2775 3336 2812 cura:
3367 2756 3528 2810 illius
3578 2770 3750 2808 nemo

2103 2862 2308 2916 expers
2357 2851 2534 2912 esset,
2598 2847 2696 2917 qui
2744 2847 2872 2914 ejus
2924 2845 3333 2902 liberalitatem
3385 2862 3496 2900 non
3551 2858 3749 2915 perce-

2105 2935 2304 3005 pisset.

2175 3026 2319 3080 Cum
2352 3042 2480 3079 vero
2516 3025 2726 3094 Ungari
2778 3042 2975 3096 pacem
3011 3025 3326 3080 violassent
3373 3040 3511 3094 erga
3543 3023 3750 3078 Roma-

2109 3131 2233 3178 nos,
2270 3120 2326 3166 et
2363 3113 2676 3168 Putzinacze
2705 3131 2733 3168 e
2765 3114 2990 3182 lustris,
3025 3115 3080 3168 in
3117 3115 3333 3185 quibus
3377 3112 3751 3179 delituerant,

2108 3201 2456 3272 erupissent,
2492 3202 2881 3273 laederentque
2933 3203 3240 3256 finitimam
3295 3203 3611 3272 regionem,
3645 3199 3753 3252 im-

2111 3296 2340 3362 perator
2373 3291 2588 3361 paratis
2622 3291 2693 3344 iis
2725 3308 2851 3361 quae
2903 3292 2972 3345 ad
3027 3291 3437 3362 perfectionem
3471 3287 3756 3343 exercitus

2112 3380 2243 3433 usui
2291 3385 2504 3443 essent,
2539 3395 2672 3432 cum
2721 3380 3000 3434 omnibus
3042 3379 3264 3434 viribus
3295 3395 3357 3433 se
3405 3377 3755 3431 Triaditzam

2111 3471 2354 3530 confert,
2390 3469 2582 3538 ibique
2618 3469 2689 3522 ab
2723 3468 2969 3540 Ungaris
3010 3475 3249 3540 accepta
3281 3466 3589 3537 legatione,
3619 3482 3754 3520 cum

2113 3573 2307 3626 pacem
2342 3557 2749 3611 conﬁrmasset
2798 3575 2861 3611 ac
2912 3575 3013 3629 pro
3045 3559 3268 3611 viribus
3321 3556 3656 3619 stabilisset,
3695 3554 3756 3607 in

2111 3645 2446 3699 Putzinacas
2484 3647 2772 3715 profectus
2801 3652 2908 3701 est.
2943 3647 3166 3710 Quibus
3199 3645 3402 3699 divisis
3433 3643 3756 3699 secundum

2111 3740 2311 3804 gentes
2362 3739 2417 3787 et
2468 3735 2678 3799 tribus,
2732 3736 2936 3806 reliqui
2993 3737 3147 3790 646
3195 3736 3372 3789 duces
3423 3730 3757 3803 imperatori

2112 3839 2172 3876 se
2204 3823 2616 3878 submittentcs
2653 3841 2849 3894 pacem
2883 3830 2939 3878 et
2969 3823 3284 3878 amicitiam
3311 3821 3563 3892 amplexi
3587 3827 3752 3874 sunt:

2111 3912 2273 3966 solus
2318 3911 2470 3966 Selte
2520 3930 2757 3966 manum
2814 3915 2950 3968 dare
2997 3913 3336 3984 imperatori
3385 3910 3593 3974 noluit,
3627 3907 3756 3964 lstri

2113 4002 2425 4072 paludibus
2466 4020 2581 4074 quo
2629 4006 2988 4074 confugerat,
3037 4009 3094 4058 et
3141 4007 3433 4075 prterupta
3484 4017 3609 4071 quae
3640 3997 3758 4052 illic

2113 4099 2235 4146 erat
2264 4101 2422 4162 petra
2455 4092 2645 4147 nixus.
2677 4093 2899 4158 Quibus
2931 4093 3103 4147 etiam
3141 4095 3320 4146 fretus
3361 4091 3417 4144 in
3455 4089 3756 4162 planitiem

2113 4181 2323 4252 erupit,
2378 4188 2643 4252 prompto
2693 4182 2888 4236 animo
2937 4182 3178 4253 cupiens
3229 4199 3361 4236 cum
3411 4182 3760 4251 imperatore

2115 4286 2356 4323 manum
2386 4286 2708 4324 conserere.
2745 4272 2855 4324 Sed
2893 4273 3045 4325 brevi
3077 4278 3336 4342 tempore
3368 4287 3486 4324 suaa
3519 4269 3758 4322 demen-

2115 4359 2204 4412 tiae
2238 4359 2474 4428 praemia
2503 4359 2658 4424 tulit,
2692 4361 2983 4430 siquidem
3031 4377 3161 4415 cum
3211 4361 3419 4432 exigua
3448 4359 3758 4428 imperato-

2116 4447 2196 4500 ris
2226 4447 2473 4501 militum
2527 4466 2738 4502 manus
2772 4449 2915 4520 ipsis
2967 4450 3299 4513 restitisset,
3345 4448 3511 4518 fugit,
3545 4451 3602 4500 et
3631 4445 3760 4513 ejus

352 4532 587 4607 χθείσης
622 4531 768 4606 αὐτῷ
816 4533 982 4612 φυγάς
1039 4531 1238 4610 ᾤχετο,
1287 4535 1374 4589 καὶ
1431 4534 1799 4612 κρησφύγετον
1839 4533 1986 4588 αὐτοῐ

2111 4537 2402 4606 refugium
2422 4543 2659 4606 captum
2680 4538 2752 4592 ab
2781 4537 2926 4607 ipsis
2947 4537 3345 4592 fundamentis
3368 4542 3456 4590 est
3474 4535 3755 4588 dirutum.

353 4620 567 4698 ληφθὲν
627 4623 962 4697 κατεριζώθη
1009 4622 1067 4678 ἐκ
1117 4622 1327 4699 βάθρων
1379 4625 1572 4681 αὐτῶν.
1633 4624 1692 4680 Ὁ
1741 4621 1796 4677 δὲ
1848 4624 2001 4698 βασι-

354 4710 484 4772 λεὺς
559 4711 694 4783 μετὰ
761 4711 824 4766 τὸ
899 4716 1087 4766 τοῦτον
1167 4710 1547 4787 τροπώσασθαι
1603 4712 1691 4766 καὶ
1751 4711 2003 4787 ἀφανίσαι

352 4796 529 4872 ἄρδην
610 4799 894 4870 ἀναζεύξας
971 4800 1272 4871 ἐσκήνωσεν
1349 4799 1399 4856 έν
1450 4805 1528 4872 τῷ
1583 4796 1828 4872 Λοϐιτζῷ
1878 4802 1998 4876 περὶ

349 4889 481 4949 τοὺς
561 4889 757 4951 αὐτοὺς
831 4888 1133 4962 πρόποὸας.
1204 4889 1484 4966 Ῥαγδαῖος
1561 4887 1617 4944 δὲ
1674 4885 1882 4965 ὅμϐρὸς
1934 4893 2002 4963 τῇ

350 4972 687 5053 παρεμϐολῇ
791 4977 1232 5056 ἑπικαταῤῥαγεὶς
1331 4980 1419 5035 καὶ
1520 4979 1732 5056 νιφετὸς
1807 4978 2005 5054 ἔξωρος

2108 4630 2430 4695 Imperator
2474 4631 2671 4680 autem
2727 4632 2858 4697 post
2916 4627 3108 4698 ipsum
3161 4625 3527 4698 profligatum
3581 4626 3757 4692 atque

2111 4713 2364 4767 deletum
2401 4715 2666 4770 funditus
2716 4716 2852 4770 inde
2883 4717 3174 4786 profectus
3223 4715 3293 4769 ad
3329 4713 3632 4768 Lobitzum
3665 4713 3757 4764 ta-

2114 4801 2429 4857 bernacula
2478 4805 2694 4874 posuit.
2745 4806 2811 4858 ad
2867 4805 3084 4858 montis
3135 4803 3378 4858 radices.
3430 4799 3758 4854 Vehemens

2113 4898 2305 4946 autem
2345 4893 2529 4946 imber
2559 4894 2612 4946 in
2648 4901 2840 4947 castra
2869 4894 3099 4947 delatus
3129 4899 3185 4946 et
3221 4893 3314 4946 nix
3358 4887 3762 4961 intempestiva

2114 4986 2260 5048 (erat
2291 4981 2442 5036 enim
2479 4983 2838 5052 Septembris
2887 4982 3012 5036 dies
3058 4980 3337 5037 vicesima
3383 4984 3612 5051 quarta,
3645 4994 3763 5049 qua

1674 5115 1921 5171 JACOBI
1960 5115 2181 5170 GOAltl
2222 5117 2448 5171 NOTJE.

349 5230 421 5267 ex
453 5218 709 5284 utroque
759 5229 897 5267 crux
947 5214 1320 5284 componitur
1350 5231 1362 5268 :
1397 5213 1602 5284 reliqui
1641 5229 1808 5282 porro
1840 5213 2007 5282 digiti

352 5292 600 5340 manent
655 5284 900 5356 extensi,
945 5287 1260 5356 cunctique
1317 5285 1492 5340 simul
1551 5301 1756 5339 vocum
1806 5285 2008 5339 harum

355 5357 577 5424 Ἰησοῦς
613 5355 844 5429 Χριστὸς
870 5360 990 5429 νικᾷ
1032 5355 1260 5413 litteras
1291 5356 1697 5429 primordiales
1729 5357 2008 5411 demons-

325 5434 535 5491 'trant,
581 5427 930 5484 auricularis
978 5429 1248 5484 videlicet
1293 5427 1487 5484 rectus
1515 5427 1576 5480 τὸ
1613 5430 1653 5492 l,
1689 5429 1920 5482 medius
1952 5431 2009 5482 et

351 5499 546 5572 pollex
575 5499 632 5572 in
667 5516 901 5572 crucem
936 5500 1047 5572 acti
1076 5499 1138 5552 τὸ
1168 5502 1231 5572 Χ,
1258 5500 1488 5555 medius
1511 5505 1567 5554 et
1598 5499 1771 5572 index
1804 5516 2006 5570 parum

350 5569 644 5700 dissitir-ge
674 5571 746 5628 N.
779 5574 910 5626 Haec
951 5571 1485 5629 Thessalonicensis
1534 5575 1590 5626 et
1621 5569 1903 5640 Malax’us,
1936 5572 2008 5626 de

353 5658 473 5700 auo
504 5660 540 5700 ι
562 5660 581 5699 ι
625 5659 667 5700 ι.

353 5658 473 5714 quo
504 5658 667 5700 alim.

2189 5215 2265 5283 (ὅ)
2301 5215 2438 5268 Pace
2472 5215 2749 5268 nimirum
2798 5231 2831 5267 a
2882 5213 3150 5283 pontifice
3181 5214 3419 5266 vocibus
3450 5211 3542 5266 his
3573 5209 3759 5281 εἰρήνη

2121 5283 2245 5354 ὑμῖν
2275 5287 2504 5340 caelitus
2539 5287 2822 5352 invocata,
2856 5285 3318 5339 benedictionem
3343 5285 3636 5354 poscenti.

2191 5357 2264 5426 (ti)
2299 5357 2479 5410 Roma
2503 5358 2636 5424 jure
2685 5357 2933 5427 cuipiam
2987 5356 3399 5427 obvenientia._
3425 5373 3559 5427 non
3591 5355 3764 5410 modo

2111 5421 2210 5496 jus
2245 5421 2434 5498 ipsum
2470 5421 2526 5481 et
2575 5428 2760 5498 legem
2785 5421 3018 5498 'vocant
3066 5427 3328 5483 moderni
3380 5421 3761 5498 δικαιώματας

2119 5495 2344 5576 ξιολᾴρο
2395 5495 2775 5576 δικαιωμάτων
2823 5496 2994 5576 φύλάξ
3046 5501 3196 5571 apud
3249 5499 3486 5576 eosdem
3526 5495 3629 5576 eet
3661 5496 3762 5568 qui

2119 5569 2288 5625 nobis
2319 5569 2612 5644 regiorum
2632 5569 2857 5642 jurium
2888 5569 3178 5639 defensor,
3211 5570 3309 5641 qui
3331 5577 3389 5626 et
3418 5573 3614 5643 regius
3636 5585 3765 5640 pro-

2119 5647 2374 5700 curator.
