3972 6146
278 320 395 382 επ

1596 327 1930 389 JOANNIS
1974 327 2381 390 SCYLlTZE

3566 327 3682 386 επ

277 455 727 526 protomartyris
766 455 992 512 Thecla
1044 458 1389 514 memoriam
1439 458 1736 515 celebrant
1762 460 1923 515 Chri-

2040 453 2440 532 (Σεπτὲμϐριος
2495 456 2597 532 γὰρ
2655 457 2721 525 ἦν
2780 456 2991 529 ἡμέραν
3050 452 3196 529 ἄγων
3255 452 3353 521 κδ’,
3386 455 3505 518 καθ’
3530 454 3596 524 ἦν
3646 457 3680 525 ἡ

278 542 479 613 stiani)
510 543 762 599 multum
797 545 1131 602 detrimenti
1163 552 1221 603 et
1250 548 1602 605 calamitatis
1636 549 1925 605 militibus

280 630 497 686 attulit.
531 633 677 688 Nam
730 636 924 691 omnis
972 636 1087 691 fere
1135 639 1453 708 equitatus,
1488 644 1542 694 et
1591 655 1790 694 eorum
1827 640 1924 709 qui

280 719 525 775 aderant
556 721 818 791 plurimi.
847 724 1058 796 frigore
1089 730 1145 780 et
1176 726 1533 788 imbre.cum
1568 729 1707 783 nudi
1732 733 1928 783 essent

280 813 339 862 et
366 808 663 880 imparati,
714 813 1082 885 interierunt,
1110 832 1175 869 ac
1224 822 1431 887 praeter
1476 834 1709 873 omnem
1762 835 1925 889 spem

280 898 350 951 ad
386 896 603 954 victum
656 903 989 957 necessaria
1036 905 1397 972 defecerunt,
1432 905 1648 961 relictis
1694 912 1924 961 tantum

282 1001 406 1055 qua
438 986 753 1044 ﬂuminum
781 992 1002 1061 impetu
1036 995 1446 1063 superfuerant
1476 1001 1532 1049 et
1562 996 1757 1051 imbri.
1783 996 1927 1051 Cum

283 1079 480 1130 autem
514 1077 890 1134 mediocriter
920 1082 1117 1152 pluvia
1146 1083 1469 1139 remisisset
1502 1086 1781 1156 nivesque
1803 1103 1927 1140 ces-

282 1169 536 1232 sassent,
556 1165 855 1237 ingressus
874 1169 1210 1241 imperator,
1234 1177 1291 1227 et
1314 1172 1580 1244 plurimis
1605 1174 1661 1227 in
1687 1174 1929 1229 ﬂumine

284 1252 541 1322 amissis,
573 1257 683 1310 sub
717 1258 987 1314 umbram
1020 1261 1326 1331 cujusdam
1360 1263 1585 1318 arboris
1615 1280 1748 1317 cum
1786 1281 1927 1335 pau-

284 1340 371 1396 cis
393 1343 749 1413 quibusdam
774 1347 1132 1417 primoribus
1155 1367 1217 1405 se
1239 1351 1490 1421 recepit;
1514 1369 1580 1406 ac
1604 1351 1778 1423 paulo
1800 1356 1932 1423 post

282 1430 437 1486 edito
464 1449 498 1486 a
527 1450 744 1504 quercu
777 1453 922 1491 sono
955 1455 1162 1509 parum
1189 1439 1559 1511 progreditur
1589 1441 1927 1511 imperator,

282 1518 401 1575 fere
432 1526 719 1592 quantum
746 1526 970 1580 arboris
1002 1527 1190 1598 ipsius
1221 1528 1523 1599 longitudo
1547 1530 1928 1600 contingeret,

285 1624 417 1679 quae
474 1611 757 1668 radicitus
806 1614 1006 1670 evulsa
1062 1618 1273 1688 supina
1320 1617 1378 1672 in
1430 1623 1643 1673 terram
1694 1619 1927 1674 decidit.

287 1706 599 1764 Obmutuit
622 1710 959 1783 imperator,
980 1715 1126 1770 641
1151 1716 1531 1771 considerans
1563 1716 1756 1788 qualis
1782 1733 1931 1771 mor-

2033 551 2132 612 τῆς
2191 548 2349 621 ἁγίας
2406 546 2878 623 πρωτομάρτυρος
2954 544 3159 607 Θὲκλας
3228 544 3388 619 ἐορτὴ
3446 542 3682 599 τελεῖται

2036 638 2398 711 Χριπιανοῖς)
2432 634 2650 703 πολλῆς
2682 635 2970 696 κακώσεως
2998 633 3087 686 καὶ
3122 631 3305 705 λύμης
3337 630 3601 703 ἐνέπλησε
3623 634 3683 687 τὸ

2036 725 2438 799 στρατιωτικόν⁸
2476 726 2510 795 ἢ
2544 745 2599 778 τε
2622 725 2722 799 γὰρ
2758 722 2931 784 ’ίππος
2990 720 3185 796 σχεδὸν
3219 723 3396 776 ἅπασα
3441 727 3529 777 καὶ
3578 728 3685 777 τῶν

2035 813 2319 889 παρόντων
2352 815 2404 867 οἱ
2434 812 2658 874 πλείους
2684 816 2763 884 τῷ
2793 811 2943 887 κρύει
2974 812 3061 865 καὶ
3094 816 3174 882 τῷ
3223 806 3441 885 ὄμϐρῳ,
3485 810 3684 887 γυμνοὶ

2035 903 2124 957 καὶ
2184 902 2546 977 ἀπαράσκευοι
2602 902 2967 977 τυγχάνοντες
3006 946 3019 971 ,
3077 900 3140 953 τὸ
3194 904 3287 971 ζῇν
3343 899 3681 976 ἀπέρρηξαν.

2038 989 2454 1048 Ἐπιλελοίπασι
2500 989 2556 1045 Si:
2604 991 2749 1066 παρὰ
2776 994 2947 1047 πᾶσαν
2998 990 3099 1057 τήν
3132 986 3330 1044 ἐλπίδα
3359 991 3448 1044 καὶ
3479 990 3545 1043 τὰ
3576 988 3687 1044 ἐπι-

2036 1078 2244 1151 τήδεια,
2296 1080 2579 1153 ποταμίων
2633 1078 2913 1155 ῥευμάτων
2946 1083 3115 1156 φορᾶς
3161 1078 3379 1133 καὶτοῦ
3408 1084 3689 1154 χειμῶνος

2034 1171 2299 1246 γενόμενα
2336 1171 2602 1245 πάρεργον
2632 1215 2643 1225 .
2693 1166 3021 1238 Ἀναστολῆς
3075 1164 3133 1221 δὲ
3186 1166 3406 1240 μετρίας
3457 1169 3685 1242 γενομὲ-

2035 1280 2134 1329 νης
2192 1259 2283 1313 καὶ
2339 1263 2445 1313 τῶν
2487 1262 2715 1335 νιφετῶν
2774 1258 3065 1332 ἀνακωχὴν
3126 1253 3402 1312 λαϐόντων
3452 1257 3594 1330 ἐξῄει
3657 1258 3686 1311 6

2042 1346 2316 1423 βασιλεὺς,
2374 1346 2661 1409 πλείστους
2721 1344 2777 1401 δὲ
2831 1351 2912 1419 τῷ
2956 1351 3188 1420 ποταμῷ
3244 1342 3544 1401 ἀποϐαλὼν
3582 1347 3689 1401 ὑπὸ

2038 1436 2189 1490 σκιὰν
2235 1432 2359 1506 ἔστη
2413 1433 2636 1511 δένδρου
2665 1436 2813 1496 τινὸς
2862 1436 2975 1507 ἅμα
3003 1441 3108 1489 τῶν
3146 1435 3523 1510 ὑπερεχόντων
3556 1434 3687 1491 τισί.

2036 1536 2167 1589 Μετ’
2216 1532 2405 1608 ὀλίγον
2440 1532 2496 1589 δὲ
2524 1537 2675 1609 ἠχῆς
2713 1532 3011 1609 γενομένης
3060 1533 3118 1588 ἐκ
3139 1540 3238 1603 τῆς
3272 1530 3441 1605 δρυὸς
3474 1533 3692 1607 πρόεισι

2042 1625 2233 1699 μικρὸν
2265 1625 2291 1678 6
2329 1622 2606 1699 βασιλεὺς,
2638 1622 2761 1676 ὅσον
2795 1624 2876 1694 μὴ
2908 1627 2986 1694 τῷ
3019 1624 3181 1695 μήκει
3215 1621 3382 1692 αὐτῆς
3411 1621 3695 1695 καταλαμ-

2038 1709 2289 1776 ϐάνεσθαι
2375 1710 2514 1784 ἤπερ
2594 1711 2798 1787 ῥιζόθεν
2887 1713 3283 1765 ἀνασπασθεῖσα
3369 1709 3530 1765 ὑπτία
3615 1715 3689 1784 τῇ

288 1796 364 1851 tis
396 1798 719 1868 periculum
750 1802 841 1856 vix
871 1805 1141 1860 evaserit.
1176 1805 1375 1877 Neque
1408 1806 1515 1861 hoc
1545 1812 1669 1861 erat
1710 1806 1923 1860 bonum

2039 1806 2111 1877 γῇ
2144 1804 2463 1876 προσήρισε.
2514 1802 2706 1875 Γέγονε
2756 1798 2814 1855 δὲ
2870 1800 3040 1861 ἐννεὸς
3092 1801 3119 1854 6
3174 1796 3427 1875 βασιλεὺς
3461 1800 3692 1874 Λογισά-

288 1887 623 1956 augurium,
659 1892 811 1961 quod
845 1892 1153 1963 acciderat,
1177 1895 1277 1949 sed
1312 1895 1542 1950 initium
1577 1894 1931 1950 calamitatis

291 1990 465 2044 quam
500 1994 635 2033 mox
672 1985 829 2035 esset
878 1987 1248 2055 accepturus,
1297 1989 1353 2039 et
1403 2002 1603 2040 eorum
1656 2002 1784 2055 quae
1807 1985 1931 2054 jam

288 2067 687 2123 commisisset
719 2087 1019 2140 poenarum
1053 2072 1294 2128 exactio.
1321 2072 1537 2128 Verum
1572 2091 1674 2145 pro
1706 2091 1771 2129 eo
1794 2091 1933 2128 casu

288 2155 508 2223 gratias
541 2173 721 2228 agens
748 2163 861 2214 Deo
910 2160 1194 2232 templum
1227 2162 1285 2216 in
1337 2162 1551 2233 palatio
1582 2162 1933 2219 Blacberna-

286 2259 416 2298 rum
442 2252 852 2320 protomartyri
870 2249 1093 2305 Thecla:
1111 2250 1445 2306 dedicatum
1472 2251 1933 2322 pulcherrimum

288 2338 637 2404 construxit,
665 2343 723 2393 et
752 2340 1069 2394 exercitum
1122 2342 1445 2411 perducens
1497 2343 1613 2397 cito
1647 2359 1707 2396 se
1739 2344 1809 2397 ad
1845 2361 1933 2398 re-

285 2422 441 2493 giam
494 2425 694 2481 urbem
749 2428 1005 2500 recipere
1058 2431 1387 2497 festinabat,
1441 2431 1702 2501 cogitans
1746 2432 1816 2487 de
1848 2449 1934 2486 re-

284 2510 538 2568 bellione
599 2530 774 2585 quam
835 2517 1137 2573 audiverat
1195 2520 1250 2573 in
1303 2519 1555 2574 Oriente.
1606 2526 1729 2586 Qua
1789 2521 1936 2575 falsa

286 2607 604 2671 comperta,
640 2621 769 2660 sese
792 2608 1201 2662 venationibus
1224 2608 1514 2663 oblectare
1536 2610 1707 2680 coepit
1729 2614 1784 2663 et
1805 2609 1936 2664 aliis

286 2704 417 2758 quae
447 2692 627 2746 animi
661 2694 958 2750 relaxandi
983 2699 1173 2767 gratia
1194 2697 1361 2764 ﬁunt,
1398 2714 1498 2768 per
1517 2697 1753 2763 fretum,
1778 2699 1931 2769 quod

287 2781 377 2832 est
431 2784 566 2835 ante
632 2783 849 2853 regiam
911 2785 1112 2839 urbem
1179 2787 1523 2841 ascendens.
1597 2786 1745 2841 Hora
1802 2804 1933 2842 vero

288 2868 519 2935 prandii
551 2870 769 2927 fulmen
806 2872 864 2926 in
897 2890 963 2928 ea
1003 2873 1128 2928 loca
1159 2875 1376 2945 quibus
1417 2874 1689 2947 Neapolis
1721 2893 1933 2931 nomen

287 2968 378 3018 est
406 2964 616 3034 irruit;
650 2974 707 3023 et
739 2986 950 3040 porcus
992 2971 1186 3026 nescio
1233 2973 1386 3027 unde
1439 2990 1747 3043 apparens,
1785 2974 1839 3027 in
1873 2990 1934 3029 se

290 3056 620 3122 provocavit
677 3057 1109 3129 imperatorem,
1173 3078 1347 3131 quem
1409 3078 1592 3131 usque
1640 3064 1709 3117 ad
1775 3080 1934 3117 mare

284 3149 629 3213 persecutus
694 3146 1016 3218 imperator
1096 3151 1334 3221 expulit.
1414 3150 1519 3206 Ubi
1576 3168 1707 3207 vero
1777 3168 1932 3207 mare

281 3232 523 3289 subiens
583 3252 795 3306 porcus
854 3238 1007 3293 haud
1060 3240 1311 3308 amplius
1360 3241 1653 3312 apparuit,
1701 3241 1926 3312 fulgore

280 3321 535 3391 quodam
568 3323 755 3379 instar
803 3326 1051 3399 fulguris
1102 3329 1445 3399 perstrictus
1491 3329 1813 3401 imperator
1855 3332 1924 3384 de

280 3425 429 3481 equo
451 3412 713 3481 dejectus
740 3420 849 3481 est,
866 3423 921 3470 et
944 3416 1107 3470 humi
1130 3435 1402 3487 spumam
1427 3435 1493 3472 ex
1515 3435 1612 3473 ore
1634 3419 1813 3473 edens
1836 3420 1927 3473 de-

278 3498 639 3557 volvebatur.
674 3508 739 3557 In
774 3521 1015 3572 parvum
1050 3513 1245 3561 autem
1282 3506 1577 3578 navigium
1612 3508 1926 3578 impositus

282 3588 353 3642 ad
388 3589 606 3659 regiam
631 3591 907 3647 defertur.
934 3596 1229 3650 Attonitus
1263 3602 1454 3650 tamen
1478 3602 1535 3650 et
1566 3596 1637 3650 ob
1662 3597 1923 3651 afﬂatum

282 3692 345 3730 se
374 3676 567 3742 ipsum
602 3680 845 3736 minime
879 3684 1160 3752 sentiens,
1198 3685 1518 3754 morbaque
1549 3685 1673 3739 dies
1704 3684 1928 3757 aliquot

280 3765 555 3824 detentus
586 3776 830 3826 mortem
859 3775 1252 3843 exspectabat,
1274 3780 1331 3828 et
1360 3774 1575 3829 idcirco
1599 3776 1669 3829 ad
1697 3775 1928 3845 placan-

281 3855 420 3911 dum
458 3858 568 3914 sibi
602 3864 781 3915 Deum
816 3863 1219 3932 paenitentiam
1253 3862 1634 3934 amplectitur,
1660 3865 1924 3936 etimpe-

280 3948 556 4003 ratoriam
592 3954 961 4020 potestatem,
996 3968 1174 4023 quam
1204 3952 1313 4007 sibi
1345 3952 1561 4023 injuria
1582 3954 1922 4021 vindicaret,

274 4040 467 4098 libens
496 4046 757 4117 deponit,
788 4047 899 4103 hoc
928 4054 1081 4103 certe
1112 4055 1264 4104 recte
1289 4050 1527 4121 faciens,
1559 4058 1616 4106 et
1643 4053 1923 4106 monasti-

276 4146 355 4185 cae
405 4149 467 4187 se
516 4134 643 4189 vitte
692 4136 941 4203 dedicat,
992 4138 1242 4209 priorem
1304 4140 1519 4193 fastum
1570 4156 1635 4194 ac
1682 4140 1923 4196 delicias

272 4221 605 4278 voluntario
623 4230 961 4297 contemptu
974 4232 1031 4281 et
1049 4226 1315 4282 molestia
1337 4230 1651 4299 corrigens.
1679 4230 1748 4283 Et
1767 4231 1922 4300 quod

276 4311 429 4365 648
462 4312 649 4383 magis
685 4315 940 4369 ostendit
986 4315 1154 4370 illum
1204 4334 1334 4371 vere
1363 4322 1597 4387 totoque
1627 4334 1694 4371 ex
1724 4319 1921 4374 animo

272 4400 620 4468 paenituisse
646 4418 845 4458 eorum
880 4421 1009 4475 quas
1061 4411 1338 4475 patraret,
1375 4407 1787 4476 imperatorem
1823 4407 1919 4461 de-

272 4487 413 4559 legit
444 4506 556 4544 non
587 4490 874 4547 Joannem
907 4494 1017 4547 sibi
1051 4495 1334 4563 sanguine
1363 4497 1770 4563 conjunctum,
1804 4513 1917 4550 non

2049 1911 2205 1963 μενος
2262 1888 2376 1952 ο⁹ίας
2437 1888 2694 1959 τελευτῆς
2741 1886 3020 1944 ἐπωδύνου
3058 1888 3203 1963 παρᾶ
3260 1888 3452 1963 μικρὸν
3500 1894 3692 1963 τυχεῖν

2044 1974 2295 2052 ἔμελλεν.
2355 1982 2455 2036 Ἧν
2503 1976 2559 2033 δὲ
2611 1979 2713 2033 οὐκ
2738 1979 2935 2053 ἀγαθὸς
2966 1978 3161 2039 οἰωνὸς
3191 1978 3254 2031 τὸ
3279 1972 3512 2049 συμϐὰν,
3545 1976 3697 2032 ἀλλὰ

2043 2068 2335 2144 προοίμιον
2385 2076 2485 2137 τῆς
2557 2067 2872 2141 μελλούσης
2920 2066 3076 2121 αὐτὸν
3133 2062 3460 2121 καταλαϐεῖν
3509 2066 3694 2141 τύχης

2043 2158 2132 2211 καὶ
2208 2162 2315 2213 τῶν
2392 2155 2499 2228 ἤδη
2576 2158 2881 2233 γενομένων
2956 2154 3227 2230 εἷ’σπραξις
3282 2155 3369 2210 καὶ
3424 2156 3698 2230 τιμωρία.

2045 2258 2399 2333 Εὐχαριστῶν
2434 2254 2480 2310 δ’
2537 2255 2623 2310 ἐπὶ
2671 2260 2749 2326 τῷ
2804 2249 3173 2327 συμϐεϐηκότι
3230 2258 3308 2325 τῷ
3365 2258 3502 2325 Θεῷ,
3563 2254 3694 2307 ναὸν

2045 2347 2095 2401 ἐν
2155 2351 2233 2418 τῷ
2289 2344 2539 2417 παλατίῳ
2581 2348 2688 2399 τῶν
2742 2342 3064 2419 Βλαχερνῶν
3111 2341 3198 2396 ἐπὶ
3227 2347 3307 2414 τῷ
3338 2342 3563 2414 ὀνόματι
3594 2344 3703 2406 τῆς

2044 2437 2510 2509 πρωτομάρτυρος
2560 2432 2764 2497 Θίκλας
2839 2434 3089 2507 ἀνήγειρε
3156 2430 3471 2487 κάλλιστον.
3549 2432 3701 2506 ΙΙρο-

2045 2521 2282 2594 ϐιϐάζων
2331 2523 2389 2578 δὲ
2416 2525 2505 2578 τὸν
2560 2524 2783 2599 στρατὸν
2814 2522 2977 2596 ἀπῄει
3024 2521 3238 2596 ταχέως
3288 2519 3374 2575 ἐπὶ
3403 2522 3503 2589 τὴν
3540 2520 3699 2595 βασι-

2048 2614 2307 2669 λεύουσαν
2365 2612 2853 2687 λογοποιούμενος,
2910 2610 3236 2665 ἀποστασίαν
3292 2609 3343 2664 ἐν
3400 2613 3468 2674 τῆ
3530 2611 3699 2662 Ἀνα-

2044 2698 2629 2777 τολῇ-ἐνωτιζόμενος.
2678 2697 3014 2758 Καταλαϐὼν
3073 2697 3130 2754 δὲ
3174 2698 3262 2753 καὶ
3317 2700 3490 2753 πάντα
3519 2695 3697 2771 ψευδῆ

2047 2792 2292 2867 εὑρηκὼς
2348 2792 2695 2866 κυνηγεσίοις
2770 2790 2956 2844 ἑαυτὸν
3022 2787 3421 2864 ἐψυχαγώγησε
3477 2786 3565 2841 καὶ
3622 2790 3700 2860 τῇ

2046 2880 2191 2955 ἄλλῃ
2268 2880 2463 2949 ἀνέσει,
2527 2880 2663 2935 κατὰ
2735 2879 2826 2934 τὸν
2905 2881 2972 2952 τῇ
3038 2875 3278 2953 βασιλίδι
3341 2875 3704 2952 προκείμενον

2044 2970 2287 3046 πορθμὸν
2353 2970 2533 3024 ἀνιών.
2600 2972 2690 3042 ,[Ρ.
2756 2968 2883 3042 811]
2958 2968 3086 3037 Περὶ
3160 2963 3217 3021 δὲ
3275 2966 3417 3042 ὥραν
3477 2963 3706 3040 ἀρίστου

2045 3064 2157 3136 φῶς
2233 3053 2652 3134 ἀστραπήϐολον
2729 3062 2850 3119 τοῖς
2916 3056 3106 3117 τόποις
3148 3055 3376 3118 ἐκείνοις
3433 3051 3701 3126 ἐνέσκηψε

2043 3146 2339 3219 (Νεάπολις
2385 3147 2599 3208 τούτοις
2656 3148 2719 3201 τὸ
2773 3147 3103 3221 γνώρισμα),
3169 3144 3366 3220 χοῖρός
3422 3142 3479 3198 τί
3527 3145 3694 3197 ποθεν

1962 3202 2004 3267 C
2044 3202 2337 3316 ἐπιφανεῖς.
2377 3236 2457 3311 ἐφ’
2523 3202 2705 3292 ἑαυτὸν
2759 3202 2852 3290 τιὸν
2890 3202 3152 3309 Ιβασιλέα
3172 3202 3569 3303 ἢέξέκαλέσατο,
3630 3231 3691 3286 δν

2036 3325 2341 3381 ἐπιδιώκων
2394 3328 2422 3381 6
2474 3324 2728 3399 βασιλεὺς
2789 3325 2920 3399 ἄχρι
2978 3323 3067 3377 καὶ
3100 3319 3377 3391 θαλάσσης
3407 3320 3689 3391 ἐξήλασεν.

2032 3429 2119 3486 Ὧς
2178 3422 2234 3479 δὶ
2285 3426 2312 3480 6
2371 3430 2564 3499 χοῖρος
2616 3424 2715 3490 τήν
2764 3423 3034 3486 θάλασσαν
3096 3418 3274 3483 εἰσδὺς
3325 3421 3535 3498 ἀφανὴς
3566 3418 3683 3492 ἐγι-

2034 3535 2174 3583 νετο,
2236 3514 2263 3567 6
2317 3510 2569 3586 βασιλεὺς
2616 3511 2869 3587 ἐξαίφνης
2896 3508 3134 3582 πληγεὶς
3167 3510 3247 3580 ὖῷ
3274 3502 3689 3583 ἀστραπηϐόλῳ

2036 3604 2175 3675 φωτὶ
2240 3606 2338 3656 τοῦ
2400 3600 2575 3655 ’ίππου
2649 3620 2708 3654 τε
2778 3596 3173 3676 ἀπεσφαιρίσθη
3241 3597 3330 3652 καί
3390 3597 3526 3671 πρὸς
3581 3597 3682 3664 τήν

2033 3698 2135 3765 γῆν
2186 3691 2423 3768 ἀφρίζων
2484 3687 2746 3744 ἐκυλίετο.
2805 3688 3041 3759 ’Δκατίῳ
3101 3684 3157 3741 δὲ
3190 3681 3491 3759 ἐμϐληθεὶς
3548 3686 3686 3760 πρὸς

2033 3780 2099 3833 τὰ
2150 3779 2398 3855 βασίλεια
2461 3777 2781 3847 διασώζεται
2848 3774 3336 3852 παρακεκομμένος
3396 3774 3481 3829 καὶ
3561 3776 3684 3829 ἰαυ-

2033 3872 2128 3922 τοῢ
2197 3866 2327 3940 μηδ’
2399 3866 2545 3929 ὅλως
2608 3866 3084 3937 ἐπαισθανόμενος.
3145 3865 3563 3939 Νοσημαχήσας
3624 3860 3681 3917 δὶ

2035 3956 2115 4034 ἐφ’
2177 3958 2385 4031 ἡμέρας
2450 3956 2596 4016 τινας
2644 3956 2735 4009 τὸν
2807 3954 2973 4029 μόρον
3051 3948 3365 4027 ἐκαραδόκει
3434 3952 3523 4006 καὶ
3592 3948 3685 4005 διὰ

2030 4048 2191 4099 τοῦτο
2241 4046 2375 4121 πρὸς
2427 4042 2701 4116 ἐξιλέωσιν
2750 4047 2848 4097 τοῦ
2889 4042 3033 4106 θείου
3091 4040 3381 4110 ἀσπάζεται
3432 4040 3530 4107 τήν
3597 4060 3688 4112 με·

2029 4134 2269 4201 τάνοιαν,
2336 4134 2424 4188 καὶ
2483 4134 2581 4201 τὴν
2647 4131 2939 4206 βασιλικὴν
3006 4130 3268 4202 ἐξουσίαν,
3327 4130 3396 4197 ἧς
3440 4128 3682 4202 παρανό-

2035 4244 2151 4295 μως
2183 4220 2463 4297 ἐδράξατο,
2498 4221 2675 4275 ἑκοντὶ
2727 4219 2969 4291 μεθίησι,
3013 4218 3173 4273 τοῦτό
3220 4238 3283 4291 γε
3310 4214 3497 4278 καλῶς
3524 4237 3684 4285 ποιη-

2032 4311 2285 4384 σάμενος,
2356 4312 2442 4365 καὶ
2513 4311 2603 4365 τὸν
2683 4307 2974 4383 μοναδικὸν
3029 4308 3321 4375 ἀσπάζεται
3384 4305 3523 4381 βίον,
3581 4307 3680 4375 τὴν

2030 4402 2155 4477 πρὶν
2234 4401 2475 4471 εὐδοξίαν
2543 4400 2633 4455 καὶ
2680 4400 2893 4477 τρυφὴν
2941 4396 3255 4452 ἀποπτώσει
3313 4396 3534 4451 ἐκουσία
3590 4395 3678 4449 καὶ

2035 4490 2347 4565 μετριότητι
2420 4487 2827 4565 διορθούμενος.
2899 4488 2966 4544 Ὃ
3022 4484 3080 4541 δὲ
3141 4484 3354 4559 μᾶλλον
3412 4482 3674 4539 δείκνυσιν

272 4584 545 4646 nepotem
595 4595 664 4635 ex
711 4597 907 4637 sorore
956 4581 1325 4637 Theodorum
1376 4583 1747 4652 llocejanum,
1802 4601 1913 4638 non

2037 4580 2101 4640 ὡς
2162 4579 2471 4653 εἰλικρινῶς
2544 4578 2633 4632 καὶ
2692 4579 2876 4652 ψυχῆς
2934 4574 2984 4646 ἐξ
3037 4570 3175 4645 ὅλης
3230 4572 3677 4647 μεταμεμέληται

273 4664 404 4719 filias
438 4668 739 4734 maritum,
774 4686 961 4741 neque
1001 4670 1181 4725 alium
1228 4669 1482 4741 aliquem
1532 4672 1641 4725 sibi
1676 4688 1922 4726 consan-

274 4754 560 4825 guinitate
594 4758 946 4829 proximum,
981 4759 1081 4815 sed
1118 4760 1424 4829 praesidem
1450 4759 1919 4831 Constantinum,

273 4853 364 4906 cui
391 4853 512 4922 jam
545 4855 682 4910 inde
731 4874 764 4911 a
811 4856 937 4910 suis
983 4857 1306 4926 majoribus
1357 4863 1546 4912 Ducas
1597 4874 1919 4929 cognomen

271 4946 417 5007 erat,
450 4948 731 5014 tanquam
768 4944 1016 5016 peritum
1052 4950 1109 4999 et
1146 4946 1443 5000 conscium
1478 4950 1533 5000 et
1564 4946 1915 5017 adjutorem,

267 5029 483 5100 quique
536 5034 754 5104 optime
802 5038 1002 5089 nosset
1052 5034 1305 5089 rationes
1355 5035 1625 5105 parandae
1669 5036 1914 5106 cepiosae

264 5119 529 5188 pecunias
581 5122 652 5176 ad
712 5121 941 5193 imperii
1002 5124 1527 5178 conservationem.
1581 5124 1912 5179 Comuenus

262 5211 458 5261 autem
494 5212 850 5266 monasticas
880 5219 1070 5267 vestes
1116 5214 1379 5278 indutus,
1415 5230 1548 5267 cum
1596 5230 1911 5285 parumper

258 5303 651 5368 exspectasset
689 5300 738 5354 si
790 5317 905 5370 qua
953 5304 1176 5356 ratione
1223 5319 1257 5355 a
1306 5302 1503 5355 morbo
1538 5301 1901 5369 liberaretur,

258 5386 357 5442 ubi
394 5387 553 5443 novit
584 5405 645 5443 se
676 5388 992 5444 insanabili
1025 5391 1228 5445 morbo
1261 5395 1520 5461 captum,
1555 5391 1744 5445 adhuc
1774 5391 1901 5462 ipso

255 5481 496 5531 vexatus
539 5477 723 5532 Studii
778 5479 1198 5533 monasterium
1247 5479 1595 5551 ingreditur,
1646 5479 1897 5535 multum

254 5566 579 5622 :Ecaterina
628 5569 887 5639 Augusta
932 5568 1061 5637 ejus
1112 5568 1422 5623 consilium
1476 5568 1809 5639 adjuvante,
1842 5574 1899 5624 et

253 5674 359 5731 pro
401 5661 690 5713 terrarum
738 5653 973 5727 imperii
1024 5655 1364 5724 amissione,
1396 5654 1650 5713 ccelestis
1694 5657 1895 5728 gaudii

2036 4666 2116 4744 ἐφ’
2186 4671 2267 4730 οἷς
2318 4667 2529 4741 ἔπραξε,
2586 4666 2811 4741 βασιλέα
2854 4664 3263 4740 προχειρίζεται
3313 4661 3373 4717 οὐ
3401 4662 3493 4717 τὸν
3523 4660 3679 4735 ὁμαί-

2037 4778 2173 4829 μονα
2238 4757 2401 4811 αὐτοῦ
2460 4756 2745 4824 Ἰωάννην,
2824 4752 2886 4808 οὐ
2958 4753 3051 4807 τὸν
3108 4748 3438 4826 ἀδελφιδοῦν
3490 4749 3679 4804 ἐαυτοό

2032 4843 2310 4919 Θεόδωρον
2382 4845 2474 4899 τὸν
2552 4842 2855 4913 Δοκειανὸν,
2942 4840 3041 4896 οὐκ
3115 4836 3279 4915 ἄνδρα
3354 4838 3681 4913 προσζεύξας

2027 4938 2094 5007 τῇ
2156 4934 2399 5009 θυγατρὶ,
2454 4930 2566 4987 οὔτ’
2609 4929 2781 4986 ἄλλον
2833 4932 2951 4985 τινὰ
2978 4934 3085 4984 τῶν
3133 4929 3252 4992 καθ’
3296 4930 3436 5000 αἷμα
3464 4926 3677 4998 ᾠκειω-

2032 5025 2204 5097 μένων
2264 5023 2431 5094 αὐτῷ,
2483 5019 2630 5075 ἀλλὰ
2682 5021 2771 5075 τὸν
2829 5015 3093 5095 πρόεδρον
3156 5020 3580 5082 Κωνσειταντῖνον1
3630 5014 3675 5086 ᾧ

2026 5118 2228 5174 Δοῦκας
2268 5115 2330 5166 τὸ
2380 5109 2798 5186 πατρωνυμικὸν
2851 5110 3101 5163 ἀνέκαθεν
3134 5107 3225 5175 ἧν,
3284 5106 3357 5166 ὡς
3390 5104 3676 5179 συνίστορα

2021 5204 2109 5256 καὶ
2184 5202 2585 5277 συναγωνιστὴν
2662 5199 2751 5254 καὶ
2832 5203 2938 5253 τῶν
3015 5196 3319 5272 χρημάτων
3405 5194 3673 5266 ποριστὴν

2017 5301 2397 5375 ἀφθονώτατον
2451 5298 2525 5360 εἷς
2588 5298 2686 5367 τήν
2736 5305 2835 5367 τῆς
2884 5293 3167 5373 βασιλείας
3213 5292 3560 5366 κατάσχεσιν.
3612 5292 3673 5347 Ὀ

2016 5387 2074 5443 δέ
2135 5389 2419 5460 Κομνηνὸς
2494 5388 2630 5463 ῥακη
2703 5386 2977 5462 μοναχικὰ
3057 5379 3513 5459 περιϐαλόμενος,
3589 5378 3672 5433 ἐπ’

2013 5476 2202 5552 ἀλίγον
2250 5498 2308 5531 τε
2350 5477 2805 5551 γνωσιμαχήσας,
2856 5473 2909 5529 εἷ’
2951 5478 3068 5536 πῶς
3116 5471 3326 5537 ἀνεθείη
3350 5476 3450 5539 τῆς
3482 5467 3667 5539 νότιόυ⁹

2009 5565 2229 5641 ἐπείπερ
2280 5563 2419 5643 ἔγνω
2465 5566 2583 5621 κατ’
2633 5562 2797 5639 ἄκρας
2847 5563 3015 5638 ταύτῃ
3065 5561 3255 5629 ἁλοὺς,
3301 5558 3379 5614 ἔτι
3408 5561 3477 5632 τῇ
3525 5557 3666 5629 νόσῳ

2005 5654 2347 5733 τρυχόμενος
2388 5657 2488 5725 τήν
2536 5658 2635 5710 τοῦ
2671 5650 2938 5710 Στουδίου
2985 5645 3396 5726 καταλαμϐάνει
3459 5645 3658 5721 μονὴν,
