4084 6140
337 305 458 364 379
1636 302 1964 364 JOANNIS
2012 297 2441 361 SCYLITZE.
3625 305 3737 365 380

340 453 507 493 sacra
536 435 758 508 peregit
787 435 1183 507 imperatoris,
1217 441 1273 490 et
1312 434 1457 507 ipsis
1488 435 1764 490 omnibus
1796 432 1992 503 dupli-

2126 427 2382 490 Ξασιλέως
2413 426 2623 498 ἐτήσια,
2655 425 2825 483 διπλᾶ
2855 426 2911 483 δὲ
2957 429 3174 491 τούτοις
3229 432 3399 485 πάντα
3440 452 3507 485 τα
3552 430 3607 486 ἐκ
3650 435 3738 487 τό·

341 528 427 581 cia
487 544 553 579 ea
612 542 737 595 qua:
797 525 923 579 dari
983 530 1407 579 consueverant
1453 524 1703 595 persolvi
1750 523 1987 593 jussit:

342 616 605 670 antistite
637 621 832 669 autem
882 614 1185 668 dubitante
1230 620 1286 667 et
1317 614 1536 668 sensim
1591 614 1897 666 accedente
1928 627 1992 665 ac

343 704 760 775 duplicationis
798 704 1084 757 rationem
1119 710 1413 773 quaerente
1439 721 1450 757 :
1478 725 1503 751 «
1532 702 1677 768 Quia
1700 719 1810 755 non
1839 700 1990 765 novi,

344 793 555 863 inquit,
589 810 619 847 o
674 792 922 847 maxime
971 793 1317 856 venerande,
1351 810 1422 846 an
1456 791 1790 862 insequenti
1842 805 1995 844 anno

342 882 642 937 vobiscum
671 883 865 935 futura
888 882 1023 946 sim,
1054 881 1168 935 Der)
1197 882 1441 935 fortasse
1463 880 1629 934 aliter
1652 897 1743 934 res
1766 884 1996 933 nostras

346 988 447 1042 pro
473 988 580 1025 sua
605 970 901 1024 voluntate
928 971 1284 1024 moderante.
1316 993 1335 1021 ι
1364 970 1525 1034 Quod
1555 968 1723 1023 etiam
1753 967 1993 1033 accidit}:

345 1059 444 1114 illa
493 1059 647 1114 enim
712 1064 845 1112 ante
897 1058 1039 1111 illud
1102 1064 1335 1129 tempus
1383 1058 1502 1112 vita
1560 1058 1833 1111 defuncta
1885 1062 1995 1124 est,

346 1149 640 1219 voluitque
674 1166 804 1203 cum
852 1149 1131 1202 fratribus
1162 1149 1220 1202 in
1272 1148 1604 1202 cmmeterin
1656 1146 1998 1202 monasterii

348 1238 538 1293 Studii
573 1236 825 1307 sepeliri.
880 1242 1177 1291 Ornarunt
1225 1242 1418 1291 autem
1472 1242 1733 1304 uterque,
1768 1240 1823 1288 et
1872 1235 2001 1306 ipsa

346 1332 401 1381 et
424 1327 760 1398 imperator,
789 1326 1170 1396 augustissim
1183 1344 1213 1380 u
1227 1343 1277 1378 m
1310 1327 1501 1379 Praecu
1514 1325 1690 1379 rsoris
1712 1331 1825 1378 tem
1838 1324 1997 1394 plum

346 1416 418 1469 iis
495 1433 621 1486 quis
692 1431 1116 1469 connumerare
1182 1432 1247 1469 ac
1315 1412 1618 1484 sigillatim
1701 1429 2000 1467 recensere

346 1505 666 1559 Herculeus
699 1503 863 1557 labor
895 1508 1068 1558 esset.

422 1680 552 1736 Fuit
583 1682 902 1752 imperator
933 1682 1193 1736 moribus
1217 1686 1520 1745 constans,
1545 1697 1749 1751 aequus
1779 1680 1996 1746 animo,

2084 534 2204 570 που
2264 515 2521 590 διδόμενα
2560 516 2890 590 παραθέσθαι
2948 519 3258 594 προσέταξε.
3300 522 3410 575 Τοῦ
3471 518 3527 575 δὲ
3580 534 3740 592 καθη-

2101 605 2371 679 γουμένου
2406 612 2479 675 (8)
2511 605 2964 680 διαπορήσαντος,
2995 610 3081 661 καὶ
3114 608 3205 662 τὸν
3238 608 3404 683 λόγον
3431 614 3527 663 τοῦ
3558 608 3745 665 διπλα-

2105 701 2341 767 σιασμοῦ
2418 698 2603 770 ἡσυχῇ
2681 694 3080 771 προσελθόντος
3162 701 3249 751 καὶ
3334 698 3745 772 ἀπαιτήσαντος,

2112 805 2134 833 ι
2166 788 2282 839 Ὅτι
2313 784 2395 851 τὸ,
2440 780 2563 861 ἔφη,
2599 784 2642 839 ὦ
2686 787 3007 858 τιμιώτατε,
3056 785 3153 840 οὐκ
3203 784 3339 855 οἶδα,
3377 787 3426 842 εἴ
3481 788 3568 842 καὶ
3620 790 3750 843 κατὰ

2103 873 2165 927 τὸ
2224 874 2373 927 ἐπιὸν
2429 872 2547 934 ἔτος
2600 874 2728 947 ὑμῖν
2792 877 3103 949 συνέσομαι,
3156 880 3253 930 τοῦ
3327 881 3461 933 Θεοῦ
3518 878 3584 932 τὰ
3636 862 3746 942 ιιιαθΙ

2106 965 2254 1035 ἡμᾶς
2311 962 2443 1025 ἴσως
2502 960 2689 1024 ἄλλως
2736 965 2825 1019 καὶ
2858 966 2935 1027 ὡς
2993 966 3143 1037 αὐτῷ
3205 966 3503 1041 βουλητὸν,
3539 966 3748 1021 οἰκονο-

2111 1055 2418 1125 μήσαντος.
2483 1077 2509 1103 ››
2567 1054 2635 1109 ’⁸0
2715 1050 2781 1121 δὴ
2863 1054 2952 1108 καὶ
3037 1056 3291 1129 γεγονεν-
3352 1042 3746 1124 ἐτετελευτῆκει

2108 1143 2212 1216 γὰρ
2283 1142 2331 1195 ἐν
2404 1146 2485 1213 τῷ
2570 1141 2738 1215 μέσῳ,
2826 1144 3096 1213 ἀξιώσασα
3150 1151 3377 1220 ταφῆναι
3464 1145 3557 1198 σὺν
3630 1151 3738 1206 τοῖς

2108 1228 2364 1304 ἀδελφοῖς
2418 1230 2470 1284 ἐν
2529 1235 2605 1301 τῷ
2656 1232 3011 1307 κοιμητηρίῳ
3067 1239 3166 1301 τῆς
3222 1231 3487 1287 Στουδίου
3561 1240 3744 1305 μονῆς.

2110 1319 2534 1390 Κατεκόσμησαν
2587 1317 2757 1374 δὲκαὶ
2790 1320 3111 1395 ἀμφότεροι,
3148 1322 3283 1393 αὐτή
3335 1344 3394 1377 τε
3442 1322 3534 1377 καὶ
3584 1324 3610 1376 ὁ
3654 1324 3744 1397 βα-

2110 1407 2315 1478 σιλεὺς,
2346 1409 2440 1461 τὸν
2500 1407 2803 1463 πάνσεπτον
2860 1414 2958 1464 τοῦ
3014 1409 3333 1485 προδρόμου
3392 1412 3543 1480 ναὸν,
3602 1411 3633 1465 ἃ
3687 1409 3746 1481 δὴ

2108 1498 2197 1552 καὶ
2255 1494 2569 1573 καταλέγειν
2629 1498 2719 1552 καὶ
2776 1500 2911 1553 κατὰ
2987 1497 3184 1555 λεπτὸν
3265 1498 3515 1571 διεξιέναι
3594 1500 3747 1561 ἆθλος

2108 1585 2450 1659 Ἡράκλειος.

2181 1677 2277 1730 Ἠν
2327 1673 2383 1729 δὲ
2414 1676 2440 1728 ὁ
2480 1674 2736 1747 βασιλεὺς
2790 1676 2851 1731 τὸ
2908 1679 3043 1744 ἦθος
3100 1679 3385 1750 στάσιμος,
3420 1679 3520 1747 τὴν
3578 1679 3748 1751 ψυχὴν

350 1775 542 1825 mente
575 1775 799 1835 acutus,
828 1787 1005 1823 manu
1029 1776 1329 1837 strenuus,
1356 1769 1741 1840 intelligentia
1767 1785 1995 1837 promp-

2126 1766 2373 1831 ἐπιεικὴς,
2433 1766 2533 1832 τήν
2588 1766 2816 1839 γνώμην
2865 1764 3007 1835 ὀξὺς,
3052 1769 3151 1835 τὴν
3198 1772 3362 1841 χεῖρα
3413 1764 3747 1841 δραστήριος,

349 1863 463 1927 tus,
498 1859 555 1913 in
591 1860 763 1913 rebus
798 1859 1021 1912 bellicis
1070 1859 1488 1929 peritissimus,
1526 1858 1793 1912 hostibus
1825 1856 1997 1911 terri-

351 1947 511 2013 bilis,
570 1947 695 2001 suis
757 1964 817 2001 re
879 1947 1213 2014 benevolus,
1276 1948 1466 2002 verbis
1515 1948 1788 2001 infestus.
1855 1946 1999 2000 Cum

349 2041 546 2091 tamen
582 2054 613 2089 a
645 2038 930 2107 principio
963 2038 1226 2091 moribus
1251 2037 1342 2091 his
1374 2037 1834 2107 haudquaquam
1856 2052 2002 2105 prae-

351 2125 510 2179 ditus
542 2131 715 2191 esset,
752 2126 943 2179 aiebat
994 2132 1258 2196 oportere
1308 2127 1716 2195 imperatorem
1751 2125 2005 2179 externis

353 2230 482 2269 esse
528 2213 870 2283 terribilem,
923 2215 1047 2268 suis
1100 2215 1356 2269 facilem.
1408 2215 1633 2268 Rursus
1686 2214 1877 2267 aiebat
1906 2230 2005 2267 eos

354 2304 454 2373 qui
490 2304 854 2374 tyrannidem
909 2303 1266 2367 affectarent,
1302 2303 1541 2357 libertos
1583 2304 2004 2373 imperatorum

355 2390 475 2446 fieri
518 2392 681 2446 velle.
715 2392 978 2462 Cumque
1032 2397 1409 2447 accusaretur
1440 2392 1592 2461 quod
1638 2390 2003 2463 tyrannidem

354 2480 668 2535 invasisset
689 2485 890 2534 contra
916 2481 1255 2535 Michaelem
1284 2499 1294 2535 :
1327 2504 1352 2533 α
1384 2482 1623 2553 Pigebat
1654 2498 1766 2545 me,
1793 2480 2005 2551 inquit,

292 2556 295 2557 ν
356 2571 502 2625 651
544 2586 819 2624 conservo
851 2570 1087 2638 servire,
1124 2586 1311 2640 neque
1335 2572 1502 2639 justa
1548 2570 1845 2639 consequi.
1883 2594 1903 2619 ο
1939 2569 2010 2622 Et

357 2660 564 2713 cavillo
624 2660 799 2713 etiam
855 2676 1088 2713 uxoreo:
1142 2664 1229 2713 est
1289 2665 1653 2729 prosecutus,
1715 2658 2006 2729 siquidem

360 2748 591 2801 dicebat
624 2746 785 2801 illam
822 2748 981 2815 prius
1036 2765 1283 2814 servam,
1318 2765 1474 2801 nunc
1508 2766 1539 2801 a
1569 2765 1629 2802 se
1680 2749 1735 2801 in
1771 2748 2008 2801 liberta-

361 2840 479 2890 tem
531 2836 883 2890 vindicatam
957 2837 1165 2890 Aiebat
1215 2837 1350 2890 item
1400 2841 1678 2906 cognatos
1708 2836 1839 2890 aliis
1884 2853 2011 2891 esse

364 2940 618 2987 crucem,
696 2930 940 2995 tyranno
1019 2924 1350 2979 utilitatem.
1412 2925 1740 2979 [Ecaterina
1815 2930 2009 2980 autem

364 3013 630 3083 Augusta
656 3012 798 3066 nihil
826 3014 953 3067 novi
989 3013 1098 3067 sibi
1122 3014 1403 3068 accidisse
1422 3014 1771 3081 afﬁrmabat,
1797 3016 2011 3085 quippe

366 3118 493 3173 quae
527 3117 768 3171 regnum
804 3119 935 3156 cum
972 3117 1149 3173 regno
1180 3108 1625 3158 commutasset.

433 3191 569 3245 Post
628 3191 988 3246 Comnenum
1067 3196 1261 3245 autem
1342 3190 1762 3246 Constantinus
1820 3191 2009 3245 Ducas

365 3296 580 3352 praeses
645 3280 768 3335 sine
836 3281 1123 3351 sanguine
1190 3286 1246 3334 et
1312 3297 1507 3351 rerum
1576 3280 2020 3351 perturbatione

365 3368 590 3440 potitus
639 3369 907 3440 imperio,
942 3370 1011 3424 ad
1060 3374 1328 3424 senatum
1385 3375 1441 3425 et
1485 3386 1715 3423 omnem
1768 3367 2022 3423 civitatis

365 3458 649 3529 populum
702 3460 1037 3513 concionem
1088 3460 1295 3513 habuit
1346 3459 1639 3530 zequitatis
1675 3458 1932 3530 plenam,
1968 3462 2025 3513 et

364 3547 575 3601 deinde
633 3564 827 3601 rerum
887 3548 1460 3602 administrationem
1531 3564 1852 3619 aggressus
1912 3552 2023 3611 est,

368 3634 530 3689 nulla
570 3636 625 3689 in
680 3652 737 3689 re
768 3653 801 3690 τι
854 3636 1115 3691 molestia
1165 3641 1222 3690 et
1269 3637 1545 3707 aequitate
1590 3638 1911 3703 recedens;
1971 3639 2028 3690 et

369 3723 690 3778 honoribus
739 3729 1040 3780 senatores
1090 3730 1145 3779 et
1199 3725 1456 3795 plebeios
1507 3726 1726 3780 multos
1771 3724 2025 3790 ornavit,

370 3816 544 3883 atque
576 3829 675 3868 eos
707 3815 803 3883 qui
840 3814 1162 3884 imperante
1208 3815 1501 3869 Comneno
1554 3814 1808 3885 propriis
1842 3815 2028 3869 hono-

373 3902 538 3956 ribus
578 3902 914 3957 exciderant
944 3902 1000 3956 in
1056 3903 1368 3973 pristinum
1420 3908 1638 3958 statum
1688 3903 2023 3958 vindicavit-

374 3991 587 4046 Mullos
618 3992 772 4046 enim
817 3991 911 4046 ille
959 4008 1026 4045 ex
1078 3992 1410 4047 illustribus
1463 3992 1764 4059 abscuros,
1802 4008 1868 4047 ex
1902 3991 2029 4063 glo-

374 4080 548 4134 riosis
601 4080 887 4150 ignobiles
948 4081 1098 4135 fecit.
1160 4082 1305 4136 Cum
1364 4081 1520 4136 enim
1581 4082 1770 4136 sancti
1826 4080 2023 4152 magni

372 4167 649 4238 martyris
681 4168 908 4239 Georgii
956 4171 1081 4224 dies
1131 4171 1314 4224 festus
1366 4171 1718 4237 advenisset,
1754 4187 1869 4241 quo
1902 4171 2030 4239 ejus

374 4257 659 4310 memoria
687 4256 920 4323 colitur,
957 4264 1027 4313 de
1059 4276 1217 4313 moro
1259 4277 1319 4314 se
1351 4260 1576 4314 confert
1604 4258 1920 4329 imperator
1949 4260 2021 4313 ad

376 4346 664 4415 Mangana
695 4346 765 4400 ob
798 4347 1022 4401 cultum
1060 4349 1351 4419 martyris.
1390 4348 1629 4403 Peracta
1655 4353 1851 4402 autem
1886 4348 2029 4402 cele-

378 4434 587 4489 britate
621 4435 857 4505 quidam
896 4435 1134 4506 maligni
1185 4440 1241 4491 et
1293 4436 1541 4507 improbi
1578 4436 1797 4489 malum
1833 4438 2029 4491 consi-

2108 1855 2206 1921 τήν
2266 1853 2474 1907 σῦνεσιν
2531 1850 2778 1925 ἕτοιμος,
2841 1855 3347 1929 στρατηγικώτατος
3402 1856 3469 1909 τὰ
3520 1854 3750 1926 πολέμια

2110 1942 2345 2005 καὶτοῖς
2384 1942 2605 2016 ἐχθροῖς
2656 1936 2907 2018 φοϐερὸς,
2938 1949 3055 2006 τοῖς
3104 1944 3227 2017 περῖ
3285 1944 3449 1998 αὐτὸν
3510 1943 3749 2015 εὐμενὴς,

2115 2032 2301 2106 λόγοις
2352 2032 2769 2106 προσκείμενος,
2804 2032 2891 2085 καὶ
2948 2037 3118 2086 ταῦτα
3172 2035 3246 2105 μὴ
3302 2038 3468 2087 τοῦτο
3498 2033 3548 2103 ἐξ
3588 2033 3751 2107 ἀρχῆς

2115 2116 2234 2183 ἔθος
2290 2118 2457 2193 ἔχων.
2516 2121 2598 2190 [Ρ.
2657 2122 2783 2193 813]
2841 2119 3038 2195 Ἔλεγε
3098 2119 3155 2175 δὲ
3212 2119 3321 2176 δεῖν
3382 2123 3473 2176 τὸν
3538 2122 3752 2196 βασιλέα

2115 2204 2347 2287 φοϐερὸν
2410 2210 2502 2281 μὲν
2553 2210 2683 2263 εἶναι
2748 2214 2865 2272 τοῖς
2944 2209 3067 2279 ἔξω,
3118 2209 3436 2286 εὐπρόσιτον
3520 2207 3577 2263 δὶ
3645 2214 3750 2269 τοῖς

2118 2295 2296 2359 ἰδίοις.
2362 2296 2531 2353 Πάλιν
2592 2296 2742 2372 ἔλεγε
2815 2297 2940 2360 τοὺς
3003 2304 3399 2373 τυραννιῶντας
3446 2306 3551 2355 τῶν
3605 2299 3751 2372 βασι-

2116 2386 2253 2442 λὲων
2316 2384 2713 2457 ἀπελευθέρους
2774 2387 2905 2441 εἶναι
2971 2385 3239 2445 σπεύδειν.
3310 2388 3642 2460 Αἷτιώμενος
3696 2383 3749 2440 δὲ

2118 2476 2200 2531 δτι
2229 2478 2588 2550 τετυράννηκε
2618 2476 2755 2530 κατὰ
2807 2480 2908 2530 τοῦ
2936 2475 3192 2549 Μιχαὴλ,
3218 2499 3246 2527 «ι
3280 2479 3531 2540 Ὠκνουν,
3589 2471 3748 2548 ἔλεγε,

2116 2572 2193 2637 τῷ
2226 2563 2510 2637 συνδούλῳ
2543 2563 2821 2619 δουλεύειν
2868 2565 2957 2619 καὶ
3009 2569 3116 2619 τῶν
3151 2564 3375 2619 είκότων
3441 2566 3515 2637 μὴ
3565 2563 3753 2637 τυγχά-

2397 2656 2407 2675 ν
2616 2655 2627 2673 Ι
2882 2655 2897 2673 κ
2994 2658 3019 2668 ν
3279 2653 3294 2673 \
3350 2650 3373 2671 1'
3626 2652 3647 2684 1Ι

2118 2676 2246 2711 νειν.
2309 2676 2333 2706 ιο
2416 2656 2789 2710 Επισκωπτων
2851 2651 2908 2708 δε
2955 2675 3023 2727 τῃ
3081 2675 3296 2727 γυναικι
3348 2652 3504 2726 ελεγε
3561 2649 3751 2718 δουλην

2124 2745 2216 2817 μὲν
2279 2743 2411 2796 εῖναι
2460 2743 2746 2817 πρότερον,
2778 2748 2864 2796 νῦν
2918 2739 2976 2797 δὲ
3023 2741 3433 2817 ἠλευθερῶσθαι
3469 2742 3554 2795 ὑπ’
3582 2738 3747 2794 αὐτοῦ.

2122 2832 2291 2887 Πάλιν
2342 2827 2496 2905 ἔλεγε
2552 2831 2679 2894 τοὺς
2740 2837 3009 2906 συγγενεῖς
3054 2838 3172 2895 τοῖς
3205 2832 3299 2904 μὲν
3337 2829 3532 2891 ἄλλοις
3560 2828 3750 2901 τυγχά-

2123 2944 2229 2977 νειν
2292 2920 2588 2991 σκόλοπας,
2621 2926 2725 2992 τῷ.
2759 2920 2816 2975 δὲ
2872 2925 3220 2997 τυραννοῦντι
3254 2920 3543 2998 ὠφέλειαν.
3577 2916 3752 2990 Ἔλεγε

2125 3010 2181 3066 δὶ
2235 3011 2323 3065 καὶ
2368 3014 2401 3078 ἡ
2457 3008 2672 3085 βασιλὶς
2730 3010 3045 3084 Δίκατερῖνα
3096 3008 3263 3083 μηδεν
3320 3014 3460 3078 ζῶον
3514 3005 3740 3077 ὶπάὗτῇ

2122 3104 2439 3177 γεγενῆσθαι
2471 3099 2747 3176 βασιλείας
2775 3098 3053 3176 βασιλείαν
3088 3098 3467 3174 ἀλλαξαμένῃ.

2201 3190 2350 3247 Μετὰ
2408 3188 2465 3243 δὲ
2518 3190 2608 3243 τὸν
2639 3190 2926 3261 Κομνηνὸν
2977 3192 3392 3248 Κωνσταντῖνος
3437 3184 3689 3260 πρόεδρος
3732 3183 3755 3234 ὁ

2132 3280 2334 3341 Δούκας
2380 3284 2486 3333 τῶν
2552 3282 2840 3355 σκήπτρων
2902 3275 3299 3351 ἐπιλαϐόμενος
3368 3274 3629 3350 ἀναιμωτὶ
3679 3272 3752 3327 καὶ

2133 3369 2262 3445 δίχα
2305 3369 2637 3445 πραγμάτων
2683 3372 2952 3444 ταραχῆς,
3003 3364 3201 3443 λόγους
3249 3367 3539 3427 ἐπιεικείας
3582 3364 3754 3439 γέμον-

2131 3481 2227 3521 τας
2256 3456 2648 3532 ἐδημηγόρησε
2676 3458 2812 3531 πρὸς
2841 3459 2938 3526 τήν
2974 3455 3279 3533 σύγκλητον
3321 3457 3415 3511 καὶ
3465 3455 3595 3527 πρὸς
3636 3453 3753 3505 ἅπαν

2132 3548 2194 3603 τὸ
2253 3545 2553 3619 δημοτικόν
2606 3549 2686 3619 (9)
2741 3568 2799 3600 τε
2854 3553 2954 3615 τῆς
3008 3546 3224 3607 πόλεως
3283 3545 3377 3599 καὶ
3434 3542 3624 3598 κοινόν.
3672 3538 3753 3591 Καὶ

2136 3636 2229 3690 ἀπ’
2279 3635 2487 3690 ἐκείνου
2546 3642 2645 3703 τῆς
2704 3640 2810 3689 τῶν
2870 3632 3205 3711 πραγμάτων
3248 3633 3506 3708 ἐνήρξατο
3554 3626 3755 3693 ἀντιλή-

2136 3728 2300 3798 ψεως,
2332 3728 2432 3778 τοῦ
2485 3722 2756 3787 ἐπιεικοῦς
2803 3721 2891 3778 καί
2941 3724 3161 3798 μετρίου
3214 3724 3331 3777 κατ’
3370 3719 3521 3777 οὐδὲν
3557 3712 3755 3793 ἀφιστά-

2142 3835 2321 3887 μενος,
2356 3813 2499 3868 ἀλλὰ
2555 3819 2684 3867 πᾶσι
2741 3812 2971 3886 τρόποις
3029 3812 3194 3867 αὐτοῦ
3249 3811 3588 3887 ἐξεχόμενος.
3632 3800 3755 3860 Ἐτί-

2143 3923 2285 3976 μησε
2315 3899 2373 3956 δὲ
2402 3906 2507 3955 τῶν
2540 3922 2599 3956 τε
2627 3908 2729 3971 τῆς
2774 3899 3083 3977 συγκλήτου
3130 3902 3220 3956 καὶ
3271 3905 3371 3955 τοῦ
3418 3897 3590 3971 δήμου
3633 3888 3755 3947 πολ-

2141 3990 2291 4055 λούς.
2345 3991 2663 4065 Ἀνώρθωσε
2737 3987 2794 4045 δὲ
2853 3989 2942 4044 καὶ
3016 3991 3145 4051 τοὺς
3204 3986 3314 4059 ἤδη
3377 3989 3461 4043 ἐπί
3500 3980 3757 4056 Κομνηνοῦ

2138 4079 2552 4142 ἐκπεπτωκότας
2647 4083 2753 4134 τῶν
2852 4078 3207 4134 οἲκειωτικῶν
3243 4098 3254 4110 ·
3346 4074 3583 4135 πολλοὺς
3668 4067 3755 4142 γὰρ

2140 4170 2343 4231 ἐκεῖνος
2404 4166 2629 4238 ἀδόξους
2688 4167 2738 4238 ἐξ
2796 4165 3023 4237 ἐνδόξων
3082 4168 3170 4222 καὶ
3234 4167 3461 4240 ἀτίμους
3495 4163 3553 4217 ἐκ
3584 4156 3758 4230 τιμίων

2138 4255 2429 4328 ἀπέδειξεν.
2493 4257 2816 4326 Ἐπιστάσης
2870 4256 2971 4330 γὰρ
3029 4262 3130 4325 τῆς
3197 4260 3293 4309 τοῦ
3349 4253 3498 4330 ἁγίου
3554 4243 3754 4323 μεγαλο-

2144 4347 2416 4419 μάρτυρος
2497 4345 2766 4419 Γεωργίου
2852 4346 3078 4417 μνήμης
3164 4347 3276 4416 (10)
3343 4341 3475 4398 κατὰ
3534 4339 3591 4393 τὸ
3656 4330 3756 4389 ἔθος

2140 4433 2351 4490 ἄπεισιν
2387 4436 2415 4489 ὁ
2450 4433 2703 4509 βασιλεὺς
2736 4435 2810 4496 εἷς
2835 4434 2903 4488 τὰ
2933 4436 3192 4510 Μᾶγγανα
3230 4430 3378 4487 αῗδοῖ
3433 4432 3524 4485 τοῦ
3579 4423 3752 4498 μάρτυ-

378 4522 522 4577 lium
566 4523 821 4577 meditati
872 4524 1117 4577 insidias
1170 4524 1504 4595 imperatori
1560 4529 1842 4579 struxere.
1878 4524 2006 4579 Nibi

2143 4545 2257 4600 ρος,
2295 4524 2427 4595 μετά
2477 4520 2533 4577 δὲ
2579 4523 2641 4577 τὸ
2690 4522 3011 4591 τελεσθῆναι
3076 4524 3175 4591 τὴν
3227 4522 3445 4595 ἑορτὴν,
3492 4515 3622 4573 τινες
3662 4513 3750 4563 τῶν

376 4628 511 4667 vero
570 4614 959 4683 perfecerunt,
1008 4618 1117 4666 Deo
1178 4618 1388 4667 coetum
1445 4613 1611 4667 illum
1664 4613 1911 4684 impium
1972 4618 2028 4668 et

376 4718 616 4772 pravum
668 4708 1063 4756 commentum
1119 4702 1475 4757 dissolvente
1509 4721 1521 4757 :
1558 4703 1663 4756 hoc
1711 4703 1866 4757 enim
1915 4702 2027 4755 sibi

378 4798 803 4861 proposuerunt
844 4791 1195 4848 faciendum.
1230 4795 1289 4843 ut
1313 4790 1368 4843 in
1398 4791 1749 4857 profundum
1772 4789 1871 4844 ille
1894 4807 2025 4845 cum

374 4881 652 4934 omnibus
684 4881 806 4934 suis
855 4882 1312 4951 demergeretur,
1369 4886 1567 4949 utpote
1622 4897 1722 4949 per
1766 4896 1924 4933 mare
1957 4880 2028 4933 ad

378 4966 659 5038 palatium
709 4969 1112 5039 navigaturus.
1150 4969 1361 5022 Habita
1394 4974 1585 5022 autem
1619 4968 1939 5037 quaestione
1975 4972 2031 5022 et

378 5063 650 5110 accurata
697 5058 1079 5127 inquisitione
1128 5058 1323 5129 plures
1356 5058 1688 5127 optimates,
1723 5058 1779 5110 in
1815 5058 2028 5127 quibus

380 5146 532 5201 652
568 5145 689 5216 ipse
722 5163 951 5217 quoque
1000 5146 1309 5219 eparchus,
1343 5145 1588 5201 convicti
1621 5150 1759 5199 sunt
1788 5144 2029 5201 insidia-

2136 4614 2423 4681 κακοήθων
2473 4611 2563 4665 καὶ
2614 4609 2856 4684 δολερῶν
2890 4611 3096 4685 βουλὴν
3158 4609 3406 4684 πονηρὰν
3462 4600 3747 4685 ἐξαρτύσικν-

2136 4705 2333 4771 τεςτῷ
2371 4699 2585 4775 βασιλεῖ
2642 4694 3034 4755 ἐπεϐούλευσαν
3093 4699 3210 4770 μὶν,
3242 4698 3440 4767 ἤνυσαν
3491 4692 3543 4747 δὲ
3596 4683 3752 4775 οὖξὶν,

2139 4794 2271 4843 Θεοῦ
2312 4790 2403 4843 τὸν
2466 4786 2736 4862 σύλλογον
2796 4788 2885 4842 καὶ
2947 4789 3007 4843 τὸ
3065 4787 3306 4863 πονηρὸν
3364 4780 3625 4840 καὶᾶθεον
3654 4771 3750 4863 διαζ

2141 4876 2451 4949 λυσαμένου
2512 4879 2874 4951 σκαιώρημα·
2936 4878 3002 4945 ἦν
3057 4876 3160 4951 γὰρ
3219 4875 3400 4936 αὐτοῖς
3464 4869 3645 4951 γνώμη,

2146 4967 2294 5042 βυθῷ
2343 4963 2712 5041 παραδοθῆναι
2766 4964 2924 5020 αὐτὸν
2971 4964 3228 5039 παγγενεὶ
3291 4965 3382 5018 ἅτε
3437 4959 3519 5015 διὰ
3578 4948 3751 5007 θαλάσ-

2142 5076 2239 5124 σης
2270 5055 2404 5129 πρὸς
2434 5056 2496 5109 τὸ
2527 5052 2794 5108 παλάτιον
2852 5053 3120 5108 ἀποπλεῖν
3175 5051 3465 5125 μέλλοντα.
3494 5042 3749 5129 lavini.“

2143 5120 2204 5198 δὲ·
2229 5120 2323 5198 καὶ⁸
2349 5142 2567 5217 ἐρεύνης
2620 5141 2743 5219 περί
2789 5147 2885 5198 τοῦ
2935 5120 3240 5216 συμϐάντος
3288 5136 3570 5217 γενομένης
3623 5120 3747 5181 πολ·

1707 5290 1951 5347 JACOBI
1994 5290 2207 5347 GOARI
2246 5291 2481 5346 NOT/E.

456 5410 534 5481 (8)
564 5408 890 5494 ’[’ξγούμῖενος
921 5416 1010 5467 est
1039 5411 1377 5494 quicunque
1421 5407 2030 5494 monasteriipraafec:

384 5480 945 5557 tuamegyoaamg
995 5480 1096 5553 qui
1142 5480 1316 5557 simul
1362 5481 1545 5557 sacris
1594 5480 1900 5535 ordinibus
1948 5482 2038 5534 est

383 5561 648 5630 ornatus,
686 5553 1104 5630 προηγοόμενος
1131 5554 1230 5630 qui
1262 5554 1660 5630 egprgfectus.

457 5627 532 5699 (9)
566 5621 872 5701 Δμηοτικόν
904 5621 1057 5683 inter
1088 5621 1353 5681 θίκοινόν
1374 5624 1520 5680 illud
1542 5626 1632 5679 est
1652 5621 2038 5692 discriminis,

2146 5407 2299 5476 quod
2332 5405 2487 5460 inter
2516 5406 2763 5479 collegia
2787 5406 3139 5463 factionesve
3158 5412 3213 5462 et
3244 5404 3530 5460 confusam
3554 5388 3743 5464 plebem

2146 5479 2509 5533 observatur.

2218 5526 2341 5621 (ᾧ)
2362 5526 2605 5621 δέξω,
2640 5553 2696 5604 et
2724 5548 3147 5621 imperatorum
3180 5545 3592 5621 ergasanctum
3622 5526 3744 5584 ﬁdu-

2151 5618 2242 5675 cia
2270 5618 2527 5678 Gedinus
2556 5636 2605 5676 ο.
2639 5638 2733 5692 xv,
2765 5618 2828 5677 οἱ
2854 5621 2889 5675 9
2918 5626 2978 5678 et
3006 5638 3057 5678 ο.
3092 5624 3179 5694 17,
3212 5618 3271 5676 nl
3300 5618 3387 5673 50.

3977 2928 3985 2953 Ε
