4084 6140
356 365 470 428 381

1870 373 2266 435 HISTORIA.

3656 365 3776 426 382

358 496 463 562 λῆς
493 496 701 553 πολλοὶ
733 503 840 553 τῶν
901 501 1236 573 μεγιστάνων
1294 501 1383 555 καὶ
1445 501 1602 566 αὐτὸς
1652 503 1678 556 ὁ
1709 508 2005 573 τηνικαῦτα

2120 522 2250 560 rum
2283 511 2341 561 et
2378 506 2524 560 laesae
2556 504 2889 575 majestatio
2934 504 3013 558 rei
3050 502 3258 569 effecti,
3292 505 3347 556 et
3392 501 3607 555 idcirco
3638 515 3771 568 pos-

353 582 599 663 ἔπαρχος
657 586 900 642 εάλωσαν
980 590 1055 651 ὡς
1129 585 1414 645 ἐπίϐουλοι
1490 592 1579 646 καὶ
1634 595 2011 655 καθοσιώσεως

361 675 513 759 αἰτία
571 678 863 744 ὁπὲπεσον,
917 683 1023 732 τῶν
1095 678 1309 734 οἰκείων
1376 681 1717 756 στερηθέντες
1766 686 2008 752 κτήσεων

355 764 449 819 xui
500 768 678 836 πάσης
730 774 831 836 τῆς
892 768 1204 843 περιουσίας
1260 770 1456 825 αὐτῶν·
1511 772 1775 839 Ἐπόθησε
1824 771 1879 826 δὲ
1924 772 2010 826 xui

357 854 611 929 ἠγάπησε
657 853 1022 932 διαφερόντως
1070 862 1180 912 τῶν
1231 855 1416 914 ἄλλων
1472 862 1723 915 ἁπάντων
1778 864 1805 915 ὁ
1856 863 2008 935 βασι-

360 939 493 1003 λεὺς
540 944 636 1011 τήν
682 963 740 997 τε
785 948 893 997 τῶν
955 941 1235 1017 δημοσίων
1304 948 1637 1023 πραγμάτων
1718 947 2007 1021 ἕπαύξησιν

362 1031 587 1085 καὶτῶν
636 1028 929 1087 ΐδιωτικῶν
975 1031 1137 1088 δικῶν
1188 1037 1286 1103 τὴν
1347 1037 1628 1111 ἀκρόασιν,
1662 1038 1758 1092 κάν
1797 1038 2012 1103 τούτοις

362 1121 461 1188 τήν
499 1121 718 1192 μείζονα
768 1120 1030 1199 φροντίδα
1078 1125 1364 1179 κατεκένου
1420 1132 1520 1194 τῆς
1575 1127 1870 1201 βασιλείας,
1902 1132 2007 1181 τῶν

357 1205 549 1263 ἄλλων
614 1210 779 1279 ¹ἧττον
825 1210 1110 1287 ἀχόμενος,
1159 1220 1531 1289 στρατηγικῶν
1591 1237 1733 1293 φημι
1793 1216 2013 1271 πλεονε-

370 1297 671 1370 κτημάτων
761 1300 849 1354 καὶ
979 1308 1380 1375 στρατιωτικῶν
1486 1301 2009 1379 ἄνδραγαθηματων.

376 1387 474 1441 Διὰ
549 1384 617 1456 δὴ
687 1393 853 1443 ταῦτα
930 1390 1019 1444 καὶ
1101 1400 1516 1468 συκοφαντικαῖς
1594 1393 1870 1468 ἐπηρείαις
1922 1394 2010 1448 xui

359 1482 703 1554 σοφιστικαῖς
822 1476 1074 1550 μεθόδοις
1192 1481 1281 1533 καὶ
1393 1478 1681 1536 δικανικῶν
1758 1478 2011 1554 προϐλη-

360 1564 548 1637 μάτων
591 1566 744 1638 ἆσμῶ
800 1568 888 1621 καὶ
939 1573 1262 1641 σεκρετικῶν
1316 1572 1648 1643 ζητημάτων
1684 1571 2010 1633 ἐπιπλοκαῖς

362 1654 427 1707 τὸ
483 1654 793 1726 Ῥωμαϊκὸν
852 1655 1129 1711 ἐκλονεῖτο
1180 1660 1267 1713 καὶ
1330 1662 1414 1729 [Ρ.
1472 1663 1599 1733 814]
1648 1659 2007 1735 ἰκραδαίνετο,

353 1742 428 1804 ὡς
482 1744 571 1797 καὶ
627 1743 821 1806 αὐτοὺς
876 1746 1003 1808 τοὺς
1049 1747 1508 1822 στρατευομένους
1557 1751 1624 1805 τὰ
1680 1750 1826 1805 ὅπλα
1877 1750 1989 1814 καὶ,

2124 595 2487 649 sessionibus
2514 599 2570 649 et
2601 596 2725 649 suis
2756 594 3030 649 omnibus
3065 592 3234 646 bonis
3284 591 3514 661 privati.
3548 590 3772 644 Concu-

2125 686 2264 755 pivit
2296 692 2485 739 autem
2523 692 2577 739 et
2606 702 2714 753 prae
2741 684 2963 737 cazteris
2991 681 3267 735 omnibus
3287 679 3539 733 maxime
3561 676 3776 732 amavit

2124 775 2440 845 imperatur
2498 774 2865 844 publiciirum
2941 788 3133 825 rerum
3216 770 3667 832 incrementum,
3719 768 3776 817 et

2123 864 2412 935 praecipuo
2446 864 2638 917 studio
2692 863 2945 933 privatas
2976 876 3183 914 causas
3235 857 3509 912 audiendi
3544 855 3772 909 teneba-

2121 959 2236 1015 tur,
2271 954 2326 1006 in
2358 955 2574 1023 quibus
2609 952 2889 1021 maiorem
2934 966 3111 1019 quam
3146 949 3199 1001 in
3235 945 3481 1017 imperio
3514 942 3770 999 admini-

2124 1044 2361 1097 strando
2420 1059 2618 1096 curam
2682 1040 3082 1099 exhauriebat,
3148 1036 3280 1091 aliis
3340 1036 3514 1089 rebus
3574 1033 3772 1086 minus

2120 1148 2357 1194 vacans,
2390 1134 2604 1184 ducum
2653 1130 2895 1200 inquam
2930 1126 3358 1197 amplificandae
3390 1120 3683 1193 dignitati,
3716 1123 3774 1173 et

2058 1230 2061 1233 '
2119 1220 2193 1275 iis
2225 1238 2351 1290 qua:
2384 1220 2674 1273 militibus
2707 1234 2978 1289 prospere
3010 1233 3075 1270 ac
3108 1222 3345 1268 strenue
3366 1217 3529 1283 gesta
3550 1213 3766 1264 essent.

2123 1311 2191 1364 Et
2224 1315 2526 1380 propterea
2559 1308 2616 1361 in
2650 1306 3141 1361 calumniatorum
3175 1300 3451 1356 conviciis
3482 1304 3538 1353 et
3568 1296 3768 1367 sophi-

2122 1400 2282 1454 sticis
2314 1397 2661 1452 commentis
2695 1412 2759 1449 ac
2801 1392 3173 1463 judicialium
3211 1390 3601 1461 quaestionum
3636 1402 3765 1440 exa-

2123 1488 2279 1542 mine
2326 1488 2586 1541 Romana
2644 1502 2733 1538 res
2785 1482 3019 1553 publica
3069 1497 3308 1534 versans
3351 1478 3768 1547 occupabatur,

2122 1577 2198 1631 ita
2260 1582 2325 1630 ut
2381 1575 2492 1645 ipsi
2554 1573 2769 1627 milites
2831 1571 3012 1626 armis
3062 1567 3346 1639 depositis
3394 1564 3654 1619 advocati
3713 1566 3770 1616 et

2122 1666 2350 1737 patroni
2384 1663 2771 1736 quaestionum
2806 1661 2875 1715 ad
2913 1658 3070 1730 leges
3100 1657 3511 1727 spectantium
3545 1658 3601 1707 et
3629 1668 3768 1706 cau-

2123 1772 2317 1811 sarum
2377 1755 2603 1818 ﬁerent,
2664 1752 2885 1805 omisso
2946 1747 3156 1802 Martio
3218 1761 3360 1799 sono
3427 1748 3484 1797 et
3544 1740 3769 1796 bellicis

352 1834 451 1901 τὴν
512 1835 793 1907 στρατείαν
882 1836 1136 1907 μεθέντας
1211 1839 1545 1913 συνηγόρους
1615 1840 1705 1893 καὶ
1764 1844 2006 1911 νομικῶν

355 1926 381 1940 ..
560 1921 569 1938 ρ
847 1923 860 1940 κ
1050 1919 1105 1940 ρ,
1226 1925 1236 1940 ι
1540 1929 1548 1940 .
1754 1930 1765 1940 .
1924 1931 1935 1940 .

2121 1843 2636 1899 exercitationibus
2680 1846 2737 1895 et
2765 1854 3049 1909 equorum
3095 1833 3414 1905 agitatione
3469 1831 3605 1886 Pius
3634 1846 3768 1885 vero

2443 1938 2449 1940 .
2553 1936 2560 1940 .
2664 1931 2673 1940 .
2817 1929 2826 1939 .
2950 1926 2984 1940 ..
3175 1930 3184 1940 .
3316 1939 3327 1940 ί
3718 1922 3766 1940 ,ι

353 1921 685 1993 ζητημάτων
773 1923 862 1977 καὶ
939 1919 1350 1998 προϐλημάτων
1437 1929 1679 2001 γενέσθαι
1753 1930 2008 2002 ἐραστὰς-

358 2011 542 2085 μακρὰ
595 2010 808 2085 χαίρειν
865 2012 1111 2075 εἰπόντας
1169 2012 1403 2087 ἑνυαλίῳ
1466 2036 1526 2071 τε
1592 2019 1712 2091 ἠχῇ
1769 2018 1857 2071 καὶ
1914 2038 2004 2075 πο.

356 2096 565 2172 λεμικῇ
654 2100 883 2175 ὀρχήσει
985 2103 1076 2156 xui
1184 2100 1522 2177 περιδινήσει
1621 2106 2007 2180 ἀγχιστθωόῳ,

368 2184 609 2257 Εὐσεϐὴς
642 2186 699 2243 δὲ
756 2186 829 2243 ὤν
892 2187 1044 2266 εἶ’περ
1089 2212 1171 2252 τις
1226 2190 1434 2266 ἵτερος,
1490 2193 1581 2247 καὶ
1613 2193 2008 2269 φιλομόναχος

365 2276 729 2354 φιλόπτωχός
786 2299 843 2332 τε
899 2280 986 2334 καὶ
1044 2281 1166 2352 περὶ
1223 2281 1283 2335 τὸ
1343 2286 1503 2353 σῶμα
1547 2285 1709 2350 ἧττον
1752 2261 2006 2338 κολαστι-

368 2368 465 2429 κὸς
508 2369 639 2439 (Η),
676 2368 814 2441 πρὸς
864 2366 1005 2424 ἄλλο
1054 2390 1106 2423 τι
1153 2365 1367 2442 ἀμϐλὺς
1392 2369 1655 2447 ἐτύγχανε
1682 2372 1771 2427 xui
1804 2374 2009 2448 νωθρὸς

361 2452 648 2529 φειδωλὸς
710 2454 753 2509 δ’
805 2456 1018 2531 εἰσάγαν
1076 2458 1163 2511 καὶ
1214 2460 1530 2531 ποριστικὸς
1585 2461 1810 2515 καὶτῶν
1837 2460 2009 2534 δημο-

373 2543 505 2597 σίων
562 2545 867 2618 χρημάτων
926 2545 1228 2617 αὐξητικός.
1281 2548 1588 2616 Ἐξουσίαζε
1645 2546 1701 2603 δὲ
1742 2551 1829 2603 καὶ
1890 2556 2008 2612 ταῖς

362 2631 594 2707 κρίσεσι,
629 2632 717 2686 καὶ
775 2632 1047 2695 πολλάκις
1088 2634 1249 2697 αὐτὰς
1283 2633 1372 2690 διὰ
1417 2639 1514 2705 τήν
1546 2642 1653 2692 τῶν
1697 2639 2005 2713 προσώπων

368 2721 638 2790 ποιότητα
671 2721 1004 2791 ὑπήλλαττε,
1069 2722 1233 2797 βαρὺς
1294 2722 1637 2799 δεικνὺμενος
1683 2733 1799 2789 τοῖς
1852 2726 2008 2783 δυνα-

359 2816 477 2871 τοῖς
534 2810 625 2864 xui
703 2807 1000 2888 ἀφόρητος.
1062 2812 1464 2886 Προσκειμὲνου
1536 2813 1594 2870 δὲ
1669 2817 1836 2871 αὐτοῦ
1891 2824 2007 2879 τοῖς

359 2898 638 2961 τοιούτοις
669 2896 959 2968 διηνεκῶς,
1007 2905 1114 2955 τῶν
1167 2899 1224 2955 δὲ
1274 2909 1671 2977 στρατιωτικῶν
1721 2904 2011 2977 ἠμεληκό-

362 3008 455 3049 τος
498 2989 587 3043 καὶ
645 2988 1081 3064 ῥᾳθυμήσαντος,
1112 2991 1177 3044 τὰ
1224 2998 1325 3060 τῆς
1375 2993 1697 3063 Ἀνατολῆς,
1742 2996 1829 3049 xui
1876 2995 2008 3068 μᾶλ-

368 3076 462 3132 λον
492 3078 561 3132 τὰ
592 3077 644 3132 ἐν
672 3084 789 3139 τοῖς
815 3077 1043 3153 τὲρμασι
1065 3084 1173 3133 τῶν
1205 3085 1383 3153 μερῶν
1403 3087 1513 3135 τῶν
1536 3083 1881 3155 Ῥωμαϊκῶν,
1909 3086 2011 3139 ὑπὸ

351 3171 460 3221 τῶν
511 3165 801 3239 πολεμίων
846 3167 1101 3243 ὲφέροντό
1149 3190 1208 3222 τε
1238 3168 1326 3223 καί
1358 3167 1587 3244 ἤγοντο,
1613 3173 1701 3226 καὶ
1726 3171 2011 3243 ἐληίζοντο

2122 1951 2254 1990 cum
2307 1938 2461 1988 esset
2507 1936 2570 1985 ut
2628 1931 2676 1983 si
2733 1929 2864 1999 quis
2914 1926 3087 1993 alius,
3137 1930 3194 1978 et
3244 1921 3663 1976 monachorum
3712 1922 3770 1973 et

2121 2039 2441 2095 pauperum
2505 2019 2830 2079 studiosus,
2890 2025 2941 2068 et
3000 2015 3057 2068 in
3109 2013 3182 2067 iis
3233 2029 3360 2081 quae
3421 2010 3487 2062 ad
3540 2007 3764 2061 cultum

2118 2111 2377 2182 corporis
2425 2108 2714 2180 pertinent
2769 2122 2883 2160 non
2946 2102 3264 2158 admodum
3316 2102 3656 2168 occupatus,
3709 2096 3766 2150 in

2117 2200 2247 2254 aliis
2278 2215 2510 2269 quoque
2541 2198 2718 2250 hebes
2752 2212 2815 2248 ac
2864 2192 3062 2263 segnis
3093 2197 3219 2245 erat
3254 2206 3265 2242 :
3304 2193 3361 2243 at
3393 2188 3451 2241 in
3482 2185 3767 2257 augendis

2118 2288 2368 2359 publicis
2402 2286 2662 2358 pecuniis
2686 2284 3003 2337 admodum
3030 2296 3238 2351 parcus
3261 2282 3317 2332 et
3345 2275 3551 2331 civilis.
3577 2275 3765 2329 Nimis

2118 2378 2227 2431 sibi
2261 2376 2568 2447 arrogabat
2615 2375 2669 2426 in
2717 2371 2982 2442 judiciis,
3015 2375 3071 2422 et
3120 2385 3184 2421 ea
3232 2366 3481 2420 subinde
3531 2367 3766 2434 propter

2118 2481 2493 2537 personarum
2527 2460 2867 2534 qualitatem
2896 2458 3183 2521 mutabat,
3217 2471 3448 2525 gravem
3475 2470 3536 2507 se
3570 2459 3765 2521 poten-

2119 2555 2277 2609 tibus
2336 2554 2674 2617 ostendens,
2734 2557 2787 2603 et
2844 2545 3131 2618 ejusmodi
3194 2543 3286 2597 cui
3351 2559 3461 2596 non
3523 2543 3765 2610 possent

2118 2643 2405 2697 resistere.
2440 2645 2580 2694 Cum
2614 2640 2685 2693 iis
2726 2638 2899 2691 rebus
2949 2634 3044 2688 ille
3077 2639 3235 2688 totus
3285 2630 3669 2696 incumberet,
3705 2643 3765 2680 re

2120 2732 2357 2786 militari
2391 2730 2674 2798 neglecta,
2710 2744 2775 2781 ac
2822 2724 3067 2779 nimium
3104 2738 3165 2776 se
3214 2721 3328 2775 otio
3362 2718 3637 2782 dedisset,
3671 2731 3764 2770 res

2117 2821 2390 2886 Orientis,
2427 2818 2714 2889 praecipue
2745 2816 2869 2869 loca
2899 2813 2957 2866 in
2992 2812 3207 2865 finibus
3239 2814 3658 2869 Romanorum,
3693 2804 3764 2858 ab

2119 2908 2388 2962 hostibus
2419 2907 2510 2977 agi
2585 2905 2717 2960 ferri
2773 2920 2838 2957 ac
2871 2900 3067 2971 diripi,
3119 2905 3175 2953 et
3214 2897 3413 2953 omnia
3460 2894 3675 2949 vastari
3708 2897 3767 2947 et

2120 2998 2273 3053 653
2313 2998 2633 3050 Turcorum
2688 2990 3128 3046 excursionibus
3172 2992 3228 3042 et
3277 2984 3655 3056 oppressione
3704 2997 3769 3035 ac

2119 3086 2372 3140 violenta
2403 3086 2545 3153 fuga
2581 3088 2635 3136 et
2652 3089 2871 3135 terrore
2896 3078 3289 3148 neglectorum
3316 3073 3571 3129 militum
3597 3088 3608 3125 :
3633 3086 3772 3124 con-

2120 3175 2372 3228 tinentes
2419 3173 2573 3227 enim
2628 3172 2842 3224 ﬁebant
2899 3166 3284 3228 incursiones,
3346 3162 3560 3216 crebraa
3610 3160 3766 3213 dire-

357 3256 451 3309 xui
487 3254 851 3333 διεφθείροντο
886 3256 1093 3312 ἅπαντα
1121 3262 1189 3331 τῇ
1220 3280 1277 3312 τε
1306 3264 1413 3313 τῶν
1446 3261 1703 3333 Τούρκων
1738 3239 2006 3339 ἐπιδρομῇ

2123 3263 2350 3335 ptiones
2383 3266 2437 3315 et
2470 3274 2832 3331 quaecunque
2863 3255 3250 3311 occurrebant
3284 3250 3576 3313 hostibus,
3611 3263 3769 3301 ever-

352 3344 447 3399 xui
478 3345 796 3421 κατισχύσει
844 3347 931 3401 xui
981 3350 1051 3421 τῇ
1109 3347 1257 3421 βιαίᾳ
1309 3350 1665 3424 ὑποχωρήσει
1699 3352 1787 3405 xui
1831 3350 2014 3424 δειμα-

351 3435 516 3489 τώσει
573 3440 682 3489 τῶν
733 3434 1106 3507 ἠμελημένων
1163 3442 1510 3510 στρατιωτῶν
1546 3458 1558 3470 '
1621 3447 1869 3515 συνεχεῖς
1900 3443 2004 3516 γὰρ

370 3524 627 3598 ὑπῆρχον
677 3520 942 3600 ἐκδρομαὶ
1000 3524 1091 3578 καὶ
1142 3523 1434 3594 λεηλασίαι
1493 3528 1708 3603 συχναὶ,
1756 3531 2009 3607 ἀφανιζο-

364 3612 529 3682 μὲνου
558 3616 655 3667 τοῦ
700 3609 1108 3689 προστυχόντος
1141 3615 1359 3676 παντός.
1400 3616 1489 3670 Διὸ
1544 3618 1636 3671 καὶ
1665 3620 1699 3687 ἡ
1735 3616 2008 3692 εὐδαίμων

357 3702 519 3775 χώρα
546 3708 646 3769 τῆς
679 3697 916 3775 Ἰϐηρίας
963 3701 1213 3776 ἠρίπωτο
1266 3704 1551 3766 παντελῶς
1602 3706 1691 3760 xui
1723 3707 2010 3783 ἠφάνιστο,

356 3786 464 3860 ἤδη
520 3792 1057 3865 προκατειργασμὲνη
1146 3792 1236 3846 καὶ
1317 3794 1655 3863 ἠσθενηκυῖα
1735 3796 1822 3850 καὶ
1882 3798 2017 3853 κατὰ

359 3879 555 3950 μικρὸν
607 3879 962 3934 ἐπιλείπουσά
1020 3900 1077 3934 τε
1134 3880 1224 3935 xui
1284 3882 1564 3959 φθίνουσα,
1613 3885 2005 3959 συμμεταλαμ-

357 3962 662 4037 6ανομὲνου
696 3964 752 4021 δὶ
806 3972 903 4022 τοῦ
964 3966 1142 4022 δεινοῦ
1189 3970 1278 4022 xui
1328 3970 1448 4024 ὅσαι
1499 3972 1668 4046 ταύτῃ
1725 3975 2009 4047 παρέκειν-

352 4076 438 4123 το,
471 4056 863 4129 Μεσοποταμία
908 4077 967 4111 τε
1014 4057 1103 4111 καὶ
1148 4055 1416 4127 Χαλδαία,
1447 4060 1583 4134 πρὸς
1633 4058 1690 4114 δὲ
1721 4060 2006 4133 Μελιτηνη

356 4144 450 4199 καὶ
508 4142 793 4200 Κολώνεια
874 4145 963 4199 καὶ
1040 4146 1107 4200 τὰ
1181 4151 1261 4217 τῷ
1344 4148 1600 4225 Εὐφράτῃ
1684 4150 2008 4224 συγκείμενα

366 4238 623 4306 ποταμῷ,
656 4231 802 4289 ἀλλᾶ
849 4234 954 4306 μὴν
1003 4234 1065 4288 τό
1108 4256 1167 4289 τε
1214 4235 1566 4309 Ἀρμενιακὸν
1621 4236 1710 4292 xui
1757 4239 1823 4293 τά
1878 4246 2008 4294 Βαα-

357 4322 620 4396 σπρακὰν,
665 4323 754 4377 καὶ
808 4323 857 4377 εἷ’
920 4325 994 4394 μή
1042 4321 1316 4386 πολλάκις
1375 4325 1790 4399 στρατεύμασιν,
1833 4328 2007 4385 ἐνίοτε

354 4408 413 4465 δὶ
440 4411 530 4466 xui
579 4412 791 4487 φήμαις
843 4412 1033 4484 μόναις
1088 4409 1370 4484 δυνάμεων
1435 4414 1747 4490 ἀνείργοντο
1795 4418 1861 4471 τὰ
1894 4423 2001 4473 τῶν

354 4494 673 4575 Βαρϐάρων.
736 4500 833 4554 Καί
878 4522 1020 4565 τινες
1090 4503 1335 4577 ἀρχηγοὶ
1390 4506 1618 4574 τούτων,
1678 4507 2005 4581 Χωροσαλά-

2121 3354 2415 3409 tebantur.
2449 3355 2505 3403 et
2547 3348 2765 3403 idcirco
2815 3346 2948 3400 felix
2981 3343 3176 3397 Iberia:
3211 3341 3367 3411 regio
3400 3337 3635 3392 omnino
3668 3336 3767 3389 de-

2121 3440 2306 3496 solata
2356 3440 2464 3493 fuit
2519 3444 2578 3492 et
2626 3452 2865 3508 prorsus
2914 3433 3125 3495 deleta,
3157 3430 3283 3499 jam
3333 3431 3468 3481 ante
3510 3426 3771 3478 contecta

2122 3536 2179 3585 et
2206 3528 2539 3594 imbecillis,
2572 3544 2636 3581 ac
2669 3525 2890 3580 sensim
2916 3524 3148 3576 deserta
3175 3526 3232 3572 et
3263 3519 3558 3586 corrupta.
3583 3516 3770 3582 Atque

2122 3620 2299 3689 hujus
2333 3618 2468 3673 mali
2504 3615 2814 3687 participes
2866 3616 3031 3665 erant
3059 3604 3480 3677 Mesopotamia
3510 3608 3565 3656 et
3595 3600 3767 3657 Chal-

2120 3710 2243 3762 daea
2299 3712 2357 3762 et
2408 3708 2649 3775 insuper
2697 3701 2965 3758 Melitene
3014 3706 3072 3752 et
3123 3696 3361 3752 Colonia
3410 3698 3467 3746 et
3514 3690 3641 3745 loca
3698 3689 3769 3743 ad

2120 3797 2360 3851 fluvium
2408 3794 2763 3865 Euphratem
2814 3791 2949 3858 sita,
2983 3787 3123 3858 quin
3177 3784 3355 3839 etiam
3405 3779 3680 3835 Armenia
3711 3782 3771 3831 et

2120 3883 2566 3955 Baaspracania.
2599 3885 2677 3936 Ac
2726 3881 2836 3934 nisi
2887 3893 3036 3946 saepe
3082 3872 3335 3929 exercitu
3385 3875 3441 3923 et
3470 3868 3766 3922 interdum

2119 3975 2245 4030 sola
2275 3976 2424 4027 fama
2464 3971 2759 4043 copiarum
2793 3966 3109 4035 compress‘
3150 3962 3399 4016 fuissent
3428 3955 3689 4016 Barbari,
3714 3957 3771 4008 et

2118 4065 2353 4133 quidam
2397 4062 2658 4132 ipsorum
2711 4060 2889 4112 duces
2937 4050 3381 4108 (Ihorosalarius
3426 4050 3482 4101 et
3511 4043 3766 4098 Samuch

2118 4132 2272 4207 bona
2322 4152 2589 4221 quaedam
2638 4150 2874 4203 fortuna
2923 4143 3243 4197 commisso
3293 4135 3489 4208 prtelio
3539 4132 3768 4187 cladem

2116 4241 2303 4297 sortiti
2337 4220 2553 4303 essent,
2588 4238 2762 4293 etiam
2799 4250 2985 4303 usque
3017 4232 3086 4284 ad
3119 4228 3409 4283 Galatiam
3442 4228 3500 4279 et
3530 4220 3771 4278 Onoria-

2116 4332 2247 4385 dem
2298 4337 2475 4399 atque
2523 4328 2711 4398 ipsam
2762 4321 3072 4394 Phrygiam
3107 4315 3423 4373 adversarii
3475 4310 3767 4367 excurris-

2114 4428 2241 4474 sent
2277 4437 2288 4473 :
2330 4418 2671 4472 mittebatur
2719 4414 2872 4467 enim
2921 4410 3209 4464 exercitus
3260 4404 3411 4460 male
3443 4402 3770 4456 instructus

2112 4514 2168 4563 et
2198 4508 2465 4570 inermis,
2497 4507 2650 4576 quod
2684 4518 2916 4573 semper
2958 4496 3391 4570 prmstantiores
3421 4490 3767 4546 abdicaren-

354 4609 470 4663 ριος
500 4590 586 4643 καὶ
633 4588 886 4664 Σαμουχ,
932 4590 978 4644 εἰ
1038 4593 1113 4663 μὴ
1165 4592 1339 4668 ἀγαθῇ
1386 4614 1491 4647 τινι
1535 4595 1679 4669 τύχῃ
1725 4580 1826 4663 τήν
1857 4596 2005 4664 ἤττω

2118 4603 2212 4652 tur
2243 4598 2585 4668 praefectura
2605 4594 2894 4663 majorum
2921 4587 3345 4658 stipendiorum
3372 4586 3428 4636 et
3479 4580 3771 4633 honorum

355 4672 729 4750 συμϐαλόντες
816 4677 1222 4753 ἐκληρώσαντο,
1308 4679 1405 4735 κᾶν
1494 4684 1659 4758 μέχρι
1738 4684 2004 4748 Γαλατίας

352 4765 445 4820 xui
503 4765 833 4841 Ὀνωριάδος
893 4769 981 4821 καὶ
1061 4768 1229 4839 αὐτῆς
1300 4771 1536 4846 Φρυγίας
1592 4772 1654 4827 τὸ
1708 4772 2000 4829 ἄντίπαλον

354 4852 735 4930 περιέδραμεν.
788 4854 1107 4912 Ἐστέλλετο
1155 4859 1251 4930 μὶν
1310 4860 1412 4935 γάρ
1469 4861 1532 4914 τὸ
1591 4864 2002 4936 στρατιωτικὸν,

354 4943 517 5017 ψιλὸν
569 4941 625 4998 δὲ
680 4944 768 4998 xui
810 4943 1017 4999 ἄοπλον
1075 4946 1165 5000 καὶ
1234 4948 1461 5023 γυμνὸν,
1512 4954 1619 5003 τῶν
1676 4951 1998 5025 κρειττόνων

350 5031 809 5105 ἀπελαυνομένων
856 5034 1105 5089 ἑκάστοτε
1158 5036 1256 5104 της
1318 5037 1649 5112 στρατηγίας
1705 5044 1803 5094 τοῦ
1858 5039 2001 5112 πλή-

351 5133 477 5185 θους
503 5126 610 5175 τῶν
641 5121 885 5194 ὀψωνίων
931 5121 1103 5178 ἕνεκεν
1158 5125 1246 5179 xui
1290 5131 1398 5179 τῶν
1448 5129 1711 5199 μειζόνων
1748 5130 1996 5204 βαθμῶν.

347 5212 418 5265 ’Ἀ
473 5211 563 5263 καὶ
621 5212 1005 5285 καταγνώσεως
1062 5213 1212 5275 ἐκτὸς
1279 5217 1381 5269 οὐκ
1430 5216 1519 5284 ἦν,
1581 5215 1815 5290 μηδενὸς
1877 5240 1996 5292 γεν-

346 5299 501 5352 ναίὸυ
532 5299 619 5352 καὶ
679 5298 970 5375 ἀξιολόγου
1014 5305 1394 5377 πραττομένου
1456 5302 1544 5358 διὰ
1596 5310 1780 5363 τοῦτο.
1836 5307 1997 5362 Συνέ-

349 5382 503 5442 ϐαινε
542 5384 599 5442 δὲ
654 5388 715 5443 ἐκ
763 5388 969 5444 τούτων
1032 5389 1159 5454 τοὺς
1223 5393 1317 5464 μὶν
1379 5393 1682 5468 Ῥωμαίους
1719 5400 2000 5451 ταπεινοῦ-

2114 4703 2329 4751 causa;
2365 4702 2490 4755 qua:
2522 4683 2759 4754 quidem
2794 4678 2966 4749 culpa
3023 4674 3263 4731 minime
3295 4669 3597 4734 vacabant,
3632 4679 3766 4718 cum

2114 4775 2257 4829 nihil
2317 4780 2623 4829 strenuum
2684 4777 2785 4826 aut
2844 4762 3224 4823 memorabile
3279 4760 3389 4815 hac
3457 4758 3529 4811 de
3584 4768 3762 4810 causa

2112 4869 2426 4937 gereretur.
2468 4862 2692 4927 Quibus
2742 4860 2916 4913 rebus
2964 4855 3233 4909 effectum
3286 4852 3373 4903 est
3425 4851 3489 4900 ut
3522 4842 3768 4899 Romani

2112 4951 2530 5007 imbecilliores
2552 4948 2762 5005 redditi
2793 4953 3013 5002 terrore
3043 4938 3498 5011 complerentur,
3522 4932 3763 4987 Barbari

2108 5058 2241 5096 vero
2267 5042 2451 5094 inﬂati
2483 5038 2680 5095 animo
2713 5037 3057 5093 efferrentur
3089 5034 3145 5084 et
3198 5025 3381 5082 multa
3419 5020 3770 5078 confidentia

2109 5132 2467 5201 irruptiones
2501 5131 2798 5191 facerent;
2834 5139 2967 5178 cum
2993 5121 3169 5176 etiam
3203 5117 3273 5171 ad
3305 5113 3515 5169 Anium
3544 5111 3765 5166 missus

2108 5221 2285 5275 fuerit
2313 5222 2431 5273 dux
2459 5217 2772 5273 Armenius
2821 5213 3079 5284 quidam,
3113 5206 3349 5262 nomine
3397 5200 3758 5270 Pancratius,

2112 5309 2409 5382 pollicitus
2442 5325 2537 5362 res
2555 5307 2623 5361 ad
2648 5304 2966 5361 exercitum
2993 5299 3091 5370 qui
3111 5297 3189 5353 ibi
3208 5297 3408 5350 aderat
3430 5293 3765 5362 spectantes

2107 5416 2168 5454 se
2222 5415 2324 5470 pro
2375 5397 2528 5454 virili
2587 5400 2751 5467 parte
2808 5389 3382 5447 administraturum.
3433 5382 3578 5438 Cum
3623 5393 3757 5432 vero

1671 5558 1916 5615 JACOBI
1955 5558 2174 5617 GOARI
2213 5559 2441 5615 NOTAE].

424 5674 541 5748 (11)
573 5675 777 5750 Corpus
806 5676 1057 5736 edomare
1091 5681 1148 5737 ei
1174 5683 1600 5747 austeritatibm
1626 5683 1879 5757 subigere
1904 5690 2176 5765 cunctus,
2207 5688 2363 5744 circa
2390 5684 2744 5758 quodcunque
2764 5679 2931 5739 aliud
2957 5677 3143 5751 segni:
3169 5690 3234 5733 ac
3262 5672 3435 5728 hebes.
