4084 6140
361 364 483 427 383

1675 371 2006 433 JOANNlS
2053 369 2459 432 SCYLITZE

3644 370 3756 429 384

360 497 633 553 sultanus
694 498 827 554 illac
888 500 994 556 iter
1059 501 1292 570 faceret,
1355 504 1510 559 054
1570 519 1758 573 neque
1810 506 2006 556 tamen

2126 510 2245 562 σθαι
2276 499 2364 552 καὶ
2424 499 2844 572 κατεπτηχέναι,
2870 497 2998 557 τοὺς
3044 491 3356 569 Βαρϐάρους
3397 493 3455 549 δὲ
3504 498 3754 572 φυσᾶσθαι

365 587 754 642 Romanorum
798 590 1089 658 regionem
1139 598 1389 655 vexaret,
1435 592 1671 661 quidam
1705 608 1771 644 ex
1804 592 1877 643 iis
1909 589 2004 659 qui

362 690 495 730 cum
522 676 824 731 Pancratio
846 683 1031 742 erant,
1057 687 1431 750 erumpentes
1454 687 1775 734 extremum
1800 696 2008 749 agmen

365 764 636 819 sultanici
669 768 953 821 exercitus
1007 768 1293 822 lmdebant
1340 775 1397 824 et
1427 771 1742 823 caedebant.
1786 769 2009 832 Quibus

364 855 435 907 de
485 855 681 909 causis
733 855 1004 911 sultanus
1061 858 1314 927 graviter
1370 858 1712 928 indignatus
1764 857 2010 912 ulterius

362 946 633 1015 progredi
666 946 956 1001 desistens
989 948 1059 1001 ad
1092 949 1304 1003 Anium
1337 966 1604 1004 reversus
1635 954 1743 1017 est,
1776 956 1832 1003 et
1863 967 2009 1019 pau-

363 1034 445 1087 cis
476 1034 683 1089 diebus
713 1040 839 1089 tum
874 1036 1068 1106 ipsum
1104 1038 1334 1104 Anium,
1371 1042 1498 1092 tum
1531 1039 1780 1092 ﬁnitima
1812 1039 2012 1092 omnia

364 1123 488 1177 loca
552 1122 610 1177 in
679 1141 843 1178 suam
915 1131 1263 1196 potestatem
1337 1129 1571 1181 redacta
1629 1133 1685 1181 et
1740 1128 2010 1197 praesidio

363 1211 638 1282 imposito
670 1213 893 1266 munita
926 1229 990 1267 ac
1021 1214 1269 1268 ducibus
1301 1215 1524 1270 idoneis
1559 1215 1771 1270 tradita
1804 1221 2009 1269 Roma-

369 1316 575 1354 norum
626 1301 838 1355 exemit
888 1302 1157 1366 imperio.
1210 1302 1339 1357 Haec
1368 1303 1546 1374 igitur
1586 1305 1647 1358 in
1699 1304 1805 1357 hoc
1856 1310 2010 1358 statu

367 1392 553 1455 erant,
587 1393 644 1442 et
674 1393 854 1443 tantae
885 1390 1176 1444 vexationi
1227 1392 1474 1445 obnoxia
1520 1398 1684 1447 erant
1716 1394 2011 1447 Romano-

365 1494 494 1531 rum
527 1475 653 1532 loca
682 1478 740 1531 in
774 1478 915 1532 Asia
963 1484 1019 1533 et
1049 1479 1107 1532 in
1142 1480 1301 1533 omni
1334 1479 1586 1534 Orientis
1634 1482 1869 1551 regione
1904 1499 1915 1535 :
1952 1481 2009 1533 in

365 1565 675 1621 Occidente
730 1584 864 1621 vero
933 1568 1087 1622 circa
1141 1568 1367 1622 tertiam
1420 1569 1819 1633 indictionem,
1876 1585 2008 1623 cum

368 1661 685 1724 praeessent
714 1656 944 1726 Oppidis
967 1656 1038 1709 ad
1075 1656 1291 1710 Istrum
1326 1656 1564 1710 ﬂuvium
1586 1657 1717 1711 sitis
1738 1657 2012 1727 magister

368 1742 619 1797 Basilius
670 1749 967 1814 Apocapes
1018 1748 1072 1798 et
1120 1744 1399 1815 magister
1450 1746 1807 1816 Nicephorus
1848 1747 2010 1800 Bota-

2116 589 2201 641 καὶ
2265 587 2577 661 ἐπαίρεσθαι
2634 586 2722 641 καὶ
2807 587 2940 659 μετὰ
3025 583 3243 653 πολλῆς
3327 587 3755 658 προσρήγνυσθαι

2119 679 2497 746 πεποιθήσεως
2528 698 2537 708 ’
2572 673 2662 730 ὅτε
2704 674 2770 743 δὴ
2822 675 2910 730 καὶ
2969 674 3022 735 ἐς
3072 675 3133 728 τὸ
3162 677 3339 729 Ἀνιον
3373 672 3759 727 ἀποστέλλεται

2121 764 2245 835 δοὺξ
2302 768 2597 841 ’Λρμὲνιός
2668 787 2751 827 τις
2830 764 3167 837 Παγκράτιος
3224 761 3491 835 τοῦνομα,
3551 762 3608 815 ἐκ
3656 766 3758 815 τῶν

2120 852 2348 908 ἕνόντων
2416 854 2796 929 ὑποσχόμενος
2850 854 2917 907 τὰ
2975 851 3145 907 ἔκεῖσε
3203 851 3577 924 στρατεύματα
3625 848 3758 904 διοι-

2118 948 2252 997 κεῖν.
2314 946 2423 1000 Τοῦ
2488 941 2545 997 δὲ
2592 942 2894 998 σουλτάνου
2937 945 3046 1013 (12)
3098 941 3413 1016 παριόντος,
3473 941 3549 1012 μὴ
3586 941 3763 1011 μέντοι

2119 1053 2182 1106 γε
2239 1030 2651 1104 πημαινολὲνου
2706 1032 2805 1100 τήν
2862 1032 3050 1106 χώραν
3109 1030 3208 1099 τὴν
3267 1030 3608 1101 Ῥωμαϊκὴν,
3665 1033 3766 1082 τῶν

2119 1121 2243 1190 περὶ
2300 1121 2390 1175 τὸν
2452 1120 2789 1195 Παγκράτιον
2864 1119 3094 1189 ἐξιόντες
3152 1119 3291 1179 τινὶς
3347 1118 3450 1185 τὴν
3509 1116 3754 1192 οὐραγίαν

2118 1214 2215 1263 τοῦ
2273 1209 2631 1264 σουλτανικοῦ
2700 1205 3063 1278 στρατοπέδου
3134 1206 3373 1261 ἐσίνοντο
3451 1206 3543 1260 καὶ
3610 1206 3762 1260 κατὲ-

2119 1320 2325 1353 καινον.
2390 1302 2539 1375 [815]
2595 1301 2709 1375 Ἐφ’
2769 1300 2850 1359 οἷς
2898 1297 2989 1351 καὶ
3051 1295 3401 1367 δυσθυμήσας
3461 1296 3489 1349 ὁ
3542 1291 3762 1348 σουλτά-

2120 1409 2209 1449 νος
2242 1387 2425 1462 ἐφίησι
2456 1392 2552 1442 τοῦ
2600 1390 2787 1460 πρόσω
2837 1386 2993 1442 ίέναι.
3040 1386 3187 1460 Πρὸς
3235 1385 3297 1439 τὸ
3331 1388 3522 1439 ’Ἄνιον
3557 1381 3614 1437 δὲ
3642 1384 3761 1445 ἀνθ-

2120 1478 2434 1549 υπὲστρεψε,
2468 1478 2557 1531 καὶ
2590 1474 2658 1530 δι’
2691 1475 2890 1550 ὀλίγων
2942 1472 3162 1547 ἡμερῶν
3208 1474 3338 1527 αὐτό
3401 1494 3461 1527 τε
3492 1473 3553 1526 τὸ
3584 1478 3760 1526 ’Ἄνιον

2118 1566 2207 1619 καὶ
2275 1567 2339 1619 τὰ
2395 1565 2517 1640 περὶ
2562 1565 2691 1619 αὐτὸ
2766 1564 2939 1618 πάντα
3003 1562 3512 1638 περιποιησάμενος
3562 1558 3763 1635 στρατῷ

2117 1673 2177 1706 τι
2236 1654 2544 1728 ὀχυρώσας,
2596 1655 2682 1707 καὶ
2764 1657 3055 1726 τρατηγοῖς
3124 1648 3435 1723 ἀξιολόγοις
3490 1650 3558 1703 τὰ
3607 1647 3767 1702 ἐκεῖσε

2119 1740 2413 1814 παραδοὺς,
2466 1746 2564 1805 τῆς
2617 1745 2729 1795 τῶν
2789 1739 3072 1811 Ῥωμαίων
3120 1737 3467 1812 ἐπικρατείας
3527 1737 3657 1791 αὐτὸ
3710 1755 3769 1789 τε

367 1832 574 1887 niates.
646 1831 893 1887 Uzorum
963 1833 1120 1887 natio
1188 1834 1273 1903 (hi
1341 1835 1516 1888 etiam
1596 1840 1735 1888 sunt
1801 1849 2009 1904 genere

2126 1832 2209 1883 καὶ
2265 1833 2363 1898 τήν
2425 1831 2551 1884 αὐτὸ
2632 1828 2818 1904 χώραν
2886 1829 3268 1902 ἀπεστέρησεν.
3329 1826 3468 1901 Εἶχε
3525 1827 3619 1898 μὲν
3675 1822 3763 1877 οὖν

368 1920 613 1992 Scythae,
666 1928 723 1976 et
771 1922 1093 1976 Patzinacis
1151 1922 1466 1978 nobiliores
1523 1929 1577 1978 et
1635 1922 2015 1977 multitudine

367 2010 719 2080 superiores)
750 2027 878 2065 cum
912 2016 1034 2065 tota
1063 2017 1234 2081 gente
1261 2016 1317 2065 et
1350 2011 1600 2082 propriis
1633 2013 2013 2082 impedimen-

367 2098 444 2152 tis
496 2099 847 2153 transmisso
901 2100 1047 2153 Istro
1103 2099 1292 2171 longis
1344 2100 1589 2155 navibus
1636 2108 1690 2154 et
1735 2099 1945 2154 lembis
1984 2116 2014 2154 e

371 2188 610 2242 caudice
640 2193 837 2243 cavato
880 2190 1044 2242 factis
1078 2194 1134 2243 et
1165 2188 1417 2255 utribus,
1452 2188 1666 2243 milites
1698 2189 2010 2243 transitum

371 2276 770 2347 prohibentes,
804 2278 1083 2347 Bulgaros
1130 2278 1366 2347 inquam
1420 2283 1476 2331 et
1507 2278 1798 2332 Romanos
1829 2282 1883 2332 et
1913 2277 2014 2347 qui

371 2382 505 2420 cum
565 2366 709 2436 ipsis
772 2372 956 2430 erant,
1017 2368 1209 2420 statim
1273 2366 1658 2431 debellarunt,
1717 2382 1782 2421 ac
1837 2368 2014 2421 duces

369 2453 632 2524 ipsorum
666 2454 946 2509 Basilium
979 2456 1303 2525 Apocapem
1326 2461 1383 2509 et
1416 2455 1805 2525 Nicephorum
1838 2455 2010 2508 Bota-

372 2542 589 2596 niatem
643 2545 899 2613 captivos
940 2545 1253 2606 abduxere,
1286 2560 1639 2613 omnemque
1690 2545 1760 2598 ad
1798 2544 2010 2598 Istrum

369 2631 677 2702 planitiem
727 2631 1112 2703 complerunt.
1163 2633 1501 2687 Excreverat
1546 2632 1700 2687 enim
1734 2633 1912 2697 natio,
1949 2638 2014 2687 ut

370 2719 409 2773 ii
442 2719 542 2789 qui
573 2720 837 2774 viderant
868 2722 1314 2787 confirmabant,
1350 2723 1417 2775 ad
1472 2728 1745 2778 sexcenta
1777 2721 2011 2775 bellico-

370 2824 568 2862 sorum
602 2809 859 2863 virorum
896 2809 1098 2863 millia.
1132 2811 1199 2863 Et
1228 2812 1494 2879 quaedam
1527 2811 1681 2864 haud
1715 2812 1863 2867 655
1902 2811 2008 2864 mi-

374 2897 532 2950 nima
566 2914 699 2967 pars
722 2898 981 2967 ipsorum
1010 2898 1193 2952 divisa
1219 2915 1404 2969 usque
1436 2901 1502 2953 ad
1531 2898 2008 2954 Thessalonicam

368 2989 427 3039 et
456 2985 643 3053 ipsam
677 2985 954 3042 Graeciam
997 2985 1230 3054 irrupit,
1262 2992 1319 3041 et
1348 2988 1515 3041 obvia
1558 2988 1755 3041 omnia
1785 2988 2012 3043 vexavit

371 3074 755 3145 diripuitque,
808 3074 1038 3129 inﬁnita
1088 3076 1294 3129 abacta
1344 3076 1552 3146 praeda.
1603 3077 1710 3130 Sed
1763 3093 1894 3131 cum
1949 3078 2006 3130 in

367 3163 765 3218 vehementem
818 3164 1047 3219 hiemen
1097 3164 1418 3229 incidisset,
1469 3167 1703 3236 quando
1751 3168 1822 3220 ad
1868 3183 2006 3221 suos

368 3251 613 3318 redibat,
641 3270 751 3307 non
776 3252 965 3308 solum
999 3252 1187 3308 aliena
1208 3254 1305 3308 sed
1331 3254 1506 3307 etiam
1541 3271 1647 3309 sua
1670 3256 1785 3309 fere
1808 3254 2006 3308 omnia

2126 3254 2472 3322 Βοτανειάτην
2561 3249 2869 3326 Νικηφόρον

368 3342 586 3404 amisit,
620 3347 677 3395 et
708 3341 1026 3397 infortunio
1060 3347 1294 3413 accepto
1321 3343 1378 3397 in
1412 3347 1605 3397 castra
1635 3358 1865 3398 reversa
1896 3348 2004 3397 est.

367 3430 687 3500 Imperator
717 3436 910 3486 autem
941 3432 1011 3485 de
1044 3448 1245 3486 eorum
1279 3432 1655 3486 multitudine
1686 3433 1896 3488 certior
1926 3434 2008 3487 fa-

367 3525 496 3573 ctus
527 3520 900 3574 cruciabatur
930 3519 1125 3574 animo
1154 3526 1212 3574 et
1238 3536 1385 3590 aegre
1422 3521 1660 3585 ferebat,
1694 3522 2008 3575 exercitum

369 3614 567 3662 tamen
600 3624 802 3675 cogere
833 3615 891 3663 et
921 3609 1162 3663 idoneas
1208 3608 1406 3679 copias
1452 3614 1655 3664 contra
1682 3610 1844 3680 ipsos
1878 3611 2011 3664 mit-

372 3699 494 3749 tere
561 3697 968 3762 cunctabatur,
1036 3713 1100 3750 ac
1164 3697 1362 3767 segnis
1427 3701 1569 3762 erat,
1643 3703 1704 3752 ut
1770 3700 2008 3769 quidam

370 3783 624 3848 aiebant,
665 3786 1003 3855 sumptibus
1051 3802 1295 3856 parcens
1333 3802 1343 3840 :
1379 3790 1503 3840 erat
1549 3788 1727 3850 enim,
1761 3794 1824 3841 ut
1866 3789 2010 3842 dixi-

371 3890 527 3940 mus,
561 3890 792 3943 avarus,
824 3880 879 3928 et
914 3890 1219 3928 nummum
1260 3876 1534 3929 omnibus
1569 3876 1742 3930 rebus
1774 3881 2012 3947 antepo-

374 3962 549 4016 nebat
577 3978 590 4017 :
626 3967 689 4017 ut
718 3979 851 4017 vero
883 3962 999 4027 alii,
1034 3964 1186 4033 quod
1241 3979 1355 4016 non
1389 3964 1704 4019 conﬁderet
1733 3966 2015 4020 adversus

373 4053 569 4103 tantas
616 4050 768 4105 vires
819 4067 989 4120 posse
1037 4050 1158 4105 acie
1201 4052 1497 4107 decertare
1545 4070 1557 4107 :
1609 4070 1812 4109 omnes
1857 4056 2013 4109 enim

373 4138 714 4192 asserebant
757 4140 1222 4194 adversariorum
1260 4139 1695 4197 multitudinem
1727 4143 2013 4215 inexpug-

374 4224 1051 4298 nabilem,omnibusque
1066 4229 1450 4298 impossibilis
1466 4231 1781 4301 redemptio
1800 4233 2016 4288 ducum

374 4314 702 4379 videbatur,
734 4321 790 4369 et
816 4316 886 4370 de
918 4316 1403 4386 migrationejam
1446 4318 1641 4388 plures
1661 4322 2015 4392 cogitabant.

378 4403 701 4472 Imperator
749 4410 941 4459 autem
979 4405 1179 4460 missis
1232 4405 1436 4476 legatis
1467 4408 1537 4461 ad
1596 4409 1885 4480 principes
1918 4429 2019 4465 na-

375 4493 553 4547 tionis
585 4493 870 4557 tentabat,
903 4493 951 4547 si
1003 4493 1159 4548 factu
1209 4496 1487 4565 possibile
1518 4502 1691 4562 esset,
1727 4499 1887 4569 ipsos
1919 4502 2018 4555 ab-

2126 1920 2269 1975 οὕτω
2320 1925 2506 1986 ταῦτα,
2562 1922 2652 1973 καὶ
2731 1919 2806 1979 εἷς
2887 1921 3143 1972 τοσιῦτον
3236 1915 3482 1987 σκυλμὸν
3542 1917 3653 1985 (13)
3708 1914 3768 1965 τὰ

2121 2010 2400 2081 Ῥωμαϊκὰ
2450 2028 2777 2083 περιηγοντο
2832 2008 2967 2060 κατά
3024 2027 3083 2061 τε
3130 2006 3229 2073 τὴν
3284 2003 3477 2058 Ἀσίαν
3532 2003 3619 2057 καὶ
3672 2004 3762 2070 τὴν

2124 2098 2301 2168 ἄλλην
2356 2104 2528 2152 πᾶσαν
2593 2094 2917 2164 Ἀνατολήν.
2949 2096 3035 2149 Ἐν
3081 2092 3136 2149 δὲ
3182 2098 3250 2167 τῇ
3309 2092 3467 2147 Δύσει
3517 2092 3652 2145 κατά
3671 2090 3761 2157 τὴν

2121 2187 2310 2263 τρίτην
2354 2185 2686 2251 ἷ¹νδικτιῶνα,
2746 2185 3029 2259 ἀρχόντων
3086 2188 3193 2236 τῶν
3253 2182 3379 2256 περὶ
3428 2181 3519 2234 τὸν
3566 2181 3764 2252 Ἴστρον

2124 2276 2371 2346 ποταμὸν
2429 2278 2526 2328 τοῦ
2589 2272 2885 2349 μαγίσορου
2957 2270 3246 2328 Βασιλείου
3301 2274 3400 2324 τοῦ
3457 2269 3759 2325 Ἀποκάπου

2122 2365 2212 2418 καὶ
2262 2369 2357 2417 τοῦ
2411 2362 2709 2436 μαγίστρου
2758 2362 3074 2438 Νικηφόρου
3129 2365 3224 2415 τοῦ
3284 2358 3663 2425 Βοτανειάτου,
3704 2356 3760 2410 τὸ

2121 2457 2227 2507 τῶν
2261 2448 2448 2520 υῦζων
2482 2451 2627 2512 ἔθνος
2690 2451 2861 2523 (γένος
2932 2446 2988 2503 δὲ
3044 2449 3135 2503 καὶ
3189 2446 3340 2503 οὗτοι
3391 2449 3649 2501 Σκυθικὸν
3680 2444 3761 2498 καὶ

2121 2547 2227 2596 τῶν
2257 2541 2605 2609 ΙΙατζινάκων
2649 2538 3017 2614 εὐγενέστερόν
3075 2559 3130 2592 τε
3182 2538 3271 2591 καὶ
3319 2535 3758 2604 πολυπληθὲστε-

2125 2636 2238 2706 ρον)
2297 2629 2549 2705 παγγενεὶ
2632 2629 2764 2700 μετά
2843 2630 2942 2695 τῆς
3026 2626 3229 2687 οἰκείας
3315 2627 3623 2692 ἀποσκευῆς
3677 2624 3761 2677 τὸν

2121 2722 2330 2788 Ἵστρον
2392 2718 2688 2792 περαιωθὲν
2748 2714 2932 2787 ξύλοις
2994 2720 3224 2787 μακροῖς
3272 2714 3364 2768 καὶ
3417 2708 3646 2786 λέμϐοις
3679 2710 3759 2764 αὐ·

2118 2808 2447 2883 τοπρὲμνοις
2511 2810 2617 2877 (14)
2672 2805 2762 2860 καὶ
2844 2805 3086 2879 βύρσαις,
3157 2802 3282 2864 τοὺς
3360 2800 3755 2860 διακωλύοντας

2116 2906 2215 2967 τῆν
2271 2897 2445 2951 αότῶν
2504 2895 2794 2970 περαίωσιν
2877 2894 3231 2969 στρατιώτας,
3300 2892 3648 2965 Βουλγάρους
3702 2888 3754 2942 τὲ

2119 3008 2262 3065 φημι
2305 2988 2395 3040 καὶ
2452 2983 2759 3057 Ῥωμαίους
2834 2984 2922 3038 καὶ
2989 2982 3218 3043 λοιπούς
3275 2983 3407 3043 τοὺς
3466 2979 3615 3039 δντας
3665 2976 3748 3065 σύν

2117 3064 2323 3143 αὐτοῖς,
2373 3072 2816 3147 κατηγωνίσαντο
2864 3068 3171 3149 αἰφνιδίως,
3219 3069 3307 3123 καὶ
3371 3068 3501 3130 τοὺς
3558 3064 3747 3141 ἡγεμό-

2115 3186 2206 3227 νας
2263 3163 2437 3217 αὗτῶν
2494 3162 2586 3215 τόν
2640 3182 2697 3215 τε
2753 3160 3067 3228 Ἀποκάπην
3147 3158 3437 3213 Βασίλειον
3514 3156 3600 3211 καὶ
3662 3154 3744 3208 τὸν

2978 3246 3379 3323 αἰχμαλώτους
3456 3247 3747 3319 ἀπήγαγον,

2116 3344 2205 3397 καὶ
2237 3344 2335 3409 τὴν
2364 3341 2487 3415 περὶ
2514 3340 2607 3394 τὸν
2646 3346 2857 3412 Ἵστρον
2889 3344 3061 3393 πᾶσαν
3096 3336 3431 3410 ἐπλήρωσαν
3464 3334 3745 3408 ὕπαιθρον·

2120 3435 2479 3486 συνεποσοῦτο
2560 3429 2664 3503 γὰρ
2720 3430 2781 3482 τὸ
2841 3423 3017 3495 ἔθνος,
3092 3427 3166 3488 ὡς
3226 3427 3278 3480 οἱ
3342 3423 3546 3486 εἰδότες
3605 3417 3756 3477 διεδε-

2120 3517 2393 3586 6αιοῦντο,
2456 3518 2531 3580 είς
2590 3519 2853 3588 ἑξήκοντα
2917 3513 3182 3590 μυριάδας
3249 3514 3517 3589 μαχίμῶν
3566 3509 3755 3586 ἀνδρῶν

2118 3609 2208 3666 καὶ
2246 3608 2619 3680 πολεμιστῷν.
2653 3612 2836 3680 Μοῖρα
2882 3604 2940 3660 δέ
2989 3626 3072 3667 τις
3122 3604 3298 3658 αὐτῶν
3364 3603 3463 3658 οὐκ
3510 3602 3754 3675 ἐλαχίστη

2118 3698 2323 3754 τούτων
2385 3698 2762 3767 ἀποτμηθεῖσα
2820 3691 2951 3769 ἄχρι
3007 3690 3413 3761 Θεσσαλονίκης
3468 3690 3556 3745 καὶ
3612 3688 3759 3749 αὐτῆς

2121 3784 2388 3848 Ἑλλάδος
2419 3784 2733 3860 είσήῤῥησε,
2791 3782 2880 3838 καὶ
2922 3788 3025 3836 πᾶν
3081 3782 3144 3837 τὸ
3188 3782 3507 3855 προσουχὸν
3558 3775 3755 3832 κατελο-

2127 3879 2343 3950 μήνατο
2374 3875 2464 3929 καὶ
2509 3873 2775 3947 ἐκεράϊσε,
2825 3871 2914 3926 καὶ
2962 3869 3110 3925 λείαν
3157 3868 3363 3938 ἤλασεν
3414 3869 3511 3923 οὐκ
3541 3868 3756 3941 ἀριθμη-

2120 3968 2244 4035 τήν.
2304 3965 2545 4035 Χειμῶνι
2603 3960 2660 4016 δὲ
2708 3980 3155 4032 περιπεπτωκυια
3212 3954 3446 4029 πολλῷ,
3506 3954 3591 4010 ὅτε
3637 3952 3756 4026 πρὸς

2121 4055 2249 4116 τοὺς
2308 4055 2593 4131 σφετέρους
2645 4053 2986 4127 ὑπέστρεφεν,
3030 4050 3093 4103 οὗ
3149 4046 3313 4121 μόνον
3377 4048 3443 4101 τὰ
3488 4044 3754 4131 ἀλλότρια,

2126 4142 2273 4199 ἀλλὰ
2322 4128 2411 4197 καὶ
2469 4143 2537 4196 τὰ
2594 4140 2789 4208 ἑαυτῆς
2844 4136 3040 4214 σχεδὸν
3109 4131 3379 4191 ἀπέϐαλεν
3434 4134 3646 4197 ἅπαντα,
3676 4128 3754 4183 καὶ

2128 4231 2403 4306 δαστυχὴς
2453 4230 2530 4293 εἷς
2575 4231 2674 4299 τὴν
2752 4222 3117 4301 παρεμϐολὴν
3176 4225 3535 4297 ἐπανὲζευξεν.
3592 4222 3672 4306 Ὁ,
3705 4214 3758 4306 γδὶ

2133 4305 2387 4397 βασιλεύς
2419 4318 2826 4390 πυνθανόμενος
2854 4316 2977 4389 περὶ
3021 4319 3118 4370 τοῦ
3149 4312 3483 4386 πληθυσμοῦ
3523 4305 3755 4384 ἤσχαλλε

2134 4411 2227 4483 μὶν
2256 4409 2341 4463 καὶ
2377 4406 2669 4479 ἠδημόνει,
2698 4405 2950 4481 στρατιὰν
2999 4404 3057 4459 δὲ
3112 4404 3363 4478 ἀθροῖσαι
3412 4402 3500 4457 καὶ
3532 4397 3758 4468 δυνάμεις

2129 4497 2465 4571 ἀξιομάχους
2497 4496 2706 4573 ἀφεῖναι
2760 4494 2876 4548 κατ’
2936 4492 3110 4547 αὐτῶν
3179 4490 3540 4565 ὀκνηρότερος
3586 4483 3755 4555 ἧν,ὡ<

376 4583 587 4637 ducere
618 4587 674 4637 et
724 4581 835 4637 sibi
886 4583 1218 4653 conciliare,
1267 4584 1471 4640 multis
1516 4586 1715 4641 missis
1765 4592 2013 4644 muneri-

2138 4587 2231 4659 μὲν
2258 4607 2399 4646 τινες
2451 4582 2659 4658 ἔλεγον,
2704 4587 2813 4637 τῶν
2866 4580 3239 4653 ἀναλωμάτων
3296 4577 3478 4656 φειδοῖ
3529 4578 3610 4649 (ἦν
3646 4573 3753 4662 γὰρ.

375 4672 504 4741 bus,
565 4671 782 4742 quibus
832 4671 1238 4741 delinirentur,
1273 4677 1450 4743 atque
1503 4674 1645 4729 adeo
1693 4674 1921 4747 aliquos
1964 4697 2030 4735 ex

375 4762 518 4833 ipsis
542 4761 761 4817 crebris
787 4761 1087 4815 beneﬁciis
1115 4765 1433 4829 exceperat.
1452 4764 1558 4815 Sed
1577 4765 1731 4818 natio
1752 4766 2025 4837 maxima,

376 4858 431 4907 et
462 4853 676 4907 ldCiI‘CU
710 4851 971 4922 quotidie
1006 4850 1387 4920 irruptioncm
1436 4851 1672 4919 iaciens,
1708 4860 1772 4908 ut
1803 4856 2026 4926 stipen-

374 4940 537 4993 dium
590 4940 733 4993 illud
792 4939 1050 5003 haberet,
1088 4938 1143 4991 in
1206 4938 1422 4993 multas
1476 4940 1760 5003 Bulgaria;
1808 4954 2021 5013 partes,

366 5029 493 5099 jam
527 5028 715 5098 ipsam
750 5045 981 5098 quoque
1007 5027 1315 5082 Thraciam
1338 5034 1395 5081 et
1413 5027 1807 5083 Macedoniam
1835 5034 2022 5104 Oppri-

373 5117 591 5172 mebat.
626 5117 746 5170 Non
782 5118 972 5171 ferens
995 5122 1190 5171 autem
1216 5117 1476 5171 convicia
1504 5117 1841 5188 imperator,
1866 5126 2015 5192 quod

372 5206 444 5263 ab
504 5206 779 5260 omnibus
846 5205 1033 5277 palam
1105 5211 1166 5261 ut
1230 5222 1440 5261 avarus
1508 5213 1682 5277 atque
1744 5211 2018 5267 sordidus

2142 4676 2215 4735 ὡς
2272 4672 2495 4750 ἔφαμεν,
2557 4670 2983 4750 φιλοχρήματος
3045 4669 3134 4724 καὶ
3185 4670 3275 4723 τὸν
3336 4663 3531 4722 ὀϐολὸν
3580 4659 3754 4750 παντθς

2138 4748 2469 4837 προτιμῶν),
2507 4748 2581 4821 ὡς
2631 4757 2676 4814 δ’
2739 4757 2893 4828 ἔνιοι,
2949 4760 3023 4831 μή
3071 4757 3392 4833 ἀπσθαρῥῶν
3419 4757 3552 4831 πρὸς
3579 4748 3754 4807 τοσαύ-

2136 4874 2235 4922 την
2267 4850 2425 4926 ίσχὺν
2479 4849 2999 4921 ἀντιπαρατάξασθαι
3039 4867 3051 4879 ·
3106 4845 3337 4907 ἅπαντες
3367 4846 3469 4920 γὰρ
3499 4840 3752 4937 ἀπρόσμαῖ

2134 4961 2239 5016 χον
2300 4941 2363 4994 τὸ
2410 4944 2516 4993 τῶν
2575 4937 2827 4992 ἱναντίων
2904 4934 3117 5004 πλῆθος
3188 4932 3611 5009 διισχυρίζοντο,
3674 4932 3749 5016 καὶ

2132 5014 2421 5103 ἀμήχανος
2470 5025 2642 5082 ἐδόκει
2699 5032 2859 5080 πᾶσιν
2912 5028 2946 5093 ἠ
3008 5022 3301 5099 λύτρωσις,
3359 5022 3449 5076 καὶ
3502 5014 3749 5103 μετοικίαν

2129 5099 2324 5188 ἤδηοὶ
2356 5116 2581 5177 πλείους
2614 5110 2992 5171 ἐϐουλεύοντο.
3030 5114 3091 5171 Ὁ
3124 5110 3180 5166 δὲ
3214 5110 3463 5186 βασιλεὺς
3493 5099 3751 5183 πρεσϐείαν

2132 5208 2271 5281 πρὸς
2316 5205 2445 5267 τοὺς
2504 5202 2771 5278 ἐθνάρχας
2854 5203 3026 5257 αὑτῶν
3086 5198 3360 5262 ἐστάλκὼς
3408 5198 3642 5271 ἐπειρᾶτο
3693 5189 3755 5247 ὡς

1684 5315 1711 5369 J
1724 5316 1934 5373 ACOBI
1975 5317 2192 5373 GOARI
2230 5315 2462 5370 NOT/E.

452 5414 561 5487 (l2)
620 5413 843 5470 Sultani
901 5414 1247 5487 vocabulum
1304 5413 1635 5487 _C_edrenu_s
1694 5414 2026 5487 signiﬁcare

377 5482 522 5544 dicit
573 5487 985 5560 παντοκράτορα
1032 5484 1119 5538 καὶ
1176 5482 1418 5560 βασιλέα
1452 5482 1900 5560 [iacturum—hoc
1935 5492 2028 5560 est

374 5558 793 5632 imperatorem
824 5564 879 5614 et
912 5558 1105 5629 regem
1136 5558 1360 5630 regum.
1396 5558 1672 5632 A’Turcis
1698 5562 1821 5629 jam
1837 5558 2026 5632 _vulgo

374 5629 480 5705 pro
532 5632 773 5705 domino
824 5629 1296 5705 usurpaturgiet
1344 5644 1557 5705 nomen
1599 5629 1708 5705 hoc
1758 5630 2030 5705 princeps

372 5697 579 5765 eorum
627 5704 807 5765 habet
852 5697 988 5758 κατ⁹’
1024 5697 1221 5777 ἐξοχὴν
1271 5715 1379 5757 ceu
1422 5697 1585 5760 solus
1635 5704 1694 5762 et
1737 5697 2032 5763 maximus

2137 5412 2433 5468 dominus.
2472 5413 2555 5466 Ita
2586 5406 2998 5482 Leunclavius.
3425 5476 3438 5482 _
3552 5470 3563 5482 .

2210 5484 2323 5554 (13)
2357 5490 2501 5555 Lego
2531 5477 2937 5555 κατακλυσμόν,
2982 5495 3098 5550 qua
3136 5476 3564 5555 _voce_modern‘i
3595 5480 3749 5551 n'cgo-

2136 5547 2354 5610 tio‘rum
2389 5547 2687 5626 invgentem
2720 5547 3031 5624 procellam
3053 5547 3265 5626 solent
3283 5547 3657 5626 interpretari.

2212 5626 2326 5696 (t4)
2351 5615 2646 5681 Cedrenus
2681 5615 2738 5679 et
2766 5620 3184 5679 Constantinus
3232 5618 3297 5675 de
3325 5615 3478 5674 Adm.
3506 5615 3630 5685 Imp.
3660 5622 3747 5677 μο-

2139 5693 2342 5771 νόξνλα
2368 5699 2600 5757 vocant.
