4084 6140
335 335 455 396 385
1850 326 2248 391 HISTORIA.
3636 324 3755 387 386

344 465 458 521 οἷόν
514 486 576 520 τε
631 466 976 539 παρενεγκεῖν
1037 460 1231 524 αὐτοὺς
1266 459 1356 517 καὶ
1413 460 1781 529 καταστεῖλαι,
1814 459 1957 533 πολλ

2140 462 2512 517 ncessebatur
2550 464 2608 515 et
2647 460 3056 530 accusabatur,
3087 460 3248 531 regia
3296 462 3440 517 urbe
3483 476 3753 532 egressus

343 555 566 615 τούτοις
625 549 949 613 ἀποστείλας
1011 550 1271 625 ἐπαγωγά
1327 550 1416 604 καὶ
1475 549 1808 626 θελκτήρια·
1839 570 1947 625 χαρ

2148 551 2182 604 d
2244 550 2432 604 locum
2486 549 2585 621 qui
2623 549 3005 605 Choerobachi
3060 555 3302 603 vocatur
3358 551 3511 607 656
3568 557 3758 605 castra

346 666 516 718 σμασι
548 645 654 718 γὰρ
681 642 855 703 ἐνίους
888 640 1063 694 αὐτῶν
1117 637 1306 715 ἁδροῖς
1364 635 1703 711 ἐδεξιώσατο.
1738 640 1959 714 Μὲγιστι

2143 639 2298 706 ionit,
2330 638 2484 692 haud
2531 637 2727 709 plures
2766 643 3000 692 centum
3036 644 3093 692 et
3124 638 3566 709 quinquagenta
3597 639 3756 693 mili-

349 733 407 788 δὲ
438 730 592 794 ἔθνος
622 734 706 802 ὃν,
738 731 826 785 καὶ
862 728 949 783 διὰ
994 733 1154 783 τοῦτο
1208 728 1343 801 πρὸς
1399 730 1668 801 πορισμὸν
1729 728 1962 802 ὁσημὲρα

2145 728 2272 782 ibus
2329 743 2527 783 secum
2587 728 2905 795 adducens,
2951 744 3016 781 ex
3069 744 3183 798 quo
3234 727 3431 798 plures
3481 728 3758 783 admirari

346 821 847 899 ἆπίρῥηγνύμενον,
882 818 933 873 ἐν
967 816 1204 879 πολλοῖς
1257 819 1439 891 μέρεσι
1496 818 1593 885 τήν
1644 816 1959 891 Βουλγαρίαε

2144 818 2409 887 [nomodo
2442 833 2574 871 cum
2609 816 2768 869 hisce
2813 815 3188 870 homunculis
3222 816 3500 871 adversus
3531 820 3757 871 tantam

353 917 440 982 [P.
494 906 757 981 δ161ἤδη
813 906 870 962 δὲ
898 909 999 977 τήν
1029 928 1087 961 τε
1117 907 1332 982 Θρᾴκην
1391 908 1480 960 καὶ
1529 908 1627 974 τὴν
1676 904 1966 962 Μακεδονία

2148 904 2549 959 nultitudinem
2604 904 2879 974 congredi
2929 905 3187 959 auderet.
3221 904 3432 959 Verum
3483 922 3614 959 cum
3666 905 3761 961 ille

357 994 659 1063 συνέθλιϐε.
723 999 815 1066 Μὴ
878 997 1053 1072 φέρων
1106 994 1163 1049 δὲ
1213 996 1240 1049 6
1307 994 1561 1070 βασιλεὺς
1617 995 1683 1049 τὰ
1740 994 1970 1069 λεγόμεν

2148 1012 2174 1048 n
2210 994 2616 1064 hujuscemodi
2645 999 2924 1063 apparatu
2945 999 3278 1048 versaretur
3306 1011 3372 1049 ac
3403 995 3473 1050 de
3504 996 3761 1066 cogendo

361 1087 577 1163 (ἀνέδην
607 1087 705 1161 γὰρ
738 1086 886 1161 παρὰ
915 1084 1129 1138 πάντων
1163 1085 1237 1145 ὡς
1285 1081 1554 1160 φειδωλὸς
1601 1084 1689 1137 καὶ
1740 1082 1974 1158 γλίσχρο

2152 1083 2371 1135 xercitu
2405 1080 2756 1147 consuleret,
2790 1082 3029 1151 quidam
3077 1084 3148 1136 ad
3199 1083 3393 1153 ipsum
3426 1090 3764 1139 accurentes

358 1175 633 1249 διεσύρετό
691 1195 750 1228 τε
806 1174 896 1227 καὶ
957 1168 1304 1245 διεϐάλλετο)
1338 1167 1497 1241 ἔξεισι
1546 1179 1644 1241 τῆς
1705 1169 1971 1247 βασιλίδο‹

2155 1186 2434 1235 ccessere,
2483 1176 2658 1240 atque
2706 1171 2885 1224 duces
2933 1171 3268 1242 redemptos
3318 1175 3664 1226 nuntiarunt
3711 1178 3767 1227 et

355 1265 447 1319 καὶ
506 1263 629 1338 περὶ
688 1265 779 1317 τὸν
839 1261 1007 1317 τόπον
1070 1261 1129 1321 ’ὸς
1190 1255 1567 1335 Χοιροϐάκχοι
1618 1259 1863 1315 καλεῖται
1908 1260 1968 1325 ταὶ

2150 1258 2299 1313 otius
2322 1259 2576 1312 nationis
2598 1258 3268 1324 interitum,asserentes
3294 1261 3470 1313 duces
3501 1261 3763 1331 ipsorum

351 1354 561 1423 σκηνὴν
626 1353 915 1424 πήγνυσιν,
969 1350 1030 1404 οὐ
1090 1347 1316 1411 πλείους
1387 1354 1497 1403 τῶν
1554 1350 1742 1403 ἑκατὸν
1807 1352 1964 1415 πεντῆ

2152 1346 2453 1401 onscensis
2486 1346 2735 1416 navigiis
2764 1349 2978 1401 Istrum
3024 1348 3447 1415 transmisisse,
3478 1349 3763 1419 reliquam

347 1463 517 1495 κοντα
591 1443 938 1514 στρατιωτῶν
1015 1433 1354 1511 ἂπαγόμενος
1433 1439 1550 1509 μεθ’
1602 1438 1827 1491 ἑαυτοῦ*
1890 1438 1960 1490 ὅθι

2156 1452 2252 1489 ero
2303 1434 2743 1489 multitudinem
2796 1437 2947 1489 tame
2987 1451 3052 1489 ac
3095 1442 3253 1506 peste
3301 1442 3359 1492 et
3411 1454 3444 1491 a
3495 1438 3765 1492 ﬁnitimis

353 1532 447 1584 καὶ
511 1527 750 1589 πολλοῖς
812 1528 1103 1599 θαυμάζειν
1163 1524 1317 1599 ἐπῄει
1378 1526 1526 1587 ὅπως
1579 1525 1713 1597 μετὰ
1739 1524 1966 1580 τοσούτιι

2150 1524 2387 1593 lulgaris
2418 1528 2472 1577 et
2502 1523 2825 1577 Patzinacis
2875 1524 3224 1578 debellatam
3270 1526 3535 1580 funditus
3582 1527 3763 1581 inter-

355 1618 664 1693 ἀνδραρίων
697 1616 835 1691 πρὸς
882 1616 1150 1683 τοσαύτην
1211 1613 1428 1684 πληθὺν
1488 1613 1877 1669 ἀπεδειλίασεν.
1924 1615 1968 1667 Ἐ

2152 1613 2280 1677 isse,
2304 1612 2419 1666 Deo
2443 1629 2614 1666 omne
2644 1612 2786 1665 illud
2812 1629 2961 1682 opus
2993 1620 3361 1682 procurante.
3393 1616 3591 1669 Fertur
3612 1617 3765 1670 enim

355 1706 589 1778 τοιαύτῃ
649 1704 706 1759 δὲ
762 1707 1076 1779 παρασκευῇ
1137 1699 1291 1764 ὄντος
1350 1702 1513 1756 αὐτοῦ
1561 1703 1653 1756 καὶ
1698 1703 1821 1774 περὶ
1849 1723 1968 1755 συνο

2157 1704 2459 1771 nperator,
2491 1700 2816 1771 desperatis
2848 1702 3045 1770 rebus,
3080 1702 3359 1758 indixisse
3384 1704 3681 1774 jejunium
3713 1709 3770 1759 et

358 1802 548 1871 γωγῆς
610 1793 1015 1869 βουλευομένου
1067 1796 1317 1866 στρατοῦ,
1366 1789 1644 1866 δρομαίως
1690 1790 1971 1865 προσελθόε

569 1887 580 1898 ε
656 1879 773 1898 981‘
965 1886 989 1895 ~
1058 1880 1085 1898 n
1186 1876 1206 1898 Ἴ
1252 1884 1273 1895 ν
1374 1880 1387 1898 1
1614 1881 1641 1893 ν
1737 1883 1749 1898 Ι
1894 1878 1905 1898 Ι

2156 1790 2233 1844 ibi
2282 1794 2339 1843 et
2390 1788 2626 1859 populo,
2666 1793 2723 1843 et
2772 1789 3043 1843 assiduas
3093 1790 3551 1861 supplicationes
3601 1792 3768 1847 adhi-

358 1906 446 1945 τες
477 1887 620 1944 τινὲς
653 1879 883 1951 ἱδήλουν
924 1886 1005 1952 τῷ
1057 1876 1273 1955 βασιλεῖ
1321 1880 1421 1949 τήν
1465 1900 1524 1934 τε
1569 1881 1676 1933 τῶν
1727 1878 1971 1954 ἡγεμόνα

2164 1878 2342 1947 uisse,
2367 1878 2492 1949 ipse
2530 1878 2706 1947 pedes
2737 1877 2915 1932 simul
2948 1895 3079 1932 cum
3115 1879 3385 1951 lacrymis
3409 1882 3683 1936 incedens
3715 1887 3771 1936 et

361 1971 637 2048 λύτρωσιν
688 1971 780 2024 καὶ
848 1973 947 2023 τοῦ
1020 1965 1201 2030 ἔθνους
1268 1968 1468 2029 παντὸς
1541 1970 1640 2037 τὴν
1718 1969 1974 2022 ἀπώλεια·

2157 1967 2373 2022 ontrito
2423 1966 2612 2021 corde.
2642 1967 2765 2031 Qua
2797 1966 2888 2020 die
2932 1972 3244 2037 conspecta
3283 1975 3372 2023 est
3418 1969 3475 2024 in
3527 1970 3768 2025 Tzurolo

366 2044 665 2139 φράζοντες
694 2059 769 2120 ὡς
798 2058 849 2111 οἱ
885 2058 978 2130 μὲν
1022 2056 1291 2130 ἡγεμόνες
1343 2044 1517 2110 αὐτῶν
1570 2051 1829 2129 ἐμϐάντες
1888 2058 1979 2110 σκά

2161 2057 2195 2111 b
2228 2056 2359 2111 Uzis
2409 2057 2467 2110 in
2514 2056 2910 2110 tabernaculis
2958 2058 3461 2113 commorantibus
3514 2058 3769 2114 militum

367 2171 489 2227 φεσι
547 2150 638 2203 τὸν
700 2149 907 2222 Ἴστρον
976 2140 1352 2214 διαϐεϐήκασι,
1404 2144 1466 2198 τὸ
1544 2141 1600 2198 δὶ
1671 2142 1980 2222 περιλειφθὶ

2158 2144 2443 2199 aultitudo
2475 2144 2533 2197 in
2565 2144 2687 2198 acie
2725 2144 2977 2199 emicare
3010 2149 3066 2198 et
3094 2162 3226 2200 cum
3259 2163 3494 2202 summa
3531 2148 3771 2203 testina-

362 2239 582 2306 πλῆθος
634 2238 788 2308 λιμῷ
833 2255 891 2289 τε
948 2234 1037 2288 καὶ
1089 2232 1272 2305 λοιμῷ
1325 2239 1441 2295 τοῖς
1485 2254 1543 2287 τε
1597 2235 1975 2308 παρακειμένοι

2160 2236 2281 2289 ione
2312 2234 2516 2287 crebra
2538 2239 2737 2287 contra
2767 2232 2927 2303 ipsos
2960 2232 3072 2287 tela
3092 2234 3306 2302 jacere,
3330 2236 3411 2290 ita
3438 2242 3499 2290 ut
3530 2253 3596 2290 ex
3628 2237 3773 2308 ipsis

370 2326 711 2402 Βουλγάροις
812 2322 901 2378 καὶ
1024 2321 1380 2391 Πατζινάκοις
1479 2323 1983 2395 καταπολεμηθέντε

2158 2339 2293 2377 iemo
2346 2321 2564 2375 illaesus
2612 2322 2982 2386 remanserit,
3017 2322 3155 2390 quin
3200 2323 3412 2377 vulnus
3461 2324 3771 2397 acceperit.

369 2413 541 2491 ἄρδην
573 2412 886 2480 ἀπώλοντο,
920 2416 1053 2466 Θεοῦ
1100 2412 1161 2465 τὸ
1209 2416 1311 2464 πᾶν
1369 2410 1756 2485 ἐργασαμένου.
1793 2412 1982 2485 Λεγετο

2159 2416 2450 2482 mperator
2497 2415 2687 2465 autem
2749 2410 2864 2465 Deo
2922 2412 3204 2465 sacriﬁcio
3258 2428 3389 2466 cum
3449 2415 3772 2483 gratiarum

365 2506 467 2579 γὰρ
529 2504 603 2564 ὡς
658 2500 925 2577 ἀπογνοὺς
986 2501 1013 2554 6
1076 2498 1327 2573 βασιλεὺς
1388 2497 1445 2551 ἐκ
1497 2496 1734 2565 πᾶντων,
1766 2498 1978 2567 νηστεία

2164 2501 2353 2555 ctione
2402 2505 2655 2570 peracto,
2682 2504 2831 2553 recta
2862 2501 2929 2553 ad
2967 2499 3182 2570 regiam
3234 2501 3437 2555 urbem
3470 2518 3531 2556 se
3563 2507 3772 2556 contu-

368 2591 733 2668 παραγγείλας
810 2594 888 2661 τῷ
945 2609 1003 2642 τε
1057 2587 1259 2657 πλήθει
1331 2586 1419 2641 καὶ
1492 2587 1685 2658 ἑαυτῷ,
1746 2586 1981 2641 λιτανεία

2157 2590 2213 2655 it,
2250 2605 2420 2660 quam
2461 2588 2671 2658 reperit
2716 2587 3120 2642 admirationis
3154 2605 3218 2642 ac
3247 2590 3504 2659 stuporis
3536 2590 3770 2662 plenam

370 2681 558 2748 ἐκτενῆ
645 2678 971 2749 ἐποιήσατο,
1057 2676 1220 2737 αὐτὸς
1301 2676 1460 2743 πεζὸς
1539 2676 1983 2751 συμπορευόμενο

2157 2682 2380 2748 λοιᾶιιυο
2450 2676 2565 2731 Deo
2625 2692 2726 2746 pro
2784 2682 3019 2746 accepta
3076 2676 3263 2731 salute
3323 2677 3770 2748 persolventem.

376 2769 511 2843 μετὰ
561 2766 806 2841 δακρύων
895 2766 983 2820 καὶ
1067 2764 1533 2837 συντετριμμένης
1603 2761 1843 2835 καρδίας,
1901 2775 1989 2828 καε

2158 2766 2345 2821 7erum
2378 2781 2582 2819 omnes
2614 2766 2765 2835 quod
2811 2764 3027 2819 factum
3056 2770 3180 2819 erat
3221 2766 3484 2821 divinum
3520 2768 3771 2822 miracu-

371 2861 434 2928 ἣν
488 2860 696 2932 ἡμέραν
758 2855 923 2932 ἐφάνη
983 2858 1098 2914 τοῖς
1155 2853 1204 2907 ἐν
1254 2857 1335 2925 τῷ
1384 2852 1679 2926 Τζουρολῷ
1708 2852 1984 2924 ἐσκηνωμί

2162 2872 2250 2908 um
2310 2859 2643 2917 censentes,
2700 2853 3071 2923 imperatoris
3131 2870 3268 2925 erga
3327 2854 3508 2909 Deum
3578 2856 3775 2927 pietati

374 2969 498 3008 νοις
572 2950 679 2999 τῶν
754 2942 937 3012 Ούζων
1028 2940 1241 3011 πλῆθος
1336 2943 1719 3015 στρατιωτικὸν
1802 2941 1987 2996 ἔπιστὰ

2168 2945 2520 3011 scribebant,
2548 2945 2701 3014 quod
2733 2945 2946 2998 virtute
2977 2950 3033 2999 et
3073 2962 3185 2999 non
3219 2946 3356 3000 vitio
3388 2952 3489 3000 aut
3521 2946 3779 3017 potentia

379 3036 639 3110 ἐναέριον,
692 3031 935 3088 διᾶτττον
1001 3032 1092 3084 σὺν
1166 3027 1399 3102 σπουδῇ,
1464 3029 1597 3105 βέλη
1674 3032 1788 3084 κατ’
1849 3031 1992 3084 αὐτῶ

2160 3034 2521 3103 mperatoris,
2558 3034 2657 3087 sed
2710 3034 2990 3103 religione
3028 3034 3181 3089 Deus
3229 3035 3354 3104 ipse
3388 3035 3571 3089 ﬂexus
3601 3042 3773 3091 esset.

374 3124 582 3202 ἀφιέναι
638 3128 863 3197 συνεχῆ,
918 3119 1056 3175 ὥστε
1112 3119 1317 3191 μηδένα
1375 3118 1425 3187 ἒξ
1484 3119 1659 3173 αὐτῶν
1719 3119 1987 3191 ἀπομεῖνα

2164 3126 2268 3176 ’0Βί
2298 3121 2702 3191 hujuscemodi
2736 3121 2956 3176 cladem
2983 3122 3219 3192 quidam
3255 3139 3323 3176 ex
3353 3124 3499 3180 657
3539 3124 3683 3194 ipsis
3706 3125 3777 3179 ad

374 3197 640 3289 ἄτρωτον.
678 3213 738 3268 Ὁ
772 3209 829 3265 δὲ
862 3208 1119 3284 βασιλεὺς
1150 3212 1230 3280 τῷ
1261 3211 1376 3277 Θεῷ
1425 3205 1583 3269 θύσας
1640 3208 1705 3261 τὰ
1760 3212 1987 3281 χαριστῆ

2167 3215 2538 3280 rnperatorem
2589 3226 2653 3263 se
2703 3209 3026 3273 contulere,
3080 3227 3113 3264 a
3161 3227 3276 3279 quo
3322 3213 3573 3282 acceptis
3625 3212 3780 3284 agris

373 3322 466 3377 ρια
525 3300 647 3364 εὐθὺ
701 3306 800 3369 τῆς
869 3294 1153 3374 βασιλίδος
1229 3296 1552 3370 πεπόρευτο.
1615 3296 1751 3371 Εὗρε
1827 3293 1884 3350 δὶ
1933 3318 1986 3351 κο

2165 3297 2385 3352 ιυὺΙὶοἱε
2439 3296 2786 3351 Macedoniae
2837 3297 3111 3352 Romanis
3172 3303 3479 3369 steterunt,
3536 3306 3591 3355 et
3637 3300 3778 3355 socii

371 3390 574 3459 ταύτην
606 3387 920 3459 ἔκπλήξεως
953 3388 1225 3461 γέμουσαν
1257 3385 1344 3439 οιαὶ
1391 3385 1457 3438 τὰ
1514 3388 1726 3460 σῶστρα
1777 3388 1857 3456 τῷ
1909 3391 1984 3439 Θει

2165 3403 2395 3457 psorum
2465 3390 2640 3456 atque
2706 3385 2789 3439 eis
2846 3386 3180 3442 obedientes
3246 3387 3531 3443 hactenus
3598 3390 3778 3459 fuere,

374 3479 721 3535 ἰπιθύουσαν.
757 3475 934 3531 Ἀλλὰ
978 3475 1170 3536 πάντες
1219 3472 1413 3533 ἁπλῶς
1468 3472 1766 3546 θεοσημίαν
1822 3473 1884 3527 τὸ
1931 3495 1987 3547 γε

2166 3477 2456 3531 ionoribus
2521 3476 2829 3531 senatoriis
2895 3482 3064 3547 atque
3134 3477 3469 3533 illustribus
3534 3480 3779 3551 dignati.

373 3568 535 3643 γονὸς
564 3565 881 3641 ἐλογίζοντο
904 3565 993 3618 καὶ
1024 3566 1093 3636 τῇ
1124 3566 1221 3617 τοῦ
1256 3560 1522 3636 βασιλέως
1572 3561 1693 3637 περὶ
1754 3563 1817 3616 τὸ
1871 3567 1986 3616 Θεῖε

2170 3564 2435 3635 igebatur
2502 3570 2697 3619 autem
2767 3568 2904 3619 tunc
2963 3570 3163 3621 sextus
3221 3583 3411 3622 annus
3470 3567 3783 3639 imperanti

378 3650 622 3725 εὐσεϐείᾳ
679 3656 739 3708 τὸ
792 3657 893 3707 πᾶν
958 3651 1282 3717 ἀνετίθεσαν,
1335 3650 1498 3724 ἀρετῇ
1571 3650 1647 3722 μὴ
1722 3649 1884 3721 κακίᾳ
1936 3672 1991 3704 κο

2172 3652 2681 3721 ιυοω,,ἱηάὶοῐὶοῐ]θ
2728 3654 2918 3721 tertia,
2952 3671 3106 3709 anno
3154 3656 3295 3710 6573
3341 3657 3412 3710 ab
3460 3657 3598 3713 orbe
3648 3675 3785 3713 con-

375 3749 445 3819 τῇ
476 3742 741 3819 ἄρχοντος
775 3741 919 3817 ῥοπῇ
953 3740 1044 3794 καὶ
1076 3740 1199 3812 περὶ
1230 3740 1290 3793 τὸ
1323 3744 1473 3793 Θεῖον
1511 3733 1763 3810 εὐλαϐείᾳ
1791 3740 1851 3793 τὸ
1874 3745 2026 3793 Θεῖον
2141 3742 2282 3796 dito.

376 3834 814 3908 ἐπικλινόμενον.
861 3829 1183 3906 Προσῆλθον
1239 3827 1295 3884 δὲ
1350 3829 1555 3885 τούτων
1604 3830 1746 3891 τινες
1800 3830 1933 3902 μετὰ
1987 3830 2079 3885 τὸν
2137 3834 2383 3885 τοιοῦτον
2444 3825 2669 3905 ὄλεθρον
2729 3835 2806 3901 τῷ
2872 3830 3107 3905 βασιλεῖ,
3139 3831 3228 3886 καὶ
3290 3834 3477 3907 χώραν
3529 3829 3786 3896 λαϐόντες

380 3923 650 3997 δημοσίαν
682 3921 786 3976 ἀπὸ
818 3923 915 3989 τῆς
948 3916 1320 3987 Μακεδονικῆς
1350 3919 1417 3972 τὰ
1446 3918 1733 3990 Ῥωμαίων
1768 3917 2089 3996 ἐφρόνησαν,
2121 3919 2210 3973 καὶ
2242 3918 2528 3993 σύμμαχοι
2577 3918 2665 3972 καὶ
2711 3920 2944 3989 ὑπήκοοι
3003 3920 3209 3974 τούτων
3256 3921 3422 3996 μέχρι
3478 3929 3578 3991 τῆς
3629 3920 3786 3998 δεῦρο

377 4014 661 4091 γεγόνασι,
691 4012 781 4066 καὶ
814 4010 1136 4082 ἀξιωμάτων
1168 4007 1544 4083 συγκλητικῶν
1572 4009 1662 4062 καὶ
1695 4007 1964 4083 λαμπρῶν
1997 4010 2333 4081 ἠξιώθησαν.
2365 4010 2461 4062 Ἦν
2495 4005 2551 4062 δὲ
2580 4007 2641 4061 τὸ
2672 4013 2967 4078 τηνικαῦτα
2990 4005 3105 4071 ἔτος
3146 4011 3239 4083 μὲν
3259 4007 3411 4065 ἕκτον
3448 4010 3787 4085 βασιλεύοντι

373 4110 458 4177 τῷ
498 4101 678 4173 Δουκῖ,
714 4097 987 4154 ἰνδικτιὼν
1015 4100 1083 4174 γ’,
1121 4094 1237 4159 ἔτος
1269 4098 1435 4173 ,ςφογ’
1464 4103 1564 4166 τῆς
1593 4104 1864 4169 κοσμικῆς
1896 4096 2143 4163 κτίσεως.

452 4226 564 4303 Πρὸ
617 4222 675 4279 δὲ
729 4223 923 4279 τούτου
975 4226 1072 4277 τοῦ
1128 4217 1281 4283 ἔτους
1334 4225 1471 4275 κατὰ
1526 4220 1617 4274 τὸν
1657 4215 2025 4293 Σεπτέμϐριον

2212 4230 2378 4279 Anno
2410 4238 2542 4279 vero
2575 4222 2871 4295 superiore
2902 4223 3054 4278 circa
3095 4240 3356 4280 mensem
3388 4226 3789 4296 Septembrem

385 4322 553 4389 μῆνα,
610 4320 709 4383 τῆς
768 4308 1014 4384 δευτᾶρας
1063 4310 1468 4382 ἑπινεμήσεως,
1517 4314 1596 4383 κγ’
1653 4305 1880 4382 ἄγοντος
1934 4329 1995 4362 το

2176 4314 2460 4368 ndictione
2518 4310 3113 4378 secunda,vicesima
3171 4314 3342 4369 tertia
3398 4316 3491 4369 die
3547 4318 3789 4385 mensis,

387 4404 553 4460 αὐτοῦ
624 4402 822 4475 μηνὸς,
880 4399 1004 4473 περὶ
1063 4396 1311 4473 δευτέραν
1366 4396 1615 4472 φυλακὴν
1667 4404 1769 4465 τῆς
1819 4397 2000 4458 νυκτὸς

2181 4402 2295 4456 irca
2324 4401 2643 4456 secundam
2680 4399 2866 4454 noctis
2889 4400 3166 4471 vigiliam,
3186 4407 3349 4457 terrae
3373 4409 3566 4458 motus
3588 4404 3794 4473 ingens

386 4492 609 4564 σεισμὸς
638 4488 871 4559 ἐξαίσιος
911 4488 1099 4563 γέγονε
1154 4490 1261 4540 τῶν
1316 4488 1540 4540 πώποτε
1591 4485 1894 4561 γενομένων
1954 4485 1999 4540 ἐν

2180 4495 2336 4544 ictus
2365 4495 2422 4543 et
2451 4489 2718 4543 omnium
2740 4488 2839 4559 qui
2874 4506 3132 4559 unquam
3165 4490 3323 4546 fuere
3349 4492 3596 4546 maxime
3626 4494 3793 4547 terri-

384 4579 858 4652 πληκτικώτερος,
890 4575 948 4631 ὲκ
984 4580 1090 4630 τῶν
1133 4574 1429 4649 Ἑσπερίων
1490 4578 1669 4648 μερῶν
1715 4572 1997 4647 ἀρξάμενος

2188 4578 2303 4642 ilis,
2331 4578 2402 4632 ab
2432 4577 2761 4632 Occidentis
2808 4577 3072 4648 partibus
3120 4580 3425 4649 incipiens,
3445 4586 3619 4651 atque
3651 4582 3795 4636 adeo

388 4674 659 4729 Τοσοῦτος
692 4665 749 4721 δὲ
779 4667 844 4734 ἧν
878 4666 938 4719 τὸ
973 4664 1200 4739 μέγεθος
1232 4664 1305 4725 ὠς
1360 4663 1449 4718 καὶ
1510 4662 1687 4726 οἰκίας
1743 4662 2001 4737 ἀνατρὲψο

2186 4668 2458 4722 ehemens
2492 4671 2554 4720 ut
2586 4670 2641 4718 et
2689 4667 2893 4721 domos
2944 4666 3160 4722 multas
3193 4670 3461 4723 everterit
3492 4676 3548 4723 et
3581 4670 3799 4740 templa

392 4756 609 4818 πολλὰς
664 4753 756 4809 καὶ
834 4752 994 4813 ναοὺς
1050 4752 1137 4807 καὶ
1196 4751 1398 4813 κίονας.
1454 4751 1533 4807 Τὰ
1585 4749 1753 4823 ὅμοια
1811 4749 1867 4805 δὲ
1921 4757 2005 4805 τοῖ

2184 4760 2206 4809 t
2235 4754 2561 4808 columnas.
2594 4756 2659 4807 Et
2692 4754 2909 4808 similia
2939 4754 3010 4809 iis
3042 4772 3169 4826 quae
3204 4756 3320 4825 jam
3354 4757 3613 4812 diximus
3646 4758 3795 4813 acci-

395 4844 705 4921 εἷρημένοις
749 4841 1043 4905 πεπόνθασι
1075 4838 1375 4901 Ῥαιδεστός
1432 4860 1491 4893 τε
1544 4840 1631 4893 καὶ
1697 4840 1891 4893 Πάνιον
1951 4861 2008 4893 κα

2190 4859 2285 4898 ere
2326 4843 2587 4897 Reedesto
2634 4848 2691 4897 et
2742 4843 2916 4896 Panio
2965 4849 3138 4913 atque
3186 4845 3574 4917 Myriopbyto,
3608 4847 3688 4901 ita
3736 4853 3800 4903 ut

394 4936 457 4990 τὸ
489 4931 856 5009 Μυριόφυτον,
889 4931 962 4990 ὡς
1014 4930 1101 4984 καὶ
1164 4928 1303 5004 μέρη
1361 4932 1562 5002 τειχῶν
1608 4930 1694 4997 [Ρ.
1747 4928 1874 5000 817]
1926 4928 2007 4982 άνσ

2184 4948 2456 4985 aurorum
2498 4935 2689 5001 partes
2744 4946 2930 5001 usque
2969 4932 3040 4985 ad
3092 4933 3286 5001 ipsum
3350 4933 3797 4989 fundamentum

394 5029 666 5096 τραπῆναι
702 5022 863 5095 ἄχρις
901 5014 1212 5093 ὑποϐἄθρας
1270 5016 1359 5071 καὶ
1417 5014 1676 5081 πλείστας
1726 5015 1919 5087 οἰκίας,
1950 5038 2007 5070 κο

2198 5020 2359 5072 ἰΓυῐεε
2409 5019 2531 5072 sint
2577 5024 2634 5072 et
2682 5019 2890 5073 domus
2946 5018 3230 5088 plurimae,
3265 5024 3321 5075 et
3371 5022 3557 5076 multa
3613 5024 3802 5079 caedes

395 5112 559 5191 φόνον
607 5108 847 5185 γενέσθαι
902 5106 1100 5163 πολύν.
1154 5104 1328 5162 Ἀλλᾶ
1387 5107 1494 5177 μὴν
1553 5105 1642 5160 καὶ
1697 5106 1731 5174 ἠ
1795 5104 2008 5173 Κύζικος

2188 5112 2326 5163 acta.
2363 5106 2693 5173 Quinetiam
2726 5107 2961 5176 Cyzicus
3011 5107 3165 5163 haud
3198 5126 3405 5181 expers
3437 5111 3635 5167 damni
3670 5112 3801 5183 fuit,

396 5202 564 5258 ὁπότε
618 5198 708 5253 καὶ
762 5198 825 5253 τὸ
882 5194 933 5251 ἐν
989 5196 1125 5268 αὐτῇ
1175 5192 1503 5264 Ἑλληνικὸν
1539 5194 1680 5268 ἱερὸν
1726 5192 2004 5257 κατεσείσθ

2190 5196 2449 5265 iquidem
2500 5194 2787 5266 templum
2818 5199 3171 5262 Graecorum,
3207 5201 3359 5269 quod
3399 5200 3457 5254 in
3497 5201 3627 5271 ipsa
3657 5207 3803 5271 erat,

397 5292 595 5361 καίτῷ
650 5285 892 5357 πλείστῳ
946 5284 1093 5359 μὲρει
1134 5284 1411 5351 κατέπεσε,
1448 5283 1696 5359 μέγιστον
1750 5282 1808 5336 ὃν
1850 5288 2010 5358 χρῆμ

2191 5288 2513 5339 ommotum
2544 5289 2632 5338 est
2664 5284 2745 5337 ita
2770 5288 2834 5336 ut
2865 5283 3118 5339 maxima
3147 5285 3308 5342 illius
3337 5305 3471 5359 pars
3503 5289 3804 5362 deciderit,

399 5379 536 5454 πρὸς
569 5375 687 5441 θέαν
723 5372 794 5429 δι’
826 5372 1140 5449 ὀχυρότητα
1169 5372 1257 5427 καὶ
1295 5372 1448 5427 λίθου
1496 5377 1595 5426 τοῖ’)
1647 5370 1946 5427 καλλίστου
1990 5393 2012 5426 τ

2197 5389 2290 5426 um
2324 5378 2477 5427 esset
2499 5372 2819 5426 maximum
2844 5372 3267 5443 spectaculum,
3293 5382 3416 5431 tum
3438 5379 3592 5449 quod
3620 5379 3810 5433 muni-

402 5467 494 5524 καὶ
558 5464 808 5539 μεγίστου
866 5463 1124 5538 ἁρμονίαν
1175 5460 1264 5516 καὶ
1321 5458 1685 5532 ἀνοικοδομήν
1740 5461 1827 5514 καὶ
1880 5459 2015 5533 ὕψου

2197 5461 2455 5516 .ssimum
2491 5467 2632 5526 erat,
2658 5466 2781 5514 tum
2818 5462 2972 5533 quod
3004 5478 3070 5516 ex
3102 5464 3496 5535 pulcherrimo
3528 5467 3719 5537 lapide
3751 5474 3810 5523 et

406 5557 497 5613 καὶ
534 5556 786 5630 μεγεθους
846 5549 1140 5627 διᾶρκειαν.
1176 5549 1272 5605 Καὶ
1326 5550 1489 5624 μέχρι
1542 5548 1598 5604 δὲ
1645 5547 1738 5603 δύο
1793 5548 2018 5603 ἐνιαυτῶ

2194 5549 2416 5605 naximo
2448 5549 2855 5604 admirabilem
2900 5554 3207 5607 structurae
3239 5555 3501 5610 ordinem
3535 5556 3807 5625 habebat,

408 5642 593 5700 ἔκτοτε
650 5639 891 5720 copuian
958 5639 1251 5718 ἐπεφοίτων
1332 5640 1541 5711 σεισμοὶ
1622 5635 1852 5712 μηδαμῆ
1937 5643 2021 5693 τυῖ

2198 5656 2288 5694 um
2318 5654 2450 5694 vero
2499 5639 2655 5710 quod
2703 5638 3014 5695 aadiﬁcium
3053 5641 3347 5698 videretur
3388 5651 3448 5700 et
3496 5644 3811 5702 altitudine
