4084 6140
394 311 509 372 387

1698 306 2024 389 JOANNIS
2067 303 2477 369 SCYLITZE

388 448 446 499 et
465 443 870 515 magnitudine
887 441 1173 497 idoneain
1194 445 1543 513 perpetuum
1564 456 2010 512 permansurum

2160 436 2509 513 ἐξωροτὲροις
2560 440 3053 513 μνημονευόμενοι.
3113 443 3185 498 Τὰ
3214 442 3349 498 αὐτὰ
3392 442 3447 499 δὲ
3473 446 3558 500 καὶ
3604 450 3634 517 ἠ
3676 448 3766 503 Νί-

386 540 454 590 Et
487 550 671 605 usque
703 534 771 587 ad
804 534 953 588 duos
994 550 1180 587 annos
1212 549 1279 587 ex
1309 548 1375 586 eo
1407 536 1669 603 tempore
1704 531 2037 601 frequentes

385 630 549 679 terra
584 628 780 678 motus
832 623 1050 677 ﬁebant
1100 623 1242 676 adeo
1300 622 1565 691 ingentes
1628 624 1690 675 ut
1746 618 2035 689 ejusmodi

385 716 636 783 majores
668 719 809 766 natu
847 712 1086 765 minime
1120 712 1548 765 meminissent.
1580 710 1787 762 Eadem
1821 710 2036 762 damna

386 819 661 873 perpessa
700 806 783 855 est
832 802 1043 867 Mica-'1,
1078 801 1133 853 in
1188 817 1303 870 qua
1330 798 1616 869 templum
1670 803 1879 851 sancta
1930 798 2033 851 So-

385 893 534 964 phia
585 891 843 945 dicatum
895 897 950 943 et
1002 893 1336 942 sanctorum
1400 888 1632 941 Patrum
1675 886 1826 943 658
1881 887 2034 940 ades

384 985 777 1051 conquassata
825 984 984 1043 sunt,
1019 982 1072 1031 et
1120 979 1271 1030 muri
1324 993 1455 1031 cum
1499 977 1707 1030 civium
1760 975 2033 1030 domibus

380 1069 623 1140 collapsi
668 1074 823 1135 sunt,
856 1073 911 1121 et
959 1067 1080 1119 loca
1112 1082 1347 1137 quoque
1392 1066 1588 1119 Dromi
1641 1064 1873 1136 penitus
1906 1081 2030 1118 cor-

382 1162 641 1212 ruerunt.
671 1156 843 1209 Erant
876 1156 995 1209 hac
1026 1161 1398 1226 peccatorum
1433 1158 1635 1208 exacta
1657 1154 1946 1224 supplicia
1977 1156 2033 1207 et

381 1264 622 1318 prorsus
674 1246 752 1299 ita
800 1244 1016 1309 divina,
1052 1248 1108 1298 et
1138 1243 1465 1297 innuebant
1508 1244 1678 1297 modo
1713 1243 1874 1295 dicta
1928 1259 2028 1295 na-

376 1335 554 1390 tionis
611 1335 928 1389 adventum
983 1336 1038 1386 et
1096 1332 1448 1387 interitum:
1496 1333 1553 1385 in
1601 1332 1814 1385 divinis
1874 1331 2029 1385 enim

376 1424 661 1495 portentis
695 1440 808 1477 non
857 1437 1114 1493 praesens
1155 1426 1386 1476 tantum
1423 1422 1519 1476 sed
1558 1420 1731 1475 etiam
1768 1420 2028 1475 futurum

377 1513 729 1584 pravidetur
760 1516 817 1566 et
850 1510 1359 1582 prasigniﬁcatur.

447 1620 597 1674 Maio
630 1635 863 1691 quoque
912 1633 1132 1684 mense,
1168 1621 1378 1688 quarta
1405 1616 1634 1671 decima
1684 1616 2023 1682 indictione,

372 1709 644 1780 apparuit
702 1708 913 1763 crinita
980 1706 1144 1761 stella
1202 1712 1332 1777 post
1394 1706 1576 1760 solem
1640 1706 2025 1772 occidentem,

2148 548 2273 581 καια
2325 528 2577 592 πέπονθε
2639 531 2950 602 κατεσείσθη
3003 534 3106 607 γὰρ
3165 534 3252 588 xui
3311 535 3474 610 ταύτῃ
3515 537 3544 591 ὅ
3594 559 3647 593 τε
3693 539 3767 593 ἰπ’

2152 616 2377 690 ὀνόματι
2420 627 2520 687 τῆς
2566 620 2723 694 ἁγίας
2778 622 2980 698 Σοφίας
3011 623 3137 685 ναδς
3166 624 3255 677 xui
3284 625 3312 678 ὁ
3345 621 3626 700 λεγόμενος
3670 649 3765 683 των

2148 706 2309 781 ἆγίων
2365 708 2613 782 Πατέρων
2661 710 2849 782 σηκὸς,
2900 711 2986 765 xui
3014 713 3080 766 τὰ
3109 713 3269 789 τείχη
3304 712 3361 768 δὲ
3390 714 3480 769 σὺν
3520 723 3629 776 τοῖς
3672 738 3767 772 πο-

2147 794 2378 859 λιτικοῖς
2438 797 2699 869 οἰκήμασι
2751 802 3252 867 καταπεπτώκασιν,
3313 802 3399 857 ὅτε
3456 801 3519 873 δὴ
3576 806 3659 859 καὶ
3710 808 3769 861 τὶ

2143 889 2240 938 τοῦ
2294 888 2504 960 τρόμου
2571 888 2835 959 κατέληξε
2880 888 3086 945 τέλεον.
3148 894 3317 947 Ἦσαν
3371 890 3427 947 δὲ
3480 898 3636 948 ταῦτα
3688 897 3766 950 καὶ

2142 972 2419 1051 εἷ’σπραξις
2502 978 2595 1049 μὲν
2671 980 3081 1054 ἀμαγτημάτων
3159 980 3251 1035 xui
3312 980 3483 1057 χόλος
3538 985 3673 1046 θεῖος
3726 986 3768 1057 ἐξ

2143 1061 2395 1135 ἅπαντος,
2452 1066 2736 1139 ᾐνίττοΛτο
2776 1065 2832 1121 δὶ
2861 1068 2951 1122 xui
3009 1070 3107 1137 τὴν
3164 1075 3261 1124 τοῦ
3321 1070 3568 1146 ῥηθέντος
3597 1067 3764 1135 ἔθνους

2142 1152 2417 1208 ἐπέλευσιν
2459 1156 2546 1209 καὶ
2591 1155 2903 1210 κατάλυσιν·
2962 1156 3014 1212 ἐν
3062 1158 3161 1233 γὰρ
3208 1164 3327 1221 ταῖς
3376 1162 3684 1233 θεοσημίαις
3713 1163 3765 1216 ού

2138 1243 2202 1296 τὸ
2232 1243 2454 1306 ἐνεστὼς
2494 1245 2682 1317 μόνον,
2709 1244 2854 1300 ἀλλὰ
2882 1248 3053 1302 καὶτὸ
3089 1247 3296 1321 μέλλον
3326 1251 3757 1327 πρωτεθεώρηται

2138 1332 2226 1386 xui
2260 1353 2436 1408 προση
2450 1336 2717 1407 μαίνεται.

2209 1617 2313 1671 Καὶ
2363 1615 2527 1688 Μαΐῳ
2580 1614 2636 1672 8t
2685 1618 2815 1689 μηνὶ
2845 1625 2943 1687 τῆς
2979 1615 3041 1672 ιδ’
3097 1616 3439 1682 ῖνδικτιῶνος
3468 1621 3628 1699 ἐφάνη
3682 1643 3763 1677 x0-

2141 1707 2319 1777 μήτης
2369 1706 2594 1759 κατόπιν
2647 1710 2743 1760 τοῦ
2792 1704 2958 1776 ήλίδυ
2985 1704 3259 1777 δύνοντος,
3319 1711 3381 1763 τὸ
3429 1711 3640 1786 μέγεθος
3693 1732 3767 1765 σε·

370 1799 517 1853 luna
554 1797 978 1869 magnitudine,
1015 1797 1248 1866 quando
1282 1796 1409 1867 ipsa
1440 1795 1608 1866 plena
1640 1800 1729 1849 est
1763 1795 1983 1848 lumine

2137 1792 2365 1863 ληναῖον
2423 1794 2621 1871 φέρων,
2702 1793 2789 1850 ὅτε
2846 1793 2953 1866 ἤδη
3012 1794 3331 1875 πλησιφαής
3383 1798 3622 1872 γένηται.
3676 1803 3763 1854 Καὶ

370 1905 501 1959 qua
531 1904 595 1942 eo
626 1892 883 1958 tempore
918 1887 1143 1939 fumum
1177 1886 1441 1939 emittere
1472 1888 1528 1937 et
1561 1882 1831 1938 nebulam
1866 1886 2021 1937 vide-

370 1978 561 2045 batur,
607 1981 662 2030 et
712 1974 1038 2045 insequenti
1093 1973 1184 2028 die
1234 1974 1406 2044 capit
1453 1974 1644 2027 crines
1695 1973 2019 2040 ostendere,

371 2066 469 2136 qui
512 2069 800 2135 quantum
853 2063 1375 2134 protendebantur,
1409 2066 1637 2117 tantum
1687 2060 1870 2115 stella
1902 2078 2021 2115 ma-

371 2154 618 2227 gnitudo
652 2152 986 2219 deﬁciebat;
1024 2152 1271 2206 immisit
1294 2156 1486 2205 autem
1512 2152 1704 2206 radios
1726 2151 1796 2205 ad
1820 2150 2021 2205 Orien-

366 2247 509 2310 tem,
541 2247 596 2295 et
624 2241 694 2294 ad
726 2257 849 2295 eam
902 2249 1121 2310 partem
1173 2238 1442 2309 progredi
1474 2237 1867 2309 quadraginta
1895 2236 2019 2291 die-

370 2331 480 2385 bus
513 2330 923 2400 perseveravit.

436 2438 664 2492 Mortuo
726 2452 855 2490 vero
919 2435 1247 2505 patriarcha
1306 2432 1708 2499 Constantino,
1758 2433 2017 2487 Joannes

364 2526 712 2589 monachus,
746 2531 1130 2596 cognomento
1173 2522 1505 2593 Xiphilinus
1538 2522 1839 2592 deligitur,
1873 2522 2014 2575 Tra-

364 2623 613 2685 pezunte
645 2615 953 2681 natus,vir
1003 2612 1237 2682 sapiens
1285 2619 1341 2666 et
1390 2611 1831 2666 eruditissimus
1869 2615 1926 2664 et
1956 2610 2018 2665 in

363 2705 537 2758 rebus
572 2703 829 2774 politicis
862 2706 1163 2772 spectatus
1195 2706 1251 2755 et
1280 2700 1553 2753 virtutem
1590 2699 1794 2753 sedulo
1828 2704 2014 2752 secta-

362 2798 480 2857 tus,
515 2794 656 2846 adeo
691 2797 754 2844 ut
800 2791 856 2843 in
906 2788 1189 2861 principio
1224 2790 1482 2843 ﬂorentis
1513 2789 1700 2843 aetatis
1731 2789 2014 2842 monasti-

364 2897 491 2935 cam
530 2879 1100 2934 administrationem
1145 2878 1468 2947 susceperit
1498 2882 1552 2931 et
1582 2877 1757 2931 vitam
1810 2876 2012 2931 solita-

364 2970 511 3022 riam
562 2969 770 3038 degere
822 2966 1144 3021 instituerit
1188 2972 1448 3035 tempore
1495 2965 1649 3019 haud
1698 2965 1904 3036 exiguo
1953 2965 2013 3019 in

366 3057 608 3129 Olympo
643 3060 837 3110 monte
870 3072 882 3109 :
917 3071 1093 3124 quare
1124 3071 1294 3108 nemo
1336 3059 1541 3125 prater
1571 3054 1765 3125 ipsum
1798 3055 2011 3123 dignus

366 3146 689 3200 habebatur
719 3145 819 3215 qui
852 3145 921 3197 ad
974 3144 1154 3198 altum
1201 3142 1538 3213 patriarcha
1586 3142 1832 3213 gradum
1884 3159 2009 3212 per-

364 3236 695 3301 duceretur,
744 3234 980 3287 tametsi
1030 3250 1307 3288 recusans
1357 3250 1423 3286 ac
1475 3232 1703 3302 fugiens
1752 3232 1823 3285 ad
1874 3247 2007 3285 eum

364 3324 640 3378 honorem
698 3320 1033 3392 compulsus
1082 3327 1183 3375 est.
1221 3322 1369 3384 Quin
1420 3320 1593 3374 etiam
1644 3321 1760 3373 vita
1812 3320 2009 3374 iuncto

361 3412 661 3467 Theodulo
725 3410 1006 3481 Bulgaria
1072 3410 1511 3480 archiepiSCOpo
1572 3409 1725 3464 659
1798 3407 2010 3477 delegit

360 3500 679 3570 imperator
725 3502 1004 3554 Joannem
1050 3501 1387 3568 quemdam,
1438 3498 1786 3552 monachum
1842 3498 2008 3550 Lam-

358 3605 623 3660 pensem,
676 3588 775 3659 qui
832 3588 986 3641 idem
1045 3587 1471 3642 monasterium
1532 3602 1664 3640 cum
1713 3585 2008 3656 Xiphilino

358 3676 634 3731 coluerat.

428 3860 462 3909 Λ
498 3870 694 3909 mense
723 3860 915 3908 autem
941 3852 1176 3908 Octobri
1201 3854 1442 3907 morbus
1474 3852 1667 3923 gravis
1700 3852 2005 3921 imperato-

350 3960 471 3998 rem
507 3943 735 4007 invasit,
769 3943 865 4013 qui
901 3959 1028 3997 eum
1080 3942 1336 4013 graviter
1384 3941 1682 4012 afﬂigebat
1717 3958 1903 4011 usque
1934 3942 2004 3995 ad

346 4034 751 4103 insequentem
789 4049 1049 4086 mensem
1086 4031 1321 4093 Maium,
1355 4048 1471 4101 quo
1502 4030 1698 4098 ipsum
1736 4030 2005 4103 proﬂiga-

346 4122 431 4175 vit
478 4127 533 4175 et
582 4122 697 4174 vita
745 4120 1009 4191 privavit.
1048 4122 1183 4191 Ejus
1214 4137 1347 4175 vero
1396 4121 1687 4190 exsequia
1742 4137 1854 4174 non
1906 4120 2005 4173 ubi

348 4211 727 4280 exspectabat
758 4210 1059 4263 celebrata
1106 4215 1267 4277 sunt,
1301 4211 1401 4264 sed
1451 4225 1551 4279 per
1604 4227 1761 4264 mare
1792 4210 2006 4264 ductus

343 4298 403 4352 in
440 4301 789 4353 monasterio
823 4299 1007 4352 sancti
1055 4299 1295 4367 Nicolai,
1329 4299 1483 4369 quod
1520 4298 1866 4352 Molibotum
1902 4315 2002 4352 vo-

347 4394 537 4453 catur,
571 4388 723 4441 situs
773 4393 884 4441 est.
918 4388 1073 4441 Vixit
1112 4389 1167 4442 in
1218 4388 1463 4457 imperio
1514 4405 1699 4443 annos
1754 4393 2003 4458 septem,

348 4494 583 4531 menses
616 4494 734 4531 sex.
774 4478 953 4530 Fuere
993 4477 1107 4547 ipsi
1140 4476 1307 4530 liberi
1339 4494 1406 4531 ex
1440 4478 1690 4531 Eudocia
1722 4480 2002 4553 Augusta,

2140 1882 2296 1954 ἐῴκει
2343 1884 2435 1955 μὲν
2466 1888 2763 1953 τηνικαῦτα
2811 1883 3106 1956 ἐλπέμπειν
3149 1888 3349 1941 καπνὸν
3392 1888 3481 1941 xui
3513 1886 3768 1962 ὁμίχλην,

2134 1972 2185 2026 ἐν
2248 1969 2303 2026 δὲ
2346 1972 2414 2044 τῇ
2479 1972 2704 2047 ἐπιούσῃ
2755 1970 2953 2047 ἤρξατο
3005 1972 3414 2049 παραδεικνύειν
3451 1976 3770 2052 βοστρύχους

2129 2063 2299 2132 τινας,
2361 2062 2450 2116 καὶ
2501 2061 2629 2115 ὅσον
2681 2060 2828 2116 οὗτοι
2880 2064 3292 2137 προετάννυντο,
3324 2066 3388 2119 τὸ
3433 2066 3648 2139 μέγεθος
3684 2070 3768 2120 τοῦ

2131 2151 2351 2224 ἀστέρος
2406 2149 2698 2225 ὑπὲληγεν.
2743 2153 3013 2207 Ἀπέτεινε
3061 2149 3119 2207 δὶ
3146 2154 3240 2215 τὰς
3272 2154 3490 2216 ἀκτῖνας
3522 2155 3593 2215 ὡς
3644 2156 3767 2228 πρὸς

2128 2240 2327 2311 Ἐῲαν,
2382 2239 2471 2293 καὶ
2503 2240 2637 2312 πρὸς
2662 2239 2866 2309 ἐκείνην
2899 2242 3206 2316 προήχετο,
3254 2242 3345 2296 καὶ
3390 2243 3457 2311 ἦν
3488 2240 3768 2319 ἐπικρατῶν

2130 2327 2290 2405 ἄχρις
2321 2331 2539 2403 ἡμερῶν
2575 2350 2652 2383 ω.

2202 2434 2599 2489 Κωνσταντίνου
2641 2432 2698 2488 δὲ
2741 2439 2839 2489 τοῦ
2891 2435 3236 2511 πατριάρχου
3285 2438 3539 2501 θανόντος
3594 2438 3764 2494 Ἰωάνο

2127 2545 2225 2594 νης
2280 2524 2523 2598 μοναχὸς
2585 2524 2611 2577 ὁ
2644 2523 2872 2593 ἐπίκλην
2914 2524 3205 2599 Ξιφιλῖνος
3235 2528 3660 2602 προχειρίζεται,
3712 2526 3763 2579 ἐκ

2125 2618 2525 2686 Τραπεζοῦντος
2587 2612 2683 2684 μὲν
2743 2613 3091 2687 ὁρμώμενος,
3152 2615 3284 2690 ἀνὴρ
3348 2614 3407 2670 δὲ
3467 2617 3625 2693 σοφὸς
3680 2615 3761 2669 καὶ

2126 2703 2260 2775 πρὸς
2293 2703 2454 2776 ἄκρον
2487 2699 2819 2763 παιδεύσεως
2866 2699 3160 2771 εληλακὼς
3188 2704 3283 2758 κάν
3309 2711 3430 2767 τοῖς
3461 2706 3753 2765 πολιτικοῖς

2124 2786 2485 2865 περίϐλεπτος
2554 2792 2792 2866 γεγονὼς
2848 2791 2937 2845 καὶ
2996 2792 3189 2867 ἀρετῆς
3247 2792 3527 2869 εὐφρόνως
3585 2793 3759 2866 ἐπιμε-

2125 2879 2411 2951 λούμενος,
2445 2878 2582 2934 ὥστε
2614 2878 2665 2933 ἐν
2710 2880 2857 2955 ἀρχῇ
2888 2887 2988 2949 τῆς
3046 2879 3338 2956 εὐημερίας
3391 2883 3479 2938 xui
3520 2890 3615 2951 τῆς
3644 2882 3758 2951 ἠλι-

2121 2969 2238 3030 κίας
2296 2969 2393 3036 τήν
2459 2970 2765 3043 μοναχικὴν
2822 2969 3103 3023 ποΛιτείαν
3154 2970 3494 3035 ἀσπάσασθαι
3549 2972 3756 3027 καὶτῶν

2123 3057 2539 3132 ἀναχωρητικὸν
2587 3055 2801 3120 ἑλέσθαι
2866 3057 2979 3132 βίον
3040 3059 3243 3133 χρόνον
3303 3060 3409 3115 οὐκ
3466 3061 3551 3115 ἐπὶ
3587 3062 3758 3135 μικρὸν

2122 3147 2265 3220 παρὰ
2321 3148 2382 3199 τὸ
2434 3150 2531 3200 τοῦ
2580 3144 2865 3218 Ὀλύμπου
2923 3146 3068 3222 όρος.
3099 3150 3255 3205 ὋΘεν
3286 3149 3382 3204 καὶ
3417 3147 3590 3212 οὐδεὶς
3626 3151 3757 3219 ἄξιος

2120 3233 2266 3303 πλὴν
2336 3234 2497 3289 αὐτοῦ
2565 3233 2844 3306 ἐνομίζετο
2902 3237 3037 3311 πρὸς
3096 3237 3186 3291 τὸν
3245 3238 3461 3311 ὑψηλὸν
3521 3244 3612 3295 τοῦ
3665 3260 3755 3293 πα-

2116 3327 2384 3400 τριάρχου
2437 3325 2677 3400 βαθμὸν,
2730 3324 2774 3378 εἰ
2824 3326 2913 3379 καὶ
2964 3325 3373 3400 ἀπαναιόμενος
3426 3329 3512 3383 xui
3565 3328 3751 3406 φεύγων

2118 3411 2359 3487 ἑδιώχθη
2394 3414 2527 3487 πρὸς
2582 3416 2679 3480 τῆς
2733 3415 2922 3485 τιμῆς.
2984 3413 3159 3470 Ἀλλᾶ
3194 3416 3300 3487 μὴν
3336 3419 3428 3471 καὶ
3465 3414 3751 3472 Θεοδούλου

2116 3505 2212 3555 τοῦ
2257 3499 2598 3574 Βουλγαρίας
2628 3500 2930 3575 ἀρχιερεως
2961 3504 3322 3574 κοιμηθέντος
3365 3504 3748 3579 προχειρίζεται

2118 3591 2146 3644 ὁ
2209 3588 2476 3664 βασιλεὼς
2545 3588 2797 3658 Ἰωάννην
2850 3591 2972 3644 τινὰ
3007 3593 3251 3666 μοναχὸν
3315 3591 3376 3647 ἐκ
3405 3593 3748 3665 τῆςΛάμπης

2121 3681 2215 3752 μὲν
2273 3676 2628 3752 ὡρμημένον,
2688 3680 3024 3748 συνασκητὴν
3084 3678 3141 3734 δὲ
3194 3681 3282 3734 καὶ
3344 3682 3618 3756 σύμπονον
3666 3683 3749 3733 τοῦ

2116 3766 2430 3842 Ξιφιλίνου.

2188 3857 2323 3910 Ἀπὸ
2384 3853 2439 3909 δὲ
2495 3855 2666 3926 μηνὸς
2724 3851 3064 3931 Ὀκτωϐρίου
3110 3857 3269 3922 νόσος
3328 3858 3629 3932 ἐνσκήψασα
3678 3859 3748 3926 τῷ

2121 3942 2336 4020 βασιλεῖ
2388 3944 2708 4019 κατέτρεχεν
2761 3944 2919 3999 αὐτὸν
2974 3943 3165 4009 δεινῶς
3210 3944 3343 4022 ἄχρι
3396 3953 3491 4002 τοῦ
3520 3946 3747 4005 ἐπιόντος

2117 4032 2296 4090 Μαΐου
2354 4034 2547 4105 μηνός·
2596 4032 2648 4087 ἐν
2710 4034 2857 4104 αὐτῷ
2907 4031 2963 4087 δὲ
2991 4038 3181 4088 τοῦτον
3227 4036 3613 4112 γατειργάσατο
3665 4032 3745 4086 καὶ

2114 4130 2213 4190 τῆς
2262 4122 2495 4184 ἐντεῦθεν
2546 4126 2688 4189 ζωῆς
2743 4121 3041 4197 ἀπήγαγεν.
3094 4129 3153 4177 Ἦ
3185 4120 3241 4177 δὲ
3289 4125 3413 4178 ὁσία
3442 4124 3628 4178 τούτου
3658 4120 3745 4176 οὐκ

2116 4209 2238 4274 ἔνθα
2273 4208 2639 4285 προσεδόκησε
2685 4211 2921 4285 γέγονεν,
2954 4213 3037 4283 [Ρ.
3084 4215 3209 4285 818]
3256 4210 3403 4267 ἀλλὰ
3451 4212 3743 4268 διαπόντιος

2116 4300 2303 4373 ἀχθεὶς
2360 4299 2410 4353 iv
2469 4303 2536 4371 τῇ
2574 4302 2713 4372 μονῇ
2744 4304 2844 4353 τοῦ
2883 4300 3041 4374 ἁγίου
3074 4301 3353 4357 Νικολάου
3384 4298 3740 4371 ἐναπετέθη,ἧ

2112 4387 2356 4443 καλεῖται
2406 4381 2730 4442 Μολιϐωτόν
2771 4389 2969 4458 Ἔζησε
3019 4386 3075 4442 δὲ
3118 4389 3171 4442 ἐν
3218 4393 3285 4462 τῇ
3342 4387 3579 4464 βασιλίδι
3625 4387 3742 4462 χρό-

2114 4498 2238 4537 νους
2275 4477 2316 4544 ζ’
2364 4476 2451 4529 καὶ
2488 4482 2656 4547 μῆνας
2693 4473 2767 4546 ἓξ.
2801 4478 2968 4533 ἾΙσαν
3019 4476 3076 4532 δὲ
3118 4479 3267 4551 αὐτῷ
3316 4477 3506 4540 παῖδες
3555 4478 3604 4548 ἐξ
3650 4476 3738 4533 Εὖ-

344 4584 522 4638 quam
548 4567 739 4621 adhuc
775 4567 1035 4635 privatus
1069 4566 1314 4619 duxerat
1347 4583 1605 4629 uxorem,
1639 4583 1831 4621 mares
1865 4571 2000 4622 tres.

2125 4543 2296 4625 Βοκίας
2342 4570 2441 4633 τῆς
2489 4543 2798 4638 βασιλίδος,
2831 4567 2893 4633 ἣν
2945 4562 3021 4619 ἔτι
3057 4543 3353 4623 ἰδιωτεύων
3384 4543 3617 4642 ἠγάγετο
3654 4564 3737 4639 ἆῤ-

337 4655 605 4724 Michael,
634 4655 994 4709 Andronicus
1026 4660 1082 4708 et
1122 4654 1561 4709 Constantinus.
1605 4659 1824 4709 Horum
1863 4671 1991 4724 por-

340 4744 761 4816 phyrogenitus
808 4750 934 4797 erat
965 4744 1404 4806 Constantinus,
1438 4760 1758 4813 omnesque
1806 4745 1991 4814 impe-

341 4838 561 4888 ratores
621 4833 956 4887 declaravit.
1025 4832 1270 4886 Femina
1330 4838 1526 4885 autem
1587 4837 1735 4898 tres,
1804 4838 1988 4900 Anna,

338 4923 645 4976 Theodore
674 4928 729 4975 et
759 4924 886 4975 Zoe.
926 4922 995 4975 Et
1041 4937 1174 4975 cum
1206 4921 1489 4975 Casarem
1526 4938 1700 4974 suum
1753 4922 1988 4975 fratrem

335 5013 617 5065 Joannem
668 5010 1000 5081 delegisset,
1038 5008 1261 5064 socium
1315 5026 1661 5063 arcanorum
1714 5010 1989 5066 consilio-

340 5114 471 5152 rum
520 5106 575 5152 et
618 5098 1106 5152 deliberationum
1155 5099 1377 5152 ascivit.
1413 5102 1551 5151 Cum
1607 5099 1760 5153 diem
1812 5116 1986 5154 suum

337 5188 608 5243 obiturus
638 5195 812 5255 esset,
837 5192 908 5242 ab
954 5188 1231 5243 omnibus
1280 5188 1672 5260 syngrapham
1707 5189 1892 5259 petiit,
1929 5191 1985 5245 in

335 5294 449 5348 quo
480 5275 893 5347 pollicerentur
920 5295 1225 5347 nunquam
1250 5294 1313 5332 se
1336 5284 1544 5349 prater
1566 5279 1753 5347 ipsius
1775 5278 1986 5335 liberos

333 5366 513 5421 alium
541 5365 953 5437 imperatorem
981 5373 1361 5437 suscepturos
1387 5386 1397 5421 :
1423 5373 1478 5422 et
1498 5384 1702 5422 omnes
1732 5368 1985 5424 subscri-

330 5472 517 5527 psere.
554 5455 703 5519 Quin
754 5455 930 5509 etiam
983 5456 1325 5525 imperatrix
1377 5457 1627 5511 Eudocia
1680 5475 1983 5528 nunquam

330 5545 399 5599 ad
454 5544 700 5597 alterum
754 5543 1093 5613 conjugium
1148 5560 1210 5597 se
1258 5547 1637 5600 transituram
1691 5548 1981 5616 promisit.

330 5633 769 5707 Perfectamque
818 5633 1003 5705 ipsum
1042 5634 1439 5706 syngrapham
1474 5636 1815 5707 patriarchae
1858 5653 1981 5693 ser-

2106 4655 2250 4729 ῥενες
2305 4654 2400 4725 μὶν
2447 4658 2615 4729 τρεῖς,
2665 4654 2921 4729 Μιχαὴλ,
2976 4652 3319 4729 Ἀνδρόνικος
3360 4658 3448 4711 xui
3482 4660 3733 4713 Κωνσταν-

2100 4749 2250 4802 τῖνος
2293 4741 2521 4811 (τούτων
2584 4744 3095 4819 πορφυρογὲννητος
3138 4744 3204 4813 ἧν
3253 4746 3280 4798 ὁ
3333 4749 3732 4808 Κωοσναντῖνος,

2102 4834 2300 4894 πάντας
2355 4830 2411 4886 δὶ
2466 4830 2709 4906 βασιλεῖς
2758 4832 3146 4905 ἀνηγόρευσε)·
3208 4831 3427 4903 Θήλειαι
3474 4832 3529 4888 δὲ
3585 4835 3731 4907 τρεῖς,

2101 4929 2266 4978 ’Ἄννα
2293 4942 2350 4975 τε
2381 4922 2472 4974 καὶ
2501 4918 2775 4995 Θεοδώρα,
2824 4920 2912 4974 καὶ
2963 4924 3106 4991 Ζωή.
3144 4922 3382 4997 Καίσαρα
3425 4922 3481 4977 δὲ
3521 4923 3607 4977 τὸν
3650 4918 3707 4973 αὖ

2098 5013 2195 5064 τοῦ
2229 5006 2458 5084 ἀδελφὸν
2492 5006 2748 5076 Ἰωάννην
2801 5008 3295 5082 προχειρισάμενὸς
3327 5009 3580 5064 κοινωνὸν
3613 5007 3725 5081 βουα

2102 5095 2385 5171 λευμοὶτων
2470 5094 2864 5170 μυστηριωδῶν
2943 5098 3032 5150 xui
3110 5099 3439 5170 σκεμμάτων
3515 5095 3718 5158 ἰτίθετο.

2101 5185 2339 5245 Μέλλων
2401 5184 2457 5239 δε
2501 5184 2754 5255 τελευτᾷν
2787 5183 3055 5262 ἔγγραφον
3100 5188 3376 5259 ἀπῄτησεν
3412 5188 3469 5242 ix
3524 5186 3721 5239 πάντων

2101 5277 2174 5337 ὡς
2232 5276 2329 5330 οὒκ
2380 5273 2438 5328 ἄν
2486 5294 2617 5328 ποτε
2664 5276 2809 5348 παρὰ
2863 5276 2990 5337 τοὺς
3048 5277 3215 5331 αὐτοῦ
3270 5275 3464 5338 παῖδας
3516 5270 3722 5350 βασιλέα

2098 5362 2279 5440 ἕτερον
2356 5360 2625 5433 δέξαιντο·
2717 5361 2768 5415 ἐν
2859 5364 2903 5435 ᾧ
2988 5366 3407 5441 καθυπὲγραψαν
3488 5365 3717 5422 ἅπανυιςι

2098 5454 2211 5526 ἅμα
2258 5455 2362 5524 μὴν
2403 5451 2491 5506 καὶ
2525 5452 2557 5519 ἠ
2598 5450 2815 5524 βασιλὶς
2852 5450 3086 5530 Εύδοκμ
3118 5455 3191 5515 ὡς
3226 5456 3325 5509 οὐκ
3356 5452 3413 5508 ἂν
3448 5451 3567 5507 οὐδὲ
3596 5445 3716 5511 αὐτὴ

2095 5543 2231 5618 πρὸς
2294 5539 2540 5615 δεύτερον
2611 5540 2896 5607 ἐλεύσηται
2948 5544 3298 5609 σονοικὲσιον,
3364 5543 3453 5598 xui
3510 5540 3717 5610 ἀπαρτι-

2096 5632 2215 5688 σθὲν
2267 5634 2345 5704 τῷ
2401 5627 2718 5707 πατριᾶρχη
2770 5629 3056 5710 φυλάττειν
3114 5632 3425 5691 δεδώκασιν.
3460 5636 3608 5695 Ὅθεν
3637 5622 3716 5681 καί
