4046 6144
310 342 433 402 389
1831 336 1908 397 Η]

2135 333 2201 394 [A
2217 382 2230 394 .
3613 342 3733 403 390

311 472 463 549 παρὰ
507 475 577 545 τῇ
622 472 836 546 γυναικὶ
892 471 981 526 καὶ
1039 468 1279 546 βασιλίδι
1337 473 1405 525 τὰ
1451 471 1622 525 πάντα
1676 468 1909 536 πεποίηκ

2129 467 2331 523 audam
2382 470 2695 525 tradidere.
2748 471 2936 534 Quare
2993 477 3049 526 et
3097 472 3237 526 dum
3296 489 3439 527 uxor
3486 479 3544 529 et
3590 475 3727 530 dum

321 561 741 640 σωφρονεστάτη
799 582 859 615 τε
917 562 1255 634 νομιζομένῃ
1314 557 1502 633 τάνδρὶ
1549 560 1640 613 καὶ
1697 553 1919 630 παιδοτρ

2142 565 2355 630 ugusta
2386 562 2514 627 fuit,
2546 562 2744 617 omnia
2772 562 2851 617 ita
2903 562 3037 617 fecit
3070 567 3132 617 ut
3162 568 3219 617 et
3248 564 3367 618 viro
3401 566 3736 621 castissima

320 650 488 722 ϐῆναι
565 646 927 727 ἀκριϐεστάτῃ
980 650 1070 704 καὶ
1127 651 1264 724 πρὸς
1325 651 1387 703 τὸ
1434 650 1502 703 τὰ
1547 647 1701 703 κοινᾶ
1758 645 1918 700 διοικε

2136 650 2231 704 :in
2276 652 2655 708 instituendis
2704 654 2906 709 liberis
2955 654 3411 725 diligentissima
3460 662 3516 711 et
3544 658 3601 711 in
3635 660 3734 713 ad-

318 744 652 815 ἱκανωτάτῃ.
707 738 950 810 Τελευτᾷ
981 738 1037 793 δὲ
1067 739 1156 794 καὶ
1190 741 1217 794 ὁ
1272 738 1528 814 βασιλεὺς
1567 738 1698 791 ἐτῶν
1735 733 1807 789 ὢν
1858 735 1916 803 ἐξ

2132 741 2481 797 iinistranda
2514 744 2808 812 republica
2856 745 3111 798 maxime
3156 744 3366 800 idonea
3399 745 3715 801 haberetur

321 853 490 886 κοντα
542 829 633 884 καὶ
695 828 888 903 μικρόν
950 850 1001 883 τι
1060 829 1216 902 πρός.
1278 826 1497 884 Ε’ίϐιστο
1551 826 1609 880 δὲ
1640 825 1817 900 λέγειν
1854 844 1919 877 πε

2138 830 2334 883 loritur
2378 833 2693 901 imperator
2741 849 2926 886 annos
2958 834 3112 887 660
3146 838 3316 887 natus
3348 837 3649 906 sexaginta
3680 842 3736 892 ct

328 926 437 974 τῶν
483 913 951 974 ὶπιϐουλευόντων
983 916 1127 988 αὐτῷ
1182 918 1256 979 ὡς
1302 924 1470 989 τιμῆς
1505 917 1598 988 μὲν
1631 916 1718 969 καὶ
1753 934 1926 989 ’χρημτ

2137 917 2264 970 aulo
2317 918 2591 988 amplius.
2638 920 3032 974 Consueverat
3081 927 3273 976 autem
3309 922 3500 978 dicere
3550 925 3621 977 de
3665 924 3735 978 iis

332 1031 443 1063 των
473 1009 562 1063 οὐκ
589 1007 950 1082 ἀποστερήσει
987 1007 1233 1075 τούτους,
1287 1006 1400 1061 ἀντ’
1450 1003 1746 1079 ἐλευθέρων
1800 1000 1857 1056 δὲ
1902 1003 1930 1054 ti

2138 1007 2184 1057 ui
2218 1006 2327 1060 sibi
2362 1007 2801 1075 insidiarentur,
2839 1026 2899 1062 se
2930 1010 3149 1064 honore
3180 1015 3236 1065 et
3269 1012 3530 1081 pecuniis
3557 1014 3736 1067 haud-

336 1098 725 1173 ἀργυρωνήτων
786 1095 1083 1171 ἐχρήσατο⁸
1134 1119 1161 1147 ‹‹
1222 1094 1558 1171 Ἀφειλόμην
1598 1091 1656 1147 δὲ
1710 1092 1808 1147 οὐκ
1867 1091 1934 1165 ἐγι

2138 1111 2381 1165 uaquam
2412 1112 2510 1149 eos
2546 1097 2931 1167 privaturum,
2966 1099 3065 1153 sed
3104 1105 3167 1152 ut
3222 1101 3468 1170 captivis
3496 1106 3736 1171 argento

328 1189 424 1254 τήν
500 1183 806 1258 ἐλευθερίαν
886 1182 1101 1249 αὐτοὺς,
1161 1180 1286 1237 ἀλλ’
1346 1182 1398 1236 οἱ
1447 1181 1608 1252 νόμοι
1669 1178 1926 1234 ὲκπτώτοι

2138 1186 2293 1254 nptis
2328 1202 2596 1251 usurum,
2634 1204 2746 1241 non
2781 1193 2977 1241 autem
3006 1205 3104 1243 eos
3128 1195 3190 1242 ut
3224 1188 3434 1244 liberos
3467 1191 3736 1246 homines

320 1279 421 1339 τῆς
474 1272 752 1334 πολιτείας
800 1274 1207 1342 ποιήσαντες.»
1253 1276 1382 1332 Τοῖς
1433 1268 1490 1324 δὲ
1538 1269 1721 1343 λόγοις
1770 1268 1918 1342 ἐξόχι

2140 1272 2425 1328 abiturum
2464 1293 2475 1329 :
2512 1298 2537 1324 ι(
2572 1276 2777 1329 Adcmi
2811 1282 3030 1341 autem,
3065 1277 3277 1347 aiebat,
3312 1296 3423 1334 non
3460 1296 3565 1351 ego
3594 1281 3738 1350 ipsis

320 1364 741 1439 προσκείμενος,
773 1385 802 1412 ‹‹
834 1356 1317 1439 *Οφελον,ἔλεγεν,
1351 1359 1409 1413 ἐκ
1436 1359 1640 1414 τούτων
1670 1359 1703 1427 ἢ
1736 1361 1834 1422 τῆς
1874 1358 1918 1431 βε

2140 1364 2436 1431 bertatem,
2471 1365 2572 1419 sed
2606 1364 2786 1435 leges,
2834 1383 2958 1435 qua}
2984 1367 3116 1435 jure
3166 1366 3416 1422 civitatis
3443 1368 3605 1439 ipsos
3638 1387 3738 1424 ex-

319 1454 533 1515 σιλείας
575 1451 968 1527 ἑγνωριζόμην,
1018 1474 1045 1503 ››
1097 1455 1347 1511 Γενναῖος
1400 1447 1458 1503 δὶ
1504 1447 1578 1502 ὥν
1634 1450 1735 1515 τὴν
1788 1450 1917 1521 ψυχπ

2142 1451 2274 1505 dere
2306 1452 2585 1506 fecerunt.
2620 1475 2645 1501 ››
2678 1452 3020 1524 Disciplinis
3069 1454 3279 1510 eximie
3329 1457 3585 1525 deditus,
3618 1458 3733 1513 aie-

320 1543 462 1619 πρός
512 1563 637 1595 τινα
685 1540 941 1614 εἰρηκότα
988 1539 1062 1601 ὡς
1112 1539 1273 1599 αὐτὸς
1321 1537 1379 1592 ἂν
1431 1536 1605 1607 ἡδέως
1659 1537 1918 1611 μαχόμενι

2135 1546 2203 1604 at,
2263 1563 2281 1587 ιι
2342 1541 2576 1596 Utinam
2609 1559 2679 1596 ex
2708 1541 2781 1597 iis
2805 1542 2998 1613 potius
3032 1559 3205 1613 quam
3232 1561 3297 1598 ex
3324 1545 3568 1616 imperio
3600 1563 3733 1618 cog-

322 1631 531 1687 Ξκείνου
578 1632 641 1686 τὸ
692 1628 826 1685 ἴδιον
876 1634 1035 1702 σῶμα
1074 1623 1435 1701 προϐάλοιτο,
1470 1652 1496 1679 ‹‹
1533 1626 1805 1702 Εὐφήμει,
1839 1626 1920 1679 εἴπ

2138 1645 2375 1683 )scerer.
2412 1652 2439 1678 »
2472 1631 2733 1701 Cumque
2765 1630 2878 1685 alto
2930 1632 3127 1685 animo
3159 1639 3336 1699 esset,
3370 1634 3602 1688 cuidam
3638 1635 3736 1706 qui

320 1723 410 1775 καὶ
474 1721 521 1775 εἷ
587 1719 818 1794 βούλοιό
872 1740 932 1794 γε
1006 1718 1224 1772 πεσόντι
1278 1716 1557 1789 ὲπένεγκαι
1607 1715 1826 1790 πληγήν
1885 1736 1917 1768 κ

2142 1718 2193 1771 bi
2229 1718 2453 1773 dixerat
2488 1735 2547 1772 se
2582 1719 2834 1773 libenter
2876 1726 3237 1791 pugnantem
3274 1723 3575 1792 proprium
3610 1740 3739 1777 cor-

321 1811 507 1871 αύτός.
543 1834 571 1860 η
607 1810 749 1881 Πρὸς
779 1806 836 1862 δὲ
864 1809 953 1861 τὸν
999 1807 1125 1870 τοὺς
1172 1806 1372 1879 νόμους
1401 1800 1853 1881 ἐξακριϐούμενον
1887 1802 1919 1857 ει

2140 1824 2197 1861 us
2232 1824 2332 1878 pro
2363 1807 2462 1862 illo
2490 1807 2850 1872 oblaturum,
2882 1832 2909 1857 «
2941 1808 3197 1877 Meliora,
3231 1810 3445 1880 inquit,
3482 1812 3738 1881 loquere,

321 1855 507 1871 “""“
543 1855 568 1860 "
608 1855 748 1881 "7'"
783 1855 836 1862 "
875 1855 947 1861 "'
1011 1855 1123 1870 ""'
1182 1855 1372 1879 "t""‘
1404 1855 1779 1881 '5“'T""r'"
1804 1855 1844 1857 Ἡ
1891 1855 1904 1857 -

318 1905 398 1971 τῷ
434 1897 730 1973 βούλεσθαι
758 1894 982 1967 ἀδικεῖν,
1022 1922 1041 1947 ι
1078 1894 1259 1967 Οὗτοι,
1292 1893 1507 1973 ἔφησεν,
1538 1896 1589 1947 o't
1631 1894 1795 1966 νόμοι
1827 1895 1916 1966 ἠμ

2140 1855 2196 1861 ³-⁷
2233 1855 2329 1878 1""
2364 1855 2459 1862 ""'
2492 1855 2850 1872 """"“"“"
2888 1855 2906 1857 ’⁷
2941 1855 3197 1877 "‘“""""7
3232 1855 3445 1880 ”“⁹Ὶ“’“’“¹9
3482 1855 3738 1881 ⁸υῚ““’“ν⁷

2140 1913 2154 1950 3
2185 1898 2232 1951 si
2268 1914 2359 1950 me
2392 1896 2623 1967 lapsum
2655 1897 2894 1963 videris,
2929 1899 3175 1969 ipsemet
3206 1899 3349 1955 mihi
3386 1899 3617 1971 plagam
3650 1901 3738 1955 in-

321 1988 719 2045 ἀπολωλὲκασι
776 2011 805 2040 ››

2147 2003 2191 2038 r.
2228 2007 2255 2034 ››
2290 1986 2365 2040 Ad
2401 2003 2533 2041 eum
2568 1988 2668 2057 qui
2702 1987 2966 2043 studiose
2997 1987 3155 2060 leges
3201 1989 3539 2059 inquirebat
3567 2008 3740 2062 prop-

2089 2079 2245 2130 terea
2277 2078 2430 2147 quod
2462 2093 2693 2146 peccare
2725 2084 2983 2149 cuperet,
3017 2079 3188 2147 dixit,
3220 2102 3247 2129 «
3283 2083 3411 2135 lstaa
3444 2097 3549 2135 nos
3584 2080 3741 2152 leges

2091 2166 2419 2235 perdidere.
2457 2188 2484 2215 ››

390 2284 677 2358 Κατέσχον
724 2280 780 2337 Si
838 2282 901 2335 τὰ
952 2298 1202 2354 σκηπτρα
1245 2282 1347 2363 τῆς
1404 2268 1745 2363 βασιλείαςῆ
1777 2290 1835 2323 τε
1881 2268 1973 2322 σύ-

2160 2287 2475 2344 Obtinuere
2509 2294 2703 2345 autem
2729 2290 2954 2360 imperii
2981 2296 3209 2361 sceptra
3240 2295 3295 2344 et
3318 2292 3531 2363 conjux
3556 2293 3741 2363 ipsius

324 2383 485 2449 ζυγος
520 2373 687 2427 αὐτοῦ
743 2370 832 2425 καὶ
883 2371 934 2424 oi
979 2366 1189 2429 παῖδες.
1222 2366 1288 2422 Oi
1333 2361 1389 2417 δὲ
1441 2363 1541 2430 τὴν
1589 2360 1764 2431 Ἐῴαν
1816 2378 1922 2412 κατι

2143 2377 2360 2431 .liberi.
2396 2379 2566 2432 Turci
2600 2396 2729 2433 vero
2781 2379 3032 2433 Orientis
3067 2380 3361 2450 regionem
3398 2398 3741 2452 percurren-

321 2465 617 2537 τρέχοντες
664 2465 893 2535 Τοῦρκοι
942 2456 1106 2513 πάλιν
1163 2459 1279 2515 τοῖς
1328 2451 1451 2525 περὶ
1497 2451 1596 2517 τὴν
1659 2451 1919 2504 Μεσοποτι

2141 2482 2173 2517 ις
2205 2483 2411 2520 rursus
2441 2483 2538 2521 eas
2571 2467 2962 2521 Romanorum
2988 2468 3181 2538 ecpias
3214 2485 3339 2538 quae
3371 2470 3440 2522 ad
3477 2473 3739 2541 Mesopo-

329 2536 459 2627 μίαν
504 2548 825 2625 ἐφήδρευον,
876 2549 965 2602 καὶ
1024 2544 1260 2619 μάλιστα
1309 2546 1426 2596 τοῖι⁹
1473 2538 1597 2614 περὶ
1658 2536 1927 2627 Μελιτήνη

2137 2555 2325 2607 uniam
2361 2559 2546 2622 erant,
2582 2556 2680 2609 sed
2718 2555 2966 2610 maxime
3012 2572 3109 2609 eas
3144 2573 3269 2626 quae
3303 2558 3371 2610 ad
3410 2556 3735 2613 Melitenem

326 2638 915 2717 ὲστρατοπεδευμένοις
976 2638 1303 2707 Ῥωμαϊκοῖς
1350 2629 1764 2703 στρατεύμασιν,
1825 2623 1924 2679 οτίπι

2137 2649 2281 2697 ιειιιιι
2349 2649 2681 2714 posuerant,
2745 2645 3133 2712 obsidebant;
3191 2662 3314 2711 quae
3374 2652 3735 2701 commeatus

324 2736 425 2786 τοῦ
479 2730 799 2803 ὀψωνισμοῦ
858 2724 1197 2795 ἐνδεήσαντες
1248 2720 1337 2776 καὶ
1398 2723 1504 2772 τῶν
1565 2717 1809 2784 συνήθως
1848 2735 1922 2767 πα

2136 2732 2435 2799 idigentes,
2469 2737 2524 2785 et
2555 2732 2626 2785 iis
2679 2734 2826 2787 cibis
2857 2734 2957 2803 qui
2994 2733 3105 2787 sibi
3157 2733 3491 2803 frequenter
3521 2752 3734 2806 suppe-

331 2821 612 2895 εχομὲνων
650 2818 831 2878 αὐτοῖς
866 2814 1183 2888 σιτηρισίων
1224 2808 1565 2883 στερούμενοι
1599 2802 1793 2865 ἐνδεῶς
1826 2806 1929 2878 εἶχε

2153 2821 2259 2873 tari
2292 2826 2715 2876 consueverant
2760 2822 2988 2892 privati,
3024 2822 3221 2892 inopia
3252 2822 3741 2877 conﬂictabantur

332 2891 423 2963 καὶ
455 2912 749 2972 ταπεινῶς,
782 2907 917 2980 πρὸς
967 2903 1185 2963 τούτοις
1236 2898 1292 2954 δὲ
1339 2898 1427 2967 καὶ
1468 2893 1702 2969 ὀργίλως
1752 2891 1841 2946 διὰ
1877 2894 1930 2946 τοὶ

2135 2922 2154 2959 ο
2186 2907 2395 2961 misere
2444 2909 2749 2979 degebant.
2803 2909 2884 2962 Ad
2922 2908 3040 2962 haec
3093 2909 3225 2962 irati
3258 2911 3328 2962 ob
3382 2925 3575 2963 rerum
3611 2910 3733 2963 ino-

338 2996 560 3065 ἔνδειαν,
606 2998 697 3051 καὶ
763 2996 838 3067 μή
894 2999 1011 3055 τοῖς
1088 2988 1347 3064 ξ’θαγενάσι
1404 2985 1724 3060 σρατιώταις
1785 2980 1936 3054 βούλε

2138 2994 2245 3049 iam
2277 3013 2409 3049 cum
2442 2996 2733 3067 indigenis
2769 2995 3055 3050 militibus
3087 2997 3363 3065 conjungi
3399 3013 3463 3051 ac
3495 2998 3736 3052 ﬂuvium

342 3091 457 3141 σθαι
490 3084 767 3148 συνελθεῖν
800 3085 887 3137 καὶ
940 3082 1029 3135 τὸν
1080 3078 1367 3157 Εὐφράτην
1403 3075 1494 3128 σὺν
1527 3074 1710 3133 αὑτοῖς
1744 3071 1940 3143 περαιιέ

2136 3084 2435 3154 upbratem
2470 3102 2600 3139 cum
2632 3086 2777 3156 ipsis
2808 3086 3058 3139 transire
3089 3085 3381 3139 nolebant.
3418 3088 3734 3141 Advenien-

336 3178 545 3231 σασθαι.
601 3172 1016 3248 Ἐπερχομὲνων
1070 3170 1158 3222 οὗν
1212 3171 1319 3219 τῶν
1376 3162 1655 3236 Τούρκων,
1718 3160 1874 3231 μόνοι
1924 3180 1934 3211 ‹

336 3273 380 3280 --
417 3265 436 3280 ς
618 3262 633 3280 \
679 3262 691 3279 ς
872 3260 880 3273 ι
957 3279 960 3280 ,
1052 3256 1165 3280 ν---
1219 3255 1391 3280 --.ν-1,-.
1439 3251 1687 3280 -.’._...-:'_'.-
1721 3250 1820 3280 ,τι-ιλ
1869 3252 1933 3280 -ἲῗ

2138 3173 2246 3226 bus
2276 3172 2458 3244 igitur
2488 3174 2715 3237 Turcis,
2768 3191 2898 3227 cum
2935 3173 3039 3227 soli
3092 3172 3347 3227 Meliteni
3381 3174 3736 3229 restitissent

333 3262 636 3334 Μελιτηνοὶ
669 3260 1002 3320 ἀντιστάντες
1047 3256 1171 3331 ἄτερ
1214 3255 1392 3309 αὐτῶν
1438 3251 1687 3325 εὐμαρῶς
1721 3250 1822 3302 ὑπὸ
1868 3252 1931 3303 τᾶ

2133 3265 2214 3318 inc
2260 3264 2426 3334 ipsis,
2484 3264 2648 3318 facile
2697 3282 2728 3317 a
2783 3265 3051 3318 Barbarie
3100 3264 3299 3335 procul
3336 3264 3731 3331 iaculantibus

334 3349 638 3429 Βαρϐάρων
689 3351 762 3411 ὡς
840 3344 1121 3417 ἑκηϐόλων
1193 3341 1550 3414 ἐλυμαίνοντο
1608 3339 1698 3429 xui
1765 3359 1922 3429 κατετ

2138 3353 2450 3406 edebantur
2489 3362 2538 3405 et
2587 3352 2828 3405 vulnera
2878 3352 3263 3422 accipiebant,
3298 3353 3443 3407 661
3483 3369 3613 3407 cum
3650 3353 3736 3407 illi

330 3445 669 3518 τρώσκοντο,
729 3439 945 3492 ἀπαθῶν
997 3436 1174 3489 αὐτῶν
1236 3430 1622 3503 διαμενόντων,
1673 3424 1774 3489 ἓως
1821 3428 1928 3481 ἀνα·

2134 3443 2232 3495 ihil
2279 3442 2613 3496 detrimenti
2668 3442 3011 3513 acciperent,
3065 3445 3250 3511 quoad
3305 3443 3488 3497 coacti
3522 3445 3591 3497 ad
3627 3444 3732 3498 ﬂu-

329 3513 612 3589 κασθὲντες
662 3530 748 3601 [Ρ.
780 3528 905 3598 819]
955 3524 1030 3587 εἷς
1084 3524 1174 3577 τὸν
1234 3519 1478 3591 ποταμόν
1523 3538 1581 3571 τε
1638 3513 1829 3593 ἔφυγον
1887 3537 1927 3569 κς

2134 3533 2246 3585 ium
2298 3532 2590 3602 ﬁugerunt,
2624 3535 2680 3585 et
2728 3532 2796 3584 ad
2851 3531 3233 3601 pugnandum
3284 3532 3598 3587 constitere
3651 3532 3732 3587 vel

332 3622 470 3695 πρὸς
508 3618 695 3691 μάχην
748 3616 835 3668 καὶ
895 3610 1113 3669 ἄκοντες
1167 3608 1392 3679 ἔστησαν
1448 3606 1535 3660 καὶ
1593 3609 1738 3658 νῶτα
1794 3602 1930 3658 δοῦνι

2138 3620 2275 3689 iviti,
2320 3626 2376 3673 et
2423 3625 2582 3687 terga
2629 3619 2767 3673 dare
2813 3618 2869 3672 vi
2919 3619 3208 3690 compulsi
3263 3626 3420 3675 sunt.
3474 3624 3736 3692 Cumque

324 3704 767 3785 παρεϐιάσθησαν
804 3721 816 3733 ⁸
849 3703 937 3756 καὶ
984 3706 1193 3775 τροπῆς
1240 3694 1536 3773 γενομένης
1565 3690 1751 3747 ἔπεσον
1785 3714 1917 3768 συχν

2139 3707 2343 3777 iperati
2375 3712 2593 3775 essent,
2628 3707 2798 3761 multi
2829 3725 2895 3761 ex
2940 3708 3085 3778 ipsis
3117 3707 3398 3778 cecidere,
3432 3710 3671 3779 quidam
3705 3727 3737 3765 a

357 3777 634 3871 ξάύτῶν,
683 3792 823 3853 τινες
869 3789 925 3845 δὶ
971 3789 1060 3844 καὶ
1112 3787 1335 3861 ζωγρίαι
1385 3784 1488 3838 ὑπὸ
1538 3788 1643 3837 τῶν
1680 3777 1955 3871 Βαρϐάρωε

2135 3797 2355 3850 arbaris
2401 3796 2514 3850 vivi
2565 3796 2739 3866 capti,
2792 3795 3001 3866 reliqui
3057 3798 3115 3849 in
3166 3798 3371 3851 urbem
3404 3799 3733 3853 Melitenam

328 3870 671 3964 ὶλήςρϐησαν.
718 3883 781 3937 0i
832 3878 888 3934 δὲ
940 3878 1125 3934 λοιποὶ
1180 3880 1260 3946 τῷ
1311 3872 1455 3927 ἄστει
1507 3874 1604 3939 τῆς
1660 3870 1926 3940 Μελιτηνῦ

2135 3902 2146 3937 3
2193 3883 2515 3939 incolumes
2562 3890 2945 3955 receperunt;
2999 3900 3146 3953 quos
3193 3885 3429 3939 Barbari
3480 3890 3733 3940 contem-

328 3960 685 4044 ἆνεδ-ύθηςαν,
750 3968 1249 4045 Περιφρονήσαντες
1323 3960 1380 4015 δὶ
1426 3960 1653 4020 τούτους
1712 3960 1762 4013 οἱ
1834 3966 1926 4032 Ba;

2137 3977 2291 4026 entes
2323 3972 2499 4026 veluti
2534 3972 2855 4026 debellatos
2902 3976 2958 4025 et
3009 3972 3349 4037 imbecilles,
3389 3978 3735 4042 percurrunt

324 4061 488 4137 ϐαροι
552 4064 623 4123 ὡς
671 4058 780 4131 ἤδη
829 4053 1292 4130 καταστραφέντας
1360 4050 1448 4104 καὶ
1495 4050 1731 4112 ἀσθενεῖς
1791 4046 1922 4123 ἐκτρί

2137 4078 2272 4131 aque
2293 4062 2361 4114 ad
2387 4060 2706 4115 Caesaream
2732 4060 2927 4115 omnia
2956 4062 3295 4131 diripientes
3326 4066 3383 4116 et
3411 4067 3735 4118 avertentes

324 4174 524 4230 χουσιν
561 4153 694 4226 ἄχρι
746 4146 1082 4221 Καισαρείας,
1136 4138 1599 4210 καταληϊζομενοι
1657 4138 1828 4190 πάντα
1884 4158 1922 4190 κη

2136 4166 2257 4219 .que
2306 4150 2442 4220 igne
2488 4166 2769 4203 succenso
2819 4153 3166 4204 cremantes.
3224 4153 3446 4221 Impetu
3497 4168 3734 4224 quoque

322 4226 785 4317 x—ztactpéqpov'csq
831 4236 918 4291 καὶ
979 4234 1085 4305 πῦρ
1152 4230 1335 4289 αὐτοῖς
1389 4227 1807 4288 ὑπανάπτοντες.
1870 4228 1920 4281 Κλ

2133 4242 2231 4291 .cto
2266 4255 2320 4308 in
2354 4238 2545 4307 magni
2581 4254 2646 4291 ac
2678 4236 3036 4291 celeberrimi
3064 4237 3261 4292 Basilii
3292 4240 3576 4310 templum
3611 4256 3731 4294 om-

320 4336 403 4402 τῴ
666 4331 762 4381 τοῦ
827 4322 1065 4399 μεγάλου
1130 4318 1220 4374 καὶ
1290 4314 1635 4391 περιωνύμου
1692 4312 1918 4369 Βασιλεί‹

2134 4327 2179 4380 ia
2207 4327 2532 4380 incendunt
2568 4331 2624 4379 et
2655 4342 2821 4380 sacra
2873 4325 3197 4395 diripiunt;
3251 4332 3305 4381 et
3340 4328 3732 4398 irrumpentes

321 4416 752 4488 εἰσπηδήσαντες
793 4413 979 4487 δῃοῦσι
1038 4411 1131 4483 μὶν
1184 4404 1386 4461 ἅπαντα
1432 4404 1520 4458 καὶ
1562 4405 1628 4457 τὰ
1674 4403 1791 4475 ἰερὰ
1836 4405 1919 4457 καί

2142 4414 2265 4468 sius
2322 4415 2507 4469 sancti
2562 4412 2942 4483 sepulchrum
3006 4416 3226 4469 sanctis
3285 4418 3413 4485 ejus
3468 4416 3733 4487 reliquiis

320 4509 647 4584 αρπάζουσι,
684 4503 1075 4579 προσραγέντες
1134 4498 1191 4552 δὲ
1247 4496 1334 4549 καὶ
1391 4498 1458 4567 τῇ
1502 4496 1599 4546 τοῦ
1638 4492 1794 4566 ἁγίου
1826 4512 1918 4566 σορ

2133 4503 2222 4556 hil
2257 4503 2585 4557 detrimenti
2644 4503 2857 4557 inferre
2890 4508 3207 4573 potuerunt
3243 4521 3252 4557 :
3288 4509 3411 4557 erat
3455 4505 3610 4557 enim
3644 4504 3731 4556 di-

318 4577 401 4669 τῷ
439 4596 579 4671 ἁγίῳ
619 4577 784 4648 αὐτοῦ
835 4589 1077 4663 λειψάνῳ
1123 4584 1312 4662 δρᾶσαί
1357 4604 1408 4637 τι
1440 4582 1676 4671 πονηρὸν
1711 4578 1916 4671 οὐδαμρ

2130 4597 2323 4657 genter
2356 4591 2795 4662 praemunitum.
2829 4597 2885 4645 et
2932 4591 3154 4645 circum
3207 4598 3429 4646 structa
3467 4593 3728 4660 quaedam

317 4667 670 4756 ἠδυνήθησαν
707 4702 718 4713 ·
771 4675 1291 4756 προκατησφάλιστο
1361 4672 1462 4747 γὰρ
1520 4670 1610 4723 καὶ
1668 4667 1913 4743 περιεδεδ

2132 4680 2325 4734 dificia
2356 4680 2439 4733 ita
2475 4682 2869 4745 corroborata,
2920 4686 2982 4734 ut
3011 4681 3082 4733 ad
3135 4678 3561 4734 demoliendem
3595 4679 3730 4733 diu-

322 4796 466 4849 μητο
523 4772 810 4843 κτίσμασιν
860 4768 1087 4842 ὀχυροῖς
1138 4762 1246 4837 [οὐ]
1293 4761 1498 4836 χρόνου
1528 4756 1806 4830 δεομένοις
1838 4756 1920 4811 πο]

2131 4785 2252 4821 irno
2287 4772 2546 4837 tempore
2585 4768 2935 4839 indigerent.
2992 4767 3151 4822 Ostia
3185 4783 3314 4821 vero
3348 4782 3460 4837 quo
3496 4767 3729 4821 forami-

318 4845 426 4921 λοῧ
457 4863 596 4937 πρὸς
625 4858 951 4929 καθαίρεσιν.
994 4855 1069 4909 Τὰ
1115 4851 1173 4907 δὲ
1224 4852 1319 4913 τὰς
1369 4848 1502 4909 ὀπὰς
1546 4845 1916 4937 περιστελλονε

2144 4860 2251 4913 bus
2284 4860 2551 4929 apposita
2576 4860 2820 4926 fuerant,
2842 4877 2985 4914 auro
3004 4864 3060 4913 et
3080 4858 3412 4927 margaritis
3435 4858 3730 4913 elaborata

318 4935 539 5027 θυρίδιᾴ
569 4953 761 5026 χρυσῷ
806 4947 895 5001 καὶ
942 4942 1238 5019 μαργάροις
1298 4935 1680 5010 ἐξειργασμένα
1738 4936 1826 4989 καὶ
1878 4935 1909 4991 λ

2123 4949 2467 5020 retiosisque
2496 4950 2812 5019 lapidibus,
2849 4950 3153 5012 adimunt;
3197 4949 3591 5019 omnibusque
3624 4968 3721 5005 su-

315 5026 436 5107 θοις
472 5041 770 5115 ἐξαίρουσι,
805 5035 894 5090 καὶ
944 5034 1035 5088 τὸν
1092 5030 1223 5087 ὅλον
1276 5027 1480 5099 κόσμον
1510 5026 1913 5115 ὁμούσυμφορτ

2127 5036 2250 5091 latis
2282 5038 2665 5105 ornamentis,
2701 5038 2835 5091 inde
2882 5034 3352 5106 proficiscuntur,
3407 5036 3610 5093 multis
3644 5039 3725 5093 in-

312 5152 502 5191 σαντες
556 5113 801 5203 αἴρουσιν
857 5123 1081 5187 ἐκεῖθεν,
1152 5115 1483 5191 παραδόντες
1550 5113 1796 5175 πολλοὺς
1854 5119 1910 5168 τᾶ

2136 5126 2331 5181 rfectis
2360 5127 2817 5182 Caesariensibus
2868 5127 3211 5194 temploque
3264 5124 3509 5195 polluto.
3546 5126 3611 5179 Et
3642 5127 3729 5180 in-

310 5219 630 5293 Καισαρὲων
720 5217 896 5291 σφαγῇ
975 5210 1065 5265 καὶ
1148 5208 1239 5261 τὸν
1318 5205 1438 5258 ναὸν
1507 5222 1908 5277 καταχραναντε

2128 5232 2144 5269 3
2202 5217 2415 5268 reversi
2466 5219 2776 5268 transeunt
2828 5229 2930 5283 per
2979 5218 3263 5281 angustas
3311 5213 3432 5268 vias
3478 5214 3547 5267 ad
3595 5214 3726 5268 Cili-

310 5290 574 5369 Κάκεῖθεν
635 5290 1061 5379 ὑποστρέψαντες
1134 5295 1446 5372 διέρχονται
1496 5290 1623 5354 τοὺς
1675 5291 1753 5351 εἷς
1803 5290 1907 5347 Κιλ

2129 5321 2220 5358 am
2253 5306 2551 5367 ducentes,
2588 5306 2667 5358 ita
2718 5313 2780 5356 ut
2829 5318 3000 5356 nemo
3036 5304 3412 5373 praesenserit
3459 5302 3722 5371 ipsorum

306 5402 431 5456 κίαν
484 5397 715 5471 ἄγοντας
796 5388 1122 5455 στενωποὺς,
1180 5382 1409 5459 μηδενὸς
1466 5380 1802 5457 προγνόντος
1862 5402 1904 5434 τη

2128 5394 2404 5447 lventum.
2460 5397 2719 5463 (tumque
2771 5396 3008 5463 repente
3063 5398 3472 5463 comparantes
3518 5391 3726 5448 Cilicas

304 5468 760 5552 τοότωνῖωοδον,
792 5483 881 5539 καὶ
929 5485 1047 5539 τοῖς
1110 5474 1313 5544 Κίλιξιν
1356 5472 1699 5545 ἐπιφανέντες
1751 5468 1902 5524 ἐκπλῑ

2099 5479 2251 5534 nulto
2281 5486 2499 5533 terrore
2530 5480 2943 5549 complessent.
2971 5478 3225 5535 multam
3249 5497 3447 5535 eorum
3482 5479 3582 5550 qui
3609 5480 3697 5533 sib

302 5600 447 5640 κτως
498 5550 778 5651 ἐμοόϐους
846 5570 1180 5646 εἰργάσαντο,
1231 5562 1390 5641 φόνον
1446 5558 1618 5614 πολὺν
1677 5563 1900 5612 ποιοῦντ

2130 5573 2437 5623 currerent
2485 5571 2696 5623 caedem
2755 5570 3037 5623 fecerunt.
3094 5569 3447 5641 Diutiusque
3496 5570 3555 5622 in
3600 5569 3728 5638 ipsa

303 5674 408 5725 τῶν
470 5644 963 5742 παρεμπιπτόντων
1051 5656 1255 5716 αὐτοῖς.
1342 5648 1699 5727 Χρονίσαντες
1778 5644 1835 5704 δὶ
1882 5670 1901 5704 1

2129 5656 2359 5715 'ovincia
2408 5658 2756 5714 commorati
2806 5674 2937 5715 cum
2974 5675 3105 5714 eam
3156 5662 3486 5726 vexassent,
3521 5656 3727 5729 spoliis
