4046 6144
316 332 432 396 391
1635 328 1961 391 JOANNIS
2009 328 2414 393 SCYLITZAE
3619 343 3735 406 392

316 483 382 523 ac
416 467 608 539 praeda
652 468 709 521 et
755 464 1003 537 captivis
1053 462 1252 519 multis
1302 462 1467 534 potiti
1520 463 1591 519 ad
1636 462 1851 533 Chalep
1901 480 1914 518 ε

2133 462 2240 535 ὥρᾳ
2295 463 2385 517 καὶ
2440 463 2641 536 ταύτην
2690 462 3104 539 λυμηνάμενοι,
3182 469 3270 523 καὶ
3315 468 3576 547 λαφύρων
3620 474 3731 529 ἑαυ-

315 572 606 627 recepere,
642 571 674 609 a
696 554 951 625 quodam
977 553 1282 625 transfuga
1304 550 1596 607 Amertice
1631 552 1869 606 nomine
1900 568 1913 606 ε

2124 551 2205 614 >ὺς
2261 550 2637 624 ἐμπλήσαντες
2695 555 2785 609 καὶ
2831 553 2979 617 λείας
3014 557 3102 610 καὶ
3151 554 3539 632 αἰχμαλωσίας
3586 561 3722 617 πολ-

314 645 595 717 perducti,
630 646 729 716 qui
768 645 1048 700 Romanis
1084 643 1333 698 infestus
1365 643 1518 698 662
1550 646 1759 697 eratet
1788 640 1909 713 imp

2125 648 2207 710 ἧς,
2241 641 2429 696 ἀπίασι
2465 643 2598 718 πρὸς
2654 645 2715 698 τὸ
2764 643 2974 716 Χάλεπ,
3024 647 3169 720 παρά
3222 668 3368 709 τινος
3415 647 3723 722 αὐτομόλου

314 740 477 791 rante
509 752 646 790 sene
679 734 963 788 Michaele
998 728 1075 787 ad.
1111 749 1241 787 eum
1276 732 1692 802 tJansfugerat,
1727 746 1912 801 magn:

2127 738 2382 806 ιμερτικῆ
2439 731 2738 808 λεγομένου
2797 732 3153 810 όδηγηθέντες
3212 735 3401 808 ἐκεῖσε,
3454 735 3725 811 δυσμενῶς

311 842 421 896 que
452 826 603 879 dona
633 829 690 877 et
722 823 970 878 honores
1002 839 1067 876 ac
1100 821 1339 891 praemia
1369 824 1722 875 consecutus
1757 820 1909 875 fuere

2131 824 2194 880 ιῖς
2255 820 2550 892 Ῥωμαίοις
2629 820 2972 895 διακειμένου
3040 823 3125 879 ἐπὶ
3176 830 3273 879 τοῦ
3329 826 3583 901 γέροντος
3640 830 3729 900 μὶν

307 916 414 969 Sed
449 913 602 985 apud
653 912 1064 983 imperatorem
1114 909 1563 964 Constantinum
1617 912 1838 963 Ducum
1872 925 1903 963 a

2127 907 2313 984 ζιχαηλ
2360 908 2844 984 αὐτομολήσαντος
2895 914 2983 967 καὶ
3018 914 3285 989 τυχόντος
3340 915 3592 990 μεγάλων
3623 916 3725 972 δω-

306 1011 547 1060 cusatus
578 1004 729 1075 quod
767 1003 963 1074 ipsum
996 1002 1187 1073 gladio
1212 1001 1629 1055 iuterfecturus
1654 1004 1830 1066 esset,
1859 1001 1904 1053 ὴε

2125 1001 2213 1051 ιῶν
2263 998 2353 1051 καὶ
2400 1005 2576 1071 τιμῶν
2637 1000 2725 1055 καὶ
2785 1000 3079 1071 ἀξιώσεων,
3138 1004 3612 1079 κατηγορηθέντος
3667 1004 3723 1061 δέ

305 1098 376 1151 de
434 1112 612 1151 causa
662 1099 940 1165 perpetuo
1002 1094 1190 1147 fuerat
1248 1090 1451 1146 exsilio
1513 1091 1903 1145 condemnata

2130 1086 2331 1159 1ράτῷ
2394 1088 2611 1163 βασιλεῖ
2667 1091 3049 1163 Κωνσταντίνῳ
3104 1096 3183 1163 τῷ
3246 1092 3423 1164 Δούκᾳ
3471 1093 3545 1155 ὡς
3596 1092 3728 1167 μέλ-

306 1184 521 1238 Verum
581 1199 712 1237 cum
776 1197 981 1235 rursus
1040 1184 1343 1235 revocatus
1402 1180 1684 1234 adversus
1745 1178 1904 1233 Turci

2130 1196 2269 1237 )ντος
2299 1175 2456 1231 αὐτὸν
2514 1179 2764 1253 μαχαίρᾳ
2814 1176 3269 1255 διαχειρίσασθαι,
3316 1177 3530 1235 καὶδιά
3570 1186 3728 1237 τοῦτο

310 1274 530 1329 missus
556 1276 729 1339 esset,
766 1278 906 1325 tunc
936 1271 1008 1325 ob
1036 1285 1227 1324 rerum
1259 1286 1383 1340 qua:
1408 1269 1478 1322 ad
1512 1268 1729 1322 victum
1766 1282 1902 1322 nece

2130 1265 2487 1339 ιτακριθέντος
2545 1264 2707 1339 ἀιδίῳ
2774 1271 2939 1342 φυγῇ,
2999 1267 3164 1323 πάλιν
3251 1266 3307 1323 δέ
3355 1289 3416 1345 γε
3461 1270 3728 1345 τυχόντος

310 1362 479 1416 saria
535 1363 674 1415 sunt
728 1358 989 1429 inopiam
1052 1371 1180 1411 sese
1229 1356 1435 1411 Turcis
1487 1356 1855 1425 adjunxerat,

2129 1352 2428 1424 ιακλήσεως
2492 1356 2581 1409 καὶ
2648 1356 2982 1420 ἀποστάντος
3060 1356 3198 1412 κατά
3281 1355 3389 1412 τῶν
3450 1357 3727 1433 Τούρκων,

310 1450 604 1521 regionem
636 1447 892 1518 pessime
922 1446 1185 1501 vexabat.
1238 1444 1545 1515 Conjuncti
1579 1444 1759 1515 igitur
1789 1444 1908 1497 Tur

2130 1447 2366 1511 δνικαῦτα
2398 1440 2455 1497 δὲ
2488 1441 2579 1498 διὰ
2621 1445 2810 1498 σπάνιν
2860 1450 2969 1499 τῶν
3022 1445 3329 1519 ἀναγκαίων
3356 1447 3728 1521 προσθεμένου

308 1544 364 1595 et
394 1537 723 1609 Chalepitze,
761 1536 907 1590 inita
950 1536 1102 1589 inter
1151 1551 1213 1589 se
1246 1533 1544 1599 societate,
1579 1531 1901 1587 Antiochea

2128 1574 2129 1579 η
2184 1536 2301 1594 τοῖς
2358 1531 2627 1606 Τούρκοις
2685 1534 2774 1588 καὶ
2856 1534 2954 1602 τὴν
3015 1535 3204 1610 χώραν
3256 1532 3587 1599 διατιθέντος
3638 1537 3726 1591 κά-

305 1628 481 1700 Syriaa
512 1628 757 1698 ejusque
790 1625 1041 1679 finitima
1074 1623 1198 1678 loca
1224 1622 1375 1677 male
1407 1626 1711 1687 vexarunt,
1737 1622 1903 1676 caede]

2132 1639 2246 1675 στα.
2282 1619 2570 1691 Γενόμενοι
2602 1626 2733 1695 γοῦν
2786 1621 2841 1676 ἓν
2896 1620 2948 1676 ο’ί
2998 1643 3056 1676 τε
3084 1627 3316 1697 Τοῦρκοι
3343 1625 3435 1678 καὶ
3465 1625 3518 1678 οἱ
3546 1622 3723 1680 Χαλε-

306 1723 417 1783 tes,
439 1710 1675 1783 comburentes,diripientes,depraedantes,
1700 1708 1904 1779 captiw

2124 1712 2244 1772 ῐται,
2278 1708 2367 1761 καὶ
2399 1708 2704 1783 ὁμολογίαν
2748 1707 2930 1773 δόντες
2962 1708 3256 1781 ἀλλήλοις,
3296 1712 3394 1780 τὴν
3449 1711 3503 1767 έν
3558 1713 3722 1787 Συρίᾳ

308 1806 684 1869 abducentes,
710 1807 765 1856 et
799 1801 1053 1872 pessima
1082 1816 1323 1872 quaeque
1354 1802 1778 1870 perpetrantes.
1814 1796 1899 1852 Na

2121 1796 2414 1870 ιντιόχειαν
2472 1797 2560 1853 καὶ
2618 1798 2684 1853 τὸ.
2739 1799 2862 1873 περὶ
2938 1800 3108 1868 αὐτὴν
3167 1804 3346 1863 κακῶς
3404 1798 3719 1874 διετίθεσαν,

308 1851 764 1869 ν’·’νη-’ν-νντισν
801 1851 1050 1872 ε’*τν--τπ
1089 1851 1316 1872 -ι--ττν-
1356 1851 1643 1870 ι--ντην-εί
1685 1851 1718 1852 π
1876 1851 1880 1852 ν

306 1900 364 1950 et
395 1894 675 1948 adversus
722 1892 882 1962 ipsos
932 1890 1117 1945 coacti
1164 1890 1394 1944 fuerant
1444 1888 1636 1943 idonei
1670 1887 1904 1942 exerciti

2265 1851 2303 1870 Α,
3410 1851 3690 1857 ,πηηην

2121 1884 2374 1962 ράζοντες,
2436 1886 2881 1961 πυρπολοῦντες,
2939 1885 3451 1961 ἀνδραποδίζοντες,
3512 1851 3719 1961 λεηλαί

308 1982 633 2055 Nicephoro
665 1980 966 2035 Botaniate
990 1980 1171 2035 duce:
1203 1979 1303 2033 sed
1331 1977 1571 2032 avaritia
1603 1982 1659 2032 et
1680 1976 1906 2049 segnitii

2123 1978 2306 2046 ιῦντες,
2364 1973 2872 2051 αἲχμαλωτίζοντες
2929 1978 3019 2031 καὶ
3071 1979 3173 2033 πᾶν
3235 1976 3288 2032 εἷ’
3336 2000 3389 2033 τι
3447 1979 3721 2055 χείριστον

308 2088 517 2127 rursus
547 2070 787 2125 effecere
819 2074 883 2122 ut
912 2067 1106 2123 omnis
1136 2067 1300 2122 labor
1326 2066 1529 2121 irritus
1561 2071 1736 2135 esset,
1771 2081 1906 2136 neqi

2126 2064 2547 2136 απραττόμενοι.
2623 2066 3095 2141 Συνηθροίσθησαν
3182 2068 3287 2143 γάρ
3347 2068 3724 2143 στρατεύματα

305 2162 461 2216 enim
495 2161 718 2230 integer
747 2164 1133 2219 commeatus,
1167 2157 1267 2211 sed
1322 2155 1638 2211 mediocris
1689 2155 1903 2226 queda;

2123 2153 2152 2205 ι’
2183 2152 2367 2215 αὐτοῖς
2412 2152 2694 2229 ἀξιόλογα,
2746 2155 3059 2232 Νικηφόρον)
3091 2157 3241 2218 δντος
3290 2155 3387 2211 τοῦ
3437 2160 3721 2214 Βοτανειά-

305 2266 442 2320 pars
474 2247 589 2303 illis
618 2246 834 2301 tradita
867 2245 1157 2300 militibus
1192 2245 1442 2315 torporis
1474 2260 1651 2298 causa
1684 2243 1794 2297 fuit
1821 2267 1834 2309 ;
1857 2259 1903 2312 qi

2126 2263 2163 2295 ιυ
2195 2240 2245 2295 έν
2281 2242 2447 2317 ταύτῃ
2501 2240 2718 2315 δουκὸς,
2762 2246 2796 2313 ἡ
2844 2241 2901 2298 δὲ
2952 2241 3223 2322 φειδωλία
3270 2246 3358 2300 καὶ
3390 2247 3428 2316 ἠ
3461 2246 3724 2323 γλισχρό-

304 2342 541 2407 accepto
582 2336 739 2407 quod
772 2334 885 2389 sibi
917 2336 1118 2388 datum
1171 2334 1380 2401 fuerat,
1414 2331 1471 2386 in
1505 2348 1674 2386 suam
1707 2332 1902 2401 quisq!

2125 2354 2167 2401 ις
2198 2328 2442 2404 ἄπρακτα
2470 2330 2634 2386 πάλιν
2686 2333 2753 2387 tbi
2800 2332 2972 2388 πάντα
3025 2331 3316 2404 ἀπέδειξεν.
3345 2336 3430 2392 Οὐ
3461 2337 3563 2412 γὰρ
3598 2335 3723 2391 ὁλό-

306 2427 554 2500 patriam
583 2425 852 2497 dissipati
872 2428 1027 2480 sunt.
1056 2431 1135 2477 Ac
1160 2440 1365 2478 rursus
1390 2422 1623 2477 Barbari
1660 2422 1904 2493 regionei

2124 2440 2274 2493 ιηρον
2306 2420 2367 2474 τὸ
2401 2420 2660 2494 ὀψώνιον,
2694 2420 2839 2477 ἀλλά
2890 2424 3109 2498 μερικὸν
3158 2425 3347 2488 αὐτοῖς
3375 2425 3469 2478 καὶ
3510 2436 3722 2501 μέτριον

302 2514 613 2570 incendere
642 2519 701 2568 et
745 2513 870 2568 sine
926 2517 1083 2567 metu
1135 2527 1493 2583 percurrere.
1547 2510 1795 2582 Exiguae
1826 2526 1900 2564 vel

2127 2510 2223 2572 ιθὲν
2255 2517 2521 2583 ναρκῆσαι
2571 2510 2698 2572 τοὺς
2747 2515 3079 2587 στρατιώτας
3138 2511 3362 2583 ἐποίησε
3395 2534 3412 2546 ·
3467 2509 3725 2577 λαϐόντες

296 2605 583 2674 juvenum
634 2603 858 2673 copias,
891 2602 987 2672 qui
1042 2602 1212 2655 modo
1259 2617 1288 2655 e
1338 2600 1465 2655 suis
1516 2599 1806 2667 domibus,
1858 2617 1891 2654 u

2129 2619 2170 2673 ιρ
2198 2599 2262 2653 τὸ
2295 2596 2446 2653 δοθὲν
2510 2598 2588 2661 εἴς
2645 2601 2711 2655 τά
2761 2601 2937 2656 οἰκεῖα
2986 2598 3470 2673 διεσκεδάσθησαν,
3501 2604 3589 2659 καὶ
3632 2606 3727 2659 πά-

303 2691 536 2747 educati
588 2689 839 2755 fuerant,
895 2689 1251 2759 prodierant,
1304 2687 1498 2758 parvis
1550 2701 1614 2741 ec
1683 2687 1901 2741 minim

2128 2710 2152 2740 ν
2180 2688 2313 2756 ἦσαν
2346 2688 2402 2741 οἱ
2435 2683 2701 2765 βάρϐαροι
2734 2690 2832 2758 τήν
2874 2690 3063 2765 χώραν
3098 2686 3403 2764 δῃούμενοι
3436 2693 3528 2747 καὶ
3558 2689 3725 2754 ἀδεῶς

302 2780 642 2849 sumptibus
701 2782 928 2832 coactas
987 2776 1303 2830 Antiochia:
1354 2775 1489 2830 duci
1537 2775 1900 2830 tradiderunt

2123 2777 2507 2852 ιτατρέχοντες.
2538 2780 2627 2851 [Ρ.
2663 2781 2791 2852 820]
2842 2777 3109 2834 Νεολαίαν
3170 2777 3227 2834 δέ
3283 2800 3411 2835 τινα
3465 2782 3721 2857 βραχεῖαν

304 2869 402 2940 qui
437 2868 669 2935 aliquod
704 2868 942 2937 quidem
977 2866 1201 2920 facinus
1255 2870 1589 2937 perpetrare
1621 2865 1902 2936 cupieban

2121 2887 2185 2920 ›τι
2238 2870 2348 2920 τῶν
2409 2864 2753 2939 οἷκημάτων,
2826 2870 2909 2930 οἷς
2980 2868 3345 2946 ἐνετρέφοντο,
3413 2868 3719 2941 ἐκπεπηδη-

297 2957 542 3028 juvenili
597 2955 843 3009 audacia
892 2953 1233 3018 militantes,
1285 2954 1382 3008 sed
1429 2952 1563 3007 belli
1613 2953 1865 3023 imperiti

2117 2960 2219 3008 ›ἶαν
2255 2961 2473 3032 μικροῖς
2505 2957 2589 3010 καὶ
2640 2955 2956 3032 ἐλαχίστοις
3006 2957 3351 3032 ἀθροίσαντες
3399 2959 3715 3034 ἀναλώμασι

305 3047 433 3102 sine
480 3043 742 3115 equitatu
796 3061 861 3099 ac
908 3044 1024 3098 fere
1075 3044 1329 3098 inermes
1381 3046 1437 3097 et
1486 3042 1650 3108 nudi,
1702 3058 1832 3095 cum
1885 3060 1903 3095 Ι

2118 3048 2268 3115 ῥτῆς
2317 3045 2655 3119 Ἀντιοχείας
2701 3045 2929 3120 ἡγεμόνι
2981 3045 3312 3121 ἐνεχείρισαν
3354 3066 3366 3080 ·
3425 3050 3478 3103 οἳ
3531 3046 3716 3121 δρᾶσαι

305 3134 716 3206 quotidianum
743 3132 979 3204 quidem
998 3132 1214 3186 victum
1240 3131 1538 3199 haberent,
1563 3130 1893 3186 intolerabil

2116 3134 2162 3186 έν
2211 3154 2261 3188 τι
2320 3138 2729 3209 προεθυμοῦντο
2796 3135 2901 3189 ἀπὸ
2966 3138 3291 3209 νεωτερικῆς
3384 3137 3714 3212 θρασύτητος

305 3225 491 3280 multa
521 3225 673 3279 668
706 3223 866 3295 passi
896 3222 954 3277 in
989 3220 1239 3293 patriam
1290 3238 1456 3276 suam
1489 3221 1617 3275 sine
1649 3220 1834 3292 gloria
1866 3239 1903 3275 re

2112 3221 2546 3295 ερατηγούμενοι,
2609 3220 3041 3296 ἀπειροπόλεμοι
3090 3220 3147 3277 δὲ
3202 3220 3352 3286 ὄντες
3402 3225 3493 3280 καὶ
3552 3224 3710 3303 ἄφιπ-

302 3315 451 3370 versi
489 3320 668 3380 sunt;
715 3330 860 3383 quos
892 3314 1009 3366 dux
1060 3312 1394 3367 Botaniates
1425 3328 1557 3366 cum
1605 3311 1729 3365 suis
1761 3315 1900 3383 proti

2110 3331 2179 3378 οι,
2230 3308 2424 3385 σχεδὸν
2476 3310 2563 3364 καὶ
2623 3308 2828 3365 ἄοπλοι
2885 3313 2972 3366 καὶ
3032 3312 3226 3385 γυμνοὶ
3284 3313 3377 3367 καὶ
3444 3312 3583 3387 μηδὶ
3621 3315 3708 3369 τὸν

303 3405 566 3460 ctoribus
598 3408 654 3459 et
682 3403 1037 3473 quibusdam
1071 3401 1323 3455 externis
1350 3401 1534 3470 copiis
1565 3399 1729 3456 facile
1764 3405 1901 3471 potu

2112 3401 2367 3473 μερήσιον
2415 3398 2574 3475 ἄρτον
2626 3395 2873 3476 ἔχοντες,
2915 3398 3102 3455 πολλὰ
3150 3401 3417 3466 παθόντες
3452 3404 3710 3474 ἀνήκεστα

302 3492 605 3566 repellere.
654 3492 864 3545 Verum
915 3506 1049 3545 cum
1082 3489 1179 3543 ille
1224 3488 1529 3543 abdicatus
1577 3494 1732 3545 esset
1765 3506 1897 3560 mag

2114 3508 2138 3549 ς
2180 3487 2278 3555 τὴν
2333 3493 2479 3562 σφῶν
2526 3488 2741 3550 ἀκλεῶς
2790 3488 3181 3565 ἐπανέστρεψαν
3234 3496 3361 3565 γῆν,
3395 3495 3492 3546 τοῦ
3526 3489 3710 3553 δουκὸς

304 3586 515 3648 stratu,
572 3579 810 3634 Barbari
888 3578 1058 3650 longe
1133 3578 1473 3632 audaciores
1530 3582 1669 3631 sunt
1743 3577 1902 3633 effect

2111 3574 2419 3630 οτανειάτου
2466 3576 2598 3649 μετὰ
2625 3580 2731 3631 τῶν
2783 3577 2999 3631 οἰκείων
3050 3578 3401 3633 ὑπασπιστῶν
3435 3580 3523 3635 καί
3550 3602 3709 3635 τινων

304 3675 669 3727 commeatus
747 3666 945 3737 inopia
1021 3665 1342 3737 plurimum
1422 3665 1685 3720 civitates
1755 3682 1902 3737 oppr

2111 3669 2280 3719 ,νικῶν
2354 3662 2635 3737 δυνάμεων
2734 3670 2968 3740 μετρίως
3076 3666 3271 3729 αὐτοὺς
3372 3664 3709 3739 ἀποσοϐῆσαι

308 3765 523 3819 mente.
557 3763 613 3814 et
643 3756 890 3812 aliarum
925 3773 1117 3811 rerum
1142 3773 1267 3827 quae
1298 3756 1368 3812 ad
1402 3755 1617 3811 victum
1651 3756 1783 3810 usui
1815 3774 1906 3811 θυι

2108 3752 2405 3828 τχύσαντος.
2466 3752 2873 3822 Παραλυθέντσς
2925 3753 2983 3810 δὶ
3041 3754 3245 3810 ἐκείνου
3301 3756 3373 3812 τά
3423 3763 3532 3813 τῶν
3578 3761 3706 3833 Βαρ-

303 3849 653 3921 indigentia.

2108 3840 2243 3916 ίρων
2302 3842 2389 3897 έπὶ
2448 3842 2614 3898 πλέον
2692 3842 3013 3920 έθρασύνθη,
3074 3843 3339 3907 σιτοδείας
3402 3846 3489 3902 ἐπὶ
3546 3848 3706 3902 πλέον

2058 3930 2351 4000 πιεζούσης
2397 3932 2492 3993 τάς
2546 3930 2740 3995 πόλεις
2806 3934 2893 3986 καὶ
2970 3937 3078 3987 τῶν
3139 3930 3324 3988 ἄλλων
3391 3932 3708 4005 ἐπιτηδείων

2060 4016 2283 4080 ἐνδείας.

369 4150 480 4205 Sed
514 4165 649 4204 cum
700 4149 1032 4203 necessario
1083 4162 1174 4203 res
1214 4148 1353 4219 ipsa;
1402 4147 1732 4219 indigerent
1764 4147 1948 4217 impe-

2130 4142 2291 4199 Ἀλλ’
2336 4140 2629 4219 ἐπειδήπερ
2687 4142 2739 4214 ἐξ
2788 4145 3022 4220 ἀνάγκης
3077 4144 3353 4215 βασιλέως
3414 4143 3611 4217 ἐδεήθη
3637 4146 3705 4200 τὰ

296 4241 508 4301 ratore,
560 4236 658 4307 qui
710 4252 808 4291 eas
860 4240 1055 4306 posset
1102 4236 1459 4291 constituere
1507 4236 1661 4291 etin
1712 4252 1894 4307 asqqu

2106 4232 2347 4307 ράγματα
2414 4230 2711 4305 δυναμένου
2789 4233 2922 4288 αὐτὰ
3004 4238 3188 4297 ποσῶς
3259 4236 3594 4305 καταστῆσαί
3650 4255 3704 4288 τε

295 4331 516 4382 statum
548 4327 691 4381 adeo
722 4326 985 4380 adversis
1028 4326 1394 4397 temporibus
1426 4326 1709 4397 redigere,
1743 4342 1893 4380 CBHSI

2111 4322 2141 4375 ιὶ
2177 4319 2436 4393 ὁμαλίσαι
2490 4321 2543 4376 έν
2595 4319 2767 4385 οὕτως
2816 4322 3076 4383 έναντίοις
3125 4323 3214 4377 καὶ
3244 4329 3484 4396 καιροῖς,
3518 4323 3709 4396 έπεψη-

294 4414 469 4470 batur
500 4412 755 4469 maxime
805 4414 1053 4468 idoneus
1103 4414 1438 4469 Botaniates
1485 4419 1544 4468 et
1592 4413 1691 4468 alii
1727 4413 1892 4467 multi

2106 4409 2237 4478 ίζετο
2273 4410 2368 4482 μὶν
2428 4408 2859 4483 ἀξιολογώτατος
2925 4412 2952 4465 ὁ
3014 4412 3371 4481 Βοτανειάτης
3402 4411 3493 4467 καὶ
3548 4410 3704 4467 ἄλλοι

295 4509 554 4559 attamen
588 4503 853 4557 divinum
884 4503 1375 4569 vicitconsilium,
1403 4508 1459 4557 et
1482 4502 1697 4557 idcirco
1729 4502 1798 4556 ad
1824 4501 1893 4555 ha

2106 4497 2283 4568 ῡλλοῖ,
2316 4504 2440 4569 νικᾷ
2470 4496 2526 4553 δὲ
2558 4500 2711 4571 ὅμως
2740 4503 2773 4569 ἡ
2809 4500 2923 4554 θεία
2959 4499 3164 4575 βουλὴ,
3198 4498 3284 4555 διὸ
3314 4500 3407 4556 καὶ
3458 4501 3704 4575 ἀνάγεται

295 4593 637 4665 perducitur
668 4591 1026 4656 bestarches,
1056 4592 1354 4647 Romanus
1377 4590 1798 4646 Constantinus
1820 4590 1893 4644 Di

2101 4588 2143 4641 τὶ
2187 4592 2352 4642 ταῦτα
2410 4589 2437 4641 ὁ
2500 4587 2826 4662 βεστάρχης,
2870 4571 3149 4660 Ῥωμανὸς
3201 4590 3228 4644 ὁ
3280 4571 3699 4657 Κωνοταντῗνος,

293 4684 458 4754 genis
492 4681 666 4736 ﬁlius.
693 4682 815 4745 Quo
847 4686 1041 4736 autem
1070 4681 1239 4735 modo
1268 4681 1585 4750 perductus
1608 4679 1891 4744 fuerit,m¢

2109 4681 2157 4730 iii
2217 4676 2503 4751 Δοιγένους
2560 4676 2698 4738 υἱός.
2758 4678 2855 4733 "Ov
2918 4674 2975 4731 δὲ
3022 4678 3223 4752 τρόπον
3267 4677 3510 4754 ἀνήχθη,
3569 4674 3707 4741 ἔνθεν

294 4771 505 4825 dicam.
540 4770 681 4824 Erat
712 4774 944 4824 creatus
998 4770 1116 4823 dux
1147 4768 1417 4824 Sardices
1466 4768 1767 4838 Diogenes.
1803 4768 1881 4822 Cu

2103 4766 2311 4821 >ῶ.ἸΙν
2349 4765 2444 4836 μἐν
2504 4758 2963 4839 προϐεϐλημένος
3018 4762 3143 4836 δοὺξ
3179 4763 3462 4840 ’Σαρδικῆς
3508 4768 3536 4820 ὁ
3583 4774 3701 4819 Aio-

295 4864 489 4914 autem
540 4858 825 4929 patricius
876 4862 1051 4921 esset,
1088 4856 1253 4927 petiit
1300 4856 1370 4911 ab
1414 4856 1768 4927 imperatore
1800 4856 1893 4911 Co:

2106 4855 2218 4924 ἔνης
2253 4874 2263 4885 ·
2309 4854 2591 4928 πατρίκιος
2635 4851 2692 4907 δὲ
2736 4855 3018 4929 τυγχάνων
3067 4853 3299 4925 ἐζήτησε
3340 4857 3433 4909 τὸν
3487 4852 3704 4929 βασιλέα

294 4951 553 5004 stantino
606 4950 763 5003 Duca
816 4949 921 5003 hoc
973 4948 1190 5003 honore
1239 4947 1390 5001 affici
1428 4952 1491 5001 ut
1537 4950 1693 5002 esset
1723 4947 1887 5001 besta

2106 4963 2462 4997 ωνσταντινον
2516 4942 2608 4995 τὸν
2669 4942 2871 4996 Δούκαν
2922 4944 3219 5015 τιμηθῆναι
3280 4944 3607 5017 βεστάρχης.
3647 4942 3703 4997 Ὀ

295 5036 455 5092 ches.
509 5037 831 5108 Imperator
878 5041 1075 5091 autem
1129 5036 1510 5107 respondens,
1558 5058 1584 5084 ι(
1620 5035 1893 5091 Ostendet

2103 5040 2118 5085 ἐ
2152 5028 2403 5105 βασιλεὺς
2440 5030 2678 5085 ὑπειπὼν
2724 5029 2871 5101 αύτῷ
2902 5049 2914 5061 ⁸
2952 5056 2981 5083 ‹‹
3019 5030 3285 5085 Δεικνύων
3319 5029 3454 5105 ἔργα
3495 5028 3701 5084 ἀπαίτει

296 5140 469 5193 opera
501 5139 738 5192 reposce
788 5124 1139 5190 mercedem,
1172 5146 1192 5173 ι
1247 5124 1484 5177 inanem
1534 5121 1729 5191 ipsum
1764 5138 1825 5175 re
1856 5121 1894 5175 ii

2099 5118 2288 5182 ,ισθοὺς
2337 5143 2364 5170 ››
2412 5119 2565 5172 κενὸν
2620 5118 2777 5173 αὐτὸν
2844 5119 2933 5173 καὶ
2996 5118 3269 5194 ἄπρακτον
3326 5119 3697 5190 ἀπεπέμψατο,

296 5211 445 5265 fecta
494 5210 739 5277 dimisit,
780 5210 909 5281 ejus
942 5210 1207 5282 petitioni
1257 5209 1501 5264 minime
1550 5208 1888 5265 consentien

2100 5209 2137 5277 ὴ
2192 5206 2478 5283 προσέχων
2536 5210 2604 5279 τῇ
2688 5206 2896 5277 αἰτήσει
2956 5209 3143 5264 αὐτοῦ.
3203 5206 3465 5277 Ἐξελθὼν
3526 5205 3616 5259 οὖν
3673 5202 3698 5256 ὁ

296 5300 582 5369 Egressus
614 5298 795 5370 igitur
825 5298 1133 5370 Diogenes,
1163 5316 1298 5353 cum
1330 5300 1402 5353 ad
1433 5297 1728 5352 Sardicem
1754 5315 1890 5369 perv

2105 5296 2321 5369 ιογένης
2371 5296 2459 5350 καὶ
2514 5296 2611 5363 τήν
2667 5291 2942 5365 Σαρδικήν
2992 5290 3337 5366 καταλαϐὼν,
3387 5292 3695 5369 περιτυχὼν

304 5388 492 5442 nisset
523 5386 949 5457 incidissetque
998 5387 1054 5440 in
1090 5387 1445 5456 Patzinacus,
1479 5386 1577 5456 qui
1632 5403 1902 5457 eruperar

2096 5386 2411 5452 Ιατζινάκοις
2470 5382 2744 5454 ἱξελθοῦσι
2802 5385 2894 5439 καὶ
2947 5383 3280 5455 λεηλατοῦσι
3329 5384 3427 5449 τὴν
3489 5381 3694 5456 χώραν,

300 5480 359 5530 et
391 5474 682 5545 regionem
716 5475 1088 5546 diripiebant,
1125 5477 1196 5531 de
1235 5476 1380 5546 ipsis
1412 5482 1629 5546 tropaea
1659 5477 1859 5546 erexit,
1892 5497 1898 5527 ι

2091 5474 2314 5547 ρόπαιον
2368 5475 2631 5545 έστήσατο
2689 5475 2805 5527 κατ’
2836 5473 3034 5543 αὐτῶν,
3082 5476 3170 5529 καὶ
3213 5478 3319 5528 τῶν
3368 5470 3688 5525 ἑαλωκότων

300 5579 368 5617 ex
399 5563 583 5634 captis
612 5563 771 5618 vivos
820 5564 1312 5635 quamplurimos,
1347 5564 1781 5619 interfectorum
1815 5582 1898 5620 vel

2092 5565 2261 5622 ῶντας
2318 5562 2411 5633 μὶν
2456 5559 2724 5629 πολλοὺς,
2774 5561 3013 5638 κφαλάς
3066 5560 3123 5617 δέ
3175 5567 3280 5617 τῶν
3339 5558 3690 5633 ἀνῃρημένων

302 5654 493 5723 capita
522 5652 860 5725 imperatori
904 5654 1083 5709 misit.
1139 5655 1203 5710 Et
1232 5655 1449 5710 idcirco
1502 5652 1843 5711 bestarches
1872 5672 1900 5711 a

2100 5656 2135 5725 ᾧ
2173 5650 2390 5728 βασιλεῖ
2440 5652 2744 5731 πεπομφὼς
2794 5650 3031 5727 ἐτιμήθη
3089 5655 3417 5729 βεστάρχης,
3464 5648 3698 5726 γράψειν.
