4046 6144
310 323 415 383 393

1810 314 2200 375 HISTORIA.

3592 323 3710 383 394

309 454 391 516 τὸς
426 451 569 525 αύτῷ
595 455 695 506 τοῦ
732 451 998 527 βασιλέως
1028 450 1101 512 ὡς
1126 473 1153 501 (ι
1174 449 1292 506 Οὐκ
1312 447 1442 521 ἐμὸν
1472 445 1723 522 δῶρον,ὧ
1749 447 1934 520 Διόγε-

2057 446 2400 519 imperatore
2450 459 2680 505 creatus
2730 456 2855 518 est;
2892 453 2991 523 qui
3032 452 3270 523 quidem
3320 455 3372 508 ei
3423 454 3708 527 scripsit:

310 546 590 614 νες,τοῦτο,
612 540 759 596 ἀλλά
786 547 885 610 τῆς
919 539 1124 602 οῗκείας
1149 539 1349 615 ἀρετῆς
1373 538 1463 593 καὶ
1508 534 1885 613 ἀνδραγαθίας.
1918 560 1944 585 ››

314 625 597 707 Διατρίϐων
650 628 709 685 δὲ
755 629 927 685 ἐκεῖσε
966 624 1259 700 ἠϐουλήθη
1316 628 1413 702 μὲν
1464 629 1685 703 ἀντᾶραι
1731 630 1812 698 τῷ
1845 626 1947 700 βα-

315 721 465 792 σιλεῖ,
494 718 639 775 ἀλλά
681 720 746 774 τὸ
796 718 1176 793 μελετώμενον
1228 718 1305 779 εἲς
1339 717 1454 796 φῶς
1489 717 1706 791 ἀγαγεῖν
1753 711 1946 775 δεδιὼς

318 811 400 880 ἦν.
426 812 609 883 Ὅμως
642 806 831 877 ἐπειδή
864 810 893 864 6
927 806 1180 884 βασιλεὺς
1226 806 1370 877 ἀπῆν
1419 806 1509 861 καὶ
1546 806 1614 859 τὰ
1648 810 1748 875 τῆς
1794 804 1945 879 βασι-

320 899 454 961 λείας
494 898 591 973 ἔχη
604 918 781 975 ρευον,
814 896 1222 973 κοινολογεῖταί
1250 918 1354 951 τινι
1394 900 1501 951 τῶν
1533 894 1946 949 πιστικωτάτων

324 990 381 1044 τὸ
404 994 625 1064 πρᾶγμα,
657 987 748 1042 καὶ
800 984 870 1041 δι’
901 986 1066 1041 αὐτοῦ
1110 990 1229 1048 τοῖς
1277 982 1696 1061 παρακειμένοις
1745 981 1943 1045 ἔθνεσιν

330 1076 571 1149 ὁμιλήσας
598 1076 724 1152 περὶ
772 1080 973 1131 ταυτοῦ
1020 1074 1367 1151 πράγματός,
1400 1070 1600 1151 φιλίως
1650 1072 1801 1143 αὐτῷ
1830 1067 1947 1124 δια-

326 1165 588 1239 κειμένοις,
633 1167 792 1241 ἦρξεν
842 1168 1069 1242 ἡμερῶν
1114 1186 1301 1232 τινων,
1351 1169 1451 1232 τῆς
1498 1162 1665 1216 αὐτοῦ
1713 1158 1950 1234 γενναιόο

318 1277 469 1325 τητος
514 1260 704 1332 πεῖραν
759 1254 949 1330 ἔχουσι
1011 1251 1258 1329 δαψιλῆ.
1320 1253 1425 1309 Καὶ
1484 1250 1747 1324 μηνύεται
1801 1249 1949 1323 παρά

314 1365 443 1407 τινος
470 1346 759 1421 Ἀρμενίου
803 1344 865 1399 τὸ
911 1345 1084 1419 γένος,
1114 1343 1202 1397 καὶ
1254 1340 1320 1411 δὴ
1354 1339 1693 1414 συλληφθεὶς
1733 1336 1947 1409 δεσμώ-

312 1454 402 1503 της
449 1434 586 1509 πρὸς
629 1434 727 1501 τήν
785 1430 1042 1507 βασιλίδα
1090 1431 1376 1506 ἆπαγεται.
1408 1427 1726 1504 Ἐλεγχθεὶς
1772 1424 1831 1480 δὲ
1857 1425 1947 1479 καὶ

310 1523 657 1595 καταθέμενος
705 1522 795 1576 καὶ
847 1519 936 1576 διὰ
978 1525 1141 1576 τοῦτο
1205 1517 1544 1594 κατακριθεὶς
1594 1515 1818 1581 θανάτου
1874 1515 1948 1577 ὡς

309 1607 594 1674 ἐπίϐουλος
641 1610 1015 1687 ὑπερορίζεται
1068 1612 1155 1665 καὶ
1205 1617 1303 1679 τῆς
1351 1606 1567 1668 πόλεως
1598 1600 1945 1675 ἐκϐάλλεται,

307 1706 454 1755 πᾶσιν
507 1700 658 1756 ἀνίαν
712 1699 992 1773 ἐνθέμενος
1043 1701 1158 1754 ὅσοι
1206 1702 1305 1767 τῆς
1350 1696 1513 1752 αὐτοῦ
1560 1696 1947 1771 γενναιότητος

305 1789 384 1845 καὶ
442 1787 661 1866 ἀνδρίας
719 1789 770 1844 ἂν
832 1787 1389 1887 πείραᾳκαθίσταντο.
1449 1788 1533 1856 [Ρ.
1573 1784 1841 1887 ‘8211'01
1899 1780 1946 1837 δ’
1979 1822 2025 1887 Β

305 1879 615 1955 ἀγνοοῦντες
668 1877 730 1934 ἐκ
782 1883 890 1933 τῶν
940 1875 1161 1933 εἰδότων
1211 1880 1377 1932 ταῦτα
1423 1868 1944 1949 παραλαμϐάνοντες

307 1968 549 2044 ὑπῆρχον
603 1968 655 2039 ἐξ
702 1966 946 2042 ἀνάγκης
992 1966 1227 2041 ἐρασταί.
1277 1968 1379 2022 Καὶ
1417 1961 1509 2019 διὰ
1553 1967 1714 2017 τοῦτο
1756 1960 1826 2017 δι’
1855 1961 1946 2017 εὐ-

305 2063 408 2131 χῆς
436 2058 503 2125 ἦν
549 2061 671 2118 τοῖς
718 2053 874 2118 ὅλοις
920 2055 1187 2131 ἀνώτερον
1230 2054 1319 2108 τὸν
1372 2050 1537 2128 ἄνδρα
1584 2051 1819 2125 γενέσθαι
1850 2071 1945 2105 κο-

304 2143 611 2219 λαστηρίων
669 2145 759 2200 καὶ
841 2150 1170 2220 χαρισθῆναι
1243 2146 1312 2216 τῇ
1386 2139 1676 2213 Ῥωμαίων
1750 2143 1941 2195 τοῦτον

301 2234 461 2309 ἀρχῇ.
493 2234 648 2289 Ἐπεὶ
694 2231 751 2289 δὶ
798 2234 826 2288 6
857 2233 1059 2295 σκοπὸς
1110 2233 1281 2303 ζήλου
1311 2232 1457 2286 θείου
1486 2230 1551 2299 ῆν
1592 2229 1682 2284 καὶ
1714 2229 1776 2283 οὑ
1817 2226 1945 2304 φιλ-

298 2322 496 2392 αυτίας,
568 2322 880 2399 περιαλγῶς
955 2328 1055 2391 τῆς
1119 2326 1225 2376 τῶν
1301 2323 1634 2395 Χριστιανῶν
1693 2316 1943 2388 πληθύος

294 2414 616 2490 πασχούσης
659 2414 750 2469 καὶ
797 2417 982 2475 κακῶς
1036 2412 1430 2488 κεραϊζομένης
1478 2409 1745 2483 ὁσημέραι
1809 2409 1946 2484 πρὸς

291 2503 390 2557 τῶν
420 2504 775 2577 Ἀγαρηνῶν,
806 2500 1080 2577 ἐνηργήθη
1136 2500 1327 2555 λοιπὸν
1378 2504 1497 2561 τοῖς
1528 2496 1848 2574 εὐχομένοις
1877 2499 1945 2552 τά

287 2598 381 2660 τῆς
422 2592 622 2667 εὐχῆς.
677 2590 1053 2664 Παραστάντος
1102 2590 1206 2665 γὰρ
1262 2587 1411 2652 αὖθις
1450 2587 1613 2641 αὐτοῦ
1658 2592 1738 2657 τῷ
1790 2587 1942 2662 βασι-

292 2679 424 2753 λικῷ
458 2680 988 2755 βήματιλπεριὲσχεν
1019 2674 1171 2741 ἔλεος
1220 2678 1451 2752 ἄσχετον
1497 2678 1599 2745 τήν
1629 2675 1939 2750 Αύγοῦσταν

292 2766 574 2826 Εὖδοκίαν·
609 2771 674 2837 ἦν
702 2768 805 2844 γὰρ
837 2769 865 2822 6
896 2768 1029 2843 ἀνῆρ
1067 2768 1199 2839 μετά
1228 2771 1334 2821 τῶν
1357 2770 1465 2820 τῶν
1489 2762 1673 2820 ἄλλων
1706 2764 1795 2818 καὶ
1828 2765 1945 2818 θεα-

296 2865 445 2926 θῆναι
493 2857 718 2932 ἁγαθὸς,
770 2856 1047 2929 ἐπιμήκης
1084 2877 1145 2910 τε
1170 2856 1268 2924 τὴν
1303 2854 1521 2924 ἡλικίαν
1555 2850 1626 2908 ὢν
1668 2854 1757 2908 καὶ
1786 2854 1942 2927 στὲρ-

293 2968 389 3000 νων
446 2947 537 3002 καὶ
590 2950 779 3001 νώτων
832 2944 886 3000 ἐν
917 2945 1097 3016 λκαλῷ
1144 2943 1552 3017 καθορώμενος,
1592 2939 1942 3017 εύόφθαλμός

294 3055 367 3107 τε,
414 3033 566 3113 εἷ’περ
618 3057 703 3098 τις
752 3032 947 3103 ἄλλος,
988 3033 1077 3089 καὶ
1118 3037 1216 3088 τοῦ
1263 3034 1468 3096 πάθους
1514 3030 1731 3087 αὐτόθεν
1764 3032 1940 3104 παρά-

295 3122 479 3196 κλησιν
542 3124 973 3198 ἐκκαλούμενος,
1032 3124 1159 3196 μήτ’
1206 3116 1421 3199 ἀκριϐὲς
1468 3123 1529 3175 τὸ
1578 3118 1770 3175 λευκὸν
1803 3122 1941 3193 μήτε

294 3215 351 3271 τὸ
384 3191 595 3288 ’μέλαν
651 3191 973 3282 ἀποσώζων,
1025 3191 1150 3267 ἀλλ’
1199 3191 1311 3266 οἷον
1366 3208 1771 3286 συγκεκραμένα
1805 3191 1940 3264 κατ’
1974 3191 2015 3257 C

296 3302 402 3360 ἴσον
455 3302 767 3382 ἀμφότερα.
818 3304 905 3364 Ὡς
955 3299 1043 3355 οὖν
1103 3299 1191 3355 καὶ
1250 3302 1284 3369 ἡ
1335 3303 1652 3374 παρεστῶσα
1691 3298 1945 3375 γερουσία

294 3393 607 3463 συνέπαθεν,
662 3392 820 3455 εὐθὺς
876 3388 1318 3461 ἐπηκολούθησεν
1375 3391 1410 3457 ἡ
1472 3387 1796 3460 συμπάθεια,
1854 3387 1944 3441 καὶ

289 3483 611 3559 περισωθεὶς
668 3484 763 3535 τοῦ
832 3476 1085 3535 κινδύνου
1152 3478 1300 3552 παρὰ
1372 3481 1541 3532 πᾶσαν
1602 3473 1798 3530 ἐλπίδα
1853 3475 1945 3530 καὶ

288 3570 620 3647 προσδοκίαν
671 3567 962 3646 βασιλικῆς
1014 3566 1283 3639 ἀξιώσεως
1334 3564 1514 3640 ἔτυχε.
1548 3567 1642 3619 Διὸ
1690 3564 1779 3619 καὶ
1818 3564 1948 3619 ἀπο-

292 3659 469 3725 λυθεὶς
519 3658 678 3732 παρὰ
722 3658 937 3712 πάντων
988 3655 1282 3725 ἠσπάζετο.
1339 3655 1525 3725 Ἐξιὼν
1572 3652 1664 3709 οὖν
1713 3655 1789 3715 εἱς
1843 3654 1944 3722 τὴν

291 3745 677 3805 Καππαδοκῶν
712 3788 727 3814 ,
785 3743 836 3815 ἐξ
892 3745 957 3814 ἧς
1034 3744 1126 3799 καὶ
1190 3742 1433 3821 γέννησιν
1495 3737 1719 3818 ἔσχηκε,
1779 3742 1944 3796 πάλιν

297 3836 706 3911 μεταπεμφθεὶς
753 3834 828 3895 εἰς
878 3834 978 3901 τὴν
1026 3831 1411 3909 βασιλεύουσαν
1461 3828 1810 3900 εἰσελήλυθε,
1856 3832 1943 3886 καὶ

291 3932 397 3986 τοῖς
426 3921 736 4000 γενεθλίοις
784 3925 881 3977 τοῦ
934 3928 1194 3997 Σωτῆρος
1228 3924 1340 3993 (15)
1384 3918 1619 3995 Χριστοῦ
1654 3920 1950 3994 μάγιστρος

294 4020 510 4087 τιμᾶται
573 4012 669 4068 καὶ
736 4010 1114 4087 στρατηλάτης
1178 4004 1559 4081 προϐέϐληται
1632 4009 1780 4081 παρὰ
1847 4015 1947 4078 τῆς

298 4101 581 4177 βασιλίδος
618 4099 993 4176 προελθούσης
1020 4097 1321 4174 βασιλικῶς
1353 4098 1486 4171 μετά
1511 4105 1618 4151 των
1653 4095 1806 4151 ῗδίων
1829 4095 1953 4151 παί-

295 4191 392 4246 δων
440 4193 519 4254 εἷς
563 4191 662 4246 τὸν
717 4189 965 4263 μέγιστον
1018 4188 1107 4242 καὶ
1157 4187 1494 4262 περίπυστον
1542 4192 1640 4254 τῆς
1688 4190 1785 4240 τοῦ
1818 4189 1951 4241 Θεοῦ

296 4281 491 4359 Σοσίας
526 4278 731 4349 σηκόν.
764 4275 1073 4338 Δεδοικυίας
1102 4273 1160 4331 δὶ
1181 4282 1281 4345 τῆς
1310 4272 1593 4351 βασιλίδος
1616 4276 1715 4345 τήν
1746 4295 1802 4329 τε
1826 4273 1951 4348 σύγ-

293 4369 489 4440 κλητον
541 4369 641 4425 καὶ
689 4368 779 4422 τὸν
828 4364 1178 4441 πατριάρχην
1228 4365 1319 4419 καὶ
1368 4363 1497 4426 τοὺς
1531 4364 1952 4438 ὑπογράψαντας

295 4459 376 4513 καὶ
433 4457 776 4533 ὀμόσαντας,
834 4455 923 4510 καὶ
974 4451 1064 4508 διὰ
1111 4457 1273 4509 τοῦτο
1330 4454 1406 4526 μὴ
1436 4450 1739 4526 τολμώσης
1765 4456 1952 4521 συζευ-

2058 559 2085 585 ‹‹
2110 536 2232 591 Non
2267 553 2463 593 meum
2496 539 2737 607 donum,
2774 557 2804 594 o
2833 541 3142 613 Diogenes,
3163 542 3294 608 hoc,
3319 544 3420 599 sed
3456 550 3565 599 tuae
3597 545 3711 599 vir-

2056 626 2203 681 tutis
2233 630 2288 681 et
2322 626 2706 684 fortitudinis.
2726 651 2753 679 »
2785 630 2870 685 Ibi
2900 634 3096 686 autem
3126 647 3500 689 commorans
3531 634 3713 689 voluit

2056 718 2259 769 contra
2290 715 2702 787 imperatorem
2738 719 2893 774 664
2923 718 3250 791 insurgere.
3272 722 3381 777 Sed
3409 723 3712 795 inceptum

2056 802 2119 857 in
2163 803 2352 859 lucem
2414 808 2673 877 proferre
2722 809 3051 864 verebatur.
3088 812 3353 866 Attamen
3401 821 3714 885 postquam

2055 891 2245 947 abfuit
2302 894 2622 966 imperator
2668 900 2725 952 et
2770 897 3085 969 imperium
3137 900 3349 954 orbum
3408 906 3553 967 erat,
3587 917 3712 957 rem

2057 997 2189 1036 cum
2225 999 2332 1039 suo
2366 985 2621 1055 quodam
2677 986 3023 1042 fidelissimo
3071 989 3493 1058 communicat,
3526 993 3583 1045 et
3614 1006 3717 1062 per

2058 1071 2252 1140 ipsum
2286 1088 2419 1127 cum
2459 1074 2817 1144 quibusdam
2860 1076 3131 1132 ﬁnitimis
3169 1079 3467 1149 gentibus,
3498 1079 3715 1151 quibus
3764 1086 3776 1097 '

2057 1164 2213 1215 esset
2240 1160 2429 1232 ipsius
2453 1163 2752 1235 explorata
2780 1167 2985 1230 virtus,
3010 1166 3333 1222 collocutus
3359 1168 3713 1239 quibusdam

2058 1249 2325 1320 partibus
2383 1246 2709 1323 imperavit.
2759 1254 3058 1310 Indicatur
3108 1260 3305 1311 autem
3364 1274 3398 1312 a
3456 1259 3711 1328 quodam

2056 1339 2354 1410 Armenio,
2384 1346 2440 1395 et
2470 1343 2922 1414 comprehensus
2962 1345 3033 1399 ad
3080 1345 3282 1400 urbem
3329 1345 3547 1417 regiam
3581 1363 3712 1418 per-

2055 1427 2312 1495 ducitur,
2346 1432 2767 1503 convictusque
2798 1438 2853 1488 et
2891 1434 3102 1506 capitis
3133 1435 3449 1490 damnatus
3481 1440 3545 1491 ut
3575 1454 3713 1508 pro-

2056 1516 2211 1571 ditor
2240 1518 2297 1571 in
2333 1520 2603 1575 exsilium
2636 1521 2911 1587 mittitur,
2946 1523 3088 1578 urbe
3123 1523 3451 1596 expellitur,
3487 1541 3601 1580 non
3628 1528 3713 1581 si-

2056 1619 2129 1657 ne
2162 1606 2416 1663 maximo
2448 1608 2648 1664 dolore
2693 1625 2893 1665 eorum
2928 1612 3192 1665 omnium
3225 1613 3381 1682 apud
3413 1628 3560 1682 quos
3592 1628 3713 1667 sua:

2056 1696 2288 1753 virtutis
2321 1714 2386 1751 ac
2418 1699 2789 1754 strenuitatis
2821 1700 3119 1771 specimen
3152 1702 3414 1758 dederat.
3442 1704 3550 1769 Qui
3580 1720 3713 1759 vero

2056 1786 2252 1857 ipsum
2312 1787 2691 1858 ignorabant,
2732 1789 2948 1845 famam
3012 1790 3083 1845 ab
3144 1790 3278 1846 aliis
3327 1792 3714 1864 percipientes

2055 1876 2253 1931 statim
2286 1875 2474 1946 ipsius
2503 1893 2701 1932 amore
2730 1877 3134 1949 capiebantur.
3161 1880 3231 1934 Et
3260 1879 3476 1935 idcirco
3507 1896 3711 1937 omnes

2054 1965 2338 2037 optabant
2366 1965 2556 2020 virum
2601 1961 2890 2036 supplicio
2931 1967 3167 2023 liberari
3211 1973 3269 2023 et
3315 1969 3708 2025 Romanorum

2052 2053 2299 2125 imperio
2330 2054 2556 2109 donari.
2582 2055 2650 2110 Et
2673 2054 2812 2126 quia
2834 2055 3014 2110 divini
3041 2055 3147 2111 zeli
3180 2057 3566 2128 propositum,
3591 2075 3708 2115 non

2055 2146 2250 2197 autem
2300 2143 2517 2213 proprii
2568 2143 2786 2198 amoris
2825 2148 2969 2209 erat,
2998 2146 3216 2216 quippe
3263 2162 3397 2200 cum
3428 2147 3708 2202 Christia-

2053 2248 2265 2286 norum
2314 2232 2489 2286 turba
2527 2232 2791 2303 quotidie
2841 2234 2912 2287 ab
2962 2234 3245 2305 Agarenis
3296 2234 3709 2291 miserabiliter

2052 2324 2254 2375 vexata
2288 2321 2667 2388 cruciaretur,
2689 2321 2962 2393 deinceps
2994 2328 3193 2394 optata
3225 2341 3425 2379 eorum
3453 2325 3553 2396 qui
3573 2331 3709 2381 vota

2054 2409 2345 2465 faciebant
2375 2410 2446 2465 ad
2478 2411 2696 2466 exitum
2732 2412 3015 2482 perducta
3044 2417 3198 2467 sunt.
3226 2416 3366 2467 Cum
3398 2414 3554 2469 enim
3579 2432 3707 2469 rur-

2053 2515 2154 2553 sus
2182 2498 2253 2553 ad
2286 2498 2511 2569 regium
2544 2504 2884 2570 suggestum
2918 2499 3208 2555 adductus
3242 2500 3471 2570 fuisset,
3510 2503 3709 2572 Augu-

2053 2593 2145 2642 sta
2176 2587 2428 2642 Eudocia
2474 2588 2765 2644 immensa
2811 2588 3212 2645 misericordia
3242 2595 3537 2646 commota
3566 2595 3657 2646 est
3691 2608 3704 2646 :

2051 2681 2175 2731 erat
2199 2676 2354 2731 enim
2389 2677 2480 2731 vir
2511 2681 2722 2748 praeter
2753 2677 2863 2732 alia
2906 2684 3169 2749 spectatu
3204 2696 3438 2752 quoque
3469 2680 3704 2751 dignus,

2050 2769 2277 2821 statura
2335 2782 2631 2837 procerus,
2674 2772 2904 2838 pectore
2954 2772 3010 2822 et
3059 2767 3322 2824 humeris
3380 2768 3707 2842 pulcherri-

2054 2871 2205 2919 mus,
2240 2858 2294 2910 et
2326 2854 2770 2926 pulchritudine
2814 2854 3115 2912 oculorum
3171 2862 3233 2912 ut
3281 2858 3333 2913 si
3386 2862 3521 2930 quis
3553 2857 3703 2914 alius

2052 2948 2356 3013 praestans,
2392 2943 2485 2999 bis
2532 2945 2809 3000 omnibus
2859 2944 3123 3001 levamen
3155 2947 3510 3005 calamitatis
3541 2949 3701 3003 efﬂa-

2050 3031 2268 3102 gitans,
2291 3048 2479 3103 neque
2501 3050 2743 3103 prorsus
2766 3033 2961 3088 album
2992 3051 3177 3106 neque
3203 3053 3443 3107 prorsus
3466 3040 3701 3110 nigrum

2051 3121 2150 3175 sed
2203 3138 2271 3175 ex
2316 3125 2563 3192 utroque
2620 3121 2922 3193 aequaliter
2952 3124 3099 3180 665
3156 3126 3397 3180 mistum
3449 3126 3703 3182 colorem

2055 3225 2428 3265 conservans.
2466 3214 2535 3263 Ut
2564 3210 2744 3281 igitur
2782 3212 2957 3265 etiam
2990 3228 3246 3283 praesens
3279 3218 3517 3269 senatus
3548 3231 3706 3270 com-

2056 3305 2249 3352 motus
2277 3297 2600 3366 est,statim
2637 3299 3039 3355 misericordia
3060 3300 3353 3370 judicium
3388 3304 3707 3358 subsecuta

2056 3390 2161 3440 est.
2198 3387 2263 3440 Et
2294 3403 2326 3441 a
2358 3387 2616 3457 periculo
2677 3392 2943 3443 servatus
2999 3393 3207 3459 prater
3258 3407 3492 3447 omnem
3541 3408 3707 3464 spem

2055 3479 2231 3545 atque
2256 3477 2749 3545 exspectationem
2786 3476 3002 3548 regiam
3033 3478 3432 3549 dignationem
3465 3485 3554 3535 est
3578 3497 3710 3535 con-

2057 3569 2322 3631 secutus;
2374 3568 2431 3619 et
2479 3564 2697 3620 idcirco
2745 3565 3083 3621 absolutum
3137 3584 3339 3623 omnes
3396 3569 3710 3641 amplecte-

2056 3654 2289 3709 bantur.
2351 3656 2629 3727 Egressus
2686 3656 2870 3728 igitur
2923 3657 2981 3711 in
3043 3657 3497 3730 Cappadociam,
3556 3658 3712 3713 unde

2057 3744 2345 3799 oriundus
2376 3750 2521 3809 erat,
2548 3762 2756 3801 rursus
2789 3746 2860 3799 ad
2893 3746 3106 3815 regiam
3144 3750 3348 3803 urbem
3394 3748 3712 3804 accersitus

2059 3849 2186 3888 sese
2238 3832 2452 3904 recepit
2500 3835 2593 3888 die
2642 3834 2816 3889 natali
2869 3834 3184 3891 Salvatoris
3215 3836 3449 3906 Christi,
3482 3842 3537 3891 et
3585 3854 3714 3892 ma-

2057 3922 2223 3994 gistri
2258 3921 2474 3978 honore
2506 3923 2813 3979 decoratus
2856 3924 2973 3978 dux
3019 3925 3307 3980 exercitus
3354 3927 3424 3980 ab
3457 3928 3718 3997 Augusta

2058 4016 2306 4080 creatur,
2336 4028 2460 4081 quae
2492 4012 2868 4083 imperatoris
2899 4029 3059 4068 more
3092 4031 3224 4069 cum
3257 4014 3380 4070 suis
3413 4014 3548 4071 ﬁliis
3580 4030 3719 4086 pro-

2060 4104 2316 4156 cesserat
2363 4102 2434 4155 ad
2495 4101 2817 4156 maximum
2878 4106 2934 4156 et
2991 4101 3437 4158 celeberrimum
3488 4104 3717 4175 Sophim

2060 4188 2369 4260 templum.
2395 4190 2540 4245 Cum
2592 4195 2788 4245 autem
2816 4196 3115 4247 vereretur
3161 4196 3430 4264 Augusta
3456 4198 3515 4248 et
3545 4209 3718 4248 sena-

2060 4280 2187 4330 tum
2219 4280 2277 4331 et
2307 4276 2701 4346 patriarcham
2734 4281 2792 4332 et
2841 4293 2940 4332 eos
2991 4279 3093 4349 qui
3139 4280 3325 4349 jurati
3357 4280 3721 4352 subscripse-

2063 4370 2215 4435 rant,
2248 4370 2304 4420 et
2330 4365 2549 4421 idcirco
2580 4383 2694 4420 non
2741 4366 2984 4421 auderet
3013 4383 3145 4422 cum
3179 4367 3497 4425 illustriore
3527 4369 3720 4438 aliquo

2064 4454 2438 4509 matrimonio
2487 4454 2748 4525 copulari
2800 4454 3118 4525 ipsumque
3163 4457 3579 4528 imperatorem
3621 4459 3723 4512 de-

298 4548 488 4623 χθῆναί
530 4568 646 4601 τινι
692 4549 800 4600 τῶν
860 4543 1133 4622 ἐπιφανῶν
1190 4542 1279 4597 καὶ
1331 4540 1559 4617 βασιλέα
1599 4540 1947 4616 ἀναγορεῦσαι

2061 4542 2301 4610 clarare,
2337 4542 2545 4597 statuit
2591 4558 2772 4614 supra
2806 4542 3152 4599 muliebrem
3197 4546 3461 4599 animum
3497 4545 3577 4600 nil
3609 4545 3722 4601 sibi

300 4636 475 4709 αὐτὸν,
536 4635 684 4712 ἔγνω
737 4631 846 4688 δεῖν
903 4632 1034 4704 ὑπὲρ
1082 4636 1310 4705 γυναῖκα
1363 4633 1438 4703 μή
1485 4636 1774 4707 φρονῆσαι,
1820 4650 1953 4684 παν-

304 4726 484 4802 ουργίᾳ
544 4722 609 4780 δὲ
664 4721 757 4777 καὶ
818 4719 967 4794 δόλῳ
1020 4721 1110 4774 τὸν
1170 4719 1515 4794 πατριάρχην
1563 4717 1810 4773 ὑπελθεῖν
1862 4718 1955 4773 καὶ

307 4813 468 4876 οὕτως
520 4814 668 4886 αύτῇ
718 4811 780 4865 τὸ
836 4808 1023 4884 ἐφετὸν
1067 4808 1503 4880 καταπράξασθαι
1553 4806 1642 4860 καὶ
1695 4808 1795 4875 τὴν
1848 4809 1957 4860 τῶν

304 4900 458 4957 ἰθνῶν
520 4904 711 4962 ποσῶς
787 4897 1133 4973 ἀναχαιτίσαι
1206 4898 1407 4973 ὁρμήν.
1470 4899 1757 4950 Κοινοῦται
1828 4898 1952 4969 γοῦν

302 4992 358 5045 τὸ
401 4991 637 5066 πρᾶγμά
682 5010 791 5043 τινι
847 4991 955 5042 τῶν
1011 4986 1072 5041 ἐκ
1120 4988 1219 5055 τῆς
1258 4982 1704 5056 γυναικωνίτιδος
1738 4983 1813 5045 ὡς
1846 4984 1958 5038 ἐπι-

300 5077 496 5153 τηδείῳ
548 5080 691 5153 πρὸς
726 5080 907 5132 τοῦτο.
953 5076 1011 5128 Ὀ
1042 5072 1099 5129 δὲ
1135 5075 1479 5149 ὑπισχνεῖται
1519 5073 1578 5128 ἐκ
1606 5073 1800 5134 παντὸς
1830 5070 1956 5147 τρό-

302 5187 399 5221 που
446 5164 781 5241 συμπράξειν
834 5163 973 5237 αὐτῇ
1016 5164 1152 5238 πρὸς
1191 5163 1252 5218 τὸ
1285 5160 1749 5236 σπουδαζόμενον,
1802 5160 1958 5236 ξυρὸς

304 5255 372 5317 εἰς
404 5256 633 5325 ἀκόνην,
665 5254 727 5308 τὸ
774 5256 872 5307 τοῦ
920 5250 1114 5327 λόγου,
1148 5249 1221 5305 ὢν
1266 5250 1342 5315 εἷς
1384 5250 1450 5305 τὰ
1487 5254 1729 5306 τοιαῦτα.
1764 5247 1959 5304 Ἀδελ-

306 5343 395 5419 φὸς
423 5345 493 5413 ἦν
530 5346 615 5414 τῷ
656 5342 973 5416 πατριάρχῃ
1018 5337 1226 5416 Βάρδας
1277 5335 1473 5413 ὄνομα,
1509 5337 1871 5413 λαγνίστατός
1900 5358 1959 5393 τε

2065 4630 2549 4703 aggrediendum,
2581 4631 2680 4686 sed
2732 4632 2930 4703 potius
2964 4633 3094 4687 dolo
3127 4650 3194 4688 ac
3226 4633 3432 4689 fraude
3469 4634 3721 4689 circum-

2065 4719 2423 4775 veniendum
2470 4719 2902 4790 patriarcham;
2938 4727 2995 4775 et
3042 4722 3121 4776 ita
3152 4738 3214 4777 se
3244 4723 3355 4777 voti
3390 4728 3719 4795 compotem

2066 4809 2324 4863 futuram
2356 4814 2413 4863 et
2441 4808 2704 4880 gentium
2749 4809 3037 4879 impetum
3080 4827 3506 4882 repressuram,
3539 4828 3719 4883 quam

2067 4903 2193 4952 tum
2237 4899 2293 4951 in
2345 4914 2406 4951 se
2456 4902 2630 4967 esset,
2663 4898 3058 4957 existimabat.
3092 4899 3496 4954 Communicat
3543 4900 3723 4971 igitur

2069 5004 2189 5041 rem
2222 4987 2478 5057 quodam
2528 5003 2659 5040 cum
2705 4986 2977 5042 eunucho
3010 5003 3078 5041 ex
3108 5003 3377 5059 gynaeceo
3431 4994 3495 5045 ut
3543 4991 3613 5045 ad
3663 4989 3723 5045 id

2066 5076 2295 5143 idoneo,
2330 5075 2429 5146 qui
2478 5076 2715 5129 omnino
2765 5092 2827 5130 se
2878 5077 2929 5130 ei
2985 5093 3107 5130 rem
3142 5095 3171 5131 e
3203 5078 3494 5132 sententia
3528 5079 3722 5134 confe-

2067 5171 2296 5221 cturum
2351 5163 2677 5235 pollicetur,
2715 5168 2914 5234 utpote
2964 5164 3063 5233 qui
3119 5165 3399 5220 novacula
3430 5168 3499 5221 ad
3532 5172 3721 5222 cotem

2068 5259 2239 5321 esset,
2292 5258 2356 5307 ut
2405 5251 2519 5307 dici
2568 5251 2736 5319 solet,
2768 5252 2840 5306 ad
2889 5252 3010 5307 haec
3060 5254 3338 5325 negotia:
3375 5255 3552 5311 frater
3600 5263 3725 5312 erat

2068 5340 2434 5413 patriarchae,
2467 5339 2687 5394 Bardas
2727 5340 2988 5411 nomine,
3023 5342 3277 5397 maxime
3328 5343 3585 5401 lascivus
3616 5344 3721 5417 vir,

1626 5492 1874 5551 JACOBI
1913 5494 2139 5553 GOARI
2176 5493 2406 5550 NOTIE.

376 5639 488 5712 (15)
518 5639 651 5704 Quo
677 5638 771 5695 die
801 5653 931 5696 sese
963 5637 1162 5695 cuncti
1190 5637 1346 5709 apud
1376 5636 1606 5695 Graecos
1637 5637 1983 5696 muneribus
2013 5635 2333 5710 excipiunt.

637 5763 901 5830 PATROL.
944 5765 1058 5829 Gn.
1102 5761 1336 5828 CXXII.

3325 5767 3444 5828 l3.
