4046 6144
325 299 442 357 395

1644 287 1969 349 JOANNIS
2014 288 2419 352 SGYLlTZzE

3620 303 3740 363 396

329 431 386 484 et
414 425 815 497 voluptatibus
848 423 929 479 ita
960 424 1230 479 addictus
1262 428 1327 478 ut
1356 423 1557 478 omnia
1586 421 1645 475 in
1678 419 1836 476 omni
1870 419 1985 473 vita

2098 419 2183 481 καὶ
2214 422 2349 497 πρὸς
2395 421 2595 494 ἡδονάς
2635 425 2973 502 ἐπτοημένος
3000 430 3090 484 καὶ
3127 427 3294 503 μηδὲν
3328 428 3470 485 ἄλλο
3502 428 3590 485 διὰ
3621 432 3742 506 βίου

330 518 415 573 eis
447 515 843 589 posthaberet.
880 512 1116 570 Accedit
1159 516 1427 569 exsectus
1467 510 1565 566 ille
1614 512 1684 565 ad
1732 508 1984 581 patriar-

332 607 526 676 cham,
558 605 728 676 eique
770 619 983 660 arcano
1031 603 1250 658 factum
1298 600 1505 674 aperit,
1542 598 1988 668 denuntiatque,

332 696 383 751 si
414 694 573 763 velit,
602 695 719 749 imo
760 693 913 748 666
944 693 991 747 si
1028 696 1257 747 tantum
1313 695 1555 756 annuat,
1591 687 1737 743 nihil
1787 684 1989 758 pericli

334 785 721 840 metuendum
749 799 815 838 ex
841 781 1109 837 horribili
1142 780 1242 834 illo
1265 778 1693 850 chirographo:
1718 776 1845 847 ejus
1874 775 1988 829 fra-

331 878 476 931 trem
501 888 850 946 germanum
872 887 1005 925 cum
1028 868 1399 941 imperatrice
1421 866 1760 939 copulatum
1788 863 1987 918 statim

326 964 741 1035 imperatorem
774 959 1136 1016 declaratum
1188 958 1278 1012 iri.
1316 957 1505 1028 thue
1549 960 1739 1011 totum
1781 950 1990 1007 habuit

334 1054 448 1110 sibi
473 1050 868 1124 patriarcham
893 1048 1068 1103 veluti
1092 1048 1705 1116 inescatum,jamque
1728 1042 1991 1098 studiose

337 1141 783 1198 matrimonium
812 1144 1043 1194 tantum
1069 1154 1181 1191 non
1236 1140 1669 1207 procurantem,
1694 1130 1992 1187 consuluit

332 1237 399 1287 ut
427 1231 537 1287 hac
568 1230 699 1301 ipsa
725 1230 794 1285 de
831 1244 892 1283 re
936 1232 1175 1282 senatus
1210 1241 1441 1296 quoque
1472 1222 1824 1279 sententiam
1858 1234 1989 1290 per-

331 1324 659 1378 cunctatur.
679 1317 940 1391 Singulis
961 1316 1142 1388 igitur
1164 1316 1233 1370 ad
1258 1331 1318 1369 se
1337 1312 1637 1369 accersitis
1659 1307 1992 1383 patriarcha

332 1411 413 1467 rei
448 1410 861 1466 necessitatem
894 1405 1299 1472 conﬁrmabat,
1324 1404 1611 1474 scriptum
1642 1400 1788 1455 illud
1821 1414 1990 1453 accu-

331 1517 470 1556 sans
510 1504 567 1554 et
614 1498 885 1569 iniquum
937 1500 994 1550 et
1044 1494 1241 1549 minus
1296 1492 1652 1564 legitimum,
1685 1491 1757 1544 ab
1814 1487 1990 1542 unius

335 1590 441 1645 viri
490 1586 775 1659 zelotypia
831 1586 1182 1657 profectum,
1223 1583 1317 1637 cui
1370 1578 1706 1636 communis
1763 1576 1990 1631 utilitas

332 1679 529 1735 minus
589 1675 889 1749 proposita
948 1673 1189 1741 fuisset;
1224 1694 1251 1722 «
1285 1670 1388 1725 Cui
1448 1684 1712 1741 prorsus,
1770 1664 1986 1736 inquit,

330 1770 671 1824 consuletur
702 1765 751 1820 si
786 1780 918 1820 cum
952 1777 1236 1835 generoso
1266 1764 1323 1815 et
1370 1758 1500 1813 forti
1532 1756 1652 1812 viro
1685 1753 1989 1826 cepuletur

334 1858 538 1929 regina
559 1859 824 1927 Augusta
845 1871 857 1909 :
883 1868 1092 1908 rursus
1114 1846 1270 1906 enim
1295 1865 1384 1904 res
1410 1848 1805 1903 Romanorum
1830 1842 1988 1898 elﬁo-

334 1950 583 2016 rescent,
612 1962 738 2016 quae
766 1944 892 2013 jam
915 1958 981 1997 eo
1012 1940 1255 1995 redactas
1288 1932 1515 1993 suntut
1544 1936 1715 1991 atteri
1745 1938 1803 1988 et
1835 1931 1992 2004 peni-

342 2042 439 2094 tus
470 2035 761 2108 exstingui
793 2033 906 2089 cito
932 2048 1104 2105 posse
1127 2033 1319 2086 metus
1338 2027 1694 2100 impendeat.
1717 2048 1735 2073 υ
1762 2023 1835 2079 Ut
1856 2037 1988 2077 vero

340 2127 425 2183 illi
459 2143 663 2182 omnes
691 2139 1063 2189 consensere,
1089 2120 1189 2176 alii
1222 2136 1400 2175 suasu
1428 2122 1484 2173 et
1514 2116 1866 2179 adulatione,
1890 2110 1988 2167 alii

338 2217 598 2288 pecunia)
652 2213 962 2285 largitione
1012 2214 1069 2265 et
1118 2208 1337 2264 crebris
1390 2206 1757 2270 muneribus,
1802 2215 1991 2272 neque

336 2310 528 2361 metus
577 2303 735 2359 ullus
792 2302 1031 2357 suberat
1085 2296 1476 2368 transigenda:
1535 2294 1637 2361 rei,
1679 2291 1992 2347 adducitur

334 2396 624 2467 Diogenes
674 2395 849 2448 noctu
900 2390 958 2444 in
1008 2388 1228 2459 regiam
1281 2388 1568 2453 armatus,
1601 2386 1659 2438 et
1705 2396 1839 2436 cum
1870 2381 1988 2433 Au-

333 2487 508 2559 gusta
536 2482 933 2555 conjungitur,
962 2481 1282 2549 statimque
1313 2477 1630 2548 imperator
1657 2471 1991 2528 declaratur

331 2574 599 2631 Januarii
640 2572 861 2628 mensis
892 2569 1083 2642 prima
1112 2568 1226 2633 die,
1256 2564 1573 2620 indictione
1622 2567 1804 2627 sexta,
1837 2574 1989 2614 anno

334 2666 496 2733 6576,
530 2664 681 2720 clam
725 2660 1002 2718 omnibus
1044 2659 1321 2730 Augustae
1370 2654 1529 2709 filiis.
1562 2654 1640 2709 Ac
1688 2653 1926 2722 repente
1958 2665 1991 2702 a

336 2754 622 2825 Barangis
679 2750 938 2807 exoritur
994 2747 1180 2802 multa
1237 2742 1619 2816 perturbatio,
1667 2740 1822 2812 quod
1873 2755 1990 2792 non

339 2842 699 2898 sustinerent
731 2840 787 2893 id
820 2838 1043 2908 vulgari
1080 2838 1289 2907 praeter
1318 2832 1583 2889 omnium
1614 2828 1985 2884 sententiam.

339 2932 555 2987 Verum
590 2946 724 2984 cum
773 2925 1018 2982 Michael
1074 2922 1263 2996 ipsius
1312 2925 1587 2993 Auguste
1647 2918 1805 2973 ﬁlius
1854 2932 1988 2972 cum

338 3019 622 3077 fratribus
669 3015 1022 3084 advenisset,
1052 3014 1122 3067 de
1169 3028 1278 3067 sua
1326 3009 1621 3065 sententia
1667 3008 1884 3063 factum
1930 3005 1989 3060 id

338 3128 469 3167 esse
498 3110 793 3172 dixerunt,
826 3122 891 3161 ac
940 3103 1135 3161 subito
1179 3100 1441 3157 conversi
1474 3114 1684 3169 magno
1736 3101 1793 3152 et
1838 3095 1989 3151 elato

2098 505 2241 585 ἔχων
2288 512 2630 589 προτέρημα.
2665 516 2913 591 Πρόσεισι
2965 520 3044 590 τῷ
3085 517 3397 595 πατριάρχῃ
3449 521 3477 575 6
3526 505 3741 594 τομίας,

2097 598 2430 674 ἀπαγγέλλει
2474 603 2619 676 αὐτῷ
2671 607 2944 678 μυστικῶς
2990 609 3057 663 τὰ
3112 613 3208 663 τοῦ
3254 610 3595 685 πράγματος,
3652 609 3745 664 καὶ

2098 688 2171 749 ὡς
2222 688 2267 742 εἰ
2315 690 2581 762 θελήσειε,
2632 694 2843 767 μᾶλλον
2895 694 2952 751 δὲ
3002 696 3294 753 ἐπινεύσειε
3327 698 3492 771 μόνον
3543 696 3747 773 μηδένα

2098 776 2342 835 κίνδυνον
2402 782 2697 858 ὑφορᾶσθαι
2746 784 2806 839 ἐκ
2855 793 2954 855 τῆς
3006 794 3236 865 φρικτῆς
3285 786 3498 859 ἐκείνης
3556 809 3742 865 χειρο-

2098 868 2351 946 γραφίας,
2400 875 2751 946 ζευχθήσεται
2806 876 2900 947 μὲν
2948 880 3018 949 τῇ
3055 874 3293 950 βασιλίδι
3325 878 3353 932 6
3391 878 3587 933 τούτου
3615 879 3744 934 αὐτ-

2098 953 2377 1035 άδελφος,
2437 961 2739 1035 παραυτίκα
2796 960 2853 1019 δὶ
2926 963 3179 1040 βασιλεὺς
3234 966 3740 1043 ἀναγορευθήσεται.

2102 1048 2182 1118 [Ρ.
2231 1050 2358 1120 822]
2402 1049 2490 1109 Ὡς
2542 1048 2599 1104 δὲ
2644 1048 2798 1126 ἔσχεν
2852 1050 2983 1107 ὅλον
3030 1055 3120 1108 τὸν
3176 1055 3526 1131 πατριάρχην
3579 1076 3741 1111 κατα-

2098 1131 2292 1190 πιόντα
2320 1138 2382 1190 τὸ
2415 1134 2604 1213 δέλεαρ
2656 1142 2744 1195 καὶ
2794 1139 2901 1212 ἤδη
2956 1142 3116 1215 μόνον
3167 1144 3294 1219 οὐχὶ
3346 1145 3444 1213 τὴν
3474 1165 3740 1219 συναρμο-

2099 1225 2202 1300 γὴν
2254 1224 2663 1300 ἐπισπεύδοντα,
2716 1230 3031 1305 βουλεύεται
3077 1235 3334 1297 πυθέσθαι
3383 1236 3505 1311 περὶ
3548 1236 3741 1290 τούτου

2100 1314 2188 1368 καὶ
2218 1316 2317 1384 τήν
2370 1314 2696 1392 σύγκλητον.
2729 1322 2860 1374 Ἕνα
2907 1322 3026 1385 καθ’
3053 1318 3145 1376 ἕνα
3172 1326 3302 1398 γοῦν
3336 1324 3363 1378 ὁ
3394 1325 3742 1399 πατριάρχης

2098 1406 2223 1478 παρ’
2303 1405 2488 1459 ἑαυτὸν
2565 1406 3074 1483 προσκαλεσάμενος
3147 1412 3211 1466 τὸ
3284 1411 3569 1487 ἀναγκαῖον
3647 1418 3745 1468 τοῦ

2100 1492 2417 1568 πράγματος
2477 1496 2845 1567 κατεσκεύαζε,
2915 1496 3182 1576 διασύρων
3242 1502 3303 1556 τὸ
3359 1498 3624 1579 ἔγγραφον
3669 1504 3744 1566 ὡς

2098 1579 2326 1655 ἔκνομόν
2385 1604 2444 1638 τε
2501 1583 2588 1639 καὶ
2641 1586 2879 1659 ἄθεσμον
2938 1588 3027 1643 καὶ
3096 1586 3185 1644 διά
3242 1589 3571 1661 ζηλοτυπίαν
3631 1592 3744 1654 ἐνὸς

2097 1668 2293 1745 ἀνδρὸς
2323 1675 2542 1748 γεγονὸς
2590 1676 2679 1730 καὶ
2728 1678 2804 1749 μὴ
2854 1678 2990 1749 πρὸς
3038 1680 3227 1748 κοινὴν
3274 1679 3608 1736 λυσιτέλειαν
3644 1682 3744 1759 ἀφ-

2020 1805 2066 1868 Β
2100 1765 2263 1868 οριέὒνκ.
2290 1762 2488 1868 ’Ὁπερι
2511 1761 2656 1819 ἔσται
2701 1764 2939 1868 πάντως,
2973 1767 3017 1822 εἰ
3070 1770 3421 1843 ζευχθήσεται
3454 1773 3489 1839 ἡ
3526 1770 3744 1843 βασιλὶς

2101 1848 2254 1924 ἀνδρὶ
2312 1851 2538 1926 γενναίῳ
2592 1874 2653 1907 τε
2708 1854 2797 1907 καὶ
2848 1854 3145 1929 θυμοειδεῖ*
3194 1856 3601 1928 ἀναθηλήσουσι
3639 1859 3743 1933 γὰρ

2097 1939 2165 1991 τά
2210 1940 2499 2012 Ῥωμαίων
2551 1941 2784 2013 ἐσαῦθις,
2832 1942 2942 2015 ἤδη
2999 1948 3333 2022 μαρανθῆναι
3384 1947 3475 2001 καὶ
3505 1943 3743 2004 ἀποσϐε-

2100 2028 2285 2097 σθῆναι
2331 2027 2680 2103 ἐλπιζόμενα.
2733 2034 2819 2095 Ὠς
2868 2031 2925 2088 δὲ
2974 2030 3101 2110 ἔσχε
3148 2036 3350 2099 πάντας
3392 2040 3743 2115 συμψήφους,

2098 2117 2223 2179 τοὺς
2256 2120 2350 2191 μὶν
2382 2121 2564 2174 πειθοῖ
2599 2122 2690 2175 καὶ
2728 2122 3010 2194 κολακείᾳ,
3042 2124 3169 2187 τοὺς
3221 2122 3278 2179 δὲ
3306 2126 3396 2179 καὶ
3436 2127 3742 2202 χρημάτων

2098 2212 2321 2282 παροχῇ
2367 2208 2460 2262 καὶ
2512 2208 2866 2285 μειλίγμασιν
2921 2209 3254 2289 ἀδροτὲροις,
3308 2216 3399 2269 καὶ
3446 2220 3524 2288 τῷ
3572 2236 3743 2293 παρα-

2100 2298 2435 2370 χθησομένῳ
2492 2295 2609 2361 δὲος
2664 2299 2770 2375 οὐχ
2822 2301 2984 2374 ὑπῆν,
3032 2299 3213 2377 ἄγεται
3270 2305 3364 2377 μὲν
3412 2304 3439 2359 6
3489 2305 3746 2381 Διογένης

2097 2388 2287 2448 νυκτὸς
2318 2387 2393 2449 εἷς
2424 2388 2489 2442 τὰ
2524 2387 2770 2462 βασίλεια
2803 2387 3035 2453 ἔνοπλος
3085 2391 3174 2447 καὶ
3203 2396 3270 2465 τῇ
3308 2391 3546 2468 βασιλίδι
3578 2414 3749 2470 προσ-

2102 2475 2401 2551 ζεύγνυται,
2453 2477 2831 2553 ἀναγορεύεται
2882 2478 2939 2534 δὲ
2986 2480 3255 2555 παρευθὺς
3309 2481 3563 2557 βασιλεὺς
3613 2482 3749 2537 κατὰ

2096 2566 2195 2633 τήν
2238 2566 2460 2639 πρώτην
2506 2567 2601 2620 τοῦ
2651 2568 2985 2641 Ἰανουαρίου
3040 2571 3233 2643 μηνὸς,
3280 2576 3380 2640 τῆς
3414 2570 3747 2645 ς’ἐπινεμή-

2100 2674 2258 2725 σεως,
2306 2652 2461 2719 ἓτους
2504 2663 2686 2733 ,ςφοςζ
2742 2654 2922 2711 λαθὼν
2977 2658 3177 2721 πάντας
3221 2657 3349 2723 τοὺς
3398 2666 3496 2730 τῆς
3531 2658 3745 2735 βασιλί-

2070 2740 2191 2805 ’δος
2242 2744 2411 2806 υἱούς,
2469 2745 2672 2801 Γίνεται
2722 2743 2779 2800 δὲ
2828 2748 3127 2823 παραυτίκα
3164 2753 3407 2824 τάραχος
3456 2750 3600 2825 παρά
3638 2753 3746 2805 τῶν

2102 2835 2395 2909 Βαράγγων
2458 2832 2664 2899 πολὺς,
2730 2836 2805 2907 μή
2864 2836 3211 2911 ἀνεχομένων
3280 2837 3439 2892 αὐτὸν
3510 2838 3747 2915 φημίσαι

2099 2922 2245 2995 παρὰ
2291 2922 2357 2976 τὰ
2400 2926 2557 2997 κοινῇ
2608 2921 2852 2993 δόξαντα.
2899 2927 3208 3000 Ἐπιφανεὶς
3239 2925 3296 2981 δὶ
3346 2929 3373 2982 6
3402 2926 3601 2996 ταύτης
3634 2928 3750 2990 υἱὸς

2101 3009 2331 3085 Μιχαὴλ
2364 3010 2455 3065 σὺν
2486 3018 2604 3074 τοῖς
2655 3010 2915 3092 ἀδελφοῖς
2966 3015 3157 3089 γνώμῃ
3205 3014 3380 3070 αὐτῶν
3429 3016 3491 3071 τὸ
3520 3014 3748 3092 γεγονὸς

2100 3098 2503 3176 ἀπαγγέλλουσι
2579 3102 2843 3177 γενέσθαι,
2901 3103 2989 3158 καὶ
3073 3103 3263 3159 αὐτίκα
3324 3104 3746 3180 μετατραπέντες

337 3202 593 3257 clamore
637 3197 750 3268 ipsi
797 3209 1031 3267 quoque
1077 3208 1211 3247 eum
1263 3191 1678 3261 imperatorem
1727 3185 1984 3241 declara-

2103 3188 2363 3264 μεγάλαις
2413 3191 2501 3245 καὶ
2552 3188 2824 3265 διατόροις
2874 3197 3080 3270 φωναῖς
3124 3193 3281 3249 αὐτὸν
3332 3195 3421 3248 καὶ
3460 3194 3613 3249 αὐτοὶ
3657 3196 3745 3249 ἀν-

338 3293 497 3345 runt.
527 3287 600 3343 Ut
628 3285 809 3359 igitur
848 3299 908 3338 re
952 3280 1398 3352 comprobatum
1445 3282 1557 3344 est,
1589 3276 1745 3331 haud
1775 3279 1992 3330 temere

335 3378 667 3451 complures
715 3377 952 3447 prepter
990 3372 1140 3426 667
1193 3370 1390 3441 ipsum
1449 3369 1595 3423 bene
1658 3368 1990 3438 sperarunt.

334 3450 539 3541 Itaque
568 3470 833 3539 Augusta
862 3480 997 3519 cum
1038 3461 1177 3516 ﬁliis
1226 3460 1350 3517 suis
1400 3474 1634 3515 menses
1682 3461 1905 3528 septem
1937 3450 1999 3511 et'

332 3558 510 3632 paulo
541 3555 799 3626 amplius
831 3550 1162 3624 imperavit.

409 3686 707 3737 Romanus
737 3683 933 3733 autem
964 3674 1251 3745 Diogenes
1286 3672 1367 3727 ita
1397 3672 1644 3742 adeptus
1678 3669 1987 3741 imperium

335 3772 492 3827 haud
528 3769 815 3824 minorem
841 3763 1216 3837 praesentium
1243 3778 1438 3817 rerum
1473 3760 1759 3815 rationem
1783 3758 1991 3814 habuit

337 3878 514 3933 quam
549 3856 818 3913 militaris
870 3856 949 3910 rei
984 3855 1129 3908 bene
1160 3850 1573 3922 componendae
1622 3854 1796 3919 atque
1847 3865 1987 3902 con-

335 3949 667 4015 stituendae,
699 3946 878 4001 etiam
911 3944 959 3999 si
991 3959 1167 4014 quam
1203 3939 1453 3993 maxime
1484 3938 1848 3993 consiliarios
1882 3936 1986 3991 ha-

334 4040 464 4095 buit
497 4037 814 4109 privignos,
846 4033 962 4088 imo
1017 4035 1076 4086 ut
1118 4029 1312 4085 verius
1343 4028 1555 4095 dicam,
1590 4026 1982 4092 insidiatores,

333 4135 389 4185 et
436 4129 723 4183 Joannem
755 4124 1040 4178 Caesarem
1092 4117 1410 4190 superioris
1458 4116 1829 4187 imperatoris
1870 4116 1984 4169 fra-

329 4222 503 4283 trem,
536 4215 637 4286 qui
669 4213 719 4268 ei
751 4226 982 4282 semper
1012 4209 1083 4264 ad
1125 4209 1300 4262 ﬁnem
1349 4207 1507 4261 fuere
1560 4204 1981 4276 impedimento

331 4311 389 4362 et
420 4305 816 4360 Romanorum
848 4316 940 4354 res
970 4298 1029 4353 in
1059 4296 1384 4368 pessimum
1417 4298 1637 4349 statum
1670 4293 1978 4361 deduxere,

331 4396 432 4468 qui
466 4410 622 4449 nunc
669 4389 947 4446 cernitur.
974 4386 1157 4456 Coepit
1209 4388 1405 4438 autem
1438 4386 1495 4436 et
1524 4382 1819 4453 digniores
1851 4398 1979 4436 am-

328 4483 525 4558 plecti,
550 4486 609 4537 et
640 4495 772 4535 cum
800 4473 1275 4549 prudentioribus
1297 4487 1364 4527 ac
1395 4470 1772 4542 peritioribus
1799 4469 1975 4525 collo-

2104 3280 2475 3354 αγορεύουσιν.
2526 3281 2615 3342 Ὠς
2664 3278 2709 3334 δ’
2767 3281 2858 3335 οὖν
2919 3280 3082 3358 ἐφάνη
3144 3281 3204 3336 ἐκ
3257 3282 3453 3338 τούτου
3488 3327 3502 3351 ,
3556 3284 3631 3345 ὡς
3688 3282 3750 3337 οὐ

2108 3369 2280 3440 μάτην
2314 3366 2611 3438 ἡλπίκασιν
2662 3368 2744 3424 ἐπ’
2790 3368 2935 3442 αὐτῷ
2983 3372 3033 3424 οἱ
3084 3370 3308 3428 πολλοί.
3343 3372 3585 3448 Ἐκράτει
3617 3376 3747 3448 γοῦν

2102 3457 2135 3524 ἡ
2174 3455 2387 3530 βασιλὶς
2427 3456 2519 3512 σὺν
2568 3463 2686 3521 τοῖς
2735 3456 2869 3513 υἱέσι
2924 3466 3099 3533 μῆνας
3146 3459 3283 3515 ἑπτὰ
3330 3460 3419 3516 καὶ
3474 3461 3664 3537 μικρόν
3696 3482 3749 3516 τι

2099 3545 2257 3620 πρός.

2170 3671 2449 3743 Ῥωμανὸς
2493 3670 2549 3727 δὲ
2598 3673 2626 3727 6
2680 3671 2941 3748 Διογένης
2993 3674 3135 3729 οὕτω
3164 3678 3271 3729 τῶν
3307 3676 3598 3751 σκήπτρων
3627 3674 3746 3731 ἐπι-

2097 3763 2280 3835 τυχὼν
2341 3761 2439 3816 οὐκ
2491 3760 2712 3816 ἔλαττον
2770 3767 2874 3817 τῶν
2937 3762 2987 3817 ἐν
3047 3764 3174 3817 ποσὶ
3250 3766 3585 3839 πραγμάτων
3640 3772 3742 3833 τῆς

2101 3858 2494 3925 στρατιωτικῆς
2537 3850 2625 3904 καὶ
2678 3849 2917 3921 εὐταξίας
2961 3850 3239 3929 ἐφρόντισε
3281 3852 3370 3906 καὶ
3416 3853 3742 3922 συστάσεως,

2098 3939 2195 3993 κᾶν
2255 3939 2336 3993 ὅτι
2398 3938 2636 4012 μάλιστα
2694 3937 2983 4015 συνέδρους
3038 3940 3155 4014 εἴγε
3208 3940 3335 4003 τοὺς
3394 3943 3741 4018 προγονοὺς,

2097 4025 2357 4105 ἐφέδρους
2407 4026 2463 4084 δὲ
2508 4027 2721 4100 μᾶλλον
2772 4027 2939 4083 εἰπεῖν
2974 4026 3352 4103 ἀληθέστερον,
3384 4030 3473 4085 καὶ
3526 4031 3618 4085 τὸν
3645 4035 3742 4086 τοῦ

2095 4112 2660 4192 προϐεϐασιλευκότος
2719 4115 2950 4194 ἀδελφὸν
3012 4118 3264 4188 Ἰωάννην
3324 4119 3414 4173 τὸν
3484 4118 3741 4195 Καίσαρα,

2097 4207 2148 4260 οἳ
2179 4206 2268 4260 καὶ
2324 4204 2579 4278 ἐμποδὼν
2640 4206 2785 4278 αὐτῷ
2843 4206 2934 4260 ἀπ’
2991 4207 3170 4281 ἀρχῆς
3229 4204 3359 4283 ἄχρι
3406 4206 3599 4269 τίλους
3650 4228 3743 4283 γε-

2095 4295 2306 4369 γόνασι,
2356 4295 2446 4350 καὶ
2490 4296 2556 4349 τά
2597 4296 2877 4369 Ῥωμαϊκά
2935 4300 3114 4359 κακῶς
3162 4293 3399 4359 διέθεσαν
3449 4296 3743 4373 πράγματα

2095 4384 2185 4439 καὶ
2234 4384 2310 4445 εἰς
2367 4385 2395 4439 ’ὀ
2445 4389 2535 4438 νῦν
2594 4385 2778 4459 ὁρᾶται
2827 4379 3045 4459 ἔχοντα.
3093 4386 3327 4460 ’Ἠρξατο
3371 4385 3475 4460 γὰρ
3516 4383 3645 4447 τούς
3683 4406 3741 4440 τε

2058 4472 2469 4549 νάλογωτέρους
2530 4470 2829 4543 δεξιοῦσθαι
2886 4473 2972 4527 καὶ
3031 4477 3149 4536 τοῖς
3203 4471 3460 4550 ἐχέφροσι
3512 4473 3603 4528 καὶ
3645 4494 3739 4528 πε-

316 4573 455 4644 -qui,
489 4576 546 4627 et
578 4568 713 4625 belli
764 4581 1011 4622 munera
1048 4563 1366 4632 suscipere,
1401 4565 1457 4615 et
1484 4559 1708 4631 legatos
1754 4575 1978 4630 parare,

2098 4561 2441 4637 πειραμένοις
2499 4560 2715 4634 ὁμίλεῖν
2772 4566 2879 4616 τῶν
2941 4566 3310 4635 στρατιωτῶν,
3370 4562 3461 4617 καὶ
3504 4561 3741 4635 πολεμι-

331 4667 508 4733 atque
539 4658 801 4728 undique
845 4654 1117 4710 hostibus
1159 4652 1389 4705 aditum
1438 4648 1846 4703 intercludere.
1880 4648 1983 4704 His

332 4752 403 4805 de
433 4749 624 4805 causis
656 4746 888 4801 duobus
934 4741 1153 4798 exactis
1203 4738 1527 4803 mensibus,
1561 4737 1813 4793 Orientis
1843 4754 1985 4793 cura

328 4840 527 4911 ipsum
576 4837 751 4908 cepit,
784 4838 839 4889 et
870 4829 1111 4886 ultionis
1144 4826 1508 4899 justitiaque
1554 4826 1711 4881 zelus
1745 4825 1983 4881 delicias

327 4934 383 4982 et
416 4926 596 4983 animi
630 4922 951 4989 mollitiem,
981 4935 1105 4989 qum
1129 4918 1187 4971 in
1214 4917 1354 4970 urbe
1386 4916 1547 4985 regia
1577 4914 1789 4981 inerat,
1814 4914 1979 4983 vicit;

327 5017 480 5087 quod
526 5014 765 5086 quidem
815 5025 1021 5065 omnes
1074 5004 1340 5078 perculit,
1376 5004 1526 5058 celer
1557 5002 1826 5057 videlicet
1876 5020 1983 5073 ap-

327 5109 568 5177 paratus
599 5106 655 5157 et
686 5100 848 5165 ordo,
873 5113 1046 5168 quem
1079 5095 1330 5151 maxime
1361 5091 1690 5146 necessario
1725 5091 1984 5161 require.

326 5196 470 5249 bant
500 5209 590 5247 res
643 5188 959 5244 Antiochiae
991 5190 1049 5241 et
1076 5184 1292 5238 Ciliciae
1332 5180 1802 5251 excursionibus,
1834 5196 1983 5250 quas

324 5281 599 5355 superius
646 5278 925 5341 diximus,
977 5272 1305 5344 defatigatis
1355 5274 1411 5325 et
1460 5270 1518 5323 in
1554 5274 1824 5355 extrema
1877 5270 1980 5324 ad-

322 5346 509 5427 ductae
542 5366 905 5423 discrimina.
939 5363 1027 5417 Ad
1071 5368 1265 5433 partes
1315 5364 1510 5415 autem
1545 5346 1731 5430 magis
1784 5359 1979 5413 Borea?

330 5460 637 5530 subjectae
667 5456 790 5528 ipse
823 5451 1099 5508 sultanus
1131 5466 1264 5504 cum
1290 5448 1449 5505 omni
1477 5448 1729 5503 exercitu
1763 5447 1980 5519 irrupit
2019 5492 2031 5507 .

321 5566 529 5625 graves
568 5562 769 5604 secum
828 5541 1028 5613 cupias
1076 5545 1135 5595 et
1181 5539 1397 5611 quibus
1456 5537 1651 5592 resisti
1707 5536 1971 5608 nequire,

317 5640 640 5703 adducens.
669 5638 737 5689 Et
763 5632 836 5689 ad
867 5630 1013 5687 ﬁnes
1038 5632 1434 5686 Romanorum
1465 5630 1748 5682 autumno
1780 5641 1979 5682 acces-

2092 4657 2199 4708 κῶν
2260 4649 2425 4727 ἔργων
2488 4651 2825 4726 ἀντέχεσθαι,
2884 4645 3216 4726 πρεσϐευτάς
3267 4671 3326 4706 τε
3383 4650 3737 4723 ἑτοιμάζειν,

2092 4742 2182 4796 καὶ
2267 4741 2600 4816 πανταχόθεν
2692 4745 2808 4800 τοῖς
2888 4737 3146 4803 ἐναντίοις
3226 4738 3581 4815 ἐπιτειχίζειν
3637 4740 3736 4808 τήν

2092 4828 2355 4907 πάροδον.
2390 4832 2486 4884 Διά
2536 4828 2702 4884 ταῦτά
2756 4850 2841 4883 τοι
2901 4825 2989 4883 διὰ
3043 4825 3137 4883 δύο
3167 4832 3357 4902 μηνῶν
3386 4827 3670 4903 παρολκην
3702 4831 3737 4897 ἡ

2091 4927 2191 4988 τῆς
2225 4920 2393 4991 Ἐῲας
2422 4918 2583 4973 αὐτὸν
2637 4915 2852 4992 δέχεται
2885 4916 3213 4992 Προποντὶς,
3247 4918 3336 4972 καὶ
3369 4918 3395 4971 6
3439 4914 3606 4986 ζῆλος
3637 4922 3740 4986 τῆς

2093 5006 2331 5072 ἐκδικίας
2381 5006 2595 5077 ἐνίκησε
2640 5008 2738 5076 τὴν
2785 5007 2835 5061 ἐν
2886 5009 2954 5079 τῇ
3008 5004 3250 5081 βασιλίδι
3297 5008 3507 5082 τρυφήν
3552 5027 3610 5061 τε
3649 5006 3738 5060 καὶ

2094 5094 2385 5169 θυμηδίαν.
2438 5097 2504 5153 Ὃ
2552 5095 2638 5150 καὶ
2691 5093 2891 5156 πάντας
2940 5092 3297 5167 κατέπληξεν,
3328 5096 3363 5165 ὴ
3407 5100 3603 5170 ταχεῖα
3635 5092 3739 5165 δη-

2095 5184 2235 5255 λαδὴ
2311 5183 2596 5257 ἐτοιμασία
2652 5186 2743 5239 καὶ
2797 5181 3029 5253 διάταξις
3085 5183 3174 5237 καὶ
3233 5184 3543 5258 παρασκευή
3605 5182 3742 5256 πρὸς

2094 5276 2328 5350 ἀνάγκης
2388 5273 2534 5344 αὐτῷ
2591 5273 2853 5347 γενομένη
2913 5269 3153 5339 πολλῆς.
3202 5274 3289 5346 [Ρ.
3333 5274 3484 5345 823].
3531 5272 3614 5328 Τὰ
3646 5272 3741 5343 μὲν

2091 5365 2226 5418 κατά
2254 5365 2353 5431 τὴν
2404 5362 2745 5436 Ἀντιόχειαν
2794 5360 2885 5414 καὶ
2939 5358 3189 5416 Κιλικίαν
3238 5365 3354 5421 ταῖς
3402 5361 3742 5435 προειρημέ-

2091 5474 2207 5516 ναις
2255 5450 2550 5525 ἐκδρομαῖς
2600 5444 2936 5521 ἁπειρηκότα
2978 5447 3028 5503 ἐν
3061 5447 3310 5524 ἐσχάτοις
3360 5445 3651 5509 κινδύνοις·
3687 5447 3740 5502 ἐν

2094 5540 2151 5597 δὶ
2198 5546 2316 5604 τοῖς
2371 5540 2732 5615 βορειοτέροις
2786 5537 2947 5602 αὐτὸς
2994 5539 3022 5592 6
3077 5538 3374 5601 σουλτάνος
3406 5542 3743 5611 πανστρατιᾷ

2093 5629 2406 5704 ἐξελήλυθε,
2450 5626 2705 5704 δυνάμεις
2751 5628 2899 5706 ἄγων
2951 5626 3309 5694 ἀνυποίστους
3353 5627 3444 5684 καὶ
3498 5624 3741 5705 βαρείας,
