4046 6144
310 362 420 419 397

1815 358 2208 418 HISTORIA.

3598 362 3718 422 398

304 491 386 545 καὶ
431 495 545 549 τοῖς
598 488 769 562 ὁρίοις
816 491 923 542 τῶν
978 485 1264 560 Ῥωμαίων
1313 491 1392 559 τῷ
1437 490 1612 561 καιρῷ
1658 489 1755 541 τοῦ
1794 488 1951 563 φθιν-

2068 493 2237 557 serat,
2268 494 2333 544 ut
2382 489 2463 545 ibi
2496 489 2803 557 hiemaret,
2826 497 2883 547 et
2932 491 3170 557 ineunte
3199 507 3330 548 vere
3362 497 3428 549 ut
3454 494 3608 549 868
3641 510 3711 550 ex

305 579 514 653 οπώρου
565 575 914 651 προσῄνωτο,
953 574 1294 651 βουλόμενος
1347 574 1755 651 παραχειμάσαι
1789 574 1960 630 ἐκεῖσε

298 667 381 722 καὶ
424 665 735 741 ἀρχομένου
778 669 877 720 τοῦ
928 662 1085 741 ἔαρος
1133 669 1426 742 προσεχῶς
1476 659 1812 741 προσϐαλεῖν
1865 676 1958 729 καὶ

306 753 468 832 ἄρδην
512 753 808 829 ἀνατρέψαι
861 754 964 823 τὴν
1012 753 1303 827 Ῥωμαίων
1349 754 1438 810 καὶ
1485 752 1755 810 καθελεῖν.
1796 754 1856 810 Ὁ
1902 751 1959 807 δὲ

312 842 551 920 βασιλεὺς
608 845 835 917 στρατὸν
887 841 1225 919 ἑπαγόμενος
1271 842 1377 918 οὐχ
1406 844 1525 897 οἷον
1559 841 1703 904 εῒκὸς
1733 843 1822 896 τὸν
1862 843 1927 916 βα

318 932 457 989 σιλία
492 932 797 1005 Ῥωμαίων,
848 930 977 986 ἀλλ’
1025 934 1142 987 οἷον
1187 936 1449 1007 παρεῖχεν
1495 933 1523 987 6
1570 932 1758 1005 καιρὸς
1800 928 1865 985 ἓκ
1894 920 1957 1015 τὲ

315 1018 609 1077 Μακεδόνων
690 1019 782 1075 καὶ
863 1018 1202 1096 Βουλγάρων
1263 1019 1353 1075 καί
1428 1017 1803 1077 Καππαδοκῶν
1863 1033 1956 1088 καῖ

318 1107 480 1179 Οὕζων
529 1109 617 1163 καὶ
670 1113 778 1164 τῶν
835 1105 1024 1163 ἄλλων
1072 1105 1499 1185 παρατυχόντων
1538 1108 1786 1177 ἐθνικῶν,
1818 1109 1956 1184 πρὸς

315 1196 362 1253 δὲ
386 1199 467 1253 καί
502 1197 764 1274 Φράγγων
811 1198 900 1252 καὶ
951 1198 1272 1273 Βαράγγων,
1316 1205 1416 1268 τῆς
1468 1196 1597 1253 ὁδοῦ
1645 1194 1954 1258 σπουδαίως

306 1286 557 1363 ἐφήψατο.
612 1287 710 1340 Καὶ
781 1287 1132 1361 συνήχθησαν
1186 1285 1244 1341 δὲ
1292 1288 1342 1341 οἱ
1399 1287 1592 1349 πάντες
1652 1284 1952 1358 κελεύματι

303 1375 561 1451 βασιλικῷ
612 1375 662 1429 ἐν
700 1377 770 1449 τῇ
818 1376 1033 1450 Φρυγίᾳ
1062 1372 1190 1444 ἤτοι
1242 1380 1321 1448 τῷ
1354 1375 1547 1449 θέματι
1577 1379 1683 1430 τῶν
1719 1373 1951 1430 ’Δνατο’

295 1462 478 1533 λικῶν,
511 1461 640 1528 ἔνθα
668 1462 760 1518 καὶ
808 1463 873 1531 ἧν
929 1461 1063 1517 ἴδεῖν
1090 1464 1153 1518 τὸ
1194 1462 1528 1541 παράδοξον,
1558 1463 1685 1526 τοὺς
1720 1456 1949 1533 διαϐοή-

295 1574 411 1615 τους
453 1551 784 1627 προμάχους
814 1557 923 1606 τῶν
957 1551 1246 1625 Ῥωμαίων
1279 1557 1385 1607 τῶν
1420 1558 1591 1608 πᾶσαν
1632 1554 1733 1623 τὴν
1776 1552 1948 1623 Ἐῲαν

296 1642 378 1698 καὶ
406 1643 505 1711 τὴν
539 1641 805 1715 Ἑσπέραν
852 1639 1429 1715 καταδουλωσαμένων
1480 1641 1532 1712 ἐξ
1564 1641 1767 1716 ὀλίγων
1814 1660 1951 1715 συγ-

296 1731 570 1804 κειμένους
646 1727 880 1805 ἀνδρῶν,
954 1731 1047 1785 καὶ
1124 1730 1332 1785 τούτων
1409 1731 1819 1805 συγκεκυφότων
1878 1732 1946 1802 τῇ

294 1820 439 1891 πενίᾳ
505 1818 599 1875 καὶ
673 1818 947 1896 κακουχίᾳ
1012 1820 1105 1875 καὶ
1163 1819 1470 1882 πανοπλίας
1525 1816 1899 1895 ἐστερημένων
1930 1866 1947 1893 ,

292 1920 397 1974 ἀντὶ
449 1922 740 1994 μαχαιρῶν
788 1918 879 1973 καὶ
929 1916 1115 1973 ἄλλων
1166 1918 1413 1993 ὀργάνων
1463 1918 1824 1990 πολεμικῶν,
1873 1916 1935 1971 τὸ

288 2010 377 2071 τῆς
402 2014 625 2084 Γραφῆς
657 2006 817 2082 ἐρεῖν,
855 2002 1072 2076 ζιϐύνας
1118 2007 1208 2062 καὶ
1259 2005 1495 2082 δρέπανα
1543 2006 1642 2062 οὐκ
1679 2006 1732 2061 ἐν
1760 2010 1935 2081 καιρῷ

289 2096 501 2171 εἰρήνης
547 2094 937 2172 ἐπαγομένους,
992 2094 1169 2151 ’ίππου
1222 2117 1280 2151 τε
1330 2094 1639 2170 πολεμικοῦ
1697 2095 1786 2150 καὶ
1839 2099 1938 2160 τῆς

288 2184 457 2256 ἄλλης
516 2187 863 2259 παρασκευῆς
930 2183 1125 2247 ἐνδεῶς
1185 2180 1437 2260 ἔχοντας,
1496 2186 1586 2240 ἅτε
1642 2186 1717 2258 μὴ
1778 2205 1937 2261 στρα-

286 2275 614 2348 τευσαμένου
672 2272 944 2348 βασιλέως
1003 2274 1062 2329 ἐκ
1116 2272 1359 2343 πολλοῦ,
1410 2275 1501 2329 καὶ
1555 2272 1645 2329 διὰ
1670 2278 1832 2329 τοῦτο
1866 2274 1941 2337 ὡς

286 2364 576 2439 ἀχρήστων
633 2364 723 2417 καὶ
782 2361 1088 2418 ἀσυντελῶν
1141 2364 1231 2417 καὶ
1288 2363 1379 2418 τὸν
1442 2364 1707 2437 ὀψωνικὸν
1764 2362 1936 2417 αὐτῶν

286 2451 713 2528 παραιρεθέντων
793 2452 885 2507 καὶ
941 2452 1003 2507 τὸ
1074 2453 1318 2507 ἀνέκαθεν
1375 2453 1677 2526 σιτηρέσιον
1742 2450 1939 2525 (δειλοὶ

286 2542 381 2619 γὰρ
438 2542 534 2598 καὶ
592 2540 876 2604 ἀνάλκιδες
918 2542 1008 2597 καὶ
1056 2543 1193 2617 πρὸς
1244 2540 1397 2597 οὐδὲν
1449 2547 1694 2617 γενναῖον
1746 2561 1943 2617 χρησι-

292 2630 540 2705 μεΰοντες
592 2630 1024 2709 κατεφαίνοντο)⁹
1073 2631 1163 2685 καὶ
1212 2630 1376 2695 αὖτάς
1412 2631 1507 2693 τὰς
1539 2630 1775 2704 σημαίας
1809 2651 1943 2684 σιω-

290 2727 479 2797 πηρῶς
558 2722 989 2796 ἀποφθέγγεσθαι
1066 2722 1293 2795 πιναράς
1392 2722 1675 2796 ὁρωμένας
1764 2719 1942 2794 ὥσπερ

292 2811 391 2864 ἀπὸ
421 2809 649 2885 λιγνύος
678 2809 1027 2887 έζοφωμένας
1058 2814 1289 2877 καπνοῦ,
1321 2810 1410 2865 καὶ
1442 2807 1680 2872 ὀπαδοὺς
1711 2809 1943 2885 ἐχούσας

296 2900 700 2975 εὐαριθμήτους
760 2899 851 2953 καὶ
912 2898 1232 2975 πενιχρούς.
1288 2903 1462 2953 Ταῦτα
1515 2904 1634 2961 τοῖς
1683 2903 1943 2973 παροῦσιν

302 2989 553 3062 ὁρώμενα
611 2986 828 3057 πολλὴν
890 2988 1123 3060 ἀθυμίαν
1179 2995 1456 3065 προσῆγον
1508 2988 1598 3042 καὶ
1650 2986 1945 3056 ἐνεποίουν,

298 3085 780 3163 ἀναλογιζομένοις
835 3085 886 3156 ἐξ
947 3084 1077 3140 οἵων
1129 3092 1227 3141 ποῖ
1282 3088 1650 3156 κατηντήκασι
1701 3085 1767 3139 τὰ
1813 3087 1948 3141 Ῥω-

301 3175 465 3247 μαίων
496 3172 857 3250 στρατόπεδα,
906 3175 996 3229 καὶ
1047 3174 1197 3239 αὖθις
1248 3176 1369 3230 τίνα
1406 3175 1607 3251 τρόπον
1641 3174 1744 3229 κάκ
1772 3174 1945 3228 ποίων

295 3266 600 3340 χρημάτωδ
632 3265 718 3318 καὶ
772 3263 860 3318 διὰ
906 3264 1078 3319 πόσου
1124 3268 1220 3319 τοῦ
1270 3264 1477 3339 χρόνου
1516 3263 1593 3326 εἷς
1622 3264 1684 3318 τὸ
1716 3264 1945 3338 ἀρχαῖον

296 3352 768 3425 ἐπανελεύσονται,
810 3357 920 3407 τῶν
974 3353 1067 3425 μὲν
1122 3352 1494 3428 γηραιοτέρων
1550 3374 1638 3408 και
1686 3370 1949 3428 πεπειρα-

300 3441 465 3514 μένων
527 3441 792 3518 ἀφίππων
852 3437 1020 3496 ὄντων
1080 3441 1171 3495 καὶ
1221 3441 1420 3516 ψιλῶν,
1472 3449 1573 3511 τῆς
1625 3439 1682 3495 δὲ
1721 3438 1950 3501 νεαλοῖκ

291 3535 549 3606 στρατιᾶς
610 3529 1056 3606 ἀπειροπολέμου
1115 3530 1505 3601 καθεστηκυίας
1564 3530 1653 3584 καὶ
1706 3534 1813 3584 τῶν
1852 3550 1952 3583 πο-

294 3619 543 3693 λεμικῶν
600 3620 703 3674 οὐκ
746 3617 937 3683 ἐθαδος
969 3619 1217 3695 ἀγώνων.
1274 3619 1369 3673 Καὶ
1414 3618 1565 3683 αὖθις
1612 3619 1675 3674 τὸ
1721 3620 1828 3673 τῶν
1860 3618 1956 3672 ἀν-

293 3708 700 3785 τιτεταγμένων
746 3705 1262 3783 φιλοκινδυνότατον
1318 3707 1369 3763 ἐν
1418 3706 1710 3781 πολέμοις,
1762 3706 1956 3779 ἐπίμο-

296 3820 384 3853 νον
444 3799 542 3854 καΐ
604 3792 864 3873 ἔμπειρον
923 3797 1012 3852 καὶ
1074 3795 1401 3868 ἐπιτήδειον.
1463 3799 1731 3861 Πάντοθεν
1788 3794 1878 3851 οὖν
1928 3796 1957 3850 6

298 3895 562 3971 βασιλεὺς
617 3894 1053 3972 ἐξαπορούμενος
1101 3895 1255 3968 ὅμως
1308 3894 1397 3950 διά
1442 3896 1539 3964 τήν
1585 3897 1775 3964 κοινὴν
1805 3882 1958 3950 λυᾶῖ-

297 3985 513 4041 τέλειαν
570 3978 775 4059 ἔκρινεν
830 3985 904 4046 ὡς
959 3984 1081 4055 ἐνῆν
1130 3990 1246 4047 τοῖς
1287 3983 1507 4060 ἐχθροῖς
1536 3984 1962 4057 ἀντιπαρατάξα-

301 4086 422 4139 σθαι
452 4074 555 4130 καὶ
602 4076 701 4143 τῆς
746 4071 965 4144 πολλῆς
1008 4073 1203 4137 αὐτοὺς
1254 4078 1441 4135 ποσῶς
1489 4073 1833 4149 ἀναχαιτίσαι
1873 4072 1963 4127 καὶ

305 4163 626 4219 ἀναστεῖλαι
704 4161 903 4237 ὅρμῆς.
957 4163 1092 4226 Τοὺς
1145 4163 1245 4239 γὰρ
1303 4162 1575 4226 ἐναντίους
1645 4162 1966 4237 ἀγνοοῦντας

300 4253 364 4307 τὰ
414 4251 569 4308 θ’ίκοι
616 4251 706 4306 τὸν
758 4250 983 4325 βασιλέα
1024 4252 1279 4321 πιέζοντά
1327 4272 1385 4306 τε
1435 4255 1515 4321 [Ρ.
1550 4254 1676 4325 824]
1708 4250 1796 4305 καὶ
1848 4250 1966 4314 θλί-

309 4336 474 4396 ϐοντα
504 4344 543 4410 ἡ
591 4339 761 4416 ἀθρόα
809 4338 1005 4395 τούτου
1065 4342 1210 4415 ὁρμή
1268 4361 1328 4395 τε
1370 4339 1460 4395 καί
1510 4335 1707 4415 ἔφοδος
1754 4338 1966 4413 μᾶλλον

306 4428 624 4503 ἐξέπληξεν,
686 4429 989 4502 οἰηθέντας,
1051 4430 1231 4505 ὥσπερ
1289 4429 1382 4484 καὶ
1439 4428 1657 4505 ὕστερον
1721 4430 1969 4501 μεμαθή-

306 4540 501 4591 καμεν,
552 4516 640 4572 ὅτι
687 4515 951 4573 κινδύνων
1004 4517 1160 4581 οὗτος
1195 4521 1222 4573 6
1262 4516 1547 4594 ἄνθρωπος
1579 4516 1772 4573 οὐδένα
1803 4517 1968 4592 λόγον

2068 578 2398 650 propinquo
2430 585 2628 651 posset
2666 580 2938 636 invadere
2968 585 3023 637 et
3054 579 3289 653 penitus
3319 582 3716 638 Romanorum

2069 685 2162 723 res
2192 675 2451 724 evertere
2498 687 2563 725 ac
2612 670 2901 725 demoliri.
2937 672 3258 741 Imperator
3285 676 3478 726 autem
3530 671 3718 726 addu-

2069 774 2206 813 cens
2235 758 2575 827 exercitum,
2609 776 2724 817 non
2770 759 3001 830 qualem
3034 761 3277 815 decebat
3315 760 3717 815 Romanorum

2067 846 2504 917 imperatorem,
2534 849 2633 903 sed
2666 849 2897 919 qualem
2922 865 3181 921 praesens
3208 849 3436 905 occasio
3469 849 3722 918 praebuit

2068 951 2135 989 ex
2175 936 2593 993 Macedonibus
2643 942 2699 993 et
2746 937 3018 1010 Bulgaris
3065 942 3122 993 et
3171 938 3613 1009 Cappadocibus
3663 941 3722 992 et

2067 1023 2200 1081 Uzis
2222 1032 2277 1079 et
2304 1024 2456 1093 aliis,
2482 1033 2547 1080 ut
2572 1028 2691 1082 fors
2712 1026 2946 1093 tulerat,
2971 1026 3337 1092 nationibus,
3359 1027 3723 1099 insuperque

2066 1130 2096 1168 e
2130 1114 2367 1169 Francis
2394 1120 2451 1169 et
2482 1115 2784 1186 Barangis,
2815 1116 3076 1171 studiose
3107 1117 3217 1170 iter
3246 1116 3516 1186 arripuit,
3541 1122 3598 1171 et
3630 1133 3723 1172 co-

2066 1203 2176 1258 acti
2209 1207 2347 1258 sunt
2394 1203 2765 1275 imperatoris
2806 1205 2981 1274 jussu
3033 1221 3237 1259 omnes
3290 1205 3389 1274 qui
3440 1208 3609 1260 erant
3659 1205 3720 1259 in

2063 1293 2311 1365 Phrygia
2369 1310 2470 1348 seu
2532 1294 2829 1365 provincia
2875 1294 3280 1349 Orientalium.
3314 1293 3422 1349 Ubi
3484 1310 3723 1349 cernere

2064 1386 2287 1453 poterat
2319 1383 2513 1437 nescio
2541 1383 2680 1453 quid
2715 1382 3076 1451 incredibile,
3103 1382 3361 1438 celebres
3392 1381 3526 1438 illos
3555 1385 3719 1436 ante-

2062 1471 2341 1541 signanos
2387 1472 2805 1539 Romanorum,
2836 1472 2937 1544 qui
2984 1487 3217 1528 omnem
3249 1477 3307 1526 et
3334 1472 3626 1528 Orientem
3662 1475 3720 1526 et

2061 1559 2434 1615 Occidentem
2484 1562 2542 1615 in
2592 1562 2931 1616 servitutem
2982 1562 3346 1631 redegerunt,
3392 1578 3460 1616 ex
3511 1560 3719 1632 paucis

2058 1650 2198 1705 viris
2247 1649 2541 1715 collectos,
2580 1650 2771 1722 iisque
2820 1655 3163 1722 paupertate
3194 1654 3250 1706 et
3277 1650 3582 1707 vexatione
3612 1650 3717 1704 de-

2057 1738 2259 1794 missis
2289 1746 2463 1809 atque
2501 1739 2662 1793 omni
2710 1756 3007 1794 armorum
3040 1756 3253 1812 genere
3284 1738 3574 1812 spoliatis,
3610 1756 3717 1811 pro

2057 1827 2271 1899 gladiis
2318 1832 2377 1882 et
2424 1827 2554 1883 aliis
2586 1826 2814 1882 bellicis
2845 1829 3048 1894 armis,
3086 1834 3151 1884 ut
3199 1829 3503 1899 Scriptura
3550 1828 3717 1895 dicit,

2047 1915 2245 1985 jacula
2275 1921 2332 1971 et
2362 1915 2542 1971 falces
2590 1933 2705 1971 non
2753 1924 3017 1989 tempore
3049 1916 3209 1988 pacis
3260 1916 3714 1984 adducentibus,

2047 2017 2105 2068 et
2162 2012 2369 2068 bellico
2426 2013 2691 2085 equitatu
2752 2012 2983 2084 alioque
3050 2013 3458 2086 indigentibus
3532 2030 3718 2085 appa-

2048 2106 2201 2169 ratu,
2234 2103 2453 2173 quippe
2502 2118 2635 2156 cum
2688 2102 3010 2173 imperator
3067 2102 3206 2157 illuc
3260 2119 3395 2158 cum
3444 2102 3706 2158 exercitu

2040 2190 2400 2262 jampridem
2432 2191 2727 2262 profectus
2777 2208 2891 2245 non
2942 2197 3117 2261 esset,
3149 2196 3206 2246 et
3250 2192 3359 2246 bac
3407 2193 3480 2246 de
3526 2207 3707 2246 causa

2049 2279 2169 2335 illis
2199 2286 2480 2351 tanquam
2514 2279 2822 2335 inutilibus
2860 2280 3134 2351 adempta
3175 2285 3372 2336 essent
3400 2280 3619 2335 cibaria
3649 2285 3707 2335 et

2051 2369 2150 2441 qui
2184 2367 2425 2438 praeberi
2465 2373 2847 2423 consueverat
2878 2372 3241 2424 commeatus
3273 2385 3287 2423 :
3322 2368 3515 2423 timidi
3546 2368 3703 2424 enim

2052 2463 2109 2513 et
2147 2456 2468 2512 imbecilles
2523 2461 2581 2512 et
2637 2457 2710 2512 ad
2770 2458 2993 2512 nullam
3053 2474 3176 2513 rem
3225 2462 3526 2514 strenuam
3569 2456 3706 2511 usui

2055 2549 2479 2614 censebantur;
2539 2547 2619 2602 ita
2675 2552 2739 2600 ut
2804 2546 2977 2601 etiam
3045 2548 3177 2616 ipsa
3242 2548 3413 2617 signa
3470 2544 3705 2600 silentio

2054 2637 2514 2707 responderent,
2582 2635 2821 2690 sordida
2887 2640 3230 2707 conspecta,
3285 2640 3565 2705 tanquam
3635 2634 3707 2689 ab

2055 2724 2310 2779 extincto
2366 2724 2591 2779 lumine
2640 2725 2949 2779 obscurato
3001 2724 3181 2792 fumo,
3216 2728 3273 2779 et
3330 2740 3546 2795 paucos
3603 2721 3712 2776 ba-

2057 2814 2255 2869 bentia
2312 2813 2615 2869 ministros
2672 2829 2891 2884 eosque
2949 2829 3256 2884 pauperes.
3290 2813 3422 2867 Hac
3477 2812 3551 2866 iis
3609 2811 3711 2881 qui

2057 2904 2301 2958 aderant
2380 2902 2760 2958 cernentibus
2839 2918 3015 2957 causa
3094 2906 3258 2957 erant
3322 2908 3387 2956 ut
3452 2900 3706 2956 multum

2058 2992 2490 3062 desponderent
2548 2992 2813 3047 animum
2866 2996 2923 3045 et
2973 2994 3325 3057 metuerent,
3382 2991 3708 3061 cogitantes

2059 3097 2126 3136 ex
2167 3097 2282 3151 quo
2322 3085 2478 3135 statu
2535 3082 2593 3134 in
2646 3096 2820 3151 quem
2870 3080 3093 3135 redacti
3143 3080 3262 3135 sint
3315 3080 3710 3135 Romanorum

2061 3178 2212 3233 669
2251 3177 2558 3244 exercitus,
2592 3182 2648 3231 et
2680 3193 2886 3231 rursus
2936 3192 3190 3247 quanam
3242 3175 3466 3230 ratione
3497 3180 3555 3230 et
3584 3174 3714 3245 qui-

2064 3271 2174 3322 bus
2205 3266 2416 3337 opibus
2466 3271 2523 3321 et
2572 3270 2791 3337 quanto
2832 3272 3095 3336 tempore
3144 3266 3203 3319 in
3258 3265 3566 3335 antiquum
3596 3270 3715 3319 sta-

2058 3362 2187 3412 tum
2216 3355 2499 3410 vindicari
2552 3355 2800 3426 possint,
2832 3370 2967 3409 eum
3020 3355 3273 3424 majores
3303 3357 3443 3408 natu
3475 3356 3532 3408 et
3558 3356 3715 3407 vete-

2061 3446 2191 3500 rani
2223 3443 2442 3499 milites
2485 3446 2542 3499 et
2586 3442 2752 3515 periti
2784 3446 3049 3498 carerent
3077 3442 3343 3513 equitatu
3377 3444 3434 3496 et
3462 3440 3719 3496 inermes

2063 3539 2279 3600 essent,
2310 3534 2532 3588 tirones
2563 3537 2758 3588 autem
2803 3531 3061 3603 imperiti
3095 3547 3285 3602 neque
3332 3530 3562 3586 bellicis
3593 3546 3720 3585 cer-

2062 3622 2389 3678 taminibus
2447 3622 2689 3677 assueti.
2751 3621 2830 3675 Ad
2891 3621 3002 3676 hoc
3060 3620 3428 3675 adversarios
3486 3634 3722 3691 quoque

2066 3712 2320 3768 maxime
2370 3716 2638 3766 strenuos
2682 3714 2738 3766 et
2787 3711 3037 3765 audaces
3096 3710 3167 3765 ab
3218 3708 3527 3764 subeunda
3586 3708 3721 3763 belli

2067 3801 2345 3873 pericula,
2378 3806 2437 3856 et
2485 3799 2728 3855 stabiles
2779 3804 2953 3870 atque
3001 3799 3222 3870 peritos
3251 3802 3309 3852 et
3337 3798 3581 3852 idoneos
3613 3814 3720 3853 no-

2068 3894 2219 3945 rant.
2263 3891 2341 3944 Ex
2389 3888 2550 3943 omni
2610 3888 2790 3959 igitur
2840 3892 3001 3958 parte
3051 3902 3265 3956 anceps
3320 3888 3377 3940 et
3432 3884 3721 3940 sollicitus

2067 3980 2387 4050 imperator
2433 3982 2628 4032 tamen
2680 3976 3005 4031 communis
3057 3974 3330 4029 utilitatis
3370 3990 3568 4044 causa,
3598 3980 3719 4029 sta-

2070 4069 2207 4134 tuit,
2241 4072 2530 4140 quantum
2581 4067 2640 4121 in
2690 4083 2752 4121 se
2801 4070 2945 4131 erat,
2979 4070 3182 4121 contra
3237 4063 3434 4119 hostes
3480 4062 3718 4132 instrui,

2073 4181 2395 4236 eorumque
2460 4181 2528 4218 ex
2584 4162 2778 4233 aliqua
2841 4166 3003 4233 parte
3068 4161 3369 4232 ingentem
3435 4160 3721 4231 impetum

2075 4255 2479 4325 comprimere.
2514 4253 2583 4306 Et
2625 4251 2991 4306 adversarios
3033 4249 3292 4321 quidem,
3325 4250 3562 4320 ignaros
3592 4250 3723 4320 qui-

2076 4347 2189 4401 bus
2219 4342 2388 4397 malis
2411 4340 2568 4396 domi
2593 4347 2895 4395 vexaretur
2915 4356 2981 4394 ac
3008 4341 3369 4411 premeretur
3388 4338 3727 4409 imperator,

2079 4432 2420 4505 repentinus
2469 4430 2659 4502 ipsius
2690 4436 2933 4483 conatus
2977 4433 3035 4482 et
3066 4428 3352 4482 adventus
3384 4427 3571 4497 magis
3603 4443 3730 4497 per-

2079 4522 2310 4588 terruit,
2344 4525 2521 4589 ratos,
2550 4523 2613 4573 ut
2646 4522 2845 4589 postea
2877 4516 3214 4584 didicimus,
3246 4514 3545 4569 hominem
3577 4515 3736 4569 hunc

310 4610 638 4678 πεποίηται,
672 4606 797 4663 ἀλλ’
849 4602 1005 4682 ἔαρος
1054 4605 1128 4662 ὣν
1161 4609 1429 4683 φοιτητής
1475 4609 1851 4678 καινοποιήσει
1881 4607 1957 4660 κα

2081 4610 2473 4683 periculorum
2500 4606 2721 4661 nullam
2747 4607 3033 4660 rationem
3059 4604 3540 4667 habiturum,sed
3558 4618 3736 4657 verno

314 4692 586 4768 ἀνηϐήσει
641 4696 710 4751 τὰ
764 4696 1053 4769 Ῥωμαίων
1108 4694 1400 4771 πράγματα
1455 4697 1542 4751 καὶ
1611 4696 1970 4766 ἀντισηκώσει

314 4793 431 4848 τοῖς
464 4787 696 4861 ἐχθροῖς
727 4786 792 4839 τὰ
822 4784 1093 4860 ἐπίχειρα.
1131 4787 1272 4858 [Διά]
1304 4787 1473 4839 ταῦτά
1500 4807 1585 4840 τοι
1619 4787 1645 4839 ὁ
1681 4786 1774 4858 μὲν
1809 4792 1971 4839 σουλ-

313 4892 467 4938 τανος
520 4873 935 4950 ὀπισθόρμητος
984 4874 1190 4949 γέγονε,
1248 4880 1445 4948 μοῖραν
1478 4873 1534 4929 δέ
1577 4895 1698 4929 τινα
1731 4872 1972 4948 μεγάλην

313 4963 752 5038 ἀποτεμόμενος,
779 4964 870 5018 καὶ
895 4962 1096 5034 ταύτην
1124 4961 1486 5039 διχῆδιελὼν,
1514 4965 1612 5032 τὴν
1650 4964 1742 5037 μὲν
1773 4963 1848 5025 εἷς
1879 4964 1979 5031 τὴν

316 5061 498 5119 Ἀσίαν
561 5063 663 5130 τὴν
719 5059 829 5116 ἄνω
885 5063 1215 5138 νοτιωτέραν
1275 5060 1563 5134 ἐκπέμπει,
1622 5062 1720 5129 τὴν
1781 5058 1838 5115 δὲ
1890 5062 1982 5136 βο-

318 5152 595 5227 ρειοτέραν
650 5149 1021 5227 παραγγέλλει
1080 5151 1345 5225 γενέσθαι.
1400 5151 1456 5204 Ὀ
1503 5148 1560 5205 δὶ
1613 5148 1866 5224 βασιλεὺς
1910 5148 1983 5211 ὡς

318 5236 442 5307 ἐνῆν
472 5236 604 5299 τοὺς
640 5236 732 5291 σὺν
775 5238 925 5309 αὐτῷ
976 5235 1289 5313 ἐπιρρώσας
1336 5235 1439 5311 ὅλῃ
1483 5238 1655 5313 χειρὶ,
1700 5237 1789 5291 καὶ
1823 5237 1985 5306 ἀξιώ-

328 5346 453 5397 μασι
508 5326 601 5380 mi
646 5322 844 5401 δώροις
891 5325 1258 5402 ἀναθαῤῥῆσαι
1308 5326 1651 5398 πεποιηκὼς,
1698 5326 1785 5380 καὶ
1842 5325 1988 5400 λοχ-

321 5414 481 5491 αγοὺς
577 5412 665 5469 καί
748 5414 1044 5491 ταξιάρχας
1130 5414 1383 5492 ἀρίστους
1466 5416 1672 5488 ἑκάστῳ
1753 5416 1988 5491 τάγματι

321 5500 609 5575 ἐπιμελῶς
654 5504 1127 5579 προστησάμενος,
1187 5503 1240 5560 ἐν
1292 5504 1465 5581 ὀλίγῳ
1522 5504 1707 5581 χρόνῳ
1739 5504 1988 5579 στρατιὰν

326 5589 619 5666 ἀξιόλογον
676 5595 1064 5667 κατεστήσατο,
1115 5592 1206 5648 καὶ
1262 5595 1375 5667 μετ’
1431 5591 1601 5664 αὐτῆς
1662 5592 1751 5649 ἐπὶ
1785 5596 1990 5671 Πέρσας

327 5680 739 5761 προθυμότερον
786 5680 1043 5756 ἤλαυνεν.
1076 5682 1165 5749 Ὠς
1213 5679 1271 5739 δὶ
1312 5684 1376 5740 τὸ
1425 5683 1644 5763 βόρειον
1692 5683 1996 5763 στρατόπε-

2077 4705 2341 4771 tempore
2371 4698 2784 4759 adventurum,
2813 4699 3231 4760 auctoremque
3260 4692 3381 4745 fore
3420 4694 3484 4745 ut
3526 4708 3739 4747 rursus

2084 4790 2347 4845 Romana
2378 4802 2469 4840 res
2499 4785 2830 4840 efﬂorescat
2851 4787 2907 4838 et
2936 4782 3099 4854 paria
3130 4778 3397 4834 hostibus
3429 4782 3732 4851 rependat.

2086 4885 2310 4950 Quibus
2343 4884 2413 4938 de
2444 4883 2638 4938 causis
2687 4881 2958 4936 sultanus
3006 4876 3266 4933 recessit.
3301 4875 3516 4931 Verum
3548 4876 3740 4932 divisa

2088 4974 2245 5029 haud
2277 4973 2485 5043 exigua
2515 4972 2801 5026 exercitus
2846 4984 3022 5022 manu
3070 4967 3128 5019 in
3174 4967 3320 5020 duas
3353 4970 3567 5036 partes,
3601 4966 3741 5022 alle-

2090 5080 2214 5119 ram
2250 5064 2308 5117 in
2342 5062 2540 5117 Asiam
2572 5059 2933 5131 superiorem
2975 5056 3043 5111 ad
3097 5056 3310 5109 Istrum
3344 5056 3534 5126 magis
3567 5055 3742 5111 sitam

2092 5153 2328 5220 emittit,
2362 5151 2605 5206 alteram
2639 5150 2707 5203 ad
2742 5151 2938 5219 partes
2984 5145 3173 5215 magis
3204 5142 3599 5214 aquilonares.
3634 5147 3745 5201 Im-

2095 5247 2328 5314 perator
2375 5245 2568 5294 autem
2615 5238 2764 5301 suis,
2815 5239 3104 5306 quantum
3155 5232 3340 5299 licuit,
3389 5233 3751 5289 conﬁrmatis

2097 5331 2257 5388 omni
2302 5332 2589 5400 potestate
2617 5330 2673 5381 et
2704 5325 2990 5397 dignitate
3022 5339 3087 5377 ac
3120 5321 3486 5390 muneribus,
3510 5327 3568 5377 et
3596 5323 3752 5378 bono

2100 5420 2298 5475 animo
2331 5434 2459 5473 esse
2489 5416 2700 5487 jussis,
2733 5411 3290 5485 manipulorumque
3322 5411 3668 5467 ductoribus
3699 5417 3757 5467 et

2101 5506 2342 5580 optimis
2365 5504 2652 5577 praefectis
2675 5501 2997 5572 unicuique
3019 5499 3238 5572 legioni
3265 5498 3578 5570 diligenter
3599 5500 3763 5555 attri-

2102 5596 2458 5663 butis,brevi
2490 5600 2753 5665 tempore
2783 5592 3059 5647 idoneum
3091 5588 3383 5645 contraxit
3414 5588 3762 5653 exercitum,

2103 5692 2161 5744 et
2189 5702 2324 5743 cum
2355 5686 2483 5760 ipso
2515 5684 2577 5741 in
2606 5688 2817 5741 Persas
2858 5679 3115 5738 alacrius
3160 5676 3664 5750 proﬁciscebatur.
3696 5675 3770 5732 Ut
