4084 6140
367 306 486 364 399

1665 306 1798 366 JOA
1815 306 1993 366 NNlS
2041 301 2467 371 SCYLlTZ/E.

3641 310 3741 370 400

369 453 505 491 vero
560 436 817 491 Borealis
875 436 1161 490 exercitus
1219 436 1589 507 imperatoris
1648 437 2023 492 successibus

2141 430 2230 486 δον
2284 433 2378 493 τὰς
2433 437 2529 487 τοῦ
2608 433 2874 507 βασιλέως
2943 431 3211 510 προόδους
3265 434 3573 509 παρέσχετο,
3622 433 3743 512 ἔγνω

373 528 527 583 670
571 526 733 595 favit,
782 526 991 582 statuit
1037 517 1313 597 deinceps
1370 526 1653 598 Diogenes
1712 526 1770 581 in
1829 530 2022 599 partes

370 615 659 673 australes
691 633 791 672 eos
821 616 1093 671 invadere
1140 617 1240 686 qui
1271 615 1641 689 Coelesyriam
1671 621 1729 672 et
1757 616 2023 672 Ciliciam

366 706 674 777 ipsamque
698 706 1066 761 Antiochiam
1094 706 1536 776 praedabantur;
1562 705 1881 777 relictaque
1931 706 2024 760 via

368 811 496 866 quae
528 800 685 849 recta
715 794 878 849 ducit
896 792 1194 849 Coloniam
1226 798 1282 848 et
1304 784 1651 862 Sebastiam,
1678 796 1748 849 ad
1777 794 2023 865 Lycandi

368 885 665 955 regionem
698 882 965 949 accessit,
994 883 1193 938 aestivo
1219 887 1481 954 tempore
1507 900 1519 937 :
1553 888 1840 938 autumno
1863 884 2019 939 enim

368 973 661 1044 cogitabat
691 972 749 1025 in
783 971 1005 1043 Syriam
1052 973 1345 1040 invadere,
1390 989 1460 1027 ne
1505 974 1648 1028 forte
1679 978 1824 1029 asstu
1855 991 2024 1029 vexa-

368 1063 466 1115 tus
497 1059 787 1115 exercitus
819 1077 1027 1131 parum
1062 1078 1338 1131 prospere
1378 1078 1469 1116 res
1509 1067 1734 1134 gereret
1762 1066 1819 1117 et
1846 1063 2020 1118 detri-

370 1154 567 1204 mento
615 1149 770 1203 haud
833 1149 1114 1204 mediocri
1174 1150 1524 1205 afﬁceretur.
1580 1153 1808 1207 Interea
1854 1153 2024 1207 Turci

371 1238 804 1296 Neocaesaream
863 1256 932 1293 ex
1002 1240 1317 1309 improviso
1377 1239 1566 1295 adorti
1623 1245 1910 1301 evertunt.
1969 1245 2025 1296 et

368 1327 688 1383 multorum
721 1328 979 1384 virorum
1028 1344 1327 1399 opumque
1376 1328 1543 1399 potiti
1581 1333 1739 1399 sunt,
1773 1331 2023 1385 abducta

372 1416 625 1473 maxime
674 1417 895 1489 ingenti
945 1417 1269 1488 spoliorum
1314 1418 1537 1488 praeda;
1571 1418 1725 1489 quod
1761 1436 1892 1474 cum
1949 1421 2020 1477 ad

372 1523 545 1562 aures
578 1507 950 1578 imperatoris
979 1507 1310 1576 accidisset,
1336 1512 1581 1561 multam
1616 1506 1698 1561 illi
1729 1524 1901 1563 casus
1929 1508 2021 1563 hic

374 1594 557 1651 animi
616 1594 1074 1650 sollicitudinem
1135 1594 1348 1661 attulit,
1380 1595 1535 1665 quod
1573 1597 1843 1666 quamvis
1891 1614 2018 1652 cum

370 1683 622 1740 exercitu
670 1684 1005 1755 prodiisset,
1042 1682 1422 1738 nihilominus
1471 1684 1671 1740 hostes
1720 1685 2015 1757 regionem

367 1800 537 1841 suam
569 1800 632 1839 se
672 1783 1040 1854 inspectante
1069 1789 1359 1838 vexarent.
1391 1784 1649 1839 Tandem
1683 1786 1881 1859 ecpias
1922 1806 2024 1859 per

370 1873 613 1929 semitas
671 1888 911 1927 accessu
963 1871 1233 1926 difficiles
1279 1872 1460 1926 veluti
1510 1873 1755 1929 habenis
1795 1893 1829 1931 a
1868 1882 2038 1951 tergo

369 1962 644 2018 retractis
675 1960 933 2029 reduxit;
969 1976 1220 2031 cumque
1250 1961 1525 2016 Sebastiae
1559 1965 2028 2037 appropinquas-

367 2056 480 2117 set,
514 2050 795 2106 militaria
846 2050 1272 2121 impedimenta
1325 2056 1383 2105 et
1429 2068 1635 2107 omnes
1683 2055 1910 2124 pedites
1949 2056 2031 2112 ibi

380 2140 620 2211 reliquit
664 2156 798 2195 cum
847 2139 1112 2210 privigno
1144 2156 1250 2194 suo
1290 2140 1646 2207 Andronico,
1681 2143 1780 2213 qui
1828 2161 2030 2203 secum

379 2231 601 2298 aderat,
657 2245 832 2299 quem
891 2227 1181 2283 delectum
1240 2228 1649 2299 imperatorem
1702 2236 1766 2285 ut
1814 2233 2029 2305 pignus

376 2318 503 2389 ipse
551 2317 805 2371 habebat
838 2316 926 2371 vel
958 2315 1262 2388 collegam,
1297 2320 1362 2370 ut
1409 2317 1457 2371 si
1507 2317 1640 2388 quis
1687 2322 2032 2391 repentinus

374 2423 549 2463 casus
580 2407 858 2478 exigeret,
881 2406 932 2461 is
962 2422 1055 2460 res
1084 2406 1545 2461 administraret.
1574 2406 1705 2479 Ipse
1732 2426 1865 2466 vero
1897 2428 2032 2468 cum

373 2495 838 2567 expeditioribus
887 2511 920 2549 a
967 2499 1129 2565 tergo
1173 2495 1635 2566 persequebatur
1683 2496 1882 2554 hostes
1932 2516 2035 2571 per

374 2586 591 2639 multos
619 2590 677 2640 et
704 2582 1065 2639 celsissimos
1114 2583 1315 2652 colles,
1348 2589 1403 2637 et
1455 2601 1557 2655 per
1604 2586 1947 2656 Tephricem
1979 2593 2035 2644 et

373 2676 627 2743 Argaum
670 2673 729 2727 in
774 2672 935 2744 ipsos
968 2672 1242 2727 invadere
1290 2689 1357 2727 ex
1407 2673 1646 2743 obliquo
1698 2675 2029 2732 festinabat.

378 2763 568 2825 Quare
618 2778 753 2816 cum
814 2778 920 2816 nec
965 2762 1275 2831 opinantes
1325 2763 1565 2816 adortus
1614 2768 1789 2833 esset,
1824 2766 2034 2836 suique

381 2851 668 2906 adventus
714 2850 870 2904 fama
918 2866 1123 2905 omnes
1174 2850 1574 2917 deterruisset,
1608 2852 1808 2908 statim
1856 2870 2035 2910 causa

380 2941 496 2995 fuit
556 2943 621 2995 ut
668 2940 814 2995 671
871 2937 955 2993 illi
1016 2938 1076 2993 in
1136 2938 1334 3010 fugam
1388 2938 1541 2993 versi
1598 2944 1757 3010 terga
1805 2944 2031 2998 darent.

382 3040 644 3102 Quorum
675 3039 860 3094 cedes
892 3037 1049 3093 haud
1099 3037 1288 3093 multa
1336 3037 1488 3093 facta
1517 3042 1625 3106 est,
1650 3038 1866 3112 quippe
1897 3058 2030 3096 cum

380 3132 515 3183 ante
546 3127 848 3199 defatigati
882 3131 1079 3182 essent
1122 3127 1339 3182 milites
1370 3126 1739 3198 imperatoris
1768 3128 1912 3185 locis
1943 3132 2033 3184 in-

2136 521 2327 576 λοιπὸν
2389 523 2417 576 ὁ
2473 521 2729 599 Διογένης
2782 528 2903 586 τοῖς
2959 524 3161 586 νοτίοις
3222 523 3562 593 ἐπεισπεσεῖν,
3608 528 3653 579 οἳ
3689 528 3748 582 τὰ

2131 610 2254 685 περὶ
2288 610 2497 681 Κοίλην
2547 612 2742 687 Συρίαν
2794 613 2881 667 καὶ
2936 611 3189 669 Κιλικίαν
3234 613 3325 669 καὶ
3364 615 3524 683 αὐτὴν
3555 615 3748 671 Ἀντιό-
3812 686 3813 689 η

2133 720 2290 775 χειαν
2350 699 2773 771 καταληίζοντες
2828 704 2985 771 ἦσαν.
3040 704 3139 757 Καὶ
3195 700 3504 758 καταλιπὼν
3553 704 3611 758 τὸ
3641 704 3751 768 εὐθὺ

2133 788 2439 851 Κολωνείας
2482 790 2571 845 καὶ
2624 786 2941 854 Σεϐαστείας
2994 791 3268 870 φέρεσθαι,
3313 796 3394 863 τῷ
3437 796 3529 847 τοῦ
3566 800 3753 847 Λυκαν-

2135 876 2230 933 δοῦ
2289 877 2611 953 ἐπεχώρησε
2669 880 2858 953 θέματι
2917 882 3052 936 κατὰ
3091 882 3184 936 τὸν
3223 882 3406 954 καιρὸν
3438 886 3529 936 τοῦ
3561 883 3749 958 θέρους*

2136 966 2188 1022 ἐν
2245 968 2347 1042 γὰρ
2405 972 2485 1040 τῷ
2540 970 2873 1045 φθινοπώρῳ
2929 976 3045 1035 τοῖς
3103 975 3391 1046 Συριακοῖς
3448 967 3755 1045 παραϐαλεῖν

2133 1055 2364 1129 ἐμελέτα
2425 1059 2668 1132 μέρεσιν,
2730 1059 2805 1121 ὡς
2839 1059 2897 1115 ἂν
2934 1061 3009 1133 μή
3037 1065 3116 1133 τῷ
3163 1060 3396 1116 καύσωνι
3435 1061 3753 1136 κακουχηθὶν

2130 1147 2193 1200 τὸ
2255 1145 2618 1222 στρατόπεδον
2693 1146 3046 1226 δυσπραγήσῃ
3124 1150 3212 1204 καὶ
3285 1145 3621 1223 διαλωϐηθῇ.
3678 1151 3758 1206 Ἐν

2132 1234 2377 1308 τοςούτῳ
2428 1232 2485 1290 δὲ
2529 1237 2583 1290 οἱ
2630 1239 2866 1312 Τοῦρκοι
2920 1240 3019 1307 τὴν
3070 1238 3477 1311 Νεοκαισάρειαν
3524 1237 3573 1308 ἐξ
3602 1238 3753 1313 ἀπρο-

2134 1321 2303 1377 όπτου
2353 1322 2673 1388 ἐπελθόντες
2724 1328 3171 1405 καταστρέφουσι,
3203 1328 3293 1382 καὶ
3321 1325 3543 1382 πολλῶν
3587 1328 3756 1399 σωμά-

2129 1432 2236 1465 των
2268 1412 2358 1466 καὶ
2410 1415 2716 1487 χρημάτων
2766 1414 3016 1490 ἐγένοντο
3068 1416 3269 1491 κύριοι,
3318 1415 3479 1491 βάρος
3510 1415 3758 1490 ἐπαγόμε-

2131 1520 2215 1553 νοι
2274 1500 2696 1578 λαφυραγωγίας
2751 1502 2849 1557 οὐκ
2901 1503 3214 1579 ἐλάχιστον.
3264 1506 3335 1561 *Ὀ
3391 1504 3480 1559 καὶ
3536 1504 3607 1565 εἷς
3660 1505 3759 1557 ὦτα

2127 1592 2224 1642 τοῦ
2256 1590 2525 1663 βασιλέως
2574 1593 2735 1646 πεσὸν
2786 1591 3003 1662 πολλὴν
3036 1593 3183 1666 αὖτῷ
3227 1595 3327 1663 τὴν
3368 1593 3511 1647 ἀνίαν
3542 1592 3759 1663 ἐνέσταξε

2126 1676 2190 1730 τὸ
2245 1673 2476 1750 συμϐὰν,
2518 1678 2602 1733 ὅτι
2649 1679 2827 1735 καίτοι
2882 1679 3373 1757 ἐκστρατευομένου
3433 1678 3584 1737 οὐδὲν
3610 1682 3759 1751 ἧττον

2127 1766 2181 1818 οἱ
2237 1766 2499 1840 πολέμιοι
2554 1769 2654 1837 τὴν
2711 1770 2899 1845 χώραν
2961 1769 3125 1825 αὐτοῦ
3180 1770 3411 1826 ἐνώπιον
3462 1770 3620 1825 αὐτοῦ
3646 1791 3760 1824 κατ-

2055 1833 2102 1898 Β
2133 1855 2425 1909 εσθίουσιν.
2462 1856 2685 1929 Ἀμέλει
2717 1833 2825 1913 Ἕτσί
2883 1858 2971 1914 καὶ
3027 1859 3121 1921 τὶς
3171 1857 3422 1934 δυνάμεις
3471 1857 3760 1936 ἀνειληφὼς

2143 1940 2212 1996 δι’
2242 1943 2494 2019 ἀτραπῶν
2543 1941 2817 2002 δυσϐάτων
2865 1948 2969 2003 ἀπὸ
3018 1947 3255 2024 ῥυτῆρος
3300 1949 3524 2005 κατόπιν
3556 1947 3760 2018 ἤλαυνε.

2140 2039 2454 2111 Πλησιάσας
2506 2040 2563 2098 δὲ
2604 2049 2671 2119 τῇ
2734 2040 3026 2118 Σεϐαστείᾳ
3078 2049 3177 2117 τήν
3238 2048 3332 2121 μὲν
3385 2047 3761 2122 στρατιωτικῆν

2138 2129 2440 2201 ἀποσκευὴν
2515 2134 2604 2188 καὶ
2662 2136 2723 2189 τὸ
2795 2137 2951 2204 πεζὸν
3010 2137 3147 2191 ἅπαν
3206 2137 3370 2192 αὐτοῦ
3431 2158 3539 2192 που
3593 2136 3763 2213 ἀφίησι

2143 2220 2277 2291 μετὰ
2304 2226 2401 2275 τοῦ
2448 2219 2589 2277 ἰδίου
2636 2229 2905 2299 προγονοῦ
2936 2222 3287 2301 Ἀνδρονίκου
3329 2228 3583 2288 συνόντος
3614 2225 3767 2295 αὐτῷ,

2140 2308 2197 2361 ὃν
2230 2310 2391 2371 αὐτὸς
2426 2310 2649 2386 βασιλέα
2704 2316 3097 2389 χειροτονήσας
3146 2315 3220 2379 ὡς
3262 2314 3517 2391 ἐνέχυρον
3571 2313 3767 2389 εἷχενῆ

2142 2400 2531 2475 συστράτηγον,
2577 2398 2632 2456 εἷί
2670 2424 2746 2472 πη
2796 2401 3068 2466 πολλάκις
3098 2408 3361 2480 παρήκων
3406 2404 3465 2460 ἐκ
3493 2410 3586 2460 τοῦ
3615 2404 3775 2482 αἰφνιο

2143 2482 2261 2540 δίου
2318 2487 2684 2563 πολυτρόπως
2740 2496 2818 2562 τῷ
2876 2492 3053 2567 χρεὼν
3113 2492 3573 2569 λειτουργήσειενο
3627 2492 3771 2552 αὐτὸς

2143 2571 2199 2629 δὲ
2261 2578 2376 2648 μετ’
2432 2577 2803 2653 εὐζωνοτέρων
2863 2579 3081 2635 ἐδίωκεν
3136 2579 3353 2636 ὄπισθεν
3412 2587 3518 2636 τῶν
3574 2581 3771 2656 ἐχθρῶν

2144 2661 2231 2717 διὰ
2260 2663 2489 2719 πολλῶν
2528 2666 2618 2720 καὶ
2649 2666 3003 2741 ὑψηλοτάτων
3042 2670 3249 2745 βουνῶν
3291 2677 3392 2741 νῆς
3421 2692 3478 2725 τε
3520 2671 3775 2745 Τεφρικῆς

2141 2754 2227 2807 καὶ
2286 2760 2383 2823 τῆς
2442 2756 2719 2830 Ἀργάου,
2774 2758 2863 2811 καὶ
2916 2764 3031 2821 τοῖς
3092 2758 3311 2835 ἐχθροῖς
3370 2759 3668 2829 ἐπιτεθῆναι
3723 2756 3776 2812 ἐκ

2140 2844 2236 2894 τοῦ
2287 2840 2571 2918 ἐγκαρσίου
2617 2844 2892 2920 ἠπείγετο.
2945 2849 3103 2911 ’Όθεν
3152 2847 3243 2902 καὶ
3291 2844 3562 2918 ἀδόκητος
3604 2848 3775 2907 αὐτοῖς

2143 2928 2470 2985 ἐπεισπεσὼν
2504 2934 2592 2987 καὶ
2634 2937 2702 3008 τῇ
2736 2938 2894 3012 φήμῃ
2942 2943 3043 3005 τῆς
3080 2936 3243 2991 αὐτοῦ
3273 2938 3574 3013 παρουσίας
3608 2935 3774 2995 αὐτοῖς

2139 3040 2233 3081 τας
2288 3018 2690 3095 ἐκδειματώσας
2743 3024 2933 3079 αὐτίκα
2990 3029 3133 3080 νῶτα
3183 3024 3474 3082 δεδωκέναι
3526 3031 3669 3081 ποιεῖ
3694 3024 3773 3077 καὶ

2140 3119 2276 3192 πρὸς
2320 3119 2417 3187 τήν
2470 3122 2640 3195 φυγὴν
2693 3122 2953 3197 ὁρμῆσαι.
3005 3122 3181 3186 Φόνος
3227 3124 3324 3197 μὶν
3358 3126 3452 3179 οὖν
3485 3124 3655 3179 αὐτῶν
3686 3119 3773 3177 οὐκ

376 3216 487 3273 viis
522 3233 535 3270 :
570 3217 672 3273 sed
705 3216 817 3270 vivi
850 3214 1003 3287 capti
1052 3219 1192 3270 sunt
1222 3215 1413 3285 multi,
1439 3216 1654 3288 quibus
1685 3223 1879 3274 tamen
1914 3220 2023 3274 vita

2140 3208 2345 3282 ἐγένετο
2404 3208 2600 3279 πολὺς,
2661 3213 3238 3288 προκατειργασμένων
3298 3218 3409 3269 τῶν
3466 3219 3566 3269 τοῦ
3621 3214 3771 3289 βασι-

377 3306 621 3361 minime
652 3304 891 3377 profuit,
924 3306 1081 3376 quod
1121 3304 1315 3375 gladio
1354 3306 1600 3361 confecti
1630 3312 1789 3362 sunt.
1824 3308 2027 3365 Omnis

373 3410 506 3450 vero
537 3400 676 3450 astas
704 3394 777 3449 ab
806 3393 1047 3449 homine
1078 3410 1263 3464 usque
1291 3394 1364 3449 ad
1394 3396 1665 3465 jumenta
1694 3396 1752 3450 in
1784 3395 2027 3453 liberta-

374 3488 492 3538 tem
541 3484 798 3537 vindicta
851 3481 1268 3553 imperatorem
1319 3500 1435 3538 uno
1488 3500 1588 3538 ore
1635 3484 2023 3549 celebrarunt,

374 3572 667 3642 siquidem
703 3570 847 3641 ipsis
868 3586 1103 3640 quoque
1134 3571 1404 3626 hostibus
1428 3572 1643 3627 factum
1677 3572 1818 3628 illud
1846 3575 2029 3629 admi-

375 3660 600 3715 ratione
644 3659 889 3730 dignum
934 3658 1258 3729 videbatur,
1288 3662 1580 3731 quomodo
1630 3662 2022 3717 Romanorum

375 3750 696 3821 imperator
716 3752 919 3803 contra
949 3763 1010 3803 se
1042 3748 1338 3819 profectus
1367 3754 1522 3803 esset
1551 3750 1631 3805 ita
1662 3755 1725 3804 ut
1755 3750 2026 3823 impediri

375 3864 493 3901 non
529 3845 800 3915 potuerit,
828 3845 1015 3900 instar
1040 3846 1291 3916 expediti
1325 3850 1377 3901 et
1410 3846 1619 3901 bellica
1646 3848 1857 3903 virtute
1891 3866 2027 3921 prae-

374 3936 585 3992 stantis
618 3935 847 3990 militis.
877 3934 1021 3988 Cum
1052 3950 1186 3989 vero
1216 3934 1405 3989 tribus
1433 3940 1660 3990 tantum
1694 3937 1900 3992 diebus
1932 3939 2029 3993 Se-

372 4024 579 4079 bastias
621 4023 939 4078 exercitum
982 4022 1198 4093 quietis
1246 4038 1425 4078 causa
1475 4023 1883 4095 continuisset,
1915 4026 2028 4082 iter

372 4113 626 4185 arripuit
673 4130 741 4167 ea
792 4128 909 4182 qua
941 4112 1008 4167 ad
1053 4112 1282 4183 Syriam
1330 4113 1594 4183 pergitur
1641 4115 1761 4182 via;
1813 4119 1870 4169 et
1923 4133 2027 4187 per

368 4201 582 4258 Cucusi
618 4200 923 4274 angustias
961 4200 1019 4254 in
1054 4200 1481 4256 Germaniciam
1514 4203 1811 4273 profectus
1842 4204 1899 4257 in
1932 4221 2022 4260 re-

367 4292 601 4362 gionem
636 4290 871 4345 nomine
901 4288 1117 4344 Teluch
1169 4289 1411 4355 invadit,
1436 4291 1622 4346 divisa
1668 4292 1832 4362 prius
1863 4292 2019 4349 haud

365 4380 647 4434 mediocri
681 4377 972 4450 phalange
994 4395 1126 4433 cum
1158 4377 1405 4450 legionis
1436 4380 1913 4452 praefecto,quam
1947 4385 2019 4439 ad

362 4470 694 4524 Melitenem
729 4484 863 4522 cum
898 4468 1046 4522 duce
1083 4467 1338 4533 misit,ut
1368 4468 1661 4523 Orientem
1693 4472 2021 4527 custodiret

2138 3295 2277 3358 λέως
2332 3302 2449 3357 ταῖς
2505 3296 2766 3366 ἀνοδίαις,
2831 3300 3054 3375 ζωγρίαι
3114 3298 3172 3356 δὲ
3248 3304 3332 3375 [Ρ.
3397 3306 3525 3376 825]
3582 3300 3771 3356 πολλοῖ

2138 3384 2401 3441 ἑάλωσαν.
2434 3388 2548 3456 Τῆς
2615 3383 2672 3441 δὲ
2726 3385 2863 3451 ἰδίας
2912 3394 3055 3458 ζωῆς
3107 3391 3206 3445 ούκ
3252 3390 3566 3461 ἀπώναντο,
3595 3388 3776 3465 μαχαίο

2137 3494 2233 3545 ρας
2291 3470 2448 3549 ἔργον
2505 3474 2804 3550 γενόμενοι.
2868 3476 3082 3533 Ἣλικία
3135 3480 3319 3551 μέντοι
3372 3488 3519 3535 πᾶσα
3560 3480 3660 3534 ἀπὸ
3687 3477 3774 3532 ἀν·-

2138 3562 2359 3635 θρώπου
2408 3559 2511 3625 ἵως
2565 3566 2793 3634 κτήνους
2841 3563 3263 3641 ἐλευθερωθεῖσα
3305 3570 3402 3624 τὸν
3442 3566 3666 3645 βασιλέα
3692 3565 3773 3620 καὶ

2135 3648 2362 3725 γλώσσῃ
2422 3652 2511 3707 καὶ
2569 3653 2797 3726 στόματι
2856 3654 3197 3733 ἐπεφήμισαν
3244 3675 3257 3688 ⁸
3318 3659 3627 3732 θαυμαστὸν
3682 3654 3771 3731 γὰρ

2134 3741 2222 3794 καὶ
2281 3741 2465 3803 αὐτοῖς
2521 3748 2637 3805 τοῖς
2689 3743 2949 3809 ἐναντίοις
2995 3745 3058 3800 τὸ
3102 3748 3345 3822 πραχθὲν
3414 3748 3772 3825 κατεφαίνετο,

2134 3834 2252 3893 πῶς
2320 3832 2347 3884 ὁ
2426 3829 2678 3907 βασιλεύς
2750 3834 3037 3907 Ῥωμαίων
3110 3834 3357 3911 ἀκρατῶς
3434 3839 3549 3893 κατ’
3609 3834 3771 3889 αὐτῶν

2134 3916 2306 3986 ἤλασε
2363 3920 2565 3995 τρόπον
2618 3920 2854 3990 εὐζώνου
2902 3922 2991 3977 καὶ
3051 3925 3371 3996 μονοζώνου
3429 3924 3770 4000 στρατιώτου.

2135 4017 2294 4091 Τρισὶ
2354 4015 2411 4072 δὶ
2468 4018 2658 4091 μόναις
2710 4021 2943 4096 ἡμέραις
2996 4020 3047 4076 ἐν
3097 4017 3397 4097 Σεϐαστείᾳ
3427 4020 3772 4079 διαναπαύσας

2132 4107 2194 4161 τὸ
2226 4108 2528 4180 στράτευμα
2574 4115 2674 4177 τῆς
2727 4109 2862 4184 πρὸς
2919 4110 3113 4186 Συρίαν
3161 4111 3403 4185 ἀγούσης
3454 4112 3652 4186 ἥψατο,
3690 4106 3773 4163 καὶ

2134 4194 2223 4250 διὰ
2277 4202 2385 4250 τῶν
2436 4204 2537 4266 τῆς
2598 4203 2907 4253 Κουκουσοῦ
2964 4198 3221 4255 αὐλώνων
3276 4200 3353 4263 εἷς
3396 4200 3768 4275 Γερμανίκειαν

2131 4286 2392 4347 καταστὰς
2436 4286 2510 4348 εἷς
2560 4287 2622 4341 τὸ
2667 4286 2803 4360 θέμα
2849 4289 2911 4342 τὸ
2968 4286 3310 4362 καλούμενον
3358 4286 3641 4346 εἰσϐάλλει
3686 4292 3771 4341 Τε-

2133 4372 2297 4448 λοὺχ,
2348 4374 2611 4450 πρότερον
2667 4376 3076 4449 ἀποτεμόμενος
3125 4377 3379 4454 φάλαγγα
3439 4380 3542 4434 οὐκ
3590 4375 3766 4449 ὀλίγην

2133 4464 2267 4535 μετὰ
2316 4464 2823 4540 συνταγματάρχου,
2866 4466 2954 4519 καὶ
3004 4466 3083 4528 εἷς
3137 4466 3459 4539 Μελιτηνὴν
3505 4467 3768 4539 ἐκπέμψας

360 4563 418 4613 et
448 4556 854 4612 invasionibus
898 4556 1387 4611 commorantium
1435 4556 1515 4609 ibi
1566 4556 1823 4612 hostium
1878 4561 2019 4615 resi-

2132 4551 2215 4605 ἐπὶ
2275 4550 2490 4628 φυλακῇ
2548 4560 2649 4622 τῆς
2706 4554 2877 4625 Ἑῲας
2924 4554 3013 4607 καὶ
3063 4556 3391 4610 ἀντιπτώσει
3449 4561 3554 4611 τῶν
3610 4554 3765 4609 ἐκεῖσε

360 4651 561 4714 steret,
587 4647 804 4717 quibus
829 4648 1070 4716 praeerat
1091 4650 1363 4699 versutus
1393 4650 1446 4699 et
1467 4645 1784 4702 bellicosus
1807 4648 1895 4702 vir
1921 4667 2017 4704 no-

360 4737 519 4791 mine
547 4734 943 4806 llapsinalius.
972 4734 1193 4788 Idcirco
1227 4734 1539 4802 imperator
1559 4735 1693 4790 duci
1727 4737 1838 4808 ipsi
1870 4755 2014 4808 prae-

357 4825 760 4881 stantissimos
792 4838 1059 4893 quosque
1091 4822 1378 4876 exercitus
1414 4814 1643 4890 tribuit,
1676 4829 1731 4878 et
1764 4826 2016 4882 Francos

354 4914 537 4985 ipsos,
554 4912 826 4968 homines
848 4912 1002 4965 caede
1026 4911 1347 4982 gaudentes
1372 4927 1436 4964 ac
1462 4910 2011 4971 bellicosos.Vcrum

354 5018 487 5057 cum
522 5002 640 5055 dux
680 5000 837 5055 haud
890 5000 1118 5054 fortiter
1165 4998 1339 5053 rebus
1373 5015 1516 5054 usus
1567 5006 1721 5055 esset
1752 5008 1910 5056 metu
1944 5020 2015 5059 ne

348 5090 681 5144 vinceretur
709 5090 855 5160 (erat
885 5088 1041 5143 enim
1089 5087 1594 5159 prudentissimus
1627 5094 1683 5144 et
1715 5094 1927 5146 cautus
1958 5097 2015 5149 et

344 5188 512 5245 valde
542 5204 754 5242 cavens
790 5186 1095 5256 futurum),
1133 5187 1251 5241 fere
1285 5186 1500 5257 duplex
1530 5186 1751 5241 bellum
1790 5188 2014 5246 invase'

344 5281 437 5333 rat
495 5276 908 5349 imperatorem
968 5275 1186 5329 talibus
1234 5275 1418 5346 copiis
1469 5275 1783 5346 privatum.
1850 5278 2011 5350 Saepe

343 5367 501 5423 enim
535 5364 988 5435 provocantibus
1020 5364 1292 5420 hostibus
1324 5370 1389 5419 ut
1419 5381 1449 5419 e
1480 5364 1752 5420 Melitene
1786 5367 2011 5438 egressi

344 5462 697 5530 pugnarent,
722 5454 874 5510 672
912 5454 1007 5508 ubi
1044 5469 1116 5508 ne
1148 5454 1405 5509 sensisse
1438 5453 1676 5525 quidem
1713 5455 1872 5526 ipsos
1906 5473 2010 5511 no-

344 5549 575 5613 verunt,
601 5544 701 5600 sed
727 5542 906 5615 quieti
931 5548 989 5599 et
1015 5560 1223 5598 somno
1251 5543 1501 5612 deditos,
1526 5559 1627 5613 per
1648 5544 1897 5600 obscura
1926 5545 2009 5601 lo-

345 5652 414 5695 ca
441 5633 738 5710 progressi
782 5631 932 5690 clam
976 5631 1349 5703 imperatoris
1380 5629 1699 5687 exercitum
1732 5633 2010 5692 audacter

2124 4640 2593 4716 προσεδρευόντων
2647 4642 2882 4717 ἐχθρῶν,
2935 4644 3007 4697 ὧν
3056 4644 3227 4718 ἦρχεν
3276 4645 3417 4717 ἀνὴρ
3467 4647 3763 4719 πανοῦργος

2123 4731 2214 4785 καὶ
2275 4734 2524 4805 μάχιμος
2584 4732 2814 4804 ἀνόματι
2872 4730 3212 4804 ’Λψινάλιος.
3273 4735 3375 4787 Διὰ
3420 4732 3583 4788 τοῦτο
3624 4730 3760 4785 καὶὸ

2130 4818 2382 4895 βασιλεὺς
2437 4820 2562 4882 τοὺς
2604 4819 2910 4896 κρείττονας
2956 4825 3053 4875 τοῦ
3102 4820 3306 4876 ο⁹ίκείου
3370 4824 3600 4896 στρατοῦ
3644 4840 3761 4874 του-

2122 4911 2227 4963 τωῒ
2273 4907 2643 4984 παραδέδωκε,
2685 4909 2773 4964 καὶ
2835 4911 3117 4986 Φράγγους
3164 4909 3382 4982 αὐτοὺς,
3440 4908 3636 4984 ἄνδρας
3681 4908 3758 4961 αἱ-

2127 5004 2393 5074 μοχαρεῖς
2447 4998 2535 5053 καὶ
2588 4996 2947 5072 πολεμικούς.
3158 5002 3513 5075 χρησαμένου
3572 4996 3626 5052 δὲ
3669 4998 3758 5049 τοῦ

2121 5086 2457 5163 προάγοντος
2509 5086 2817 5166 φιλοτίμως
2859 5093 2974 5150 τοῖς
3025 5087 3303 5162 πράγμασι
3354 5086 3461 5142 δέει
3503 5095 3601 5156 τῆς
3633 5086 3758 5139 ἀπο-

2120 5176 2316 5252 τυχίας
2349 5177 2434 5249 (ἦν
2467 5178 2569 5252 γὰρ
2619 5174 2884 5254 διαφέρων
2918 5179 3174 5254 φρονήσει
3222 5177 3309 5231 καὶ
3343 5172 3591 5237 εὐλαϐῶς
3622 5171 3757 5248 ἔχων

2121 5267 2243 5340 περὶ
2289 5271 2386 5321 τοῦ
2438 5265 2761 5339 μέλλοντος)
2810 5270 3007 5341 μικροῦ
3059 5263 3289 5328 διπλοῦς
3341 5267 3369 5320 ὁ
3414 5263 3760 5337 πόλεμοςτῷ

2125 5354 2343 5429 βασιλεῖ
2389 5354 2679 5431 ἐπεγίνετο,
2732 5356 3130 5428 περισχομένῳ
3178 5354 3434 5424 τοιαύτης
3466 5352 3756 5425 δυνάμεως.

2120 5451 2397 5515 Πολλάκις
2450 5454 2549 5529 γὰρ
2607 5450 3075 5528 προκαλουμένων
3133 5457 3240 5507 τῶν
3302 5452 3515 5527 ἐχθρῶν
3578 5450 3754 5523 ἐξιέναι

2115 5541 2211 5598 τοῦ
2255 5547 2360 5597 τῶν
2402 5541 2719 5613 Μελιτηνῶν
2763 5542 2970 5613 ἄστεος,
3022 5543 3097 5605 ὡς
3140 5540 3279 5598 εἶδον
3331 5538 3463 5614 μηδ’
3510 5539 3754 5595 ἐπαισθα-

2116 5632 2361 5708 νομένων
2394 5631 2592 5700 αὐτῶν,
2626 5628 2752 5688 ἀλλ’
2783 5630 3138 5709 ἠρεμούντων
3188 5631 3277 5688 καὶ
3308 5632 3423 5687 οἷον
3459 5627 3751 5687 ὑπνωττόν-
