4084 6140
354 407 471 468 401

1893 406 2287 469 HISTORIA.

3661 411 3780 472 402

349 560 485 609 των,
521 536 814 594 διὰτόπων
871 535 1094 611 ἀδήλων
1158 536 1473 616 βαδίσαντες
1532 540 1860 616 ἀσυμφανῶς
1916 537 1993 592 τοί

2126 540 2498 611 adoriuntur,
2517 544 2575 595 et
2596 543 2970 597 occurrentes
2994 538 3247 596 maxime
3270 540 3489 613 exiguas
3523 544 3674 613 parti
3705 544 3779 599 ad

359 627 648 705 βασιλικοῦ
696 629 1087 701 κατατολμῶσι
1174 629 1601 704 στρατεύματος.
1662 628 2014 703 Ἐντυχόντες

357 717 415 774 δὲ
475 716 639 790 μοίρᾳ
695 719 800 772 τινὶ
856 715 1147 793 ἐλαχίστῃ,
1178 715 1248 772 δι’
1278 718 1479 794 ἀγορὰν
1531 715 1717 772 σιτίῶν
1771 717 2011 793 ἐξιοῦσῃ,

362 807 623 883 ὥρμησαν
683 808 799 861 κατ’
856 808 1048 875 αὐτῆς.
1112 809 1343 863 Ἐκεῖνοι
1414 804 1471 861 δὲ
1555 809 1629 879 μὴ
1692 808 2015 868 ὑποστάντες

363 892 560 971 ἔφυγον
618 896 1033 969 ἀμεταστρεπτί.
1069 898 1166 950 Καὶ
1223 898 1366 971 τάχα
1418 895 1477 949 ἂν
1539 895 1790 950 ἀπώλετο
1855 897 2014 970 μέρος

369 990 704 1061 στρατιωτῶν
768 984 867 1039 οὐκ
922 982 1215 1061 ἐλάχιστον
1275 983 1391 1039 οὐδ’
1440 984 1932 1062 εὐκαταφρόνητον,
1966 984 2014 1039 εἷ

371 1077 445 1147 μή
496 1073 663 1149 ταχὺς
700 1073 885 1137 αὐτοῖς
941 1070 1310 1144 ἐπεϐοήθησεν
1346 1075 1373 1127 ὁ
1425 1073 1679 1149 βασιλεὺς
1717 1073 2009 1150 ἐπιφανεὶς.

362 1166 573 1233 καὶτῆς
624 1163 803 1218 αὐτῶν
864 1161 1058 1242 ἐφόδου
1108 1163 1361 1235 ἐξείλετο.
1392 1162 1463 1217 Ei’
1514 1184 1596 1225 τις
1657 1161 1833 1217 τοίνυν
1893 1168 2010 1224 τοῖς

358 1258 679 1327 στρατηγοῖς
713 1251 999 1327 ἐπιγράφει
1054 1253 1127 1314 ὡς
1179 1252 1371 1306 ἐπίπαν
1423 1252 1491 1307 τὰ
1545 1256 1651 1306 τῶν
1714 1247 2009 1318 ἐκϐάσεων,

353 1340 447 1396 εἴτ’
476 1340 563 1395 ἐπὶ
618 1342 679 1396 τὸ
737 1346 983 1417 κρεῖττον
1043 1339 1137 1395 εἴτ’
1169 1341 1256 1395 ἐπὶ
1315 1342 1376 1395 τὸ
1413 1346 1603 1416 χεῖρον
1666 1342 2007 1423 συνάγοιντο,

352 1429 411 1484 οὐ
458 1427 749 1506 διαμάρτοι
806 1434 905 1485 τοῦ
966 1429 1130 1499 ὀρθοῦ
1186 1429 1275 1483 καὶ
1332 1433 1431 1494 τῆς
1481 1429 1720 1497 ἀληθοῦς
1782 1426 2012 1502 διαγνώ-

348 1537 500 1582 σεως·
534 1518 623 1572 καὶ
655 1516 843 1580 καλῶς
867 1523 984 1579 τοῖς
1032 1516 1293 1579 παλαιοῖς
1343 1515 1833 1591 ἐγνωμολόγηται,
1874 1515 2003 1590 βέλ-

344 1628 458 1662 τιον
517 1606 711 1662 λέοντα
766 1604 957 1682 ἄρχειν
1018 1605 1234 1683 ἐλάφων
1292 1605 1431 1680 ἤπερ
1487 1604 1723 1659 λεόντων
1776 1601 2003 1678 ἔλαφονο

348 1694 505 1751 Ἀλλ’
540 1697 567 1750 6
606 1696 698 1768 μὲν
746 1693 1003 1771 βασιλεὺς
1058 1694 1201 1749 οὕτω
1256 1692 1539 1757 διασωθεὶς
1586 1694 1673 1747 καὶ
1736 1690 2003 1753 διασώσας

343 1785 405 1839 τὸ
438 1782 805 1859 στρατόπεδον
831 1785 938 1855 πρὸ
967 1791 1068 1852 τῆς
1105 1788 1201 1838 τοῦ
1248 1782 1439 1840 Χαλεπ
1496 1783 1684 1857 χώρας
1734 1801 1999 1854 πανστρα-

2122 632 2373 685 emenda
2419 630 2638 686 cibaria
2668 646 2938 701 egressae.
2989 630 3048 684 in
3100 630 3290 701 ipsam
3339 630 3657 687 irruerunt.
3689 634 3775 688 Illi

2124 724 2315 776 autem
2348 736 2463 775 non
2495 720 2860 774 sustinentes
2911 718 3220 789 impetum,
3257 718 3337 773 ita
3386 719 3664 791 fugerunt
3711 726 3777 777 ut

2125 826 2425 879 nunquam
2458 826 2585 864 sese
2634 812 3056 863 converterent.
3102 807 3166 862 Et
3214 807 3460 863 fortasse
3510 810 3774 879 periisset

2124 898 2278 952 haud
2314 899 2626 952 mediocris
2654 897 2904 952 militum
2936 914 3069 967 pars
3103 912 3289 968 neque
3320 900 3768 965 contemnenda,

2122 986 2233 1042 nisi
2262 986 2694 1057 celeriteripsis
2719 987 3055 1056 imperator,
3091 984 3189 1055 qui
3229 986 3562 1051 advenerat,
3604 988 3772 1042 tulis-

2122 1081 2211 1130 set
2250 1091 2417 1145 opem
2450 1079 2507 1129 et
2528 1074 2788 1129 hostium
2818 1076 3098 1144 impetum
3133 1073 3528 1144 repressisset.
3546 1075 3602 1128 Si
3634 1076 3769 1146 quis

2120 1163 2302 1235 igitur
2331 1163 2583 1218 ducibus
2635 1162 2877 1218 ascribit
2908 1178 3103 1217 rerum
3137 1162 3255 1217 sive
3305 1180 3617 1233 prosperos
3649 1166 3770 1220 sive

2120 1254 2392 1307 adversos
2423 1259 2686 1316 eventus,
2713 1253 2759 1306 is
2792 1251 2935 1305 mihi
2962 1257 3018 1305 et
3049 1256 3204 1306 recta
3233 1256 3289 1305 et
3318 1268 3452 1306 vera
3479 1254 3771 1308 sententia

2121 1358 2234 1395 non
2266 1341 2494 1395 videtur
2522 1342 2810 1408 aberrare,
2841 1345 2897 1395 et
2928 1344 3079 1395 recte
3110 1342 3181 1395 ab
3213 1340 3472 1411 antiquis
3504 1358 3765 1412 pronun-

2117 1430 2328 1485 tiatum
2361 1434 2449 1485 est
2499 1429 2709 1485 melius
2757 1428 2984 1485 leonem
3034 1428 3217 1484 cervis
3266 1430 3554 1501 imperare
3584 1448 3763 1502 quam

2115 1520 2385 1575 leonibus
2416 1536 2671 1575 cervum.
2704 1520 2815 1575 Sed
2847 1520 3165 1591 imperator
3195 1520 3275 1573 ita
3319 1524 3607 1585 servatus,
3638 1537 3761 1575 ser-

2115 1615 2240 1664 vato
2287 1626 2521 1679 quoque
2568 1609 2844 1676 exercitu,
2895 1610 2966 1662 ad
3018 1607 3232 1679 Chalep
3281 1609 3574 1679 regionem
3622 1626 3757 1665 cum

2112 1698 2271 1754 omni
2304 1697 2555 1753 exercitu
2589 1703 2782 1752 castra
2813 1697 3043 1769 posuit;
3079 1702 3136 1752 et
3157 1702 3470 1767 antequam
3505 1698 3576 1752 de
3605 1714 3755 1769 equo

2111 1787 2510 1855 descenderet,
2542 1791 2600 1841 et
2627 1786 2869 1857 Scythas
2906 1795 2959 1841 el
2983 1786 3376 1841 Romanorum
3419 1786 3572 1841 haud
3608 1802 3752 1856 pau-

343 1879 431 1944 τιᾷ
485 1876 883 1943 κατεσκήνωσε.
917 1875 1029 1948 Πρὸ
1081 1877 1177 1927 τοῦ
1229 1866 1526 1941 καταϐῆναι
1585 1869 1642 1925 δὲ
1697 1875 1794 1924 τοῦ
1817 1868 1992 1924 ἵππου

2109 1893 2208 1931 cos
2256 1876 2579 1947 praedatum
2629 1892 2797 1945 agros
2846 1875 3028 1930 misit.
3062 1876 3223 1938 Quod
3283 1874 3502 1929 factum
3551 1881 3658 1941 est,
3691 1881 3749 1930 et

340 1962 469 2024 τούς
523 1982 584 2016 τε
642 1962 849 2023 Σκύθας
916 1963 1005 2016 καὶ
1083 1966 1190 2015 τῶν
1241 1960 1527 2035 Ῥωμαίων
1607 1960 1707 2014 οὐκ
1762 1957 1990 2033 ὀλίγους

342 2051 416 2114 εἲς
474 2053 765 2127 προνομὴν
819 2058 919 2120 τῆς
978 2052 1166 2127 χώρας
1234 2049 1476 2128 ἀφίησιν.
1517 2052 1587 2106 "O
1637 2047 1703 2118 δὴ
1762 2048 1852 2103 καὶ
1898 2049 1988 2122 γὲ-

336 2161 487 2214 γονε,
518 2141 610 2195 καὶ
638 2137 793 2215 ἤχθη
825 2138 1039 2208 πλῆθος
1068 2137 1276 2215 ἀνδρῶν
1329 2159 1387 2192 τε
1442 2138 1531 2193 καὶ
1571 2142 1841 2213 γυναικῶν
1899 2138 1989 2191 καὶ

338 2230 493 2298 ζώων
546 2227 801 2287 πολλῶν.
864 2230 1096 2284 Ἐκεῖθεν
1158 2225 1215 2282 δὶ
1274 2226 1363 2282 διὰ
1416 2230 1513 2296 τῆς
1563 2226 1834 2300 πολεμίας
1892 2225 1987 2281 ἰὼν

334 2323 585 2391 τριταῖος
629 2317 936 2392 ἀφικνεῖται
994 2316 1069 2379 εἷς
1100 2316 1423 2391 Ἱεράπολιν.
1475 2320 1554 2387 [Ρ.
1579 2319 1705 2389 8'26]
1757 2317 1986 2385 Δόκησιν

338 2404 395 2462 δὲ
453 2407 740 2481 παρασχὸν
812 2404 1191 2470 ἐπιθεάσασθαι
1246 2405 1311 2459 τὸ
1369 2404 1537 2460 ἐκεῖσε
1604 2405 1985 2479 στρατιωτικὸν

331 2495 406 2551 εἷς
472 2500 665 2571 χεῖρας
721 2493 897 2559 ἐλθεῖν
956 2495 1242 2568 Ῥωμαίων
1302 2493 1402 2548 οὐκ
1451 2493 1765 2569 ἐθάρσησεν,
1823 2493 1988 2568 ἀκρο-

325 2579 629 2656 ϐολισμοῖς
691 2580 748 2638 δέ
798 2604 906 2638 τισι
992 2582 1082 2637 καὶ
1162 2580 1543 2657 προπηδήσεσι
1592 2583 1683 2636 τὸν
1744 2580 1987 2654 πόλεμον

328 2674 776 2747 ἀφωμοιώσαντο
833 2675 969 2744 (16),
1022 2670 1074 2725 ο⁹ί
1126 2693 1185 2726 τε
1233 2666 1462 2746 Ἀραῦες
1522 2667 1736 2739 δηλαδή
1794 2670 1884 2724 καὶ
1938 2672 1989 2723 οἱ

330 2765 575 2837 Τοῦρκοι
605 2761 695 2815 καὶ
728 2763 755 2816 6
784 2760 996 2815 τούτωο
1041 2755 1269 2835 ἔξαρχος
1300 2760 1647 2835 Ἀμερτικὴς,
1712 2758 1787 2822 εἷς
1838 2758 1990 2833 γένος

338 2848 629 2927 βασιλικὸν
667 2848 717 2904 ἐν
769 2852 838 2923 τῇ
888 2847 1107 2925 Περσίδι
1168 2849 1352 2904 ἑαυτὸν
1408 2849 1640 2923 ἀνάγων.
1692 2848 1988 2923 Κατασχὼν

344 2940 437 3013 μὶν
503 2939 602 3007 τήν
658 2936 957 3012 Ἱεράπολιν
1008 2939 1230 3013 χώμασι
1288 2937 1376 2992 καὶ
1448 2936 1837 3012 τειχομαχίαις
1900 2938 1988 2991 καὶ

342 3032 760 3103 στρατιωτικαῖς
816 3025 1198 3097 ἐπεξελεύσεσι,
1256 3027 1318 3081 τὸ
1377 3025 1690 3080 ἑπείσακτοο
1750 3022 1807 3079 δὲ
1879 3027 1986 3080 τῶν

344 3121 751 3193 στρατιωτικῶν
833 3113 1111 3189 δυνάμεων
1198 3115 1286 3169 ἐπὶ
1371 3115 1684 3192 συμφώνοις
1747 3115 1990 3189 γυμνοὺς

342 3205 430 3261 καὶ
468 3203 711 3267 ἀόπλους
742 3201 970 3280 διαφείς,
1007 3203 1331 3277 μεσάζοντος
1388 3203 1439 3257 ἐν
1496 3207 1625 3257 πᾶσι
1682 3207 1776 3257 τοῦ
1830 3203 1988 3278 μαγί-

336 3314 507 3369 στρου
559 3293 763 3366 Πέτρου
816 3296 913 3347 τοῦ
942 3287 1317 3361 Λιϐελλισίου,
1358 3289 1550 3365 ἀνδρὸς
1579 3293 1678 3361 τήν
1709 3312 1767 3346 τε
1797 3296 1988 3347 ’Λσσυ-

332 3384 471 3459 ρίων
524 3383 615 3439 καὶ
670 3383 959 3454 Ἑλλήνων
1020 3381 1267 3437 παιδείαν
1348 3380 1526 3456 ἄκρως
1601 3381 1989 3453 ἐξησκημένου,

331 3475 654 3548 θρέμματος
739 3473 828 3527 καὶ
904 3474 1240 3546 γεννήματος
1290 3466 1446 3533 ὄντος
1498 3478 1598 3540 τῆς
1657 3470 1993 3545 Ἀντιοχείας

327 3560 574 3630 πόλεως,
633 3561 723 3616 καὶ
776 3565 883 3615 τῶν
938 3560 1005 3615 τὰ
1055 3564 1245 3634 πρῶτα
1304 3557 1682 3635 διενεγκόντων
1739 3559 1876 3621 ἑνός.
1935 3561 1991 3612 Ὀ

329 3649 386 3706 δὲ
416 3652 643 3726 ἀμηρᾶς
695 3654 794 3706 τοῦ
851 3650 1047 3705 Χάλεπ
1093 3646 1218 3717 ἤτοι
1274 3648 1556 3724 Βερῥοίας,
1590 3648 1824 3721 συνάψας
1873 3655 1991 3710 τοῖς

325 3762 384 3794 τε
430 3742 639 3813 Ἄραψι
712 3738 802 3793 καὶ
859 3742 976 3799 τοῖς
1036 3738 1305 3812 Τούρκοις
1365 3737 1453 3791 καὶ
1512 3735 1740 3811 δύναμιν
1798 3735 1991 3811 ἀνδράν

328 3828 761 3901 συστησάμενος,
820 3825 895 3889 εἷς
971 3830 1162 3901 χεῖρας
1233 3824 1411 3881 ἐλθεῖν
1489 3831 1569 3899 τῷ
1630 3826 1843 3901 βασιλεῖ
1901 3826 1993 3881 καὶ

331 3918 678 3993 μαχέσασθαι
704 3913 1041 3988 διεσκὲψατο.
1075 3918 1179 3969 Τοῦ
1211 3912 1268 3969 δὲ
1323 3914 1592 3989 βασιλέως
1631 3911 1777 3969 ἔνδον
1837 3910 1989 3977 ὄντος

326 4014 425 4076 τῆς
493 4002 795 4068 ἑαλωκυίας
848 4003 1083 4072 πόλεως,
1136 4001 1628 4079 πυργομαχοῦντος
1681 4001 1739 4058 δὲ
1797 3999 1875 4057 ἔτι
1934 4003 1985 4057 ἐν

331 4094 489 4170 μέρει
542 4093 681 4148 κατὰ
735 4092 796 4147 τὸ
864 4091 1168 4147 ὑπόλοιπον
1221 4089 1477 4164 λείψανον
1535 4100 1634 4160 τῆς
1686 4112 1990 4167 πυργοκρα-

325 4184 496 4256 τείας,
545 4181 855 4256 ταρατάξεις
915 4178 1013 4235 δύο
1059 4178 1482 4256 διατειχίζουσαι
1535 4179 1663 4242 τοὺς
1721 4178 1990 4243 ἐναντίους

328 4272 404 4337 εἰς
464 4269 718 4346 φυλακὴν
780 4269 1209 4344 κατετάχθησαν.
1242 4268 1365 4326 Εἷσὶ
1426 4266 1485 4322 δὲ
1536 4267 1662 4343 περὶ
1707 4268 1990 4343 τήνἹερά-

329 4360 500 4416 πολιν
557 4358 843 4429 ἱππηλάτα
896 4355 1056 4413 πεδία
1138 4359 1385 4433 μέγιστα,
1445 4356 1495 4411 ἐν
1555 4360 1637 4418 οἷς
1692 4378 1829 4419 τινες
1880 4361 1986 4411 τῶν

271 4450 275 4455 ’
330 4453 665 4521 Σαρακηνῶν
722 4445 1043 4525 διεφάνησαν
1100 4446 1487 4519 ἱππαζόμενοι,
1545 4444 1632 4500 καί
1681 4444 1826 4514 πλὴν
1883 4468 1987 4521 γη-

329 4539 526 4617 λόφων
589 4534 741 4591 οὐδὲν
784 4536 894 4591 ἐστι
924 4537 986 4590 τὸ
1021 4534 1447 4610 ὑπερανεστηκὸς
1508 4534 1583 4596 εἰς
1645 4529 1769 4609 ὅρος
1830 4535 1985 4609 μέγα.

2101 1964 2339 2020 adducti
2398 1968 2537 2019 sunt
2564 1963 2669 2018 viri
2705 1962 2875 2018 multi
2918 1968 2975 2019 et
3006 1963 3281 2019 mulieres
3324 1964 3625 2035 multaque
3653 1966 3748 2035 ju-

2100 2058 2319 2108 menta.
2350 2053 2487 2107 Inde
2518 2068 2619 2123 per
2649 2052 2921 2107 hostilem
2956 2056 3167 2107 terram
3203 2068 3545 2123 progressus
3581 2055 3748 2110 tertia

2099 2142 2193 2197 die
2220 2140 2549 2212 Hierapolin
2600 2141 2881 2213 pervenit,
2914 2157 3161 2210 cumque
3209 2142 3567 2198 ostendisset
3602 2143 3747 2201 velle

2100 2247 2162 2286 se
2192 2230 2429 2302 aggredi
2460 2230 2776 2286 exercitum
2809 2230 2909 2299 qui
2958 2229 3036 2285 ibi
3070 2232 3430 2297 morabatur,
3470 2249 3584 2288 non
3617 2235 3744 2289 ausi

2098 2319 2184 2373 illi
2217 2324 2356 2374 sunt
2384 2335 2515 2373 cum
2565 2319 2843 2373 Romanis
2894 2319 3188 2389 congredi,
3220 2321 3321 2374 sed
3355 2319 3580 2376 levibus
3618 2323 3748 2393 qui-

2100 2408 2349 2462 busdam
2373 2407 2585 2479 praeliis
2600 2413 2655 2461 et
2676 2406 3105 2477 irruptionibus
3123 2406 3339 2462 bellum
3367 2410 3751 2479 repudiarunt

2098 2502 2155 2551 et
2175 2498 2390 2551 Arabes
2410 2502 2465 2551 et
2488 2497 2658 2551 Turci
2682 2496 3063 2567 ipsorumque
3093 2498 3399 2568 praefectus
3430 2500 3749 2555 Amertices

2099 2587 2169 2640 ad
2190 2602 2375 2656 genus
2391 2584 2617 2656 regium
2651 2584 3253 2656 Persarumoriginem
3273 2602 3440 2641 suam
3466 2588 3746 2644 referens.

2099 2675 2254 2729 673
2300 2674 2587 2729 obsidens
2637 2673 2817 2744 igitur
2863 2672 3197 2743 Hierapolin
3248 2676 3581 2746 aggeribus,
3631 2683 3689 2732 et
3718 2694 3748 2733 e

2100 2779 2265 2818 muro
2315 2762 2882 2835 propugnationibus
2928 2762 3232 2834 multaque
3276 2765 3601 2835 eruptione,
3645 2767 3748 2821 ad-

2099 2852 2370 2908 ventitias
2398 2852 2685 2907 exercitus
2714 2851 2911 2922 copias
2944 2852 3130 2906 nudas
3163 2857 3341 2923 atque
3386 2853 3641 2909 inermes
3658 2856 3745 2910 di-

2102 2940 2262 2996 misit
2290 2942 2361 2995 ad
2394 2940 2581 2995 foedus
2633 2940 3100 3011 percutiendum,
3154 2942 3559 3013 interponente
3589 2960 3651 2999 se
3681 2943 3740 2999 in

2100 3030 2375 3085 omnibus
2407 3029 2687 3101 magistro
2708 3032 2876 3083 Petro
2899 3028 3339 3095 Libellisio,viro
3369 3032 3737 3103 Assyriorum

2099 3123 2157 3174 et
2185 3119 2512 3173 Graecorum
2546 3118 2821 3172 doctrinae
2852 3117 3232 3188 peritissimo,
3263 3119 3514 3175 civitatis
3548 3122 3745 3177 Antio-

2101 3208 2243 3262 chia:
2296 3206 2535 3262 alumno
2579 3212 2635 3261 et
2680 3206 2818 3272 ﬁlio,
2853 3211 2911 3262 et
2958 3206 3108 3261 inter
3155 3224 3294 3263 suos
3347 3209 3742 3281 principatum

2103 3297 2424 3351 obtinente.
2479 3301 2719 3350 Ameras
2768 3312 2901 3350 vero
2951 3296 3184 3365 Chalep,
3232 3298 3287 3351 id
3330 3302 3436 3361 est,
3485 3300 3743 3366 Berroeaa,

2103 3403 2235 3441 cum
2272 3384 2555 3439 Arabibus
2602 3384 2927 3455 Turcisque
2959 3385 3328 3453 conjunctus,
3366 3403 3572 3441 manus
3612 3405 3744 3443 cum

2102 3474 2453 3544 imperatore
2484 3489 2786 3528 conserere
2808 3490 2874 3527 ac
2925 3474 3204 3529 dimicare
3227 3475 3433 3529 statuit
3458 3493 3470 3541 ;
3495 3493 3751 3547 cumque

2102 3563 2258 3617 intra
2290 3563 2490 3617 urbem
2525 3565 2755 3633 captam
2790 3568 2946 3616 esset
2976 3561 3310 3633 imperator,
3343 3568 3398 3618 et
3427 3564 3619 3619 adhuc
3650 3583 3754 3637 pro

2102 3651 2328 3722 reliqua
2358 3651 2539 3706 turris
2577 3656 2740 3722 parte
2770 3652 3161 3722 expugnanda
3187 3652 3515 3720 dimicaret,
3546 3655 3752 3710 adver-

2100 3757 2203 3795 sus
2232 3741 2530 3794 instructae
2582 3740 2731 3794 binas
2761 3741 2936 3803 acies,
2981 3756 3110 3810 quae
3159 3747 3495 3795 coercerent
3540 3744 3748 3798 adver-

2099 3828 2306 3893 sarios,
2339 3830 2408 3882 ad
2460 3829 2784 3883 custodiam
2836 3828 3133 3899 dispositae
3185 3834 3343 3883 sunt.
3376 3830 3526 3885 Sunt
3554 3836 3748 3887 autem

2096 3917 2320 3973 circum
2380 3916 2713 3988 Hierapolin
2774 3916 3051 3988 planities
3111 3917 3398 3985 maximae,
3459 3935 3745 3990 equorum

2099 4005 2296 4061 cursui
2352 4005 2595 4073 idoneis,
2654 4005 2711 4059 in
2774 4004 2990 4075 quibus
3047 4011 3448 4075 apparuerunt
3506 4009 3745 4078 quidam

2096 4094 2363 4149 Saraceni
2414 4092 2843 4163 adequitantes.
2876 4097 2933 4147 et
2983 4097 3189 4163 prater
3237 4093 3415 4149 colles
3468 4095 3613 4150 nihil
3661 4104 3752 4153 est

2099 4184 2252 4254 quod
2286 4183 2356 4237 ad
2394 4182 2611 4235 montis
2642 4180 3014 4235 altitudinem
3066 4188 3361 4253 assurgat.
3405 4184 3505 4239 Est
3550 4192 3745 4242 autem

2097 4272 2261 4327 locus
2292 4274 2584 4325 aestuosus
2607 4274 2664 4323 et
2692 4285 2846 4339 aqua
2874 4269 3073 4340 tepida
3102 4269 3233 4325 saris
3266 4270 3749 4331 inﬂammationis

2098 4364 2156 4415 et
2201 4364 2382 4413 aestus
2432 4359 2742 4428 particeps.
2795 4356 3004 4411 Hostes
3054 4362 3274 4427 autem,
3308 4360 3405 4430 qui
3465 4362 3748 4432 paulatim

2098 4446 2438 4502 constitutis
2461 4446 2699 4501 aciebus
2720 4446 3293 4516 appropinquabant,
3316 4466 3523 4505 rursus
3564 4468 3753 4507 reces-

2097 4540 2305 4591 serunt
2340 4552 2351 4590 :
2391 4552 2523 4588 nam
2577 4533 2972 4588 Machmutius
3021 4551 3250 4589 ameras
3283 4538 3482 4591 aberat
3515 4538 3747 4594 .Verum

329 4624 636 4697 Καυσώδης
690 4624 748 4681 δὶ
780 4627 807 4680 6
836 4624 1022 4697 τόπος,
1056 4624 1147 4679 καὶ
1207 4624 1269 4678 τὸ
1326 4621 1470 4697 ὕδωρ
1530 4622 1786 4698 χλιαρὸν,
1825 4643 1986 4695 μετα-

2104 4624 2317 4678 ηθνὶδιιε
2368 4622 2721 4693 quibusdam
2774 4620 2989 4690 praeliis
3042 4630 3358 4693 coegerunt
3405 4624 3634 4696 aliquos
3680 4644 3749 4683 ex

331 4711 619 4787 λαμϐάνον
648 4721 749 4783 τῆς
775 4714 872 4768 τοῦ
906 4713 1062 4787 ἀὲρος
1092 4710 1408 4786 φλεγμονῆς
1460 4732 1520 4765 τε
1574 4711 1661 4765 καὶ
1724 4710 1983 4772 καύσεως.

330 4806 399 4862 Οἱ
430 4803 490 4859 δὶ
514 4803 779 4876 πολέμιοι
826 4803 965 4857 κατά
1037 4803 1231 4877 μικρὸν
1290 4807 1409 4863 ταῖς
1467 4802 1781 4873 ἱσταμέναις
1840 4800 1986 4869 πλη-

331 4893 609 4963 σιάζοντες
669 4892 1024 4968 παρατάξεσιν
1083 4892 1234 4954 αὗθις
1311 4890 1734 4966 ἀνθυπέστρεφον
1770 4909 1781 4921 ·
1844 4890 1984 4959 ἀπῆν

329 4982 434 5058 γὰρ
486 4978 567 5037 ἔτι
621 4982 649 5036 6
704 4982 921 5056 ἀμηρᾶς
975 4979 1361 5055 Μαχμοῦτιος.
1396 4974 1868 5054 Ἀκροϐολισμοὺς
1930 4976 1989 5033 δὲ

328 5072 695 5143 ποιησάμενοι
776 5066 1075 5144 παρελάσαι
1163 5067 1255 5141 μέν
1332 5089 1483 5131 τινας
1540 5072 1647 5122 τῶν
1697 5068 1983 5140 Ῥωμαίων

326 5162 761 5236 κατηνάγκασαν,
796 5160 885 5213 καί
938 5156 1020 5220 δὶς
1080 5162 1240 5212 τοῦτο
1299 5158 1386 5211 καὶ
1436 5156 1554 5230 τρὶς
1603 5159 1983 5225 πεποιήκασιν.

328 5250 418 5303 Ἐν
449 5248 602 5319 ὲτέρᾳ
634 5245 692 5302 δὲ
742 5242 1002 5319 συμϐολῇ
1044 5246 1222 5301 οὐκέτι
1277 5244 1403 5305 τοὺς
1432 5244 1733 5317 Ῥωμαίους
1794 5244 1984 5318 μικρὸν

331 5335 622 5411 ἐπεδίωξαν
681 5336 771 5391 καὶ
827 5331 1078 5406 ἔστησαν,
1136 5332 1283 5389 ἀλλά
1339 5332 1735 5407 παρελάσαντες
1789 5333 1986 5395 αὐτοὺς

331 5430 412 5499 τῷ
467 5425 699 5501 τάγματι
748 5428 857 5479 τῶν
915 5422 1303 5499 στρατηλατῶν
1355 5422 1431 5486 εἷς
1486 5428 1677 5499 χεῖρας
1738 5422 1990 5498 συνερῥά-

2099 4712 2377 4768 Romanis
2407 4713 2630 4777 cedere,
2667 4710 2818 4781 quod
2854 4710 2942 4765 bis
2990 4714 3196 4780 terque
3228 4713 3299 4766 ab
3348 4712 3495 4782 ipsis
3527 4714 3744 4772 factum

2096 4808 2201 4858 est.
2242 4800 2432 4855 Altero
2464 4816 2596 4854 vero
2645 4816 2960 4869 congressu
2996 4816 3109 4853 non
3160 4799 3418 4870 amplius
3450 4802 3743 4859 Romanos

2096 4907 2302 4962 parum
2328 4892 2468 4945 sunt
2494 4888 2779 4960 persecuti
2807 4892 2910 4941 aut
2930 4888 3138 4942 sistere
3182 4888 3465 4956 fecerunt,
3498 4892 3597 4945 sed
3632 4894 3741 4947 im-

2096 4980 2395 5051 pressione
2429 4979 2580 5033 faota
2610 4978 2665 5031 in
2705 4977 2988 5047 legionem
3042 4976 3259 5031 ducum
3294 4995 3504 5033 manus
3535 4996 3741 5038 conse-

2097 5072 2359 5132 ruerunt,
2421 5072 2477 5121 et
2536 5065 2870 5120 scholarum
2939 5063 3224 5131 legionem
3303 5071 3743 5142 praetereuntes,

2099 5156 2299 5212 multis
2320 5156 2550 5223 occisis,
2584 5154 2835 5224 reliquos
2859 5154 3109 5224 turpiter
3139 5155 3338 5227 fugere
3360 5158 3515 5213 074
3545 5174 3744 5226 coege-

2097 5250 2256 5310 runt,
2308 5261 2341 5297 a
2397 5246 2595 5298 dextro
2650 5244 2777 5313 ipso
2834 5240 3169 5296 scholarum
3230 5245 3464 5314 agmine
3522 5247 3745 5321 relicto,

2098 5335 2249 5406 quod
2284 5334 2507 5389 cladem
2560 5334 2959 5388 Romanorum
3007 5332 3211 5388 videns
3261 5351 3633 5407 nequaquam
3674 5342 3746 5397 de

2098 5428 2256 5479 statu
2290 5440 2396 5478 suo
2430 5421 2689 5491 recessit,
2732 5422 2844 5475 imo
2886 5420 3053 5492 quasi
3078 5421 3223 5477 nihil
3248 5424 3374 5478 novi
3410 5426 3740 5500 accidisset,

1647 5540 1895 5596 JACOBI
1936 5540 2152 5597 GOARI
2191 5539 2421 5595 NOTZE.

407 5637 516 5710 (16)
550 5641 799 5698 Levibus
849 5640 1059 5712 praeliis
1107 5638 1325 5695 bellum
1374 5647 1862 5711 repraesentarunt.
1914 5639 2016 5695 Vel
2067 5639 2457 5711 άφωσιῳσαντο
2507 5638 2893 5693 delibaverunt
2938 5640 3153 5692 tantum
3200 5646 3249 5692 et
3296 5641 3570 5709 auspicatz'
3612 5645 3733 5710 fue-

337 5716 487 5765 runt.
