  <div class='ocr_page' id='page_1' title='image "/cluster/home/n/w/nwhite01/storage/ocr_20150623/122 pt.2/mdp.39015037401315/209.png"; bbox 0 0 4084 6140; ppageno 0'>
   <div class='ocr_carea' id='block_1_1' title="bbox 360 369 480 427">
    <p class='ocr_par' dir='ltr' id='par_1_1' title="bbox 360 369 480 427">
     <span class='ocr_line' id='line_1_1' title="bbox 360 369 480 427; baseline 0.008 -1"><span class='ocrx_word' id='word_1_1' title='bbox 360 369 480 427; x_wconf 73' lang='grc'><strong>403</strong></span> 
     </span>
    </p>
   </div>
   <div class='ocr_carea' id='block_1_2' title="bbox 1686 338 2465 424">
    <p class='ocr_par' dir='ltr' id='par_1_2' title="bbox 1686 338 2465 424">
     <span class='ocr_line' id='line_1_2' title="bbox 1686 338 2465 424; baseline -0.003 0"><span class='ocrx_word' id='word_1_2' title='bbox 1686 361 2015 424; x_wconf 86' lang='lat' dir='ltr'><strong>JOANNIS</strong></span> <span class='ocrx_word' id='word_1_3' title='bbox 2061 338 2465 422; x_wconf 68' lang='lat' dir='ltr'><strong>SCYLITZAE</strong></span> 
     </span>
    </p>
   </div>
   <div class='ocr_carea' id='block_1_3' title="bbox 3644 356 3750 415">
    <p class='ocr_par' dir='ltr' id='par_1_3' title="bbox 3644 356 3750 415">
     <span class='ocr_line' id='line_1_3' title="bbox 3644 356 3750 415; baseline -0.019 1"><span class='ocrx_word' id='word_1_4' title='bbox 3644 356 3750 415; x_wconf 69' lang='grc'><strong>404</strong></span> 
     </span>
    </p>
   </div>
   <div class='ocr_carea' id='block_1_4' title="bbox 365 483 2011 566">
    <p class='ocr_par' dir='ltr' id='par_1_4' title="bbox 365 494 2011 566">
     <span class='ocr_line' id='line_1_4' title="bbox 365 494 2011 566; baseline -0.003 -14"><span class='ocrx_word' id='word_1_5' title='bbox 365 498 446 553; x_wconf 89' lang='lat' dir='ltr'><strong>ita</strong></span> <span class='ocrx_word' id='word_1_6' title='bbox 476 497 790 551; x_wconf 89' lang='lat' dir='ltr'><strong>immotum</strong></span> <span class='ocrx_word' id='word_1_7' title='bbox 821 497 1036 566; x_wconf 83' lang='lat' dir='ltr'><strong>stabat,</strong></span> <span class='ocrx_word' id='word_1_8' title='bbox 1077 497 1240 566; x_wconf 90' lang='lat' dir='ltr'><strong>quasi</strong></span> <span class='ocrx_word' id='word_1_9' title='bbox 1272 499 1566 551; x_wconf 80' lang='lat' dir='ltr'><strong>vereretur</strong></span> <span class='ocrx_word' id='word_1_10' title='bbox 1595 511 1666 550; x_wconf 90' lang='lat' dir='ltr'><strong>ne</strong></span> <span class='ocrx_word' id='word_1_11' title='bbox 1698 494 1820 550; x_wconf 90' lang='lat' dir='ltr'><strong>illic</strong></span> <span class='ocrx_word' id='word_1_12' title='bbox 1860 499 2011 550; x_wconf 91' lang='lat' dir='ltr'><strong>stare</strong></span> 
     </span>
    </p>
   </div>
   <div class='ocr_carea' id='block_1_5' title="bbox 2122 483 3753 566">
    <p class='ocr_par' dir='ltr' id='par_1_5' title="bbox 2129 483 3753 566">
     <span class='ocr_line' id='line_1_5' title="bbox 2129 483 3753 566; baseline -0.004 -21"><span class='ocrx_word' id='word_1_13' title='bbox 2129 512 2318 566; x_wconf 89' lang='grc' dir='ltr'>γησαν,</span> <span class='ocrx_word' id='word_1_14' title='bbox 2351 492 2438 546; x_wconf 83' lang='grc' dir='ltr'><strong>καὶ</strong></span> <span class='ocrx_word' id='word_1_15' title='bbox 2496 489 2856 564; x_wconf 80' lang='grc' dir='ltr'><strong>παρελθόντες</strong></span> <span class='ocrx_word' id='word_1_16' title='bbox 2895 488 2955 542; x_wconf 87' lang='grc' dir='ltr'>τὸ</span> <span class='ocrx_word' id='word_1_17' title='bbox 2990 490 3095 541; x_wconf 87' lang='grc' dir='ltr'><strong>τῶν</strong></span> <span class='ocrx_word' id='word_1_18' title='bbox 3157 483 3380 560; x_wconf 80' lang='grc' dir='ltr'>σχολῶν</span> <span class='ocrx_word' id='word_1_19' title='bbox 3432 483 3602 561; x_wconf 87' lang='grc' dir='ltr'>τάγμα</span> <span class='ocrx_word' id='word_1_20' title='bbox 3654 487 3753 558; x_wconf 88' lang='grc'><strong>(17)</strong></span> 
     </span>
    </p>
   </div>
   <div class='ocr_carea' id='block_1_6' title="bbox 360 582 2014 658">
    <p class='ocr_par' dir='ltr' id='par_1_6' title="bbox 360 582 2014 658">
     <span class='ocr_line' id='line_1_6' title="bbox 360 582 2014 658; baseline -0.002 -17"><span class='ocrx_word' id='word_1_21' title='bbox 360 586 923 658; x_wconf 82' lang='lat' dir='ltr'><strong>deprehenderetur,</strong></span> <span class='ocrx_word' id='word_1_22' title='bbox 951 590 1007 641; x_wconf 90' lang='lat' dir='ltr'><strong>et</strong></span> <span class='ocrx_word' id='word_1_23' title='bbox 1037 587 1202 641; x_wconf 92' lang='lat' dir='ltr'><strong>daret</strong></span> <span class='ocrx_word' id='word_1_24' title='bbox 1232 601 1465 655; x_wconf 90' lang='lat' dir='ltr'><strong>cperam</strong></span> <span class='ocrx_word' id='word_1_25' title='bbox 1503 590 1568 638; x_wconf 90' lang='lat' dir='ltr'><strong>ut</strong></span> <span class='ocrx_word' id='word_1_26' title='bbox 1597 583 1837 639; x_wconf 87' lang='lat' dir='ltr'><strong>omnino</strong></span> <span class='ocrx_word' id='word_1_27' title='bbox 1868 582 2014 638; x_wconf 88' lang='lat' dir='ltr'><strong>late-</strong></span> 
     </span>
    </p>
   </div>
   <div class='ocr_carea' id='block_1_7' title="bbox 361 672 2016 745">
    <p class='ocr_par' dir='ltr' id='par_1_7' title="bbox 361 672 2016 745">
     <span class='ocr_line' id='line_1_7' title="bbox 361 672 2016 745; baseline -0.002 -15"><span class='ocrx_word' id='word_1_28' title='bbox 361 680 468 731; x_wconf 92' lang='lat' dir='ltr'><strong>ret.</strong></span> <span class='ocrx_word' id='word_1_29' title='bbox 500 676 607 730; x_wconf 89' lang='lat' dir='ltr'><strong>Sed</strong></span> <span class='ocrx_word' id='word_1_30' title='bbox 658 674 858 729; x_wconf 86' lang='lat' dir='ltr'><strong>hostes</strong></span> <span class='ocrx_word' id='word_1_31' title='bbox 905 675 1119 729; x_wconf 84' lang='lat' dir='ltr'><strong>reversi</strong></span> <span class='ocrx_word' id='word_1_32' title='bbox 1174 675 1290 730; x_wconf 91' lang='lat' dir='ltr'><strong>cito</strong></span> <span class='ocrx_word' id='word_1_33' title='bbox 1320 674 1429 729; x_wconf 92' lang='lat' dir='ltr'><strong>hos</strong></span> <span class='ocrx_word' id='word_1_34' title='bbox 1481 690 1715 745; x_wconf 90' lang='lat' dir='ltr'><strong>quoque</strong></span> <span class='ocrx_word' id='word_1_35' title='bbox 1762 672 2016 728; x_wconf 89' lang='lat' dir='ltr'><strong>debella-</strong></span> 
     </span>
    </p>
   </div>
   <div class='ocr_carea' id='block_1_8' title="bbox 362 762 2015 833">
    <p class='ocr_par' dir='ltr' id='par_1_8' title="bbox 362 762 2015 833">
     <span class='ocr_line' id='line_1_8' title="bbox 362 762 2015 833; baseline -0.002 -14"><span class='ocrx_word' id='word_1_36' title='bbox 362 768 520 831; x_wconf 88' lang='lat' dir='ltr'><strong>runt,</strong></span> <span class='ocrx_word' id='word_1_37' title='bbox 552 769 608 820; x_wconf 91' lang='lat' dir='ltr'><strong>et</strong></span> <span class='ocrx_word' id='word_1_38' title='bbox 639 764 842 819; x_wconf 89' lang='lat' dir='ltr'><strong>multis</strong></span> <span class='ocrx_word' id='word_1_39' title='bbox 874 763 1218 829; x_wconf 80' lang='lat' dir='ltr'><strong>interfectis,</strong></span> <span class='ocrx_word' id='word_1_40' title='bbox 1253 762 1497 833; x_wconf 88' lang='lat' dir='ltr'><strong>reliquis</strong></span> <span class='ocrx_word' id='word_1_41' title='bbox 1527 762 1587 816; x_wconf 90' lang='lat' dir='ltr'><strong>in</strong></span> <span class='ocrx_word' id='word_1_42' title='bbox 1636 762 1848 818; x_wconf 87' lang='lat' dir='ltr'><strong>castris</strong></span> <span class='ocrx_word' id='word_1_43' title='bbox 1879 778 2015 817; x_wconf 91' lang='lat' dir='ltr'><strong>con-</strong></span> 
     </span>
    </p>
   </div>
   <div class='ocr_carea' id='block_1_9' title="bbox 363 850 2016 925">
    <p class='ocr_par' dir='ltr' id='par_1_9' title="bbox 363 850 2016 925">
     <span class='ocr_line' id='line_1_9' title="bbox 363 850 2016 925; baseline -0.003 -16"><span class='ocrx_word' id='word_1_44' title='bbox 363 853 567 921; x_wconf 83' lang='lat' dir='ltr'><strong>clusis,</strong></span> <span class='ocrx_word' id='word_1_45' title='bbox 600 858 657 909; x_wconf 88' lang='lat' dir='ltr'><strong>st</strong></span> <span class='ocrx_word' id='word_1_46' title='bbox 687 853 857 925; x_wconf 87' lang='lat' dir='ltr'><strong>signa</strong></span> <span class='ocrx_word' id='word_1_47' title='bbox 889 853 1006 907; x_wconf 90' lang='lat' dir='ltr'><strong>illis</strong></span> <span class='ocrx_word' id='word_1_48' title='bbox 1038 852 1318 907; x_wconf 86' lang='lat' dir='ltr'><strong>militaria</strong></span> <span class='ocrx_word' id='word_1_49' title='bbox 1347 854 1714 915; x_wconf 77' lang='lat' dir='ltr'><strong>ademerunt,</strong></span> <span class='ocrx_word' id='word_1_50' title='bbox 1748 855 1804 905; x_wconf 88' lang='lat' dir='ltr'><strong>et</strong></span> <span class='ocrx_word' id='word_1_51' title='bbox 1834 850 2016 921; x_wconf 90' lang='lat' dir='ltr'><strong>pluri-</strong></span> 
     </span>
    </p>
   </div>
   <div class='ocr_carea' id='block_1_10' title="bbox 363 939 2019 1011">
    <p class='ocr_par' dir='ltr' id='par_1_10' title="bbox 363 939 2019 1011">
     <span class='ocr_line' id='line_1_10' title="bbox 363 939 2019 1011; baseline -0.003 -13"><span class='ocrx_word' id='word_1_52' title='bbox 363 960 595 998; x_wconf 89' lang='lat' dir='ltr'><strong>morum</strong></span> <span class='ocrx_word' id='word_1_53' title='bbox 620 942 874 998; x_wconf 83' lang='lat' dir='ltr'><strong>militum</strong></span> <span class='ocrx_word' id='word_1_54' title='bbox 898 941 1162 997; x_wconf 85' lang='lat' dir='ltr'><strong>abscissa</strong></span> <span class='ocrx_word' id='word_1_55' title='bbox 1179 941 1371 1011; x_wconf 84' lang='lat' dir='ltr'><strong>capita</strong></span> <span class='ocrx_word' id='word_1_56' title='bbox 1391 941 1680 996; x_wconf 89' lang='lat' dir='ltr'><strong>miserunt</strong></span> <span class='ocrx_word' id='word_1_57' title='bbox 1700 939 2019 1011; x_wconf 88' lang='lat' dir='ltr'><strong>Chalepitis</strong></span> 
     </span>
    </p>
   </div>
   <div class='ocr_carea' id='block_1_11' title="bbox 361 1029 2023 1100">
    <p class='ocr_par' dir='ltr' id='par_1_11' title="bbox 361 1029 2023 1100">
     <span class='ocr_line' id='line_1_11' title="bbox 361 1029 2023 1100; baseline -0.003 -13"><span class='ocrx_word' id='word_1_58' title='bbox 361 1030 777 1087; x_wconf 80' lang='lat' dir='ltr'><strong>ostentationis</strong></span> <span class='ocrx_word' id='word_1_59' title='bbox 826 1047 1023 1085; x_wconf 84' lang='lat' dir='ltr'><strong>causa.</strong></span> <span class='ocrx_word' id='word_1_60' title='bbox 1062 1034 1124 1085; x_wconf 89' lang='lat' dir='ltr'><strong>Et</strong></span> <span class='ocrx_word' id='word_1_61' title='bbox 1156 1029 1300 1084; x_wconf 88' lang='lat' dir='ltr'><strong>illud</strong></span> <span class='ocrx_word' id='word_1_62' title='bbox 1354 1030 1608 1084; x_wconf 83' lang='lat' dir='ltr'><strong>maxima</strong></span> <span class='ocrx_word' id='word_1_63' title='bbox 1659 1029 1898 1100; x_wconf 88' lang='lat' dir='ltr'><strong>dignum</strong></span> <span class='ocrx_word' id='word_1_64' title='bbox 1934 1032 2023 1083; x_wconf 90' lang='lat' dir='ltr'><strong>est</strong></span> 
     </span>
    </p>
   </div>
   <div class='ocr_carea' id='block_1_12' title="bbox 360 1116 2021 1191">
    <p class='ocr_par' dir='ltr' id='par_1_12' title="bbox 360 1116 2021 1191">
     <span class='ocr_line' id='line_1_12' title="bbox 360 1116 2021 1191; baseline -0.002 -14"><span class='ocrx_word' id='word_1_65' title='bbox 360 1120 770 1186; x_wconf 85' lang='lat' dir='ltr'><strong>admiratione,</strong></span> <span class='ocrx_word' id='word_1_66' title='bbox 807 1120 961 1191; x_wconf 91' lang='lat' dir='ltr'><strong>quod</strong></span> <span class='ocrx_word' id='word_1_67' title='bbox 1012 1119 1120 1173; x_wconf 87' lang='lat' dir='ltr'><strong>hac</strong></span> <span class='ocrx_word' id='word_1_68' title='bbox 1172 1124 1411 1190; x_wconf 91' lang='lat' dir='ltr'><strong>accepta</strong></span> <span class='ocrx_word' id='word_1_69' title='bbox 1440 1136 1473 1172; x_wconf 93' lang='lat' dir='ltr'><strong>a</strong></span> <span class='ocrx_word' id='word_1_70' title='bbox 1527 1117 1807 1173; x_wconf 85' lang='lat' dir='ltr'><strong>Romanis</strong></span> <span class='ocrx_word' id='word_1_71' title='bbox 1855 1116 2021 1173; x_wconf 86' lang='lat' dir='ltr'><strong>clade</strong></span> 
     </span>
    </p>
   </div>
   <div class='ocr_carea' id='block_1_13' title="bbox 359 1205 2017 1279">
    <p class='ocr_par' dir='ltr' id='par_1_13' title="bbox 359 1205 2017 1279">
     <span class='ocr_line' id='line_1_13' title="bbox 359 1205 2017 1279; baseline -0.003 -15"><span class='ocrx_word' id='word_1_72' title='bbox 359 1209 560 1265; x_wconf 90' lang='lat' dir='ltr'><strong>nullus</strong></span> <span class='ocrx_word' id='word_1_73' title='bbox 583 1208 735 1263; x_wconf 91' lang='lat' dir='ltr'><strong>alius</strong></span> <span class='ocrx_word' id='word_1_74' title='bbox 763 1207 1105 1279; x_wconf 90' lang='lat' dir='ltr'><strong>manipulus</strong></span> <span class='ocrx_word' id='word_1_75' title='bbox 1141 1213 1241 1262; x_wconf 90' lang='lat' dir='ltr'><strong>aut</strong></span> <span class='ocrx_word' id='word_1_76' title='bbox 1283 1208 1590 1278; x_wconf 70' lang='lat' dir='ltr'><strong>praefectus</strong></span> <span class='ocrx_word' id='word_1_77' title='bbox 1631 1208 1702 1261; x_wconf 92' lang='lat' dir='ltr'><strong>ad</strong></span> <span class='ocrx_word' id='word_1_78' title='bbox 1735 1205 2017 1277; x_wconf 88' lang='lat' dir='ltr'><strong>repellen-</strong></span> 
     </span>
    </p>
   </div>
   <div class='ocr_carea' id='block_1_14' title="bbox 359 1295 2017 1367">
    <p class='ocr_par' dir='ltr' id='par_1_14' title="bbox 359 1295 2017 1367">
     <span class='ocr_line' id='line_1_14' title="bbox 359 1295 2017 1367; baseline -0.004 -14"><span class='ocrx_word' id='word_1_79' title='bbox 359 1301 464 1354; x_wconf 84' lang='lat' dir='ltr'><strong>dos</strong></span> <span class='ocrx_word' id='word_1_80' title='bbox 479 1298 677 1353; x_wconf 90' lang='lat' dir='ltr'><strong>hostes</strong></span> <span class='ocrx_word' id='word_1_81' title='bbox 706 1298 924 1352; x_wconf 82' lang='lat' dir='ltr'><strong>fuerint</strong></span> <span class='ocrx_word' id='word_1_82' title='bbox 958 1295 1224 1367; x_wconf 87' lang='lat' dir='ltr'><strong>impulsi.</strong></span> <span class='ocrx_word' id='word_1_83' title='bbox 1259 1295 1474 1350; x_wconf 89' lang='lat' dir='ltr'><strong>Verum</strong></span> <span class='ocrx_word' id='word_1_84' title='bbox 1496 1311 1701 1350; x_wconf 90' lang='lat' dir='ltr'><strong>omnes</strong></span> <span class='ocrx_word' id='word_1_85' title='bbox 1725 1295 2017 1359; x_wconf 81' lang='lat' dir='ltr'><strong>sedentes,</strong></span> 
     </span>
    </p>
   </div>
   <div class='ocr_carea' id='block_1_15' title="bbox 358 1382 2020 1460">
    <p class='ocr_par' dir='ltr' id='par_1_15' title="bbox 358 1382 2020 1460">
     <span class='ocr_line' id='line_1_15' title="bbox 358 1382 2020 1460; baseline -0.003 -17"><span class='ocrx_word' id='word_1_86' title='bbox 358 1387 527 1460; x_wconf 90' lang='lat' dir='ltr'><strong>quasi</strong></span> <span class='ocrx_word' id='word_1_87' title='bbox 582 1387 641 1441; x_wconf 90' lang='lat' dir='ltr'><strong>in</strong></span> <span class='ocrx_word' id='word_1_88' title='bbox 693 1386 881 1442; x_wconf 90' lang='lat' dir='ltr'><strong>amica</strong></span> <span class='ocrx_word' id='word_1_89' title='bbox 930 1386 1164 1457; x_wconf 86' lang='lat' dir='ltr'><strong>regione</strong></span> <span class='ocrx_word' id='word_1_90' title='bbox 1218 1388 1743 1450; x_wconf 73' lang='lat' dir='ltr'><strong>commorerentur,</strong></span> <span class='ocrx_word' id='word_1_91' title='bbox 1777 1382 2020 1455; x_wconf 83' lang='lat' dir='ltr'><strong>privatis</strong></span> 
     </span>
    </p>
   </div>
   <div class='ocr_carea' id='block_1_16' title="bbox 360 1470 2021 1544">
    <p class='ocr_par' dir='ltr' id='par_1_16' title="bbox 360 1470 2021 1544">
     <span class='ocr_line' id='line_1_16' title="bbox 360 1470 2021 1544; baseline -0.004 -12"><span class='ocrx_word' id='word_1_92' title='bbox 360 1476 688 1532; x_wconf 88' lang='lat' dir='ltr'><strong>commodis</strong></span> <span class='ocrx_word' id='word_1_93' title='bbox 728 1475 1092 1541; x_wconf 85' lang='lat' dir='ltr'><strong>studebant;</strong></span> <span class='ocrx_word' id='word_1_94' title='bbox 1152 1472 1430 1544; x_wconf 89' lang='lat' dir='ltr'><strong>nullaque</strong></span> <span class='ocrx_word' id='word_1_95' title='bbox 1489 1473 1751 1543; x_wconf 89' lang='lat' dir='ltr'><strong>ipsorum</strong></span> <span class='ocrx_word' id='word_1_96' title='bbox 1805 1470 2021 1526; x_wconf 88' lang='lat' dir='ltr'><strong>animis</strong></span> 
     </span>
    </p>
   </div>
   <div class='ocr_carea' id='block_1_17' title="bbox 360 1561 2018 1633">
    <p class='ocr_par' dir='ltr' id='par_1_17' title="bbox 360 1561 2018 1633">
     <span class='ocr_line' id='line_1_17' title="bbox 360 1561 2018 1633; baseline -0.003 -13"><span class='ocrx_word' id='word_1_97' title='bbox 360 1569 465 1620; x_wconf 89' lang='lat' dir='ltr'><strong>aut</strong></span> <span class='ocrx_word' id='word_1_98' title='bbox 512 1564 848 1620; x_wconf 89' lang='lat' dir='ltr'><strong>sollicitudo</strong></span> <span class='ocrx_word' id='word_1_99' title='bbox 902 1566 1002 1617; x_wconf 92' lang='lat' dir='ltr'><strong>aut</strong></span> <span class='ocrx_word' id='word_1_100' title='bbox 1051 1564 1325 1617; x_wconf 86' lang='lat' dir='ltr'><strong>alacritas</strong></span> <span class='ocrx_word' id='word_1_101' title='bbox 1376 1579 1617 1633; x_wconf 88' lang='lat' dir='ltr'><strong>prorsus</strong></span> <span class='ocrx_word' id='word_1_102' title='bbox 1660 1563 1867 1616; x_wconf 87' lang='lat' dir='ltr'><strong>inerat.</strong></span> <span class='ocrx_word' id='word_1_103' title='bbox 1911 1561 2018 1615; x_wconf 92' lang='lat' dir='ltr'><strong>Sed</strong></span> 
     </span>
    </p>
   </div>
   <div class='ocr_carea' id='block_1_18' title="bbox 361 1650 2020 1725">
    <p class='ocr_par' dir='ltr' id='par_1_18' title="bbox 361 1650 2020 1725">
     <span class='ocr_line' id='line_1_18' title="bbox 361 1650 2020 1725; baseline -0.004 -16"><span class='ocrx_word' id='word_1_104' title='bbox 361 1654 681 1725; x_wconf 85' lang='lat' dir='ltr'><strong>imperator</strong></span> <span class='ocrx_word' id='word_1_105' title='bbox 710 1652 810 1723; x_wconf 91' lang='lat' dir='ltr'><strong>qui</strong></span> <span class='ocrx_word' id='word_1_106' title='bbox 842 1652 900 1705; x_wconf 91' lang='lat' dir='ltr'><strong>in</strong></span> <span class='ocrx_word' id='word_1_107' title='bbox 943 1652 1086 1705; x_wconf 89' lang='lat' dir='ltr'><strong>urbe</strong></span> <span class='ocrx_word' id='word_1_108' title='bbox 1116 1651 1475 1720; x_wconf 84' lang='lat' dir='ltr'><strong>erat,audito</strong></span> <span class='ocrx_word' id='word_1_109' title='bbox 1509 1667 1647 1705; x_wconf 89' lang='lat' dir='ltr'><strong>casu</strong></span> <span class='ocrx_word' id='word_1_110' title='bbox 1682 1650 1858 1715; x_wconf 90' lang='lat' dir='ltr'><strong>,haud</strong></span> <span class='ocrx_word' id='word_1_111' title='bbox 1892 1665 2020 1703; x_wconf 89' lang='lat' dir='ltr'><strong>me-</strong></span> 
     </span>
    </p>
   </div>
   <div class='ocr_carea' id='block_1_19' title="bbox 363 1739 2018 1811">
    <p class='ocr_par' dir='ltr' id='par_1_19' title="bbox 363 1739 2018 1811">
     <span class='ocr_line' id='line_1_19' title="bbox 363 1739 2018 1811; baseline -0.004 -13"><span class='ocrx_word' id='word_1_112' title='bbox 363 1742 548 1798; x_wconf 91' lang='lat' dir='ltr'><strong>diocri</strong></span> <span class='ocrx_word' id='word_1_113' title='bbox 575 1741 772 1796; x_wconf 91' lang='lat' dir='ltr'><strong>dolore</strong></span> <span class='ocrx_word' id='word_1_114' title='bbox 796 1741 1035 1796; x_wconf 81' lang='lat' dir='ltr'><strong>affectus</strong></span> <span class='ocrx_word' id='word_1_115' title='bbox 1058 1744 1165 1810; x_wconf 89' lang='lat' dir='ltr'><strong>est,</strong></span> <span class='ocrx_word' id='word_1_116' title='bbox 1202 1741 1523 1811; x_wconf 87' lang='lat' dir='ltr'><strong>statimque</strong></span> <span class='ocrx_word' id='word_1_117' title='bbox 1546 1756 1678 1794; x_wconf 90' lang='lat' dir='ltr'><strong>cum</strong></span> <span class='ocrx_word' id='word_1_118' title='bbox 1711 1739 2018 1811; x_wconf 86' lang='lat' dir='ltr'><strong>Cappado-</strong></span> 
     </span>
    </p>
   </div>
   <div class='ocr_carea' id='block_1_20' title="bbox 2124 573 3749 653">
    <p class='ocr_par' dir='ltr' id='par_1_20' title="bbox 2124 573 3749 653">
     <span class='ocr_line' id='line_1_20' title="bbox 2124 573 3749 653; baseline -0.006 -18"><span class='ocrx_word' id='word_1_119' title='bbox 2124 580 2375 642; x_wconf 76' lang='grc' dir='ltr'>πολλοὺς</span> <span class='ocrx_word' id='word_1_120' title='bbox 2413 581 2507 653; x_wconf 68' lang='grc' dir='ltr'><strong>μὲν</strong></span> <span class='ocrx_word' id='word_1_121' title='bbox 2542 578 2780 651; x_wconf 77' lang='grc' dir='ltr'><strong>ἀνεῖλον,</strong></span> <span class='ocrx_word' id='word_1_122' title='bbox 2812 576 2938 637; x_wconf 72' lang='grc' dir='ltr'>τοὺς</span> <span class='ocrx_word' id='word_1_123' title='bbox 2970 573 3028 630; x_wconf 77' lang='grc' dir='ltr'>δὲ</span> <span class='ocrx_word' id='word_1_124' title='bbox 3058 574 3285 635; x_wconf 76' lang='grc' dir='ltr'>λοιποὺς</span> <span class='ocrx_word' id='word_1_125' title='bbox 3311 579 3492 651; x_wconf 80' lang='grc' dir='ltr'>φυγεῖν</span> <span class='ocrx_word' id='word_1_126' title='bbox 3524 575 3749 651; x_wconf 75' lang='grc' dir='ltr'>αἰσχρῶς</span> 
     </span>
    </p>
   </div>
   <div class='ocr_carea' id='block_1_21' title="bbox 2124 663 3748 744">
    <p class='ocr_par' dir='ltr' id='par_1_21' title="bbox 2124 663 3748 744">
     <span class='ocr_line' id='line_1_21' title="bbox 2124 663 3748 744; baseline -0.003 -20"><span class='ocrx_word' id='word_1_127' title='bbox 2124 671 2547 744; x_wconf 84' lang='grc' dir='ltr'>κατηνάγκασαν,</span> <span class='ocrx_word' id='word_1_128' title='bbox 2582 668 2632 721; x_wconf 87' lang='grc' dir='ltr'><strong>ἐν</strong></span> <span class='ocrx_word' id='word_1_129' title='bbox 2668 666 2811 739; x_wconf 78' lang='grc' dir='ltr'>δεξιᾷ</span> <span class='ocrx_word' id='word_1_130' title='bbox 2839 663 3226 724; x_wconf 81' lang='grc' dir='ltr'>καταλιπόντες</span> <span class='ocrx_word' id='word_1_131' title='bbox 3276 664 3339 717; x_wconf 87' lang='grc' dir='ltr'>τὸ</span> <span class='ocrx_word' id='word_1_132' title='bbox 3385 668 3488 717; x_wconf 86' lang='grc' dir='ltr'>τῶν</span> <span class='ocrx_word' id='word_1_133' title='bbox 3541 663 3748 738; x_wconf 81' lang='grc' dir='ltr'>σχολῶν</span> 
     </span>
    </p>
   </div>
   <div class='ocr_carea' id='block_1_22' title="bbox 2128 752 3749 834">
    <p class='ocr_par' dir='ltr' id='par_1_22' title="bbox 2128 752 3749 834">
     <span class='ocr_line' id='line_1_22' title="bbox 2128 752 3749 834; baseline -0.002 -23"><span class='ocrx_word' id='word_1_134' title='bbox 2128 758 2425 834; x_wconf 77' lang='grc' dir='ltr'>σύνταγμα.</span> <span class='ocrx_word' id='word_1_135' title='bbox 2484 759 2656 833; x_wconf 75' lang='grc' dir='ltr'>’Ὀπερ</span> <span class='ocrx_word' id='word_1_136' title='bbox 2721 756 2820 825; x_wconf 73' lang='grc' dir='ltr'>τὴν</span> <span class='ocrx_word' id='word_1_137' title='bbox 2903 758 3010 809; x_wconf 88' lang='grc' dir='ltr'>τῶν</span> <span class='ocrx_word' id='word_1_138' title='bbox 3071 752 3359 826; x_wconf 89' lang='grc' dir='ltr'>Ῥωμαίων</span> <span class='ocrx_word' id='word_1_139' title='bbox 3416 754 3572 821; x_wconf 75' lang='grc' dir='ltr'>ἧτταν</span> <span class='ocrx_word' id='word_1_140' title='bbox 3622 754 3749 828; x_wconf 89' lang='grc' dir='ltr'>ὁρῶν</span> 
     </span>
    </p>
   </div>
   <div class='ocr_carea' id='block_1_23' title="bbox 2127 838 3753 919">
    <p class='ocr_par' dir='ltr' id='par_1_23' title="bbox 2127 838 3753 919">
     <span class='ocr_line' id='line_1_23' title="bbox 2127 838 3753 919; baseline -0.004 -17"><span class='ocrx_word' id='word_1_141' title='bbox 2127 844 2240 901; x_wconf 80' lang='grc' dir='ltr'>οὐδ’</span> <span class='ocrx_word' id='word_1_142' title='bbox 2273 844 2416 908; x_wconf 82' lang='grc' dir='ltr'>ὅλως</span> <span class='ocrx_word' id='word_1_143' title='bbox 2451 846 2775 919; x_wconf 83' lang='grc' dir='ltr'>μετεκινήθη</span> <span class='ocrx_word' id='word_1_144' title='bbox 2823 850 2924 913; x_wconf 84' lang='grc' dir='ltr'>τῆς</span> <span class='ocrx_word' id='word_1_145' title='bbox 2970 842 3226 909; x_wconf 84' lang='grc' dir='ltr'>στάσεως,</span> <span class='ocrx_word' id='word_1_146' title='bbox 3259 838 3483 902; x_wconf 83' lang='grc' dir='ltr'>ἀλλ’ὡς</span> <span class='ocrx_word' id='word_1_147' title='bbox 3538 840 3753 914; x_wconf 84' lang='grc' dir='ltr'>μηδενὸς</span> 
     </span>
    </p>
   </div>
   <div class='ocr_carea' id='block_1_24' title="bbox 2126 936 3756 1020">
    <p class='ocr_par' dir='ltr' id='par_1_24' title="bbox 2126 936 3756 1020">
     <span class='ocr_line' id='line_1_24' title="bbox 2126 936 3756 1020; baseline -0.005 -21"><span class='ocrx_word' id='word_1_148' title='bbox 2126 949 2315 999; x_wconf 88' lang='grc' dir='ltr'>καινοῦ</span> <span class='ocrx_word' id='word_1_149' title='bbox 2344 945 2633 1020; x_wconf 83' lang='grc' dir='ltr'><strong>γεγονότος</strong></span> <span class='ocrx_word' id='word_1_150' title='bbox 2665 944 2927 1017; x_wconf 76' lang='grc' dir='ltr'><strong>ἀτρεμοῦν</strong></span> <span class='ocrx_word' id='word_1_151' title='bbox 2982 939 3191 1009; x_wconf 65' lang='grc' dir='ltr'>ἵστατο,</span> <span class='ocrx_word' id='word_1_152' title='bbox 3221 939 3297 1003; x_wconf 85' lang='grc' dir='ltr'>ὡς</span> <span class='ocrx_word' id='word_1_153' title='bbox 3353 937 3410 992; x_wconf 80' lang='grc' dir='ltr'><strong>ἂν</strong></span> <span class='ocrx_word' id='word_1_154' title='bbox 3476 938 3520 992; x_wconf 83' lang='grc' dir='ltr'>εἷ</span> <span class='ocrx_word' id='word_1_155' title='bbox 3568 936 3756 993; x_wconf 78' lang='grc' dir='ltr'>ἐδεδοί-</span> 
     </span>
    </p>
   </div>
   <div class='ocr_carea' id='block_1_25' title="bbox 2128 1027 3758 1109">
    <p class='ocr_par' dir='ltr' id='par_1_25' title="bbox 2128 1027 3758 1109">
     <span class='ocr_line' id='line_1_25' title="bbox 2128 1027 3758 1109; baseline -0.002 -22"><span class='ocrx_word' id='word_1_156' title='bbox 2128 1054 2205 1087; x_wconf 92' lang='grc' dir='ltr'><strong>κει</strong></span> <span class='ocrx_word' id='word_1_157' title='bbox 2271 1034 2346 1105; x_wconf 75' lang='grc' dir='ltr'>μὴ</span> <span class='ocrx_word' id='word_1_158' title='bbox 2397 1032 2672 1109; x_wconf 75' lang='grc' dir='ltr'><strong>φωραθείη</strong></span> <span class='ocrx_word' id='word_1_159' title='bbox 2724 1030 2896 1086; x_wconf 88' lang='grc' dir='ltr'>ἐκεῖσε</span> <span class='ocrx_word' id='word_1_160' title='bbox 2953 1030 3259 1102; x_wconf 77' lang='grc' dir='ltr'><strong>ἱστάμενον,</strong></span> <span class='ocrx_word' id='word_1_161' title='bbox 3318 1027 3407 1083; x_wconf 85' lang='grc' dir='ltr'><strong>καὶ</strong></span> <span class='ocrx_word' id='word_1_162' title='bbox 3447 1027 3602 1082; x_wconf 80' lang='grc' dir='ltr'>παντὶ</span> <span class='ocrx_word' id='word_1_163' title='bbox 3642 1030 3758 1103; x_wconf 86' lang='grc' dir='ltr'>τρό-</span> 
     </span>
    </p>
   </div>
   <div class='ocr_carea' id='block_1_26' title="bbox 2127 1114 3760 1195">
    <p class='ocr_par' dir='ltr' id='par_1_26' title="bbox 2127 1114 3760 1195">
     <span class='ocr_line' id='line_1_26' title="bbox 2127 1114 3760 1195; baseline -0.003 -19"><span class='ocrx_word' id='word_1_164' title='bbox 2127 1144 2214 1194; x_wconf 88' lang='grc' dir='ltr'>πῳ</span> <span class='ocrx_word' id='word_1_165' title='bbox 2247 1120 2430 1185; x_wconf 84' lang='grc' dir='ltr'>λαθεῖν</span> <span class='ocrx_word' id='word_1_166' title='bbox 2495 1121 2920 1195; x_wconf 86' lang='grc' dir='ltr'>μηχανώμενον.</span> <span class='ocrx_word' id='word_1_167' title='bbox 2952 1119 3408 1193; x_wconf 72' lang='grc' dir='ltr'>Ὑποστρέψαντες</span> <span class='ocrx_word' id='word_1_168' title='bbox 3468 1114 3524 1172; x_wconf 74' lang='grc' dir='ltr'>δὲ</span> <span class='ocrx_word' id='word_1_169' title='bbox 3572 1118 3622 1171; x_wconf 78' lang='grc' dir='ltr'>οἱ</span> <span class='ocrx_word' id='word_1_170' title='bbox 3670 1138 3760 1172; x_wconf 87' lang='grc' dir='ltr'>πο-</span> 
     </span>
    </p>
   </div>
   <div class='ocr_carea' id='block_1_27' title="bbox 2130 1205 3765 1286">
    <p class='ocr_par' dir='ltr' id='par_1_27' title="bbox 2130 1205 3765 1286">
     <span class='ocr_line' id='line_1_27' title="bbox 2130 1205 3765 1286; baseline -0.003 -22"><span class='ocrx_word' id='word_1_171' title='bbox 2130 1208 2316 1283; x_wconf 88' lang='grc' dir='ltr'>λέμιοι</span> <span class='ocrx_word' id='word_1_172' title='bbox 2366 1210 2507 1286; x_wconf 79' lang='grc' dir='ltr'>ταχὺ</span> <span class='ocrx_word' id='word_1_173' title='bbox 2560 1210 2651 1264; x_wconf 86' lang='grc' dir='ltr'><strong>καὶ</strong></span> <span class='ocrx_word' id='word_1_174' title='bbox 2706 1213 2869 1263; x_wconf 88' lang='grc' dir='ltr'>τοῦτο</span> <span class='ocrx_word' id='word_1_175' title='bbox 2944 1206 3400 1283; x_wconf 80' lang='grc' dir='ltr'><strong>κατηγωνίσαντο,</strong></span> <span class='ocrx_word' id='word_1_176' title='bbox 3449 1205 3765 1281; x_wconf 70' lang='grc' dir='ltr'><strong>ἀνῃρηκότες</strong></span> 
     </span>
    </p>
   </div>
   <div class='ocr_carea' id='block_1_28' title="bbox 2136 1291 3760 1372">
    <p class='ocr_par' dir='ltr' id='par_1_28' title="bbox 2136 1291 3760 1372">
     <span class='ocr_line' id='line_1_28' title="bbox 2136 1291 3760 1372; baseline -0.005 -17"><span class='ocrx_word' id='word_1_177' title='bbox 2136 1301 2227 1372; x_wconf 73' lang='grc' dir='ltr'><strong>μὲν</strong></span> <span class='ocrx_word' id='word_1_178' title='bbox 2261 1298 2530 1372; x_wconf 79' lang='grc' dir='ltr'>πολλοὺς,</span> <span class='ocrx_word' id='word_1_179' title='bbox 2560 1298 2689 1360; x_wconf 78' lang='grc' dir='ltr'>τοὺς</span> <span class='ocrx_word' id='word_1_180' title='bbox 2741 1296 2797 1352; x_wconf 77' lang='grc' dir='ltr'>δὶ</span> <span class='ocrx_word' id='word_1_181' title='bbox 2856 1297 3085 1358; x_wconf 79' lang='grc' dir='ltr'>λοιποὺς</span> <span class='ocrx_word' id='word_1_182' title='bbox 3137 1295 3211 1357; x_wconf 76' lang='grc' dir='ltr'><strong>εἷς</strong></span> <span class='ocrx_word' id='word_1_183' title='bbox 3257 1298 3359 1364; x_wconf 84' lang='grc' dir='ltr'>τήν</span> <span class='ocrx_word' id='word_1_184' title='bbox 3416 1291 3760 1368; x_wconf 75' lang='grc' dir='ltr'>παρεμϐολὴν</span> 
     </span>
    </p>
   </div>
   <div class='ocr_carea' id='block_1_29' title="bbox 2130 1384 3764 1458">
    <p class='ocr_par' dir='ltr' id='par_1_29' title="bbox 2130 1384 3764 1458">
     <span class='ocr_line' id='line_1_29' title="bbox 2130 1384 3764 1458; baseline -0.003 -16"><span class='ocrx_word' id='word_1_185' title='bbox 2130 1385 2594 1458; x_wconf 80' lang='grc' dir='ltr'>κατακλείσαντες,</span> <span class='ocrx_word' id='word_1_186' title='bbox 2634 1386 2723 1441; x_wconf 84' lang='grc' dir='ltr'><strong>καὶ</strong></span> <span class='ocrx_word' id='word_1_187' title='bbox 2770 1386 2836 1441; x_wconf 81' lang='grc' dir='ltr'>τὰ</span> <span class='ocrx_word' id='word_1_188' title='bbox 2894 1391 3097 1458; x_wconf 86' lang='grc' dir='ltr'>σημεῖα</span> <span class='ocrx_word' id='word_1_189' title='bbox 3150 1384 3356 1439; x_wconf 88' lang='grc' dir='ltr'>τούτων</span> <span class='ocrx_word' id='word_1_190' title='bbox 3408 1387 3764 1458; x_wconf 79' lang='grc' dir='ltr'>στρατηγικῶς</span> 
     </span>
    </p>
   </div>
   <div class='ocr_carea' id='block_1_30' title="bbox 2130 1482 3762 1563">
    <p class='ocr_par' dir='ltr' id='par_1_30' title="bbox 2130 1482 3762 1563">
     <span class='ocr_line' id='line_1_30' title="bbox 2130 1482 3762 1563; baseline -0.003 -22"><span class='ocrx_word' id='word_1_191' title='bbox 2130 1485 2478 1563; x_wconf 80' lang='grc' dir='ltr'>ἀφελόμενοι.</span> <span class='ocrx_word' id='word_1_192' title='bbox 2514 1484 2768 1546; x_wconf 81' lang='grc' dir='ltr'>Πολλοὺς</span> <span class='ocrx_word' id='word_1_193' title='bbox 2830 1482 2887 1539; x_wconf 75' lang='grc' dir='ltr'><strong>δὶ</strong></span> <span class='ocrx_word' id='word_1_194' title='bbox 2942 1484 3031 1538; x_wconf 85' lang='grc' dir='ltr'><strong>καὶ</strong></span> <span class='ocrx_word' id='word_1_195' title='bbox 3086 1487 3195 1537; x_wconf 88' lang='grc' dir='ltr'><strong>τῶν</strong></span> <span class='ocrx_word' id='word_1_196' title='bbox 3251 1485 3593 1556; x_wconf 77' lang='grc' dir='ltr'>στρατιωτῶν</span> <span class='ocrx_word' id='word_1_197' title='bbox 3640 1502 3762 1557; x_wconf 76' lang='grc' dir='ltr'>τρα-</span> 
     </span>
    </p>
   </div>
   <div class='ocr_carea' id='block_1_31' title="bbox 2127 1569 3762 1651">
    <p class='ocr_par' dir='ltr' id='par_1_31' title="bbox 2127 1569 3762 1651">
     <span class='ocr_line' id='line_1_31' title="bbox 2127 1569 3762 1651; baseline -0.003 -21"><span class='ocrx_word' id='word_1_198' title='bbox 2127 1574 2617 1651; x_wconf 85' lang='grc' dir='ltr'>χηλοκοπήσαντες</span> <span class='ocrx_word' id='word_1_199' title='bbox 2675 1574 2751 1636; x_wconf 76' lang='grc' dir='ltr'><strong>εἷς</strong></span> <span class='ocrx_word' id='word_1_200' title='bbox 2812 1572 3068 1648; x_wconf 80' lang='grc' dir='ltr'>ἔνδειγμα</span> <span class='ocrx_word' id='word_1_201' title='bbox 3121 1577 3239 1635; x_wconf 92' lang='grc' dir='ltr'>τοῖς</span> <span class='ocrx_word' id='word_1_202' title='bbox 3291 1569 3624 1632; x_wconf 81' lang='grc' dir='ltr'>Χαλεπίταις</span> <span class='ocrx_word' id='word_1_203' title='bbox 3663 1570 3762 1625; x_wconf 82' lang='grc' dir='ltr'>ἀπ-</span> 
     </span>
    </p>
   </div>
   <div class='ocr_carea' id='block_1_32' title="bbox 2127 1659 3761 1737">
    <p class='ocr_par' dir='ltr' id='par_1_32' title="bbox 2127 1659 3761 1737">
     <span class='ocr_line' id='line_1_32' title="bbox 2127 1659 3761 1737; baseline -0.004 -17"><span class='ocrx_word' id='word_1_204' title='bbox 2127 1663 2393 1721; x_wconf 80' lang='grc' dir='ltr'>έστειλαν.</span> <span class='ocrx_word' id='word_1_205' title='bbox 2426 1665 2727 1737; x_wconf 85' lang='grc' dir='ltr'>Θαυμάζειν</span> <span class='ocrx_word' id='word_1_206' title='bbox 2763 1660 2819 1717; x_wconf 76' lang='grc' dir='ltr'>δὲ</span> <span class='ocrx_word' id='word_1_207' title='bbox 2871 1661 3018 1733; x_wconf 76' lang='grc' dir='ltr'>ἄξιον</span> <span class='ocrx_word' id='word_1_208' title='bbox 3067 1661 3132 1729; x_wconf 76' lang='grc' dir='ltr'>ἦν</span> <span class='ocrx_word' id='word_1_209' title='bbox 3194 1661 3277 1715; x_wconf 80' lang='grc' dir='ltr'><strong>ὅτι</strong></span> <span class='ocrx_word' id='word_1_210' title='bbox 3330 1665 3634 1735; x_wconf 77' lang='grc' dir='ltr'>καταφορᾶς</span> <span class='ocrx_word' id='word_1_211' title='bbox 3680 1659 3761 1714; x_wconf 85' lang='grc' dir='ltr'><strong>καὶ</strong></span> 
     </span>
    </p>
   </div>
   <div class='ocr_carea' id='block_1_33' title="bbox 2126 1745 3759 1830">
    <p class='ocr_par' dir='ltr' id='par_1_33' title="bbox 2126 1745 3759 1830">
     <span class='ocr_line' id='line_1_33' title="bbox 2126 1745 3759 1830; baseline -0.004 -22"><span class='ocrx_word' id='word_1_212' title='bbox 2126 1753 2296 1823; x_wconf 76' lang='grc' dir='ltr'>ἥττης</span> <span class='ocrx_word' id='word_1_213' title='bbox 2344 1754 2706 1830; x_wconf 75' lang='grc' dir='ltr'>γεγενημένης</span> <span class='ocrx_word' id='word_1_214' title='bbox 2764 1753 3081 1825; x_wconf 79' lang='grc' dir='ltr'>Ῥωμαϊκῆς</span> <span class='ocrx_word' id='word_1_215' title='bbox 3140 1750 3223 1824; x_wconf 86' lang='grc' dir='ltr'><strong>[Ρ.</strong></span> <span class='ocrx_word' id='word_1_216' title='bbox 3254 1751 3381 1823; x_wconf 85' lang='grc'><strong>827]</strong></span> <span class='ocrx_word' id='word_1_217' title='bbox 3434 1745 3608 1811; x_wconf 79' lang='grc' dir='ltr'>οὐδεὶς</span> <span class='ocrx_word' id='word_1_218' title='bbox 3663 1753 3759 1803; x_wconf 86' lang='grc' dir='ltr'><strong>τῶν</strong></span> 
     </span>
    </p>
   </div>
   <div class='ocr_carea' id='block_1_34' title="bbox 363 1827 2011 1926">
    <p class='ocr_par' dir='ltr' id='par_1_34' title="bbox 363 1827 2011 1901">
     <span class='ocr_line' id='line_1_34' title="bbox 363 1827 2011 1901; baseline -0.003 -14"><span class='ocrx_word' id='word_1_219' title='bbox 363 1832 533 1887; x_wconf 89' lang='lat' dir='ltr'><strong>cibus</strong></span> <span class='ocrx_word' id='word_1_220' title='bbox 584 1847 734 1901; x_wconf 90' lang='lat' dir='ltr'><strong>quos</strong></span> <span class='ocrx_word' id='word_1_221' title='bbox 766 1846 968 1885; x_wconf 88' lang='lat' dir='ltr'><strong>secum</strong></span> <span class='ocrx_word' id='word_1_222' title='bbox 1019 1828 1272 1884; x_wconf 91' lang='lat' dir='ltr'><strong>habebat</strong></span> <span class='ocrx_word' id='word_1_223' title='bbox 1314 1844 1583 1884; x_wconf 86' lang='lat' dir='ltr'><strong>reversus</strong></span> <span class='ocrx_word' id='word_1_224' title='bbox 1636 1827 2011 1883; x_wconf 75' lang='lat' dir='ltr'><strong>offensionem</strong></span> 
     </span>
    </p>
   </div>
   <div class='ocr_carea' id='block_1_35' title="bbox 2122 1827 3765 1926">
    <p class='ocr_par' dir='ltr' id='par_1_35' title="bbox 2131 1827 3765 1917">
     <span class='ocr_line' id='line_1_35' title="bbox 2131 1827 3765 1917; baseline -0.003 -20"><span class='ocrx_word' id='word_1_225' title='bbox 2131 1827 2559 1917; x_wconf 25' lang='lat' dir='ltr'><strong>lomd’wv).dx_wv</strong></span> <span class='ocrx_word' id='word_1_226' title='bbox 2591 1862 2650 1897; x_wconf 86' lang='grc' dir='ltr'>τε</span> <span class='ocrx_word' id='word_1_227' title='bbox 2678 1843 2766 1897; x_wconf 90' lang='grc' dir='ltr'><strong>καὶ</strong></span> <span class='ocrx_word' id='word_1_228' title='bbox 2819 1839 3083 1917; x_wconf 77' lang='grc' dir='ltr'>λοχαγῶν</span> <span class='ocrx_word' id='word_1_229' title='bbox 3142 1838 3217 1901; x_wconf 76' lang='grc' dir='ltr'>εἲς</span> <span class='ocrx_word' id='word_1_230' title='bbox 3274 1837 3479 1911; x_wconf 74' lang='grc' dir='ltr'>ἄμυναν</span> <span class='ocrx_word' id='word_1_231' title='bbox 3535 1835 3765 1912; x_wconf 83' lang='grc' dir='ltr'>διηρέθι-</span> 
     </span>
    </p>
   </div>
   <div class='ocr_carea' id='block_1_36' title="bbox 361 1915 2020 1988">
    <p class='ocr_par' dir='ltr' id='par_1_36' title="bbox 361 1915 2020 1988">
     <span class='ocr_line' id='line_1_36' title="bbox 361 1915 2020 1988; baseline -0.001 -15"><span class='ocrx_word' id='word_1_232' title='bbox 361 1922 657 1988; x_wconf 85' lang='lat' dir='ltr'><strong>acceptam</strong></span> <span class='ocrx_word' id='word_1_233' title='bbox 688 1918 967 1972; x_wconf 87' lang='lat' dir='ltr'><strong>resarcire</strong></span> <span class='ocrx_word' id='word_1_234' title='bbox 1015 1917 1356 1982; x_wconf 84' lang='lat' dir='ltr'><strong>conabatur,</strong></span> <span class='ocrx_word' id='word_1_235' title='bbox 1391 1916 1493 1971; x_wconf 90' lang='lat' dir='ltr'><strong>illa</strong></span> <span class='ocrx_word' id='word_1_236' title='bbox 1528 1915 1822 1987; x_wconf 88' lang='lat' dir='ltr'><strong>siquidem</strong></span> <span class='ocrx_word' id='word_1_237' title='bbox 1851 1921 2020 1971; x_wconf 90' lang='lat' dir='ltr'><strong>nocte</strong></span> 
     </span>
    </p>
   </div>
   <div class='ocr_carea' id='block_1_37' title="bbox 362 2004 2018 2077">
    <p class='ocr_par' dir='ltr' id='par_1_37' title="bbox 362 2004 2018 2077">
     <span class='ocr_line' id='line_1_37' title="bbox 362 2004 2018 2077; baseline -0.001 -16"><span class='ocrx_word' id='word_1_238' title='bbox 362 2023 565 2062; x_wconf 90' lang='lat' dir='ltr'><strong>omnes</strong></span> <span class='ocrx_word' id='word_1_239' title='bbox 596 2007 667 2061; x_wconf 92' lang='lat' dir='ltr'><strong>de</strong></span> <span class='ocrx_word' id='word_1_240' title='bbox 699 2021 801 2077; x_wconf 82' lang='lat' dir='ltr'><strong>spe</strong></span> <span class='ocrx_word' id='word_1_241' title='bbox 833 2006 985 2060; x_wconf 91' lang='lat' dir='ltr'><strong>bona</strong></span> <span class='ocrx_word' id='word_1_242' title='bbox 1016 2004 1374 2069; x_wconf 87' lang='lat' dir='ltr'><strong>desiderant,</strong></span> <span class='ocrx_word' id='word_1_243' title='bbox 1396 2006 1552 2075; x_wconf 92' lang='lat' dir='ltr'><strong>quod</strong></span> <span class='ocrx_word' id='word_1_244' title='bbox 1586 2006 1761 2060; x_wconf 90' lang='lat' dir='ltr'><strong>etiam</strong></span> <span class='ocrx_word' id='word_1_245' title='bbox 1795 2006 2018 2075; x_wconf 91' lang='lat' dir='ltr'><strong>pedita-</strong></span> 
     </span>
    </p>
   </div>
   <div class='ocr_carea' id='block_1_38' title="bbox 360 2093 2017 2165">
    <p class='ocr_par' dir='ltr' id='par_1_38' title="bbox 360 2093 2017 2165">
     <span class='ocr_line' id='line_1_38' title="bbox 360 2093 2017 2165; baseline -0.002 -14"><span class='ocrx_word' id='word_1_246' title='bbox 360 2102 455 2151; x_wconf 85' lang='lat' dir='ltr'><strong>tus</strong></span> <span class='ocrx_word' id='word_1_247' title='bbox 488 2094 803 2150; x_wconf 85' lang='lat' dir='ltr'><strong>Armenius</strong></span> <span class='ocrx_word' id='word_1_248' title='bbox 835 2094 905 2148; x_wconf 89' lang='lat' dir='ltr'><strong>ad</strong></span> <span class='ocrx_word' id='word_1_249' title='bbox 938 2094 1155 2148; x_wconf 87' lang='lat' dir='ltr'><strong>vallum</strong></span> <span class='ocrx_word' id='word_1_250' title='bbox 1192 2098 1544 2165; x_wconf 88' lang='lat' dir='ltr'><strong>pernoctans</strong></span> <span class='ocrx_word' id='word_1_251' title='bbox 1596 2094 1665 2148; x_wconf 92' lang='lat' dir='ltr'><strong>de</strong></span> <span class='ocrx_word' id='word_1_252' title='bbox 1702 2093 2017 2148; x_wconf 88' lang='lat' dir='ltr'><strong>rebellione</strong></span> 
     </span>
    </p>
   </div>
   <div class='ocr_carea' id='block_1_39' title="bbox 362 2184 2019 2258">
    <p class='ocr_par' dir='ltr' id='par_1_39' title="bbox 362 2184 2019 2258">
     <span class='ocr_line' id='line_1_39' title="bbox 362 2184 2019 2258; baseline -0.002 -16"><span class='ocrx_word' id='word_1_253' title='bbox 362 2185 656 2258; x_wconf 85' lang='lat' dir='ltr'><strong>cogitavit.</strong></span> <span class='ocrx_word' id='word_1_254' title='bbox 708 2185 1100 2255; x_wconf 87' lang='lat' dir='ltr'><strong>Nondumque</strong></span> <span class='ocrx_word' id='word_1_255' title='bbox 1160 2185 1284 2239; x_wconf 89' lang='lat' dir='ltr'><strong>dies</strong></span> <span class='ocrx_word' id='word_1_256' title='bbox 1333 2185 1668 2253; x_wconf 89' lang='lat' dir='ltr'><strong>advenerat,</strong></span> <span class='ocrx_word' id='word_1_257' title='bbox 1721 2188 1776 2238; x_wconf 90' lang='lat' dir='ltr'><strong>et</strong></span> <span class='ocrx_word' id='word_1_258' title='bbox 1825 2184 2019 2238; x_wconf 85' lang='lat' dir='ltr'><strong>hostes</strong></span> 
     </span>
    </p>
   </div>
   <div class='ocr_carea' id='block_1_40' title="bbox 358 2273 2015 2343">
    <p class='ocr_par' dir='ltr' id='par_1_40' title="bbox 358 2273 2015 2343">
     <span class='ocr_line' id='line_1_40' title="bbox 358 2273 2015 2343; baseline -0.001 -15"><span class='ocrx_word' id='word_1_259' title='bbox 358 2275 579 2329; x_wconf 88' lang='lat' dir='ltr'><strong>vallum</strong></span> <span class='ocrx_word' id='word_1_260' title='bbox 608 2274 854 2329; x_wconf 86' lang='lat' dir='ltr'><strong>cinxere.</strong></span> <span class='ocrx_word' id='word_1_261' title='bbox 887 2273 1104 2343; x_wconf 91' lang='lat' dir='ltr'><strong>Chalep</strong></span> <span class='ocrx_word' id='word_1_262' title='bbox 1132 2273 1285 2327; x_wconf 90' lang='lat' dir='ltr'><strong>enim</strong></span> <span class='ocrx_word' id='word_1_263' title='bbox 1314 2273 1583 2343; x_wconf 90' lang='lat' dir='ltr'><strong>princeps</strong></span> <span class='ocrx_word' id='word_1_264' title='bbox 1616 2273 1845 2343; x_wconf 84' lang='lat' dir='ltr'><strong>cognito</strong></span> <span class='ocrx_word' id='word_1_265' title='bbox 1878 2289 2015 2327; x_wconf 90' lang='lat' dir='ltr'><strong>casu</strong></span> 
     </span>
    </p>
   </div>
   <div class='ocr_carea' id='block_1_41' title="bbox 361 2360 2016 2433">
    <p class='ocr_par' dir='ltr' id='par_1_41' title="bbox 361 2360 2016 2433">
     <span class='ocr_line' id='line_1_41' title="bbox 361 2360 2016 2433; baseline -0.001 -16"><span class='ocrx_word' id='word_1_266' title='bbox 361 2380 491 2418; x_wconf 90' lang='lat' dir='ltr'><strong>cum</strong></span> <span class='ocrx_word' id='word_1_267' title='bbox 518 2362 793 2417; x_wconf 91' lang='lat' dir='ltr'><strong>omnibus</strong></span> <span class='ocrx_word' id='word_1_268' title='bbox 830 2362 954 2417; x_wconf 87' lang='lat' dir='ltr'><strong>suis</strong></span> <span class='ocrx_word' id='word_1_269' title='bbox 976 2360 1163 2433; x_wconf 91' lang='lat' dir='ltr'><strong>copiis</strong></span> <span class='ocrx_word' id='word_1_270' title='bbox 1190 2361 1457 2427; x_wconf 89' lang='lat' dir='ltr'><strong>accessit,</strong></span> <span class='ocrx_word' id='word_1_271' title='bbox 1493 2367 1557 2414; x_wconf 91' lang='lat' dir='ltr'><strong>ut</strong></span> <span class='ocrx_word' id='word_1_272' title='bbox 1582 2360 1737 2416; x_wconf 90' lang='lat' dir='ltr'><strong>illico</strong></span> <span class='ocrx_word' id='word_1_273' title='bbox 1764 2361 2016 2433; x_wconf 90' lang='lat' dir='ltr'><strong>impera-</strong></span> 
     </span>
    </p>
   </div>
   <div class='ocr_carea' id='block_1_42' title="bbox 359 2448 2017 2522">
    <p class='ocr_par' dir='ltr' id='par_1_42' title="bbox 359 2448 2017 2522">
     <span class='ocr_line' id='line_1_42' title="bbox 359 2448 2017 2522; baseline -0.002 -16"><span class='ocrx_word' id='word_1_274' title='bbox 359 2455 545 2507; x_wconf 90' lang='lat' dir='ltr'><strong>torem</strong></span> <span class='ocrx_word' id='word_1_275' title='bbox 575 2455 877 2522; x_wconf 86' lang='lat' dir='ltr'><strong>capturus.</strong></span> <span class='ocrx_word' id='word_1_276' title='bbox 915 2451 1237 2520; x_wconf 85' lang='lat' dir='ltr'><strong>Imperator</strong></span> <span class='ocrx_word' id='word_1_277' title='bbox 1269 2452 1459 2504; x_wconf 88' lang='lat' dir='ltr'><strong>autem</strong></span> <span class='ocrx_word' id='word_1_278' title='bbox 1489 2449 1642 2504; x_wconf 88' lang='lat' dir='ltr'><strong>intra</strong></span> <span class='ocrx_word' id='word_1_279' title='bbox 1673 2448 2017 2503; x_wconf 85' lang='lat' dir='ltr'><strong>tabernacu-</strong></span> 
     </span>
    </p>
   </div>
   <div class='ocr_carea' id='block_1_43' title="bbox 360 2538 2017 2611">
    <p class='ocr_par' dir='ltr' id='par_1_43' title="bbox 360 2538 2017 2611">
     <span class='ocr_line' id='line_1_43' title="bbox 360 2538 2017 2611; baseline 0 -16"><span class='ocrx_word' id='word_1_280' title='bbox 360 2541 486 2596; x_wconf 90' lang='lat' dir='ltr'><strong>lum</strong></span> <span class='ocrx_word' id='word_1_281' title='bbox 517 2556 585 2595; x_wconf 90' lang='lat' dir='ltr'><strong>ea</strong></span> <span class='ocrx_word' id='word_1_282' title='bbox 632 2540 847 2611; x_wconf 89' lang='lat' dir='ltr'><strong>quibus</strong></span> <span class='ocrx_word' id='word_1_283' title='bbox 896 2540 967 2593; x_wconf 89' lang='lat' dir='ltr'><strong>ad</strong></span> <span class='ocrx_word' id='word_1_284' title='bbox 1016 2539 1233 2593; x_wconf 90' lang='lat' dir='ltr'><strong>bellum</strong></span> <span class='ocrx_word' id='word_1_285' title='bbox 1284 2555 1432 2609; x_wconf 91' lang='lat' dir='ltr'><strong>opus</strong></span> <span class='ocrx_word' id='word_1_286' title='bbox 1479 2539 1625 2593; x_wconf 87' lang='lat' dir='ltr'><strong>foret</strong></span> <span class='ocrx_word' id='word_1_287' title='bbox 1677 2538 2017 2595; x_wconf 89' lang='lat' dir='ltr'><strong>describens</strong></span> 
     </span>
    </p>
   </div>
   <div class='ocr_carea' id='block_1_44' title="bbox 362 2627 2015 2697">
    <p class='ocr_par' dir='ltr' id='par_1_44' title="bbox 362 2627 2015 2697">
     <span class='ocr_line' id='line_1_44' title="bbox 362 2627 2015 2697; baseline -0.002 -12"><span class='ocrx_word' id='word_1_288' title='bbox 362 2630 537 2685; x_wconf 85' lang='lat' dir='ltr'><strong>tertia</strong></span> <span class='ocrx_word' id='word_1_289' title='bbox 585 2629 816 2684; x_wconf 84' lang='lat' dir='ltr'><strong>circiter</strong></span> <span class='ocrx_word' id='word_1_290' title='bbox 872 2628 1017 2683; x_wconf 89' lang='lat' dir='ltr'><strong>hora</strong></span> <span class='ocrx_word' id='word_1_291' title='bbox 1066 2630 1251 2682; x_wconf 89' lang='lat' dir='ltr'><strong>noctis</strong></span> <span class='ocrx_word' id='word_1_292' title='bbox 1283 2643 1414 2681; x_wconf 91' lang='lat' dir='ltr'><strong>cum</strong></span> <span class='ocrx_word' id='word_1_293' title='bbox 1460 2628 1721 2682; x_wconf 86' lang='lat' dir='ltr'><strong>conferto</strong></span> <span class='ocrx_word' id='word_1_294' title='bbox 1753 2627 2015 2697; x_wconf 90' lang='lat' dir='ltr'><strong>equitatu</strong></span> 
     </span>
    </p>
   </div>
   <div class='ocr_carea' id='block_1_45' title="bbox 362 2716 2020 2789">
    <p class='ocr_par' dir='ltr' id='par_1_45' title="bbox 362 2716 2020 2789">
     <span class='ocr_line' id='line_1_45' title="bbox 362 2716 2020 2789; baseline -0.002 -16"><span class='ocrx_word' id='word_1_295' title='bbox 362 2718 574 2787; x_wconf 87' lang='lat' dir='ltr'><strong>erupit.</strong></span> <span class='ocrx_word' id='word_1_296' title='bbox 612 2718 908 2789; x_wconf 80' lang='lat' dir='ltr'><strong>Agebatur</strong></span> <span class='ocrx_word' id='word_1_297' title='bbox 941 2721 1080 2770; x_wconf 90' lang='lat' dir='ltr'><strong>tunc</strong></span> <span class='ocrx_word' id='word_1_298' title='bbox 1128 2716 1405 2771; x_wconf 87' lang='lat' dir='ltr'><strong>vicesima</strong></span> <span class='ocrx_word' id='word_1_299' title='bbox 1435 2717 1583 2773; x_wconf 74' lang='lat'><strong>675</strong></span> <span class='ocrx_word' id='word_1_300' title='bbox 1620 2716 1745 2770; x_wconf 89' lang='lat' dir='ltr'><strong>dies</strong></span> <span class='ocrx_word' id='word_1_301' title='bbox 1777 2721 2020 2771; x_wconf 88' lang='lat' dir='ltr'><strong>Novem-</strong></span> 
     </span>
    </p>
   </div>
   <div class='ocr_carea' id='block_1_46' title="bbox 362 2804 2019 2876">
    <p class='ocr_par' dir='ltr' id='par_1_46' title="bbox 362 2804 2019 2876">
     <span class='ocr_line' id='line_1_46' title="bbox 362 2804 2019 2876; baseline -0.001 -15"><span class='ocrx_word' id='word_1_302' title='bbox 362 2807 487 2861; x_wconf 90' lang='lat' dir='ltr'><strong>bris</strong></span> <span class='ocrx_word' id='word_1_303' title='bbox 540 2806 785 2875; x_wconf 89' lang='lat' dir='ltr'><strong>mensis,</strong></span> <span class='ocrx_word' id='word_1_304' title='bbox 820 2804 1140 2859; x_wconf 90' lang='lat' dir='ltr'><strong>indictione</strong></span> <span class='ocrx_word' id='word_1_305' title='bbox 1180 2805 1451 2876; x_wconf 86' lang='lat' dir='ltr'><strong>septima,</strong></span> <span class='ocrx_word' id='word_1_306' title='bbox 1502 2804 1882 2859; x_wconf 84' lang='lat' dir='ltr'><strong>buccinarum</strong></span> <span class='ocrx_word' id='word_1_307' title='bbox 1916 2808 2019 2859; x_wconf 90' lang='lat' dir='ltr'><strong>aut</strong></span> 
     </span>
    </p>
   </div>
   <div class='ocr_carea' id='block_1_47' title="bbox 361 2894 2015 2966">
    <p class='ocr_par' dir='ltr' id='par_1_47' title="bbox 361 2894 2015 2966">
     <span class='ocr_line' id='line_1_47' title="bbox 361 2894 2015 2966; baseline -0.001 -15"><span class='ocrx_word' id='word_1_308' title='bbox 361 2896 636 2951; x_wconf 85' lang='lat' dir='ltr'><strong>tubarum</strong></span> <span class='ocrx_word' id='word_1_309' title='bbox 685 2894 847 2950; x_wconf 90' lang='lat' dir='ltr'><strong>nullo</strong></span> <span class='ocrx_word' id='word_1_310' title='bbox 898 2894 1053 2950; x_wconf 84' lang='lat' dir='ltr'><strong>edito</strong></span> <span class='ocrx_word' id='word_1_311' title='bbox 1104 2899 1302 2966; x_wconf 88' lang='lat' dir='ltr'><strong>aperto</strong></span> <span class='ocrx_word' id='word_1_312' title='bbox 1354 2895 1544 2966; x_wconf 89' lang='lat' dir='ltr'><strong>signo.</strong></span> <span class='ocrx_word' id='word_1_313' title='bbox 1577 2895 1793 2950; x_wconf 87' lang='lat' dir='ltr'><strong>Verum</strong></span> <span class='ocrx_word' id='word_1_314' title='bbox 1844 2894 2015 2950; x_wconf 88' lang='lat' dir='ltr'><strong>elatis</strong></span> 
     </span>
    </p>
   </div>
   <div class='ocr_carea' id='block_1_48' title="bbox 358 2984 2017 3056">
    <p class='ocr_par' dir='ltr' id='par_1_48' title="bbox 358 2984 2017 3056">
     <span class='ocr_line' id='line_1_48' title="bbox 358 2984 2017 3056; baseline 0.001 -17"><span class='ocrx_word' id='word_1_315' title='bbox 358 2984 610 3052; x_wconf 85' lang='lat' dir='ltr'><strong>vexillis,</strong></span> <span class='ocrx_word' id='word_1_316' title='bbox 636 2989 693 3040; x_wconf 91' lang='lat' dir='ltr'><strong>et</strong></span> <span class='ocrx_word' id='word_1_317' title='bbox 744 2985 1066 3056; x_wconf 88' lang='lat' dir='ltr'><strong>composito</strong></span> <span class='ocrx_word' id='word_1_318' title='bbox 1116 2985 1465 3055; x_wconf 87' lang='lat' dir='ltr'><strong>procedente.</strong></span> <span class='ocrx_word' id='word_1_319' title='bbox 1509 2985 1784 3053; x_wconf 80' lang='lat' dir='ltr'><strong>exercitu,</strong></span> <span class='ocrx_word' id='word_1_320' title='bbox 1817 2985 2017 3040; x_wconf 89' lang='lat' dir='ltr'><strong>hostes</strong></span> 
     </span>
    </p>
   </div>
   <div class='ocr_carea' id='block_1_49' title="bbox 359 3073 2018 3145">
    <p class='ocr_par' dir='ltr' id='par_1_49' title="bbox 359 3073 2018 3145">
     <span class='ocr_line' id='line_1_49' title="bbox 359 3073 2018 3145; baseline 0.001 -19"><span class='ocrx_word' id='word_1_321' title='bbox 359 3073 419 3127; x_wconf 92' lang='lat' dir='ltr'><strong>in</strong></span> <span class='ocrx_word' id='word_1_322' title='bbox 478 3089 657 3128; x_wconf 88' lang='lat' dir='ltr'><strong>unam</strong></span> <span class='ocrx_word' id='word_1_323' title='bbox 716 3078 939 3145; x_wconf 90' lang='lat' dir='ltr'><strong>partem</strong></span> <span class='ocrx_word' id='word_1_324' title='bbox 1000 3073 1125 3145; x_wconf 84' lang='lat' dir='ltr'><strong>cogi</strong></span> <span class='ocrx_word' id='word_1_325' title='bbox 1186 3076 1504 3144; x_wconf 85' lang='lat' dir='ltr'><strong>coeperunt,</strong></span> <span class='ocrx_word' id='word_1_326' title='bbox 1548 3090 1663 3144; x_wconf 91' lang='lat' dir='ltr'><strong>quo</strong></span> <span class='ocrx_word' id='word_1_327' title='bbox 1723 3073 2018 3129; x_wconf 84' lang='lat' dir='ltr'><strong>Romanos</strong></span> 
     </span>
    </p>
   </div>
   <div class='ocr_carea' id='block_1_50' title="bbox 360 3160 2016 3232">
    <p class='ocr_par' dir='ltr' id='par_1_50' title="bbox 360 3160 2016 3232">
     <span class='ocr_line' id='line_1_50' title="bbox 360 3160 2016 3232; baseline 0.001 -16"><span class='ocrx_word' id='word_1_328' title='bbox 360 3160 690 3232; x_wconf 88' lang='lat' dir='ltr'><strong>equitantes</strong></span> <span class='ocrx_word' id='word_1_329' title='bbox 738 3162 1025 3229; x_wconf 90' lang='lat' dir='ltr'><strong>viderent,</strong></span> <span class='ocrx_word' id='word_1_330' title='bbox 1077 3166 1131 3216; x_wconf 89' lang='lat' dir='ltr'><strong>et</strong></span> <span class='ocrx_word' id='word_1_331' title='bbox 1180 3168 1467 3216; x_wconf 86' lang='lat' dir='ltr'><strong>certamen</strong></span> <span class='ocrx_word' id='word_1_332' title='bbox 1520 3178 1585 3215; x_wconf 91' lang='lat' dir='ltr'><strong>ac</strong></span> <span class='ocrx_word' id='word_1_333' title='bbox 1636 3161 1716 3217; x_wconf 92' lang='lat' dir='ltr'><strong>rei</strong></span> <span class='ocrx_word' id='word_1_334' title='bbox 1776 3166 2016 3217; x_wconf 89' lang='lat' dir='ltr'><strong>eventus</strong></span> 
     </span>
    </p>
   </div>
   <div class='ocr_carea' id='block_1_51' title="bbox 361 3228 2089 3322">
    <p class='ocr_par' dir='ltr' id='par_1_51' title="bbox 361 3228 2089 3322">
     <span class='ocr_line' id='line_1_51' title="bbox 361 3228 2089 3322; baseline 0.001 -18"><span class='ocrx_word' id='word_1_335' title='bbox 361 3251 797 3321; x_wconf 85' lang='lat' dir='ltr'><strong>quodammodo</strong></span> <span class='ocrx_word' id='word_1_336' title='bbox 819 3250 1150 3321; x_wconf 90' lang='lat' dir='ltr'><strong>animojam</strong></span> <span class='ocrx_word' id='word_1_337' title='bbox 1175 3254 1493 3322; x_wconf 92' lang='lat' dir='ltr'><strong>conceptus</strong></span> <span class='ocrx_word' id='word_1_338' title='bbox 1528 3255 1688 3306; x_wconf 88' lang='lat' dir='ltr'><strong>erat:</strong></span> <span class='ocrx_word' id='word_1_339' title='bbox 1721 3267 1854 3306; x_wconf 90' lang='lat' dir='ltr'><strong>nam</strong></span> <span class='ocrx_word' id='word_1_340' title='bbox 1880 3268 2009 3307; x_wconf 91' lang='lat' dir='ltr'><strong>cum</strong></span> <span class='ocrx_word' id='word_1_341' title='bbox 2045 3228 2089 3295; x_wconf 63' lang='grc' dir='ltr'><strong>(ἶ</strong></span> 
     </span>
    </p>
   </div>
   <div class='ocr_carea' id='block_1_52' title="bbox 358 3338 2013 3411">
    <p class='ocr_par' dir='ltr' id='par_1_52' title="bbox 358 3338 2013 3411">
     <span class='ocr_line' id='line_1_52' title="bbox 358 3338 2013 3411; baseline 0.002 -19"><span class='ocrx_word' id='word_1_342' title='bbox 358 3338 400 3393; x_wconf 88' lang='lat' dir='ltr'><strong>ii</strong></span> <span class='ocrx_word' id='word_1_343' title='bbox 434 3338 533 3411; x_wconf 90' lang='lat' dir='ltr'><strong>qui</strong></span> <span class='ocrx_word' id='word_1_344' title='bbox 566 3339 622 3393; x_wconf 92' lang='lat' dir='ltr'><strong>in</strong></span> <span class='ocrx_word' id='word_1_345' title='bbox 651 3340 837 3395; x_wconf 89' lang='lat' dir='ltr'><strong>fronte</strong></span> <span class='ocrx_word' id='word_1_346' title='bbox 865 3344 1031 3393; x_wconf 89' lang='lat' dir='ltr'><strong>erant</strong></span> <span class='ocrx_word' id='word_1_347' title='bbox 1052 3338 1367 3394; x_wconf 88' lang='lat' dir='ltr'><strong>clamorem</strong></span> <span class='ocrx_word' id='word_1_348' title='bbox 1393 3339 1793 3407; x_wconf 86' lang='lat' dir='ltr'><strong>sustulissent,</strong></span> <span class='ocrx_word' id='word_1_349' title='bbox 1818 3340 2013 3411; x_wconf 87' lang='lat' dir='ltr'><strong>plures</strong></span> 
     </span>
    </p>
   </div>
   <div class='ocr_carea' id='block_1_53' title="bbox 362 3428 2012 3499">
    <p class='ocr_par' dir='ltr' id='par_1_53' title="bbox 362 3428 2012 3499">
     <span class='ocr_line' id='line_1_53' title="bbox 362 3428 2012 3499; baseline 0.001 -16"><span class='ocrx_word' id='word_1_350' title='bbox 362 3429 728 3484; x_wconf 87' lang='lat' dir='ltr'><strong>adversarios</strong></span> <span class='ocrx_word' id='word_1_351' title='bbox 784 3428 1032 3484; x_wconf 88' lang='lat' dir='ltr'><strong>Romani</strong></span> <span class='ocrx_word' id='word_1_352' title='bbox 1093 3428 1460 3483; x_wconf 90' lang='lat' dir='ltr'><strong>debellarunt</strong></span> <span class='ocrx_word' id='word_1_353' title='bbox 1528 3434 1584 3483; x_wconf 92' lang='lat' dir='ltr'><strong>et</strong></span> <span class='ocrx_word' id='word_1_354' title='bbox 1654 3430 2012 3499; x_wconf 91' lang='lat' dir='ltr'><strong>occiderunt,</strong></span> 
     </span>
    </p>
   </div>
   <div class='ocr_carea' id='block_1_54' title="bbox 366 3517 2014 3591">
    <p class='ocr_par' dir='ltr' id='par_1_54' title="bbox 366 3517 2014 3591">
     <span class='ocr_line' id='line_1_54' title="bbox 366 3517 2014 3591; baseline 0.001 -18"><span class='ocrx_word' id='word_1_355' title='bbox 366 3534 619 3589; x_wconf 88' lang='lat' dir='ltr'><strong>cumque</strong></span> <span class='ocrx_word' id='word_1_356' title='bbox 641 3517 867 3588; x_wconf 90' lang='lat' dir='ltr'><strong>reliqua</strong></span> <span class='ocrx_word' id='word_1_357' title='bbox 891 3534 1125 3589; x_wconf 90' lang='lat' dir='ltr'><strong>quoque</strong></span> <span class='ocrx_word' id='word_1_358' title='bbox 1148 3517 1460 3571; x_wconf 83' lang='lat' dir='ltr'><strong>multitudo</strong></span> <span class='ocrx_word' id='word_1_359' title='bbox 1492 3518 1780 3589; x_wconf 88' lang='lat' dir='ltr'><strong>irruisset,</strong></span> <span class='ocrx_word' id='word_1_360' title='bbox 1805 3519 2014 3591; x_wconf 86' lang='lat' dir='ltr'><strong>ingens</strong></span> 
     </span>
    </p>
   </div>
   <div class='ocr_carea' id='block_1_55' title="bbox 362 3605 2012 3678">
    <p class='ocr_par' dir='ltr' id='par_1_55' title="bbox 362 3605 2012 3678">
     <span class='ocr_line' id='line_1_55' title="bbox 362 3605 2012 3678; baseline 0.001 -17"><span class='ocrx_word' id='word_1_361' title='bbox 362 3607 629 3677; x_wconf 91' lang='lat' dir='ltr'><strong>ipsorum</strong></span> <span class='ocrx_word' id='word_1_362' title='bbox 681 3606 816 3676; x_wconf 86' lang='lat' dir='ltr'><strong>fuga</strong></span> <span class='ocrx_word' id='word_1_363' title='bbox 847 3606 993 3659; x_wconf 87' lang='lat' dir='ltr'><strong>facta</strong></span> <span class='ocrx_word' id='word_1_364' title='bbox 1042 3609 1151 3659; x_wconf 89' lang='lat' dir='ltr'><strong>est.</strong></span> <span class='ocrx_word' id='word_1_365' title='bbox 1184 3606 1255 3659; x_wconf 89' lang='lat' dir='ltr'><strong>Et</strong></span> <span class='ocrx_word' id='word_1_366' title='bbox 1304 3605 1403 3675; x_wconf 91' lang='lat' dir='ltr'><strong>qui</strong></span> <span class='ocrx_word' id='word_1_367' title='bbox 1435 3622 1467 3659; x_wconf 93' lang='lat' dir='ltr'><strong>a</strong></span> <span class='ocrx_word' id='word_1_368' title='bbox 1498 3609 1658 3678; x_wconf 85' lang='lat' dir='ltr'><strong>tergo</strong></span> <span class='ocrx_word' id='word_1_369' title='bbox 1707 3623 1805 3662; x_wconf 91' lang='lat' dir='ltr'><strong>eos</strong></span> <span class='ocrx_word' id='word_1_370' title='bbox 1858 3608 2012 3664; x_wconf 89' lang='lat' dir='ltr'><strong>inse-</strong></span> 
     </span>
    </p>
   </div>
   <div class='ocr_carea' id='block_1_56' title="bbox 359 3693 2012 3766">
    <p class='ocr_par' dir='ltr' id='par_1_56' title="bbox 359 3693 2012 3766">
     <span class='ocr_line' id='line_1_56' title="bbox 359 3693 2012 3766; baseline 0.001 -16"><span class='ocrx_word' id='word_1_371' title='bbox 359 3694 714 3766; x_wconf 86' lang='lat' dir='ltr'><strong>quebantur,</strong></span> <span class='ocrx_word' id='word_1_372' title='bbox 742 3693 943 3749; x_wconf 88' lang='lat' dir='ltr'><strong>multis</strong></span> <span class='ocrx_word' id='word_1_373' title='bbox 999 3693 1206 3747; x_wconf 89' lang='lat' dir='ltr'><strong>occisis</strong></span> <span class='ocrx_word' id='word_1_374' title='bbox 1240 3693 1394 3747; x_wconf 88' lang='lat' dir='ltr'><strong>haud</strong></span> <span class='ocrx_word' id='word_1_375' title='bbox 1430 3711 1571 3748; x_wconf 87' lang='lat' dir='ltr'><strong>sane</strong></span> <span class='ocrx_word' id='word_1_376' title='bbox 1605 3712 1820 3765; x_wconf 89' lang='lat' dir='ltr'><strong>paucos</strong></span> <span class='ocrx_word' id='word_1_377' title='bbox 1851 3697 2012 3751; x_wconf 90' lang='lat' dir='ltr'><strong>vivos</strong></span> 
     </span>
    </p>
   </div>
   <div class='ocr_carea' id='block_1_57' title="bbox 355 3781 2008 3855">
    <p class='ocr_par' dir='ltr' id='par_1_57' title="bbox 355 3781 2008 3855">
     <span class='ocr_line' id='line_1_57' title="bbox 355 3781 2008 3855; baseline 0.002 -17"><span class='ocrx_word' id='word_1_378' title='bbox 355 3800 578 3855; x_wconf 86' lang='lat' dir='ltr'><strong>cepere.</strong></span> <span class='ocrx_word' id='word_1_379' title='bbox 613 3786 829 3836; x_wconf 89' lang='lat' dir='ltr'><strong>Verum</strong></span> <span class='ocrx_word' id='word_1_380' title='bbox 862 3799 993 3836; x_wconf 89' lang='lat' dir='ltr'><strong>cum</strong></span> <span class='ocrx_word' id='word_1_381' title='bbox 1028 3781 1279 3836; x_wconf 88' lang='lat' dir='ltr'><strong>multum</strong></span> <span class='ocrx_word' id='word_1_382' title='bbox 1322 3782 1477 3836; x_wconf 85' lang='lat' dir='ltr'><strong>haud</strong></span> <span class='ocrx_word' id='word_1_383' title='bbox 1530 3785 1817 3855; x_wconf 83' lang='lat' dir='ltr'><strong>persecuti</strong></span> <span class='ocrx_word' id='word_1_384' title='bbox 1867 3785 2008 3841; x_wconf 80' lang='lat' dir='ltr'><strong>fuis-</strong></span> 
     </span>
    </p>
   </div>
   <div class='ocr_carea' id='block_1_58' title="bbox 352 3870 2007 3943">
    <p class='ocr_par' dir='ltr' id='par_1_58' title="bbox 352 3870 2007 3943">
     <span class='ocr_line' id='line_1_58' title="bbox 352 3870 2007 3943; baseline -0.001 -15"><span class='ocrx_word' id='word_1_385' title='bbox 352 3876 503 3937; x_wconf 89' lang='lat' dir='ltr'><strong>sent,</strong></span> <span class='ocrx_word' id='word_1_386' title='bbox 538 3870 761 3943; x_wconf 86' lang='lat' dir='ltr'><strong>ingenti</strong></span> <span class='ocrx_word' id='word_1_387' title='bbox 810 3887 873 3924; x_wconf 90' lang='lat' dir='ltr'><strong>ac</strong></span> <span class='ocrx_word' id='word_1_388' title='bbox 924 3887 1204 3941; x_wconf 90' lang='lat' dir='ltr'><strong>prospero</strong></span> <span class='ocrx_word' id='word_1_389' title='bbox 1239 3887 1431 3925; x_wconf 88' lang='lat' dir='ltr'><strong>rerum</strong></span> <span class='ocrx_word' id='word_1_390' title='bbox 1467 3888 1742 3927; x_wconf 85' lang='lat' dir='ltr'><strong>successu</strong></span> <span class='ocrx_word' id='word_1_391' title='bbox 1777 3874 2007 3928; x_wconf 86' lang='lat' dir='ltr'><strong>defrau-</strong></span> 
     </span>
    </p>
   </div>
   <div class='ocr_carea' id='block_1_59' title="bbox 351 3958 2010 4031">
    <p class='ocr_par' dir='ltr' id='par_1_59' title="bbox 351 3958 2010 4031">
     <span class='ocr_line' id='line_1_59' title="bbox 351 3958 2010 4031; baseline 0.001 -16"><span class='ocrx_word' id='word_1_392' title='bbox 351 3959 472 4015; x_wconf 89' lang='lat' dir='ltr'><strong>dati</strong></span> <span class='ocrx_word' id='word_1_393' title='bbox 531 3964 672 4015; x_wconf 90' lang='lat' dir='ltr'><strong>sunt</strong></span> <span class='ocrx_word' id='word_1_394' title='bbox 730 3960 998 4027; x_wconf 84' lang='lat' dir='ltr'><strong>Romani,</strong></span> <span class='ocrx_word' id='word_1_395' title='bbox 1064 3958 1575 4031; x_wconf 89' lang='lat' dir='ltr'><strong>pulcherrimaque</strong></span> <span class='ocrx_word' id='word_1_396' title='bbox 1641 3960 1883 4016; x_wconf 88' lang='lat' dir='ltr'><strong>victoria</strong></span> <span class='ocrx_word' id='word_1_397' title='bbox 1954 3966 2010 4019; x_wconf 90' lang='lat' dir='ltr'><strong>et</strong></span> 
     </span>
    </p>
   </div>
   <div class='ocr_carea' id='block_1_60' title="bbox 350 4047 2009 4121">
    <p class='ocr_par' dir='ltr' id='par_1_60' title="bbox 350 4047 2009 4121">
     <span class='ocr_line' id='line_1_60' title="bbox 350 4047 2009 4121; baseline 0 -17"><span class='ocrx_word' id='word_1_398' title='bbox 350 4049 610 4104; x_wconf 86' lang='lat' dir='ltr'><strong>maxima</strong></span> <span class='ocrx_word' id='word_1_399' title='bbox 657 4047 842 4118; x_wconf 90' lang='lat' dir='ltr'><strong>gloria</strong></span> <span class='ocrx_word' id='word_1_400' title='bbox 891 4048 1098 4118; x_wconf 90' lang='lat' dir='ltr'><strong>privati</strong></span> <span class='ocrx_word' id='word_1_401' title='bbox 1137 4065 1149 4102; x_wconf 94' lang='lat'>:</span> <span class='ocrx_word' id='word_1_402' title='bbox 1184 4064 1315 4103; x_wconf 90' lang='lat' dir='ltr'><strong>eum</strong></span> <span class='ocrx_word' id='word_1_403' title='bbox 1366 4048 1521 4103; x_wconf 90' lang='lat' dir='ltr'><strong>enim</strong></span> <span class='ocrx_word' id='word_1_404' title='bbox 1582 4050 1812 4104; x_wconf 83' lang='lat' dir='ltr'><strong>Arabici</strong></span> <span class='ocrx_word' id='word_1_405' title='bbox 1871 4050 2009 4121; x_wconf 89' lang='lat' dir='ltr'><strong>equi</strong></span> 
     </span>
    </p>
   </div>
   <div class='ocr_carea' id='block_1_61' title="bbox 350 4135 2009 4206">
    <p class='ocr_par' dir='ltr' id='par_1_61' title="bbox 350 4135 2009 4206">
     <span class='ocr_line' id='line_1_61' title="bbox 350 4135 2009 4206; baseline 0.001 -15"><span class='ocrx_word' id='word_1_406' title='bbox 350 4135 615 4191; x_wconf 89' lang='lat' dir='ltr'><strong>celeriter</strong></span> <span class='ocrx_word' id='word_1_407' title='bbox 663 4140 963 4189; x_wconf 89' lang='lat' dir='ltr'><strong>currentes</strong></span> <span class='ocrx_word' id='word_1_408' title='bbox 996 4136 1151 4189; x_wconf 89' lang='lat' dir='ltr'><strong>haud</strong></span> <span class='ocrx_word' id='word_1_409' title='bbox 1187 4140 1429 4206; x_wconf 87' lang='lat' dir='ltr'><strong>possent</strong></span> <span class='ocrx_word' id='word_1_410' title='bbox 1461 4137 1610 4191; x_wconf 90' lang='lat' dir='ltr'><strong>bono</strong></span> <span class='ocrx_word' id='word_1_411' title='bbox 1650 4138 1847 4191; x_wconf 89' lang='lat' dir='ltr'><strong>animo</strong></span> <span class='ocrx_word' id='word_1_412' title='bbox 1880 4153 2009 4193; x_wconf 90' lang='lat' dir='ltr'><strong>esse</strong></span> 
     </span>
    </p>
   </div>
   <div class='ocr_carea' id='block_1_62' title="bbox 354 4224 2005 4290">
    <p class='ocr_par' dir='ltr' id='par_1_62' title="bbox 354 4224 2005 4290">
     <span class='ocr_line' id='line_1_62' title="bbox 354 4224 2005 4290; baseline 0.001 -11"><span class='ocrx_word' id='word_1_413' title='bbox 354 4230 455 4279; x_wconf 85' lang='lat' dir='ltr'><strong>aut</strong></span> <span class='ocrx_word' id='word_1_414' title='bbox 501 4240 737 4278; x_wconf 87' lang='lat' dir='ltr'><strong>cursum</strong></span> <span class='ocrx_word' id='word_1_415' title='bbox 788 4224 1059 4290; x_wconf 88' lang='lat' dir='ltr'><strong>tolerare,</strong></span> <span class='ocrx_word' id='word_1_416' title='bbox 1104 4225 1419 4280; x_wconf 80' lang='lat' dir='ltr'><strong>noluerunt</strong></span> <span class='ocrx_word' id='word_1_417' title='bbox 1468 4225 1712 4279; x_wconf 80' lang='lat' dir='ltr'><strong>Romani</strong></span> <span class='ocrx_word' id='word_1_418' title='bbox 1768 4225 2005 4281; x_wconf 90' lang='lat' dir='ltr'><strong>illorum</strong></span> 
     </span>
    </p>
   </div>
   <div class='ocr_carea' id='block_1_63' title="bbox 352 4312 2003 4384">
    <p class='ocr_par' dir='ltr' id='par_1_63' title="bbox 352 4312 2003 4384">
     <span class='ocr_line' id='line_1_63' title="bbox 352 4312 2003 4384; baseline 0.001 -17"><span class='ocrx_word' id='word_1_419' title='bbox 352 4312 821 4368; x_wconf 87' lang='lat' dir='ltr'><strong>imbecillitatem</strong></span> <span class='ocrx_word' id='word_1_420' title='bbox 856 4329 1027 4367; x_wconf 80' lang='lat' dir='ltr'><strong>suum</strong></span> <span class='ocrx_word' id='word_1_421' title='bbox 1061 4314 1361 4384; x_wconf 88' lang='lat' dir='ltr'><strong>proprium</strong></span> <span class='ocrx_word' id='word_1_422' title='bbox 1414 4315 1592 4368; x_wconf 90' lang='lat' dir='ltr'><strong>robur</strong></span> <span class='ocrx_word' id='word_1_423' title='bbox 1623 4314 1869 4382; x_wconf 82' lang='lat' dir='ltr'><strong>efﬁcere,</strong></span> <span class='ocrx_word' id='word_1_424' title='bbox 1904 4316 2003 4369; x_wconf 92' lang='lat' dir='ltr'><strong>sed</strong></span> 
     </span>
    </p>
   </div>
   <div class='ocr_carea' id='block_1_64' title="bbox 347 4400 2005 4472">
    <p class='ocr_par' dir='ltr' id='par_1_64' title="bbox 347 4400 2005 4472">
     <span class='ocr_line' id='line_1_64' title="bbox 347 4400 2005 4472; baseline 0.002 -18"><span class='ocrx_word' id='word_1_425' title='bbox 347 4400 719 4471; x_wconf 89' lang='lat' dir='ltr'><strong>imperatoris</strong></span> <span class='ocrx_word' id='word_1_426' title='bbox 745 4401 919 4469; x_wconf 89' lang='lat' dir='ltr'><strong>jussu</strong></span> <span class='ocrx_word' id='word_1_427' title='bbox 954 4402 1197 4456; x_wconf 89' lang='lat' dir='ltr'><strong>retentis</strong></span> <span class='ocrx_word' id='word_1_428' title='bbox 1228 4403 1409 4456; x_wconf 85' lang='lat' dir='ltr'><strong>frenis</strong></span> <span class='ocrx_word' id='word_1_429' title='bbox 1458 4402 1856 4472; x_wconf 83' lang='lat' dir='ltr'><strong>imperfectam</strong></span> <span class='ocrx_word' id='word_1_430' title='bbox 1892 4404 2005 4458; x_wconf 88' lang='lat' dir='ltr'><strong>sibi</strong></span> 
     </span>
    </p>
   </div>
   <div class='ocr_carea' id='block_1_65' title="bbox 348 4490 2000 4561">
    <p class='ocr_par' dir='ltr' id='par_1_65' title="bbox 348 4490 2000 4561">
     <span class='ocr_line' id='line_1_65' title="bbox 348 4490 2000 4561; baseline 0.004 -19"><span class='ocrx_word' id='word_1_431' title='bbox 348 4490 654 4545; x_wconf 89' lang='lat' dir='ltr'><strong>victoriam</strong></span> <span class='ocrx_word' id='word_1_432' title='bbox 730 4496 1168 4561; x_wconf 87' lang='lat' dir='ltr'><strong>compararunt,</strong></span> <span class='ocrx_word' id='word_1_433' title='bbox 1230 4492 1483 4547; x_wconf 86' lang='lat' dir='ltr'><strong>contenti</strong></span> <span class='ocrx_word' id='word_1_434' title='bbox 1555 4492 1679 4547; x_wconf 89' lang='lat' dir='ltr'><strong>sola</strong></span> <span class='ocrx_word' id='word_1_435' title='bbox 1740 4492 2000 4548; x_wconf 85' lang='lat' dir='ltr'><strong>hostium</strong></span> 
     </span>
    </p>
   </div>
   <div class='ocr_carea' id='block_1_66' title="bbox 344 4544 2011 4652">
    <p class='ocr_par' dir='ltr' id='par_1_66' title="bbox 344 4544 2000 4652">
     <span class='ocr_line' id='line_1_66' title="bbox 344 4544 2000 4652; baseline 0.002 -19"><span class='ocrx_word' id='word_1_436' title='bbox 344 4579 507 4651; x_wconf 85' lang='lat' dir='ltr'><strong>fuga,</strong></span> <span class='ocrx_word' id='word_1_437' title='bbox 559 4596 836 4652; x_wconf 85' lang='lat' dir='ltr'><strong>magnam</strong></span> <span class='ocrx_word' id='word_1_438' title='bbox 867 4544 1226 4635; x_wconf 45' lang='lat' dir='ltr'><strong>‘felicitatem</strong></span> <span class='ocrx_word' id='word_1_439' title='bbox 1280 4544 2000 4652; x_wconf 45' lang='lat' dir='ltr'><strong>reputante—imperatore,</strong></span> 
     </span>
    </p>
   </div>
   <div class='ocr_carea' id='block_1_67' title="bbox 2122 4544 3022 4652">
    <p class='ocr_par' dir='ltr' id='par_1_67' title="bbox 2122 4544 3022 4625">
     <span class='ocr_line' id='line_1_67' title="bbox 2122 4544 3022 4625; baseline -0.006 -22"><span class='ocrx_word' id='word_1_440' title='bbox 2122 4550 2232 4625; x_wconf 64' lang='grc' dir='ltr'>σίας</span> <span class='ocrx_word' id='word_1_441' title='bbox 2292 4551 2343 4603; x_wconf 79' lang='grc' dir='ltr'>οἱ</span> <span class='ocrx_word' id='word_1_442' title='bbox 2398 4550 2662 4620; x_wconf 89' lang='grc' dir='ltr'>Ῥωμαῖοι</span> <span class='ocrx_word' id='word_1_443' title='bbox 2724 4544 3022 4620; x_wconf 75' lang='grc' dir='ltr'>διήμαρτον</span> 
     </span>
    </p>
   </div>
   <div class='ocr_carea' id='block_1_68' title="bbox 347 4666 1999 4739">
    <p class='ocr_par' dir='ltr' id='par_1_68' title="bbox 347 4666 1999 4739">
     <span class='ocr_line' id='line_1_68' title="bbox 347 4666 1999 4739; baseline 0.002 -17"><span class='ocrx_word' id='word_1_444' title='bbox 347 4668 501 4739; x_wconf 91' lang='lat' dir='ltr'><strong>quod</strong></span> <span class='ocrx_word' id='word_1_445' title='bbox 554 4670 693 4722; x_wconf 90' lang='lat' dir='ltr'><strong>tunc</strong></span> <span class='ocrx_word' id='word_1_446' title='bbox 754 4666 1020 4722; x_wconf 83' lang='lat' dir='ltr'><strong>imbelles</strong></span> <span class='ocrx_word' id='word_1_447' title='bbox 1065 4668 1501 4724; x_wconf 87' lang='lat' dir='ltr'><strong>convaluissent</strong></span> <span class='ocrx_word' id='word_1_448' title='bbox 1536 4673 1593 4725; x_wconf 91' lang='lat' dir='ltr'><strong>et</strong></span> <span class='ocrx_word' id='word_1_449' title='bbox 1645 4669 1880 4737; x_wconf 88' lang='lat' dir='ltr'><strong>mortui,</strong></span> <span class='ocrx_word' id='word_1_450' title='bbox 1935 4674 1999 4725; x_wconf 90' lang='lat' dir='ltr'><strong>ut</strong></span> 
     </span>
    </p>
   </div>
   <div class='ocr_carea' id='block_1_69' title="bbox 345 4756 2001 4827">
    <p class='ocr_par' dir='ltr' id='par_1_69' title="bbox 345 4756 2001 4827">
     <span class='ocr_line' id='line_1_69' title="bbox 345 4756 2001 4827; baseline 0.001 -17"><span class='ocrx_word' id='word_1_451' title='bbox 345 4756 429 4811; x_wconf 86' lang='lat' dir='ltr'><strong>ita</strong></span> <span class='ocrx_word' id='word_1_452' title='bbox 476 4756 744 4825; x_wconf 83' lang='lat' dir='ltr'><strong>dixerim,</strong></span> <span class='ocrx_word' id='word_1_453' title='bbox 781 4756 1144 4811; x_wconf 81' lang='lat' dir='ltr'><strong>revixissent.</strong></span> <span class='ocrx_word' id='word_1_454' title='bbox 1192 4760 1514 4827; x_wconf 82' lang='lat' dir='ltr'><strong>Imperator</strong></span> <span class='ocrx_word' id='word_1_455' title='bbox 1561 4763 1755 4812; x_wconf 90' lang='lat' dir='ltr'><strong>autem</strong></span> <span class='ocrx_word' id='word_1_456' title='bbox 1787 4758 1845 4812; x_wconf 90' lang='lat' dir='ltr'><strong>in</strong></span> <span class='ocrx_word' id='word_1_457' title='bbox 1879 4758 2001 4813; x_wconf 89' lang='lat' dir='ltr'><strong>val-</strong></span> 
     </span>
    </p>
   </div>
   <div class='ocr_carea' id='block_1_70' title="bbox 345 4845 1998 4916">
    <p class='ocr_par' dir='ltr' id='par_1_70' title="bbox 345 4845 1998 4916">
     <span class='ocr_line' id='line_1_70' title="bbox 345 4845 1998 4916; baseline 0.003 -18"><span class='ocrx_word' id='word_1_458' title='bbox 345 4846 469 4899; x_wconf 90' lang='lat' dir='ltr'><strong>lum</strong></span> <span class='ocrx_word' id='word_1_459' title='bbox 499 4861 788 4915; x_wconf 90' lang='lat' dir='ltr'><strong>reversus,</strong></span> <span class='ocrx_word' id='word_1_460' title='bbox 824 4850 956 4916; x_wconf 87' lang='lat' dir='ltr'><strong>post</strong></span> <span class='ocrx_word' id='word_1_461' title='bbox 1010 4845 1286 4916; x_wconf 83' lang='lat' dir='ltr'><strong>expulsos</strong></span> <span class='ocrx_word' id='word_1_462' title='bbox 1318 4846 1536 4911; x_wconf 89' lang='lat' dir='ltr'><strong>hostes,</strong></span> <span class='ocrx_word' id='word_1_463' title='bbox 1572 4848 1778 4901; x_wconf 88' lang='lat' dir='ltr'><strong>statuit</strong></span> <span class='ocrx_word' id='word_1_464' title='bbox 1807 4863 1998 4903; x_wconf 88' lang='lat' dir='ltr'><strong>arcem</strong></span> 
     </span>
    </p>
   </div>
   <div class='ocr_carea' id='block_1_71' title="bbox 347 4933 1998 5007">
    <p class='ocr_par' dir='ltr' id='par_1_71' title="bbox 347 4933 1998 5007">
     <span class='ocr_line' id='line_1_71' title="bbox 347 4933 1998 5007; baseline 0.002 -20"><span class='ocrx_word' id='word_1_465' title='bbox 347 4933 674 5005; x_wconf 86' lang='lat' dir='ltr'><strong>Hierapolis</strong></span> <span class='ocrx_word' id='word_1_466' title='bbox 706 4934 1181 4989; x_wconf 87' lang='lat' dir='ltr'><strong>construendam.</strong></span> <span class='ocrx_word' id='word_1_467' title='bbox 1218 4935 1489 4989; x_wconf 74' lang='lat' dir='ltr'><strong>Praefecto</strong></span> <span class='ocrx_word' id='word_1_468' title='bbox 1529 4934 1708 5007; x_wconf 86' lang='lat' dir='ltr'><strong>igitur</strong></span> <span class='ocrx_word' id='word_1_469' title='bbox 1751 4935 1998 4991; x_wconf 89' lang='lat' dir='ltr'><strong>Phares-</strong></span> 
     </span>
    </p>
   </div>
   <div class='ocr_carea' id='block_1_72' title="bbox 347 5021 1998 5094">
    <p class='ocr_par' dir='ltr' id='par_1_72' title="bbox 347 5021 1998 5094">
     <span class='ocr_line' id='line_1_72' title="bbox 347 5021 1998 5094; baseline 0.003 -20"><span class='ocrx_word' id='word_1_470' title='bbox 347 5036 519 5075; x_wconf 89' lang='lat' dir='ltr'><strong>mane</strong></span> <span class='ocrx_word' id='word_1_471' title='bbox 576 5021 677 5076; x_wconf 91' lang='lat' dir='ltr'><strong>illo</strong></span> <span class='ocrx_word' id='word_1_472' title='bbox 735 5022 901 5076; x_wconf 89' lang='lat' dir='ltr'><strong>Beste</strong></span> <span class='ocrx_word' id='word_1_473' title='bbox 955 5025 1221 5093; x_wconf 84' lang='lat' dir='ltr'><strong>Apocape</strong></span> <span class='ocrx_word' id='word_1_474' title='bbox 1253 5022 1406 5077; x_wconf 77' lang='lat'><strong>676</strong></span> <span class='ocrx_word' id='word_1_475' title='bbox 1452 5040 1521 5077; x_wconf 88' lang='lat' dir='ltr'><strong>ex</strong></span> <span class='ocrx_word' id='word_1_476' title='bbox 1580 5023 1754 5077; x_wconf 87' lang='lat' dir='ltr'><strong>lberis</strong></span> <span class='ocrx_word' id='word_1_477' title='bbox 1812 5039 1998 5094; x_wconf 86' lang='lat' dir='ltr'><strong>genus</strong></span> 
     </span>
    </p>
   </div>
   <div class='ocr_carea' id='block_1_73' title="bbox 345 5108 1995 5178">
    <p class='ocr_par' dir='ltr' id='par_1_73' title="bbox 345 5108 1995 5178">
     <span class='ocr_line' id='line_1_73' title="bbox 345 5108 1995 5178; baseline 0.002 -16"><span class='ocrx_word' id='word_1_478' title='bbox 345 5109 617 5174; x_wconf 87' lang='lat' dir='ltr'><strong>ducente,</strong></span> <span class='ocrx_word' id='word_1_479' title='bbox 655 5108 914 5178; x_wconf 87' lang='lat' dir='ltr'><strong>spatium</strong></span> <span class='ocrx_word' id='word_1_480' title='bbox 965 5109 1125 5163; x_wconf 90' lang='lat' dir='ltr'><strong>dedit</strong></span> <span class='ocrx_word' id='word_1_481' title='bbox 1175 5108 1444 5163; x_wconf 90' lang='lat' dir='ltr'><strong>hostibus</strong></span> <span class='ocrx_word' id='word_1_482' title='bbox 1475 5114 1532 5164; x_wconf 89' lang='lat' dir='ltr'><strong>et</strong></span> <span class='ocrx_word' id='word_1_483' title='bbox 1574 5108 1775 5164; x_wconf 90' lang='lat' dir='ltr'><strong>damni</strong></span> <span class='ocrx_word' id='word_1_484' title='bbox 1807 5126 1995 5166; x_wconf 88' lang='lat' dir='ltr'><strong>resar-</strong></span> 
     </span>
    </p>
   </div>
   <div class='ocr_carea' id='block_1_74' title="bbox 343 5195 1998 5268">
    <p class='ocr_par' dir='ltr' id='par_1_74' title="bbox 343 5195 1998 5268">
     <span class='ocr_line' id='line_1_74' title="bbox 343 5195 1998 5268; baseline 0.002 -19"><span class='ocrx_word' id='word_1_485' title='bbox 343 5195 532 5251; x_wconf 89' lang='lat' dir='ltr'><strong>ciendi</strong></span> <span class='ocrx_word' id='word_1_486' title='bbox 568 5200 623 5251; x_wconf 88' lang='lat' dir='ltr'><strong>et</strong></span> <span class='ocrx_word' id='word_1_487' title='bbox 670 5196 924 5250; x_wconf 64' lang='lat' dir='ltr'><strong>victoriae</strong></span> <span class='ocrx_word' id='word_1_488' title='bbox 975 5198 1045 5251; x_wconf 90' lang='lat' dir='ltr'><strong>de</strong></span> <span class='ocrx_word' id='word_1_489' title='bbox 1095 5197 1443 5253; x_wconf 89' lang='lat' dir='ltr'><strong>adversariis</strong></span> <span class='ocrx_word' id='word_1_490' title='bbox 1493 5200 1876 5268; x_wconf 64' lang='lat' dir='ltr'><strong>reportandis.</strong></span> <span class='ocrx_word' id='word_1_491' title='bbox 1929 5199 1998 5253; x_wconf 88' lang='lat' dir='ltr'><strong>Et</strong></span> 
     </span>
    </p>
   </div>
   <div class='ocr_carea' id='block_1_75' title="bbox 342 5286 1994 5359">
    <p class='ocr_par' dir='ltr' id='par_1_75' title="bbox 342 5286 1994 5359">
     <span class='ocr_line' id='line_1_75' title="bbox 342 5286 1994 5359; baseline 0.002 -18"><span class='ocrx_word' id='word_1_492' title='bbox 342 5286 536 5359; x_wconf 79' lang='lat' dir='ltr'><strong>quoad</strong></span> <span class='ocrx_word' id='word_1_493' title='bbox 588 5291 984 5342; x_wconf 86' lang='lat' dir='ltr'><strong>Romanorum</strong></span> <span class='ocrx_word' id='word_1_494' title='bbox 1036 5287 1325 5342; x_wconf 84' lang='lat' dir='ltr'><strong>exercitus</strong></span> <span class='ocrx_word' id='word_1_495' title='bbox 1373 5288 1702 5344; x_wconf 85' lang='lat' dir='ltr'><strong>instructus</strong></span> <span class='ocrx_word' id='word_1_496' title='bbox 1761 5290 1841 5343; x_wconf 92' lang='lat' dir='ltr'><strong>ibi</strong></span> <span class='ocrx_word' id='word_1_497' title='bbox 1898 5305 1994 5345; x_wconf 90' lang='lat' dir='ltr'><strong>os-</strong></span> 
     </span>
    </p>
   </div>
   <div class='ocr_carea' id='block_1_76' title="bbox 2130 1923 3766 2003">
    <p class='ocr_par' dir='ltr' id='par_1_76' title="bbox 2130 1923 3766 2003">
     <span class='ocr_line' id='line_1_76' title="bbox 2130 1923 3766 2003; baseline -0.002 -20"><span class='ocrx_word' id='word_1_498' title='bbox 2130 1950 2245 2002; x_wconf 85' lang='grc' dir='ltr'>στο,</span> <span class='ocrx_word' id='word_1_499' title='bbox 2278 1926 2425 1984; x_wconf 81' lang='grc' dir='ltr'>ἀλλὰ</span> <span class='ocrx_word' id='word_1_500' title='bbox 2451 1933 2645 1990; x_wconf 88' lang='grc' dir='ltr'>πάντες</span> <span class='ocrx_word' id='word_1_501' title='bbox 2679 1925 2831 1982; x_wconf 76' lang='grc' dir='ltr'>ἔνδον</span> <span class='ocrx_word' id='word_1_502' title='bbox 2864 1929 3190 2000; x_wconf 82' lang='grc' dir='ltr'>καθήμενοι,</span> <span class='ocrx_word' id='word_1_503' title='bbox 3226 1926 3299 1988; x_wconf 85' lang='grc' dir='ltr'><strong>ὡς</strong></span> <span class='ocrx_word' id='word_1_504' title='bbox 3333 1923 3422 1980; x_wconf 80' lang='grc' dir='ltr'>διὰ</span> <span class='ocrx_word' id='word_1_505' title='bbox 3454 1924 3635 2003; x_wconf 69' lang='grc' dir='ltr'>φιλίας</span> <span class='ocrx_word' id='word_1_506' title='bbox 3672 1929 3766 1999; x_wconf 80' lang='grc' dir='ltr'>γῆς</span> 
     </span>
    </p>
   </div>
   <div class='ocr_carea' id='block_1_77' title="bbox 2130 2012 3765 2091">
    <p class='ocr_par' dir='ltr' id='par_1_77' title="bbox 2130 2012 3765 2091">
     <span class='ocr_line' id='line_1_77' title="bbox 2130 2012 3765 2091; baseline -0.002 -19"><span class='ocrx_word' id='word_1_507' title='bbox 2130 2017 2576 2090; x_wconf 84' lang='grc' dir='ltr'>ἐνσκηνούμενοι,</span> <span class='ocrx_word' id='word_1_508' title='bbox 2636 2014 2968 2091; x_wconf 77' lang='grc' dir='ltr'>ἶδιοτροπεῖν</span> <span class='ocrx_word' id='word_1_509' title='bbox 3020 2012 3375 2083; x_wconf 84' lang='grc' dir='ltr'>ἐσπούδαζον,</span> <span class='ocrx_word' id='word_1_510' title='bbox 3435 2014 3527 2068; x_wconf 79' lang='grc' dir='ltr'><strong>καὶ</strong></span> <span class='ocrx_word' id='word_1_511' title='bbox 3570 2014 3765 2084; x_wconf 89' lang='grc' dir='ltr'>κίνησις</span> 
     </span>
    </p>
   </div>
   <div class='ocr_carea' id='block_1_78' title="bbox 2128 2101 3767 2183">
    <p class='ocr_par' dir='ltr' id='par_1_78' title="bbox 2128 2101 3767 2183">
     <span class='ocr_line' id='line_1_78' title="bbox 2128 2101 3767 2183; baseline -0.003 -21"><span class='ocrx_word' id='word_1_512' title='bbox 2128 2110 2312 2183; x_wconf 78' lang='grc' dir='ltr'>ψυχῆς</span> <span class='ocrx_word' id='word_1_513' title='bbox 2344 2106 2433 2162; x_wconf 86' lang='grc' dir='ltr'><strong>καὶ</strong></span> <span class='ocrx_word' id='word_1_514' title='bbox 2458 2106 2736 2180; x_wconf 81' lang='grc' dir='ltr'>προθυμία</span> <span class='ocrx_word' id='word_1_515' title='bbox 2766 2107 2852 2161; x_wconf 80' lang='grc' dir='ltr'><strong>καὶ</strong></span> <span class='ocrx_word' id='word_1_516' title='bbox 2887 2105 3093 2181; x_wconf 79' lang='grc' dir='ltr'>ἀγωνία</span> <span class='ocrx_word' id='word_1_517' title='bbox 3147 2101 3363 2165; x_wconf 79' lang='grc' dir='ltr'>τούτοις</span> <span class='ocrx_word' id='word_1_518' title='bbox 3416 2103 3478 2157; x_wconf 83' lang='grc' dir='ltr'><strong>τὸ</strong></span> <span class='ocrx_word' id='word_1_519' title='bbox 3533 2104 3767 2177; x_wconf 85' lang='grc' dir='ltr'>παράπαν</span> 
     </span>
    </p>
   </div>
   <div class='ocr_carea' id='block_1_79' title="bbox 2128 2188 3764 2269">
    <p class='ocr_par' dir='ltr' id='par_1_79' title="bbox 2128 2188 3764 2269">
     <span class='ocr_line' id='line_1_79' title="bbox 2128 2188 3764 2269; baseline -0.004 -17"><span class='ocrx_word' id='word_1_520' title='bbox 2128 2194 2356 2268; x_wconf 77' lang='grc' dir='ltr'>οὒδεμία</span> <span class='ocrx_word' id='word_1_521' title='bbox 2384 2197 2474 2265; x_wconf 79' lang='grc' dir='ltr'><strong>ἦν.</strong></span> <span class='ocrx_word' id='word_1_522' title='bbox 2509 2192 2667 2251; x_wconf 82' lang='grc' dir='ltr'>Ἀλλ’</span> <span class='ocrx_word' id='word_1_523' title='bbox 2694 2196 2721 2249; x_wconf 84' lang='grc' dir='ltr'>ὁ</span> <span class='ocrx_word' id='word_1_524' title='bbox 2758 2192 3012 2269; x_wconf 75' lang='grc' dir='ltr'>βασιλεὺς</span> <span class='ocrx_word' id='word_1_525' title='bbox 3062 2188 3210 2247; x_wconf 79' lang='grc' dir='ltr'>ἔνδον</span> <span class='ocrx_word' id='word_1_526' title='bbox 3268 2189 3339 2246; x_wconf 79' lang='grc' dir='ltr'>ὢν</span> <span class='ocrx_word' id='word_1_527' title='bbox 3391 2196 3493 2258; x_wconf 79' lang='grc' dir='ltr'>τῆς</span> <span class='ocrx_word' id='word_1_528' title='bbox 3543 2190 3764 2259; x_wconf 88' lang='grc' dir='ltr'>πόλεως,</span> 
     </span>
    </p>
   </div>
   <div class='ocr_carea' id='block_1_80' title="bbox 2125 2288 3761 2364">
    <p class='ocr_par' dir='ltr' id='par_1_80' title="bbox 2125 2288 3761 2364">
     <span class='ocr_line' id='line_1_80' title="bbox 2125 2288 3761 2364; baseline -0.005 -13"><span class='ocrx_word' id='word_1_529' title='bbox 2125 2298 2286 2351; x_wconf 84' lang='grc' dir='ltr'>τοῦτο</span> <span class='ocrx_word' id='word_1_530' title='bbox 2317 2295 2621 2364; x_wconf 90' lang='grc' dir='ltr'>πυθόμενος</span> <span class='ocrx_word' id='word_1_531' title='bbox 2652 2291 2846 2361; x_wconf 75' lang='grc' dir='ltr'>ἠνιάθη</span> <span class='ocrx_word' id='word_1_532' title='bbox 2899 2291 2992 2363; x_wconf 71' lang='grc' dir='ltr'>μὲν</span> <span class='ocrx_word' id='word_1_533' title='bbox 3054 2290 3115 2345; x_wconf 83' lang='grc' dir='ltr'><strong>οὖ</strong></span> <span class='ocrx_word' id='word_1_534' title='bbox 3177 2289 3437 2364; x_wconf 84' lang='grc' dir='ltr'>μετρίως,</span> <span class='ocrx_word' id='word_1_535' title='bbox 3472 2288 3761 2344; x_wconf 80' lang='grc' dir='ltr'>ἐπανελθὼν</span> 
     </span>
    </p>
   </div>
   <div class='ocr_carea' id='block_1_81' title="bbox 2128 2377 3761 2455">
    <p class='ocr_par' dir='ltr' id='par_1_81' title="bbox 2128 2377 3761 2455">
     <span class='ocr_line' id='line_1_81' title="bbox 2128 2377 3761 2455; baseline -0.004 -18"><span class='ocrx_word' id='word_1_536' title='bbox 2128 2381 2184 2437; x_wconf 77' lang='grc' dir='ltr'>δὲ</span> <span class='ocrx_word' id='word_1_537' title='bbox 2215 2382 2498 2455; x_wconf 80' lang='grc' dir='ltr'>συντόμως</span> <span class='ocrx_word' id='word_1_538' title='bbox 2534 2381 2803 2453; x_wconf 79' lang='grc' dir='ltr'>μετὰτῶν</span> <span class='ocrx_word' id='word_1_539' title='bbox 2866 2380 3129 2433; x_wconf 82' lang='grc' dir='ltr'>συνόντων</span> <span class='ocrx_word' id='word_1_540' title='bbox 3192 2377 3565 2433; x_wconf 84' lang='grc' dir='ltr'>Καππαδοκῶν</span> <span class='ocrx_word' id='word_1_541' title='bbox 3634 2377 3761 2432; x_wconf 69' lang='grc' dir='ltr'>ἴασιν</span> 
     </span>
    </p>
   </div>
   <div class='ocr_carea' id='block_1_82' title="bbox 2127 2466 3760 2547">
    <p class='ocr_par' dir='ltr' id='par_1_82' title="bbox 2127 2466 3760 2547">
     <span class='ocr_line' id='line_1_82' title="bbox 2127 2466 3760 2547; baseline -0.004 -20"><span class='ocrx_word' id='word_1_542' title='bbox 2127 2474 2297 2547; x_wconf 82' lang='grc' dir='ltr'>εὑρεῖν</span> <span class='ocrx_word' id='word_1_543' title='bbox 2325 2476 2403 2542; x_wconf 84' lang='grc' dir='ltr'><strong>τῷ</strong></span> <span class='ocrx_word' id='word_1_544' title='bbox 2444 2472 2743 2542; x_wconf 85' lang='grc' dir='ltr'>πταίσματι</span> <span class='ocrx_word' id='word_1_545' title='bbox 2803 2468 3141 2543; x_wconf 56' lang='grc' dir='ltr'>ἐμηχανᾶτο.</span> <span class='ocrx_word' id='word_1_546' title='bbox 3184 2469 3245 2523; x_wconf 90' lang='grc' dir='ltr'><strong>Ἡ</strong></span> <span class='ocrx_word' id='word_1_547' title='bbox 3292 2470 3396 2545; x_wconf 78' lang='grc' dir='ltr'><strong>γάρ</strong></span> <span class='ocrx_word' id='word_1_548' title='bbox 3455 2468 3541 2538; x_wconf 77' lang='grc' dir='ltr'>νὺξ</span> <span class='ocrx_word' id='word_1_549' title='bbox 3598 2466 3760 2535; x_wconf 85' lang='grc' dir='ltr'>ἐκείνη</span> 
     </span>
    </p>
   </div>
   <div class='ocr_carea' id='block_1_83' title="bbox 2125 2556 3762 2634">
    <p class='ocr_par' dir='ltr' id='par_1_83' title="bbox 2125 2556 3762 2634">
     <span class='ocr_line' id='line_1_83' title="bbox 2125 2556 3762 2634; baseline -0.004 -18"><span class='ocrx_word' id='word_1_550' title='bbox 2125 2563 2323 2622; x_wconf 83' lang='grc' dir='ltr'>πάντας</span> <span class='ocrx_word' id='word_1_551' title='bbox 2381 2562 2524 2634; x_wconf 71' lang='grc' dir='ltr'>εἶχεν</span> <span class='ocrx_word' id='word_1_552' title='bbox 2557 2559 2607 2614; x_wconf 84' lang='grc' dir='ltr'><strong>ἐν</strong></span> <span class='ocrx_word' id='word_1_553' title='bbox 2637 2557 2848 2614; x_wconf 83' lang='grc' dir='ltr'>ἐλπίσιν</span> <span class='ocrx_word' id='word_1_554' title='bbox 2897 2557 2995 2612; x_wconf 80' lang='grc' dir='ltr'><strong>οὐκ</strong></span> <span class='ocrx_word' id='word_1_555' title='bbox 3050 2558 3300 2633; x_wconf 80' lang='grc' dir='ltr'>ἀγαθαῖς,</span> <span class='ocrx_word' id='word_1_556' title='bbox 3330 2557 3521 2621; x_wconf 83' lang='grc' dir='ltr'>καθότι</span> <span class='ocrx_word' id='word_1_557' title='bbox 3576 2556 3659 2611; x_wconf 84' lang='grc' dir='ltr'><strong>καὶ</strong></span> <span class='ocrx_word' id='word_1_558' title='bbox 3705 2556 3762 2609; x_wconf 82' lang='grc' dir='ltr'>τὸ</span> 
     </span>
    </p>
   </div>
   <div class='ocr_carea' id='block_1_84' title="bbox 2125 2644 3759 2725">
    <p class='ocr_par' dir='ltr' id='par_1_84' title="bbox 2125 2644 3759 2725">
     <span class='ocr_line' id='line_1_84' title="bbox 2125 2644 3759 2725; baseline -0.006 -19"><span class='ocrx_word' id='word_1_559' title='bbox 2125 2650 2175 2724; x_wconf 79' lang='grc' dir='ltr'>ἐξ</span> <span class='ocrx_word' id='word_1_560' title='bbox 2208 2650 2504 2725; x_wconf 88' lang='grc' dir='ltr'>Ἀρμενίων</span> <span class='ocrx_word' id='word_1_561' title='bbox 2551 2649 2710 2717; x_wconf 82' lang='grc' dir='ltr'>πεζὸν</span> <span class='ocrx_word' id='word_1_562' title='bbox 2770 2647 2894 2721; x_wconf 83' lang='grc' dir='ltr'>περὶ</span> <span class='ocrx_word' id='word_1_563' title='bbox 2950 2648 3049 2715; x_wconf 82' lang='grc' dir='ltr'>τήν</span> <span class='ocrx_word' id='word_1_564' title='bbox 3103 2648 3305 2724; x_wconf 72' lang='grc' dir='ltr'>τάφρον</span> <span class='ocrx_word' id='word_1_565' title='bbox 3368 2644 3759 2721; x_wconf 83' lang='grc' dir='ltr'>διανυκτερεῦον</span> 
     </span>
    </p>
   </div>
   <div class='ocr_carea' id='block_1_85' title="bbox 2127 2733 3760 2811">
    <p class='ocr_par' dir='ltr' id='par_1_85' title="bbox 2127 2733 3760 2811">
     <span class='ocr_line' id='line_1_85' title="bbox 2127 2733 3760 2811; baseline -0.006 -16"><span class='ocrx_word' id='word_1_566' title='bbox 2127 2739 2450 2795; x_wconf 80' lang='grc' dir='ltr'>ἀποστασίαν</span> <span class='ocrx_word' id='word_1_567' title='bbox 2510 2737 2859 2809; x_wconf 82' lang='grc' dir='ltr'>ἐμελέτησεν.</span> <span class='ocrx_word' id='word_1_568' title='bbox 2892 2733 3060 2793; x_wconf 69' lang='grc' dir='ltr'>Οὔπω</span> <span class='ocrx_word' id='word_1_569' title='bbox 3120 2733 3165 2789; x_wconf 86' lang='grc' dir='ltr'>δ’</span> <span class='ocrx_word' id='word_1_570' title='bbox 3205 2734 3388 2811; x_wconf 77' lang='grc' dir='ltr'>ἡμέρα</span> <span class='ocrx_word' id='word_1_571' title='bbox 3436 2735 3651 2810; x_wconf 74' lang='grc' dir='ltr'>προῄει,</span> <span class='ocrx_word' id='word_1_572' title='bbox 3679 2733 3760 2787; x_wconf 78' lang='grc' dir='ltr'><strong>καὶ</strong></span> 
     </span>
    </p>
   </div>
   <div class='ocr_carea' id='block_1_86' title="bbox 2128 2817 3761 2902">
    <p class='ocr_par' dir='ltr' id='par_1_86' title="bbox 2128 2817 3761 2902">
     <span class='ocr_line' id='line_1_86' title="bbox 2128 2817 3761 2902; baseline -0.006 -18"><span class='ocrx_word' id='word_1_573' title='bbox 2128 2830 2178 2885; x_wconf 72' lang='grc' dir='ltr'>οἱ</span> <span class='ocrx_word' id='word_1_574' title='bbox 2209 2826 2468 2901; x_wconf 88' lang='grc' dir='ltr'>πολέμιοι</span> <span class='ocrx_word' id='word_1_575' title='bbox 2496 2828 2586 2882; x_wconf 89' lang='grc' dir='ltr'><strong>τὸν</strong></span> <span class='ocrx_word' id='word_1_576' title='bbox 2638 2828 2854 2902; x_wconf 89' lang='grc' dir='ltr'>χάοακα</span> <span class='ocrx_word' id='word_1_577' title='bbox 2900 2824 3248 2899; x_wconf 85' lang='grc' dir='ltr'>περιέζωσαν.</span> <span class='ocrx_word' id='word_1_578' title='bbox 3283 2824 3359 2881; x_wconf 88' lang='grc' dir='ltr'><strong>Τὸ</strong></span> <span class='ocrx_word' id='word_1_579' title='bbox 3420 2825 3522 2900; x_wconf 78' lang='grc' dir='ltr'>γὰρ</span> <span class='ocrx_word' id='word_1_580' title='bbox 3567 2817 3761 2896; x_wconf 74' lang='grc' dir='ltr'>συμϐὰν</span> 
     </span>
    </p>
   </div>
   <div class='ocr_carea' id='block_1_87' title="bbox 2127 2913 3761 2991">
    <p class='ocr_par' dir='ltr' id='par_1_87' title="bbox 2127 2913 3761 2991">
     <span class='ocr_line' id='line_1_87' title="bbox 2127 2913 3761 2991; baseline -0.005 -17"><span class='ocrx_word' id='word_1_581' title='bbox 2127 2920 2155 2974; x_wconf 87' lang='grc' dir='ltr'>ὁ</span> <span class='ocrx_word' id='word_1_582' title='bbox 2184 2923 2280 2972; x_wconf 89' lang='grc' dir='ltr'><strong>τοῦ</strong></span> <span class='ocrx_word' id='word_1_583' title='bbox 2312 2915 2508 2974; x_wconf 88' lang='grc' dir='ltr'>Χάλεπ</span> <span class='ocrx_word' id='word_1_584' title='bbox 2559 2913 2747 2991; x_wconf 79' lang='grc' dir='ltr'>ἄρχων</span> <span class='ocrx_word' id='word_1_585' title='bbox 2806 2916 3098 2987; x_wconf 85' lang='grc' dir='ltr'>ἀναμαθὼν</span> <span class='ocrx_word' id='word_1_586' title='bbox 3158 2916 3274 2987; x_wconf 82' lang='grc' dir='ltr'>μεθ’</span> <span class='ocrx_word' id='word_1_587' title='bbox 3304 2913 3444 2983; x_wconf 79' lang='grc' dir='ltr'>ὅλης</span> <span class='ocrx_word' id='word_1_588' title='bbox 3500 2915 3625 2983; x_wconf 72' lang='grc' dir='ltr'>ἧκεν</span> <span class='ocrx_word' id='word_1_589' title='bbox 3671 2917 3761 2980; x_wconf 80' lang='grc' dir='ltr'>τῆς</span> 
     </span>
    </p>
   </div>
   <div class='ocr_carea' id='block_1_88' title="bbox 2125 2998 3758 3078">
    <p class='ocr_par' dir='ltr' id='par_1_88' title="bbox 2125 2998 3758 3078">
     <span class='ocr_line' id='line_1_88' title="bbox 2125 2998 3758 3078; baseline -0.002 -17"><span class='ocrx_word' id='word_1_590' title='bbox 2125 3008 2316 3062; x_wconf 68' lang='grc' dir='ltr'>ἐαυτοῦ</span> <span class='ocrx_word' id='word_1_591' title='bbox 2349 3004 2627 3078; x_wconf 78' lang='grc' dir='ltr'>δυνάμεως</span> <span class='ocrx_word' id='word_1_592' title='bbox 2661 3005 2734 3066; x_wconf 87' lang='grc' dir='ltr'>ὼς</span> <span class='ocrx_word' id='word_1_593' title='bbox 2774 2998 3026 3058; x_wconf 74' lang='grc' dir='ltr'>αὐτοϐοεὶ</span> <span class='ocrx_word' id='word_1_594' title='bbox 3086 3004 3324 3078; x_wconf 75' lang='grc' dir='ltr'>αἱρήσων</span> <span class='ocrx_word' id='word_1_595' title='bbox 3376 3004 3467 3057; x_wconf 86' lang='grc' dir='ltr'>τὸν</span> <span class='ocrx_word' id='word_1_596' title='bbox 3527 2999 3758 3076; x_wconf 87' lang='grc' dir='ltr'>βασιλέα.</span> 
     </span>
    </p>
   </div>
   <div class='ocr_carea' id='block_1_89' title="bbox 2123 3088 3762 3171">
    <p class='ocr_par' dir='ltr' id='par_1_89' title="bbox 2123 3088 3762 3171">
     <span class='ocr_line' id='line_1_89' title="bbox 2123 3088 3762 3171; baseline -0.006 -18"><span class='ocrx_word' id='word_1_597' title='bbox 2123 3097 2185 3153; x_wconf 89' lang='grc' dir='ltr'>Ὁ</span> <span class='ocrx_word' id='word_1_598' title='bbox 2218 3093 2275 3150; x_wconf 76' lang='grc' dir='ltr'>δὲ</span> <span class='ocrx_word' id='word_1_599' title='bbox 2303 3094 2559 3171; x_wconf 70' lang='grc' dir='ltr'>βασιλεὺς</span> <span class='ocrx_word' id='word_1_600' title='bbox 2590 3088 2740 3148; x_wconf 77' lang='grc' dir='ltr'>ἔνδον</span> <span class='ocrx_word' id='word_1_601' title='bbox 2772 3099 2871 3162; x_wconf 81' lang='grc' dir='ltr'>τῆς</span> <span class='ocrx_word' id='word_1_602' title='bbox 2919 3094 3123 3161; x_wconf 79' lang='grc' dir='ltr'>σκηνῆς</span> <span class='ocrx_word' id='word_1_603' title='bbox 3171 3089 3485 3166; x_wconf 77' lang='grc' dir='ltr'>διαγράφων</span> <span class='ocrx_word' id='word_1_604' title='bbox 3533 3092 3620 3145; x_wconf 87' lang='grc' dir='ltr'>τὸν</span> <span class='ocrx_word' id='word_1_605' title='bbox 3676 3088 3762 3143; x_wconf 84' lang='grc' dir='ltr'>πό-</span> 
     </span>
    </p>
   </div>
   <div class='ocr_carea' id='block_1_90' title="bbox 2125 3176 3760 3258">
    <p class='ocr_par' dir='ltr' id='par_1_90' title="bbox 2125 3176 3760 3258">
     <span class='ocr_line' id='line_1_90' title="bbox 2125 3176 3760 3258; baseline -0.005 -18"><span class='ocrx_word' id='word_1_606' title='bbox 2125 3182 2295 3258; x_wconf 84' lang='grc' dir='ltr'>λεμον</span> <span class='ocrx_word' id='word_1_607' title='bbox 2328 3184 2450 3258; x_wconf 85' lang='grc' dir='ltr'>περὶ</span> <span class='ocrx_word' id='word_1_608' title='bbox 2480 3183 2665 3255; x_wconf 88' lang='grc' dir='ltr'>τρίτην</span> <span class='ocrx_word' id='word_1_609' title='bbox 2696 3183 2839 3257; x_wconf 84' lang='grc' dir='ltr'>ὥραν</span> <span class='ocrx_word' id='word_1_610' title='bbox 2886 3180 3077 3254; x_wconf 81' lang='grc' dir='ltr'>ἀθρόον</span> <span class='ocrx_word' id='word_1_611' title='bbox 3140 3177 3466 3250; x_wconf 78' lang='grc' dir='ltr'>ἐξελήλυθεν</span> <span class='ocrx_word' id='word_1_612' title='bbox 3524 3176 3760 3257; x_wconf 67' lang='grc' dir='ltr'>ἔφιππος.</span> 
     </span>
    </p>
   </div>
   <div class='ocr_carea' id='block_1_91' title="bbox 2126 3272 3757 3352">
    <p class='ocr_par' dir='ltr' id='par_1_91' title="bbox 2126 3272 3757 3352">
     <span class='ocr_line' id='line_1_91' title="bbox 2126 3272 3757 3352; baseline -0.004 -15"><span class='ocrx_word' id='word_1_613' title='bbox 2126 3282 2393 3350; x_wconf 80' lang='grc' dir='ltr'>Εἷ¹κοστὴν</span> <span class='ocrx_word' id='word_1_614' title='bbox 2452 3282 2582 3351; x_wconf 75' lang='grc' dir='ltr'>ἤνυε</span> <span class='ocrx_word' id='word_1_615' title='bbox 2638 3280 2994 3350; x_wconf 84' lang='grc' dir='ltr'>τηνικαῦταὸ</span> <span class='ocrx_word' id='word_1_616' title='bbox 3043 3272 3361 3352; x_wconf 74' lang='grc' dir='ltr'>Νοέμϐριος</span> <span class='ocrx_word' id='word_1_617' title='bbox 3426 3279 3682 3350; x_wconf 84' lang='grc' dir='ltr'>μήν,τῆς</span> <span class='ocrx_word' id='word_1_618' title='bbox 3733 3279 3757 3343; x_wconf 86' lang='grc' dir='ltr'>ζ</span> 
     </span>
    </p>
   </div>
   <div class='ocr_carea' id='block_1_92' title="bbox 2125 3363 3757 3441">
    <p class='ocr_par' dir='ltr' id='par_1_92' title="bbox 2125 3363 3757 3441">
     <span class='ocr_line' id='line_1_92' title="bbox 2125 3363 3757 3441; baseline -0.006 -16"><span class='ocrx_word' id='word_1_619' title='bbox 2125 3368 2487 3427; x_wconf 79' lang='grc' dir='ltr'>ἱνδικτιῶνος.</span> <span class='ocrx_word' id='word_1_620' title='bbox 2518 3369 2828 3427; x_wconf 86' lang='grc' dir='ltr'>Βουκκίνων</span> <span class='ocrx_word' id='word_1_621' title='bbox 2860 3369 2895 3436; x_wconf 74' lang='grc' dir='ltr'><strong>ἢ</strong></span> <span class='ocrx_word' id='word_1_622' title='bbox 2950 3365 3264 3441; x_wconf 87' lang='grc' dir='ltr'>σαλπίγγων</span> <span class='ocrx_word' id='word_1_623' title='bbox 3315 3365 3352 3435; x_wconf 73' lang='grc' dir='ltr'><strong>ἢ</strong></span> <span class='ocrx_word' id='word_1_624' title='bbox 3402 3364 3576 3421; x_wconf 76' lang='grc' dir='ltr'>ἄλλου</span> <span class='ocrx_word' id='word_1_625' title='bbox 3627 3363 3757 3423; x_wconf 84' lang='grc' dir='ltr'>τινὸς</span> 
     </span>
    </p>
   </div>
   <div class='ocr_carea' id='block_1_93' title="bbox 2123 3452 3755 3532">
    <p class='ocr_par' dir='ltr' id='par_1_93' title="bbox 2123 3452 3755 3532">
     <span class='ocr_line' id='line_1_93' title="bbox 2123 3452 3755 3532; baseline -0.006 -18"><span class='ocrx_word' id='word_1_626' title='bbox 2123 3458 2353 3532; x_wconf 86' lang='grc' dir='ltr'>σημείου</span> <span class='ocrx_word' id='word_1_627' title='bbox 2401 3459 2475 3529; x_wconf 79' lang='grc' dir='ltr'>μὴ</span> <span class='ocrx_word' id='word_1_628' title='bbox 2527 3455 2773 3521; x_wconf 74' lang='grc' dir='ltr'>δοθέντος</span> <span class='ocrx_word' id='word_1_629' title='bbox 2826 3460 3059 3531; x_wconf 81' lang='grc' dir='ltr'>τρανῶς,</span> <span class='ocrx_word' id='word_1_630' title='bbox 3089 3459 3194 3509; x_wconf 84' lang='grc' dir='ltr'><strong>τῶν</strong></span> <span class='ocrx_word' id='word_1_631' title='bbox 3247 3452 3304 3508; x_wconf 69' lang='grc' dir='ltr'>δὲ</span> <span class='ocrx_word' id='word_1_632' title='bbox 3364 3458 3614 3526; x_wconf 86' lang='grc' dir='ltr'>σημαιῶν</span> <span class='ocrx_word' id='word_1_633' title='bbox 3670 3454 3755 3506; x_wconf 85' lang='grc' dir='ltr'><strong>τοῦ</strong></span> 
     </span>
    </p>
   </div>
   <div class='ocr_carea' id='block_1_94' title="bbox 2124 3543 3754 3623">
    <p class='ocr_par' dir='ltr' id='par_1_94' title="bbox 2124 3543 3754 3623">
     <span class='ocr_line' id='line_1_94' title="bbox 2124 3543 3754 3623; baseline -0.006 -20"><span class='ocrx_word' id='word_1_634' title='bbox 2124 3552 2358 3623; x_wconf 87' lang='grc' dir='ltr'>στρατοῦ</span> <span class='ocrx_word' id='word_1_635' title='bbox 2390 3547 2703 3621; x_wconf 80' lang='grc' dir='ltr'>ἐξαρθεισῶν</span> <span class='ocrx_word' id='word_1_636' title='bbox 2746 3545 2836 3599; x_wconf 84' lang='grc' dir='ltr'><strong>καὶ</strong></span> <span class='ocrx_word' id='word_1_637' title='bbox 2883 3551 2984 3613; x_wconf 78' lang='grc' dir='ltr'>τῆς</span> <span class='ocrx_word' id='word_1_638' title='bbox 3038 3549 3287 3619; x_wconf 82' lang='grc' dir='ltr'>στρατιᾶς</span> <span class='ocrx_word' id='word_1_639' title='bbox 3339 3543 3589 3615; x_wconf 78' lang='grc' dir='ltr'>ἐξιούσης</span> <span class='ocrx_word' id='word_1_640' title='bbox 3641 3562 3754 3596; x_wconf 88' lang='grc' dir='ltr'>συν-</span> 
     </span>
    </p>
   </div>
   <div class='ocr_carea' id='block_1_95' title="bbox 2119 3631 3754 3710">
    <p class='ocr_par' dir='ltr' id='par_1_95' title="bbox 2119 3631 3754 3710">
     <span class='ocr_line' id='line_1_95' title="bbox 2119 3631 3754 3710; baseline -0.006 -18"><span class='ocrx_word' id='word_1_641' title='bbox 2119 3638 2479 3710; x_wconf 71' lang='grc' dir='ltr'>τεταγμένης,</span> <span class='ocrx_word' id='word_1_642' title='bbox 2530 3633 2761 3707; x_wconf 80' lang='grc' dir='ltr'>ἤρξαντο</span> <span class='ocrx_word' id='word_1_643' title='bbox 2805 3634 2857 3688; x_wconf 75' lang='grc' dir='ltr'>οἱ</span> <span class='ocrx_word' id='word_1_644' title='bbox 2900 3632 3047 3707; x_wconf 82' lang='grc' dir='ltr'>παρὰ</span> <span class='ocrx_word' id='word_1_645' title='bbox 3096 3632 3260 3706; x_wconf 89' lang='grc' dir='ltr'>μέρος</span> <span class='ocrx_word' id='word_1_646' title='bbox 3304 3631 3357 3686; x_wconf 81' lang='grc' dir='ltr'><strong>ἓν</strong></span> <span class='ocrx_word' id='word_1_647' title='bbox 3413 3631 3754 3705; x_wconf 79' lang='grc' dir='ltr'>ἀθροίζεσθαι,</span> 
     </span>
    </p>
   </div>
   <div class='ocr_carea' id='block_1_96' title="bbox 2122 3728 3753 3807">
    <p class='ocr_par' dir='ltr' id='par_1_96' title="bbox 2122 3728 3753 3807">
     <span class='ocr_line' id='line_1_96' title="bbox 2122 3728 3753 3807; baseline -0.007 -16"><span class='ocrx_word' id='word_1_648' title='bbox 2122 3738 2182 3791; x_wconf 82' lang='grc' dir='ltr'><strong>οῦ</strong></span> <span class='ocrx_word' id='word_1_649' title='bbox 2238 3736 2365 3796; x_wconf 76' lang='grc' dir='ltr'>τοὺς</span> <span class='ocrx_word' id='word_1_650' title='bbox 2424 3733 2729 3807; x_wconf 84' lang='grc' dir='ltr'>Ῥωμαίους</span> <span class='ocrx_word' id='word_1_651' title='bbox 2785 3730 2925 3786; x_wconf 78' lang='grc' dir='ltr'>εἶδον</span> <span class='ocrx_word' id='word_1_652' title='bbox 2983 3730 3402 3802; x_wconf 82' lang='grc' dir='ltr'>ἐπελαύνοντας,</span> <span class='ocrx_word' id='word_1_653' title='bbox 3432 3730 3521 3785; x_wconf 87' lang='grc' dir='ltr'><strong>καὶ</strong></span> <span class='ocrx_word' id='word_1_654' title='bbox 3572 3728 3753 3802; x_wconf 82' lang='grc' dir='ltr'>ὁάγὼν</span> 
     </span>
    </p>
   </div>
   <div class='ocr_carea' id='block_1_97' title="bbox 2120 3817 3758 3896">
    <p class='ocr_par' dir='ltr' id='par_1_97' title="bbox 2120 3817 3758 3896">
     <span class='ocr_line' id='line_1_97' title="bbox 2120 3817 3758 3896; baseline -0.006 -15"><span class='ocrx_word' id='word_1_655' title='bbox 2120 3827 2267 3893; x_wconf 77' lang='grc' dir='ltr'>ὅσος,</span> <span class='ocrx_word' id='word_1_656' title='bbox 2299 3826 2389 3879; x_wconf 82' lang='grc' dir='ltr'><strong>καὶ</strong></span> <span class='ocrx_word' id='word_1_657' title='bbox 2419 3827 2453 3894; x_wconf 77' lang='grc' dir='ltr'>ἡ</span> <span class='ocrx_word' id='word_1_658' title='bbox 2484 3828 2579 3879; x_wconf 87' lang='grc' dir='ltr'><strong>τοῦ</strong></span> <span class='ocrx_word' id='word_1_659' title='bbox 2633 3821 2932 3896; x_wconf 79' lang='grc' dir='ltr'>μέλλοντος</span> <span class='ocrx_word' id='word_1_660' title='bbox 2992 3817 3207 3883; x_wconf 73' lang='grc' dir='ltr'>ἔκϐασις</span> <span class='ocrx_word' id='word_1_661' title='bbox 3259 3819 3368 3891; x_wconf 79' lang='grc' dir='ltr'>ο’ία,</span> <span class='ocrx_word' id='word_1_662' title='bbox 3402 3826 3522 3882; x_wconf 88' lang='grc' dir='ltr'>ταῖς</span> <span class='ocrx_word' id='word_1_663' title='bbox 3571 3823 3758 3893; x_wconf 74' lang='grc' dir='ltr'>ψυχαῖς</span> 
     </span>
    </p>
   </div>
   <div class='ocr_carea' id='block_1_98' title="bbox 2118 3905 3751 3983">
    <p class='ocr_par' dir='ltr' id='par_1_98' title="bbox 2118 3905 3751 3983">
     <span class='ocr_line' id='line_1_98' title="bbox 2118 3905 3751 3983; baseline -0.005 -15"><span class='ocrx_word' id='word_1_664' title='bbox 2118 3914 2496 3969; x_wconf 81' lang='grc' dir='ltr'>ἐναπέστακτο.</span> <span class='ocrx_word' id='word_1_665' title='bbox 2531 3915 2651 3968; x_wconf 81' lang='grc' dir='ltr'>Τῶν</span> <span class='ocrx_word' id='word_1_666' title='bbox 2683 3908 2739 3965; x_wconf 80' lang='grc' dir='ltr'>δὶ</span> <span class='ocrx_word' id='word_1_667' title='bbox 2767 3913 2904 3965; x_wconf 81' lang='grc' dir='ltr'>κατὰ</span> <span class='ocrx_word' id='word_1_668' title='bbox 2938 3909 3187 3983; x_wconf 86' lang='grc' dir='ltr'>μέτωπον</span> <span class='ocrx_word' id='word_1_669' title='bbox 3237 3910 3298 3963; x_wconf 85' lang='grc' dir='ltr'><strong>τὸ</strong></span> <span class='ocrx_word' id='word_1_670' title='bbox 3336 3907 3586 3965; x_wconf 83' lang='grc' dir='ltr'>ἐνυάλιον</span> <span class='ocrx_word' id='word_1_671' title='bbox 3631 3905 3751 3961; x_wconf 86' lang='grc' dir='ltr'>ἁλα-</span> 
     </span>
    </p>
   </div>
   <div class='ocr_carea' id='block_1_99' title="bbox 2119 3998 3754 4073">
    <p class='ocr_par' dir='ltr' id='par_1_99' title="bbox 2119 3998 3754 4073">
     <span class='ocr_line' id='line_1_99' title="bbox 2119 3998 3754 4073; baseline -0.006 -16"><span class='ocrx_word' id='word_1_672' title='bbox 2119 4001 2393 4073; x_wconf 77' lang='grc' dir='ltr'>λαξάντων</span> <span class='ocrx_word' id='word_1_673' title='bbox 2452 3999 2698 4061; x_wconf 77' lang='grc' dir='ltr'>πολλοὺς</span> <span class='ocrx_word' id='word_1_674' title='bbox 2752 4004 2861 4054; x_wconf 84' lang='grc' dir='ltr'>τῶν</span> <span class='ocrx_word' id='word_1_675' title='bbox 2898 3998 3149 4052; x_wconf 75' lang='grc' dir='ltr'>ἐναντίων</span> <span class='ocrx_word' id='word_1_676' title='bbox 3205 3998 3258 4052; x_wconf 73' lang='grc' dir='ltr'>οἱ</span> <span class='ocrx_word' id='word_1_677' title='bbox 3308 3999 3579 4070; x_wconf 87' lang='grc' dir='ltr'>Ῥωμαῖοι</span> <span class='ocrx_word' id='word_1_678' title='bbox 3640 4013 3754 4049; x_wconf 79' lang='grc' dir='ltr'>κιτ-</span> 
     </span>
    </p>
   </div>
   <div class='ocr_carea' id='block_1_100' title="bbox 2121 4082 3752 4167">
    <p class='ocr_par' dir='ltr' id='par_1_100' title="bbox 2121 4082 3752 4167">
     <span class='ocr_line' id='line_1_100' title="bbox 2121 4082 3752 4167; baseline -0.006 -21"><span class='ocrx_word' id='word_1_679' title='bbox 2121 4091 2447 4167; x_wconf 84' lang='grc' dir='ltr'>ηγωνίσαντο</span> <span class='ocrx_word' id='word_1_680' title='bbox 2479 4089 2569 4143; x_wconf 87' lang='grc' dir='ltr'><strong>καὶ</strong></span> <span class='ocrx_word' id='word_1_681' title='bbox 2623 4086 3038 4163; x_wconf 81' lang='grc' dir='ltr'>διεχειρίσαντο.</span> <span class='ocrx_word' id='word_1_682' title='bbox 3071 4089 3508 4160; x_wconf 79' lang='grc' dir='ltr'>Ἐξορμήσαντος</span> <span class='ocrx_word' id='word_1_683' title='bbox 3566 4083 3620 4139; x_wconf 75' lang='grc' dir='ltr'>δὲ</span> <span class='ocrx_word' id='word_1_684' title='bbox 3671 4082 3752 4137; x_wconf 84' lang='grc' dir='ltr'><strong>καὶ</strong></span> 
     </span>
    </p>
   </div>
   <div class='ocr_carea' id='block_1_101' title="bbox 2113 4181 3751 4262">
    <p class='ocr_par' dir='ltr' id='par_1_101' title="bbox 2113 4181 3751 4262">
     <span class='ocr_line' id='line_1_101' title="bbox 2113 4181 3751 4262; baseline -0.007 -18"><span class='ocrx_word' id='word_1_685' title='bbox 2113 4194 2211 4244; x_wconf 82' lang='grc' dir='ltr'><strong>τοῦ</strong></span> <span class='ocrx_word' id='word_1_686' title='bbox 2244 4190 2440 4244; x_wconf 78' lang='grc' dir='ltr'>λοιποῦ</span> <span class='ocrx_word' id='word_1_687' title='bbox 2472 4188 2721 4256; x_wconf 90' lang='grc' dir='ltr'>πλήθους</span> <span class='ocrx_word' id='word_1_688' title='bbox 2752 4186 2891 4262; x_wconf 73' lang='grc' dir='ltr'>φυγὴ</span> <span class='ocrx_word' id='word_1_689' title='bbox 2945 4184 3151 4239; x_wconf 88' lang='grc' dir='ltr'>τούτων</span> <span class='ocrx_word' id='word_1_690' title='bbox 3211 4185 3575 4245; x_wconf 85' lang='grc' dir='ltr'>ἀνυπόστατος</span> <span class='ocrx_word' id='word_1_691' title='bbox 3622 4181 3751 4257; x_wconf 89' lang='grc' dir='ltr'>γίνε-</span> 
     </span>
    </p>
   </div>
   <div class='ocr_carea' id='block_1_102' title="bbox 2112 4270 3748 4342">
    <p class='ocr_par' dir='ltr' id='par_1_102' title="bbox 2112 4270 3748 4342">
     <span class='ocr_line' id='line_1_102' title="bbox 2112 4270 3748 4342; baseline -0.006 -9"><span class='ocrx_word' id='word_1_692' title='bbox 2112 4300 2222 4334; x_wconf 89' lang='grc' dir='ltr'>ται.</span> <span class='ocrx_word' id='word_1_693' title='bbox 2254 4278 2317 4331; x_wconf 72' lang='grc' dir='ltr'><strong>Οἱ</strong></span> <span class='ocrx_word' id='word_1_694' title='bbox 2366 4275 2423 4332; x_wconf 72' lang='grc' dir='ltr'>δὲ</span> <span class='ocrx_word' id='word_1_695' title='bbox 2478 4277 2705 4331; x_wconf 79' lang='grc' dir='ltr'>κατόπιν</span> <span class='ocrx_word' id='word_1_696' title='bbox 2758 4275 2963 4328; x_wconf 88' lang='grc' dir='ltr'>τούτων</span> <span class='ocrx_word' id='word_1_697' title='bbox 3020 4271 3335 4335; x_wconf 78' lang='grc' dir='ltr'>ἐλαύνοντες</span> <span class='ocrx_word' id='word_1_698' title='bbox 3368 4271 3614 4335; x_wconf 77' lang='grc' dir='ltr'>πολλοὺς</span> <span class='ocrx_word' id='word_1_699' title='bbox 3665 4270 3748 4342; x_wconf 69' lang='grc' dir='ltr'><strong>μὶν</strong></span> 
     </span>
    </p>
   </div>
   <div class='ocr_carea' id='block_1_103' title="bbox 2115 4354 3751 4437">
    <p class='ocr_par' dir='ltr' id='par_1_103' title="bbox 2115 4354 3751 4437">
     <span class='ocr_line' id='line_1_103' title="bbox 2115 4354 3751 4437; baseline -0.007 -16"><span class='ocrx_word' id='word_1_700' title='bbox 2115 4365 2356 4437; x_wconf 85' lang='grc' dir='ltr'>ἀνεῖλον,</span> <span class='ocrx_word' id='word_1_701' title='bbox 2390 4365 2489 4419; x_wconf 83' lang='grc' dir='ltr'><strong>οὐκ</strong></span> <span class='ocrx_word' id='word_1_702' title='bbox 2546 4363 2770 4437; x_wconf 82' lang='grc' dir='ltr'>ὀλίγους</span> <span class='ocrx_word' id='word_1_703' title='bbox 2799 4359 2857 4416; x_wconf 77' lang='grc' dir='ltr'>δὶ</span> <span class='ocrx_word' id='word_1_704' title='bbox 2890 4363 3262 4436; x_wconf 78' lang='grc' dir='ltr'>ζωγρήσαντες</span> <span class='ocrx_word' id='word_1_705' title='bbox 3308 4356 3527 4416; x_wconf 76' lang='grc' dir='ltr'>ἔλαϐον.</span> <span class='ocrx_word' id='word_1_706' title='bbox 3561 4366 3664 4428; x_wconf 85' lang='grc' dir='ltr'><strong>Τῆς</strong></span> <span class='ocrx_word' id='word_1_707' title='bbox 3700 4354 3751 4410; x_wconf 73' lang='grc' dir='ltr'>δὲ</span> 
     </span>
    </p>
   </div>
   <div class='ocr_carea' id='block_1_104' title="bbox 2115 4452 3749 4534">
    <p class='ocr_par' dir='ltr' id='par_1_104' title="bbox 2115 4452 3749 4534">
     <span class='ocr_line' id='line_1_104' title="bbox 2115 4452 3749 4534; baseline -0.006 -18"><span class='ocrx_word' id='word_1_708' title='bbox 2115 4460 2348 4532; x_wconf 80' lang='grc' dir='ltr'>διώξεως</span> <span class='ocrx_word' id='word_1_709' title='bbox 2383 4462 2456 4534; x_wconf 81' lang='grc' dir='ltr'>μή</span> <span class='ocrx_word' id='word_1_710' title='bbox 2483 4459 2776 4534; x_wconf 72' lang='grc' dir='ltr'>γινομένης</span> <span class='ocrx_word' id='word_1_711' title='bbox 2812 4457 2976 4533; x_wconf 84' lang='grc' dir='ltr'>μέχρι</span> <span class='ocrx_word' id='word_1_712' title='bbox 3007 4454 3246 4524; x_wconf 88' lang='grc' dir='ltr'>πολλοῦ,</span> <span class='ocrx_word' id='word_1_713' title='bbox 3284 4456 3528 4531; x_wconf 79' lang='grc' dir='ltr'>μεγάλης</span> <span class='ocrx_word' id='word_1_714' title='bbox 3559 4452 3749 4519; x_wconf 71' lang='grc' dir='ltr'>εὐκληε</span> 
     </span>
    </p>
   </div>
   <div class='ocr_carea' id='block_1_105' title="bbox 3079 4540 3749 4613">
    <p class='ocr_par' dir='ltr' id='par_1_105' title="bbox 3079 4540 3749 4613">
     <span class='ocr_line' id='line_1_105' title="bbox 3079 4540 3749 4613; baseline 0 -14"><span class='ocrx_word' id='word_1_715' title='bbox 3079 4545 3167 4599; x_wconf 84' lang='grc' dir='ltr'><strong>καὶ</strong></span> <span class='ocrx_word' id='word_1_716' title='bbox 3242 4544 3397 4613; x_wconf 82' lang='grc' dir='ltr'>νίκης</span> <span class='ocrx_word' id='word_1_717' title='bbox 3465 4540 3749 4607; x_wconf 77' lang='grc' dir='ltr'>καλλίστης</span> 
     </span>
    </p>
   </div>
   <div class='ocr_carea' id='block_1_106' title="bbox 2111 4630 3745 4713">
    <p class='ocr_par' dir='ltr' id='par_1_106' title="bbox 2111 4630 3745 4713">
     <span class='ocr_line' id='line_1_106' title="bbox 2111 4630 3745 4713; baseline -0.006 -21"><span class='ocrx_word' id='word_1_718' title='bbox 2111 4639 2527 4713; x_wconf 81' lang='grc' dir='ltr'>ἐξεστερήθησαν</span> <span class='ocrx_word' id='word_1_719' title='bbox 2558 4637 2648 4689; x_wconf 81' lang='grc' dir='ltr'><strong>καὶ</strong></span> <span class='ocrx_word' id='word_1_720' title='bbox 2680 4634 3005 4709; x_wconf 59' lang='grc' dir='ltr'>αὐχήματος</span> <span class='ocrx_word' id='word_1_721' title='bbox 3057 4632 3311 4708; x_wconf 88' lang='grc' dir='ltr'>μεγίστου</span> <span class='ocrx_word' id='word_1_722' title='bbox 3367 4630 3745 4705; x_wconf 80' lang='grc' dir='ltr'>ἐξηστόχησαν.</span> 
     </span>
    </p>
   </div>
   <div class='ocr_carea' id='block_1_107' title="bbox 2109 4725 3740 4809">
    <p class='ocr_par' dir='ltr' id='par_1_107' title="bbox 2109 4725 3740 4809">
     <span class='ocr_line' id='line_1_107' title="bbox 2109 4725 3740 4809; baseline -0.009 -15"><span class='ocrx_word' id='word_1_723' title='bbox 2109 4740 2233 4794; x_wconf 84' lang='grc' dir='ltr'><strong>Τῶν</strong></span> <span class='ocrx_word' id='word_1_724' title='bbox 2264 4734 2366 4809; x_wconf 79' lang='grc' dir='ltr'>γὰρ</span> <span class='ocrx_word' id='word_1_725' title='bbox 2399 4728 2704 4807; x_wconf 78' lang='grc' dir='ltr'>Ἀραϐικῶν</span> <span class='ocrx_word' id='word_1_726' title='bbox 2741 4731 2927 4786; x_wconf 69' lang='grc' dir='ltr'>ἵππων</span> <span class='ocrx_word' id='word_1_727' title='bbox 2975 4728 3478 4805; x_wconf 86' lang='grc' dir='ltr'>ταχυδρομούντων</span> <span class='ocrx_word' id='word_1_728' title='bbox 3516 4730 3625 4801; x_wconf 80' lang='grc' dir='ltr'>μὲν,</span> <span class='ocrx_word' id='word_1_729' title='bbox 3673 4725 3740 4797; x_wconf 79' lang='grc' dir='ltr'>μὴ</span> 
     </span>
    </p>
   </div>
   <div class='ocr_carea' id='block_1_108' title="bbox 2110 4820 3743 4909">
    <p class='ocr_par' dir='ltr' id='par_1_108' title="bbox 2110 4820 3743 4909">
     <span class='ocr_line' id='line_1_108' title="bbox 2110 4820 3743 4909; baseline -0.009 -20"><span class='ocrx_word' id='word_1_730' title='bbox 2110 4832 2492 4909; x_wconf 75' lang='grc' dir='ltr'>εύψυχούντων</span> <span class='ocrx_word' id='word_1_731' title='bbox 2528 4828 2584 4885; x_wconf 76' lang='grc' dir='ltr'>δὲ</span> <span class='ocrx_word' id='word_1_732' title='bbox 2620 4827 2745 4903; x_wconf 82' lang='grc' dir='ltr'>μηδ’</span> <span class='ocrx_word' id='word_1_733' title='bbox 2780 4827 3244 4904; x_wconf 80' lang='grc' dir='ltr'>ἐγκαρτερούντων</span> <span class='ocrx_word' id='word_1_734' title='bbox 3292 4832 3375 4899; x_wconf 80' lang='grc' dir='ltr'><strong>τῷ</strong></span> <span class='ocrx_word' id='word_1_735' title='bbox 3415 4824 3623 4901; x_wconf 87' lang='grc' dir='ltr'>δρόμῳ,</span> <span class='ocrx_word' id='word_1_736' title='bbox 3655 4820 3743 4876; x_wconf 81' lang='grc' dir='ltr'><strong>οὔκ</strong></span> 
     </span>
    </p>
   </div>
   <div class='ocr_carea' id='block_1_109' title="bbox 2108 4911 3742 4993">
    <p class='ocr_par' dir='ltr' id='par_1_109' title="bbox 2108 4911 3742 4993">
     <span class='ocr_line' id='line_1_109' title="bbox 2108 4911 3742 4993; baseline -0.009 -15"><span class='ocrx_word' id='word_1_737' title='bbox 2108 4921 2384 4993; x_wconf 72' lang='grc' dir='ltr'>ἠθέλησαν</span> <span class='ocrx_word' id='word_1_738' title='bbox 2416 4923 2468 4975; x_wconf 70' lang='lat' dir='ltr'><strong>ot</strong></span> <span class='ocrx_word' id='word_1_739' title='bbox 2497 4922 2763 4992; x_wconf 84' lang='grc' dir='ltr'>Ῥωμαῖοι</span> <span class='ocrx_word' id='word_1_740' title='bbox 2788 4919 2885 4986; x_wconf 77' lang='grc' dir='ltr'>τήν</span> <span class='ocrx_word' id='word_1_741' title='bbox 2917 4916 3131 4972; x_wconf 87' lang='grc' dir='ltr'>ἐκείνων</span> <span class='ocrx_word' id='word_1_742' title='bbox 3151 4916 3363 4971; x_wconf 79' lang='grc' dir='ltr'>ἀτονίαν</span> <span class='ocrx_word' id='word_1_743' title='bbox 3389 4915 3587 4970; x_wconf 81' lang='grc' dir='ltr'>οἰκείαν</span> <span class='ocrx_word' id='word_1_744' title='bbox 3610 4911 3742 4966; x_wconf 81' lang='grc' dir='ltr'>εὐτο-</span> 
     </span>
    </p>
   </div>
   <div class='ocr_carea' id='block_1_110' title="bbox 2108 4997 3739 5081">
    <p class='ocr_par' dir='ltr' id='par_1_110' title="bbox 2108 4997 3739 5081">
     <span class='ocr_line' id='line_1_110' title="bbox 2108 4997 3739 5081; baseline -0.008 -15"><span class='ocrx_word' id='word_1_745' title='bbox 2108 5012 2221 5066; x_wconf 86' lang='grc' dir='ltr'>νίαν</span> <span class='ocrx_word' id='word_1_746' title='bbox 2265 5013 2615 5081; x_wconf 85' lang='grc' dir='ltr'>ποιήσασθαι,</span> <span class='ocrx_word' id='word_1_747' title='bbox 2668 5006 3080 5080; x_wconf 65' lang='grc' dir='ltr'>ἐπιστρέψαντες</span> <span class='ocrx_word' id='word_1_748' title='bbox 3129 5003 3187 5060; x_wconf 75' lang='grc' dir='ltr'>δὲ</span> <span class='ocrx_word' id='word_1_749' title='bbox 3234 5004 3362 5069; x_wconf 83' lang='grc' dir='ltr'>τοὺς</span> <span class='ocrx_word' id='word_1_750' title='bbox 3414 5004 3642 5080; x_wconf 80' lang='grc' dir='ltr'>ῥυτῆρας</span> <span class='ocrx_word' id='word_1_751' title='bbox 3692 4997 3739 5067; x_wconf 77' lang='grc' dir='ltr'>ἐξ</span> 
     </span>
    </p>
   </div>
   <div class='ocr_carea' id='block_1_111' title="bbox 2107 5097 3738 5187">
    <p class='ocr_par' dir='ltr' id='par_1_111' title="bbox 2107 5097 3738 5187">
     <span class='ocr_line' id='line_1_111' title="bbox 2107 5097 3738 5187; baseline -0.012 -21"><span class='ocrx_word' id='word_1_752' title='bbox 2107 5112 2468 5187; x_wconf 74' lang='grc' dir='ltr'>ἐπιτάγματος</span> <span class='ocrx_word' id='word_1_753' title='bbox 2533 5105 2817 5183; x_wconf 80' lang='grc' dir='ltr'>βασιλικοῦ</span> <span class='ocrx_word' id='word_1_754' title='bbox 2864 5100 3131 5179; x_wconf 75' lang='grc' dir='ltr'>ἀμϐλεῖαν</span> <span class='ocrx_word' id='word_1_755' title='bbox 3191 5104 3403 5165; x_wconf 70' lang='grc' dir='ltr'>ἑαυτοῖς</span> <span class='ocrx_word' id='word_1_756' title='bbox 3458 5102 3553 5170; x_wconf 75' lang='grc' dir='ltr'>τήν</span> <span class='ocrx_word' id='word_1_757' title='bbox 3600 5097 3738 5166; x_wconf 83' lang='grc' dir='ltr'>νίκην</span> 
     </span>
    </p>
   </div>
   <div class='ocr_carea' id='block_1_112' title="bbox 2106 5185 3735 5275">
    <p class='ocr_par' dir='ltr' id='par_1_112' title="bbox 2106 5185 3735 5275">
     <span class='ocr_line' id='line_1_112' title="bbox 2106 5185 3735 5275; baseline -0.01 -21"><span class='ocrx_word' id='word_1_758' title='bbox 2106 5185 2519 5275; x_wconf 79' lang='grc' dir='ltr'>ἀπειργάσαντο,</span> <span class='ocrx_word' id='word_1_759' title='bbox 2580 5195 2918 5270; x_wconf 87' lang='grc' dir='ltr'>κορεσθέντες</span> <span class='ocrx_word' id='word_1_760' title='bbox 2980 5192 3118 5266; x_wconf 78' lang='grc' dir='ltr'>μόνῃ</span> <span class='ocrx_word' id='word_1_761' title='bbox 3176 5197 3246 5266; x_wconf 79' lang='grc' dir='ltr'>τῇ</span> <span class='ocrx_word' id='word_1_762' title='bbox 3320 5195 3427 5245; x_wconf 84' lang='grc' dir='ltr'><strong>τῶν</strong></span> <span class='ocrx_word' id='word_1_763' title='bbox 3502 5185 3735 5242; x_wconf 72' lang='grc' dir='ltr'>ἐναντίων</span> 
     </span>
    </p>
   </div>
   <div class='ocr_carea' id='block_1_113' title="bbox 2104 5273 3734 5363">
    <p class='ocr_par' dir='ltr' id='par_1_113' title="bbox 2104 5273 3734 5363">
     <span class='ocr_line' id='line_1_113' title="bbox 2104 5273 3734 5363; baseline -0.008 -19"><span class='ocrx_word' id='word_1_764' title='bbox 2104 5273 2413 5363; x_wconf 76' lang='grc' dir='ltr'>ἀποτροπῇ,</span> <span class='ocrx_word' id='word_1_765' title='bbox 2450 5283 2696 5360; x_wconf 84' lang='grc' dir='ltr'>μεγάλην</span> <span class='ocrx_word' id='word_1_766' title='bbox 2744 5281 2995 5357; x_wconf 79' lang='grc' dir='ltr'>εὐτυχίαν</span> <span class='ocrx_word' id='word_1_767' title='bbox 3026 5281 3115 5335; x_wconf 84' lang='grc' dir='ltr'><strong>καὶ</strong></span> <span class='ocrx_word' id='word_1_768' title='bbox 3145 5285 3304 5336; x_wconf 86' lang='grc' dir='ltr'>τοῦτο</span> <span class='ocrx_word' id='word_1_769' title='bbox 3350 5284 3447 5334; x_wconf 90' lang='grc' dir='ltr'><strong>τοῦ</strong></span> <span class='ocrx_word' id='word_1_770' title='bbox 3483 5273 3734 5353; x_wconf 83' lang='grc' dir='ltr'>βασιλέως</span> 
     </span>
    </p>
   </div>
   <div class='ocr_carea' id='block_1_114' title="bbox 1658 5413 2434 5470">
    <p class='ocr_par' dir='ltr' id='par_1_114' title="bbox 1658 5413 2434 5470">
     <span class='ocr_line' id='line_1_114' title="bbox 1658 5413 2434 5470; baseline 0 -2"><span class='ocrx_word' id='word_1_771' title='bbox 1658 5413 1904 5470; x_wconf 83' lang='lat' dir='ltr'><strong>JACOBI</strong></span> <span class='ocrx_word' id='word_1_772' title='bbox 1942 5414 2162 5470; x_wconf 85' lang='lat' dir='ltr'><strong>GOARI</strong></span> <span class='ocrx_word' id='word_1_773' title='bbox 2200 5415 2434 5469; x_wconf 81' lang='lat' dir='ltr'><strong>NOT/E.</strong></span> 
     </span>
    </p>
   </div>
   <div class='ocr_carea' id='block_1_115' title="bbox 411 5516 3731 5613">
    <p class='ocr_par' dir='ltr' id='par_1_115' title="bbox 411 5516 3731 5613">
     <span class='ocr_line' id='line_1_115' title="bbox 411 5516 3731 5613; baseline -0.005 -33"><span class='ocrx_word' id='word_1_774' title='bbox 411 5526 524 5595; x_wconf 84' lang='grc'><strong>(17)</strong></span> <span class='ocrx_word' id='word_1_775' title='bbox 584 5524 916 5613; x_wconf 47' lang='lat' dir='ltr'><strong>Satell‘itum</strong></span> <span class='ocrx_word' id='word_1_776' title='bbox 975 5526 1442 5613; x_wconf 47' lang='lat' dir='ltr'><strong>‘in‘digenarum,</strong></span> <span class='ocrx_word' id='word_1_777' title='bbox 1505 5546 1751 5613; x_wconf 78' lang='lat' dir='ltr'><strong>quorum</strong></span> <span class='ocrx_word' id='word_1_778' title='bbox 1801 5529 1995 5611; x_wconf 42' lang='lat' dir='ltr'><strong>.variaa</strong></span> <span class='ocrx_word' id='word_1_779' title='bbox 2102 5530 2481 5613; x_wconf 68' lang='lat' dir='ltr'><strong>praetorianos</strong></span> <span class='ocrx_word' id='word_1_780' title='bbox 2513 5528 2929 5597; x_wconf 89' lang='lat' dir='ltr'><strong>componerent</strong></span> <span class='ocrx_word' id='word_1_781' title='bbox 2960 5523 3255 5579; x_wconf 86' lang='lat' dir='ltr'><strong>militiam.</strong></span> <span class='ocrx_word' id='word_1_782' title='bbox 3288 5537 3401 5578; x_wconf 93' lang='lat' dir='ltr'><strong>non</strong></span> <span class='ocrx_word' id='word_1_783' title='bbox 3435 5516 3731 5574; x_wconf 89' lang='lat' dir='ltr'><strong>censentur</strong></span> 
     </span>
    </p>
   </div>
   <div class='ocr_carea' id='block_1_116' title="bbox 341 5595 1989 5671">
    <p class='ocr_par' dir='ltr' id='par_1_116' title="bbox 341 5595 1989 5671">
     <span class='ocr_line' id='line_1_116' title="bbox 341 5595 1989 5671; baseline 0.004 -20"><span class='ocrx_word' id='word_1_784' title='bbox 341 5601 549 5671; x_wconf 75' lang='lat' dir='ltr'><strong>turmas</strong></span> <span class='ocrx_word' id='word_1_785' title='bbox 580 5597 877 5671; x_wconf 89' lang='lat' dir='ltr'><strong>quondam</strong></span> <span class='ocrx_word' id='word_1_786' title='bbox 900 5595 1667 5671; x_wconf 31' lang='lat' dir='ltr'><strong>scholmfnuneupabantur.</strong></span> <span class='ocrx_word' id='word_1_787' title='bbox 1700 5600 1989 5671; x_wconf 89' lang='lat' dir='ltr'><strong>legionem</strong></span> 
     </span>
    </p>
   </div>
   <div class='ocr_carea' id='block_1_117' title="bbox 344 5668 1991 5743">
    <p class='ocr_par' dir='ltr' id='par_1_117' title="bbox 344 5668 1991 5743">
     <span class='ocr_line' id='line_1_117' title="bbox 344 5668 1991 5743; baseline 0.004 -22"><span class='ocrx_word' id='word_1_788' title='bbox 344 5668 643 5741; x_wconf 82' lang='lat' dir='ltr'><strong>intelligo;</strong></span> <span class='ocrx_word' id='word_1_789' title='bbox 669 5670 727 5725; x_wconf 93' lang='lat' dir='ltr'><strong>in</strong></span> <span class='ocrx_word' id='word_1_790' title='bbox 752 5687 867 5743; x_wconf 91' lang='lat' dir='ltr'><strong>qua</strong></span> <span class='ocrx_word' id='word_1_791' title='bbox 891 5668 1172 5739; x_wconf 77' lang='lat' dir='ltr'><strong>fmderati,</strong></span> <span class='ocrx_word' id='word_1_792' title='bbox 1207 5686 1307 5725; x_wconf 89' lang='lat' dir='ltr'><strong>ceu</strong></span> <span class='ocrx_word' id='word_1_793' title='bbox 1342 5668 1440 5741; x_wconf 86' lang='lat' dir='ltr'><strong>qui</strong></span> <span class='ocrx_word' id='word_1_794' title='bbox 1465 5668 1803 5727; x_wconf 79' lang='lat' dir='ltr'><strong>distinctam</strong></span> <span class='ocrx_word' id='word_1_795' title='bbox 1839 5673 1991 5727; x_wconf 88' lang='lat' dir='ltr'><strong>inter</strong></span> 
     </span>
    </p>
   </div>
   <div class='ocr_carea' id='block_1_118' title="bbox 2098 5601 2334 5659">
    <p class='ocr_par' dir='ltr' id='par_1_118' title="bbox 2098 5601 2334 5659">
     <span class='ocr_line' id='line_1_118' title="bbox 2098 5601 2334 5659; baseline -0.008 -1"><span class='ocrx_word' id='word_1_796' title='bbox 2098 5601 2334 5659; x_wconf 90' lang='lat' dir='ltr'><strong>inclusi.</strong></span> 
     </span>
    </p>
   </div>
  </div>
