  <div class='ocr_page' id='page_1' title='image "/cluster/home/n/w/nwhite01/storage/ocr_20150623/122 pt.2/mdp.39015037401315/210.png"; bbox 0 0 4084 6140; ppageno 0'>
   <div class='ocr_carea' id='block_1_1' title="bbox 314 373 436 434">
    <p class='ocr_par' dir='ltr' id='par_1_1' title="bbox 314 373 436 434">
     <span class='ocr_line' id='line_1_1' title="bbox 314 373 436 434; baseline 0 0"><span class='ocrx_word' id='word_1_1' title='bbox 314 373 436 434; x_wconf 71' lang='grc'><strong>406</strong></span> 
     </span>
    </p>
   </div>
   <div class='ocr_carea' id='block_1_2' title="bbox 1838 380 2227 444">
    <p class='ocr_par' dir='ltr' id='par_1_2' title="bbox 1838 380 2227 444">
     <span class='ocr_line' id='line_1_2' title="bbox 1838 380 2227 444; baseline 0.005 -3"><span class='ocrx_word' id='word_1_2' title='bbox 1838 380 2227 444; x_wconf 82' lang='lat' dir='ltr'><strong>HISTORIA.</strong></span> 
     </span>
    </p>
   </div>
   <div class='ocr_carea' id='block_1_3' title="bbox 3614 386 3735 448">
    <p class='ocr_par' dir='ltr' id='par_1_3' title="bbox 3614 386 3735 448">
     <span class='ocr_line' id='line_1_3' title="bbox 3614 386 3735 448; baseline -0.008 -1"><span class='ocrx_word' id='word_1_3' title='bbox 3614 386 3735 448; x_wconf 75' lang='grc'><strong>406</strong></span> 
     </span>
    </p>
   </div>
   <div class='ocr_carea' id='block_1_4' title="bbox 309 503 1961 589">
    <p class='ocr_par' dir='ltr' id='par_1_4' title="bbox 309 503 1961 588">
     <span class='ocr_line' id='line_1_4' title="bbox 309 503 1961 588; baseline 0.005 -29"><span class='ocrx_word' id='word_1_4' title='bbox 309 503 704 579; x_wconf 70' lang='grc' dir='ltr'><strong>λογιζομένου,</strong></span> <span class='ocrx_word' id='word_1_5' title='bbox 767 504 850 561; x_wconf 78' lang='grc' dir='ltr'>ὅτι</span> <span class='ocrx_word' id='word_1_6' title='bbox 913 507 1051 569; x_wconf 83' lang='grc' dir='ltr'><strong>τέως</strong></span> <span class='ocrx_word' id='word_1_7' title='bbox 1121 506 1172 562; x_wconf 76' lang='grc' dir='ltr'>οἱ</span> <span class='ocrx_word' id='word_1_8' title='bbox 1228 507 1515 574; x_wconf 85' lang='grc' dir='ltr'>ἀνάλκιδες</span> <span class='ocrx_word' id='word_1_9' title='bbox 1567 510 1961 588; x_wconf 65' lang='grc' dir='ltr'>ἀνερρώσθησαε</span> 
     </span>
    </p>
   </div>
   <div class='ocr_carea' id='block_1_5' title="bbox 2073 503 3735 589">
    <p class='ocr_par' dir='ltr' id='par_1_5' title="bbox 2095 517 3735 589">
     <span class='ocr_line' id='line_1_5' title="bbox 2095 517 3735 589; baseline 0.003 -18"><span class='ocrx_word' id='word_1_10' title='bbox 2095 517 2467 585; x_wconf 90' lang='lat' dir='ltr'><strong>tendebatur,</strong></span> <span class='ocrx_word' id='word_1_11' title='bbox 2500 518 2720 574; x_wconf 82' lang='lat' dir='ltr'><strong>Arabes</strong></span> <span class='ocrx_word' id='word_1_12' title='bbox 2748 517 3125 589; x_wconf 83' lang='lat' dir='ltr'><strong>quiescebant</strong></span> <span class='ocrx_word' id='word_1_13' title='bbox 3158 535 3170 572; x_wconf 88' lang='lat'><strong>:</strong></span> <span class='ocrx_word' id='word_1_14' title='bbox 3205 517 3304 573; x_wconf 91' lang='lat' dir='ltr'><strong>ubi</strong></span> <span class='ocrx_word' id='word_1_15' title='bbox 3353 534 3488 574; x_wconf 89' lang='lat' dir='ltr'><strong>vero</strong></span> <span class='ocrx_word' id='word_1_16' title='bbox 3536 525 3735 576; x_wconf 87' lang='lat' dir='ltr'><strong>coacto</strong></span> 
     </span>
    </p>
   </div>
   <div class='ocr_carea' id='block_1_6' title="bbox 310 594 1980 677">
    <p class='ocr_par' dir='ltr' id='par_1_6' title="bbox 310 594 1980 677">
     <span class='ocr_line' id='line_1_6' title="bbox 310 594 1980 677; baseline 0.005 -29"><span class='ocrx_word' id='word_1_17' title='bbox 310 594 401 648; x_wconf 89' lang='grc' dir='ltr'><strong>καὶ</strong></span> <span class='ocrx_word' id='word_1_18' title='bbox 459 595 513 647; x_wconf 74' lang='grc' dir='ltr'>οἱ</span> <span class='ocrx_word' id='word_1_19' title='bbox 561 594 749 669; x_wconf 87' lang='grc' dir='ltr'>νεκροὶ</span> <span class='ocrx_word' id='word_1_20' title='bbox 804 595 878 657; x_wconf 89' lang='grc' dir='ltr'>ὡς</span> <span class='ocrx_word' id='word_1_21' title='bbox 925 598 1097 652; x_wconf 72' lang='grc' dir='ltr'>εἷπεῖν</span> <span class='ocrx_word' id='word_1_22' title='bbox 1154 599 1558 670; x_wconf 83' lang='grc' dir='ltr'>ἀνεζώσθησαν.</span> <span class='ocrx_word' id='word_1_23' title='bbox 1608 602 1668 658; x_wconf 83' lang='grc' dir='ltr'>Ὁ</span> <span class='ocrx_word' id='word_1_24' title='bbox 1715 599 1773 656; x_wconf 76' lang='grc' dir='ltr'><strong>δὲ</strong></span> <span class='ocrx_word' id='word_1_25' title='bbox 1826 603 1980 677; x_wconf 87' lang='grc' dir='ltr'>βασι-</span> 
     </span>
    </p>
   </div>
   <div class='ocr_carea' id='block_1_7' title="bbox 322 681 1975 762">
    <p class='ocr_par' dir='ltr' id='par_1_7' title="bbox 322 681 1975 762">
     <span class='ocr_line' id='line_1_7' title="bbox 322 681 1975 762; baseline 0.005 -25"><span class='ocrx_word' id='word_1_26' title='bbox 322 682 447 744; x_wconf 79' lang='grc' dir='ltr'>λεὺς</span> <span class='ocrx_word' id='word_1_27' title='bbox 517 681 840 738; x_wconf 76' lang='grc' dir='ltr'>ἐπανελθὼν</span> <span class='ocrx_word' id='word_1_28' title='bbox 905 687 980 746; x_wconf 78' lang='grc' dir='ltr'><strong>εἱς</strong></span> <span class='ocrx_word' id='word_1_29' title='bbox 1049 687 1142 739; x_wconf 87' lang='grc' dir='ltr'><strong>τὸν</strong></span> <span class='ocrx_word' id='word_1_30' title='bbox 1230 689 1447 762; x_wconf 87' lang='grc' dir='ltr'>χάρακα</span> <span class='ocrx_word' id='word_1_31' title='bbox 1526 689 1659 761; x_wconf 84' lang='grc' dir='ltr'><strong>μετὰ</strong></span> <span class='ocrx_word' id='word_1_32' title='bbox 1712 692 1813 759; x_wconf 83' lang='grc' dir='ltr'>τήν</span> <span class='ocrx_word' id='word_1_33' title='bbox 1869 696 1975 745; x_wconf 82' lang='grc' dir='ltr'><strong>τῶν</strong></span> 
     </span>
    </p>
   </div>
   <div class='ocr_carea' id='block_1_8' title="bbox 317 767 1976 855">
    <p class='ocr_par' dir='ltr' id='par_1_8' title="bbox 317 767 1976 855">
     <span class='ocr_line' id='line_1_8' title="bbox 317 767 1976 855; baseline 0.009 -33"><span class='ocrx_word' id='word_1_34' title='bbox 317 771 528 848; x_wconf 81' lang='grc' dir='ltr'>ἐχθρῶν</span> <span class='ocrx_word' id='word_1_35' title='bbox 570 767 910 844; x_wconf 86' lang='grc' dir='ltr'>ἀποσόϐησιν</span> <span class='ocrx_word' id='word_1_36' title='bbox 972 770 1109 847; x_wconf 81' lang='grc' dir='ltr'>ἔγνω</span> <span class='ocrx_word' id='word_1_37' title='bbox 1158 776 1255 845; x_wconf 74' lang='grc' dir='ltr'>τὴν</span> <span class='ocrx_word' id='word_1_38' title='bbox 1312 775 1610 850; x_wconf 84' lang='grc' dir='ltr'>ἀκρόπολιν</span> <span class='ocrx_word' id='word_1_39' title='bbox 1660 786 1758 849; x_wconf 77' lang='grc' dir='ltr'>τῆς</span> <span class='ocrx_word' id='word_1_40' title='bbox 1810 781 1976 855; x_wconf 80' lang='grc' dir='ltr'>Ἱερα-</span> 
     </span>
    </p>
   </div>
   <div class='ocr_carea' id='block_1_9' title="bbox 315 858 1977 943">
    <p class='ocr_par' dir='ltr' id='par_1_9' title="bbox 315 858 1977 943">
     <span class='ocr_line' id='line_1_9' title="bbox 315 858 1977 943; baseline 0.005 -28"><span class='ocrx_word' id='word_1_41' title='bbox 315 858 527 921; x_wconf 83' lang='grc' dir='ltr'>πόλεως</span> <span class='ocrx_word' id='word_1_42' title='bbox 578 860 881 931; x_wconf 75' lang='grc' dir='ltr'>ἐνοικῆσαι.</span> <span class='ocrx_word' id='word_1_43' title='bbox 964 867 1315 935; x_wconf 72' lang='grc' dir='ltr'>Καοαστήσας</span> <span class='ocrx_word' id='word_1_44' title='bbox 1376 865 1467 920; x_wconf 71' lang='grc' dir='ltr'><strong>οὖν</strong></span> <span class='ocrx_word' id='word_1_45' title='bbox 1540 868 1630 922; x_wconf 88' lang='grc' dir='ltr'>τὸν</span> <span class='ocrx_word' id='word_1_46' title='bbox 1688 870 1977 943; x_wconf 84' lang='grc' dir='ltr'>Φαρεσμά-</span> 
     </span>
    </p>
   </div>
   <div class='ocr_carea' id='block_1_10' title="bbox 318 950 1977 1032">
    <p class='ocr_par' dir='ltr' id='par_1_10' title="bbox 318 950 1977 1032">
     <span class='ocr_line' id='line_1_10' title="bbox 318 950 1977 1032; baseline 0.006 -29"><span class='ocrx_word' id='word_1_47' title='bbox 318 972 417 1020; x_wconf 80' lang='grc' dir='ltr'><strong>νην</strong></span> <span class='ocrx_word' id='word_1_48' title='bbox 474 950 671 1005; x_wconf 76' lang='grc' dir='ltr'>ἐκεῖνον</span> <span class='ocrx_word' id='word_1_49' title='bbox 736 951 941 1021; x_wconf 79' lang='grc' dir='ltr'>Βὲστην</span> <span class='ocrx_word' id='word_1_50' title='bbox 988 954 1080 1007; x_wconf 90' lang='grc' dir='ltr'>τὸν</span> <span class='ocrx_word' id='word_1_51' title='bbox 1132 956 1474 1028; x_wconf 81' lang='grc' dir='ltr'>Ἀποκάπης,</span> <span class='ocrx_word' id='word_1_52' title='bbox 1531 956 1580 1029; x_wconf 75' lang='grc' dir='ltr'><strong>ἐξ</strong></span> <span class='ocrx_word' id='word_1_53' title='bbox 1642 952 1872 1032; x_wconf 79' lang='grc' dir='ltr'>Ἰϐήρων</span> <span class='ocrx_word' id='word_1_54' title='bbox 1914 960 1977 1013; x_wconf 84' lang='grc' dir='ltr'>τὸ</span> 
     </span>
    </p>
   </div>
   <div class='ocr_carea' id='block_1_11' title="bbox 324 1035 1976 1115">
    <p class='ocr_par' dir='ltr' id='par_1_11' title="bbox 324 1035 1976 1115">
     <span class='ocr_line' id='line_1_11' title="bbox 324 1035 1976 1115; baseline 0.006 -24"><span class='ocrx_word' id='word_1_55' title='bbox 324 1040 477 1113; x_wconf 68' lang='grc' dir='ltr'>γένος</span> <span class='ocrx_word' id='word_1_56' title='bbox 522 1035 773 1108; x_wconf 81' lang='grc' dir='ltr'>ἕλκοντα,</span> <span class='ocrx_word' id='word_1_57' title='bbox 836 1040 1025 1115; x_wconf 86' lang='grc' dir='ltr'>χώραν</span> <span class='ocrx_word' id='word_1_58' title='bbox 1078 1038 1281 1097; x_wconf 69' lang='grc' dir='ltr'>δέδωκε</span> <span class='ocrx_word' id='word_1_59' title='bbox 1321 1050 1440 1106; x_wconf 85' lang='grc' dir='ltr'>τοῖς</span> <span class='ocrx_word' id='word_1_60' title='bbox 1486 1044 1746 1108; x_wconf 78' lang='grc' dir='ltr'><strong>ἐναντίοις</strong></span> <span class='ocrx_word' id='word_1_61' title='bbox 1780 1046 1976 1101; x_wconf 86' lang='grc' dir='ltr'>ἀνακα-</span> 
     </span>
    </p>
   </div>
   <div class='ocr_carea' id='block_1_12' title="bbox 324 1126 1973 1212">
    <p class='ocr_par' dir='ltr' id='par_1_12' title="bbox 324 1126 1973 1212">
     <span class='ocr_line' id='line_1_12' title="bbox 324 1126 1973 1212; baseline 0.007 -32"><span class='ocrx_word' id='word_1_62' title='bbox 324 1126 569 1190; x_wconf 74' lang='grc' dir='ltr'>λὲσασθαί</span> <span class='ocrx_word' id='word_1_63' title='bbox 629 1148 689 1182; x_wconf 88' lang='grc' dir='ltr'><strong>τε</strong></span> <span class='ocrx_word' id='word_1_64' title='bbox 762 1129 863 1197; x_wconf 82' lang='grc' dir='ltr'>τήν</span> <span class='ocrx_word' id='word_1_65' title='bbox 944 1129 1111 1198; x_wconf 81' lang='grc' dir='ltr'>ἧτταν</span> <span class='ocrx_word' id='word_1_66' title='bbox 1178 1132 1269 1185; x_wconf 85' lang='grc' dir='ltr'><strong>καὶ</strong></span> <span class='ocrx_word' id='word_1_67' title='bbox 1350 1131 1641 1188; x_wconf 69' lang='grc' dir='ltr'>ἀντίπαλον</span> <span class='ocrx_word' id='word_1_68' title='bbox 1702 1135 1973 1212; x_wconf 67' lang='grc' dir='ltr'>φέρεσθαι.</span> 
     </span>
    </p>
   </div>
   <div class='ocr_carea' id='block_1_13' title="bbox 322 1222 1969 1304">
    <p class='ocr_par' dir='ltr' id='par_1_13' title="bbox 322 1222 1969 1304">
     <span class='ocr_line' id='line_1_13' title="bbox 322 1222 1969 1304; baseline 0.002 -25"><span class='ocrx_word' id='word_1_69' title='bbox 322 1224 417 1279; x_wconf 76' lang='grc' dir='ltr'>Καὶ</span> <span class='ocrx_word' id='word_1_70' title='bbox 465 1222 565 1287; x_wconf 81' lang='grc' dir='ltr'>’ἐως</span> <span class='ocrx_word' id='word_1_71' title='bbox 626 1226 721 1297; x_wconf 56' lang='grc' dir='ltr'><strong>μὲν</strong></span> <span class='ocrx_word' id='word_1_72' title='bbox 788 1225 1344 1302; x_wconf 66' lang='grc' dir='ltr'><strong>ἐστρατοπεδευμένος</strong></span> <span class='ocrx_word' id='word_1_73' title='bbox 1424 1230 1451 1283; x_wconf 84' lang='grc' dir='ltr'>ὁ</span> <span class='ocrx_word' id='word_1_74' title='bbox 1515 1234 1621 1284; x_wconf 89' lang='grc' dir='ltr'><strong>τῶν</strong></span> <span class='ocrx_word' id='word_1_75' title='bbox 1681 1232 1969 1304; x_wconf 86' lang='grc' dir='ltr'>Ῥωμαίων</span> 
     </span>
    </p>
   </div>
   <div class='ocr_carea' id='block_1_14' title="bbox 319 1304 1977 1392">
    <p class='ocr_par' dir='ltr' id='par_1_14' title="bbox 319 1304 1977 1392">
     <span class='ocr_line' id='line_1_14' title="bbox 319 1304 1977 1392; baseline 0.004 -25"><span class='ocrx_word' id='word_1_76' title='bbox 319 1312 541 1388; x_wconf 78' lang='grc' dir='ltr'>στρατός</span> <span class='ocrx_word' id='word_1_77' title='bbox 586 1311 937 1384; x_wconf 85' lang='grc' dir='ltr'>διεδείκνυτο,</span> <span class='ocrx_word' id='word_1_78' title='bbox 990 1316 1126 1371; x_wconf 83' lang='grc' dir='ltr'><strong>κατᾶ⁵</strong></span> <span class='ocrx_word' id='word_1_79' title='bbox 1168 1316 1354 1391; x_wconf 74' lang='grc' dir='ltr'>χώραν</span> <span class='ocrx_word' id='word_1_80' title='bbox 1408 1316 1628 1372; x_wconf 81' lang='grc' dir='ltr'>ἐδόκουν</span> <span class='ocrx_word' id='word_1_81' title='bbox 1688 1321 1863 1392; x_wconf 83' lang='grc' dir='ltr'>μὲνειν</span> <span class='ocrx_word' id='word_1_82' title='bbox 1925 1304 1977 1374; x_wconf 70' lang='grc' dir='ltr'><strong>οἱ</strong></span> 
     </span>
    </p>
   </div>
   <div class='ocr_carea' id='block_1_15' title="bbox 317 1398 1180 1477">
    <p class='ocr_par' dir='ltr' id='par_1_15' title="bbox 317 1398 1180 1477">
     <span class='ocr_line' id='line_1_15' title="bbox 317 1398 1180 1477; baseline 0.002 -20"><span class='ocrx_word' id='word_1_83' title='bbox 317 1398 551 1477; x_wconf 72' lang='grc' dir='ltr'>Ἄραϐες</span> <span class='ocrx_word' id='word_1_84' title='bbox 587 1422 598 1434; x_wconf 95' lang='grc'><strong>·</strong></span> <span class='ocrx_word' id='word_1_85' title='bbox 663 1406 743 1476; x_wconf 85' lang='grc' dir='ltr'><strong>[Ρ.</strong></span> <span class='ocrx_word' id='word_1_86' title='bbox 805 1407 934 1477; x_wconf 80' lang='grc'><strong>828]</strong></span> <span class='ocrx_word' id='word_1_87' title='bbox 991 1405 1065 1467; x_wconf 85' lang='grc' dir='ltr'><strong>ὡς</strong></span> <span class='ocrx_word' id='word_1_88' title='bbox 1135 1403 1180 1459; x_wconf 87' lang='grc' dir='ltr'>δ’</span> 
     </span>
    </p>
   </div>
   <div class='ocr_carea' id='block_1_16' title="bbox 316 1490 1091 1569">
    <p class='ocr_par' dir='ltr' id='par_1_16' title="bbox 316 1490 1091 1569">
     <span class='ocr_line' id='line_1_16' title="bbox 316 1490 1091 1569; baseline 0.001 -24"><span class='ocrx_word' id='word_1_89' title='bbox 316 1490 443 1545; x_wconf 75' lang='grc' dir='ltr'><strong>εὐθῦ</strong></span> <span class='ocrx_word' id='word_1_90' title='bbox 500 1496 598 1545; x_wconf 76' lang='grc' dir='ltr'>τοῦ</span> <span class='ocrx_word' id='word_1_91' title='bbox 654 1491 916 1569; x_wconf 75' lang='grc' dir='ltr'><strong>φρουρίου</strong></span> <span class='ocrx_word' id='word_1_92' title='bbox 995 1498 1091 1548; x_wconf 77' lang='grc' dir='ltr'>τοῦ</span> 
     </span>
    </p>
   </div>
   <div class='ocr_carea' id='block_1_17' title="bbox 1242 1408 1972 1485">
    <p class='ocr_par' dir='ltr' id='par_1_17' title="bbox 1242 1408 1972 1485">
     <span class='ocr_line' id='line_1_17' title="bbox 1242 1408 1972 1485; baseline 0.007 -26"><span class='ocrx_word' id='word_1_93' title='bbox 1242 1408 1544 1477; x_wconf 72' lang='grc' dir='ltr'>ἀναστήσας</span> <span class='ocrx_word' id='word_1_94' title='bbox 1600 1411 1696 1476; x_wconf 77' lang='grc' dir='ltr'>τήν</span> <span class='ocrx_word' id='word_1_95' title='bbox 1756 1410 1972 1485; x_wconf 81' lang='grc' dir='ltr'>σρατιὰν</span> 
     </span>
    </p>
   </div>
   <div class='ocr_carea' id='block_1_18' title="bbox 1183 1493 1972 1567">
    <p class='ocr_par' dir='ltr' id='par_1_18' title="bbox 1183 1493 1972 1567">
     <span class='ocr_line' id='line_1_18' title="bbox 1183 1493 1972 1567; baseline 0.001 -16"><span class='ocrx_word' id='word_1_96' title='bbox 1183 1495 1339 1563; x_wconf 79' lang='grc' dir='ltr'><strong>Ἀζᾶς</strong></span> <span class='ocrx_word' id='word_1_97' title='bbox 1423 1493 1658 1565; x_wconf 73' lang='grc' dir='ltr'>ἤλαυνεν</span> <span class='ocrx_word' id='word_1_98' title='bbox 1670 1540 1684 1564; x_wconf 96' lang='grc'><strong>,</strong></span> <span class='ocrx_word' id='word_1_99' title='bbox 1743 1496 1972 1567; x_wconf 80' lang='grc' dir='ltr'>ἤρξαντο</span> 
     </span>
    </p>
   </div>
   <div class='ocr_carea' id='block_1_19' title="bbox 315 1577 1972 1658">
    <p class='ocr_par' dir='ltr' id='par_1_19' title="bbox 315 1577 1972 1658">
     <span class='ocr_line' id='line_1_19' title="bbox 315 1577 1972 1658; baseline 0.004 -25"><span class='ocrx_word' id='word_1_100' title='bbox 315 1577 596 1655; x_wconf 75' lang='grc' dir='ltr'><strong>σποράδην</strong></span> <span class='ocrx_word' id='word_1_101' title='bbox 657 1580 717 1635; x_wconf 81' lang='grc' dir='ltr'><strong>ἐκ</strong></span> <span class='ocrx_word' id='word_1_102' title='bbox 775 1580 1149 1655; x_wconf 69' lang='grc' dir='ltr'>διασντίματος</span> <span class='ocrx_word' id='word_1_103' title='bbox 1205 1584 1339 1638; x_wconf 84' lang='grc' dir='ltr'><strong>κατά</strong></span> <span class='ocrx_word' id='word_1_104' title='bbox 1395 1586 1457 1639; x_wconf 89' lang='grc' dir='ltr'>τὸ</span> <span class='ocrx_word' id='word_1_105' title='bbox 1516 1584 1820 1658; x_wconf 74' lang='grc' dir='ltr'>εἷ’θισμὲνον</span> <span class='ocrx_word' id='word_1_106' title='bbox 1870 1587 1972 1640; x_wconf 85' lang='grc' dir='ltr'>αύ-</span> 
     </span>
    </p>
   </div>
   <div class='ocr_carea' id='block_1_20' title="bbox 309 1670 1975 1748">
    <p class='ocr_par' dir='ltr' id='par_1_20' title="bbox 309 1670 1975 1748">
     <span class='ocr_line' id='line_1_20' title="bbox 309 1670 1975 1748; baseline 0.003 -24"><span class='ocrx_word' id='word_1_107' title='bbox 309 1675 427 1732; x_wconf 87' lang='grc' dir='ltr'>τοῖς</span> <span class='ocrx_word' id='word_1_108' title='bbox 478 1670 874 1748; x_wconf 72' lang='grc' dir='ltr'>ἐπιφαίνεσθαι,</span> <span class='ocrx_word' id='word_1_109' title='bbox 922 1673 1011 1725; x_wconf 92' lang='grc' dir='ltr'><strong>καὶ</strong></span> <span class='ocrx_word' id='word_1_110' title='bbox 1063 1672 1189 1745; x_wconf 88' lang='grc' dir='ltr'>περὶ</span> <span class='ocrx_word' id='word_1_111' title='bbox 1245 1674 1344 1740; x_wconf 75' lang='grc' dir='ltr'>τὴν</span> <span class='ocrx_word' id='word_1_112' title='bbox 1398 1673 1652 1748; x_wconf 77' lang='grc' dir='ltr'>οὐραγίαν</span> <span class='ocrx_word' id='word_1_113' title='bbox 1702 1672 1975 1738; x_wconf 78' lang='grc' dir='ltr'>πολλάκις</span> 
     </span>
    </p>
   </div>
   <div class='ocr_carea' id='block_1_21' title="bbox 312 1758 1970 1834">
    <p class='ocr_par' dir='ltr' id='par_1_21' title="bbox 312 1758 1970 1834">
     <span class='ocr_line' id='line_1_21' title="bbox 312 1758 1970 1834; baseline 0.003 -21"><span class='ocrx_word' id='word_1_114' title='bbox 312 1758 708 1832; x_wconf 71' lang='grc' dir='ltr'>ἐπιτιθέμενοι,</span> <span class='ocrx_word' id='word_1_115' title='bbox 756 1759 882 1821; x_wconf 82' lang='grc' dir='ltr'>τοὺς</span> <span class='ocrx_word' id='word_1_116' title='bbox 932 1760 997 1814; x_wconf 75' lang='grc' dir='ltr'>τὰ</span> <span class='ocrx_word' id='word_1_117' title='bbox 1042 1760 1181 1815; x_wconf 83' lang='grc' dir='ltr'>σιτία</span> <span class='ocrx_word' id='word_1_118' title='bbox 1234 1762 1698 1834; x_wconf 76' lang='grc' dir='ltr'>μετακομίζοντας</span> <span class='ocrx_word' id='word_1_119' title='bbox 1737 1769 1970 1818; x_wconf 75' lang='grc' dir='ltr'>κακοῦν-</span> 
     </span>
    </p>
   </div>
   <div class='ocr_carea' id='block_1_22' title="bbox 2089 607 3732 678">
    <p class='ocr_par' dir='ltr' id='par_1_22' title="bbox 2089 607 3732 678">
     <span class='ocr_line' id='line_1_22' title="bbox 2089 607 3732 678; baseline 0.001 -17"><span class='ocrx_word' id='word_1_120' title='bbox 2089 608 2343 662; x_wconf 87' lang='lat' dir='ltr'><strong>exercitu</strong></span> <span class='ocrx_word' id='word_1_121' title='bbox 2379 607 2551 678; x_wconf 72' lang='lat' dir='ltr'><strong>cmpit</strong></span> <span class='ocrx_word' id='word_1_122' title='bbox 2582 612 2740 663; x_wconf 90' lang='lat' dir='ltr'><strong>recta</strong></span> <span class='ocrx_word' id='word_1_123' title='bbox 2771 608 2839 662; x_wconf 91' lang='lat' dir='ltr'><strong>ad</strong></span> <span class='ocrx_word' id='word_1_124' title='bbox 2875 608 3156 678; x_wconf 88' lang='lat' dir='ltr'><strong>oppidum</strong></span> <span class='ocrx_word' id='word_1_125' title='bbox 3190 610 3313 661; x_wconf 77' lang='lat' dir='ltr'><strong>Azae</strong></span> <span class='ocrx_word' id='word_1_126' title='bbox 3361 609 3732 676; x_wconf 85' lang='lat' dir='ltr'><strong>contendere,</strong></span> 
     </span>
    </p>
   </div>
   <div class='ocr_carea' id='block_1_23' title="bbox 2089 695 3735 769">
    <p class='ocr_par' dir='ltr' id='par_1_23' title="bbox 2089 695 3735 769">
     <span class='ocr_line' id='line_1_23' title="bbox 2089 695 3735 769; baseline 0.002 -19"><span class='ocrx_word' id='word_1_127' title='bbox 2089 706 2391 768; x_wconf 79' lang='lat' dir='ltr'><strong>cmperunt</strong></span> <span class='ocrx_word' id='word_1_128' title='bbox 2420 698 2607 768; x_wconf 81' lang='lat' dir='ltr'><strong>sparsi</strong></span> <span class='ocrx_word' id='word_1_129' title='bbox 2642 714 2710 751; x_wconf 89' lang='lat' dir='ltr'><strong>ex</strong></span> <span class='ocrx_word' id='word_1_130' title='bbox 2741 695 3069 760; x_wconf 82' lang='lat' dir='ltr'><strong>intervallo,</strong></span> <span class='ocrx_word' id='word_1_131' title='bbox 3103 712 3413 751; x_wconf 89' lang='lat' dir='ltr'><strong>suo-more</strong></span> <span class='ocrx_word' id='word_1_132' title='bbox 3461 696 3519 750; x_wconf 88' lang='lat' dir='ltr'><strong>in</strong></span> <span class='ocrx_word' id='word_1_133' title='bbox 3573 698 3735 769; x_wconf 88' lang='lat' dir='ltr'><strong>ipsos</strong></span> 
     </span>
    </p>
   </div>
   <div class='ocr_carea' id='block_1_24' title="bbox 2089 785 3733 857">
    <p class='ocr_par' dir='ltr' id='par_1_24' title="bbox 2089 785 3733 857">
     <span class='ocr_line' id='line_1_24' title="bbox 2089 785 3733 857; baseline 0.002 -18"><span class='ocrx_word' id='word_1_134' title='bbox 2089 785 2444 854; x_wconf 86' lang='lat' dir='ltr'><strong>invadere,ct</strong></span> <span class='ocrx_word' id='word_1_135' title='bbox 2464 792 2791 841; x_wconf 84' lang='lat' dir='ltr'><strong>extremum</strong></span> <span class='ocrx_word' id='word_1_136' title='bbox 2816 801 3023 857; x_wconf 84' lang='lat' dir='ltr'><strong>agmen</strong></span> <span class='ocrx_word' id='word_1_137' title='bbox 3049 801 3200 856; x_wconf 67' lang='lat' dir='ltr'><strong>saepe</strong></span> <span class='ocrx_word' id='word_1_138' title='bbox 3223 785 3409 840; x_wconf 88' lang='lat' dir='ltr'><strong>adorti</strong></span> <span class='ocrx_word' id='word_1_139' title='bbox 3441 802 3733 842; x_wconf 85' lang='lat' dir='ltr'><strong>commea-</strong></span> 
     </span>
    </p>
   </div>
   <div class='ocr_carea' id='block_1_25' title="bbox 2089 874 3733 946">
    <p class='ocr_par' dir='ltr' id='par_1_25' title="bbox 2089 874 3733 946">
     <span class='ocr_line' id='line_1_25' title="bbox 2089 874 3733 946; baseline 0.001 -17"><span class='ocrx_word' id='word_1_140' title='bbox 2089 880 2186 930; x_wconf 92' lang='lat' dir='ltr'><strong>tus</strong></span> <span class='ocrx_word' id='word_1_141' title='bbox 2219 876 2542 930; x_wconf 83' lang='lat' dir='ltr'><strong>deferentes</strong></span> <span class='ocrx_word' id='word_1_142' title='bbox 2573 891 2795 940; x_wconf 86' lang='lat' dir='ltr'><strong>vexare,</strong></span> <span class='ocrx_word' id='word_1_143' title='bbox 2842 880 2900 928; x_wconf 90' lang='lat' dir='ltr'><strong>et</strong></span> <span class='ocrx_word' id='word_1_144' title='bbox 2942 874 3147 928; x_wconf 70' lang='lat' dir='ltr'><strong>laedere</strong></span> <span class='ocrx_word' id='word_1_145' title='bbox 3196 877 3510 941; x_wconf 84' lang='lat' dir='ltr'><strong>Romanos,</strong></span> <span class='ocrx_word' id='word_1_146' title='bbox 3562 878 3733 946; x_wconf 83' lang='lat' dir='ltr'><strong>quasi</strong></span> 
     </span>
    </p>
   </div>
   <div class='ocr_carea' id='block_1_26' title="bbox 2087 963 3734 1035">
    <p class='ocr_par' dir='ltr' id='par_1_26' title="bbox 2087 963 3734 1035">
     <span class='ocr_line' id='line_1_26' title="bbox 2087 963 3734 1035; baseline 0.002 -18"><span class='ocrx_word' id='word_1_147' title='bbox 2087 978 2155 1017; x_wconf 83' lang='lat' dir='ltr'><strong>ex</strong></span> <span class='ocrx_word' id='word_1_148' title='bbox 2204 964 2434 1017; x_wconf 83' lang='lat' dir='ltr'><strong>insidiis</strong></span> <span class='ocrx_word' id='word_1_149' title='bbox 2466 963 2616 1018; x_wconf 91' lang='lat' dir='ltr'><strong>clam</strong></span> <span class='ocrx_word' id='word_1_150' title='bbox 2646 964 3028 1035; x_wconf 90' lang='lat' dir='ltr'><strong>irruptionem</strong></span> <span class='ocrx_word' id='word_1_151' title='bbox 3060 963 3361 1017; x_wconf 83' lang='lat' dir='ltr'><strong>facientes.</strong></span> <span class='ocrx_word' id='word_1_152' title='bbox 3393 965 3734 1035; x_wconf 79' lang='lat' dir='ltr'><strong>Constipato</strong></span> 
     </span>
    </p>
   </div>
   <div class='ocr_carea' id='block_1_27' title="bbox 2088 1052 3733 1124">
    <p class='ocr_par' dir='ltr' id='par_1_27' title="bbox 2088 1052 3733 1124">
     <span class='ocr_line' id='line_1_27' title="bbox 2088 1052 3733 1124; baseline 0.001 -18"><span class='ocrx_word' id='word_1_153' title='bbox 2088 1056 2285 1107; x_wconf 88' lang='lat' dir='ltr'><strong>autem</strong></span> <span class='ocrx_word' id='word_1_154' title='bbox 2319 1052 2639 1124; x_wconf 81' lang='lat' dir='ltr'><strong>sagittariis</strong></span> <span class='ocrx_word' id='word_1_155' title='bbox 2692 1058 2749 1106; x_wconf 87' lang='lat' dir='ltr'><strong>et</strong></span> <span class='ocrx_word' id='word_1_156' title='bbox 2796 1052 3042 1106; x_wconf 81' lang='lat' dir='ltr'><strong>scutatis</strong></span> <span class='ocrx_word' id='word_1_157' title='bbox 3092 1052 3371 1121; x_wconf 85' lang='lat' dir='ltr'><strong>exercitu,</strong></span> <span class='ocrx_word' id='word_1_158' title='bbox 3414 1052 3733 1124; x_wconf 83' lang='lat' dir='ltr'><strong>imperator</strong></span> 
     </span>
    </p>
   </div>
   <div class='ocr_carea' id='block_1_28' title="bbox 2089 1141 3733 1212">
    <p class='ocr_par' dir='ltr' id='par_1_28' title="bbox 2089 1141 3733 1212">
     <span class='ocr_line' id='line_1_28' title="bbox 2089 1141 3733 1212; baseline 0.001 -15"><span class='ocrx_word' id='word_1_159' title='bbox 2089 1146 2352 1198; x_wconf 85' lang='lat' dir='ltr'><strong>armatus</strong></span> <span class='ocrx_word' id='word_1_160' title='bbox 2400 1158 2531 1195; x_wconf 90' lang='lat' dir='ltr'><strong>cum</strong></span> <span class='ocrx_word' id='word_1_161' title='bbox 2581 1146 2702 1196; x_wconf 89' lang='lat' dir='ltr'><strong>toto</strong></span> <span class='ocrx_word' id='word_1_162' title='bbox 2748 1142 2999 1196; x_wconf 84' lang='lat' dir='ltr'><strong>exercitu</strong></span> <span class='ocrx_word' id='word_1_163' title='bbox 3050 1142 3120 1195; x_wconf 88' lang='lat' dir='ltr'><strong>ad</strong></span> <span class='ocrx_word' id='word_1_164' title='bbox 3173 1141 3452 1212; x_wconf 86' lang='lat' dir='ltr'><strong>oppidum</strong></span> <span class='ocrx_word' id='word_1_165' title='bbox 3486 1144 3609 1197; x_wconf 67' lang='lat' dir='ltr'><strong>Aze</strong></span> <span class='ocrx_word' id='word_1_166' title='bbox 3634 1159 3733 1199; x_wconf 89' lang='lat' dir='ltr'><strong>ac-</strong></span> 
     </span>
    </p>
   </div>
   <div class='ocr_carea' id='block_1_29' title="bbox 2089 1230 3729 1301">
    <p class='ocr_par' dir='ltr' id='par_1_29' title="bbox 2089 1230 3729 1301">
     <span class='ocr_line' id='line_1_29' title="bbox 2089 1230 3729 1301; baseline 0.002 -16"><span class='ocrx_word' id='word_1_167' title='bbox 2089 1232 2263 1297; x_wconf 87' lang='lat' dir='ltr'><strong>cedit,</strong></span> <span class='ocrx_word' id='word_1_168' title='bbox 2296 1237 2459 1285; x_wconf 88' lang='lat' dir='ltr'><strong>ratus</strong></span> <span class='ocrx_word' id='word_1_169' title='bbox 2502 1230 2693 1285; x_wconf 91' lang='lat' dir='ltr'><strong>locum</strong></span> <span class='ocrx_word' id='word_1_170' title='bbox 2743 1232 2815 1285; x_wconf 91' lang='lat' dir='ltr'><strong>ad</strong></span> <span class='ocrx_word' id='word_1_171' title='bbox 2866 1246 2928 1284; x_wconf 91' lang='lat' dir='ltr'><strong>se</strong></span> <span class='ocrx_word' id='word_1_172' title='bbox 2978 1231 3377 1301; x_wconf 90' lang='lat' dir='ltr'><strong>recipiendum</strong></span> <span class='ocrx_word' id='word_1_173' title='bbox 3428 1231 3729 1289; x_wconf 90' lang='lat' dir='ltr'><strong>idoneum.</strong></span> 
     </span>
    </p>
   </div>
   <div class='ocr_carea' id='block_1_30' title="bbox 2086 1327 3731 1400">
    <p class='ocr_par' dir='ltr' id='par_1_30' title="bbox 2086 1327 3731 1400">
     <span class='ocr_line' id='line_1_30' title="bbox 2086 1327 3731 1400; baseline 0.001 -16"><span class='ocrx_word' id='word_1_174' title='bbox 2086 1329 2197 1384; x_wconf 87' lang='lat' dir='ltr'><strong>Sed</strong></span> <span class='ocrx_word' id='word_1_175' title='bbox 2229 1330 2328 1383; x_wconf 90' lang='lat' dir='ltr'><strong>ubi</strong></span> <span class='ocrx_word' id='word_1_176' title='bbox 2372 1329 2483 1400; x_wconf 86' lang='lat' dir='ltr'><strong>ipsi</strong></span> <span class='ocrx_word' id='word_1_177' title='bbox 2533 1328 3013 1400; x_wconf 84' lang='lat' dir='ltr'><strong>appropinquans</strong></span> <span class='ocrx_word' id='word_1_178' title='bbox 3058 1327 3423 1383; x_wconf 88' lang='lat' dir='ltr'><strong>tutissimum</strong></span> <span class='ocrx_word' id='word_1_179' title='bbox 3473 1329 3619 1385; x_wconf 86' lang='lat' dir='ltr'><strong>vidit</strong></span> <span class='ocrx_word' id='word_1_180' title='bbox 3665 1347 3731 1385; x_wconf 87' lang='lat' dir='ltr'><strong>ac</strong></span> 
     </span>
    </p>
   </div>
   <div class='ocr_carea' id='block_1_31' title="bbox 2088 1416 3736 1490">
    <p class='ocr_par' dir='ltr' id='par_1_31' title="bbox 2088 1416 3736 1490">
     <span class='ocr_line' id='line_1_31' title="bbox 2088 1416 3736 1490; baseline 0.001 -18"><span class='ocrx_word' id='word_1_181' title='bbox 2088 1418 2556 1473; x_wconf 84' lang='lat' dir='ltr'><strong>munitissimum</strong></span> <span class='ocrx_word' id='word_1_182' title='bbox 2590 1419 2648 1473; x_wconf 92' lang='lat' dir='ltr'><strong>in</strong></span> <span class='ocrx_word' id='word_1_183' title='bbox 2674 1433 2905 1472; x_wconf 90' lang='lat' dir='ltr'><strong>summo</strong></span> <span class='ocrx_word' id='word_1_184' title='bbox 2929 1416 3074 1472; x_wconf 90' lang='lat' dir='ltr'><strong>colle</strong></span> <span class='ocrx_word' id='word_1_185' title='bbox 3100 1416 3449 1482; x_wconf 72' lang='lat' dir='ltr'><strong>consistens,</strong></span> <span class='ocrx_word' id='word_1_186' title='bbox 3486 1418 3736 1490; x_wconf 89' lang='lat' dir='ltr'><strong>duplici-</strong></span> 
     </span>
    </p>
   </div>
   <div class='ocr_carea' id='block_1_32' title="bbox 2084 1505 3734 1578">
    <p class='ocr_par' dir='ltr' id='par_1_32' title="bbox 2084 1505 3734 1578">
     <span class='ocr_line' id='line_1_32' title="bbox 2084 1505 3734 1578; baseline 0.001 -17"><span class='ocrx_word' id='word_1_187' title='bbox 2084 1523 2196 1577; x_wconf 90' lang='lat' dir='ltr'><strong>que</strong></span> <span class='ocrx_word' id='word_1_188' title='bbox 2228 1523 2398 1561; x_wconf 91' lang='lat' dir='ltr'><strong>muro</strong></span> <span class='ocrx_word' id='word_1_189' title='bbox 2430 1506 2713 1570; x_wconf 80' lang='lat' dir='ltr'><strong>cinctum,</strong></span> <span class='ocrx_word' id='word_1_190' title='bbox 2746 1511 2802 1561; x_wconf 88' lang='lat' dir='ltr'><strong>et</strong></span> <span class='ocrx_word' id='word_1_191' title='bbox 2833 1506 3129 1577; x_wconf 88' lang='lat' dir='ltr'><strong>lapidibus</strong></span> <span class='ocrx_word' id='word_1_192' title='bbox 3179 1522 3324 1576; x_wconf 86' lang='lat' dir='ltr'><strong>quas</strong></span> <span class='ocrx_word' id='word_1_193' title='bbox 3375 1505 3551 1562; x_wconf 84' lang='lat' dir='ltr'><strong>clavis</strong></span> <span class='ocrx_word' id='word_1_194' title='bbox 3598 1508 3734 1578; x_wconf 79' lang='lat' dir='ltr'><strong>qui-</strong></span> 
     </span>
    </p>
   </div>
   <div class='ocr_carea' id='block_1_33' title="bbox 2085 1597 3731 1667">
    <p class='ocr_par' dir='ltr' id='par_1_33' title="bbox 2085 1597 3731 1667">
     <span class='ocr_line' id='line_1_33' title="bbox 2085 1597 3731 1667; baseline 0.002 -18"><span class='ocrx_word' id='word_1_195' title='bbox 2085 1597 2334 1651; x_wconf 90' lang='lat' dir='ltr'><strong>busdam</strong></span> <span class='ocrx_word' id='word_1_196' title='bbox 2358 1600 3075 1667; x_wconf 86' lang='lat' dir='ltr'><strong>compactum,accensum</strong></span> <span class='ocrx_word' id='word_1_197' title='bbox 3092 1597 3162 1649; x_wconf 88' lang='lat' dir='ltr'><strong>ad</strong></span> <span class='ocrx_word' id='word_1_198' title='bbox 3179 1600 3407 1665; x_wconf 89' lang='lat' dir='ltr'><strong>portam</strong></span> <span class='ocrx_word' id='word_1_199' title='bbox 3455 1597 3731 1665; x_wconf 84' lang='lat' dir='ltr'><strong>referens,</strong></span> 
     </span>
    </p>
   </div>
   <div class='ocr_carea' id='block_1_34' title="bbox 2085 1684 3730 1757">
    <p class='ocr_par' dir='ltr' id='par_1_34' title="bbox 2085 1684 3730 1757">
     <span class='ocr_line' id='line_1_34' title="bbox 2085 1684 3730 1757; baseline 0.001 -18"><span class='ocrx_word' id='word_1_200' title='bbox 2085 1691 2142 1739; x_wconf 92' lang='lat' dir='ltr'><strong>et</strong></span> <span class='ocrx_word' id='word_1_201' title='bbox 2173 1703 2378 1757; x_wconf 88' lang='lat' dir='ltr'><strong>parum</strong></span> <span class='ocrx_word' id='word_1_202' title='bbox 2413 1703 2579 1756; x_wconf 73' lang='lat' dir='ltr'><strong>aquae</strong></span> <span class='ocrx_word' id='word_1_203' title='bbox 2615 1685 2751 1739; x_wconf 86' lang='lat' dir='ltr'><strong>inde</strong></span> <span class='ocrx_word' id='word_1_204' title='bbox 2799 1684 3068 1752; x_wconf 76' lang='lat' dir='ltr'><strong>efﬂuens,</strong></span> <span class='ocrx_word' id='word_1_205' title='bbox 3120 1701 3243 1753; x_wconf 62' lang='lat' dir='ltr'><strong>qua}</strong></span> <span class='ocrx_word' id='word_1_206' title='bbox 3293 1701 3406 1739; x_wconf 90' lang='lat' dir='ltr'><strong>non</strong></span> <span class='ocrx_word' id='word_1_207' title='bbox 3456 1690 3612 1741; x_wconf 87' lang='lat' dir='ltr'><strong>esset</strong></span> <span class='ocrx_word' id='word_1_208' title='bbox 3659 1688 3730 1740; x_wconf 91' lang='lat' dir='ltr'><strong>ad</strong></span> 
     </span>
    </p>
   </div>
   <div class='ocr_carea' id='block_1_35' title="bbox 2080 1772 3731 1846">
    <p class='ocr_par' dir='ltr' id='par_1_35' title="bbox 2080 1772 3731 1846">
     <span class='ocr_line' id='line_1_35' title="bbox 2080 1772 3731 1846; baseline 0 -17"><span class='ocrx_word' id='word_1_209' title='bbox 2080 1778 2310 1829; x_wconf 90' lang='lat' dir='ltr'><strong>tantum</strong></span> <span class='ocrx_word' id='word_1_210' title='bbox 2358 1774 2763 1845; x_wconf 90' lang='lat' dir='ltr'><strong>accipiendum</strong></span> <span class='ocrx_word' id='word_1_211' title='bbox 2795 1773 3108 1828; x_wconf 80' lang='lat' dir='ltr'><strong>exercitum</strong></span> <span class='ocrx_word' id='word_1_212' title='bbox 3143 1772 3373 1841; x_wconf 87' lang='lat' dir='ltr'><strong>idonea,</strong></span> <span class='ocrx_word' id='word_1_213' title='bbox 3417 1774 3553 1827; x_wconf 88' lang='lat' dir='ltr'><strong>inde</strong></span> <span class='ocrx_word' id='word_1_214' title='bbox 3604 1791 3731 1846; x_wconf 87' lang='lat' dir='ltr'><strong>pro-</strong></span> 
     </span>
    </p>
   </div>
   <div class='ocr_carea' id='block_1_36' title="bbox 306 1847 1961 1957">
    <p class='ocr_par' dir='ltr' id='par_1_36' title="bbox 306 1847 1961 1957">
     <span class='ocr_line' id='line_1_36' title="bbox 306 1847 1961 1928; baseline 0.003 -25"><span class='ocrx_word' id='word_1_215' title='bbox 306 1870 418 1917; x_wconf 84' lang='grc' dir='ltr'>τες,</span> <span class='ocrx_word' id='word_1_216' title='bbox 482 1847 716 1904; x_wconf 79' lang='grc' dir='ltr'>ἐλύπουν</span> <span class='ocrx_word' id='word_1_217' title='bbox 776 1849 905 1911; x_wconf 78' lang='grc' dir='ltr'>τοὺς</span> <span class='ocrx_word' id='word_1_218' title='bbox 960 1850 1265 1922; x_wconf 80' lang='grc' dir='ltr'>Ῥωμαίους</span> <span class='ocrx_word' id='word_1_219' title='bbox 1314 1852 1389 1913; x_wconf 87' lang='grc' dir='ltr'><strong>ὡς</strong></span> <span class='ocrx_word' id='word_1_220' title='bbox 1448 1851 1506 1905; x_wconf 74' lang='grc' dir='ltr'>ἂν</span> <span class='ocrx_word' id='word_1_221' title='bbox 1568 1852 1617 1925; x_wconf 80' lang='grc' dir='ltr'><strong>ἐξ</strong></span> <span class='ocrx_word' id='word_1_222' title='bbox 1665 1851 1961 1928; x_wconf 79' lang='grc' dir='ltr'>ἐπιδρομῆς</span> 
     </span>
     <span class='ocr_line' id='line_1_37' title="bbox 378 1937 1782 1957; baseline 0.001 -2"><span class='ocrx_word' id='word_1_223' title='bbox 378 1937 391 1955; x_wconf 62' lang='grc' dir='ltr'><strong>ε</strong></span> <span class='ocrx_word' id='word_1_224' title='bbox 429 1937 496 1957; x_wconf 58' lang='grc' dir='ltr'><strong>η,</strong></span> <span class='ocrx_word' id='word_1_225' title='bbox 681 1940 693 1955; x_wconf 61' lang='grc' dir='ltr'><strong>ε</strong></span> <span class='ocrx_word' id='word_1_226' title='bbox 786 1937 798 1957; x_wconf 66' lang='grc' dir='ltr'><strong>ν</strong></span> <span class='ocrx_word' id='word_1_227' title='bbox 874 1939 923 1957; x_wconf 70' lang='grc' dir='ltr'><em>,υ</em></span> <span class='ocrx_word' id='word_1_228' title='bbox 1092 1938 1105 1957; x_wconf 73' lang='grc'>,</span> <span class='ocrx_word' id='word_1_229' title='bbox 1249 1944 1269 1953; x_wconf 74' lang='lat'><strong>-</strong></span> <span class='ocrx_word' id='word_1_230' title='bbox 1330 1938 1349 1957; x_wconf 58' lang='grc' dir='ltr'><strong><em>κ</em></strong></span> <span class='ocrx_word' id='word_1_231' title='bbox 1398 1939 1416 1957; x_wconf 57' lang='grc' dir='ltr'><strong>κ</strong></span> <span class='ocrx_word' id='word_1_232' title='bbox 1476 1940 1532 1957; x_wconf 64' lang='grc' dir='ltr'>,η</span> <span class='ocrx_word' id='word_1_233' title='bbox 1770 1943 1782 1957; x_wconf 88' lang='grc'><strong>,</strong></span> 
     </span>
    </p>
   </div>
   <div class='ocr_carea' id='block_1_37' title="bbox 2073 1847 3728 1957">
    <p class='ocr_par' dir='ltr' id='par_1_37' title="bbox 2081 1862 3728 1933">
     <span class='ocr_line' id='line_1_38' title="bbox 2081 1862 3728 1933; baseline -0.002 -11"><span class='ocrx_word' id='word_1_234' title='bbox 2081 1864 2395 1933; x_wconf 78' lang='lat' dir='ltr'><strong>fectus,ubi</strong></span> <span class='ocrx_word' id='word_1_235' title='bbox 2428 1863 2717 1933; x_wconf 84' lang='lat' dir='ltr'><strong>copiosior</strong></span> <span class='ocrx_word' id='word_1_236' title='bbox 2744 1880 2897 1932; x_wconf 87' lang='lat' dir='ltr'><strong>aqua</strong></span> <span class='ocrx_word' id='word_1_237' title='bbox 2928 1862 3155 1931; x_wconf 84' lang='lat' dir='ltr'><strong>ﬂueret,</strong></span> <span class='ocrx_word' id='word_1_238' title='bbox 3187 1867 3378 1916; x_wconf 91' lang='lat' dir='ltr'><strong>castra</strong></span> <span class='ocrx_word' id='word_1_239' title='bbox 3411 1864 3625 1933; x_wconf 89' lang='lat' dir='ltr'><strong>posuit.</strong></span> <span class='ocrx_word' id='word_1_240' title='bbox 3662 1864 3728 1918; x_wconf 91' lang='lat' dir='ltr'><strong>Et</strong></span> 
     </span>
    </p>
   </div>
   <div class='ocr_carea' id='block_1_38' title="bbox 306 1937 1965 2014">
    <p class='ocr_par' dir='ltr' id='par_1_38' title="bbox 306 1937 1965 2014">
     <span class='ocr_line' id='line_1_39' title="bbox 306 1937 1965 2014; baseline 0.004 -23"><span class='ocrx_word' id='word_1_241' title='bbox 306 1937 394 1991; x_wconf 83' lang='grc' dir='ltr'><strong>καὶ</strong></span> <span class='ocrx_word' id='word_1_242' title='bbox 429 1937 610 2013; x_wconf 84' lang='grc' dir='ltr'>λόχου</span> <span class='ocrx_word' id='word_1_243' title='bbox 638 1940 733 1999; x_wconf 79' lang='grc' dir='ltr'>τὰς</span> <span class='ocrx_word' id='word_1_244' title='bbox 782 1937 1042 2001; x_wconf 74' lang='grc' dir='ltr'>ἐπιθέσεις</span> <span class='ocrx_word' id='word_1_245' title='bbox 1086 1938 1139 1992; x_wconf 90' lang='grc' dir='ltr'><strong>ἐν</strong></span> <span class='ocrx_word' id='word_1_246' title='bbox 1204 1944 1282 2011; x_wconf 84' lang='grc' dir='ltr'>τῷ</span> <span class='ocrx_word' id='word_1_247' title='bbox 1330 1938 1589 2011; x_wconf 80' lang='grc' dir='ltr'>λεληθότι</span> <span class='ocrx_word' id='word_1_248' title='bbox 1620 1943 1965 2014; x_wconf 85' lang='grc' dir='ltr'>ποιούμενοι.</span> 
     </span>
    </p>
   </div>
   <div class='ocr_carea' id='block_1_39' title="bbox 309 2024 1967 2103">
    <p class='ocr_par' dir='ltr' id='par_1_39' title="bbox 309 2024 1967 2103">
     <span class='ocr_line' id='line_1_40' title="bbox 309 2024 1967 2103; baseline 0.003 -21"><span class='ocrx_word' id='word_1_249' title='bbox 309 2027 796 2103; x_wconf 79' lang='grc' dir='ltr'>Κατασραξάμενος</span> <span class='ocrx_word' id='word_1_250' title='bbox 855 2025 911 2082; x_wconf 78' lang='grc' dir='ltr'><strong>δὲ</strong></span> <span class='ocrx_word' id='word_1_251' title='bbox 973 2027 1025 2082; x_wconf 79' lang='grc' dir='ltr'><strong>ἐν</strong></span> <span class='ocrx_word' id='word_1_252' title='bbox 1104 2034 1219 2089; x_wconf 86' lang='grc' dir='ltr'>τοῖς</span> <span class='ocrx_word' id='word_1_253' title='bbox 1277 2024 1568 2099; x_wconf 79' lang='grc' dir='ltr'>ἑκηϐόλοις</span> <span class='ocrx_word' id='word_1_254' title='bbox 1626 2031 1715 2085; x_wconf 80' lang='grc' dir='ltr'><strong>καὶ</strong></span> <span class='ocrx_word' id='word_1_255' title='bbox 1767 2031 1967 2086; x_wconf 73' lang='grc' dir='ltr'>πελταο</span> 
     </span>
    </p>
   </div>
   <div class='ocr_carea' id='block_1_40' title="bbox 304 2114 1967 2193">
    <p class='ocr_par' dir='ltr' id='par_1_40' title="bbox 304 2114 1967 2193">
     <span class='ocr_line' id='line_1_41' title="bbox 304 2114 1967 2193; baseline 0.002 -23"><span class='ocrx_word' id='word_1_256' title='bbox 304 2121 461 2179; x_wconf 86' lang='grc' dir='ltr'>σταῖς</span> <span class='ocrx_word' id='word_1_257' title='bbox 519 2118 546 2170; x_wconf 85' lang='grc' dir='ltr'>ὁ</span> <span class='ocrx_word' id='word_1_258' title='bbox 610 2114 864 2189; x_wconf 78' lang='grc' dir='ltr'>βασιλεὺς</span> <span class='ocrx_word' id='word_1_259' title='bbox 922 2117 983 2169; x_wconf 87' lang='grc' dir='ltr'>τὸ</span> <span class='ocrx_word' id='word_1_260' title='bbox 1056 2114 1436 2191; x_wconf 85' lang='grc' dir='ltr'>στρατόπεδον,</span> <span class='ocrx_word' id='word_1_261' title='bbox 1500 2116 1967 2193; x_wconf 76' lang='grc' dir='ltr'>τεθωρακισμένος</span> 
     </span>
    </p>
   </div>
   <div class='ocr_carea' id='block_1_41' title="bbox 302 2199 1966 2285">
    <p class='ocr_par' dir='ltr' id='par_1_41' title="bbox 302 2199 1966 2285">
     <span class='ocr_line' id='line_1_42' title="bbox 302 2199 1966 2285; baseline 0.003 -26"><span class='ocrx_word' id='word_1_262' title='bbox 302 2210 380 2277; x_wconf 83' lang='grc' dir='ltr'>τῷ</span> <span class='ocrx_word' id='word_1_263' title='bbox 412 2205 664 2279; x_wconf 76' lang='grc' dir='ltr'>φρουρίῳ</span> <span class='ocrx_word' id='word_1_264' title='bbox 720 2199 1061 2279; x_wconf 86' lang='grc' dir='ltr'>προσϐάλλει</span> <span class='ocrx_word' id='word_1_265' title='bbox 1113 2207 1268 2274; x_wconf 87' lang='grc' dir='ltr'>Ἀζας</span> <span class='ocrx_word' id='word_1_266' title='bbox 1321 2208 1435 2280; x_wconf 82' lang='grc' dir='ltr'>μεθ’</span> <span class='ocrx_word' id='word_1_267' title='bbox 1486 2202 1622 2278; x_wconf 72' lang='grc' dir='ltr'>ὅλης</span> <span class='ocrx_word' id='word_1_268' title='bbox 1663 2216 1763 2278; x_wconf 79' lang='grc' dir='ltr'>τῆς</span> <span class='ocrx_word' id='word_1_269' title='bbox 1801 2231 1966 2285; x_wconf 64' lang='grc' dir='ltr'>στραι</span> 
     </span>
    </p>
   </div>
   <div class='ocr_carea' id='block_1_42' title="bbox 298 2290 1965 2368">
    <p class='ocr_par' dir='ltr' id='par_1_42' title="bbox 298 2290 1965 2368">
     <span class='ocr_line' id='line_1_43' title="bbox 298 2290 1965 2368; baseline 0.002 -20"><span class='ocrx_word' id='word_1_270' title='bbox 298 2298 439 2363; x_wconf 80' lang='grc' dir='ltr'>τιᾶς,</span> <span class='ocrx_word' id='word_1_271' title='bbox 499 2292 578 2356; x_wconf 71' lang='grc' dir='ltr'><strong>εἷς</strong></span> <span class='ocrx_word' id='word_1_272' title='bbox 626 2290 911 2367; x_wconf 72' lang='grc' dir='ltr'>ὑποδοχὴν</span> <span class='ocrx_word' id='word_1_273' title='bbox 973 2295 1157 2365; x_wconf 88' lang='grc' dir='ltr'>μαθὼν</span> <span class='ocrx_word' id='word_1_274' title='bbox 1223 2296 1357 2349; x_wconf 78' lang='grc' dir='ltr'>εἶναι</span> <span class='ocrx_word' id='word_1_275' title='bbox 1408 2296 1499 2350; x_wconf 89' lang='grc' dir='ltr'>τὸν</span> <span class='ocrx_word' id='word_1_276' title='bbox 1556 2296 1721 2351; x_wconf 83' lang='grc' dir='ltr'>τόπον</span> <span class='ocrx_word' id='word_1_277' title='bbox 1780 2297 1965 2368; x_wconf 68' lang='grc' dir='ltr'>ἐπιτή-</span> 
     </span>
    </p>
   </div>
   <div class='ocr_carea' id='block_1_43' title="bbox 299 2380 1963 2458">
    <p class='ocr_par' dir='ltr' id='par_1_43' title="bbox 299 2380 1963 2458">
     <span class='ocr_line' id='line_1_44' title="bbox 299 2380 1963 2458; baseline 0.002 -21"><span class='ocrx_word' id='word_1_278' title='bbox 299 2380 470 2438; x_wconf 86' lang='grc' dir='ltr'>δειον.</span> <span class='ocrx_word' id='word_1_279' title='bbox 525 2383 613 2443; x_wconf 82' lang='grc' dir='ltr'>Ὧς</span> <span class='ocrx_word' id='word_1_280' title='bbox 670 2380 727 2436; x_wconf 77' lang='grc' dir='ltr'>δὲ</span> <span class='ocrx_word' id='word_1_281' title='bbox 803 2384 1163 2458; x_wconf 80' lang='grc' dir='ltr'>προσεγγίσας</span> <span class='ocrx_word' id='word_1_282' title='bbox 1228 2383 1375 2455; x_wconf 79' lang='grc' dir='ltr'>αὐτῷ</span> <span class='ocrx_word' id='word_1_283' title='bbox 1436 2384 1796 2458; x_wconf 71' lang='grc' dir='ltr'>ἐρυμνότατον</span> <span class='ocrx_word' id='word_1_284' title='bbox 1858 2385 1963 2441; x_wconf 75' lang='grc' dir='ltr'>ετδε</span> 
     </span>
    </p>
   </div>
   <div class='ocr_carea' id='block_1_44' title="bbox 295 2472 1959 2552">
    <p class='ocr_par' dir='ltr' id='par_1_44' title="bbox 295 2472 1959 2552">
     <span class='ocr_line' id='line_1_45' title="bbox 295 2472 1959 2552; baseline 0.001 -25"><span class='ocrx_word' id='word_1_285' title='bbox 295 2475 384 2527; x_wconf 88' lang='grc' dir='ltr'><strong>καὶ</strong></span> <span class='ocrx_word' id='word_1_286' title='bbox 446 2473 822 2547; x_wconf 83' lang='grc' dir='ltr'>ὀχυρώτατον,</span> <span class='ocrx_word' id='word_1_287' title='bbox 882 2472 965 2527; x_wconf 84' lang='grc' dir='ltr'>ἐπ’</span> <span class='ocrx_word' id='word_1_288' title='bbox 1041 2473 1343 2548; x_wconf 82' lang='grc' dir='ltr'>ἀκρωρείας</span> <span class='ocrx_word' id='word_1_289' title='bbox 1415 2473 1589 2552; x_wconf 74' lang='grc' dir='ltr'>λόφου</span> <span class='ocrx_word' id='word_1_290' title='bbox 1647 2476 1959 2549; x_wconf 73' lang='grc' dir='ltr'>ἱστάμενον,</span> 
     </span>
    </p>
   </div>
   <div class='ocr_carea' id='block_1_45' title="bbox 291 2566 1957 2647">
    <p class='ocr_par' dir='ltr' id='par_1_45' title="bbox 291 2566 1957 2647">
     <span class='ocr_line' id='line_1_46' title="bbox 291 2566 1957 2647; baseline 0.007 -23"><span class='ocrx_word' id='word_1_291' title='bbox 291 2569 504 2645; x_wconf 72' lang='grc' dir='ltr'>τείχεσι</span> <span class='ocrx_word' id='word_1_292' title='bbox 561 2566 781 2632; x_wconf 81' lang='grc' dir='ltr'>διπλοῖς</span> <span class='ocrx_word' id='word_1_293' title='bbox 840 2570 1269 2645; x_wconf 70' lang='grc' dir='ltr'>περιεζωσμένον</span> <span class='ocrx_word' id='word_1_294' title='bbox 1352 2572 1439 2624; x_wconf 81' lang='grc' dir='ltr'><strong>καὶ</strong></span> <span class='ocrx_word' id='word_1_295' title='bbox 1504 2571 1725 2647; x_wconf 74' lang='grc' dir='ltr'>πέτραις</span> <span class='ocrx_word' id='word_1_296' title='bbox 1779 2571 1957 2647; x_wconf 81' lang='grc' dir='ltr'>ὥσπερ</span> 
     </span>
    </p>
   </div>
   <div class='ocr_carea' id='block_1_46' title="bbox 293 2655 1954 2735">
    <p class='ocr_par' dir='ltr' id='par_1_46' title="bbox 293 2655 1954 2735">
     <span class='ocr_line' id='line_1_47' title="bbox 293 2655 1954 2735; baseline 0.001 -22"><span class='ocrx_word' id='word_1_297' title='bbox 293 2657 758 2735; x_wconf 72' lang='grc' dir='ltr'>γεγομφωμένον,</span> <span class='ocrx_word' id='word_1_298' title='bbox 810 2655 1026 2728; x_wconf 86' lang='grc' dir='ltr'>λιθίνην</span> <span class='ocrx_word' id='word_1_299' title='bbox 1074 2659 1173 2727; x_wconf 73' lang='grc' dir='ltr'>τὴν</span> <span class='ocrx_word' id='word_1_300' title='bbox 1234 2656 1424 2713; x_wconf 76' lang='grc' dir='ltr'>ἄνοδον</span> <span class='ocrx_word' id='word_1_301' title='bbox 1461 2660 1595 2733; x_wconf 85' lang='grc' dir='ltr'>πρὸς</span> <span class='ocrx_word' id='word_1_302' title='bbox 1640 2660 1739 2728; x_wconf 68' lang='grc' dir='ltr'>τὴν</span> <span class='ocrx_word' id='word_1_303' title='bbox 1773 2660 1954 2728; x_wconf 84' lang='grc' dir='ltr'>πύλην</span> 
     </span>
    </p>
   </div>
   <div class='ocr_carea' id='block_1_47' title="bbox 300 2744 1954 2824">
    <p class='ocr_par' dir='ltr' id='par_1_47' title="bbox 300 2744 1954 2824">
     <span class='ocr_line' id='line_1_48' title="bbox 300 2744 1954 2824; baseline 0 -23"><span class='ocrx_word' id='word_1_304' title='bbox 300 2746 737 2824; x_wconf 77' lang='grc' dir='ltr'>ἀποφερόμενον,</span> <span class='ocrx_word' id='word_1_305' title='bbox 818 2749 1013 2821; x_wconf 90' lang='grc' dir='ltr'>μικρόν</span> <span class='ocrx_word' id='word_1_306' title='bbox 1082 2768 1141 2802; x_wconf 84' lang='grc' dir='ltr'><strong>τε</strong></span> <span class='ocrx_word' id='word_1_307' title='bbox 1216 2744 1360 2821; x_wconf 79' lang='grc' dir='ltr'>ὕδωρ</span> <span class='ocrx_word' id='word_1_308' title='bbox 1420 2748 1682 2823; x_wconf 69' lang='grc' dir='ltr'>ἄπορῥέον</span> <span class='ocrx_word' id='word_1_309' title='bbox 1734 2750 1823 2803; x_wconf 78' lang='grc' dir='ltr'><strong>καὶ</strong></span> <span class='ocrx_word' id='word_1_310' title='bbox 1880 2752 1954 2820; x_wconf 78' lang='grc' dir='ltr'>μή</span> 
     </span>
    </p>
   </div>
   <div class='ocr_carea' id='block_1_48' title="bbox 299 2833 1955 2911">
    <p class='ocr_par' dir='ltr' id='par_1_48' title="bbox 299 2833 1955 2911">
     <span class='ocr_line' id='line_1_49' title="bbox 299 2833 1955 2911; baseline -0.001 -20"><span class='ocrx_word' id='word_1_311' title='bbox 299 2836 558 2910; x_wconf 76' lang='grc' dir='ltr'>ἐξαρκοῦν</span> <span class='ocrx_word' id='word_1_312' title='bbox 605 2835 741 2911; x_wconf 84' lang='grc' dir='ltr'>πρὸς</span> <span class='ocrx_word' id='word_1_313' title='bbox 794 2833 1078 2910; x_wconf 75' lang='grc' dir='ltr'>ὑποδοχὴν</span> <span class='ocrx_word' id='word_1_314' title='bbox 1129 2835 1391 2890; x_wconf 81' lang='grc' dir='ltr'>τοσούτου</span> <span class='ocrx_word' id='word_1_315' title='bbox 1434 2841 1685 2911; x_wconf 78' lang='grc' dir='ltr'>στρατοῦ,</span> <span class='ocrx_word' id='word_1_316' title='bbox 1734 2837 1955 2906; x_wconf 87' lang='grc' dir='ltr'>ἀναζεύ-</span> 
     </span>
    </p>
   </div>
   <div class='ocr_carea' id='block_1_49' title="bbox 299 2920 1955 3000">
    <p class='ocr_par' dir='ltr' id='par_1_49' title="bbox 299 2920 1955 3000">
     <span class='ocr_line' id='line_1_50' title="bbox 299 2920 1955 3000; baseline 0 -21"><span class='ocrx_word' id='word_1_317' title='bbox 299 2926 389 2995; x_wconf 89' lang='grc' dir='ltr'><strong>ξας</strong></span> <span class='ocrx_word' id='word_1_318' title='bbox 439 2925 516 2986; x_wconf 71' lang='grc' dir='ltr'><strong>είς</strong></span> <span class='ocrx_word' id='word_1_319' title='bbox 572 2923 738 2978; x_wconf 90' lang='grc' dir='ltr'>τόπον</span> <span class='ocrx_word' id='word_1_320' title='bbox 811 2922 1044 2997; x_wconf 75' lang='grc' dir='ltr'>ἐπήξατο</span> <span class='ocrx_word' id='word_1_321' title='bbox 1119 2926 1218 2994; x_wconf 80' lang='grc' dir='ltr'>τήν</span> <span class='ocrx_word' id='word_1_322' title='bbox 1290 2920 1649 3000; x_wconf 68' lang='grc' dir='ltr'>παρεμϐολήν</span> <span class='ocrx_word' id='word_1_323' title='bbox 1707 2923 1832 2990; x_wconf 67' lang='grc' dir='ltr'>ἔνθα</span> <span class='ocrx_word' id='word_1_324' title='bbox 1894 2927 1955 2979; x_wconf 90' lang='grc' dir='ltr'>τὸ</span> 
     </span>
    </p>
   </div>
   <div class='ocr_carea' id='block_1_50' title="bbox 301 3009 1957 3091">
    <p class='ocr_par' dir='ltr' id='par_1_50' title="bbox 301 3009 1957 3091">
     <span class='ocr_line' id='line_1_51' title="bbox 301 3009 1957 3091; baseline 0.001 -25"><span class='ocrx_word' id='word_1_325' title='bbox 301 3011 447 3087; x_wconf 79' lang='grc' dir='ltr'>ὕδωρ</span> <span class='ocrx_word' id='word_1_326' title='bbox 496 3014 868 3091; x_wconf 69' lang='grc' dir='ltr'>ἀφθονώτερον</span> <span class='ocrx_word' id='word_1_327' title='bbox 931 3009 1132 3089; x_wconf 74' lang='grc' dir='ltr'>ἔρρεεν.</span> <span class='ocrx_word' id='word_1_328' title='bbox 1191 3014 1449 3076; x_wconf 81' lang='grc' dir='ltr'>Ἀναστὰς</span> <span class='ocrx_word' id='word_1_329' title='bbox 1500 3012 1558 3068; x_wconf 75' lang='grc' dir='ltr'>δὲ</span> <span class='ocrx_word' id='word_1_330' title='bbox 1610 3014 1809 3078; x_wconf 83' lang='grc' dir='ltr'>ἐκεῖθεν</span> <span class='ocrx_word' id='word_1_331' title='bbox 1856 3014 1957 3088; x_wconf 83' lang='grc' dir='ltr'><strong>ὥρ-</strong></span> 
     </span>
    </p>
   </div>
   <div class='ocr_carea' id='block_1_51' title="bbox 302 3099 1955 3177">
    <p class='ocr_par' dir='ltr' id='par_1_51' title="bbox 302 3099 1955 3177">
     <span class='ocr_line' id='line_1_52' title="bbox 302 3099 1955 3177; baseline 0.001 -21"><span class='ocrx_word' id='word_1_332' title='bbox 302 3123 445 3173; x_wconf 86' lang='grc' dir='ltr'>μησε</span> <span class='ocrx_word' id='word_1_333' title='bbox 476 3103 611 3177; x_wconf 86' lang='grc' dir='ltr'>πρὸς</span> <span class='ocrx_word' id='word_1_334' title='bbox 665 3101 734 3156; x_wconf 77' lang='grc' dir='ltr'>τὰ</span> <span class='ocrx_word' id='word_1_335' title='bbox 778 3108 877 3170; x_wconf 78' lang='grc' dir='ltr'>τῆς</span> <span class='ocrx_word' id='word_1_336' title='bbox 927 3099 1280 3163; x_wconf 81' lang='grc' dir='ltr'>Αὐσονίτιδος</span> <span class='ocrx_word' id='word_1_337' title='bbox 1331 3101 1473 3176; x_wconf 80' lang='grc' dir='ltr'>ὅρια,</span> <span class='ocrx_word' id='word_1_338' title='bbox 1520 3104 1609 3157; x_wconf 86' lang='grc' dir='ltr'><strong>καὶ</strong></span> <span class='ocrx_word' id='word_1_339' title='bbox 1668 3102 1955 3176; x_wconf 74' lang='grc' dir='ltr'>πυρπολή-</span> 
     </span>
    </p>
   </div>
   <div class='ocr_carea' id='block_1_52' title="bbox 299 3187 1956 3265">
    <p class='ocr_par' dir='ltr' id='par_1_52' title="bbox 299 3187 1956 3265">
     <span class='ocr_line' id='line_1_53' title="bbox 299 3187 1956 3265; baseline 0.001 -22"><span class='ocrx_word' id='word_1_340' title='bbox 299 3210 392 3252; x_wconf 89' lang='grc' dir='ltr'><strong>σας</strong></span> <span class='ocrx_word' id='word_1_341' title='bbox 455 3190 669 3265; x_wconf 83' lang='grc' dir='ltr'>χωρίον</span> <span class='ocrx_word' id='word_1_342' title='bbox 727 3188 977 3264; x_wconf 78' lang='grc' dir='ltr'>μέγιστον</span> <span class='ocrx_word' id='word_1_343' title='bbox 1024 3188 1213 3262; x_wconf 76' lang='grc' dir='ltr'>Κάτμα</span> <span class='ocrx_word' id='word_1_344' title='bbox 1262 3187 1579 3264; x_wconf 80' lang='grc' dir='ltr'>λεγόμενον,</span> <span class='ocrx_word' id='word_1_345' title='bbox 1638 3196 1716 3263; x_wconf 77' lang='grc' dir='ltr'>τῷ</span> <span class='ocrx_word' id='word_1_346' title='bbox 1766 3192 1956 3265; x_wconf 80' lang='grc' dir='ltr'>ἀμηρᾷ</span> 
     </span>
    </p>
   </div>
   <div class='ocr_carea' id='block_1_53' title="bbox 2014 1951 3722 2029">
    <p class='ocr_par' dir='ltr' id='par_1_53' title="bbox 2014 1951 3722 2029">
     <span class='ocr_line' id='line_1_54' title="bbox 2014 1951 3722 2029; baseline -0.002 -19"><span class='ocrx_word' id='word_1_347' title='bbox 2014 1951 2042 2029; x_wconf 50' lang='grc' dir='ltr'><em>ξ</em></span> <span class='ocrx_word' id='word_1_348' title='bbox 2082 1955 2215 2010; x_wconf 89' lang='lat' dir='ltr'><strong>inde</strong></span> <span class='ocrx_word' id='word_1_349' title='bbox 2242 1970 2475 2025; x_wconf 91' lang='lat' dir='ltr'><strong>quoque</strong></span> <span class='ocrx_word' id='word_1_350' title='bbox 2505 1954 2814 2007; x_wconf 85' lang='lat' dir='ltr'><strong>discedens</strong></span> <span class='ocrx_word' id='word_1_351' title='bbox 2863 1951 3076 2005; x_wconf 88' lang='lat' dir='ltr'><strong>invasit</strong></span> <span class='ocrx_word' id='word_1_352' title='bbox 3122 1951 3503 2006; x_wconf 83' lang='lat' dir='ltr'><strong>Ausonitides</strong></span> <span class='ocrx_word' id='word_1_353' title='bbox 3553 1952 3722 2022; x_wconf 82' lang='lat' dir='ltr'><strong>ﬁnes,</strong></span> 
     </span>
    </p>
   </div>
   <div class='ocr_carea' id='block_1_54' title="bbox 2079 2039 3725 2115">
    <p class='ocr_par' dir='ltr' id='par_1_54' title="bbox 2079 2039 3725 2115">
     <span class='ocr_line' id='line_1_55' title="bbox 2079 2039 3725 2115; baseline -0.003 -16"><span class='ocrx_word' id='word_1_354' title='bbox 2079 2045 2434 2115; x_wconf 85' lang='lat' dir='ltr'><strong>incensoque</strong></span> <span class='ocrx_word' id='word_1_355' title='bbox 2494 2059 2633 2114; x_wconf 84' lang='lat' dir='ltr'><strong>agro</strong></span> <span class='ocrx_word' id='word_1_356' title='bbox 2687 2041 2963 2103; x_wconf 85' lang='lat' dir='ltr'><strong>maximo,</strong></span> <span class='ocrx_word' id='word_1_357' title='bbox 3014 2039 3250 2095; x_wconf 89' lang='lat' dir='ltr'><strong>nomine</strong></span> <span class='ocrx_word' id='word_1_358' title='bbox 3294 2043 3519 2105; x_wconf 89' lang='lat' dir='ltr'><strong>Catma,</strong></span> <span class='ocrx_word' id='word_1_359' title='bbox 3569 2041 3725 2095; x_wconf 84' lang='lat' dir='ltr'><strong>anti-</strong></span> 
     </span>
    </p>
   </div>
   <div class='ocr_carea' id='block_1_55' title="bbox 2077 2128 3720 2205">
    <p class='ocr_par' dir='ltr' id='par_1_55' title="bbox 2077 2128 3720 2205">
     <span class='ocr_line' id='line_1_56' title="bbox 2077 2128 3720 2205; baseline -0.002 -18"><span class='ocrx_word' id='word_1_360' title='bbox 2077 2135 2280 2205; x_wconf 91' lang='lat' dir='ltr'><strong>quitus</strong></span> <span class='ocrx_word' id='word_1_361' title='bbox 2320 2130 2571 2203; x_wconf 87' lang='lat' dir='ltr'><strong>principi</strong></span> <span class='ocrx_word' id='word_1_362' title='bbox 2604 2130 2815 2201; x_wconf 87' lang='lat' dir='ltr'><strong>Chalep</strong></span> <span class='ocrx_word' id='word_1_363' title='bbox 2851 2130 3171 2200; x_wconf 78' lang='lat' dir='ltr'><strong>assignato,</strong></span> <span class='ocrx_word' id='word_1_364' title='bbox 3202 2128 3260 2183; x_wconf 90' lang='lat' dir='ltr'><strong>in</strong></span> <span class='ocrx_word' id='word_1_365' title='bbox 3295 2128 3478 2184; x_wconf 86' lang='lat' dir='ltr'><strong>alium</strong></span> <span class='ocrx_word' id='word_1_366' title='bbox 3527 2129 3720 2185; x_wconf 90' lang='lat' dir='ltr'><strong>locum</strong></span> 
     </span>
    </p>
   </div>
   <div class='ocr_carea' id='block_1_56' title="bbox 2074 2217 3721 2293">
    <p class='ocr_par' dir='ltr' id='par_1_56' title="bbox 2074 2217 3721 2293">
     <span class='ocr_line' id='line_1_57' title="bbox 2074 2217 3721 2293; baseline -0.003 -16"><span class='ocrx_word' id='word_1_367' title='bbox 2074 2239 2137 2277; x_wconf 91' lang='lat' dir='ltr'><strong>se</strong></span> <span class='ocrx_word' id='word_1_368' title='bbox 2168 2222 2401 2293; x_wconf 91' lang='lat' dir='ltr'><strong>recepit,</strong></span> <span class='ocrx_word' id='word_1_369' title='bbox 2452 2219 2735 2275; x_wconf 88' lang='lat' dir='ltr'><strong>Tarchola</strong></span> <span class='ocrx_word' id='word_1_370' title='bbox 2765 2219 3038 2280; x_wconf 73' lang='lat' dir='ltr'><strong>inomine.</strong></span> <span class='ocrx_word' id='word_1_371' title='bbox 3098 2218 3500 2288; x_wconf 87' lang='lat' dir='ltr'><strong>Perruptoque</strong></span> <span class='ocrx_word' id='word_1_372' title='bbox 3546 2217 3721 2287; x_wconf 81' lang='lat' dir='ltr'><strong>vallo,</strong></span> 
     </span>
    </p>
   </div>
   <div class='ocr_carea' id='block_1_57' title="bbox 2072 2307 3719 2381">
    <p class='ocr_par' dir='ltr' id='par_1_57' title="bbox 2072 2307 3719 2381">
     <span class='ocr_line' id='line_1_58' title="bbox 2072 2307 3719 2381; baseline -0.003 -16"><span class='ocrx_word' id='word_1_373' title='bbox 2072 2316 2130 2364; x_wconf 91' lang='lat' dir='ltr'><strong>et</strong></span> <span class='ocrx_word' id='word_1_374' title='bbox 2185 2311 2537 2381; x_wconf 85' lang='lat' dir='ltr'><strong>imperatore</strong></span> <span class='ocrx_word' id='word_1_375' title='bbox 2598 2308 2668 2362; x_wconf 87' lang='lat' dir='ltr'><strong>ad</strong></span> <span class='ocrx_word' id='word_1_376' title='bbox 2728 2309 2989 2361; x_wconf 85' lang='lat' dir='ltr'><strong>dextram</strong></span> <span class='ocrx_word' id='word_1_377' title='bbox 3044 2311 3266 2376; x_wconf 90' lang='lat' dir='ltr'><strong>partem</strong></span> <span class='ocrx_word' id='word_1_378' title='bbox 3319 2307 3719 2373; x_wconf 84' lang='lat' dir='ltr'><strong>incumbente,</strong></span> 
     </span>
    </p>
   </div>
   <div class='ocr_carea' id='block_1_58' title="bbox 2071 2395 3715 2467">
    <p class='ocr_par' dir='ltr' id='par_1_58' title="bbox 2071 2395 3715 2467">
     <span class='ocr_line' id='line_1_59' title="bbox 2071 2395 3715 2467; baseline -0.004 -12"><span class='ocrx_word' id='word_1_379' title='bbox 2071 2401 2289 2456; x_wconf 88' lang='lat' dir='ltr'><strong>Arabes</strong></span> <span class='ocrx_word' id='word_1_380' title='bbox 2318 2400 2454 2467; x_wconf 88' lang='lat' dir='ltr'><strong>duo,</strong></span> <span class='ocrx_word' id='word_1_381' title='bbox 2489 2398 2587 2467; x_wconf 90' lang='lat' dir='ltr'><strong>qui</strong></span> <span class='ocrx_word' id='word_1_382' title='bbox 2618 2396 2880 2451; x_wconf 85' lang='lat' dir='ltr'><strong>latebant</strong></span> <span class='ocrx_word' id='word_1_383' title='bbox 2910 2411 2943 2449; x_wconf 89' lang='lat' dir='ltr'><strong>a</strong></span> <span class='ocrx_word' id='word_1_384' title='bbox 2973 2399 3137 2464; x_wconf 81' lang='lat' dir='ltr'><strong>tergo</strong></span> <span class='ocrx_word' id='word_1_385' title='bbox 3170 2395 3407 2459; x_wconf 89' lang='lat' dir='ltr'><strong>montis,</strong></span> <span class='ocrx_word' id='word_1_386' title='bbox 3459 2396 3715 2450; x_wconf 89' lang='lat' dir='ltr'><strong>concita-</strong></span> 
     </span>
    </p>
   </div>
   <div class='ocr_carea' id='block_1_59' title="bbox 2070 2483 3713 2559">
    <p class='ocr_par' dir='ltr' id='par_1_59' title="bbox 2070 2483 3713 2559">
     <span class='ocr_line' id='line_1_60' title="bbox 2070 2483 3713 2559; baseline -0.004 -15"><span class='ocrx_word' id='word_1_387' title='bbox 2070 2490 2144 2544; x_wconf 90' lang='lat' dir='ltr'><strong>tis</strong></span> <span class='ocrx_word' id='word_1_388' title='bbox 2177 2488 2363 2559; x_wconf 87' lang='lat' dir='ltr'><strong>equis,</strong></span> <span class='ocrx_word' id='word_1_389' title='bbox 2406 2485 2633 2558; x_wconf 86' lang='lat' dir='ltr'><strong>pedites</strong></span> <span class='ocrx_word' id='word_1_390' title='bbox 2684 2484 2831 2539; x_wconf 90' lang='lat' dir='ltr'><strong>duos</strong></span> <span class='ocrx_word' id='word_1_391' title='bbox 2879 2483 3068 2539; x_wconf 89' lang='lat' dir='ltr'><strong>hastis</strong></span> <span class='ocrx_word' id='word_1_392' title='bbox 3116 2484 3262 2537; x_wconf 79' lang='lat'><strong>677</strong></span> <span class='ocrx_word' id='word_1_393' title='bbox 3317 2483 3713 2552; x_wconf 84' lang='lat' dir='ltr'><strong>interﬁciunt;</strong></span> 
     </span>
    </p>
   </div>
   <div class='ocr_carea' id='block_1_60' title="bbox 2069 2580 3712 2659">
    <p class='ocr_par' dir='ltr' id='par_1_60' title="bbox 2069 2580 3712 2659">
     <span class='ocr_line' id='line_1_61' title="bbox 2069 2580 3712 2659; baseline -0.004 -16"><span class='ocrx_word' id='word_1_394' title='bbox 2069 2605 2219 2659; x_wconf 90' lang='lat' dir='ltr'><strong>quos</strong></span> <span class='ocrx_word' id='word_1_395' title='bbox 2248 2588 2623 2657; x_wconf 89' lang='lat' dir='ltr'><strong>conspicatus</strong></span> <span class='ocrx_word' id='word_1_396' title='bbox 2654 2583 2972 2655; x_wconf 87' lang='lat' dir='ltr'><strong>imperator</strong></span> <span class='ocrx_word' id='word_1_397' title='bbox 3002 2582 3228 2653; x_wconf 90' lang='lat' dir='ltr'><strong>primus</strong></span> <span class='ocrx_word' id='word_1_398' title='bbox 3260 2580 3459 2637; x_wconf 81' lang='lat' dir='ltr'><strong>statim</strong></span> <span class='ocrx_word' id='word_1_399' title='bbox 3494 2582 3712 2637; x_wconf 85' lang='lat' dir='ltr'><strong>milites</strong></span> 
     </span>
    </p>
   </div>
   <div class='ocr_carea' id='block_1_61' title="bbox 2069 2670 3711 2748">
    <p class='ocr_par' dir='ltr' id='par_1_61' title="bbox 2069 2670 3711 2748">
     <span class='ocr_line' id='line_1_62' title="bbox 2069 2670 3711 2748; baseline -0.004 -17"><span class='ocrx_word' id='word_1_400' title='bbox 2069 2678 2138 2732; x_wconf 88' lang='lat' dir='ltr'><strong>ad</strong></span> <span class='ocrx_word' id='word_1_401' title='bbox 2174 2674 2609 2748; x_wconf 88' lang='lat' dir='ltr'><strong>persequendos</strong></span> <span class='ocrx_word' id='word_1_402' title='bbox 2639 2689 2738 2727; x_wconf 82' lang='lat' dir='ltr'><strong>eos</strong></span> <span class='ocrx_word' id='word_1_403' title='bbox 2769 2670 3271 2726; x_wconf 88' lang='lat' dir='ltr'><strong>incitavit.Verum</strong></span> <span class='ocrx_word' id='word_1_404' title='bbox 3308 2670 3389 2723; x_wconf 91' lang='lat' dir='ltr'><strong>illi</strong></span> <span class='ocrx_word' id='word_1_405' title='bbox 3420 2686 3711 2740; x_wconf 88' lang='lat' dir='ltr'><strong>occupan-</strong></span> 
     </span>
    </p>
   </div>
   <div class='ocr_carea' id='block_1_62' title="bbox 2066 2758 3716 2832">
    <p class='ocr_par' dir='ltr' id='par_1_62' title="bbox 2066 2758 3716 2832">
     <span class='ocr_line' id='line_1_63' title="bbox 2066 2758 3716 2832; baseline -0.004 -12"><span class='ocrx_word' id='word_1_406' title='bbox 2066 2771 2154 2821; x_wconf 85' lang='lat' dir='ltr'><strong>tcs</strong></span> <span class='ocrx_word' id='word_1_407' title='bbox 2182 2764 2554 2821; x_wconf 90' lang='lat' dir='ltr'><strong>velocissimo</strong></span> <span class='ocrx_word' id='word_1_408' title='bbox 2586 2777 2871 2832; x_wconf 87' lang='lat' dir='ltr'><strong>equorum</strong></span> <span class='ocrx_word' id='word_1_409' title='bbox 2906 2776 3082 2815; x_wconf 87' lang='lat' dir='ltr'><strong>cursu</strong></span> <span class='ocrx_word' id='word_1_410' title='bbox 3118 2760 3177 2814; x_wconf 92' lang='lat' dir='ltr'><strong>in</strong></span> <span class='ocrx_word' id='word_1_411' title='bbox 3228 2776 3335 2813; x_wconf 88' lang='lat' dir='ltr'><strong>sua</strong></span> <span class='ocrx_word' id='word_1_412' title='bbox 3383 2763 3573 2814; x_wconf 84' lang='lat' dir='ltr'><strong>castra</strong></span> <span class='ocrx_word' id='word_1_413' title='bbox 3619 2758 3716 2813; x_wconf 89' lang='lat' dir='ltr'><strong>in-</strong></span> 
     </span>
    </p>
   </div>
   <div class='ocr_carea' id='block_1_63' title="bbox 2067 2848 3711 2922">
    <p class='ocr_par' dir='ltr' id='par_1_63' title="bbox 2067 2848 3711 2922">
     <span class='ocr_line' id='line_1_64' title="bbox 2067 2848 3711 2922; baseline -0.005 -11"><span class='ocrx_word' id='word_1_414' title='bbox 2067 2855 2326 2912; x_wconf 89' lang='lat' dir='ltr'><strong>columes</strong></span> <span class='ocrx_word' id='word_1_415' title='bbox 2377 2869 2439 2908; x_wconf 91' lang='lat' dir='ltr'><strong>se</strong></span> <span class='ocrx_word' id='word_1_416' title='bbox 2488 2866 2779 2922; x_wconf 88' lang='lat' dir='ltr'><strong>recepere,</strong></span> <span class='ocrx_word' id='word_1_417' title='bbox 2829 2850 2909 2919; x_wconf 89' lang='lat' dir='ltr'><strong>(et</strong></span> <span class='ocrx_word' id='word_1_418' title='bbox 2954 2848 3114 2904; x_wconf 87' lang='lat' dir='ltr'><strong>illinc</strong></span> <span class='ocrx_word' id='word_1_419' title='bbox 3163 2848 3402 2919; x_wconf 78' lang='lat' dir='ltr'><strong>profecti</strong></span> <span class='ocrx_word' id='word_1_420' title='bbox 3449 2852 3608 2902; x_wconf 86' lang='lat' dir='ltr'><strong>recta</strong></span> <span class='ocrx_word' id='word_1_421' title='bbox 3639 2849 3711 2903; x_wconf 90' lang='lat' dir='ltr'><strong>ad</strong></span> 
     </span>
    </p>
   </div>
   <div class='ocr_carea' id='block_1_64' title="bbox 2066 2936 3710 3010">
    <p class='ocr_par' dir='ltr' id='par_1_64' title="bbox 2066 2936 3710 3010">
     <span class='ocr_line' id='line_1_65' title="bbox 2066 2936 3710 3010; baseline -0.005 -10"><span class='ocrx_word' id='word_1_422' title='bbox 2066 2943 2273 3000; x_wconf 86' lang='lat' dir='ltr'><strong>Artach</strong></span> <span class='ocrx_word' id='word_1_423' title='bbox 2309 2940 2759 3010; x_wconf 88' lang='lat' dir='ltr'><strong>contenderunt)</strong></span> <span class='ocrx_word' id='word_1_424' title='bbox 2790 2939 2945 3009; x_wconf 93' lang='lat' dir='ltr'><strong>quod</strong></span> <span class='ocrx_word' id='word_1_425' title='bbox 2978 2938 3257 3008; x_wconf 86' lang='lat' dir='ltr'><strong>Oppidum</strong></span> <span class='ocrx_word' id='word_1_426' title='bbox 3290 2936 3530 3007; x_wconf 82' lang='lat' dir='ltr'><strong>expulso</strong></span> <span class='ocrx_word' id='word_1_427' title='bbox 3571 2954 3710 3009; x_wconf 85' lang='lat' dir='ltr'><strong>pro-</strong></span> 
     </span>
    </p>
   </div>
   <div class='ocr_carea' id='block_1_65' title="bbox 2064 3026 3709 3105">
    <p class='ocr_par' dir='ltr' id='par_1_65' title="bbox 2064 3026 3709 3105">
     <span class='ocr_line' id='line_1_66' title="bbox 2064 3026 3709 3105; baseline -0.004 -18"><span class='ocrx_word' id='word_1_428' title='bbox 2064 3034 2189 3105; x_wconf 83' lang='lat' dir='ltr'><strong>prio</strong></span> <span class='ocrx_word' id='word_1_429' title='bbox 2240 3034 2387 3085; x_wconf 90' lang='lat' dir='ltr'><strong>duce</strong></span> <span class='ocrx_word' id='word_1_430' title='bbox 2433 3029 2778 3085; x_wconf 85' lang='lat' dir='ltr'><strong>oblinebant</strong></span> <span class='ocrx_word' id='word_1_431' title='bbox 2805 3026 3096 3082; x_wconf 85' lang='lat' dir='ltr'><strong>Saraceni.</strong></span> <span class='ocrx_word' id='word_1_432' title='bbox 3132 3030 3545 3081; x_wconf 89' lang='lat' dir='ltr'><strong>Verumtamen</strong></span> <span class='ocrx_word' id='word_1_433' title='bbox 3579 3043 3709 3080; x_wconf 91' lang='lat' dir='ltr'><strong>rur-</strong></span> 
     </span>
    </p>
   </div>
   <div class='ocr_carea' id='block_1_66' title="bbox 2065 3115 3713 3190">
    <p class='ocr_par' dir='ltr' id='par_1_66' title="bbox 2065 3115 3713 3190">
     <span class='ocr_line' id='line_1_67' title="bbox 2065 3115 3713 3190; baseline -0.005 -12"><span class='ocrx_word' id='word_1_434' title='bbox 2065 3139 2195 3179; x_wconf 87' lang='lat' dir='ltr'><strong>sum</strong></span> <span class='ocrx_word' id='word_1_435' title='bbox 2231 3120 2460 3190; x_wconf 85' lang='lat' dir='ltr'><strong>i‘ugiunt</strong></span> <span class='ocrx_word' id='word_1_436' title='bbox 2509 3117 2607 3188; x_wconf 86' lang='lat' dir='ltr'><strong>qui</strong></span> <span class='ocrx_word' id='word_1_437' title='bbox 2650 3116 2793 3171; x_wconf 90' lang='lat' dir='ltr'><strong>illud</strong></span> <span class='ocrx_word' id='word_1_438' title='bbox 2847 3116 3216 3180; x_wconf 85' lang='lat' dir='ltr'><strong>tutabantur,</strong></span> <span class='ocrx_word' id='word_1_439' title='bbox 3271 3118 3327 3168; x_wconf 88' lang='lat' dir='ltr'><strong>et</strong></span> <span class='ocrx_word' id='word_1_440' title='bbox 3375 3115 3713 3186; x_wconf 88' lang='lat' dir='ltr'><strong>imperatori</strong></span> 
     </span>
    </p>
   </div>
   <div class='ocr_carea' id='block_1_67' title="bbox 2066 3203 3711 3277">
    <p class='ocr_par' dir='ltr' id='par_1_67' title="bbox 2066 3203 3711 3277">
     <span class='ocr_line' id='line_1_68' title="bbox 2066 3203 3711 3277; baseline -0.004 -11"><span class='ocrx_word' id='word_1_441' title='bbox 2066 3228 2240 3266; x_wconf 87' lang='lat' dir='ltr'><strong>suum</strong></span> <span class='ocrx_word' id='word_1_442' title='bbox 2311 3212 2641 3264; x_wconf 87' lang='lat' dir='ltr'><strong>reservatur</strong></span> <span class='ocrx_word' id='word_1_443' title='bbox 2707 3203 3076 3277; x_wconf 87' lang='lat' dir='ltr'><strong>oppidulum,</strong></span> <span class='ocrx_word' id='word_1_444' title='bbox 3138 3204 3196 3259; x_wconf 91' lang='lat' dir='ltr'><strong>in</strong></span> <span class='ocrx_word' id='word_1_445' title='bbox 3268 3220 3383 3274; x_wconf 90' lang='lat' dir='ltr'><strong>quo</strong></span> <span class='ocrx_word' id='word_1_446' title='bbox 3443 3204 3711 3275; x_wconf 57' lang='lat' dir='ltr'><strong>praesidio</strong></span> 
     </span>
    </p>
   </div>
   <div class='ocr_carea' id='block_1_68' title="bbox 294 3260 1961 3369">
    <p class='ocr_par' dir='ltr' id='par_1_68' title="bbox 294 3276 1955 3355">
     <span class='ocr_line' id='line_1_69' title="bbox 294 3276 1955 3355; baseline 0.002 -24"><span class='ocrx_word' id='word_1_447' title='bbox 294 3282 392 3332; x_wconf 77' lang='grc' dir='ltr'><strong>τοῦ</strong></span> <span class='ocrx_word' id='word_1_448' title='bbox 454 3276 646 3335; x_wconf 85' lang='grc' dir='ltr'>Χάλεπ</span> <span class='ocrx_word' id='word_1_449' title='bbox 711 3277 1087 3355; x_wconf 77' lang='grc' dir='ltr'>ὀφωρισμὲνον</span> <span class='ocrx_word' id='word_1_450' title='bbox 1162 3277 1221 3332; x_wconf 80' lang='grc' dir='ltr'><strong>ἐκ</strong></span> <span class='ocrx_word' id='word_1_451' title='bbox 1296 3276 1554 3349; x_wconf 76' lang='grc' dir='ltr'>παλαιοῦ,</span> <span class='ocrx_word' id='word_1_452' title='bbox 1633 3279 1707 3340; x_wconf 80' lang='grc' dir='ltr'><strong>εἰς</strong></span> <span class='ocrx_word' id='word_1_453' title='bbox 1774 3276 1955 3354; x_wconf 71' lang='grc' dir='ltr'>ἕτερον</span> 
     </span>
    </p>
   </div>
   <div class='ocr_carea' id='block_1_69' title="bbox 2073 3260 3714 3369">
    <p class='ocr_par' dir='ltr' id='par_1_69' title="bbox 2073 3293 3714 3369">
     <span class='ocr_line' id='line_1_70' title="bbox 2073 3293 3714 3369; baseline -0.005 -14"><span class='ocrx_word' id='word_1_454' title='bbox 2073 3298 2363 3369; x_wconf 87' lang='lat' dir='ltr'><strong>imposito,</strong></span> <span class='ocrx_word' id='word_1_455' title='bbox 2414 3301 2471 3350; x_wconf 87' lang='lat' dir='ltr'><strong>et</strong></span> <span class='ocrx_word' id='word_1_456' title='bbox 2525 3296 2732 3350; x_wconf 90' lang='lat' dir='ltr'><strong>idoneo</strong></span> <span class='ocrx_word' id='word_1_457' title='bbox 2794 3297 3123 3348; x_wconf 88' lang='lat' dir='ltr'><strong>commeatu</strong></span> <span class='ocrx_word' id='word_1_458' title='bbox 3194 3293 3394 3346; x_wconf 90' lang='lat' dir='ltr'><strong>omnia</strong></span> <span class='ocrx_word' id='word_1_459' title='bbox 3460 3294 3714 3364; x_wconf 87' lang='lat' dir='ltr'><strong>tempori</strong></span> 
     </span>
    </p>
   </div>
   <div class='ocr_carea' id='block_1_70' title="bbox 297 3365 1948 3442">
    <p class='ocr_par' dir='ltr' id='par_1_70' title="bbox 297 3365 1948 3442">
     <span class='ocr_line' id='line_1_71' title="bbox 297 3365 1948 3442; baseline 0 -20"><span class='ocrx_word' id='word_1_460' title='bbox 297 3368 514 3442; x_wconf 88' lang='grc' dir='ltr'>χωρίον</span> <span class='ocrx_word' id='word_1_461' title='bbox 580 3365 841 3421; x_wconf 72' lang='grc' dir='ltr'>κατέλυσε</span> <span class='ocrx_word' id='word_1_462' title='bbox 901 3366 1185 3441; x_wconf 84' lang='grc' dir='ltr'>Ταρχωλὰ</span> <span class='ocrx_word' id='word_1_463' title='bbox 1254 3369 1784 3440; x_wconf 83' lang='grc' dir='ltr'>κατονομαζὸμενον.</span> <span class='ocrx_word' id='word_1_464' title='bbox 1842 3376 1948 3422; x_wconf 85' lang='grc' dir='ltr'><strong>Κο-</strong></span> 
     </span>
    </p>
   </div>
   <div class='ocr_carea' id='block_1_71' title="bbox 294 3453 1948 3531">
    <p class='ocr_par' dir='ltr' id='par_1_71' title="bbox 294 3453 1948 3531">
     <span class='ocr_line' id='line_1_72' title="bbox 294 3453 1948 3531; baseline 0 -20"><span class='ocrx_word' id='word_1_465' title='bbox 294 3454 577 3528; x_wconf 76' lang='grc' dir='ltr'>πτομένου</span> <span class='ocrx_word' id='word_1_466' title='bbox 609 3453 666 3510; x_wconf 71' lang='grc' dir='ltr'>δὲ</span> <span class='ocrx_word' id='word_1_467' title='bbox 708 3460 805 3510; x_wconf 77' lang='grc' dir='ltr'>τοῦ</span> <span class='ocrx_word' id='word_1_468' title='bbox 845 3457 1110 3530; x_wconf 80' lang='grc' dir='ltr'>χάρακος,</span> <span class='ocrx_word' id='word_1_469' title='bbox 1160 3456 1252 3510; x_wconf 85' lang='grc' dir='ltr'><strong>καὶ</strong></span> <span class='ocrx_word' id='word_1_470' title='bbox 1296 3461 1391 3510; x_wconf 75' lang='grc' dir='ltr'><strong>τοῦ</strong></span> <span class='ocrx_word' id='word_1_471' title='bbox 1426 3457 1694 3531; x_wconf 78' lang='grc' dir='ltr'>βασιΛέως</span> <span class='ocrx_word' id='word_1_472' title='bbox 1725 3459 1948 3529; x_wconf 69' lang='grc' dir='ltr'>ἱσταμέ-</span> 
     </span>
    </p>
   </div>
   <div class='ocr_carea' id='block_1_72' title="bbox 296 3540 1953 3620">
    <p class='ocr_par' dir='ltr' id='par_1_72' title="bbox 296 3540 1953 3620">
     <span class='ocr_line' id='line_1_73' title="bbox 296 3540 1953 3620; baseline 0.001 -22"><span class='ocrx_word' id='word_1_473' title='bbox 296 3568 392 3600; x_wconf 90' lang='grc' dir='ltr'><strong>νου</strong></span> <span class='ocrx_word' id='word_1_474' title='bbox 451 3544 590 3599; x_wconf 83' lang='grc' dir='ltr'>κατὰ</span> <span class='ocrx_word' id='word_1_475' title='bbox 635 3546 697 3598; x_wconf 85' lang='grc' dir='ltr'>τὸ</span> <span class='ocrx_word' id='word_1_476' title='bbox 756 3544 921 3614; x_wconf 86' lang='grc' dir='ltr'>δεξίὸν</span> <span class='ocrx_word' id='word_1_477' title='bbox 999 3546 1184 3620; x_wconf 68' lang='grc' dir='ltr'>μέρος,</span> <span class='ocrx_word' id='word_1_478' title='bbox 1253 3540 1483 3619; x_wconf 72' lang='grc' dir='ltr'>’Ἄραϐες</span> <span class='ocrx_word' id='word_1_479' title='bbox 1559 3543 1653 3599; x_wconf 87' lang='grc' dir='ltr'><strong>δύο</strong></span> <span class='ocrx_word' id='word_1_480' title='bbox 1701 3544 1953 3609; x_wconf 88' lang='grc' dir='ltr'>λαθόντες</span> 
     </span>
    </p>
   </div>
   <div class='ocr_carea' id='block_1_73' title="bbox 293 3641 1952 3718">
    <p class='ocr_par' dir='ltr' id='par_1_73' title="bbox 293 3641 1952 3718">
     <span class='ocr_line' id='line_1_74' title="bbox 293 3641 1952 3718; baseline 0 -20"><span class='ocrx_word' id='word_1_481' title='bbox 293 3642 532 3698; x_wconf 73' lang='grc' dir='ltr'>κατόπιν</span> <span class='ocrx_word' id='word_1_482' title='bbox 555 3648 655 3711; x_wconf 83' lang='grc' dir='ltr'>τῆς</span> <span class='ocrx_word' id='word_1_483' title='bbox 708 3641 1026 3718; x_wconf 85' lang='grc' dir='ltr'>ἀκρωρείας,</span> <span class='ocrx_word' id='word_1_484' title='bbox 1074 3641 1162 3696; x_wconf 86' lang='grc' dir='ltr'><strong>καὶ</strong></span> <span class='ocrx_word' id='word_1_485' title='bbox 1211 3641 1338 3704; x_wconf 77' lang='grc' dir='ltr'>τοὺς</span> <span class='ocrx_word' id='word_1_486' title='bbox 1384 3641 1589 3706; x_wconf 52' lang='grc' dir='ltr'>τίππους</span> <span class='ocrx_word' id='word_1_487' title='bbox 1640 3644 1744 3697; x_wconf 84' lang='grc' dir='ltr'>ἄπὸ</span> <span class='ocrx_word' id='word_1_488' title='bbox 1788 3643 1952 3718; x_wconf 79' lang='grc' dir='ltr'>ῥυτή-</span> 
     </span>
    </p>
   </div>
   <div class='ocr_carea' id='block_1_74' title="bbox 299 3728 1952 3807">
    <p class='ocr_par' dir='ltr' id='par_1_74' title="bbox 299 3728 1952 3807">
     <span class='ocr_line' id='line_1_75' title="bbox 299 3728 1952 3807; baseline -0.001 -20"><span class='ocrx_word' id='word_1_489' title='bbox 299 3753 410 3807; x_wconf 88' lang='grc' dir='ltr'><strong>ρων</strong></span> <span class='ocrx_word' id='word_1_490' title='bbox 456 3729 768 3799; x_wconf 82' lang='grc' dir='ltr'>ἐλάσαντες,</span> <span class='ocrx_word' id='word_1_491' title='bbox 822 3728 917 3785; x_wconf 86' lang='grc' dir='ltr'><strong>δύο</strong></span> <span class='ocrx_word' id='word_1_492' title='bbox 972 3736 1081 3785; x_wconf 85' lang='grc' dir='ltr'><strong>τῶν</strong></span> <span class='ocrx_word' id='word_1_493' title='bbox 1130 3736 1306 3800; x_wconf 83' lang='grc' dir='ltr'>πεζῶν</span> <span class='ocrx_word' id='word_1_494' title='bbox 1354 3738 1472 3793; x_wconf 82' lang='grc' dir='ltr'>ταῖς</span> <span class='ocrx_word' id='word_1_495' title='bbox 1521 3731 1751 3807; x_wconf 76' lang='grc' dir='ltr'>λογχαις</span> <span class='ocrx_word' id='word_1_496' title='bbox 1803 3734 1952 3786; x_wconf 85' lang='grc' dir='ltr'>ἀναι-</span> 
     </span>
    </p>
   </div>
   <div class='ocr_carea' id='block_1_75' title="bbox 300 3816 1954 3897">
    <p class='ocr_par' dir='ltr' id='par_1_75' title="bbox 300 3816 1954 3897">
     <span class='ocr_line' id='line_1_76' title="bbox 300 3816 1954 3897; baseline -0.001 -22"><span class='ocrx_word' id='word_1_497' title='bbox 300 3825 515 3897; x_wconf 63' lang='grc' dir='ltr'>ροῦσιν.</span> <span class='ocrx_word' id='word_1_498' title='bbox 571 3821 632 3877; x_wconf 91' lang='grc' dir='ltr'>Ὁ</span> <span class='ocrx_word' id='word_1_499' title='bbox 694 3818 946 3894; x_wconf 80' lang='grc' dir='ltr'>βασιλεὺς</span> <span class='ocrx_word' id='word_1_500' title='bbox 1005 3816 1062 3874; x_wconf 73' lang='grc' dir='ltr'>δὲ</span> <span class='ocrx_word' id='word_1_501' title='bbox 1126 3821 1350 3882; x_wconf 85' lang='grc' dir='ltr'>τούτους</span> <span class='ocrx_word' id='word_1_502' title='bbox 1422 3820 1747 3893; x_wconf 84' lang='grc' dir='ltr'>θεασάμενος</span> <span class='ocrx_word' id='word_1_503' title='bbox 1802 3826 1954 3895; x_wconf 87' lang='grc' dir='ltr'>πρῶ-</span> 
     </span>
    </p>
   </div>
   <div class='ocr_carea' id='block_1_76' title="bbox 297 3906 1952 3983">
    <p class='ocr_par' dir='ltr' id='par_1_76' title="bbox 297 3906 1952 3983">
     <span class='ocr_line' id='line_1_77' title="bbox 297 3906 1952 3983; baseline -0.001 -18"><span class='ocrx_word' id='word_1_504' title='bbox 297 3931 392 3972; x_wconf 86' lang='grc' dir='ltr'><strong>τος</strong></span> <span class='ocrx_word' id='word_1_505' title='bbox 436 3906 757 3978; x_wconf 70' lang='grc' dir='ltr'>διατέστησε</span> <span class='ocrx_word' id='word_1_506' title='bbox 805 3908 1040 3982; x_wconf 86' lang='grc' dir='ltr'>πρώτως</span> <span class='ocrx_word' id='word_1_507' title='bbox 1082 3908 1209 3971; x_wconf 85' lang='grc' dir='ltr'>τοὺς</span> <span class='ocrx_word' id='word_1_508' title='bbox 1258 3909 1587 3983; x_wconf 85' lang='grc' dir='ltr'>στρατιώτας</span> <span class='ocrx_word' id='word_1_509' title='bbox 1622 3908 1696 3970; x_wconf 79' lang='grc' dir='ltr'><strong>εἷς</strong></span> <span class='ocrx_word' id='word_1_510' title='bbox 1749 3906 1952 3979; x_wconf 82' lang='grc' dir='ltr'>δίωξιν.</span> 
     </span>
    </p>
   </div>
   <div class='ocr_carea' id='block_1_77' title="bbox 298 4002 1956 4083">
    <p class='ocr_par' dir='ltr' id='par_1_77' title="bbox 298 4002 1956 4083">
     <span class='ocr_line' id='line_1_78' title="bbox 298 4002 1956 4083; baseline -0.001 -21"><span class='ocrx_word' id='word_1_511' title='bbox 298 4009 368 4065; x_wconf 76' lang='grc' dir='ltr'><strong>Οἱ</strong></span> <span class='ocrx_word' id='word_1_512' title='bbox 400 4004 465 4061; x_wconf 72' lang='grc' dir='ltr'>δὶ</span> <span class='ocrx_word' id='word_1_513' title='bbox 515 4006 808 4083; x_wconf 77' lang='grc' dir='ltr'>φθάσαντες</span> <span class='ocrx_word' id='word_1_514' title='bbox 861 4004 1081 4077; x_wconf 81' lang='grc' dir='ltr'>ἐξαισίῳ</span> <span class='ocrx_word' id='word_1_515' title='bbox 1130 4002 1321 4079; x_wconf 85' lang='grc' dir='ltr'>δρόμῳ</span> <span class='ocrx_word' id='word_1_516' title='bbox 1374 4010 1482 4059; x_wconf 90' lang='grc' dir='ltr'><strong>τῶν</strong></span> <span class='ocrx_word' id='word_1_517' title='bbox 1533 4003 1718 4061; x_wconf 67' lang='grc' dir='ltr'>’ίππων</span> <span class='ocrx_word' id='word_1_518' title='bbox 1767 4006 1841 4068; x_wconf 84' lang='grc' dir='ltr'><strong>εἰς</strong></span> <span class='ocrx_word' id='word_1_519' title='bbox 1893 4007 1956 4060; x_wconf 85' lang='grc' dir='ltr'>τὸ</span> 
     </span>
    </p>
   </div>
   <div class='ocr_carea' id='block_1_78' title="bbox 300 4090 1959 4169">
    <p class='ocr_par' dir='ltr' id='par_1_78' title="bbox 300 4090 1959 4169">
     <span class='ocr_line' id='line_1_79' title="bbox 300 4090 1959 4169; baseline -0.002 -18"><span class='ocrx_word' id='word_1_520' title='bbox 300 4096 512 4151; x_wconf 80' lang='grc' dir='ltr'>οἰκεῖον</span> <span class='ocrx_word' id='word_1_521' title='bbox 579 4091 945 4169; x_wconf 84' lang='grc' dir='ltr'>στρατόπεδον</span> <span class='ocrx_word' id='word_1_522' title='bbox 1008 4090 1360 4163; x_wconf 86' lang='grc' dir='ltr'>διεσώθησαν.</span> <span class='ocrx_word' id='word_1_523' title='bbox 1406 4139 1419 4152; x_wconf 91' lang='grc'><strong>.</strong></span> <span class='ocrx_word' id='word_1_524' title='bbox 1466 4137 1478 4148; x_wconf 93' lang='grc'>.</span> <span class='ocrx_word' id='word_1_525' title='bbox 1530 4136 1542 4149; x_wconf 93' lang='grc'><strong>.</strong></span> <span class='ocrx_word' id='word_1_526' title='bbox 1603 4100 1855 4169; x_wconf 88' lang='grc' dir='ltr'>κατεῖχον</span> <span class='ocrx_word' id='word_1_527' title='bbox 1903 4092 1959 4148; x_wconf 73' lang='grc' dir='ltr'>δὶ</span> 
     </span>
    </p>
   </div>
   <div class='ocr_carea' id='block_1_79' title="bbox 294 4182 1957 4257">
    <p class='ocr_par' dir='ltr' id='par_1_79' title="bbox 294 4182 1957 4257">
     <span class='ocr_line' id='line_1_80' title="bbox 294 4182 1957 4257; baseline -0.001 -18"><span class='ocrx_word' id='word_1_528' title='bbox 294 4190 465 4239; x_wconf 78' lang='grc' dir='ltr'>τοῦτο</span> <span class='ocrx_word' id='word_1_529' title='bbox 529 4183 842 4253; x_wconf 87' lang='grc' dir='ltr'>Σαρακηνοὶ</span> <span class='ocrx_word' id='word_1_530' title='bbox 888 4182 981 4237; x_wconf 84' lang='grc' dir='ltr'><strong>τὸν</strong></span> <span class='ocrx_word' id='word_1_531' title='bbox 1060 4183 1261 4236; x_wconf 67' lang='grc' dir='ltr'>ἑαυτῶν</span> <span class='ocrx_word' id='word_1_532' title='bbox 1314 4183 1617 4257; x_wconf 84' lang='grc' dir='ltr'>στρατηγὸν</span> <span class='ocrx_word' id='word_1_533' title='bbox 1678 4183 1957 4255; x_wconf 81' lang='grc' dir='ltr'>ἐξελάσαν-</span> 
     </span>
    </p>
   </div>
   <div class='ocr_carea' id='block_1_80' title="bbox 294 4268 1963 4348">
    <p class='ocr_par' dir='ltr' id='par_1_80' title="bbox 294 4268 1963 4348">
     <span class='ocr_line' id='line_1_81' title="bbox 294 4268 1963 4348; baseline -0.001 -21"><span class='ocrx_word' id='word_1_534' title='bbox 294 4294 411 4336; x_wconf 88' lang='grc' dir='ltr'>τες.</span> <span class='ocrx_word' id='word_1_535' title='bbox 474 4270 628 4341; x_wconf 80' lang='grc' dir='ltr'>Πλὴν</span> <span class='ocrx_word' id='word_1_536' title='bbox 679 4268 826 4325; x_wconf 68' lang='grc' dir='ltr'>ἀλλὰ</span> <span class='ocrx_word' id='word_1_537' title='bbox 866 4272 959 4325; x_wconf 85' lang='grc' dir='ltr'><strong>καὶ</strong></span> <span class='ocrx_word' id='word_1_538' title='bbox 1004 4268 1172 4325; x_wconf 87' lang='grc' dir='ltr'>πάλιν</span> <span class='ocrx_word' id='word_1_539' title='bbox 1229 4270 1514 4348; x_wconf 74' lang='grc' dir='ltr'>φεύγουσιν</span> <span class='ocrx_word' id='word_1_540' title='bbox 1561 4272 1611 4325; x_wconf 72' lang='grc' dir='ltr'>οἱ</span> <span class='ocrx_word' id='word_1_541' title='bbox 1663 4276 1823 4326; x_wconf 73' lang='grc' dir='ltr'>τοῦτο</span> <span class='ocrx_word' id='word_1_542' title='bbox 1869 4294 1963 4348; x_wconf 77' lang='grc' dir='ltr'><strong>φυ-</strong></span> 
     </span>
    </p>
   </div>
   <div class='ocr_carea' id='block_1_81' title="bbox 298 4357 1963 4433">
    <p class='ocr_par' dir='ltr' id='par_1_81' title="bbox 298 4357 1963 4433">
     <span class='ocr_line' id='line_1_82' title="bbox 298 4357 1963 4433; baseline -0.001 -17"><span class='ocrx_word' id='word_1_543' title='bbox 298 4360 618 4428; x_wconf 74' lang='grc' dir='ltr'>λάσσοντες,</span> <span class='ocrx_word' id='word_1_544' title='bbox 687 4359 777 4413; x_wconf 84' lang='grc' dir='ltr'><strong>καὶ</strong></span> <span class='ocrx_word' id='word_1_545' title='bbox 834 4364 914 4431; x_wconf 80' lang='grc' dir='ltr'>τῷ</span> <span class='ocrx_word' id='word_1_546' title='bbox 975 4357 1187 4433; x_wconf 83' lang='grc' dir='ltr'>βασιλεὶ</span> <span class='ocrx_word' id='word_1_547' title='bbox 1259 4358 1321 4413; x_wconf 82' lang='grc' dir='ltr'>τὸ</span> <span class='ocrx_word' id='word_1_548' title='bbox 1375 4358 1573 4414; x_wconf 81' lang='grc' dir='ltr'>οἰκεῖον</span> <span class='ocrx_word' id='word_1_549' title='bbox 1633 4360 1963 4429; x_wconf 81' lang='grc' dir='ltr'>ἀνασώζεται</span> 
     </span>
    </p>
   </div>
   <div class='ocr_carea' id='block_1_82' title="bbox 298 4446 1962 4523">
    <p class='ocr_par' dir='ltr' id='par_1_82' title="bbox 298 4446 1962 4523">
     <span class='ocr_line' id='line_1_83' title="bbox 298 4446 1962 4523; baseline 0 -19"><span class='ocrx_word' id='word_1_550' title='bbox 298 4448 576 4519; x_wconf 86' lang='grc' dir='ltr'>πόλισμα.</span> <span class='ocrx_word' id='word_1_551' title='bbox 618 4448 867 4523; x_wconf 81' lang='grc' dir='ltr'>Φρουρὰν</span> <span class='ocrx_word' id='word_1_552' title='bbox 925 4448 1014 4501; x_wconf 81' lang='grc' dir='ltr'><strong>οὖν</strong></span> <span class='ocrx_word' id='word_1_553' title='bbox 1068 4446 1119 4502; x_wconf 84' lang='grc' dir='ltr'><strong>ἐν</strong></span> <span class='ocrx_word' id='word_1_554' title='bbox 1178 4448 1329 4519; x_wconf 79' lang='grc' dir='ltr'>αὐτῷ</span> <span class='ocrx_word' id='word_1_555' title='bbox 1376 4447 1557 4523; x_wconf 87' lang='grc' dir='ltr'>βαλὼν</span> <span class='ocrx_word' id='word_1_556' title='bbox 1602 4451 1692 4503; x_wconf 82' lang='grc' dir='ltr'><strong>καὶ</strong></span> <span class='ocrx_word' id='word_1_557' title='bbox 1722 4452 1962 4520; x_wconf 78' lang='grc' dir='ltr'>σιτήσεις</span> 
     </span>
    </p>
   </div>
   <div class='ocr_carea' id='block_1_83' title="bbox 301 4535 1958 4615">
    <p class='ocr_par' dir='ltr' id='par_1_83' title="bbox 301 4535 1958 4615">
     <span class='ocr_line' id='line_1_84' title="bbox 301 4535 1958 4615; baseline -0.001 -21"><span class='ocrx_word' id='word_1_558' title='bbox 301 4537 640 4615; x_wconf 80' lang='grc' dir='ltr'>ἀποχρώσας</span> <span class='ocrx_word' id='word_1_559' title='bbox 670 4535 1095 4609; x_wconf 75' lang='grc' dir='ltr'>ἐναποθὲμενος,</span> <span class='ocrx_word' id='word_1_560' title='bbox 1145 4538 1319 4591; x_wconf 85' lang='grc' dir='ltr'>πάντα</span> <span class='ocrx_word' id='word_1_561' title='bbox 1371 4540 1437 4591; x_wconf 83' lang='grc' dir='ltr'>τὰ</span> <span class='ocrx_word' id='word_1_562' title='bbox 1485 4543 1562 4610; x_wconf 80' lang='grc' dir='ltr'>τῷ</span> <span class='ocrx_word' id='word_1_563' title='bbox 1586 4543 1760 4615; x_wconf 81' lang='grc' dir='ltr'>καιρῷ</span> <span class='ocrx_word' id='word_1_564' title='bbox 1788 4540 1958 4613; x_wconf 87' lang='grc' dir='ltr'>πρόσ-</span> 
     </span>
    </p>
   </div>
   <div class='ocr_carea' id='block_1_84' title="bbox 2061 3379 3715 3458">
    <p class='ocr_par' dir='ltr' id='par_1_84' title="bbox 2061 3379 3715 3458">
     <span class='ocr_line' id='line_1_85' title="bbox 2061 3379 3715 3458; baseline -0.007 -15"><span class='ocrx_word' id='word_1_565' title='bbox 2061 3392 2390 3458; x_wconf 88' lang='lat' dir='ltr'><strong>opportuna</strong></span> <span class='ocrx_word' id='word_1_566' title='bbox 2433 3383 2746 3454; x_wconf 86' lang='lat' dir='ltr'><strong>disposuit.</strong></span> <span class='ocrx_word' id='word_1_567' title='bbox 2789 3383 2926 3452; x_wconf 88' lang='lat' dir='ltr'><strong>Ipso</strong></span> <span class='ocrx_word' id='word_1_568' title='bbox 2960 3380 3139 3449; x_wconf 85' lang='lat' dir='ltr'><strong>igitur</strong></span> <span class='ocrx_word' id='word_1_569' title='bbox 3170 3379 3497 3448; x_wconf 83' lang='lat' dir='ltr'><strong>imperante</strong></span> <span class='ocrx_word' id='word_1_570' title='bbox 3530 3395 3715 3449; x_wconf 69' lang='lat' dir='ltr'><strong>coepe-</strong></span> 
     </span>
    </p>
   </div>
   <div class='ocr_carea' id='block_1_85' title="bbox 2062 3465 3715 3531">
    <p class='ocr_par' dir='ltr' id='par_1_85' title="bbox 2062 3465 3715 3531">
     <span class='ocr_line' id='line_1_86' title="bbox 2062 3465 3715 3531; baseline -0.005 0"><span class='ocrx_word' id='word_1_571' title='bbox 2062 3480 2199 3531; x_wconf 89' lang='lat' dir='ltr'><strong>runt</strong></span> <span class='ocrx_word' id='word_1_572' title='bbox 2229 3474 2473 3529; x_wconf 78' lang='lat' dir='ltr'><strong>Romani</strong></span> <span class='ocrx_word' id='word_1_573' title='bbox 2531 3472 2809 3525; x_wconf 89' lang='lat' dir='ltr'><strong>audacter</strong></span> <span class='ocrx_word' id='word_1_574' title='bbox 2859 3470 3057 3524; x_wconf 88' lang='lat' dir='ltr'><strong>hostes</strong></span> <span class='ocrx_word' id='word_1_575' title='bbox 3107 3468 3319 3521; x_wconf 88' lang='lat' dir='ltr'><strong>intueri</strong></span> <span class='ocrx_word' id='word_1_576' title='bbox 3375 3465 3715 3523; x_wconf 16' lang='lat' dir='ltr'><strong>et‘virtutis</strong></span> 
     </span>
    </p>
   </div>
   <div class='ocr_carea' id='block_1_86' title="bbox 2066 3556 3715 3621">
    <p class='ocr_par' dir='ltr' id='par_1_86' title="bbox 2066 3556 3715 3621">
     <span class='ocr_line' id='line_1_87' title="bbox 2066 3556 3715 3621; baseline -0.006 0"><span class='ocrx_word' id='word_1_577' title='bbox 2066 3580 2351 3621; x_wconf 87' lang='lat' dir='ltr'><strong>memores</strong></span> <span class='ocrx_word' id='word_1_578' title='bbox 2382 3577 2509 3618; x_wconf 90' lang='lat' dir='ltr'><strong>esse</strong></span> <span class='ocrx_word' id='word_1_579' title='bbox 2541 3577 2606 3615; x_wconf 91' lang='lat' dir='ltr'><strong>ac</strong></span> <span class='ocrx_word' id='word_1_580' title='bbox 2638 3558 3007 3614; x_wconf 88' lang='lat' dir='ltr'><strong>strenuitatis</strong></span> <span class='ocrx_word' id='word_1_581' title='bbox 3056 3557 3341 3611; x_wconf 90' lang='lat' dir='ltr'><strong>rationem</strong></span> <span class='ocrx_word' id='word_1_582' title='bbox 3390 3556 3607 3611; x_wconf 88' lang='lat' dir='ltr'><strong>habere</strong></span> <span class='ocrx_word' id='word_1_583' title='bbox 3656 3561 3715 3611; x_wconf 90' lang='lat' dir='ltr'><strong>et</strong></span> 
     </span>
    </p>
   </div>
   <div class='ocr_carea' id='block_1_87' title="bbox 2064 3644 3716 3719">
    <p class='ocr_par' dir='ltr' id='par_1_87' title="bbox 2064 3644 3716 3719">
     <span class='ocr_line' id='line_1_88' title="bbox 2064 3644 3716 3719; baseline -0.006 -9"><span class='ocrx_word' id='word_1_584' title='bbox 2064 3653 2326 3710; x_wconf 78' lang='lat' dir='ltr'><strong>adversis</strong></span> <span class='ocrx_word' id='word_1_585' title='bbox 2387 3650 2726 3718; x_wconf 89' lang='lat' dir='ltr'><strong>consistere,</strong></span> <span class='ocrx_word' id='word_1_586' title='bbox 2777 3646 3256 3719; x_wconf 89' lang='lat' dir='ltr'><strong>quandoquidem</strong></span> <span class='ocrx_word' id='word_1_587' title='bbox 3308 3644 3716 3716; x_wconf 90' lang='lat' dir='ltr'><strong>superioribus</strong></span> 
     </span>
    </p>
   </div>
   <div class='ocr_carea' id='block_1_88' title="bbox 2064 3737 3716 3812">
    <p class='ocr_par' dir='ltr' id='par_1_88' title="bbox 2064 3737 3716 3812">
     <span class='ocr_line' id='line_1_89' title="bbox 2064 3737 3716 3812; baseline -0.005 -15"><span class='ocrx_word' id='word_1_588' title='bbox 2064 3742 2537 3812; x_wconf 79' lang='lat' dir='ltr'><strong>imperatoribus,</strong></span> <span class='ocrx_word' id='word_1_589' title='bbox 2608 3737 2708 3808; x_wconf 91' lang='lat' dir='ltr'><strong>qui</strong></span> <span class='ocrx_word' id='word_1_590' title='bbox 2777 3737 3037 3808; x_wconf 85' lang='lat' dir='ltr'><strong>proxime</strong></span> <span class='ocrx_word' id='word_1_591' title='bbox 3120 3738 3526 3805; x_wconf 88' lang='lat' dir='ltr'><strong>regnaverant,</strong></span> <span class='ocrx_word' id='word_1_592' title='bbox 3596 3750 3716 3788; x_wconf 87' lang='lat' dir='ltr'><strong>una</strong></span> 
     </span>
    </p>
   </div>
   <div class='ocr_carea' id='block_1_89' title="bbox 2065 3821 3719 3903">
    <p class='ocr_par' dir='ltr' id='par_1_89' title="bbox 2065 3821 3719 3903">
     <span class='ocr_line' id='line_1_90' title="bbox 2065 3821 3719 3903; baseline -0.007 -15"><span class='ocrx_word' id='word_1_593' title='bbox 2065 3836 2302 3903; x_wconf 89' lang='lat' dir='ltr'><strong>excepta</strong></span> <span class='ocrx_word' id='word_1_594' title='bbox 2350 3828 2737 3885; x_wconf 80' lang='lat' dir='ltr'><strong>ostentatione</strong></span> <span class='ocrx_word' id='word_1_595' title='bbox 2791 3830 2848 3881; x_wconf 91' lang='lat' dir='ltr'><strong>et</strong></span> <span class='ocrx_word' id='word_1_596' title='bbox 2879 3828 3079 3879; x_wconf 90' lang='lat' dir='ltr'><strong>coacta</strong></span> <span class='ocrx_word' id='word_1_597' title='bbox 3112 3822 3520 3889; x_wconf 86' lang='lat' dir='ltr'><strong>multitudine,</strong></span> <span class='ocrx_word' id='word_1_598' title='bbox 3554 3821 3719 3877; x_wconf 87' lang='lat' dir='ltr'><strong>nulla</strong></span> 
     </span>
    </p>
   </div>
   <div class='ocr_carea' id='block_1_90' title="bbox 2067 3912 3719 3985">
    <p class='ocr_par' dir='ltr' id='par_1_90' title="bbox 2067 3912 3719 3985">
     <span class='ocr_line' id='line_1_91' title="bbox 2067 3912 3719 3985; baseline -0.007 -9"><span class='ocrx_word' id='word_1_599' title='bbox 2067 3922 2125 3977; x_wconf 91' lang='lat' dir='ltr'><strong>in</strong></span> <span class='ocrx_word' id='word_1_600' title='bbox 2188 3936 2247 3975; x_wconf 90' lang='lat' dir='ltr'><strong>re</strong></span> <span class='ocrx_word' id='word_1_601' title='bbox 2292 3920 2468 3974; x_wconf 77' lang='lat' dir='ltr'><strong>fortes</strong></span> <span class='ocrx_word' id='word_1_602' title='bbox 2518 3934 2579 3972; x_wconf 92' lang='lat' dir='ltr'><strong>se</strong></span> <span class='ocrx_word' id='word_1_603' title='bbox 2627 3918 2698 3970; x_wconf 91' lang='lat' dir='ltr'><strong>ad</strong></span> <span class='ocrx_word' id='word_1_604' title='bbox 2753 3929 3011 3985; x_wconf 88' lang='lat' dir='ltr'><strong>pugnam</strong></span> <span class='ocrx_word' id='word_1_605' title='bbox 3064 3913 3464 3983; x_wconf 73' lang='lat' dir='ltr'><strong>praebuerant;</strong></span> <span class='ocrx_word' id='word_1_606' title='bbox 3519 3912 3600 3964; x_wconf 86' lang='lat' dir='ltr'><strong>ita</strong></span> <span class='ocrx_word' id='word_1_607' title='bbox 3652 3916 3719 3965; x_wconf 88' lang='lat' dir='ltr'><strong>ut</strong></span> 
     </span>
    </p>
   </div>
   <div class='ocr_carea' id='block_1_91' title="bbox 2068 3998 3713 4080">
    <p class='ocr_par' dir='ltr' id='par_1_91' title="bbox 2068 3998 3713 4080">
     <span class='ocr_line' id='line_1_92' title="bbox 2068 3998 3713 4080; baseline -0.007 -16"><span class='ocrx_word' id='word_1_608' title='bbox 2068 4008 2438 4080; x_wconf 89' lang='lat' dir='ltr'><strong>perspicuum</strong></span> <span class='ocrx_word' id='word_1_609' title='bbox 2502 4005 2579 4060; x_wconf 88' lang='lat' dir='ltr'><strong>sit</strong></span> <span class='ocrx_word' id='word_1_610' title='bbox 2637 4004 2803 4058; x_wconf 90' lang='lat' dir='ltr'><strong>ducis</strong></span> <span class='ocrx_word' id='word_1_611' title='bbox 2865 4002 3054 4073; x_wconf 87' lang='lat' dir='ltr'><strong>ipsius</strong></span> <span class='ocrx_word' id='word_1_612' title='bbox 3111 4016 3239 4055; x_wconf 91' lang='lat' dir='ltr'><strong>esse</strong></span> <span class='ocrx_word' id='word_1_613' title='bbox 3288 4003 3353 4053; x_wconf 90' lang='lat' dir='ltr'><strong>ut</strong></span> <span class='ocrx_word' id='word_1_614' title='bbox 3397 3998 3713 4069; x_wconf 88' lang='lat' dir='ltr'><strong>plurimum</strong></span> 
     </span>
    </p>
   </div>
   <div class='ocr_carea' id='block_1_92' title="bbox 2067 4096 3715 4177">
    <p class='ocr_par' dir='ltr' id='par_1_92' title="bbox 2067 4096 3715 4177">
     <span class='ocr_line' id='line_1_93' title="bbox 2067 4096 3715 4177; baseline -0.005 -17"><span class='ocrx_word' id='word_1_615' title='bbox 2067 4120 2411 4177; x_wconf 84' lang='lat' dir='ltr'><strong>prosperum</strong></span> <span class='ocrx_word' id='word_1_616' title='bbox 2446 4118 2641 4157; x_wconf 90' lang='lat' dir='ltr'><strong>rerum</strong></span> <span class='ocrx_word' id='word_1_617' title='bbox 2678 4114 3038 4155; x_wconf 91' lang='lat' dir='ltr'><strong>successum.</strong></span> <span class='ocrx_word' id='word_1_618' title='bbox 3072 4098 3216 4153; x_wconf 91' lang='lat' dir='ltr'><strong>Cum</strong></span> <span class='ocrx_word' id='word_1_619' title='bbox 3246 4113 3377 4151; x_wconf 92' lang='lat' dir='ltr'><strong>vero</strong></span> <span class='ocrx_word' id='word_1_620' title='bbox 3411 4096 3549 4151; x_wconf 87' lang='lat' dir='ltr'><strong>inde</strong></span> <span class='ocrx_word' id='word_1_621' title='bbox 3598 4113 3715 4151; x_wconf 90' lang='lat' dir='ltr'><strong>non</strong></span> 
     </span>
    </p>
   </div>
   <div class='ocr_carea' id='block_1_93' title="bbox 2068 4185 3719 4267">
    <p class='ocr_par' dir='ltr' id='par_1_93' title="bbox 2068 4185 3719 4267">
     <span class='ocr_line' id='line_1_94' title="bbox 2068 4185 3719 4267; baseline -0.005 -18"><span class='ocrx_word' id='word_1_622' title='bbox 2068 4195 2349 4267; x_wconf 82' lang='lat' dir='ltr'><strong>potuisset</strong></span> <span class='ocrx_word' id='word_1_623' title='bbox 2383 4193 2701 4262; x_wconf 87' lang='lat' dir='ltr'><strong>imperator</strong></span> <span class='ocrx_word' id='word_1_624' title='bbox 2746 4186 3119 4243; x_wconf 85' lang='lat' dir='ltr'><strong>Antiochiam</strong></span> <span class='ocrx_word' id='word_1_625' title='bbox 3172 4185 3382 4240; x_wconf 85' lang='lat' dir='ltr'><strong>reverti</strong></span> <span class='ocrx_word' id='word_1_626' title='bbox 3432 4186 3719 4253; x_wconf 82' lang='lat' dir='ltr'><strong>(confecta</strong></span> 
     </span>
    </p>
   </div>
   <div class='ocr_carea' id='block_1_94' title="bbox 2068 4274 3720 4348">
    <p class='ocr_par' dir='ltr' id='par_1_94' title="bbox 2068 4274 3720 4348">
     <span class='ocr_line' id='line_1_95' title="bbox 2068 4274 3720 4348; baseline -0.005 -10"><span class='ocrx_word' id='word_1_627' title='bbox 2068 4284 2224 4339; x_wconf 88' lang='lat' dir='ltr'><strong>enim</strong></span> <span class='ocrx_word' id='word_1_628' title='bbox 2274 4286 2398 4337; x_wconf 88' lang='lat' dir='ltr'><strong>erat</strong></span> <span class='ocrx_word' id='word_1_629' title='bbox 2443 4281 2597 4335; x_wconf 86' lang='lat' dir='ltr'><strong>fame</strong></span> <span class='ocrx_word' id='word_1_630' title='bbox 2657 4277 2958 4348; x_wconf 89' lang='lat' dir='ltr'><strong>multaque</strong></span> <span class='ocrx_word' id='word_1_631' title='bbox 3016 4274 3363 4347; x_wconf 80' lang='lat' dir='ltr'><strong>vexatione),</strong></span> <span class='ocrx_word' id='word_1_632' title='bbox 3424 4276 3720 4346; x_wconf 87' lang='lat' dir='ltr'><strong>superatis</strong></span> 
     </span>
    </p>
   </div>
   <div class='ocr_carea' id='block_1_95' title="bbox 2070 4363 3722 4440">
    <p class='ocr_par' dir='ltr' id='par_1_95' title="bbox 2070 4363 3722 4440">
     <span class='ocr_line' id='line_1_96' title="bbox 2070 4363 3722 4440; baseline -0.006 -14"><span class='ocrx_word' id='word_1_633' title='bbox 2070 4370 2318 4426; x_wconf 88' lang='lat' dir='ltr'><strong>saltibus</strong></span> <span class='ocrx_word' id='word_1_634' title='bbox 2366 4374 2423 4424; x_wconf 92' lang='lat' dir='ltr'><strong>et</strong></span> <span class='ocrx_word' id='word_1_635' title='bbox 2475 4368 2833 4440; x_wconf 90' lang='lat' dir='ltr'><strong>quibusdam</strong></span> <span class='ocrx_word' id='word_1_636' title='bbox 2863 4365 3122 4419; x_wconf 83' lang='lat' dir='ltr'><strong>locorum</strong></span> <span class='ocrx_word' id='word_1_637' title='bbox 3152 4364 3445 4433; x_wconf 86' lang='lat' dir='ltr'><strong>angustiis</strong></span> <span class='ocrx_word' id='word_1_638' title='bbox 3478 4363 3722 4417; x_wconf 90' lang='lat' dir='ltr'><strong>minime</strong></span> 
     </span>
    </p>
   </div>
   <div class='ocr_carea' id='block_1_96' title="bbox 2069 4452 3720 4530">
    <p class='ocr_par' dir='ltr' id='par_1_96' title="bbox 2069 4452 3720 4530">
     <span class='ocr_line' id='line_1_97' title="bbox 2069 4452 3720 4530; baseline -0.005 -17"><span class='ocrx_word' id='word_1_639' title='bbox 2069 4459 2279 4530; x_wconf 86' lang='lat' dir='ltr'><strong>perviis</strong></span> <span class='ocrx_word' id='word_1_640' title='bbox 2311 4459 2379 4512; x_wconf 92' lang='lat' dir='ltr'><strong>ad</strong></span> <span class='ocrx_word' id='word_1_641' title='bbox 2416 4457 2625 4512; x_wconf 91' lang='lat' dir='ltr'><strong>Urbem</strong></span> <span class='ocrx_word' id='word_1_642' title='bbox 2649 4454 2865 4510; x_wconf 70' lang='lat' dir='ltr'><strong>Cilicis:</strong></span> <span class='ocrx_word' id='word_1_643' title='bbox 2889 4452 3349 4509; x_wconf 83' lang='lat' dir='ltr'><strong>Alexandronam</strong></span> <span class='ocrx_word' id='word_1_644' title='bbox 3382 4452 3620 4507; x_wconf 89' lang='lat' dir='ltr'><strong>nomine</strong></span> <span class='ocrx_word' id='word_1_645' title='bbox 3656 4468 3720 4505; x_wconf 87' lang='lat' dir='ltr'><strong>se</strong></span> 
     </span>
    </p>
   </div>
   <div class='ocr_carea' id='block_1_97' title="bbox 2069 4540 3722 4619">
    <p class='ocr_par' dir='ltr' id='par_1_97' title="bbox 2069 4540 3722 4619">
     <span class='ocr_line' id='line_1_98' title="bbox 2069 4540 3722 4619; baseline -0.006 -16"><span class='ocrx_word' id='word_1_646' title='bbox 2069 4549 2297 4619; x_wconf 87' lang='lat' dir='ltr'><strong>recipit,</strong></span> <span class='ocrx_word' id='word_1_647' title='bbox 2329 4547 2527 4617; x_wconf 89' lang='lat' dir='ltr'><strong>ibique</strong></span> <span class='ocrx_word' id='word_1_648' title='bbox 2556 4544 2771 4599; x_wconf 81' lang='lat' dir='ltr'><strong>vallum</strong></span> <span class='ocrx_word' id='word_1_649' title='bbox 2807 4542 3136 4606; x_wconf 84' lang='lat' dir='ltr'><strong>constituit,</strong></span> <span class='ocrx_word' id='word_1_650' title='bbox 3166 4547 3223 4596; x_wconf 90' lang='lat' dir='ltr'><strong>et</strong></span> <span class='ocrx_word' id='word_1_651' title='bbox 3268 4549 3521 4595; x_wconf 77' lang='lat' dir='ltr'><strong>montem</strong></span> <span class='ocrx_word' id='word_1_652' title='bbox 3576 4540 3722 4593; x_wconf 87' lang='lat' dir='ltr'><strong>Tau-</strong></span> 
     </span>
    </p>
   </div>
   <div class='ocr_carea' id='block_1_98' title="bbox 304 4624 1961 4705">
    <p class='ocr_par' dir='ltr' id='par_1_98' title="bbox 304 4624 1951 4703">
     <span class='ocr_line' id='line_1_99' title="bbox 304 4624 1951 4703; baseline 0.001 -22"><span class='ocrx_word' id='word_1_653' title='bbox 304 4648 449 4703; x_wconf 74' lang='grc' dir='ltr'>φορα</span> <span class='ocrx_word' id='word_1_654' title='bbox 507 4624 802 4699; x_wconf 80' lang='grc' dir='ltr'>διετάξατο.</span> <span class='ocrx_word' id='word_1_655' title='bbox 883 4628 1001 4683; x_wconf 85' lang='grc' dir='ltr'>Ἐπ’</span> <span class='ocrx_word' id='word_1_656' title='bbox 1069 4626 1233 4681; x_wconf 77' lang='grc' dir='ltr'>αὐτοῦ</span> <span class='ocrx_word' id='word_1_657' title='bbox 1288 4626 1470 4681; x_wconf 88' lang='grc' dir='ltr'>τοίνυν</span> <span class='ocrx_word' id='word_1_658' title='bbox 1526 4631 1622 4682; x_wconf 78' lang='grc' dir='ltr'>τοῦ</span> <span class='ocrx_word' id='word_1_659' title='bbox 1684 4628 1951 4703; x_wconf 72' lang='grc' dir='ltr'>βασιλέως</span> 
     </span>
    </p>
   </div>
   <div class='ocr_carea' id='block_1_99' title="bbox 2073 4624 3717 4705">
    <p class='ocr_par' dir='ltr' id='par_1_99' title="bbox 2073 4628 3717 4705">
     <span class='ocr_line' id='line_1_100' title="bbox 2073 4628 3717 4705; baseline -0.006 -13"><span class='ocrx_word' id='word_1_660' title='bbox 2073 4654 2193 4692; x_wconf 88' lang='lat' dir='ltr'><strong>rum</strong></span> <span class='ocrx_word' id='word_1_661' title='bbox 2224 4640 2633 4705; x_wconf 84' lang='lat' dir='ltr'><strong>transgressus</strong></span> <span class='ocrx_word' id='word_1_662' title='bbox 2679 4647 2807 4686; x_wconf 90' lang='lat' dir='ltr'><strong>cum</strong></span> <span class='ocrx_word' id='word_1_663' title='bbox 2842 4630 3000 4685; x_wconf 92' lang='lat' dir='ltr'><strong>omni</strong></span> <span class='ocrx_word' id='word_1_664' title='bbox 3033 4628 3284 4684; x_wconf 85' lang='lat' dir='ltr'><strong>exercitu</strong></span> <span class='ocrx_word' id='word_1_665' title='bbox 3319 4628 3377 4682; x_wconf 93' lang='lat' dir='ltr'><strong>in</strong></span> <span class='ocrx_word' id='word_1_666' title='bbox 3426 4628 3717 4682; x_wconf 85' lang='lat' dir='ltr'><strong>Romano-</strong></span> 
     </span>
    </p>
   </div>
   <div class='ocr_carea' id='block_1_100' title="bbox 304 4722 1956 4801">
    <p class='ocr_par' dir='ltr' id='par_1_100' title="bbox 304 4722 1956 4801">
     <span class='ocr_line' id='line_1_101' title="bbox 304 4722 1956 4801; baseline -0.001 -19"><span class='ocrx_word' id='word_1_667' title='bbox 304 4727 542 4801; x_wconf 70' lang='grc' dir='ltr'>ἤρξαντο</span> <span class='ocrx_word' id='word_1_668' title='bbox 573 4727 841 4797; x_wconf 81' lang='grc' dir='ltr'>Ῥωμαῖοι</span> <span class='ocrx_word' id='word_1_669' title='bbox 886 4722 1339 4801; x_wconf 78' lang='grc' dir='ltr'>ἀντοφθαλμίζειν</span> <span class='ocrx_word' id='word_1_670' title='bbox 1394 4725 1481 4778; x_wconf 86' lang='grc' dir='ltr'><strong>καὶ</strong></span> <span class='ocrx_word' id='word_1_671' title='bbox 1533 4727 1667 4800; x_wconf 85' lang='grc' dir='ltr'>πρὸς</span> <span class='ocrx_word' id='word_1_672' title='bbox 1724 4726 1785 4780; x_wconf 88' lang='grc' dir='ltr'>τὸ</span> <span class='ocrx_word' id='word_1_673' title='bbox 1839 4748 1956 4801; x_wconf 88' lang='grc' dir='ltr'>γεν-</span> 
     </span>
    </p>
   </div>
   <div class='ocr_carea' id='block_1_101' title="bbox 306 4811 1955 4889">
    <p class='ocr_par' dir='ltr' id='par_1_101' title="bbox 306 4811 1955 4889">
     <span class='ocr_line' id='line_1_102' title="bbox 306 4811 1955 4889; baseline 0 -21"><span class='ocrx_word' id='word_1_674' title='bbox 306 4815 592 4870; x_wconf 86' lang='grc' dir='ltr'>ναιότατον</span> <span class='ocrx_word' id='word_1_675' title='bbox 680 4813 962 4889; x_wconf 62' lang='grc' dir='ltr'>ἀναφέρειν</span> <span class='ocrx_word' id='word_1_676' title='bbox 1041 4811 1204 4885; x_wconf 88' lang='grc' dir='ltr'>λόγον</span> <span class='ocrx_word' id='word_1_677' title='bbox 1277 4814 1365 4866; x_wconf 85' lang='grc' dir='ltr'><strong>καὶ</strong></span> <span class='ocrx_word' id='word_1_678' title='bbox 1426 4812 1769 4876; x_wconf 87' lang='grc' dir='ltr'>συνίστασθαι</span> <span class='ocrx_word' id='word_1_679' title='bbox 1819 4815 1955 4889; x_wconf 87' lang='grc' dir='ltr'>πρὸς</span> 
     </span>
    </p>
   </div>
   <div class='ocr_carea' id='block_1_102' title="bbox 309 4909 1956 4986">
    <p class='ocr_par' dir='ltr' id='par_1_102' title="bbox 309 4909 1956 4986">
     <span class='ocr_line' id='line_1_103' title="bbox 309 4909 1956 4986; baseline -0.001 -19"><span class='ocrx_word' id='word_1_680' title='bbox 309 4913 601 4979; x_wconf 83' lang='grc' dir='ltr'>ἀντίθεσιν,</span> <span class='ocrx_word' id='word_1_681' title='bbox 634 4910 749 4966; x_wconf 85' lang='grc' dir='ltr'>ἐπεὶ</span> <span class='ocrx_word' id='word_1_682' title='bbox 804 4910 871 4967; x_wconf 86' lang='grc' dir='ltr'><strong>τά</strong></span> <span class='ocrx_word' id='word_1_683' title='bbox 913 4931 975 4985; x_wconf 90' lang='grc' dir='ltr'>γε</span> <span class='ocrx_word' id='word_1_684' title='bbox 1021 4912 1157 4965; x_wconf 69' lang='grc' dir='ltr'>κατὰ</span> <span class='ocrx_word' id='word_1_685' title='bbox 1206 4909 1332 4972; x_wconf 81' lang='grc' dir='ltr'>τοὺς</span> <span class='ocrx_word' id='word_1_686' title='bbox 1382 4915 1670 4985; x_wconf 82' lang='grc' dir='ltr'>προσεχῶς</span> <span class='ocrx_word' id='word_1_687' title='bbox 1705 4912 1956 4986; x_wconf 85' lang='grc' dir='ltr'>βασιλεύ-</span> 
     </span>
    </p>
   </div>
   <div class='ocr_carea' id='block_1_103' title="bbox 308 4996 1957 5073">
    <p class='ocr_par' dir='ltr' id='par_1_103' title="bbox 308 4996 1957 5073">
     <span class='ocr_line' id='line_1_104' title="bbox 308 4996 1957 5073; baseline -0.001 -18"><span class='ocrx_word' id='word_1_688' title='bbox 308 5021 526 5073; x_wconf 79' lang='grc' dir='ltr'>σαντας,</span> <span class='ocrx_word' id='word_1_689' title='bbox 579 4998 727 5067; x_wconf 77' lang='grc' dir='ltr'>πλὴν</span> <span class='ocrx_word' id='word_1_690' title='bbox 785 4996 1091 5071; x_wconf 85' lang='grc' dir='ltr'>ἐπιδείξεως</span> <span class='ocrx_word' id='word_1_691' title='bbox 1162 4997 1332 5069; x_wconf 86' lang='grc' dir='ltr'>μόνης</span> <span class='ocrx_word' id='word_1_692' title='bbox 1385 4999 1473 5053; x_wconf 83' lang='grc' dir='ltr'><strong>καὶ</strong></span> <span class='ocrx_word' id='word_1_693' title='bbox 1530 4999 1777 5069; x_wconf 77' lang='grc' dir='ltr'>πλήθους</span> <span class='ocrx_word' id='word_1_694' title='bbox 1835 5022 1957 5054; x_wconf 90' lang='grc' dir='ltr'>συν-</span> 
     </span>
    </p>
   </div>
   <div class='ocr_carea' id='block_1_104' title="bbox 308 5086 1955 5165">
    <p class='ocr_par' dir='ltr' id='par_1_104' title="bbox 308 5086 1955 5165">
     <span class='ocr_line' id='line_1_105' title="bbox 308 5086 1955 5165; baseline -0.001 -21"><span class='ocrx_word' id='word_1_695' title='bbox 308 5097 555 5165; x_wconf 82' lang='grc' dir='ltr'>αγωγῆς,</span> <span class='ocrx_word' id='word_1_696' title='bbox 610 5088 663 5144; x_wconf 77' lang='grc' dir='ltr'><strong>ἐν</strong></span> <span class='ocrx_word' id='word_1_697' title='bbox 715 5086 893 5144; x_wconf 84' lang='grc' dir='ltr'>οὐδενὶ</span> <span class='ocrx_word' id='word_1_698' title='bbox 940 5091 1213 5163; x_wconf 82' lang='grc' dir='ltr'>καρτερῶς</span> <span class='ocrx_word' id='word_1_699' title='bbox 1269 5088 1406 5161; x_wconf 90' lang='grc' dir='ltr'>πρὸς</span> <span class='ocrx_word' id='word_1_700' title='bbox 1467 5089 1652 5163; x_wconf 85' lang='grc' dir='ltr'>μάχην</span> <span class='ocrx_word' id='word_1_701' title='bbox 1702 5088 1955 5162; x_wconf 78' lang='grc' dir='ltr'>συνέῤῥα-</span> 
     </span>
    </p>
   </div>
   <div class='ocr_carea' id='block_1_105' title="bbox 307 5173 1958 5247">
    <p class='ocr_par' dir='ltr' id='par_1_105' title="bbox 307 5173 1958 5247">
     <span class='ocr_line' id='line_1_106' title="bbox 307 5173 1958 5247; baseline -0.001 -16"><span class='ocrx_word' id='word_1_702' title='bbox 307 5178 421 5246; x_wconf 79' lang='grc' dir='ltr'>ξαν,</span> <span class='ocrx_word' id='word_1_703' title='bbox 453 5178 526 5238; x_wconf 87' lang='grc' dir='ltr'>ὡς</span> <span class='ocrx_word' id='word_1_704' title='bbox 560 5174 894 5245; x_wconf 79' lang='grc' dir='ltr'>εἶναιδῆλον</span> <span class='ocrx_word' id='word_1_705' title='bbox 949 5174 1032 5229; x_wconf 76' lang='grc' dir='ltr'><strong>ὅτι</strong></span> <span class='ocrx_word' id='word_1_706' title='bbox 1078 5178 1174 5228; x_wconf 79' lang='grc' dir='ltr'>τοῦ</span> <span class='ocrx_word' id='word_1_707' title='bbox 1223 5173 1495 5247; x_wconf 82' lang='grc' dir='ltr'>ἡγεμόνος</span> <span class='ocrx_word' id='word_1_708' title='bbox 1547 5174 1684 5229; x_wconf 80' lang='grc' dir='ltr'>ἐστὶν</span> <span class='ocrx_word' id='word_1_709' title='bbox 1736 5179 1812 5236; x_wconf 80' lang='grc' dir='ltr'>ὡς</span> <span class='ocrx_word' id='word_1_710' title='bbox 1844 5175 1958 5229; x_wconf 78' lang='grc' dir='ltr'>ἐπί-</span> 
     </span>
    </p>
   </div>
   <div class='ocr_carea' id='block_1_106' title="bbox 306 5262 1957 5338">
    <p class='ocr_par' dir='ltr' id='par_1_106' title="bbox 306 5262 1957 5338">
     <span class='ocr_line' id='line_1_107' title="bbox 306 5262 1957 5338; baseline 0.001 -20"><span class='ocrx_word' id='word_1_711' title='bbox 306 5285 413 5318; x_wconf 86' lang='grc' dir='ltr'><strong>παν</strong></span> <span class='ocrx_word' id='word_1_712' title='bbox 464 5264 525 5319; x_wconf 81' lang='grc' dir='ltr'>τὸ</span> <span class='ocrx_word' id='word_1_713' title='bbox 572 5263 1014 5338; x_wconf 87' lang='grc' dir='ltr'>κατορθούμενον</span> <span class='ocrx_word' id='word_1_714' title='bbox 1076 5262 1126 5317; x_wconf 87' lang='grc' dir='ltr'><strong>ἐν</strong></span> <span class='ocrx_word' id='word_1_715' title='bbox 1187 5267 1316 5316; x_wconf 82' lang='grc' dir='ltr'>πᾶσι</span> <span class='ocrx_word' id='word_1_716' title='bbox 1371 5266 1488 5326; x_wconf 89' lang='grc' dir='ltr'>τοῖς</span> <span class='ocrx_word' id='word_1_717' title='bbox 1515 5264 1814 5338; x_wconf 80' lang='grc' dir='ltr'>πράγμασι.</span> <span class='ocrx_word' id='word_1_718' title='bbox 1849 5264 1957 5319; x_wconf 82' lang='grc' dir='ltr'>Κά-</span> 
     </span>
    </p>
   </div>
   <div class='ocr_carea' id='block_1_107' title="bbox 307 5349 1956 5427">
    <p class='ocr_par' dir='ltr' id='par_1_107' title="bbox 307 5349 1956 5427">
     <span class='ocr_line' id='line_1_108' title="bbox 307 5349 1956 5427; baseline 0.001 -21"><span class='ocrx_word' id='word_1_719' title='bbox 307 5352 481 5407; x_wconf 84' lang='grc' dir='ltr'>κεῖθεν</span> <span class='ocrx_word' id='word_1_720' title='bbox 540 5353 614 5425; x_wconf 79' lang='grc' dir='ltr'>μὴ</span> <span class='ocrx_word' id='word_1_721' title='bbox 692 5349 938 5422; x_wconf 81' lang='grc' dir='ltr'>δυνηθεὶς</span> <span class='ocrx_word' id='word_1_722' title='bbox 1016 5352 1043 5404; x_wconf 90' lang='grc' dir='ltr'>ὁ</span> <span class='ocrx_word' id='word_1_723' title='bbox 1136 5349 1389 5424; x_wconf 70' lang='grc' dir='ltr'>βασιλεὺς</span> <span class='ocrx_word' id='word_1_724' title='bbox 1469 5350 1543 5411; x_wconf 79' lang='grc' dir='ltr'><strong>εἷς</strong></span> <span class='ocrx_word' id='word_1_725' title='bbox 1621 5351 1956 5427; x_wconf 81' lang='grc' dir='ltr'>Ἃντιόχειαν</span> 
     </span>
    </p>
   </div>
   <div class='ocr_carea' id='block_1_108' title="bbox 222 5438 1954 5517">
    <p class='ocr_par' dir='ltr' id='par_1_108' title="bbox 222 5438 1954 5517">
     <span class='ocr_line' id='line_1_109' title="bbox 222 5438 1954 5517; baseline 0 -22"><span class='ocrx_word' id='word_1_726' title='bbox 222 5446 231 5457; x_wconf 70' lang='grc'>⁸</span> <span class='ocrx_word' id='word_1_727' title='bbox 309 5440 566 5505; x_wconf 83' lang='grc' dir='ltr'>ἀπελθεῖν</span> <span class='ocrx_word' id='word_1_728' title='bbox 618 5439 1105 5517; x_wconf 78' lang='grc' dir='ltr'>(προκατείργαστο</span> <span class='ocrx_word' id='word_1_729' title='bbox 1148 5439 1248 5515; x_wconf 76' lang='grc' dir='ltr'>γὰρ</span> <span class='ocrx_word' id='word_1_730' title='bbox 1295 5438 1445 5511; x_wconf 85' lang='grc' dir='ltr'>λιμῷ</span> <span class='ocrx_word' id='word_1_731' title='bbox 1491 5460 1549 5494; x_wconf 87' lang='grc' dir='ltr'><strong>τε</strong></span> <span class='ocrx_word' id='word_1_732' title='bbox 1587 5441 1673 5493; x_wconf 80' lang='grc' dir='ltr'><strong>καὶ</strong></span> <span class='ocrx_word' id='word_1_733' title='bbox 1721 5442 1954 5495; x_wconf 85' lang='grc' dir='ltr'>κακώσει</span> 
     </span>
    </p>
   </div>
   <div class='ocr_carea' id='block_1_109' title="bbox 310 5525 1954 5605">
    <p class='ocr_par' dir='ltr' id='par_1_109' title="bbox 310 5525 1954 5605">
     <span class='ocr_line' id='line_1_110' title="bbox 310 5525 1954 5605; baseline 0.001 -22"><span class='ocrx_word' id='word_1_734' title='bbox 310 5528 543 5604; x_wconf 82' lang='grc' dir='ltr'>πολλῇ),</span> <span class='ocrx_word' id='word_1_735' title='bbox 628 5525 862 5605; x_wconf 76' lang='grc' dir='ltr'>ὑπερϐὰς</span> <span class='ocrx_word' id='word_1_736' title='bbox 937 5528 1183 5589; x_wconf 77' lang='grc' dir='ltr'>αὐλῶνας</span> <span class='ocrx_word' id='word_1_737' title='bbox 1259 5528 1349 5581; x_wconf 78' lang='grc' dir='ltr'><strong>καὶ</strong></span> <span class='ocrx_word' id='word_1_738' title='bbox 1434 5527 1757 5603; x_wconf 86' lang='grc' dir='ltr'>κλεισούρας</span> <span class='ocrx_word' id='word_1_739' title='bbox 1806 5531 1954 5593; x_wconf 83' lang='grc' dir='ltr'>τινὰς</span> 
     </span>
    </p>
   </div>
   <div class='ocr_carea' id='block_1_110' title="bbox 318 5615 1953 5693">
    <p class='ocr_par' dir='ltr' id='par_1_110' title="bbox 318 5615 1953 5693">
     <span class='ocr_line' id='line_1_111' title="bbox 318 5615 1953 5693; baseline 0.001 -22"><span class='ocrx_word' id='word_1_740' title='bbox 318 5615 716 5687; x_wconf 71' lang='grc' dir='ltr'>ἁδιεξοδεύτους</span> <span class='ocrx_word' id='word_1_741' title='bbox 794 5619 869 5680; x_wconf 80' lang='grc' dir='ltr'>εἰς</span> <span class='ocrx_word' id='word_1_742' title='bbox 938 5616 1099 5673; x_wconf 88' lang='grc' dir='ltr'>πόλιν</span> <span class='ocrx_word' id='word_1_743' title='bbox 1166 5624 1265 5687; x_wconf 77' lang='grc' dir='ltr'>τῆς</span> <span class='ocrx_word' id='word_1_744' title='bbox 1338 5615 1590 5680; x_wconf 86' lang='grc' dir='ltr'>Κιλικίας</span> <span class='ocrx_word' id='word_1_745' title='bbox 1648 5617 1953 5693; x_wconf 69' lang='grc' dir='ltr'>λεγομὲνην</span> 
     </span>
    </p>
   </div>
   <div class='ocr_carea' id='block_1_111' title="bbox 316 5703 1959 5783">
    <p class='ocr_par' dir='ltr' id='par_1_111' title="bbox 316 5703 1959 5783">
     <span class='ocr_line' id='line_1_112' title="bbox 316 5703 1959 5783; baseline -0.001 -19"><span class='ocrx_word' id='word_1_746' title='bbox 316 5703 722 5781; x_wconf 80' lang='grc' dir='ltr'>Ἀλεξανδρῶνα</span> <span class='ocrx_word' id='word_1_747' title='bbox 779 5710 1028 5778; x_wconf 76' lang='grc' dir='ltr'>καταντᾷ,</span> <span class='ocrx_word' id='word_1_748' title='bbox 1088 5706 1303 5762; x_wconf 83' lang='grc' dir='ltr'>κάκεῖσε</span> <span class='ocrx_word' id='word_1_749' title='bbox 1352 5707 1443 5761; x_wconf 87' lang='grc' dir='ltr'>τὸν</span> <span class='ocrx_word' id='word_1_750' title='bbox 1492 5706 1708 5783; x_wconf 84' lang='grc' dir='ltr'>χάρακα</span> <span class='ocrx_word' id='word_1_751' title='bbox 1758 5710 1959 5781; x_wconf 77' lang='grc' dir='ltr'>πήγνυ·</span> 
     </span>
    </p>
   </div>
   <div class='ocr_carea' id='block_1_112' title="bbox 2071 4714 3721 4793">
    <p class='ocr_par' dir='ltr' id='par_1_112' title="bbox 2071 4714 3721 4793">
     <span class='ocr_line' id='line_1_113' title="bbox 2071 4714 3721 4793; baseline -0.005 -14"><span class='ocrx_word' id='word_1_752' title='bbox 2071 4742 2200 4780; x_wconf 90' lang='lat' dir='ltr'><strong>rum</strong></span> <span class='ocrx_word' id='word_1_753' title='bbox 2236 4724 2528 4793; x_wconf 90' lang='lat' dir='ltr'><strong>regionem</strong></span> <span class='ocrx_word' id='word_1_754' title='bbox 2582 4721 2824 4776; x_wconf 81' lang='lat' dir='ltr'><strong>invadit.</strong></span> <span class='ocrx_word' id='word_1_755' title='bbox 2875 4718 3139 4787; x_wconf 89' lang='lat' dir='ltr'><strong>Cumque</strong></span> <span class='ocrx_word' id='word_1_756' title='bbox 3186 4716 3428 4771; x_wconf 83' lang='lat' dir='ltr'><strong>conferti</strong></span> <span class='ocrx_word' id='word_1_757' title='bbox 3482 4715 3542 4769; x_wconf 89' lang='lat' dir='ltr'><strong>in</strong></span> <span class='ocrx_word' id='word_1_758' title='bbox 3590 4714 3721 4771; x_wconf 85' lang='lat' dir='ltr'><strong>loca</strong></span> 
     </span>
    </p>
   </div>
   <div class='ocr_carea' id='block_1_113' title="bbox 2068 4802 3716 4885">
    <p class='ocr_par' dir='ltr' id='par_1_113' title="bbox 2068 4802 3716 4885">
     <span class='ocr_line' id='line_1_114' title="bbox 2068 4802 3716 4885; baseline -0.007 -16"><span class='ocrx_word' id='word_1_759' title='bbox 2068 4814 2282 4885; x_wconf 85' lang='lat' dir='ltr'><strong>frigida</strong></span> <span class='ocrx_word' id='word_1_760' title='bbox 2311 4810 2680 4866; x_wconf 88' lang='lat' dir='ltr'><strong>devenissent</strong></span> <span class='ocrx_word' id='word_1_761' title='bbox 2712 4826 2780 4865; x_wconf 83' lang='lat' dir='ltr'><strong>ex</strong></span> <span class='ocrx_word' id='word_1_762' title='bbox 2810 4808 3128 4863; x_wconf 86' lang='lat' dir='ltr'><strong>admodum</strong></span> <span class='ocrx_word' id='word_1_763' title='bbox 3155 4804 3370 4875; x_wconf 87' lang='lat' dir='ltr'><strong>tepidis</strong></span> <span class='ocrx_word' id='word_1_764' title='bbox 3401 4808 3457 4859; x_wconf 90' lang='lat' dir='ltr'><strong>et</strong></span> <span class='ocrx_word' id='word_1_765' title='bbox 3486 4802 3716 4874; x_wconf 90' lang='lat' dir='ltr'><strong>calidis,</strong></span> 
     </span>
    </p>
   </div>
   <div class='ocr_carea' id='block_1_114' title="bbox 2071 4900 3718 4983">
    <p class='ocr_par' dir='ltr' id='par_1_114' title="bbox 2071 4900 3718 4983">
     <span class='ocr_line' id='line_1_115' title="bbox 2071 4900 3718 4983; baseline -0.006 -16"><span class='ocrx_word' id='word_1_766' title='bbox 2071 4913 2369 4983; x_wconf 90' lang='lat' dir='ltr'><strong>ingentem</strong></span> <span class='ocrx_word' id='word_1_767' title='bbox 2404 4924 2637 4964; x_wconf 86' lang='lat' dir='ltr'><strong>sensere</strong></span> <span class='ocrx_word' id='word_1_768' title='bbox 2669 4906 3074 4971; x_wconf 86' lang='lat' dir='ltr'><strong>mutationem,</strong></span> <span class='ocrx_word' id='word_1_769' title='bbox 3102 4908 3157 4958; x_wconf 90' lang='lat' dir='ltr'><strong>et</strong></span> <span class='ocrx_word' id='word_1_770' title='bbox 3187 4901 3402 4956; x_wconf 90' lang='lat' dir='ltr'><strong>idcirco</strong></span> <span class='ocrx_word' id='word_1_771' title='bbox 3445 4900 3718 4957; x_wconf 82' lang='lat' dir='ltr'><strong>homines</strong></span> 
     </span>
    </p>
   </div>
   <div class='ocr_carea' id='block_1_115' title="bbox 2071 4989 3720 5073">
    <p class='ocr_par' dir='ltr' id='par_1_115' title="bbox 2071 4989 3720 5073">
     <span class='ocr_line' id='line_1_116' title="bbox 2071 4989 3720 5073; baseline -0.006 -17"><span class='ocrx_word' id='word_1_772' title='bbox 2071 5001 2267 5073; x_wconf 87' lang='lat' dir='ltr'><strong>plures</strong></span> <span class='ocrx_word' id='word_1_773' title='bbox 2300 4999 2640 5066; x_wconf 87' lang='lat' dir='ltr'><strong>interibant,</strong></span> <span class='ocrx_word' id='word_1_774' title='bbox 2682 5012 2739 5052; x_wconf 77' lang='lat' dir='ltr'><strong>et</strong></span> <span class='ocrx_word' id='word_1_775' title='bbox 2785 4993 3087 5063; x_wconf 88' lang='lat' dir='ltr'><strong>complura</strong></span> <span class='ocrx_word' id='word_1_776' title='bbox 3135 4990 3458 5047; x_wconf 84' lang='lat' dir='ltr'><strong>animantia</strong></span> <span class='ocrx_word' id='word_1_777' title='bbox 3504 4989 3720 5061; x_wconf 87' lang='lat' dir='ltr'><strong>frigore</strong></span> 
     </span>
    </p>
   </div>
   <div class='ocr_carea' id='block_1_116' title="bbox 2072 5079 3722 5155">
    <p class='ocr_par' dir='ltr' id='par_1_116' title="bbox 2072 5079 3722 5155">
     <span class='ocr_line' id='line_1_117' title="bbox 2072 5079 3722 5155; baseline -0.007 -10"><span class='ocrx_word' id='word_1_778' title='bbox 2072 5090 2333 5145; x_wconf 87' lang='lat' dir='ltr'><strong>confecta</strong></span> <span class='ocrx_word' id='word_1_779' title='bbox 2362 5086 2670 5143; x_wconf 88' lang='lat' dir='ltr'><strong>sunt.Cum</strong></span> <span class='ocrx_word' id='word_1_780' title='bbox 2702 5102 2838 5139; x_wconf 88' lang='lat' dir='ltr'><strong>vero</strong></span> <span class='ocrx_word' id='word_1_781' title='bbox 2878 5098 3153 5155; x_wconf 87' lang='lat' dir='ltr'><strong>egressus</strong></span> <span class='ocrx_word' id='word_1_782' title='bbox 3199 5083 3357 5135; x_wconf 89' lang='lat' dir='ltr'><strong>esset</strong></span> <span class='ocrx_word' id='word_1_783' title='bbox 3402 5079 3722 5150; x_wconf 89' lang='lat' dir='ltr'><strong>imperator</strong></span> 
     </span>
    </p>
   </div>
   <div class='ocr_carea' id='block_1_117' title="bbox 2072 5167 3722 5249">
    <p class='ocr_par' dir='ltr' id='par_1_117' title="bbox 2072 5167 3722 5249">
     <span class='ocr_line' id='line_1_118' title="bbox 2072 5167 3722 5249; baseline -0.006 -15"><span class='ocrx_word' id='word_1_784' title='bbox 2072 5180 2140 5234; x_wconf 82' lang='lat' dir='ltr'><strong>ad</strong></span> <span class='ocrx_word' id='word_1_785' title='bbox 2169 5179 2485 5249; x_wconf 86' lang='lat' dir='ltr'><strong>quemdam</strong></span> <span class='ocrx_word' id='word_1_786' title='bbox 2512 5176 2703 5229; x_wconf 83' lang='lat' dir='ltr'><strong>locum</strong></span> <span class='ocrx_word' id='word_1_787' title='bbox 2729 5172 3140 5244; x_wconf 81' lang='lat' dir='ltr'><strong>angustiarum</strong></span> <span class='ocrx_word' id='word_1_788' title='bbox 3165 5168 3447 5234; x_wconf 85' lang='lat' dir='ltr'><strong>Podandi,</strong></span> <span class='ocrx_word' id='word_1_789' title='bbox 3482 5167 3722 5224; x_wconf 88' lang='lat' dir='ltr'><strong>nomine</strong></span> 
     </span>
    </p>
   </div>
   <div class='ocr_carea' id='block_1_118' title="bbox 2067 5256 3721 5340">
    <p class='ocr_par' dir='ltr' id='par_1_118' title="bbox 2067 5256 3721 5340">
     <span class='ocr_line' id='line_1_119' title="bbox 2067 5256 3721 5340; baseline -0.007 -18"><span class='ocrx_word' id='word_1_790' title='bbox 2067 5267 2391 5340; x_wconf 74' lang='lat' dir='ltr'><strong>Gytarium,</strong></span> <span class='ocrx_word' id='word_1_791' title='bbox 2426 5264 2578 5319; x_wconf 78' lang='lat'><strong>678</strong></span> <span class='ocrx_word' id='word_1_792' title='bbox 2611 5262 2836 5318; x_wconf 82' lang='lat' dir='ltr'><strong>audivit</strong></span> <span class='ocrx_word' id='word_1_793' title='bbox 2867 5258 3167 5317; x_wconf 85' lang='lat' dir='ltr'><strong>Amorium</strong></span> <span class='ocrx_word' id='word_1_794' title='bbox 3203 5258 3494 5328; x_wconf 87' lang='lat' dir='ltr'><strong>direptum</strong></span> <span class='ocrx_word' id='word_1_795' title='bbox 3527 5256 3721 5312; x_wconf 88' lang='lat' dir='ltr'><strong>homi-</strong></span> 
     </span>
    </p>
   </div>
   <div class='ocr_carea' id='block_1_119' title="bbox 2070 5346 3720 5425">
    <p class='ocr_par' dir='ltr' id='par_1_119' title="bbox 2070 5346 3720 5425">
     <span class='ocr_line' id='line_1_120' title="bbox 2070 5346 3720 5425; baseline -0.005 -16"><span class='ocrx_word' id='word_1_796' title='bbox 2070 5370 2333 5425; x_wconf 79' lang='lat' dir='ltr'><strong>numque</strong></span> <span class='ocrx_word' id='word_1_797' title='bbox 2358 5352 2648 5407; x_wconf 82' lang='lat' dir='ltr'><strong>inl&#39;initam</strong></span> <span class='ocrx_word' id='word_1_798' title='bbox 2677 5350 2914 5405; x_wconf 64' lang='lat' dir='ltr'><strong>caedem.</strong></span> <span class='ocrx_word' id='word_1_799' title='bbox 2950 5346 3163 5402; x_wconf 88' lang='lat' dir='ltr'><strong>Positis</strong></span> <span class='ocrx_word' id='word_1_800' title='bbox 3185 5350 3377 5399; x_wconf 86' lang='lat' dir='ltr'><strong>autem</strong></span> <span class='ocrx_word' id='word_1_801' title='bbox 3413 5346 3619 5400; x_wconf 80' lang='lat' dir='ltr'><strong>castris</strong></span> <span class='ocrx_word' id='word_1_802' title='bbox 3650 5346 3720 5400; x_wconf 87' lang='lat' dir='ltr'><strong>ad</strong></span> 
     </span>
    </p>
   </div>
   <div class='ocr_carea' id='block_1_120' title="bbox 2070 5434 3714 5509">
    <p class='ocr_par' dir='ltr' id='par_1_120' title="bbox 2070 5434 3714 5509">
     <span class='ocr_line' id='line_1_121' title="bbox 2070 5434 3714 5509; baseline -0.005 -12"><span class='ocrx_word' id='word_1_803' title='bbox 2070 5442 2265 5498; x_wconf 87' lang='lat' dir='ltr'><strong>Chalci</strong></span> <span class='ocrx_word' id='word_1_804' title='bbox 2298 5441 2709 5507; x_wconf 89' lang='lat' dir='ltr'><strong>diversorium,</strong></span> <span class='ocrx_word' id='word_1_805' title='bbox 2743 5438 2840 5509; x_wconf 91' lang='lat' dir='ltr'><strong>qui</strong></span> <span class='ocrx_word' id='word_1_806' title='bbox 2875 5437 2933 5491; x_wconf 91' lang='lat' dir='ltr'><strong>in</strong></span> <span class='ocrx_word' id='word_1_807' title='bbox 2968 5435 3237 5491; x_wconf 90' lang='lat' dir='ltr'><strong>Melitene</strong></span> <span class='ocrx_word' id='word_1_808' title='bbox 3268 5434 3516 5489; x_wconf 87' lang='lat' dir='ltr'><strong>duxerat</strong></span> <span class='ocrx_word' id='word_1_809' title='bbox 3552 5450 3714 5489; x_wconf 84' lang='lat' dir='ltr'><strong>exer-</strong></span> 
     </span>
    </p>
   </div>
   <div class='ocr_carea' id='block_1_121' title="bbox 2071 5523 3718 5601">
    <p class='ocr_par' dir='ltr' id='par_1_121' title="bbox 2071 5523 3718 5601">
     <span class='ocr_line' id='line_1_122' title="bbox 2071 5523 3718 5601; baseline -0.006 -14"><span class='ocrx_word' id='word_1_810' title='bbox 2071 5534 2273 5601; x_wconf 88' lang='lat' dir='ltr'><strong>citum,</strong></span> <span class='ocrx_word' id='word_1_811' title='bbox 2300 5546 2671 5601; x_wconf 77' lang='lat' dir='ltr'><strong>nequaquam</strong></span> <span class='ocrx_word' id='word_1_812' title='bbox 2706 5530 2774 5582; x_wconf 92' lang='lat' dir='ltr'><strong>ad</strong></span> <span class='ocrx_word' id='word_1_813' title='bbox 2810 5527 3003 5597; x_wconf 90' lang='lat' dir='ltr'><strong>ipsum</strong></span> <span class='ocrx_word' id='word_1_814' title='bbox 3037 5523 3220 5579; x_wconf 90' lang='lat' dir='ltr'><strong>voluit</strong></span> <span class='ocrx_word' id='word_1_815' title='bbox 3249 5524 3539 5592; x_wconf 91' lang='lat' dir='ltr'><strong>accedere,</strong></span> <span class='ocrx_word' id='word_1_816' title='bbox 3575 5540 3718 5594; x_wconf 65' lang='grc' dir='ltr'>ρηο-</span> 
     </span>
    </p>
   </div>
   <div class='ocr_carea' id='block_1_122' title="bbox 2067 5612 3714 5689">
    <p class='ocr_par' dir='ltr' id='par_1_122' title="bbox 2067 5612 3714 5689">
     <span class='ocr_line' id='line_1_123' title="bbox 2067 5612 3714 5689; baseline -0.006 -12"><span class='ocrx_word' id='word_1_817' title='bbox 2067 5622 2269 5677; x_wconf 87' lang='lat' dir='ltr'><strong>sertim</strong></span> <span class='ocrx_word' id='word_1_818' title='bbox 2303 5637 2433 5675; x_wconf 92' lang='lat' dir='ltr'><strong>cum</strong></span> <span class='ocrx_word' id='word_1_819' title='bbox 2468 5619 2525 5672; x_wconf 90' lang='lat' dir='ltr'><strong>in</strong></span> <span class='ocrx_word' id='word_1_820' title='bbox 2559 5618 2772 5689; x_wconf 92' lang='lat' dir='ltr'><strong>oppido</strong></span> <span class='ocrx_word' id='word_1_821' title='bbox 2804 5614 3137 5672; x_wconf 85' lang='lat' dir='ltr'><strong>Tzamando</strong></span> <span class='ocrx_word' id='word_1_822' title='bbox 3169 5618 3436 5668; x_wconf 91' lang='lat' dir='ltr'><strong>coactum</strong></span> <span class='ocrx_word' id='word_1_823' title='bbox 3469 5612 3714 5667; x_wconf 88' lang='lat' dir='ltr'><strong>haberet</strong></span> 
     </span>
    </p>
   </div>
   <div class='ocr_carea' id='block_1_123' title="bbox 2062 5701 3707 5776">
    <p class='ocr_par' dir='ltr' id='par_1_123' title="bbox 2062 5701 3707 5776">
     <span class='ocr_line' id='line_1_124' title="bbox 2062 5701 3707 5776; baseline -0.008 -9"><span class='ocrx_word' id='word_1_824' title='bbox 2062 5711 2403 5767; x_wconf 86' lang='lat' dir='ltr'><strong>exercitum.</strong></span> <span class='ocrx_word' id='word_1_825' title='bbox 2437 5708 2662 5776; x_wconf 80' lang='lat' dir='ltr'><strong>Quibus</strong></span> <span class='ocrx_word' id='word_1_826' title='bbox 2693 5707 2763 5763; x_wconf 88' lang='lat' dir='ltr'><strong>de</strong></span> <span class='ocrx_word' id='word_1_827' title='bbox 2794 5705 2990 5762; x_wconf 88' lang='lat' dir='ltr'><strong>causis</strong></span> <span class='ocrx_word' id='word_1_828' title='bbox 3020 5701 3216 5759; x_wconf 90' lang='lat' dir='ltr'><strong>dolore</strong></span> <span class='ocrx_word' id='word_1_829' title='bbox 3249 5702 3517 5771; x_wconf 76' lang='lat' dir='ltr'><strong>ail‘ectus,</strong></span> <span class='ocrx_word' id='word_1_830' title='bbox 3552 5701 3707 5771; x_wconf 90' lang='lat' dir='ltr'><strong>quod</strong></span> 
     </span>
    </p>
   </div>
  </div>
