4084 6140
353 365 472 429 407

1665 371 1995 432 JOANNlS
2040 370 2444 434 SCYLITZE

3634 367 3746 430 408

356 499 537 555 rebus
590 515 933 555 succurrere
978 505 1037 555 et
1100 499 1377 573 epitulari
1424 501 1717 573 nequiret,
1764 518 1892 573 qua
1943 502 2014 558 ad

2140 521 2203 570 τι,
2235 499 2326 554 καὶ
2365 501 2458 555 τὸν
2501 503 2714 575 Ταῦρον
2762 500 2826 555 τὸ
2873 501 2999 573 ὅρος
3033 494 3271 573 ὑπερϐὰς
3314 504 3635 575 πανστρατιᾷ
3655 500 3754 554 εἶσ-

364 588 683 645 exercitum
717 590 1100 661 pertinerent,
1133 595 1287 645 recte
1319 592 1683 661 compositis,
1720 596 2015 663 quantum

364 678 477 734 sibi
508 677 693 748 licuit,
728 683 783 734 et
816 679 1069 733 maxima
1097 684 1261 751 parte
1292 679 1351 733 in
1384 679 1630 735 hiberna
1662 682 1865 750 missa,
1892 680 2017 753 ipse

364 768 708 840 Byzantium
760 768 1059 823 contendit
1106 770 1177 823 ad
1228 770 1451 824 mensis
1503 769 1769 825 Januarii
1819 771 2017 827 finem.

365 864 473 919 Ubi
508 866 802 936 quoddam
838 871 1073 937 tempus
1114 872 1533 938 commoratus,
1586 883 1719 922 cum
1766 868 2017 925 civitatis

365 957 587 1010 statum
644 972 746 1025 pro
798 954 1021 1009 viribus
1066 956 1564 1025 administrasset,
1597 957 1920 1015 honoribus
1952 974 2018 1013 ac

367 1043 717 1099 muneribus
750 1050 1049 1099 senatores
1080 1045 1367 1115 quosdam
1401 1052 1768 1116 prosccutus,
1815 1047 2018 1102 distri-

366 1133 526 1187 butis
578 1133 793 1187 annuis
834 1133 1006 1187 donis
1038 1150 1226 1204 neque
1257 1134 1609 1204 exspectatis
1640 1136 2020 1191 Paschalibus

368 1222 578 1276 diebus
610 1222 678 1276 ad
716 1222 980 1276 Eriorum
1016 1223 1256 1277 domum
1290 1239 1320 1277 e
1353 1224 1585 1292 regione
1629 1225 1793 1280 urbis
1843 1226 2017 1280 sitam

368 1310 893 1382 navigavit.Evenit
922 1311 1078 1365 enim
1114 1312 1309 1366 nescio
1341 1312 1480 1383 quid
1512 1311 1699 1381 aliud,
1734 1315 1888 1384 quod
1924 1330 2021 1369 ne-

369 1400 624 1456 cessario
656 1400 851 1471 ipsum
884 1401 956 1455 ad
988 1400 1403 1471 profectionem
1436 1418 1567 1456 cum
1598 1404 1849 1458 exercitu
1885 1420 2022 1474 pro-

373 1490 619 1544 vocavit.
658 1489 754 1545 Vir
802 1490 1041 1560 quidam
1090 1490 1354 1558 Latinus,
1408 1491 1715 1563 Crispinus
1762 1493 2023 1562 nomine,

378 1595 447 1633 ex
508 1576 673 1632 Italia
730 1595 863 1633 cum
924 1580 994 1634 ad
1052 1580 1464 1650 imperatorem
1525 1582 1899 1649 accessisset,
1950 1583 2020 1637 ad

377 1666 633 1722 Orientis
662 1672 878 1738 partes,
913 1672 978 1722 ut
1008 1668 1085 1721 ibi
1120 1668 1422 1739 hiemaret,
1472 1669 1694 1725 missus
1751 1675 1861 1727 est.
1913 1672 2021 1737 Qui

380 1758 545 1810 ratus
604 1770 666 1810 se
714 1772 829 1810 non
879 1772 944 1811 eo
995 1755 1215 1811 honore
1264 1757 1531 1813 affectum
1584 1775 1685 1829 pro
1736 1760 2022 1830 dignitate

374 1860 548 1915 quem
600 1850 955 1915 speraverat,
1008 1846 1080 1900 ad
1125 1845 1499 1901 rebellionem
1549 1849 1850 1920 spectavit,
1901 1855 2021 1904 sta-

371 1933 600 2004 timque
632 1940 1005 1989 occurrentes
1055 1934 1165 1989 sibi
1218 1935 1577 1990 tributorum
1625 1942 1920 1994 exactores
1968 1943 2026 1994 et

369 2020 636 2092 reliquos
705 2022 916 2095 spoliat
980 2040 1045 2079 ac
1111 2023 1347 2094 diripit;
1431 2025 1824 2081 Romanorum
1891 2044 2025 2084 vero

370 2110 677 2166 neminem
740 2112 1052 2178 interfecit,
1113 2112 1404 2185 multique
1461 2131 1595 2170 cum
1654 2116 1782 2187 ipso
1831 2117 2029 2188 praelio

374 2201 677 2270 congressi
745 2200 881 2255 victi
945 2212 1103 2257 sunt.
1163 2202 1266 2256 Sed
1338 2201 1398 2256 in
1466 2206 1872 2261 Armeniorum
1942 2224 2030 2261 re-

381 2288 555 2361 gione
616 2288 936 2345 hibernans
998 2290 1337 2345 bestarches
1396 2292 1630 2347 Samuel
1689 2292 2031 2350 Aluisianus

388 2377 705 2450 Bulgarus,
766 2378 1135 2451 imperatoris
1196 2380 1391 2435 uxoris
1440 2384 1633 2452 frater,
1686 2394 1861 2454 quam
1912 2385 2033 2456 pri-

391 2473 561 2523 vatus
613 2466 806 2523 adhuc
856 2469 1076 2541 degens
1125 2470 1390 2537 duxerat,
1441 2488 1573 2526 cum
1623 2473 1885 2544 quinque
1930 2480 2033 2529 Uc-

401 2557 652 2613 cidentis
700 2557 1030 2629 legionibus
1078 2565 1314 2631 repente
1364 2562 1515 2616 679
1562 2562 1898 2633 Crispinum
1948 2564 2037 2618 in-

398 2645 558 2700 vadit
615 2644 744 2717 ipsa
802 2646 893 2701 die
951 2647 1437 2715 Resurrectionis,
1492 2650 1712 2705 Pascha
1769 2651 2034 2722 inquam.

395 2742 557 2806 Quod
592 2759 725 2798 cum
758 2744 1190 2815 persensissent
1222 2745 1447 2812 Franci,
1492 2746 1725 2818 fugiunt
1770 2750 2038 2817 Romani,

392 2829 779 2901 ipsorumque
828 2834 894 2887 fit
944 2832 1128 2888 multa
1176 2834 1384 2900 caedes,
1437 2852 1502 2890 ac
1550 2836 1666 2890 vivi
1727 2838 2040 2908 capiuntur

395 2935 642 2975 numero
676 2920 914 2975 inﬁniti.
952 2927 1223 2977 Attamen
1274 2939 1479 2978 omnes
1527 2924 1784 2982 humane
1830 2932 2039 2983 tracta-

394 3012 490 3063 tos
534 3009 780 3073 dimisit,
832 3010 950 3065 imo
998 3027 1130 3066 vero
1160 3009 1496 3069 vulneratos
1525 3014 1714 3069 curari
1749 3017 2037 3087 permisit.

395 3100 537 3153 Cum
613 3098 932 3170 imperator
1010 3100 1081 3155 ad
1164 3100 1469 3173 Doryleum
1551 3105 1928 3174 pervenisset,
2007 3122 2041 3161 a

396 3187 662 3258 Crispino
696 3188 1041 3259 legationem
1081 3191 1325 3261 accepit,
1379 3208 1497 3262 qua
1545 3192 1903 3249 deditionem
1952 3195 2035 3250 fa-

395 3276 651 3342 tebatur,
703 3284 760 3332 et
808 3279 878 3333 de
926 3279 1248 3334 defectione
1297 3296 1359 3334 se
1389 3281 1581 3350 ipsum
1617 3284 1950 3349 excusabat,
1983 3288 2039 3338 et

396 3366 636 3421 omnino
689 3366 978 3421 malorum
1030 3385 1157 3439 quae
1217 3368 1337 3423 sive
1387 3370 1609 3437 volens,
1660 3371 1779 3427 sive
1826 3372 2043 3427 invitus

394 3459 789 3526 perpetrasset
846 3455 1201 3513 oblivionem
1264 3458 1513 3527 petebat.
1570 3460 1793 3524 Quibus
1837 3466 2042 3532 postu-

394 3542 529 3598 latis
563 3544 771 3599 annuit
802 3544 1142 3615 imperator,
1175 3550 1231 3599 et
1262 3546 1457 3601 omnia
1487 3564 1615 3619 quae
1663 3548 1759 3604 ille
1804 3550 2046 3619 petierat

397 3631 654 3700 perfecit,
717 3631 824 3685 viri
896 3632 1261 3687 nobilitatem
1330 3640 1386 3688 et
1451 3635 1510 3688 in
1579 3635 1732 3691 bello
1798 3637 2042 3706 gloriam

390 3714 610 3783 veritus
670 3747 682 3783 :
737 3729 953 3784 etenim
1022 3731 1368 3785 defectionis
1430 3737 1707 3804 tempore,
1763 3751 1892 3789 cum
1953 3736 2044 3789 in-

392 3816 629 3872 cidisset
680 3819 737 3872 in
791 3819 1107 3873 maximam
1158 3824 1476 3876 Turcorum
1528 3840 1793 3891 manum,
1843 3824 2042 3893 ingen-

388 3905 474 3961 tia
529 3923 707 3962 manu
763 3924 870 3963 sua
921 3909 1181 3963 facinora
1228 3910 1511 3966 ediderat.
1561 3913 1630 3966 Et
1675 3914 2044 3983 progredien-

391 3994 435 4048 ti
491 3994 827 4066 imperatori
889 3996 1080 4051 instar
1130 3997 1278 4051 servi
1304 3999 1530 4053 obviam
1591 4001 1673 4053 fit.
1722 4000 2044 4071 Subitoque

396 4087 460 4136 ut
485 4084 713 4139 amicus
744 4100 809 4138 ac
844 4085 1158 4139 benevolus
1192 4087 1573 4156 sequebatur,
1608 4089 1809 4159 paucis
1840 4106 2040 4145 secum

394 4171 751 4242 quibusdam
786 4173 1077 4228 militibus
1108 4174 1377 4230 adductis
1412 4193 1423 4230 :
1458 4176 1604 4233 alios
1632 4177 1789 4233 enim
1836 4178 1896 4233 in
1934 4195 2039 4251 0p-

398 4260 535 4330 pido
606 4260 984 4317 Maurocastri
1069 4262 1407 4333 reliquerat,
1487 4268 1642 4335 quod
1728 4273 2043 4338 occuparat

390 4348 452 4403 in
498 4350 796 4416 Armenia,
848 4351 909 4405 in
970 4350 1086 4406 alto
1147 4353 1293 4408 colle
1353 4358 1633 4424 positum.
1695 4356 1805 4410 Sed
1868 4356 2039 4427 paulo

388 4442 541 4508 post,
626 4454 758 4493 cum
847 4439 905 4493 in
995 4440 1391 4510 suspicionem
1476 4445 1756 4511 venisset,
1842 4446 2039 4500 nescio

387 4526 525 4598 quid
558 4527 794 4584 crudele
836 4528 896 4584 in
948 4530 1245 4600 propriam
1296 4532 1519 4587 tribum
1571 4537 2032 4604 perpetraturus,

2127 585 2327 644 ϐάλλει
2360 593 2429 664 τῇ
2473 589 2787 663 Ῥωμαίων.
2841 592 2922 663 [Ρ.
2973 592 3102 663 829]
3135 588 3485 665 Ἑντυχόντες
3516 587 3559 643 δ’
3588 589 3759 664 ἀθρόοι

2125 678 2317 740 τόποις
2346 681 2582 754 ψυχροῖς
2614 677 2665 749 ἐξ
2717 679 2843 753 ἀγαν
2896 677 3155 734 ἀλεεινὼν
3184 678 3274 732 καὶ
3305 679 3517 752 θερμῶν
3553 675 3761 746 πολλῆς

2132 762 2443 839 μεταϐολῆς
2492 766 2725 843 ᾔσθοντο
2761 788 2773 800 ο
2819 765 2903 823 διὸ
2946 768 3037 822 καὶ
3085 769 3363 843 ἄνθρωποι
3412 765 3612 822 πολλοὶ
3660 766 3759 821 ἀπ-

2128 856 2315 911 έθανον
2346 858 2433 911 καὶ
2482 862 2592 925 ζῶα
2631 856 2819 912 πολλά
2855 856 3207 931 ἐναπὲψυξαν.
3259 856 3527 926 Ἐξιὸντος
3572 854 3627 911 δὲ
3671 859 3763 910 τοῦ

2132 943 2402 1022 βασιλέως
2454 945 2528 1007 είς
2582 968 2634 1001 τι
2694 946 2903 1021 χωρίον
2958 953 3060 1015 τῆς
3109 942 3385 1001 Ποδανδοῦ
3433 942 3764 1021 κλεισούρας,

2128 1034 2385 1110 Γυτάριον
2444 1035 2968 1109 κατονομαζόμενον,
3024 1033 3253 1105 ’ἤκουσεν
3302 1037 3329 1089 ὁ
3378 1032 3628 1110 βασιλεὺς
3672 1036 3763 1104 τήν

2125 1145 2184 1177 τε
2239 1128 2339 1176 τοῦ
2400 1124 2662 1199 Ἀμοίρου
2711 1122 3134 1202 λαφυραγωγίαν
3192 1123 3281 1178 καὶ
3342 1124 3504 1197 φόνον
3566 1120 3763 1197 ἀνδρῶν

2129 1211 2433 1284 ἀμύθητον.
2467 1213 2942 1283 Κατεστηκηκυίας
2997 1210 3055 1267 δὲ
3091 1219 3192 1282 τῆς
3223 1207 3583 1287 παρεμϐολῆς
3611 1211 3662 1265 ἐν
3696 1215 3768 1282 τῷ

2124 1306 2223 1355 τοῦ
2276 1303 2533 1363 Χαλκέως
2595 1307 2820 1374 σταθμῷ
2878 1302 2906 1356 6
2973 1301 3025 1356 ἐν
3091 1300 3374 1374 Μελιτηνῇ
3422 1304 3629 1374 κρατῶν
3679 1304 3767 1355 τοῦ

2130 1396 2358 1467 στρατοῦ
2391 1389 2506 1445 οὐδ’
2536 1389 2679 1453 ὅλως
2736 1391 2881 1463 αὐτῷ
2928 1386 3255 1467 προσϐαλεῖν
3307 1388 3598 1460 ἠθέλησεν,
3632 1384 3765 1464 ἔχων

2129 1480 2219 1534 καὶ
2257 1484 2424 1534 ταῦτα
2465 1481 2565 1549 τὴν
2617 1481 2869 1555 στρατιὰν
2921 1480 2974 1534 ἐν
3028 1484 3107 1552 τῷ
3158 1483 3256 1534 τοῦ
3287 1475 3611 1551 Τζαμανδοῦ
3651 1498 3767 1531 συν-

2129 1570 2496 1644 ηθροισμένην
2541 1569 2864 1641 πολίσματι.
2918 1570 3035 1646 Ἐφ’
3086 1571 3168 1631 οἷς
3212 1568 3469 1636 ἀνίαθεὶς,
3506 1568 3580 1640 μή
3612 1565 3766 1633 δυνη-

2132 1658 2242 1722 θεὶς
2274 1655 2331 1711 δὲ
2387 1659 2656 1733 βοηθῆσαι
2704 1663 2785 1731 τῷ
2833 1657 3136 1733 πράγματι,
3179 1657 3246 1711 τὰ
3284 1655 3423 1711 κατά
3466 1657 3559 1711 τὸν
3616 1676 3765 1730 στρα-

2127 1748 2219 1802 τὸν
2282 1747 2355 1809 ὡς
2410 1745 2533 1817 ἐνῆν
2584 1744 2773 1818 δεξιως
2818 1744 3156 1818 διαθέμενος,
3205 1744 3281 1808 εἷς
3337 1743 3767 1820 παραχειμασίαν

2128 1837 2189 1891 τὸ
2214 1835 2403 1891 πλεῖον
2453 1837 2630 1892 αὐτῶν
2679 1834 3004 1898 ἀποστείλας
3055 1835 3214 1898 αὐτὸς
3270 1834 3357 1890 ἐπὶ
3389 1836 3452 1889 τὸ
3494 1834 3769 1903 Βυζάντιον

2086 1918 2099 1999 Γ
2127 1924 2269 1993 τίετο,
2301 1926 2437 2001 πρὸς
2459 1931 2541 1999 τῷ
2567 1924 2716 1981 τὲλει
2736 1925 2833 1981 τού
2866 1925 3200 2000 Ἰανουαρίου
3236 1925 3412 1998 μηνὸς
3456 1918 3769 1978 καταλαϐὼν

2135 2015 2187 2071 ἐν
2220 2013 2385 2086 αὐτῷ.
2444 2016 2723 2092 Διαγαγὼν
2775 2016 2950 2071 τοίνυν
3004 2013 3055 2069 ἐν
3108 2013 3255 2086 αύτῷ
3302 2011 3532 2089 χρόνον,
3571 2012 3656 2067 καὶ
3684 2010 3772 2074 τὰς

2135 2112 2425 2177 πολιτικὰς
2475 2111 2771 2184 διοικήσεις
2822 2114 2894 2175 ὡς
2943 2110 3162 2167 δυνατὸν
3214 2109 3656 2184 διοικησάμενος,
3696 2107 3779 2163 καὶ

2137 2203 2301 2277 τιμάς
2350 2204 2437 2258 καὶ
2514 2201 2783 2273 δεξιώσεις
2858 2202 2933 2264 εἷς
3006 2223 3155 2263 τινας
3228 2206 3336 2256 τῶν
3417 2199 3777 2276 συγκλητικῶν

2140 2294 2532 2365 ποιησάμενος,
2575 2293 2663 2347 καὶ
2711 2294 2806 2355 τὰς
2870 2290 3117 2362 ἐτησίους
3176 2289 3385 2365 δωρεὰς
3443 2288 3781 2361 διανειμάμε-

2142 2404 2255 2453 νος,
2283 2382 2371 2436 καὶ
2422 2380 2547 2436 οὐδὲ
2603 2382 2699 2443 τὰς
2776 2378 3121 2456 πασχαΛίους
3187 2379 3403 2452 ἡμέρας
3463 2377 3783 2454 περιμείνας,

2145 2470 2221 2534 εἵς
2279 2472 2370 2526 τὸν
2430 2472 2714 2545 ἀντιπέραν
2774 2477 2872 2539 τῆς
2922 2468 3139 2531 πόΛεως
3217 2469 3368 2523 οἶκον
3441 2472 3550 2523 τῶν
3600 2464 3783 2540 Ἠρίιυν

2146 2558 2503 2618 ἀπέπλευσεν.
2544 2554 2867 2629 Ἐπισυνέϐη
2917 2557 3021 2634 γάρ
3060 2579 3112 2612 τι
3169 2557 3259 2612 καὶ
3301 2553 3492 2631 ἕτερον
3531 2556 3664 2632 πρὸς
3703 2553 3781 2609 ἐκ·

2148 2651 2425 2725 στρατείαν
2486 2648 2785 2723 ἀναγκαίως
2838 2644 3039 2701 καλοῦν
3100 2645 3286 2703 αὐτόν.
3346 2648 3517 2719 Ἀνήρ
3558 2645 3657 2719 γὰρ
3710 2662 3785 2703 τις

2147 2744 2399 2811 Λατῖνος,
2444 2743 2736 2812 Κρισπῖνος
2784 2738 2883 2806 τήν
2938 2735 3158 2803 κλῆσιν,
3193 2735 3242 2807 ἐξ
3299 2734 3540 2796 Ἰταλίας
3588 2737 3664 2805 τῷ
3697 2732 3782 2808 βα-

2148 2828 2293 2883 σιλεῖ
2348 2827 2666 2901 προσελθὼν
2733 2827 2871 2901 πρὸς
2932 2827 3031 2895 τὴν
3086 2826 3255 2897 Ἑῲαν
3314 2822 3621 2893 ἀπεστάλη,
3675 2841 3781 2896 χει-

2151 2919 2335 2990 μάσων
2395 2915 2615 2973 ἐκεῖθεν.
2671 2916 2835 2986 Δόξας
2898 2911 2955 2969 δὲ
3014 2916 3089 2986 μὴ
3148 2914 3452 2986 τιμηθηναι
3506 2910 3664 2982 ἀξίως
3714 2906 3779 2962 ὧν

2145 3004 2376 3076 ἤλπιζεν
2464 3004 2787 3060 ἀποστασίαν
2875 3003 3161 3073 ἐσκόπησε,
3242 3001 3335 3056 καὶ
3403 3001 3595 3056 αὐτίκα
3670 2996 3783 3056 τοὺς

2149 3098 2513 3155 συναντῶντας
2570 3092 2911 3171 φορολόγους
2979 3113 3036 3146 τε
3104 3090 3193 3144 καὶ
3253 3088 3490 3150 λοιποὺς
3554 3084 3782 3142 σκυλεύει

2146 3184 2235 3239 καὶ
2265 3182 2567 3261 διαρπάζει,
2602 3183 2762 3261 φόνον
2815 3179 2872 3236 δὲ
2919 3180 3209 3253 Ῥωμαίων
3254 3176 3449 3235 οὖδὲνα
3497 3177 3783 3253 εἷργάσατο.

2151 3280 2363 3339 Πολλοὶ
2391 3279 2447 3336 δὲ
2461 3281 2639 3353 τούτῳ
2658 3281 2794 3354 πρὸς
2822 3282 3010 3354 μάχην
3035 3277 3320 3340 συστάντες
3352 3278 3686 3347 ἡττήθησαν.
3706 3274 3787 3328 Ἐν

2153 3370 2209 3427 δὶ
2236 3375 2314 3443 τῷ
2344 3370 2535 3442 θὲματι
2576 3374 2682 3423 τῶν
2727 3370 3101 3443 Ἀρμενιακῶν
3151 3367 3591 3441 παραχειμάζων
3640 3364 3666 3417 6
3711 3362 3788 3435 βε-

2152 3459 2397 3535 στάρχης
2414 3458 2682 3531 Σαμουὴλ
2707 3459 2734 3513 ὁ
2760 3455 3134 3518 Ἀλουϊσιεινὸς
3160 3456 3187 3509 6
3211 3449 3789 3530 Βούλγαρος,ἀδελφὸς

2153 3549 2227 3605 ὥν
2249 3556 2349 3618 τῆς
2380 3552 2477 3603 τοῦ
2513 3546 2781 3623 βασιλέως
2797 3544 3071 3621 γυναικός,
3088 3542 3155 3613 ἤν
3186 3539 3264 3598 ἔτι
3283 3541 3588 3598 ἰδιωτεύων
3608 3539 3789 3617 ἠγάγε-

2149 3659 2235 3708 το,
2272 3638 2404 3710 μετά
2432 3638 2539 3691 τῶν
2582 3636 2884 3708 Ἑσπερίων
2938 3635 3095 3689 πέντε
3135 3633 3434 3708 ταγμάτων
3468 3627 3788 3709 προσϐάλλει

2149 3733 2229 3800 τῷ
2278 3728 2562 3801 Κρισπίνῳ
2624 3725 2676 3796 ἐξ
2750 3722 2951 3801 ἐφόδου
3028 3725 3144 3777 κατ’
3215 3722 3391 3791 αὐτὴν
3444 3723 3545 3790 τὴν
3598 3720 3789 3791 ἡμέραν

2149 3824 2250 3886 τῆς
2294 3815 2655 3881 ἀναστάσεως,
2694 3816 2791 3868 τοῦ
2839 3815 3028 3888 Ηάσχα
3080 3810 3246 3889 φημί.
3298 3812 3706 3880 Συναισθήτεως
3735 3802 3786 3859 δὲ

2151 3904 2450 3981 γενομένης
2475 3909 2593 3965 τοῖς
2636 3902 2912 3978 Φράγγοις
2954 3901 3238 3977 φεύγουσιν
3285 3901 3337 3954 οἱ
3392 3902 3678 3973 Ῥωμαῖοι,
3706 3895 3785 3950 καὶ

2151 3989 2314 4069 φόνος
2363 3995 2571 4047 τούτων
2618 3992 2818 4067 γίνεται
2865 3987 3039 4051 πολὺς
3091 3989 3180 4043 καὶ
3228 3988 3464 4064 ζωγρεία
3502 3987 3786 4059 ἀμύθητος.

2149 4092 2339 4162 Ὅμως
2371 4088 2437 4157 δὴ
2472 4089 2563 4143 οὗν
2611 4086 3014 4166 φιλανθρώπως
3064 4086 3252 4147 αὐτοῖς
3305 4082 3574 4147 διατεθείς
3603 4082 3789 4139 πάντας

2148 4180 2343 4253 ἀφῆκε,
2382 4176 2593 4251 μᾶλλον
2640 4178 2735 4249 μὲν
2783 4175 2875 4232 οὖν
2932 4175 3021 4230 καὶ
3086 4173 3214 4237 τοὺς
3272 4172 3585 4248 πληγέντας
3646 4189 3791 4224 νοσο-

2148 4273 2435 4339 κομιεῖσθαι
2467 4264 2798 4342 παρέδωκεν.
2853 4267 2938 4322 Ἑν
2988 4268 3067 4335 τῷ
3097 4261 3389 4338 Δορυλαίῳ
3422 4261 3480 4317 δὲ
3518 4261 3791 4337 γενόμενος

2148 4358 2177 4411 6
2231 4354 2484 4432 βασιλεὺς
2535 4349 2820 4429 πρεσϐείαν
2874 4357 2971 4408 τοῦ
3017 4352 3321 4427 Κρισπίνου
3371 4348 3608 4421 ἐδέξατο,
3665 4349 3789 4418 ὁμο-

2149 4444 2341 4518 λογίαν
2367 4465 2425 4498 τε
2458 4451 2558 4512 τῆς
2591 4441 2914 4503 δουλώσεως
2942 4442 3032 4496 καὶ
3062 4442 3160 4509 τήν
3194 4436 3500 4512 ἀπολογίαν
3534 4444 3633 4506 τῆς
3658 4436 3787 4490 ἀντι-

2147 4533 2368 4594 στασίας
2421 4533 2709 4610 φέρουσαν,
2756 4530 2846 4585 καὶ
2897 4528 3087 4591 ἁπλῶς
3136 4527 3440 4601 ἀμνηστίαν
3486 4529 3660 4581 κακῶν
3691 4525 3787 4576 τῶν

386 4617 541 4686 quod
607 4634 727 4672 suae
785 4617 1073 4673 voluntati
1136 4635 1251 4673 non
1305 4620 1729 4688 obsequeretur
1793 4623 2031 4689 (etenim

2145 4623 2273 4697 παρ’
2322 4620 2487 4676 αὐτοῦ
2530 4618 2923 4695 πεπραγμένων
2976 4614 3082 4673 εἴτε
3128 4616 3351 4678 ἑκόντος
3392 4613 3501 4671 εἴτε
3558 4611 3785 4671 ἄκοντος.

391 4704 681 4774 perfidum
743 4710 800 4761 et
857 4706 1207 4777 inexplebile
1271 4709 1621 4764 Francorum
1681 4727 1866 4781 genus
1930 4717 2038 4779 est,

389 4792 509 4847 imo
540 4794 717 4849 etiam
751 4795 1075 4867 ingratum,
1112 4800 1167 4849 et
1202 4796 1409 4853 multis
1441 4798 1863 4853 offensionibus
1914 4817 2039 4855 ma-

388 4896 506 4952 gna
586 4883 833 4939 crimina
913 4885 1233 4941 exsuscitat
1315 4891 1371 4941 et
1438 4888 1905 4957 perturbationes
1970 4906 2038 4946 ac

387 4969 731 5040 seditiones,
774 4973 990 5043 quibus
1041 4982 1321 5044 tanquam
1382 4975 1610 5031 delictis
1668 4976 2035 5049 oblectatur),

386 5068 676 5125 exercitus
744 5071 989 5143 imperio
1054 5072 1362 5129 abdicatus
1432 5075 1561 5142 fuit,
1626 5092 1740 5130 non
1812 5077 2035 5134 sincere

386 5155 710 5225 convictus,
745 5160 843 5213 sed
880 5165 1106 5216 tantum
1140 5178 1173 5217 a
1205 5164 1458 5233 quodam
1500 5165 1767 5220 Nemizzo
1819 5164 2033 5220 illustri

387 5250 721 5303 accusatus.
748 5249 988 5304 Sodales
1019 5251 1173 5306 680
1204 5269 1334 5307 vero
1368 5253 1553 5322 ipsius
1597 5254 1794 5324 iniquo
1839 5256 2033 5311 animo

383 5334 442 5387 id
502 5336 660 5403 passi
720 5353 787 5392 ex
843 5339 1057 5409 oppido
1118 5341 1357 5409 profecti
1426 5342 1483 5395 in
1546 5343 2031 5414 Mesopotamiam

385 5439 448 5477 se
480 5424 793 5494 recipiunt,
830 5427 1135 5498 multaque
1165 5429 1383 5485 damna
1412 5431 1493 5485 ibi
1525 5432 2032 5488 commorantibus

389 5510 779 5567 intulere.Ubi
803 5530 938 5569 vero
960 5515 1283 5586 imperator
1306 5534 1437 5572 cum
1462 5520 1718 5574 exercitu
1746 5520 1815 5573 ad
1840 5523 2026 5574 Cmsao

389 5615 549 5655 ream
602 5604 884 5673 pervenit,
934 5603 1318 5675 cognovitque
1364 5607 1657 5677 ingentem
1708 5613 2031 5664 Turcorum

390 5705 632 5748 manum
689 5694 983 5765 regionem
1019 5694 1365 5765 depraedari,
1391 5698 1709 5765 quamdam
1743 5700 2032 5755 exercitus

2148 4713 2245 4772 Οἷς
2278 4711 2553 4781 ὑπήκουσε
2595 4712 2682 4763 καί
2723 4710 2751 4763 6
2796 4706 3067 4783 βασιλεὺς,
3100 4707 3189 4761 καὶ
3241 4704 3423 4761 πάντα
3470 4704 3568 4758 ὅσα
3608 4701 3784 4775 ἐξῃτήο

2148 4820 2276 4854 σατο
2325 4798 2713 4873 κατεπράξατο,
2767 4798 2830 4852 τὸ
2881 4797 2972 4851 τοῦ
3017 4793 3209 4867 ἀνδρὸς
3264 4798 3517 4871 γενναῖον
3548 4792 3632 4847 καὶ
3663 4787 3785 4862 πρὸς

2144 4888 2275 4950 τοὺς
2308 4886 2590 4959 πολέμους
2638 4883 2919 4961 περίδοξον
2970 4881 3399 4955 καταιδούμενος
3433 4901 3447 4916 ·
3502 4880 3591 4935 καὶ
3621 4878 3717 4953 γάρ
3738 4876 3783 4929 ἓν

2143 4978 2223 5048 τῷ
2250 4984 2355 5045 τῆς
2415 4976 2744 5036 ἀποστασίας
2801 4978 2976 5046 καιρῶ
3023 4972 3275 5048 Τούρκων
3318 4970 3561 5045 ἐντυχὼν
3593 4961 3787 5033 πληθύϊ

2144 5064 2336 5139 πολλῇ
2376 5062 2616 5139 μεγάλας
2664 5060 3017 5137 ἀνδραγαθίας
3076 5059 3135 5115 ἐκ
3183 5060 3371 5135 χειρὸς
3416 5054 3786 5131 ἀπειργάσατο.

2147 5170 2224 5231 [Ρ.
2274 5165 2403 5233 830]
2462 5162 2562 5218 Καὶ
2640 5160 2887 5235 προϊόντι
2960 5163 3040 5228 τῷ
3116 5156 3332 5234 βασιλεῖ
3407 5145 3789 5221 δουλοπρεπῶς

2144 5253 2371 5321 ἀπαντᾷ,
2427 5252 2517 5305 καί
2597 5248 2749 5313 αὗθις
2822 5250 2895 5309 ὡς
2970 5245 3153 5309 εὔνους
3220 5244 3517 5310 συνείπετο,
3578 5238 3784 5312 ὀλίγους

2140 5341 2289 5402 τινάς
2344 5341 2678 5415 στρατιώτας
2731 5337 3065 5413 ἐπαγόμενος
3108 5355 3118 5368 ·
3174 5334 3317 5390 είάσε
3361 5334 3467 5408 γὰρ
3516 5330 3637 5389 τοὺς
3692 5322 3779 5415 ἄλ·

2143 5431 2274 5491 λους
2322 5429 2373 5483 ἓν
2412 5412 2503 5502 τῷ
2559 5432 2657 5483 τοῦ
2701 5412 3130 5502 Μαυροκάστρου
3188 5424 3516 5495 πολίσματι,
3574 5415 3635 5472 οὗ
3684 5412 3774 5480 τὴν

2140 5519 2464 5593 κατάσχεσιν
2519 5518 2816 5587 ἐποιήσατο
2864 5516 2915 5569 ἐν
2965 5520 3045 5587 τῷ
3094 5515 3456 5586 Ἀρμενιακῷ,
3491 5507 3576 5562 ἐπὶ
3614 5502 3775 5593 λόφου

2140 5608 2370 5680 κειμένῳ
2406 5605 2645 5681 ὑψηλοῦ.
2680 5607 2805 5661 Μετ’
2855 5603 3043 5679 ὀλίγον
3096 5601 3154 5659 δὲ
3198 5597 3519 5671 ὑπονοηθεὶς
3550 5592 3692 5668 ὠμόν
3724 5609 3770 5681 τι

2139 5678 2524 5769 διαπράξασθαι
2574 5692 2649 5756 εἷς
2695 5694 2793 5761 τήν
2849 5692 3049 5747 οἰκείαν
3101 5690 3278 5769 φυλὴν
3334 5689 3410 5762 μὴ
3463 5678 3768 5754 συναιρομέ-
