  <div class='ocr_page' id='page_1' title='image "/cluster/home/n/w/nwhite01/storage/ocr_20150623/122 pt.2/mdp.39015037401315/212.png"; bbox 0 0 4084 6140; ppageno 0'>
   <div class='ocr_carea' id='block_1_1' title="bbox 345 389 473 451">
    <p class='ocr_par' dir='ltr' id='par_1_1' title="bbox 345 389 473 451">
     <span class='ocr_line' id='line_1_1' title="bbox 345 389 473 451; baseline 0.016 -2"><span class='ocrx_word' id='word_1_1' title='bbox 345 389 473 451; x_wconf 70' lang='grc'>409</span> 
     </span>
    </p>
   </div>
   <div class='ocr_carea' id='block_1_2' title="bbox 1866 387 2261 451">
    <p class='ocr_par' dir='ltr' id='par_1_2' title="bbox 1866 387 2261 451">
     <span class='ocr_line' id='line_1_2' title="bbox 1866 387 2261 451; baseline 0.008 -4"><span class='ocrx_word' id='word_1_2' title='bbox 1866 387 2261 451; x_wconf 82' lang='lat' dir='ltr'>HISTORIA.</span> 
     </span>
    </p>
   </div>
   <div class='ocr_carea' id='block_1_3' title="bbox 3646 391 3769 455">
    <p class='ocr_par' dir='ltr' id='par_1_3' title="bbox 3646 391 3769 455">
     <span class='ocr_line' id='line_1_3' title="bbox 3646 391 3769 455; baseline 0 -1"><span class='ocrx_word' id='word_1_3' title='bbox 3646 391 3769 455; x_wconf 69' lang='grc'>410</span> 
     </span>
    </p>
   </div>
   <div class='ocr_carea' id='block_1_4' title="bbox 345 518 2011 597">
    <p class='ocr_par' dir='ltr' id='par_1_4' title="bbox 345 518 1995 597">
     <span class='ocr_line' id='line_1_4' title="bbox 345 518 1995 597; baseline 0.001 -24"><span class='ocrx_word' id='word_1_4' title='bbox 345 542 447 592; x_wconf 83' lang='grc' dir='ltr'>νην</span> <span class='ocrx_word' id='word_1_5' title='bbox 496 520 648 592; x_wconf 84' lang='grc' dir='ltr'>αύτῷ</span> <span class='ocrx_word' id='word_1_6' title='bbox 701 518 753 576; x_wconf 81' lang='grc' dir='ltr'>ἐν</span> <span class='ocrx_word' id='word_1_7' title='bbox 795 525 915 584; x_wconf 74' lang='grc' dir='ltr'>τοῖς</span> <span class='ocrx_word' id='word_1_8' title='bbox 966 518 1324 597; x_wconf 69' lang='grc' dir='ltr'>βουλομένοις</span> <span class='ocrx_word' id='word_1_9' title='bbox 1371 520 1483 591; x_wconf 87' lang='grc' dir='ltr'>(καὶ</span> <span class='ocrx_word' id='word_1_10' title='bbox 1522 518 1621 595; x_wconf 69' lang='grc' dir='ltr'>γὰρ</span> <span class='ocrx_word' id='word_1_11' title='bbox 1650 520 1737 575; x_wconf 86' lang='grc' dir='ltr'>καὶ</span> <span class='ocrx_word' id='word_1_12' title='bbox 1773 519 1995 575; x_wconf 75' lang='grc' dir='ltr'>ἄπιστον</span> 
     </span>
    </p>
   </div>
   <div class='ocr_carea' id='block_1_5' title="bbox 2122 518 3768 597">
    <p class='ocr_par' dir='ltr' id='par_1_5' title="bbox 2122 524 3768 597">
     <span class='ocr_line' id='line_1_5' title="bbox 2122 524 3768 597; baseline 0.002 -19"><span class='ocrx_word' id='word_1_13' title='bbox 2122 526 2341 595; x_wconf 90' lang='lat' dir='ltr'>partem</span> <span class='ocrx_word' id='word_1_14' title='bbox 2381 525 2662 582; x_wconf 84' lang='lat' dir='ltr'>adversus</span> <span class='ocrx_word' id='word_1_15' title='bbox 2707 525 2867 597; x_wconf 84' lang='lat' dir='ltr'>ipsos</span> <span class='ocrx_word' id='word_1_16' title='bbox 2892 525 3054 582; x_wconf 81' lang='lat' dir='ltr'>misit</span> <span class='ocrx_word' id='word_1_17' title='bbox 3080 544 3095 594; x_wconf 91' lang='lat'><strong>;</strong></span> <span class='ocrx_word' id='word_1_18' title='bbox 3126 541 3303 597; x_wconf 90' lang='lat' dir='ltr'>quam</span> <span class='ocrx_word' id='word_1_19' title='bbox 3335 524 3551 583; x_wconf 90' lang='lat' dir='ltr'>infecta</span> <span class='ocrx_word' id='word_1_20' title='bbox 3580 541 3642 582; x_wconf 86' lang='lat' dir='ltr'>re</span> <span class='ocrx_word' id='word_1_21' title='bbox 3672 527 3768 582; x_wconf 88' lang='lat' dir='ltr'>fu-</span> 
     </span>
    </p>
   </div>
   <div class='ocr_carea' id='block_1_6' title="bbox 346 606 2003 686">
    <p class='ocr_par' dir='ltr' id='par_1_6' title="bbox 346 606 2003 686">
     <span class='ocr_line' id='line_1_6' title="bbox 346 606 2003 686; baseline -0.002 -22"><span class='ocrx_word' id='word_1_22' title='bbox 346 608 439 665; x_wconf 75' lang='grc' dir='ltr'>καί</span> <span class='ocrx_word' id='word_1_23' title='bbox 472 608 757 680; x_wconf 73' lang='grc' dir='ltr'>ἄπληστον</span> <span class='ocrx_word' id='word_1_24' title='bbox 802 630 865 665; x_wconf 93' lang='grc' dir='ltr'>το</span> <span class='ocrx_word' id='word_1_25' title='bbox 915 612 1069 684; x_wconf 80' lang='grc' dir='ltr'>γένος</span> <span class='ocrx_word' id='word_1_26' title='bbox 1111 614 1219 664; x_wconf 91' lang='grc' dir='ltr'>τῶν</span> <span class='ocrx_word' id='word_1_27' title='bbox 1249 610 1538 686; x_wconf 81' lang='grc' dir='ltr'>Φράγγων,</span> <span class='ocrx_word' id='word_1_28' title='bbox 1573 607 1784 682; x_wconf 80' lang='grc' dir='ltr'>μᾶλλον</span> <span class='ocrx_word' id='word_1_29' title='bbox 1828 606 1886 663; x_wconf 75' lang='grc' dir='ltr'>δὲ</span> <span class='ocrx_word' id='word_1_30' title='bbox 1914 608 2003 663; x_wconf 83' lang='grc' dir='ltr'>καὶ</span> 
     </span>
    </p>
   </div>
   <div class='ocr_carea' id='block_1_7' title="bbox 348 696 2003 775">
    <p class='ocr_par' dir='ltr' id='par_1_7' title="bbox 348 696 2003 775">
     <span class='ocr_line' id='line_1_7' title="bbox 348 696 2003 775; baseline -0.001 -22"><span class='ocrx_word' id='word_1_31' title='bbox 348 700 674 775; x_wconf 79' lang='grc' dir='ltr'>ἀχάριστον,</span> <span class='ocrx_word' id='word_1_32' title='bbox 723 698 813 752; x_wconf 85' lang='grc' dir='ltr'>καὶ</span> <span class='ocrx_word' id='word_1_33' title='bbox 870 696 1111 763; x_wconf 87' lang='grc' dir='ltr'>πολλοῖς</span> <span class='ocrx_word' id='word_1_34' title='bbox 1166 699 1467 771; x_wconf 72' lang='grc' dir='ltr'>πταίσμασι</span> <span class='ocrx_word' id='word_1_35' title='bbox 1533 696 1774 773; x_wconf 82' lang='grc' dir='ltr'>μεγάλας</span> <span class='ocrx_word' id='word_1_36' title='bbox 1828 697 2003 760; x_wconf 70' lang='grc' dir='ltr'>αῗτίας</span> 
     </span>
    </p>
   </div>
   <div class='ocr_carea' id='block_1_8' title="bbox 351 786 2003 863">
    <p class='ocr_par' dir='ltr' id='par_1_8' title="bbox 351 786 2003 863">
     <span class='ocr_line' id='line_1_8' title="bbox 351 786 2003 863; baseline -0.001 -20"><span class='ocrx_word' id='word_1_37' title='bbox 351 788 631 863; x_wconf 87' lang='grc' dir='ltr'>ἐπεγεῖρον</span> <span class='ocrx_word' id='word_1_38' title='bbox 691 789 780 842; x_wconf 81' lang='grc' dir='ltr'>καὶ</span> <span class='ocrx_word' id='word_1_39' title='bbox 836 788 1081 863; x_wconf 82' lang='grc' dir='ltr'>ταραχὰς</span> <span class='ocrx_word' id='word_1_40' title='bbox 1139 788 1229 842; x_wconf 81' lang='grc' dir='ltr'>καὶ</span> <span class='ocrx_word' id='word_1_41' title='bbox 1287 786 1640 853; x_wconf 83' lang='grc' dir='ltr'>ἀποστασίας,</span> <span class='ocrx_word' id='word_1_42' title='bbox 1690 790 1775 849; x_wconf 83' lang='grc' dir='ltr'>αἷς</span> <span class='ocrx_word' id='word_1_43' title='bbox 1823 786 2003 862; x_wconf 82' lang='grc' dir='ltr'>ἐντρυ-</span> 
     </span>
    </p>
   </div>
   <div class='ocr_carea' id='block_1_9' title="bbox 353 873 2004 954">
    <p class='ocr_par' dir='ltr' id='par_1_9' title="bbox 353 873 2004 954">
     <span class='ocr_line' id='line_1_9' title="bbox 353 873 2004 954; baseline -0.002 -22"><span class='ocrx_word' id='word_1_44' title='bbox 353 880 571 954; x_wconf 75' lang='grc' dir='ltr'>φήματι</span> <span class='ocrx_word' id='word_1_45' title='bbox 630 876 905 951; x_wconf 88' lang='grc' dir='ltr'>γάννυται)</span> <span class='ocrx_word' id='word_1_46' title='bbox 964 877 1293 954; x_wconf 83' lang='grc' dir='ltr'>ἀπεπέμφθη</span> <span class='ocrx_word' id='word_1_47' title='bbox 1350 880 1447 931; x_wconf 77' lang='grc' dir='ltr'>τοῦ</span> <span class='ocrx_word' id='word_1_48' title='bbox 1494 873 1878 951; x_wconf 81' lang='grc' dir='ltr'>στρατοπέδου,</span> <span class='ocrx_word' id='word_1_49' title='bbox 1929 878 2004 948; x_wconf 77' lang='grc' dir='ltr'>μὴ</span> 
     </span>
    </p>
   </div>
   <div class='ocr_carea' id='block_1_10' title="bbox 353 964 2006 1042">
    <p class='ocr_par' dir='ltr' id='par_1_10' title="bbox 353 964 2006 1042">
     <span class='ocr_line' id='line_1_10' title="bbox 353 964 2006 1042; baseline -0.002 -20"><span class='ocrx_word' id='word_1_50' title='bbox 353 970 610 1040; x_wconf 86' lang='grc' dir='ltr'>καθαρῶς</span> <span class='ocrx_word' id='word_1_51' title='bbox 642 967 736 1039; x_wconf 74' lang='grc' dir='ltr'>μὲν</span> <span class='ocrx_word' id='word_1_52' title='bbox 764 965 1067 1042; x_wconf 81' lang='grc' dir='ltr'>ἐλεγχθεὶς,</span> <span class='ocrx_word' id='word_1_53' title='bbox 1102 964 1227 1021; x_wconf 85' lang='grc' dir='ltr'>ἀλλ’</span> <span class='ocrx_word' id='word_1_54' title='bbox 1259 964 1295 1034; x_wconf 78' lang='grc' dir='ltr'>ἢ</span> <span class='ocrx_word' id='word_1_55' title='bbox 1346 966 1509 1038; x_wconf 88' lang='grc' dir='ltr'>μόνον</span> <span class='ocrx_word' id='word_1_56' title='bbox 1559 965 1706 1040; x_wconf 78' lang='grc' dir='ltr'>παρὰ</span> <span class='ocrx_word' id='word_1_57' title='bbox 1734 964 2006 1036; x_wconf 86' lang='grc' dir='ltr'>Νεμίτζου</span> 
     </span>
    </p>
   </div>
   <div class='ocr_carea' id='block_1_11' title="bbox 357 1050 2006 1130">
    <p class='ocr_par' dir='ltr' id='par_1_11' title="bbox 357 1050 2006 1130">
     <span class='ocr_line' id='line_1_11' title="bbox 357 1050 2006 1130; baseline -0.002 -20"><span class='ocrx_word' id='word_1_58' title='bbox 357 1057 501 1117; x_wconf 84' lang='grc' dir='ltr'>τινὸς</span> <span class='ocrx_word' id='word_1_59' title='bbox 550 1054 822 1127; x_wconf 77' lang='grc' dir='ltr'>ἐπισήμου</span> <span class='ocrx_word' id='word_1_60' title='bbox 866 1054 1281 1130; x_wconf 89' lang='grc' dir='ltr'>κατηγορηθείς.</span> <span class='ocrx_word' id='word_1_61' title='bbox 1332 1055 1399 1111; x_wconf 75' lang='grc' dir='ltr'>Οἱ</span> <span class='ocrx_word' id='word_1_62' title='bbox 1454 1050 1511 1108; x_wconf 72' lang='grc' dir='ltr'>δὲ</span> <span class='ocrx_word' id='word_1_63' title='bbox 1564 1055 1767 1126; x_wconf 72' lang='grc' dir='ltr'>ἑταῖροι</span> <span class='ocrx_word' id='word_1_64' title='bbox 1808 1053 2006 1107; x_wconf 89' lang='grc' dir='ltr'>τούτου</span> 
     </span>
    </p>
   </div>
   <div class='ocr_carea' id='block_1_12' title="bbox 360 1140 2006 1219">
    <p class='ocr_par' dir='ltr' id='par_1_12' title="bbox 360 1140 2006 1219">
     <span class='ocr_line' id='line_1_12' title="bbox 360 1140 2006 1219; baseline -0.003 -19"><span class='ocrx_word' id='word_1_65' title='bbox 360 1146 448 1200; x_wconf 78' lang='grc' dir='ltr'>ἐπὶ</span> <span class='ocrx_word' id='word_1_66' title='bbox 506 1146 585 1216; x_wconf 80' lang='grc' dir='ltr'>τῷ</span> <span class='ocrx_word' id='word_1_67' title='bbox 641 1143 884 1219; x_wconf 85' lang='grc' dir='ltr'>γεγονότι</span> <span class='ocrx_word' id='word_1_68' title='bbox 946 1142 1453 1213; x_wconf 75' lang='grc' dir='ltr'>δεινοπαθήσαντες,</span> <span class='ocrx_word' id='word_1_69' title='bbox 1514 1140 1733 1217; x_wconf 79' lang='grc' dir='ltr'>ἄραντες</span> <span class='ocrx_word' id='word_1_70' title='bbox 1795 1140 1854 1196; x_wconf 90' lang='grc' dir='ltr'>ἐκ</span> <span class='ocrx_word' id='word_1_71' title='bbox 1909 1146 2006 1197; x_wconf 78' lang='grc' dir='ltr'>τοῦ</span> 
     </span>
    </p>
   </div>
   <div class='ocr_carea' id='block_1_13' title="bbox 356 1227 2003 1311">
    <p class='ocr_par' dir='ltr' id='par_1_13' title="bbox 356 1227 2003 1311">
     <span class='ocr_line' id='line_1_13' title="bbox 356 1227 2003 1311; baseline -0.001 -24"><span class='ocrx_word' id='word_1_72' title='bbox 356 1233 645 1311; x_wconf 72' lang='grc' dir='ltr'>φρουρίου,</span> <span class='ocrx_word' id='word_1_73' title='bbox 709 1234 809 1302; x_wconf 85' lang='grc' dir='ltr'>τήν</span> <span class='ocrx_word' id='word_1_74' title='bbox 892 1230 1314 1305; x_wconf 80' lang='grc' dir='ltr'>Μεσοποταμίαν</span> <span class='ocrx_word' id='word_1_75' title='bbox 1384 1227 1864 1303; x_wconf 77' lang='grc' dir='ltr'>καταλαμϐάνουσι</span> <span class='ocrx_word' id='word_1_76' title='bbox 1916 1231 2003 1285; x_wconf 83' lang='grc' dir='ltr'>καὶ</span> 
     </span>
    </p>
   </div>
   <div class='ocr_carea' id='block_1_14' title="bbox 352 1318 2006 1396">
    <p class='ocr_par' dir='ltr' id='par_1_14' title="bbox 352 1318 2006 1396">
     <span class='ocr_line' id='line_1_14' title="bbox 352 1318 2006 1396; baseline -0.003 -19"><span class='ocrx_word' id='word_1_77' title='bbox 352 1320 545 1378; x_wconf 73' lang='grc' dir='ltr'>πολλὰ</span> <span class='ocrx_word' id='word_1_78' title='bbox 602 1322 741 1377; x_wconf 80' lang='grc' dir='ltr'>κακᾶ</span> <span class='ocrx_word' id='word_1_79' title='bbox 788 1327 905 1385; x_wconf 85' lang='grc' dir='ltr'>τοῖς</span> <span class='ocrx_word' id='word_1_80' title='bbox 956 1321 1127 1376; x_wconf 81' lang='grc' dir='ltr'>ἐκεῖσε</span> <span class='ocrx_word' id='word_1_81' title='bbox 1169 1319 1500 1396; x_wconf 80' lang='grc' dir='ltr'>εἰργάσαντο.</span> <span class='ocrx_word' id='word_1_82' title='bbox 1542 1320 1690 1377; x_wconf 83' lang='grc' dir='ltr'>Ἐπεὶ</span> <span class='ocrx_word' id='word_1_83' title='bbox 1738 1318 1784 1374; x_wconf 85' lang='grc' dir='ltr'>δ’</span> <span class='ocrx_word' id='word_1_84' title='bbox 1833 1321 1861 1374; x_wconf 88' lang='grc' dir='ltr'>ὁ</span> <span class='ocrx_word' id='word_1_85' title='bbox 1913 1321 2006 1393; x_wconf 91' lang='grc' dir='ltr'>βα-</span> 
     </span>
    </p>
   </div>
   <div class='ocr_carea' id='block_1_15' title="bbox 354 1407 2007 1483">
    <p class='ocr_par' dir='ltr' id='par_1_15' title="bbox 354 1407 2007 1483">
     <span class='ocr_line' id='line_1_15' title="bbox 354 1407 2007 1483; baseline -0.002 -19"><span class='ocrx_word' id='word_1_86' title='bbox 354 1408 543 1472; x_wconf 74' lang='grc' dir='ltr'>σιλεὺς</span> <span class='ocrx_word' id='word_1_87' title='bbox 597 1410 732 1483; x_wconf 72' lang='grc' dir='ltr'>μετὰ</span> <span class='ocrx_word' id='word_1_88' title='bbox 774 1407 1021 1480; x_wconf 78' lang='grc' dir='ltr'>πλήθους</span> <span class='ocrx_word' id='word_1_89' title='bbox 1069 1410 1197 1478; x_wconf 82' lang='grc' dir='ltr'>ἧκεν</span> <span class='ocrx_word' id='word_1_90' title='bbox 1254 1408 1329 1471; x_wconf 80' lang='grc' dir='ltr'>εἷς</span> <span class='ocrx_word' id='word_1_91' title='bbox 1382 1408 1726 1483; x_wconf 74' lang='grc' dir='ltr'>Καισάρειαν,</span> <span class='ocrx_word' id='word_1_92' title='bbox 1756 1407 2007 1482; x_wconf 87' lang='grc' dir='ltr'>Τούρκων</span> 
     </span>
    </p>
   </div>
   <div class='ocr_carea' id='block_1_16' title="bbox 352 1495 2010 1573">
    <p class='ocr_par' dir='ltr' id='par_1_16' title="bbox 352 1495 2010 1573">
     <span class='ocr_line' id='line_1_16' title="bbox 352 1495 2010 1573; baseline -0.003 -19"><span class='ocrx_word' id='word_1_93' title='bbox 352 1497 575 1569; x_wconf 85' lang='grc' dir='ltr'>πλῆθος</span> <span class='ocrx_word' id='word_1_94' title='bbox 633 1495 779 1553; x_wconf 81' lang='grc' dir='ltr'>πολὺ</span> <span class='ocrx_word' id='word_1_95' title='bbox 843 1498 1025 1572; x_wconf 88' lang='grc' dir='ltr'>μαθὼν</span> <span class='ocrx_word' id='word_1_96' title='bbox 1081 1500 1180 1568; x_wconf 79' lang='grc' dir='ltr'>τήν</span> <span class='ocrx_word' id='word_1_97' title='bbox 1236 1499 1421 1573; x_wconf 87' lang='grc' dir='ltr'>χώραν</span> <span class='ocrx_word' id='word_1_98' title='bbox 1483 1495 1821 1567; x_wconf 80' lang='grc' dir='ltr'>λεηλατοῦν,</span> <span class='ocrx_word' id='word_1_99' title='bbox 1882 1496 2010 1550; x_wconf 88' lang='grc' dir='ltr'>ἀπέ-</span> 
     </span>
    </p>
   </div>
   <div class='ocr_carea' id='block_1_17' title="bbox 353 1584 2008 1663">
    <p class='ocr_par' dir='ltr' id='par_1_17' title="bbox 353 1584 2008 1663">
     <span class='ocr_line' id='line_1_17' title="bbox 353 1584 2008 1663; baseline -0.003 -19"><span class='ocrx_word' id='word_1_100' title='bbox 353 1589 537 1644; x_wconf 88' lang='grc' dir='ltr'>στειλε</span> <span class='ocrx_word' id='word_1_101' title='bbox 600 1589 765 1660; x_wconf 86' lang='grc' dir='ltr'>μέρος</span> <span class='ocrx_word' id='word_1_102' title='bbox 830 1610 881 1643; x_wconf 89' lang='grc' dir='ltr'>τι</span> <span class='ocrx_word' id='word_1_103' title='bbox 934 1591 1032 1657; x_wconf 77' lang='grc' dir='ltr'>τῆς</span> <span class='ocrx_word' id='word_1_104' title='bbox 1093 1593 1345 1663; x_wconf 78' lang='grc' dir='ltr'>στρατιᾶς</span> <span class='ocrx_word' id='word_1_105' title='bbox 1390 1588 1507 1641; x_wconf 83' lang='grc' dir='ltr'>κατ’</span> <span class='ocrx_word' id='word_1_106' title='bbox 1564 1587 1761 1642; x_wconf 77' lang='grc' dir='ltr'>αὐτῶν.</span> <span class='ocrx_word' id='word_1_107' title='bbox 1824 1584 2008 1655; x_wconf 74' lang='grc' dir='ltr'>Μηδὲν</span> 
     </span>
    </p>
   </div>
   <div class='ocr_carea' id='block_1_18' title="bbox 356 1674 2008 1753">
    <p class='ocr_par' dir='ltr' id='par_1_18' title="bbox 356 1674 2008 1753">
     <span class='ocr_line' id='line_1_18' title="bbox 356 1674 2008 1753; baseline -0.003 -20"><span class='ocrx_word' id='word_1_108' title='bbox 356 1679 577 1747; x_wconf 82' lang='grc' dir='ltr'>ἀνύσας,</span> <span class='ocrx_word' id='word_1_109' title='bbox 639 1676 785 1733; x_wconf 68' lang='grc' dir='ltr'>ἀλλὰ</span> <span class='ocrx_word' id='word_1_110' title='bbox 846 1682 1041 1753; x_wconf 79' lang='grc' dir='ltr'>φεῦγον</span> <span class='ocrx_word' id='word_1_111' title='bbox 1101 1674 1497 1749; x_wconf 78' lang='grc' dir='ltr'>ὑποδεξάμενος</span> <span class='ocrx_word' id='word_1_112' title='bbox 1532 1717 1547 1743; x_wconf 88' lang='grc'>,</span> <span class='ocrx_word' id='word_1_113' title='bbox 1607 1677 2008 1747; x_wconf 69' lang='grc' dir='ltr'>συντεταμένως</span> 
     </span>
    </p>
   </div>
   <div class='ocr_carea' id='block_1_19' title="bbox 350 1771 2011 1853">
    <p class='ocr_par' dir='ltr' id='par_1_19' title="bbox 350 1771 2011 1853">
     <span class='ocr_line' id='line_1_19' title="bbox 350 1771 2011 1853; baseline -0.004 -21"><span class='ocrx_word' id='word_1_114' title='bbox 350 1780 456 1842; x_wconf 79' lang='grc' dir='ltr'>τῆς</span> <span class='ocrx_word' id='word_1_115' title='bbox 523 1775 711 1851; x_wconf 87' lang='grc' dir='ltr'>πρόσω</span> <span class='ocrx_word' id='word_1_116' title='bbox 765 1780 932 1853; x_wconf 74' lang='grc' dir='ltr'>φορᾶς</span> <span class='ocrx_word' id='word_1_117' title='bbox 988 1774 1190 1850; x_wconf 72' lang='grc' dir='ltr'>εἷ’χετο.</span> <span class='ocrx_word' id='word_1_118' title='bbox 1250 1776 1432 1844; x_wconf 79' lang='grc' dir='ltr'>Μήπω</span> <span class='ocrx_word' id='word_1_119' title='bbox 1492 1771 1549 1827; x_wconf 76' lang='grc' dir='ltr'>δὲ</span> <span class='ocrx_word' id='word_1_120' title='bbox 1610 1775 1749 1845; x_wconf 77' lang='grc' dir='ltr'>μήτε</span> <span class='ocrx_word' id='word_1_121' title='bbox 1804 1775 2011 1850; x_wconf 79' lang='grc' dir='ltr'>τάφρου</span> 
     </span>
    </p>
   </div>
   <div class='ocr_carea' id='block_1_20' title="bbox 2113 611 3767 686">
    <p class='ocr_par' dir='ltr' id='par_1_20' title="bbox 2113 611 3767 686">
     <span class='ocr_line' id='line_1_20' title="bbox 2113 611 3767 686; baseline 0.003 -21"><span class='ocrx_word' id='word_1_122' title='bbox 2113 611 2369 684; x_wconf 90' lang='lat' dir='ltr'>gientem</span> <span class='ocrx_word' id='word_1_123' title='bbox 2402 614 2719 686; x_wconf 85' lang='lat' dir='ltr'>excipiens,</span> <span class='ocrx_word' id='word_1_124' title='bbox 2752 614 3074 670; x_wconf 82' lang='lat' dir='ltr'>continenti</span> <span class='ocrx_word' id='word_1_125' title='bbox 3114 614 3322 670; x_wconf 82' lang='lat' dir='ltr'>itinere</span> <span class='ocrx_word' id='word_1_126' title='bbox 3356 614 3603 671; x_wconf 88' lang='lat' dir='ltr'>ulterius</span> <span class='ocrx_word' id='word_1_127' title='bbox 3635 632 3767 686; x_wconf 89' lang='lat' dir='ltr'>pro-</span> 
     </span>
    </p>
   </div>
   <div class='ocr_carea' id='block_1_21' title="bbox 2114 702 3765 775">
    <p class='ocr_par' dir='ltr' id='par_1_21' title="bbox 2114 702 3765 775">
     <span class='ocr_line' id='line_1_21' title="bbox 2114 702 3765 775; baseline 0.002 -20"><span class='ocrx_word' id='word_1_128' title='bbox 2114 702 2277 772; x_wconf 84' lang='lat' dir='ltr'>gredi</span> <span class='ocrx_word' id='word_1_129' title='bbox 2309 719 2623 774; x_wconf 82' lang='lat' dir='ltr'>aggressus</span> <span class='ocrx_word' id='word_1_130' title='bbox 2654 708 2763 759; x_wconf 88' lang='lat' dir='ltr'>est.</span> <span class='ocrx_word' id='word_1_131' title='bbox 2796 704 2942 759; x_wconf 89' lang='lat' dir='ltr'>Cum</span> <span class='ocrx_word' id='word_1_132' title='bbox 2996 705 3256 759; x_wconf 89' lang='lat' dir='ltr'>nondum</span> <span class='ocrx_word' id='word_1_133' title='bbox 3306 720 3495 775; x_wconf 87' lang='lat' dir='ltr'>neque</span> <span class='ocrx_word' id='word_1_134' title='bbox 3545 703 3765 759; x_wconf 82' lang='lat' dir='ltr'>vallum</span> 
     </span>
    </p>
   </div>
   <div class='ocr_carea' id='block_1_22' title="bbox 2116 792 3766 861">
    <p class='ocr_par' dir='ltr' id='par_1_22' title="bbox 2116 792 3766 861">
     <span class='ocr_line' id='line_1_22' title="bbox 2116 792 3766 861; baseline 0.001 -16"><span class='ocrx_word' id='word_1_135' title='bbox 2116 807 2305 861; x_wconf 84' lang='lat' dir='ltr'>neque</span> <span class='ocrx_word' id='word_1_136' title='bbox 2359 793 2805 847; x_wconf 82' lang='lat' dir='ltr'>tabernaculum</span> <span class='ocrx_word' id='word_1_137' title='bbox 2863 798 3268 848; x_wconf 88' lang='lat' dir='ltr'>constructum</span> <span class='ocrx_word' id='word_1_138' title='bbox 3327 796 3502 860; x_wconf 90' lang='lat' dir='ltr'>esset,</span> <span class='ocrx_word' id='word_1_139' title='bbox 3564 792 3766 847; x_wconf 86' lang='lat' dir='ltr'>hostes</span> 
     </span>
    </p>
   </div>
   <div class='ocr_carea' id='block_1_23' title="bbox 2116 880 3769 951">
    <p class='ocr_par' dir='ltr' id='par_1_23' title="bbox 2116 880 3769 951">
     <span class='ocr_line' id='line_1_23' title="bbox 2116 880 3769 951; baseline 0.001 -18"><span class='ocrx_word' id='word_1_140' title='bbox 2116 895 2458 950; x_wconf 81' lang='lat' dir='ltr'>apparuere,</span> <span class='ocrx_word' id='word_1_141' title='bbox 2482 881 2580 951; x_wconf 90' lang='lat' dir='ltr'>qui</span> <span class='ocrx_word' id='word_1_142' title='bbox 2613 880 2915 936; x_wconf 91' lang='lat' dir='ltr'>tutissima</span> <span class='ocrx_word' id='word_1_143' title='bbox 2943 880 3068 934; x_wconf 90' lang='lat' dir='ltr'>loca</span> <span class='ocrx_word' id='word_1_144' title='bbox 3097 881 3464 951; x_wconf 82' lang='lat' dir='ltr'>occupabant</span> <span class='ocrx_word' id='word_1_145' title='bbox 3486 885 3544 935; x_wconf 90' lang='lat' dir='ltr'>et</span> <span class='ocrx_word' id='word_1_146' title='bbox 3572 884 3769 935; x_wconf 87' lang='lat' dir='ltr'>tumu-</span> 
     </span>
    </p>
   </div>
   <div class='ocr_carea' id='block_1_24' title="bbox 2116 969 3767 1043">
    <p class='ocr_par' dir='ltr' id='par_1_24' title="bbox 2116 969 3767 1043">
     <span class='ocr_line' id='line_1_24' title="bbox 2116 969 3767 1043; baseline 0.001 -20"><span class='ocrx_word' id='word_1_147' title='bbox 2116 969 2224 1024; x_wconf 90' lang='lat' dir='ltr'>los.</span> <span class='ocrx_word' id='word_1_148' title='bbox 2260 969 2638 1043; x_wconf 88' lang='lat' dir='ltr'>Editoautem</span> <span class='ocrx_word' id='word_1_149' title='bbox 2662 970 2914 1024; x_wconf 89' lang='lat' dir='ltr'>clamore</span> <span class='ocrx_word' id='word_1_150' title='bbox 2937 986 3067 1024; x_wconf 91' lang='lat' dir='ltr'>cum</span> <span class='ocrx_word' id='word_1_151' title='bbox 3094 970 3412 1041; x_wconf 85' lang='lat' dir='ltr'>imperator</span> <span class='ocrx_word' id='word_1_152' title='bbox 3433 986 3559 1025; x_wconf 89' lang='lat' dir='ltr'>sese</span> <span class='ocrx_word' id='word_1_153' title='bbox 3583 969 3767 1041; x_wconf 83' lang='lat' dir='ltr'>quieti</span> 
     </span>
    </p>
   </div>
   <div class='ocr_carea' id='block_1_25' title="bbox 2118 1055 3767 1122">
    <p class='ocr_par' dir='ltr' id='par_1_25' title="bbox 2118 1055 3767 1122">
     <span class='ocr_line' id='line_1_25' title="bbox 2118 1055 3767 1122; baseline 0.001 -11"><span class='ocrx_word' id='word_1_154' title='bbox 2118 1056 2361 1112; x_wconf 89' lang='lat' dir='ltr'>minime</span> <span class='ocrx_word' id='word_1_155' title='bbox 2420 1056 2763 1122; x_wconf 80' lang='lat' dir='ltr'>dedidisset,</span> <span class='ocrx_word' id='word_1_156' title='bbox 2814 1073 3014 1111; x_wconf 92' lang='lat' dir='ltr'>verum</span> <span class='ocrx_word' id='word_1_157' title='bbox 3065 1055 3379 1113; x_wconf 87' lang='lat' dir='ltr'>classicum</span> <span class='ocrx_word' id='word_1_158' title='bbox 3433 1056 3767 1122; x_wconf 85' lang='lat' dir='ltr'>cecinisset.</span> 
     </span>
    </p>
   </div>
   <div class='ocr_carea' id='block_1_26' title="bbox 2118 1154 3764 1226">
    <p class='ocr_par' dir='ltr' id='par_1_26' title="bbox 2118 1154 3764 1226">
     <span class='ocr_line' id='line_1_26' title="bbox 2118 1154 3764 1226; baseline -0.001 -16"><span class='ocrx_word' id='word_1_159' title='bbox 2118 1172 2453 1226; x_wconf 87' lang='lat' dir='ltr'>processere</span> <span class='ocrx_word' id='word_1_160' title='bbox 2509 1155 2712 1210; x_wconf 90' lang='lat' dir='ltr'>ordine</span> <span class='ocrx_word' id='word_1_161' title='bbox 2761 1154 3107 1225; x_wconf 86' lang='lat' dir='ltr'>phalanges,</span> <span class='ocrx_word' id='word_1_162' title='bbox 3159 1154 3529 1225; x_wconf 85' lang='lat' dir='ltr'>sublatisque</span> <span class='ocrx_word' id='word_1_163' title='bbox 3578 1155 3764 1221; x_wconf 84' lang='lat' dir='ltr'>signis</span> 
     </span>
    </p>
   </div>
   <div class='ocr_carea' id='block_1_27' title="bbox 2119 1242 3763 1315">
    <p class='ocr_par' dir='ltr' id='par_1_27' title="bbox 2119 1242 3763 1315">
     <span class='ocr_line' id='line_1_27' title="bbox 2119 1242 3763 1315; baseline -0.001 -17"><span class='ocrx_word' id='word_1_164' title='bbox 2119 1259 2451 1315; x_wconf 84' lang='lat' dir='ltr'>processere</span> <span class='ocrx_word' id='word_1_165' title='bbox 2483 1243 2946 1298; x_wconf 87' lang='lat' dir='ltr'>adversariorum</span> <span class='ocrx_word' id='word_1_166' title='bbox 2976 1242 3309 1312; x_wconf 91' lang='lat' dir='ltr'>plures.Sed</span> <span class='ocrx_word' id='word_1_167' title='bbox 3336 1259 3468 1297; x_wconf 86' lang='lat' dir='ltr'>cum</span> <span class='ocrx_word' id='word_1_168' title='bbox 3504 1242 3763 1315; x_wconf 86' lang='lat' dir='ltr'>legiones</span> 
     </span>
    </p>
   </div>
   <div class='ocr_carea' id='block_1_28' title="bbox 2117 1330 3770 1403">
    <p class='ocr_par' dir='ltr' id='par_1_28' title="bbox 2117 1330 3770 1403">
     <span class='ocr_line' id='line_1_28' title="bbox 2117 1330 3770 1403; baseline -0.001 -15"><span class='ocrx_word' id='word_1_169' title='bbox 2117 1337 2521 1403; x_wconf 84' lang='lat' dir='ltr'>occupassent,</span> <span class='ocrx_word' id='word_1_170' title='bbox 2556 1350 2672 1387; x_wconf 88' lang='lat' dir='ltr'>una</span> <span class='ocrx_word' id='word_1_171' title='bbox 2706 1333 3029 1403; x_wconf 79' lang='lat' dir='ltr'>Lycaonum</span> <span class='ocrx_word' id='word_1_172' title='bbox 3064 1336 3198 1386; x_wconf 89' lang='lat' dir='ltr'>tunc</span> <span class='ocrx_word' id='word_1_173' title='bbox 3243 1330 3555 1403; x_wconf 89' lang='lat' dir='ltr'>appellata,</span> <span class='ocrx_word' id='word_1_174' title='bbox 3588 1330 3770 1386; x_wconf 88' lang='lat' dir='ltr'>altera</span> 
     </span>
    </p>
   </div>
   <div class='ocr_carea' id='block_1_29' title="bbox 2119 1418 3766 1489">
    <p class='ocr_par' dir='ltr' id='par_1_29' title="bbox 2119 1418 3766 1489">
     <span class='ocr_line' id='line_1_29' title="bbox 2119 1418 3766 1489; baseline -0.002 -13"><span class='ocrx_word' id='word_1_175' title='bbox 2119 1419 2582 1476; x_wconf 76' lang='lat' dir='ltr'>Occidentalium</span> <span class='ocrx_word' id='word_1_176' title='bbox 2624 1420 2926 1489; x_wconf 84' lang='lat' dir='ltr'>copiarum</span> <span class='ocrx_word' id='word_1_177' title='bbox 2959 1418 3131 1475; x_wconf 91' lang='lat' dir='ltr'>solito</span> <span class='ocrx_word' id='word_1_178' title='bbox 3162 1419 3459 1487; x_wconf 86' lang='lat' dir='ltr'>audacior,</span> <span class='ocrx_word' id='word_1_179' title='bbox 3487 1418 3766 1473; x_wconf 89' lang='lat' dir='ltr'>adversus</span> 
     </span>
    </p>
   </div>
   <div class='ocr_carea' id='block_1_30' title="bbox 2123 1508 3768 1580">
    <p class='ocr_par' dir='ltr' id='par_1_30' title="bbox 2123 1508 3768 1580">
     <span class='ocr_line' id='line_1_30' title="bbox 2123 1508 3768 1580; baseline -0.002 -15"><span class='ocrx_word' id='word_1_180' title='bbox 2123 1510 2319 1565; x_wconf 88' lang='lat' dir='ltr'>hostes</span> <span class='ocrx_word' id='word_1_181' title='bbox 2351 1510 2593 1575; x_wconf 85' lang='lat' dir='ltr'>irruere,</span> <span class='ocrx_word' id='word_1_182' title='bbox 2627 1526 2725 1565; x_wconf 90' lang='lat' dir='ltr'>eos</span> <span class='ocrx_word' id='word_1_183' title='bbox 2756 1510 2824 1563; x_wconf 91' lang='lat' dir='ltr'>ad</span> <span class='ocrx_word' id='word_1_184' title='bbox 2862 1509 3059 1580; x_wconf 88' lang='lat' dir='ltr'>fugam</span> <span class='ocrx_word' id='word_1_185' title='bbox 3107 1508 3305 1562; x_wconf 81' lang='lat' dir='ltr'>statim</span> <span class='ocrx_word' id='word_1_186' title='bbox 3327 1512 3589 1578; x_wconf 88' lang='lat' dir='ltr'>spectare</span> <span class='ocrx_word' id='word_1_187' title='bbox 3634 1522 3768 1561; x_wconf 88' lang='lat' dir='ltr'>coe-</span> 
     </span>
    </p>
   </div>
   <div class='ocr_carea' id='block_1_31' title="bbox 2120 1596 3770 1671">
    <p class='ocr_par' dir='ltr' id='par_1_31' title="bbox 2120 1596 3770 1671">
     <span class='ocr_line' id='line_1_31' title="bbox 2120 1596 3770 1671; baseline -0.002 -18"><span class='ocrx_word' id='word_1_188' title='bbox 2120 1604 2352 1671; x_wconf 90' lang='lat' dir='ltr'>gerunt.</span> <span class='ocrx_word' id='word_1_189' title='bbox 2376 1599 2444 1652; x_wconf 88' lang='lat' dir='ltr'>Et</span> <span class='ocrx_word' id='word_1_190' title='bbox 2462 1614 2591 1653; x_wconf 93' lang='lat' dir='ltr'>cum</span> <span class='ocrx_word' id='word_1_191' title='bbox 2627 1598 2942 1669; x_wconf 88' lang='lat' dir='ltr'>imperator</span> <span class='ocrx_word' id='word_1_192' title='bbox 2972 1596 3265 1669; x_wconf 87' lang='lat' dir='ltr'>reliquum</span> <span class='ocrx_word' id='word_1_193' title='bbox 3295 1597 3607 1652; x_wconf 80' lang='lat' dir='ltr'>exercitum</span> <span class='ocrx_word' id='word_1_194' title='bbox 3636 1597 3770 1649; x_wconf 91' lang='lat' dir='ltr'>ante</span> 
     </span>
    </p>
   </div>
   <div class='ocr_carea' id='block_1_32' title="bbox 2121 1683 3770 1760">
    <p class='ocr_par' dir='ltr' id='par_1_32' title="bbox 2121 1683 3770 1760">
     <span class='ocr_line' id='line_1_32' title="bbox 2121 1683 3770 1760; baseline -0.002 -19"><span class='ocrx_word' id='word_1_195' title='bbox 2121 1687 2778 1760; x_wconf 89' lang='lat' dir='ltr'>produceret,reliquam</span> <span class='ocrx_word' id='word_1_196' title='bbox 2800 1702 3032 1757; x_wconf 91' lang='lat' dir='ltr'>quoque</span> <span class='ocrx_word' id='word_1_197' title='bbox 3050 1686 3305 1741; x_wconf 90' lang='lat' dir='ltr'>hostium</span> <span class='ocrx_word' id='word_1_198' title='bbox 3331 1683 3770 1739; x_wconf 87' lang='lat' dir='ltr'>multitudinem</span> 
     </span>
    </p>
   </div>
   <div class='ocr_carea' id='block_1_33' title="bbox 2129 1782 3772 1856">
    <p class='ocr_par' dir='ltr' id='par_1_33' title="bbox 2129 1782 3772 1856">
     <span class='ocr_line' id='line_1_33' title="bbox 2129 1782 3772 1856; baseline -0.004 -15"><span class='ocrx_word' id='word_1_199' title='bbox 2129 1802 2262 1841; x_wconf 91' lang='lat' dir='ltr'>cum</span> <span class='ocrx_word' id='word_1_200' title='bbox 2286 1785 2416 1841; x_wconf 81' lang='lat' dir='ltr'>aliis</span> <span class='ocrx_word' id='word_1_201' title='bbox 2449 1785 2807 1856; x_wconf 82' lang='lat' dir='ltr'>fugientibus</span> <span class='ocrx_word' id='word_1_202' title='bbox 2841 1783 3017 1839; x_wconf 82' lang='lat' dir='ltr'>simul</span> <span class='ocrx_word' id='word_1_203' title='bbox 3049 1783 3249 1856; x_wconf 83' lang='lat' dir='ltr'>fugere</span> <span class='ocrx_word' id='word_1_204' title='bbox 3278 1782 3581 1853; x_wconf 90' lang='lat' dir='ltr'>compulit.</span> <span class='ocrx_word' id='word_1_205' title='bbox 3602 1782 3772 1837; x_wconf 79' lang='lat' dir='ltr'>Acce-</span> 
     </span>
    </p>
   </div>
   <div class='ocr_carea' id='block_1_34' title="bbox 360 1859 2011 1944">
    <p class='ocr_par' dir='ltr' id='par_1_34' title="bbox 360 1859 2011 1941">
     <span class='ocr_line' id='line_1_34' title="bbox 360 1859 2011 1941; baseline -0.004 -22"><span class='ocrx_word' id='word_1_206' title='bbox 360 1867 503 1939; x_wconf 75' lang='grc' dir='ltr'>μήτε</span> <span class='ocrx_word' id='word_1_207' title='bbox 561 1865 887 1933; x_wconf 82' lang='grc' dir='ltr'>σκηνώσεως</span> <span class='ocrx_word' id='word_1_208' title='bbox 940 1865 1262 1940; x_wconf 73' lang='grc' dir='ltr'>γενομένης,</span> <span class='ocrx_word' id='word_1_209' title='bbox 1322 1861 1587 1941; x_wconf 85' lang='grc' dir='ltr'>ἐφάνησαν</span> <span class='ocrx_word' id='word_1_210' title='bbox 1649 1862 1699 1915; x_wconf 77' lang='grc' dir='ltr'>οἱ</span> <span class='ocrx_word' id='word_1_211' title='bbox 1749 1859 2011 1932; x_wconf 88' lang='grc' dir='ltr'>πολέμιοι</span> 
     </span>
    </p>
   </div>
   <div class='ocr_carea' id='block_1_35' title="bbox 2122 1859 3770 1944">
    <p class='ocr_par' dir='ltr' id='par_1_35' title="bbox 2122 1872 3770 1943">
     <span class='ocr_line' id='line_1_35' title="bbox 2122 1872 3770 1943; baseline -0.004 -14"><span class='ocrx_word' id='word_1_212' title='bbox 2122 1875 2396 1930; x_wconf 84' lang='lat' dir='ltr'>dentibus</span> <span class='ocrx_word' id='word_1_213' title='bbox 2428 1878 2622 1929; x_wconf 90' lang='lat' dir='ltr'>autem</span> <span class='ocrx_word' id='word_1_214' title='bbox 2673 1873 2959 1927; x_wconf 92' lang='lat' dir='ltr'>militibus</span> <span class='ocrx_word' id='word_1_215' title='bbox 2990 1878 3048 1928; x_wconf 90' lang='lat' dir='ltr'>et</span> <span class='ocrx_word' id='word_1_216' title='bbox 3071 1872 3419 1943; x_wconf 82' lang='lat' dir='ltr'>Scytharum</span> <span class='ocrx_word' id='word_1_217' title='bbox 3468 1886 3770 1925; x_wconf 86' lang='lat' dir='ltr'>mercena-</span> 
     </span>
    </p>
   </div>
   <div class='ocr_carea' id='block_1_36' title="bbox 352 1948 2012 2029">
    <p class='ocr_par' dir='ltr' id='par_1_36' title="bbox 352 1948 2012 2029">
     <span class='ocr_line' id='line_1_36' title="bbox 352 1948 2012 2029; baseline -0.004 -20"><span class='ocrx_word' id='word_1_218' title='bbox 352 1955 423 2009; x_wconf 83' lang='grc' dir='ltr'>τὰ</span> <span class='ocrx_word' id='word_1_219' title='bbox 481 1953 819 2029; x_wconf 81' lang='grc' dir='ltr'>ἐρυμνότατα</span> <span class='ocrx_word' id='word_1_220' title='bbox 873 1957 981 2007; x_wconf 92' lang='grc' dir='ltr'>τῶν</span> <span class='ocrx_word' id='word_1_221' title='bbox 1035 1952 1217 2008; x_wconf 89' lang='grc' dir='ltr'>τόπων</span> <span class='ocrx_word' id='word_1_222' title='bbox 1277 1951 1601 2024; x_wconf 69' lang='grc' dir='ltr'>κατέχοντες</span> <span class='ocrx_word' id='word_1_223' title='bbox 1651 1951 1741 2004; x_wconf 86' lang='grc' dir='ltr'><strong>καί</strong></span> <span class='ocrx_word' id='word_1_224' title='bbox 1785 1950 1882 2011; x_wconf 86' lang='grc' dir='ltr'>τὰς</span> <span class='ocrx_word' id='word_1_225' title='bbox 1916 1948 2012 2003; x_wconf 86' lang='grc' dir='ltr'>λο-</span> 
     </span>
    </p>
   </div>
   <div class='ocr_carea' id='block_1_37' title="bbox 363 2036 2015 2119">
    <p class='ocr_par' dir='ltr' id='par_1_37' title="bbox 363 2036 2015 2119">
     <span class='ocr_line' id='line_1_37' title="bbox 363 2036 2015 2119; baseline -0.003 -23"><span class='ocrx_word' id='word_1_226' title='bbox 363 2041 512 2119; x_wconf 79' lang='grc' dir='ltr'>φιάς.</span> <span class='ocrx_word' id='word_1_227' title='bbox 545 2048 691 2110; x_wconf 86' lang='grc' dir='ltr'>Βοῆς</span> <span class='ocrx_word' id='word_1_228' title='bbox 745 2038 803 2095; x_wconf 75' lang='grc' dir='ltr'>δὲ</span> <span class='ocrx_word' id='word_1_229' title='bbox 848 2039 1171 2115; x_wconf 84' lang='grc' dir='ltr'>γενομένης,</span> <span class='ocrx_word' id='word_1_230' title='bbox 1206 2041 1281 2112; x_wconf 78' lang='grc' dir='ltr'>μὴ</span> <span class='ocrx_word' id='word_1_231' title='bbox 1317 2036 1681 2099; x_wconf 82' lang='grc' dir='ltr'>ἐκδεδωκότος</span> <span class='ocrx_word' id='word_1_232' title='bbox 1732 2042 1828 2093; x_wconf 81' lang='grc' dir='ltr'>τοῦ</span> <span class='ocrx_word' id='word_1_233' title='bbox 1863 2038 2015 2113; x_wconf 86' lang='grc' dir='ltr'>βασι-</span> 
     </span>
    </p>
   </div>
   <div class='ocr_carea' id='block_1_38' title="bbox 364 2125 2018 2197">
    <p class='ocr_par' dir='ltr' id='par_1_38' title="bbox 364 2125 2018 2197">
     <span class='ocr_line' id='line_1_38' title="bbox 364 2125 2018 2197; baseline -0.005 -10"><span class='ocrx_word' id='word_1_234' title='bbox 364 2130 509 2193; x_wconf 82' lang='grc' dir='ltr'>Αέως</span> <span class='ocrx_word' id='word_1_235' title='bbox 534 2130 734 2191; x_wconf 69' lang='grc' dir='ltr'>,ἑαυτὸν</span> <span class='ocrx_word' id='word_1_236' title='bbox 774 2128 1091 2197; x_wconf 76' lang='grc' dir='ltr'>ἀναπαύσει,</span> <span class='ocrx_word' id='word_1_237' title='bbox 1125 2127 1271 2184; x_wconf 70' lang='grc' dir='ltr'>ἀλλὰ</span> <span class='ocrx_word' id='word_1_238' title='bbox 1320 2129 1382 2183; x_wconf 89' lang='grc' dir='ltr'>τὸ</span> <span class='ocrx_word' id='word_1_239' title='bbox 1427 2127 1674 2183; x_wconf 75' lang='grc' dir='ltr'>ἐνυάλιον</span> <span class='ocrx_word' id='word_1_240' title='bbox 1730 2125 2018 2181; x_wconf 89' lang='grc' dir='ltr'>σαλπίσαν-</span> 
     </span>
    </p>
   </div>
   <div class='ocr_carea' id='block_1_39' title="bbox 357 2215 2012 2293">
    <p class='ocr_par' dir='ltr' id='par_1_39' title="bbox 357 2215 2012 2293">
     <span class='ocr_line' id='line_1_39' title="bbox 357 2215 2012 2293; baseline -0.005 -17"><span class='ocrx_word' id='word_1_241' title='bbox 357 2241 480 2292; x_wconf 89' lang='grc' dir='ltr'>τος,</span> <span class='ocrx_word' id='word_1_242' title='bbox 527 2218 801 2293; x_wconf 72' lang='grc' dir='ltr'>προῄεσαν</span> <span class='ocrx_word' id='word_1_243' title='bbox 855 2220 993 2273; x_wconf 81' lang='grc' dir='ltr'>κατὰ</span> <span class='ocrx_word' id='word_1_244' title='bbox 1045 2219 1191 2291; x_wconf 82' lang='grc' dir='ltr'>τάξιν</span> <span class='ocrx_word' id='word_1_245' title='bbox 1252 2219 1306 2272; x_wconf 78' lang='grc' dir='ltr'>αἱ</span> <span class='ocrx_word' id='word_1_246' title='bbox 1366 2215 1663 2292; x_wconf 74' lang='grc' dir='ltr'>φάλαγγες.</span> <span class='ocrx_word' id='word_1_247' title='bbox 1728 2218 2012 2291; x_wconf 85' lang='grc' dir='ltr'>Ἀρθεισῶν</span> 
     </span>
    </p>
   </div>
   <div class='ocr_carea' id='block_1_40' title="bbox 360 2303 2019 2382">
    <p class='ocr_par' dir='ltr' id='par_1_40' title="bbox 360 2303 2019 2382">
     <span class='ocr_line' id='line_1_40' title="bbox 360 2303 2019 2382; baseline -0.001 -20"><span class='ocrx_word' id='word_1_248' title='bbox 360 2306 420 2364; x_wconf 79' lang='grc' dir='ltr'>δὲ</span> <span class='ocrx_word' id='word_1_249' title='bbox 464 2313 571 2364; x_wconf 89' lang='grc' dir='ltr'>τῶν</span> <span class='ocrx_word' id='word_1_250' title='bbox 623 2312 875 2380; x_wconf 80' lang='grc' dir='ltr'>σημαιῶν</span> <span class='ocrx_word' id='word_1_251' title='bbox 920 2307 1227 2382; x_wconf 83' lang='grc' dir='ltr'>προέκοψαν</span> <span class='ocrx_word' id='word_1_252' title='bbox 1284 2307 1379 2380; x_wconf 70' lang='grc' dir='ltr'>μὲν</span> <span class='ocrx_word' id='word_1_253' title='bbox 1426 2304 1533 2362; x_wconf 80' lang='grc' dir='ltr'>τῶν</span> <span class='ocrx_word' id='word_1_254' title='bbox 1584 2305 1835 2360; x_wconf 78' lang='grc' dir='ltr'>ἐναντίων</span> <span class='ocrx_word' id='word_1_255' title='bbox 1880 2303 2019 2360; x_wconf 86' lang='grc' dir='ltr'>πολ-</span> 
     </span>
    </p>
   </div>
   <div class='ocr_carea' id='block_1_41' title="bbox 357 2390 2013 2471">
    <p class='ocr_par' dir='ltr' id='par_1_41' title="bbox 357 2390 2013 2471">
     <span class='ocr_line' id='line_1_41' title="bbox 357 2390 2013 2471; baseline -0.002 -20"><span class='ocrx_word' id='word_1_256' title='bbox 357 2396 474 2452; x_wconf 88' lang='grc' dir='ltr'>λοί·</span> <span class='ocrx_word' id='word_1_257' title='bbox 534 2390 927 2471; x_wconf 75' lang='grc' dir='ltr'>προλαϐόντων</span> <span class='ocrx_word' id='word_1_258' title='bbox 996 2393 1052 2450; x_wconf 77' lang='grc' dir='ltr'>δὶ</span> <span class='ocrx_word' id='word_1_259' title='bbox 1106 2400 1212 2450; x_wconf 90' lang='grc' dir='ltr'>τῶν</span> <span class='ocrx_word' id='word_1_260' title='bbox 1271 2396 1586 2471; x_wconf 76' lang='grc' dir='ltr'>ταγμάτων,</span> <span class='ocrx_word' id='word_1_261' title='bbox 1644 2394 1699 2449; x_wconf 74' lang='grc' dir='ltr'>ἓν</span> <span class='ocrx_word' id='word_1_262' title='bbox 1756 2395 1849 2465; x_wconf 72' lang='grc' dir='ltr'>μέν</span> <span class='ocrx_word' id='word_1_263' title='bbox 1906 2397 2013 2447; x_wconf 86' lang='grc' dir='ltr'>τῶν</span> 
     </span>
    </p>
   </div>
   <div class='ocr_carea' id='block_1_42' title="bbox 356 2481 2017 2559">
    <p class='ocr_par' dir='ltr' id='par_1_42' title="bbox 356 2481 2017 2559">
     <span class='ocr_line' id='line_1_42' title="bbox 356 2481 2017 2559; baseline -0.006 -16"><span class='ocrx_word' id='word_1_264' title='bbox 356 2486 646 2543; x_wconf 84' lang='grc' dir='ltr'>Λυκαόνων</span> <span class='ocrx_word' id='word_1_265' title='bbox 734 2483 1030 2559; x_wconf 85' lang='grc' dir='ltr'>λεγόμενον</span> <span class='ocrx_word' id='word_1_266' title='bbox 1066 2530 1081 2555; x_wconf 86' lang='grc'>,</span> <span class='ocrx_word' id='word_1_267' title='bbox 1136 2482 1321 2557; x_wconf 70' lang='grc' dir='ltr'>ἕτερον</span> <span class='ocrx_word' id='word_1_268' title='bbox 1401 2481 1459 2537; x_wconf 73' lang='grc' dir='ltr'>δὲ</span> <span class='ocrx_word' id='word_1_269' title='bbox 1529 2486 1638 2537; x_wconf 88' lang='grc' dir='ltr'>τῶν</span> <span class='ocrx_word' id='word_1_270' title='bbox 1720 2481 2017 2556; x_wconf 85' lang='grc' dir='ltr'>Ἑσπερίων</span> 
     </span>
    </p>
   </div>
   <div class='ocr_carea' id='block_1_43' title="bbox 358 2571 2017 2651">
    <p class='ocr_par' dir='ltr' id='par_1_43' title="bbox 358 2571 2017 2651">
     <span class='ocr_line' id='line_1_43' title="bbox 358 2571 2017 2651; baseline -0.004 -22"><span class='ocrx_word' id='word_1_271' title='bbox 358 2575 636 2651; x_wconf 79' lang='grc' dir='ltr'>ἀριθμῶν,</span> <span class='ocrx_word' id='word_1_272' title='bbox 688 2573 782 2628; x_wconf 83' lang='grc' dir='ltr'>καὶ</span> <span class='ocrx_word' id='word_1_273' title='bbox 846 2578 944 2629; x_wconf 76' lang='grc' dir='ltr'>τοῦ</span> <span class='ocrx_word' id='word_1_274' title='bbox 1003 2575 1268 2645; x_wconf 76' lang='grc' dir='ltr'>συνήθους</span> <span class='ocrx_word' id='word_1_275' title='bbox 1333 2571 1657 2648; x_wconf 71' lang='grc' dir='ltr'>θρασύτερον</span> <span class='ocrx_word' id='word_1_276' title='bbox 1720 2571 1855 2624; x_wconf 72' lang='grc' dir='ltr'>κατὰ</span> <span class='ocrx_word' id='word_1_277' title='bbox 1910 2574 2017 2623; x_wconf 88' lang='grc' dir='ltr'>τῶν</span> 
     </span>
    </p>
   </div>
   <div class='ocr_carea' id='block_1_44' title="bbox 360 2656 2017 2739">
    <p class='ocr_par' dir='ltr' id='par_1_44' title="bbox 360 2656 2017 2739">
     <span class='ocr_line' id='line_1_44' title="bbox 360 2656 2017 2739; baseline -0.004 -21"><span class='ocrx_word' id='word_1_278' title='bbox 360 2663 615 2719; x_wconf 77' lang='grc' dir='ltr'>ἐναντίων</span> <span class='ocrx_word' id='word_1_279' title='bbox 673 2661 940 2717; x_wconf 74' lang='grc' dir='ltr'>ἐλάσαντα</span> <span class='ocrx_word' id='word_1_280' title='bbox 993 2663 1130 2737; x_wconf 84' lang='grc' dir='ltr'>πρὸς</span> <span class='ocrx_word' id='word_1_281' title='bbox 1186 2663 1358 2739; x_wconf 75' lang='grc' dir='ltr'>φυγὴν</span> <span class='ocrx_word' id='word_1_282' title='bbox 1419 2659 1573 2724; x_wconf 76' lang='grc' dir='ltr'>εὐθὺς</span> <span class='ocrx_word' id='word_1_283' title='bbox 1624 2656 1834 2715; x_wconf 84' lang='grc' dir='ltr'>ἀπιδεῖν</span> <span class='ocrx_word' id='word_1_284' title='bbox 1884 2680 2017 2713; x_wconf 86' lang='grc' dir='ltr'>κατ-</span> 
     </span>
    </p>
   </div>
   <div class='ocr_carea' id='block_1_45' title="bbox 360 2744 2013 2827">
    <p class='ocr_par' dir='ltr' id='par_1_45' title="bbox 360 2744 2013 2827">
     <span class='ocr_line' id='line_1_45' title="bbox 360 2744 2013 2827; baseline -0.004 -22"><span class='ocrx_word' id='word_1_285' title='bbox 360 2751 671 2827; x_wconf 82' lang='grc' dir='ltr'>ηνάγκασαν</span> <span class='ocrx_word' id='word_1_286' title='bbox 716 2797 727 2808; x_wconf 94' lang='grc'>.</span> <span class='ocrx_word' id='word_1_287' title='bbox 788 2744 1230 2827; x_wconf 74' lang='grc' dir='ltr'>Ηροϐιϐάζοντος</span> <span class='ocrx_word' id='word_1_288' title='bbox 1303 2747 1360 2805; x_wconf 73' lang='grc' dir='ltr'>δὲ</span> <span class='ocrx_word' id='word_1_289' title='bbox 1428 2753 1525 2803; x_wconf 76' lang='grc' dir='ltr'>τοῦ</span> <span class='ocrx_word' id='word_1_290' title='bbox 1594 2747 1865 2823; x_wconf 89' lang='grc' dir='ltr'>βασιλέως</span> <span class='ocrx_word' id='word_1_291' title='bbox 1915 2748 2013 2814; x_wconf 81' lang='grc' dir='ltr'>τὴν</span> 
     </span>
    </p>
   </div>
   <div class='ocr_carea' id='block_1_46' title="bbox 362 2835 2016 2912">
    <p class='ocr_par' dir='ltr' id='par_1_46' title="bbox 362 2835 2016 2912">
     <span class='ocr_line' id='line_1_46' title="bbox 362 2835 2016 2912; baseline -0.004 -16"><span class='ocrx_word' id='word_1_292' title='bbox 362 2841 569 2911; x_wconf 77' lang='grc' dir='ltr'>λοιπὴν</span> <span class='ocrx_word' id='word_1_293' title='bbox 618 2841 892 2912; x_wconf 79' lang='grc' dir='ltr'>στρατιὰν,</span> <span class='ocrx_word' id='word_1_294' title='bbox 937 2840 1028 2895; x_wconf 87' lang='grc' dir='ltr'>καὶ</span> <span class='ocrx_word' id='word_1_295' title='bbox 1080 2840 1143 2894; x_wconf 88' lang='grc' dir='ltr'>τὸ</span> <span class='ocrx_word' id='word_1_296' title='bbox 1194 2838 1388 2895; x_wconf 88' lang='grc' dir='ltr'>λοιπὸν</span> <span class='ocrx_word' id='word_1_297' title='bbox 1439 2842 1653 2903; x_wconf 78' lang='grc' dir='ltr'>πλῆθος</span> <span class='ocrx_word' id='word_1_298' title='bbox 1702 2841 1810 2892; x_wconf 90' lang='grc' dir='ltr'>τῶν</span> <span class='ocrx_word' id='word_1_299' title='bbox 1849 2835 2016 2891; x_wconf 86' lang='grc' dir='ltr'>πολε-</span> 
     </span>
    </p>
   </div>
   <div class='ocr_carea' id='block_1_47' title="bbox 367 2923 2015 3007">
    <p class='ocr_par' dir='ltr' id='par_1_47' title="bbox 367 2923 2015 3007">
     <span class='ocr_line' id='line_1_47' title="bbox 367 2923 2015 3007; baseline -0.003 -23"><span class='ocrx_word' id='word_1_300' title='bbox 367 2929 509 3001; x_wconf 90' lang='grc' dir='ltr'>μίων</span> <span class='ocrx_word' id='word_1_301' title='bbox 557 2934 679 2984; x_wconf 85' lang='grc' dir='ltr'>τοῖσ</span> <span class='ocrx_word' id='word_1_302' title='bbox 724 2928 981 3007; x_wconf 81' lang='grc' dir='ltr'>φεύγουσι</span> <span class='ocrx_word' id='word_1_303' title='bbox 1042 2926 1377 3003; x_wconf 85' lang='grc' dir='ltr'>συνδιέφυγε.</span> <span class='ocrx_word' id='word_1_304' title='bbox 1429 2925 1742 3002; x_wconf 81' lang='grc' dir='ltr'>Παριόντων</span> <span class='ocrx_word' id='word_1_305' title='bbox 1799 2923 1856 2980; x_wconf 73' lang='grc' dir='ltr'>δὲ</span> <span class='ocrx_word' id='word_1_306' title='bbox 1907 2929 2015 2979; x_wconf 89' lang='grc' dir='ltr'>τῶν</span> 
     </span>
    </p>
   </div>
   <div class='ocr_carea' id='block_1_48' title="bbox 364 3017 2012 3095">
    <p class='ocr_par' dir='ltr' id='par_1_48' title="bbox 364 3017 2012 3095">
     <span class='ocr_line' id='line_1_48' title="bbox 364 3017 2012 3095; baseline -0.004 -22"><span class='ocrx_word' id='word_1_307' title='bbox 364 3022 710 3093; x_wconf 88' lang='grc' dir='ltr'>στρατιωτῶν</span> <span class='ocrx_word' id='word_1_308' title='bbox 783 3017 873 3072; x_wconf 86' lang='grc' dir='ltr'>καὶ</span> <span class='ocrx_word' id='word_1_309' title='bbox 930 3021 1028 3072; x_wconf 80' lang='grc' dir='ltr'>τοῦ</span> <span class='ocrx_word' id='word_1_310' title='bbox 1095 3020 1489 3095; x_wconf 78' lang='grc' dir='ltr'>μισθοφορικοῦ</span> <span class='ocrx_word' id='word_1_311' title='bbox 1563 3020 1673 3070; x_wconf 88' lang='grc' dir='ltr'>τῶν</span> <span class='ocrx_word' id='word_1_312' title='bbox 1742 3018 1963 3077; x_wconf 85' lang='grc' dir='ltr'>Σκυθῶν</span> <span class='ocrx_word' id='word_1_313' title='bbox 1998 3057 2012 3081; x_wconf 89' lang='grc'>,</span> 
     </span>
    </p>
   </div>
   <div class='ocr_carea' id='block_1_49' title="bbox 360 3112 2012 3194">
    <p class='ocr_par' dir='ltr' id='par_1_49' title="bbox 360 3112 2012 3194">
     <span class='ocr_line' id='line_1_49' title="bbox 360 3112 2012 3194; baseline -0.004 -23"><span class='ocrx_word' id='word_1_314' title='bbox 360 3122 471 3173; x_wconf 89' lang='grc' dir='ltr'>τῶν</span> <span class='ocrx_word' id='word_1_315' title='bbox 503 3114 691 3185; x_wconf 73' lang='grc' dir='ltr'>Οὕζων</span> <span class='ocrx_word' id='word_1_316' title='bbox 735 3115 903 3194; x_wconf 77' lang='grc' dir='ltr'>φημὶ,</span> <span class='ocrx_word' id='word_1_317' title='bbox 952 3113 1125 3191; x_wconf 85' lang='grc' dir='ltr'>λόχος</span> <span class='ocrx_word' id='word_1_318' title='bbox 1177 3115 1471 3190; x_wconf 86' lang='grc' dir='ltr'>Τουρκικὸς</span> <span class='ocrx_word' id='word_1_319' title='bbox 1520 3114 1621 3168; x_wconf 84' lang='grc' dir='ltr'>ούκ</span> <span class='ocrx_word' id='word_1_320' title='bbox 1670 3112 1857 3188; x_wconf 82' lang='grc' dir='ltr'>ὀλίγος</span> <span class='ocrx_word' id='word_1_321' title='bbox 1896 3117 2012 3173; x_wconf 82' lang='grc' dir='ltr'>τοῖς</span> 
     </span>
    </p>
   </div>
   <div class='ocr_carea' id='block_1_50' title="bbox 355 3198 2012 3281">
    <p class='ocr_par' dir='ltr' id='par_1_50' title="bbox 355 3198 2012 3281">
     <span class='ocr_line' id='line_1_50' title="bbox 355 3198 2012 3281; baseline -0.005 -20"><span class='ocrx_word' id='word_1_322' title='bbox 355 3207 661 3279; x_wconf 85' lang='grc' dir='ltr'>Ῥωμαίοις</span> <span class='ocrx_word' id='word_1_323' title='bbox 727 3206 1077 3281; x_wconf 74' lang='grc' dir='ltr'>προσέπεσεν·</span> <span class='ocrx_word' id='word_1_324' title='bbox 1139 3202 1229 3265; x_wconf 79' lang='grc' dir='ltr'>οὓς</span> <span class='ocrx_word' id='word_1_325' title='bbox 1304 3200 1582 3276; x_wconf 79' lang='grc' dir='ltr'>δεξάμενοι</span> <span class='ocrx_word' id='word_1_326' title='bbox 1644 3203 1695 3256; x_wconf 75' lang='grc' dir='ltr'>οἱ</span> <span class='ocrx_word' id='word_1_327' title='bbox 1766 3198 2012 3275; x_wconf 86' lang='grc' dir='ltr'>περιλει-</span> 
     </span>
    </p>
   </div>
   <div class='ocr_carea' id='block_1_51' title="bbox 357 3286 2011 3371">
    <p class='ocr_par' dir='ltr' id='par_1_51' title="bbox 357 3286 2011 3371">
     <span class='ocr_line' id='line_1_51' title="bbox 357 3286 2011 3371; baseline -0.004 -23"><span class='ocrx_word' id='word_1_328' title='bbox 357 3294 579 3368; x_wconf 77' lang='grc' dir='ltr'>φθέντες</span> <span class='ocrx_word' id='word_1_329' title='bbox 630 3292 706 3355; x_wconf 86' lang='grc' dir='ltr'>είς</span> <span class='ocrx_word' id='word_1_330' title='bbox 782 3292 1032 3371; x_wconf 79' lang='grc' dir='ltr'>φυλακὴν</span> <span class='ocrx_word' id='word_1_331' title='bbox 1109 3297 1475 3367; x_wconf 88' lang='grc' dir='ltr'>στρατιῶται,</span> <span class='ocrx_word' id='word_1_332' title='bbox 1534 3289 1639 3365; x_wconf 86' lang='grc' dir='ltr'>πρὸ</span> <span class='ocrx_word' id='word_1_333' title='bbox 1699 3290 1913 3345; x_wconf 87' lang='grc' dir='ltr'>πάντων</span> <span class='ocrx_word' id='word_1_334' title='bbox 1966 3286 2011 3342; x_wconf 80' lang='grc' dir='ltr'>δ’</span> 
     </span>
    </p>
   </div>
   <div class='ocr_carea' id='block_1_52' title="bbox 357 3378 2013 3458">
    <p class='ocr_par' dir='ltr' id='par_1_52' title="bbox 357 3378 2013 3458">
     <span class='ocr_line' id='line_1_52' title="bbox 357 3378 2013 3458; baseline -0.003 -22"><span class='ocrx_word' id='word_1_335' title='bbox 357 3383 411 3436; x_wconf 73' lang='grc' dir='ltr'>οἱ</span> <span class='ocrx_word' id='word_1_336' title='bbox 456 3384 722 3458; x_wconf 83' lang='grc' dir='ltr'>Φράγγοι,</span> <span class='ocrx_word' id='word_1_337' title='bbox 771 3381 862 3436; x_wconf 87' lang='grc' dir='ltr'>καὶ</span> <span class='ocrx_word' id='word_1_338' title='bbox 912 3382 1256 3457; x_wconf 87' lang='grc' dir='ltr'>ἀγχεμάχως</span> <span class='ocrx_word' id='word_1_339' title='bbox 1300 3378 1706 3453; x_wconf 71' lang='grc' dir='ltr'>συμπλακέντες</span> <span class='ocrx_word' id='word_1_340' title='bbox 1754 3378 1845 3432; x_wconf 84' lang='grc' dir='ltr'>καὶ</span> <span class='ocrx_word' id='word_1_341' title='bbox 1894 3379 2013 3432; x_wconf 77' lang='grc' dir='ltr'>ἰκα-</span> 
     </span>
    </p>
   </div>
   <div class='ocr_carea' id='block_1_53' title="bbox 350 3466 2014 3545">
    <p class='ocr_par' dir='ltr' id='par_1_53' title="bbox 350 3466 2014 3545">
     <span class='ocr_line' id='line_1_53' title="bbox 350 3466 2014 3545; baseline -0.004 -20"><span class='ocrx_word' id='word_1_342' title='bbox 350 3475 465 3534; x_wconf 89' lang='grc' dir='ltr'>νῶς</span> <span class='ocrx_word' id='word_1_343' title='bbox 515 3467 1015 3543; x_wconf 79' lang='grc' dir='ltr'>ἀνθαμιλληθέντες</span> <span class='ocrx_word' id='word_1_344' title='bbox 1066 3469 1378 3545; x_wconf 81' lang='grc' dir='ltr'>ἐτρέψαντο,</span> <span class='ocrx_word' id='word_1_345' title='bbox 1438 3466 1671 3541; x_wconf 82' lang='grc' dir='ltr'>μηδενὸς</span> <span class='ocrx_word' id='word_1_346' title='bbox 1720 3471 1828 3521; x_wconf 91' lang='grc' dir='ltr'>τῶν</span> <span class='ocrx_word' id='word_1_347' title='bbox 1862 3467 2014 3519; x_wconf 72' lang='grc' dir='ltr'>ἱστα-</span> 
     </span>
    </p>
   </div>
   <div class='ocr_carea' id='block_1_54' title="bbox 358 3552 2012 3634">
    <p class='ocr_par' dir='ltr' id='par_1_54' title="bbox 358 3552 2012 3634">
     <span class='ocr_line' id='line_1_54' title="bbox 358 3552 2012 3634; baseline -0.004 -21"><span class='ocrx_word' id='word_1_348' title='bbox 358 3561 537 3633; x_wconf 87' lang='grc' dir='ltr'>μένων</span> <span class='ocrx_word' id='word_1_349' title='bbox 608 3559 901 3634; x_wconf 88' lang='grc' dir='ltr'>ταγμάτων</span> <span class='ocrx_word' id='word_1_350' title='bbox 949 3559 1271 3631; x_wconf 80' lang='grc' dir='ltr'>Ῥωμαϊκῶν</span> <span class='ocrx_word' id='word_1_351' title='bbox 1338 3562 1455 3619; x_wconf 81' lang='grc' dir='ltr'>τοῖς</span> <span class='ocrx_word' id='word_1_352' title='bbox 1511 3557 1787 3632; x_wconf 84' lang='grc' dir='ltr'>Φράγγοις</span> <span class='ocrx_word' id='word_1_353' title='bbox 1848 3552 2012 3629; x_wconf 82' lang='grc' dir='ltr'>μέχρι</span> 
     </span>
    </p>
   </div>
   <div class='ocr_carea' id='block_1_55' title="bbox 356 3639 2012 3722">
    <p class='ocr_par' dir='ltr' id='par_1_55' title="bbox 356 3639 2012 3722">
     <span class='ocr_line' id='line_1_55' title="bbox 356 3639 2012 3722; baseline -0.004 -20"><span class='ocrx_word' id='word_1_354' title='bbox 356 3648 449 3702; x_wconf 88' lang='grc' dir='ltr'>καὶ</span> <span class='ocrx_word' id='word_1_355' title='bbox 509 3644 689 3713; x_wconf 78' lang='grc' dir='ltr'>ἁπλῆς</span> <span class='ocrx_word' id='word_1_356' title='bbox 743 3648 921 3722; x_wconf 81' lang='grc' dir='ltr'>ὁρμῆς</span> <span class='ocrx_word' id='word_1_357' title='bbox 978 3641 1525 3722; x_wconf 77' lang='grc' dir='ltr'>παραϐοηθήσαντος.</span> <span class='ocrx_word' id='word_1_358' title='bbox 1586 3645 1669 3699; x_wconf 88' lang='grc' dir='ltr'>Ἐν</span> <span class='ocrx_word' id='word_1_359' title='bbox 1728 3644 1908 3715; x_wconf 84' lang='grc' dir='ltr'>τούτῳ</span> <span class='ocrx_word' id='word_1_360' title='bbox 1966 3639 2012 3695; x_wconf 81' lang='grc' dir='ltr'>δ’</span> 
     </span>
    </p>
   </div>
   <div class='ocr_carea' id='block_1_56' title="bbox 362 3730 2013 3811">
    <p class='ocr_par' dir='ltr' id='par_1_56' title="bbox 362 3730 2013 3811">
     <span class='ocr_line' id='line_1_56' title="bbox 362 3730 2013 3811; baseline -0.004 -21"><span class='ocrx_word' id='word_1_361' title='bbox 362 3735 661 3811; x_wconf 79' lang='grc' dir='ltr'>ὑπέστρεψε</span> <span class='ocrx_word' id='word_1_362' title='bbox 715 3738 808 3790; x_wconf 84' lang='grc' dir='ltr'>καὶ</span> <span class='ocrx_word' id='word_1_363' title='bbox 863 3737 891 3790; x_wconf 87' lang='grc' dir='ltr'>ὁ</span> <span class='ocrx_word' id='word_1_364' title='bbox 945 3734 1200 3811; x_wconf 79' lang='grc' dir='ltr'>βασιλεὺς</span> <span class='ocrx_word' id='word_1_365' title='bbox 1244 3741 1347 3804; x_wconf 81' lang='grc' dir='ltr'>τῆς</span> <span class='ocrx_word' id='word_1_366' title='bbox 1398 3731 1633 3803; x_wconf 79' lang='grc' dir='ltr'>διώξεως</span> <span class='ocrx_word' id='word_1_367' title='bbox 1681 3733 1817 3805; x_wconf 90' lang='grc' dir='ltr'>πρὸς</span> <span class='ocrx_word' id='word_1_368' title='bbox 1860 3730 2013 3785; x_wconf 87' lang='grc' dir='ltr'>ἐσπέ-</span> 
     </span>
    </p>
   </div>
   <div class='ocr_carea' id='block_1_57' title="bbox 358 3817 2013 3901">
    <p class='ocr_par' dir='ltr' id='par_1_57' title="bbox 358 3817 2013 3901">
     <span class='ocr_line' id='line_1_57' title="bbox 358 3817 2013 3901; baseline -0.005 -22"><span class='ocrx_word' id='word_1_369' title='bbox 358 3843 479 3901; x_wconf 83' lang='grc' dir='ltr'>ραν⁶</span> <span class='ocrx_word' id='word_1_370' title='bbox 541 3825 665 3900; x_wconf 86' lang='grc' dir='ltr'>περὶ</span> <span class='ocrx_word' id='word_1_371' title='bbox 726 3823 914 3895; x_wconf 82' lang='grc' dir='ltr'>δείλην</span> <span class='ocrx_word' id='word_1_372' title='bbox 973 3824 1076 3900; x_wconf 82' lang='grc' dir='ltr'>γὰρ</span> <span class='ocrx_word' id='word_1_373' title='bbox 1131 3824 1351 3893; x_wconf 88' lang='grc' dir='ltr'>συνέστη</span> <span class='ocrx_word' id='word_1_374' title='bbox 1408 3824 1435 3877; x_wconf 88' lang='grc' dir='ltr'>ὁ</span> <span class='ocrx_word' id='word_1_375' title='bbox 1493 3821 1771 3894; x_wconf 89' lang='grc' dir='ltr'>πόλεμος.</span> <span class='ocrx_word' id='word_1_376' title='bbox 1829 3824 1906 3894; x_wconf 81' lang='grc' dir='ltr'>Τῇ</span> <span class='ocrx_word' id='word_1_377' title='bbox 1967 3817 2013 3871; x_wconf 75' lang='grc' dir='ltr'>δ’</span> 
     </span>
    </p>
   </div>
   <div class='ocr_carea' id='block_1_58' title="bbox 358 3910 2013 3990">
    <p class='ocr_par' dir='ltr' id='par_1_58' title="bbox 358 3910 2013 3990">
     <span class='ocr_line' id='line_1_58' title="bbox 358 3910 2013 3990; baseline -0.004 -21"><span class='ocrx_word' id='word_1_378' title='bbox 358 3912 617 3990; x_wconf 83' lang='grc' dir='ltr'>ἐπαύριον</span> <span class='ocrx_word' id='word_1_379' title='bbox 675 3911 916 3986; x_wconf 77' lang='grc' dir='ltr'>δημοσίᾳ</span> <span class='ocrx_word' id='word_1_380' title='bbox 957 3911 1180 3976; x_wconf 81' lang='grc' dir='ltr'>καθίσας</span> <span class='ocrx_word' id='word_1_381' title='bbox 1223 3911 1351 3975; x_wconf 81' lang='grc' dir='ltr'>τοὺς</span> <span class='ocrx_word' id='word_1_382' title='bbox 1398 3910 1705 3973; x_wconf 72' lang='grc' dir='ltr'>ἑαλωκότας</span> <span class='ocrx_word' id='word_1_383' title='bbox 1750 3913 1858 3964; x_wconf 90' lang='grc' dir='ltr'>τῶν</span> <span class='ocrx_word' id='word_1_384' title='bbox 1908 3929 2013 3963; x_wconf 90' lang='grc' dir='ltr'>πο-</span> 
     </span>
    </p>
   </div>
   <div class='ocr_carea' id='block_1_59' title="bbox 356 3995 2011 4076">
    <p class='ocr_par' dir='ltr' id='par_1_59' title="bbox 356 3995 2011 4076">
     <span class='ocr_line' id='line_1_59' title="bbox 356 3995 2011 4076; baseline -0.004 -19"><span class='ocrx_word' id='word_1_385' title='bbox 356 4000 570 4075; x_wconf 88' lang='grc' dir='ltr'>λεμίων</span> <span class='ocrx_word' id='word_1_386' title='bbox 628 4006 697 4076; x_wconf 81' lang='grc' dir='ltr'>τῇ</span> <span class='ocrx_word' id='word_1_387' title='bbox 752 4000 1038 4073; x_wconf 82' lang='grc' dir='ltr'>τελευταίᾳ</span> <span class='ocrx_word' id='word_1_388' title='bbox 1091 4002 1261 4075; x_wconf 77' lang='grc' dir='ltr'>ψήφῳ</span> <span class='ocrx_word' id='word_1_389' title='bbox 1317 3997 1620 4074; x_wconf 84' lang='grc' dir='ltr'>παρέδωκε,</span> <span class='ocrx_word' id='word_1_390' title='bbox 1676 3995 1909 4071; x_wconf 74' lang='grc' dir='ltr'>μηδενὸς</span> <span class='ocrx_word' id='word_1_391' title='bbox 1948 3997 2011 4051; x_wconf 88' lang='grc' dir='ltr'>τὸ</span> 
     </span>
    </p>
   </div>
   <div class='ocr_carea' id='block_1_60' title="bbox 358 4083 2011 4168">
    <p class='ocr_par' dir='ltr' id='par_1_60' title="bbox 358 4083 2011 4168">
     <span class='ocr_line' id='line_1_60' title="bbox 358 4083 2011 4168; baseline -0.004 -22"><span class='ocrx_word' id='word_1_392' title='bbox 358 4092 612 4164; x_wconf 84' lang='grc' dir='ltr'>παράπαν</span> <span class='ocrx_word' id='word_1_393' title='bbox 663 4090 1004 4168; x_wconf 78' lang='grc' dir='ltr'>φεισάμενος,</span> <span class='ocrx_word' id='word_1_394' title='bbox 1059 4086 1190 4163; x_wconf 83' lang='grc' dir='ltr'>μηδ’</span> <span class='ocrx_word' id='word_1_395' title='bbox 1241 4089 1405 4144; x_wconf 78' lang='grc' dir='ltr'>αύτοῦ</span> <span class='ocrx_word' id='word_1_396' title='bbox 1449 4093 1547 4143; x_wconf 77' lang='grc' dir='ltr'>τοῦ</span> <span class='ocrx_word' id='word_1_397' title='bbox 1594 4083 1864 4162; x_wconf 81' lang='grc' dir='ltr'>ἡγεμόνος</span> <span class='ocrx_word' id='word_1_398' title='bbox 1910 4086 2011 4140; x_wconf 85' lang='grc' dir='ltr'>αύ-</span> 
     </span>
    </p>
   </div>
   <div class='ocr_carea' id='block_1_61' title="bbox 353 4173 2009 4253">
    <p class='ocr_par' dir='ltr' id='par_1_61' title="bbox 353 4173 2009 4253">
     <span class='ocr_line' id='line_1_61' title="bbox 353 4173 2009 4253; baseline -0.004 -19"><span class='ocrx_word' id='word_1_399' title='bbox 353 4184 493 4251; x_wconf 87' lang='grc' dir='ltr'>τῶν,</span> <span class='ocrx_word' id='word_1_400' title='bbox 524 4179 570 4233; x_wconf 85' lang='grc' dir='ltr'>εἰ</span> <span class='ocrx_word' id='word_1_401' title='bbox 600 4181 690 4234; x_wconf 78' lang='grc' dir='ltr'>καὶ</span> <span class='ocrx_word' id='word_1_402' title='bbox 738 4176 966 4235; x_wconf 81' lang='grc' dir='ltr'>πολλῶν</span> <span class='ocrx_word' id='word_1_403' title='bbox 1018 4177 1230 4253; x_wconf 79' lang='grc' dir='ltr'>λύτρων</span> <span class='ocrx_word' id='word_1_404' title='bbox 1266 4173 1426 4232; x_wconf 84' lang='grc' dir='ltr'>ὤνιον</span> <span class='ocrx_word' id='word_1_405' title='bbox 1461 4177 1644 4231; x_wconf 73' lang='grc' dir='ltr'>ἑαυτὸν</span> <span class='ocrx_word' id='word_1_406' title='bbox 1676 4176 2009 4244; x_wconf 78' lang='grc' dir='ltr'>ποιήσασθαι</span> 
     </span>
    </p>
   </div>
   <div class='ocr_carea' id='block_1_62' title="bbox 356 4261 2009 4342">
    <p class='ocr_par' dir='ltr' id='par_1_62' title="bbox 356 4261 2009 4342">
     <span class='ocr_line' id='line_1_62' title="bbox 356 4261 2009 4342; baseline -0.004 -19"><span class='ocrx_word' id='word_1_407' title='bbox 356 4265 755 4342; x_wconf 80' lang='grc' dir='ltr'>ἐπηγγέλλετο.</span> <span class='ocrx_word' id='word_1_408' title='bbox 808 4270 890 4341; x_wconf 88' lang='grc' dir='ltr'>[Ρ.</span> <span class='ocrx_word' id='word_1_409' title='bbox 929 4269 1057 4340; x_wconf 89' lang='grc'>831]</span> <span class='ocrx_word' id='word_1_410' title='bbox 1105 4265 1514 4342; x_wconf 87' lang='grc' dir='ltr'>Τριημερεύσας</span> <span class='ocrx_word' id='word_1_411' title='bbox 1571 4262 1628 4319; x_wconf 77' lang='grc' dir='ltr'>δὲ</span> <span class='ocrx_word' id='word_1_412' title='bbox 1675 4264 1703 4318; x_wconf 85' lang='grc' dir='ltr'><strong>ὁ</strong></span> <span class='ocrx_word' id='word_1_413' title='bbox 1756 4261 2009 4339; x_wconf 79' lang='grc' dir='ltr'>βασιλεὺς</span> 
     </span>
    </p>
   </div>
   <div class='ocr_carea' id='block_1_63' title="bbox 356 4350 2010 4430">
    <p class='ocr_par' dir='ltr' id='par_1_63' title="bbox 356 4350 2010 4430">
     <span class='ocr_line' id='line_1_63' title="bbox 356 4350 2010 4430; baseline -0.004 -18"><span class='ocrx_word' id='word_1_414' title='bbox 356 4356 413 4412; x_wconf 84' lang='grc' dir='ltr'>ἐν</span> <span class='ocrx_word' id='word_1_415' title='bbox 461 4361 532 4430; x_wconf 80' lang='grc' dir='ltr'>τῇ</span> <span class='ocrx_word' id='word_1_416' title='bbox 584 4351 933 4430; x_wconf 78' lang='grc' dir='ltr'>παρεμϐολῇ,</span> <span class='ocrx_word' id='word_1_417' title='bbox 964 4359 1045 4427; x_wconf 80' lang='grc' dir='ltr'>τῷ</span> <span class='ocrx_word' id='word_1_418' title='bbox 1074 4356 1453 4430; x_wconf 82' lang='grc' dir='ltr'>προτερήματι</span> <span class='ocrx_word' id='word_1_419' title='bbox 1497 4352 1676 4425; x_wconf 88' lang='grc' dir='ltr'>τούτῳ</span> <span class='ocrx_word' id='word_1_420' title='bbox 1721 4352 1882 4427; x_wconf 88' lang='grc' dir='ltr'>κόρον</span> <span class='ocrx_word' id='word_1_421' title='bbox 1912 4350 2010 4407; x_wconf 81' lang='grc' dir='ltr'>λα-</span> 
     </span>
    </p>
   </div>
   <div class='ocr_carea' id='block_1_64' title="bbox 356 4440 2010 4518">
    <p class='ocr_par' dir='ltr' id='par_1_64' title="bbox 356 4440 2010 4518">
     <span class='ocr_line' id='line_1_64' title="bbox 356 4440 2010 4518; baseline -0.003 -19"><span class='ocrx_word' id='word_1_422' title='bbox 356 4440 494 4517; x_wconf 75' lang='grc' dir='ltr'>ϐῶν,</span> <span class='ocrx_word' id='word_1_423' title='bbox 526 4443 762 4506; x_wconf 83' lang='grc' dir='ltr'>πολλοῖς</span> <span class='ocrx_word' id='word_1_424' title='bbox 807 4442 986 4499; x_wconf 80' lang='grc' dir='ltr'>ἄδειαν</span> <span class='ocrx_word' id='word_1_425' title='bbox 1020 4440 1222 4499; x_wconf 80' lang='grc' dir='ltr'>δέδωκε</span> <span class='ocrx_word' id='word_1_426' title='bbox 1258 4447 1367 4498; x_wconf 90' lang='grc' dir='ltr'>τῶν</span> <span class='ocrx_word' id='word_1_427' title='bbox 1410 4441 1657 4498; x_wconf 87' lang='grc' dir='ltr'>ἐναντίων</span> <span class='ocrx_word' id='word_1_428' title='bbox 1702 4443 2010 4518; x_wconf 79' lang='grc' dir='ltr'>ἆποφυγῆς,</span> 
     </span>
    </p>
   </div>
   <div class='ocr_carea' id='block_1_65' title="bbox 356 4537 2009 4616">
    <p class='ocr_par' dir='ltr' id='par_1_65' title="bbox 356 4537 2009 4616">
     <span class='ocr_line' id='line_1_65' title="bbox 356 4537 2009 4616; baseline -0.004 -19"><span class='ocrx_word' id='word_1_429' title='bbox 356 4543 435 4605; x_wconf 86' lang='grc' dir='ltr'>ὡς</span> <span class='ocrx_word' id='word_1_430' title='bbox 497 4540 638 4615; x_wconf 81' lang='grc' dir='ltr'>μηδέ</span> <span class='ocrx_word' id='word_1_431' title='bbox 692 4546 793 4607; x_wconf 82' lang='grc' dir='ltr'>τῆς</span> <span class='ocrx_word' id='word_1_432' title='bbox 854 4541 1002 4604; x_wconf 88' lang='grc' dir='ltr'>λείας</span> <span class='ocrx_word' id='word_1_433' title='bbox 1044 4540 1397 4616; x_wconf 77' lang='grc' dir='ltr'>ἀποσχέσθαι.</span> <span class='ocrx_word' id='word_1_434' title='bbox 1458 4540 1556 4596; x_wconf 73' lang='grc' dir='ltr'>Καὶ</span> <span class='ocrx_word' id='word_1_435' title='bbox 1593 4539 1821 4600; x_wconf 77' lang='grc' dir='ltr'>ἀναστὰς</span> <span class='ocrx_word' id='word_1_436' title='bbox 1871 4537 2009 4592; x_wconf 82' lang='grc' dir='ltr'>ἐκεῖ-</span> 
     </span>
    </p>
   </div>
   <div class='ocr_carea' id='block_1_66' title="bbox 2125 1958 3773 2033">
    <p class='ocr_par' dir='ltr' id='par_1_66' title="bbox 2125 1958 3773 2033">
     <span class='ocr_line' id='line_1_66' title="bbox 2125 1958 3773 2033; baseline -0.004 -15"><span class='ocrx_word' id='word_1_437' title='bbox 2125 1964 2251 2029; x_wconf 86' lang='lat' dir='ltr'>riis,</span> <span class='ocrx_word' id='word_1_438' title='bbox 2286 1963 2412 2019; x_wconf 85' lang='lat' dir='ltr'>Uzis</span> <span class='ocrx_word' id='word_1_439' title='bbox 2441 1963 2703 2033; x_wconf 90' lang='lat' dir='ltr'>inquam,</span> <span class='ocrx_word' id='word_1_440' title='bbox 2740 1962 2895 2017; x_wconf 88' lang='lat' dir='ltr'>haud</span> <span class='ocrx_word' id='word_1_441' title='bbox 2935 1961 3144 2033; x_wconf 83' lang='lat' dir='ltr'>exigua</span> <span class='ocrx_word' id='word_1_442' title='bbox 3191 1961 3513 2015; x_wconf 88' lang='lat' dir='ltr'>Turcorum</span> <span class='ocrx_word' id='word_1_443' title='bbox 3564 1958 3773 2013; x_wconf 90' lang='lat' dir='ltr'>cohors</span> 
     </span>
    </p>
   </div>
   <div class='ocr_carea' id='block_1_67' title="bbox 2125 2046 3772 2122">
    <p class='ocr_par' dir='ltr' id='par_1_67' title="bbox 2125 2046 3772 2122">
     <span class='ocr_line' id='line_1_67' title="bbox 2125 2046 3772 2122; baseline -0.004 -16"><span class='ocrx_word' id='word_1_444' title='bbox 2125 2052 2185 2106; x_wconf 91' lang='lat' dir='ltr'>in</span> <span class='ocrx_word' id='word_1_445' title='bbox 2235 2052 2529 2106; x_wconf 81' lang='lat' dir='ltr'>Romanos</span> <span class='ocrx_word' id='word_1_446' title='bbox 2576 2050 2828 2118; x_wconf 86' lang='lat' dir='ltr'>invasit;</span> <span class='ocrx_word' id='word_1_447' title='bbox 2862 2067 3008 2122; x_wconf 90' lang='lat' dir='ltr'>quos</span> <span class='ocrx_word' id='word_1_448' title='bbox 3059 2049 3412 2120; x_wconf 83' lang='lat' dir='ltr'>excipientes</span> <span class='ocrx_word' id='word_1_449' title='bbox 3465 2047 3650 2103; x_wconf 88' lang='lat' dir='ltr'>relicti</span> <span class='ocrx_word' id='word_1_450' title='bbox 3700 2046 3772 2101; x_wconf 91' lang='lat' dir='ltr'>ad</span> 
     </span>
    </p>
   </div>
   <div class='ocr_carea' id='block_1_68' title="bbox 2125 2135 3777 2206">
    <p class='ocr_par' dir='ltr' id='par_1_68' title="bbox 2125 2135 3777 2206">
     <span class='ocr_line' id='line_1_68' title="bbox 2125 2135 3777 2206; baseline -0.004 -10"><span class='ocrx_word' id='word_1_451' title='bbox 2125 2140 2449 2196; x_wconf 87' lang='lat' dir='ltr'>custodiam</span> <span class='ocrx_word' id='word_1_452' title='bbox 2498 2139 2731 2206; x_wconf 88' lang='lat' dir='ltr'>milites,</span> <span class='ocrx_word' id='word_1_453' title='bbox 2782 2146 2840 2195; x_wconf 90' lang='lat' dir='ltr'>et</span> <span class='ocrx_word' id='word_1_454' title='bbox 2888 2144 3021 2193; x_wconf 83' lang='lat' dir='ltr'>ante</span> <span class='ocrx_word' id='word_1_455' title='bbox 3070 2155 3275 2194; x_wconf 89' lang='lat' dir='ltr'>omnes</span> <span class='ocrx_word' id='word_1_456' title='bbox 3322 2137 3549 2205; x_wconf 87' lang='lat' dir='ltr'>Franci,</span> <span class='ocrx_word' id='word_1_457' title='bbox 3590 2135 3777 2191; x_wconf 87' lang='lat' dir='ltr'>comi-</span> 
     </span>
    </p>
   </div>
   <div class='ocr_carea' id='block_1_69' title="bbox 2126 2224 3777 2300">
    <p class='ocr_par' dir='ltr' id='par_1_69' title="bbox 2126 2224 3777 2300">
     <span class='ocr_line' id='line_1_69' title="bbox 2126 2224 3777 2300; baseline -0.002 -17"><span class='ocrx_word' id='word_1_458' title='bbox 2126 2246 2355 2300; x_wconf 87' lang='lat' dir='ltr'>nusque</span> <span class='ocrx_word' id='word_1_459' title='bbox 2385 2230 2683 2300; x_wconf 81' lang='lat' dir='ltr'>congressi</span> <span class='ocrx_word' id='word_1_460' title='bbox 2707 2234 2762 2283; x_wconf 90' lang='lat' dir='ltr'>et</span> <span class='ocrx_word' id='word_1_461' title='bbox 2781 2228 3013 2282; x_wconf 88' lang='lat' dir='ltr'>abunde</span> <span class='ocrx_word' id='word_1_462' title='bbox 3040 2226 3280 2298; x_wconf 77' lang='lat' dir='ltr'>praeliati</span> <span class='ocrx_word' id='word_1_463' title='bbox 3306 2224 3777 2292; x_wconf 85' lang='lat' dir='ltr'>fuderunt,nulla</span> 
     </span>
    </p>
   </div>
   <div class='ocr_carea' id='block_1_70' title="bbox 2126 2314 3773 2387">
    <p class='ocr_par' dir='ltr' id='par_1_70' title="bbox 2126 2314 3773 2387">
     <span class='ocr_line' id='line_1_70' title="bbox 2126 2314 3773 2387; baseline -0.004 -15"><span class='ocrx_word' id='word_1_464' title='bbox 2126 2334 2194 2372; x_wconf 82' lang='lat' dir='ltr'>ex</span> <span class='ocrx_word' id='word_1_465' title='bbox 2224 2318 2502 2373; x_wconf 88' lang='lat' dir='ltr'>Romanis</span> <span class='ocrx_word' id='word_1_466' title='bbox 2524 2316 2876 2387; x_wconf 87' lang='lat' dir='ltr'>legionibus,</span> <span class='ocrx_word' id='word_1_467' title='bbox 2902 2332 3029 2387; x_wconf 73' lang='lat' dir='ltr'>quaa</span> <span class='ocrx_word' id='word_1_468' title='bbox 3054 2316 3134 2370; x_wconf 92' lang='lat' dir='ltr'>ibi</span> <span class='ocrx_word' id='word_1_469' title='bbox 3155 2315 3358 2387; x_wconf 70' lang='lat' dir='ltr'>positae</span> <span class='ocrx_word' id='word_1_470' title='bbox 3381 2318 3565 2381; x_wconf 89' lang='lat' dir='ltr'>erant,</span> <span class='ocrx_word' id='word_1_471' title='bbox 3593 2314 3773 2368; x_wconf 87' lang='lat' dir='ltr'>Fran-</span> 
     </span>
    </p>
   </div>
   <div class='ocr_carea' id='block_1_71' title="bbox 2126 2403 3777 2475">
    <p class='ocr_par' dir='ltr' id='par_1_71' title="bbox 2126 2403 3777 2475">
     <span class='ocr_line' id='line_1_71' title="bbox 2126 2403 3777 2475; baseline -0.001 -16"><span class='ocrx_word' id='word_1_472' title='bbox 2126 2406 2209 2459; x_wconf 90' lang='lat' dir='ltr'>cis</span> <span class='ocrx_word' id='word_1_473' title='bbox 2239 2404 2328 2459; x_wconf 88' lang='lat' dir='ltr'>vel</span> <span class='ocrx_word' id='word_1_474' title='bbox 2361 2404 2614 2475; x_wconf 93' lang='lat' dir='ltr'>simplici</span> <span class='ocrx_word' id='word_1_475' title='bbox 2648 2405 2870 2475; x_wconf 90' lang='lat' dir='ltr'>impetu</span> <span class='ocrx_word' id='word_1_476' title='bbox 2896 2420 3061 2475; x_wconf 90' lang='lat' dir='ltr'>opem</span> <span class='ocrx_word' id='word_1_477' title='bbox 3096 2405 3332 2459; x_wconf 81' lang='lat' dir='ltr'>ferente.</span> <span class='ocrx_word' id='word_1_478' title='bbox 3369 2403 3594 2458; x_wconf 84' lang='lat' dir='ltr'>Interea</span> <span class='ocrx_word' id='word_1_479' title='bbox 3628 2419 3777 2473; x_wconf 91' lang='lat' dir='ltr'>quo-</span> 
     </span>
    </p>
   </div>
   <div class='ocr_carea' id='block_1_72' title="bbox 2126 2491 3774 2565">
    <p class='ocr_par' dir='ltr' id='par_1_72' title="bbox 2126 2491 3774 2565">
     <span class='ocr_line' id='line_1_72' title="bbox 2126 2491 3774 2565; baseline -0.003 -16"><span class='ocrx_word' id='word_1_480' title='bbox 2126 2511 2240 2565; x_wconf 92' lang='lat' dir='ltr'>que</span> <span class='ocrx_word' id='word_1_481' title='bbox 2290 2511 2321 2549; x_wconf 89' lang='lat' dir='ltr'>a</span> <span class='ocrx_word' id='word_1_482' title='bbox 2368 2493 2773 2565; x_wconf 90' lang='lat' dir='ltr'>persequendo</span> <span class='ocrx_word' id='word_1_483' title='bbox 2826 2492 3077 2548; x_wconf 86' lang='lat' dir='ltr'>redierat</span> <span class='ocrx_word' id='word_1_484' title='bbox 3133 2492 3452 2561; x_wconf 89' lang='lat' dir='ltr'>imperator</span> <span class='ocrx_word' id='word_1_485' title='bbox 3498 2491 3643 2546; x_wconf 78' lang='lat'>681</span> <span class='ocrx_word' id='word_1_486' title='bbox 3701 2492 3774 2545; x_wconf 91' lang='lat' dir='ltr'>ad</span> 
     </span>
    </p>
   </div>
   <div class='ocr_carea' id='block_1_73' title="bbox 2126 2580 3774 2654">
    <p class='ocr_par' dir='ltr' id='par_1_73' title="bbox 2126 2580 3774 2654">
     <span class='ocr_line' id='line_1_73' title="bbox 2126 2580 3774 2654; baseline -0.003 -17"><span class='ocrx_word' id='word_1_487' title='bbox 2126 2599 2431 2654; x_wconf 88' lang='lat' dir='ltr'>vesperam</span> <span class='ocrx_word' id='word_1_488' title='bbox 2470 2599 2482 2638; x_wconf 91' lang='lat'>:</span> <span class='ocrx_word' id='word_1_489' title='bbox 2518 2599 2651 2636; x_wconf 90' lang='lat' dir='ltr'>nam</span> <span class='ocrx_word' id='word_1_490' title='bbox 2685 2581 3030 2653; x_wconf 89' lang='lat' dir='ltr'>crepusculo</span> <span class='ocrx_word' id='word_1_491' title='bbox 3060 2581 3247 2636; x_wconf 88' lang='lat' dir='ltr'>noctis</span> <span class='ocrx_word' id='word_1_492' title='bbox 3294 2581 3609 2635; x_wconf 84' lang='lat' dir='ltr'>conflatum</span> <span class='ocrx_word' id='word_1_493' title='bbox 3645 2580 3774 2633; x_wconf 90' lang='lat' dir='ltr'>fue-</span> 
     </span>
    </p>
   </div>
   <div class='ocr_carea' id='block_1_74' title="bbox 2128 2666 3776 2742">
    <p class='ocr_par' dir='ltr' id='par_1_74' title="bbox 2128 2666 3776 2742">
     <span class='ocr_line' id='line_1_74' title="bbox 2128 2666 3776 2742; baseline -0.002 -17"><span class='ocrx_word' id='word_1_494' title='bbox 2128 2677 2218 2725; x_wconf 89' lang='lat' dir='ltr'>rat</span> <span class='ocrx_word' id='word_1_495' title='bbox 2250 2671 2528 2742; x_wconf 63' lang='lat' dir='ltr'>pralium.</span> <span class='ocrx_word' id='word_1_496' title='bbox 2583 2670 2869 2725; x_wconf 87' lang='lat' dir='ltr'>Postridie</span> <span class='ocrx_word' id='word_1_497' title='bbox 2898 2686 3032 2723; x_wconf 91' lang='lat' dir='ltr'>vero</span> <span class='ocrx_word' id='word_1_498' title='bbox 3064 2668 3296 2740; x_wconf 90' lang='lat' dir='ltr'>publice</span> <span class='ocrx_word' id='word_1_499' title='bbox 3344 2685 3447 2739; x_wconf 91' lang='lat' dir='ltr'>pro</span> <span class='ocrx_word' id='word_1_500' title='bbox 3498 2666 3776 2722; x_wconf 89' lang='lat' dir='ltr'>tribunali</span> 
     </span>
    </p>
   </div>
   <div class='ocr_carea' id='block_1_75' title="bbox 2127 2756 3774 2831">
    <p class='ocr_par' dir='ltr' id='par_1_75' title="bbox 2127 2756 3774 2831">
     <span class='ocr_line' id='line_1_75' title="bbox 2127 2756 3774 2831; baseline -0.002 -16"><span class='ocrx_word' id='word_1_501' title='bbox 2127 2761 2337 2815; x_wconf 89' lang='lat' dir='ltr'>sedens</span> <span class='ocrx_word' id='word_1_502' title='bbox 2369 2763 2570 2831; x_wconf 89' lang='lat' dir='ltr'>captos</span> <span class='ocrx_word' id='word_1_503' title='bbox 2600 2758 2801 2814; x_wconf 89' lang='lat' dir='ltr'>hostes</span> <span class='ocrx_word' id='word_1_504' title='bbox 2831 2762 3087 2813; x_wconf 88' lang='lat' dir='ltr'>extrema</span> <span class='ocrx_word' id='word_1_505' title='bbox 3118 2757 3407 2813; x_wconf 85' lang='lat' dir='ltr'>sententia</span> <span class='ocrx_word' id='word_1_506' title='bbox 3454 2756 3774 2824; x_wconf 85' lang='lat' dir='ltr'>damnavit,</span> 
     </span>
    </p>
   </div>
   <div class='ocr_carea' id='block_1_76' title="bbox 2126 2845 3774 2919">
    <p class='ocr_par' dir='ltr' id='par_1_76' title="bbox 2126 2845 3774 2919">
     <span class='ocr_line' id='line_1_76' title="bbox 2126 2845 3774 2919; baseline -0.002 -16"><span class='ocrx_word' id='word_1_507' title='bbox 2126 2847 2348 2903; x_wconf 91' lang='lat' dir='ltr'>nemini</span> <span class='ocrx_word' id='word_1_508' title='bbox 2380 2864 2617 2919; x_wconf 88' lang='lat' dir='ltr'>prorsus</span> <span class='ocrx_word' id='word_1_509' title='bbox 2650 2863 2915 2917; x_wconf 88' lang='lat' dir='ltr'>parcens,</span> <span class='ocrx_word' id='word_1_510' title='bbox 2948 2863 3013 2901; x_wconf 82' lang='lat' dir='ltr'>ac</span> <span class='ocrx_word' id='word_1_511' title='bbox 3061 2863 3135 2901; x_wconf 88' lang='lat' dir='ltr'>ne</span> <span class='ocrx_word' id='word_1_512' title='bbox 3180 2846 3292 2917; x_wconf 90' lang='lat' dir='ltr'>ipsi</span> <span class='ocrx_word' id='word_1_513' title='bbox 3343 2845 3582 2917; x_wconf 90' lang='lat' dir='ltr'>quidem</span> <span class='ocrx_word' id='word_1_514' title='bbox 3616 2845 3774 2915; x_wconf 90' lang='lat' dir='ltr'>ipso—</span> 
     </span>
    </p>
   </div>
   <div class='ocr_carea' id='block_1_77' title="bbox 2124 2934 3774 3006">
    <p class='ocr_par' dir='ltr' id='par_1_77' title="bbox 2124 2934 3774 3006">
     <span class='ocr_line' id='line_1_77' title="bbox 2124 2934 3774 3006; baseline -0.004 -14"><span class='ocrx_word' id='word_1_515' title='bbox 2124 2954 2258 2992; x_wconf 88' lang='lat' dir='ltr'>rum</span> <span class='ocrx_word' id='word_1_516' title='bbox 2290 2937 2446 3000; x_wconf 88' lang='lat' dir='ltr'>duci,</span> <span class='ocrx_word' id='word_1_517' title='bbox 2479 2936 2716 2991; x_wconf 88' lang='lat' dir='ltr'>tametsi</span> <span class='ocrx_word' id='word_1_518' title='bbox 2748 2934 2936 2990; x_wconf 91' lang='lat' dir='ltr'>multo</span> <span class='ocrx_word' id='word_1_519' title='bbox 2986 2934 3169 3006; x_wconf 89' lang='lat' dir='ltr'>pretio</span> <span class='ocrx_word' id='word_1_520' title='bbox 3220 2951 3281 2990; x_wconf 90' lang='lat' dir='ltr'>se</span> <span class='ocrx_word' id='word_1_521' title='bbox 3328 2935 3774 3004; x_wconf 89' lang='lat' dir='ltr'>redempturum</span> 
     </span>
    </p>
   </div>
   <div class='ocr_carea' id='block_1_78' title="bbox 2124 3021 3773 3099">
    <p class='ocr_par' dir='ltr' id='par_1_78' title="bbox 2124 3021 3773 3099">
     <span class='ocr_line' id='line_1_78' title="bbox 2124 3021 3773 3099; baseline -0.005 -17"><span class='ocrx_word' id='word_1_522' title='bbox 2124 3026 2528 3099; x_wconf 90' lang='lat' dir='ltr'>pollicebatur.</span> <span class='ocrx_word' id='word_1_523' title='bbox 2550 3025 2833 3080; x_wconf 91' lang='lat' dir='ltr'>Triduum</span> <span class='ocrx_word' id='word_1_524' title='bbox 2865 3040 2999 3079; x_wconf 90' lang='lat' dir='ltr'>vero</span> <span class='ocrx_word' id='word_1_525' title='bbox 3032 3024 3089 3077; x_wconf 90' lang='lat' dir='ltr'>in</span> <span class='ocrx_word' id='word_1_526' title='bbox 3120 3023 3331 3079; x_wconf 88' lang='lat' dir='ltr'>castris</span> <span class='ocrx_word' id='word_1_527' title='bbox 3364 3028 3628 3078; x_wconf 85' lang='lat' dir='ltr'>moratus</span> <span class='ocrx_word' id='word_1_528' title='bbox 3659 3021 3773 3075; x_wconf 92' lang='lat' dir='ltr'>im-</span> 
     </span>
    </p>
   </div>
   <div class='ocr_carea' id='block_1_79' title="bbox 2124 3109 3776 3187">
    <p class='ocr_par' dir='ltr' id='par_1_79' title="bbox 2124 3109 3776 3187">
     <span class='ocr_line' id='line_1_79' title="bbox 2124 3109 3776 3187; baseline -0.004 -17"><span class='ocrx_word' id='word_1_529' title='bbox 2124 3119 2375 3187; x_wconf 88' lang='lat' dir='ltr'>perator,</span> <span class='ocrx_word' id='word_1_530' title='bbox 2404 3114 2511 3168; x_wconf 93' lang='lat' dir='ltr'>hoc</span> <span class='ocrx_word' id='word_1_531' title='bbox 2544 3129 2820 3184; x_wconf 87' lang='lat' dir='ltr'>prospero</span> <span class='ocrx_word' id='word_1_532' title='bbox 2869 3128 3147 3167; x_wconf 89' lang='lat' dir='ltr'>successu</span> <span class='ocrx_word' id='word_1_533' title='bbox 3198 3111 3472 3176; x_wconf 89' lang='lat' dir='ltr'>satiatus,</span> <span class='ocrx_word' id='word_1_534' title='bbox 3504 3109 3776 3182; x_wconf 86' lang='lat' dir='ltr'>pluribus</span> 
     </span>
    </p>
   </div>
   <div class='ocr_carea' id='block_1_80' title="bbox 2044 3198 3775 3310">
    <p class='ocr_par' dir='ltr' id='par_1_80' title="bbox 2044 3198 3775 3310">
     <span class='ocr_line' id='line_1_80' title="bbox 2044 3198 3775 3310; baseline -0.004 -52"><span class='ocrx_word' id='word_1_535' title='bbox 2044 3242 2085 3310; x_wconf 65' lang='grc' dir='ltr'>Ο</span> <span class='ocrx_word' id='word_1_536' title='bbox 2124 3203 2397 3259; x_wconf 89' lang='lat' dir='ltr'>hostibus</span> <span class='ocrx_word' id='word_1_537' title='bbox 2442 3201 2780 3273; x_wconf 87' lang='lat' dir='ltr'>aufugiendi</span> <span class='ocrx_word' id='word_1_538' title='bbox 2810 3200 3053 3256; x_wconf 91' lang='lat' dir='ltr'>liberam</span> <span class='ocrx_word' id='word_1_539' title='bbox 3086 3200 3334 3272; x_wconf 68' lang='lat' dir='ltr'>praebuit</span> <span class='ocrx_word' id='word_1_540' title='bbox 3380 3198 3775 3261; x_wconf 87' lang='lat' dir='ltr'>occasionem,</span> 
     </span>
    </p>
   </div>
   <div class='ocr_carea' id='block_1_81' title="bbox 2125 3295 3778 3369">
    <p class='ocr_par' dir='ltr' id='par_1_81' title="bbox 2125 3295 3778 3369">
     <span class='ocr_line' id='line_1_81' title="bbox 2125 3295 3778 3369; baseline -0.005 -14"><span class='ocrx_word' id='word_1_541' title='bbox 2125 3300 2209 3355; x_wconf 91' lang='lat' dir='ltr'>ita</span> <span class='ocrx_word' id='word_1_542' title='bbox 2250 3304 2313 3354; x_wconf 92' lang='lat' dir='ltr'>ut</span> <span class='ocrx_word' id='word_1_543' title='bbox 2363 3315 2433 3353; x_wconf 90' lang='lat' dir='ltr'>ne</span> <span class='ocrx_word' id='word_1_544' title='bbox 2481 3317 2514 3353; x_wconf 92' lang='lat' dir='ltr'>a</span> <span class='ocrx_word' id='word_1_545' title='bbox 2564 3300 2754 3369; x_wconf 68' lang='lat' dir='ltr'>praeda</span> <span class='ocrx_word' id='word_1_546' title='bbox 2798 3298 3037 3368; x_wconf 89' lang='lat' dir='ltr'>quidem</span> <span class='ocrx_word' id='word_1_547' title='bbox 3090 3314 3217 3352; x_wconf 90' lang='lat' dir='ltr'>sese</span> <span class='ocrx_word' id='word_1_548' title='bbox 3261 3295 3672 3351; x_wconf 88' lang='lat' dir='ltr'>abstinuerint.</span> <span class='ocrx_word' id='word_1_549' title='bbox 3711 3295 3778 3348; x_wconf 88' lang='lat' dir='ltr'>Et</span> 
     </span>
    </p>
   </div>
   <div class='ocr_carea' id='block_1_82' title="bbox 2123 3382 3772 3459">
    <p class='ocr_par' dir='ltr' id='par_1_82' title="bbox 2123 3382 3772 3459">
     <span class='ocr_line' id='line_1_82' title="bbox 2123 3382 3772 3459; baseline -0.004 -16"><span class='ocrx_word' id='word_1_550' title='bbox 2123 3389 2259 3444; x_wconf 90' lang='lat' dir='ltr'>inde</span> <span class='ocrx_word' id='word_1_551' title='bbox 2291 3388 2584 3459; x_wconf 88' lang='lat' dir='ltr'>profectus</span> <span class='ocrx_word' id='word_1_552' title='bbox 2615 3404 2648 3441; x_wconf 94' lang='lat' dir='ltr'>a</span> <span class='ocrx_word' id='word_1_553' title='bbox 2678 3392 2839 3458; x_wconf 89' lang='lat' dir='ltr'>tergo</span> <span class='ocrx_word' id='word_1_554' title='bbox 2869 3386 3132 3455; x_wconf 90' lang='lat' dir='ltr'>ipsorum</span> <span class='ocrx_word' id='word_1_555' title='bbox 3166 3385 3493 3454; x_wconf 88' lang='lat' dir='ltr'>incedebat,</span> <span class='ocrx_word' id='word_1_556' title='bbox 3519 3388 3575 3438; x_wconf 90' lang='lat' dir='ltr'>et</span> <span class='ocrx_word' id='word_1_557' title='bbox 3608 3382 3772 3437; x_wconf 92' lang='lat' dir='ltr'>bidui</span> 
     </span>
    </p>
   </div>
   <div class='ocr_carea' id='block_1_83' title="bbox 2123 3473 3773 3548">
    <p class='ocr_par' dir='ltr' id='par_1_83' title="bbox 2123 3473 3773 3548">
     <span class='ocr_line' id='line_1_83' title="bbox 2123 3473 3773 3548; baseline -0.005 -15"><span class='ocrx_word' id='word_1_558' title='bbox 2123 3478 2314 3548; x_wconf 88' lang='lat' dir='ltr'>spatio</span> <span class='ocrx_word' id='word_1_559' title='bbox 2347 3494 2380 3532; x_wconf 92' lang='lat' dir='ltr'>a</span> <span class='ocrx_word' id='word_1_560' title='bbox 2409 3475 2676 3531; x_wconf 88' lang='lat' dir='ltr'>Melitene</span> <span class='ocrx_word' id='word_1_561' title='bbox 2707 3473 2914 3529; x_wconf 85' lang='lat' dir='ltr'>castris</span> <span class='ocrx_word' id='word_1_562' title='bbox 2949 3474 3156 3545; x_wconf 91' lang='lat' dir='ltr'>positis</span> <span class='ocrx_word' id='word_1_563' title='bbox 3207 3473 3503 3528; x_wconf 89' lang='lat' dir='ltr'>statuebat</span> <span class='ocrx_word' id='word_1_564' title='bbox 3551 3478 3773 3543; x_wconf 90' lang='lat' dir='ltr'>partem</span> 
     </span>
    </p>
   </div>
   <div class='ocr_carea' id='block_1_84' title="bbox 2123 3560 3777 3638">
    <p class='ocr_par' dir='ltr' id='par_1_84' title="bbox 2123 3560 3777 3638">
     <span class='ocr_line' id='line_1_84' title="bbox 2123 3560 3777 3638; baseline -0.005 -16"><span class='ocrx_word' id='word_1_565' title='bbox 2123 3567 2443 3638; x_wconf 88' lang='lat' dir='ltr'>quamdam</span> <span class='ocrx_word' id='word_1_566' title='bbox 2494 3565 2783 3620; x_wconf 90' lang='lat' dir='ltr'>exercitus</span> <span class='ocrx_word' id='word_1_567' title='bbox 2836 3562 3087 3618; x_wconf 88' lang='lat' dir='ltr'>divisam</span> <span class='ocrx_word' id='word_1_568' title='bbox 3139 3560 3490 3633; x_wconf 87' lang='lat' dir='ltr'>relinquere,</span> <span class='ocrx_word' id='word_1_569' title='bbox 3525 3565 3591 3616; x_wconf 91' lang='lat' dir='ltr'>ut</span> <span class='ocrx_word' id='word_1_570' title='bbox 3620 3564 3777 3615; x_wconf 89' lang='lat' dir='ltr'>esset</span> 
     </span>
    </p>
   </div>
   <div class='ocr_carea' id='block_1_85' title="bbox 2122 3648 3778 3726">
    <p class='ocr_par' dir='ltr' id='par_1_85' title="bbox 2122 3648 3778 3726">
     <span class='ocr_line' id='line_1_85' title="bbox 2122 3648 3778 3726; baseline -0.005 -16"><span class='ocrx_word' id='word_1_571' title='bbox 2122 3655 2393 3710; x_wconf 88' lang='lat' dir='ltr'>hostibus</span> <span class='ocrx_word' id='word_1_572' title='bbox 2426 3651 3121 3726; x_wconf 86' lang='lat' dir='ltr'>propugnaculum.Quod</span> <span class='ocrx_word' id='word_1_573' title='bbox 3156 3650 3467 3705; x_wconf 89' lang='lat' dir='ltr'>consilium</span> <span class='ocrx_word' id='word_1_574' title='bbox 3500 3666 3633 3705; x_wconf 88' lang='lat' dir='ltr'>cum</span> <span class='ocrx_word' id='word_1_575' title='bbox 3663 3648 3778 3702; x_wconf 90' lang='lat' dir='ltr'>mi-</span> 
     </span>
    </p>
   </div>
   <div class='ocr_carea' id='block_1_86' title="bbox 2124 3738 3778 3815">
    <p class='ocr_par' dir='ltr' id='par_1_86' title="bbox 2124 3738 3778 3815">
     <span class='ocr_line' id='line_1_86' title="bbox 2124 3738 3778 3815; baseline -0.005 -15"><span class='ocrx_word' id='word_1_576' title='bbox 2124 3746 2279 3800; x_wconf 90' lang='lat' dir='ltr'>nime</span> <span class='ocrx_word' id='word_1_577' title='bbox 2308 3758 2658 3815; x_wconf 87' lang='lat' dir='ltr'>generosum</span> <span class='ocrx_word' id='word_1_578' title='bbox 2708 3741 2899 3795; x_wconf 90' lang='lat' dir='ltr'>visum</span> <span class='ocrx_word' id='word_1_579' title='bbox 2950 3744 3107 3795; x_wconf 89' lang='lat' dir='ltr'>esset</span> <span class='ocrx_word' id='word_1_580' title='bbox 3154 3744 3212 3794; x_wconf 92' lang='lat' dir='ltr'>et</span> <span class='ocrx_word' id='word_1_581' title='bbox 3267 3738 3497 3803; x_wconf 87' lang='lat' dir='ltr'>inutile,</span> <span class='ocrx_word' id='word_1_582' title='bbox 3549 3741 3778 3792; x_wconf 88' lang='lat' dir='ltr'>mutata</span> 
     </span>
    </p>
   </div>
   <div class='ocr_carea' id='block_1_87' title="bbox 2123 3827 3777 3901">
    <p class='ocr_par' dir='ltr' id='par_1_87' title="bbox 2123 3827 3777 3901">
     <span class='ocr_line' id='line_1_87' title="bbox 2123 3827 3777 3901; baseline -0.005 -13"><span class='ocrx_word' id='word_1_583' title='bbox 2123 3832 2432 3898; x_wconf 80' lang='lat' dir='ltr'>sententia,</span> <span class='ocrx_word' id='word_1_584' title='bbox 2467 3835 2623 3885; x_wconf 89' lang='lat' dir='ltr'>recta</span> <span class='ocrx_word' id='word_1_585' title='bbox 2657 3830 2726 3885; x_wconf 87' lang='lat' dir='ltr'>ad</span> <span class='ocrx_word' id='word_1_586' title='bbox 2752 3828 3107 3901; x_wconf 86' lang='lat' dir='ltr'>Euphratem</span> <span class='ocrx_word' id='word_1_587' title='bbox 3142 3828 3441 3883; x_wconf 90' lang='lat' dir='ltr'>contendit</span> <span class='ocrx_word' id='word_1_588' title='bbox 3485 3827 3571 3881; x_wconf 86' lang='lat' dir='ltr'>Ad</span> <span class='ocrx_word' id='word_1_589' title='bbox 3605 3827 3777 3896; x_wconf 88' lang='lat' dir='ltr'>cujus</span> 
     </span>
    </p>
   </div>
   <div class='ocr_carea' id='block_1_88' title="bbox 2123 3913 3774 3993">
    <p class='ocr_par' dir='ltr' id='par_1_88' title="bbox 2123 3913 3774 3993">
     <span class='ocr_line' id='line_1_88' title="bbox 2123 3913 3774 3993; baseline -0.006 -17"><span class='ocrx_word' id='word_1_590' title='bbox 2123 3920 2285 3993; x_wconf 89' lang='lat' dir='ltr'>ripas</span> <span class='ocrx_word' id='word_1_591' title='bbox 2344 3918 2723 3974; x_wconf 86' lang='lat' dir='ltr'>tabernacula</span> <span class='ocrx_word' id='word_1_592' title='bbox 2777 3917 2976 3972; x_wconf 90' lang='lat' dir='ltr'>hostes</span> <span class='ocrx_word' id='word_1_593' title='bbox 3034 3921 3374 3985; x_wconf 88' lang='lat' dir='ltr'>posuerant,</span> <span class='ocrx_word' id='word_1_594' title='bbox 3425 3917 3526 3984; x_wconf 90' lang='lat' dir='ltr'>qui</span> <span class='ocrx_word' id='word_1_595' title='bbox 3574 3913 3774 3968; x_wconf 86' lang='lat' dir='ltr'>statim</span> 
     </span>
    </p>
   </div>
   <div class='ocr_carea' id='block_1_89' title="bbox 2122 4003 3778 4078">
    <p class='ocr_par' dir='ltr' id='par_1_89' title="bbox 2122 4003 3778 4078">
     <span class='ocr_line' id='line_1_89' title="bbox 2122 4003 3778 4078; baseline -0.007 -13"><span class='ocrx_word' id='word_1_596' title='bbox 2122 4009 2325 4065; x_wconf 91' lang='lat' dir='ltr'>audito</span> <span class='ocrx_word' id='word_1_597' title='bbox 2357 4006 2729 4078; x_wconf 88' lang='lat' dir='ltr'>imperatoris</span> <span class='ocrx_word' id='word_1_598' title='bbox 2760 4009 2962 4060; x_wconf 88' lang='lat' dir='ltr'>contra</span> <span class='ocrx_word' id='word_1_599' title='bbox 2980 4020 3041 4059; x_wconf 90' lang='lat' dir='ltr'>se</span> <span class='ocrx_word' id='word_1_600' title='bbox 3066 4008 3227 4058; x_wconf 90' lang='lat' dir='ltr'>motu</span> <span class='ocrx_word' id='word_1_601' title='bbox 3251 4005 3639 4057; x_wconf 86' lang='lat' dir='ltr'>recesserunt.</span> <span class='ocrx_word' id='word_1_602' title='bbox 3667 4003 3778 4055; x_wconf 91' lang='lat' dir='ltr'>Im-</span> 
     </span>
    </p>
   </div>
   <div class='ocr_carea' id='block_1_90' title="bbox 2122 4090 3773 4170">
    <p class='ocr_par' dir='ltr' id='par_1_90' title="bbox 2122 4090 3773 4170">
     <span class='ocr_line' id='line_1_90' title="bbox 2122 4090 3773 4170; baseline -0.006 -18"><span class='ocrx_word' id='word_1_603' title='bbox 2122 4104 2356 4170; x_wconf 87' lang='lat' dir='ltr'>perator</span> <span class='ocrx_word' id='word_1_604' title='bbox 2387 4101 2577 4151; x_wconf 88' lang='lat' dir='ltr'>autem</span> <span class='ocrx_word' id='word_1_605' title='bbox 2614 4098 2768 4148; x_wconf 88' lang='lat' dir='ltr'>recta</span> <span class='ocrx_word' id='word_1_606' title='bbox 2799 4093 2870 4147; x_wconf 92' lang='lat' dir='ltr'>ad</span> <span class='ocrx_word' id='word_1_607' title='bbox 2903 4090 3348 4161; x_wconf 80' lang='lat' dir='ltr'>Romanopolim</span> <span class='ocrx_word' id='word_1_608' title='bbox 3386 4090 3773 4159; x_wconf 88' lang='lat' dir='ltr'>contendens,</span> 
     </span>
    </p>
   </div>
   <div class='ocr_carea' id='block_1_91' title="bbox 2121 4176 3773 4253">
    <p class='ocr_par' dir='ltr' id='par_1_91' title="bbox 2121 4176 3773 4253">
     <span class='ocr_line' id='line_1_91' title="bbox 2121 4176 3773 4253; baseline -0.007 -12"><span class='ocrx_word' id='word_1_609' title='bbox 2121 4192 2179 4241; x_wconf 91' lang='lat' dir='ltr'>et</span> <span class='ocrx_word' id='word_1_610' title='bbox 2207 4186 2343 4240; x_wconf 92' lang='lat' dir='ltr'>inde</span> <span class='ocrx_word' id='word_1_611' title='bbox 2392 4184 2463 4238; x_wconf 91' lang='lat' dir='ltr'>ad</span> <span class='ocrx_word' id='word_1_612' title='bbox 2512 4183 2716 4238; x_wconf 89' lang='lat' dir='ltr'>Cbleat</span> <span class='ocrx_word' id='word_1_613' title='bbox 2763 4180 3055 4253; x_wconf 84' lang='lat' dir='ltr'>proficisci</span> <span class='ocrx_word' id='word_1_614' title='bbox 3107 4179 3374 4248; x_wconf 87' lang='lat' dir='ltr'>studens,</span> <span class='ocrx_word' id='word_1_615' title='bbox 3407 4178 3665 4249; x_wconf 86' lang='lat' dir='ltr'>quodam</span> <span class='ocrx_word' id='word_1_616' title='bbox 3711 4176 3773 4230; x_wconf 91' lang='lat' dir='ltr'>in</span> 
     </span>
    </p>
   </div>
   <div class='ocr_carea' id='block_1_92' title="bbox 2119 4265 3776 4343">
    <p class='ocr_par' dir='ltr' id='par_1_92' title="bbox 2119 4265 3776 4343">
     <span class='ocr_line' id='line_1_92' title="bbox 2119 4265 3776 4343; baseline -0.007 -14"><span class='ocrx_word' id='word_1_617' title='bbox 2119 4274 2246 4329; x_wconf 91' lang='lat' dir='ltr'>loco</span> <span class='ocrx_word' id='word_1_618' title='bbox 2277 4277 2470 4328; x_wconf 89' lang='lat' dir='ltr'>castra</span> <span class='ocrx_word' id='word_1_619' title='bbox 2530 4270 2730 4343; x_wconf 86' lang='lat' dir='ltr'>ponit;</span> <span class='ocrx_word' id='word_1_620' title='bbox 2765 4273 2820 4324; x_wconf 90' lang='lat' dir='ltr'>et</span> <span class='ocrx_word' id='word_1_621' title='bbox 2855 4267 3208 4323; x_wconf 84' lang='lat' dir='ltr'>Philaretum</span> <span class='ocrx_word' id='word_1_622' title='bbox 3268 4267 3413 4337; x_wconf 85' lang='lat' dir='ltr'>(erat</span> <span class='ocrx_word' id='word_1_623' title='bbox 3442 4265 3536 4320; x_wconf 92' lang='lat' dir='ltr'>hic</span> <span class='ocrx_word' id='word_1_624' title='bbox 3566 4280 3776 4336; x_wconf 88' lang='lat' dir='ltr'>genere</span> 
     </span>
    </p>
   </div>
   <div class='ocr_carea' id='block_1_93' title="bbox 2122 4351 3775 4429">
    <p class='ocr_par' dir='ltr' id='par_1_93' title="bbox 2122 4351 3775 4429">
     <span class='ocr_line' id='line_1_93' title="bbox 2122 4351 3775 4429; baseline -0.007 -11"><span class='ocrx_word' id='word_1_625' title='bbox 2122 4361 2526 4429; x_wconf 90' lang='lat' dir='ltr'>Brachamius)</span> <span class='ocrx_word' id='word_1_626' title='bbox 2554 4360 2762 4413; x_wconf 91' lang='lat' dir='ltr'>ducem</span> <span class='ocrx_word' id='word_1_627' title='bbox 2793 4373 2927 4411; x_wconf 91' lang='lat' dir='ltr'>cum</span> <span class='ocrx_word' id='word_1_628' title='bbox 2959 4373 3192 4410; x_wconf 91' lang='lat' dir='ltr'>summa</span> <span class='ocrx_word' id='word_1_629' title='bbox 3241 4359 3526 4427; x_wconf 89' lang='lat' dir='ltr'>potestate</span> <span class='ocrx_word' id='word_1_630' title='bbox 3576 4351 3775 4407; x_wconf 92' lang='lat' dir='ltr'>decla-</span> 
     </span>
    </p>
   </div>
   <div class='ocr_carea' id='block_1_94' title="bbox 2123 4441 3773 4511">
    <p class='ocr_par' dir='ltr' id='par_1_94' title="bbox 2123 4441 3773 4511">
     <span class='ocr_line' id='line_1_94' title="bbox 2123 4441 3773 4511; baseline -0.008 -4"><span class='ocrx_word' id='word_1_631' title='bbox 2123 4456 2214 4507; x_wconf 88' lang='lat' dir='ltr'>rat</span> <span class='ocrx_word' id='word_1_632' title='bbox 2245 4469 2258 4507; x_wconf 93' lang='lat'>:</span> <span class='ocrx_word' id='word_1_633' title='bbox 2292 4452 2475 4505; x_wconf 90' lang='lat' dir='ltr'>diviso</span> <span class='ocrx_word' id='word_1_634' title='bbox 2498 4448 2655 4503; x_wconf 88' lang='lat' dir='ltr'>enim</span> <span class='ocrx_word' id='word_1_635' title='bbox 2688 4445 2957 4501; x_wconf 82' lang='lat' dir='ltr'>bifariam</span> <span class='ocrx_word' id='word_1_636' title='bbox 3004 4444 3259 4499; x_wconf 81' lang='lat' dir='ltr'>exercitu</span> <span class='ocrx_word' id='word_1_637' title='bbox 3311 4443 3606 4497; x_wconf 86' lang='lat' dir='ltr'>fortiorem</span> <span class='ocrx_word' id='word_1_638' title='bbox 3658 4441 3773 4511; x_wconf 91' lang='lat' dir='ltr'>ipsi</span> 
     </span>
    </p>
   </div>
   <div class='ocr_carea' id='block_1_95' title="bbox 2122 4527 3771 4611">
    <p class='ocr_par' dir='ltr' id='par_1_95' title="bbox 2122 4527 3771 4611">
     <span class='ocr_line' id='line_1_95' title="bbox 2122 4527 3771 4611; baseline -0.006 -18"><span class='ocrx_word' id='word_1_639' title='bbox 2122 4544 2351 4611; x_wconf 88' lang='lat' dir='ltr'>partem</span> <span class='ocrx_word' id='word_1_640' title='bbox 2403 4535 2693 4601; x_wconf 89' lang='lat' dir='ltr'>attribuit,</span> <span class='ocrx_word' id='word_1_641' title='bbox 2743 4533 2970 4589; x_wconf 88' lang='lat' dir='ltr'>homini</span> <span class='ocrx_word' id='word_1_642' title='bbox 3020 4532 3333 4587; x_wconf 90' lang='lat' dir='ltr'>militarem</span> <span class='ocrx_word' id='word_1_643' title='bbox 3394 4527 3771 4601; x_wconf 90' lang='lat' dir='ltr'>prudentiam</span> 
     </span>
    </p>
   </div>
   <div class='ocr_carea' id='block_1_96' title="bbox 357 4604 2011 4702">
    <p class='ocr_par' dir='ltr' id='par_1_96' title="bbox 357 4604 2009 4702">
     <span class='ocr_line' id='line_1_96' title="bbox 357 4604 2009 4702; baseline -0.004 -16"><span class='ocrx_word' id='word_1_644' title='bbox 357 4604 448 4695; x_wconf 85' lang='grc' dir='ltr'>θεν</span> <span class='ocrx_word' id='word_1_645' title='bbox 497 4604 723 4686; x_wconf 71' lang='grc' dir='ltr'>κατόπιν</span> <span class='ocrx_word' id='word_1_646' title='bbox 752 4604 946 4685; x_wconf 40' lang='grc' dir='ltr'>-αύτῶν</span> <span class='ocrx_word' id='word_1_647' title='bbox 998 4604 1230 4698; x_wconf 49' lang='grc' dir='ltr'>ἐϐάδιζέῖ</span> <span class='ocrx_word' id='word_1_648' title='bbox 1277 4625 1891 4702; x_wconf 80' lang='grc' dir='ltr'>Στρατοπεδευσάμενος</span> <span class='ocrx_word' id='word_1_649' title='bbox 1951 4623 2009 4680; x_wconf 71' lang='grc' dir='ltr'>δὲ</span> 
     </span>
    </p>
   </div>
   <div class='ocr_carea' id='block_1_97' title="bbox 2122 4604 3773 4702">
    <p class='ocr_par' dir='ltr' id='par_1_97' title="bbox 2122 4604 3773 4701">
     <span class='ocr_line' id='line_1_97' title="bbox 2122 4604 3773 4701; baseline -0.007 -19"><span class='ocrx_word' id='word_1_650' title='bbox 2122 4604 2368 4701; x_wconf 75' lang='lat' dir='ltr'>gloriose</span> <span class='ocrx_word' id='word_1_651' title='bbox 2414 4624 2732 4697; x_wconf 82' lang='lat' dir='ltr'>profitenti,</span> <span class='ocrx_word' id='word_1_652' title='bbox 2784 4623 2883 4677; x_wconf 90' lang='lat' dir='ltr'>sed</span> <span class='ocrx_word' id='word_1_653' title='bbox 2942 4622 3133 4692; x_wconf 91' lang='lat' dir='ltr'>turpis</span> <span class='ocrx_word' id='word_1_654' title='bbox 3161 4637 3226 4675; x_wconf 85' lang='lat' dir='ltr'>ac</span> <span class='ocrx_word' id='word_1_655' title='bbox 3269 4618 3569 4675; x_wconf 63' lang='lat' dir='ltr'>dissolutae</span> <span class='ocrx_word' id='word_1_656' title='bbox 3618 4616 3773 4684; x_wconf 65' lang='lat' dir='ltr'>vitae,</span> 
     </span>
    </p>
   </div>
   <div class='ocr_carea' id='block_1_98' title="bbox 358 4714 2008 4792">
    <p class='ocr_par' dir='ltr' id='par_1_98' title="bbox 358 4714 2008 4792">
     <span class='ocr_line' id='line_1_98' title="bbox 358 4714 2008 4792; baseline -0.005 -17"><span class='ocrx_word' id='word_1_657' title='bbox 358 4721 438 4781; x_wconf 84' lang='grc' dir='ltr'>ὡς</span> <span class='ocrx_word' id='word_1_658' title='bbox 491 4719 597 4775; x_wconf 78' lang='grc' dir='ltr'>ἀπὸ</span> <span class='ocrx_word' id='word_1_659' title='bbox 654 4716 1023 4792; x_wconf 85' lang='grc' dir='ltr'>διαστήματος</span> <span class='ocrx_word' id='word_1_660' title='bbox 1080 4721 1303 4792; x_wconf 83' lang='grc' dir='ltr'>ἡμερῶν</span> <span class='ocrx_word' id='word_1_661' title='bbox 1361 4715 1455 4772; x_wconf 85' lang='grc' dir='ltr'>δύο</span> <span class='ocrx_word' id='word_1_662' title='bbox 1513 4724 1614 4786; x_wconf 85' lang='grc' dir='ltr'>τῆς</span> <span class='ocrx_word' id='word_1_663' title='bbox 1666 4714 2008 4787; x_wconf 83' lang='grc' dir='ltr'>Μελιτηνῆς,</span> 
     </span>
    </p>
   </div>
   <div class='ocr_carea' id='block_1_99' title="bbox 357 4803 2013 4882">
    <p class='ocr_par' dir='ltr' id='par_1_99' title="bbox 357 4803 2013 4882">
     <span class='ocr_line' id='line_1_99' title="bbox 357 4803 2013 4882; baseline -0.004 -19"><span class='ocrx_word' id='word_1_664' title='bbox 357 4804 681 4863; x_wconf 74' lang='grc' dir='ltr'>ἐϐουλεύετο</span> <span class='ocrx_word' id='word_1_665' title='bbox 762 4808 958 4882; x_wconf 84' lang='grc' dir='ltr'>μοῖράν</span> <span class='ocrx_word' id='word_1_666' title='bbox 1026 4826 1149 4860; x_wconf 91' lang='grc' dir='ltr'>τινα</span> <span class='ocrx_word' id='word_1_667' title='bbox 1201 4809 1300 4860; x_wconf 70' lang='grc' dir='ltr'>τοῦ</span> <span class='ocrx_word' id='word_1_668' title='bbox 1367 4809 1597 4878; x_wconf 87' lang='grc' dir='ltr'>στρατοῦ</span> <span class='ocrx_word' id='word_1_669' title='bbox 1653 4803 2013 4879; x_wconf 86' lang='grc' dir='ltr'>μερισάμενος</span> 
     </span>
    </p>
   </div>
   <div class='ocr_carea' id='block_1_100' title="bbox 356 4890 2012 4975">
    <p class='ocr_par' dir='ltr' id='par_1_100' title="bbox 356 4890 2012 4975">
     <span class='ocr_line' id='line_1_100' title="bbox 356 4890 2012 4975; baseline -0.004 -24"><span class='ocrx_word' id='word_1_670' title='bbox 356 4898 574 4975; x_wconf 82' lang='grc' dir='ltr'>ἀφεῖναι</span> <span class='ocrx_word' id='word_1_671' title='bbox 630 4902 749 4959; x_wconf 87' lang='grc' dir='ltr'>τοῖς</span> <span class='ocrx_word' id='word_1_672' title='bbox 799 4895 1064 4959; x_wconf 83' lang='grc' dir='ltr'>ἐναντίοις</span> <span class='ocrx_word' id='word_1_673' title='bbox 1121 4892 1496 4970; x_wconf 84' lang='grc' dir='ltr'>ἐπιτείχισμα,</span> <span class='ocrx_word' id='word_1_674' title='bbox 1564 4894 1729 4955; x_wconf 80' lang='grc' dir='ltr'>αὐτὸς</span> <span class='ocrx_word' id='word_1_675' title='bbox 1787 4890 1844 4947; x_wconf 74' lang='grc' dir='ltr'>δὲ</span> <span class='ocrx_word' id='word_1_676' title='bbox 1900 4892 2012 4963; x_wconf 77' lang='grc' dir='ltr'>ἅμα</span> 
     </span>
    </p>
   </div>
   <div class='ocr_carea' id='block_1_101' title="bbox 358 4980 2012 5061">
    <p class='ocr_par' dir='ltr' id='par_1_101' title="bbox 358 4980 2012 5061">
     <span class='ocr_line' id='line_1_101' title="bbox 358 4980 2012 5061; baseline -0.003 -20"><span class='ocrx_word' id='word_1_677' title='bbox 358 4985 519 5041; x_wconf 60' lang='grc' dir='ltr'>παντὶ</span> <span class='ocrx_word' id='word_1_678' title='bbox 576 4991 656 5058; x_wconf 78' lang='grc' dir='ltr'>τῷ</span> <span class='ocrx_word' id='word_1_679' title='bbox 711 4989 925 5061; x_wconf 83' lang='grc' dir='ltr'>στρατῷ</span> <span class='ocrx_word' id='word_1_680' title='bbox 1003 4984 1330 5058; x_wconf 83' lang='grc' dir='ltr'>ὑποστρέψαι</span> <span class='ocrx_word' id='word_1_681' title='bbox 1396 4982 1535 5056; x_wconf 85' lang='grc' dir='ltr'>πρὸς</span> <span class='ocrx_word' id='word_1_682' title='bbox 1607 4983 1675 5037; x_wconf 74' lang='grc' dir='ltr'>τά</span> <span class='ocrx_word' id='word_1_683' title='bbox 1742 4980 2012 5057; x_wconf 86' lang='grc' dir='ltr'>βασίλεια.</span> 
     </span>
    </p>
   </div>
   <div class='ocr_carea' id='block_1_102' title="bbox 357 5078 2013 5159">
    <p class='ocr_par' dir='ltr' id='par_1_102' title="bbox 357 5078 2013 5159">
     <span class='ocr_line' id='line_1_102' title="bbox 357 5078 2013 5159; baseline -0.004 -21"><span class='ocrx_word' id='word_1_684' title='bbox 357 5086 649 5159; x_wconf 78' lang='grc' dir='ltr'>’Δγεννοῦς</span> <span class='ocrx_word' id='word_1_685' title='bbox 703 5080 760 5137; x_wconf 77' lang='grc' dir='ltr'>δὲ</span> <span class='ocrx_word' id='word_1_686' title='bbox 817 5086 919 5155; x_wconf 81' lang='grc' dir='ltr'>τῇς</span> <span class='ocrx_word' id='word_1_687' title='bbox 982 5079 1190 5155; x_wconf 86' lang='grc' dir='ltr'>βουλῆς</span> <span class='ocrx_word' id='word_1_688' title='bbox 1250 5078 1477 5150; x_wconf 80' lang='grc' dir='ltr'>δοξάσης</span> <span class='ocrx_word' id='word_1_689' title='bbox 1544 5080 1635 5134; x_wconf 85' lang='grc' dir='ltr'>καὶ</span> <span class='ocrx_word' id='word_1_690' title='bbox 1695 5079 2013 5156; x_wconf 78' lang='grc' dir='ltr'>ἀσυμφόρου</span> 
     </span>
    </p>
   </div>
   <div class='ocr_carea' id='block_1_103' title="bbox 364 5164 2013 5247">
    <p class='ocr_par' dir='ltr' id='par_1_103' title="bbox 364 5164 2013 5247">
     <span class='ocr_line' id='line_1_103' title="bbox 364 5164 2013 5247; baseline -0.004 -21"><span class='ocrx_word' id='word_1_691' title='bbox 364 5174 728 5247; x_wconf 79' lang='grc' dir='ltr'>μεταθέμενος</span> <span class='ocrx_word' id='word_1_692' title='bbox 808 5169 932 5234; x_wconf 81' lang='grc' dir='ltr'>εὐθῦ</span> <span class='ocrx_word' id='word_1_693' title='bbox 1011 5174 1108 5225; x_wconf 78' lang='grc' dir='ltr'>τοῦ</span> <span class='ocrx_word' id='word_1_694' title='bbox 1176 5170 1461 5247; x_wconf 81' lang='grc' dir='ltr'>Εὐφράτου</span> <span class='ocrx_word' id='word_1_695' title='bbox 1544 5164 1806 5223; x_wconf 74' lang='grc' dir='ltr'>ἐϐάδισενο</span> <span class='ocrx_word' id='word_1_696' title='bbox 1878 5168 2013 5236; x_wconf 77' lang='grc' dir='ltr'>ἦσαν</span> 
     </span>
    </p>
   </div>
   <div class='ocr_carea' id='block_1_104' title="bbox 361 5253 2015 5337">
    <p class='ocr_par' dir='ltr' id='par_1_104' title="bbox 361 5253 2015 5337">
     <span class='ocr_line' id='line_1_104' title="bbox 361 5253 2015 5337; baseline -0.004 -22"><span class='ocrx_word' id='word_1_697' title='bbox 361 5262 472 5337; x_wconf 81' lang='grc' dir='ltr'>γὰρ</span> <span class='ocrx_word' id='word_1_698' title='bbox 503 5261 649 5334; x_wconf 79' lang='grc' dir='ltr'>παρὰ</span> <span class='ocrx_word' id='word_1_699' title='bbox 676 5260 771 5321; x_wconf 81' lang='grc' dir='ltr'>τὰς</span> <span class='ocrx_word' id='word_1_700' title='bbox 823 5254 994 5334; x_wconf 76' lang='grc' dir='ltr'>ὄχθας</span> <span class='ocrx_word' id='word_1_701' title='bbox 1042 5256 1205 5312; x_wconf 75' lang='grc' dir='ltr'>αὐτοῦ</span> <span class='ocrx_word' id='word_1_702' title='bbox 1245 5256 1614 5331; x_wconf 81' lang='grc' dir='ltr'>ἐσκηνωμένοι</span> <span class='ocrx_word' id='word_1_703' title='bbox 1643 5256 1697 5310; x_wconf 78' lang='grc' dir='ltr'>οἱ</span> <span class='ocrx_word' id='word_1_704' title='bbox 1728 5253 2015 5327; x_wconf 88' lang='grc' dir='ltr'>πολέμιοι,</span> 
     </span>
    </p>
   </div>
   <div class='ocr_carea' id='block_1_105' title="bbox 362 5343 2019 5421">
    <p class='ocr_par' dir='ltr' id='par_1_105' title="bbox 362 5343 2019 5421">
     <span class='ocr_line' id='line_1_105' title="bbox 362 5343 2019 5421; baseline -0.004 -18"><span class='ocrx_word' id='word_1_705' title='bbox 362 5350 419 5404; x_wconf 78' lang='grc' dir='ltr'>οἳ</span> <span class='ocrx_word' id='word_1_706' title='bbox 492 5349 582 5403; x_wconf 77' lang='grc' dir='ltr'>καὶ</span> <span class='ocrx_word' id='word_1_707' title='bbox 639 5346 831 5402; x_wconf 81' lang='grc' dir='ltr'>αὐτίκα</span> <span class='ocrx_word' id='word_1_708' title='bbox 905 5345 1203 5419; x_wconf 88' lang='grc' dir='ltr'>πυθόμενοι</span> <span class='ocrx_word' id='word_1_709' title='bbox 1258 5348 1357 5416; x_wconf 80' lang='grc' dir='ltr'>τήν</span> <span class='ocrx_word' id='word_1_710' title='bbox 1411 5350 1507 5401; x_wconf 80' lang='grc' dir='ltr'>τοῦ</span> <span class='ocrx_word' id='word_1_711' title='bbox 1574 5343 1845 5421; x_wconf 81' lang='grc' dir='ltr'>βασιλέως</span> <span class='ocrx_word' id='word_1_712' title='bbox 1901 5343 2019 5398; x_wconf 89' lang='grc' dir='ltr'>κατ’</span> 
     </span>
    </p>
   </div>
   <div class='ocr_carea' id='block_1_106' title="bbox 364 5431 2018 5511">
    <p class='ocr_par' dir='ltr' id='par_1_106' title="bbox 364 5431 2018 5511">
     <span class='ocr_line' id='line_1_106' title="bbox 364 5431 2018 5511; baseline -0.004 -18"><span class='ocrx_word' id='word_1_713' title='bbox 364 5437 546 5493; x_wconf 82' lang='grc' dir='ltr'>αὐτῶν</span> <span class='ocrx_word' id='word_1_714' title='bbox 600 5436 809 5507; x_wconf 87' lang='grc' dir='ltr'>κίνησιν</span> <span class='ocrx_word' id='word_1_715' title='bbox 864 5436 1216 5511; x_wconf 88' lang='grc' dir='ltr'>ἀνεχώρησαν</span> <span class='ocrx_word' id='word_1_716' title='bbox 1253 5478 1266 5491; x_wconf 92' lang='grc'><strong>.</strong></span> <span class='ocrx_word' id='word_1_717' title='bbox 1326 5436 1387 5492; x_wconf 77' lang='grc' dir='ltr'><strong>Ὀ</strong></span> <span class='ocrx_word' id='word_1_718' title='bbox 1449 5432 1507 5489; x_wconf 76' lang='grc' dir='ltr'>δὲ</span> <span class='ocrx_word' id='word_1_719' title='bbox 1584 5432 1835 5509; x_wconf 78' lang='grc' dir='ltr'>βασιλεὺς</span> <span class='ocrx_word' id='word_1_720' title='bbox 1891 5431 2018 5487; x_wconf 81' lang='grc' dir='ltr'>εὐθὺ</span> 
     </span>
    </p>
   </div>
   <div class='ocr_carea' id='block_1_107' title="bbox 394 5519 2022 5599">
    <p class='ocr_par' dir='ltr' id='par_1_107' title="bbox 394 5519 2022 5599">
     <span class='ocr_line' id='line_1_107' title="bbox 394 5519 2022 5599; baseline -0.004 -19"><span class='ocrx_word' id='word_1_721' title='bbox 394 5524 845 5599; x_wconf 81' lang='grc' dir='ltr'>Ρωμανοπόλεως</span> <span class='ocrx_word' id='word_1_722' title='bbox 900 5522 1176 5591; x_wconf 78' lang='grc' dir='ltr'>ἐλαύνων,</span> <span class='ocrx_word' id='word_1_723' title='bbox 1235 5524 1479 5578; x_wconf 77' lang='grc' dir='ltr'>κάκεῖθεν</span> <span class='ocrx_word' id='word_1_724' title='bbox 1534 5524 1672 5597; x_wconf 85' lang='grc' dir='ltr'>πρὸς</span> <span class='ocrx_word' id='word_1_725' title='bbox 1718 5521 1781 5576; x_wconf 90' lang='grc' dir='ltr'>τὸ</span> <span class='ocrx_word' id='word_1_726' title='bbox 1841 5519 2022 5576; x_wconf 83' lang='grc' dir='ltr'>Χλέατ</span> 
     </span>
    </p>
   </div>
   <div class='ocr_carea' id='block_1_108' title="bbox 374 5610 2021 5689">
    <p class='ocr_par' dir='ltr' id='par_1_108' title="bbox 374 5610 2021 5689">
     <span class='ocr_line' id='line_1_108' title="bbox 374 5610 2021 5689; baseline -0.004 -19"><span class='ocrx_word' id='word_1_727' title='bbox 374 5613 706 5689; x_wconf 81' lang='grc' dir='ltr'>διαγενέσθαι</span> <span class='ocrx_word' id='word_1_728' title='bbox 770 5612 1141 5689; x_wconf 81' lang='grc' dir='ltr'>βουλόμενος,</span> <span class='ocrx_word' id='word_1_729' title='bbox 1192 5610 1247 5667; x_wconf 74' lang='grc' dir='ltr'>ἓν</span> <span class='ocrx_word' id='word_1_730' title='bbox 1305 5634 1409 5667; x_wconf 91' lang='grc' dir='ltr'>τινι</span> <span class='ocrx_word' id='word_1_731' title='bbox 1458 5612 1613 5683; x_wconf 88' lang='grc' dir='ltr'>τόπῳ</span> <span class='ocrx_word' id='word_1_732' title='bbox 1671 5615 2021 5682; x_wconf 62' lang='grc' dir='ltr'>καταπηνοῖ,</span> 
     </span>
    </p>
   </div>
   <div class='ocr_carea' id='block_1_109' title="bbox 375 5697 2023 5779">
    <p class='ocr_par' dir='ltr' id='par_1_109' title="bbox 375 5697 2023 5779">
     <span class='ocr_line' id='line_1_109' title="bbox 375 5697 2023 5779; baseline -0.004 -19"><span class='ocrx_word' id='word_1_733' title='bbox 375 5704 467 5760; x_wconf 84' lang='grc' dir='ltr'>καὶ</span> <span class='ocrx_word' id='word_1_734' title='bbox 499 5704 589 5759; x_wconf 86' lang='grc' dir='ltr'>τὸν</span> <span class='ocrx_word' id='word_1_735' title='bbox 622 5702 923 5779; x_wconf 82' lang='grc' dir='ltr'>Φιλάρετον</span> <span class='ocrx_word' id='word_1_736' title='bbox 957 5702 1045 5773; x_wconf 75' lang='grc' dir='ltr'>(ἦν</span> <span class='ocrx_word' id='word_1_737' title='bbox 1080 5699 1137 5757; x_wconf 75' lang='grc' dir='ltr'>δὲ</span> <span class='ocrx_word' id='word_1_738' title='bbox 1165 5706 1261 5757; x_wconf 74' lang='grc' dir='ltr'>τοῦ</span> <span class='ocrx_word' id='word_1_739' title='bbox 1289 5706 1395 5758; x_wconf 90' lang='grc' dir='ltr'>τῶν</span> <span class='ocrx_word' id='word_1_740' title='bbox 1429 5699 1765 5777; x_wconf 89' lang='grc' dir='ltr'>Βραχαμίων</span> <span class='ocrx_word' id='word_1_741' title='bbox 1813 5697 2023 5775; x_wconf 87' lang='grc' dir='ltr'>γένους)</span> 
     </span>
    </p>
   </div>
   <div class='ocr_carea' id='block_1_110' title="bbox 2117 4715 3771 4796">
    <p class='ocr_par' dir='ltr' id='par_1_110' title="bbox 2117 4715 3771 4796">
     <span class='ocr_line' id='line_1_110' title="bbox 2117 4715 3771 4796; baseline -0.007 -16"><span class='ocrx_word' id='word_1_742' title='bbox 2117 4724 2579 4796; x_wconf 77' lang='lat' dir='ltr'>turpissimaque</span> <span class='ocrx_word' id='word_1_743' title='bbox 2598 4721 2777 4775; x_wconf 90' lang='lat' dir='ltr'>vitam</span> <span class='ocrx_word' id='word_1_744' title='bbox 2810 4736 2977 4774; x_wconf 90' lang='lat' dir='ltr'>suam</span> <span class='ocrx_word' id='word_1_745' title='bbox 3002 4716 3371 4789; x_wconf 83' lang='lat' dir='ltr'>transigecti,</span> <span class='ocrx_word' id='word_1_746' title='bbox 3397 4715 3613 4786; x_wconf 89' lang='lat' dir='ltr'>quique</span> <span class='ocrx_word' id='word_1_747' title='bbox 3635 4730 3771 4769; x_wconf 89' lang='lat' dir='ltr'>cum</span> 
     </span>
    </p>
   </div>
   <div class='ocr_carea' id='block_1_111' title="bbox 2117 4803 3772 4882">
    <p class='ocr_par' dir='ltr' id='par_1_111' title="bbox 2117 4803 3772 4882">
     <span class='ocr_line' id='line_1_111' title="bbox 2117 4803 3772 4882; baseline -0.007 -13"><span class='ocrx_word' id='word_1_748' title='bbox 2117 4813 2323 4869; x_wconf 89' lang='lat' dir='ltr'>Turcis</span> <span class='ocrx_word' id='word_1_749' title='bbox 2374 4812 2528 4866; x_wconf 90' lang='lat' dir='ltr'>varie</span> <span class='ocrx_word' id='word_1_750' title='bbox 2586 4814 2896 4882; x_wconf 87' lang='lat' dir='ltr'>pugnarat,</span> <span class='ocrx_word' id='word_1_751' title='bbox 2945 4808 3044 4862; x_wconf 86' lang='lat' dir='ltr'>sed</span> <span class='ocrx_word' id='word_1_752' title='bbox 3087 4808 3144 4860; x_wconf 93' lang='lat' dir='ltr'>in</span> <span class='ocrx_word' id='word_1_753' title='bbox 3196 4804 3434 4859; x_wconf 83' lang='lat' dir='ltr'>maximi</span> <span class='ocrx_word' id='word_1_754' title='bbox 3487 4803 3772 4858; x_wconf 90' lang='lat' dir='ltr'>momenti</span> 
     </span>
    </p>
   </div>
   <div class='ocr_carea' id='block_1_112' title="bbox 2120 4890 3774 4963">
    <p class='ocr_par' dir='ltr' id='par_1_112' title="bbox 2120 4890 3774 4963">
     <span class='ocr_line' id='line_1_112' title="bbox 2120 4890 3774 4963; baseline -0.008 -6"><span class='ocrx_word' id='word_1_755' title='bbox 2120 4902 2296 4957; x_wconf 86' lang='lat' dir='ltr'>rebus</span> <span class='ocrx_word' id='word_1_756' title='bbox 2323 4898 2651 4956; x_wconf 88' lang='lat' dir='ltr'>debellatus</span> <span class='ocrx_word' id='word_1_757' title='bbox 2692 4898 2902 4963; x_wconf 89' lang='lat' dir='ltr'>fuerat,</span> <span class='ocrx_word' id='word_1_758' title='bbox 2933 4899 2990 4950; x_wconf 93' lang='lat' dir='ltr'>et</span> <span class='ocrx_word' id='word_1_759' title='bbox 3020 4894 3149 4949; x_wconf 90' lang='lat' dir='ltr'>ideo</span> <span class='ocrx_word' id='word_1_760' title='bbox 3180 4890 3541 4963; x_wconf 88' lang='lat' dir='ltr'>contemptui</span> <span class='ocrx_word' id='word_1_761' title='bbox 3594 4890 3774 4945; x_wconf 88' lang='lat' dir='ltr'>habe-</span> 
     </span>
    </p>
   </div>
   <div class='ocr_carea' id='block_1_113' title="bbox 2120 4978 3776 5057">
    <p class='ocr_par' dir='ltr' id='par_1_113' title="bbox 2120 4978 3776 5057">
     <span class='ocr_line' id='line_1_113' title="bbox 2120 4978 3776 5057; baseline -0.008 -11"><span class='ocrx_word' id='word_1_762' title='bbox 2120 4991 2330 5057; x_wconf 85' lang='lat' dir='ltr'>batur;</span> <span class='ocrx_word' id='word_1_763' title='bbox 2364 5006 2476 5045; x_wconf 92' lang='lat' dir='ltr'>non</span> <span class='ocrx_word' id='word_1_764' title='bbox 2510 4994 2706 5043; x_wconf 90' lang='lat' dir='ltr'>tamen</span> <span class='ocrx_word' id='word_1_765' title='bbox 2738 4986 2809 5041; x_wconf 91' lang='lat' dir='ltr'>ab</span> <span class='ocrx_word' id='word_1_766' title='bbox 2844 4985 2916 5039; x_wconf 90' lang='lat' dir='ltr'>iis</span> <span class='ocrx_word' id='word_1_767' title='bbox 2947 5001 3004 5039; x_wconf 88' lang='lat' dir='ltr'>se</span> <span class='ocrx_word' id='word_1_768' title='bbox 3034 4981 3390 5046; x_wconf 90' lang='lat' dir='ltr'>continebat,</span> <span class='ocrx_word' id='word_1_769' title='bbox 3436 4980 3537 5036; x_wconf 87' lang='lat' dir='ltr'>sed</span> <span class='ocrx_word' id='word_1_770' title='bbox 3589 4978 3776 5050; x_wconf 87' lang='lat' dir='ltr'>impe-</span> 
     </span>
    </p>
   </div>
   <div class='ocr_carea' id='block_1_114' title="bbox 2123 5068 3777 5140">
    <p class='ocr_par' dir='ltr' id='par_1_114' title="bbox 2123 5068 3777 5140">
     <span class='ocr_line' id='line_1_114' title="bbox 2123 5068 3777 5140; baseline -0.007 -6"><span class='ocrx_word' id='word_1_771' title='bbox 2123 5080 2276 5134; x_wconf 90' lang='lat' dir='ltr'>rium</span> <span class='ocrx_word' id='word_1_772' title='bbox 2337 5077 2589 5132; x_wconf 88' lang='lat' dir='ltr'>militare</span> <span class='ocrx_word' id='word_1_773' title='bbox 2648 5076 2720 5131; x_wconf 93' lang='lat' dir='ltr'>ob</span> <span class='ocrx_word' id='word_1_774' title='bbox 2781 5074 2935 5129; x_wconf 73' lang='lat'>682</span> <span class='ocrx_word' id='word_1_775' title='bbox 2994 5071 3300 5126; x_wconf 86' lang='lat' dir='ltr'>avaritiam</span> <span class='ocrx_word' id='word_1_776' title='bbox 3350 5075 3408 5125; x_wconf 89' lang='lat' dir='ltr'>et</span> <span class='ocrx_word' id='word_1_777' title='bbox 3457 5068 3777 5140; x_wconf 68' lang='lat' dir='ltr'>peregrinas</span> 
     </span>
    </p>
   </div>
   <div class='ocr_carea' id='block_1_115' title="bbox 2123 5157 3778 5237">
    <p class='ocr_par' dir='ltr' id='par_1_115' title="bbox 2123 5157 3778 5237">
     <span class='ocr_line' id='line_1_115' title="bbox 2123 5157 3778 5237; baseline -0.008 -14"><span class='ocrx_word' id='word_1_778' title='bbox 2123 5166 2340 5223; x_wconf 74' lang='lat' dir='ltr'>militias</span> <span class='ocrx_word' id='word_1_779' title='bbox 2384 5164 2678 5237; x_wconf 88' lang='lat' dir='ltr'>stipendia</span> <span class='ocrx_word' id='word_1_780' title='bbox 2732 5161 3119 5233; x_wconf 83' lang='lat' dir='ltr'>exspectabat.</span> <span class='ocrx_word' id='word_1_781' title='bbox 3171 5160 3493 5230; x_wconf 90' lang='lat' dir='ltr'>Imperator</span> <span class='ocrx_word' id='word_1_782' title='bbox 3522 5172 3656 5211; x_wconf 91' lang='lat' dir='ltr'>vero</span> <span class='ocrx_word' id='word_1_783' title='bbox 3705 5157 3778 5210; x_wconf 89' lang='lat' dir='ltr'>ad</span> 
     </span>
    </p>
   </div>
   <div class='ocr_carea' id='block_1_116' title="bbox 2123 5244 3777 5328">
    <p class='ocr_par' dir='ltr' id='par_1_116' title="bbox 2123 5244 3777 5328">
     <span class='ocr_line' id='line_1_116' title="bbox 2123 5244 3777 5328; baseline -0.006 -18"><span class='ocrx_word' id='word_1_784' title='bbox 2123 5259 2320 5328; x_wconf 87' lang='lat' dir='ltr'>partes</span> <span class='ocrx_word' id='word_1_785' title='bbox 2345 5254 2532 5327; x_wconf 89' lang='lat' dir='ltr'>magis</span> <span class='ocrx_word' id='word_1_786' title='bbox 2555 5253 2744 5308; x_wconf 80' lang='lat' dir='ltr'>Boreas</span> <span class='ocrx_word' id='word_1_787' title='bbox 2776 5251 3071 5321; x_wconf 86' lang='lat' dir='ltr'>subjectas</span> <span class='ocrx_word' id='word_1_788' title='bbox 3109 5248 3375 5317; x_wconf 90' lang='lat' dir='ltr'>accessit,</span> <span class='ocrx_word' id='word_1_789' title='bbox 3408 5251 3472 5301; x_wconf 89' lang='lat' dir='ltr'>ut</span> <span class='ocrx_word' id='word_1_790' title='bbox 3502 5245 3581 5301; x_wconf 89' lang='lat' dir='ltr'>ibi</span> <span class='ocrx_word' id='word_1_791' title='bbox 3613 5244 3777 5300; x_wconf 90' lang='lat' dir='ltr'>nives</span> 
     </span>
    </p>
   </div>
   <div class='ocr_carea' id='block_1_117' title="bbox 2125 5337 3782 5414">
    <p class='ocr_par' dir='ltr' id='par_1_117' title="bbox 2125 5337 3782 5414">
     <span class='ocr_line' id='line_1_117' title="bbox 2125 5337 3782 5414; baseline -0.007 -15"><span class='ocrx_word' id='word_1_792' title='bbox 2125 5349 2182 5401; x_wconf 89' lang='lat' dir='ltr'>et</span> <span class='ocrx_word' id='word_1_793' title='bbox 2230 5360 2406 5414; x_wconf 91' lang='lat' dir='ltr'>quam</span> <span class='ocrx_word' id='word_1_794' title='bbox 2453 5342 2747 5414; x_wconf 89' lang='lat' dir='ltr'>frigidam,</span> <span class='ocrx_word' id='word_1_795' title='bbox 2782 5357 2815 5395; x_wconf 92' lang='lat' dir='ltr'>a</span> <span class='ocrx_word' id='word_1_796' title='bbox 2844 5339 3084 5411; x_wconf 89' lang='lat' dir='ltr'>quibus,</span> <span class='ocrx_word' id='word_1_797' title='bbox 3127 5337 3280 5408; x_wconf 92' lang='lat' dir='ltr'>quod</span> <span class='ocrx_word' id='word_1_798' title='bbox 3332 5340 3486 5391; x_wconf 90' lang='lat' dir='ltr'>esset</span> <span class='ocrx_word' id='word_1_799' title='bbox 3539 5350 3782 5405; x_wconf 86' lang='lat' dir='ltr'>corpore</span> 
     </span>
    </p>
   </div>
   <div class='ocr_carea' id='block_1_118' title="bbox 2129 5421 3784 5497">
    <p class='ocr_par' dir='ltr' id='par_1_118' title="bbox 2129 5421 3784 5497">
     <span class='ocr_line' id='line_1_118' title="bbox 2129 5421 3784 5497; baseline -0.007 -9"><span class='ocrx_word' id='word_1_800' title='bbox 2129 5433 2450 5489; x_wconf 90' lang='lat' dir='ltr'>admodum</span> <span class='ocrx_word' id='word_1_801' title='bbox 2501 5430 2750 5495; x_wconf 89' lang='lat' dir='ltr'>calidus,</span> <span class='ocrx_word' id='word_1_802' title='bbox 2786 5427 2896 5483; x_wconf 89' lang='lat' dir='ltr'>sibi</span> <span class='ocrx_word' id='word_1_803' title='bbox 2929 5432 3255 5497; x_wconf 91' lang='lat' dir='ltr'>temperare</span> <span class='ocrx_word' id='word_1_804' title='bbox 3288 5424 3589 5496; x_wconf 89' lang='lat' dir='ltr'>nequibat,</span> <span class='ocrx_word' id='word_1_805' title='bbox 3623 5421 3784 5477; x_wconf 85' lang='lat' dir='ltr'>inve-</span> 
     </span>
    </p>
   </div>
   <div class='ocr_carea' id='block_1_119' title="bbox 2131 5510 3782 5590">
    <p class='ocr_par' dir='ltr' id='par_1_119' title="bbox 2131 5510 3782 5590">
     <span class='ocr_line' id='line_1_119' title="bbox 2131 5510 3782 5590; baseline -0.009 -13"><span class='ocrx_word' id='word_1_806' title='bbox 2131 5524 2301 5577; x_wconf 90' lang='lat' dir='ltr'>niret.</span> <span class='ocrx_word' id='word_1_807' title='bbox 2355 5524 2822 5590; x_wconf 86' lang='lat' dir='ltr'>Progressusque</span> <span class='ocrx_word' id='word_1_808' title='bbox 2854 5532 2954 5587; x_wconf 90' lang='lat' dir='ltr'>per</span> <span class='ocrx_word' id='word_1_809' title='bbox 2978 5530 3182 5586; x_wconf 83' lang='lat' dir='ltr'>aspera</span> <span class='ocrx_word' id='word_1_810' title='bbox 3212 5513 3480 5585; x_wconf 72' lang='lat' dir='ltr'>quaedam</span> <span class='ocrx_word' id='word_1_811' title='bbox 3524 5515 3583 5566; x_wconf 91' lang='lat' dir='ltr'>et</span> <span class='ocrx_word' id='word_1_812' title='bbox 3621 5510 3782 5564; x_wconf 71' lang='lat' dir='ltr'>diffi-</span> 
     </span>
    </p>
   </div>
   <div class='ocr_carea' id='block_1_120' title="bbox 2133 5598 3779 5676">
    <p class='ocr_par' dir='ltr' id='par_1_120' title="bbox 2133 5598 3779 5676">
     <span class='ocr_line' id='line_1_120' title="bbox 2133 5598 3779 5676; baseline -0.009 -8"><span class='ocrx_word' id='word_1_813' title='bbox 2133 5610 2267 5668; x_wconf 92' lang='lat' dir='ltr'>cilia</span> <span class='ocrx_word' id='word_1_814' title='bbox 2322 5608 2450 5663; x_wconf 89' lang='lat' dir='ltr'>loca</span> <span class='ocrx_word' id='word_1_815' title='bbox 2499 5609 2568 5662; x_wconf 91' lang='lat' dir='ltr'>ad</span> <span class='ocrx_word' id='word_1_816' title='bbox 2620 5606 2811 5661; x_wconf 91' lang='lat' dir='ltr'>locum</span> <span class='ocrx_word' id='word_1_817' title='bbox 2870 5604 3187 5676; x_wconf 87' lang='lat' dir='ltr'>quemdam</span> <span class='ocrx_word' id='word_1_818' title='bbox 3244 5601 3487 5657; x_wconf 88' lang='lat' dir='ltr'>Anthias</span> <span class='ocrx_word' id='word_1_819' title='bbox 3540 5598 3779 5655; x_wconf 79' lang='lat' dir='ltr'>nomine</span> 
     </span>
    </p>
   </div>
   <div class='ocr_carea' id='block_1_121' title="bbox 2135 5689 3782 5773">
    <p class='ocr_par' dir='ltr' id='par_1_121' title="bbox 2135 5689 3782 5773">
     <span class='ocr_line' id='line_1_121' title="bbox 2135 5689 3782 5773; baseline -0.008 -19"><span class='ocrx_word' id='word_1_820' title='bbox 2135 5696 2418 5773; x_wconf 84' lang='lat' dir='ltr'>pervenit,</span> <span class='ocrx_word' id='word_1_821' title='bbox 2450 5696 2767 5752; x_wconf 88' lang='lat' dir='ltr'>herbarum</span> <span class='ocrx_word' id='word_1_822' title='bbox 2816 5697 2876 5751; x_wconf 87' lang='lat' dir='ltr'>et</span> <span class='ocrx_word' id='word_1_823' title='bbox 2920 5691 3099 5750; x_wconf 89' lang='lat' dir='ltr'>tritici</span> <span class='ocrx_word' id='word_1_824' title='bbox 3150 5689 3447 5749; x_wconf 86' lang='lat' dir='ltr'>fertilitate</span> <span class='ocrx_word' id='word_1_825' title='bbox 3496 5690 3782 5762; x_wconf 58' lang='lat' dir='ltr'>praestan-</span> 
     </span>
    </p>
   </div>
  </div>
