4084 6140
360 356 474 417 ιιι

1683 354 2013 418 JOANNIS
2056 353 2461 418 SCYLITZE

3636 356 3753 417 ΜΞ

359 496 503 558 tem,
563 487 782 560 quique
839 489 997 545 haud
1056 489 1409 546 mediocrem
1468 489 1872 563 suppeditaret
1925 488 2005 543 ibi

2124 490 2420 564 στρατηγὸν
2451 486 2808 543 ἀναδείκνυσι*
2857 485 3052 542 διελὼν
3100 488 3201 560 γὰρ
3235 483 3365 562 διχῆ
3417 485 3510 540 τὸν
3542 486 3752 561 στρατὸν

360 579 865 635 commorantibus
895 578 1364 642 oblectationem,
1397 580 1612 651 quippe
1667 595 1802 633 cum
1850 576 2011 631 illius

359 673 527 723 terrae
556 667 874 722 umbilicus
906 673 1082 721 esset.
1116 669 1254 723 Inde
1304 669 1562 722 Taurum
1606 672 1886 729 montem,
1920 665 2008 718 in-

361 757 701 828 digenarum
755 755 954 828 lingua
1014 756 1353 810 Munzarum
1414 754 1766 826 appellatum
1816 759 2010 808 trans-

361 863 603 918 gressus
634 845 691 899 in
724 845 1022 917 regionem
1058 845 1295 899 nomine
1324 844 1624 901 Celzenem
1648 861 1707 899 se
1733 841 2006 912 contulit,

362 938 577 991 iterum
619 935 967 989 transmisso
1017 934 1309 1006 Euphrate
1360 934 1535 989 ﬂuvio
1586 933 2010 1004 praeterﬂuente

364 1041 430 1079 ac
488 1024 800 1085 dividente,
850 1027 1135 1093 tanquam
1186 1023 1459 1087 confinio,
1511 1024 1766 1076 montem
1814 1022 2009 1091 ipsum

362 1117 418 1168 et
444 1110 763 1166 Celzenem.
799 1110 1010 1165 Milites
1041 1127 1172 1165 vero
1206 1128 1338 1166 cum
1391 1110 1677 1165 Philareto
1724 1109 1903 1165 relicti
1937 1110 2008 1164 ob

363 1202 671 1256 adventum
702 1198 959 1254 hostium
992 1204 1209 1254 terrore
1239 1198 1510 1270 completi
1542 1200 1850 1269 animoque
1882 1215 2009 1268 pcr-

364 1289 511 1345 culsi
543 1306 691 1360 pone
721 1290 1131 1360 imperatorem
1168 1289 1309 1344 locis
1342 1288 1558 1344 relictis
1592 1289 2008 1359 sequebantur,

365 1395 615 1451 quorum
649 1378 794 1449 ipsis
826 1378 1093 1432 custodia
1121 1378 1308 1432 fuerat
1339 1378 1677 1445 commissa,
1712 1377 1897 1447 quoad
1937 1376 2009 1430 ad

362 1483 426 1523 ea
456 1467 583 1522 loca
610 1484 735 1538 quae
768 1467 1023 1521 diximus
1054 1467 1302 1522 Anthias
1342 1466 1531 1521 vocari
1580 1470 2005 1537 pervenerunt;

364 1556 463 1611 ubi
494 1572 626 1611 cum
661 1556 858 1611 hostes
890 1572 1122 1626 quoque
1156 1574 1187 1610 a
1220 1560 1378 1625 tergo
1413 1552 2009 1626 apparuissent,turpi

365 1663 427 1702 se
482 1646 628 1717 fugae
679 1645 764 1699 vel
797 1649 930 1699 ante
957 1649 1248 1699 certamen
1274 1644 1708 1707 commisere,et
1730 1644 1799 1697 ad
1824 1642 2006 1713 impe-

363 1739 615 1791 ratorem
648 1736 705 1788 in
740 1735 1037 1789 Celzenem
1070 1749 1131 1789 se
1162 1749 1192 1787 e
1217 1734 1460 1805 vestigio
1492 1732 1806 1787 contulere.
1851 1732 2005 1802 Ipso-

366 1840 618 1895 rumque
675 1822 1110 1894 impedimentis
1144 1822 1311 1893 potiti
1342 1826 1479 1876 sunt
1510 1820 1847 1876 adversarii.
1882 1821 2010 1876 Ηωο
2042 1859 2088 1923 Β

364 1913 446 1967 ita
490 1912 825 1967 renuntiata
871 1912 1187 1965 admodum
1240 1911 1655 1982 perturbarunt
1698 1910 2011 1980 imperato-

365 2000 759 2071 rem,quitum
783 2017 1020 2056 suorum
1045 1999 1270 2054 cladem
1289 2004 1412 2054 tum
1433 1999 1691 2054 hostium
1709 1999 2008 2053 victoriam

365 2089 522 2144 haud
583 2105 747 2159 aaquo
801 2088 1020 2142 ferebat
1075 2087 1328 2153 animo;
1379 2104 1527 2156 quos
1586 2085 1696 2141 nisi
1756 2086 2009 2157 impera-

367 2175 513 2231 toris
563 2176 747 2246 ipsius
797 2174 953 2229 fama
993 2179 1212 2229 terrore
1244 2174 1596 2245 complesset
1633 2173 2013 2245 ipsorumque

367 2264 655 2337 impetum
689 2263 886 2335 aliqua
917 2279 984 2318 ex
1016 2268 1177 2335 parte
1217 2264 1681 2334 compressisset,
1715 2263 1861 2318 nihil
1908 2264 2010 2317 ob-

368 2355 619 2410 stitisset
652 2352 805 2408 683
837 2353 1153 2425 quominus
1204 2352 1536 2407 universam
1584 2357 1800 2407 terram
1852 2351 2011 2407 illam

369 2442 701 2513 depopulati
734 2442 1003 2497 funditus
1033 2443 1395 2498 evertissent.
1435 2443 1787 2497 Recedentes
1834 2442 2012 2513 igitur

365 2536 527 2587 recta
554 2532 611 2585 in
644 2531 935 2603 regionem
969 2526 1371 2603 Cappadocum
1416 2532 1586 2586 solito
1634 2548 1792 2586 more
1838 2531 2010 2585 vehe-

366 2625 593 2677 menter
647 2621 1100 2687 contendebant,
1152 2637 1216 2674 ex
1269 2620 1473 2676 itinere
1531 2621 1587 2674 in
1649 2635 2011 2691 quaecunque

367 2710 694 2765 inciderant
744 2709 1095 2780 praedantes,
1140 2714 1197 2763 et
1244 2726 1377 2763 cum
1433 2708 1593 2763 omni
1643 2709 1898 2764 exercitu
1951 2707 2009 2762 in

364 2799 540 2854 lconii
591 2797 1014 2869 rempublicam
1065 2798 1428 2867 invadentes,
1480 2814 1606 2868 quae
1655 2802 1711 2852 et
1756 2798 2011 2852 virorum

366 2885 745 2941 multitudine
803 2890 859 2940 et
907 2887 1215 2941 domorum
1269 2890 1442 2956 atque
1493 2885 1739 2940 aliarum
1792 2901 2011 2951 rerum,

366 2992 491 3047 quae
525 2976 659 3029 usui
691 2979 851 3045 sunt,
884 2974 1049 3045 copia
1081 2976 1415 3045 praestabat.
1451 2977 1767 3045 Imperator
1814 2979 2009 3030 autem

366 3065 425 3119 in
486 3063 744 3133 Celzene,
778 3080 911 3119 cum
962 3080 1059 3119 eos
1087 3064 1184 3134 qui
1218 3063 1486 3134 dissipati
1536 3064 1805 3135 fugerant
1846 3080 2011 3119 exce-

364 3152 566 3224 pisset,
593 3169 663 3207 ne
693 3153 764 3207 ab
795 3152 1104 3216 Armeniis,
1137 3153 1291 3223 quod
1335 3152 1547 3207 deserti
1609 3157 1823 3221 essent,
1858 3152 2011 3222 peri-

2116 577 2178 630 τὸ
2230 575 2581 652 ἰσχυρότερον
2631 577 2781 648 αὑτῷ
2821 574 3155 644 ἐπιδίδωσιν,
3206 572 3354 648 ἀνδρὶ
3401 576 3754 649 στρατηγικὴν

2123 665 2218 736 μὶν
2250 666 2511 740 αὑχοῦντι
2556 667 2863 741 περιωπήν,
2914 664 3147 740 αἶ’σχροῦ
3192 661 3247 718 δὲ
3299 662 3416 738 βίου
3472 662 3563 717 καὶ
3611 661 3753 737 ἐπιρ-

2122 754 2288 829 ῥήτου
2335 754 2683 830 τυγχάνοντι,
2739 754 2828 809 καὶ
2878 752 3171 827 αἶσχίστως
3211 753 3308 821 τήν
3343 753 3534 805 ἑαυτοῦ
3570 752 3750 825 βιοτὴν

2120 841 2408 912 διανὺοντι,
2458 845 2547 899 καὶ
2597 843 2958 919 μαχεσαμένῳ
3010 842 3101 913 μὶν
3152 846 3268 902 τοῖς
3325 840 3583 913 Τούρκοις
3641 837 3753 894 δια-

2120 932 2325 1009 φόρως,
2385 931 2436 985 ἐν
2490 937 2606 995 τοῖς
2666 932 2944 1006 μεγίστοις
2995 928 3051 985 δὲ
3110 928 3614 1002 καταπολεμηθέντι
3669 929 3751 983 καὶ

2121 1018 2208 1076 διὰ
2261 1026 2422 1076 τοῦτο
2474 1020 2973 1097 καταφρονηθέντι,
3037 1020 3101 1074 οὗ
3164 1020 3269 1091 μην
3331 1017 3374 1073 δ’
3434 1017 3759 1093 ἀπεχομένῳ

2118 1110 2335 1179 τούτου,
2386 1110 2511 1166 ἀλλ’
2561 1111 2902 1186 έπιτρέχοντι
2951 1112 3018 1183 τῇ
3067 1108 3331 1182 ἡγεμονίᾳ
3378 1104 3468 1162 διὰ
3514 1108 3781 1184 φιλοκερ-⁷

2121 1197 2263 1263 δείας
2311 1201 2399 1254 καὶ
2462 1198 2765 1274 φιλοξενίας
2819 1197 3090 1253 ὑπόθεσιν.
3137 1200 3257 1253 Τῶν
3307 1194 3363 1250 δὲ
3412 1194 3755 1272 βορειοτέρων

2123 1290 2300 1362 μερῶν
2340 1290 2367 1343 ὁ
2413 1288 2668 1363 βασιλεὺς
2718 1283 3017 1342 ἐπελάϐετο
3069 1284 3137 1340 δι’
3190 1284 3393 1360 εὕρεσιν
3440 1284 3627 1359 χιόνος
3674 1284 3756 1339 καὶ

2121 1375 2326 1431 ὑδάτων
2359 1380 2605 1453 ψυχρῶν’
2651 1377 2899 1453 ἀκρατῶς
2946 1375 3045 1451 γὰρ
3096 1375 3213 1449 εἶχε
3251 1373 3485 1441 τούτων,
3516 1374 3576 1427 τὸ
3608 1377 3757 1443 σῶμα

2118 1466 2252 1519 κατὰ
2308 1466 2451 1520 πολὺ
2511 1464 3047 1538 διαθερμαινόμενος.
3113 1462 3349 1518 Διελθὼν
3414 1460 3473 1516 δέ
3521 1459 3608 1516 διὰ
3634 1482 3758 1536 τρα-

2117 1554 2261 1629 χέων
2312 1555 2404 1609 καὶ
2445 1550 2722 1609 δυσϐάτων
2784 1554 2965 1608 τόπων
3025 1550 3100 1616 εἶίς
3158 1572 3275 1606 τινα
3320 1551 3490 1605 τόπον
3538 1548 3756 1623 λεγόμε-

2115 1666 2201 1697 νον
2263 1644 2475 1707 Ἀνθίας
2535 1643 2854 1713 κατήντησε·
2914 1640 3198 1716 ποηφόρος
3258 1637 3315 1693 δὲ
3373 1640 3401 1693 ὁ
3461 1638 3624 1700 τόπος
3676 1636 3757 1692 καὶ

2118 1732 2424 1809 σιτοφόρος,
2474 1732 2563 1787 καὶ
2616 1730 2947 1807 ψυχαγωγία
2995 1730 3057 1784 οὐ
3114 1729 3282 1805 μικρὰ
3326 1734 3448 1792 τοῖς
3500 1727 3550 1782 έν
3589 1726 3756 1799 τούτῳ

2117 1821 2455 1894 καταίρουσι,
2516 1821 2605 1876 καὶ
2685 1824 2799 1875 οἷον
2874 1819 3123 1898 ὀμφαλὸς
3201 1817 3409 1888 ἐκείνης
3481 1825 3579 1887 τῆς
3641 1820 3752 1893 γῆς.

2123 1913 2349 1967 Ἐκεῖθεν
2410 1908 2468 1965 δὲ
2538 1911 2629 1964 τὸν
2689 1914 2897 1985 Ταῦρον
2953 1910 3015 1963 τὸ
3075 1908 3243 1980 ὅρος,
3299 1908 3391 1962 τὸν
3454 1906 3754 1983 ἐπιχωρίως

2118 1999 2458 2072 καλούμενον
2498 1998 2839 2072 Μοὺνζαρον,
2895 1993 3129 2073 ὑπερϐὰς
3178 1996 3253 2058 εἷς
3303 1998 3405 2064 τὴν
3451 1994 3752 2065 Κελτζηνὴν

2122 2089 2427 2164 λεγομένην
2509 2088 2696 2164 χώραν
2754 2089 3091 2158 κατήντησε,
3144 2087 3206 2140 τὸ
3265 2082 3515 2161 δεύτερον
3576 2079 3752 2146 διαϐὰς

2119 2180 2209 2233 τὸν
2254 2178 2539 2254 Εὐφράτην
2588 2176 2832 2249 ποταμὸν
2884 2175 3258 2251 παραρρέοντα
3312 2174 3404 2230 καὶ
3460 2172 3756 2249 διαιροῦντα

2118 2268 2180 2322 τό
2229 2288 2285 2321 τε
2331 2263 2455 2339 ὄρος
2506 2266 2595 2321 καὶ
2644 2267 2740 2333 τὴν
2790 2264 3112 2335 Κελτζηνήν
3162 2264 3340 2339 ὥσπερ
3394 2265 3665 2339 μεθόριον.
3694 2263 3755 2318 Οἱ

2122 2355 2179 2411 δὲ
2239 2357 2372 2427 μετά
2423 2360 2518 2409 τοῦ
2577 2355 2882 2430 ΦιΛαρέτου
2930 2352 3378 2427 καταλειφθέντες
3426 2356 3755 2425 στρατιῶται,

2122 2444 2171 2516 ἐξ
2230 2444 2538 2520 ἐπιφανείας
2595 2448 2701 2498 τῶν
2761 2441 3014 2497 ἐναντίων
3062 2442 3253 2505 πτοίας
3301 2442 3633 2513 πλησθέντες
3675 2438 3755 2494 καὶ

2120 2536 2213 2595 τὰς
2270 2534 2450 2608 ψυχὰς
2508 2534 2939 2596 κατασεισθέντες
2975 2576 2988 2600 ,
3046 2531 3269 2586 κατόπιν
3324 2535 3425 2586 τοῦ
3503 2528 3756 2606 βασιλέως

2121 2619 2368 2691 ἐϐάδιζον
2406 2668 2419 2693 ,
2477 2621 2605 2684 τοὺς
2680 2623 2879 2683 τόπους
2952 2620 3169 2695 ἀφέντες
3230 2621 3302 2675 ὧν
3361 2622 3463 2689 τήν
3519 2618 3752 2695 φυλακὴν

2121 2711 2512 2785 ἐπετράπησαν,
2543 2708 2647 2774 ἕως
2702 2710 2778 2773 εἷς
2830 2710 2955 2772 τοὸς
3008 2709 3333 2784 εἰρημένους
3387 2708 3594 2771 Ἀνθίας
3636 2727 3753 2760 κατ-

2120 2803 2377 2871 ήντησαν.
2441 2799 2718 2853 Κάνταῦθα
2774 2796 2832 2853 δὲ
2886 2802 2990 2854 τῶν
3051 2797 3336 2870 πολεμίων
3399 2798 3663 2867 φανέντων
3708 2793 3752 2866 ἐξ

2122 2888 2382 2964 οὐραγίας
2442 2887 2688 2963 αἰσχρῶς
2740 2894 2839 2957 τῆν
2902 2888 3079 2962 φυγὴν
3132 2887 3219 2941 καὶ
3276 2886 3387 2962 πρὸ
3436 2890 3531 2940 τοῦ
3571 2883 3753 2958 ἀγωνί-

2123 2999 2326 3049 σματος
2377 2975 2613 3042 ε’ίλοντο,
2662 2976 2752 3030 καὶ
2802 2977 2937 3050 πρὸς
2981 2976 3072 3031 τὸν
3123 2972 3350 3050 βασιλέα
3395 2974 3471 3036 εἶς
3500 2976 3595 3044 τὴν
3629 2971 3750 3027 Κελ-

2119 3067 2322 3136 τζηνὴν
2354 3060 2653 3120 κατέλαϐον
2704 3063 2762 3119 ἐκ
2810 3062 2978 3127 ποδός
3049 3067 3164 3133 Τῆς
3206 3061 3262 3117 δέ
3308 3084 3371 3138 γε
3402 3062 3603 3118 τούτων
3634 3062 3752 3115 ἁπο-

2124 3158 2315 3222 σκευῆς
2371 3153 2422 3208 οί
2479 3152 2709 3207 ἐναντίοι
2766 3154 3014 3228 γεγόνασι
3070 3151 3299 3228 κύριοι.
3362 3154 3525 3209 Ταῦθ’
3598 3149 3752 3209 οὕτως

364 3221 511 3310 rent,
542 3257 690 3312 pone
720 3241 919 3297 hostes
952 3221 1196 3296 redibat.
1231 3240 1493 3312 Cumque
1540 3242 1824 3309 judicium
1859 3221 2006 3295 inter

2123 3240 2453 3318 ἀγγελθέντα
2510 3241 2682 3297 πολὺν
2726 3221 2883 3311 ένῆκε
2927 3246 3007 3313 τῷ
3078 3221 3292 3316 βασιλεῖ
3347 3241 3440 3295 τὸν
3484 3239 3750 3313 ἐναγώνιον

364 3331 574 3385 ducem
606 3334 665 3385 et
696 3329 910 3385 milites
970 3330 1396 3400 constituisset,
1454 3329 1597 3384 nulli
1651 3329 1798 3400 parti
1846 3329 2007 3385 litem

362 3418 738 3488 adjudicavit,
771 3435 902 3473 cum
945 3419 1051 3473 hoc
1093 3418 1283 3473 solum
1333 3418 1697 3489 exploratum
1747 3419 2006 3487 haberet,

362 3511 595 3577 excepto
626 3506 979 3576 imperatore
1011 3505 1154 3559 nihil
1186 3523 1314 3561 esse
1347 3505 1502 3559 aliud
1545 3508 1697 3576 quod
1731 3506 2008 3562 Romanis

362 3594 615 3649 conﬂare
646 3594 861 3649 bellum
895 3595 1099 3665 possit,
1135 3597 1289 3664 quod
1324 3593 1579 3648 maxima
1630 3612 1762 3666 pars
1791 3595 2006 3649 exerci-

357 3687 455 3737 tus
490 3687 624 3737 ante
654 3683 991 3755 defatigata,
1026 3683 1122 3750 sit,
1156 3688 1209 3737 et
1243 3684 1398 3753 quod
1433 3683 1609 3737 duces
1631 3683 1810 3737 velint
1828 3683 1912 3738 vel
1934 3684 2004 3738 ob

359 3771 599 3843 exiguos
632 3787 943 3842 prosperos
975 3787 1287 3826 successus
1320 3772 1606 3826 maximos
1635 3772 1743 3826 sibi
1777 3776 1834 3826 et
1881 3773 2006 3827 suis

357 3860 610 3915 honores
641 3865 697 3914 et
728 3859 965 3931 praemia
1014 3860 1323 3930 spondere,
1357 3865 1482 3915 tum
1516 3859 1689 3915 etiam
1723 3862 1872 3931 quod
1907 3860 2005 3914 alii

357 3951 553 4005 minus
602 3949 824 4005 alacres
856 3950 925 4003 ad
962 3954 1204 4004 strenua
1251 3952 1307 4004 et
1356 3948 1544 4003 virilia
1597 3950 1853 4004 facinora
1902 3966 2002 4021 pa-

352 4039 563 4093 tranda
594 4039 951 4106 reddantur;
986 4039 1138 4109 quod
1175 4038 1414 4108 quidem
1446 4043 1727 4110 prasente
1759 4038 2005 4109 impera-

353 4132 479 4182 tore
506 4126 627 4180 lieri
660 4128 883 4197 nequit,
919 4144 1051 4181 cum
1085 4127 1209 4197 ipse
1243 4128 1419 4182 rebus
1472 4145 1727 4198 praasens
1777 4129 2004 4182 omnia-

359 4232 475 4287 que
532 4215 792 4287 quotidie
866 4215 1233 4286 conspiciens
1310 4216 1642 4270 laborantes
1709 4233 1812 4287 pro
1880 4222 2006 4271 rata

358 4304 629 4359 laborum
682 4309 842 4374 parte
890 4309 1382 4360 remuneraretur.
1436 4308 1753 4377 Imperator
1808 4310 2002 4361 autem

356 4411 460 4465 per
490 4392 776 4448 coloniam
810 4398 865 4449 et
899 4393 1305 4448 Armeniorum
1354 4394 1647 4466 regionem
1696 4411 1882 4465 usque
1932 4397 2002 4450 ad

351 4483 651 4538 Sebastem
703 4499 837 4537 cum
887 4484 1137 4537 exercitu
1195 4483 1489 4552 profectus
1528 4486 1653 4550 est;
1714 4482 1812 4537 ubi
1871 4500 1999 4538 cum

346 4571 716 4642 cognovisset
743 4571 962 4626 Turcos
995 4572 1063 4625 ad
1100 4570 1373 4624 Pisidiam
1409 4575 1464 4625 et
1497 4570 1843 4642 Lycaoniam
1894 4573 2001 4627 ad-

346 4665 587 4714 ventare
617 4676 682 4715 eo
715 4658 957 4714 consilio
993 4662 1055 4713 ut
1086 4658 1345 4713 Iconium
1393 4663 1673 4729 peterent,
1707 4662 1831 4731 ipse
1862 4677 2002 4731 quo-

350 4764 463 4817 que
494 4753 808 4802 extremum
844 4764 1051 4817 agmen
1099 4763 1295 4801 eorum
1337 4747 1644 4802 insecutus
1693 4765 1880 4818 usque
1928 4750 1995 4803 ad

350 4835 614 4890 Herculis
664 4836 1050 4908 Comopolim,
1101 4836 1181 4889 ita
1226 4835 1464 4904 dictam,
1517 4838 1795 4906 pervenit.
1847 4838 2002 4892 684

353 4924 457 4979 Ubi
492 4941 623 4978 cum
658 4926 957 4980 didicisset
988 4927 1145 4995 ipsos
1195 4941 1393 4978 everso
1444 4925 1639 4978 Iconio
1688 4926 2000 4995 proﬁcisci,

349 5011 562 5067 veritos
586 5030 656 5069 ne
687 5031 749 5068 se
779 5014 877 5069 ille
909 5019 1376 5086 persequeretur,
1411 5018 1636 5084 partem
1684 5016 1999 5085 quamdam

346 5101 644 5172 legionum
704 5102 762 5156 in
813 5102 1071 5157 Ciliciam
1114 5102 1294 5168 misit,
1348 5119 1473 5173 quae
1523 5120 1657 5157 cum
1705 5103 1999 5159 Cataturio

347 5189 668 5245 Antiochia:
698 5191 845 5245 duce
877 5193 1349 5263 conjungeretur.
1384 5192 1505 5245 viro
1536 5208 1841 5263 generoso,
1874 5193 2001 5263 qui-

347 5294 460 5351 que
510 5279 741 5333 virtutis
794 5280 955 5349 prius
1004 5280 1189 5361 multa
1239 5280 1589 5335 documenta
1633 5281 1890 5347 dederat,
1934 5287 1999 5336 ut

343 5386 411 5425 ea
442 5374 678 5439 accepta
709 5369 898 5440 primo
930 5385 1160 5442 quoque
1193 5373 1451 5439 tempore
1477 5370 1545 5424 ad
1573 5369 1995 5441 Mopsuestiam

2118 3327 2374 3406 θόρυϐον,
2430 3331 2517 3385 ἐπί
2574 3351 2631 3385 τε
2686 3335 2756 3404 τῇ
2814 3335 2917 3384 τῶν
2980 3329 3194 3385 οἰκείων
3240 3329 3381 3404 ἥττῃ
3430 3330 3518 3384 καὶ
3560 3332 3625 3401 τῇ
3653 3332 3747 3382 τῶν

2117 3421 2371 3475 ἐναντίων
2424 3419 2545 3493 νίκη
2597 3419 2658 3473 οὐ
2708 3423 2963 3496 φορητῶς
3015 3422 3093 3492 [Ρ.
3128 3421 3254 3491 832]
3300 3419 3745 3492 σκυθρωπάσαντι.

2116 3510 2214 3563 Καὶ
2263 3509 2307 3563 εί
2361 3511 2436 3581 μὴ
2483 3511 2517 3578 ἡ
2566 3513 2663 3563 τοῦ
2716 3507 2985 3583 βασιλέως
3037 3508 3196 3582 φήμη
3247 3506 3447 3568 αὐτοὺς
3505 3504 3749 3579 περιδεεῖς

2114 3599 2489 3672 κατειργάζετο
2539 3597 2627 3651 καὶ
2693 3598 2790 3665 τὴν
2858 3596 3035 3670 ὁρμὴν
3092 3595 3266 3649 αὐτῶν
3325 3599 3513 3657 ποσῶς
3568 3592 3746 3648 διεκώ-

2116 3685 2262 3754 λυεν,
2293 3684 2443 3740 οὐδὲν
2476 3687 2542 3754 ἦν
2594 3685 2655 3739 τὸ
2703 3682 2918 3739 κωλῦον
2966 3684 3247 3756 σύμπασαν
3291 3683 3491 3745 αὑτοὺς
3519 3684 3612 3750 τήν
3651 3688 3740 3756 γῆν

2114 3774 2322 3844 ἐκείνην
2378 3772 2811 3843 καταληίσασθαι
2858 3773 2947 3827 καὶ
3001 3771 3419 3847 ἔξολοθρεῦσαι.
3483 3770 3745 3844 Ὀπισθόρ-

2118 3884 2282 3936 μητοι
2314 3860 2369 3916 δὲ
2414 3861 2695 3937 γενόμενοι
2748 3861 2868 3915 εὐθὺ
2918 3866 3014 3915 τοῦ
3054 3862 3283 3934 θέματος
3312 3866 3423 3916 τῶν
3468 3856 3741 3918 Καππαδο-

2113 3956 2220 4005 κῶν
2262 3953 2398 4005 κατά
2427 3950 2488 4005 τὸ
2543 3949 2845 4021 εἰθισμένον
2899 3950 3141 4025 ἀκρατῶς
3191 3946 3458 4019 ἤλαυνον,
3506 3946 3746 4015 καταληῖ-

2116 4040 2334 4113 ζόμενοι
2371 4039 2464 4111 μὲν
2514 4040 2575 4093 τὸ
2623 4040 2929 4113 πςοστυχὸν
2986 4039 3035 4110 ἐξ
3070 4036 3287 4116 ἐφόδου,
3319 4039 3657 4116 ἰφορμῶντες
3694 4033 3744 4089 δὲ

2113 4134 2443 4202 πανστρατιᾷ
2471 4127 2608 4181 κατὰ
2655 4130 2751 4195 τῆς
2782 4132 2878 4182 τοῦ
2933 4127 3160 4181 Ἰκονίου
3207 4124 3505 4189 πολιτείας·
3539 4128 3600 4194 ἦν
3650 4126 3740 4199 γὰρ

2112 4217 2311 4288 πλήθει
2337 4238 2393 4272 τε
2442 4214 2649 4290 ἀνδρῶν
2682 4216 2773 4269 καὶ
2806 4217 2991 4270 οἱκιῶν
3023 4216 3111 4269 καὶ
3142 4220 3248 4270 τῶν
3285 4216 3471 4272 ἄλλων
3504 4217 3741 4290 χρηστῶν

2113 4307 2198 4361 καὶ
2236 4305 2495 4376 ζηλωτῶν
2531 4303 2876 4383 διαφέρουσα.
2906 4307 2965 4362 Ὀ
2995 4302 3051 4359 δὲ
3105 4304 3356 4381 βασιλεὺς
3390 4306 3439 4360 ἐν
3482 4302 3740 4373 Κελτζηνῇ

2110 4394 2236 4456 τοὺς
2268 4393 2645 4470 ἀποφυγόντας
2696 4390 2973 4466 σποράδην
3026 4390 3442 4465 ὑποδεξάμενος,
3480 4392 3553 4453 ὡς
3582 4388 3637 4444 ἂν
3670 4389 3736 4460 μή

2114 4484 2216 4537 ὑπὸ
2256 4486 2362 4537 τῶν
2415 4481 2708 4557 Ἀρμενίων
2759 4481 2808 4553 ἐξ
2860 4480 3092 4555 ἐρημίας
3147 4478 3481 4551 ἀπόλωνται,
3530 4477 3734 4533 κατόπιν

2030 4576 2217 4649 Βτῶν
2275 4570 2526 4626 ἐναντίων
2590 4568 2938 4643 ὑποστρέφων
2998 4568 3224 4645 ἐγένετο.
3277 4571 3376 4625 Καὶ
3424 4569 3595 4643 κρίσιν
3638 4566 3734 4638 (18)

2112 4659 2167 4716 δὲ
2202 4661 2396 4734 μεταξὺ
2443 4664 2540 4714 τοῦ
2586 4681 2643 4713 τε
2691 4658 2957 4734 ἡγεμόνος
3008 4658 3097 4713 καὶ
3148 4662 3253 4712 τῶν
3304 4658 3396 4712 σὺν
3429 4658 3570 4729 αὐτῷ
3599 4652 3733 4716 καθί-

2112 4771 2203 4811 σας
2253 4746 2429 4803 οὐδενὶ
2473 4749 2621 4822 μέρει
2672 4748 2769 4816 τὴν
2822 4751 3059 4801 νικῶσαν
3104 4743 3357 4816 ἀπέδοτο,
3406 4740 3735 4819 διαγνωσθέν-

2110 4859 2200 4899 τος
2253 4837 2448 4892 τούτου
2502 4836 2671 4909 μόνου
2718 4831 2977 4911 ἀκριϐῶς,
3029 4835 3110 4889 ὅτι
3160 4834 3306 4903 πλὴν
3339 4839 3433 4890 τοῦ
3486 4831 3733 4909 βασιλέως

2111 4924 2262 4980 οὑδέν
2308 4925 2417 4980 ἐστι
2467 4926 2529 4979 τὸ
2576 4929 2833 4978 συνιστῶν
2878 4928 2994 4985 τοῖς
3036 4923 3325 4995 Ῥωμαίοις
3367 4924 3457 4977 τὸν
3507 4918 3728 4990 πόλεμον

2112 5012 2199 5069 διά
2255 5036 2313 5068 τε
2367 5015 2429 5068 τὸ
2488 5011 2974 5088 προκατειργάσθαι
3031 5013 3093 5066 τὸ
3138 5010 3331 5066 πλεῖον
3377 5015 3472 5066 τοῦ
3503 5009 3728 5084 στρατοῦ,

2109 5104 2197 5157 καὶ
2231 5101 2319 5157 διὰ
2360 5103 2421 5157 τὸ
2454 5102 2578 5163 τοὺς
2623 5101 2902 5177 ἡγεμόνας
2932 5100 3130 5156 ἐθέλειν
3171 5099 3259 5154 καὶ
3294 5100 3379 5155 ἐπὶ
3416 5102 3622 5173 μικραῖς
3650 5091 3727 5146 καὶ

2106 5198 2223 5252 ταῖς
2307 5190 2604 5266 τυχούσαις
2686 5190 2961 5264 εὑτυχίαις
3048 5190 3257 5251 ἑαυτοῖς
3315 5189 3403 5244 καὶ
3477 5183 3727 5262 συγγενέσι

2112 5285 2339 5351 μνᾶσθαι
2370 5279 2437 5333 τὰ
2479 5280 2701 5354 μέγιστα
2740 5284 2848 5332 τῶν
2900 5277 3222 5350 ἀξιωμάτων
3270 5279 3359 5332 καὶ
3400 5274 3726 5355 φιλοτιμιῶν,

2109 5366 2177 5423 δι’
2236 5368 2267 5422 ἃ
2323 5369 2409 5422 καὶ
2467 5368 2591 5430 τοὺς
2649 5366 2854 5431 ἄλλους
2911 5365 3263 5443 ἀπροθύμους
3325 5368 3452 5421 εἶναι
3508 5361 3631 5438 πρὸς
3672 5356 3726 5409 τὸ

1673 5496 1920 5554 JACOBI
1962 5498 2176 5555 GOABI
2218 5496 2423 5553 NOTAE

415 5603 701 5679 (18)Obit
732 5605 1055 5676 imperator
1100 5619 1317 5657 munus
1366 5604 1456 5658 cui
1507 5604 1879 5674 exsequendo
1932 5623 1997 5679 κρ

2117 5623 2124 5662 :
2173 5606 2270 5656 τοῦ
2322 5600 2590 5676 φοσσάτου
2639 5602 2855 5676 legitur
2901 5601 3211 5657 institutus
3258 5599 3407 5672 apud
3458 5592 3717 5652 Codicum

343 5691 393 5730 c.
426 5693 518 5743 xv,
555 5694 611 5735 n.
644 5678 732 5733 72.
