4084 6140
319 372 445 435 413

1833 372 2227 436 HISTORIA.

3622 368 3742 429 414

325 503 575 581 γενναῖόν
605 525 656 559 τι
708 504 798 561 καὶ
855 501 1104 580 ἀνδρικὸν
1161 502 1567 582 διαπράξασθαι·
1627 507 1656 562 ’ὀ
1713 508 1983 583 παρόντος

2097 515 2447 582 occurreret,
2494 527 2610 583 quo
2653 511 2826 567 Turci
2877 505 3180 565 adventuri
3229 504 3742 573 existimabantur,

324 599 425 652 τοῦ
479 592 751 670 βασιλέως
808 594 906 648 οὐκ
963 592 1023 649 ἂν
1087 589 1209 670 ἔχοι
1268 598 1455 671 χώραν
1508 596 1771 670 γενέσθαι,
1830 594 1993 650 αὐτοῦ

330 682 402 739 δι’
437 685 630 739 ἑαυτοῦ
683 682 1099 747 ἐπιστατοῦντος
1144 689 1260 745 τοῖς
1299 685 1633 759 γινομένοις,
1675 685 1765 740 καὶ
1822 684 1995 740 πάντα

254 806 265 811 -
335 775 683 847 καθορῶντος
730 773 1020 846 ὁσημέραι,
1061 774 1151 827 καὶ
1198 773 1325 835 τοὺς
1372 779 1668 837 πονοῦντας
1718 773 1995 850 ἀναλόγως

334 857 707 936 ἀμειϐομένου
763 867 871 916 τῶν
925 863 1204 934 καμάτων.
1257 863 1313 915 '0
1364 860 1421 917 δὲ
1482 863 1735 939 βασιλεὺς
1795 861 1884 918 διά
1936 884 1995 918 τε

337 951 657 1015 Κολωνείας
713 952 803 1005 καὶ
887 956 994 1005 τῶν
1051 952 1417 1027 Ἀρμενιακῶν
1495 953 1739 1025 θεμάτων
1827 954 1992 1027 μέχρι

342 1036 662 1102 Σεϐαστείας
715 1039 807 1094 σὺν
861 1045 941 1112 τῷ
985 1040 1343 1115 στρατεύματι
1404 1039 1744 1111 διελήλυθεν.
1787 1044 1996 1098 Ἐκεῖσε

340 1127 399 1184 δὲ
428 1129 613 1201 μαθὼν
648 1129 721 1190 ὡς
755 1129 807 1183 οἱ
837 1132 1070 1205 Τοῦρκοι
1103 1127 1189 1183 ἐπὶ
1240 1126 1485 1185 Πισιδίαν
1542 1129 1632 1184 καὶ
1692 1129 1993 1184 Λυκαονίαν

328 1217 653 1279 ἐλαύνοντες
706 1216 780 1279 ὡς
845 1214 921 1280 εἷς
980 1218 1178 1272 σκοπὸν
1234 1217 1579 1273 ἀποτείνουσι
1633 1218 1696 1274 τὸ
1742 1218 1989 1277 Ἰκόνιον,

335 1314 570 1389 ὥρμησε
599 1313 687 1368 καὶ
720 1313 880 1375 αὐτὸς
930 1315 1045 1368 κατ’
1075 1314 1235 1389 οὐρὰν
1290 1314 1465 1369 αὐτῶν
1526 1313 1770 1369 ἐλαύνειν
1827 1314 1993 1390 μέχρι

325 1409 430 1473 τῆς
490 1401 794 1479 λεγομένης
849 1403 1181 1478 Ἡρακλέους
1246 1402 1647 1476 κωμοπόλεως,
1711 1404 1761 1458 ἐν
1902 1393 1991 1458 καἰ

334 1491 528 1566 μαθὼν
585 1488 694 1562 ἤδη
769 1493 1305 1567 καταστρεψαμένους
1378 1493 1573 1555 αὐτοὺς
1634 1494 1696 1547 τὸ
1770 1493 1994 1547 Ἰκόνιον

331 1580 562 1657 ἀπᾶραι,
616 1576 860 1644 δεδιότας
926 1582 1023 1650 τὴν
1094 1580 1259 1636 αὐτοῦ
1337 1578 1635 1653 ἐπιδίωξιν,
1689 1581 1995 1656 ἀπόμοιραν

335 1691 434 1744 μεν
489 1690 612 1724 τινα
668 1674 775 1724 τῶν
840 1668 1128 1745 ταγμάτων
1210 1669 1296 1724 ἐπὶ
1378 1669 1624 1725 Κιλικίαν
1698 1668 1991 1743 ἐξέπεμψεν

336 1759 761 1832 ἒνωΘησομένην
865 1758 1213 1833 Κατατουρίῳ
1306 1757 1386 1830 τῷ
1473 1765 1572 1828 τῆς
1656 1758 1994 1833 Ἀντιοχείας

331 1844 516 1917 δουκὶ,
572 1844 729 1921 ἀνδρί
785 1847 1014 1921 γενναίῳ
1077 1847 1167 1901 καὶ
1226 1844 1412 1902 πολλᾶ
1474 1844 1870 1920 ἐπιδειξαμένῳ
1924 1848 1993 1902 τὰ

327 1939 433 2006 τῆς
518 1936 715 2011 ἀρετῆς
784 1938 1179 2010 προτερήματα
1252 1935 1540 2012 πρότερον,
1589 1935 1861 2008 δεξαμένῳ
1932 1957 1991 1991 τε

327 2027 413 2088 εἰς
473 2022 670 2097 Μόψου
728 2024 902 2079 ἑστίαν
952 2025 1252 2093 ἀπαντῆσαι
1311 2026 1372 2079 τὸ
1426 2028 1599 2101 τάχος
1653 2023 1845 2098 (ἐκεῖσε
1889 2024 1988 2100 γὰρ

328 2111 752 2191 προσεδοκῶντο
779 2114 831 2168 οἱ
881 2118 1110 2190 Τοῦρκοι
1162 2111 1415 2187 διελθεῖν)
1464 2112 1619 2168 κάκεῖ
1664 2113 1986 2187 προσμένειν

325 2202 529 2267 αὐτοὺς
584 2202 675 2257 καὶ
753 2201 911 2257 παντὶ
985 2201 1176 2276 τρόπῳ
1250 2199 1616 2274 λυμήνασθαι.
1677 2201 1991 2265 Διελθόντες

322 2292 514 2349 τοίνυν
545 2289 635 2346 διὰ
682 2295 792 2346 τῶν
845 2297 945 2360 τῆς
1008 2288 1327 2352 Σελευκείας
1387 2290 1555 2366 ὀρέων
1620 2290 1695 2353 εἷς
1744 2292 1843 2359 τὴν
1891 2294 1990 2359 τῆς

322 2387 545 2457 Ταρσοῦ
614 2378 843 2436 πεδιάδα
917 2379 1443 2450 κατηκοντίσθησαν,
1502 2376 1627 2443 ἔνθα
1684 2382 1828 2454 παρὰ
1880 2384 1986 2433 τῶν

324 2465 643 2545 Ἀρμενίων
718 2470 1138 2545 συγκυρηθέντες
1202 2476 1371 2523 πᾶσαν
1432 2467 1624 2545 σχεδὸν
1683 2470 1783 2537 τὴν
1838 2468 1986 2523 λείαν

323 2555 631 2615 ἀπέϐαλον.
684 2559 750 2616 Οἱ
800 2556 857 2613 δὲ
912 2556 1176 2629 πολέμιοι
1238 2558 1499 2631 μαθόντες
1556 2559 1653 2626 τήν
1704 2562 1808 2611 τῶν
1856 2560 1986 2611 Ῥω-

330 2646 513 2724 μαίων
575 2648 626 2702 ἐν
688 2648 885 2720 Μόψου
945 2647 1095 2718 ἑστίᾳ
1141 2642 1527 2720 παρεμϐολήν,
1589 2644 1729 2720 μηδὲ
1795 2648 1985 2721 μικρὸν

332 2735 713 2815 χρονίσαντες,
742 2734 1194 2797 διαναπαύσαντες
1242 2732 1298 2789 δὲ
1350 2734 1572 2799 ἑαυτοὺς
1625 2734 1675 2790 ἐν
1732 2739 1800 2809 τῇ
1843 2733 1988 2791 Βαλ-

319 2821 585 2882 τολιϐάδι
620 2826 695 2887 ὡς
749 2824 882 2891 ἐνὸν,
917 2822 1132 2898 ᾤχοντο
1186 2820 1275 2878 διὰ
1320 2830 1420 2893 τῆς
1462 2825 1675 2892 νυκτὸς,
1733 2819 1987 2898 ὑπερϐάν-

321 2937 414 2972 τες
480 2935 540 2969 τε
596 2913 660 2968 τὸ
722 2908 1058 2988 ἲαρϐαδικὸν
1105 2908 1230 2987 ὄρος
1263 2913 1352 2967 καὶ
1407 2911 1482 2975 εἷς
1528 2914 1595 2967 τὰ
1645 2917 1741 2969 τοῦ
1797 2911 1988 2968 Χάλεπ

335 3004 435 3059 σὺν
516 2998 727 3076 σπουδῇ
806 2999 1163 3063 ἐπελάσαντες
1232 3000 1375 3077 ὅρια,
1434 3000 1523 3055 καὶ
1589 3002 1679 3056 τὸν
1738 3001 1983 3055 κίνδυνον

340 3090 506 3165 μόλις
561 3088 946 3161 ὑπαλύξαντες.
1006 3092 1085 3161 [Ρ.
1136 3092 1260 3162 833]
1310 3088 1459 3144 Ἀνία
1509 3087 1566 3144 δὲ
1614 3090 1839 3166 κατέσχε
1892 3090 1984 3144 τὸν

332 3188 571 3266 βασιλέα
600 3186 1060 3265 ἀπρακτησάντων
1112 3191 1219 3241 τῶν
1271 3185 1323 3240 ἐν
1369 3186 1568 3259 Μόψου
1616 3187 1782 3258 ἓστίᾳ·
1817 3207 1987 3241 κατα-

329 3280 461 3343 στὰς
508 3278 607 3354 γὰρ
656 3278 745 3333 καὶ
805 3276 963 3339 αὐτὸς
1023 3275 1147 3340 εὐθὺ
1206 3283 1303 3346 τῆς
1361 3275 1413 3331 ἐν
1463 3275 1754 3348 Σελευκείᾳ
1810 3274 1983 3331 Κλαυ-

334 3366 701 3439 διουπόλεως,
759 3365 875 3421 ἐπεὶ
934 3365 1058 3440 περὶ
1107 3371 1207 3434 τῆς
1263 3364 1471 3419 τούτων
1519 3363 1853 3438 ἐμεμαθήκει
1894 3386 1992 3441 φυ-

338 3464 470 3532 γῆς,
514 3454 777 3531 ἀπογνοὺς
830 3453 1242 3528 όπισθόρμητος
1291 3454 1505 3529 γέγονεν
1550 3453 1637 3508 ἐπὶ
1683 3456 1745 3508 τὸ
1792 3456 1990 3523 Βυζάν-

332 3568 479 3616 τιον,
514 3544 862 3621 ἐπειγόμενος
894 3545 968 3605 ὡς
997 3540 1106 3613 ἤδη
1158 3541 1355 3599 λοιπὸν
1408 3544 1497 3598 καὶ
1540 3548 1636 3599 τοῦ
1671 3545 1991 3621 μετοπώρου

334 3635 678 3703 ἐπιστάντος,
718 3631 1035 3688 καταλιπὼν
1090 3630 1273 3706 ἕτερον
1333 3632 1463 3689 λαὸν
1512 3629 1727 3697 ὄπισθεν
1788 3632 1875 3688 διὰ
1929 3637 1989 3689 τὸ

328 3728 423 3781 καὶ
467 3723 680 3799 ἐτέρους
730 3722 1002 3795 Τοόρκους
1048 3720 1472 3791 καταληῖζεσθαι
1520 3723 1616 3790 τήν
1678 3724 1987 3796 Ῥωμαϊκὴν

331 3822 462 3891 γῆν,
516 3813 655 3869 κατὰ
710 3812 936 3890 φατρίας
996 3811 1086 3865 καὶ
1163 3811 1354 3883 μοίρας
1437 3808 1845 3885 διαιρουμένους
1899 3812 1989 3868 καὶ

329 3900 769 3977 κατατρέχοντας
816 3896 1153 3954 λωποδυτῶν
1195 3898 1398 3974 τρόπον
1445 3900 1532 3954 καὶ
1583 3898 1855 3969 κλεπτῶν,
1900 3905 1989 3957 καὶ

328 3993 395 4048 τὸ
454 3990 766 4067 προστυχὸν
822 3990 958 4043 ἅπαν
1020 3988 1374 4065 ἀφανίζοντας
1418 3988 1506 4042 καὶ
1554 3987 1863 4058 ληίζοντας.
1909 3980 1989 4045 Δι’

331 4081 366 4136 ἃ
394 4080 485 4135 καὶ
544 4076 817 4153 δυσχερὴς
875 4078 943 4144 ἦν
994 4078 1029 4145 ἡ
1072 4076 1278 4130 τούτων
1327 4073 1591 4147 κώλυσις,
1637 4076 1829 4139 πάσαις
1870 4085 1987 4142 ταῖς

330 4166 482 4229 ὁδοῖς
530 4164 947 4244 ἐφεδρευόντων,
1000 4169 1107 4218 τῶν
1163 4163 1579 4239 στρατευμάτων
1635 4166 1812 4219 αὐτῶν
1868 4171 1986 4231 καθ’

329 4257 467 4311 αὐτὰ
526 4253 956 4328 μεμονωμένων,
1020 4254 1096 4325 μή
1160 4249 1472 4323 δυναμένων
1537 4254 1843 4321 ἀντιστῆναι
1899 4255 1988 4309 αὖ-

324 4351 467 4413 τοῖς,
489 4348 587 4399 τοῦ
619 4341 675 4397 δὲ
710 4340 978 4418 βασιλέως
1038 4338 1190 4405 αὖθις
1220 4342 1319 4413 μή
1370 4340 1488 4397 ο⁹ίου
1532 4362 1589 4397 τε
1628 4338 1780 4404 ὄντος
1841 4345 1985 4419 μερί-

331 4440 538 4504 ζεσθαι,
573 4431 699 4487 ἀλλ’
731 4432 809 4485 έτὶ
865 4430 1134 4503 παρόντος
1183 4428 1355 4503 τόπῳ.
1390 4429 1667 4492 Εἰσιόντος
1725 4429 1782 4486 δὶ
1821 4431 1984 4487 αὐτοῦ

356 4532 377 4554 ι,
484 4532 497 4550 ε
958 4528 970 4547 ν
1035 4525 1059 4546 ν
1258 4527 1272 4545 ς
1362 4528 1376 4545 ε
1795 4530 1804 4547 ,

328 4553 408 4594 εις
438 4552 538 4600 την
578 4525 853 4605 βασιλίδα,
888 4526 954 4581 ἐπ
1002 4548 1154 4581 οικου
1185 4547 1274 4581 και
1322 4549 1385 4582 το
1435 4527 1628 4583 λοιπὸν
1680 4549 1985 4602 στρατευμα

2104 600 2302 671 ibique
2350 618 2448 655 eos
2497 605 2842 672 exspectans
2874 597 3152 653 omnibus
3182 595 3373 650 modis
3404 594 3743 648 offenderet.

2103 690 2520 745 Praatereuntes
2551 689 2732 760 igitur
2761 705 2864 759 per
2893 684 3168 743 Seleucia
3203 688 3430 737 montes
3463 681 3533 736 ad
3583 679 3747 734 Tarsi

2106 778 2410 851 planitium
2439 778 2653 851 jaculis
2684 776 2932 832 confecti
2965 780 3136 841 sunt;
3189 772 3285 827 ubi
3334 772 3406 827 ab
3458 768 3748 825 Armeniis

2104 868 2512 940 comprehensi
2572 884 2805 923 omnem
2862 867 2979 920 fere
3038 863 3292 935 prmdam
3347 860 3617 914 amisere.
3677 860 3751 912 At

2104 958 2301 1013 hostes
2315 958 2569 1029 cognitis
2595 961 2986 1011 Romanorum
3005 952 3213 1008 castris
3232 951 3300 1005 ad
3332 945 3747 1019 Mopsuestiam

2106 1063 2177 1101 ne
2208 1062 2415 1117 parum
2446 1046 2682 1117 quidem
2740 1041 3105 1107 commorati,
3165 1055 3293 1093 cum
3348 1054 3411 1093 se
3469 1037 3630 1108 ipsos
3687 1034 3747 1091 in

2106 1136 2462 1193 Baltolibade
2512 1152 2615 1207 pro
2660 1133 2881 1188 viribus
2931 1130 3289 1198 refecissent,
3351 1130 3525 1181 noctu
3592 1125 3749 1181 abie-

2105 1230 2261 1289 runt,
2283 1230 2339 1279 et
2368 1228 2643 1295 superato
2675 1221 2990 1277 Sarbadico
3022 1222 3218 1273 monte
3249 1216 3318 1271 ad
3354 1215 3501 1269 ﬁnes
3531 1213 3749 1285 Cbalep

2104 1332 2338 1369 summo
2397 1315 2594 1369 studio
2652 1312 2741 1366 vix
2798 1311 3012 1366 evitato
3068 1306 3327 1379 periculo
3386 1319 3747 1359 concessere.

2103 1412 2368 1469 Molestia
2396 1412 2759 1467 afficiebatur
2790 1409 3124 1480 imperator,
3158 1404 3313 1476 quod
3346 1403 3386 1457 ii
3434 1400 3533 1475 qui
3586 1400 3750 1470 Mop-

2103 1501 2333 1557 suestia:
2361 1504 2527 1556 erant
2556 1499 2723 1555 otiosi
2760 1498 3054 1569 degerent.
3088 1498 3350 1563 Cumque
3382 1495 3541 1546 recta
3584 1489 3751 1544 Clau-

2103 1590 2381 1662 diopolim
2430 1590 2489 1643 in
2541 1588 2861 1645 Seleuciam
2916 1586 3213 1656 profectus
3259 1581 3340 1636 ibi
3383 1581 3454 1634 de
3484 1580 3747 1649 ipsorum

2102 1681 2239 1752 fuga
2269 1678 2593 1743 didicisset,
2626 1677 2950 1747 desperatis
2984 1673 3158 1727 rebus
3207 1684 3475 1725 reversus
3522 1672 3611 1722 est
3648 1666 3753 1737 By-

2101 1769 2382 1837 zantium,
2418 1765 2680 1821 adhibita
2708 1763 3024 1827 celeritatc,
3056 1760 3212 1831 quod
3248 1760 3373 1829 jam
3427 1760 3748 1812 autumnus

2020 1877 2069 1942 Β
2105 1855 2602 1931 appetere,relicto
2624 1854 2803 1909 altero
2824 1851 3182 1916 exercitu,eo
3208 1846 3362 1918 quod
3389 1844 3488 1901 alii
3519 1859 3749 1915 quoque

2098 1946 2268 2002 Turci
2288 1962 2385 2017 per
2403 1944 2593 1999 tribus
2607 1947 2664 1997 et
2688 1941 2879 1997 curias
2904 1936 3076 1993 divisi
3101 1936 3498 1991 Romanorum
3532 1938 3747 1987 terram

2099 2034 2543 2092 excursionibus
2572 2029 3069 2103 depopularentur
3099 2025 3391 2080 latronum
3426 2038 3492 2077 ac
3524 2022 3748 2093 praedo-

2100 2142 2241 2180 num
2276 2120 2773 2190 more,omniaque
2803 2120 2860 2172 in
2895 2129 3260 2187 quacunque
3291 2111 3618 2167 inciderent
3647 2110 3750 2165 de-

2100 2214 2476 2279 molirentur;
2511 2210 2727 2281 quibus
2761 2207 2828 2261 de
2859 2205 3008 2261 685
3045 2202 3241 2258 causis
3268 2198 3585 2255 difficulter
3614 2214 3748 2269 pro-

2098 2302 2284 2357 hiberi
2318 2303 2608 2373 poterant,
2642 2298 2692 2352 si
2725 2296 2963 2367 quidem
3014 2291 3290 2347 omnibus
3334 2288 3444 2343 viis
3493 2287 3748 2342 insidia-

2100 2392 2333 2454 bantur,
2380 2393 2438 2443 et
2490 2386 2776 2441 exercitus
2824 2383 3086 2454 ipsorum
3142 2396 3240 2449 per
3286 2394 3347 2432 se
3392 2375 3500 2432 soli
3561 2374 3747 2429 relicti

2099 2496 2212 2533 non
2245 2480 2510 2549 poterant
2542 2474 2830 2529 resistere.
2867 2467 3239 2541 Imperatoris
3268 2481 3403 2521 vero
3454 2462 3747 2519 exercitus

2099 2566 2275 2621 dividi
2335 2564 2633 2635 nequibat,
2686 2561 2786 2617 sed
2840 2559 2939 2614 uni
2991 2558 3116 2613 loco
3164 2558 3396 2610 tantum
3448 2553 3743 2607 intererat.

2097 2665 2243 2719 Cum
2276 2680 2407 2718 vero
2441 2662 2659 2733 regiam
2695 2660 2897 2715 urbem
2926 2656 3051 2727 ipse
3082 2655 3384 2725 ingressus
3430 2654 3605 2716 esset,
3656 2665 3746 2703 re-

2101 2755 2292 2823 liquus
2342 2765 2575 2822 quoque
2622 2748 2913 2805 exercitus
2962 2746 3200 2799 domum
3236 2757 3296 2795 se
3328 2740 3564 2810 recepit,
3599 2737 3750 2791 indi-

2098 2844 2288 2897 ctione
2319 2846 2537 2908 octava,
2569 2854 2722 2893 anno
2747 2836 2909 2904 6578,
2942 2832 3178 2905 quando
3212 2832 3385 2885 etiam
3421 2825 3741 2882 maximum

2099 2931 2551 2987 Blacbernarum
2595 2924 2881 2997 templum
2934 2923 3238 2977 incensum
3289 2922 3377 2974 est
3425 2932 3613 2987 usque
3671 2915 3745 2969 ad

2097 3019 2309 3075 solum.
2366 3017 2465 3072 Ubi
2516 3032 2646 3071 vero
2694 3032 2792 3069 ver
2829 3011 3093 3083 appetiit,
3144 3007 3395 3063 decrevit
3424 3005 3749 3075 imperator

2096 3109 2167 3164 ad
2200 3107 2417 3177 regiam
2444 3106 2642 3159 urbem
2669 3098 3378 3166 accedere,delectumque
3410 3090 3739 3147 Manuslem

2099 3196 2353 3269 primum
2388 3193 2720 3263 prafectum
2753 3190 3139 3251 Comnenum,
3175 3187 3233 3238 et
3264 3199 3329 3237 eo
3380 3181 3599 3235 honore
3650 3180 3744 3233 de-

2101 3268 2364 3342 oaratum
2400 3288 2463 3336 ut
2492 3278 2857 3351 curopalates
2888 3278 3066 3341 esset,
3088 3274 3297 3328 ducem
3329 3274 3385 3325 et
3418 3268 3740 3341 principem

2100 3374 2280 3430 totius
2334 3370 2623 3428 exercitus
2666 3366 2942 3422 declarat.
3003 3364 3140 3426 Quae
3207 3360 3479 3429 deinceps
3538 3372 3743 3411 conse-

2102 3458 2637 3535 quuntur,molesta
2666 3473 2731 3510 ac
2763 3451 3024 3508 difﬁcilia
3052 3454 3107 3505 et
3134 3447 3427 3504 laboriosa
3456 3446 3743 3500 Romano-

2101 3568 2231 3606 rum
2265 3548 2509 3621 imperio
2540 3546 2820 3601 accidere.
2872 3546 3152 3613 Egressus
3197 3537 3379 3608 igitur
3417 3534 3469 3590 is
3519 3532 3617 3605 qui
3669 3531 3739 3586 ad

2099 3641 2209 3696 hoc
2241 3620 2459 3694 munus
2490 3635 2747 3691 delectus
2780 3632 2987 3697 fuerat,
3020 3626 3248 3683 etiamsi
3297 3628 3463 3679 astate
3505 3620 3744 3693 juvenis

2098 3734 2274 3789 esset.
2298 3732 2554 3783 attamen
2581 3722 2808 3779 nullum
2842 3719 3070 3775 facinus
3103 3718 3160 3770 in
3192 3730 3306 3785 quo
3337 3710 3615 3768 erraverit
3643 3712 3745 3763 aut

2099 3819 2254 3890 quod
2305 3813 2551 3888 juvenili
2608 3812 2759 3867 aetati
2821 3808 3254 3863 condenaretur
3284 3799 3562 3872 patravit,
3622 3798 3741 3851 imo

2098 3885 2285 3962 multa
2307 3885 2535 3959 qhabita
2584 3916 2785 3956 eorum
2819 3913 2944 3968 qua:
2977 3895 3247 3949 decerent
3276 3888 3495 3944 ratione
3527 3885 3742 3941 coactis

2097 3994 2279 4067 copiis
2299 3993 2438 4048 totis
2458 3991 2682 4046 viribus
2706 3988 2776 4042 ad
2812 3990 3127 4040 Caesaream
3160 3979 3451 4052 profectus
3482 3978 3591 4040 est,
3624 3990 3739 4028 non

2095 4063 2426 4153 equitatem
2456 4084 2710 4143 tantum,
2745 4077 2844 4131 sed
2873 4074 3049 4127 etiam
3090 4069 3371 4140 populum
3403 4080 3616 4120 curans
3647 4063 3743 4118 de-

2094 4151 2309 4236 center,
2345 4176 2403 4224 et
2427 4171 2735 4240 peccantes
2757 4162 2974 4218 milites
2996 4157 3209 4214 debitis
3231 4155 3492 4211 afficiens
3512 4151 3700 4224 pcenis
3726 4171 3739 4219 ;

2095 4275 2348 4331 cumque
2377 4258 2436 4313 in
2469 4256 2736 4327 quaedam
2770 4250 2968 4323 praelia
3000 4245 3366 4309 incidissent,
3396 4242 3582 4296 victor
3610 4256 3741 4294 eva-

2095 4350 2194 4405 sit.
2223 4328 2471 4418 J'amque
2521 4360 2687 4400 suam
2736 4339 2985 4413 gloriam
3032 4335 3279 4391 dilatare
3331 4328 3740 4387 contendebat.

2095 4448 2232 4511 Quae
2262 4461 2395 4499 cum
2427 4442 2657 4497 audiret
2686 4440 3024 4507 imperator,
3077 4430 3259 4487 laetari
3308 4428 3543 4499 quidem
3590 4424 3745 4479 vide-

2094 4534 2287 4596 batur,
2312 4533 2410 4586 sed
2446 4528 2724 4583 invidiam
2758 4521 3190 4579 dissimulabat.
3212 4520 3479 4573 Attamen
3514 4517 3579 4567 ut
3611 4512 3741 4566 Hie-

332 4621 573 4697 γέγονεν,
626 4614 969 4677 ΐνδικτιῶνος
1016 4613 1216 4691 ὀγδόης
1264 4614 1616 4690 ἐνισταμένης
1660 4622 1758 4672 τοῦ
1819 4621 1986 4695 ,ςφοη¹

2099 4619 2315 4692 rapolis
2363 4617 2729 4674 obsidionem
2790 4613 2902 4667 cito
2960 4610 3207 4666 solveret
3264 4610 3321 4659 et
3376 4605 3741 4658 commeatus

323 4705 510 4778 ἔτους,
544 4707 635 4763 ὅτε
690 4707 781 4760 καὶ
836 4703 899 4759 τὸ
960 4703 1209 4777 μέγιστον
1268 4705 1411 4778 ἱερὸν
1466 4705 1823 4780 ἐπυρπολήθη
1880 4707 1988 4763 τῶν

330 4796 659 4871 Βλαχερνῶν
700 4790 806 4856 ’έως
838 4789 1087 4868 ἐδάφους.
1123 4792 1272 4848 Ἐπεὶ
1329 4791 1386 4848 δί
1428 4795 1490 4848 τὸ
1542 4789 1632 4868 ἔαρ
1695 4794 1990 4868 ὑποφαίνε-

329 4897 454 4949 σθαι
483 4882 710 4959 ἤρξατο,
743 4880 1003 4954 ἐσκέψατο
1060 4886 1309 4954 παρεῖναι
1368 4884 1437 4954 τῇ
1498 4880 1738 4957 βασιλίδι
1772 4884 1799 4937 ὁ
1834 4884 1986 4958 βασι-

323 4974 482 5035 λεύς.
539 4970 842 5046 Προκρίνας
902 4966 960 5023 δὲ
1022 4968 1287 5039 Μανουὴλ
1372 4968 1833 5047 πρωτοπρόεδρον
1894 4972 1986 5027 τὸν

324 5062 637 5135 Κομνηνὸν,
663 5059 756 5114 καὶ
785 5060 976 5113 τοῦτον
999 5060 1237 5130 τιμήσας
1289 5063 1368 5131 τῷ
1422 5064 1519 5114 τοῦ
1567 5057 1983 5135 κουροπαλάτου

324 5153 623 5223 ἀξιώματι,
655 5148 953 5221 στρατηγὸν
1012 5147 1103 5200 καὶ
1146 5146 1392 5223 ἀρχηγὸν
1440 5153 1537 5203 τοῦ
1578 5150 1977 5223 στρατεύματος

323 5238 703 5295 ἀποδείκνυσι.
733 5236 810 5292 Τὸ
864 5232 910 5289 δ’
965 5234 1201 5298 ἐντεῦθεν
1258 5237 1324 5291 τὰ
1369 5236 1645 5311 προσάντη
1704 5236 1794 5291 καὶ
1854 5234 1977 5291 δυσ-

314 5328 460 5405 χερῆ
516 5327 607 5381 καὶ
661 5322 885 5398 λυπηρᾶ
941 5326 1008 5396 τῇ
1072 5323 1320 5398 βασιλείᾳ
1374 5325 1664 5398 Ῥωμαίων
1714 5325 1978 5399 προσεκό-

316 5438 507 5493 ρησεν.
566 5414 753 5485 Ἐξιὼν
811 5409 903 5467 οῦν
959 5412 987 5465 ὁ
1044 5406 1497 5487 προϐεϐλημένος
1553 5414 1628 5477 εἷς
1686 5418 1873 5488 τοῦτο,
1927 5415 1972 5470 εἰ

314 5507 407 5562 καὶ
462 5504 579 5566 νέος
623 5503 724 5570 τήν
775 5498 995 5570 ἡλικίαν
1041 5498 1349 5577 ἐτύγχανεν,
1378 5501 1523 5557 ἀλλά
1571 5524 1634 5577 γε
1682 5510 1971 5573 πεπλανη-

318 5598 476 5666 μένον
551 5590 701 5647 οὖδὶν
759 5590 794 5657 ἢ
859 5586 1216 5664 μειρακιῶδες
1287 5590 1519 5665 ἐνεργῶν
1598 5592 1966 5669 κατεφαίνετο,

311 5691 489 5746 πολὺ.)
540 5688 596 5743 δὲ
652 5692 757 5743 τῶν
811 5685 1032 5740 εἰκότων
1062 5684 1256 5763 νλὸγον
1312 5688 1673 5763 ποιούμενος⁸
1720 5689 1812 5753 τὰς
1865 5691 1965 5766 γὰρ

2099 4709 2310 4781 inopia:
2390 4707 2778 4771 succurreret,
2860 4716 2973 4755 non
3061 4695 3366 4752 minimam
3450 4687 3740 4745 exercitus

2099 4777 2321 4869 partem
2354 4796 2507 4851 686
2539 4794 2597 4848 in
2630 4793 2855 4864 Syriam
2882 4788 3067 4859 jussit
3112 4784 3294 4840 abire.
3347 4780 3463 4835 Hac
3514 4777 3741 4832 ratione

2095 4866 2302 4941 ducem
2338 4902 2405 4940 ea
2435 4882 2693 4955 potentia
2745 4896 2873 4952 quae
2921 4877 3057 4931 inde
3104 4868 3584 4945 proficiscebatur
3639 4866 3738 4920 de-

2093 4953 2597 5043 fraudavit;_quaa
2646 4986 2777 5025 cum
2828 4966 3122 5040 profectus
3170 4962 3325 5017 esset
3354 4973 3486 5013 cum
3520 4953 3738 5010 relictis

2091 5074 2204 5129 sibi
2236 5073 2421 5144 copiis
2451 5075 2507 5126 et
2536 5070 2604 5125 ad
2659 5068 2865 5122 urbem
2914 5067 3107 5119 castra
3154 5060 3422 5125 locasset,
3469 5052 3735 5126 quaadam

2090 5142 2411 5218 Turcorum
2440 5175 2675 5223 manus,
2707 5157 2983 5212 adversus
3032 5167 3181 5219 quos
3230 5160 3503 5219 egressus
3551 5142 3742 5196 fuerat

2089 5250 2481 5323 curopalates,
2530 5245 2799 5314 accessit,
2850 5256 3102 5312 cumque
3135 5239 3281 5309 fugas
3312 5252 3379 5291 ex
3410 5231 3735 5303 composito

2088 5318 2340 5413 speciem
2377 5336 2769 5409 praebuissent
2802 5332 3022 5398 hostes,
3056 5327 3153 5383 ubi
3186 5322 3457 5395 dissipati
3487 5318 3736 5375 Romani

2084 5444 2183 5482 eos
2216 5407 2742 5498 persequebantur,
2794 5422 3031 5490 repente
3073 5412 3335 5470 conversi
3384 5409 3494 5466 sibi
3548 5407 3736 5461 victo-

2083 5520 2227 5571 riam
2281 5514 2715 5583 compararunt,
2749 5513 2807 5562 et
2834 5507 3047 5561 idcirco
3079 5502 3285 5559 multis
3317 5497 3505 5570 captis
3535 5494 3735 5567 plures

2082 5619 2317 5676 quoque
2347 5600 2542 5673 gladio
2574 5596 2819 5652 confecti
2852 5599 3010 5651 sunt.
3053 5594 3121 5648 Et
3165 5607 3295 5647 cum
3345 5588 3475 5643 aliis
3524 5587 3733 5654 captus

2078 5698 2167 5749 est
2198 5698 2255 5748 ct
2284 5688 2737 5761 curopalates,et
2766 5682 3185 5756 castraﬁomnia
3205 5678 3735 5749 expugnata,capta
