4084 6140
383 394 502 456 ηδ
1703 373 2029 437 JOANNIS
2073 375 2479 440 SCYLITZAZ
3658 391 3767 451 us

385 548 452 587 ac
472 526 805 600 direpta.Ac
826 520 939 578 nisi
964 517 1296 592 pr0pinqua
1324 512 1465 570 urbs
1487 511 1685 585 plures
1715 515 2025 581 servasset,

2155 509 2396 585 Βυνάμεις
2445 519 2823 592 συνηθροικὼς
2905 520 3264 599 πασίρῥωμος
3347 526 3416 597 τῇ
3500 525 3773 600 Καισαρείᾳ

387 618 654 676 funditus
686 610 1010 668 interiisset
1039 605 1230 662 omnis
1262 604 1525 658 Romana
1573 604 1736 665 aetas,
1785 616 1912 669 quae
1958 600 2030 654 ad

388 708 497 763 hoc
529 705 748 761 bellum
780 702 1172 755 concurrerat.
1207 694 1335 748 Hinc
1370 693 1521 745 fama
1550 707 1683 744 cum
1735 688 2031 759 pervenis-

389 802 480 854 set
510 796 582 851 ad
613 794 1050 864 imperatorem,
1101 782 1321 855 ingenti
1372 796 1503 835 eum
1555 778 1754 833 dolore
1802 778 2028 845 aﬂ‘ecit;

390 903 508 958 qua
552 885 647 937 vix
699 880 919 945 audita,
969 874 1151 930 altera
1200 886 1434 943 quoque
1484 867 1732 923 velocior
1761 873 1818 922 et
1848 865 2031 921 multo

390 974 581 1045 magis
604 974 917 1043 penetrans
942 963 1161 1035 perlata
1181 965 1287 1024 est,
1323 976 1450 1029 quae
1483 958 1782 1045 nuntiaret
1814 960 2032 1045 Tomos

390 1044 815 1133 rempublicam
848 1053 1209 1107 Chonensem
1244 1052 1300 1102 et
1352 1047 1545 1117 ipsum
1588 1044 2033 1099 celeberrimum

388 1132 542 1205 inter
573 1144 859 1203 miracula
887 1146 943 1197 et
972 1141 1127 1195 dona
1157 1135 1437 1208 principis
1484 1133 1701 1191 militiis
1746 1132 2033 1204 templum

389 1238 572 1295 armis
597 1235 1120 1304 occupasse,atque
1153 1226 1352 1281 omnia
1382 1224 1500 1279 illic
1531 1224 1685 1278 caede
1727 1228 1783 1277 et
1831 1238 2035 1276 cruore

388 1322 1044 1398 completa,multasque
1066 1313 1452 1371 contumelias
1474 1330 1507 1366 a
1524 1310 2034 1367 debacchandibus

386 1415 607 1486 templo
665 1412 879 1476 illatas,
939 1409 1255 1478 ipsumque
1318 1400 1567 1456 maxime
1634 1400 2032 1455 venerandum

386 1503 671 1573 templum
704 1513 990 1571 equorum
1021 1493 1318 1550 stabulum
1350 1491 1642 1554 effectum,
1670 1492 1725 1544 et
1756 1490 1910 1560 quod
1945 1488 2033 1542 in-

389 1590 813 1665 dignissimum
847 1590 993 1653 erat,
1027 1596 1215 1653 neque
1249 1581 1443 1635 hiatus
1476 1577 1726 1645 cloacas,
1758 1578 1855 1632 ubi
1888 1594 2032 1648 prae-

385 1682 732 1737 terﬂuentes
765 1676 923 1731 ﬂuvii
959 1690 1024 1728 eo
1056 1670 1297 1726 derivati
1334 1685 1434 1740 per
1484 1666 1763 1738 principis
1814 1666 2031 1720 exerci—

389 1774 488 1825 tus
539 1768 847 1838 antiquum
898 1764 1211 1818 adventum
1259 1762 1312 1813 et
1362 1756 1625 1811 divinum
1659 1754 2031 1821 miraculum,

2140 600 2499 675 ἐπεδήμησεν,
2561 608 2621 663 ού
2681 618 2779 680 τῆς
2831 612 3085 685 εὐνομίας
3129 616 3293 687 μόνον
3350 614 3496 670 ἀλλὰ
3547 616 3631 669 καὶ
3683 621 3771 669 τοῦ

2142 697 2368 767 στρατοῦ
2419 697 2718 771 φροντίζων
2770 703 3182 777 προσηκόντως,
3213 704 3301 758 καὶ
3359 704 3485 765 τοὺς
3543 701 3771 759 ἀδικοῦν-

2140 802 2235 844 τας
2263 787 2370 836 τῶν
2402 793 2748 858 στρατιωτῶν
2800 789 3050 846 ἐκτίσεων
3096 794 3424 865 προστίμοις
3469 794 3768 867 κατάγχων.

2142 871 2421 943 Πολέμοις
2468 871 2524 928 δέ
2579 898 2720 930 τισιν
2770 878 3009 955 ἐντυχὼν
3070 882 3300 950 νικητής
3348 880 3635 955 κατεφάνη,
3690 882 3771 935 καὶ

2141 962 2238 1028 τήν
2272 964 2394 1037 περὶ
2436 966 2601 1019 αὐτοῦ
2635 965 2875 1038 εὐδοξίαν
2926 967 3036 1039 ⁹ἤδη
3086 971 3373 1026 πλατύνειν
3412 969 3772 1045 διηγωνίζετο.

2144 1052 2554 1123 Πυνθανόμενος
2626 1052 2683 1109 δὲ
2755 1058 2909 1113 ταυτὶ
2989 1061 3017 1114 ὁ
3091 1065 3304 1134 κρατῶν
3372 1060 3615 1131 εὐθυμεῖν
3688 1060 3771 1132 μὶν

2142 1137 2321 1210 ἐῴκει,
2355 1140 2561 1214 κρύψας
2606 1143 2658 1197 ἐν
2710 1146 2882 1218 ἑαυτῷ
2928 1148 3023 1202 τὸν
3065 1150 3279 1225 φθόνον*
3314 1147 3465 1220 ὅμως
3494 1146 3539 1203 δ’
3568 1146 3653 1202 οὖν
3693 1147 3775 1202 ’ἱνα

2139 1229 2238 1296 τὴν
2296 1236 2395 1299 τῆς
2455 1232 2812 1304 Ἱεραπόλεως
2886 1236 3028 1311 τάχα
3104 1236 3240 1311 λύσῃ
3314 1237 3636 1312 πολιορκίαν
3690 1238 3770 1291 καὶ

2140 1319 2236 1385 τὴν
2272 1316 2540 1375 σιτοδείαν
2573 1326 3056 1397 παραμαθήσηται,
3095 1331 3289 1401 μοῖραν
3343 1327 3444 1380 οὐκ
3494 1325 3775 1400 ἐλαχίστην

2142 1406 2552 1480 ἀποτεμόμενος
2628 1416 2726 1465 τοῦ
2802 1419 3033 1489 στρατοῦ
3082 1415 3218 1469 κατᾶ
3278 1414 3474 1488 Συρίαν
3543 1413 3775 1469 ἀπελθεῖν

2144 1494 2459 1570 διωρίσατο,
2511 1499 2599 1552 καὶ
2651 1505 2842 1556 τοῦτον
2901 1504 2991 1557 τὸν
3052 1499 3254 1578 τρόπον
3314 1510 3415 1572 τῆς
3476 1502 3535 1557 ἐκ
3589 1503 3775 1556 τούτων

2145 1585 2337 1660 ἰσχύος
2391 1588 2482 1641 τὸν
2568 1592 2869 1664 στρατηγὸν
2955 1589 3314 1667 διεστέρησεν.
3361 1591 3457 1653 Εἷς
3515 1589 3570 1645 δὲ
3626 1586 3778 1645 Σεϐά-

2143 1696 2320 1729 στειαν
2405 1680 2849 1751 παραγενομένου
2928 1682 3063 1752 μετὰ
3119 1685 3227 1735 τῶν
3301 1678 3777 1751 ὑπολελειμμένων

2144 1762 2423 1835 δυνάμεων
2510 1768 2597 1820 καὶ
2668 1769 2793 1842 περὶ
2865 1770 2928 1823 τὸ
3008 1767 3136 1825 ἄστυ
3211 1766 3776 1843 στρατοπεδεύσαντος,

389 1862 672 1928 tanquam
704 1871 806 1926 per
836 1866 1089 1924 praeceps
1121 1849 1343 1903 ﬂuxum
1374 1846 1591 1900 habent
1621 1844 2034 1945 ejusmodi‘qui

2155 1851 2353 1921 ἐπῆλθέ
2417 1875 2498 1915 τις
2571 1854 2789 1925 πληθὺς
2863 1859 3156 1932 Τουρκική.
3220 1858 3398 1929 Ἐξῄει
3478 1862 3605 1933 γοῦν
3674 1848 3778 1911 κατ’

394 1948 711 2002 consistere
744 1942 969 2014 nequit,
1001 1939 1148 1993 687
1204 1937 1423 2007 quique
1470 1934 1788 1989 admodum
1841 1932 2037 1989 celeri-

392 2039 483 2091 ter
525 2032 799 2098 occurrit,
854 2046 969 2084 non
1021 2026 1282 2099 potuisse
1332 2041 1429 2079 eos
1461 2024 1556 2092 qui
1586 2022 1723 2077 illuc
1755 2023 2038 2093 coniuge-

396 2127 529 2179 rant
560 2137 791 2177 servare
821 2118 1031 2175 evitato
1066 2114 1319 2186 periculo
1346 2132 1357 2167 :
1383 2113 1523 2180 imo,
1547 2112 1702 2183 quod
1738 2127 2036 2181 nunquam

396 2214 531 2267 ante
588 2209 897 2275 acciderat,
947 2206 1028 2261 ita
1083 2203 1417 2260 abundasse
1467 2217 1703 2272 aquam,
1757 2206 1813 2256 et
1861 2199 2040 2254 veluti

402 2297 696 2369 absorptis
744 2295 1087 2350 ﬂuminibus
1119 2307 1323 2347 omnes
1355 2290 1587 2361 penitus
1618 2290 1717 2360 qui
1747 2305 1813 2344 eo
1844 2289 2041 2344 confu-

396 2393 605 2461 gerant
635 2385 850 2440 diluvio
880 2388 935 2439 et
984 2382 1362 2437 inundatione
1412 2378 1777 2450 oppressisse
1825 2383 1881 2432 et
1929 2379 2037 2432 sub

398 2482 554 2533 terra
584 2473 957 2530 demersisse.
994 2471 1123 2525 Hec
1155 2470 1333 2540 igitur
1364 2469 1433 2523 ad
1468 2468 1584 2522 alia
1630 2466 1899 2521 nuntiata
1949 2467 2038 2520 in-

398 2570 632 2640 gentem
657 2564 825 2619 nobis
850 2562 1029 2618 animi
1054 2558 1313 2615 dolorem
1336 2564 1392 2613 et
1413 2557 1737 2613 cruciatum
1772 2556 2037 2623 attulere,

400 2654 814 2726 reputantibus
844 2651 999 2722 quod
1029 2650 1322 2704 acciderat
1351 2662 1479 2702 esse
1510 2646 1771 2701 divinum
1808 2651 2039 2717 porten-

397 2748 525 2798 tum
558 2747 616 2797 et
644 2743 788 2796 iram
831 2747 1008 2810 atque
1054 2737 1514 2807 indignationem
1566 2735 1688 2801 Dei,
1738 2752 1872 2789 cum
1926 2751 2039 2789 non

398 2831 599 2886 hostes
623 2830 812 2895 modo,
849 2828 945 2883 sed
972 2827 1099 2898 ipsa
1120 2841 1353 2896 quoque
1373 2824 1661 2879 elementa
1685 2824 1852 2878 nobis
1876 2840 2041 2895 repu-

400 2924 667 2991 gnarent.
711 2917 879 2971 Prius
922 2915 1080 2970 enim
1131 2918 1215 2969 tot
1263 2912 1565 2968 nationum
1616 2928 1938 2967 concursus
1987 2917 2044 2968 et

400 3007 733 3075 concitatio,
766 3010 823 3059 et
870 3020 1071 3059 eorum
1116 3002 1216 3075 qui
1266 3002 1377 3056 sub
1427 3001 1705 3056 Romanis
1755 3002 2044 3073 degebant

399 3097 663 3163 defectio,
710 3096 798 3151 ira
848 3094 1045 3150 divina
1092 3093 1325 3164 quidem
1375 3107 1637 3155 evenere,
1690 3092 1790 3147 sed
1840 3096 2042 3147 contra

397 3185 722 3251 hereticos,
764 3185 864 3256 qui
913 3183 1159 3238 Iberi‘.m
1213 3187 1269 3237 et
1318 3181 1796 3253 Mesopotamiam
1855 3197 2040 3252 usque

397 3277 464 3331 ad
516 3275 835 3330 Licandum
885 3278 942 3328 et
988 3271 1319 3327 Melitenem
1352 3275 1407 3325 et
1441 3270 1749 3325 finitimam
1777 3269 2041 3325 incolunt

390 3362 1190 3432 Armeniam,Judaicamque
1218 3360 1466 3415 Nestorii
1518 3364 1575 3412 et
1623 3358 2049 3430 Acephalorum

396 3452 598 3508 colunt
626 3452 920 3507 haeresim.
956 3449 1183 3504 Etenim
1226 3448 1409 3518 plenae
1464 3453 1602 3502 sunt
1650 3448 1733 3501 ha:
1784 3448 2051 3519 regiones

398 3540 806 3610 hujuscemodi
838 3556 1026 3610 prava:
1059 3537 1372 3607 opinionis.
1407 3536 1516 3591 Sed
1552 3536 1650 3590 ubi
1700 3535 2051 3591 orthodoxos

401 3645 639 3701 quoque
667 3628 882 3683 invasit
912 3626 1240 3693 calamitas,
1273 3641 1477 3679 omnes
1508 3624 1608 3696 qui
1652 3624 2049 3680 Romanorum

402 3718 585 3773 cultui
620 3716 836 3772 addicti
868 3721 1065 3771 essent
1096 3732 1209 3786 quo
1242 3732 1303 3770 se
1352 3718 1643 3769 verterent
1690 3715 2049 3776 nesciebant.

403 3811 745 3879 reputantes
793 3811 849 3860 et
896 3805 1159 3876 ipsorum
1206 3820 1545 3859 mensuram
1596 3804 1836 3874 perinde
1883 3811 2053 3876 atque

402 3896 1020 3952 olimAmorrhaaorum
1036 3894 1113 3948 im
1125 3893 1337 3965 pletam
1356 3908 1504 3959 esse,
1526 3898 1581 3947 et
1595 3897 1733 3948 tunc
1748 3894 2051 3951 credentes

404 4001 521 4040 non
543 3990 773 4039 tantum
800 3989 1015 4039 rectam
1041 3983 1215 4037 ﬁdem
1240 3981 1456 4053 requiri
1500 3983 1600 4037 sed
1632 3986 1688 4037 et
1718 3982 1893 4037 vitam
1922 3984 2052 4039 ﬁdei

409 4074 903 4143 respondentem;
938 4088 1118 4142 quare
1151 4071 1401 4141 utrique,
1436 4075 1491 4126 et
1521 4071 1579 4126 in
1632 4071 1742 4125 ﬁde
1786 4071 2057 4128 videlicet

405 4166 669 4217 errantes
708 4167 765 4215 et
803 4161 861 4213 in
899 4159 1017 4215 vita
1046 4159 1405 4215 oﬂendentes
1444 4165 1619 4229 atque
1656 4158 2054 4216 claudicantes

408 4250 535 4321 pari
558 4250 845 4320 supplicio
869 4248 1059 4303 aﬂ'ecti
1086 4252 1245 4316 sunt;
1277 4248 1377 4318 qui
1405 4248 1561 4302 enim
1588 4247 1721 4303 fecit
1749 4252 1807 4302 et
1832 4248 2051 4318 docuit,

408 4338 503 4393 hic
534 4338 741 4393 beatus
770 4341 1061 4393 censetur.
1094 4337 1196 4392 His
1228 4337 1445 4393 auditis
1472 4336 1791 4408 imperator
1818 4353 2053 4394 summo

2148 1943 2321 1997 αὐτῶν
2378 1945 2405 1997 ὁ
2449 1945 2888 2019 κουροπαλάτης.
2950 1949 3253 2002 Φαντασίαν
3314 1945 3373 2002 δὲ
3429 1953 3605 2022 φυγῆς
3654 1965 3778 2018 παρ-

2148 2030 2469 2106 εσχημένων
2510 2038 2617 2088 τῶν
2672 2033 2959 2108 πολεμίων
3006 2035 3065 2091 ἐκ
3111 2038 3481 2109 συνθήματος,
3508 2034 3621 2090 ἐπεὶ
3677 2032 3780 2089 δια-

2147 2119 2521 2185 σκεδασθέντες
2585 2124 2637 2177 οί
2692 2124 2961 2196 Ῥωμαῖοι
3017 2122 3263 2193 ἐδίωκον,
3312 2124 3643 2202 ἐπιστροφὴν
3700 2123 3779 2177 αἷ-

2148 2206 2352 2285 φνίδιον
2413 2209 2776 2281 ποιησάμενοι
2832 2211 3201 2287 παλίντροπον
3249 2214 3349 2281 τὴν
3411 2212 3560 2281 νίκην
3616 2210 3779 2287 εἰργά-

2152 2317 2330 2353 σαντο·
2369 2295 2453 2351 διὸ
2483 2298 2573 2352 καὶ
2614 2297 2819 2354 πολλοὶ
2856 2303 2950 2373 μὲν
2980 2301 3242 2371 ἑάλωσαν,
3277 2304 3356 2374 [Ρ.
3408 2303 3535 2373 834]
3582 2299 3785 2360 πλείους

2150 2386 2207 2443 δὲ
2260 2386 2347 2442 καὶ
2407 2386 2683 2461 μαχαίρας
2764 2384 2921 2463 ἔργον
2977 2391 3247 2465 γεγόνασι.
3312 2388 3694 2444 Συναλίσκεται
3735 2385 3785 2442 δέ

2148 2477 2237 2532 καὶ
2269 2476 2427 2537 αὐτὸς
2459 2482 2576 2539 τοῖς
2608 2474 2807 2539 ἄλλοις
2837 2480 2865 2533 ὁ
2897 2476 3337 2553 κουροπαλάτης,
3373 2479 3466 2533 καὶ
3515 2485 3613 2546 τῆς
3656 2497 3785 2548 παρ·

2151 2559 2397 2637 εμϐολῆς
2456 2564 2669 2633 ἁπάσης
2730 2566 3061 2639 παράστασις
3118 2565 3207 2619 καὶ
3267 2568 3489 2641 ἁρπαγὴ
3548 2565 3634 2619 καὶ
3680 2560 3782 2618 δια-

2151 2652 2437 2713 σκύλευσις
2494 2653 2699 2727 γέγονε.
2762 2654 2859 2707 Καὶ
2918 2655 2961 2708 εἰ
3014 2656 3087 2728 μή
3146 2656 3208 2709 τὸ
3262 2655 3396 2709 ἄστυ
3453 2653 3679 2724 πλησίον
3733 2654 3784 2707 ὃν

2147 2742 2274 2804 τοὺς
2333 2740 2561 2802 πλείους
2618 2739 2891 2810 διέσωσεν,
2929 2741 3287 2797 ἐκινδύνευσεν
3351 2740 3412 2797 ἃν
3473 2744 3786 2813 πανστρατιᾷ

2149 2836 2183 2901 ἠ
2236 2836 2343 2886 τῶν
2397 2830 2684 2903 Ῥωμαίων
2742 2830 2955 2900 ἡλικία,
3013 2831 3111 2903 ὅση
3185 2834 3320 2908 πρὸς
3405 2834 3504 2902 τήν
3582 2832 3785 2888 ἐνταῦθα

2150 2921 2489 2994 ἐκστρατείαν
2522 2917 2838 2993 συνέδραμε.
2872 2924 2990 2989 Τῆς
3022 2924 3214 2999 φήμης
3275 2919 3334 2976 δὶ
3386 2916 3784 2989 καταλαϐούσης

2147 3011 2237 3065 τὸν
2276 3007 2501 3084 βασιλέα
2530 3007 2717 3079 πολλή
2770 3030 2855 3072 τις
2886 3008 3009 3063 ἀνία
3051 3012 3310 3087 κατέσχεν
3373 3011 3557 3068 αὐτόν.
3616 3012 3781 3079 Μήπω

2151 3097 2208 3153 δὲ
2240 3095 2435 3173 σχεδὸν
2476 3097 2677 3167 ταύτης
2708 3097 3051 3170 ήκουσμένης
3094 3100 3248 3173 ἑτέρα
3296 3098 3533 3165 ἐπῆλθεν
3582 3098 3784 3170 ὀξυτέρα

2152 3189 2241 3243 καὶ
2267 3185 2552 3261 τομωτέρα
2583 3188 2741 3264 φήμη
2774 3184 2995 3258 πολλῷ,
3022 3187 3149 3249 τοὺς
3201 3187 3476 3261 Τούρκους
3534 3184 3789 3261 ἀπαγγέλ-

2161 3277 2331 3332 λουσα
2358 3277 2458 3344 τὴν
2488 3275 2539 3330 ἐν
2564 3276 2776 3337 Χώναις
2808 3274 3088 3331 πολιτείαν
3144 3279 3231 3332 καὶ
3292 3277 3456 3333 αὐτὸν
3508 3278 3597 3332 τὸν
3657 3295 3791 3349 περι-

2162 3361 2362 3436 ϐόητον
2400 3364 2450 3419 ἰν
2497 3365 2733 3437 θαύμασι
2790 3369 2879 3419 καί
2929 3366 3238 3438 ἀναθήμασι
3293 3370 3394 3420 τοῦ
3448 3365 3796 3441 ἀρχιστρατή-

2159 3476 2262 3530 γου
2333 3455 2455 3509 ναὸν
2520 3448 2845 3509 καταλαϐεῖν
2901 3452 2951 3508 ἐν
3021 3454 3287 3530 μαχαίρᾳ,
3347 3455 3441 3510 καὶ
3498 3455 3657 3533 φόνου
3714 3451 3795 3526 μὲν

2164 3544 2373 3597 ἅπαντα
2413 3542 2480 3597 τὰ
2530 3540 2702 3596 ἐκεῖσε
2757 3539 3051 3617 πληρῶσαι
3098 3542 3186 3597 καὶ
3234 3541 3467 3617 λύθρου,
3497 3542 3702 3603 πολλὰς
3750 3537 3800 3593 δὲ

2162 3626 2347 3706 ὕϐρεις
2401 3635 2480 3702 τῷ
2533 3631 2664 3702 ἱερῷ
2704 3630 3214 3705 ἆμπαροινισθῆναι,
3262 3632 3487 3687 ἱππῶνα
3538 3632 3624 3686 τὸν
3678 3627 3800 3683 πάν-

2164 3740 2357 3774 σεπτον
2410 3720 2805 3795 ἐργασαμένους
2836 3720 2981 3791 ναὸν,
3012 3721 3101 3774 καὶ
3152 3721 3213 3774 τὸ
3265 3717 3331 3790 δὴ
3394 3719 3799 3797 σχετλιώτερον,

2167 3804 2309 3880 μηδὲ
2337 3807 2432 3868 τὰς
2484 3810 2580 3860 τοῦ
2634 3806 2917 3880 χάσματος
2967 3808 3245 3881 σήραγγας
3292 3809 3434 3881 (19),
3466 3805 3517 3861 ἐν
3566 3807 3705 3878 ᾧπερ
3756 3801 3801 3855 οἱ

2162 3895 2555 3970 παραρῥέοντες
2613 3894 2859 3967 ποταμοὶ
2917 3893 3089 3949 ἐκεῖσε
3148 3890 3524 3970 χωνευόμενοι
3582 3892 3665 3948 διὰ
3714 3895 3801 3957 τῆς

2161 3989 2259 4039 τοῦ
2316 3985 2761 4058 ἀρχιστρατήγου
2819 3982 3053 4044 παλαιᾶς
3114 3980 3420 4055 ἐπιδημίας
3484 3985 3570 4039 καὶ
3625 3993 3800 4047 θεοση·

2170 4074 2295 4145 μίας
2352 4072 2427 4133 ὡς
2485 4069 2575 4125 διὰ
2630 4075 2867 4146 πρανοῦς
2926 4072 3184 4125 ἀπατοῦν
3240 4074 3301 4127 τὸ
3347 4070 3523 4147 ῥεῦμα
3552 4069 3639 4125 καὶ
3693 4065 3798 4121 λίαν

2165 4159 2468 4235 εὐδρομοῦν
2529 4158 2743 4236 ἔχουσι,
2782 4159 2910 4221 τοὺς
2964 4162 3439 4239 καταπεφευγότας
3500 4158 3801 4233 διατηρῆσαι

2162 4249 2252 4304 καὶ
2314 4248 2576 4319 ὑπαλύξαι
2634 4249 2725 4303 τὸν
2776 4245 3021 4303 κινδυνον
3079 4248 3323 4323 ἰσχῦσαι,
3386 4248 3515 4304 ἀλλ’
3572 4248 3694 4320 ὅπερ
3744 4242 3799 4297 οὐ

2161 4338 2345 4413 γέγονέ
2372 4358 2523 4404 ποτε,
2556 4333 2965 4412 πλημμυρῆσαι
3012 4337 3074 4390 τὸ
3124 4334 3270 4412 ὕδωρ
3328 4336 3420 4391 καὶ
3481 4338 3595 4390 οἷον
3652 4329 3796 4406 ἀναῤ-

1708 4453 1953 4509 JACOBI
1992 4454 2210 4511 GOARI
2251 4453 2463 4509 NOTAE
2476 4494 2488 4511 .

476 4550 587 4621 (19)
637 4551 830 4604 Fidem
862 4549 1223 4620 Apocryphis
1252 4566 1356 4605 nec
1386 4566 1560 4617 erogo
1589 4566 1694 4605 nec
1725 4550 2050 4606 emendico.
2087 4556 2133 4619 D
2165 4551 2469 4605 ecclesiam
2521 4554 2704 4620 agunt
2752 4550 3178 4619 eﬂ'unduntque
3213 4566 3225 4621 ξ
3253 4551 3502 4621 jamque
3532 4558 3801 4621 aquarum

412 4622 575 4685 Quod
609 4622 787 4677 Graeci
822 4628 1062 4676 narrant
1093 4638 1362 4677 sermone
1398 4623 1459 4675 18
1490 4622 1798 4687 Thesauri,
1851 4622 2049 4677 lectio!-

408 4694 559 4747 narii
603 4694 883 4748 nimirum
918 4694 977 4746 in
1010 4708 1209 4747 eorum
1245 4693 1508 4748 ecclesiis
1542 4693 1771 4764 publice
1800 4693 1954 4761 lecti,
1990 4710 2061 4749 ne

408 4766 695 4820 obscurus
726 4770 783 4819 et
820 4764 1204 4834 inexplicatus
1256 4769 1490 4818 maneat
1539 4765 1795 4819 auctoris
1842 4769 2056 4832 textus,

409 4836 664 4919 breviter
714 4838 919 4919 refero.
972 4834 1209 4901 Chonis,
1258 4836 1537 4919 inquiunt

408 4978 858 5048 benedicta,qua
888 4978 1137 5049 irrorata
1164 4976 1465 5032 miraculis
1487 4978 1729 5033 edendis
1753 4994 2057 5049 nunquam

408 5049 659 5103 caelestis
692 5054 748 5103 et
772 5050 1037 5119 angelica
1088 5048 1269 5103 virtus
1318 5050 1534 5103 deerat.
1587 5048 1935 5120 Frequentia
1984 5050 2058 5105 si-

407 5136 658 5189 gnorum
695 5121 1021 5191 Archippus
1056 5120 1295 5191 quidam
1344 5120 1813 5187 Hicrapnlitanus
1864 5127 2057 5176 motus

406 5191 478 5263 ad
516 5207 758 5263 squam
828 5190 1025 5245 condit
1089 5190 1391 5245 ecclesiam
1470 5192 1773 5247 Michaelis
1831 5208 2056 5263 superae

406 5261 625 5343 militiae
660 5262 946 5343 principis.
972 5264 1207 5343 nomine
1246 5263 1758 5343 .dieatamhquam
1809 5261 2057 5343 gentiles

405 5333 673 5404 religioni
728 5334 1068 5403 nominique
1128 5334 1455 5389 Christiano
1513 5334 1724 5389 infensi
1787 5336 2055 5389 traducto

408 5421 509 5476 per
532 5421 657 5459 eam
683 5404 900 5475 Chryso
928 5406 1100 5459 ﬂuvio
1123 5406 1368 5473 dejicere
1386 5412 1525 5460 sunt
1546 5407 2060 5475 aggressiDelusit

402 5493 604 5531 eorum
639 5482 915 5531 conatum
944 5483 999 5531 et
1027 5477 1523 5547 exspectationem
1557 5477 1753 5532 cwlica
1799 5480 2058 5548 potentia

402 5553 457 5603 et
512 5548 569 5601 in
624 5548 931 5619 adversam
983 5554 1201 5617 partem
1255 5565 1513 5619 cursum
1547 5549 1667 5619 egit
1726 5550 1907 5603 ﬂuvii.
1968 5549 2055 5603 Illi

406 5625 601 5691 spreto
654 5618 935 5675 miraculo
984 5619 1185 5691 coeptis
1241 5618 1605 5691 obstinatius
1642 5620 1947 5685 insistunt,
2002 5627 2057 5675 et

403 5689 670 5762 Cuphum
706 5689 1109 5763 Lycocamque
1143 5690 1353 5746 ﬂuvios
1386 5689 1618 5745 aliunde
1671 5693 1951 5747 deductos
1996 5691 2055 5747 in

1610 4836 1752 4907 urbe
1804 4835 2059 4907 Phrygiis

411 4908 824 4987 asservabatur
855 4924 1007 4987 aqua
1040 4880 1513 4987 mandvot‘isque
1537 4880 1780 4987 gloanpis
1811 4880 2059 4976 apostoli

2170 4623 2388 4677 diluvio
2418 4615 2739 4677 corruisset
2775 4621 2895 4687 illa,
2923 4621 2980 4675 ni
3013 4615 3335 4675 caelestium
3370 4615 3667 4691 agminum
3699 4615 3800 4668 dux

2166 4693 2409 4774 Michael
2440 4693 2668 4774 lancea,
2700 4709 2817 4774 qua
2848 4693 3173 4774 instructus
3203 4692 3501 4774 apparuit,
3545 4701 3798 4774 percussa

2170 4771 2328 4840 petra
2369 4765 2668 4840 ingentem
2719 4762 2778 4818 in
2832 4779 2900 4818 ea
2946 4762 3297 4834 voraginem
3322 4769 3511 4840 tan_taa_
3532 4771 3794 4840 aquarum

2170 4833 2308 4890 moli
2342 4833 2719 4890 abs—orbendaa
2743 4850 3014 4905 capacem
3046 4833 3673 4905 eicavasset.Subeunt_
3697 4833 3793 4882 ita-

2170 4924 2284 4977 que
2309 4907 2721 4961 subterraneas
2754 4902 2997 4978 specus,
3016 4905 3249 4978 τᾶςᾉτοῦγ
3279 4906 3565 4978 χάσματος
3590 4902 3794 4978 ’σήραγτ

2168 4972 2291 5050 ⁸ίοις,
2342 4978 2667 5047 praecipites
2716 4972 3070 5050 et'hurniles
3119 4972 3426 5050 ﬂuviorum
3460 4974 3715 5050 vortices,
3746 4972 3796 5049 et

2167 5042 2427 5104 ecclesias
2476 5042 2875 5103 fundamentis
2907 5047 3076 5118 longe
3108 5048 3468 5110 accliviores.
3505 5043 3667 5117 quasi
3684 5042 3793 5118 loci

2168 5120 2442 5189 religione
2476 5118 2775 5191 territae,in
2810 5112 3039 5174 vicinos
3059 5120 3272 5175 deinde
3304 5136 3474 5191 agros
3496 5112 3627 5191 dato
3649 5112 3794 5191 alveo

2166 5185 2561 5259 eme-rgunt,et
2592 5185 2919 5245 innbﬂ‘enso
2950 5207 3124 5244 cursu
3160 5208 3320 5246 mare
3337 5185 3538 5245 versus
3561 5185 3795 5259 illabun:

2164 5268 2281 5339 tur.
2317 5249 2615 5339 "Arinchi;
2647 5260 2709 5339 τὸ
2739 5260 2957 5339 θαῦμαζ
2973 5261 3239 5339 scribunt
3280 5262 3386 5339 illi.
3436 5254 3717 5339 ὠνομάσθη
3760 5249 3791 5339 ’ᾇ

2164 5333 2333 5393 τόπος
2396 5333 2597 5396 Χῶναι,
2656 5331 2771 5401 ἀμή
2845 5326 3039 5404 πρῶτα
3108 5332 3419 5403 ὠνομάζετο
3467 5326 3789 5404 ῌΚωλασσαί·

2164 5407 2497 5479 miraculum
2523 5398 2842 5479 ,Chonerum
2876 5398 3067 5474 (quasi
3090 5398 3253 5479 dicas
3267 5398 3785 5479 Δἱιὶίίι-ῐξιίἱιωξυιρεον

2171 5478 2595 5549 Colassaﬂprius
2641 5484 2850 5538 vocato,
2900 5492 3093 5549 nomen
3124 5476 3346 5532 indidit.
3393 5474 3786 5549 Monasterigm

2166 5541 2932 5618 voraginir'superstructum
2964 5547 3154 5603 adhuc
3185 5548 3510 5618 exstare,»ct
3538 5541 3660 5618 urbi
3690 5541 3784 5614 Μιτ

2167 5616 2563 5701 χαήχξίώναις
2599 5634 2810 5701 nomen
2842 5618 2914 5673 ab
2944 5634 3010 5673 eo
3044 5618 3387 5701 impositum
3420 5616 3641 5675 docent,
3688 5622 3780 5680 qm

2164 5690 2293 5747 visu
2322 5695 2639 5762 utrumque
2670 5690 3085 5746 lustraverunt.

3994 2810 3999 2957 l

3995 3024 4002 3235 ί
