4084 6140
344 325 465 386 417

1858 319 2245 383 HISTORIA.

3654 342 3771 400 418

345 450 642 531 ῥοιϐδῆσαι
691 456 776 510 καὶ
830 456 1209 532 ἀνερῥίξασθαι
1256 456 1345 510 καὶ
1402 453 1605 515 πάντας
1663 449 1831 526 ἄρδην
1880 451 2004 514 τοὺς

2121 453 2317 509 studio
2368 459 2422 510 et
2481 456 2661 511 animi
2719 456 3017 516 alacritate
3077 466 3517 537 quamprimum
3576 471 3769 543 egredi

344 544 823 623 καταπεφευγότας
869 543 1199 600 κατακλύσαι
1242 546 1333 598 καὶ
1391 541 1481 597 ’διά
1544 543 1710 615 ξηρᾶς
1764 537 2007 615 ὑποϐρυ-

346 634 513 710 χίους
589 636 935 704 ποιήσασθαι.
989 638 1165 689 Ταῦτα
1218 637 1508 708 τοιγαροῦν
1585 628 2007 705 ἐπιδιήγηθέντα

344 721 570 791 πολλὴν
648 721 840 790 ἐνῆκαν
914 724 1013 791 τήν
1076 721 1305 795 ἀθυμίαν
1365 724 1499 793 ἡμῖν
1547 764 1560 788 ,
1620 717 2007 793 λογιζομένοις

346 810 649 882 θεοσημίαν
683 812 812 865 εἶναι
860 812 921 866 τὸ
952 812 1168 887 γεγονὸς
1210 812 1299 865 καὶ
1336 817 1497 883 μῆνιν
1522 812 1613 863 καί
1645 806 1817 883 χόλον
1850 811 2006 874 Θεοῦ,

349 910 428 971 ὡς
467 910 543 981 μή
578 908 741 981 μόνον
770 914 875 963 τῶν
918 908 1199 982 πολεμίων
1235 907 1380 963 ἀλλὰ
1408 909 1543 981 [καὶ]
1573 911 1683 962 τῶν
1716 906 2004 980 στοιχείων

352 996 810 1073 ἆντιμαχομένων
861 1001 1020 1072 ἡμῖν.
1075 998 1346 1073 Πρότερον
1398 997 1500 1073 γὰρ
1550 998 1585 1065 ἡ
1634 994 1868 1064 τοσαύτη
1901 998 2005 1048 τῶν

355 1085 525 1151 ἐθνῶν
582 1086 727 1161 ὁρμὴ
784 1088 874 1141 καὶ
948 1082 1171 1163 ἔπαρσις
1231 1087 1320 1141 καὶ
1380 1091 1482 1139 τῶν
1545 1085 1646 1139 ὑπὸ
1704 1082 2006 1157 Ῥωμαίους

351 1174 656 1230 τελούντων
704 1177 988 1246 κατακοπή
1053 1176 1189 1252 ὀργὴ
1247 1176 1342 1249 μὶν
1382 1179 1481 1230 τοῦ
1530 1178 1689 1241 Θεοῦ,
1737 1172 1873 1227 κατὰ
1900 1178 2005 1227 τῶν

348 1266 641 1341 αἱρετικῶν
696 1262 753 1320 δὲ
788 1308 802 1333 ,
862 1267 914 1321 οἳ
986 1267 1084 1334 τὴν
1143 1262 1380 1341 Ἰϐηρίαν
1438 1266 1529 1321 καὶ
1590 1263 2008 1335 Μεσοποταμίαν

352 1355 523 1429 μέχρι
578 1351 858 1408 Λυιιανδοῦ
908 1354 997 1409 καὶ
1050 1353 1360 1425 Μελιτηνῆς
1414 1355 1503 1409 καὶ
1546 1355 1643 1421 τὴν
1676 1350 2008 1428 παρακειμέ-

345 1465 445 1513 νην
506 1443 746 1498 οἰκοῦσιν
790 1444 1095 1519 Ἀρμενίαν,
1137 1444 1228 1499 καὶ
1287 1446 1339 1499 οἳ
1396 1445 1495 1512 τὴν
1557 1441 1857 1512 Ἰουδαῖκὴν
1911 1445 2008 1496 τοῦ

350 1534 652 1607 Νιστορίου
710 1531 797 1587 καὶ
857 1537 962 1585 τῶν
1015 1531 1325 1609 ἈκεφάΛων
1386 1530 1771 1606 θρησκεύουσιν
1830 1528 1948 1605 α’ίρι
1984 1560 2010 1573 -

347 1639 451 1675 σιν·
507 1620 599 1675 καὶ
642 1622 748 1696 γάρ
801 1619 1105 1691 πλήθουσιν
1157 1618 1273 1675 α“ίδε
1317 1621 1372 1675 αἱ
1414 1624 1594 1695 χῶραι
1624 1626 1722 1689 τῆς
1750 1619 2006 1689 τοιαύτης

343 1706 692 1779 κακοδοξίας.
745 1710 913 1765 Ἑπάν
974 1707 1031 1764 δὲ
1082 1710 1169 1764 καὶ
1230 1710 1336 1763 τῶν
1393 1705 1695 1784 ὀρθοδόξων
1736 1707 1916 1781 ἥψατο
1944 1708 2008 1763 τὸ

346 1795 548 1864 δεινὸν,
607 1796 659 1852 ἐν
715 1797 1029 1873 ἀμηχάνοις
1079 1798 1213 1867 ἦσαν
1272 1798 1465 1858 πάντες
1522 1796 1572 1851 οἷ
1620 1797 1687 1851 τὰ
1726 1796 2007 1893 Ῥωμαίων
2038 1828 2085 1893 Β

341 1886 757 1962 θρησκεύοντες,
834 1884 1230 1962 πεπληρῶσθαι
1308 1887 1395 1941 καὶ
1462 1886 1525 1941 τὸ
1578 1886 1748 1940 αὑτῶν
1808 1884 2001 1961 μέτρον

341 1978 437 2030 υἷα
487 1975 578 2029 καὶ
623 1976 684 2029 τὸ
744 1979 853 2029 τῶν
907 1975 1259 2051 Ἀμορραίων
1330 1974 1706 2050 λογιζόμενοι,
1763 1976 1850 2029 καὶ
1913 1996 2003 2029 πι-

347 2064 629 2127 στεύοντες
672 2069 969 2134 τηνικαῦτα
1020 2064 1095 2127 ὠς
1149 2062 1253 2139 ἄρα
1305 2065 1367 2119 οὑ
1421 2063 1583 2137 μόνον
1635 2065 1811 2126 πίστις
1844 2065 2002 2118 άπαι-

346 2158 523 2207 τεῖται
558 2150 717 2227 ὅρθὴ,
769 2151 914 2207 ἀλλᾶ
970 2153 1058 2207 καὶ
1114 2153 1231 2228 βίος
1279 2152 1347 2227 τῇ
1388 2152 1563 2207 πίστει
1595 2154 2001 2226 ἀνθιστάμενος.

349 2251 447 2304 Διὸ
484 2249 575 2304 καὶ
626 2249 945 2326 ἀμφότεροι,
979 2250 1093 2305 ὅτε
1138 2250 1261 2325 περὶ
1306 2252 1405 2319 τὴν
1455 2250 1633 2305 πίστιν
1687 2250 2001 2328 σφαλλόμε-

346 2360 442 2401 νος
492 2335 708 2409 δηλαδή
740 2338 830 2392 καὶ
881 2340 909 2392 6
960 2341 1079 2415 περὶ
1113 2340 1203 2393 τὸν
1250 2340 1365 2413 βίον
1421 2340 1733 2408 ὑποσκάζων
1766 2340 1852 2393 καὶ
1880 2360 2002 2414 χω-

347 2426 550 2496 λεύων,
602 2426 653 2481 ἐν
709 2425 800 2501 ἴσῃ
859 2428 1100 2503 τιμωρίᾳ
1154 2428 1516 2493 καθίστανται’
1569 2429 1725 2504 ὁγὰρ
1770 2431 2001 2499 ποιήσας

342 2518 438 2571 καὶ
475 2514 689 2586 διδάξας
741 2515 1033 2571 ἐπαινεῖται
1086 2516 1175 2571 καὶ
1227 2519 1599 2593 μακαρίζεται.
1648 2522 1821 2572 Ταῦτα
1869 2519 2001 2572 ἑνω-

338 2606 632 2677 τισάμενος
692 2606 719 2659 ὁ
804 2604 1058 2681 βασιλεὺς
1127 2607 1435 2681 προθυμίαν
1500 2607 1597 2680 μὶΑ
1664 2608 1805 2682 εἶχεν
1866 2606 2003 2662 ὥστε

342 2693 543 2749 αὐτίκα
590 2694 885 2769 ἐξορμῆσαι
939 2695 1029 2749 καὶ
1087 2699 1156 2768 τῇ
1214 2696 1403 2749 ἑαυτοῦ
1462 2697 1622 2771 χώρᾳ
1683 2697 2002 2771 βοηθῆσαι,

349 2782 641 2857 ἀπείργετο
691 2781 748 2838 δὲ
795 2789 913 2845 τοῖς
958 2804 1016 2838 τι
1063 2778 1399 2856 συμϐούλοις
1445 2785 1532 2837 καὶ
1576 2787 1645 2857 τῇ
1687 2782 1880 2856 ἀγνοίᾳ
1906 2788 2001 2838 τοῦ

353 2870 603 2942 πλήθους
647 2876 753 2926 τῶν
806 2872 1082 2927 ἐναντίων·
1127 2874 1294 2929 Ἦσαν
1346 2869 1403 2926 δὲ
1452 2871 1482 2927 ὅ
1528 2893 1586 2926 τε
1624 2872 2001 2947 Παλαιολόγος

358 2961 672 3037 Νικηφόρος
722 2962 749 3014 6
804 2960 1123 3036 ὑπέρτιμος,
1156 2960 1245 3015 καὶ
1292 2967 1400 3016 τῶν
1448 2960 1763 3039 φιλοσόφων
1804 2962 2003 3026 ὕπατος

356 3054 767 3110 Κωνσταντῖνος
820 3050 847 3103 6
896 3046 1138 3116 Ψελλός,
1184 3051 1268 3122 [Ρ.
1319 3052 1445 3121 835]
1495 3050 1583 3104 καὶ
1633 3049 1717 3103 ἐπὶ
1768 3057 1927 3104 πᾶσιν
1974 3052 2002 3105 6

355 3142 564 3212 Καῖσαρ
609 3138 637 3191 ὁ
683 3142 781 3192 τοῦ
827 3132 1387 3212 προϐεϐασιλευκότος
1446 3138 1726 3211 σύναιμος·
1778 3140 1829 3192 οἳ
1879 3141 2004 3193 ὅσον

358 3226 455 3299 μὲν
491 3224 572 3279 ἐπ’
604 3225 811 3294 αὐτοῖς,
866 3224 991 3280 οὐδὲ
1035 3230 1130 3300 ζῇν
1179 3226 1413 3301 ᾑροῦντο
1467 3227 1627 3281 αὐτὸν
1675 3226 1863 3301 (βαρὺς
1901 3230 2001 3303 γὰρ

350 3317 419 3383 ἦν
449 3315 635 3377 αὐτοῖς
673 3316 763 3369 καὶ
816 3314 1156 3389 βλεπόμενος
1204 3315 1321 3369 λίαν
1363 3314 1508 3387 αύτῷ
1538 3315 2005 3391 ἀπεχθανομένοις

351 3402 430 3464 ὡς
459 3399 613 3478 ἀνδρὶ
658 3403 889 3477 γενναίῳ
940 3404 1028 3457 καὶ
1089 3400 1388 3477 θυμοειδεῖ,
1438 3403 1525 3457 καὶ
1570 3404 1697 3466 τοὺς
1747 3402 2003 3480 ἐφέδρους

346 3498 451 3561 τῆς
485 3489 761 3566 βασιλείας
811 3488 1021 3567 ἔχοντι,
1050 3492 1178 3554 τοὺς
1209 3490 1404 3555 παῖδάς
1433 3514 1578 3568 φημι
1608 3497 1704 3548 τοῦ
1757 3493 2003 3566 Δουκὸς),

349 3579 507 3662 ὅμως
565 3588 612 3644 δ’
666 3591 756 3644 οῦν
819 3590 879 3645 ἐκ
930 3595 1027 3645 τοῦ
1090 3596 1397 3669 προφανοῦς
1455 3590 1687 3665 ᾐδοῦντο
1745 3587 2004 3665 συμϐου-

352 3676 534 3733 λεύειν
595 3678 743 3751 αὐτῷ
798 3680 864 3733 τὰ
920 3678 1231 3755 ἀσύμφορα.
1294 3680 1428 3736 Μεθ’
1481 3680 1689 3755 ἡμέρας
1747 3678 1805 3735 δέ
1857 3702 2006 3742 τινας

350 3763 494 3836 ἤλθε
548 3768 638 3821 καὶ
718 3769 747 3823 6
823 3767 1246 3843 κουροπαλάτης
1305 3768 1618 3837 Μανουὴλ,
1677 3769 2006 3843 ἐπαγόμενος

356 3857 476 3929 μεθ’
533 3856 725 3910 ἐαυτοῦ
798 3856 890 3911 τὸν
968 3858 1310 3932 κατασχόντα
1377 3856 1534 3911 αὐτὸν
1597 3860 1840 3932 Τοῦρκον
1908 3857 2007 3912 οὐκ

354 3942 574 4017 ἄκοντα,
624 3943 753 4000 ἀλλ’
800 3945 991 4000 ἑκόντα
1032 3948 1132 4014 τήν
1178 3946 1280 4001 ὑπὸ
1326 3947 1419 4001 τὸν
1480 3945 1704 4021 βασιλέα
1756 3944 2004 4002 δουλείαν

354 4033 784 4109 αίρετισάμενον.
837 4039 1127 4107 Δυσμενῶς
1181 4032 1226 4089 δ’
1283 4032 1514 4110 ἔχοντος
1561 4040 1658 4090 τοῦ
1706 4035 2006 4091 σουλτάνου

353 4122 495 4199 πρὸς
544 4122 703 4178 αὐτὸν
765 4121 852 4177 διά
899 4145 1020 4178 τινα
1068 4119 1349 4196 συμϐάντα
1399 4123 1715 4197 αἲτιάματα,
1755 4125 2005 4199 στρατιὰν

353 4212 472 4266 κατ’
548 4210 711 4267 αὐτοῦ
791 4212 924 4286 μετά
996 4234 1141 4274 τινος
1211 4214 1552 4287 στρατάρχου
1618 4211 1957 4283 ἐξαπέστειλε
1990 4258 2004 4285 ,

352 4301 514 4355 παντὶ
565 4301 754 4374 τρόπῳ
808 4300 949 4357 ἑλεῖν
1001 4300 1159 4356 αὐτὸν
1195 4301 1619 4377 μηχανώμενος,
1654 4303 1715 4356 οῦ
1744 4307 1822 4373 τῷ
1852 4297 2008 4380 φόϐῳ

351 4390 722 4453 κατασεισθιὶς
781 4388 856 4462 τῷ
913 4388 1128 4465 βασιλεῖ
1168 4391 1553 4467 καταπέφευγε,
1601 4390 1692 4444 καὶ
1741 4388 2007 4466 πρόεδρος

351 4480 662 4554 παραυτίκα
717 4479 1000 4551 τετίμηται
1040 4524 1052 4535 .
1112 4483 1209 4535 Ἢν
1272 4477 1328 4533 δὲ
1382 4479 1444 4533 τὸ
1516 4480 1609 4552 μὲν
1681 4480 2005 4557 φαινόμενον

2117 549 2173 597 et
2204 543 2356 598 688
2390 562 2507 599 suae
2559 548 2779 618 regioni
2830 566 3000 620 Opem
3055 552 3202 608 ferre
3252 556 3547 626 cupiebat.
3596 562 3701 615 Sed
3736 578 3770 616 a

2117 632 2471 689 consiliariis
2520 640 2578 689 et
2626 637 2987 706 ignoratione
3038 641 3438 699 multitudinis
3508 645 3767 703 hostium

2117 721 2561 792 prohibebatur.
2624 725 2690 780 Hi
2748 732 2915 782 erant
2971 729 3334 802 Nicephorus
3386 734 3768 808 Palzeologus,

2115 810 2204 864 vir
2261 810 2677 869 honestissimo
2736 814 2859 871 loco
2919 822 3112 885 natus,
3165 825 3223 875 et
3280 820 3768 894 philosophorum

2116 899 2390 972 princeps
2447 904 2867 960 Constantinus
2926 906 3171 973 Psellus,
3220 916 3395 979 atque
3442 912 3499 965 in
3560 914 3769 984 primis

2117 987 2306 1043 Caesar
2379 989 2539 1046 illius
2595 994 2695 1062 qui
2756 1000 2927 1048 antea
3001 995 3394 1068 imperaverat
3457 1008 3767 1073 cognatus,

2116 1086 2211 1154 qui
2265 1091 2546 1155 quantum
2582 1088 2639 1143 in
2691 1089 2835 1161 ipsis
2866 1097 3090 1159 erat,ne
3120 1095 3311 1151 vivere
3359 1097 3599 1168 quidem
3631 1117 3767 1156 eum

2119 1174 2453 1244 cupiebant,
2488 1179 2643 1247 quod
2693 1178 2808 1233 sibi
2850 1182 3046 1251 gravis
3094 1188 3270 1250 esset,
3301 1190 3359 1239 et
3410 1186 3579 1243 valde
3628 1205 3765 1244 eum

2117 1263 2361 1318 oderant
2409 1270 2474 1319 ut
2520 1265 2708 1321 virum
2759 1284 3109 1339 generosum
3155 1289 3221 1326 ac
3270 1274 3502 1342 fortem,
3548 1278 3769 1349 quique

2118 1352 2279 1423 regni
2343 1370 2669 1410 assessores
2726 1355 2962 1412 haberet
3018 1360 3186 1415 ducis
3245 1362 3444 1431 ﬁlios;
3507 1370 3767 1422 attamen

2117 1447 2312 1512 aperte
2361 1444 2712 1499 verebantur
2760 1446 2869 1517 ipsi
2905 1446 3137 1503 inutilia
3178 1450 3504 1508 consulere.
3539 1454 3770 1526 Aliquot

2116 1533 2249 1598 post
2278 1530 2486 1585 diebus
2513 1533 2668 1587 venit
2714 1533 2851 1587 item
2879 1535 3111 1591 Manuel
3144 1539 3531 1610 curopalates,
3564 1559 3766 1599 secum

2115 1617 2410 1672 adducens
2443 1619 2696 1675 Turcum
2723 1621 2890 1678 illum
2922 1640 2952 1676 a
2977 1640 3090 1695 quo
3117 1626 3389 1684 detentus
3415 1630 3622 1699 fuerat,
3647 1648 3765 1688 non

2117 1705 2387 1776 invitum,
2419 1710 2520 1763 sed
2574 1715 2783 1781 sponte
2813 1728 2875 1767 se
2906 1712 2963 1766 in
3014 1715 3350 1772 servitutem
3395 1718 3767 1791 imperatoris

2116 1794 2503 1853 dedicantem.
2529 1799 2672 1853 Nam
2699 1816 2832 1855 cum
2856 1802 3126 1858 sultanus
3149 1820 3285 1875 erga
3309 1805 3501 1877 ipsum
3527 1807 3766 1867 inimico

2115 1884 2313 1940 animo
2334 1891 2490 1941 esset
2513 1887 2585 1942 ob
2636 1890 2921 1959 quasdam
2950 1907 3179 1957 causas,
3212 1895 3527 1951 exercitum
3560 1899 3765 1954 adver-

2114 1990 2215 2027 sus
2243 1990 2375 2028 eum
2401 1992 2533 2029 cum
2575 1979 2829 2046 quodam
2862 1980 3009 2035 duce
3040 1981 3301 2050 miserat,
3334 1984 3391 2038 id
3426 1985 3673 2041 moliens
3701 1991 3767 2043 ut

2113 2078 2245 2116 eum
2279 2063 2484 2134 quovis
2534 2066 2707 2119 modo
2753 2073 3022 2139 caperet;
3055 2071 3224 2139 cuius
3275 2076 3431 2126 metu
3463 2073 3562 2129 ille
3600 2092 3761 2131 com-

2114 2155 2308 2207 motus
2365 2152 2435 2206 ad
2497 2153 2904 2225 imperatorem
2960 2159 3245 2230 confugit.
3306 2161 3635 2235 Statimque
3695 2178 3763 2221 eo

2114 2239 2334 2295 honore
2365 2241 2605 2297 affectus
2659 2249 2747 2298 est
2796 2249 2858 2299 ut
2908 2263 3121 2316 praases
3172 2254 3347 2304 esset.
3382 2250 3518 2306 Erat
3567 2257 3764 2309 autem

2114 2330 2308 2397 specie
2343 2330 2602 2399 juvenis,
2637 2337 2866 2388 statura
2896 2351 3028 2389 vero
3063 2336 3179 2390 fere
3203 2354 3500 2409 pygmaaus
3531 2346 3587 2395 et
3620 2343 3764 2397 facie

2110 2417 2321 2487 Scytha
2352 2422 2409 2472 et
2459 2419 2749 2491 ingratus.
2787 2422 2991 2493 Deligit
3039 2430 3234 2478 autem
3267 2426 3462 2497 ipsum
3505 2428 3762 2500 impera-

2111 2508 2225 2569 tor,
2284 2522 2527 2576 sperans
2588 2509 2705 2563 fore
2758 2516 2823 2563 ut
2877 2528 3011 2565 cum
3067 2512 3271 2569 Turcis
3324 2521 3379 2569 et
3427 2517 3759 2574 adversario

2113 2594 2364 2648 exercitu
2427 2595 2525 2650 ille
2583 2602 2890 2668 pugnaret.
2945 2600 3269 2673 llabitoque
3329 2603 3551 2659 delectu
3615 2606 3763 2660 mili-

2115 2693 2257 2749 tum,
2292 2689 2602 2755 appetente
2629 2703 2760 2741 vere
2791 2687 3088 2757 trajiciens
3118 2692 3435 2746 exercitum
3481 2693 3553 2747 ad
3587 2694 3764 2750 Erio-

2113 2788 2240 2826 rum
2279 2773 2491 2844 palatia
2544 2775 2882 2845 perducitur
2929 2778 3055 2848 ipsa
3086 2778 3177 2832 die
3222 2781 3596 2852 orthodoxiae,
3629 2799 3762 2838 cum

2113 2860 2297 2930 pridie
2346 2862 2620 2916 exercitui
2680 2868 2737 2919 et
2784 2866 3013 2920 senatui
3072 2866 3439 2939 largitionem
3497 2888 3756 2927 annuam

2113 2949 2363 3016 fecisset,
2408 2967 2520 3006 non
2579 2968 2706 3006 eam
2765 2958 2947 3008 totam
3003 2972 3167 3019 auro,
3225 2958 3327 3011 sed
3387 2958 3539 3013 689
3602 2961 3759 3031 quod

2112 3038 2361 3103 deesset,
2420 3040 2622 3095 sericis
2681 3042 2824 3095 velis
2884 3043 3194 3114 supplevit.
3255 3046 3393 3101 Cum
3439 3063 3574 3103 vero
3632 3048 3760 3121 ipse

2114 3126 2433 3195 trajiceret,
2463 3128 2738 3184 columba
2786 3132 3051 3201 quaedam
3106 3151 3217 3187 non
3251 3136 3570 3191 admodum
3604 3137 3761 3204 alba,

2116 3223 2214 3277 sed
2251 3226 2505 3279 maxima
2551 3242 2619 3280 ex
2668 3232 2829 3299 parte
2861 3228 3048 3301 nigra,
3081 3230 3351 3287 alicunde
3399 3233 3621 3305 volans,
3653 3236 3763 3290 cir-

2114 3328 2245 3368 cum
2302 3313 2598 3369 triremem
2649 3332 2777 3387 quae
2836 3318 3078 3371 vehebat
3126 3319 3557 3391 imperatorem,
3618 3323 3762 3379 voli-

2113 3402 2275 3455 tabat
2324 3405 2514 3471 quoad
2566 3405 2633 3457 ad
2690 3406 2882 3475 ipsum
2945 3405 3111 3460 illum
3172 3408 3483 3465 deveniens
3532 3411 3589 3464 in
3633 3412 3762 3482 ejus

2115 3506 2326 3545 manus
2381 3491 2658 3560 defluxit;
2696 3510 2870 3563 quam
2922 3494 3021 3550 ille
3068 3496 3423 3567 imperatrici
3483 3500 3646 3555 misit
3702 3501 3764 3557 in

2114 3578 2398 3650 palatium
2431 3585 2640 3651 praeter
2669 3598 2887 3638 morem
2920 3585 3303 3640 commoranti
3352 3587 3426 3642 ob
3471 3590 3759 3659 quasdam

2115 3667 2430 3724 muliebres
2485 3669 2725 3726 delicias
2782 3676 2839 3725 et
2897 3672 3436 3745 simulationes.|Et
3493 3678 3618 3733 visa
3676 3684 3768 3735 est

2114 3757 2292 3829 igitur
2318 3758 2586 3813 columba
2618 3760 2949 3831 symbolum
3005 3761 3161 3817 haud
3198 3764 3329 3818 boni
3362 3772 3605 3821 eventus
3634 3773 3762 3824 tum

2113 3847 2224 3917 ipsi
2272 3847 2372 3917 qui
2418 3854 2667 3918 ceperat,
2718 3854 2841 3903 tum
2897 3848 2981 3903 illi
3030 3851 3100 3905 ad
3170 3868 3349 3922 quam
3395 3854 3578 3910 missa
3634 3858 3764 3911 fuit.

2114 3934 2330 3991 Verum
2363 3938 2618 4005 Augusta
2666 3954 2799 3991 cum
2859 3944 3067 4009 praeter
3124 3942 3363 3996 modum
3426 3960 3487 3997 se
3533 3944 3765 4002 deliciis

2116 4028 2409 4097 satiasset,
2433 4028 2667 4082 tandem
2694 4030 3037 4098 poenitentia
3058 4031 3231 4085 ducta
3253 4033 3324 4086 ad
3351 4032 3766 4103 imperatorem

2114 4116 2289 4181 venit,
2324 4121 2388 4171 ut
2410 4117 2681 4188 precibus
2704 4118 2985 4173 adhibitis
3006 4135 3139 4173 eum
3165 4120 3233 4174 ad
3281 4123 3598 4177 exercitum
3630 4126 3770 4179 edu-

2116 4206 2362 4261 cendum
2417 4207 2814 4277 praemitteret.
2858 4207 3023 4262 Illinc
3072 4209 3251 4281 igitur
3298 4211 3593 4282 profectus
3652 4214 3764 4269 im-

2117 4299 2351 4366 perator
2398 4311 2513 4349 non
2564 4295 2833 4350 Neocomi
2885 4313 3072 4367 neque
3120 4296 3176 4352 in
3211 4297 3353 4355 locis
3406 4302 3764 4372 quibusdam

2118 4384 2295 4453 regiis
2326 4383 2574 4439 classem
2629 4385 2688 4438 in
2732 4385 2982 4440 statione
3029 4385 3255 4451 habuit,
3291 4389 3388 4444 sed
3446 4390 3764 4462 Elenopoli,

2118 4488 2294 4542 quam
2320 4473 2607 4543 indigenas
2632 4472 2845 4527 rustice
2868 4473 3250 4545 Eleinopolim
3276 4477 3591 4548 appellant,
3609 4482 3765 4548 quod

353 4566 495 4637 νέος,
527 4572 805 4642 πυγμαῖος
860 4564 917 4621 δὲ
962 4564 1155 4642 σχεδὸν
1204 4568 1302 4636 τὴν
1359 4567 1603 4638 ἡλικίαν,
1635 4567 1722 4623 καὶ
1752 4570 1851 4638 τὴν
1884 4564 2004 4641 ὄψιν

2118 4560 2309 4631 ipsum
2336 4577 2569 4631 quoque
2592 4561 2905 4631 augurium
2929 4561 3083 4617 haud
3120 4564 3407 4633 optimum
3428 4566 3618 4621 visum
3652 4572 3761 4622 est.

355 4654 574 4724 Σκύθης
616 4656 705 4711 καὶ
752 4658 973 4732 ἄχαρις.
1010 4662 1191 4711 Διεῖπε
1222 4654 1278 4711 δῖε
1305 4657 1464 4712 αὐτὸν
1497 4658 1524 4711 6
1560 4656 1835 4732 βασιλεὺς,
1869 4679 2006 4730 συμ-

354 4739 614 4799 ϐαλέσθαι
659 4744 804 4817 αύτῷ
852 4746 989 4800 κατα
1033 4750 1141 4800 τῶν
1188 4745 1449 4820 Τούρκων
1499 4744 1757 4817 ἐλπίζων,
1809 4746 1898 4800 καὶ
1936 4750 2003 4820 τῇ

352 4826 686 4908 προκειμένῃ
744 4840 1003 4910 στρατιᾷ.
1068 4832 1385 4908 Κατάλογον
1448 4832 1504 4888 δὲ
1569 4839 1675 4889 τῶν
1738 4855 2004 4909 στρατιω-

351 4925 462 4976 τῶν
544 4922 931 4995 ποιησάμενος,
1019 4922 1138 4998 ἄρτι
1216 4927 1314 4977 τοῦ
1387 4921 1544 4999 ἕαρος
1620 4922 2005 4997 ὑπανοίγοντος

355 5008 774 5085 διαπεραιωθεὶς
846 5011 921 5074 εἷς
999 5012 1063 5065 τὰ
1114 5016 1222 5066 τῶν
1274 5010 1469 5086 Ἠρίων
1527 5010 1767 5068 παλάτια
1821 5011 2004 5066 κατά-

350 5120 505 5176 γεται
587 5102 709 5174 περὶ
789 5099 955 5169 αὐτὴν
1026 5102 1126 5170 τὴν
1211 5100 1418 5173 ἡμέραν
1494 5108 1592 5171 τῆς
1671 5098 2002 5176 ὀρθοδοξίας,

350 5200 421 5271 τῇ
488 5198 595 5270 πρὸ
682 5197 849 5267 αὐτῆς
934 5198 1117 5273 ἡμέρᾳ
1189 5200 1286 5267 τήν
1377 5198 1590 5269 ἐτησίαν
1662 5199 1848 5274 χώραν
1923 5203 2002 5271 τῷ

345 5306 409 5340 τε
481 5291 691 5362 στρατῷ
757 5290 843 5343 καὶ
929 5292 995 5361 τῇ
1058 5286 1351 5363 συγκλήτῳ
1429 5286 1867 5363 διανειμάμενος,
1940 5292 2001 5346 οὗ

349 5371 443 5428 διὰ
490 5376 724 5450 χρυσίου
775 5381 972 5442 πᾶσαν,
1032 5375 1177 5431 ἀλλὰ
1232 5379 1294 5432 τὸ
1353 5375 1527 5433 ἐνδέον
1584 5384 1832 5453 σηρικοῖς
1867 5380 2002 5457 ὑφά-

350 5484 550 5536 σμασιν
594 5465 1153 5541 ἀναπληρωσάμενος.
1206 5469 1702 5544 Διαπεραιουμένου
1752 5465 1799 5521 δ’
1836 5469 2003 5524 αὐτοῦ

350 5552 643 5627 περιστερά
699 5575 781 5617 τις
842 5554 903 5609 ού
962 5555 1102 5610 πάνυ
1160 5553 1350 5625 λευκὴ,
1412 5556 1546 5630 πρὸς
1601 5557 1663 5611 τὸ
1724 5555 1892 5629 μέλαν
1945 5554 2003 5611 δὲ

352 5636 612 5699 πλεῖστον
671 5642 839 5716 αὐτῆς
900 5644 1290 5727 ὑποφαίνουσα,
1351 5646 1514 5713 ποθὶν
1574 5646 1845 5723 ἱπταμένη
1904 5646 2004 5721 τὴν

2117 4658 2344 4713 Accidit
2392 4657 2567 4712 etiam
2618 4658 2812 4712 nescio
2863 4660 3004 4730 quid
3054 4659 3262 4716 aliud:
3317 4678 3453 4717 nam
3507 4662 3765 4718 maxima

2119 4747 2302 4811 navis,
2336 4762 2464 4817 qua:
2493 4746 2830 4801 continebat
2870 4748 3092 4819 regium
3119 4750 3587 4820 tabernaculum,
3620 4767 3762 4806 con-

2118 4838 2297 4891 fracta
2327 4834 2522 4890 statim
2579 4833 2719 4889 illud
2755 4852 3023 4891 corruere
3056 4838 3208 4892 fecit.
3248 4838 3658 4894 Verumtamen
3690 4857 3764 4897 ne

2116 4925 2185 4979 ad
2221 4940 2399 4979 unum
2433 4925 2665 4995 quidem
2714 4923 2923 4979 horum
2958 4924 3263 4980 hominum
3311 4926 3561 4982 stultitia
3590 4932 3668 4998 et,
3697 4935 3765 4985 ut

2114 5015 2197 5069 ita
2229 5014 2497 5081 dixerim,
2529 5014 2867 5084 depravatio
2915 5014 3096 5067 animi
3130 5019 3186 5068 et
3216 5014 3549 5086 importuna
3585 5022 3765 5088 atque

2114 5102 2343 5157 inutilis
2396 5119 2509 5156 non
2560 5102 2831 5157 credendi
2864 5102 3185 5172 pertinacia
3236 5103 3523 5174 respicere
3552 5105 3760 5175 voluit,

2115 5202 2232 5255 fato
2258 5201 2611 5271 impediente
2638 5204 2694 5254 et
2716 5199 2766 5253 ei
2799 5215 3038 5254 sensum
3090 5216 3318 5255 omnem
3369 5203 3668 5259 auferente
3700 5204 3760 5261 in

2117 5306 2289 5355 quem
2341 5305 2408 5343 ea
2459 5289 2659 5343 omnia
2701 5288 3019 5343 deventura
3066 5298 3251 5344 erant.
3288 5290 3638 5363 Progressus
3670 5299 3763 5348 est

2114 5380 2297 5451 igitur
2326 5378 2665 5448 imperator,
2698 5381 2756 5431 et
2789 5377 3033 5432 ulterius
3067 5378 3125 5433 in
3174 5379 3424 5435 Orientis
3465 5381 3759 5449 regionem

2114 5467 2483 5540 procedebat,
2510 5466 2701 5536 quoad
2740 5466 2800 5520 in
2840 5466 3239 5537 praefecturam
3275 5468 3530 5524 Orientis
3562 5486 3761 5542 perve-

2115 5557 2222 5625 nit,
2255 5557 2313 5609 in
2368 5571 2595 5624 omnes,
2657 5558 2865 5625 praeter
2917 5554 2974 5610 id
3036 5557 3190 5628 quod
3250 5574 3356 5629 par
3409 5562 3553 5626 erat,
3606 5559 3763 5615 690

2114 5645 2261 5703 mire
2314 5660 2568 5720 parcus;
2617 5644 3094 5722 intelligensque,
3156 5651 3222 5706 ut
3276 5646 3595 5706 verisimile
3649 5652 3760 5721 est,
