4084 6140
414 310 530 407 iis

1734 341 1871 401 JOA
1886 340 2063 399 NNlS
2109 341 2510 403 SCYLITZE

3685 354 3794 412 420

412 479 617 534 crebra
662 466 765 533 illa
810 477 1258 548 premonstrata
1288 473 1459 546 signa
1505 472 1576 527 ad
1628 487 1688 527 se
1741 471 2049 543 pertinere,

2170 470 2433 545 φέρουσαν
2492 470 2583 527 τὸν
2644 471 2869 547 βασιλέα
2922 476 3124 550 τριήρη
3183 474 3681 549 περιεποτᾶτο,ἓως
3725 480 3793 544 εἷς

412 586 529 623 non
577 569 637 622 in
689 564 1067 622 tabernaculo
1116 580 1305 635 neque
1337 563 1395 618 in
1448 560 1637 634 planis
1668 560 1836 626 locis,
1866 560 1968 615 sed
2002 558 2061 613 in

410 655 663 711 tumulis
694 658 750 709 et
789 651 1166 708 domunculis
1206 651 1532 718 habitabat,
1568 648 1665 703 ubi
1695 647 1868 703 etiam
1899 646 2061 701 aliud

412 745 709 815 quoddam
743 760 859 798 non
910 742 1109 796 minus
1157 739 1547 794 inlortunium
1595 736 1946 807 portendens
1973 752 2063 790 ac-

413 833 557 889 cidit
605 832 960 904 prodigium.
995 829 1152 901 Ignis
1200 827 1353 883 enim
1390 826 1585 882 nescio
1636 828 1786 880 unde
1833 824 2063 880 delatus

411 924 616 978 domos
643 921 702 975 in
726 919 937 989 quibus
952 913 2023 985 commorabaturimperatorincendit
2046 930 2059 969 :

411 1012 513 1066 ubi
543 1008 833 1065 combusti
886 1008 1044 1062 fuere
1083 1006 1217 1076 equi
1246 1010 1303 1059 et
1334 1004 1502 1073 regis:
1535 1009 1723 1059 vestes
1754 1019 2059 1073 equorum,

411 1105 469 1155 et
516 1100 679 1154 frena
730 1097 863 1152 aliis
920 1096 1092 1167 longe
1148 1094 1487 1166 praestantia
1535 1109 1777 1165 prorsus
1808 1091 1879 1146 ab
1925 1091 2059 1161 igne

411 1191 763 1258 consumpta
795 1189 953 1242 sunt.
987 1183 1130 1254 Equi
1161 1199 1296 1238 vero
1328 1182 1772 1237 semicombusti
1799 1180 1868 1235 ab
1898 1195 2058 1234 exer-

406 1280 526 1333 citu
560 1274 853 1346 conSpecti
885 1272 1288 1329 miserandum
1313 1269 1712 1343 spectaculum
1737 1267 2052 1341 praebuere.

404 1367 550 1423 Cum
577 1382 711 1421 vero
752 1363 1127 1435 Sangarium,
1161 1361 1260 1416 ubi
1292 1361 1412 1415 haec
1460 1359 1742 1425 accidere,
1776 1374 1877 1429 per
1909 1374 2053 1428 pon-

402 1462 518 1512 tem
548 1455 649 1526 qui
698 1452 899 1524 Zompi
946 1451 1162 1506 dicitur
1211 1450 1564 1518 transiisset,
1597 1464 1734 1502 suas
1765 1447 1963 1517 copias
1994 1447 2052 1500 in

401 1561 587 1600 unum
640 1557 844 1614 cogere
892 1541 1087 1612 coepit,
1117 1540 1189 1594 ob
1238 1538 1628 1592 Barbarorum
1662 1534 2048 1606 irruptionem

400 1633 736 1706 dissipatas.
770 1630 915 1686 Cum
946 1628 1129 1701 igitur
1175 1644 1243 1683 ex
1275 1627 1347 1682 iis
1392 1630 1680 1699 quantum
1708 1623 1892 1679 voluit
1921 1640 2049 1679 coe-

397 1724 598 1795 gisset,
658 1722 918 1793 reliquos
978 1718 1193 1775 milites
1252 1735 1317 1773 ac
1374 1719 1551 1773 duces
1610 1713 2047 1786 manipulorum

2175 560 2332 615 αὐτὸν
2394 560 2594 615 ἐκεῖνον
2649 564 2964 625 καθεσθεῖσα
3000 564 3159 639 χερσὶ
3214 569 3332 626 ταῖς
3384 564 3541 620 αὐτοῦ
3585 569 3794 645 προσερ·

2175 648 2301 724 ῥύη.
2362 649 2618 714 Κάκεῖνος
2689 651 2891 721 ταύτην
2949 655 3016 725 τῇ
3098 649 3336 727 βασιλίδι
3412 652 3697 729 ἀνέπεμψεν
3748 656 3793 710 έν

2171 743 2289 799 τοῖς
2335 738 2652 815 ἀνακτόροις
2700 740 2846 816 παρὰ
2895 740 2957 794 τὸ
3007 739 3199 805 εἰωθὸς
3244 740 3578 817 ἀπομεινάσῃ
3619 741 3699 798 διά
3725 766 3795 799 τι-

2173 847 2265 891 νας
2295 826 2514 902 Θρύψεις
2570 829 2874 901 γυναικείας
2931 829 3021 883 καὶ
3079 828 3403 903 ἀκκισμούς.
3459 829 3665 902 Ἔδοξεν
3714 832 3792 887 οὖν

2171 917 2204 984 ἡ
2237 915 2526 991 περιστερά
2569 912 2849 989 σύμϐολον
2901 918 2965 973 ού
3014 920 3263 993 χρηστῆς
3313 914 3623 984 ἀποϐάσεως
3663 923 3797 995 αὐτῷ

2167 1026 2225 1059 τε
2262 1010 2341 1077 τῷ
2399 1000 2624 1061 λαϐόντι
2681 1006 2769 1061 καὶ
2826 1006 2964 1081 πρὸς
3017 1009 3080 1076 ἣν
3139 1004 3386 1065 ἔσταλτο.
3436 1008 3589 1065 Ἀλλ’
3636 1010 3790 1081 έκείνη

2169 1098 2436 1169 περιττῶς
2478 1098 2687 1169 σχοῦσα
2737 1102 2839 1164 τῆς
2888 1097 3154 1169 θρύψεως,
3204 1096 3635 1171 μεταμεληθεῖσα
3669 1101 3793 1176 πρὸς

2165 1182 2254 1235 τὸν
2320 1180 2545 1258 βασιλέα
2599 1183 2845 1259 ἀφίκετο,
2900 1184 2995 1240 τὸν
3053 1188 3440 1260 συντακτήριον
3497 1185 3791 1242 ἀποδώσου-

2180 1293 2244 1326 σα
2276 1276 2387 1346 (20)
2429 1273 2518 1327 καὶ
2570 1272 2727 1328 αὐτὸν
2777 1272 2865 1329 ἐπὶ
2899 1276 3001 1344 τὴν
3033 1274 3368 1348 ἐκστρατείαν
3398 1278 3791 1352 προπέμψουσα.

2182 1364 2397 1418 Εκεῖθεν
2458 1360 2548 1417 οὖν
2606 1363 2813 1437 ἀπάρας
2862 1366 2890 1419 6
2945 1364 3203 1438 βασιλεὺς
3252 1365 3353 1422 οὐκ
3408 1365 3461 1421 έν
3512 1368 3791 1440 Νεακώμου

2176 1449 2302 1506 οὐδὲ
2359 1450 2410 1505 ἐν
2462 1452 2685 1514 ὑπατίας
2735 1452 2965 1527 χωρίοις
3014 1454 3123 1509 τισὶ
3158 1452 3467 1530 βασιλικοῖς
3493 1456 3791 1533 προσωρμί-

2171 1562 2322 1613 σατο,
2367 1539 2494 1596 ἀλλ’
2539 1540 2592 1595 έν
2644 1540 3044 1615 Ἐλενουπόλει,
3076 1543 3139 1612 ἣν
3171 1543 3222 1598 οἷ
3275 1543 3544 1623 ἐγχώριοι
3571 1543 3790 1623 ἀγροικι-

2161 1631 2399 1703 κώτερον
2458 1627 2847 1700 κικλήσκουσιν
2905 1629 3345 1688 Ἐλεεινούπολιν
3382 1652 3397 1665 °
3455 1634 3484 1689 ὃ
3538 1632 3627 1690 καὶ
3678 1632 3793 1689 αύτό

2158 1721 2351 1781 οἰωνὸς
2408 1718 2471 1773 ού
2524 1721 2767 1795 χρηστὸς
2820 1717 2988 1789 ἔδοξε.
3044 1716 3252 1791 Συνέϐη
3301 1720 3358 1777 δὲ
3410 1722 3500 1777 καί
3527 1744 3576 1778 τι
3606 1719 3791 1796 ἕτερον’

399 1812 643 1878 dimisit,
679 1811 899 1866 milites
954 1809 1195 1880 quidem
1242 1812 1307 1863 ut
1349 1805 1750 1879 superioribus
1783 1803 2049 1858 cladibus

2167 1809 2226 1863 τὸ
2256 1809 2358 1884 γάρ
2394 1809 2617 1883 συνέχον
2666 1810 2766 1877 τὴν
2823 1806 3112 1884 βασιλικήν
3164 1812 3368 1880 σκηνήν
3425 1811 3671 1886 μέγιστον
3718 1812 3792 1883 ξύ-

399 1903 726 1971 confectos,
760 1898 1200 1969 manipulorum
1248 1914 1382 1952 vero
1415 1896 1686 1950 ductores
1729 1908 1926 1948 secum
1958 1893 2049 1947 ad-

2169 1897 2264 1953 λον
2314 1898 2567 1973 κατεαγῗεν
2621 1903 2799 1953 πεσεῖν
2859 1899 3029 1968 αὑτὴν
3083 1897 3342 1975 αἰφνηδὸν
3396 1901 3785 1975 παρεσκεύασεν.

397 1991 610 2046 ducere
657 1988 874 2044 veritus
925 1992 993 2042 ut
1023 1985 1172 2058 parti
1203 1983 1616 2041 insidiatorum
1670 1981 2049 2043 adhaerentes.

2167 1990 2356 2061 Ὅμως
2387 1984 2432 2042 δ’
2465 1987 2556 2042 οὗν
2606 1985 2731 2042 οὐδὲ
2774 1990 2909 2062 πρὸς
2958 1985 3012 2041 ἓν
3061 1988 3266 2043 τούτων
3306 1992 3341 2059 ἡ
3374 1995 3483 2045 τῶν
3514 1990 3784 2067 ἀνθρώπων

398 2080 753 2157 Utinamque
802 2077 961 2132 idem
1011 2075 1071 2130 in
1105 2091 1309 2130 omnes
1359 2073 1611 2141 fecisset,
1642 2077 1698 2127 et
1729 2071 1777 2126 si
1824 2071 2049 2125 divinus

2167 2072 2464 2149 ἀϐελτηρία
2508 2077 2619 2144 καὶ,
2654 2077 2729 2138 ὡς
2780 2076 2891 2130 οῖον
2941 2075 3133 2145 εἰπεῖν,
3163 2079 3391 2152 καχεξία
3438 2079 3526 2133 καὶ
3566 2079 3626 2134 τὸ
3650 2078 3696 2133 έν
3724 2081 3785 2151 τῇ

396 2168 684 2224 terminus
722 2166 963 2221 transiri
1017 2181 1132 2219 non
1167 2167 1412 2235 poterat,
1446 2167 1503 2217 et
1542 2160 1916 2216 commistum
1948 2175 2049 2230 po-

2167 2162 2401 2239 δοκούσῃ
2453 2164 2629 2219 πίστει
2682 2160 2904 2219 ἄπιστον
2961 2164 3053 2219 καὶ
3108 2161 3465 2238 ἀσύμϐλητον
3521 2163 3787 2241 διαϐλέψαι

399 2257 598 2313 culum
633 2255 859 2324 evitari,
894 2270 1027 2308 nam
1053 2254 1133 2307 ita
1166 2270 1283 2307 suae
1323 2248 1718 2305 incolumitati
1750 2246 2049 2303 consulere

2167 2252 2425 2325 ἠθέλησε,
2474 2258 2570 2308 τοῦ
2638 2253 2815 2329 χρεὼν
2880 2251 3269 2327 ἐμποδίζοντος
3333 2260 3657 2332 πανταχοῖ),
3711 2253 3790 2309 καὶ

396 2346 559 2403 visus
628 2320 854 2401 fuisset;
922 2342 1137 2397 Verum
1215 2340 1540 2412 Nicephoro
1626 2338 1933 2393 Botaniata
1996 2339 2049 2392 et

2169 2341 2297 2416 μηδ’
2351 2343 2496 2414 αὑτῷ
2546 2343 2931 2417 παρεχομένου
2989 2343 3334 2414 συναίσθησιν
3399 2320 3549 2421 πρὸς⁵
3580 2320 3791 2399 ὃν-ἀποο

397 2433 810 2507 hujuscemodi
848 2432 1204 2503 quibusdam
1242 2430 1379 2485 viris
1409 2429 1632 2500 ejectis,
1663 2444 1763 2483 eos
1794 2426 1893 2497 qui
1924 2442 2049 2480 om-

2167 2434 2420 2501 οκήπτειν
2450 2427 2706 2504 ἔμελλον.
2742 2431 2944 2506 Προῄει
2974 2432 3153 2486 τοίνυν
3187 2434 3215 2486 ὁ
3251 2432 3532 2508 βασιλεὺς,
3560 2435 3642 2507 [Ρ.
3680 2434 3791 2501 836]

397 2527 573 2581 nibus
604 2523 754 2580 dolis
786 2528 840 2578 et
890 2523 1082 2594 pravis
1135 2521 1401 2575 moribus
1432 2518 1705 2573 instructi
1737 2520 1934 2572 essent
1964 2531 2049 2569 se-

2167 2521 2249 2575 καὶ
2301 2526 2401 2589 τῆς
2464 2521 2635 2591 Ἐῴας
2689 2520 3022 2596 προσωτέρω
3080 2524 3424 2597 προήρχετο,
3467 2520 3570 2584 ἕως
3607 2524 3671 2594 τῇ
3697 2524 3792 2574 τῶν

394 2631 525 2671 cum
557 2614 846 2670 adducere
900 2612 1237 2678 festinabat,
1274 2615 1339 2665 ut
1366 2609 1685 2680 insequens
1732 2605 2049 2662 declarabit

2167 2608 2528 2665 Ἀνατολικῶν
2591 2608 2827 2685 ἐπαρχίᾳ
2877 2605 3203 2685 προσέϐαλε,
3252 2608 3521 2689 φειδωλία
3564 2610 3699 2685 παρά
3735 2609 3789 2663 τὸ

395 2704 600 2761 oratio.
636 2707 765 2774 Ipse
796 2706 993 2757 autem
1028 2700 1111 2755 sic
1162 2715 1429 2770 pergens,
1461 2713 1650 2768 neque
1680 2693 2049 2750 imminentia

2167 2698 2300 2759 εἰκὸς
2330 2698 2463 2771 πρὸς
2505 2698 2705 2760 πάντας
2735 2699 3120 2773 συνεχόμενος.
3174 2700 3367 2763 Συνείς
3412 2697 3488 2771 δὲ,
3522 2700 3593 2762 ὡς
3642 2697 3785 2767 ἔοικε,

396 2795 510 2851 sibi
570 2793 727 2849 mala
777 2791 1182 2863 praesentiens,
1230 2788 1430 2857 Halym
1494 2787 1739 2843 ﬂuvium
1795 2783 2048 2853 transiit,

2167 2788 2219 2841 τὸ
2278 2787 2499 2861 συνεχὲς
2555 2790 2660 2840 τῶν
2713 2787 3119 2863 προγεγονότων
3202 2787 3449 2860 σημείων
3522 2788 3597 2850 εἷς
3647 2784 3787 2841 αὑτὸν

398 2882 673 2954 quamvis
730 2884 1130 2935 commoratus
1191 2878 1248 2931 in
1306 2876 1559 2947 quodam
1617 2875 1829 2946 oppido
1895 2873 2042 2927 691

2167 2875 2501 2949 ἀποσκῆψον,
2552 2875 2651 2929 οὑκ
2706 2874 2756 2928 ἐν
2804 2879 2975 2949 σκηνῇ
3027 2873 3154 2931 οὑδὲ
3210 2874 3261 2930 ἐν
3312 2875 3547 2943 πεδίοις,
3580 2873 3696 2930 ἀλλ’
3739 2871 3784 2927 έν

398 2988 588 3044 nuper
637 2974 992 3034 constructo,
1029 2968 1199 3037 cujus
1257 2965 1501 3020 aedificia
1549 2965 1619 3019 ab
1669 2964 1796 3035 ipso
1846 2967 2049 3018 curata

2167 2963 2428 3039 γηλόφοις
2482 2963 2572 3019 καὶ
2614 2961 2911 3037 δωματίοις
2959 2963 3197 3019 ἐποιεῖτο
3238 2966 3341 3034 τὴν
3370 2966 3780 3035 κατασκήνωσιν.

395 3067 555 3128 sunt,
588 3060 668 3115 ibi
716 3055 1161 3114 tabernaculum
1213 3055 1429 3126 posuit.
1481 3053 1704 3109 Deinde
1752 3068 1883 3107 cum
1934 3057 2046 3106 tra-

2167 3053 2321 3117 Ένοα
2368 3049 2432 3123 δή
2474 3074 2524 3106 τι
2574 3052 2663 3108 καὶ
2716 3047 2912 3123 συνέϐη
2948 3053 3047 3108 οὑκ
3076 3050 3299 3109 ἔλαττον
3354 3054 3432 3116 εἷς
3462 3051 3780 3124 κακοδαιμο-

386 3149 650 3220 jecisset,
684 3146 1026 3201 divisionem
1063 3142 1429 3215 propriarum
1481 3140 1916 3213 possessionum
1952 3139 2046 3193 de-

2167 3141 2267 3203 οίας
2299 3140 2588 3213 οἰώνισμα·
2642 3145 2747 3217 πῦρ
2778 3143 2878 3217 γάρ
2938 3153 3099 3205 ποθεν
3148 3141 3367 3216 ἐνεχθὲν
3418 3142 3547 3205 τοὺς
3594 3140 3780 3213 δόμους

395 3200 649 3220 ,η---νι
1064 3200 1077 3215 ι
1168 3200 1184 3215 .
1481 3200 1499 3213 .

395 3237 658 3309 scripsit,
705 3240 761 3290 et
818 3239 1134 3288 Caesaream
1196 3237 1645 3303 praetergressus
1702 3230 1771 3284 ad
1827 3229 2045 3283 fontem

2167 3229 2209 3284 ἓν
2259 3233 2341 3291 οἷς
2400 3231 2427 3284 6
2485 3229 2740 3304 βασιλεὺς
2792 3230 3068 3301 έσκήνωτο
3126 3235 3554 3304 κατενεμήσατο,
3612 3229 3660 3284 έν
3715 3230 3786 3287 οἷς

394 3326 635 3380 nomine
667 3324 873 3395 Cryam
908 3321 1192 3392 pervenit,
1228 3320 1327 3391 qui
1358 3318 1592 3389 quidem
1643 3318 1807 3373 locus
1849 3317 1919 3372 ad
1952 3332 2047 3371 ex-

2167 3318 2655 3393 τυγκατεκαύθησαν
2704 3318 2866 3374 ’ίπποι
2913 3341 2971 3374 τε
3029 3320 3119 3375 καὶ
3170 3319 3480 3398 έφεστρίδες
3532 3313 3785 3396 βασιλικαί

390 3415 728 3486 cipiendum
761 3412 1081 3468 exercitum
1112 3411 1357 3466 idoneus
1380 3414 1522 3475 erat,
1555 3409 1831 3465 omnibus
1857 3411 2048 3465 abun-

2167 3407 2246 3462 καὶ
2303 3405 2509 3482 χαλινᾶ
2559 3409 2673 3481 (21)
2727 3411 2835 3463 τῶν
2896 3406 3081 3463 ἄλλων
3142 3407 3286 3464 πολὺ
3335 3406 3679 3485 διαφέροντα,
3706 3404 3782 3459 καὶ

391 3504 541 3558 dans
572 3520 698 3575 qua:
731 3500 864 3555 usui
896 3503 1115 3565 essent,
1147 3499 1455 3569 oppidanis
1507 3502 1564 3552 et
1612 3498 1877 3569 paganis,
1912 3498 2049 3569 quia

2167 3498 2250 3552 τοῦ
2280 3497 2450 3572 πυρὸς
2502 3494 2692 3551 διόλου
2741 3496 2987 3572 γεγόνασι
3037 3495 3440 3572 παρανάλωμα.
3475 3498 3540 3556 Ol
3570 3493 3782 3551 δ”ίπποι

393 3590 733 3661 frequenter
782 3604 848 3642 eo
882 3587 1263 3655 ventitabant,
1296 3591 1489 3641 notus.
1544 3589 1686 3640 Cum
1718 3590 1914 3641 autem
1954 3603 2045 3643 ve-

2167 3585 2487 3662 ἡμίφλεκτοι
2558 3588 2931 3661 καθορώμενοι
3009 3590 3088 3658 τῷ
3161 3585 3515 3660 στρατοπέδῳ
3570 3580 3781 3641 ὶλεεινδν

394 3684 633 3734 xaretur
684 3677 844 3748 regio
876 3681 934 3731 et
960 3693 993 3730 a
1027 3673 1315 3729 militibus
1367 3674 1752 3740 desolaretur,
1784 3674 2046 3730 infestio-

2167 3674 2494 3750 διεφαίνοντο
2553 3674 2745 3747 θέαμα.
2808 3674 2915 3731 Τὸν
2976 3672 3034 3729 δὲ
3093 3675 3404 3751 Σαγγάριον
3473 3672 3782 3749 διαπεραιω-

390 3784 513 3823 rem
569 3784 632 3822 se
675 3764 924 3839 praebuit
972 3764 1326 3835 quibusdam
1380 3780 1449 3818 ex
1492 3762 1714 3834 legione
1764 3764 2047 3820 Nemitzo-

2167 3765 2285 3835 θεῖς,
2340 3764 2466 3839 παρ’
2515 3765 2559 3836 ᾧ
2588 3768 2755 3818 ταῦτα
2804 3764 3013 3839 γέγονε,
3046 3760 3134 3819 διὰ
3176 3771 3276 3834 τῆς
3309 3766 3537 3839 Ζόμπου
3568 3760 3781 3837 λεγομέ-

392 3873 545 3923 rum,
605 3855 706 3927 qui
765 3851 1102 3925 reprehensi
1163 3856 1221 3907 et
1278 3850 1395 3907 laesi
1456 3850 1761 3908 rebellant.
1811 3857 1929 3909 Hac
1987 3870 2048 3909 re

2167 3875 2252 3924 mc
2310 3854 2546 3930 γεφύρας
2605 3855 2722 3925 (22)
2776 3853 2869 3913 τὰς
2944 3853 3145 3915 οἰκείας
3227 3850 3485 3927 δυνάμεις
3539 3849 3781 3923 ἀθροίζειν

393 3946 647 4017 cognita,
691 3960 823 3998 cum
875 3958 1092 4014 equum
1146 3941 1585 3996 conscendisset
1633 3941 1946 4011 imperator
1993 3946 2049 3997 et

2167 3943 2375 4016 ἤρξατο,
2434 3939 2813 4013 σκεδασθείσας
2867 3938 2955 3995 διὰ
3008 3943 3107 4010 τὴν
3168 3946 3276 3996 τῶν
3327 3937 3620 4016 Βαρϐάρων
3674 3935 3780 3991 ἐπί-

392 4034 608 4090 milites
662 4035 1059 4097 convocasset,
1120 4030 1389 4102 pr0prios
1447 4029 1712 4101 hospites
1763 4031 2049 4086 deterruit

2167 4033 2316 4086 lac-tv.
2369 4029 2671 4101 Καταλέξας
2722 4026 2770 4083 δ’
2822 4027 2913 4083 οὖν
2967 4029 3025 4083 ἐκ
3075 4029 3282 4084 τούτων
3340 4030 3466 4085 ὅσον
3509 4023 3780 4098 ἠϐούλετο,

388 4138 715 4193 rursusque
766 4120 1063 4190 impositis
1105 4118 1542 4174 conditionibus
1573 4118 1660 4173 vel
1693 4119 1906 4174 invitos
1935 4120 2048 4175 sibi

2167 4121 2216 4175 τὸ
2246 4119 2439 4175 λοιπὸν
2481 4116 2838 4191 ἀπεπέμψατο
2894 4122 3239 4193 στρατιωτῶν
3289 4140 3350 4175 τε
3401 4120 3490 4175 καὶ
3521 4116 3782 4191 λοχαγῶν,

396 4211 636 4283 subegit
690 4210 842 4264 hanc
892 4224 1068 4263 unam
1123 4224 1353 4280 poenam
1405 4207 1713 4274 deﬁniens,
1754 4214 1820 4262 ut
1865 4208 1924 4262 in
1953 4225 2049 4263 ox-

2167 4207 2283 4273 ιοὺς
2342 4208 2457 4281 μὲν,
2514 4208 2640 4268 τοὺς
2689 4207 3041 4282 στρατιώτας,
3075 4208 3151 4270 ὡς
3205 4207 3783 4282 προκατειργασμένον(

394 4306 585 4355 trema
637 4303 799 4369 parte
860 4296 1147 4353 exercitus
1205 4301 1578 4367 ponerentur,
1612 4297 1712 4367 qui
1769 4304 1935 4353 erant
1990 4298 2049 4353 in

2167 4303 2276 4361 ταῖς
2320 4291 2749 4371 προϐεϐηκυίαις
2795 4296 3001 4366 ἥτταις,
3052 4295 3179 4359 τοὺς
3233 4294 3291 4351 δὲ
3342 4294 3615 4372 λοχαγοὺς
3643 4288 3783 4347 αὑτὸς

396 4389 589 4462 prima
645 4391 701 4443 et
758 4386 1007 4459 proximi
1066 4387 1325 4457 corporis
1400 4387 1692 4441 custodes.
1754 4386 1919 4442 Illinc
1978 4388 2049 4443 ad

2167 4385 2378 4441 δειλιῶν
2436 4386 2729 4459 ἀπάγεσθαι
2783 4385 2873 4439 σὺν
2921 4386 3066 4458 αυτῷ
3118 4386 3194 4448 ὡς
3248 4390 3326 4458 τῷ
3385 4385 3532 4459 μέρει
3575 4387 3674 4437 τῶν
3702 4379 3788 4453 ἰφ-

387 4475 717 4531 Sebastiam
778 4472 1197 4545 proﬁciscitur,
1257 4474 1617 4529 contendens
1674 4474 1731 4528 in
1802 4474 2047 4531 Iberiam

2167 4474 2332 4550 έδρων
2384 4475 2843 4550 προσανέχοντας.
2880 4472 3002 4538 Εἴθε
3055 4475 3149 4548 μὶν
3205 4473 3297 4529 οὖν
3347 4474 3477 4530 αὐτὸ
3507 4472 3578 4535 εἷς
3605 4468 3781 4526 πάντας

388 4566 711 4638 pervenire,
776 4563 876 4617 ubi
935 4562 1110 4618 etiam
1176 4579 1380 4617 eorum
1437 4563 1535 4634 qui
1595 4579 1729 4618 cum
1783 4565 2049 4621 Manuele

2167 4567 2481 4639 ἐπέπρακτο,
2532 4562 2623 4618 καὶ
2682 4564 2732 4618 εἶ’
2788 4565 2863 4636 μὴ
2929 4561 3152 4619 δυνατὸν
3212 4566 3279 4633 ἦν
3338 4565 3428 4618 τὸν
3480 4567 3616 4627 θεῖον
3672 4558 3780 4630 ὅρον

386 4654 733 4727 Curopalate
790 4656 1089 4711 Comneno
1147 4650 1480 4707 ceciderant
1537 4657 1828 4722 spectator
1904 4654 2036 4710 fuit.

2167 4652 2435 4728 παρελθεῖν
2506 4652 2593 4705 καὶ
2674 4654 2737 4706 τὸ
2803 4651 3135 4728 κεκραμένον
3197 4656 3465 4727 ποτήριον
3534 4648 3777 4723 ἐκφυγεῖν·

387 4746 457 4799 Et
485 4744 622 4799 inde
670 4741 892 4798 sensim
942 4756 1006 4795 ac
1038 4738 1317 4810 paulatim
1367 4756 1713 4810 progressus
1744 4743 1815 4797 ad
1848 4743 2037 4798 Theo-

2167 4744 2281 4804 τέως
2316 4739 2359 4795 δ’
2416 4738 2505 4794 οὖν
2552 4738 2810 4818 ἀσφαλῶς
2862 4742 3068 4817 πραξας
3115 4741 3286 4819 ἐφάνη
3340 4738 3422 4796 ἄν.
3478 4740 3583 4795 Τὸν
3634 4743 3777 4789 Bata-

387 4831 736 4903 dosiopolim
798 4847 858 4886 se
918 4829 1162 4895 confert,
1198 4831 1330 4882 ante
1391 4828 1628 4899 quidem
1691 4830 2038 4903 neglectam,

388 4923 489 4977 sed
535 4937 604 4975 ex
648 4937 759 4991 quo
808 4922 1207 4990 expugnatum
1261 4916 1369 4971 fuit
1416 4922 1608 4986 Artze,
1652 4918 2040 4977 instauratam

388 5014 446 5065 et
501 5008 944 5065 communitam.
1000 5007 1141 5061 Inde
1191 5006 1377 5076 jussit
1451 5006 1715 5077 singulos
1792 5010 2039 5066 duorum

2158 4830 2365 4900 νειάτην
2414 4826 2470 4883 δὲ
2528 4829 2846 4905 Νικηφόρον
2905 4830 2992 4883 καὶ
3035 4830 3318 4893 τοιούτους
3372 4828 3521 4890 τινας
3575 4826 3645 4885 ὡς
3695 4822 3779 4875 ὑπ’

2151 4917 2350 4981 όπτους
2406 4914 2763 4989 διωσάμενος,
2807 4917 2933 4980 τοὺς
2966 4915 3133 4974 δόλου
3186 4919 3275 4973 καὶ
3329 4914 3645 4987 κακοηθείας
3697 4928 3779 4982 με’

2153 5008 2312 5070 στοὺς
2367 5008 2717 5080 συνεπήγετο,
2751 5008 2825 5070 ὡς
2874 5009 3083 5084 προϊὼν
3118 5010 3144 5063 6
3178 5006 3343 5084 λόγος
3395 5005 3646 5077 δηλώσει.
3684 4997 3783 5053 Δῦ.

1697 5141 1949 5198 JACOBI
1990 5144 2207 5201 GOARI
2255 5143 2485 5199 NOT/E.

458 5238 567 5309 (20)
603 5237 752 5307 Lego
784 5234 1135 5309 ἀποτίσουσα,
1169 5239 1223 5309 et
1263 5252 1485 5307 expono
1525 5241 1712 5291 votum
1757 5255 1854 5309 pro
1894 5257 2038 5296 com.

387 5305 573 5365 meatu
597 5305 977 5379 persolutum,
1010 5306 1095 5379 vel
1149 5305 1349 5363 ulti-m6
1379 5317 1509 5379 ante
1544 5305 1841 5365 discessum
1888 5314 2049 5369 collo-

386 5384 515 5452 quio
543 5377 859 5456 eniceptura.
896 5377 1225 5433 Recolenda
1272 5378 1394 5453 περὶ
1445 5380 1838 5455 συντακτηρίου
1871 5400 2042 5456 supe.

389 5451 514 5509 rius
544 5451 784 5521 scripta.

459 5525 571 5595 (21)
604 5523 860 5591 Utraque
919 5535 1182 5595 purpura
1227 5526 1397 5595 sunt,
1428 5522 1575 5595 ‘baac
1629 5540 1805 5579 aureo
1866 5524 2039 5581 etiam

388 5589 573 5652 limbo
606 5589 979 5667 prietéxta,ac
1007 5589 1407 5667 ideoireliquis
1424 5591 1599 5667 longe
1617 5596 2041 5667 nobiliora,co.

387 5670 588 5741 dinus,
606 5661 905 5725 Cedrenus
931 5662 991 5719 in
1014 5661 1231 5720 Basilio
1249 5661 1578 5738 Macedone,
1603 5665 1889 5740 Gregoras
1912 5666 2037 5727 1.1x.

2224 5240 2338 5313 (22)
2376 5244 2548 5313 APons
2607 5239 2717 5313 iste
2774 5244 2863 5313 est
2921 5258 2954 5296 ε
3009 5238 3775 5313 Justiniano_construct'us.

2158 5296 2562 5387 Πένταγέφυρος
2620 5311 2775 5387 alias
2826 5312 3032 5387 dictus
3060 5296 3612 5387 apudCedrenum.
3655 5296 3779 5387 ναί·

2156 5400 2267 5455 gus
2316 5381 2532 5454 Ζόμπον
2580 5382 2804 5455 vocavit
2849 5383 3193 5454 appellativo
3244 5381 3438 5452 potius
3468 5384 3779 5455 quamnprt‘r

2159 5444 2580 5527 priognomine
2638 5444 3064 5527 Ζόμπος”ἑυὶω
3144 5444 3423 5527 gibbosum
3484 5444 3776 5527 significat,

2154 5525 2259 5581 nec
2306 5525 2573 5598 ineptum
2624 5526 3035 5598 pont_is_valde
3074 5526 3311 5582 convexi
3363 5527 3623 5579 censetur
3668 5526 3776 5598 9p}-

2151 5585 2522 5654 thetumee
2568 5585 2770 5671 Sagari
2827 5596 3002 5656 ﬂuvio
3043 5598 3103 5654 in
3154 5598 3476 5656 Cedrenum
3529 5585 3772 5648 memini-

2152 5685 2309 5727 mus.
