4084 6140
351 344 467 402 421

1870 338 2262 401 HISTORIA.

3651 350 3767 409 422

348 473 448 536 τὸς
480 470 539 527 δὲ
590 468 762 533 οὕτως
822 472 934 525 mw
970 475 1077 524 τῶν
1136 466 1564 545 καταληψόντων
1631 471 1788 525 αὑτὸν
1822 473 2000 524 κακῶν

2145 471 2416 526 nensium
2467 472 2686 528 cibaria
2733 490 2933 530 secum
2984 475 3153 545 terre,
3194 482 3475 548 tanquam
3524 497 3627 551 per
3671 482 3765 536 in-

359 562 784 633 ἆνεπαίσθητος,
852 560 1157 636 ἐπεραιώθη
1195 560 1287 615 τὸν
1344 558 1514 617 “Αλυν
1566 559 1854 636 λεγόμενον
1904 579 2009 613 πο-

354 652 563 725 ταμὸν,
599 650 643 703 εἷ
674 649 763 704 καὶ
793 647 951 710 αὐτὸς
1004 648 1298 721 ὑπομείνας
1348 646 1423 711 εῗ’ς
1452 671 1506 704 τι
1540 651 1799 724 νεοπαγὲς
1841 646 2014 725 φρού-

352 761 495 815 ριον,
529 738 670 813 πρὸς
700 737 862 793 αὐτοῦ
889 739 989 806 τὴν
1042 736 1361 811 οἰκοδομίαν
1413 737 1612 815 λαχὸν,
1644 736 2013 808 ἐπηνώσατο.

356 829 512 885 Μετὰ
540 833 711 882 ταῦτα
742 824 798 881 δὲ
839 828 1163 902 περαιωθεὶς
1212 830 1311 896 τήν
1367 826 1625 901 διαίρεσιν
1686 828 1765 889 εἷς
1815 826 2015 887 οἰκείας

362 921 586 988 κτήσεις
653 914 1101 991 συνδιεγράψατο.
1150 918 1256 985 Τὴν
1333 914 1391 970 δὲ
1454 919 1770 991 Καισάρειαν
1822 914 2021 990 παρελ-

366 1008 482 1072 θὼν
518 1006 589 1068 εἷς
624 1008 722 1076 τήν
769 1004 1070 1080 λεγομένην
1103 1007 1406 1076 κατήντησε
1438 1006 1615 1081 Κρύαν
1647 1008 1825 1080 πηγήν
1858 1007 1971 1078 (23)
2006 1025 2017 1037 ·

367 1099 436 1165 ἦν
496 1096 594 1171 γὰρ
652 1096 679 1149 6
731 1095 901 1157 τόπος
958 1095 1096 1168 πρὸς
1154 1091 1440 1169 ὑποδοχὴν
1494 1100 1721 1169 στρατοῦ
1790 1094 2022 1180 εὔθετος,

368 1190 499 1239 πᾶσι
535 1183 739 1259 βρίθων
788 1189 904 1246 τοῖς
952 1185 1280 1258 χρησίμοις,
1336 1186 1685 1256 άστυκώμαις
1736 1185 1823 1239 καὶ
1866 1183 2025 1258 ἀγρο-

367 1271 595 1343 πόλεσι,
634 1270 723 1327 δια
769 1280 869 1343 τῆς
951 1277 1262 1348 συμμιγοῦς
1339 1274 1716 1349 ποριμότητυς
1770 1272 2031 1347 γνωριζό-

372 1383 567 1436 μενος,
616 1364 956 1437 Κειρομένης
1007 1360 1064 1416 δὲ
1111 1368 1212 1431 τῆς
1255 1364 1444 1439 χώρας
1497 1364 1586 1417 καὶ
1647 1363 2031 1438 έρημουμένης

344 1451 531 1525 «παρᾶ
555 1455 667 1506 τῶν
720 1456 1069 1524 στρατιωτῶν
1121 1451 1485 1526 ἀπηνέστερον
1528 1450 1882 1527 προσηνέχθη
1926 1450 2035 1504 τισὶ

370 1546 481 1595 τῶν
542 1539 602 1595 ἐκ
644 1545 742 1595 τοῦ
785 1542 1065 1616 τάγματος
1131 1545 1239 1595 τῶν
1307 1540 1617 1613 Νεμίτζων.
1668 1540 1824 1598 Ἀλλ’
1870 1539 1929 1595 οἷ’
1970 1560 2034 1614 γε

364 1627 667 1705 δηχθέντες
716 1631 1102 1685 ἀποστατοῦσι,
1160 1630 1505 1691 Γνωσθέντος
1567 1628 1624 1684 δὲ
1674 1629 1894 1697 τούτου,
1939 1627 2033 1683 ἵπ-

363 1740 474 1773 που
504 1713 700 1783 ἐπιϐάς
736 1720 765 1774 6
827 1717 1084 1794 βασιλεὺς
1123 1719 1212 1773 καὶ
1264 1720 1653 1794 στρατιωτικὸν
1707 1716 2035 1794 συγκαλεσά-

362 1829 525 1881 μενος
581 1810 709 1870 τοὺς
772 1806 1076 1879 ἰδιοξένους
1157 1806 1464 1879 κατέπληξε
1524 1808 1614 1862 καὶ
1686 1809 1839 1870 αὖθϊς
1900 1809 2037 1863 ὑπο-

358 1895 629 1959 σπόνδους
659 1897 750 1951 καὶ
786 1898 862 1969 μὴ
924 1896 1304 1972 βουλυμένους
1356 1896 1705 1967 κατέστησεν,
1739 1896 1792 1951 ἐν
1815 1896 2032 1959 τούτοις

370 1986 565 2061 μόνοις
605 1986 668 2040 τὸ
725 1986 1027 2060 πρόστιμον
1084 1987 1294 2061 ὁρίσας,
1351 1986 1403 2040 ἐν
1453 1990 1532 2057 τῷ
1574 1984 1838 2061 ἐσχάτους
1877 1985 2033 2040 τετά-

366 2078 499 2151 χθαι
545 2074 661 2130 ἀντὶ
709 2077 810 2143 τῆς
860 2076 1086 2149 πρώτης
1134 2075 1426 2152 ἐγγύτητα
1475 2074 1563 2130 καὶ
1625 2072 2028 2151 σωματοφυλα-

368 2164 516 2226 κίας.
572 2167 656 2234 [Ρ.
717 2165 844 2237 837]
902 2166 1138 2228 Ἐκεῖθεν
1175 2170 1353 2240 χωρεῖ
1401 2164 1475 2226 είς
1530 2159 1876 2232 Σεϐάσιειαν,
1936 2166 2034 2233 τὴν

352 2250 615 2330 Ἰϐηρίαν
672 2248 1002 2309 καταλαϐεῖν
1056 2253 1427 2329 ἐπειγόμενος,
1490 2252 1579 2308 ὅτε
1635 2253 1724 2307 καὶ
1774 2258 1881 2307 τῶν
1937 2252 2031 2307 σὺν

369 2349 453 2416 τῷ
506 2342 896 2419 κουροπαλάτῃ
943 2341 1208 2411 Μανουὴλ
1284 2347 1364 2413 τῷ
1421 2346 1700 2415 Κομνηνῷ
1756 2342 2028 2396 πεσόντων

372 2434 572 2501 θεατὴς
620 2436 727 2486 τῶν
775 2430 1086 2504 πτωμάτων
1145 2431 1377 2505 ἐγένετο.
1414 2430 1666 2485 Κάκεῖθεν
1716 2430 1898 2507 σχολῇ
1936 2426 2030 2485 καὶ

381 2519 555 2597 βάδην
592 2520 685 2575 ίὼν
729 2515 1143 2593 καταλαμϐάνει
1196 2522 1294 2589 τήν
1336 2517 1817 2590 Θεοδοσιούπολιν,
1844 2521 2034 2595 πρώην

377 2613 480 2683 μὶν
516 2609 928 2683 ιιὶμεληθιῑῖσανι
978 2608 1029 2679 ἐξ
1062 2608 1189 2663 ὅτου
1221 2606 1278 2663 δὶ
1322 2608 1697 2683 ἐπολιορκήθη
1727 2609 1789 2663 τὸ
1820 2610 2031 2684 Ἀρτζε,

380 2696 907 2770 ἀνοικοδομηθεῖσαν
1000 2698 1090 2752 καὶ
1185 2703 1660 2773 κατοχυρωθεῖσαν
1696 2741 1709 2767 ,
1796 2696 2029 2761 ἐντεῦθεν

388 2785 625 2860 διμήνου
691 2789 899 2862 τροφὴν
973 2788 1180 2859 ἑκάστῳ
1235 2788 1411 2864 φέρειν
1472 2785 2031 2861 ἐπικηρυκευσάμενος

382 2877 461 2937 ὡς
517 2873 587 2930 δι’
643 2874 904 2945 ἀοικήτου
961 2874 1051 2929 καὶ
1117 2877 1497 2947 ἠρημωμένης
1556 2876 1742 2950 χώρας
1797 2872 2030 2949 βαδίζειν

390 2963 681 3038 μέλλουσι.
744 2964 964 3020 Πάντων
1019 2961 1075 3018 δὶ
1147 2964 1209 3018 τὸ
1271 2965 1572 3039 προσταγὲν
1622 2965 2032 3037 ποιησαμένων,

380 3054 446 3108 τὸ
483 3052 876 3129 μισθοφορικὸν
920 3057 1026 3105 τῶν
1076 3050 1263 3119 Οῧζων
1313 3051 1400 3105 καὶ
1453 3050 1581 3112 τοὺς
1613 3052 1898 3126 Φράγγους
1940 3051 2030 3105 σὺν

384 3139 680 3213 Ῥουσελίῳ
732 3138 885 3216 ἀνδρὶ
961 3140 1191 3216 γενναίῳ
1267 3138 1356 3194 καί
1436 3137 1729 3212 πολεμικῷ
1788 3138 2033 3216 διαφίησι

2121 558 2341 614 cultam
2402 565 2459 617 et
2520 561 2842 618 solitariam
2899 565 3197 637 regionem
3264 567 3374 622 iter
3436 569 3765 628 habituros.

2124 648 2269 702 Cum
2298 666 2503 705 omnes
2547 652 2834 722 imperata
2881 654 3174 723 fecissent,
3208 659 3598 715 mercenarios
3628 661 3771 718 Uzos

2126 742 2182 790 et
2230 742 2481 793 Francos
2530 756 2664 795 cum
2716 741 2969 810 Ruselio,
3000 744 3122 797 viro
3172 744 3307 799 forti
3355 762 3420 801 ac
3472 747 3768 819 bellicoso,

2128 826 2198 879 ad
2231 826 2422 881 Chliat
2473 830 2793 899 praedatum
2847 831 3027 901 misit,
3061 833 3215 901 quod
3267 834 3431 904 prius
3479 838 3653 893 etiam
3691 842 3773 895 fe-

2128 920 2303 969 cerat.
2340 916 2439 972 llle
2483 934 2516 972 a
2562 923 2723 989 tergo
2771 920 2923 975 692
2968 920 3289 991 insequens
3335 925 3404 978 ad
3460 925 3777 985 Matziciert

2134 1006 2413 1074 pervenit,
2469 1007 2673 1061 urbem
2735 1008 3081 1076 Romanam,
3122 1012 3222 1065 sed
3274 1028 3309 1067 a
3355 1014 3587 1071 sultano
3645 1018 3786 1073 sub-

2135 1098 2319 1147 actam
2353 1100 2409 1148 et
2446 1102 2581 1150 ante
2625 1112 2659 1150 a
2696 1097 2900 1151 Turcis
2931 1098 3256 1153 obsessam.
3288 1103 3654 1174 Aspernatus
3686 1123 3791 1161 au-

2135 1185 2253 1235 tem
2286 1182 2393 1238 hos
2427 1188 2489 1238 ut
2524 1200 2762 1254 paucos,
2793 1184 2969 1241 aliam
3020 1203 3263 1242 manum
3307 1189 3463 1245 haud
3517 1194 3787 1265 exiguam

2140 1271 2211 1325 ab
2244 1272 2495 1325 exercitu
2546 1272 2867 1328 abscissam
2916 1274 3168 1346 Josepho
3219 1279 3499 1349 magistro
3532 1282 3792 1338 Tarcha-

2140 1360 2312 1413 niotaa
2383 1360 2583 1428 tradit,
2644 1363 2844 1417 addita
2909 1362 3087 1418 etiam
3147 1365 3304 1421 haud
3364 1373 3795 1427 contemnenda

2142 1447 2381 1503 cohorte
2427 1450 2714 1520 peditum,
2747 1451 2864 1506 imo
2895 1452 3073 1506 etiam
3124 1453 3386 1524 equitum
3419 1458 3792 1529 selectorum,

2146 1536 2245 1606 qui
2298 1542 2549 1593 maxime
2589 1538 2848 1593 bellicosi
2880 1546 3048 1594 erant
3090 1547 3147 1596 et
3195 1544 3347 1598 inter
3394 1545 3591 1602 hostes
3638 1565 3795 1604 sem-

2146 1641 2249 1696 per
2288 1626 2584 1697 principes
2632 1626 2891 1698 pericula
2935 1629 3177 1684 adibant
3225 1632 3514 1704 primique
3566 1652 3795 1707 pugna-

2149 1713 2305 1768 bant.
2366 1715 2665 1771 Profectus
2740 1720 2937 1771 autem
3008 1718 3429 1778 Tarchaniotes
3484 1724 3556 1779 ad
3613 1725 3801 1782 Cbliat

2148 1818 2316 1873 opem
2362 1803 2591 1858 laturus
2622 1803 2760 1860 Uzia
2788 1809 2845 1859 et
2874 1805 3113 1861 Francis
3146 1812 3203 1861 et
3233 1810 3393 1863 omni
3436 1814 3798 1870 mercenario

2148 1891 2443 1947 exercitui.
2477 1894 2760 1948 Audierat
2788 1895 2945 1947 enim
2990 1894 3308 1966 imperator
3354 1900 3799 1960 multitudinem

2147 1997 2392 2037 numero
2449 1982 2740 2037 inﬁnitam
2800 1984 3077 2040 adversus
3137 1985 3298 2056 ipsos
3349 1989 3567 2061 venire,
3601 1995 3658 2047 et
3710 1993 3799 2047 di-

2146 2071 2360 2126 viserat
2417 2072 2760 2140 exercitum,
2813 2088 3056 2143 sperans
3117 2091 3179 2130 se
3234 2077 3432 2133 statim
3485 2081 3803 2138 Matziciert

2146 2158 2205 2213 in
2238 2176 2406 2213 suam
2460 2165 2810 2231 potestatem
2844 2162 3240 2228 redacturum,
3273 2168 3429 2235 quod
3479 2168 3657 2225 etiam
3707 2188 3803 2227 ac-

2144 2248 2311 2317 cidit,
2345 2255 2401 2303 et
2431 2249 2502 2303 ad
2542 2266 2641 2304 eos
2692 2251 2790 2320 qui
2843 2261 3004 2305 erant
3058 2252 3117 2305 in
3150 2253 3344 2308 Chliat
3388 2257 3802 2335 adventuram.

2144 2338 2305 2401 Quod
2362 2338 2410 2392 si
2462 2354 2588 2407 quae
2644 2339 2963 2395 necessitas
3016 2347 3269 2412 urgeret,
3304 2346 3609 2401 confestim
3642 2349 3801 2419 ipsos

2142 2429 2572 2493 revocaturum,
2604 2442 2739 2481 cum
2780 2428 3067 2484 exercitus
3120 2446 3297 2502 prope
3327 2439 3519 2490 castra
3568 2438 3796 2508 posuis-

2143 2520 2292 2571 sent.
2335 2515 2668 2569 Audiebunt
2715 2516 2873 2571 enim
2924 2517 3227 2573 sultanum
3278 2523 3541 2578 studiose
3589 2526 3791 2582 advero

2143 2621 2246 2658 sus
2294 2619 2355 2658 se
2405 2606 2772 2658 contendere.
2807 2606 2873 2659 Et
2903 2606 3140 2676 quidem
3193 2615 3346 2664 certe
3394 2627 3509 2666 non
3558 2614 3794 2670 carebat

2142 2693 2364 2748 ratione
2394 2709 2590 2747 rerum
2614 2693 2823 2748 divisio
2855 2698 2911 2748 et
2944 2695 3347 2765 consiliorum,
3381 2716 3570 2771 neque
3601 2701 3793 2758 aliena

2143 2786 2268 2836 erat
2324 2798 2357 2836 a
2416 2781 2767 2851 peritissimo
2825 2782 2993 2853 duce,
3042 2784 3157 2839 nisi
3216 2786 3423 2856 fatum,
3487 2790 3604 2845 imo
3656 2808 3790 2847 vero

2143 2870 2338 2926 divina
2396 2871 2481 2925 ira
2536 2888 2640 2926 seu
2699 2872 2844 2926 ratio
2902 2889 2935 2927 a
2992 2873 3162 2929 nobis
3230 2880 3484 2933 maxime
3541 2886 3791 2936 remota-

2143 2964 2416 3015 eventum
2484 2976 2678 3014 rerum
2736 2960 2795 3014 in
2855 2963 3206 3018 contrariam
3277 2971 3503 3036 partem
3564 2986 3793 3040 perver,

2141 3051 2333 3114 tisset,
2373 3055 2428 3103 et
2476 3050 2545 3103 ad
2596 3049 2813 3104 exitum
2862 3050 2942 3105 rei
2992 3057 3047 3107 et
3094 3055 3566 3123 conjunctionem
3627 3075 3792 3114 exer-

2148 3138 2299 3194 citus
2356 3141 2555 3192 eadem
2610 3139 2702 3193 die
2757 3139 2933 3194 etiam
2992 3140 3294 3198 sultanum
3350 3146 3475 3201 sine
3535 3164 3795 3218 praecone

383 3231 523 3286 κατὰ
549 3209 662 3284 τοῦ-
704 3209 876 3285 Χλίάτ
925 3209 1000 3292 εἰς
1051 3209 1356 3304 προνομήν.
1388 3232 1558 3285 Τοῦτο
1585 3209 1592 3212 Ἴ
1616 3226 1672 3282 δὲ
1705 3209 1807 3284 καὶ
1838 3209 2033 3305 πρότε-

2148 3226 2351 3281 Turcis
2401 3226 2794 3296 adjunxisset,
2853 3234 2909 3282 et
2974 3231 3374 3300 prohibuisset
3430 3209 3665 3291 decreta
3721 3238 3794 3292 ad

387 3340 481 3393 ρον
539 3317 856 3388 ἐποιήσατο.
908 3319 1143 3380 Ἐκεῖνος
1195 3315 1252 3372 δὲ
1304 3318 1531 3371 κατόπιν
1577 3314 1820 3371 ἐλαύνων
1852 3316 1929 3379 εἷς
1975 3318 2035 3371 τὸ

387 3408 720 3483 Μανζικιὶρτ
769 3408 1110 3483 παρεγένετο,
1160 3406 1322 3461 πόλιν
1377 3407 1693 3478 Ῥωμαϊκὴν
1748 3406 1864 3478 μὶν,
1917 3426 2036 3481 χει-

389 3498 656 3572 ρωθεῖσαν
720 3493 777 3551 δὶ
832 3500 911 3568 τῷ
984 3494 1267 3569 σουλτάνῳ
1347 3499 1552 3570 προτοῦ
1608 3494 1697 3549 καὶ
1756 3497 2035 3570 Τούρκους

389 3582 798 3661 ἐγκαθημένους
877 3577 1132 3658 ἔχουσαν.
1210 3584 1631 3660 Καταφρονήσας
1698 3579 1755 3637 δὶ
1829 3583 2034 3637 τούτων

388 3674 464 3735 ὡς
494 3670 819 3747 ὀλιγοστῶν,
853 3672 1034 3747 ἑτέραν
1094 3677 1287 3747 μοῖραν
1343 3673 1446 3727 οὐκ
1496 3671 1793 3746 ἐλαχίστην
1850 3672 2040 3727 ἀποτε-

392 3760 635 3835 μόμενος
695 3765 791 3815 τοῦ
851 3765 1080 3835 στρατοῦ
1142 3761 1343 3837 Ἰωσὴφ
1400 3758 1642 3836 μαγίστῳ
1688 3764 1766 3831 τῷ
1816 3762 2038 3835 Ταρχα-

386 3849 589 3923 νειώτῂ
637 3846 998 3925 παραδίδωσι,
1051 3845 1414 3923 προσεπιδοὺς
1465 3849 1555 3903 καὶ
1615 3854 1808 3923 στῖφος
1863 3853 2037 3917 πεζῶν

395 3939 497 3994 οὐκ
540 3937 1032 4016 εὐκαταφρόνητον,
1090 3936 1301 4009 μᾶλλον
1352 3934 1410 3990 δὲ
1456 3942 1561 3990 τῶν
1596 3935 1841 3991 ἱπποτῶν
1870 3937 1931 3990 τὸ
1962 3934 2041 3991 ἔκ-

392 4027 580 4102 κριτόν
612 4048 669 4081 τε
710 4027 798 4081 καὶ
844 4027 1241 4102 μαχιμώτατον
1289 4025 1383 4080 κᾶν
1437 4032 1555 4087 τοῖς
1576 4024 1867 4098 πολεμίοις
1898 4046 2040 4100 προ-

391 4114 702 4171 κινδυνεῦον
738 4115 817 4170 ἀεὶ
864 4115 953 4169 καὶ
1006 4115 1458 4190 προμαχόμενον.
1510 4115 1679 4188 Ἀρας
1735 4111 1791 4168 δὲ
1843 4115 2041 4188 ὁΤαρ-

392 4206 703 4281 χανειώτης
762 4202 969 4260 ἄπεισιν
1045 4202 1123 4265 εἷς
1197 4204 1260 4257 τὸ
1320 4201 1510 4273 Χλίατ,
1575 4203 1864 4277 βοηθήσων
1923 4208 2038 4264 τοῖς

393 4292 589 4363 Οὕζοις
621 4294 711 4348 καὶ
742 4299 857 4355 τοῖς
891 4295 1167 4368 Φράγγοις
1200 4291 1288 4347 καὶ
1316 4292 1473 4345 παντὶ
1504 4295 1580 4362 τῷ
1616 4296 1991 4367 μισθοφορικῷ
2025 4310 2038 4323 ⁸

394 4383 627 4453 ἠκηκόει
696 4382 797 4458 γὰρ
855 4384 882 4437 6
952 4379 1205 4458 βασιλεὺς
1261 4378 1474 4449 πλῆθος
1539 4376 1869 4455 μυρίανδρον
1928 4381 2045 4434 κατ’

399 4472 575 4527 αὐτῶν
636 4473 905 4549 φέρεσθαι.
953 4468 1133 4525 Διεῖλε
1184 4467 1241 4524 δὲ
1294 4470 1321 4523 6
1375 4466 1628 4544 βασιλεὺς
1668 4469 1758 4523 τὸν
1793 4469 2043 4543 στρατὸν,

2146 3314 2366 3370 exitum
2418 3314 2676 3385 perduci.
2711 3316 2855 3369 Nam
2907 3333 3042 3372 cum
3092 3331 3434 3391 occupasset
3477 3324 3799 3394 imperator

2148 3403 2463 3458 Matziciert
2512 3404 2796 3474 perculsis
2828 3406 3035 3461 Turcis
3060 3407 3305 3479 ejusque
3335 3411 3533 3467 veritis
3580 3413 3792 3470 adven-

2146 3496 2298 3558 tum,
2353 3492 2511 3563 iique
2571 3494 2744 3548 tidem
2832 3511 3011 3566 quam
3072 3497 3362 3568 petierant
3412 3502 3797 3573 accepissent,

2148 3582 2247 3637 ubi
2279 3582 2431 3637 693
2462 3581 2640 3637 etiam
2692 3582 2905 3638 accidit
2951 3590 3017 3639 ut
3067 3586 3308 3656 quidam
3360 3588 3661 3646 Romanus
3700 3592 3797 3661 ju-

2147 3670 2467 3742 risjurandi
2514 3674 2701 3741 gratia
2750 3673 2991 3727 naribus
3044 3675 3390 3745 privaretur,
3424 3679 3579 3748 quod
3626 3680 3797 3749 jura-

2147 3764 2308 3814 verat
2334 3759 2481 3829 ipsis
2513 3759 2852 3830 imperator,
2888 3763 3041 3831 quod
3083 3762 3181 3818 ille
3210 3765 3456 3820 asellum
3487 3767 3794 3825 Turcicum

2149 3853 2446 3920 rapuerat,
2480 3847 2579 3902 Dei
2622 3848 2972 3905 Genitricem
3022 3855 3079 3905 et
3125 3851 3420 3909 Christum
3479 3861 3537 3910 et
3594 3873 3798 3914 omnes

2149 3942 2383 3994 sanctos
2439 3939 2853 3993 intercessores
2909 3938 3203 3995 invocans.
3258 3944 3319 3996 In
3378 3944 3595 4013 quibus
3653 3946 3792 4001 dum

2148 4027 2469 4098 imperator
2522 4032 2858 4097 occupatur,
2920 4028 2973 4081 in
3035 4029 3250 4085 milites
3330 4032 3647 4102 Romanos,
3697 4036 3797 4106 qui

2149 4116 2470 4188 praedatum
2505 4117 2723 4187 egressi
2757 4117 3006 4186 tuerant,
3037 4119 3281 4175 Turcica
3315 4137 3522 4177 manus
3552 4123 3795 4180 invadit.

2152 4204 2334 4259 Batus
2365 4204 2546 4275 igitur
2577 4205 2890 4276 imperator
2923 4206 3127 4261 ducem
3162 4208 3381 4264 sultani
3403 4227 3535 4266 cum
3561 4213 3800 4283 quibus-

2150 4295 2283 4349 dam
2329 4294 2512 4364 copiis
2543 4294 2867 4361 advenisse,
2904 4299 2967 4350 ut
2995 4297 3293 4369 dispersos
3334 4301 3476 4371 regii
3508 4303 3798 4360 exercitus

2152 4388 2462 4448 coerceret,
2494 4384 2777 4438 adversus
2809 4385 3001 4455 ipsum
3026 4387 3190 4442 misit
3213 4405 3345 4443 cum
3379 4390 3587 4446 idonea
3619 4408 3797 4449 manu

2153 4472 2501 4543 magistrum
2534 4472 2926 4543 Nicephorum
2977 4478 3351 4548 Bryennium,
3376 4480 3475 4550 qui
3508 4497 3636 4535 cum
3669 4481 3796 4553 ipso

399 4560 635 4630 ἐλπίζων
700 4559 857 4621 αὐτὸς
904 4558 1045 4633 ταχὺ
1108 4559 1169 4613 τὸ
1218 4558 1541 4633 Ματζικιὶρτ
1589 4559 2033 4632 ’παραστήσεσθαιἶ

2156 4576 2508 4631 congressus
2557 4560 2711 4615 haud
2763 4562 2939 4617 cessit
2973 4581 2985 4617 :
3016 4582 3215 4621 verum
3268 4567 3440 4622 multi
3487 4585 3621 4624 cum
3672 4570 3799 4641 ipso

396 4650 427 4705 ’ὀ
460 4647 529 4718 δὴ
560 4649 649 4704 καὶ
680 4649 889 4724 γέγονε,
942 4647 1031 4702 καὶ
1087 4644 1425 4720 ἐπιδημῆσαι
1472 4651 1591 4707 τοῖς
1626 4645 1678 4701 ἐν
1707 4651 1788 4718 τῷ
1818 4644 1995 4701 Χλιάτ
2030 4664 2043 4677 ·

400 4740 448 4794 εί
497 4737 553 4793 δὲ
599 4759 681 4802 τις
728 4737 935 4811 ἀνάγκη
980 4735 1297 4805 κατεπείξει,
1350 4735 1561 4809 ταχέως
1620 4733 1816 4796 αὐτοὺς
1870 4755 2045 4810 παρα-

399 4826 749 4894 καλέσασθαι,
806 4824 1040 4894 πλησίον
1097 4822 1489 4897 ἐσκηνωμένων
1547 4828 1653 4877 τῶν
1714 4823 2047 4898 στρατευμά-

398 4937 508 4971 των
543 4937 555 4949 '
588 4913 755 4985 ἤκουε
784 4916 886 4987 γὰρ
935 4915 1026 4968 τὸν
1083 4913 1376 4969 σουλτανὸν
1426 4911 1723 4988 ἐπείγεσθαι
1780 4913 1896 4967 κατ’
1947 4912 2046 4968 αὐ-

398 5010 520 5062 τοῦ.
581 5006 677 5059 Καί
708 5025 768 5079 γε
796 5004 860 5073 ἧν
899 5003 996 5057 οὒκ
1037 5001 1331 5077 ἀνεύλογος
1373 5003 1407 5070 ἡ
1454 4998 1713 5073 διαιρεσις
1744 5005 1851 5055 τῶν
1886 5022 2045 5077 στρα-

396 5096 705 5168 τευμάτων,
762 5092 850 5147 καὶ
901 5092 1185 5167 λογισμῶν
1240 5090 1339 5145 οὐκ
1392 5090 2047 5164 ἀποστρατηγικωτάτων,

401 5184 450 5239 εἷ’
475 5186 551 5257 μὴ
580 5181 938 5257 πεπρωμένη,
963 5179 1173 5253 μᾶλλον
1199 5177 1253 5234 δί
1278 5184 1419 5243 θεῖος
1446 5179 1619 5254 χόλος
1649 5178 1683 5249 ἥ
1712 5178 1877 5254 λόγος
1910 5182 2045 5252 ἡμῖν

403 5272 841 5349 άπορῥητότερος
868 5270 967 5338 τήν
1006 5264 1218 5323 ἔκϐασιν
1268 5267 1343 5330 εἷ¹ς
1368 5268 1677 5323 τούναντίον
1710 5270 2044 5343 περιέτρεψε,

400 5363 489 5419 καὶ
547 5362 683 5437 πρὸς
749 5360 828 5431 τῷ
878 5356 1021 5413 τέλει
1080 5362 1175 5412 τοῦ
1222 5353 1379 5434 ἔργου
1436 5356 1525 5411 καὶ
1581 5360 1649 5431 τῇ
1706 5356 2045 5433 αὐθημερινῇ

2157 4648 2445 4703 vulnerati
2476 4653 2634 4717 sunt,
2666 4654 2725 4704 et
2749 4649 2906 4706 haud
2940 4654 3109 4723 pauci
3149 4670 3218 4710 ex
3266 4655 3411 4726 ipsis
3440 4657 3799 4715 occiderunt.

2156 4739 2225 4792 Et
2272 4754 2404 4791 cum
2450 4737 2701 4795 validius
2748 4757 2816 4795 ex
2869 4741 3108 4798 incursu
3168 4744 3343 4815 paulo
3396 4751 3531 4801 ante
3583 4751 3803 4805 assueti

2158 4833 2511 4898 pugnarent,
2544 4828 2827 4884 audacius
2858 4830 3265 4888 incumbentes
3297 4834 3499 4901 armis,
3533 4838 3802 4893 cominus

2158 4917 2529 4972 resistebant.
2590 4920 2775 4983 Quare
2848 4925 3009 4975 metu
3080 4928 3410 4979 commotus
3468 4926 3666 4997 00pias
3730 4931 3803 4984 ab

2156 5005 2509 5077 imperatore
2557 5007 2742 5078 petiit.
2795 5008 2898 5063 Ille
2952 5015 3147 5065 autem
3199 5012 3589 5070 condemnata
3648 5015 3808 5075 illius

2156 5093 2473 5151 timiditate
2528 5095 2858 5167 (ignorabat
2906 5099 3063 5153 enim
3112 5100 3193 5155 rei
3240 5101 3568 5175 veritatem)
3607 5113 3809 5162 coacta

2158 5184 2436 5238 concione
2483 5185 2687 5239 habuit
2733 5186 3057 5242 orationem
3090 5191 3160 5243 de
3188 5189 3259 5243 iis
3289 5207 3412 5260 quae
3463 5193 3531 5247 ad
3584 5194 3805 5250 bellum

2158 5272 2545 5343 pertinebant.
2584 5274 2644 5327 In
2680 5274 2870 5329 media
2893 5292 3124 5347 quoque
3154 5278 3415 5335 oratione
3442 5281 3811 5351 gravioribus

2160 5360 2351 5415 verbis
2386 5364 2469 5416 uti
2500 5378 2743 5418 exorsus
2791 5369 2899 5435 est,
2934 5370 2991 5420 et
3038 5366 3261 5423 interea
3290 5371 3562 5426 sacerdos
3608 5370 3807 5430 lectio-

1724 5482 1969 5538 JACOBI
2008 5482 2225 5538 GOARI
2264 5482 2496 5538 NOTzE.

475 5594 589 5672 (g3)
619 5592 929 5672 Gelidioris
961 5594 1028 5672 et.
1047 5590 1367 5665 frigidioris
1421 5606 1587 5663 aqua;
1639 5590 1830 5647 fontes
1860 5588 2025 5666 κρύας
2054 5587 2236 5666 πηγάς
2268 5592 2535 5649 moderni
2565 5597 2794 5667 vocant,
2826 5594 3206 5672 diversosque
3260 5598 3367 5657 hoc
3414 5599 3650 5658 nomine
3680 5604 3809 5662 tam

364 5704 373 5713 ρ
398 5662 533 5725 Chii
562 5662 691 5723 tum
723 5664 869 5723 Teni
899 5662 1189 5722 novimus.
