4084 6140
388 321 503 380 423

1693 315 2017 377 JOANNIS
2062 314 2467 379 SCYLITZfE

3664 320 3773 378 424

385 469 520 509 nem
564 449 861 523 Evangelii
925 450 1293 517 exclamavit,
1323 466 1452 522 quis
1510 451 1595 506 ita
1654 467 1713 505 se
1770 449 2035 519 habebat,

2160 452 2267 501 τῶν
2327 447 2742 522 στρατευμάτων
2799 445 2984 501 ἐνώσει
3033 445 3124 500 xui
3184 448 3273 500 τὸν
3332 444 3614 502 σουλτάνον
3658 469 3785 519 ακη-

385 545 451 596 ut
489 540 605 596 alia
652 539 923 596 omittam
957 555 970 594 :
1007 561 1034 589 ‹‹
1068 540 1125 595 Si
1176 556 1269 595 me
1317 540 1607 611 persecuti
1658 542 1818 608 sunt,
1850 542 1906 593 et
1934 554 2038 593 vos

383 633 843 702 persequentur;
894 628 944 683 si
993 629 1233 683 verbum
1290 645 1487 684 meum
1537 630 1934 696 servaverunt,
1978 630 2037 682 et

381 722 641 774 vestrum
695 717 1032 783 servabunt,
1074 738 1103 767 ››
1158 733 1343 787 usque
1394 718 1464 772 ad
1514 716 1682 783 illud,
1722 739 1741 765 ι
1778 715 2031 771 arbitra-

383 808 546 862 bitur
592 806 941 877 obsequium
999 821 1061 860 se
1116 814 1392 875 praestare
1446 805 1583 861 Deo.
1616 827 1643 853 δ)
1678 805 1841 869 Quod
1897 819 2033 859 cum

385 896 560 951 etiam
595 895 1004 967 prudentiores
1054 895 1456 964 adnotassent,
1489 894 1905 950 existimarunt
1929 892 2039 947 hoc

389 984 628 1039 verbum
662 982 984 1039 oraculum.
1018 985 1292 1037 Fervente
1338 987 1534 1038 autem
1566 982 1718 1039 bello
1750 983 1905 1037 694
1935 981 2044 1035 mi-

391 1074 471 1129 sit
529 1073 847 1144 imperator
899 1072 1077 1127 etiam
1137 1072 1532 1143 Nicephorum
1583 1072 1929 1142 magistrum
1983 1075 2041 1125 et

390 1166 610 1220 Ducam
643 1163 1126 1234 Theodosiopolis
1174 1163 1526 1218 Basilacium
1568 1180 1700 1219 cum
1747 1161 2040 1233 indigenis

391 1254 702 1323 militibus,
735 1270 848 1324 quo
882 1252 1170 1324 Bryennio
1219 1253 1495 1323 adjuncto
1541 1268 1724 1322 usque
1755 1252 1824 1306 ad
1858 1251 2048 1322 quod-

390 1344 525 1398 dam
560 1343 682 1398 leve
713 1340 979 1413 przelium
1021 1341 1263 1413 aequalis
1311 1346 1369 1396 et
1412 1358 1627 1413 anceps
1683 1357 1882 1413 pugna
1909 1338 2037 1394 fuit.

388 1444 534 1497 Cum
586 1444 783 1495 autem
833 1438 1072 1504 milites,
1105 1439 1490 1510 imperatores
1538 1456 1603 1494 ac
1656 1440 1834 1494 duces
1872 1438 2049 1508 sequi

389 1529 760 1594 statuissent,
795 1528 1012 1599 primas
1062 1533 1255 1599 partes
1298 1545 1501 1599 pugnas
1533 1528 1823 1583 sustinere
1873 1526 2043 1597 polli-

387 1618 541 1674 citus
570 1620 679 1681 est,
714 1618 1032 1688 statimque
1060 1616 1283 1688 impetu
1319 1617 1468 1673 facto
1500 1618 1721 1683 hostes,
1744 1616 1845 1688 qui
1873 1621 2039 1687 terga

386 1707 701 1773 dederant,
769 1706 1249 1778 persequebatur.
1305 1705 1449 1761 Cum
1508 1722 1642 1761 vero
1709 1703 2044 1776 Bryennius

2161 534 2313 609 ρυκτὶ
2369 539 2489 599 τοῖς
2543 534 2812 611 Τούρκοις
2893 534 3153 606 ἐπέστησε
3232 533 3323 589 καὶ
3381 534 3446 590 τὶ
3501 532 3783 606 δοκηθὲντα

2158 622 2476 693 τελεσθῆναι
2521 621 2911 681 διακεκώλυκε.
2968 618 3310 700 Παραλαϐὼν
3344 624 3443 699 γὰρ
3484 626 3512 679 6
3548 623 3786 700 βασιλεὺς

2156 714 2219 768 τὸ
2277 714 2611 787 Ματζικιέρτ
2684 711 3136 787 καταπλαγέντων
3222 713 3313 767 καὶ
3373 710 3783 789 όρῥωδησάντων

2157 806 2265 856 τῶν
2296 801 2546 875 Τούρκων
2595 802 2694 869 τὴν
2749 800 2913 856 αὐτοῦ
2965 800 3266 870 ἐπέλευσιν,
3296 800 3387 855 καὶ
3436 801 3609 856 πίστιν
3639 802 3787 873 αἰτησ-

2160 890 2406 963 σαμένων
2440 890 2531 945 καὶ
2585 885 2886 960 λαϐόντων,
2929 888 2991 945 οὗ
3024 891 3115 945 καὶ
3164 885 3358 961 συνέϐη
3409 890 3789 967 ρινοτμηθῆναι

2158 975 2430 1053 Ῥωμαῖόν
2477 1001 2601 1035 τινα
2648 979 2862 1055 ὀνάριον
2912 979 3213 1054 Τουρκικὸν
3257 976 3606 1056 ὑφελόμενον,
3649 980 3791 1056 εὐορ-

2158 1068 2278 1131 κίας
2339 1069 2500 1145 χάριν
2554 1070 2623 1138 ἧς
2684 1068 2967 1142 ὀμωμόκει
3024 1069 3239 1129 τούτοις
3289 1069 3318 1122 6
3371 1066 3641 1143 βασιλεὺς,
3694 1070 3785 1138 τήν

2159 1159 2421 1213 Θεοτόκον
2473 1158 2564 1213 καὶ
2614 1159 2703 1213 τὸν
2751 1158 2982 1232 Χριστὸν
3012 1158 3123 1212 -καὶ
3172 1158 3300 1219 τοὺς
3354 1158 3544 1233 ἁγίους
3604 1158 3793 1220 πάντας

2165 1247 2383 1320 μεσίτας
2412 1242 2850 1322 προϐαλόμενος.
2904 1248 2990 1301 Ἐν
3041 1246 3151 1319 ὅσῳ
3200 1244 3258 1301 δέ
3298 1248 3561 1319 ταυτὶτῷ
3593 1246 3791 1323 βασιλεῖ

2162 1334 2487 1409 διετάττετο,
2515 1342 2634 1399 τοῖς
2692 1336 2767 1399 εἷς
2814 1338 2912 1407 τήν
2960 1336 3150 1412 χρείαν
3207 1335 3403 1407 ἐξιοῦσι
3453 1337 3787 1411 στρατιώταις

2160 1426 2456 1499 Ῥωμαίοις
2510 1423 2727 1495 πληθὺς
2800 1426 3070 1497 Τουρκική
3147 1430 3230 1494 [Ρ.
3304 1427 3433 1498 838]
3492 1424 3787 1479 ἐπιτίθεται.

2161 1525 2378 1594 Οίηθεὶς
2411 1524 2500 1580 οὖν
2535 1526 2563 1580 ὁ
2613 1524 2865 1599 βασιλεὺς
2919 1524 3163 1601 ἡγεμόνα
3208 1528 3304 1578 τοῦ
3345 1523 3639 1580 σουλτάνου
3672 1526 3793 1597 μετά

2160 1635 2308 1678 τινος
2338 1614 2568 1692 ἀφῖχθαι
2601 1611 2878 1688 δυνάμεως
2935 1614 3025 1669 καὶ
3080 1611 3388 1669 διακλονεῖν
3429 1613 3556 1677 τοὺς
3604 1634 3791 1690 σπορα-

2164 1701 2259 1766 δας
2317 1709 2415 1759 τοῦ
2468 1703 2756 1780 βασιλικοῦ
2828 1708 3079 1780 στρατοῦ,
3152 1702 3465 1759 ἀπέστειλεν
3509 1702 3589 1757 ἐπ’
3644 1702 3789 1757 αὐτὸν

386 1795 515 1851 suis
545 1796 705 1851 frena
734 1795 994 1849 detinere
1027 1794 1326 1864 jussisset,
1359 1794 1520 1850 solus
1546 1793 1871 1849 Basilacius
1900 1807 2035 1865 pcr-

2162 1793 2479 1870 Νικηφόρον
2534 1794 2831 1869 μάγιστρον
2879 1793 2971 1847 τὸν
3026 1792 3309 1889 Βρυέννιον
3368 1792 3505 1865 μετὰ
3554 1798 3649 1861 τῆς
3702 1792 3789 1865 ἀρ-

385 1899 642 1955 sequens
684 1883 1047 1955 ignoratione
1094 1883 1251 1953 facti,
1288 1884 1387 1939 ubi
1420 1885 1489 1938 ad
1522 1882 1742 1938 vallum
1776 1882 2041 1937 hostium

384 1972 653 2043 accessit,
687 1972 912 2028 conﬁxo
967 1971 1157 2044 ipsius
1208 1988 1357 2045 equo
1407 1973 1479 2028 ad
1527 1976 1742 2027 terram
1800 1970 2038 2035 decidit,

385 2077 686 2116 armorum
719 2060 974 2132 pondere
1005 2077 1344 2132 oppressus,
1369 2065 1427 2115 et
1458 2059 1672 2115 idcirco
1699 2060 2044 2116 circumfusi

387 2150 587 2206 hostes
636 2151 833 2221 ipsum
864 2150 1061 2205 vivum
1094 2150 1355 2222 capiunt,
1388 2150 1769 2221 vinctumque
1812 2150 1883 2205 ad
1916 2147 2041 2203 eul-

389 2244 593 2293 tanum
645 2238 966 2293 abducunt.
999 2238 1061 2292 In
1096 2240 1265 2308 cujus
1296 2243 1674 2309 conspectum
1725 2238 2036 2306 adductus,

390 2352 578 2408 neque
609 2340 673 2391 ut
720 2353 922 2391 servus
962 2336 1085 2406 jam
1139 2335 1379 2391 eliectus
1424 2352 1612 2408 neque
1662 2340 1728 2392 ut
1776 2336 2039 2407 captivus

387 2426 700 2491 abductus,
734 2425 967 2480 sultano
1001 2442 1061 2480 se
1093 2425 1359 2495 subjecit.
1396 2426 1504 2481 Sed
1547 2442 1734 2496 neque
1765 2425 2039 2480 sultanus

386 2514 512 2585 ipso
545 2520 611 2569 ut
656 2530 825 2569 servo
856 2518 956 2567 aut
983 2514 1208 2584 captivo
1241 2530 1384 2569 usus
1414 2518 1524 2580 est,
1557 2515 1656 2568 sed
1709 2515 1910 2569 crebro
1938 2529 2033 2568 ac-

385 2619 620 2657 cersens
651 2602 721 2657 de
752 2603 1101 2672 imperatore
1143 2619 1277 2657 eum
1327 2602 1802 2674 percontabatur,
1836 2618 2034 2657 suam-

380 2708 493 2763 que
531 2692 642 2763 ipsi
679 2691 999 2763 potentiam
1033 2691 1389 2760 ostentabat,
1421 2697 1485 2747 ut
1514 2692 1565 2746 ei
1598 2695 1818 2747 metum
1850 2694 2035 2746 terro-

382 2796 626 2850 remque
673 2778 969 2848 injiceret;
1023 2779 1124 2849 qui
1172 2779 1371 2834 omnia
1422 2779 1612 2851 ipsius
1664 2779 1915 2835 laudans
1976 2783 2033 2834 et

383 2868 689 2935 extollens,
722 2867 974 2938 praeliari
1025 2868 1306 2921 adversus
1350 2871 1745 2922 Romanorum
1778 2868 2033 2939 impera-

382 2961 568 3011 torem
614 2955 726 3026 ipsi
768 2955 975 3011 inutile
1004 2956 1363 3011 consulebat.
1398 2956 1507 3011 Sed
1557 2956 1650 3011 hic
1700 2956 1937 3029 quidem
1970 2956 2031 3012 in

384 3042 476 3099 his
516 3044 879 3099 versabatur.
918 3045 1235 3115 lmperator
1265 3048 1460 3100 autem
1505 3049 1740 3101 coactus
1772 3062 1906 3100 cum
1938 3063 2033 3101 re-

380 3132 543 3204 liquo
592 3133 847 3188 exercitu
905 3149 1178 3205 egressus
1218 3137 1306 3188 est
1354 3134 1421 3188 ad
1483 3150 1677 3189 rerum
1727 3139 2031 3206 spectacu-

382 3221 541 3291 lum;
574 3226 632 3276 et
664 3238 851 3291 usque
877 3223 947 3275 ad
980 3237 1278 3293 vesperam
1313 3223 1369 3276 in
1402 3222 1753 3292 quibusdam
1788 3222 2033 3279 tumulis

382 3311 734 3376 consistens,
767 3310 864 3364 ubi
918 3310 1019 3381 qui
1069 3311 1371 3366 resisteret
1416 3316 1472 3366 et
1520 3328 1649 3366 sese
1693 3316 2032 3383 opponeret,

384 3404 678 3454 neminem
738 3398 903 3466 vidit,
963 3399 1019 3453 in
1079 3405 1271 3454 castra
1327 3416 1594 3455 reversus
1652 3404 1759 3456 est.
1792 3400 2035 3455 Statim-

382 3505 495 3559 que
527 3486 871 3542 circumfusi
902 3488 1067 3541 Turci
1120 3504 1363 3542 arcuum
1406 3489 1637 3559 sagittis
1668 3494 1725 3544 et
1771 3489 2034 3560 equitatu

384 3576 539 3631 haud
610 3575 964 3630 mediocrem
1052 3575 1331 3631 exercitui
1416 3582 1697 3632 terrorem
1760 3578 2032 3649 injecere,

387 3672 536 3728 695
589 3671 743 3725 intra
794 3669 1012 3725 vallum
1071 3670 1454 3742 impellentes.
1490 3673 1614 3728 Nox
1660 3678 1785 3728 erat
1835 3673 2037 3730 illunis

384 3777 516 3816 cum
540 3760 661 3815 haec
684 3760 1057 3832 gerebantur,
1080 3777 1269 3831 neque
1302 3762 1585 3832 fugientes
1608 3767 1664 3817 et
1686 3780 2012 3835 persequen

382 3855 469 3906 tes
503 3855 701 3905 utrum
735 3849 955 3905 externi
990 3867 1064 3904 an
1097 3850 1217 3905 noti
1266 3855 1465 3905 essent
1494 3855 1551 3906 et
1580 3851 1749 3906 amici
1782 3852 2040 3908 discerni

378 3944 669 4012 poterant,
691 3954 893 3993 verum
927 3942 1048 3993 tota
1076 3944 1241 3994 nocte
1262 3941 1528 3996 obscuris
1561 3940 1883 3996 ululatibus
1915 3943 2029 3997 cir-

375 4029 764 4084 cumsonabat
794 4028 1107 4098 exercitus,
1140 4028 1220 4084 ita
1269 4032 1332 4084 ut
1362 4045 1565 4085 omnes
1598 4031 1815 4102 apertis
1845 4049 1911 4086 ac
1943 4032 2029 4086 vi-

376 4115 702 4187 gilantibus
727 4114 912 4170 oculis
940 4118 1789 4189 pernoctarent.Cumquejam
1813 4119 2041 4176 illuxis-

376 4210 485 4272 set,
520 4221 655 4275 pars
686 4205 952 4275 quaedam
994 4204 1242 4260 Uzorum
1294 4206 1443 4261 duce
1490 4208 1745 4277 quodam
1793 4208 2033 4264 nomine

372 4293 573 4364 Tame,
596 4297 653 4347 et
678 4292 966 4347 exercitus
998 4292 1090 4347 cui
1119 4293 1425 4349 Tornicius
1449 4294 1739 4351 Cotertzes
1763 4300 2029 4367 praeerat,

373 4382 444 4437 ad
478 4380 678 4437 hostes
718 4380 1033 4448 conﬂuxit;
1084 4382 1238 4452 quod
1290 4382 1444 4437 haud
1481 4383 1833 4439 mediocrem
1868 4383 2032 4440 solli-

374 4470 697 4527 citudinem
731 4470 1008 4525 Romanis
1042 4471 1259 4538 attulit,
1293 4472 1736 4542 suspicantibus
1776 4472 2032 4544 reliquas

2155 1881 2357 1953 κούσης
2414 1880 2716 1955 δυνάμεως,
2766 1881 2824 1943 ὃς
2881 1880 2969 1936 καὶ
3032 1876 3329 1954 συμϐαλὼν
3383 1881 3534 1953 αὐτῷ
3590 1879 3684 1935 οὐκ
3718 1878 3793 1933 ἐν-

2156 1969 2325 2026 έδωκε
2359 1972 2477 2044 μὲν,
2500 1969 2994 2046 ἐτρατματίσθησαν
3040 1968 3096 2026 δὲ
3135 1968 3341 2026 πολλοὶ
3369 1974 3481 2025 τῶν
3515 1968 3605 2024 σὺν
3634 1968 3789 2040 αὐτῷ,

2154 2059 2251 2115 οὐκ
2298 2059 2477 2135 ὀλίγοι
2537 2058 2593 2114 δὲ
2647 2059 2854 2115 τούτων
2930 2059 3019 2114 καὶ
3078 2056 3290 2129 ἔπεσον,
3350 2057 3782 2136 ρωμαλεωτέρων

2154 2148 2209 2204 δέ
2247 2149 2516 2224 φανέντων
2566 2147 2625 2203 ἐκ
2674 2151 2773 2218 τῆς
2827 2148 3205 2225 συγκρούσεως
3260 2152 3372 2203 τῶν
3430 2148 3619 2223 πρώην
3669 2146 3782 2210 ἐθά·

2152 2236 2281 2297 δων,
2332 2238 2661 2314 Θρασύτερον
2734 2239 2838 2313 γὰρ
2914 2236 3388 2315 προσρηγνύμενοι
3450 2237 3782 2312 ἀγχεμάχοις

2150 2322 2345 2389 ὅπλοις
2419 2328 2880 2382 ἀντικαθίσταντο.
2953 2328 3112 2385 ’Όθεν
3184 2325 3273 2381 καὶ
3344 2321 3503 2403 φόϐῳ
3555 2345 3784 2381 κατασει-

2151 2417 2293 2480 σθεὶς
2338 2414 2565 2488 δύναμιν
2593 2415 2769 2486 ἐζήτει
2812 2416 2960 2491 παρά
2999 2420 3096 2471 τοῦ
3130 2414 3430 2491 βασιλέως,
3461 2416 3524 2473 'O
3550 2412 3605 2469 δὲ
3628 2433 3781 2469 κατα-

2147 2508 2306 2579 γνοὺς
2340 2507 2506 2560 αὐτοῦ
2534 2503 2738 2560 δειλίαν
2774 2505 2976 2581 (ἠγνόει
3014 2505 3115 2579 γὰρ
3145 2506 3207 2560 τὸ
3237 2502 3468 2576 ἀληθές)
3502 2502 3777 2573 ἐκκλησίαν

2151 2595 2559 2667 συστησάμενος
2605 2591 2998 2670 ἐδημηγόρησε
3044 2593 3110 2647 τὰ
3148 2594 3272 2669 περί
3319 2592 3593 2666 πολέμου,
3637 2592 3685 2646 ἐν
3728 2588 3779 2645 δὲ

2146 2686 2223 2753 τῷ
2257 2684 2404 2755 μέσῳ
2452 2681 2545 2736 xui
2581 2682 2928 2758 τραχυτέρων
2983 2679 3162 2755 ἥψατο
3212 2680 3417 2758 λῦγων.
3469 2681 3569 2738 Καὶ
3617 2680 3668 2734 ἐν
3696 2700 3782 2734 το-

2148 2771 2327 2842 σούτῳ
2355 2771 2382 2824 6
2426 2771 2600 2839 ἱερεὺς
2651 2770 2965 2848 ἐπεφώνησε
3010 2772 3109 2839 τὴν
3156 2774 3254 2825 τοῦ
3303 2768 3635 2846 Εὐαγγελίου
3666 2768 3778 2822 ἀνά-

2145 2881 2366 2936 γνωσιν.
2415 2860 2548 2934 Εἶχε
2601 2858 2658 2914 δὶ
2707 2861 2769 2915 τὸ
2829 2858 3181 2936 Εὐαγγέλιον,
3234 2858 3327 2914 ’ίνα
3383 2858 3561 2914 τᾶλλα
3616 2860 3776 2932 παρῶ,

2147 2980 2175 3007 ‹‹
2210 2955 2278 3012 Ei’
2310 2954 2406 3029 ἐμὲ
2437 2952 2681 3027 ἐδίωξαν,
2734 2956 2822 3010 καὶ
2879 2956 3017 3030 ὑμᾶς
3066 2953 3351 3029 διώξουσιν
3377 2975 3389 2987 ·
3426 2955 3469 3009 ii
3498 2956 3589 3010 τὸν
3620 2951 3772 3028 λόγον

2148 3066 2253 3117 μου
2281 3043 2573 3121 ἐτήρησαν,
2627 3045 2713 3099 xui
2778 3044 3036 3121 ὑμέτερον
3087 3047 3449 3119 τηρήσουσιν,
3485 3066 3510 3097 ι
3567 3044 3666 3105 ἓως
3691 3045 3776 3096 τοῦ

2144 3159 2171 3186 ‹‹
2208 3131 2347 3204 δόξει
2380 3132 2629 3210 λατρείαν
2660 3136 2984 3211 προσφέρειν
3028 3139 3107 3207 τῷ
3156 3139 3271 3206 Θεῷ
3297 3152 3310 3167 ’
3351 3158 3374 3185 ιι
3421 3136 3451 3188 6'
3480 3134 3567 3188 xui
3597 3132 3772 3201 ἐπιση-

2153 3226 2457 3296 μηνάμενοι
2507 3225 2559 3278 οἱ
2612 3224 2961 3297 συνετώτεροι
3010 3221 3194 3293 ἔδοξαν
3244 3220 3477 3297 ἀψευδὲς
3520 3226 3671 3277 τοῦτο
3698 3219 3776 3274 καὶ

2151 3312 2503 3387 θεοπρόπιον,
2535 3314 2757 3376 Ζέοντος
2790 3311 2846 3368 δὲ
2874 3317 2970 3368 τοῦ
2987 3313 3235 3386 πολέμου
3260 3311 3563 3367 ἀπέστεινεν
3588 3313 3614 3366 ὁ
3642 3312 3777 3387 βασι-

2152 3401 2279 3464 λεὺς
2312 3396 2405 3457 xui
2426 3403 2739 3479 Νικηφόρον
2773 3404 3066 3479 μάγιστρον
3090 3401 3180 3456 καὶ
3205 3398 3376 3456 δοῦκα
3402 3397 3775 3457 Θεοδοσιουπό-

2153 3489 2295 3553 λεως
2324 3493 2413 3546 τὸν
2450 3491 2771 3547 Βασιλάκιον
2815 3493 2947 3564 μετὰ
2991 3496 3099 3545 τῶν
3134 3490 3401 3566 ἷθαγενῶν
3430 3492 3774 3565 στρατιωτῶν.

2155 3581 2553 3655 Ηροστεθέντος
2608 3579 2697 3634 οὖν
2739 3584 2817 3651 τῷ
2860 3579 3132 3655 Βρυεννίῳ
3179 3580 3345 3655 μέχρι
3394 3586 3542 3641 τινὸς
3573 3571 3781 3654 ἀκροϐο-

2154 3666 2357 3742 λισμοῦ
2389 3667 2658 3737 ἷσοπαλὴς
2702 3668 2791 3723 καὶ
2844 3667 3191 3743 ἀμφήριστος
3241 3669 3310 3738 ἦν
3358 3671 3394 3738 ἡ
3440 3669 3613 3743 μάχη.
3662 3672 3779 3720 Συν-

2155 3759 2393 3831 θεμίνων
2427 3754 2485 3811 δὲ
2520 3762 2627 3812 τῶν
2679 3761 3022 3831 στρατιωτῶν
3064 3758 3387 3821 ἀκολουθεῖν
3442 3757 3652 3812 ὄπισθεν
3680 3757 3778 3810 τῶν

2154 3850 2467 3922 στρατηγῶν
2523 3851 2997 3922 πρωταγωνιστεῖν
3046 3847 3445 3921 καθυπέσχετο,
3498 3846 3584 3900 xui
3640 3842 3777 3906 εὐθὺς

2152 3936 2457 4010 ἐξορμήσας
2508 3957 2651 3991 νωτα
2716 3934 3032 3991 δεδωκότων
3094 3942 3201 3991 τῶν
3261 3936 3519 3992 ἐναντίων
3579 3933 3770 3991 ἐδίωκε.

2150 4036 2258 4088 Τοῦ
2316 4031 2373 4087 δὲ
2421 4033 2709 4107 Βρυεννίου
2751 4032 2876 4096 τοὺς
2932 4032 3165 4110 ῥυτῆρας
3212 4033 3471 4110 ἀνασχεῖν
3508 4038 3622 4095 τοῖς
3666 4030 3774 4106 περὶ

2152 4121 2309 4176 αὐτὸν
2366 4119 2850 4197 ἐγκελευσαμένου,
2895 4122 3059 4195 μόνος
3109 4120 3320 4177 διώκων
3386 4123 3414 4178 ὁ
3465 4120 3773 4180 Βασιλάκιος

2149 4209 2306 4282 ἀνοίᾳ
2334 4215 2428 4265 σοῦ
2467 4210 2827 4286 πραχθέντος,
2863 4210 2977 4265 ἐπεὶ
3029 4216 3108 4282 τῷ
3164 4210 3367 4287 χάρακι
3396 4216 3506 4267 τῶν
3546 4208 3777 4266 ἐναντίων

2149 4296 2464 4374 προσέμιξε,
2508 4301 2898 4375 περιπαρέντος
2942 4299 3089 4372 αύτῷ
3142 4304 3240 4355 τοῦ
3292 4299 3470 4356 ’ίππου
3526 4297 3777 4376 προσέσχε

2148 4394 2216 4463 τῇ
2248 4393 2344 4465 γῇ,
2382 4390 2545 4465 βάρος
2576 4393 2685 4443 τῶν
2718 4387 2904 4444 ὅπλων
2953 4386 3369 4467 ἐπιφερόμενος.
3394 4390 3488 4444 Διὸ
3518 4388 3605 4443 καὶ
3634 4405 3776 4461 περι-

2150 4478 2406 4552 χυθέντες
2458 4478 2510 4531 o't
2566 4475 2828 4550 πολέμιοι
2878 4478 3121 4552 αἱροῦσιν
3179 4477 3340 4532 αὑτὸν
3402 4476 3648 4553 ζωγρίαν,
3692 4472 3771 4529 καὶ

377 4560 648 4615 nationes
678 4557 791 4614 sibi
823 4558 1113 4613 inimicas.
1138 4559 1378 4623 Ouidem
1403 4576 1535 4616 vero
1564 4563 1786 4632 pedites
1806 4562 2027 4633 egressi

2151 4567 2269 4642 πρὸς
2321 4566 2412 4621 τὸν
2472 4564 2764 4620 σουλτάνον
2819 4565 3099 4640 ἀπάγουσι
3154 4562 3378 4638 δέσμιον
3415 4587 3428 4601 ·
3484 4567 3530 4638 ᾧ
3570 4564 3655 4619 xui
3699 4561 3769 4622 εἷς

376 4649 599 4703 Turcos
657 4646 920 4703 occidere
967 4645 1102 4701 telis
1152 4663 1279 4717 quae
1333 4648 1566 4703 eminus
1611 4650 1936 4721 jaciuntur,
1978 4654 2036 4706 et

377 4737 560 4792 armis
599 4737 815 4807 quibus
871 4736 1143 4791 cominus
1202 4741 1522 4807 pugnatur,
1554 4742 1611 4792 et
1660 4743 1976 4810 coegerunt
2004 4756 2035 4795 e

374 4835 582 4891 castris
628 4834 805 4889 exire.
852 4835 1180 4903 Imperator
1228 4838 1427 4887 autem
1478 4833 1677 4889 missis
1716 4835 1787 4889 ad
1819 4835 2032 4891 Chiliat

376 4921 879 4988 antecursoribus,
899 4922 1078 4976 duces
1100 4920 1200 4991 qui
1225 4920 1340 4976 illic
1363 4928 1529 4975 erant
1552 4922 1622 4976 ad
1647 4939 1707 4977 se
1729 4923 2033 4978 accersivit

380 5028 512 5066 cum
542 5011 728 5082 copiis
751 5026 898 5080 quas
932 5009 1246 5079 habebant,
1276 5009 1475 5064 statim
1509 5010 1752 5081 cupiens
1785 5013 1855 5066 de
1879 5029 2035 5067 sum-

383 5116 479 5153 ma
523 5115 719 5155 rerum
772 5097 970 5169 pralio
1026 5099 1349 5165 decertare;
1385 5114 1636 5168 quorum
1690 5106 2033 5171 exspectans

382 5187 668 5244 auxilium
701 5188 918 5243 frustra
948 5190 1182 5257 tempus
1214 5188 1583 5242 conterebat:
1610 5193 1776 5243 erant
1805 5190 1959 5243 enim
1995 5188 2035 5244 ii

380 5278 480 5349 qui
514 5276 872 5349 Pyrrichiam
915 5276 1283 5331 saltationem
1316 5276 1568 5331 maxime
1610 5278 1873 5332 meditati
1908 5280 2031 5334 fue-

377 5371 528 5421 rant.
550 5366 623 5421 Ut
651 5380 785 5420 vero
816 5365 886 5419 de
915 5379 1115 5418 eorum
1150 5363 1366 5419 auxilio
1388 5364 1738 5435 desperavit,
1764 5367 2030 5437 suspica-

374 5460 473 5511 tus
497 5454 697 5528 aliqua
720 5470 779 5510 re
801 5469 900 5509 eos
926 5452 1222 5523 impediri,
1241 5468 1373 5507 cum
1399 5453 1789 5511 familiaribus
1812 5460 2032 5513 statue-

375 5546 477 5601 bat
509 5543 789 5617 postridie
813 5558 1055 5597 manum
1079 5557 1399 5597 conserere.
1426 5542 1739 5613 lgnorabat
1766 5545 2037 5602 videlicet

375 5634 822 5694 Tarchaniotem
845 5646 1079 5705 quoque
1108 5629 1220 5689 sibi
1247 5631 1525 5704 adjuncto
1547 5631 1804 5706 Ruselio,
1831 5634 1929 5707 qui
1960 5635 2033 5694 ad

2145 4657 2268 4729 δψιν
2296 4654 2569 4731 παραστὰς
2592 4653 2715 4708 οὕτε
2762 4654 2835 4715 ὡς
2887 4651 3090 4715 δοῦλος
3132 4650 3240 4724 ἤδη
3272 4654 3533 4730 γεγονὼς,
3565 4650 3679 4707 οὕτε
3704 4648 3771 4710 ὡς

2144 4741 2505 4818 αἶ’χμάλωτος
2570 4742 2837 4819 ἀπαχθεὶς
2907 4747 2985 4815 τῷ
3067 4742 3352 4814 σουλτάνῳ
3422 4739 3767 4811 καθυπετάγη.

2145 4831 2300 4889 Ἀλλ’
2339 4832 2461 4887 οὔτε
2492 4833 2519 4886 6
2552 4830 2849 4893 σουλτσῖνος
2902 4830 3007 4886 εἴτε
3053 4834 3127 4894 ὡς
3159 4830 3342 4904 δούλῳ
3372 4830 3477 4886 εἴτε
3509 4831 3580 4892 ὡς
3612 4827 3768 4900 αἰχμ-

2143 4919 2344 4993 αλώτῳ
2375 4920 2728 4994 προσηνέχθη
2761 4918 2926 4992 αύτῳ,
2975 4924 3214 4996 συνεχῶς
3262 4917 3320 4974 δὲ
3357 4922 3626 4993 παριστῶν
3657 4910 3769 4986 περῖ

2143 5018 2237 5072 τοὺ
2279 5016 2547 5093 βασιλέως
2579 5037 2636 5070 τε
2673 5017 2932 5089 ἐπηρώτα
2985 5018 3071 5071 xui
3131 5019 3230 5085 τὴν
3287 5017 3477 5071 ἑαυτοῦ
3526 5012 3674 5088 ἰσχὺν
3703 5007 3773 5063 έν-

2143 5104 2452 5162 απεδείκνυε
2480 5107 2570 5160 καὶ
2602 5106 2677 5168 εἰς
2724 5103 2993 5182 ἅρῥωδίαν
3045 5106 3135 5160 καὶ
3167 5105 3359 5161 πτοίαν
3390 5098 3685 5159 ἐνέϐαλλεν.
3716 5096 3771 5153 Ὀ

2145 5194 2202 5251 δέ
2231 5198 2404 5250 πάντα
2458 5193 2688 5248 ἐπαινῶν
2742 5194 2833 5248 xui
2888 5192 3201 5270 μεγαλύνων
3252 5195 3319 5249 τὰ
3365 5195 3549 5262 αὑτοῦ,
3591 5190 3649 5243 τὸ
3684 5186 3770 5240 ἀν·

2141 5285 2597 5359 τιπαρατάξασθαι
2660 5280 2875 5357 βασιλεῖ
2924 5282 3211 5355 Ῥωμαίων
3267 5282 3576 5355 ἀσύμφορον
3633 5275 3768 5343 αὖτῷ

2145 5368 2543 5428 συνεϐούλευεν.
2575 5369 2736 5427 Ἀλλ’
2791 5370 2933 5427 οὕτω
2990 5371 3083 5444 μὶν
3140 5373 3295 5433 οὗτος
3327 5390 3339 5404 ·
3374 5371 3402 5424 6
3434 5366 3491 5423 δὲ
3532 5361 3769 5443 βασιλεὺς

2144 5461 2495 5536 ἀναγκασθεὶς
2528 5458 2669 5533 ἐξῄει
2705 5459 2841 5533 μετά
2884 5467 2985 5529 τῆς
3038 5458 3241 5530 λοιπῆς
3290 5457 3534 5527 πληθύος
3578 5453 3650 5514 εἷς
3676 5450 3767 5517 τήν

2142 5555 2249 5605 τῶν
2290 5548 2628 5624 πραγμάτων
2677 5550 2823 5613 θέαν.
2873 5548 3058 5624 Μέχρι
3097 5546 3143 5603 δ’
3202 5548 3429 5621 ἐσπέρας
3486 5543 3570 5599 ἐπί
3613 5557 3761 5595 τινων

2145 5636 2329 5721 λόφων
2362 5636 2553 5708 ἑστὼς,
2591 5635 2813 5718 ἐπείπερ
2863 5638 2963 5695 οὐκ
3005 5637 3205 5712 [ἦν]τὸ
3254 5631 3759 5705 ἀντικαθιστάμενον,
