4084 6140
344 330 469 389 425

351 462 682 536 ὑπέστρεψεν
746 462 823 524 εἰς
882 463 980 531 τὴν
1039 459 1423 538 παρεμϐολήν.
1455 465 1553 520 Καὶ
1612 467 1807 521 αὐτίκα
1856 487 2011 542 περι-

346 552 608 626 χυθέντες
638 552 691 605 οἱ
721 553 957 625 Τοῦρκοι
986 551 1154 624 τόξων
1205 550 1398 627 βολαῖς
1431 556 1508 629 [Ρ.
1561 558 1686 629 839]
1737 556 1823 609 καὶ
1879 576 2007 617 παρ-

346 638 635 695 ιππεύσεσι
695 634 863 715 φόϐον
922 640 984 696 οὐ
1044 641 1238 716 μικρὸν
1286 646 1355 717 τῇ
1418 648 1641 720 στρατιᾷ
1669 644 2007 715 ἐνεποίησαν,

343 727 500 792 ἐντὸς
552 732 651 784 τοῦ
709 730 953 806 χάρακος
1017 729 1354 805 βιαζόμενοι.
1529 736 1592 803 ἦν
1627 731 1892 835 ἀσέληνος
1922 732 2011 835 δτε

340 822 514 872 ταῦτα
573 817 803 892 ἐγίνετο,
835 819 923 873 καὶ
987 816 1252 896 διάκρισις
1311 820 1531 885 ὀθνείων
1586 822 1676 877 καὶ
1733 824 2007 899 γνωστῶν,

347 906 661 982 φευγόντων
694 906 782 960 καὶ
816 904 1122 963 διωκόντων
1157 909 1255 964 οὐκ
1292 910 1382 979 ἧν.
1418 913 1513 966 Διὰ
1570 912 1747 982 πάσης
1808 909 1864 966 δὶ
1920 934 2009 966 νυ-

348 993 481 1054 κτὸς
514 998 909 1068 περιηχοῦντες
939 995 1074 1063 ἦσαν
1110 996 1378 1073 ὑλαγμοῖς
1432 999 1667 1072 ἀσήμοις
1698 999 1761 1053 τὸ
1792 999 2009 1106 στρατόῐ

432 1078 522 1106 1‘-..
603 1082 625 1106 ,ο
661 1105 668 1106 ,
723 1083 835 1106 1!___,
864 1104 953 1106 aN,
1006 1081 1077 1106 5‘
1316 1090 1342 1100 ~
1499 1088 1512 1106 9
1726 1089 1736 1106 1

354 1078 546 1147 πεδον,
597 1082 670 1145 ὠς
718 1083 957 1145 ἅπαντας
1003 1081 1436 1161 διανυκτερεῦσαι
1485 1088 1861 1163 ἠνευ·γμὲνοις
1919 1088 2007 1143 καὶ

348 1170 645 1245 ἀγρύπνοις
673 1176 791 1232 τοῖς
834 1167 1067 1245 ὄμμασι.
1101 1173 1317 1248 Πρωΐας
1375 1173 1433 1230 δὲ
1482 1175 1783 1251 γενομένης
1842 1179 2009 1252 μοῖρά

347 1280 433 1322 τις
461 1256 949 1336 Ούζική,ἕξαρχον
1011 1260 1213 1337 ἔχουσα
1241 1268 1427 1337 Ταμῆν
1488 1287 1603 1321 τινα
1661 1266 1832 1328 οὕτως
1885 1266 2006 1321 ὀνο-

351 1349 662 1421 μαζόμενον
717 1350 821 1405 ὑπὸ
868 1352 1139 1426 Τορδικίῳ
1196 1358 1274 1425 τῷ
1334 1355 1601 1430 Κοτὲρτζῇ
1658 1356 2002 1461 ταττόμενον,

351 1442 461 1461 με,
542 1436 557 1461 ι
603 1459 626 1461 __
668 1436 799 1461 λεί
940 1460 977 1461 ,,
1066 1440 1154 1461 ru
1310 1442 1334 1461 οι
1562 1446 1575 1461 ι
1708 1445 1721 1461 ς

342 1442 463 1499 τοῖς
540 1436 802 1500 ἐναντίοις
884 1440 1195 1516 προσεῤῥύη
1235 1461 1247 1474 ·
1304 1442 1435 1516 ὅπερ
1518 1446 1620 1499 οὐκ
1679 1445 1755 1506 εἷς
1806 1446 2001 1521 μικρὰν

346 1525 586 1601 ἀγωνίαν
663 1528 789 1590 τοὺς
869 1529 1177 1602 Ῥωμαίους
1264 1527 1536 1601 ἐνέϐαλεν,
1608 1533 2005 1596 ὑποπτεύοντας

342 1614 435 1669 καὶ
486 1615 550 1670 τὸ
601 1613 795 1671 λοιπὸν
854 1612 1004 1679 ἔθνος
1064 1619 1139 1682 ὡς
1217 1619 1509 1693 πολέμιον.
1568 1622 1725 1685 Τινὶς
1786 1619 1843 1676 δὶ
1898 1628 2005 1677 τῶν

342 1708 524 1773 πεζῶν
584 1703 813 1775 ἐξιόντες
871 1705 1125 1779 Τούρκων
1178 1707 1389 1765 ἀνεῖλον
1453 1708 1703 1773 πολλοὺς
1789 1710 2000 1787 βέλεσιν

342 1788 641 1864 ἑκηϐόλοις
694 1795 784 1849 καὶ
844 1794 1193 1873 ἀγχεμάχοις
1251 1799 1606 1875 ἀμυντηρίοις
1657 1796 1879 1869 ὅπλοις,
1911 1802 1997 1856 καὶ

339 1889 445 1952 τῆς
499 1878 862 1959 παρεμϐολῆς
920 1884 1170 1956 ἐκστῆναι
1228 1888 1575 1960 παρέπεισαν.
1618 1890 1680 1946 Ὁ
1738 1887 1794 1944 δὲ
1847 1890 1999 1965 βασι-

345 1970 428 1995 \_\
463 1993 475 1995 _
538 1992 637 1995 κη-.
686 1969 775 1995 (εει
1020 1975 1032 1991 η
1218 1976 1253 1995 Α
1418 1978 1435 1995 ι
1561 1980 1575 1995 ι
1654 1980 1759 1995 ινκι
1941 1980 1951 1995 ι

345 1970 477 2034 λεὺς
534 1969 923 2050 ταχυδρόμους
1008 1975 1331 2041 ἀποστείλας
1387 1978 1465 2041 εἷς
1521 1980 1583 2034 τὸ
1630 1980 1999 2087 ,Χλίατδτοὺς

351 2059 524 2087 ι---τ--
575 2063 850 2087 .K---__l,,-__
888 2062 1036 2087 I__!_\-
1212 2067 1224 2083 ε
1326 2072 1354 2082 ~
1466 2069 1479 2087 e
1538 2070 1549 2087 l
1721 2067 1732 2086 \
1952 2071 1962 2087 Ι

349 2059 528 2117 ἐκεῖσε
574 2063 851 2137 ἡγεμόνας
884 2062 1064 2119 ἐκάλει
1102 2067 1235 2139 μετὰ
1288 2072 1395 2122 τῶν
1461 2069 1549 2123 ὑπ’
1586 2067 1781 2132 αὐτοὺς
1838 2067 1998 2124 δυνά-

352 2170 519 2223 μεων,
550 2152 856 2225 παραυτίκα
898 2151 1070 2217 θέλων
1131 2155 1441 2233 ἀγχεμάχῳ
1492 2157 1726 2232 πολέμῳ
1785 2157 1998 2235 διακρῖ-

346 2260 439 2293 ναι
518 2240 586 2294 τὰ
664 2239 976 2317 πράγματα.
1036 2244 1133 2298 Καὶ
1212 2244 1492 2319 ἀναμένων
1554 2250 1652 2317 τὴν
1713 2247 1762 2321 ἐξ
1823 2248 1996 2303 αὐτῶν

351 2328 610 2401 βοήθειαν
636 2329 729 2383 τὸν
790 2330 977 2404 καιρὸν
1033 2330 1329 2401 τηνάλλως
1385 2329 1613 2407 ἕτριὸεν·
1645 2337 1780 2405 ἦσαν
1812 2339 1914 2412 γὰρ
1948 2339 1998 2393 οἱ

340 2421 454 2470 τῶν
488 2415 695 2482 ἄλλωνῖ
728 2417 963 2490 μάλιστα
1019 2420 1117 2488 τήν
1175 2421 1469 2498 πυρῥίχιον
1502 2423 2001 2498 ἐκμεμελετηκότες

344 2500 603 2580 ὄρχησιν.
635 2506 722 2567 ’Θς
755 2504 1119 2583 δ’ἀπεγνώκει
1147 2512 1246 2580 τήν
1287 2511 1392 2567 ἀπὸ
1449 2512 1654 2569 τούτων
1719 2515 1995 2590 βοήθειαν,

338 2590 582 2666 κώλυμά
637 2615 689 2649 τι
750 2594 882 2650 εἶναι
944 2597 1280 2662 ὑποπτεύσας
1357 2601 1639 2657 ἐσκέπτετο
1701 2605 1833 2677 μετὰ
1889 2609 1994 2659 τῶν

343 2680 616 2737 συνόντων
673 2683 748 2746 εἷς
796 2686 894 2755 τὴν
955 2686 1231 2762 ὑστεραίαν
1293 2687 1727 2766 διαγωνίσασθαι.
1786 2695 1995 2768 ἸΙγνόει

344 2768 405 2825 δὲ
437 2767 538 2845 ἄρα
564 2772 637 2834 ὡς
667 2773 694 2827 ὁ
722 2774 1145 2850 Ταρχανειώτης
1176 2780 1509 2853 παραπείσας
1564 2783 1650 2836 καὶ
1711 2784 1801 2837 τὸν
1842 2784 1995 2839 Ῥω-

343 2857 532 2915 σέλιον
590 2861 856 2918 συνελθεῖν
910 2869 990 2938 τῷ
1052 2866 1270 2940 βασιλεῖ
1297 2870 1773 2944 προθυμούμενον,
1810 2874 1993 2945 μαθὼν

344 2950 448 3017 τήν
476 2954 573 3004 τοῦ
606 2949 904 3007 σουλτάνου
968 2951 1145 3028 ἄφιξιν
1198 2959 1285 3011 καὶ
1341 2961 1438 3028 τὴν
1501 2960 1665 3015 αὐτοῦ
1714 2962 1848 3016 κατᾶ
1898 2967 1994 3017 τοῦ

352 3038 622 3113 βασιλέως
682 3038 981 3113 ἐπέλευσιν,
1014 3040 1143 3118 ἄρας
1192 3046 1319 3108 τοὺς
1378 3048 1513 3126 ἀμφ’
1544 3048 1702 3104 αὐτὸν
1758 3051 1993 3113 ἅπαντας

344 3124 437 3181 διὰ
482 3134 581 3197 τῆς
633 3131 1058 3204 Μεσοποταμίας
1118 3135 1289 3212 φυγὰς
1350 3136 1578 3212 ἀγεννῶς
1634 3137 1708 3199 εἷς
1763 3139 1994 3193 ταῬω-

346 3217 526 3289 μαίων
588 3213 828 3288 ἐνέϐαλε,
894 3218 1103 3292 μηδένα
1161 3220 1326 3298 λόγον
1383 3229 1479 3279 τοῦ
1535 3223 1819 3294 δεσπότου,
1851 3214 2062 3301 μήτεα

340 3304 452 3377 μὴν
479 3308 577 3359 τοῦ
604 3304 810 3369 εἶ’κύτος
841 3309 867 3363 6
901 3306 1138 3372 δείλαιος
1182 3313 1569 3385 ποιησάμενος.
1604 3317 1662 3372 Ὁ
1717 3320 1843 3391 γοῦν
1896 3318 1989 3387 βα-

336 3390 527 3456 σιλεὺς
576 3395 714 3451 κατά
767 3396 828 3450 τὸ
886 3398 1261 3474 συγκείμενον,
1310 3403 1408 3471 τήν
1469 3403 1543 3465 εἷς
1594 3406 1684 3459 τὸν
1743 3404 1988 3480 πόλεμον

333 3484 685 3558 παρασκευὴν
731 3484 786 3549 ἐς
840 3488 937 3556 τὴν
992 3484 1177 3565 αὔριον
1256 3489 1543 3567 ἐξαρτύσας
1598 3495 1666 3549 τὰ
1719 3496 1837 3550 κατ’
1892 3495 1989 3550 αύ-

330 3572 430 3626 τὸν
462 3569 788 3641 διετάττετο,
820 3569 897 3630 ἔτι
948 3578 1046 3645 τῆς
1102 3575 1379 3651 βασιλείου
1420 3584 1624 3651 σκηνῆς
1683 3581 1831 3646 ἐντὸς
1862 3596 1989 3649 καθ-

338 3657 655 3732 ιστάμενος,
688 3660 851 3715 ὁπότε
896 3663 1079 3718 καὶτὸ
1137 3662 1196 3719 ἐκ
1249 3670 1358 3720 τῶν
1420 3668 1681 3724 συνόντων
1742 3675 1990 3740 Σκυθῶν,

330 3752 447 3803 τῶν
489 3746 701 3817 Οὕζων,
735 3748 903 3824 φημὶ,
938 3748 1058 3815 δέος
1112 3752 1511 3829 ἀφαιρούμενος
1570 3757 1717 3833 ὅρκῳ
1773 3762 1991 3829 συντίθει

338 3844 447 3907 τῆς
478 3838 651 3908 αὐτῆς
679 3839 967 3913 θρησκείας
1024 3839 1183 3896 αὐτὸν
1242 3845 1700 3923 κατησφαλίσατο.
1736 3849 1819 3904 Ἐν
1880 3848 1990 3922 ὅσῳ

342 3922 405 3980 Si
462 3924 528 3980 τὰ
580 3931 805 3981 τοιαῦτα
863 3926 1152 4005 ἐπράττετο
1229 3931 1319 3986 καὶ
1376 3934 1429 3987 οἱ
1488 3941 1807 4009 στρατιῶται
1856 3940 1991 3992 κατά

337 4014 516 4084 ταξεις
548 4016 637 4070 καὶ
670 4014 877 4091 λόχους
906 4017 1124 4074 ἐπὶτῶν
1162 4018 1346 4076 ’ίππων
1405 4021 1683 4101 ἐφίσταντο
1743 4021 1988 4097 ἔνοπλοι,

334 4097 594 4175 πρέσϐεις
650 4103 784 4173 ἧκον
844 4104 903 4159 ἐκ
951 4112 1048 4161 τοῦ
1081 4108 1378 4165 σουλτάνου
1407 4097 1505 4179 τῆν
1538 4112 1758 4185 εἰρήνην
1811 4115 1989 4191 ἀμφο-

329 4192 515 4266 τέροις
577 4190 1120 4267 ἐπικηρυκευόμενοι.
1184 4199 1244 4254 Ὀ
1304 4196 1360 4254 δὲ
1443 4200 1695 4275 βασιλεὺς
1778 4202 1990 4277 ἐδέξατο

338 4282 438 4355 μὶν
499 4280 693 4344 αὐτοὺς
752 4284 842 4337 καὶ
898 4283 1075 4360 λόγων
1127 4286 1312 4350 αὐτοῖς
1343 4289 1433 4344 καὶ
1464 4290 1647 4361 νόμων
1706 4298 1811 4347 τῶν
1860 4316 1990 4369 πρε-

337 4365 615 4446 σϐυτέρων
660 4369 984 4445 μετέδωκεν,
1018 4376 1080 4430 ού
1111 4376 1250 4431 πάνυ
1307 4376 1363 4433 δὲ
1407 4379 1632 4443 τούτους
1676 4382 1991 4460 φιλανθρώ-

336 4480 458 4521 πως
491 4457 725 4532 ἐδέξατο.
761 4464 954 4536 ’Όμως
982 4461 1029 4519 δ’
1059 4464 1149 4519 οὖν
1192 4467 1568 4534 συνεπινεύσας
1617 4471 1706 4525 καὶ
1763 4474 1988 4547 σταυρὸν

333 4546 525 4610 αὐτοῖς
572 4547 896 4606 ἐπιδέδωκεν
944 4554 1080 4626 (ζᾶ),
1126 4552 1217 4609 ’ίνα
1266 4560 1331 4630 τῇ
1379 4555 1630 4630 ἐπιδείξει
1691 4546 1990 4626 ἀϐλαϐλεῖς

340 4637 481 4709 πρὸς
536 4637 694 4693 αὐτὸν
755 4641 1156 4717 ὑποστρέψωσι,
1215 4646 1538 4718 κομίζοντες
1605 4649 1864 4725 ἀγγελίας
1929 4650 1990 4716 ἂς

336 4724 402 4780 ἂν
458 4723 518 4780 ἐκ
570 4730 667 4781 τοῦ
725 4728 1024 4785 σουλτάνου
1073 4732 1357 4791 πύθοιντο.
1411 4733 1699 4805 Δεδήλωκε
1754 4740 1853 4814 γὰρ
1912 4746 1992 4814 τῷ

340 4813 648 4887 ἀνελπίστῳ
702 4821 802 4870 τοῦ
857 4818 1178 4893 μηνύματος
1237 4820 1506 4899 ἐπαρθεῖς,
1535 4822 1604 4878 *ἶν’
1634 4827 1661 4880 ὁ
1694 4826 1990 4892 σουλτάνος

332 4902 655 4960 καταλιπὼν
690 4906 783 4961 τὸν
811 4908 979 4962 τόπον
1010 4912 1109 4978 τῆς
1170 4909 1310 4973 ἰδίας
1355 4909 1714 4989 παρεμϐολῆς
1773 4917 1989 4995 πόρῥω-

330 4991 479 5066 τέρω
512 4992 1060 5068 στρατοπεδεύσηται,
1094 5000 1121 5053 6
1155 4996 1212 5054 δὲ
1260 5000 1514 5075 βασιλεὺς
1572 5002 1622 5057 ἐν
1672 5004 1857 5079 ἐκείνῳ
1912 5013 1992 5081 τῷ

332 5080 491 5154 τόπῳ
524 5083 585 5145 ’ὸς
615 5085 706 5138 τὸν
766 5084 1061 5143 σουλτάνον
1122 5088 1238 5165 εἶχε
1292 5090 1554 5166 πρότερον
1615 5080 1987 5172 ἐπικαταπήξῃ

334 5171 431 5225 τὸν
500 5170 735 5247 χάρακα,
780 5177 861 5247 [Ρ.
911 5178 1037 5250 840]
1095 5183 1391 5247 τηνικαῦτα
1443 5181 1581 5252 πρὸς
1636 5170 1991 5255 συμϐιϐάσεις

332 5258 485 5331 αὐτῷ
516 5262 796 5336 χωρήσας.
831 5263 1032 5328 Ἔλαθε
1058 5262 1115 5321 δὶ
1151 5268 1250 5337 τήν
1294 5269 1448 5341 νίκην
1500 5270 1603 5326 ὑπὸ
1664 5273 1988 5354 ὑψηλοφρο-

323 5348 495 5418 σύνης
521 5354 636 5413 τοῖς
687 5350 951 5416 ἐναντίοις
1002 5356 1458 5432 καταπροέμενος,
1494 5361 1675 5425 καθὼς
1746 5365 1801 5417 οἱ
1859 5368 1985 5445 περὶ

1886 336 2272 398 HISTORIA.

3658 380 3777 439 426

2042 473 2095 537 Α
2126 470 2540 545 imperatorem
2578 498 2639 538 se
2682 485 2858 543 alacri
2910 493 3105 550 animo
3155 500 3508 574 conferebat,
3545 512 3778 581 cognito

2120 560 2269 581 mn,
2339 566 2348 575 -
2430 567 2444 581 ς
2684 575 2692 581 -

3497 560 3508 574 ι
3556 560 3773 581 non---

2120 560 2348 619 Sultani
2375 567 2655 628 adversus
2681 575 3093 648 imperatorem
3147 589 3392 646 adventu
3417 609 3552 650 cum
3586 601 3774 655 omni-

2119 648 2229 705 bus
2253 653 2376 709 suis
2400 673 2502 727 per
2519 659 3000 735 Mesopotamiam
3015 671 3168 729 haud
3189 677 3438 749 gloriose
3453 648 3773 757 fugientem

3189 736 3222 749 υ
3421 736 3432 738 ε
3485 736 3773 757 νεῖτ’-’⁸⁸⁵⁵

2117 736 2174 793 in
2224 740 2621 805 Romanorum
2674 755 2969 825 regionem
3004 761 3312 835 invasisse,
3370 772 3534 829 nulla
3584 793 3774 848 neque

2123 828 2339 848 λῳ..
2436 834 2448 846 .
2687 842 2699 848 -

3300 828 3310 835 ,
3512 828 3531 829 η
3586 828 3772 848 ---Ίη

2117 828 2340 885 domini
2359 834 2449 889 sui
2471 855 2659 910 neque
2686 842 2915 901 honesti
2943 848 3143 907 habita
3166 856 3411 913 ratione.
3444 867 3773 933 Imperator

2119 916 2319 991 igitur,
2355 928 2418 977 ut
2443 929 2845 1002 constituerat,
2881 937 3032 993 696
3065 940 3349 1001 instructo
3381 950 3452 1004 ad
3500 916 3767 1023 praelium

2116 1005 2175 1060 in
2212 1014 2507 1078 posterum
2556 1018 2711 1075 diem
2745 1026 3023 1096 exercitu,
3057 1048 3195 1088 suas
3227 1052 3317 1091 res
3358 1045 3766 1115 componebat,

2118 1097 2476 1158 adbucintra
2492 1106 2706 1177 regium
2728 1113 3159 1175 tabernaculum:
3175 1125 3771 1203 consistens,quando

2118 1200 2149 1238 a
2181 1185 2437 1261 Scythis,
2472 1191 2602 1250 Uzis
2633 1196 2895 1269 inquam,
2932 1206 3028 1275 qui
3062 1224 3195 1266 cum
3228 1212 3357 1284 ipso
3396 1224 3580 1287 erant,
3612 1228 3769 1279 metu

2115 1271 2421 1346 liberatus,
2457 1290 3135 1362 consuetojurejurando
3156 1299 3343 1369 ipsum
3378 1308 3766 1369 conﬁrmavit.

2115 1361 2341 1421 Interea
2375 1369 2513 1424 dum
2550 1372 2670 1429 hmo
2724 1361 2928 1435 fierent
2959 1388 3015 1438 et
3046 1361 3263 1445 milites
3321 1398 3378 1448 et
3427 1399 3663 1456 ordines
3698 1420 3765 1458 ac

2116 1452 2401 1523 manipuli
2452 1463 2662 1516 armati
2708 1466 2765 1520 in
2798 1470 2967 1540 equis
3011 1476 3423 1551 consisterent,
3457 1502 3489 1539 a
3521 1487 3767 1548 Sultano

2112 1537 2284 1611 legati
2338 1560 2566 1619 venere,
2600 1552 2699 1622 qui
2747 1572 2948 1626 pacem
2992 1563 3258 1637 utrisque
3302 1575 3762 1649 annuntiarent;

2115 1644 2262 1699 quos
2294 1633 2532 1703 quidem
2565 1638 2885 1712 imperator
2913 1633 3219 1723 excepit,et
3236 1658 3590 1733 colloquium
3616 1633 3762 1738 ipsis

2113 1722 2438 1779 secundum
2464 1725 2888 1805 legationisjus
2914 1722 3245 1811 impertitus
3267 1753 3375 1816 est,
3416 1770 3530 1809 non
3564 1760 3762 1815 tamen

2035 1844 2078 1909 Β
2110 1822 2210 1864 eos
2232 1810 2483 1885 benigne
2505 1821 2563 1872 et
2587 1819 2841 1878 humane
2860 1810 3145 1887 tractavit.
3182 1834 3593 1899 Verumtamen
3624 1863 3758 1905 cum

2110 1902 2572 1975 consensissent,
2605 1925 2834 1968 crucem
2867 1914 2983 1971 illis
3013 1920 3271 1993 tradidit,
3304 1944 3418 1999 qua
3448 1935 3760 1993 ostenden-

2109 1985 2185 2040 da
2233 1995 2662 2052 reverterentur
2716 1999 3043 2062 incolumes
3102 2014 3158 2065 et
3216 2013 3401 2086 illaesi,
3435 2036 3468 2075 a
3516 2022 3761 2081 Sultano

2110 2091 2391 2148 responsa
2418 2084 2754 2145 referentes.
2772 2091 3035 2163 Speravit
3056 2099 3209 2156 enim
3235 2102 3529 2177 insperato
3554 2115 3760 2169 nuntio

2109 2164 2317 2237 elatus,
2352 2169 2470 2227 fore
2502 2178 2566 2229 ut
2596 2176 2875 2236 Sultanus
2908 2185 3107 2243 relicto
3148 2195 3383 2265 proprio
3432 2205 3760 2260 castrorum

2111 2254 2233 2310 loco
2259 2257 2505 2316 ulterius
2531 2280 2879 2337 progressus
2905 2280 3096 2332 castra
3120 2287 3380 2351 poneret,
3414 2292 3471 2342 et
3501 2289 3626 2361 ipse
3658 2310 3759 2349 eo-

2110 2343 2238 2398 dem
2293 2346 2349 2400 in
2401 2348 2524 2404 loco
2579 2354 2673 2408 ubi
2728 2359 2890 2428 prius
2950 2343 3232 2425 Sultanus
3282 2343 3492 2432 fuisset
3523 2343 3757 2439 vallum

2108 2438 2563 2507 construeret,et
2584 2446 2721 2499 tunc
2744 2448 2814 2501 ad
2845 2457 3329 2515 consentiendum
3362 2464 3473 2521 sibi
3508 2473 3564 2524 et
3595 2473 3757 2541 pacis

3518 2522 3559 2524 μ
3595 2522 3755 2541 τη---

2110 2522 2299 2579 fmdus
2324 2530 2768 2595 percutiendum
2803 2543 3137 2611 accederet;
3172 2565 3361 2621 neque
3391 2555 3757 2617 animadver-

2107 2611 2179 2664 tit
2200 2628 2262 2666 se
2285 2630 2400 2684 prae
2424 2619 2605 2675 animi
2643 2621 2895 2683 elatione
2916 2629 3215 2690 victoriam
3240 2637 3508 2699 hostibus
3540 2662 3753 2706 conce-

2107 2699 2262 2767 dere,
2298 2709 2795 2774 quemadmodum
2832 2717 2868 2770 ii
2899 2720 2995 2789 qui
3040 2723 3181 2780 talia
3211 2736 3481 2789 accurate
3528 2739 3751 2794 exami-

2105 2798 2245 2845 nant
2274 2795 2558 2865 conjicere
2581 2817 2954 2872 consuevere,
2974 2826 3107 2866 cum
3134 2815 3393 2875 misisset
3424 2822 3538 2895 ipsi
3566 2826 3749 2885 telum

2106 2882 2261 2950 quod
2297 2886 2545 2942 maxime
2594 2891 2662 2945 ad
2714 2893 3019 2953 victoriam
3073 2904 3322 2972 pertinet
3370 2882 3632 2972 et.illius

2104 2972 2695 3042 symbolum,crucem
2721 2983 3005 3043 videlicet.
3025 2989 3294 3050 Nondum
3324 2998 3494 3057 tinem
3522 2972 3751 3077 habuit,

2105 3075 2292 3130 neque
2344 3061 2668 3134 legatorum
2720 3080 3087 3145 exspectatus
3138 3082 3325 3141 fuerat
3355 3090 3664 3163 adventus,

2105 3148 2343 3217 quidam
2377 3168 2446 3207 ex
2476 3154 2545 3209 iis
2581 3158 2678 3227 qui
2715 3162 2963 3219 maxime
2996 3167 3314 3228 familiares
3365 3186 3532 3236 erant
3562 3184 3750 3256 impe-

2102 3238 2359 3305 ratori,ei
2393 3248 2745 3312 persuadent
2792 3256 2856 3305 ut
2886 3270 3088 3324 pacem
3122 3261 3395 3334 negligat,
3430 3272 3601 3339 quasi
3630 3238 3750 3330 r‘em

2101 3343 2228 3398 quae
2271 3333 2559 3388 mendacii
2611 3336 2766 3392 haud
2816 3357 3021 3411 expers
3062 3347 3379 3420 decepture
3427 3333 3507 3412 s-it
3551 3364 3750 3432 potius

2100 3432 2274 3485 quam
2309 3418 2577 3477 utilitatis
2598 3424 2819 3497 aliquid
2844 3432 2993 3487 697
3039 3418 3283 3495 allatura
3311 3458 3323 3497 :
3350 3418 3572 3504 timere‘
3586 3418 3746 3508 enim

2099 3506 2551 3577 suspicabantur
2579 3513 2912 3589 Sultanum,
2946 3525 3100 3594 quod
3135 3543 3247 3583 non
3280 3530 3521 3593 idoneas
3548 3542 3746 3612 copias

2968 3593 2978 3594 η
3557 3593 3563 3594 ,
3593 3593 3743 3612 ττ-

2100 3593 2361 3664 haberet,
2396 3600 2495 3654 sed
2520 3610 2854 3674 exspectare
2876 3625 2973 3666 eos
3006 3614 3105 3683 qui
3129 3632 3161 3670 a
3181 3620 3343 3691 tergo
3375 3623 3748 3698 insequeren-

2100 3689 2279 3753 tur,et
2306 3687 2544 3743 obtentu
2579 3694 2739 3762 pacis
2763 3701 2992 3771 tempus
3024 3687 3397 3766 differre—Illi
3430 3687 3611 3785 igitur
3639 3722 3738 3790 qui

2099 3790 2231 3828 cum
2278 3775 2516 3833 Sullano
2546 3788 2711 3837 erant
2756 3802 2861 3855 per
2888 3805 2951 3843 se
2983 3796 3229 3851 reversis
3260 3798 3466 3872 legatis
3498 3806 3569 3861 de
3601 3825 3740 3879 pace

2099 3862 2866 3945 colloquebantur,eamque
2888 3880 3126 3937 omnino
3150 3883 3435 3959 integram
3459 3893 3584 3948 ﬁeri
3616 3901 3740 3953 stu-

2100 3952 2338 4009 debant.
2372 3954 2689 4027 Imperator
2707 3967 2901 4020 autem
2922 3984 3037 4022 non
3056 3952 3741 4051 indicto'perpraaconem

2100 4040 2270 4107 bello,
2306 4060 2440 4099 cum
2474 4045 2787 4105 classicum
2823 4055 3150 4130 cecinisset,
3183 4066 3399 4122 temere
3430 4068 3743 4131 clamorem

2100 4132 2360 4186 sustulit.
2386 4135 2519 4198 Quae
2552 4137 2705 4193 fama
2732 4156 2862 4196 cum
2898 4145 2967 4198 ad
3003 4145 3201 4204 hostes
3233 4158 3611 4231 pervenisset,
3648 4180 3746 4221 eos

2102 4219 2351 4275 maxime
2400 4225 2664 4292 perculit.
2696 4228 2783 4282 Illi
2842 4230 3021 4302 igitur
3078 4219 3368 4300 instructa
3411 4253 3467 4301 et
3521 4219 3748 4310 armata

2099 4305 2293 4361 inutili
2311 4309 2691 4368 multitudine
2708 4316 2953 4375 ulterius
2967 4329 3452 4396 progrediebantu
3466 4344 3560 4392 r.A
3585 4305 3746 4415 terge

2098 4412 2234 4451 vero
2260 4398 2402 4452 aciei
2426 4401 2497 4454 ad
2521 4402 2785 4472 praelium
2807 4406 3105 4469 instructa
3124 4422 3376 4487 speciem
3393 4428 3746 4495 prazbebant.

2102 4484 2213 4539 Sed
2248 4487 2435 4558 magis
2468 4488 2548 4542 illi
2584 4491 2653 4544 ad
2698 4494 3040 4566 fugiendum
3092 4484 3556 4586 concitabantur,
3593 4484 3748 4589 quod

2020 4586 2068 4650 D
2102 4573 2363 4630 viderent
2381 4580 2774 4637 Romanorum
2797 4585 3119 4663 phalanges
3157 4596 3477 4659 instructas
3501 4573 3569 4659 ad
3603 4573 3747 4677 pras-

2101 4662 2249 4719 lium
2275 4666 2479 4721 ordine
2511 4674 2798 4741 progredi.
2833 4676 2903 4730 Et
2933 4662 3284 4753 illiquidem
3342 4695 3495 4748 retro
3527 4662 3753 4766 proces-

2101 4755 2658 4825 serunt.lmperator
2678 4767 2873 4818 autem
2899 4782 3027 4822 cum
3052 4772 3212 4826 omni
3236 4779 3490 4836 exercitu
3523 4799 3556 4838 a
3589 4789 3751 4858 tergo

2099 4841 2261 4912 ipsos
2311 4851 2652 4913 persecutus
2700 4855 2809 4920 est,
2860 4858 3052 4924 quoad
3104 4862 3291 4918 noctis
3338 4875 3747 4941 crepusculum

2102 4931 2350 4986 advenit.
2386 4932 2529 4989 Cum
2553 4935 2875 5009 imperator
2899 4945 3264 5007 adversarios
3288 4971 3402 5010 non
3427 4956 3750 5037 habuisset,

2101 5036 2289 5091 neque
2312 5023 2411 5094 qui
2436 5024 2547 5078 sibi
2575 5029 2826 5098 oppositi
2859 5023 3753 5124 repugnarent,oﬂ‘endissetque

2099 5125 2282 5164 vacua
2303 5128 2336 5166 a
2359 5112 2646 5170 militibus
2682 5121 2873 5173 castra
2898 5125 2952 5175 et
2979 5140 3010 5175 a
3040 5129 3409 5201 custodibus,
3443 5139 3595 5206 quod
3628 5112 3752 5197 ido-

2100 5214 2207 5253 neo
2240 5216 2484 5257 numero
2517 5203 2713 5260 minus
2744 5207 3089 5282 abundaret,
3115 5219 3179 5269 ut
3210 5227 3405 5288 posset
3438 5225 3515 5280 ibi
3550 5230 3757 5299 prensi-

2098 5287 2196 5341 dia
2226 5287 2576 5360 relinquere,
2626 5295 2835 5350 statuit
2886 5297 3036 5355 haud
3093 5287 3351 5377 amplius
3394 5330 3524 5371 esse
3550 5287 3755 5388 perse-

2100 5377 2425 5446 quendum,
2459 5396 2529 5435 ne
2559 5397 2622 5436 se
2652 5381 3113 5458 incompositum
3137 5393 3335 5453 Turcee
3367 5406 3756 5477 aggrederen-

1640 5499 1887 5559 JACOBI
1931 5505 2156 5564 GOARI
2196 5510 2431 5568 ΝΟΤίΕ.

394 5583 801 5698 (ἓίὲζοιὲᾳιῆθιι
829 5605 973 5670 crux
1002 5588 1063 5646 in
1095 5589 1301 5648 charta
1330 5592 1562 5666 depicta
1592 5598 1673 5655 sit
1700 5599 1835 5656 ﬁdei
1868 5603 2017 5661 datae
2048 5607 2262 5680 pignus
2284 5614 2341 5665 et
2362 5611 2756 5683 jurisjurandi
2792 5622 3150 5698 symbolum,
3186 5634 3329 5687 nota
3377 5636 3450 5692 ad
3500 5637 3753 5693 Cedreni

327 5672 389 5729 p.
421 5656 529 5712 527
559 5657 871 5716 edisserui.

654 5786 918 5850 ΡΑτειοῑ..
968 5788 1078 5849 Gn.
1130 5790 1368 5854 CXXII.

3358 5832 3438 5891 14
