4084 6140
447 359 566 418 427

1793 357 2120 420 JOANNIS
2165 357 2569 417 SCYLl'l‘ZAi

3731 366 3839 424 428

449 497 566 558 tur,
619 489 798 545 simul
851 489 1252 562 considerans,
1313 491 1361 547 si
1413 491 1667 564 amplius
1707 493 2081 547 cunctaretur

2217 487 2283 540 τὰ
2339 492 2561 542 τοιαῦτα
2620 483 3026 564 διακριϐοὖντες
3078 485 3474 562 συμϐάλλουσι,
3529 494 3591 547 τὸ
3643 517 3838 566 νικητι-

450 580 564 638 sibi
587 584 1074 650 superventuram
1110 585 1363 648 noctem,
1385 585 1442 636 et
1471 586 1610 636 tunc
1633 583 1855 637 Turcos
1879 580 2113 636 eminus

443 669 734 742 jacientes
765 685 794 724 e
827 669 964 741 fuga
1004 670 1315 725 redituros.
1351 669 1453 725 His
1485 671 1554 725 de
1587 671 1802 740 causis,
1835 685 2111 724 converso

449 757 611 830 regio
643 757 836 830 signo,
873 758 1144 830 praecepit
1173 759 1388 813 milites
1435 759 1642 813 redire.
1677 763 1895 812 Verum
1931 759 1972 812 ii
2004 755 2108 828 qui

450 847 656 920 procul
689 847 840 902 698
871 846 1191 918 phalanges
1221 847 1536 915 habebant,
1569 847 1894 920 conspicati
1938 846 2110 917 signa

452 943 606 994 retro
653 954 934 994 conversa
981 937 1205 992 cladem
1266 938 1336 992 ab
1397 937 1749 1010 imperatore
1806 941 2105 1008 acceptam

451 1027 734 1098 suspicati
760 1031 1048 1083 sunt.lmo
1071 1043 1202 1081 vero
1217 1026 1456 1098 quidam
1475 1027 1627 1083 exiis
1650 1028 1815 1098 quiei
1839 1027 2104 1092 aderant,

447 1115 822 1170 Andronicus
880 1115 1124 1170 Caesaris
1183 1115 1736 1187 ﬁliusimperatoris
1797 1113 2101 1186 patruelis,

447 1208 584 1260 ante
613 1203 932 1260 meditatus
965 1204 1236 1272 insidias,
1273 1203 1400 1276 ipse
1430 1221 1533 1276 per
1562 1221 1624 1260 se
1657 1204 1830 1260 talem
1883 1204 2100 1258 famam

446 1292 877 1363 disseminavit,
899 1297 956 1348 et
977 1309 1110 1348 cum
1138 1293 1428 1349 militibus
1451 1311 1599 1366 quos
1621 1294 1873 1348 habebat
1893 1292 2004 1347 cito
2028 1293 2098 1347 ad

444 1387 638 1438 castra
661 1397 722 1437 se
744 1381 1033 1452 contulit;
1059 1398 1232 1453 quem
1275 1382 1485 1454 reliqui
1525 1399 1760 1455 quoque
1783 1381 1995 1436 imitati
2027 1382 2096 1436 ad

443 1486 630 1524 unum
658 1487 862 1526 omnes
895 1473 1114 1542 fugere.
1149 1473 1474 1542 Imperator
1497 1477 1690 1526 autem
1723 1471 2096 1542 conspicatus

443 1560 500 1614 id
542 1562 695 1632 quod
731 1566 952 1616 temere
983 1561 1166 1628 ﬁeret,
1201 1577 1439 1616 suorum
1477 1561 1696 1633 fugam,
1731 1567 1795 1616 ut
1826 1579 1952 1617 mos
1983 1565 2092 1627 est,

447 1665 548 1704 eos
572 1664 872 1717 revocans,
906 1648 1152 1705 sistebat
1176 1667 1188 1705 :
1215 1665 1419 1704 verum
1445 1666 1615 1706 nemo
1639 1649 1916 1705 obediens
1947 1653 2092 1704 erat.

443 1737 776 1792 Adversarii
799 1753 932 1793 vero
955 1737 1016 1792 in
1039 1736 1288 1793 tumulis
1309 1738 1716 1804 consistentes,
1751 1754 1884 1792 cum
1917 1736 2089 1792 vidis-

443 1830 650 1885 sentid
675 1831 829 1900 quod
867 1830 1024 1886 nulla
1063 1832 1286 1887 ratione
1327 1833 1507 1903 ﬁeret,
1541 1837 1776 1903 repente
1809 1833 2094 1887 Romano-

442 1935 574 1975 rum
607 1919 998 1975 infortunium
1029 1919 1272 1976 Sultano
1321 1921 1584 1976 studiose
1617 1922 1958 1977 renuntiant
1992 1939 2003 1976 :
2037 1926 2093 1976 et

441 2009 514 2064 ad
535 2009 894 2064 redeundum
921 2010 1234 2078 concitant,
1256 2012 1472 2082 quippe
1490 2011 1610 2080 jam
1635 2015 1688 2065 et
1711 2011 1836 2083 ipse
1861 2010 2090 2082 fugiens

438 2115 472 2154 a
502 2097 628 2153 suis
647 2098 854 2154 castris
877 2098 1078 2170 procul
1101 2099 1325 2154 aberat.
1355 2101 1570 2154 Statim
1595 2100 1776 2172 igitur
1815 2117 1950 2156 cum
1984 2099 2090 2155 im-

439 2193 704 2260 peratore
733 2205 862 2244 acre
895 2188 1159 2258 praelium
1194 2189 1395 2244 initur.
1427 2195 1686 2262 Cumque
1716 2207 1854 2246 suos
1878 2190 2091 2261 jussis-

436 2283 526 2332 set
577 2277 818 2333 minime
847 2278 1051 2333 cedere
1101 2293 1290 2350 neque
1324 2279 1577 2334 molliter
1607 2279 1831 2350 aliquid
1877 2280 2086 2350 facere,

437 2366 540 2422 sed
571 2371 842 2422 strenuos
873 2371 930 2422 et
960 2367 1138 2422 fortes
1167 2367 1322 2423 viros
1353 2385 1414 2424 se
1446 2367 2087 2440 prmbere,aliquandiu

437 2454 668 2511 fortiter
697 2455 928 2511 restitit.
962 2455 1073 2511 Sed
1114 2473 1248 2512 cum
1279 2457 1514 2512 interim
1546 2457 1644 2512 alii
1677 2463 1838 2513 extra
1868 2457 2085 2514 vallum

437 2543 1031 2617 fugerent,explorata
1063 2545 1218 2601 fama
1248 2546 1447 2602 minus
1470 2546 1842 2612 audiebatur,
1869 2547 2087 2618 quippe

437 2649 572 2688 cum
590 2632 688 2688 alii
712 2633 870 2689 aliud
895 2634 1255 2702 nuntiarent,
1290 2633 1348 2688 hi
1373 2633 1619 2702 cladem,
1655 2635 1739 2689 illi
1762 2635 2085 2706 victoriam,

437 2729 496 2777 et
531 2723 782 2778 obscura
820 2727 996 2792 atque
1024 2722 1247 2778 incerta
1285 2723 1681 2792 dissererent;
1717 2726 1871 2795 quod
1907 2723 2084 2779 etiam

437 2827 506 2866 ex
536 2809 978 2882 Cappadocibus
1010 2810 1194 2882 aliqui
1223 2827 1326 2882 per
1357 2812 1546 2866 tribus
1596 2816 1650 2867 et
1689 2812 1882 2867 curias
1927 2813 2086 2868 abire

436 2903 823 2970 coeperunt,et
855 2899 1020 2954 multi
1053 2915 1122 2954 ex
1155 2900 1328 2970 regiis
1358 2900 1741 2971 equisonibus
1781 2919 1912 2957 cum
1940 2901 2087 2973 ipsis

435 2989 604 3059 equis
631 2989 1087 3056 revertebantur,
1113 3006 1183 3045 ne
1215 2990 1476 3045 viderent
1499 2989 1907 3062 imperatorem
1945 3007 2085 3046 con-

433 3077 1015 3149 tendentes.Eralque
1037 3077 1214 3134 veluti
1249 3083 1442 3134 motus
1471 3085 1528 3134 et
1561 3079 1751 3135 luctus
1776 3085 2086 3151 metusque

432 3166 815 3234 incredibilis,
849 3166 1054 3221 Turcis
1115 3167 1377 3238 undique
1425 3169 1576 3222 699
1627 3169 2080 3224 confluentibus.

2220 577 2462 631 κώτατον
2525 571 2806 651 σύμϐολον
3035 579 3365 642 ἀποστείλας
3421 580 3566 654 αὐτῷ
3587 583 3672 638 τὸν
3701 607 3842 641 σταυ-

2221 666 2330 740 ρόν,
2365 665 2533 723 Οὔπω
2588 664 2746 728 τέλος
2807 665 2963 744 ἔσχεν
3023 666 3138 723 οὐδ’
3169 670 3446 742 ἀναμονὴν
3497 673 3530 740 ἡ
3585 677 3687 728 τῶν
3733 675 3846 752 πρέ-

2221 749 2392 809 σϐεων
2443 753 2639 833 ἄφιξις,
2669 757 2758 810 καί
2817 778 2959 819 τινες
3015 761 3122 812 τῶν
3177 757 3476 834 ἐγγυτάτων
3536 761 3613 832 τῷ
3646 749 3844 836 βασιλεῖ

2218 845 2495 898 πείθουσιν
2527 844 2684 899 αὐτὸν
2746 841 3116 910 ἆποῦαλὲσθαι
3174 849 3272 916 την
3335 847 3555 922 εἰρήνην
3611 850 3680 911 ὡς
3730 855 3843 926 ψευ-

2219 929 2446 1004 δομένην
2479 934 2540 988 τὸ
2573 931 2727 1010 ἔργον
2773 934 2862 989 καὶ
2917 935 3203 990 ἀπατῶσαν
3251 933 3462 1010 μᾶλλον
3521 937 3556 1007 ἢ
3602 938 3662 992 τὸ
3717 961 3840 1014 συμ-

2216 1021 2373 1099 φέρον
2437 1021 2748 1078 ἐθέλουσαν·
2784 1021 3010 1079 δεδιέναι
3065 1026 3164 1100 γὰρ
3225 1021 3494 1081 ὑπέλαϐον
3540 1027 3630 1082 τὸν
3689 1027 3844 1083 σουλ-

2212 1111 2368 1166 τοὶνον
2405 1107 2492 1165 διὰ
2515 1113 2578 1166 τὸ
2613 1114 2687 1183 μὴ
2724 1111 3010 1188 ἀξιόλογον
3061 1111 3208 1188 ἔχειν
3273 1112 3522 1188 δύναμιν,
3553 1117 3837 1194 περιμένειν

2213 1197 2270 1254 δὲ
2326 1199 2452 1262 τοὺς
2505 1201 2732 1256 κατόπιν
2793 1201 3156 1278 ἀφικομένους
3211 1203 3300 1257 καὶ
3359 1203 3436 1277 τῷ
3501 1208 3838 1281 προσχήματι

2210 1295 2308 1358 τῆς
2362 1289 2582 1364 εἰρήνης
2645 1290 2990 1364 μετεωρίζειν
3051 1293 3142 1346 τὸν
3203 1293 3427 1368 χρόνον.
3489 1295 3552 1348 Οἱ
3613 1295 3701 1368 μὲν
3755 1293 3835 1350 οὗν

2209 1379 2329 1452 περὶ
2387 1379 2478 1433 τὸν
2541 1379 2857 1446 σουλτπὶνον,
2902 1381 3038 1435 κατᾶ
3095 1386 3232 1459 σφᾶς
3281 1381 3478 1447 αὐτοὺς
3534 1382 3834 1448 ἐπανελθόν-

2205 1489 2314 1522 των
2370 1473 2477 1522 τῶν
2533 1464 2828 1544 πρέσϐεων,
2861 1471 2928 1524 τὰ
2983 1470 3108 1544 περὶ
3166 1477 3266 1540 τῆς
3325 1472 3550 1547 εἰρήνης
3609 1473 3834 1546 ὡμίλουν

2205 1557 2294 1611 καὶ
2350 1558 2550 1627 ταύτην
2607 1557 2923 1634 ὁλοσχερῶς
2965 1558 3462 1635 ἐπραγματεῦοντσ
3497 1563 3526 1616 ὁ
3583 1559 3638 1616 δὶ
3695 1563 3834 1637 βασι-

2205 1643 2331 1708 λεὺς
2365 1646 2628 1723 ἀκηρυκτὶ
2685 1647 2949 1710 σαλπίσας
2975 1650 3036 1704 τὸ
3067 1647 3312 1705 ἐνυάλιον
3371 1651 3462 1705 τὸν
3527 1655 3690 1723 μτόθον
3743 1671 3832 1705 πα-

2205 1733 2452 1812 ραλόγως
2505 1735 2787 1810 ἐκρότησε.
2859 1733 3252 1794 Καταλαϐοὖσα
3309 1737 3354 1794 δ’
3413 1743 3448 1809 ἡ
3509 1743 3664 1818 φήμη
3721 1739 3832 1802 τοὺς

2204 1825 2471 1887 ἐναντίους
2557 1825 2833 1899 ἐξέπληξε.
2889 1829 3034 1889 Τὲως
3113 1825 3160 1882 δ’
3211 1827 3302 1882 οὖν
3384 1829 3830 1901 καθοπλισάμενοι

2199 1912 2288 1968 καί
2345 1915 2498 1969 αὐτοὶ
2554 1915 2616 1969 τὸ
2667 1913 2942 1990 ἄχρηστον
3003 1915 3215 1984 πλῆθος
3275 1917 3350 1982 είς
3405 1917 3648 1974 τούπίσω
3677 1939 3828 1994 προσ-

2199 2001 2457 2074 ήλαυνον,
2493 2003 2648 2059 αὐτοὶ
2683 2002 2739 2059 δὲ
2785 2005 3011 2059 κατόπιν
3071 2003 3278 2060 ἐδίδουν
3330 2006 3620 2085 φαντασίαν
3676 2005 3829 2062 πολε-

2204 2099 2370 2165 μικῆς
2427 2093 2794 2166 παρατάξεως,
2825 2095 2888 2148 τὸ
2920 2091 2976 2148 δὲ
3005 2093 3196 2149 πλεῖον
3259 2097 3407 2172 φυγή
3468 2117 3549 2159 τις
3605 2101 3830 2172 κατεῖχεν

2199 2181 2396 2243 αὐτοὺς
2455 2183 2874 2257 συντεταγμένας
2955 2181 3169 2246 ἰδόντας
3251 2189 3356 2238 τῶν
3409 2184 3684 2258 Ῥωμαίων
3745 2184 3830 2244 τὰς

2200 2270 2484 2348 φάλαγγας
2541 2271 2590 2325 ἐν
2652 2271 2792 2344 τάξει
2851 2272 2940 2326 καὶ
2998 2273 3189 2345 κόσμῳ
3247 2272 3559 2348 πολεμικῆς
3611 2273 3830 2348 παρατά-

2199 2360 2348 2429 ξεως.
2385 2361 2481 2413 Καὶ
2513 2361 2564 2414 οἱ
2599 2361 2695 2432 μὶν
2735 2361 3006 2435 προῄεσαν
3063 2361 3137 2424 εἷς
3197 2362 3466 2434 τούπίσω,
3517 2365 3544 2418 ὁ
3591 2361 3646 2418 δὶ
3695 2364 3828 2436 βασι-

2199 2447 2322 2510 λεὺς
2361 2455 2693 2524 πανστρατιᾷ
2739 2451 2965 2505 κατόπιν
3017 2451 3194 2506 αὐτῶν
3255 2449 3574 2520 ἐπεδίωκεν,
3601 2451 3702 2514 ἕως
3741 2449 3830 2526 ἄρα

2196 2539 2382 2612 καιρὸς
2417 2535 2606 2608 δείλης
2657 2538 2815 2612 ὀψίας
2873 2535 3194 2596 κατέλαϐον.
3229 2542 3360 2596 Επεὶ
3421 2539 3468 2596 δ’
3515 2543 3542 2596 ὁ
3599 2538 3828 2616 βασιλεὺς

2193 2626 2322 2689 τοὺς
2355 2627 2836 2703 ἀντιτεταγμένους
2869 2627 2966 2683 οὐκ
3015 2629 3132 2704 εἶχε
3187 2629 3276 2684 καὶ
3329 2629 3824 2704 ἀντιπολεμοῦντας,

2193 2718 2292 2784 τήν
2373 2713 2429 2770 δὲ
2493 2711 2856 2791 παρεμϐολὴν
2933 2716 3282 2791 ἐψιλωμένην
3351 2723 3692 2794 στρατιωτῶν
3746 2718 3823 2772 καὶ

2195 2803 2586 2880 πεζοφυλάκων
2644 2805 2900 2880 ἐγίνωσκε
2949 2803 3037 2861 διὰ
3086 2808 3146 2860 τὸ
3199 2805 3328 2880 μηδ’
3365 2809 3614 2884 εὐπορεῖν
3660 2809 3820 2862 ἱκανοῦ

2194 2895 2446 2964 πλήθους
2481 2894 2618 2949 ὥστε
2672 2896 2760 2948 καὶ
2811 2896 3131 2970 παρατάξεις
3179 2895 3228 2950 ἐν
3278 2897 3453 2972 ταύτῃ
3512 2896 3817 2958 καταλιπεῖν,

2194 2981 2300 3052 ἤδη
2350 2983 2915 3058 προεξαντληθὲντων,
2958 2985 3032 3046 ὡς
3081 2983 3530 3058 προδιείληπται,
3573 2985 3700 3062 ἔγνω
3753 2985 3814 3056 μὴ

2195 3071 2282 3126 ἐπὶ
2315 3069 2504 3128 πλεῖον
2548 3071 2806 3127 ἐπιτεῖναι
2849 3075 2949 3143 τήν
2987 3071 3190 3147 δίωξιν,
3218 3073 3310 3129 ’ἱνα
3363 3077 3444 3148 μὴ
3491 3075 3650 3149 ταύτῃ
3701 3074 3812 3150 ἀφυ-

2195 3158 2410 3224 λάκτως
2467 3161 2517 3215 οἳ
2577 3166 2808 3236 Τοῧρκοι
2869 3159 3306 3230 ἐπίθωνται,καὶ
3363 3165 3478 3238 ἅμα
3511 3162 3810 3229 διασκοπῶν,

433 3253 620 3318 Quare
670 3228 884 3326 singuli
943 3255 1186 3327 perinde
1234 3228 1300 3311 ac
1357 3261 1625 3329 poterant
1683 3259 1793 3313 sibi
1833 3257 2080 3313 salutem

2195 3249 2240 3303 εἰ
2300 3249 2386 3304 ἐπὶ
2439 3249 2603 3304 πλέον
2681 3228 3098 3325 ἐκμακρυνθείη,
3147 3228 3519 3327 καταλήψεται
3590 3251 3732 3306 αὐτὸν

435 3345 1226 3416 quaerebantPersequentes
1248 3363 1382 3401 vero
1407 3346 1606 3401 hostes
1633 3346 1778 3402 alios
1800 3347 2083 3414 occidere,

436 3432 580 3488 alios
607 3433 769 3488 vivos
805 3449 1029 3504 capere,
1063 3433 1206 3489 alios
1247 3435 1494 3504 pedibus
1526 3435 1888 3490 conculcare.
1922 3437 2085 3491 Erat-

438 3537 551 3592 que
582 3538 672 3576 res
723 3521 1039 3576 admodum
1097 3523 1470 3578 miseratione
1501 3523 1697 3594 digna,
1732 3541 2086 3596 omnemque

437 3609 914 3665 lamentationem
951 3627 1307 3682 exsuperans
1335 3617 1512 3683 atque
1543 3629 1777 3667 omnem
1801 3613 2080 3669 dolorem.

441 3697 586 3753 Cum
599 3714 732 3754 vero
746 3698 1158 3771 imperatorem
1187 3699 1942 3770 circumstetissenthostes,
1967 3721 2080 3759 non

434 3787 636 3844 statim
665 3787 856 3860 ipsum
890 3805 1113 3860 cepere,
1146 3787 1360 3860 quippe
1391 3789 1491 3860 qui
1523 3789 1605 3845 rei
1655 3789 1892 3846 militari
1926 3792 2082 3862 peri-

430 3879 527 3932 tus
542 3893 608 3932 ac
621 3875 1253 3948 bellicosusmultaque
1276 3879 1533 3948 pericula
1554 3883 1826 3949 expertus
1847 3885 2082 3937 strenue

429 3981 492 4020 se
514 3965 885 4032 defendebat,
917 3965 1235 4037 multisque
1258 3967 1468 4021 occisis
1490 3968 1557 4022 ad
1597 3973 1920 4024 extremum
1953 3969 2080 4039 ipse

425 4053 487 4107 in
514 4070 689 4110 manu
715 4055 908 4127 gladio
931 4071 1249 4126 percussus
1269 4060 1377 4125 est,
1410 4060 1466 4111 et
1494 4056 1858 4128 equojaculo
1885 4062 2076 4112 trans-

425 4141 539 4196 fixo
569 4144 744 4214 pedes
799 4143 1121 4216 pugnabat.
1155 4144 1571 4200 Verumtamen
1621 4145 1970 4217 defatigatus
2002 4147 2074 4202 ad

419 4247 724 4303 vesperam
758 4233 1070 4303 capitur,et
1095 4237 1370 4304 captus,o
1403 4233 1802 4289 incredibilem
1835 4233 2074 4289 calami-

417 4323 624 4385 tatem,
673 4319 1038 4377 clarissimus
1089 4322 1483 4377 Romanorum
1532 4321 1851 4393 imperator
1903 4327 2072 4378 nocte

413 4407 537 4474 illa,
570 4427 731 4481 aeque
762 4415 937 4481 atque
967 4409 1139 4465 multi
1167 4409 1287 4478 alii,
1321 4411 1486 4465 humi
1528 4412 1755 4481 jacens,
1792 4410 1916 4466 sine
1950 4410 2068 4466 ullo

410 4498 652 4568 honore,
687 4500 876 4554 multa
908 4515 1042 4553 cum
1075 4499 1452 4555 miseratione
1484 4499 1785 4566 dormivit,
1818 4500 2064 4555 inlinitis

2194 3337 2304 3408 νὺξ,
2339 3337 2426 3392 καὶ
2459 3343 2752 3408 τηνικαῦτα
2797 3341 2848 3392 οἳ
2903 3343 3133 3413 Τοῦρκοι
3192 3339 3561 3416 παλίντροπον
3615 3341 3810 3409 θήσουσι

2191 3428 2290 3496 τὴν
2325 3429 2500 3504 φυγὴν
2549 3422 2812 3496 ἑκηϐόλοι
2859 3430 3236 3504 τυγχάνοντες.
3269 3429 3368 3484 Διά
3417 3428 3484 3500 δή
3533 3434 3688 3485 ταῦτα
3733 3424 3810 3482 καὶ

2194 3517 2290 3584 τὴν
2337 3515 2624 3591 βασιλικὴν
2685 3515 2922 3589 σημαίαν
2981 3515 3302 3592 ἐπιστρέψας
3364 3520 3554 3574 νόστου
3610 3517 3810 3590 ἐπιμνη-

2195 3613 2386 3675 σθῆναι
2439 3605 2826 3682 παρήγγειλεν.
2887 3607 2955 3664 Οἱ
3013 3604 3070 3660 δὲ
3125 3607 3315 3683 πόῤῥω
3385 3609 3482 3671 τὰς
3558 3605 3806 3686 φάλαγγας

2193 3694 2412 3770 ἔχοντες
2472 3699 2818 3768 στρατιῶται,
2867 3697 2960 3756 τὰς
3018 3695 3256 3768 σημαίας
3317 3696 3526 3762 ἰδόντες
3575 3697 3804 3768 ὀπισθυρ-

2196 3787 2424 3858 μήτους,
2473 3787 2636 3852 ἧτταν
2710 3784 2842 3838 εἶναι
2899 3785 2962 3839 τὸ
3015 3791 3238 3861 πρᾶγμα
3299 3785 3587 3862 βασιλικὴν
3645 3781 3806 3838 ὑπετό-

2191 3895 2384 3929 πασαν.
2419 3871 2644 3928 Μᾶλλον
2693 3871 2750 3927 δὲ
2791 3895 2872 3935 τις
2921 3878 3027 3929 τῶν
3071 3871 3466 3953 ἐφεδρευὸντων
3511 3875 3665 3947 αὐτῷ,
3697 3875 3800 3927 Ἀν-

2191 3961 2440 4038 δρόνικος
2472 3963 2499 4017 ὁ
2537 3967 2633 4017 τοῦ
2665 3962 2930 4037 Καίσαρος
2965 3963 3058 4036 μὲν
3120 3965 3255 4033 υἱὸς,
3287 3969 3397 4020 τῶν
3454 3963 3510 4020 δὲ
3565 3959 3802 4040 βασιλέων

2189 4049 2503 4128 ἐξάδελφος,
2563 4045 3104 4125 προϐεϐουλευμένην
3168 4049 3312 4127 ἔχων
3375 4055 3472 4122 τὴν
3531 4047 3799 4116 ἐπιϐουλὴν

2187 4141 2346 4203 αὐτὸς
2401 4139 2469 4194 δι’
2501 4141 2691 4195 ἑαυτοῦ
2745 4141 2836 4195 τὸν
2893 4145 3142 4195 τοιοῦτον
3175 4139 3345 4216 λόγον
3403 4141 3677 4218 διέσπειρε,
3723 4136 3798 4193 καὶ

2183 4229 2308 4294 τοὺς
2366 4229 2488 4304 περὶ
2547 4229 2705 4284 αὐτὸν
2761 4231 3091 4304 στρατιώτας
3180 4227 3465 4287 ἀναλαϐὼν
3533 4229 3691 4306 ταχὺς
3739 4228 3795 4298 τῇ

2181 4315 2508 4394 παρεμϐολῇ
2551 4317 2858 4395 ἐφοίτησεν.
2904 4321 2966 4372 Ὃ
3009 4319 3098 4373 καὶ
3165 4321 3218 4374 οἱ
3269 4319 3456 4376 λοιποὶ
3516 4318 3798 4394 μιμησάμε-

2179 4431 2261 4464 νοι
2295 4411 2368 4468 εἷς
2410 4409 2594 4470 καθεὶς
2625 4407 2876 4483 ἀμαχητὶ
2906 4409 3004 4476 τὴν
3039 4409 3215 4485 φυγὴν
3251 4411 3472 4484 [Ρ,841]
3493 4411 3794 4480 ἠσπάσαντο.

2176 4501 2231 4552 Ὁ
2265 4495 2320 4552 δὲ
2355 4495 2607 4572 βασιλεὺς
2633 4495 2761 4551 ἰδὼν
2787 4497 2848 4551 τὸ
2871 4496 3176 4572 παράλογον
3207 4496 3332 4569 ἔστη
3361 4501 3458 4570 τὴν
3479 4503 3581 4554 τῶν
3601 4493 3790 4550 οίκείων

408 4603 728 4660 oppressus
781 4588 1236 4644 infortuniorum
1281 4589 1576 4644 fluctibus.
1611 4589 1900 4644 Postridie
1931 4606 2064 4645 vero

2192 4589 2370 4666 Ρυγήν,
2405 4587 2477 4647 ὡς
2529 4585 2668 4652 ἔθος,
2725 4584 3187 4659 ἀνακαλούμενος.
3220 4589 3320 4643 Ἦν
3367 4586 3424 4644 δὲ
3471 4590 3498 4644 ὁ
3539 4582 3788 4643 ἐπακούων

404 4693 540 4732 cum
565 4679 808 4734 Sultano
834 4677 1204 4732 renuntiatus
1243 4677 1450 4732 fuisset
1489 4681 1698 4748 captus
1720 4677 2058 4748 imperator,

404 4765 740 4839 inexplebili
775 4768 1026 4839 quadam
1061 4766 1264 4822 laetitia
1295 4767 1567 4838 perfusus
1599 4771 1707 4832 est,
1737 4783 1924 4839 neque
1958 4768 2054 4822 ad-

399 4856 534 4912 duci
569 4862 794 4928 poterat
825 4862 890 4912 ut
919 4857 1181 4912 crederet
1231 4857 1472 4925 factum,
1505 4873 1628 4911 rem
1663 4873 1862 4911 secum
1925 4873 2056 4928 per-

397 4947 662 5016 pendens
685 4951 907 5017 quanta
927 4951 1102 5012 esset,
1128 4951 1259 5017 post
1281 4945 1498 4999 victum
1525 4944 1696 5000 talem
1723 4961 1789 4999 ac
1821 4951 2054 5000 tantum

397 5037 712 5090 exercitum
755 5037 947 5107 ipsum
977 5051 1212 5106 quoque
1245 5034 1650 5105 imperatorem
1677 5034 1966 5105 captivum
2000 5041 2058 5090 et

394 5121 508 5177 sibi
560 5125 892 5193 subjectum
948 5125 1230 5196 accipere.
1288 5123 1554 5177 Humane
1601 5128 1799 5177 tamen
1833 5121 2050 5178 factum

395 5213 1135 5284 reputans,victoriamque
1157 5229 1321 5284 aequo
1357 5211 1552 5267 animo
1581 5211 1793 5278 ferens,
1828 5217 1883 5266 et
1914 5229 2050 5283 pro-

365 5303 630 5371 ‘sperum
665 5317 1006 5357 successum
1033 5299 1632 5373 potius'occasionem
1660 5301 1728 5354 ad
1767 5317 1896 5355 sese
1927 5299 2047 5355 col-

2171 4673 2363 4736 οὗδείς.
2398 4679 2517 4732 Τῶν
2569 4673 2615 4729 δ’
2647 4673 2904 4729 ἐναντίων
2961 4675 3012 4730 οἳ
3062 4674 3149 4730 ἐπὶ
3196 4674 3379 4754 λόφων
3434 4679 3710 4749 ἱστάμενοι,
3735 4669 3786 4724 τὸ

2166 4761 2480 4840 παράλογον
2515 4761 2716 4826 ἰδόντες
2762 4763 3015 4838 ἐξαίφνης
3063 4768 3170 4819 τῶν
3199 4766 3487 4839 Ῥωμαίων
3534 4763 3784 4838 ἀτύχημα,

2163 4859 2242 4925 τῷ
2275 4853 2553 4926 σουλτάνῳ
2587 4851 2796 4926 σπουδῇ
2839 4852 3248 4928 ἀπαγγέλλουσι
3290 4856 3352 4910 τὸ
3403 4855 3660 4931 ὁρώμενον
3707 4846 3782 4904 καὶ

2162 4943 2260 5011 τὴν
2313 4942 2642 5022 ἐπιστροφὴν
2715 4941 2877 4997 αὐτοῦ
2953 4941 3328 5017 κατεπείγουσι

2163 5032 2312 5102 αὐτῷ
2363 5029 2472 5099 ’ἤδη
2525 5033 2614 5085 καὶ
2679 5031 2889 5106 μακρὰν
2943 5039 3046 5099 τῆς
3097 5031 3300 5096 οἰκείας
3333 5023 3600 5108 γενομένῳ
3645 5023 3783 5082 ἐπαύ-

2163 5119 2324 5182 λεως.
2361 5119 2532 5183 Εὐθὺς
2567 5119 2656 5174 οὖν
2691 5119 3035 5175 ἐπανελθόντι
3085 5121 3234 5193 αὐτῷ
3295 5122 3446 5196 μάχη
3501 5143 3581 5182 τις
3635 5113 3780 5190 ἀθρόα

2159 5209 2237 5280 τῷ
2299 5211 2514 5284 βασιλεῖ
2569 5213 2998 5286 προσρήγνυται.
3053 5207 3322 5272 Κελεύσας
3383 5209 3438 5266 δὲ
3492 5208 3610 5269 τοὺς
3663 5200 3780 5278 ἀμφ’

2159 5298 2319 5353 αὐτὸν
2382 5299 2456 5372 μὴ
2515 5297 2760 5353 ἐνδοῦναι
2819 5297 2960 5372 μηδὲ
3018 5297 3264 5372 μαλακόν
3321 5322 3370 5356 τι
3415 5301 3613 5364 παθεῖν,
3665 5289 3776 5348 ἀλλ’

3338 4991 3350 5016 ,
3411 4943 3644 5024 φεύγοντι
3707 4934 3780 4992 καὶ

1705 5415 1948 5471 JACOBI
1989 5415 2208 5471 GOARI
2256 5416 2484 5471 NOTIE.

457 5531 574 5602 (35)
593 5531 684 5586 Nil
711 5529 907 5587 minus
931 5531 1033 5586 telo
1059 5529 1136 5586 ad
1163 5532 1462 5602 victoriam,
1487 5533 1808 5601 pertinente
1837 5535 2042 5586 auctor

385 5601 686 5675 intelligit,
718 5606 815 5659 sed
841 5619 1074 5675 crucem,
1107 5604 1178 5657 de
1219 5619 1336 5673 qua
1385 5601 1468 5656 illi
1501 5619 1694 5658 sermo
1726 5609 1836 5672 est,
1869 5603 2040 5673 cujus

2150 5529 2482 5602 symbolum,
2559 5536 2692 5602 post
2747 5532 3200 5587 Constantinum
3281 5533 3512 5589 vocibus
3565 5524 3768 5602 his_’Ev

2147 5599 2327 5654 τούτῶ
2356 5599 2476 5654 νίκα
2525 5599 2948 5660 circumdatam
3001 5603 3140 5658 olim
3176 5621 3302 5660 eam
3351 5603 3637 5670 intuitum,
3666 5599 3764 5652 im-

379 5673 822 5734 virtute'cuncti
853 5674 1226 5732 debellantur
1256 5675 1667 5744 hostes,quam
1701 5681 1765 5732 ut
1793 5677 2040 5732 victoriae
2149 5679 2451 5750 peratores
2475 5673 2534 5730 in
2565 5677 2752 5748 signis
2785 5675 3008 5750 erigere
3033 5681 3475 5734 consueverunt.
