4046 6144
314 399 434 458 429

1828 396 2219 457 HISTORIA.

3610 402 3729 459 430

314 524 515 602 ἄνδρας
574 529 803 604 φανῆναι
862 526 1121 601 ἀγαθοὺς,
1180 524 1426 598 ἠμύνατο
1490 526 1585 598 μὲν
1636 524 1961 601 έρῥωμένως

2089 527 2381 598 ligendum
2414 533 2468 582 et
2502 527 2638 583 boni
2662 528 2845 583 animi
2888 528 3173 584 indicium
3208 546 3273 585 ac
3306 546 3537 586 morum
3569 533 3730 588 omni

316 616 485 692 μέχρι
517 613 755 671 πολλοῦ.
786 616 869 670 Ἐν
923 615 1101 687 τούτῳ
1156 612 1213 669 δὲ
1260 622 1359 684 τῆς
1406 619 1513 670 τῶν
1561 614 1747 669 ἄλλων
1782 621 1961 692 φυγῆς

312 704 794 781 περιαντλησάσης
846 700 947 777 ἔξω
997 706 1086 759 τὸν
1144 704 1362 780 χάρακα
1420 704 1591 780 λόγος
1645 705 1819 782 σαφὴς
1867 702 1967 758 οὐκ

312 794 573 864 ἠκούετο,
606 791 807 849 ἄλλοτε
838 790 1022 849 ἄλλων
1078 791 1224 847 ἄλλα
1269 792 1690 871 ἀφηγουμένων,
1719 798 1830 848 τῶν
1870 792 1964 864 μὶν

313 885 527 960 τροπὴν
577 888 687 938 τῶν
747 880 804 938 δὲ
873 884 1031 953 νίκην
1102 881 1542 958 ἀπαγγελόντων,
1597 883 1687 937 καὶ
1743 881 1969 937 καταλε-

320 975 525 1049 γόντων
589 971 777 1045 ἅσημά
831 994 889 1027 τε
970 972 1060 1027 καὶ
1146 970 1506 1046 ἀδιάγνωστα,
1564 969 1671 1035 ἕως
1726 972 1815 1026 καὶ
1862 975 1969 1025 τῶν

329 1060 697 1117 Καππαδοκῶν
750 1060 982 1136 ἤρξαντό
1030 1083 1171 1124 τινες
1222 1062 1309 1116 καὶ
1364 1062 1521 1116 αὐτοὶ
1554 1061 1717 1117 αὐτοῦ
1745 1062 1972 1137 ἀποφοι-

329 1157 416 1222 τᾷν
449 1152 585 1207 κατά
622 1153 846 1228 φατρίας
894 1153 983 1206 καὶ
1038 1151 1363 1226 συμμορίας.
1414 1150 1623 1205 Πολλοὶ
1657 1149 1714 1206 δὲ
1745 1154 1831 1206 καὶ
1864 1160 1971 1210 τῶν

328 1241 624 1316 βασιλικῶν
654 1240 982 1313 ἱπποκόμων
1036 1240 1128 1295 σὺν
1175 1240 1357 1302 αὐτοῖς
1394 1238 1586 1301 ’ίπποις
1619 1241 1971 1321 ὑπέστρεφον,

324 1332 399 1402 μὴ
436 1328 570 1384 ἰδεῖν
603 1331 694 1384 τὸν
750 1328 977 1404 βασιλέα
1027 1326 1439 1401 διενιστοὶμενοι.
1482 1329 1587 1385 Καὶ
1639 1332 1705 1398 ἦν
1748 1334 1970 1405 σεισμὸς

319 1423 436 1474 οἷον
463 1419 553 1473 καὶ
580 1416 818 1494 ὀδυρμὸς
871 1418 961 1473 καὶ
1012 1413 1179 1496 φόϐος
1219 1418 1508 1494 ἀκίχητος,
1544 1419 1633 1473 καὶ
1664 1421 1714 1474 οἱ
1738 1424 1969 1494 Τοῦρκοι

318 1508 661 1585 πανταχόθεν
738 1506 1097 1583 ἐπιῤῥέοντες.
1180 1509 1339 1571 ’Ὁθεν
1425 1508 1512 1562 καὶ
1596 1507 1814 1574 ἕκαστος
1898 1512 1972 1573 ὡς

320 1600 467 1673 εἶχεν
528 1598 730 1673 ὁρμῆς,
792 1595 965 1669 ἑαυτῷ
1021 1597 1118 1664 τὴν
1176 1596 1446 1671 σωτηρίαν
1513 1596 1970 1673 ἐπραγματεύετο.

319 1685 742 1748 Ἐπιδιώκοντες
776 1683 834 1741 δὲ
885 1686 942 1740 οἱ
998 1684 1225 1740 ἐναντίοι
1280 1685 1373 1747 οὕς
1406 1686 1500 1758 μὶν
1530 1686 1764 1761 ἀνῄρουν
1797 1689 1887 1751 οὓς
1919 1687 1975 1745 δὲ

322 1776 556 1852 ζωγρίας
612 1773 781 1844 εἶλον,
844 1775 1060 1850 ἑτέρους
1117 1772 1174 1829 δὲ
1233 1774 1581 1833 συνεπάτουν,
1645 1777 1739 1831 Καὶ
1792 1779 1858 1847 ἦν
1910 1778 1973 1833 τὸ

319 1872 549 1942 πρᾶγμα
598 1862 721 1919 λίαν
773 1862 1048 1919 ἐπώδυνον
1101 1862 1189 1918 καὶ
1244 1863 1415 1918 πάντα
1464 1866 1661 1940 θρῆνον
1710 1862 1977 1942 ὑπερϐάλ-

320 1954 420 2010 λον
480 1952 571 2008 καὶ
628 1951 880 2010 κοπετόν.
938 1952 1037 2007 Τὸν
1095 1949 1152 2006 δὲ
1199 1950 1424 2026 βασιλέα
1477 1955 1978 2031 περιστοιχίσαντες

323 2045 373 2099 οἱ
407 2042 671 2115 πολέμιοι
721 2044 822 2097 οὐκ
867 2040 1199 2117 εὐχείρωτον
1256 2041 1405 2117 εἶχον
1447 2042 1605 2097 αὐτὸν
1640 2043 1816 2111 εὐθὺς,
1851 2044 1977 2100 ἀλλ’

322 2135 417 2187 ἅτε
456 2135 859 2206 στρατιωτικῶν
892 2130 981 2184 καὶ
1031 2128 1347 2203 πολεμικῶν
1392 2129 1635 2204 εἶδῆμων
1667 2134 1753 2187 καὶ
1788 2131 1977 2187 κινδύ-

320 2244 438 2283 νοις
484 2220 908 2297 προσομιλήσας
956 2218 1195 2281 πολλοῖς
1248 2226 1524 2295 καρτερῶς
1572 2222 1843 2294 ἠμύνατο,
1887 2223 1977 2277 καὶ

320 2310 570 2374 πολλοὺς
602 2308 807 2365 ἀνελὼν
864 2308 1024 2371 τέλος
1078 2308 1292 2385 ἐπλήγη
1346 2311 1602 2387 φασγάνῳ
1652 2313 1752 2381 τήν
1792 2317 1977 2389 χεῖρα,

320 2407 419 2456 τοῦ
466 2422 527 2455 τε
576 2398 745 2454 ἵππου
790 2397 1294 2461 κατακοντισθέντος
1362 2398 1421 2454 ἐκ
1476 2397 1643 2463 ποδὸς
1698 2401 1980 2473 ἱστάμενος

324 2490 646 2565 διεμάχετο.
708 2489 907 2560 Καμὼν
970 2485 1014 2542 δ’
1074 2488 1228 2561 ὅμως
1280 2489 1415 2561 πρὸς
1437 2489 1662 2563 ἑσπέραν
1696 2488 1980 2563 ἁλώσιμος

327 2582 449 2652 (φεῦ
501 2582 599 2631 τοῦ
655 2577 860 2637 πάθους
891 2577 928 2649 ί)
980 2576 1071 2631 καὶ
1126 2574 1486 2651 αἰχμάλωτος
1549 2578 1576 2631 ὁ
1628 2579 1976 2654 περιώνυμος

329 2664 588 2741 βασιλεὺς
660 2665 945 2737 Ῥωμαίων
1026 2665 1247 2739 γίνεται.
1338 2666 1438 2721 Καὶ
1521 2670 1589 2739 τῇ
1681 2668 1775 2739 μὶν
1826 2668 1977 2722 νυκτὶ

325 2755 506 2829 ἐκείνῃ
565 2753 647 2809 ἐπ’
702 2752 830 2823 ’ίσης
880 2759 996 2817 τοῖς
1054 2752 1290 2818 πολλοῖς
1346 2754 1434 2809 ἐπὶ
1482 2763 1583 2832 γῆς
1635 2756 1845 2828 ἀτίμως
1888 2756 1977 2810 καὶ

326 2842 679 2921 περιωδύνως
711 2840 1025 2914 κατέδραθε,
1062 2844 1277 2917 μυρίοις
1325 2844 1782 2919 περικλυζόμενος
1807 2845 1981 2915 λυπη-

328 2940 434 3008 ρῶν
466 2932 692 3006 κύμασι.
726 2937 807 3006 Τῇ
841 2930 887 2987 δ’
918 2932 1174 3008 ἐπαύριον
1207 2930 1560 3009 ἀγγελθείσης
1588 2939 1665 3005 τῷ
1696 2933 1978 3007 σουλτάνῳ

329 3023 418 3079 καὶ
444 3030 545 3091 τῆς
576 3026 673 3076 τοῦ
731 3019 1011 3097 βασιλέως
1050 3021 1331 3090 ἁλώσεως,
1384 3022 1528 3098 χαρά
1577 3044 1658 3085 τις
1700 3021 1978 3093 ἄπληστος

330 3113 419 3167 καὶ
477 3109 704 3166 ἀπιστία
758 3110 1014 3185 κατέσχεν
1072 3111 1253 3180 αὐτὸν,
1317 3111 1587 3184 οἷόμενον,
1648 3106 1829 3186 ὥσπερ
1888 3110 1977 3165 καὶ

328 3203 418 3271 ἦν,
456 3200 590 3274 μετᾶ
628 3199 783 3271 νίκην
820 3199 1082 3255 τοσούτου
1129 3200 1218 3254 καὶ
1260 3198 1594 3270 τηλικούτου
1627 3204 1856 3272 στρατοῦ
1888 3198 1975 3253 καὶ

331 3291 496 3345 αὐτὸν
526 3291 616 3344 τὸν
654 3288 879 3364 βασιλέα
927 3288 1210 3361 ἁλώσιμον
1266 3284 1453 3343 λαϐεῖν
1486 3289 1574 3343 καὶ
1609 3290 1925 3364 ὑποχείριον
1959 3307 1970 3318 °
2000 3270 2043 3336 Ο
2091 3296 2250 3347 rator
2290 3308 2302 3346 :

331 3379 690 3455 ἀνθρωπίνως
724 3376 780 3433 δὲ
809 3378 963 3451 ὅμως
1012 3379 1075 3432 τὸ
1130 3378 1353 3453 γεγονὸς
1387 3379 1744 3453 λογισάμενος
1773 3378 1860 3432 καὶ
1886 3380 1984 3447 τὴν

331 3468 489 3538 νίκην
531 3468 933 3544 μετριοφρόνως
958 3468 1211 3542 ἐνεγκὼν.
1249 3467 1336 3521 καὶ
1360 3468 1421 3521 τὸ
1448 3467 1671 3542 γεγονὸς
1699 3467 1989 3542 εὐτύχημα

334 3556 608 3627 συστολὴν
666 3554 877 3630 μᾶλλον
957 3556 1046 3610 καὶ
1130 3559 1315 3631 ψυχῆς
1367 3557 1569 3630 ἀγαθῆς
1627 3552 1847 3627 ἔνδειξιν
1897 3557 1986 3610 καὶ

328 3647 552 3722 τρόπων
602 3645 1006 3720 καλοκαγαθίας
1066 3650 1275 3718 μεστῶν
1333 3646 1582 3717 θέμενος,
1628 3651 1744 3718 Θεῷ
1794 3646 1855 3700 τὸ
1886 3652 1988 3700 πᾶν

330 3735 566 3799 ἀνετίθει
597 3735 672 3796 ὡς
709 3740 890 3806 μεῖζον
924 3734 959 3803 ἤ
1006 3736 1143 3788 κατά
1194 3736 1295 3803 τήν
1350 3735 1541 3789 ἑαυτοῦ
1590 3734 1748 3810 ἰσχὺν
1792 3735 1986 3789 ἀποτε-

332 3823 502 3885 λέσας
528 3824 590 3877 τὸ
644 3824 928 3899 τρόπαιον.
981 3822 1078 3877 Διὰ
1121 3828 1283 3879 τοῦτο
1332 3823 1420 3878 καὶ
1474 3825 1879 3900 προσαχθέντος
1910 3828 1988 3895 τῷ

330 3913 621 3985 σουλτάνῳ
651 3913 871 3983 ἆξάντου
930 3911 1199 3987 βασιλέως
1252 3911 1536 3986 Ῥωμαίων
1571 3912 1621 3966 έν
1657 3912 1866 3967 εὐτελεῖ
1897 3911 1986 3967 καὶ

319 4004 699 4076 στρατιωτικῇ
755 4001 1063 4075 ἀμπεχόνῃ,
1116 4003 1201 4073 [Ρ.
1256 4002 1384 4074 842]
1444 3998 1720 4075 διαπορῶν
1777 4005 1841 4070 ἦν
1896 4001 1984 4056 καὶ

319 4091 456 4163 περὶ
485 4090 683 4144 τούτου
720 4091 1014 4165 μαρτυρίαν
1072 4094 1273 4159 ζητῶν.
1327 4091 1414 4151 Ὠς
1462 4088 1507 4144 δ’
1553 4090 1983 4168 ἐπληροφορήθη

320 4180 481 4257 παρὰ
531 4184 641 4233 τῶν
700 4175 974 4255 πρέσϐεων
1031 4180 1120 4245 καὶ
1194 4176 1291 4234 τοῦ
1351 4180 1675 4235 Βασιλακίου
1730 4180 1988 4242 πεσόντος

325 4272 426 4343 μιν
487 4269 634 4343 παρά
676 4273 784 4322 τῶν
833 4266 1017 4323 ποδῶν
1069 4267 1257 4336 αὐτοῦ,
1306 4269 1524 4345 οἰκτρὸν
1560 4267 1615 4323 δὲ
1642 4291 1696 4323 τι
1733 4270 1822 4324 καὶ
1871 4291 1987 4345 γοεο

324 4362 421 4433 ρὸν
531 4358 974 4431 ἀνοιμώξαντος,
1070 4357 1223 4419 εὐθὺς
1320 4356 1503 4433 ὥσπερ
1580 4359 1827 4432 ἐμμανὴς
1901 4358 1987 4412 ἀν-

324 4451 488 4521 έθορε
544 4452 641 4501 τοῦ
692 4447 884 4522 θρόνου
931 4446 1021 4501 καὶ
1102 4447 1260 4523 ὀρθὸς
1341 4446 1489 4518 ἔστη.
1565 4449 1802 4503 Πεσόντα
1854 4452 1984 4523 γοῦν

326 4538 489 4609 ὅμως
518 4537 625 4610 πρὸ
654 4540 763 4590 τῶν
797 4534 979 4591 ποδῶν
1018 4534 1182 4591 αὐτοῦ
1218 4538 1463 4607 πατήσας
1484 4535 1664 4612 ὥσπερ
1698 4533 1819 4600 ἔθος
1851 4539 1985 4609 (26),

324 4626 415 4679 καὶ
480 4624 782 4695 ἀναστήσας
863 4625 951 4679 καὶ

327 4709 554 4791 ἔφησεν,
615 4712 660 4767 ὦ
714 4712 955 4787 βασιλεῦ,
1008 4711 1135 4768 ἀλλ’
1187 4712 1404 4776 εὔελπις
1448 4713 1536 4769 ἒσο
1594 4716 1699 4788 πρὸ
1748 4714 1982 4787 πάντων,

329 4803 402 4865 ὡς
437 4800 628 4857 ούδενὶ
675 4801 1116 4878 προσομιλήσεις
1170 4799 1409 4875 κινδύνῳ
1450 4809 1771 4877 σωματικῷ,
1821 4825 1984 4877 τιμη-

330 4895 475 4966 θήσῃ
505 4889 553 4946 δ’
603 4891 765 4962 ἀξίως
807 4898 907 4961 τῆς
967 4896 1063 4946 τοῦ
1124 4893 1356 4967 κράτους
1404 4893 1704 4969 ὑπεροχῆς.
1764 4895 1982 4971 Ἄφρων

327 4982 425 5058 γὰρ
488 4980 694 5044 ἐκεῖνος
736 4980 859 5055 ἐμοὶ
943 4979 1216 5057 λογίζεται
1285 4983 1312 5037 ὁ
1391 4980 1615 5057 μή¹τάς
1674 4983 1985 5059 προόπτους

2074 617 2360 688 probitate
2410 617 2789 689 praeditorum
2824 622 3012 685 ratus,
3048 622 3161 673 Deo
3214 618 3270 673 id
3305 623 3494 675 totum
3526 638 3732 692 accep-

2072 709 2198 760 tum
2231 707 2539 773 referebat,
2573 706 2726 778 quod
2754 708 2946 777 majus
2992 722 3169 779 quam
3214 724 3318 779 pro
3351 708 3475 763 suis
3506 709 3731 763 viribus

2071 799 2355 865 tropmum
2388 797 2686 851 erexisset.
2724 796 2943 851 Idcirco
2976 797 3255 867 perducto
3287 797 3359 852 ad
3409 799 3565 853 Asan
3598 798 3729 852 Sul-

2075 888 2280 939 tanum
2318 887 2467 941 100
2501 885 2896 940 Romanorum
2932 884 3304 955 imperatore,
3339 885 3436 940 vili
3481 903 3547 941 ac
3573 886 3737 941 mili-

2078 974 2186 1027 tari
2220 980 2376 1030 veste
2398 975 2495 1029 ind
2509 976 2705 1042 uto,de
2728 976 2854 1045 ipso
2878 974 3183 1029 dubitabat
3207 976 3737 1047 testimoniumque

2080 1064 2365 1135 exigebat.
2396 1064 2466 1120 Ut
2497 1070 2695 1119 autem
2729 1064 2941 1119 certior
2962 1082 2994 1118 a
3035 1064 3241 1136 legatis
3281 1065 3468 1121 factus
3498 1070 3588 1121 cst
3618 1070 3675 1121 et
3707 1083 3740 1121 a

2081 1152 2497 1223 Basilacio,qui
2530 1155 2598 1207 ad
2634 1154 2760 1223 ejus
2794 1154 2969 1224 pedes
3004 1154 3297 1207 acciderat
3328 1155 3740 1211 miserabiliter

2082 1242 2247 1306 ﬂens,
2284 1242 2481 1295 statim
2520 1241 2688 1311 quasi
2724 1243 2917 1296 furore
2959 1248 3262 1313 correptus
3295 1244 3365 1297 de
3396 1244 3607 1300 throno
3637 1246 3736 1300 de-

2082 1330 2566 1401 siliit,rectusque
2596 1337 2759 1385 stans
2794 1331 2985 1401 ipsum
3020 1332 3089 1385 ad
3126 1334 3305 1403 pedes
3328 1350 3466 1387 suos
3500 1333 3732 1406 lapsum

2083 1421 2406 1475 secundum
2456 1438 2674 1476 morem
2723 1421 3104 1475 conculcavit.
3136 1423 3399 1492 Cumque
3424 1439 3737 1494 exsurgere

2076 1511 2314 1581 jussum
2348 1509 2685 1580 complexus
2717 1509 2983 1577 esset,Ne
3013 1510 3243 1576 timeas,
3270 1510 3372 1576 ait,
3398 1510 3736 1583 imperator,

2084 1600 2184 1654 sed
2222 1600 2374 1653 bona
2404 1615 2506 1670 spe
2539 1598 2621 1653 sis
2652 1602 2783 1653 ante
2815 1597 3190 1669 omnia,quia
3216 1598 3443 1653 nullum
3475 1601 3739 1672 corporis

2084 1688 2407 1760 periculum
2441 1687 2784 1753 sustinebis,
2818 1704 3021 1742 verum
3054 1704 3157 1759 pro
3189 1688 3421 1757 imperii
3452 1689 3741 1760 dignitate

2086 1778 2240 1849 apud
2274 1792 2365 1832 me
2397 1778 2454 1831 in
2480 1777 2699 1832 honore
2722 1777 2835 1832 eris
2865 1793 2877 1831 :
2905 1776 3001 1832 ille
3022 1779 3177 1832 enim
3211 1777 3355 1832 mihi
3392 1778 3739 1850 imprudens

2082 1867 2334 1935 videtur,
2370 1868 2470 1938 qui
2502 1884 2616 1922 non
2647 1883 2677 1921 e
2706 1867 2997 1921 contrario
3043 1867 3296 1921 adversae
3351 1868 3597 1922 fortunae
3646 1886 3738 1923 ra-

2085 1957 2404 2012 tiocinetur
2450 1973 2517 2011 ac
2560 1956 2861 2028 provideat
2909 1956 3283 2011 incommoda
3332 1973 3398 2011 ac
3449 1962 3732 2013 vereatur.

2086 2044 2227 2101 Cum
2261 2045 2440 2117 igitur
2480 2046 2761 2116 jussisset
2790 2044 2903 2116 ipsi
2948 2044 3224 2100 constitui
3265 2046 3733 2114 tabernaculum,

2084 2135 2550 2205 imperassetque
2582 2134 2771 2190 curari
2803 2133 3136 2205 diligenter,
3162 2138 3227 2189 ut
3260 2151 3365 2206 par
3393 2140 3538 2202 erat,
3561 2152 3733 2190 suum

2084 2224 2530 2279 commensalem
2590 2240 2655 2279 ac
2713 2223 2938 2279 socium
2998 2227 3139 2278 tunc
3196 2241 3327 2279 esse
3382 2225 3589 2291 voluit,
3622 2241 3737 2279 non

2085 2313 2358 2368 deorsum
2394 2329 2527 2367 eum
2552 2313 3006 2382 sederejubens,
3043 2312 3145 2367 sed
3188 2317 3257 2366 ad
3291 2314 3554 2368 eamdem
3580 2330 3738 2368 men-

2085 2418 2212 2457 sam
2264 2406 2329 2456 ut
2379 2401 2575 2456 eximii
2625 2401 2847 2457 ordinis
2896 2401 3200 2471 collegam,
3243 2410 3297 2457 et
3346 2402 3470 2473 pari
3520 2403 3740 2459 honore

2087 2491 2370 2547 afﬁciens.
2397 2491 2492 2546 Bis
2510 2491 2603 2545 die
2620 2507 2751 2545 cum
2775 2491 2904 2561 ipso
2925 2490 3308 2562 congrediens
3326 2496 3383 2546 et
3400 2490 3742 2564 colloquens

2087 2586 2144 2634 et
2168 2579 2403 2634 hortatu
2440 2596 2546 2635 suo
2578 2596 2866 2649 recreans,
2901 2596 3090 2650 usque
3118 2580 3186 2634 ad
3222 2584 3349 2635 octo
3382 2580 3508 2635 dies
3537 2584 3741 2636 eadem

2085 2670 2261 2723 verba
2283 2674 2339 2723 et
2368 2668 2453 2724 sal
2487 2685 2621 2723 cum
2654 2669 2781 2740 ipso
2810 2669 3387 2738 communicabat,in
3424 2668 3584 2724 nullo
3616 2668 3744 2741 qui-

2086 2759 2215 2813 dem
2250 2757 2337 2813 vel
2393 2758 2638 2812 minimo
2687 2758 2859 2812 verbo
2891 2758 2941 2811 ei
2992 2757 3308 2823 insultans,
3341 2759 3443 2813 sed
3497 2759 3567 2813 de
3612 2758 3746 2830 qui-

2087 2848 2335 2903 busdam
2360 2847 2677 2914 erroribus,
2712 2846 2810 2918 qui
2837 2846 2948 2901 sibi
2974 2846 3045 2901 ab
3072 2863 3138 2902 eo
3181 2847 3240 2901 in
3285 2848 3552 2902 ducendo
3585 2863 3746 2903 exer-

2086 2938 2201 2991 citu
2228 2936 2527 2991 commissi
2550 2935 2907 3005 viderentur,
2932 2937 3277 2992 admonens.
3311 2936 3455 2992 Cum
3485 2954 3619 2993 vero
3652 2936 3744 2992 die

2085 3027 2337 3097 quadam
2361 3025 2641 3080 Sultanus
2669 3026 3089 3097 interrogasset
3108 3026 3519 3097 imperatorem
3550 3045 3562 3082 :
3588 3026 3735 3091 Quid

2088 3114 2229 3167 mihi
2284 3113 2543 3180 fecisses,
2577 3113 2624 3167 si
2678 3129 2769 3167 me
2818 3114 2875 3167 in
2908 3119 3005 3167 tua
3057 3118 3344 3185 potestate
3376 3114 3737 3169 habuisses?

2086 3201 2434 3273 simpliciter
2487 3219 2552 3257 ac
2609 3202 2736 3255 sine
2791 3201 3125 3257 adulatione
3194 3202 3495 3272 respondit
3550 3204 3731 3273 impe-

2366 3291 2519 3345 Scito
2578 3291 2728 3361 quod
2792 3289 2996 3344 multis
3055 3291 3244 3362 plagis
3303 3296 3470 3347 tuum
3530 3309 3745 3363 corpus

2097 3380 2501 3436 confecissem.
2535 3380 2606 3433 At
2665 3395 2787 3447 ego,
2839 3378 3033 3449 inquit
3089 3378 3386 3446 Sultanus,
3434 3384 3598 3435 tuam
3656 3397 3746 3436 se-

2097 3470 2399 3525 veritatem
2433 3473 2532 3522 aut
2563 3467 2971 3522 crudelitatem
3023 3484 3136 3523 non
3176 3468 3470 3524 imitabor.
3502 3470 3750 3526 Verum-

2095 3564 2292 3614 tamen
2330 3560 2472 3613 701
2512 3558 2683 3613 audio
2715 3561 2972 3612 vestrum
3017 3558 3182 3613 vobis
3215 3558 3508 3614 Christum
3546 3576 3748 3630 pacem

2098 3647 2409 3720 praecipere
2466 3652 2520 3701 et
2580 3646 2929 3702 oblivionem
2992 3646 3305 3715 malorum,
3367 3649 3753 3719 superbisque

2098 3737 2469 3791 resistentem
2523 3734 2847 3789 humilibus
2901 3736 3150 3807 gratiam
3201 3736 3357 3789 dare.
3392 3735 3612 3790 Deinde
3644 3734 3753 3805 igi-

2096 3830 2193 3880 tur
2222 3825 2368 3879 inito
2420 3825 2652 3889 foedere,
2686 3827 2744 3877 et
2792 3824 2946 3877 facta
2980 3840 3119 3893 pace
3168 3829 3470 3894 perpetua,
3517 3824 3751 3878 habita-

2097 3932 2209 3987 que
2240 3914 2495 3968 ﬁliorum
2548 3915 2772 3967 ratione
2820 3918 2877 3968 et
2924 3928 3126 3967 eorum
3178 3929 3305 3983 quae
3338 3913 3408 3965 ad
3443 3914 3755 3984 utriusque

2098 4002 2326 4076 imperii
2351 4004 2489 4073 jura
2519 4004 2869 4072 spectarent,
2906 4000 3154 4072 pristina
3187 4001 3403 4055 foedera
3432 4001 3750 4056 conﬁrma-

2096 4097 2256 4152 runt.
2292 4096 2356 4146 ut
2385 4096 2591 4145 mutua
2622 4095 2776 4145 esset
2816 4089 3099 4153 amicitia,
3134 4106 3323 4160 neque
3372 4089 3623 4159 amplius
3679 4089 3749 4144 ab

2097 4182 2215 4238 ullo
2233 4184 2563 4237 Turcorum
2588 4178 2934 4248 resimperii
2960 4178 3205 4232 Romani
3245 4177 3418 4251 diripi
3460 4179 3753 4251 permitte-

2096 4277 2276 4341 retur,
2308 4286 2507 4325 verum
2534 4285 2737 4322 omnes
2760 4267 3097 4338 quicunque
3129 4268 3412 4323 adversus
3454 4268 3753 4323 Romanos

2096 4360 2258 4415 missi
2320 4360 2551 4413 fuerant
2629 4362 3073 4422 reverterentur,
3130 4361 3187 4411 et
3243 4373 3450 4412 omnes
3522 4357 3754 4427 captivi,

2096 4449 2345 4504 maxime
2397 4446 2687 4519 principes
2736 4450 2793 4500 et
2835 4444 3032 4499 eximii
3084 4446 3507 4511 Romanorum,
3540 4445 3755 4500 libera-

2094 4542 2318 4601 rentur,
2350 4533 2726 4607 promittente
2757 4534 3003 4588 Sultano
3036 4549 3097 4587 se
3147 4534 3399 4603 benigue
3428 4534 3760 4603 imperato-

1048 4625 1538 4699 περιπυξάμενος,
1614 4628 1704 4695 Μὴ
1793 4623 1980 4697 δέδιθι,

2094 4643 2217 4681 rem
2237 4641 2471 4696 semper
2489 4627 2738 4678 tractatu
2750 4638 2902 4676 rum.
2928 4621 3216 4676 Interfecti
3242 4625 3381 4675 sunt
3404 4637 3470 4675 eo
3494 4624 3761 4692 tempore

2095 4717 2231 4781 Leo,
2262 4713 2363 4785 qui
2396 4711 2765 4783 supplicibus
2821 4714 3063 4781 praeerat
3092 4708 3330 4777 libellis,
3362 4714 3418 4764 et
3466 4709 3763 4781 magister

2096 4803 2439 4859 Eustathius
2488 4805 2545 4856 et
2598 4800 2828 4871 primus
2862 4816 2896 4854 a
2927 4799 3188 4853 secretis.
3222 4798 3441 4864 Captus
3492 4803 3581 4853 est
3612 4798 3759 4853 item

2094 4893 2349 4950 Basilius
2405 4889 2892 4962 protovestiarius
2940 4887 3211 4943 Maleses.
3260 4887 3584 4957 Postquam
3636 4886 3761 4942 haec

2094 4984 2177 5039 ita
2207 4986 2372 5055 gesta
2415 4984 2555 5036 sunt
2603 4983 2659 5034 et
2706 4979 2788 5034 ita
2836 4978 2992 5033 inter
3033 4992 3132 5032 eos
3183 4976 3478 5047 convenit,
3531 4975 3762 5032 dimisit

1656 5121 1905 5177 JACOBI
1945 5120 2161 5177 GOARI
2200 5117 2437 5174 NOTfE.

402 5239 517 5306 (26)
547 5238 767 5313 Persis.
823 5257 892 5296 ex
950 5242 1191 5313 quibus,
1228 5239 1511 5313 sultanus
1556 5238 1671 5313 hic,
1732 5238 1991 5293 devictos

335 5308 533 5365 hostes
558 5311 806 5381 pedibus
830 5308 1122 5381 proterere
1173 5312 1458 5366 familiare
1489 5310 1618 5373 fuit,
1650 5327 1717 5364 ex
1749 5326 1860 5380 quo
1890 5314 1991 5363 Sa-

336 5396 439 5449 por
461 5398 666 5437 eorum
696 5399 794 5437 rex
838 5381 1214 5439 Valerianum
1246 5382 1661 5453 imperatorem
1698 5381 1767 5435 ad
1803 5382 1857 5435 id
1894 5397 1991 5435 ne-

338 5454 629 5526 cessitatis
680 5455 899 5510 malum
950 5455 1196 5526 conjecit
1231 5460 1296 5509 ut
1338 5453 1993 5526 serviliterrincurvatus

340 5523 679 5598 illiequum
721 5526 1034 5583 incensuro
1057 5523 1323 5598 gradum
1354 5542 1475 5598 sua
1501 5525 1723 5579 cervice
1754 5525 1991 5579 faceret.

341 5595 544 5669 Caelius
593 5599 794 5669 Antiq.
830 5600 983 5654 Lect.
1022 5595 1108 5665 18,
1144 5598 1230 5651 18.
1262 5596 1637 5651 Justinianus
1688 5598 1763 5661 ll,
1792 5601 1993 5651 Persas

344 5664 601 5741 imitatus
636 5664 937 5726 Leontium
971 5675 1029 5725 et
1072 5669 1450 5741 Apsimaaum,
1485 5668 1994 5741 priusquampqu

342 5738 508 5811 jussu
555 5741 745 5815 capite
797 5738 1215 5819 plecterentur,
1259 5740 1442 5799 ferino
1485 5738 1704 5797 ductus
1754 5738 1996 5796 ultionis

2102 5237 2307 5291 ardore
2341 5250 2457 5289 non
2510 5231 2735 5286 modico
2764 5229 3272 5301 temporisspatio
3328 5228 3761 5301 pedibuscon-

2103 5306 2371 5362 culcavit.
2403 5304 2701 5358 Cedrenus
2732 5304 2791 5356 in
2823 5300 2952 5372 ejus
3003 5300 3155 5355 Vita.
3194 5300 3293 5355 His
3346 5300 3659 5372 provinciis
3685 5305 3766 5372 Aet

2104 5379 2326 5434 feritate
2357 5392 2533 5446 quam
2569 5378 2830 5445 tempore
2857 5370 3110 5446 vicinior
3126 5370 3509 5446 Tamerlanes
3535 5370 3768 5446 quoties

2104 5466 2325 5522 equum
2365 5442 3113 5522 conscenderet_,_prostrati
3169 5444 3258 5522 ad“
3276 5442 3769 5522 pedes_Bajazetis

2105 5515 2427 5577 cervicibus
2460 5534 2562 5573 ceu
2598 5515 2855 5572 scabello
2888 5517 3187 5571 utebatur.
3222 5515 3554 5570 Dubravius
3588 5519 3766 5568 l.xxv.

2102 5594 2301 5648 Victos
2322 5591 2521 5645 hostes
2550 5590 2824 5661 ephippio
2856 5589 3109 5661 instrato
3143 5604 3175 5641 a
3199 5587 3440 5661 Francis
3478 5586 3766 5641 Norman-

2107 5667 2315 5735 nisque
2347 5660 2642 5735 quondam
2675 5660 2929 5716 calcatos
2980 5660 3241 5715 referunt
3290 5660 3765 5715 Normannorum

2106 5733 2384 5795 chronica
2418 5734 2471 5790 in
2510 5733 2756 5790 Roberto
2792 5736 3006 5808 primo.
