4084 6140
383 355 506 416 433

1903 339 2300 400 HISTORIA.

3698 335 3818 394 434

379 489 412 543 6
460 493 566 557 τῆς
620 481 880 553 Ἐδέσσης
934 481 1217 536 κατεπάνω
1269 477 1448 552 νόκτῳ
1503 475 1665 532 αὐτὸν
1720 472 2037 530 καταλιπὼν

2157 478 2282 528 tum
2348 475 2660 531 Antiochiae
2716 476 2926 532 ducem
2988 471 3446 529 Chachaturium
3506 469 3810 526 adversus.

379 577 460 640 sic
546 568 1130 632 Κωνσταντινοόπολιν
1206 567 1510 644 ἀπέδρασε,
1585 563 1886 638 προμαθὼν
1977 562 2042 616 τα

380 665 560 721 ἐκεῖσε
617 660 972 734 καττυόμενευ
1035 659 1292 729 Ἰωάννης
1350 657 1456 733 γὰρ
1515 656 1542 710 6
1591 659 1793 728 Καῖσαρ
1850 653 1939 706 καὶ
1989 651 2040 705 0i.

373 754 580 810 τούτου
612 754 770 821 υἱεῖς,
803 750 894 806 καὶ
942 755 1041 818 τῆς
1098 746 1405 823 συγκλήτου
1438 744 1554 800 ὅσοι
1594 745 1660 799 τὰ
1695 742 1856 798 0.6106
1887 740 2044 819 ἐφρό-

377 862 530 911 νουν,
587 840 685 908 τὴν
751 838 845 910 μὲν
911 833 1170 910 βασιλίδα
1230 834 1512 909 ὑπερόριον
1567 833 1798 895 τίθενται
1859 829 1935 890 εἷς
1979 828 2041 882 τὸ

380 934 509 1006 παρ’
568 929 738 997 αὐτῆς
795 926 989 981 συστὰν
1051 926 1512 1002 φροντιστήριον,
1571 919 1840 994 Πιπεροῦς
1899 917 2040 972 οὕτω

382 1017 746 1091 καλοῦμενον,
802 1013 1191 1088 ἀποκείραντες
1249 1014 1339 1066 καὶ
1403 1013 1478 1085 μὴ
1545 1008 1905 1086 βουλομένην,
1947 1008 2038 1062 τὸν

387 1107 446 1164 δὲ
508 1105 740 1182 Μιχαὴλ
803 1106 1081 1179 μόναρχον
1137 1099 1586 1178 ἀναγορεύσαντες
1667 1097 2043 1172 αὐτοκράτορα

384 1193 623 1272 ἔγραψαν
656 1195 978 1270 ἁπανταχοῦ
1025 1192 1312 1247 ἐπανιόντα
1360 1190 1451 1245 τὸν
1501 1186 1726 1263 βασιλέα
1782 1187 1855 1258 μὴ
1908 1186 2039 1240 ὑπο-

383 1283 633 1356 δέξασθαι
693 1285 832 1356 μήτε
891 1283 964 1342 ὡς
1019 1280 1245 1357 βασιλέα
1293 1286 1543 1351 τιμῆσαι.
1589 1277 1826 1350 ’Ἠρξατο
1857 1273 1912 1328 δέ
1943 1277 2041 1342 τῆς

381 1373 779 1446 ἀποκηρύξεως
844 1375 1061 1446 πρῶτος
1121 1371 1147 1424 ὁ
1206 1373 1311 1423 τῶν
1373 1366 1689 1445 φιλοσόφων
1751 1364 1952 1424 ὕπατος
2013 1365 2040 1418 6

378 1459 629 1528 Ψελλὸς,
679 1461 857 1523 καθὼς
889 1459 980 1513 καὶ
1028 1458 1189 1518 αὐτὸς
1219 1453 1268 1512 ἔν
1301 1477 1407 1512 τινι
1437 1460 1544 1510 τῶν
1581 1451 1732 1508 ἰδίων
1764 1473 2040 1526 συγγραμα

383 1551 571 1624 μάτων
631 1547 998 1623 μεγαλαυχεῖ.
1057 1548 1281 1620 Κέγεται
1340 1542 1397 1599 δὲ
1451 1546 1533 1598 δτι
1590 1544 1679 1597 καὶ
1739 1543 1772 1610 ἡ
1825 1539 2042 1616 βασιλὶς

380 1638 522 1708 αὖτή
554 1643 652 1693 τοῦ
679 1639 848 1693 αὐτοῦ
880 1641 1087 1692 σκοποῦ
1116 1635 1207 1704 ἦν,
1241 1635 1380 1689 ὥστε
1415 1635 1490 1706 μὴ
1531 1629 1918 1708 προσδέξασθαι
1947 1631 2037 1683 τὸν

383 1729 646 1803 Διογένην
698 1725 1006 1782 ἐπανιόντα.
1057 1725 1307 1797 Ἀπτέρῳ
1355 1720 1412 1776 δὲ
1459 1723 1618 1798 τάχει
1671 1720 1852 1794 μαθὼν
1879 1723 2039 1773 10610

2153 564 2469 635 Diogenem
2505 565 2615 620 sibi
2657 566 2881 620 socium
2916 563 3072 618 haud
3119 560 3486 616 obedientem
3519 559 3673 613 dicto
3706 557 3807 612 ha-

2153 653 2460 724 buit,quod
2483 655 2552 710 ad
2578 656 2888 726 Diogenem
2910 669 2972 708 se
2990 649 3337 716 contulerat,
3356 665 3470 720 quo
3489 663 3686 702 secum
3715 646 3814 701 ille

2152 743 2328 797 duc-to
2369 744 2426 797 in
2461 742 2722 799 Ciliciam
2749 739 3286 815 proficiscitur.Ubi
3319 738 3496 793 etiam
3530 735 3812 791 auxilium

2153 850 2187 888 a
2217 832 2460 888 Sultano
2490 839 2837 905 exspectans
2866 830 3364 896 commorabatur,
3390 825 3569 883 simul
3595 829 3653 880 et
3685 842 3818 898 pro-

2153 926 2280 992 pter
2321 921 2572 978 hiemem
2610 923 2686 976 ibi
2737 923 2977 993 degens,
3011 918 3357 991 tepidiorem
3403 930 3650 970 noscens
3681 913 3816 968 Cili—

2153 1012 2340 1079 ciam;
2372 1017 2430 1066 et
2468 1028 2675 1066 rursus
2706 1010 2764 1065 in
2797 1011 3058 1081 cogendo
3105 1006 3361 1063 exercitu
3395 1003 3814 1076 occupabatur.

2153 1113 2228 1164 At
2257 1110 2698 1175 Constantinus,
2732 1113 3045 1179 postquam
3089 1104 3374 1174 Diogenes
3404 1100 3666 1167 recessit,
3703 1100 3818 1172 By-

2151 1199 2408 1254 zantium
2445 1216 2711 1254 reversus
2758 1201 2865 1252 est.
2901 1198 2961 1250 In
2994 1196 3123 1266 ejus
3175 1192 3367 1247 locum
3419 1189 3674 1245 mittitur
3705 1190 3807 1244 ad-

2149 1310 2356 1351 versus
2379 1292 2695 1362 Diogenem
2731 1302 2941 1359 praeses
2962 1282 3331 1339 Andronicus
3353 1280 3595 1335 Caesaris
3625 1278 3807 1333 ﬁlius.

2158 1385 2346 1440 Diviso
2379 1387 2572 1437 autem
2627 1377 2916 1433 militibus
2946 1377 3278 1430 commeatu
3329 1385 3432 1442 per
3473 1367 3812 1424 clausuram

2153 1473 2415 1530 Podandi
2475 1469 2735 1542 pervenit
2785 1467 2842 1520 in
2892 1463 3178 1526 Ciliciam,
3224 1460 3324 1516 ubi
3380 1459 3494 1529 ipsi
3553 1457 3810 1513 occurrit

2150 1559 2590 1623 Chachaturius,
2607 1573 2806 1628 quem,
2826 1570 2957 1608 cum
2983 1551 3143 1607 brevi
3168 1553 3508 1621 pugnasset,
3533 1545 3810 1602 occidunt

2152 1651 2369 1706 milites
2403 1645 2748 1712 Andronici;
2775 1659 3027 1712 cumque
3058 1640 3150 1694 alii
3186 1639 3244 1693 in
3279 1639 3544 1692 Adanam
3579 1636 3716 1707 fuga
3747 1653 3809 1690 se

2152 1740 2531 1812 recepissent,
2566 1735 2666 1791 ubi
2695 1734 2872 1788 etiam
2912 1731 3196 1801 Diogenes
3249 1727 3608 1794 morabatur,
3641 1725 3808 1779 obsi-

380 1817 474 1873 καὶ
547 1818 576 1871 6
648 1814 932 1890 Διογένης,
1005 1815 1092 1870 καὶ
1167 1810 1616 1889 πληροφορηθεὶς
1691 1809 1774 1864 δτι
1846 1813 2037 1870 κοινῶς

2150 1809 2323 1886 dione
2357 1829 2559 1883 urbem
2589 1826 2740 1879 704
2770 1819 3126 1893 expugnavit
3154 1815 3546 1872 Andronicus.
3570 1814 3810 1869 Percus-

384 1907 826 1979 ἀποκεκήρυκται
881 1948 895 1972 ,
971 1901 1228 1980 φρούριόν
1309 1922 1361 1956 τι
1447 1899 1735 1975 κατασχὼν
1822 1897 2038 1952 Δόκειαν

383 1995 790 2068 ὀνομαζόμενον
838 1992 1011 2047 ἐκεῖσε
1055 1987 1597 2065 ἐστρατοπεδεύσατο.
1632 1989 1692 2045 Ὁ
1739 1986 1796 2042 δὲ
1836 1989 2040 2062 Καῖσαρ

381 2083 453 2139 τὰ
497 2091 598 2153 τῆς
645 2081 944 2159 βασιλείας,
995 2081 1068 2142 ὠς
1128 2077 1326 2149 ἐδόκει,
1371 2077 1562 2152 ἄριστα
1614 2077 2038 2151 κρατυνάμενος,

379 2182 476 2237 τὸν
533 2177 798 2256 πρόεδρον
877 2182 1278 2234 Κωνσταντῖνον
1351 2176 1444 2231 τὸν
1527 2173 1866 2252 βραχύτερον
1935 2177 2044 2226 τῶν

382 2270 548 2326 υἱέων
629 2270 763 2342 μετὰ
837 2265 1116 2339 δυνάμεως
1186 2263 1350 2342 ἀδρᾶς
1409 2264 1544 2318 κατὰ
1597 2268 1694 2317 106
1753 2261 2038 2334 Διογένους

379 2361 632 2437 ἀφίησιν,
667 2359 724 2420 ὃς
755 2357 845 2412 καὶ
875 2356 1089 2420 ἐνωθεῖς
1131 2356 1280 2427 αὐτῷ
1315 2353 1365 2408 ἦν
1398 2358 1466 2428 τῇ
1518 2353 1711 2423 Δοκείᾳ
1761 2349 2039 2405 ἀπεδειλά

377 2449 474 2503 τὸν
521 2445 788 2520 πόλεμον.
821 2447 989 2522 Ὀρῶν
1046 2442 1102 2499 δὲ
1151 2445 1179 2498 6
1213 2444 1468 2518 Διογένης
1518 2443 1912 2517 ὑπερτεροῦντα
1943 2445 2038 2494 τοῦ

380 2537 780 2593 Κωνσταντίνου
839 2535 1027 2590 ἐαυτὸν
1062 2578 1080 2606 ,
1140 2530 1270 2608 ἄρας
1343 2531 1540 2586 ἐκεῖθεν
1602 2531 1902 2609 ἀφικνεῖται
1961 2529 2037 2592 είς

382 2624 796 2684 Καππαδοκίαν,
859 2627 944 2681 Ἐν
1000 2623 1246 2695 τοσούτῳ
1306 2620 1363 2677 δὲ
1418 2621 1636 2690 πλῆθος
1668 2619 1930 2695 Φράγγων
1963 2624 2041 2692 τῷ

385 2715 773 2788 Κωνσταντίνῳ
851 2713 1265 2789 προσγίνεται,
1332 2711 1421 2766 καὶ
1499 2715 1794 2784 Κρισπῖνος
1877 2709 2038 2770 αὐτὸς

387 2805 525 2878 μετὰ
568 2802 674 2859 τῶν
726 2805 1030 2880 ὁμογενῶν,
1065 2802 1122 2856 ὃν
1172 2801 1332 2856 ἀνιὼν
1365 2803 1392 2855 ὁ
1425 2801 1686 2874 Διογένης
1741 2799 1791 2851 έν
1825 2793 2040 2870 ’Δϐἓδῳ

383 2894 680 2968 περιώρισε
739 2893 1045 2966 πρότερον.
1106 2889 1387 2966 Θεόδωρον
1445 2887 1535 2943 οὖν
1593 2889 1683 2943 τὸν
1745 2885 2037 2971 ’Δλυάτηες

385 2978 555 3056 ἄνδρα
611 2985 853 3057 γενναῖον
911 2979 1003 3034 καὶ
1062 2979 1293 3056 ἐπιφανῆ
1337 3025 1353 3051 ,
1417 2976 1631 3052 μεγέθει
1684 2998 1744 3031 τε
1797 2977 1884 3031 καὶ
1947 2977 2040 3046 θέᾳ

390 3070 859 3142 θαυμασιώτατον,
910 3067 1126 3122 στέλλει
1180 3073 1295 3122 κατ’
1324 3065 1521 3122 αὐτῶν.
1579 3065 1936 3142 Ἐῤῥωμὲνως
1993 3062 2040 3118 δ’

384 3158 962 3232 ἀντιπαρασαξαμένων
1012 3160 1118 3210 τῶν
1170 3156 1292 3233 περὶ
1343 3159 1772 3222 Κωνσταντῖνον,
1822 3157 2033 3223 ⁵ἡττῶν-

379 3269 471 3302 ται
517 3247 568 3301 oi
615 3247 735 3321 περὶ
788 3246 880 3301 τὸν
930 3243 1223 3316 Ἀλυσὶτην,
1279 3245 1556 3299 ἁλίσκεται
1607 3241 1663 3298 δὲ
1707 3243 1796 3297 καὶ
1849 3241 2027 3310 αὐτὸς,

378 3337 470 3391 καὶ
517 3335 644 3397 τοὺς
697 3333 1014 3410 ὀφθαλμοὺς
1063 3333 1395 3409 ἐξορύττεται
1427 3338 1706 3403 σκηνικοῖς
1739 3329 2027 3408 σιδηρίοις.

381 3430 724 3508 Περιώδυνος
759 3430 815 3487 δὲ
845 3433 873 3487 ὁ
905 3433 1160 3508 Διογένης
1207 3431 1293 3486 ἐπὶ
1323 3437 1438 3493 τοῖς
1471 3425 1843 3504 συμϐεϐηκόσι
1874 3451 2030 3505 γεγο-

379 3523 488 3583 νὼς
547 3521 622 3583 εἲς
678 3523 776 3591 την
844 3518 1222 3576 Καππαδοκῶν
1274 3516 1517 3591 ἐνέϐαλε,
1577 3520 1911 3595 πανταχόθειΙ
1969 3519 2030 3572 τὸ

383 3611 692 3687 στράτευμα
747 3607 1254 3684 προσκαλούμενος.
1290 3608 1454 3672 Αὐτὸς
1512 3607 1567 3664 δὲ
1625 3607 1808 3684 διῆγεν
1853 3608 1902 3661 ἐν
1951 3612 2032 3680 τῷ

383 3704 698 3775 Τυροποιῷ·
759 3698 1016 3777 φρούριον
1075 3697 1130 3754 δὲ
1185 3699 1356 3762 οὕτως
1429 3697 1766 3770 καλούμενον
1829 3697 2028 3773 ὀχυρὸν

384 3790 506 3847 λίαν
556 3789 645 3844 καὶ
694 3790 1074 3866 ἀπόκρημνον.
1128 3788 1642 3864 Προσκαλεσάμενος
1685 3787 1774 3844 οὖν
1821 3790 1849 3843 6
1891 3795 2034 3843 Κων-

385 3885 666 3942 σταντῖνος
698 3882 779 3954 [Ρ.
812 3882 940 3951 844]
971 3879 1061 3934 καὶ
1088 3880 1180 3933 τὸν
1216 3879 1550 3954 Ἀντιοχείας
1591 3876 1754 3934 δοῦκα
1782 3879 1873 3933 τὸν
1919 3886 2030 3932 Λα-

383 3967 682 4045 χατούριον
734 3967 1026 4044 σύμμαχον
1082 3969 1219 4023 κατὰ
1271 3973 1368 4022 106
1427 3967 1708 4043 Διογένους
1740 3967 1838 4024 οὐκ
1876 3964 2029 4043 ἔσχεν

388 4058 756 4114 ὑπακούοντα·
821 4057 1114 4132 προσέθετο
1160 4057 1260 4133 γὰρ
1303 4058 1383 4130 τῷ
1433 4057 1688 4131 Διογένει.
1754 4057 1850 4111 Καὶ
1907 4063 2032 4112 τοῦ-

380 4168 476 4202 τον
535 4140 868 4222 παραλαϐὼν
913 4145 1267 4223 παραγίνεται
1317 4146 1392 4207 είς
1446 4143 1724 4214 Κιλικίαν,
1776 4145 1898 4210 ἔνθα
1942 4146 2031 4200 καὶ

382 4234 804 4313 προσεκαρτέρει
869 4237 969 4305 την
1047 4235 1153 4290 ἀπὸ
1223 4239 1320 4289 106
1394 4234 1694 4290 σουλτάνου
1755 4234 2029 4307 ἀναμένων

389 4327 669 4401 βοήθειαν,
728 4325 874 4398 ὁμοῦ
929 4325 1022 4398 μὲν
1081 4324 1170 4378 καὶ
1231 4321 1320 4378 διὰ
1374 4324 1463 4379 τὸν
1523 4329 1776 4399 χειμῶνα
1834 4321 2033 4398 διάγων

386 4414 580 4482 ἐκεῖσε,
632 4411 759 4468 ἀλλ’
804 4411 1172 4485 ἀλεεινοτέραν
1209 4415 1308 4481 τὴν
1363 4412 1607 4468 Κιλικίαν
1660 4413 2034 4486 ἐπιστάμενος,

385 4503 478 4559 καὶ
509 4501 672 4558 πάλιν
705 4502 842 4577 πρὸς
893 4499 1178 4578 συλλογὴν
1225 4507 1456 4578 στρατοῦ
1489 4502 1673 4557 ἑαυτὸν
1701 4501 2034 4578 ἀπησχόλει.

388 4605 452 4661 Ὀ
484 4600 540 4657 δέ
593 4623 656 4676 γε
710 4605 1109 4663 Κωνσταντῖνος
1165 4602 1298 4673 μετὰ
1347 4601 1409 4655 τὸ
1455 4601 1545 4655 τὸν
1602 4603 1860 4677 Διογένην
1908 4603 2038 4657 ὑπο-

390 4698 646 4768 χωρῆσαι
701 4691 1023 4764 ὑπέστρεψεν
1071 4690 1146 4752 είς
1199 4690 1262 4744 τὸ
1313 4692 1614 4759 Βυζάντιον.
1649 4692 1792 4746 Ἀντ’
1837 4690 2040 4746 ἐκείνου

392 4780 450 4836 δὶ
483 4778 764 4835 στέλλεται
813 4780 949 4834 κατὰ
997 4783 1094 4833 106
1135 4781 1432 4853 Διογένους
1461 4781 1486 4834 6
1518 4777 1783 4856 πρόεδρος
1819 4777 2040 4854 Ἀνδρό-

389 4889 539 4931 νικος
569 4870 721 4923 6106
771 4868 1040 4945 Καίσαρος
1098 4864 1233 4932 υἱός.
1289 4869 1576 4941 Δια-νείμας
1630 4866 1686 4924 δὲ
1734 4875 1850 4934 τοῖς
1880 4890 2037 4944 στρα-

387 4958 614 5020 τιώταις
659 4959 934 5032 ειτηρέσια
984 4954 1073 5012 διὰ
1123 4960 1222 5022 τῆς
1277 4955 1596 5032 κλεισούρας
1637 4963 1733 5012 106
1765 4956 2042 5013 Ποδανδοῦ

391 5048 698 5124 ἀφικνεῖται
758 5045 835 5108 εἷς
895 5044 1168 5115 Κιλικίαν,
1229 5044 1353 5100 ἔνθα
1411 5052 1637 5117 συναντᾷ
1683 5047 1829 5120 αὐτῷ
1875 5049 1902 5102 ὁ
1936 5057 2040 5102 Λα-

391 5133 714 5208 χατούριος,
742 5133 800 5187 ’ὸν
848 5132 938 5186 καὶ
988 5134 1122 5206 πρὸς
1156 5131 1335 5208 βραχὺ
1388 5134 1768 5208 μαχεσάμενον
1801 5136 2040 5208 αἱροῦσιν

392 5224 446 5278 οἱ
476 5218 574 5276 106
625 5217 992 5293 Ἀνδρονίκου.
1046 5226 1160 5275 Τῶν
1216 5219 1273 5276 δὲ
1316 5219 1501 5277 ἄλλων
1554 5220 1936 5301 συμφυγόντων
1970 5224 2046 5289 εἷς

393 5306 656 5374 Ἀδαναν,
688 5306 809 5373 ἔνθα
855 5310 946 5365 καὶ
978 5311 1006 5364 6
1037 5311 1294 5386 Διογένης
1337 5306 1590 5386 διέτριϐε,
1623 5312 1916 5388 πολιορκίᾳ
1943 5314 2041 5382 τὴν

393 5398 561 5454 πόλιν
610 5393 856 5454 διέλαϐεν
905 5400 933 5454 ὁ
985 5397 1347 5476 Ἀνδρόνικος.
1383 5403 1672 5470 Συνθηκῶν
1723 5397 1780 5456 δὲ
1825 5403 2045 5477 γενομέ-

395 5509 504 5543 νων
535 5486 611 5564 ὖφ¹
651 5488 698 5559 ᾧ
725 5488 817 5542 τὸν
864 5488 1118 5564 Διογένην
1154 5488 1446 5553 ἀποθέσθαι
1484 5491 1578 5564 μὲν
1606 5491 1704 5559 τήν
1745 5490 2043 5564 βασιλείαν,

396 5589 498 5657 τήν
547 5586 714 5662 τρίχα
758 5584 814 5641 δέ
860 5587 1089 5662 καρέντα
1133 5585 1332 5662 διάγειν
1387 5584 1698 5659 ἰδιωτικῶς,
1741 5587 1900 5660 ἔξεισι
1949 5595 2045 5645 106

399 5677 638 5749 κάστρου
694 5675 1098 5749 μελανειμονῶν
1148 5677 1235 5733 καὶ
1283 5679 1351 5733 τὰ
1393 5680 1511 5742 καθ’
1560 5679 1745 5735 ἑαυτὸν
1776 5677 2043 5735 ἀποκλαι-

2151 1933 2334 1989 soque
2383 1916 2620 1980 fuadore,
2654 1917 2720 1966 ut
2774 1911 3078 1982 Diogenes,
3101 1904 3365 1978 deposito
3413 1902 3660 1975 imperio
3708 1918 3808 1958 ca-

2151 2007 2404 2081 pilisque
2453 2002 2735 2068 detonsis,
2777 2000 3039 2071 privatus
3084 1996 3344 2066 degeret,
3376 2009 3407 2047 e
3447 1995 3640 2047 castro
3693 1991 3812 2046 exit

2151 2080 2318 2170 nigra
2348 2098 2506 2150 veste
2552 2091 2799 2146 indutus
2848 2102 3107 2158 suasque
3145 2083 3367 2140 deﬂens
3417 2080 3804 2137 calamitates.

2150 2196 2360 2253 Statim
2392 2198 2587 2248 autem
2613 2189 2838 2245 reditus
2870 2185 3228 2241 mentionem
3253 2181 3392 2237 facit
3413 2179 3806 2248 Andronicus,

2150 2292 2208 2342 et
2265 2299 2462 2339 secum
2523 2279 2828 2336 attrahens
2885 2276 3196 2346 Diogenem
3249 2270 3540 2342 pullatum
3589 2268 3806 2339 vilique

2152 2374 2310 2430 mulo
2334 2378 2563 2427 vectum
2590 2385 2690 2440 per
2712 2366 2844 2421 illos
2861 2365 3018 2420 vicos
3041 2364 3150 2417 iter
3171 2360 3421 2415 habebat
3438 2363 3493 2414 et
3515 2357 3805 2428 regiones,

2150 2483 2183 2519 a
2213 2464 2428 2534 quibus
2461 2459 2625 2531 prius
2655 2461 2715 2511 ut
2745 2457 2862 2511 Deo
2894 2451 3137 2524 aequalis
3168 2449 3254 2504 vir
3284 2449 3556 2520 cognitus
3591 2447 3798 2502 fuerat.

2149 2554 2294 2608 Cum
2327 2567 2460 2606 vero
2489 2562 2678 2618 usque
2710 2545 2781 2600 ad
2807 2547 3098 2613 Cotyaaum
3133 2540 3244 2594 iter
3273 2539 3536 2593 luctuose
3569 2536 3804 2591 fecisset

2147 2641 2474 2715 (laborabat
2503 2638 2656 2692 enim
2692 2635 2912 2689 ventris
2951 2631 3153 2685 morbo
3184 2644 3252 2683 ex
3281 2627 3492 2693 cicuta,
3526 2641 3653 2696 quae
3686 2625 3801 2695 ipsi

2149 2714 2252 2805 per
2280 2727 2527 2784 insidias
2582 2725 2744 2798 prius
2775 2721 3084 2794 prepinata
3135 2716 3365 2786 fuerat),
3398 2714 3477 2768 ibi
3527 2715 3802 2769 detentus

2148 2802 2255 2886 est,
2291 2818 2482 2890 quoad
2516 2815 2588 2870 ab
2620 2815 2970 2883 imperatore
3000 2805 3344 2863 definit-stur
3373 2803 3656 2875 quidnam
3689 2802 3803 2873 ipsi

2151 2908 2484 2965 faciendum
2516 2908 2690 2959 esset.
2715 2899 2826 2956 Sed
2861 2896 3064 2970 paucis
3096 2900 3226 2966 post
3249 2893 3457 2949 diebus
3488 2891 3648 2946 venit
3676 2906 3806 2944 sen-

2147 2998 2333 3055 tentia
2369 2990 2742 3066 imperatoris
2786 2991 2990 3043 contra
3016 3000 3174 3050 eum,
3208 2982 3308 3054 qui
3361 2982 3578 3035 frustra
3629 2978 3808 3034 miser

2147 3092 2291 3156 erat,
2317 3101 2446 3158 quae
2469 3082 2704 3154 quidem
2736 3077 2845 3148 ipsi
2871 3074 3073 3130 oculos
3101 3070 3460 3127 elfodiendes
3491 3067 3802 3133 censebat;

2148 3156 2468 3244 statimque
2498 3171 2549 3226 ei
2595 3166 2747 3224 oculi
2796 3164 2991 3220 effossi
3037 3171 3196 3230 sunt,
3229 3176 3361 3214 cum
3410 3156 3556 3212 nihil
3589 3156 3639 3212 ei
3671 3156 3800 3227 opis

2139 3264 2484 3333 attulissent
2536 3252 2982 3325 archiepiscopi,
3041 3250 3141 3320 qui
3201 3248 3368 3303 missi
3432 3247 3668 3300 fuerant
3726 3245 3798 3300 ad

2141 3353 2498 3417 reilendam
2533 3347 2820 3402 rationem
2854 3358 2957 3396 cur
2989 3338 3140 3395 nihil
3170 3337 3220 3392 ei
3243 3342 3399 3391 esset
3431 3333 3796 3406 patiendum.

2139 3459 2318 3513 Erant
2360 3453 2417 3507 hi
2453 3443 2834 3504 Chalcedonis
2885 3437 3366 3510 archiepiscopus
3399 3437 3453 3488 et
3483 3431 3792 3497 Heracleas,

2142 3551 2200 3602 et
2228 3541 2476 3602 Coloniae
2499 3532 2880 3605 TheOphilus,
2909 3530 3124 3601 quibus
3155 3525 3328 3581 etiam
3359 3523 3417 3578 in
3445 3521 3789 3577 memoriam

2141 3635 2366 3704 redegit
2388 3623 2808 3699 jusjurandum
2835 3625 2891 3675 et
2912 3620 3138 3688 justam
3164 3614 3262 3670 Dei
3295 3611 3784 3683 indignationem.

2140 3725 2255 3796 Ipsi
2283 3699 2419 3777 vero
2459 3714 2730 3787 quamvis
2777 3708 3051 3780 opitulari
3087 3702 3504 3767 instituissent,
3537 3715 3685 3770 aegre
3726 3699 3784 3752 id

2139 3795 2329 3869 facere
2359 3814 2414 3864 et
2446 3821 2577 3862 cum
2611 3799 2956 3856 difficultate
2987 3795 3142 3850 haud
3178 3797 3462 3864 poterant,
3485 3805 3616 3843 cum
3650 3805 3788 3843 cru-

2141 3901 2302 3958 deles
2331 3904 2387 3954 et
2415 3893 2583 3966 impii
2637 3889 2902 3946 homines
2951 3883 3066 3955 ipsi
3099 3886 3360 3951 correpto
3409 3878 3610 3933 oculos
3663 3876 3790 3932 sine

2141 3989 2263 4047 ulla
2291 3965 2803 4042 commiseratione
2828 3973 3170 4031 eti‘odissent
3197 3984 3262 4024 ac
3293 3967 3418 4022 sine
3441 3965 3560 4021 ulla
3585 3965 3792 4020 huma-

2141 4081 2342 4135 nitate.
2386 4073 2709 4130 Perductus
2768 4069 2963 4121 autem
3011 4060 3110 4115 vili
3160 4059 3431 4130 jumento
3483 4070 3670 4125 usque
3720 4055 3793 4109 ad

2143 4163 2578 4238 Propontidem,
2608 4154 2785 4212 veluti
2837 4149 3140 4225 putridum
3185 4146 3448 4212 cadaver,
3496 4143 3587 4198 cui
3640 4141 3793 4198 oculi

2142 4232 2340 4313 essent
2356 4249 2573 4316 effossi,
2588 4250 2764 4317 caput
2779 4247 2835 4299 et
2851 4258 2916 4297 os
2935 4240 2991 4295 in
3003 4234 3529 4305 tlatum,vermibus
3551 4232 3790 4304 plenum

2145 4351 2202 4402 et
2230 4346 2448 4405 fcetore,
2471 4354 2604 4394 cum
2653 4332 2856 4406 paucis
2887 4329 3095 4385 diebus
3140 4322 3583 4396 supervixisset,
3616 4321 3792 4376 mise-

2145 4433 2408 4491 rabiliter
2436 4433 2494 4483 et
2524 4430 2658 4482 ante
2687 4421 2913 4478 obitum
2949 4415 3100 4473 male
3131 4415 3295 4470 olens
3324 4410 3572 4467 excessit
3600 4426 3630 4464 e
3655 4408 3794 4471 vita,

2145 4531 2205 4586 in
2233 4529 2376 4586 705
2408 4527 2580 4580 Prota
2602 4518 2798 4576 insula
2819 4517 3074 4572 cinerem
3097 4514 3425 4584 deponens;
3455 4508 3553 4563 ubi
3579 4523 3792 4561 novum

2150 4619 2248 4674 ille
2280 4612 2702 4672 monasterium
2755 4606 3093 4670 aedificarat,
3125 4602 3198 4656 ab
3249 4614 3426 4654 uxore
3455 4614 3562 4652 sua
3591 4601 3649 4650 et
3679 4601 3796 4649 Au-

2150 4711 2325 4780 gusta
2356 4710 2701 4773 sumptuose
2731 4700 2975 4751 curatus
2997 4708 3061 4747 ac
3093 4687 3382 4760 sepultus,
3405 4684 3608 4740 relicta
3629 4683 3801 4738 mise-

2152 4771 2369 4852 riarum
2403 4796 2459 4848 et
2489 4771 2912 4850 calamitatum,
2944 4797 3092 4852 quas
3124 4774 3430 4841 sustinuit,
3465 4776 3521 4826 et
3550 4771 3796 4826 infortu-

2151 4885 2383 4941 niorum
2439 4874 2917 4949 exsuperantiam
2967 4868 3167 4926 omnia
3213 4879 3578 4938 quaacnnque
3626 4866 3800 4916 antea

2153 4973 2354 5030 audita
2398 4968 2615 5025 fuerint
2664 4962 2967 5021 memoria.
2999 4959 3061 5014 In
3112 4955 3329 5012 talibus
3375 4955 3571 5008 autem
3605 4966 3672 5006 a0
3713 4954 3802 5005 tot

2154 5061 2326 5118 malis
2359 5059 2584 5114 nullum
2632 5053 3010 5110 maledictum
3062 5044 3326 5118 protulit,
3362 5056 3548 5111 neque
3578 5039 3800 5110 aliquid

2154 5151 2360 5207 nefarii
2390 5149 2622 5204 locutus
2654 5148 2762 5212 est,
2797 5143 2896 5197 sed
2945 5145 3055 5193 Deo
3089 5133 3308 5207 gratias
3338 5147 3504 5202 agere
3537 5145 3802 5201 perseve-

2155 5241 2324 5296 rabat
2351 5243 2409 5294 et
2439 5253 2613 5292 casus
2654 5248 2818 5303 aequo
2860 5228 3055 5284 animo
3089 5226 3256 5280 ferre.
3289 5221 3576 5277 Dicuntur
3605 5223 3800 5274 autem

2155 5346 2284 5402 quae
2317 5331 2518 5382 contra
2545 5325 2739 5396 ipsum
2775 5321 2926 5375 facta
2947 5319 3085 5372 sunt
3116 5313 3397 5368 insciente
3419 5313 3476 5365 et
3497 5308 3676 5363 invito
3700 5307 3806 5362 im-

2155 5397 2420 5490 peratore
2446 5411 2722 5468 Michaele
2754 5411 2920 5470 facta,
2947 5411 3010 5460 ut
3038 5408 3240 5476 postea
3270 5402 3395 5490 ipse
3419 5397 3807 5490 jurejurando

2157 5485 2420 5562 adhibito
2463 5500 2856 5564 asseverabat,
2889 5497 3111 5552 Caesare
3160 5492 3282 5547 haec
3311 5489 3462 5545 clam
3494 5492 3551 5542 et
3580 5485 3807 5540 occulte

2156 5593 2606 5651 administrante
2639 5607 2704 5645 ac
2733 5586 3102 5660 'perficiente.
3135 5583 3238 5637 llic
3288 5581 3609 5650 imperator
3653 5573 3806 5644 epis-

2158 5678 2741 5756 copatuijazianzi
2771 5677 2841 5733 ad
2867 5677 3004 5746 jura
3037 5669 3483 5742 metropolitana
3519 5661 3810 5737 perduxit-
