4084 6140
385 334 507 394 43⁵7
532 334 535 341 λ

1904 333 2296 395 HISTORIA.

3690 332 3809 393 438

381 469 450 538 τῇ
488 463 659 539 Συρίᾳ
689 460 904 539 γέγονεν
937 460 1127 524 αἶ’τιος.
1154 464 1345 535 ’Ὁμως
1396 460 1441 517 δ’
1481 460 1571 517 οὖν
1619 463 2011 540 κατηγορηθεὶς

2123 526 2127 532 ,
2154 468 2412 522 claratus
2444 466 2623 523 semel
2656 471 2829 540 atque
2862 467 3073 523 iterum
3107 466 3472 523 inﬁnitarum
3505 466 3809 539 perturba-

384 554 724 631 συλληφθεὶς
777 554 965 621 ἐκεῖσε,
998 557 1066 626 τῇ
1126 556 1221 607 τοῦ
1278 551 1510 625 Θὲματος
1560 560 1768 629 φρουρᾷ
1810 551 2039 629 παραδί-

384 641 560 698 δοται*
594 643 685 697 καὶ
743 642 809 711 ἦν
866 638 1180 718 ἔμφρουρος
1238 640 1325 694 ἐπὶ
1388 640 1585 715 χρόνον
1648 643 1769 695 τινα
1826 642 1853 696 ὁ
1911 643 2039 714 πρὶν

383 730 672 808 περίδοξος
730 730 1155 807 γνωριζόμενος.
1215 729 1594 805 Ἀναῤῥυσοεῖς
1675 727 1730 783 δὲ
1802 736 1871 804 τῇ
1942 734 2037 785 τοῦ

384 827 665 896 Διογένους
699 820 1042 895 ἀναγορεύσει
1071 818 1161 872 καὶ
1211 819 1285 879 είς
1344 819 1505 887 νῆσόν
1550 840 1668 873 τινα
1721 820 2034 894 ἰξορισθεὶς,

388 911 677 985 ὑποσχέσει
712 910 1017 983 χρημάτων
1053 906 1311 975 δικαστὴς
1343 905 1611 969 Ἑλλάδος
1660 909 1748 962 καὶ
1796 907 2033 978 Ἑλλησ-

386 1000 585 1053 πόντοο
614 993 1014 1073 προϐέϐληται,
1045 999 1131 1050 καὶ
1165 998 1231 1051 τά
1260 998 1375 1050 κατ’
1403 995 1607 1066 ἐκείνην
1669 998 1734 1065 ἦν
1787 994 2030 1053 διοικῶν.

385 1100 590 1153 Τοῦτον
623 1097 708 1151 ἐπὶ
741 1101 893 1167 κακῷ
938 1100 1045 1150 τῶν
1078 1094 1359 1166 Ῥωμαίων
1412 1096 1439 1148 ὁ
1492 1093 1741 1168 βασιλεὺς
1802 1094 2031 1169 Μιχαὴλ

382 1184 875 1259 μεταπεμψάμενος
929 1184 1005 1247 είς
1055 1185 1153 1252 τήν
1203 1188 1309 1237 τῶν
1354 1188 1551 1237 κοινῶν
1587 1181 1852 1253 διοίκησιν
1904 1204 2030 1237 κατ-

377 1277 665 1344 εστήσατο,
729 1277 807 1348 [Ρ.
868 1276 994 1346 846]
1028 1271 1328 1347 λογοθὲτην
1381 1271 1540 1326 αὐτὸν
1584 1267 2026 1346 προϐαλόμενος.

375 1363 480 1421 Καί
530 1365 734 1431 γίνεται
782 1365 809 1417 ὁ
863 1362 1118 1437 βασιλεὺς
1163 1362 1445 1433 ἁλώσιμος
1475 1366 1592 1422 ταῖς
1651 1362 1816 1414 αὐτοῦ
1871 1380 2027 1434 τερα-

370 1452 543 1516 τείαις
600 1454 691 1508 καὶ
749 1452 1095 1527 μαγγανείαις
1151 1454 1241 1505 οἷα
1297 1452 1371 1522 μὴ
1429 1451 1702 1525 εὐμοιρῶν
1738 1452 2025 1523 φρονήμα-

370 1563 464 1603 τος
524 1540 773 1617 ἀνδρείου
823 1541 911 1595 καὶ
969 1544 1280 1613 σταθηροῦ·
1317 1537 1401 1592 διὸ
1452 1539 1542 1592 καὶ
1602 1537 1872 1609 ἐξωθεῖται
1927 1539 2022 1611 μὶν

372 1633 401 1686 ὁ
463 1629 654 1702 Σίδης,
739 1634 913 1685 πάντα
986 1627 1042 1683 δὶ
1097 1628 1257 1690 αὐτὸς
1316 1627 1393 1689 εἷς
1451 1627 1634 1681 ἑαυτὸν
1684 1624 2022 1701 ἀναδέχεται,

370 1720 646 1796 ἀθόρμασι
725 1724 821 1775 τοῦ
896 1717 1133 1793 Μιχαὴλ
1194 1717 1281 1770 καὶ
1339 1714 1580 1778 παιδιαῖς
1634 1714 2021 1791 παιδαριώδεσι

368 1808 795 1885 προσκειμένου,
827 1812 924 1861 τοῦ
968 1808 1168 1861 ὑπάτου
1214 1810 1321 1859 τῶν
1377 1803 1689 1883 φιλοσόφων
1736 1807 2019 1861 Κωνσταν-
2051 1839 2098 1904 Β

364 1901 521 1955 τίνου
548 1904 645 1953 τοῦ
678 1896 902 1953 Ψελλοῦ
930 1897 1065 1971 πρὸς
1096 1898 1231 1949 ἁπαν
1265 1892 1417 1969 ἔργον
1470 1892 1675 1964 ἀδέξιον
1725 1895 1881 1948 αὐτὸν
1930 1896 2017 1948 καὶ

366 1988 642 2063 ἄπρακτον
722 1987 1190 2061 ἀπεργασαμένου.
1252 1983 1723 2059 Ιῐαραγκωνίζεται
1811 1981 1867 2037 δὲ
1929 1984 2016 2038 καὶ

362 2078 457 2133 τὸν
487 2082 585 2132 τοῦ
621 2074 1005 2153 βασιλεύοντος
1038 2075 1179 2126 Θειον
1213 2073 1466 2141 Ἰωάννην
1497 2072 1588 2127 τὸν
1634 2072 1895 2147 Καίσαρα,
1926 2071 2016 2127 καὶ

361 2173 443 2239 τῷ
464 2168 670 2240 ἀνεψιῷ
703 2166 789 2220 καὶ
830 2162 1045 2239 βασιλεῖ
1076 2162 1313 2216 ὕποπτον
1345 2163 1718 2237 ἀπεργάζεται.
1756 2164 1852 2216 Καὶ
1886 2163 2016 2216 πάν-

361 2277 458 2318 τας
490 2254 683 2317 άπλῶς
712 2254 839 2315 τοὺς
872 2251 1237 2312 οἰκειοτάτους
1269 2252 1341 2312 ὡς
1371 2248 1819 2323 πολεμιωτάτους
1854 2272 2015 2305 συκοο

363 2350 576 2423 φαντεῖ,
610 2344 699 2399 καὶ
731 2344 941 2398 πάντων
975 2341 1225 2411 ἀποξενοῖ
1271 2340 1369 2408 τήν
1417 2344 1514 2393 τοῦ
1576 2339 1841 2415 βασιλέως
1900 2338 2014 2393 διά-

360 2437 531 2499 θεσιν,
566 2432 695 2489 ὅλον
742 2453 801 2487 τε
846 2431 938 2485 τὸν
989 2428 1332 2503 μειρακίσκον
1396 2429 1735 2482 ὑποποιεῖται
1795 2429 2011 2486 ἄνακτα.

362 2534 592 2586 Κάκεῖνο
624 2536 753 2584 πᾶσι
804 2526 1085 2602 βασιλικὸν
1131 2525 1409 2598 ἐνομίζετο
1454 2524 1800 2600 πρόσταγμα,
1852 2526 1880 2579 ’ὁ
1937 2529 2014 2596 τῷ

363 2617 787 2693 μηχανοῤῥάφῳ
846 2614 1024 2686 τούτῳ
1083 2611 1280 2669 ἐδόκει.
1338 2616 1609 2667 Ἐντεῦθεν
1689 2613 2012 2688 κατηγορίαι

356 2708 451 2763 καὶ
509 2708 824 2776 ἀπαιτήσεις
855 2705 1048 2767 ἀθώων
1101 2702 1189 2757 καὶ
1240 2702 1609 2777 ἆκατακρίτων
1665 2700 1874 2777 ἀνδρῶν
1923 2703 2012 2756 καὶ

353 2798 524 2852 τίσεις
598 2796 1021 2870 ἆχρεωστήτων,
1081 2791 1171 2847 καὶ
1242 2791 1416 2857 κρίσις
1477 2796 1552 2863 τῷ
1624 2790 1878 2863 δημοσίῳ
1949 2793 2010 2846 τὸ

354 2884 551 2954 πλέον,
585 2884 645 2939 οὐ
697 2888 774 2954 τῷ
826 2880 1019 2954 δικαίῳ
1077 2875 1435 2955 βραϐεύουσα,
1464 2881 1556 2956 ἀφ’
1595 2878 1667 2934 ὦν
1724 2878 2012 2953 δημεύσεις

352 2973 647 3030 καθολικαί
680 2994 739 3027 τε
768 2972 857 3028 καὶ
902 2970 1117 3046 μερικαὶ
1162 2969 1485 3045 κατηγορίαι
1535 2970 1727 3043 συχναὶ
1773 2970 1862 3023 καὶ
1921 2970 2007 3023 πί-

352 3085 470 3124 στις
496 3062 648 3127 εὐθὺς
690 3060 1144 3135 ἁπαραλὸγιστος,
1194 3058 1283 3112 καὶ
1332 3064 1437 3112 τῶν
1492 3059 1817 3134 πασχόντων
1873 3062 2006 3131 θρῆ-

346 3175 440 3217 νος
470 3150 842 3219 ἐλεεινὸς,καὶ
893 3154 1003 3204 τῶν
1062 3147 1451 3223 γυμνουμένων
1495 3149 1736 3209 κωκυτὸς
1795 3148 2006 3224 ἀφόρη-

344 3264 446 3303 τος
477 3241 566 3297 καὶ
599 3238 967 3315 πολύδακρυς.
1004 3236 1183 3292 Ἀλλά
1238 3236 1443 3291 τούτων
1497 3236 1639 3290 οὕτω
1696 3238 2005 3310 γυμνουμέ-

352 3353 464 3385 νων
499 3328 767 3400 θεήλατός
816 3349 897 3389 τις
953 3327 1090 3403 ὀργὴ
1150 3327 1249 3394 τὴν
1304 3326 1472 3397 Ἐῲαν
1527 3326 1845 3403 κατείληφε.
1884 3329 2006 3382 Τῶν

348 3421 458 3496 γάρ
536 3412 669 3495 πρὸς
740 3416 991 3491 Διογένην
1074 3416 1361 3490 εἰρηνικῶν
1431 3416 1736 3491 συμφώνων
1826 3415 2006 3489 ἀργῶν

354 3510 655 3582 μεινάντων
684 3507 774 3562 καὶ
806 3505 1118 3581 ἀπράκτων,
1152 3509 1311 3577 θυμῷ
1344 3503 1699 3578 συνεχόμενοι
1734 3505 1785 3557 οἱ
1834 3508 2009 3579 T059-

353 3619 449 3655 κοι
481 3595 563 3671 ἐφ’
597 3599 701 3663 οἷς,
733 3595 790 3649 ’ὸν
819 3594 970 3649 αὐτοὶ
1003 3594 1077 3654 ὡς
1128 3592 1323 3667 ἐχθρὸν
1383 3591 1673 3667 εἰληφότες
1733 3592 1821 3647 καὶ
1874 3592 2009 3646 ὑπο-

355 3684 571 3760 χείριον
620 3685 795 3753 πάσης
846 3680 1081 3754 κομιδῆς
1137 3682 1223 3734 καὶ
1264 3688 1431 3753 τιμῆς
1479 3681 1742 3750 ἠξιώκασι
1794 3683 1879 3735 καὶ
1938 3684 2007 3753 τῇ

356 3772 472 3844 ἰδίᾳ
547 3771 862 3846 ἐπικρατείᾳ
938 3769 1091 3833 αὖθις
1164 3770 1628 3840 ἀποκατέστησαν,
1688 3771 1738 3823 οἱ
1815 3770 2007 3824 οἰκεῖοι

361 3860 654 3937 μανιωδῶς
683 3863 756 3923 ὼς
789 3860 973 3935 ἰχθρῷ
1010 3858 1459 3934 προσενεχθέντες
1511 3856 1787 3930 άσπόνδῳ,
1821 3858 1853 3912 ἃ
1882 3865 2008 3935 παρ’

353 3952 544 4012 αὐτοῖς
573 3950 745 4026 ἐχρῆν
783 3948 938 4004 αὐτὸν
973 3954 1185 4017 παθεῖν,
1220 3949 1270 4001 οἱ
1301 3948 1539 4022 γνωστοὶ
1594 3948 1683 4002 καὶ
1744 3954 2008 4023 συγγενεῖς

350 4040 445 4096 καὶ
475 4045 593 4103 τοῖς
640 4045 737 4108 τῆς
790 4037 1011 4114 εἰρήνης
1060 4036 1253 4109 νόμοις
1298 4036 1555 4110 ἀγόμενοι
1603 4034 2005 4111 διαπεπράχασι

350 4129 445 4185 καὶ
505 4129 758 4201 οἰκτίστῳ
811 4127 900 4181 καὶ
959 4123 1222 4197 ἐπωδῦνῳ
1295 4125 1504 4197 θανάτῳ
1560 4122 2003 4198 παραδεδώκασιν

355 4216 664 4293 (ὑπήλγουν
696 4217 796 4292 γὰρ
828 4216 974 4287 αὐτῷ
1003 4214 1091 4269 καὶ
1125 4215 1176 4268 οἱ
1218 4213 1507 4287 ἀλλότριοι
1551 4211 1638 4267 διὰ
1682 4214 1742 4268 τὸ
1792 4211 2003 4282 πλῆθος

349 4312 461 4362 τῶν
521 4304 708 4362 δεινῶν
765 4306 852 4359 καὶ
908 4305 971 4359 τὸ
1022 4311 1120 4373 τῆς
1173 4309 1455 4379 συμφορᾶς
1516 4302 2002 4379 ἀπαρηγόρητον);

353 4407 579 4482 ἄραντες
630 4403 689 4458 ἰκ
737 4400 999 4477 Περσίδος
1044 4399 1392 4474 παμπληθὲς,
1439 4401 1512 4463 ὡς
1573 4398 1802 4472 μηδενὸς
1853 4397 2005 4462 ὄντος

347 4499 449 4550 τοῦ
526 4491 883 4557 κωλύοντος,
958 4496 1076 4554 τοῖς
1148 4491 1481 4561 Ῥωμαϊκοῖς
1565 4490 2003 4564 ἑπιστρατεόουσι

350 4585 572 4656 Θέμασι,
632 4582 720 4637 καὶ
805 4585 973 4637 ταῦτα
1042 4577 1532 4651 κατελυμηναντο,
1594 4579 1654 4633 οὐ
1738 4575 2081 4655 σποράδιςΙ)

351 4673 743 4746 ἐπιφοιτῶντες
777 4671 850 4732 ὡς
907 4669 969 4724 τὸ
1022 4668 1170 4743 πρὶν,
1207 4668 1296 4722 καὶ
1349 4667 1584 4743 φυγάδες
1650 4668 2000 4743 αὐτόχρημα,

355 4760 572 4835 μᾶλλον
605 4757 661 4815 δὶ
712 4760 785 4821 ὡς
838 4755 1092 4812 δεσπόται
1139 4760 1247 4811 τῶν
1291 4757 1710 4831 προστυχόντων
1771 4779 2001 4811 κατακυ-

352 4850 647 4926 ριεύοντες.
683 4852 865 4905 Ταῦτα
923 4844 1367 4918 διενωτιζόμενος
1419 4845 1445 4898 ὁ
1508 4845 1830 4920 βασιλεύων,
1883 4868 2001 4900 συν-

349 4939 584 5015 αγείρων
641 4934 1002 5013 στρατόπεδον
1056 4935 1237 4989 ἱκανὸν
1290 4936 1588 5009 στρατηγὸν
1677 4934 1843 4989 αὐτοῦ
1906 4934 1998 5010 ἐφ-

355 5029 534 5099 ίστησι
594 5028 683 5082 τὸν
748 5026 1029 5098 Κομνηνὸν
1085 5025 1366 5079 Ἰσαάκιον.
1411 5023 1699 5094 Συνίστησι
1761 5022 1805 5078 δ’
1854 5025 2001 5097 αὐτῷ

347 5118 441 5173 καὶ
472 5115 779 5189 Ῥουσὲλιον
806 5116 899 5169 τὸν
956 5118 1183 5168 Λατῖνον
1249 5113 1381 5185 μετά
1440 5118 1756 5189 Φραγγικοῦ
1810 5114 1998 5168 συντά-

346 5227 583 5283 γματος,
643 5204 719 5269 είς
786 5202 1165 5277 τετρακοσίους
1238 5203 1526 5276 Φράγγους
1596 5198 1996 5265 ἀναϐαίνοντος.

348 5308 435 5361 Ἐν
468 5308 547 5375 τῷ
580 5301 791 5374 ⁹ικονίῳ
824 5299 880 5356 δὲ
904 5304 1000 5355 τοῦ
1034 5296 1398 5373 πρατοπὲδου
1447 5300 1740 5373 γενομένου
1772 5302 1995 5369 παντὸς,

350 5392 689 5469 φιλονεικίας
739 5384 1023 5463 συμϐάσης
1077 5389 1223 5450 τινὸς
1288 5388 1576 5443 ἀποστατεῖ
1631 5395 1927 5458 τηνικαῦτα
1967 5393 1995 5446 ὁ

346 5480 659 5542 Ῥουσὲλιος
690 5484 1000 5557 προφανῶς,
1032 5477 1122 5532 καὶ
1163 5477 1289 5539 τοὺς
1339 5480 1630 5553 Φράγγους
1659 5476 1996 5556 παραλαϐὼν

352 5573 533 5647 ἑτέραν
564 5571 844 5646 ἐτράπετο,
874 5568 963 5623 καὶ
988 5567 1054 5621 τὰ
1083 5569 1197 5622 καθ’
1230 5568 1415 5621 ἑαυτὸν
1454 5574 1531 5640 τῷ
1569 5566 1688 5641 ἷλδίῳ
1720 5568 1993 5644 ἐπιτρέπει

350 5661 642 5735 θελήματι.
676 5662 754 5733 [Ρ.
787 5660 914 5732 847]
947 5655 1214 5715 Ἀνελθὼν
1245 5654 1302 5713 δὶ
1332 5656 1407 5721 sic
1450 5658 1789 5731 Μελιτηνὴν,
1823 5660 1992 5734 Τούρ.

2156 556 2381 612 tionum
2407 563 2463 611 et
2484 557 2838 612 seditionum
2870 557 3047 628 Syria:
3068 562 3271 612 auctor
3292 558 3510 613 fuerat:
3543 563 3803 613 attamen

2151 651 2464 702 accusatus
2494 651 2550 701 et
2581 647 3041 718 comprehensus
3083 646 3198 699 illic
3232 647 3289 699 in
3324 646 3650 700 custodiam
3681 651 3802 700 tra-

2149 736 2308 790 ditus
2342 735 2551 803 fuerat,
2586 736 2684 791 ubi
2727 735 3067 806 aliquandiu
3102 735 3494 803 detinebatur,
3528 734 3691 805 prius
3722 734 3806 789 ibi

2148 823 2395 879 illustris
2428 826 2716 896 cognitus.
2744 825 3040 896 Etl‘ugiens
3068 840 3199 879 vero
3232 841 3347 896 quo
3380 829 3637 895 tempore
3667 824 3803 879 Dio-

2147 932 2323 986 genes
2356 914 2463 968 fuit
2496 914 2847 979 declaratus,
2873 920 2928 968 et
2968 914 3025 967 in
3061 915 3378 988 quamdam
3424 913 3678 968 insulam
3712 929 3801 968 re-

2146 1003 2393 1075 legatus,
2421 1004 2799 1075 pecuniarum
2833 1003 3253 1075 pollicitatione
3282 1004 3459 1073 judex
3487 1002 3715 1057 Graeciae
3743 1008 3801 1058 et

2145 1092 2524 1164 Peloponnesi
2550 1092 2808 1148 delectus
2835 1096 2942 1156 est,
2967 1098 3022 1147 et
3053 1107 3144 1146 res
3176 1092 3245 1147 ad
3277 1108 3402 1147 eam
3438 1092 3797 1162 pertinentes

2144 1182 2580 1236 moderabatur.
2612 1182 2777 1236 Hunc
2806 1182 3201 1235 Romanorum
3235 1180 3388 1236 malo
3421 1180 3671 1235 Michael
3707 1198 3795 1235 ac-

2141 1271 2417 1324 cersitum
2461 1271 2538 1325 rei
2585 1270 2830 1341 publicae
2864 1270 3361 1324 administrationi
3394 1269 3667 1340 prmt'ecit,
3703 1270 3789 1324 lo-

2137 1359 2433 1427 gothetam
2488 1360 2681 1431 ipsum
2716 1358 3039 1414 declarans.
3073 1359 3428 1429 Capiturque
3474 1359 3792 1430 imperator

2136 1454 2297 1511 illius
2327 1458 2644 1529 praestigiis
2674 1463 2730 1513 et
2762 1456 3320 1523 machinationibus,
3344 1462 3544 1528 utpote
3573 1457 3671 1529 qui
3702 1459 3787 1512 vi-

2136 1546 2264 1601 rilis
2322 1547 2535 1601 mentis
2586 1551 2641 1601 et
2690 1546 2920 1602 stabilis
2978 1563 3183 1618 expers
3240 1550 3413 1601 esset.
3446 1547 3515 1601 Et
3569 1546 3784 1603 idcirco

2134 1634 2444 1707 expellitur
2483 1635 2630 1689 Sidae
2682 1635 3011 1706 praefectus,
3062 1635 3377 1706 omniaque
3425 1634 3550 1706 ipse
3600 1637 3669 1690 ad
3720 1653 3783 1691 se

2136 1741 2317 1779 unum
2350 1730 2603 1794 revocat,
2628 1723 2910 1779 Michaele
2933 1723 3169 1778 interim
3193 1724 3362 1794 nugis
3383 1728 3439 1779 et
3469 1724 3623 1779 ludis
3648 1742 3784 1796 pue-

2135 1813 2344 1869 rilibus
2375 1821 2652 1885 perpetuo
2675 1818 2935 1878 vacante,
2959 1830 3088 1867 cum
3115 1812 3598 1884 philosophorum
3632 1832 3776 1883 prae-

2128 1901 2535 1958 stantissimus
2564 1902 2984 1957 Constantinus
3015 1902 3236 1957 Psellus
3284 1902 3480 1973 ipsum
3524 1903 3774 1974 impera-

2127 1996 2311 2047 torem
2345 1992 2414 2045 ad
2448 2008 2620 2047 omne
2653 2008 2799 2062 Opus
2846 1990 3109 2046 inutilem
3162 1998 3217 2046 et
3267 1992 3464 2047 minus
3495 1990 3769 2048 idoneum

2130 2082 2272 2136 701
2304 2081 2675 2136 reddidisset.
2696 2081 2804 2136 Sed
2829 2086 2886 2136 et
2916 2081 3280 2152 imperatoris
3304 2086 3573 2152 patruum
3598 2080 3772 2136 Joan-

2127 2188 2259 2225 nem
2310 2176 2589 2226 Caasarem
2650 2170 2944 2226 submovit
2996 2175 3052 2224 et
3110 2170 3306 2225 fratris
3367 2169 3484 2225 {ilio
3544 2171 3776 2242 ipsique

2126 2260 2462 2330 imperatori
2512 2265 2850 2331 suspectum
2900 2259 3107 2314 effecit.
3163 2260 3229 2313 Et
3280 2276 3483 2313 omnes
3534 2277 3776 2330 prorsus

2127 2348 2378 2402 maxime
2430 2347 2743 2403 familiares
2777 2353 2841 2401 ut
2869 2347 3311 2403 inimicissimos
3361 2347 3777 2416 calumniatur,

2125 2452 2447 2507 omnesque
2468 2435 2839 2506 imperatoris
2863 2435 3259 2491 benevolentia
3276 2436 3482 2507 privat,
3498 2453 3561 2490 ac
3583 2442 3771 2491 totum

2124 2534 2625 2589 adolescentulum
2680 2533 2791 2589 sibi
2850 2551 3044 2605 regem
3096 2533 3353 2604 subjicit.
3388 2536 3576 2605 Atque
3630 2533 3773 2589 illud

2122 2623 2400 2679 Omnibus
2440 2641 2542 2694 pro
2592 2624 2963 2694 imperatoris
2994 2623 3182 2678 edicto
3233 2623 3561 2678 habebatur
3590 2625 3773 2694 quod-

2123 2729 2353 2783 cunque
2390 2712 2527 2767 huic
2575 2711 2959 2766 machinatori
2994 2710 3302 2766 videretur.
3336 2711 3479 2765 Hinc
3529 2728 3767 2767 accusa-

2121 2803 2312 2857 tiones
2343 2808 2400 2857 et
2438 2801 2773 2872 frequentes
2816 2800 3136 2857 delationes
3185 2816 3385 2855 eorum
3419 2800 3518 2871 qui
3552 2801 3771 2856 indicta

2120 2908 2299 2946 causa
2350 2892 2795 2960 damnarentur,
2825 2895 2882 2945 et
2930 2907 3107 2961 poenas
3158 2890 3399 2945 minime
3447 2891 3676 2959 debita,
3710 2895 3768 2945 et

2110 2980 2404 3051 judicium
2453 2980 2669 3050 saapius
2701 2981 2771 3035 ad
2804 2980 3162 3035 voluntatem
3194 2978 3354 3050 vulgi
3387 2996 3563 3050 quam
3608 2981 3767 3051 juste

2120 3069 2432 3141 prolatum.
2467 3069 2629 3123 Unde
2679 3070 2965 3123 bonorum
3015 3069 3440 3139 publicationes
3470 3072 3594 3123 tum
3636 3068 3767 3123 uni-

2118 3174 2442 3223 versorum,
2466 3163 2592 3213 tum
2625 3157 3020 3229 singulorum,
3043 3158 3255 3213 crebra:
3290 3158 3693 3214 accusationes
3714 3162 3773 3214 et

2039 3210 2079 3275 Ο
2121 3247 2263 3302 ﬁdes
2296 3246 2495 3301 statim
2531 3247 2861 3313 temeraria,
2894 3262 3095 3301 eorum
3129 3246 3229 3317 qui
3264 3246 3635 3317 patiebantur
3667 3247 3772 3301 mi-

2121 3334 2389 3390 serabilis
2412 3334 2777 3404 lamentatio,
2798 3340 2855 3389 et
2879 3335 3261 3406 spoliatorum
3286 3334 3481 3389 luctus
3502 3333 3775 3390 intolera-

2119 3424 2252 3480 bilis
2283 3429 2338 3479 et
2370 3423 2569 3479 multa:
2600 3422 2890 3495 lacrymaa.
2912 3425 3118 3480 Verum
3153 3423 3246 3479 his
3277 3424 3355 3478 ita
3387 3423 3653 3494 spoliatis
3684 3424 3772 3477 di-

2117 3514 2337 3569 vinitus
2359 3513 2624 3584 quaedam
2651 3512 2917 3567 immissa
2941 3512 3028 3567 ira
3049 3512 3342 3567 Orientem
3370 3512 3602 3567 invasit.
3624 3510 3771 3566 Nam

2119 3618 2250 3656 cum
2285 3602 2444 3672 pacis
2496 3601 2684 3656 foedus
2715 3617 2854 3672 erga
2896 3601 3210 3672 Diogenem
3245 3600 3560 3655 violaretur
3597 3605 3773 3673 atque

2119 3691 2349 3744 irritum
2401 3697 2577 3753 esset,
2630 3692 2714 3743 ira
2766 3690 2969 3760 perciti
3012 3690 3208 3760 Turci,
3260 3695 3565 3761 propterea
3613 3691 3768 3760 quod

2118 3796 2293 3852 quem
2345 3778 2453 3850 ipsi
2490 3783 2552 3832 ut
2584 3779 2889 3832 inimicum
2939 3785 3175 3850 captum
3209 3785 3265 3833 et
3304 3779 3362 3833 in
3394 3795 3558 3834 suam
3607 3783 3768 3849 pote-

2117 3874 2328 3925 statem
2361 3870 2657 3923 redactum
2692 3870 2848 3922 omni
2880 3886 3020 3922 cura
3052 3874 3107 3922 ct
3137 3868 3357 3923 honore
3387 3869 3614 3940 dignati
3647 3870 3767 3923 fue-

2120 3963 2248 4014 rant
2275 3959 2695 4030 propriumquc
2718 3958 2765 4012 ei
2794 3956 3109 4029 imperium
3140 3957 3536 4025 restituerant,
3561 3958 3652 4012 sui
3688 3974 3772 4012 er-

2117 4067 2189 4122 ga
2220 4050 2412 4120 ipsum
2450 4049 2664 4103 furiose
2688 4052 2751 4101 ut
2779 4048 3083 4103 inimicum
3118 4047 3360 4103 minime
3390 4048 3769 4104 conciliatum

2117 4156 2178 4195 se
2202 4143 2528 4211 gesserant,
2551 4143 2605 4193 et
2638 4154 2764 4208 quae
2789 4138 2858 4192 ab
2894 4138 3039 4208 ipsis
3068 4137 3237 4191 illum
3272 4137 3388 4209 pati
3413 4143 3771 4210 oportuerat,

2114 4236 2285 4290 amici
2305 4240 2361 4291 et
2379 4238 2609 4307 cognati
2634 4235 2692 4289 in
2718 4252 2857 4305 pace
2882 4236 3204 4306 praesertim
3223 4236 3499 4306 degentes
3519 4237 3576 4292 in
3603 4236 3768 4293 illum

2116 4329 2594 4397 perpetraverant
2649 4330 2705 4380 et
2760 4324 3081 4379 miserabili
3132 4342 3199 4379 ac
3258 4324 3529 4381 luctuosa
3586 4332 3771 4383 morte

2116 4414 2615 4483 aﬂ‘ecerant(nam
2665 4413 2884 4468 externi
2921 4430 3155 4485 quoque
3204 4414 3276 4468 ob
3328 4414 3772 4470 multitudinem

2114 4503 2519 4557 calamitatum
2562 4502 2752 4574 ipsius
2782 4506 2837 4557 et
2878 4502 3261 4557 infortunium
3294 4503 3386 4556 vix
3416 4502 3772 4557 consolabile

2114 4608 2489 4662 summopere
2534 4590 2853 4657 dolebant),
2885 4605 2915 4644 e
2948 4590 3183 4645 Perside
3218 4592 3374 4646 708
3406 4606 3540 4645 cum
3574 4591 3768 4645 omni-

2116 4683 2225 4735 bus
2274 4680 2457 4751 copiis
2516 4678 2757 4751 profecti
2818 4679 2978 4733 nullo
3025 4679 3192 4734 obvio
3242 4678 3661 4750 impedimento
3706 4680 3766 4735 in

2112 4775 2407 4825 Romanas
2439 4768 2707 4840 regiones
2732 4769 3036 4832 invadunt,
3066 4784 3281 4838 easque
3312 4771 3613 4833 vexarunt,
3648 4785 3764 4824 non

2113 4858 2363 4931 dispersi
2398 4859 2740 4912 accedentes
2765 4861 2830 4911 ut
2858 4856 3039 4927 prius,
3065 4863 3121 4911 et
3150 4855 3382 4911 exsules
3414 4855 3638 4923 statim,
3661 4859 3762 4913 sed

2113 4957 2306 5027 potius
2340 4960 2402 5010 ut
2440 4956 2662 5011 domini
2713 4971 2915 5010 eorum
2967 4954 3026 5007 in
3079 4970 3203 5023 quae
3253 4953 3600 5011 inciderant.
3634 4955 3766 5012 Haec

2110 5045 2355 5099 audiens
2405 5044 2722 5116 imperator
2763 5048 2962 5098 coacto
2996 5043 3202 5097 idoneo
3250 5044 3505 5098 exercitu
3558 5045 3766 5101 ducem

2109 5133 2160 5188 ei
2209 5134 2449 5205 praeﬁcit
2498 5134 2791 5188 Isaacium
2845 5133 3231 5200 Comnenum,
3264 5132 3434 5203 eique
3482 5132 3769 5204 collegam

2108 5224 2291 5278 tradit
2344 5221 2647 5277 Ituselium
2710 5220 2985 5276 Latinum
3036 5236 3166 5275 cum
3222 5220 3495 5277 Francica
3541 5221 3769 5294 legione

2108 5312 2677 5383 quadringentorum
2744 5317 3099 5366 Francorum
3171 5327 3439 5365 numero.
3504 5311 3773 5383 Cumque

2106 5400 2367 5457 Iconium
2406 5401 2762 5471 pervenisset
2792 5398 2985 5454 omnis
3029 5399 3338 5465 exercitus,
3372 5406 3573 5456 exorta
3622 5418 3768 5471 qua-

2105 5489 2239 5541 dam
2274 5488 2670 5555 contentione,
2698 5487 2973 5543 Ruselius
2999 5492 3196 5559 aperte
3226 5488 3539 5559 rebellans,
3562 5505 3762 5548 secum

2104 5578 2357 5632 Francos
2401 5578 2719 5645 ab'lucens,
2752 5578 2809 5630 in
2842 5576 3014 5632 aliam
3052 5582 3271 5649 partem
3324 5578 3436 5635 iter
3486 5580 3758 5651 arripuit,

2103 5668 2237 5721 data
2277 5666 2399 5722 suis
2434 5668 2598 5722 venia
2630 5684 2745 5739 quo
2778 5666 2987 5723 vellent
3035 5667 3309 5724 abeundi.
3342 5669 3485 5725 Cum
3520 5685 3650 5726 vero
3683 5673 3759 5727 ad
