4084 6140
343 338 462 397 439

1663 354 1987 417 JOANNIS
2031 356 2437 417 SCYLITZAE

3628 360 3744 420 MO

348 469 679 529 Melitenem
714 477 1097 551 pervenisset,
1123 480 1182 535 in
1209 482 1431 539 Turcos
1458 490 1692 557 repente
1723 489 2006 543 invadens

2119 507 2236 549 κοις
2268 486 2580 562 περιτυχὼν
2612 485 2900 561 ἀριστεύει,
2936 486 2986 556 ἐξ
3018 483 3213 564 ἰφόδου
3263 485 3477 549 τούτοις
3528 487 3752 545 ἰπεισπε-

348 562 619 631 superior
667 567 879 633 evadit,
912 573 968 622 et
1019 568 1304 642 reliquam
1340 577 1627 630 exercitus
1674 583 1899 649 partem
1932 578 2000 632 ad

349 651 670 706 Caesaream
724 656 986 727 appellit.
1039 658 1374 717 Comnenus
1422 681 1654 736 quoque
1714 668 2005 724 mediatus

352 739 411 794 in
444 740 642 797 hostes
677 750 913 816 repente
962 746 1249 818 impetum
1294 751 1481 808 facere
1527 757 2009 827 progrediebatur

353 834 543 899 nocte,
602 833 771 904 quasi
828 834 1147 906 imparatos
1206 840 1368 910 ipsos
1425 859 1859 915 aggressurus:
1902 847 2006 901 sed

352 918 521 974 aliter
550 927 724 992 atque
752 924 1024 995 opinatus
1058 927 1243 982 fuerat
1276 928 1325 983 ei
1358 932 1583 987 accidit.
1609 934 1820 989 Incidit
1849 936 2005 990 enim

349 1007 410 1062 in
468 1008 628 1079 ipsos
686 1013 1046 1083 compositos
1086 1020 1143 1069 et
1201 1023 1455 1087 paratos,
1491 1027 1548 1076 et
1603 1022 1819 1079 invitus
1873 1042 2006 1080 cum

345 1095 493 1167 ipsis
524 1115 876 1172 congressus
910 1110 1225 1174 superatur
1247 1113 1303 1161 et
1334 1108 1492 1164 illico
1522 1112 1770 1183 capitur.
1798 1113 2009 1169 Omnia

344 1201 578 1257 quoque
611 1206 741 1260 quae
774 1190 927 1246 intra
954 1192 1177 1249 vallum
1211 1203 1395 1267 erant,
1423 1200 1841 1272 corripiuntur,
1866 1204 2009 1258 mul-

340 1274 419 1329 tis
457 1275 783 1335 interfectis
835 1281 1135 1350 Romanis,
1188 1286 1333 1339 vivis
1367 1287 1718 1357 quibusdam
1771 1294 2005 1365 captis:

340 1370 540 1443 plures
572 1379 767 1432 autem
818 1379 932 1433 sibi
980 1380 1120 1452 fuga
1174 1382 1421 1440 salutem
1460 1388 1796 1458 quaesivere.
1832 1390 2007 1446 Cum-

343 1478 458 1533 que
525 1465 682 1521 fama
741 1468 812 1522 ad
888 1470 1300 1542 imperatorem
1380 1478 1776 1546 pervenisset,
1849 1480 2009 1537 visus

344 1557 434 1607 est
472 1550 701 1609 tristior
731 1562 789 1612 et
819 1557 1015 1615 dolore
1064 1562 1329 1619 affectus.
1364 1565 1488 1621 Non
1540 1571 1735 1623 tamen
1768 1571 2009 1625 omnino

345 1643 417 1696 ab
464 1643 768 1701 inferenda
818 1647 1045 1704 civibus
1095 1650 1315 1722 injuria
1365 1671 1552 1726 neque
1585 1675 1616 1711 a
1650 1659 1889 1715 nefariis
1920 1676 2009 1714 re-

344 1732 455 1787 bus
487 1748 618 1789 sese
662 1734 971 1808 abstinuit,
1003 1742 1155 1810 quod
1208 1742 1521 1815 Nicephori
1570 1748 1809 1804 monitis
1842 1766 2008 1819 pare-

2116 578 2244 631 σών.
2281 578 2357 633 Τὸ
2390 574 2446 632 δὲ
2481 574 2675 630 λοιπὸν
2709 574 3015 650 στράτευμα
3044 580 3112 649 τῇ
3148 577 3453 649 Καισαρέων
3490 573 3753 653 παραϐάλ-

2115 665 2222 723 λει.
2245 666 2595 740 Σκεψάμενος
2620 663 2676 720 δὲ
2695 666 2785 720 καὶ
2809 667 2836 721 6
2861 666 3146 738 Κομνηνὸς
3177 671 3292 728 τοῖς
3326 664 3579 729 ἓναντίοις
3600 687 3753 735 προσ-

2116 752 2302 812 ϐαλεῖν
2354 757 2405 827 ἐξ
2467 754 2685 834 ἐφόδου,
2713 755 2911 832 προῄει
2965 755 3060 828 μὶν
3109 755 3231 828 [ὡς]
3264 752 3353 808 διὰ
3402 759 3502 820 τῆς
3557 757 3753 829 νυκτὸς,

2117 847 2192 909 ὡς
2219 846 2613 922 ἀπαρασκεύοις
2674 842 2731 899 ἂν
2795 843 3042 899 ἐπιπέσοι
3101 844 3412 908 αὐτοῖς,τὸ
3462 842 3506 898 δ’
3537 844 3754 900 ἐναντίον

2115 935 2315 1010 πάσχει
2373 942 2472 1004 τῆς
2529 933 2732 997 οῗκείας
2774 932 3004 1009 βουλῆς’
3038 932 3470 1009 ἐμπαρασκεύοις
3523 934 3625 1008 γὰρ
3674 934 3755 988 καὶ

2116 1026 2548 1099 ἡτοιμασμένοις
2626 1023 2936 1099 ἐντυγχάνει
3019 1024 3224 1085 αὑτοῖς·
3294 1023 3631 1099 Συρῥήγνυσι
3708 1021 3759 1078 δὶ

2116 1114 2335 1179 τούτοις
2384 1115 2470 1169 καὶ
2528 1117 2602 1188 μὴ
2660 1112 3022 1190 βουλόμενος,
3054 1112 3143 1167 καὶ
3192 1115 3418 1177 ἡττᾶται
3475 1112 3648 1181 εὐθὺς,
3677 1112 3757 1168 καὶ

2118 1205 2313 1259 αὐτίκα
2348 1203 2712 1279 αἰχμάλωτος
2757 1203 2984 1278 γίνεται.
3020 1201 3331 1257 Ἀλίσκεται
3372 1198 3427 1256 δὶ
3474 1202 3561 1255 καὶ
3615 1202 3678 1256 τὰ
3711 1202 3756 1256 ἂν

2115 1297 2193 1363 τῷ
2225 1293 2425 1368 χάρακι
2460 1294 2691 1363 ἅπαντα,
2728 1289 2957 1346 πολλῶν
3016 1292 3109 1363 μὶν
3140 1290 3426 1363 Ῥωμαίων
3478 1290 3758 1360 πεσόντων,

2121 1392 2327 1466 ζωγρίᾳ
2359 1389 2415 1445 δὲ
2460 1389 2771 1465 Ληφθέντων
2827 1393 3014 1445 τινῶν.
3077 1386 3349 1443 πλειόνων
3404 1385 3461 1442 δὲ
3506 1390 3602 1457 τὴν
3659 1408 3760 1441 σω-

2116 1482 2308 1555 τηρίαν
2342 1480 2653 1556 εὐραμένων
2717 1484 2883 1553 φυγῇ.
2915 1485 3024 1547 Τῆς
3056 1475 3112 1532 δὲ
3142 1480 3213 1555 φή
3228 1499 3337 1550 μης
3394 1476 3486 1531 τὸν
3552 1474 3762 1553 βασιλέα

2115 1564 2531 1638 καταλαϐούσης
2618 1566 2766 1638 ἔδοξε
2853 1566 2946 1640 μὲν
3030 1589 3084 1623 τι
3161 1566 3485 1639 σκυθρωπὸν
3562 1566 3761 1632 παθεῖν,

2120 1659 2181 1713 οὗ
2244 1660 2350 1733 μὴν
2412 1656 2467 1713 δὲ
2525 1659 2826 1712 παντάπασι
2898 1661 3007 1710 τῶν
3069 1653 3372 1710 πολιτικῶν
3423 1652 3760 1728 ἀδικημάτων

2117 1748 2206 1802 καὶ
2288 1753 2395 1802 τῶν
2482 1752 2763 1820 κοσμικῶν
2849 1746 3117 1820 ἀπέσχετο
3200 1750 3318 1806 ταῖς
3375 1748 3470 1799 τοῦ
3529 1742 3762 1820 Νικηφό-

344 1825 448 1875 ret.
490 1823 637 1877 709
671 1824 818 1879 Cum
867 1829 1023 1882 enim
1076 1846 1142 1885 eo
1193 1838 1347 1887 esset
1394 1834 1633 1906 ingenia
1686 1844 1749 1893 ut
1792 1839 2008 1895 discer-

2122 1858 2219 1911 ρου
2278 1836 2719 1910 ὑποθημοσύναις
2752 1854 2764 1866 ·
2832 1837 2906 1908 μή
2958 1830 3103 1909 ἔχων
3162 1838 3263 1909 γὰρ
3318 1832 3477 1907 φύσιν
3539 1829 3763 1906 διαγνω-

338 1926 475 1965 nere
522 1928 637 1967 non
690 1920 890 1985 posset
939 1918 1127 1986 facile,
1164 1937 1347 1991 neque
1394 1939 1461 1978 ea
1512 1932 1707 1981 mente
1754 1934 1909 1984 esset
1940 1921 2004 1984 ut

331 1998 629 2070 vigilaret,
691 2019 864 2059 omne
921 2009 1073 2077 quod
1139 2010 1542 2081 imperabatur
1589 2032 1623 2069 a
1672 2016 2001 2089 Nicephoro

334 2088 585 2145 faciebat
625 2093 796 2163 quasi
846 2095 1227 2168 mancipium.
1263 2100 1341 2155 Ex
1392 2118 1457 2156 eo
1513 2109 1775 2176 tempore
1818 2088 2006 2178 igitur

336 2176 636 2234 licentiam
670 2182 825 2237 nacti
852 2186 1101 2254 Agareni
1135 2188 1390 2245 Orientis
1421 2191 1719 2263 regionem
1767 2212 2002 2267 percur-

340 2273 537 2323 rentes
570 2286 683 2324 non
717 2271 1085 2329 desistebant
1136 2293 1262 2331 eam
1298 2295 1503 2335 vexare
1547 2286 1723 2353 atque
1754 2289 2003 2343 vastare.

341 2355 484 2410 Cum
520 2361 715 2413 autem
752 2360 1010 2418 Isaacius
1034 2363 1237 2420 multis
1270 2383 1397 2423 sese
1429 2372 1693 2440 pecuniis
1726 2372 2005 2429 redemis-

346 2449 437 2500 set
460 2451 515 2500 et
536 2445 706 2518 pleno
738 2451 1059 2522 marsupio,
1087 2457 1290 2511 statim
1319 2474 1591 2515 summus
1613 2462 1731 2516 dux
1747 2462 2005 2520 Joannes

349 2538 537 2590 Czesar
587 2537 947 2609 declaratur;
999 2542 1097 2613 qui
1150 2561 1283 2599 cum
1344 2549 1658 2604 transisset
1714 2568 1902 2624 usque
1933 2555 2003 2608 ad

354 2624 705 2697 Dorylaaum,
736 2629 1031 2699 profectus
1080 2633 1211 2688 inde
1245 2634 1491 2691 ulterius
1523 2655 1868 2712 progressus
1897 2648 2006 2712 est,

355 2727 413 2777 et
446 2740 633 2795 usque
666 2726 734 2780 ad
767 2729 965 2800 Zompi
992 2735 1226 2800 pontem
1252 2736 1532 2804 pervenit.
1555 2737 1664 2792 Sed
1695 2744 2007 2811 antequam

360 2811 711 2883 Sangarium
747 2817 1042 2886 transiret,
1068 2820 1303 2877 advenit
1327 2823 1595 2879 Besulius
1618 2842 1684 2880 ex
1713 2829 2009 2883 Armenia-

357 2917 424 2955 co
456 2900 638 2957 multo
673 2905 889 2971 studio,
916 2911 970 2960 et
998 2907 1078 2963 ibi
1109 2915 1299 2965 castra
1328 2910 1496 2968 locat.
1524 2914 1785 2987 Cumque
1814 2919 2009 2973 misis-

360 2994 450 3043 set
479 2988 667 3044 Czesar
698 2991 920 3064 legatos
951 2998 1230 3067 tanquam
1267 3001 1335 3054 ad
1374 3016 1507 3055 eum
1541 3019 1639 3075 qun
1672 3005 2012 3062 offendisset

359 3082 536 3147 atque
584 3089 903 3151 peccasset,
940 3083 988 3137 si
1022 3090 1245 3140 mutato
1298 3089 1539 3146 consilio
1593 3108 1654 3147 se
1708 3096 2008 3165 proprium

360 3165 667 3222 dominum
702 3177 1065 3241 agnosceret,
1095 3176 1320 3231 veniam
1354 3182 1411 3233 et
1444 3179 1731 3238 malorum
1763 3183 2009 3241 oblivio-

361 3271 495 3310 nem
553 3258 842 3327 promisit.
894 3260 1191 3319 l"remente
1242 3283 1375 3323 vero
1425 3269 1670 3327 barbaro
1720 3272 1895 3329 veluti
1943 3291 2009 3331 eo

368 3344 467 3415 qui
513 3347 766 3418 propriis
816 3351 1092 3407 manibus
1124 3358 1180 3407 et
1212 3355 1359 3411 bello
1408 3358 1623 3414 fidebat
1670 3365 1726 3416 et
1772 3380 2013 3418 suorum

369 3432 750 3491 multitudine
794 3438 1115 3511 nitebatur,
1151 3442 1360 3515 legatio
1394 3464 1453 3502 re
1496 3449 1709 3506 infecta
1737 3456 1793 3506 et
1822 3451 2016 3508 inanis

368 3521 559 3576 rediit.
594 3525 812 3581 Idcirco
863 3528 1057 3597 praelio
1088 3531 1156 3585 de
1198 3549 1432 3589 summa
1485 3553 1678 3593 rerum
1712 3539 2015 3596 decertan-

370 3609 513 3664 dum
544 3613 769 3667 statuit.
805 3615 990 3686 Igitur
1019 3618 1208 3674 Caesar
1238 3637 1370 3676 cum
1418 3624 1654 3681 ﬂuvium
1688 3629 2016 3699 transisset,

367 3712 425 3762 et
450 3709 669 3782 collega
694 3712 880 3783 ipsius
902 3715 1260 3786 Nicephorus
1281 3720 1613 3780 Botaniates
1635 3744 1766 3781 cum
1793 3729 2017 3800 reliquo

367 3800 646 3867 exercitu,
691 3802 889 3859 statim
944 3807 1141 3877 praelio
1190 3826 1321 3865 cum
1382 3812 1616 3870 Ruselio
1664 3833 2012 3889 congressu:

365 3892 473 3943 est.
507 3889 632 3944 Non
664 3892 1099 3951 sustinentibus
1124 3904 1320 3955 autem
1355 3902 1631 3959 Romanis
1666 3906 2016 3965 Francorum

362 3975 670 4049 impetum,
704 3984 898 4038 omnis
945 3987 1232 4044 exercitus
1265 3990 1321 4044 in
1356 3992 1551 4063 fugam
1602 3996 1866 4062 vertitur,
1901 4004 1956 4053 et
1987 4016 2020 4054 a

366 4065 601 4123 Ruselio
632 4072 820 4125 Cesur
845 4073 1073 4144 capitur
1103 4077 1319 4149 aliique
1353 4081 1556 4150 multi;
1588 4084 1729 4140 solis
1753 4085 2019 4144 Botania‘

362 4160 451 4209 tes
483 4172 614 4211 cum
666 4160 867 4228 paucis
915 4163 1268 4233 quibusdem
1319 4170 1485 4242 fugit.
1518 4176 1595 4227 Ex
1642 4189 1708 4228 eo
1760 4178 2021 4247 tempore

369 4245 519 4299 710
548 4262 799 4317 magnus
850 4250 1126 4308 Ruselius
1156 4260 1211 4309 et
1241 4257 1485 4314 celebris
1526 4264 1709 4317 evasit
1757 4245 2019 4337 prosperi

364 4349 675 4389 successus
722 4339 1146 4411 magnitudine,
1180 4351 1453 4418 rectaque
1502 4349 1843 4421 Byzantium
1877 4371 2019 4410 con-

362 4423 610 4478 tendens
657 4428 943 4482 Caesarem
987 4429 1246 4486 vinctum
1296 4434 1567 4505 habebat,
1617 4440 1820 4497 multis
1869 4443 2017 4497 affli-

359 4515 520 4566 ctum
554 4512 729 4569 malis
758 4520 814 4569 et
844 4515 1119 4574 ﬂuctibus
1150 4521 1555 4581 calamitatum
1600 4530 1850 4585 subinde
1884 4549 2017 4587 suc-

2118 1929 2305 1996 στικήν
2366 1927 2454 1980 καὶ
2521 1923 2628 1996 ἕξιν
2688 1922 3025 2001 διακριτικῆν
3085 1922 3176 1977 καὶ
3234 1922 3622 1997 ἐγρηγορυῖαν,
3660 1925 3754 1974 πᾶν

2109 2018 2173 2073 τὸ
2242 2015 2712 2091 προσταττόμενον
2798 2013 2944 2088 παρὰ
3019 2016 3116 2066 τοῦ
3192 2010 3512 2088 Νικηφόρου
3599 2007 3756 2063 ἐποίει

2115 2108 2297 2181 ὥσπερ
2331 2101 2690 2179 ἀνδράποδον.
2728 2109 2953 2158 ’Έκτοτε
2984 2100 3075 2155 οὖν
3130 2097 3309 2162 ἁδείας
3360 2094 3660 2171 λαϐόμενοι
3712 2097 3760 2150 ol

2112 2198 2213 2265 τὴν
2270 2196 2439 2267 Ἐῴαν
2496 2192 2921 2267 κατατρέχοντες
2981 2191 3281 2265 ’Λγαρηνοὶ
3353 2188 3454 2243 οὐκ
3511 2186 3760 2242 ἐπαύοντο

2114 2287 2231 2341 καθ’
2288 2286 2515 2353 ἑκάστην
2602 2280 2941 2356 κεραΐζοντες
3017 2281 3105 2334 καὶ
3164 2278 3365 2348 ταύτην
3440 2275 3760 2348 καταλυμαι-

2114 2376 2357 2448 νόμενοι.
2390 2371 2794 2445 Ἀλλαξαμὲνου
2855 2368 2911 2424 δὶ
2963 2373 3060 2423 τοῦ
3121 2367 3393 2425 Ἰσαακίου
3440 2368 3539 2435 τήν
3597 2365 3760 2439 αἰχμ-

2117 2462 2355 2520 αλωσίαν
2410 2461 2715 2538 χρημάτων
2770 2458 2995 2515 πολλῶν
3067 2458 3158 2512 καὶ
3239 2455 3536 2532 βαλαντίου
3585 2452 3759 2529 άδροῦ,

2119 2564 2270 2619 αὗθις
2353 2560 2653 2636 στρατηγὸς
2740 2558 3095 2633 αὐτοκράτωρ
3157 2556 3186 2610 6
3240 2556 3452 2628 Καῖσαρ
3522 2552 3758 2619 Ἰωάννης

2117 2648 2547 2726 προχειρίζεται,
2606 2648 2667 2708 ’ὸς
2746 2643 3173 2719 διαπεραιωθοὶς
3253 2643 3343 2696 καὶ
3437 2640 3599 2715 μέχρι
3670 2642 3757 2693 τοῦ

2119 2738 2420 2815 Δορυλαίου
2479 2736 2687 2811 προϊὼν
2750 2736 2881 2808 ἄρας
2942 2732 3141 2787 ἐκεῖθεν
3201 2729 3538 2806 πορρωτέρω
3594 2727 3751 2782 πεπό-

2119 2849 2322 2904 ρευται,
2381 2825 2470 2880 καὶ
2542 2827 2709 2900 μέχρι
2767 2826 2868 2892 τῆς
2927 2821 3312 2919 γεφύραςτοῦ
3370 2818 3592 2919 Ζόμπου
3646 2836 3758 2919 κατ-

2120 2912 2300 2973 έλαϐε.
2338 2915 2448 2990 Πρὸ
2481 2913 2537 2969 δὶ
2583 2919 2679 2967 τοῦ
2723 2917 3091 2985 περαιωθῆναι
3148 2909 3239 2963 τὸν
3302 2908 3607 3005 Σαγγάριον
3666 2908 3754 3005 (1?:

2123 3011 2343 3060 ικνεῖται
2390 2989 2432 3059 r6
2475 3001 2768 3072 Ῥουσὲλης
2836 3000 2894 3055 ἐκ
2965 3003 3062 3054 τοῦ
3129 3000 3502 3072 Ἀρμενιακοῦ
3563 2989 3755 3065 σπουδῇ

2120 3093 2309 3169 πολλῇ
2372 3095 2457 3148 καὶ
2521 3089 2935 3167 στρατοπεδείαν
3003 3089 3175 3143 ἐκεῖσε
3222 3088 3485 3161 πήγνυσι.
3550 3085 3759 3155 Πέμψας

2126 3182 2171 3239 δ’
2231 3186 2259 3239 ὁ
2319 3186 2524 3258 Καῖσαρ
2577 3183 2651 3244 ὡς
2706 3180 2841 3246 καθᾶ
2898 3175 3328 3255 προσκρούσαντι
3392 3173 3482 3229 καὶ
3554 3172 3761 3245 ἐξαμαρ-

2123 3276 2294 3341 τόντι,
2352 3273 2397 3327 εί
2472 3272 2899 3348 γνωσιμαχήσοι
2970 3268 3059 3323 καὶ
3118 3267 3208 3321 τὸν
3267 3264 3472 3319 οἰκεῖον
3532 3258 3756 3336 ἰπιγνοίη

2127 3362 2415 3433 δεσπότην,
2476 3360 2808 3434 συμπάθειαν
2869 3358 2958 3413 καὶ
3011 3354 3313 3453 ἀμνηστίαν
3365 3356 3547 3453 κακῶγ
3591 3349 3757 3453 ἐπηγ-

2123 3451 2371 3527 γὲλλετο.
2401 3451 2788 3527 φρυαξαμὲνου
2820 3446 2878 3502 δὲ
2904 3452 3001 3539 τοῖξ
3041 3439 3475 3539 Βαρϐάρ-ο-υῌοῖα
3524 3439 3761 3539 hbui:

2127 3540 2290 3605 ἰδίαις
2345 3540 2501 3616 χερσὶ
2559 3539 2647 3593 καὶ
2712 3542 2791 3611 τῷ
2868 3534 3100 3608 πολὲμῳ
3171 3532 3502 3609 θαρροῦντος
3557 3527 3642 3583 καὶ
3688 3528 3758 3596 τῷ

2127 3628 2327 3702 πλήθει
2384 3635 2492 3685 τῶν
2578 3627 2669 3682 σὺν
2749 3627 2898 3698 αὐτῷ
2983 3621 3353 3698 ἐρειδομένου,
3422 3618 3683 3694 ἄπρακτος
3726 3616 3759 3682 ἠ

2126 3716 2384 3794 πρεσϐεία
2443 3716 2662 3793 ἐδείχθη
2718 3714 2807 3770 καί
2862 3715 3014 3784 κενή·
3076 3711 3159 3767 διὸ
3216 3712 3305 3765 καὶ
3378 3707 3608 3781 πολέμῳ
3659 3723 3761 3794 upr-

2130 3791 2287 3864 "ilai
2343 3809 2405 3863 τὸ
2461 3791 2788 3875 πᾶνήέδοξε.
2852 3797 3047 3863 Διαϐὰς
3109 3798 3198 3855 οὖν
3279 3800 3375 3854 τὸν
3450 3796 3685 3867 ποταμὸν
3733 3791 3757 3845 ὁ

2129 3905 2336 3973 Καῖσαρ
2420 3898 2507 3951 καὶ
2588 3896 2614 3950 6
2676 3892 3045 3968 συστράτηγος
3124 3889 3289 3944 αὐτοῦ
3378 3880 3759 3962 Νικηφὸροςὸ

2130 3995 2487 4066 Βοτανειάτης
2522 3994 2656 4067 μετᾶ
2708 3998 2811 4061 τῆς
2862 3989 3064 4057 λοιπῆς
3113 3985 3364 4057 πληθύος
3425 3984 3614 4040 αὐτίκα
3640 3978 3762 4054 πρὸς

2128 4085 2371 4159 πόλεμον
2433 4089 2513 4156 τῷ
2565 4079 2864 4152 Ῥουσελίῳ
2922 4072 3230 4173 προσέϐαλε
3301 4070 3757 4173 ηένεγκόντωγ

2131 4176 2188 4231 δὶ
2233 4180 2340 4229 τῶν
2401 4172 2685 4245 Ῥωμαίων
2731 4171 2829 4239 τὴν
2881 4172 2987 4223 τῶν
3025 4165 3289 4241 Φράγγων
3345 4163 3593 4227 ἐπίθεσιν,
3626 4163 3756 4235 φυγὴ

2127 4265 2327 4342 γίνεται
2361 4263 2558 4322 παντὸς
2611 4264 2706 4314 τοῦ
2766 4260 3017 4331 στρατοῦ,
3050 4255 3136 4309 καὶ
3196 4250 3483 4324 ἁλώσιμος
3516 4250 3542 4303 6
3574 4251 3757 4346 Ιίαῖσαρ

2263 4350 2560 4422 Ῥουσελίῳ
2614 4347 2928 4411 καθίσταται
2986 4343 3076 4398 καὶ
3152 4338 3315 4396 ἄλλοι
3403 4337 3625 4403 πολλοὶ,
3672 4337 3759 4387 τοῦ

2130 4441 2486 4499 Βοτανειάτου
2522 4438 2689 4513 μόνου
2724 4435 2985 4514 φυγόντος
3031 4432 3121 4487 σὺν
3180 4430 3396 4503 ὀλίγοις
3426 4427 3584 4482 τισίν.
3613 4426 3756 4514 Ἰεξγε-

2128 4529 2275 4608 γόνει
2329 4531 2503 4585 τοίνυν
2524 4509 2567 4583 ‘6
2595 4509 2902 4586 Ῥουσὲλιος
2936 4523 2993 4577 ἐκ
3045 4519 3243 4576 τούτου
3300 4517 3464 4594 μὲγας
3508 4514 3596 4608 καί
3649 4509 3756 4608 διαῖ-

358 4602 693 4657 cedentium
727 4605 1108 4676 exagitatum.
1144 4609 1251 4665 Ubi
1285 4621 1478 4670 autem
1513 4616 1621 4673 hoc
1654 4636 1886 4691 quoque
1912 4622 2008 4677 do-

2126 4595 2323 4692 έόητος
2378 4624 2456 4691 τῷ
2517 4618 2725 4691 μεγέθει
2777 4618 2874 4668 τοῦ
2931 4610 3383 4682 κατορθώματος.
3448 4595 3755 4692 Χωρῶνηδὶ

358 4690 669 4745 mesticum
704 4692 1091 4751 infortunium
1139 4698 1477 4771 imperatori
1528 4690 1862 4764 nuntiatum
1900 4712 2009 4767 fuit

355 4782 414 4832 et
447 4778 649 4835 Franci
694 4783 981 4839 adventus
1014 4802 1220 4843 omnes
1251 4790 1553 4863 deterruit,
1586 4796 1793 4867 ingens
1842 4799 2007 4854 solli-

356 4866 558 4923 citudo
590 4875 644 4924 et
676 4886 815 4926 cura
846 4873 1075 4930 animos
1106 4878 1371 4933 omnium
1395 4866 1699 4954 occupavit
1732 4891 1786 4942 et
1819 4888 2006 4959 ipsius

354 4955 745 5027 imperatoris.
780 4960 1051 5018 Ruselius
1082 4964 1263 5035 igitur
1289 4967 1425 5023 inde
1459 4973 1772 5041 profectus,
1806 4955 2004 5034 secum

357 5044 628 5099 adductis
658 5046 883 5104 Caasare
934 5056 990 5107 et
1048 5054 1259 5111 Basilio
1318 5058 1551 5127 Maleae,
1586 5063 1685 5133 qui
1745 5082 1932 5137 nuper
1972 5085 2006 5123 a

356 5132 692 5203 captivitate
721 5151 855 5191 cum
892 5139 1140 5211 Diogene
1170 5143 1454 5203 liberatus
1495 5132 1699 5220 fuerat,
1732 5153 1791 5207 in
1825 5132 2005 5228 Chry-

354 5219 542 5290 sopoli
589 5225 1034 5283 tabernaculum
1071 5232 1336 5303 collocat,
1370 5242 1427 5291 et
1455 5219 1696 5296 aedificia
1729 5259 1855 5315 quae
1886 5219 2005 5301 illic

354 5316 520 5366 erant
550 5312 683 5384 igne
731 5314 1009 5373 incendit.
1045 5322 1165 5384 Quo
1216 5324 1365 5379 facto
1414 5327 1704 5397 ingentem
1736 5312 2008 5392 excitavit

354 5408 671 5465 clamorem
705 5415 763 5467 et
791 5413 1012 5469 luctum
1064 5417 1493 5489 indigenarum.
1529 5426 1850 5499 Imperator
1898 5450 2003 5488 au-

355 5504 473 5553 tem
510 5499 736 5556 mollire
778 5502 1023 5558 studens
1054 5506 1285 5564 barbari
1335 5514 1663 5583 audaciam,
1696 5518 2007 5589 pollicetur

355 5587 408 5642 ei
440 5588 789 5660 curopalataa
840 5590 1143 5667 honorem,
1174 5602 1231 5652 et
1278 5600 1519 5674 insuper
1548 5606 1619 5659 ad
1659 5587 1791 5662 eum
1827 5608 2007 5666 mittit

360 5694 594 5736 uxorem
628 5685 684 5736 et
715 5680 949 5738 liberos.
984 5682 1095 5739 Sed
1127 5686 1275 5742 clam
1310 5697 1511 5746 contra
1552 5693 1748 5765 ipsum
1782 5698 2005 5756 Turcos

3683 4684 3704 4703 λ

2118 4688 2345 4773 κατευθῦ
2403 4688 2837 4772 τ-οὖήΒυζαντίου
2890 4701 2983 4755 τὸν
3045 4698 3285 4772 Καίσαρα
3314 4696 3431 4771 εἶχε
3489 4688 3752 4764 σιδηρόοε·

2115 4822 2207 4856 τον
2232 4801 2320 4854 καὶ
2370 4795 2608 4855 πολλοῖς
2656 4795 2900 4867 ἀνιαροῖς
2956 4786 3395 4859 ὲπαντλούμενον
3445 4783 3530 4837 καὶ
3592 4778 3756 4843 λυπη-

2119 4895 2225 4967 ρῶν
2277 4888 2509 4960 κῦμασιν
2570 4877 3029 4950 ἀλλεπαλλήλοις
3083 4879 3166 4951 [Ρ.
3208 4877 3335 4947 848]
3399 4868 3745 4949 βαλλόμενον.

2115 4966 2203 5053 Ὧς
2233 4986 2288 5042 δὲ
2319 4982 2712 5061 προσηγγέλθη
2745 4978 2835 5034 καὶ
2892 4982 3058 5033 τοῦτο
3114 4976 3176 5029 τὸ
3204 4971 3475 5067 οίκειακὸν
3504 4966 3746 5067 άτύχημα

2112 5047 2200 5150 τῷ⁷
2252 5047 2631 5152 βασίλεῖηκαὶ
2769 5072 2866 5163 τοῦ
2954 5062 3215 5163 Φράγγου
3287 5056 3580 5163 ¹ἂπιδημίαΙ
3631 5049 3747 5163 τοὺς

2114 5145 2314 5227 πάντας
2371 5163 2645 5235 ἐξέπληξε,
2704 5156 2892 5226 πολλή
2970 5177 3077 5247 τις-
3130 5148 3473 5247 ἀθυμία-ικαὶ
3525 5145 3742 5247 μὲριμγα

2113 5262 2363 5331 κατεῖχεν
2409 5232 2418 5235 -
2461 5232 2591 5307 ὖτόν
2633 5270 2691 5303 τε
2745 5246 2834 5301 καὶ
2889 5243 3015 5305 τοὺς
3062 5241 3293 5303 λοιποὺς
3352 5232 3738 5331 ἅπαντας.ἐΓήν

2114 5343 2165 5413 ἐξ
2240 5316 2373 5397 ἐκείν
2522 5336 2611 5391 οὖν
2674 5332 2986 5407 ὁδοιπορίαν
3046 5327 3305 5400 διηνεκῶς
3363 5327 3390 5380 6
3445 5316 3738 5426 Ῥουρὲλιος

2116 5394 2381 5507 ἐπαγ-ὦμεν
2438 5451 2462 5491 ς
2513 5426 2626 5500 μεθ’
2684 5394 2880 5477 ἑαυτοῦ.
2933 5419 3024 5474 τόν
3081 5394 3141 5473 τὲ
3195 5417 3437 5507 Καίσαρα
3499 5407 3583 5507 καὶ
3643 5403 3735 5507 ’τὸν

2115 5494 2374 5589 Melitam
2449 5512 2755 5581 Βασίλειον,
2819 5511 2937 5584 ἄρτι
3019 5510 3122 5578 τῆς
3202 5506 3293 5560 σὺν
3375 5506 3452 5601 τῶ
3511 5494 3731 5601 Δεξιγὲνιι

2119 5608 2511 5685 αἶ’χμαλωσίας
2584 5599 2946 5666 ἀπολυθέντα,
3005 5600 3340 5664 κατασκηνοῖ
3417 5589 3468 5693 ἓν
3528 5589 3738 5693 ..Χρυεῗ

2134 5683 2315 5771 πόλει,
2344 5695 2436 5751 καὶ
2508 5698 2624 5755 ταῖς
2682 5690 2852 5747 ἐκεῖσε
2908 5686 3108 5748 οἰκίαις
3169 5683 3325 5755 ἐνῆκε
3378 5683 3438 5734 εὖ
3489 5683 3609 5750 πῦρ,
3662 5686 3740 5722 και
