4084 6140
377 362 496 420 441

1883 357 2281 419 HISTORIA.

3678 357 3805 419 442

382 491 618 563 πολλὴν
677 491 933 567 ἀνήγειρε
988 497 1106 555 τοῖς
1177 490 1419 555 ἐποίκοις
1475 491 1573 562 τήν
1633 490 1768 567 βοὴν
1816 490 1907 545 καὶ
1955 490 2038 544 «ex

2165 491 2434 562 accersit,
2487 490 2691 547 multis
2740 488 3266 563 pollicitationibus
3333 491 3695 560 persuadens
3740 495 3807 548 ut

379 577 657 637 κωκυτόν.
693 579 1087 655 Καταμαλάξαι
1147 579 1205 636 δὲ
1253 580 1497 637 σπεύδων
1550 581 1577 634 ὁ
1632 578 1887 656 βασιλεὺς
1941 580 2041 648 τήν

379 676 483 726 τοῦ
573 666 859 747 Βαρϐάρου
933 670 1239 745 θρασύτητα
1326 670 1537 743 ἀξίωμά
1592 690 1649 724 τε
1700 670 2043 744 ὑπισχνεῖται

385 758 575 814 δοῦναι
645 759 789 831 αὐτῷ
845 759 1286 836 κουροπαλᾶτου,
1344 758 1784 833 προσεπιπέμπει
1844 755 1901 811 δὲ
1952 757 2040 812 καὶ

380 850 483 919 τὴν
535 854 763 924 γυναῖκα
814 850 903 904 καὶ
977 850 1045 902 τὰ
1116 848 1295 906 τέκνα.
1358 848 1782 921 Μεταπέμπεται
1844 844 1899 901 δὲ
1954 845 2044 901 καὶ

393 936 671 1013 Τούρκους
702 939 819 992 κατ’
867 937 1031 992 αὐτοῦ
1087 935 1386 1013 λαθραίως,
1418 936 1658 998 πολλαῖς
1720 936 2043 1010 ὑποσχᾶσεσι

393 1027 590 1090 πείθων
643 1027 736 1081 τὸν
816 1023 1125 1081 Ῥουσὲλιον
1207 1027 1696 1101 καταγωνίσασθαι.
1755 1026 1926 1100 Ὁρῶν
1989 1021 2046 1078 δὲ

395 1114 554 1178 οὗτος
584 1116 769 1171 ἑαυτὸν
836 1116 1034 1184 ἀσθενῆ
1090 1116 1224 1192 πρὸς
1269 1115 1536 1186 τοσαύτην
1568 1113 1803 1185 πληθὺν,
1836 1112 2044 1167 ἀπολύ-

389 1226 488 1268 σας
549 1209 655 1259 τὼν
718 1201 930 1277 δεσμῶν
989 1204 1080 1259 τὸν
1142 1204 1380 1277 Καίσαρα
1421 1203 1733 1278 ἀναγορεύει
1795 1200 2041 1277 βασιλέα,

386 1302 685 1379 εὐφημίαις
770 1301 1211 1376 μεγαλοπρεπίσι
1270 1300 1358 1356 καί
1406 1300 1681 1374 διατόροις
1735 1302 1796 1354 τὸ
1850 1305 2045 1375 κράτος

384 1390 535 1463 αὖτῷ
618 1390 1212 1468 συγκαταστησάμενος.
1274 1392 1460 1461 Μήπω
1531 1388 1585 1444 δὲ
1668 1396 1768 1458 τῆς
1850 1391 2042 1467 φήμης

384 1479 741 1550 ἁπλωθείσης
796 1478 937 1552 μηδέ
1020 1479 1414 1547 πλατυνθείσης
1469 1483 1567 1544 τῆς
1623 1482 1719 1532 τοῦ
1780 1478 2042 1553 Καίσαρος

385 1568 755 1645 ἀναρρήσεως,
788 1570 879 1623 καὶ
939 1566 1027 1623 διὰ
1082 1573 1243 1623 τοῦτο
1306 1571 1443 1642 μήτε
1500 1572 1843 1642 στρατιωτῶν
1876 1588 2044 1642 προσ-

383 1664 807 1735 χωρησάντων,
869 1657 1119 1737 ἐξαίφνης
1176 1658 1299 1734 περῖ
1356 1659 1417 1712 τὸ
1489 1654 1616 1734 ὅρος
1657 1658 1751 1712 τὸν
1812 1656 2044 1734 Σόφωνα

382 1747 605 1817 πληθὺς
686 1749 962 1818 Τουρκική
1035 1746 1451 1825 παραφαίνεται,
1504 1747 1662 1801 πέντε
1726 1745 1761 1815 ἢ
1842 1745 1931 1799 καὶ
1986 1745 2040 1818 ’ἐξ

2153 581 2457 637 Ruselium
2490 580 2802 636 debellent.
2832 580 3049 635 Videns
3079 585 3273 634 autem
3307 580 3418 635 iste
3448 596 3511 635 se
3541 579 3807 635 imbecil-

2154 671 2268 726 lem
2322 672 2608 725 adversus
2661 669 2958 741 ejusmodi
3010 667 3474 724 multitudinem.
3522 669 3806 725 Caesarem

2154 778 2184 816 e
2215 760 2467 815 vinculis
2496 760 2811 815 liberatum
2849 760 3259 831 imperatorem
3293 758 3571 829 declarat,
3615 758 3805 814 laudi-

2154 851 2266 905 bus
2298 849 2627 921 magniﬁcis
2659 854 2715 904 et
2745 848 2915 903 claris
2947 848 3269 915 celebrans,
3291 848 3461 919 eique
3488 848 3802 920 imperium

2155 939 2385 994 tribuit.
2445 938 2713 993 Nondum
2777 942 2970 993 autem
3033 936 3332 1006 divulgata
3396 938 3552 991 fama
3615 952 3805 1008 neque

2155 1029 2400 1084 dilatata
2430 1026 2673 1084 Caesaris
2704 1026 3193 1091 declaratione,et
3225 1025 3442 1081 idcirco
3474 1042 3664 1097 neque
3696 1027 3805 1081 mi-

2155 1116 2289 1172 lites
2319 1120 2760 1185 concurrerant,
2789 1114 2987 1170 statim
3041 1117 3109 1169 ad
3162 1123 3417 1171 montem
3471 1116 3805 1187 Sophonem

2157 1222 2369 1260 manus
2399 1205 2645 1259 Turcica
2692 1209 2954 1275 apparet,
3009 1220 3135 1275 quae
3183 1205 3497 1259 videbatur
3545 1205 3806 1276 quinque

2154 1302 2254 1351 aut
2304 1313 2403 1351 sex
2451 1295 2722 1350 millium.
2773 1297 2963 1364 Atque
2995 1312 3025 1349 θ
3056 1294 3302 1365 vestigio
3334 1294 3604 1351 Ruselius
3634 1311 3694 1351 se
3727 1298 3799 1351 ad

2154 1388 2416 1461 praelium
2449 1387 2828 1459 comparavit.
2860 1386 3074 1441 Verum
3107 1385 3269 1442 illius
3297 1386 3583 1458 impetum
3632 1404 3798 1443 coer-

2154 1480 2367 1533 cebant
2416 1481 2472 1532 et
2515 1478 2707 1531 Caesar
2754 1482 2812 1531 et
2859 1475 3101 1545 quidam
3154 1491 3222 1530 ex
3271 1476 3804 1550 prestantioribus,

2155 1578 2299 1632 711
2338 1580 2403 1631 ut
2432 1575 2596 1648 prius
2627 1576 3038 1647 dignoscerent
3069 1580 3289 1647 quanta
3337 1578 3494 1632 esset
3540 1575 3798 1631 hostium

2149 1666 2259 1721 vis.
2292 1666 2417 1720 'Sed
2466 1663 2565 1719 ille
2622 1665 2780 1719 haud
2838 1664 3159 1734 sustinens,
3210 1664 3351 1736 quin
3413 1664 3609 1735 potius
3675 1665 3801 1721 loco

2152 1770 2397 1810 summae
2438 1753 2775 1825 ignominiaa
2826 1755 3069 1821 ducens,
3121 1753 3170 1808 si
3223 1754 3507 1809 adversus
3554 1770 3653 1809 sex
3700 1759 3805 1811 aut

383 1835 635 1912 χιλιάσιν
669 1837 1012 1910 εἰκαζομένη.
1046 1836 1143 1891 Καὶ
1200 1835 1389 1891 αὐτίκα
1439 1838 1467 1891 ὁ
1522 1832 1836 1899 Ῥουσέλιος
1891 1834 2038 1909 ἐξήρ-

2151 1845 2349 1901 decem
2383 1842 2569 1899 millia
2599 1859 2856 1915 pugnam
2889 1842 3167 1899 Ruselius
3196 1848 3590 1909 cunctaretur,
3612 1843 3800 1900 multo

383 1948 480 1981 τυε
535 1926 603 1981 τὰ
662 1927 799 1997 πρὸς
855 1924 1126 1999 πόλεμον.
1180 1923 1534 1981 Ἀνέστελλον
1584 1922 1641 1979 δὶ
1696 1925 1794 1992 τὴν
1859 1923 2037 1998 ὀρμήν

383 2014 553 2070 αὐτοῦ
594 2015 624 2071 δ
670 2036 728 2070 τε
788 2018 996 2090 Καῖσαρ
1063 2015 1153 2070 καί
1209 2036 1349 2076 τινες
1405 2019 1512 2069 τῶν
1562 2013 1931 2089 ἐξοχωτὲρων,
1964 2013 2040 2074 ὡς

382 2102 449 2158 ἃν
483 2101 752 2179 διαγνοῖεν
778 2106 1041 2181 πρότερον
1068 2106 1166 2173 τήν
1199 2102 1416 2173 πληθὺν
1449 2103 1622 2173 ὁπόση
1655 2123 1736 2164 τις
1798 2100 1879 2172 εἷή
1935 2105 2041 2155 τῶν

383 2195 681 2271 φανέντων.
738 2196 830 2264 Μὴ
889 2193 1138 2267 ἐνεγκὼν,
1200 2192 1328 2247 ἀλλ’
1382 2190 1596 2263 ἀδοξίαν
1646 2190 1808 2267 ἄκραν
1862 2189 2038 2264 ἡγού-

381 2303 547 2354 μενος
579 2282 628 2337 εἴ
684 2284 819 2357 πρὸς
872 2280 926 2355 ἓξ
984 2283 1019 2351 ἢ
1081 2279 1205 2337 δὲκα
1262 2279 1519 2357 χιλιάδας
1564 2282 1980 2358 ἀμφιγνωμονεῖ
2011 2280 2038 2333 ὁ

377 2370 718 2445 Ῥουσὲλιος,
777 2371 869 2425 σὺν
927 2369 1117 2445 πολλῇ
1177 2370 1323 2447 ῥύμῃ
1382 2376 1499 2434 τοῖς
1541 2370 1801 2424 ἐναντίοι)
1833 2367 2039 2437 ἐπῆλθε

383 2470 524 2543 μετᾶ
578 2474 684 2525 τῶν
776 2469 1065 2546 Φράγγων.
1121 2472 1351 2524 Ἔπεσον
1437 2467 1529 2523 οὖν
1608 2472 1717 2523 τῶν
1776 2465 2034 2541 Τούρκων

380 2557 613 2627 πολλοὶ,
678 2557 912 2632 μηδενὸς
966 2563 1071 2613 τῶν
1137 2558 1402 2634 Φράγγων
1434 2557 1585 2612 κενὸν
1618 2556 1679 2610 τὸ
1711 2554 1839 2630 δόρυ
1876 2554 2040 2629 ἐσχη-

383 2647 571 2720 κότος,
600 2650 651 2703 ol
684 2645 741 2703 δὲ
773 2648 958 2703 λοιποὶ
988 2648 1125 2724 πρὸς
1173 2650 1349 2725 φυγὴν
1402 2645 1687 2719 ὥρμησαν.
1732 2648 1843 2710 Τῆς
1904 2641 2038 2698 διώ-

382 2739 519 2808 ξεως
578 2734 636 2791 δὲ
690 2736 779 2791 ἐπὶ
831 2736 976 2792 πολὺ
1031 2735 1331 2811 γενομένης
1416 2735 1561 2810 παρὰ
1615 2735 1678 2789 τὸ
1737 2732 2035 2805 εἰθισμένον

383 2828 576 2896 αὐτοῦ,
608 2826 698 2882 καὶ
756 2830 921 2881 ταῦτα
967 2823 1035 2879 δι’
1068 2825 1235 2900 ὀρέων
1290 2820 1502 2879 ἀϐάτων
1561 2823 1651 2879 καὶ
1706 2820 2038 2893 δυσδιεξιτή-

386 2937 522 2987 των,
573 2912 733 2971 ἔλαθε
777 2914 905 2977 τοὺς
960 2914 1187 2977 πλείους
1234 2918 1343 2969 τῶν
1402 2913 1493 2968 σὺν
1551 2913 1696 2985 αύτῷ
1753 2912 2040 2968 ἀπολιπὼν

389 3005 590 3075 ἆπίσω,
651 3005 813 3066 αὐτὸς
869 3003 926 3059 δὶ
978 3004 1111 3077 μετὰ
1171 3004 1423 3080 βραχέων
1475 3007 1634 3057 τινῶν
1692 3001 2041 3080 ὑπολειφθεὶς

384 3092 478 3148 καὶ
539 3098 635 3148 τοῦ
691 3092 957 3168 Καίσαρος
1016 3093 1068 3147 ἓν
1122 3090 1316 3153 ’ίπποις
1374 3092 1784 3164 κεκμηκόσιτῷ
1824 3094 2041 3164 συνεχεῖ

2149 1934 2371 2004 impetu
2419 1934 2475 1988 in
2525 1933 2722 1989 hostes
2770 1949 2904 1989 cum
2954 1933 3191 1987 Francis
3243 1931 3479 1987 invasit.
3530 1933 3800 1991 Cecidere

2146 2024 2324 2091 igitur
2379 2037 2447 2077 ex
2497 2021 2703 2078 Turcis
2762 2022 2980 2093 plures,
3032 2038 3166 2077 cum
3218 2022 3573 2077 Francorum
3625 2037 3797 2077 nemo

2148 2111 2319 2167 hasta
2348 2111 2505 2166 inani
2540 2127 2684 2166 usus
2713 2114 2886 2165 esset.
2921 2108 3151 2179 Reliqui
3193 2109 3251 2163 in
3301 2109 3501 2179 fugam
3551 2108 3801 2178 conjecti

2148 2205 2306 2256 sunt.
2352 2203 2496 2256 Cum
2546 2216 2678 2254 vero
2729 2198 2953 2254 diutius
3005 2201 3470 2268 persequeretur,
3504 2202 3710 2269 printer
3740 2197 3797 2253 id

2148 2292 2302 2362 quod
2335 2293 2735 2355 consueverat,
2768 2286 3087 2358 praesertim
3124 2303 3226 2357 per
3257 2286 3591 2341 inaccessos
3620 2290 3799 2357 atque

2148 2387 2337 2442 invios
2365 2392 2616 2451 montes,
2646 2402 2761 2441 non
2794 2384 3209 2438 animadvertit
3258 2400 3291 2437 a
3339 2387 3501 2455 tergo
3552 2400 3614 2438 se
3664 2401 3793 2439 suc-

2150 2495 2278 2532 rum
2304 2476 2500 2548 plures
2525 2474 2853 2546 reliquisse.
2891 2473 3021 2544 Ipse
3044 2476 3237 2527 autem
3262 2489 3395 2527 cum
3432 2473 3634 2544 paucis
3665 2474 3794 2543 qui-

2148 2568 2400 2622 husdam
2425 2565 2685 2628 relictus,
2716 2569 2775 2618 et
2795 2567 3015 2617 Caesare
3037 2562 3188 2616 inter
3218 2561 3446 2632 equites
3477 2562 3792 2633 defatigato

2148 2656 2427 2711 continua
2456 2660 2513 2709 et
2543 2654 2719 2725 longa
2747 2652 3006 2707 hostium
3041 2649 3445 2717 insectatione,
3479 2650 3685 2705 incidit
3730 2651 3791 2706 in

2146 2761 2274 2800 eam
2326 2743 2717 2799 calamitatem
2772 2758 2949 2811 quam
3010 2757 3143 2795 mox
3200 2740 3479 2794 dicemus.
3536 2744 3683 2796 Nam
3732 2740 3790 2795 in

2145 2834 2343 2906 ipsum
2395 2832 2476 2887 ita
2522 2831 2885 2887 laborantem
2938 2830 3119 2885 altera
3176 2831 3502 2885 Turcorum
3560 2829 3792 2886 infinita

2150 2940 2385 2988 manus,
2437 2922 2552 2977 fere
2599 2925 2835 2977 centum
2885 2919 3064 2984 mille,
3118 2922 3403 2989 quantum
3456 2919 3790 2988 conjectura

2147 3012 2384 3083 assequi
2418 3014 2704 3081 poterant,
2745 3010 2979 3065 invasit.
3012 3009 3282 3079 Undique
3314 3008 3491 3080 igitur
3542 3007 3791 3063 circum-

2146 3108 2356 3158 ventus
2387 3101 2472 3156 vel
2505 3102 2721 3155 invitus
2752 3116 2883 3155 cum
2919 3099 3190 3154 hostibus
3224 3098 3621 3169 congreditur,
3652 3114 3786 3153 cum

382 3189 488 3251 τῆς
548 3180 783 3253 διώξεως
858 3182 947 3237 καὶ
1024 3180 1409 3255 ἐπιτεταμίνῳ.
1470 3181 1628 3238 Οὕτω
1715 3177 1771 3234 δὶ
1853 3174 2036 3255 ἔχοντι

541 3272 553 3293 ι
699 3270 825 3293 ἻοΑν
860 3292 865 3293 ,
928 3268 952 3293 υ
1030 3292 1069 3293 ,,
1142 3270 1315 3293 m,l_,,
1463 3270 1677 3293 2'.__,__..
1739 3268 1809 3293 Αἵ-
1851 3268 2033 3293 ς---.-ὶ-.

2149 3192 2349 3263 paucis
2406 3191 2725 3247 admodum
2783 3206 2931 3261 quos
2987 3188 3209 3244 circum
3278 3188 3551 3243 habebat.
3612 3187 3795 3257 Igitur

386 3272 625 3351 ανεφάνη
655 3270 869 3342 πλῆθος
928 3268 1110 3347 ἕτερον
1142 3270 1396 3343 Τούρκων
1458 3270 1703 3343 ἄπειρον,
1736 3268 1809 3331 εἷς
1851 3268 2035 3323 ἑκατὸν

382 3358 649 3437 χιλιάδας
715 3365 1011 3425 ποσοῦσθαι
1085 3359 1514 3435 στοχαζόμενον.
1576 3356 2039 3432 Περιστοιχισθεὶς

387 3449 483 3505 οὖν
544 3450 806 3513 πάντοθεν
860 3450 950 3504 καὶ
1010 3450 1152 3503 ἅκων
1220 3448 1404 3511 αὐτοῖς
1457 3448 1860 3522 προσρήγνυται
1924 3446 2038 3518 μετ’

386 3536 594 3615 ὀλίγων
627 3538 766 3593 πάνυ
795 3542 902 3592 τῶν
957 3538 1080 3613 περὶ
1139 3532 1319 3593 αὐτόν.
1354 3536 1645 3611 ’Δντὲσχον
1706 3535 1798 3608 μὲν
1859 3532 1949 3589 οὗν
1987 3533 2037 3588 οἰ

382 3631 639 3699 Τοῦρκοι,
698 3622 886 3681 ἔπεσον
975 3628 1158 3699 μέντοι
1228 3624 1317 3680 καὶ
1375 3624 1499 3679 τότε
1561 3622 1786 3681 πολλοί.
1844 3625 2036 3695 ’Όμως

384 3715 759 3780 κυκλωθὲντες
818 3715 922 3770 ὑπὸ
951 3715 1214 3770 τοσούτου
1271 3712 1517 3783 πλήθους
1578 3708 1870 3783 ἑκηϐόλοις
1921 3716 2036 3772 τοῖς

390 3804 631 3880 βέλεσιν,
676 3799 1050 3865 ἀποϐαλόντες
1106 3806 1235 3865 τοὺς
1286 3801 1490 3864 ’ίππους
1543 3802 1633 3856 καὶ
1690 3800 1843 3871 πεζοὶ
1904 3801 2038 3855 ὑπο-

388 3893 695 3971 λειφθέντες
782 3894 1083 3966 σύμπαντες
1160 3890 1331 3954 οῧτως
1412 3888 1694 3946 ἐνέδωκαν.
1776 3887 2037 3952 Πίπτουσι

388 3980 437 4037 δ’
494 3982 649 4054 ὅμως
704 3980 932 4052 πολλοὶ,
975 3982 1064 4036 καὶ
1120 3982 1355 4055 Τοῢρκοι
1413 3978 1470 4034 δὲ
1527 3976 1742 4041 δεκάκις
1764 3983 2036 4034 τοσοῦτοι.

386 4077 698 4137 Ἀλίσκεται
732 4077 789 4135 Si
820 4081 935 4133 ὅτε
980 4084 1180 4152 Καῖσαρ
1240 4077 1331 4133 καὶ
1385 4079 1413 4133 ὁ
1471 4077 1781 4137 Ῥουσὲλιος
1834 4076 1923 4130 καὶ
1988 4077 2039 4129 οἱ

387 4169 482 4222 σὺν
543 4169 715 4239 αὐτῷ.
769 4170 850 4242 [Ρ.
910 4170 1037 4241 849]
1095 4168 1158 4222 Ol
1217 4164 1274 4221 δὶ
1328 4171 1435 4221 τῶν
1495 4167 1758 4241 Φράγγων
1818 4162 2037 4219 ὑπολει-

386 4258 605 4319 actm;
652 4257 727 4318 εἷς
783 4257 844 4311 τὸ
890 4263 990 4326 τῆς
1041 4250 1367 4324 Μεταϐολῆς
1413 4255 1671 4332 φρούριον
1726 4253 2039 4331 συμφυγόν-

384 4368 475 4407 τες
511 4346 645 4419 μετᾶ
693 4353 793 4415 τῆς
841 4350 939 4401 τοῦ
969 4343 1282 4401 Ῥουσελίου
1313 4344 1566 4419 γυναικὸς
1622 4341 1692 4397 δι’
1721 4342 2038 4416 ἐπιμελείας

388 4435 672 4491 ἐποιοῦντο
728 4437 827 4502 τήν
884 4434 1079 4490 τούτου
1133 4433 1381 4511 φυλακην
1446 4432 1536 4487 καὶ
1597 4433 1942 4507 συντήρησιν.
1975 4433 2038 4486 Οἱ

388 4524 447 4579 δὲ
496 4529 727 4600 Τοῦρκοι
778 4525 868 4579 τὸν
924 4525 1017 4597 μὲν
1046 4522 1353 4581 Ῥουσὲλιον
1403 4518 1683 4596 ποδοκάκῃ
1744 4520 2037 4598 ἀσφαλισά-

2150 3281 2415 3336 restitere
2446 3279 2643 3347 Turci,
2677 3283 2734 3334 et
2787 3283 2981 3334 tamen
3036 3277 3205 3333 multi
3253 3281 3397 3333 tunc
3446 3292 3680 3348 quoque
3726 3293 3794 3331 ex

2148 3369 2293 3440 ipsis
2308 3368 2586 3424 cecidere.
2620 3372 2833 3423 Verum
2850 3366 3142 3421 enimvero
3167 3364 3550 3421 circumventi
3576 3381 3608 3419 a
3629 3368 3795 3420 tanta

2149 3456 2528 3512 multitudine
2558 3455 2709 3520 telis,
2741 3472 2868 3527 quae
2902 3455 3074 3527 longe
3113 3454 3508 3523 jaciebantur,
3558 3452 3798 3508 amissis

2148 3548 2334 3618 equis,
2358 3547 2582 3619 pedites
2612 3562 2815 3602 omnes
2845 3545 3030 3601 relicti
3061 3544 3141 3599 ita
3168 3548 3490 3599 cesserunt.
3516 3545 3794 3597 Attamen

2150 3635 2322 3691 multi
2351 3636 2593 3699 cadunt,
2622 3641 2679 3691 et
2706 3635 2877 3690 Turci
2909 3633 3156 3705 decuplo
3207 3632 3427 3705 plures.
3478 3632 3801 3702 Capiuntur

2150 3738 2340 3790 (linear
2367 3738 2425 3790 et
2454 3734 2726 3789 Ruselius
2753 3737 2808 3788 et
2839 3732 2937 3804 qui
2971 3748 3104 3787 cum
3136 3732 3265 3803 ipso
3287 3735 3469 3785 erant.
3507 3730 3585 3784 Ex
3613 3729 3800 3784 Fran-

2150 3824 2233 3881 cis
2266 3828 2460 3880 autem
2492 3823 2591 3895 qui
2624 3821 2808 3877 relicti
2844 3822 3072 3877 fuerant
3103 3821 3240 3891 fuga
3268 3819 3336 3874 ad
3364 3818 3679 3874 Metaboles
3701 3835 3800 3889 op-

2151 3914 2349 3986 pidum
2383 3930 2444 3969 se
2478 3929 2764 3984 recepere.
2798 3928 2917 3966 una
2944 3928 3073 3966 cum
3119 3909 3335 3965 Ruselii
3386 3925 3582 3972 uxore,
3636 3911 3792 3979 quod

2150 4020 2385 4059 summo
2433 4002 2628 4057 studio
2683 4001 3013 4057 servabant.
3065 3998 3239 4054 Turci
3296 4013 3429 4053 vero
3489 3996 3794 4053 Ruselium

2150 4092 2530 4162 compedibus
2573 4090 2831 4145 vinctum
2877 4090 3025 4145 712
3066 4090 3455 4155 asservantes,
3508 4086 3793 4142 Caesarem

2150 4185 2342 4236 autem
2377 4179 2636 4235 solutum
2669 4179 2725 4233 in
2752 4179 2971 4233 honore
2993 4176 3581 4246 babebant.Cumque
3609 4175 3799 4246 exige-

2150 4272 2315 4324 retur
2343 4268 2706 4340 captivorum
2737 4266 3291 4339 pretium,studebat
3317 4264 3636 4335 imperator
3662 4280 3796 4319 eum

2149 4358 2436 4412 redimere
2462 4375 2475 4414 :
2497 4374 2630 4413 nam
2666 4356 2837 4428 paulo
2872 4359 3005 4410 ante
3033 4354 3274 4409 Maleses
3306 4370 3539 4425 quoque
3570 4352 3801 4408 absolu-

2149 4451 2245 4501 tus
2276 4463 2309 4501 a
2337 4449 2557 4500 Caasare
2584 4445 2782 4500 statim
2818 4445 2877 4499 in
2909 4444 3179 4499 exsilium
3215 4444 3434 4497 missus
3460 4446 3549 4496 est
3600 4440 3797 4511 publi-

2150 4534 2294 4589 catis
2340 4534 2532 4597 bonis,
2583 4533 2801 4588 Ruselii
2853 4532 3243 4602 captivitatem
3300 4547 3431 4586 cum
3466 4528 3799 4600 captivitate

392 4634 567 4687 μενοι,
598 4597 691 4668 τὸν
722 4614 962 4685 Καίσαρα
983 4610 1166 4667 ἄνετον
1195 4613 1342 4687 εἶχον
1384 4610 1474 4666 καὶ
1519 4609 1569 4665 ἰν
1618 4614 1687 4685 τῇ
1738 4597 1849 4681 ῗδίᾲ
1903 4612 2034 4684 ἦγον

2149 4623 2421 4694 Diogenis
2451 4627 2506 4677 et
2537 4621 2991 4694 publicationem
3016 4627 3071 4676 et
3093 4620 3364 4675 exsilium
3397 4621 3795 4673 commutans.

386 4706 546 4777 τιμῇ.
578 4706 683 4757 Τοῦ
724 4700 780 4758 δὲ
834 4704 1149 4775 τιμήματος
1204 4704 1312 4756 τῶν
1368 4699 1686 4755 ἑαλωκότων
1748 4699 2035 4768 ἑπιζητου-

393 4792 560 4863 μένου
611 4789 833 4847 ἔσπευδε
895 4792 988 4864 μὶν
1059 4790 1370 4861 ὠνήσασθαι
1426 4793 1615 4843 τοῦτον
1668 4790 1695 4844 ὁ
1758 4785 2035 4864 βασιλεύς·

390 4884 747 4945 ὶπικατὲλαόε
797 4889 897 4966 γὰρ
979 4889 1070 4944 καὶ
1132 4889 1161 4943 ὁ
1218 4886 1481 4957 Μαλὲσης
1556 4884 1674 4963 ἄρτι
1745 4885 2039 4950 ἀπολυθεῖς

390 4979 537 5055 παρὰ
611 4983 709 5033 τοῦ
789 4978 1092 5055 Καίσαρος,
1158 4977 1247 5032 καὶ
1323 4976 1517 5031 αὐτίκα
1592 4977 1668 5040 εἶς
1750 4974 2037 5049 ὑπερορίαν

389 5065 676 5124 στιλλεται
730 5066 987 5139 δημεύσει
1018 5088 1077 5121 τε
1121 5061 1625 5134 καθυποϐάλλεται,
1652 5063 2033 5140 αῗχμαλωσίαν

387 5157 776 5233 αἲχμαλωσίας
806 5164 906 5227 τῆς
967 5156 1058 5211 σὺν
1114 5160 1193 5228 τῷ
1246 5155 1485 5230 Διογὲνει
1538 5156 1638 5223 τὴν
1693 5159 2035 5209 τοῦῬουσε-

389 5247 512 5302 λίου
538 5247 628 5302 καὶ
662 5244 921 5320 δήμευσιν
970 5245 1060 5300 καὶ
1117 5244 1322 5320 ἐξορίαν
1367 5243 1576 5299 τούτων
1625 5242 2034 5315 ἀνταλλαξάμε-

383 5356 499 5404 νος,
554 5333 683 5391 ἀλλ’
727 5337 762 5405 ἡ
826 5339 924 5390 τοῦ
974 5332 1284 5391 Ῥουσελίου
1336 5335 1468 5409 γυνή
1508 5379 1523 5403 ,
1580 5330 1788 5407 σπουδῇ
1847 5331 2033 5407 πολλῇ

384 5431 579 5482 τοϋτον
638 5423 1003 5499 ἐλυτρώσατο.
1058 5426 1215 5481 ’Όθεν
1271 5425 1323 5478 οἱ
1381 5423 1527 5499 παρά
1598 5426 1694 5477 τοῦ
1769 5421 2036 5497 βασιλέως

388 5514 672 5577 σταλέντες
729 5516 821 5570 τὸν
903 5513 1138 5589 Καίσαρα
1224 5514 1388 5587 μόνον
1451 5512 1857 5589 λυτρωσάμενοι
1916 5512 2036 5575 ἀνθ-

388 5606 747 5679 υπέστρεψαν.
786 5606 873 5661 Ἐν
908 5601 965 5658 δὶ
993 5607 1061 5677 τῇ
1120 5600 1447 5678 Ηροποντίδι
1505 5601 1815 5676 γενόμενος,
1871 5599 2033 5656 εὐλα-

391 5690 581 5766 ϐηθεὶς
640 5695 717 5768 μή
776 5714 907 5751 ποτε
949 5693 1023 5755 ὡς
1075 5691 1382 5766 ἀποστάτης
1434 5694 1522 5748 καὶ
1580 5690 1820 5754 ὕποπτος
1876 5717 2033 5771 νομι.

2146 4716 2365 4767 Verum
2397 4711 2613 4767 Ruselii
2648 4728 2792 4766 uxor
2820 4710 3015 4781 ipsum
3050 4709 3591 4773 redemerat.Quare
3622 4705 3794 4761 missi

2147 4801 2219 4855 ab
2278 4800 2628 4871 imperatore
2684 4801 2904 4854 Caesare
2953 4798 3143 4853 solum
3194 4796 3498 4865 redempto
3546 4795 3791 4850 rediere.

2146 4901 2285 4951 Cum
2332 4913 2464 4952 vero
2512 4898 2581 4952 ad
2618 4897 3027 4968 Propontidem
3061 4894 3438 4967 pervenisset,
3468 4892 3690 4948 veritus
3721 4910 3796 4948 ne

2148 4988 2294 5041 forte
2324 4992 2390 5042 ut
2419 4986 2654 5042 rebellis
2684 4992 2740 5041 et
2771 4989 3083 5057 suspectus
3115 4983 3336 5055 aliquid
3370 4982 3508 5038 mali
3536 4986 3592 5037 et
3630 4983 3796 5052 ejus-

2147 5076 2373 5131 cemodi
2422 5076 2515 5131 cui
2561 5074 2887 5131 remedium
2940 5073 3199 5130 adhiberi
3235 5088 3349 5127 non
3384 5070 3582 5143 posset
3611 5073 3792 5126 susti-

2146 5169 2330 5233 neret,
2361 5164 2630 5235 deposita
2659 5168 2817 5219 veste
2852 5163 3069 5218 usitata
3100 5160 3447 5233 capillisque
3504 5161 3792 5217 detonsis.

2149 5254 2569 5309 monachorum
2593 5253 2861 5308 habitum
2890 5250 3103 5319 induit,
3136 5255 3192 5307 et
3211 5251 3292 5306 ita
3314 5250 3413 5304 vili
3446 5241 3794 5307 indumento

2147 5343 2215 5398 ad
2280 5342 2501 5414 regiam
2560 5358 2622 5398 se
2677 5341 2930 5409 recepit;
2979 5341 3266 5412 exquibus
3315 5322 3592 5411 omnibus
3636 5355 3793 5395 sanae

2146 5432 2362 5487 mentis
2388 5432 2651 5488 homines
2685 5430 2939 5485 divinam
2970 5428 3118 5485 iram
3168 5428 3686 5493 ratiocinabantur,
3737 5435 3796 5485 et

2146 5522 2644 5593 quemadmodum
2671 5522 2825 5577 Deus
2846 5520 2989 5593 ipsis
3014 5520 3290 5576 inimicus
3328 5519 3570 5575 effectus
3603 5519 3793 5574 fuerat

2147 5619 2379 5686 propter
2443 5612 2768 5667 divinorum
2805 5610 3211 5666 mandatorum
3272 5625 3339 5665 ac
3371 5612 3791 5680 praeceptorum

2145 5701 2520 5759 violationem
2553 5706 2609 5759 et
2638 5705 3061 5774 contemptum,
3114 5714 3362 5772 quorum
3413 5696 3526 5753 sibi
3572 5696 3794 5753 conscii
