4084 6140
332 345 451 406 443

1663 341 1991 410 JOANNIS
2037 339 2437 402 SCYLITZE

3625 343 3733 405 444

332 480 405 534 ad
453 478 714 551 ingentia
762 480 915 537 bella
963 485 1020 537 et
1068 481 1331 555 pericula
1380 499 1496 538 non
1545 482 1710 554 prius
1758 477 1991 551 placato

2109 472 2248 536 σθεὶς
2300 472 2449 547 πάθῃ
2500 495 2552 528 τι
2608 472 2813 553 φαῦλον
2870 473 2983 529 καὶ
3018 473 3334 545 ἀνήκεστον,
3362 473 3462 544 τήν
3485 476 3739 547 κοσμικὴν

338 569 536 625 divino
570 569 807 626 nomine
839 571 1134 626 Romanas
1164 571 1361 643 copias
1393 572 1715 639 adducunt,
1756 572 1812 622 et
1857 582 1991 621 cum

338 658 491 714 male
523 659 860 714 afﬁciantur
887 678 1237 733 semperque
1268 662 1600 730 vincantur,
1634 675 1747 714 non
1789 663 1987 712 tamen

334 747 520 803 ullum
580 748 790 804 divinae
851 750 1276 821 indignationis
1332 750 1664 822 percipiunt
1718 760 1987 803 sensum.

333 836 572 907 Antiqui
606 854 736 893 vero
768 838 1017 893 Romani
1051 856 1164 893 non
1214 839 1293 893 ita
1344 839 1621 894 facientes
1666 836 1990 891 immensas

340 922 474 978 illas
525 930 582 978 et
615 942 922 995 prosperas
964 942 1196 997 pugnas
1224 927 1600 992 edebant,sed
1634 925 1909 978 virtutem
1938 924 1994 975 et

326 1011 625 1082 justitiam
656 1019 711 1067 et
741 1014 1088 1068 cbaritatem
1124 1020 1179 1068 et
1210 1014 1514 1069 veritatem
1551 1013 1911 1085 proﬁtentes,
1936 1012 1993 1062 et

336 1101 576 1157 omnino
607 1102 805 1157 omnia
861 1103 1113 1158 hunesta
1145 1108 1201 1158 et
1232 1105 1384 1158 bona
1417 1120 1519 1175 pro
1569 1101 1789 1155 viribus
1840 1104 1990 1152 trac-

332 1194 545 1259 tantes;
581 1208 761 1262 quare
793 1194 969 1247 etiam
1004 1193 1266 1247 divinum
1302 1210 1519 1249 numen
1557 1191 1675 1245 illis
1704 1190 1992 1257 aderat,et

335 1282 610 1338 omnibus
643 1284 833 1339 modis
863 1284 1064 1339 hostes
1096 1284 1489 1339 debellabant.

2103 556 2521 634 ἀποϐαλόμενος
2597 562 2793 627 ἐσθῆτα
2869 565 2969 632 τήν
3044 568 3214 638 τρίχα
3264 563 3495 637 κείρεται
3553 562 3637 617 καὶ
3679 563 3741 618 τὰ

2104 654 2362 725 μοναχῶν
2451 650 2826 727 ἀμφιέννυται,
2887 653 2975 707 καὶ
3065 652 3237 714 οὕτως
3295 652 3345 705 έν
3409 650 3615 707 εὐτελεῖ
3668 656 3740 724 τῷ

2100 743 2350 815 σχήματι
2407 747 2524 802 τοῖς
2584 741 2884 817 βασιλείοις
2917 738 3243 817 παρέϐαλεν.
3281 744 3362 814 Ἐξ
3395 743 3467 796 ὧν
3503 741 3739 797 ἀπάντων

2100 829 2151 882 οἱ
2184 827 2239 882 εὖ
2290 834 2613 904 φρονοῦντες
2671 832 2769 899 τήν
2827 832 3116 904 θεομηνία“.’
3176 830 3604 906 συνελογίζοντο,
3654 831 3740 884 καὶ

2101 917 2250 979 ὅπως
2304 917 2487 980 αὐτοῖς
2545 920 2607 975 τὸ
2662 926 2813 975 Θεῖον
2875 920 3327 993 ἐκπεπολέμωται
3396 919 3484 975 διὰ
3512 922 3610 989 τὴν
3639 924 3739 974 τῶν

2099 1006 2255 1061 θείων
2341 1006 2576 1063 ἐντολῶν
2647 1010 2733 1064 καὶ

2102 1096 2374 1166 ἀθέτησιν,
2436 1097 2497 1159 ἃς

2833 1010 2991 1066 ἐνταλ
3001 1011 3184 1083 μάτων
3276 1012 3573 1085 παρόρασιν
3659 1008 3742 1062 καὶ

2576 1099 2766 1174 καίπερ
2854 1101 3067 1162 ἑαυτοῖς
3149 1100 3592 1172 συνεπιστάμενοι
3674 1098 3747 1160 εἷς

2101 1183 2381 1257 πολέμους
2417 1185 2687 1260 μεγάλους
2736 1189 2825 1241 καὶ
2873 1187 3177 1253 κινδύνους,
3215 1189 3289 1261 μὴ
3338 1188 3601 1261 πρότερον
3659 1186 3744 1239 τὸν

2102 1274 2230 1327 Θεὸν
2318 1272 2702 1347 ἰλεωσάμενοι,
2754 1278 2847 1337 τὰς
2908 1277 3219 1350 Ῥωμαϊκὰς
3305 1274 3558 1349 δυνάμεις
3641 1273 3743 1327 εἷσ-

336 1369 545 1443 άγουσι,
594 1370 683 1424 καὶ
742 1371 1042 1446 πάσχοντες
1096 1376 1275 1432 κακῶς
1329 1372 1419 1425 καὶ
1480 1369 1788 1441 ἡττώμενοι
1848 1360 2081 1441 ἀφειδῶς
2137 1358 2384 1432 αἶ’σθησιν
2444 1363 2505 1419 οὐ
2566 1360 2908 1438 λαμϐάνουσι
2956 1374 3057 1435 τῆς
3112 1371 3209 1421 τοῦ
3264 1367 3409 1430 θείου
3461 1366 3743 1438 νεμέσεως,

333 1458 400 1513 Οἱ
479 1455 537 1513 δὲ
611 1458 781 1514 πάλαι
849 1445 1119 1532 Ῥωμαῖοι
1198 1460 1305 1535 οὐχ
1374 1459 1516 1515 οὕτω
1587 1460 1866 1515 ποιοῦντες
1937 1454 2033 1515 τάς
2112 1445 2343 1528 φοϐερὰς
2421 1451 2625 1515 ὲκείνας
2689 1455 2778 1509 καὶ
2840 1453 3105 1527 ᾀδομένας
3158 1454 3482 1531 στρατηγίας
3538 1453 3746 1530 κατώρ-

337 1559 486 1619 Θουν,
556 1549 750 1623 ἀρετῆς
808 1546 865 1603 δὲ
915 1549 1005 1603 καὶ
1060 1548 1410 1620 δικαιοσύνης
1465 1550 1551 1604 καὶ
1596 1547 1808 1622 ἀγάπης
1867 1541 1957 1596 καὶ
2016 1537 2274 1610 ἀληθείας
2331 1540 2796 1616 ἀντιποιούμενοι,
2855 1544 2945 1599 καὶ
3020 1542 3209 1607 ἁπλῶς
3274 1549 3377 1598 πᾶν
3438 1541 3605 1598 καλὸν
3660 1543 3743 1597 καὶ

338 1637 537 1711 ἀγαθὸν
590 1638 663 1699 ὡς
725 1636 945 1694 δυνατὸν
1009 1639 1430 1714 μετερχόμενοι·
1469 1635 1554 1693 διὸ
1614 1635 1701 1691 καὶ
1751 1634 1813 1689 τὸ
1870 1635 2024 1687 Θεῖον
2085 1637 2376 1705 συμπαρῆν
2433 1630 2640 1702 αὐτοῖς,
2701 1634 2788 1688 καὶ
2846 1633 3005 1688 παντὶ
3056 1633 3247 1706 τρόπῳ
3302 1631 3431 1695 τοὺς
3480 1629 3742 1693 ἐναντίους

340 1728 614 1801 κατηγωνί
626 1731 796 1796 ζοντο.

413 1839 563 1892 718
618 1838 887 1910 Ingresso
946 1842 1141 1894 autem
1197 1841 1441 1907 Caesare,
1499 1838 1660 1893 visus
1733 1839 1824 1890 est
1894 1831 1988 1903 qui
2026 1831 2070 1894 Β

348 1926 679 1998 imperabat
705 1928 904 1983 omnia
935 1927 1268 2000 perfecisse.
1299 1929 1405 1983 Sed
1437 1926 1811 1983 cruciabatur
1841 1923 1993 1995 quod

349 2014 571 2072 Ruselii
602 2016 913 2072 consilium
950 2034 1064 2073 non
1099 2022 1485 2073 successerat.
1520 2017 1663 2071 Nam
1722 2017 1994 2085 cognato-

346 2121 478 2160 rum
546 2104 813 2173 exitium,
870 2106 1248 2162 amissionem
1315 2106 1570 2177 imperii,
1630 2102 1995 2161 Christianos

340 2193 547 2257 occidi,
580 2194 738 2249 vicos
769 2194 1037 2250 comburi
1070 2203 1124 2250 et
1158 2196 1421 2265 regiones
1448 2194 1625 2250 everti
1672 2190 1994 2264 posteriora

335 2282 605 2338 ducebat.
667 2283 939 2339 Ruselius
994 2288 1189 2339 autem
1248 2300 1315 2339 ex
1385 2283 1599 2355 oppido
1675 2278 1990 2336 Metaboles

335 2372 640 2443 profectus
697 2389 830 2427 cum
882 2375 963 2428 ita
1016 2373 1255 2428 Francis
1306 2372 1598 2428 militibus
1652 2372 1751 2442 qui
1804 2367 1990 2423 relicti

340 2463 590 2532 fuerant,
636 2469 688 2520 et
748 2481 926 2520 uxore
976 2481 1040 2519 ac
1104 2464 1308 2519 liberis
1366 2469 1422 2519 et
1480 2463 1650 2518 bonis
1709 2461 1833 2517 suis
1892 2477 1993 2532 per

343 2552 595 2607 mediam
628 2554 923 2625 regionem
957 2553 1084 2607 sine
1119 2558 1278 2607 metu
1311 2554 1471 2620 ibat;
1506 2568 1759 2621 cumque
1790 2550 1860 2604 ad
1893 2551 1993 2603 Ar-

344 2641 748 2696 meniacorum
803 2643 1099 2714 regionem
1135 2642 1517 2713 pervenisset,
1550 2642 1619 2695 ad
1650 2657 1757 2695 sua
1795 2640 1989 2709 priora

342 2736 535 2785 castra
565 2747 625 2787 se
656 2732 890 2803 recepit,
923 2739 980 2787 et
1009 2732 1146 2786 inde
1192 2732 1472 2785 adversus
1521 2731 1744 2784 'l‘urcos
1794 2743 1992 2781 excur-

344 2819 539 2875 siones
575 2819 792 2875 faciens
824 2820 1081 2875 coercuit
1113 2820 1272 2891 ipsos
1324 2836 1395 2875 ne
1444 2818 1701 2889 amplius
1748 2816 1806 2871 in
1861 2832 1989 2870 eam

347 2908 641 2979 regionem
704 2909 1117 2980 irrumperent.
1178 2909 1437 2963 Audiens
1494 2907 1617 2962 haec
1675 2907 1993 2976 imperator

348 3001 623 3069 praestare
652 2998 1004 3053 exstimabat
1032 3002 1248 3053 Turcos
1297 2998 1559 3053 obtinere
1608 2996 1730 3051 loca
1779 2995 1988 3049 Roma-

350 3102 559 3141 norum
590 3102 765 3157 quam
801 3086 1104 3142 Ruselium
1138 3087 1333 3157 aliquo
1364 3085 1422 3140 in
1459 3085 1582 3141 loco
1631 3083 1988 3156 permittere.

2180 1826 2529 1891 Εἰσελθόντος
2580 1828 2636 1884 δὲ
2692 1836 2789 1885 τοῦ
2848 1832 3113 1907 Καίσαρος
3162 1828 3309 1904 ἔδοξε
3359 1832 3454 1904 μὲν
3484 1832 3512 1885 ὁ
3541 1832 3740 1906 κρατῶν

2108 1916 2358 1986 ἡνυκέναι
2418 1919 2479 1972 τὸ
2538 1925 2640 1973 πᾶν
2676 1964 2689 1989 ,
2742 1921 2933 1990 ἠνιᾶτο
3010 1919 3066 1976 δὲ
3136 1925 3204 1995 τῇ
3283 1925 3382 1975 τοῦ
3439 1916 3743 1976 Ῥουσελίου

2106 2004 2358 2081 ἀστοχίᾳ·
2390 2009 2489 2077 τὴν
2530 2009 2630 2083 γὰρ
2681 2014 2787 2064 τῶν
2849 2012 3127 2087 ὁμογενῶν
3175 2009 3457 2065 ἀπώλειαν
3509 2008 3595 2063 καὶ
3651 2010 3742 2076 τὴν

2110 2095 2382 2170 ὑφαίρεσιν
2442 2104 2539 2165 τῆς
2600 2099 2778 2173 ἀρχῆς
2835 2099 2922 2153 καὶ
2978 2098 3040 2153 τὸ
3098 2099 3419 2176 σφάττεσθαι
3452 2098 3582 2160 τοὺς
3622 2099 3743 2171 Χρι-

2104 2184 2351 2245 στιανοὺς
2380 2187 2466 2240 καὶ
2505 2184 2833 2242 δουλοῦσθαι
2889 2188 2983 2249 τὰς
3041 2190 3231 2261 κώμας
3287 2189 3377 2242 καὶ
3437 2189 3535 2250 τὰς
3569 2187 3746 2262 χώρας

2101 2272 2447 2346 ἀφανίζεσθαι
2512 2274 2564 2329 ἐν
2617 2273 2849 2349 δευτέρῳ
2922 2276 3144 2333 ἐτίθετο.
3205 2283 3250 2335 Ο
3303 2275 3362 2332 δέ
3425 2298 3486 2354 γε
3539 2273 3743 2332 Ῥουσέ-

2102 2360 2220 2423 λιος
2255 2361 2386 2433 ἄρας
2418 2362 2476 2417 ἐκ
2506 2363 2601 2418 τοῦ
2643 2373 2742 2434 τῆς
2775 2361 3097 2434 Μεταϐολῆς
3148 2365 3412 2443 φρουρίου
3457 2366 3589 2439 μετά
3642 2368 3741 2418 τῶν

2106 2452 2588 2526 ὑπολελειμμένων
2648 2458 2915 2531 Φράγγων
2960 2461 3303 2529 στρατιωτῶν
3349 2456 3443 2511 καὶ
3483 2463 3583 2525 τῆς
3625 2477 3744 2509 συνο

2104 2542 2258 2596 εὔνου
2310 2544 2399 2597 καὶ
2456 2549 2564 2598 τῶν
2618 2541 2824 2598 παίδων
2873 2544 2963 2599 καὶ
3020 2550 3127 2599 τῶν
3192 2545 3547 2621 ὑπαρχόντων
3606 2543 3741 2613 αὐτῷ

2103 2629 2191 2686 διὰ
2250 2632 2418 2704 μέσης
2490 2640 2590 2702 τῆς
2650 2635 2838 2708 χώρας
2914 2634 3191 2709 ἀτρέπτως
3249 2630 3486 2704 ἐϐάδιζε,
3546 2633 3631 2687 καὶ
3684 2633 3742 2687 τὸ

2101 2722 2238 2792 θέμα
2294 2728 2399 2775 τῶν
2459 2725 2827 2797 Ἀρμενιακῶν
2888 2718 3209 2778 καταλαϐὼν
3282 2730 3404 2785 τοῖς
3471 2722 3742 2799 προτέροις

2102 2809 2265 2864 αὐτοῦ
2350 2810 2602 2887 κάστροις
2687 2811 3027 2883 ἀποκατέστη
3066 2856 3079 2880 ,
3158 2813 3405 2866 κάκεῖθεν
3484 2809 3741 2886 ἐκδρομὰς

2100 2900 2238 2953 κατά
2309 2904 2414 2952 τῶν
2494 2900 2745 2975 Τούρκων
2832 2901 3158 2973 ποιούμενος
3237 2902 3486 2976 ἀπεῖρξεν
3562 2899 3744 2959 αὐτοὺς

2099 2994 2208 3043 τῶν
2239 2989 2375 3043 κατά
2403 2994 2499 3043 τοῦ
2528 2990 2781 3044 τοιούτου
2811 2990 3041 3064 θίματος
3093 2988 3323 3069 ἐφόδων.
3372 2994 3437 3047 Ὀ
3496 2988 3553 3045 δὲ
3603 2990 3743 3065 βασι-

2103 3076 2228 3140 λεὺς
2288 3076 2679 3151 ὲνωτιζόμενος
2728 3084 2897 3135 ταῦτα
2957 3078 3169 3153 μᾶλλον
3228 3079 3450 3152 ἐνόμιζε
3480 3077 3757 3155 συμφέρον

349 3175 420 3231 ad
480 3175 589 3230 hoc
645 3194 677 3230 a
733 3175 1056 3247 Nicephoro
1117 3176 1435 3246 instigatus
1495 3192 1560 3229 ac
1625 3171 1987 3229 stimulatus.

2109 3165 2227 3230 τοὺς
2263 3167 2541 3242 Τοόρκους
2600 3163 2744 3243 ἔχειν
2796 3170 2862 3223 τὰ
2891 3169 3175 3242 Ῥωμαίων
3215 3170 3243 3238 ἢ
3290 3169 3385 3223 τὸν
3446 3166 3737 3223 Ῥουσέλιον

349 3263 525 3317 Mittit
553 3263 733 3335 igitur
761 3266 1077 3334 quemdam
1108 3283 1172 3320 ex
1210 3264 1505 3319 nobilibus
1549 3263 1774 3318 civibus
1821 3264 1990 3316 aetate

337 3352 639 3421 juvenem,
674 3353 773 3407 sed
807 3352 1025 3423 alioqui
1060 3358 1367 3408 strenuum
1397 3358 1573 3422 atque
1615 3351 1987 3422 prudentem,

344 3441 649 3511 prazsidem
684 3441 946 3495 Alexium
978 3441 1365 3499 Comnenum.
1398 3440 1500 3511 qui
1531 3456 1661 3495 cum
1697 3437 1990 3509 pervenis-

348 3536 438 3584 set
465 3530 790 3596 Amasiam,
820 3529 899 3583 ibi
933 3530 1007 3584 rei
1043 3529 1262 3584 exitum
1296 3529 1689 3599 exspectabat.
1719 3525 1991 3581 Ruselius

347 3622 566 3682 autem,
598 3616 745 3671 inita
776 3617 1052 3671 societate
1081 3621 1137 3671 et
1168 3615 1427 3671 amicitia
1476 3631 1611 3671 cum
1661 3615 1988 3668 Turcorum

348 3704 631 3776 principe,
665 3720 1017 3776 congressus
1048 3709 1136 3758 est
1167 3721 1299 3759 cum
1332 3705 1458 3775 ipso
1503 3704 1627 3758 sine
1678 3702 1989 3769 militibus,

348 3799 413 3849 ut
467 3797 864 3849 consueverat.
924 3798 1141 3849 Verum
1205 3794 1459 3864 quadam
1494 3793 1588 3847 die
1647 3809 1778 3847 cum
1848 3790 1994 3862 ipsis

351 3900 584 3938 coenans
614 3882 845 3953 capitur
875 3887 931 3937 et
962 3883 1327 3938 devincitur:
1365 3881 1561 3937 fallere
1593 3882 1745 3937 enim
1781 3881 1995 3936 Roma-

348 3989 456 4028 nos
486 3973 658 4027 etiam
712 3973 1092 4042 jurejurando
1145 3973 1515 4043 interposito,
1568 3971 1723 4043 apud
1774 3972 1997 4025 Turcos

350 4061 612 4116 solemne
663 4066 771 4129 est,
824 4062 995 4116 venia
1051 4061 1297 4133 dignum
1359 4064 1632 4116 censetur
1685 4078 1697 4115 :
1749 4076 1854 4115 nec
1908 4062 1999 4114 est

351 4150 505 4220 quod
539 4149 672 4220 quis
704 4149 1025 4221 perjurium
1061 4158 1311 4206 accuset.
1364 4154 1531 4205 Hunc
1584 4149 1767 4205 multo
1812 4149 1998 4220 pretio

351 4243 617 4309 emptum
652 4255 865 4309 praeses
899 4238 1136 4293 Alexius
1168 4240 1237 4293 ad
1269 4240 1683 4311 imperatorem
1737 4238 1998 4293 vinctum

353 4327 642 4400 perducit,
675 4343 850 4397 quem
886 4329 1165 4382 traditum
1200 4328 1521 4383 tortoribus
1553 4327 1780 4382 bovinis
1811 4326 2000 4382 nervis

351 4416 782 4484 cedendum”
806 4420 897 4471 14
957 4420 1022 4469 ut
1082 4416 1391 4488 fugitivum
1451 4417 1707 4488 aliquem
1766 4432 1996 4471 servum

351 4504 551 4577 ﬂagris
581 4504 1052 4560 intolerabilibus
1084 4506 1386 4573 cruciavit,
1438 4510 1495 4561 et
1542 4506 1602 4559 in
1651 4505 2000 4560 obscurissi-

350 4610 508 4649 mam
541 4595 753 4649 turrim
787 4594 1081 4651 inclusum
1113 4596 1475 4666 contemptui
1496 4595 1751 4651 habebat
1780 4594 2001 4650 catenis

348 4683 633 4739 vinctum.

426 4878 750 4949 Logotbeta
782 4882 975 4935 autem
1013 4877 1334 4951 plurimum
1387 4883 1613 4950 potens,
1668 4884 1731 4935 ut
1778 4879 2001 4935 dictum

353 4971 465 5033 est,
496 4968 649 5038 apud
683 4967 1121 5038 imperatorem,
1154 4968 1356 5023 omnia
1387 4984 1489 5039 pro
1520 4968 1761 5024 arbitrio
1805 4969 2002 5023 mode-

354 5071 514 5121 rans,
549 5055 834 5111 chdomi
885 5056 1307 5111 monasterium
1361 5056 1471 5112 sibi
1524 5057 1726 5113 donari
1779 5061 2004 5129 petens,

354 5159 559 5199 omnes
592 5144 997 5214 possessiones
1030 5149 1087 5200 et
1132 5161 1366 5201 omnem
1421 5145 1536 5201 fere
1586 5150 1866 5217 quantam
1918 5146 2005 5203 sol

352 5234 540 5289 cernit
574 5231 872 5303 regionem
906 5236 1135 5290 studuit
1164 5235 1275 5290 sibi
1308 5236 1607 5291 vindicare
1646 5240 1702 5292 et
1750 5236 2005 5308 copiosis

354 5320 731 5394 proventibus
786 5321 1053 5388 dilatare,
1110 5323 1374 5392 cogitans
1443 5324 1817 5395 improbitate
1891 5326 2006 5380 sibi

353 5409 611 5467 amicum
642 5409 1056 5481 imperatorem
1093 5413 1296 5479 facere,
1316 5417 1372 5467 et
1402 5414 1658 5469 maxima
1688 5412 1901 5468 lucrari
1932 5415 2005 5470 ob

354 5500 483 5570 ejus
514 5498 1065 5571 simplicitatem,ac
1096 5501 1332 5557 nomine
1364 5501 1706 5557 monasterii
1737 5502 2009 5573 ingentes

354 5588 586 5643 divitias
615 5587 885 5661 adipisci.
919 5589 988 5643 Et
1019 5606 1149 5645 cum
1183 5596 1338 5646 esset
1370 5595 1622 5646 maxime
1652 5590 1901 5647 idoneus
1935 5593 2005 5647 ob

352 5676 761 5749 versutiam,si
792 5677 927 5750 quis
960 5677 1134 5747 alius,
1158 5680 1228 5734 ad
1264 5680 1640 5747 lucrandum,
1664 5685 1719 5735 et
1751 5686 2007 5753 quaestus

2101 3258 2399 3331 χωρεῖσθαι
2449 3256 2499 3311 έν
2545 3258 2697 3330 τόπῳ
2746 3258 2843 3325 ἑνὶ,
2887 3258 3033 3332 παρά
3076 3262 3174 3311 τοῦ
3239 3259 3561 3333 Νικηφόρου
3616 3256 3740 3331 πρὸς

2099 3350 2258 3400 τοῦτο
2301 3345 2627 3419 νυττόμονος
2670 3348 2756 3401 καὶ
2809 3344 3231 3422 διεγειρόμενος.
3272 3349 3358 3419 [Ρ.
3409 3349 3534 3419 850]
3581 3342 3735 3399 Στέλ-

2102 3433 2184 3489 λει
2242 3435 2420 3488 τοίνυν
2465 3438 2586 3489 τινὰ
2632 3440 2738 3489 τῶν
2803 3433 3159 3508 εὐπατριδῶν,
3208 3438 3307 3504 τὴν
3377 3437 3471 3509 μὲν
3526 3432 3734 3504 ἡλικίαν

2099 3524 2235 3593 νέον,
2285 3522 2607 3598 δραστήριον
2659 3522 2715 3579 δὲ
2769 3522 2953 3586 ἄλλως
2999 3524 3089 3579 καὶ
3131 3524 3425 3601 ἐχέφρονα,
3473 3525 3560 3578 τὸν
3610 3522 3733 3596 πρό-

2102 3608 2253 3684 εδρον
2285 3610 2529 3681 Ἀλέξιον
2580 3614 2671 3665 τὸν
2724 3614 3029 3683 Κομνηνὸν,
3078 3614 3138 3673 ’ὸς
3195 3611 3246 3665 ἰν
3305 3618 3389 3683 τῷ
3448 3612 3590 3666 ἄστει
3644 3616 3735 3677 τῆς

2102 3699 2396 3770 Ἀμασεῖας
2456 3701 2749 3774 γενόμενος
2803 3698 3114 3777 ἐκαραδόκει
3174 3703 3235 3755 τὸ
3299 3701 3529 3773 μέλλον.
3583 3702 3641 3755 Ὀ
3695 3695 3746 3751 ὃὶ

2101 3788 2411 3850 Ῥουσέλιος
2439 3792 2701 3860 συνθήκας
2732 3791 2820 3844 καὶ
2856 3790 3043 3864 φιλίας
3099 3792 3232 3863 μετά
3290 3796 3391 3845 τοῦ
3436 3796 3541 3845 τῶν
3592 3789 3746 3860 T069-

2103 3899 2212 3931 κων
2246 3876 2567 3953 ἐξάρχοντος
2618 3879 2842 3951 θέμενος
2891 3876 3127 3947 συνῆλθε
3184 3878 3363 3950 τούτῳ
3424 3876 3748 3951 έψιλωμένος

2108 3972 2451 4039 στρατιωτῶν
2499 3968 2573 4029 ὡς
2624 3966 2732 4036 ἤδη
2781 3970 3021 4038 συνήθης
3077 3969 3163 4022 καὶ
3228 3966 3373 4029 ἐθάς.
3409 3970 3495 4025 Ἐν
3560 3971 3652 4039 μιᾷ
3699 3962 3749 4017 δὶ

2110 4053 2435 4110 συνδειπνῶν
2479 4056 2662 4119 αὐτοῖς
2715 4056 2990 4112 ἁλίσκεται
3050 4057 3138 4112 καὶ
3199 4055 3487 4129 δεσμώτης
3544 4051 3748 4111 ἀποδεί-

2107 4165 2340 4200 κνυται·
2404 4144 2609 4215 ἀπατᾷν
2684 4146 2786 4221 γὰρ
2862 4148 3169 4219 Ῥωμαίους
3246 4144 3541 4219 ἐνωμότως
3616 4141 3750 4217 παρὰ

2107 4240 2222 4294 τοῖς
2253 4234 2517 4309 Τοόρκοις
2550 4232 2675 4309 ὅρος
2730 4234 2819 4289 καὶ
2878 4235 3040 4311 λόγος
3097 4234 3385 4309 ένδόσιμος
3414 4235 3501 4290 καὶ
3560 4232 3749 4304 ἄλογο-

2109 4325 2352 4393 θέτητος.
2386 4324 2588 4378 Τοῦτον
2649 4322 2810 4378 ὤνιον
2851 4323 3078 4380 πολλῶν
3131 4326 3159 4379 ὁ
3217 4323 3491 4401 πρόεδρος
3524 4320 3748 4390 ’Δλίξιος

2111 4411 2461 4484 ὠνησάμενος
2520 4412 2573 4476 ἐς
2636 4412 2860 4488 βασιλέα
2925 4413 3115 4478 ἀπάγει
3168 4412 3414 4487 δέσμιον.
3477 4407 3747 4488 Παραδοὺς

2112 4499 2202 4556 οὖν
2238 4501 2265 4554 ὁ
2303 4498 2557 4574 βασιλεὺς
2620 4507 2739 4563 τοῖς
2790 4503 3133 4575 βασανισταῖς
3178 4501 3399 4573 ξεσμοῖς
3456 4501 3747 4571 ἀνηκέστοις

2114 4588 2203 4646 διὰ
2254 4590 2560 4665 βουνεῦρων
2622 4591 2695 4651 ὥς
2751 4611 2871 4644 τινα
2929 4588 3125 4646 δοῦλον
3196 4589 3462 4665 δραπέτην
3516 4588 3745 4663 ᾐκίσατο,

2108 4681 2199 4734 καὶ
2258 4678 2334 4743 εἰς
2379 4676 2473 4732 ἕνα
2540 4683 2647 4733 τῶν
2720 4676 3138 4754 ζοφωδεστάτων
3212 4678 3491 4755 ἐγκλείσας
3543 4676 3745 4749 πύργων

2111 4767 2458 4841 ἀτημέλητον
2493 4768 2635 4842 εἶχεν
2669 4766 2889 4823 ἁλύσεσι
2921 4764 3162 4841 δέσμιον.

2183 4876 2243 4932 Ὁ
2304 4871 2360 4928 δὲ
2421 4874 2727 4948 Λογοθέτης
2804 4872 2939 4948 μέγα
3015 4871 3333 4947 δυνάμενος,
3387 4875 3461 4935 ὡς
3531 4870 3747 4947 εἴρηται,

2112 4963 2259 5037 παρά
2328 4961 2562 5036 βασιλεῖ,
2625 4959 2764 5036 ἄγων
2840 4984 2898 5017 τε
2973 4963 3060 5017 καὶ
3134 4964 3311 5042 φέρων
3387 4964 3558 5017 πάντα
3618 4961 3744 5030 ᾗπερ

2116 5049 2395 5119 ἐϐούλετο,
2428 5052 2525 5119 τὴν
2578 5056 2674 5106 τοῦ
2703 5047 2976 5125 Ἑϐδόμου
3023 5054 3190 5125 μονὴν
3237 5050 3328 5107 διὰ
3369 5050 3568 5126 δωρεᾶς
3616 5045 3745 5117 ἐξαι-

2113 5142 2445 5214 τησάμενος,
2496 5142 2671 5195 πάντα
2717 5144 2969 5213 κτήματα
3015 5141 3104 5196 καὶ
3156 5148 3327 5195 πᾶσαν
3389 5136 3580 5216 σχεδὸν
3626 5134 3745 5202 ὅσην

2115 5229 2276 5298 ἥλιος
2329 5228 2496 5305 ἐφορᾷ
2552 5224 2774 5282 ἔσπευδε
2827 5233 3210 5304 προσκυρῶσαι
3254 5227 3389 5302 αὖτῇ
3453 5223 3538 5281 καὶ
3583 5239 3738 5297 προσ·

2116 5318 2263 5380 ὀδοις
2308 5316 2564 5394 ἀφθόνοις
2614 5315 2974 5388 ἐμπλατῦναι,
3026 5316 3384 5389 σκεπτόμενος
3431 5314 3489 5368 ἐκ
3541 5320 3742 5384 μοχθη-

2118 5408 2234 5484 ρίας
2269 5405 2598 5470 οἷκειοὺσθαί
2648 5427 2704 5460 τε
2755 5407 2846 5459 τὸν
2906 5406 3131 5480 βασιλέα
3179 5407 3265 5460 καὶ
3325 5398 3743 5479 παρακερδαίνιιν

2113 5498 2178 5552 τὰ
2242 5495 2465 5571 μέγιστα
2507 5502 2606 5565 τῆς
2657 5490 2982 5570 ἀϐελτηρίας
3032 5496 3196 5550 αὑτοῦ
3263 5494 3351 5549 καὶ
3405 5497 3482 5564 τῷ
3531 5487 3739 5559 ὀνόματι

2114 5593 2213 5655 τῆς
2277 5592 2451 5657 μονῆς
2494 5589 2731 5639 πλοῦτον
2800 5584 3115 5649 ἐπικτᾶσθαι
3180 5585 3442 5662 ὑπερφυῆ.
3494 5572 3739 5649 Ποριμώ·

2118 5696 2276 5738 τατος
2328 5672 2386 5730 δὲ
2440 5672 2513 5729 ὢν
2559 5674 2652 5737 είς
2692 5674 2903 5745 κακίαν,
2946 5673 3094 5751 εἷ’περ
3145 5696 3225 5737 τις
3271 5672 3469 5748 ἕτερος,
3517 5666 3600 5723 καὶ
3652 5665 3739 5719 ’τοὗ
