4046 6144
302 342 419 403 445

1820 362 2214 425 HISTORIA.

3599 363 3739 426 446‘

298 468 598 548 κιρδαλέου
641 475 812 571 ’χαριν
854 478 1086 553 μηδενὸς
1117 481 1291 561 δυσφή
1303 509 1407 560 μου
1442 486 1710 564 ὀνόματος
1740 494 1937 570 ἀπεχό-

2057 497 2245 570 gratia
2291 498 2438 554 nulli
2498 516 2744 571 parcens
2803 499 3081 567 infamiae,
3116 498 3410 555 officinam
3444 497 3502 553 in
3538 497 3714 554 Rhae-

306 582 488 655 μενος,
550 564 827 641 φούνδακα
883 573 996 645 (35)
1053 576 1103 629 έν
1134 575 1205 649 τῇ
1257 576 1546 653 Ῥαιδεστῷ
1574 582 1664 636 καὶ
1701 564 1954 655 μονοπω-

302 650 450 746 λεῖον
544 658 904 727 συνεστήτατο
939 707 954 733 ,
1026 661 1277 729 κωλύσας
1355 668 1444 723 καὶ
1511 650 1762 746 ἀπείρξας
1827 672 1953 737 τοὺς

300 739 629 836 πωλοιξντας
690 746 944 816 ἅπαντας,
1003 752 1066 805 τὸ
1121 754 1399 828 βασιλικὸν
1461 757 1518 813 δὲ
1551 739 1714 832 μόνον
1743 765 1955 836 πρατή-

306 850 419 923 ριον
469 830 885 908 ἐμηχανήσατο·
940 840 1083 915 παρὸ
1130 844 1220 898 καὶ
1266 843 1428 919 λιμὸν
1475 830 1953 923 ἐπραγματεύσατο

315 920 563 994 μὲγιστον
629 924 719 977 καὶ
784 930 891 980 τῶν
952 931 1176 985 πώποτε
1236 937 1730 1010 μνημονευομένων
1786 940 1953 994 ἀπαν-

315 1008 653 1101 θρωπᾷτατον
692 1055 706 1081 ,
768 1014 842 1077 ὡς
900 1017 991 1071 καὶ
1065 1025 1144 1093 τῷ
1204 1022 1419 1097 βασιλεῖ
1474 1008 1586 1081 ἀντ’
1644 1027 1953 1101 ἰπωνυμίας

311 1098 546 1170 γενέσθαι
586 1100 773 1171 αὐτὸν,
802 1105 891 1159 καὶ
945 1107 1050 1163 ἀπὸ
1107 1111 1301 1166 τούτου
1354 1112 1566 1187 μᾶλλον
1599 1118 1633 1187 ἢ
1674 1122 1770 1171 τοῦ
1817 1098 1952 1193 προ-

306 1192 551 1283 γονικρῦ-
583 1192 939 1283 γινώσκεσθαι
996 1204 1111 1260 τοῖς
1176 1202 1494 1273 μετέπειτα·
1558 1207 1793 1281 Μιχαὴλ
1848 1192 1949 1283 γάρ

299 1294 383 1369 τις
436 1275 625 1369 εἰπὼν,
683 1280 733 1334 εἴ
790 1284 865 1355 μὴ
920 1287 1180 1361 προσθείη
1240 1290 1328 1344 καὶ
1380 1294 1471 1346 τὸν
1527 1295 1947 1369 Παραπινοὶκιον,

300 1363 404 1417 οὐκ
434 1364 491 1418 ἂν
520 1368 731 1441 γένοιτο
764 1372 1046 1445 συντόμως
1079 1380 1523 1455 γνωριμώτερος,
1559 1381 1648 1438 διὰ
1684 1386 1745 1438 τὸ
1798 1406 1949 1454 τηνι-

296 1452 470 1508 καῦτα
499 1455 593 1510 τόν
628 1456 821 1530 μόδιον
852 1464 997 1539 παρὰ
1025 1468 1272 1523 πινάκιον
1304 1474 1381 1541 τῷ
1396 1473 1690 1544 νομίσματι
1713 1475 1949 1550 πιπράσ-

302 1543 509 1599 κεσθαι.

374 1636 463 1704 Τῷ
517 1631 575 1688 δὲ
620 1636 822 1711 πρώτῳ
870 1636 977 1695 ἔτει
1009 1649 1111 1713 τῆς
1147 1644 1422 1720 βασιλείας
1453 1650 1642 1717 αὐτοῦ,
1677 1648 1947 1706 ἷνδιιιτιῶ-

300 1742 387 1814 νος
424 1729 510 1791 ια’,
545 1725 609 1779 τὸ
664 1731 771 1781 τῶν
834 1726 1050 1804 Σέρϐων
1094 1732 1263 1804 ἔθνος,
1298 1737 1389 1801 οὕς
1446 1736 1512 1808 δὴ
1544 1740 1632 1793 καὶ
1664 1736 1946 1814 Χροϐἀτας

299 1807 681 1903 καλοῦσα-τήν
739 1817 1073 1895 Βουλγαρίαν
1129 1820 1323 1893 ἐξῆλθε
1369 1825 1945 1903 καταδουλωσόμενον.

308 1899 414 1990 Τον
468 1899 526 1955 δὲ
568 1902 770 1977 τρόπον
805 1905 1003 1971 ἄνωθεν
1046 1908 1332 1968 ἀναλαϐὼν
1382 1912 1741 1990 διηγήσομαι.
1771 1899 1949 1974 Bact-

302 1985 604 2081 λείουγᾶρ
662 1998 757 2047 τοῦ
819 1996 1106 2070 βασιλέως,
1168 1985 1546 2073 ὁπηνίκα
1607 1985 1947 2081 Βουλγαρίαν

306 2076 641 2170 ὑπηγάῖ⁸τ⁰›
704 2085 777 2153 μὴ
842 2084 1172 2157 Θελτςσαντός
1226 2113 1278 2146 τι
1325 2102 1630 2170 νεοχμῆσαι
1686 2076 1792 2150 τῶν
1832 2076 1949 2150 ⁷ἑθίε-

305 2188 420 2260 μων
469 2167 655 2240 αὐτοῦ,
707 2172 832 2228 ἀλλ’
883 2177 986 2231 ὑπὸ
1032 2186 1147 2242 τοῖς
1182 2183 1457 2259 σφετέροις
1491 2185 1719 2260 ἄρχουσί
1752 2207 1809 2241 τε
1858 2187 1946 2241 καὶ

299 2252 456 2349 ἤθεσι
503 2258 573 2313 τὰ
637 2264 755 2325 καθ’
803 2264 1025 2330 ἑαυτοὺς
1076 2252 1354 2344 ὁρίσαντος
1403 2252 1757 2349 διεξοὶνεσθαι,
1811 2288 1944 2340 καθ-

300 2343 375 2440 ιός
434 2365 542 2399 που
593 2349 683 2402 καὶ
735 2349 823 2406 ἐπὶ
878 2359 974 2408 τοῦ
1026 2343 1315 2430 Σαμουὴλ,
1376 2360 1434 2424 ὅς
1488 2343 1663 2416 αὐτῶν
1698 2365 1949 2440 ἀρχηγὸς

296 2430 505 2506 ἐγένετο
558 2434 667 2507 ἤδη
722 2440 817 2512 μὲν
876 2444 965 2497 οὗν
1016 2447 1102 2500 καὶ
1148 2447 1410 2523 πρότερον
1463 2451 1552 2505 τὸν
1586 2430 1944 2516 ἔθειος’ῖτετά-

301 2542 503 2619 ρακτο,
584 2529 667 2601 [Ρ.
736 2533 861 2605 851]
937 2536 1037 2602 τήν
1116 2536 1414 2608 ἀπληστίαν
1493 2543 1568 2613 μὴ
1630 2541 1789 2619 φέρον
1848 2544 1943 2597 τοῦ

302 2609 736 2706 ορφανοτρόφου,
799 2620 886 2675 ὅτι
950 2624 1044 2678 τὸν
1117 2625 1380 2682 Δολεάνον
1448 2609 1652 2685 ἑαυτῶν
1699 2609 1946 2706 ’βασιλέα

298 2699 732 2795 ξπευφήμησαν,
806 2713 926 2785 περὶ
1014 2715 1085 2767 ὧν
1169 2717 1304 2771 κατὰ
1391 2718 1552 2795 μέρος
1637 2718 1943 2791 δεδήλωται

298 2788 523 2864 ἄνωθεν,
597 2794 870 2873 ἀπέϐλεψε
947 2800 1003 2856 δὲ
1070 2805 1158 2859 καὶ
1241 2810 1329 2861 νῦν
1403 2788 1539 2884 πρὸς
1591 2810 1941 2869 ἀποστασίαν.

296 2882 399 2948 Τήν
453 2883 559 2959 γὰρ
617 2888 712 2940 τοῦ
744 2890 1063 2968 Νικηφόρου
1126 2894 1201 2967 μή
1235 2897 1395 2971 φέρον
1434 2882 1738 2970 ἀπληστίαν
1792 2902 1878 2956 καὶ
1914 2901 1945 2955 ἃ

296 2971 429 3025 κατὰ
476 2974 693 3030 πάντων
743 2978 889 3050 αὐτῷ
935 2985 1320 3059 μεμηχάνητο,
1359 2985 1575 3050 οὐδενὸς
1627 2989 1944 3065 ἐπιστρεφο-

301 3060 462 3130 μὲνου
504 3067 604 3116 τοῦ
656 3066 946 3140 βασιλέως,
989 3078 1109 3135 ταῖς
1158 3072 1547 3149 παιδαριώδεσι
1598 3075 1653 3132 δὶ
1701 3060 1942 3140 παίδιαῖς

296 3149 459 3219 μόνον
549 3157 1021 3232 προσανέχοντος,
1110 3164 1162 3216 οἱ
1237 3167 1370 3218 κατὰ
1436 3168 1535 3236 τήν
1601 3166 1938 3242 Βουλγαρίαν

1984 1872 2031 1936 Β

2067 590 2233 644 desto
2262 593 2319 644 et
2351 590 2754 661 monopolium
2786 589 3069 654 instituit,
3102 588 3420 660 prohibens
3450 592 3507 642 et
3556 603 3717 642 coer-

2067 693 2205 733 cens
2263 694 2469 733 omnes
2525 679 2875 746 vendentes;
2955 677 3269 748 solumque
3342 676 3716 748 imperatoris

2066 767 2256 821 forum
2314 766 2516 822 venale
2575 767 2945 823 machinatus
2998 770 3106 822 est.
3154 767 3234 821 Ex
3283 781 3399 837 quo
3450 764 3716 819 maximae

2065 856 2235 910 famis
2280 861 2483 910 auctor
2533 856 2658 923 fuit,
2713 862 2768 910 et
2817 872 3068 926 quarum
3124 870 3383 925 unquam
3439 852 3715 907 memine-

2064 944 2181 997 rint
2212 944 2479 1000 homines
2512 944 2950 1011 crudelissimis,
2985 943 3068 998 ita
3101 948 3163 997 ut
3212 943 3348 997 inde
3399 942 3720 1013 imperator

2064 1038 2517 1104 cognomentum
2576 1034 2881 1098 invenerit,
2936 1050 2969 1088 a
3024 1048 3139 1102 quo
3201 1030 3393 1102 magis
3452 1044 3632 1100 quam
3684 1046 3717 1083 a

2065 1123 2355 1192 majorum
2388 1140 2627 1179 suorum
2672 1122 2907 1177 nomine
2957 1122 3206 1192 posteris
3255 1125 3343 1175 est
3391 1118 3711 1189 cognitus:

2064 1228 2195 1265 nam
2228 1213 2276 1267 si
2308 1213 2443 1283 quis
2476 1214 2632 1268 dicat
2665 1212 2933 1280 Michael,
2968 1228 3157 1282 neque
3189 1210 3366 1265 addat
3401 1209 3711 1278 Parapina-

2059 1301 2205 1368 cius,
2243 1302 2397 1356 haud
2431 1304 2631 1357 statim
2664 1301 3059 1373 cognoscitur,
3094 1317 3159 1354 eo
3196 1300 3350 1371 quod
3382 1305 3525 1352 tunc
3576 1313 3705 1351 mo-

2061 1390 2194 1445 dius
2228 1392 2582 1465 numismate
2622 1393 2993 1459 venderetur,
3045 1389 3146 1446 sed
3198 1386 3428 1460 pinacio
3482 1386 3705 1457 minus,

2059 1480 2157 1550 qui
2193 1481 2472 1536 medimni
2503 1483 2801 1552 quadrans
2829 1484 2937 1536 est.

2131 1660 2325 1716 Primo
2384 1665 2579 1716 autem
2629 1659 2859 1731 imperii
2913 1658 3102 1730 ipsius
3162 1673 3338 1722 anno,
3386 1653 3709 1709 indictione

2061 1751 2390 1806 undecima.
2424 1751 2734 1805 Servorum
2768 1764 2933 1821 gens,
2967 1764 3115 1819 quos
3155 1746 3329 1802 etiam
3380 1743 3703 1799 Chrobatas

2059 1845 2291 1907 vocant,
2324 1840 2465 1895 exiit
2495 1844 2559 1894 ut
2587 1839 2921 1910 Bulgariam
2955 1838 3011 1892 in
3044 1836 3386 1892 servitutem
3425 1834 3569 1890 715
3617 1850 3706 1889 re-

2059 1928 2301 1984 dactura
2363 1947 2375 1985 :
2437 1929 2727 2000 quomodo
2775 1943 2933 1994 vero,
3001 1925 3178 1981 altius
3245 1924 3371 1995 ipse
3436 1928 3705 1994 repetens

2058 2019 2364 2074 enarrabo.
2397 2022 2542 2072 Nam
2576 2034 2711 2072 cum
2744 2015 3007 2071 Basilius
3052 2013 3388 2085 imperator,
3439 2027 3505 2067 eo
3554 2016 3703 2065 tem-

2058 2122 2195 2176 pore
2225 2124 2336 2179 quo
2368 2106 2701 2179 Bulgariam
2735 2105 2988 2176 subegit,
3041 2102 3219 2158 nollet
3265 2100 3487 2173 aliquid
3534 2099 3702 2154 inno-

2057 2212 2188 2252 vare
2237 2213 2437 2253 eorum
2490 2214 2615 2268 quae
2665 2196 2776 2267 ipsi
2811 2194 3026 2249 usitata
3055 2195 3243 2260 erant,
3276 2206 3473 2246 verum
3509 2189 3702 2261 praeﬁ-

2058 2286 2242 2341 nisset
2293 2292 2356 2341 ut
2414 2304 2444 2341 a
2496 2285 2621 2341 suis
2678 2283 3045 2356 principibus
3101 2284 3402 2352 regeretur
3457 2278 3700 2349 suisque

2056 2378 2316 2433 moribus
2349 2378 2606 2448 degeret,
2639 2374 3135 2447 quemadmodum
3185 2372 3323 2426 item
3374 2371 3701 2442 imperante

2051 2466 2339 2534 Samuele,
2373 2467 2473 2537 qui
2504 2467 2623 2520 dux
2653 2466 2915 2535 ipsorum
2967 2462 3190 2517 fuit.....
3234 2462 3360 2531 jam
3410 2459 3591 2532 igitur
3639 2463 3696 2512 et

2056 2556 2216 2627 prius
2247 2557 2401 2610 natio
2436 2554 2775 2626 perturbata
2804 2553 3013 2617 fuerat,
3046 2551 3200 2622 quod
3236 2565 3347 2604 non
3381 2548 3557 2602 ferret
3605 2564 3698 2600 or-

2056 2645 2445 2717 phanotrophi
2491 2644 2814 2710 avaritiam,
2867 2642 3103 2714 quando
3152 2639 3469 2696 Doleanum
3520 2652 3695 2692 suum

2055 2751 2247 2807 regem
2308 2736 2703 2799 declararunt,
2756 2748 2884 2803 quae
2932 2729 3235 2801 sigillatim
3286 2726 3558 2798 superius
3607 2726 3699 2780 de-

2056 2828 2380 2879 monstrata
2406 2828 2563 2879 sunt.
2597 2823 2667 2877 Et
2712 2838 2868 2876 nunc
2917 2836 3148 2892 quoque
3196 2819 3265 2873 ad
3317 2816 3693 2872 rebellionem

2054 2915 2341 2985 spectavit
2365 2931 2377 2970 :
2399 2930 2585 2984 neque
2608 2913 2764 2968 enim
2789 2911 3010 2967 ferebat
3032 2908 3339 2980 Nicephori
3365 2904 3694 2969 avaritiam,

2051 3008 2108 3058 et
2129 3020 2251 3073 quae
2273 3008 2474 3057 contra
2495 3018 2700 3057 omnes
2741 3001 2866 3072 ipse
2909 2998 3277 3054 machinatus
3322 2996 3516 3061 fuerit,
3546 2993 3692 3049 nihil

2052 3098 2295 3146 curante
2325 3092 2803 3162 imperatore,sed
2839 3090 2978 3145 solis
3012 3087 3336 3158 puerilibus
3358 3085 3513 3139 ludis
3534 3099 3696 3138 occu-

2054 3184 2205 3249 pato.
2243 3180 2518 3252 Bulgariaa
2552 3180 2844 3251 principes
2875 3175 3217 3233 Michaelem
3270 3190 3443 3228 suum
3497 3171 3695 3243 praefe-

292 3239 621 3342 προέχοντες
698 3244 903 3315 ἀξιοῦσι
977 3250 1067 3304 τὸν
1135 3253 1435 3329 Μιχαηλᾶν
1505 3239 1773 3333 ἀρχηγὸν-
1811 3239 1937 3313 ὅντα

2053 3239 2210 3325 ctum
2247 3239 2451 3337 petunt
2481 3239 2592 3325 sibi
2624 3239 2792 3342 opem
2823 3270 2971 3324 ferre
3009 3271 3066 3322 et
3112 3264 3411 3337 opitulari,
3464 3239 3695 3333 sibique

289 3324 553 3402 ἐπαρῆξαι
605 3334 788 3396 αὐτοῖς
836 3338 926 3391 καὶ
985 3349 1345 3417 συνεργῆσαι,
1404 3342 1587 3400 δοῦναί
1644 3368 1701 3400 τε
1756 3347 1938 3409 αὐτοῖς

289 3417 380 3512 τὸν
441 3420 558 3512 υἱον
621 3422 804 3493 αὐτοῦ,
866 3428 940 3489 ὡς
1000 3431 1060 3483 ἂν
1119 3430 1278 3486 αὐτὸν
1343 3434 1567 3508 βασιλέα
1598 3434 1938 3512 Βουλγαρίας

290 3508 667 3583 ἀνακηρύξωσι
718 3514 808 3567 καὶ
855 3523 956 3586 τῆς
1012 3518 1069 3573 ἐκ
1124 3524 1232 3575 τῶν
1290 3524 1577 3596 Ῥωμαίων
1637 3508 1933 3600 ἐλευθερω-

286 3602 423 3659 Θεῖεν
475 3597 925 3667 καταδυναστείας
973 3608 1060 3661 καὶ
1111 3609 1434 3684 βαρύτητος.
1480 3614 1541 3669 Ὀ
1592 3610 1649 3668 δὲ
1687 3597 1934 3688 ἀσμένως

284 3685 544 3741 ὑπακούει
598 3690 798 3759 αὐτῶν,
854 3697 1197 3769 τριακοσίους
1241 3721 1299 3755 τε
1342 3706 1449 3755 τῶν
1480 3703 1670 3758 ἑαυτοῦ
1730 3705 1933 3760 ἀπολε-

280 3773 512 3866 ξάμενος
572 3779 659 3833 καὶ
714 3786 792 3853 τῷ
846 3783 1031 3858 οἰκείῳ
1091 3789 1191 3857 υἱῷ
1252 3791 1642 3865 Κωνσταντίνῳ
1706 3800 1783 3866 τῷ
1843 3795 1933 3849 καὶ

278 3861 945 3957 Βοδίνιμᾉόνομαζομὲνῳ
999 3872 1275 3950 παραδοὺς
1306 3878 1384 3940 εἲς
1443 3861 1784 3957 Βουλναρίαν
1846 3884 1932 3955 ἐξ·

279 3952 649 4013 αποστέλλει.
708 3960 939 4030 ’Ἐξεισιν
1000 3963 1091 4017 οὗν
1154 3965 1228 4027 είς
1284 3969 1351 4022 τὰ
1408 3952 1747 4043 Πρισδίανα,
1808 3952 1933 4037 ἔνόα

277 4046 748 4135 συναθροισθέντες
780 4051 831 4103 οἱ
865 4050 919 4106 ἐν
948 4058 1063 4115 τοῖς
1110 4056 1368 4119 Σκοπίοις
1427 4059 1780 4135 προέχοντες,
1847 4066 1929 4125 οἷς

280 4129 516 4227 ἔξαρχος
544 4135 610 4203 ἦν
642 4139 908 4214 Γεώργιος
939 4141 965 4194 ὁ
1008 4143 1299 4219 Βοϊτάχος,
1337 4152 1432 4201 τοῦ
1462 4129 1926 4227 τῶν-*Κομχάνων

275 4221 465 4315 γένους
519 4227 966 4315 Δκαταγόμενος,
1050 4232 1276 4307 βασιλέα
1360 4221 1709 4315 Βουλγάρωνν
1747 4221 1925 4297 -αὐτὸν

275 4308 623 4386 ἆνεκήρυξαν,
699 4317 896 4393 Πέτρον
969 4319 1082 4375 ἀντὶ
1139 4326 1549 4380 Κωνσταντίνου
1619 4333 1927 4403 μετονομά-

277 4419 507 4490 σαντες.
566 4404 736 4478 ⁶Οπερ
788 4406 1024 4471 ἀκούσας
1072 4411 1100 4465 ὁ
1158 4411 1209 4466 ἐν
1257 4413 1517 4477 Σκοπίοις
1578 4414 1774 4473 διέπων
1825 4423 1922 4490 τὴν

278 4488 457 4579 ᾇρχήν
519 4496 615 4546 τοῦ
664 4491 857 4557 δουκὸς
913 4499 1226 4577 Νικηφόρος
1280 4504 1307 4557 ὁ
1366 4510 1741 4579 Καραντηνὸς,
1798 4488 1924 4575 τους

2048 3361 2275 3416 tradere
2308 3360 2589 3429 tilium,ut
2619 3360 2814 3430 ipsum
2839 3357 3125 3428 Bulgariae
3157 3370 3344 3423 regem
3378 3350 3695 3419 declarent,

2048 3454 2104 3504 et
2134 3467 2164 3504 a
2197 3451 2591 3504 Romanorum
2623 3448 2869 3520 imperio
2900 3452 2957 3501 et
2986 3443 3328 3501 crudelitate
3354 3458 3485 3496 eum
3510 3440 3695 3495 vindi-

2049 3544 2199 3593 cent.
2236 3538 2336 3594 Ille
2368 3545 2559 3593 autem
2589 3538 2842 3592 libenter
2872 3535 3017 3607 ipsis
3047 3531 3507 3603 obtemperabat,
3538 3528 3695 3583 dele-

2047 3631 2276 3699 ctisque
2308 3644 2337 3683 e
2369 3628 2493 3684 suis
2524 3626 2819 3691 trecentis,
2863 3631 2919 3681 et
2970 3642 3073 3679 suo
3120 3622 3238 3677 ﬁlio
3288 3618 3690 3689 Constantino,

2046 3717 2138 3770 cui
2174 3718 2391 3771 Bodino
2423 3732 2745 3787 cognomen
2778 3721 2920 3781 erat,
2953 3714 3207 3780 traditis,
3253 3711 3309 3765 in
3352 3708 3685 3781 Bulgariam

2044 3820 2177 3859 eum
2214 3806 2413 3861 mittit.
2465 3805 2591 3859 Exit
2636 3804 2817 3875 igitur
2864 3803 2934 3858 ad
2985 3801 3313 3865 Prisdiana,
3355 3798 3450 3853 ubi
3505 3796 3687 3852 coacti

2044 3910 2309 3964 proceres
2333 3894 2429 3965 qui
2457 3894 2516 3948 in
2537 3893 2758 3965 Scopiis
2790 3896 3233 3962 erant,quorum
3267 3887 3538 3959 princeps
3569 3889 3693 3939 erat

2044 3982 2326 4055 Georgius
2350 3983 2684 4050 Boitachus,
2710 4000 2742 4037 a
2766 3980 3115 4037 Comchanis
3138 3978 3419 4049 originem
3445 3977 3688 4042 ducens,

2043 4073 2425 4141 Bulgarorum
2454 4089 2648 4144 regem
2672 4073 2866 4143 ipsum
2894 4069 3285 4133 declararunt,
3317 4066 3549 4121 Petrum
3584 4080 3687 4136 pro

2040 4162 2425 4217 Constantino
2450 4167 2672 4217 mutato
2697 4160 2934 4215 nomine
2954 4155 3415 4220 vocantes.Quod
3448 4154 3684 4224 quidem

2038 4251 2283 4306 audiens
2314 4253 2365 4306 is
2397 4252 2495 4323 qui
2528 4251 2747 4322 Scopiis
2777 4249 2941 4303 ducis
2973 4246 3283 4317 imperium
3317 4241 3690 4299 administra-

2037 4340 2155 4409 bat,
2212 4342 2576 4413 Nicephorus
2636 4346 3019 4403 Carantenus,
3069 4353 3203 4392 cum
3254 4336 3378 4390 suis
3432 4334 3685 4388 ducibus

2035 4447 2181 4501 quos
2213 4431 2482 4497 habebat,
2512 4431 2583 4485 ad
2619 4430 2919 4484 Prisdiana
2967 4428 3117 4482 716
3167 4442 3229 4481 se
3275 4424 3500 4480 confert
3548 4439 3682 4478 cum

2038 4519 2360 4591 Bulgaricis
2391 4522 2595 4591 copiis.
2633 4524 2857 4574 Interea
2887 4534 3017 4572 vero
3051 4519 3191 4571 dum
3224 4514 3319 4568 hic
3350 4515 3422 4568 ad
3461 4512 3682 4567 bellum

282 4580 369 4654 ὑφ’
427 4580 591 4634 αὐτὸν
669 4585 1001 4661 στρατηγοὺς
1072 4586 1405 4659 παραλαϐὼν
1464 4592 1673 4651 ἄπεισιν
1730 4599 1805 4662 εἷς
1860 4601 1927 4657 τὰ

2050 4625 2097 4664 se
2145 4611 2544 4681 comparabat,
2596 4608 2932 4681 supervenit
2976 4622 3280 4662 successor
3329 4603 3519 4675 ipsius
3576 4604 3680 4657 Da-

284 4665 603 4759 ξῖρισδ-ίαναῗ
647 4674 782 4744 μετὰ
849 4680 955 4729 τῶν
1029 4675 1412 4756 Βουλγαρικῶν
1476 4681 1774 4759 δυνάμεων.
1840 4690 1924 4745 Ἐν

279 4754 417 4849 δσιρ⁸
449 4756 510 4849 δε
559 4758 717 4849 cirros
766 4762 832 4816 τὰ
879 4766 1013 4835 πρὸς
1060 4766 1148 4820 τὸν
1192 4754 1439 4841 πόλεμον
1483 4754 1756 4849 ἐξήρτυεν,
1815 4778 1928 4833 ἐπι-

275 4841 539 4901 κατέλαϐε
597 4844 857 4925 διάδοχος
914 4852 1079 4909 αὐτοῦ
1139 4861 1409 4931 Δαμιανὸς
1460 4863 1488 4916 ὁ
1556 4841 1922 4937 Ᾰαλασσηνός.

277 4936 528 4999 Ἐνωθεὶς
580 4940 756 4993 τοίνυν
817 4944 953 5013 μετὰ
1014 4949 1111 5000 τοῦ
1189 4954 1527 5024 Καραντηνοῦ
1562 4997 1575 5021 ,
1635 4936 1820 5012 πολλᾶ
1870 4980 1922 5014 τι

271 5027 617 5098 κερτομήσας
675 5028 853 5099 αὐτὸν,
904 5032 991 5086 καὶ
1036 5032 1090 5098 ἐς
1137 5032 1357 5092 ἕκαστον
1414 5037 1469 5094 δὲ
1515 5047 1622 5097 τῶν
1652 5043 1743 5098 σὺν
1776 5046 1923 5120 αὐτῷ

276 5119 589 5201 στρατηγῶν
649 5116 1057 5194 ἐμπαροινήσας
1119 5125 1218 5179 οὐκ
1276 5126 1438 5201 ὀλίγα
1493 5130 1583 5185 καὶ
1638 5133 1711 5194 ὡς
1764 5116 1920 5190 ἀνάνλ

278 5198 436 5275 ὄρους
492 5207 827 5295 μυκτηρίσας
887 5209 1080 5272 αὐτοὺς
1113 5254 1127 5281 ,
1180 5216 1566 5290 συνταξάμενος
1614 5217 1920 5295 συμϐάλλει

273 5298 386 5353 τοῖς
433 5288 663 5367 Σέρϐοις
722 5296 936 5371 εὐθέως,
998 5301 1094 5355 Καὶ
1152 5302 1352 5377 γίνεται
1389 5288 1543 5383 μάχη
1577 5288 1773 5388 φρικτὴ
1831 5317 1919 5369 καὶ

268 5382 449 5455 τροΚή
505 5388 613 5437 τῶν
675 5385 957 5459 Ῥωμαίων
1019 5389 1438 5470 φρικωδεστέρα·
1494 5382 1756 5456 πίπτουσι
1816 5406 1918 5481 γὰρ

2038 4698 2267 4753 mianus
2300 4698 2684 4767 Dalassenus;
2717 4698 2980 4770 quicum
3031 4713 3097 4751 eo
3147 4695 3495 4764 conjunctus
3543 4708 3678 4747 cum

2036 4786 2237 4842 multis
2259 4803 2392 4842 eum
2420 4788 2698 4842 conviciis
2728 4787 3022 4842 affecisset
3042 4789 3097 4840 et
3119 4784 3275 4838 haud
3308 4781 3680 4836 mediocriter

2033 4878 2088 4930 in
2124 4879 2252 4947 ejus
2281 4878 2497 4934 milites
2530 4878 2924 4934 debacchatus
2958 4877 3183 4940 fuisset,
3224 4878 3505 4944 tanquam
3565 4872 3679 4927 im-

2035 4966 2212 5022 belles
2235 4984 2335 5023 eos
2355 4968 2921 5031 irridens,instructa
2941 4966 3062 5021 acie
3083 4981 3217 5019 cum
3248 4962 3443 5018 Servis
3474 4961 3676 5017 statim

2034 5055 2301 5126 praelium
2334 5057 2670 5111 committit.
2708 5057 2911 5127 Fitque
2938 5054 3258 5123 ,horribilis
3308 5069 3523 5123 pugna,
3575 5051 3674 5106 sed

2033 5143 2219 5198 multo
2245 5144 2579 5201 horribilior
2600 5145 2997 5200 Romanorum
3020 5142 3247 5198 clades:
3271 5141 3489 5197 cadunt
3518 5139 3675 5195 enim

2032 5231 2199 5287 multi
2232 5249 2300 5287 ex
2327 5234 2603 5288 Romanis
2630 5237 2686 5287 et
2718 5232 3007 5303 Bulgaria,
3042 5237 3098 5285 et
3136 5231 3249 5285 vivi
3283 5228 3525 5302 plurimi
3573 5245 3673 5284 ca-

2030 5321 2358 5391 piuntur,in
2392 5322 2608 5393 quibus
2637 5322 2761 5392 ipse
2793 5336 3026 5393 quoque
3056 5320 3173 5375 dux
3203 5320 3523 5376 Damianus
3565 5324 3674 5376 Da-

2027 5407 2322 5477 lassenus,
2355 5414 2411 5466 et
2441 5410 2540 5482 qui
2569 5410 2874 5465 dicebatur
2902 5409 3205 5479 Probatas,
3247 5414 3303 5465 et
3351 5410 3670 5483 Longibar-

1589 5518 1831 5578 JACOBI
1872 5523 2005 5581 GOA
2016 5526 2085 5582 BI
2124 5526 2351 5584 NOTAE.

269 5601 445 5691 δβῷ
480 5602 719 5687 Mensa!"
750 5606 1235 5691 δίνθ.ηθ.9⁰ίξαί⁶φ
1285 5619 1682 5691 ἐλνθεηὲαῗίαηιν
1734 5622 1908 5691 Ofﬁci-

267 5690 386 5728 nam
431 5679 780 5751 usurarium,
829 5679 901 5734 ab
960 5679 1120 5739 Italis
1159 5679 1401 5754 fundaéo
1448 5686 1554 5743 ἀπὸ
1600 5679 1697 5744 τοῧ
1745 5679 1907 5767 ιρὀύν-

2018 5620 2133 5709 ξου,
2166 5644 2199 5681 α
2226 5628 2419 5709 fundo,
2454 5627 2508 5682 id
2540 5633 2889 5709 est,_az¢mma
2915 5633 3260 5703 pecuniaria,
3292 5648 3429 5688 voce
3453 5630 3666 5687 Grecis

2020 5698 2449 5757 Jureconsultis
2482 5704 2618 5758 nota
2646 5701 2882 5760 dictam.
