4046 6144
291 360 410 419 44⁵7

1602 355 1929 419 JOANNIS
1987 354 2393 420 SGYLI'I‘Z/E

3583 352 3705 414 448

291 490 546 563 dopulus
575 493 633 547 et
659 488 756 545 alii
792 488 1126 561 frequentes
1166 505 1300 545 cum
1354 487 1520 561 ipsis.
1575 488 1753 560 Capta
1801 491 1941 543 sunt

2072 485 2256 543 πολλοὶ
2313 487 2371 544 ἔκ
2422 509 2482 544 τε
2510 485 2797 562 Ῥωμαίων
2829 486 2917 542 καὶ
2964 483 3317 561 Βουλγάρων,
3370 487 3697 560 ζωγροῦνται

290 582 428 636 item
488 579 687 635 omnia
732 585 945 645 castra,
997 583 1053 637 et
1097 579 1297 634 omnia
1344 595 1474 650 quae
1513 578 1573 634 in
1605 577 1750 649 ipsis
1780 581 1948 632 erant

294 670 715 742 direpta.innc
757 674 951 740 aperte
985 667 1214 740 Bulgari
1264 670 1553 723 Bodinum
1603 684 1797 739 regem
1848 668 1946 722 de-

296 760 546 827 clarant,
601 763 667 813 ut
709 758 930 813 dictum
987 761 1095 828 est,
1149 763 1375 813 mutato
1425 757 1664 812 nomine
1712 758 1947 811 Petrum

300 848 685 920 appellantes.
718 848 787 902 Et
816 847 872 901 in
908 847 1056 902 duas
1088 852 1284 918 partes
1315 846 1507 917 divisi,
1539 846 1638 903 alii
1672 864 1804 902 cum
1836 846 1948 902 Bo-

298 937 435 993 dino
465 938 534 991 ad
567 936 771 991 Nisum
804 952 865 991 se
895 936 1210 994 contulere.
1265 935 1362 990 alii
1412 936 1691 991 Petrilum
1741 953 1947 1007 quem-

298 1028 457 1093 dam,
513 1026 605 1080 cui
641 1026 839 1096 primae
872 1026 1023 1095 apud
1062 1026 1344 1080 Bodinum
1381 1032 1577 1097 partes
1608 1026 1948 1081 defereban-

300 1118 416 1180 tur,
478 1112 666 1167 secuti
725 1112 1007 1166 adversus
1066 1112 1385 1177 Romanos,
1432 1112 1533 1184 qui
1582 1113 1638 1167 in
1690 1112 1949 1167 Castoria

298 1207 484 1272 erant,
513 1201 753 1273 profecti
785 1205 925 1256 sunt
959 1217 970 1255 :
1006 1200 1126 1257 illic
1155 1202 1309 1257 enim
1346 1220 1513 1258 muro
1567 1203 1947 1258 muniendam

304 1291 508 1345 urbem
555 1294 925 1354 curaverant,
978 1289 1256 1346 Romanis
1304 1293 1582 1361 faventes,
1633 1297 1696 1346 ut
1726 1292 1947 1345 dictum

301 1384 410 1449 est,
443 1384 500 1435 et
531 1381 804 1437 Achridis
832 1387 1037 1452 praeter
1063 1381 1359 1437 Marianus
1388 1388 1445 1437 et
1485 1381 1765 1453 patricius
1814 1382 1949 1436 Dia-

303 1470 500 1525 boleos
531 1475 587 1524 et
612 1471 923 1541 proconsul
962 1470 1369 1542 Theognostus
1400 1472 1659 1537 Burtzes,
1714 1476 1770 1525 et
1817 1486 1949 1526 cum

307 1558 437 1628 ipso
469 1558 745 1613 Castoris:
778 1558 1474 1630 praat'ectus,quibuscum
1507 1561 1737 1615 Borises
1770 1560 1948 1615 David

301 1652 359 1702 et
388 1647 487 1702 alii
520 1648 711 1716 multi,
746 1650 845 1719 qui
889 1650 1052 1703 veriti
1103 1649 1511 1721 indigenarum
1564 1650 1948 1722 Bulgarorum

301 1740 496 1795 minas
526 1739 584 1793 in
609 1739 931 1795 Castoriam
954 1746 1241 1812 tanquam
1263 1743 1335 1796 ad
1359 1741 1588 1813 asylum
1612 1743 1947 1813 confugere.

2059 574 2115 631 δὲ
2144 577 2394 633 πλεῖστοι
2424 578 2513 633 καὶ
2564 577 2723 639 αὐτὸς
2769 579 2796 632 6
2839 573 2966 647 δοὺξ
2999 575 3270 649 Δαμιανὸς
3303 577 3330 628 6
3363 572 3709 644 Δαλασσηνὸς

2058 664 2087 720 ὅ
2133 687 2190 721 τε
2241 665 2535 742 λεγόμεςος
2584 662 2863 739 Προϐατᾶς
2927 665 3015 719 καὶ
3066 666 3094 718 ὁ
3157 659 3707 738 Αογγιϐαρδόπουλος

2056 756 2142 810 καὶ
2185 752 2362 831 ἕτεροι
2422 756 2621 831 συχνοὶ
2680 754 2772 810 σὺν
2833 754 3038 816 αὐτοῖς.
3103 753 3344 830 Ἐλήφθη
3409 750 3466 807 δὲ
3523 752 3611 807 καὶ
3670 755 3705 822 ἡ

2056 849 2385 928 παρεμϐολὴ
2448 854 2648 921 ἁπασα,
2692 854 2780 907 καὶ
2826 858 2932 907 τῶν
2982 852 3032 907 ἰν
3077 852 3211 925 αὐτῇ
3240 852 3452 906 πάντων
3488 848 3707 905 διασχό-

2059 941 2239 1004 λευσις
2288 945 2515 1017 γίνεται.
2570 944 2841 1006 Ἐντεῦθεν
2897 940 3118 1011 ἀναίδην
3171 942 3221 995 οἱ
3272 940 3577 1015 Βούλγαροι
3616 939 3708 994 τὸν

2060 1030 2281 1089 Βοδίνον
2344 1031 2569 1108 βασιλέα
2626 1031 3062 1108 ἀναγορεύουσιν,
3112 1032 3184 1092 ὡς
3219 1028 3451 1105 εἶ’ρηται,
3508 1028 3707 1105 Πέτρον

2062 1122 2547 1193 μετονομάσαντες,
2609 1128 2748 1196 Διχῆ
2807 1142 2866 1175 τε
2919 1119 3270 1193 διαιρεθὲντες
3321 1120 3371 1172 οἳ
3423 1118 3517 1191 μὶν
3577 1119 3712 1190 μετὰ

2056 1216 2153 1264 τοῦ
2186 1208 2415 1267 Βοδίνου
2477 1210 2553 1273 εἰς
2603 1212 2695 1264 τὸν
2756 1210 2914 1264 Νίσον
2949 1209 3211 1282 ἀπῄεσαν,
3270 1210 3320 1262 οἱ
3355 1204 3409 1261 δὲ
3440 1206 3709 1281 Εετρίλον

2057 1301 2178 1354 τινὰ
2224 1302 2289 1355 τὰ
2341 1305 2532 1372 πρῶτα
2593 1299 2738 1374 παρὰ
2789 1305 2867 1371 τῷ
2912 1296 3124 1370 Βοόίνῳ
3172 1298 3403 1375 φέροντα
3458 1297 3709 1369 παραλα-

2060 1384 2245 1452 ϐόντες
2305 1390 2441 1444 κατὰ
2494 1393 2600 1444 τῶν
2662 1388 2715 1443 ἂν
2780 1388 3047 1463 Καστορίᾳ
3102 1386 3389 1459 Ῥωμαίων
3451 1386 3707 1440 ἀπίασιν’

2061 1479 2230 1535 ἐκεῖσε
2280 1481 2378 1556 γὰρ
2403 1479 2822 1556 διατετειχίσθαι
2879 1482 2979 1548 τήν
3029 1478 3190 1534 πόλιν
3225 1479 3279 1532 οἱ
3312 1478 3376 1532 τὰ
3421 1476 3709 1549 Ῥωμαίων

2061 1575 2404 1645 φρονοῦντες,
2466 1570 2541 1632 ὡς
2599 1568 2830 1642 ε’ίρηται,
2891 1567 2921 1623 6'
2971 1590 3029 1623 τε
3083 1576 3181 1637 τῆς
3213 1564 3475 1643 Ἀχρίδος
3514 1587 3712 1641 στρατ-

2059 1661 2191 1734 ηγὸς
2252 1660 2529 1733 Μαριανὸς
2567 1659 2654 1712 καὶ
2688 1660 2716 1714 6
2744 1666 2845 1727 τῆς
2876 1653 3184 1720 Διαϐόλεως
3237 1658 3264 1712 6
3296 1656 3583 1731 πατρίκιος
3615 1654 3707 1709 καὶ

2062 1748 2365 1810 ἀνθύπατος
2408 1747 2750 1823 Θεόγνωστος
2800 1748 2827 1801 6
2878 1746 3178 1821 Βούρτζης,
3213 1744 3304 1800 σὺν
3335 1745 3485 1817 αὐτῷ
3516 1742 3574 1798 δὲ
3618 1743 3713 1798 καὶ

304 1838 450 1892 Cum
483 1837 663 1909 igitur
694 1838 938 1893 Petrilus
970 1839 1041 1893 ad
1073 1839 1392 1895 Castoriam
1427 1839 1785 1911 pervenisset
1815 1855 1947 1895 cum

2072 1838 2170 1894 ὁὲν
2228 1838 2494 1912 Καστορίᾳ
2542 1842 2880 1913 στρατηγῶν.
2933 1838 3067 1900 Μεθ’
3255 1835 3344 1889 καὶ
3402 1835 3430 1888 6
3472 1833 3711 1924 Βορίσης

303 1928 722 1984 innumerabili
769 1928 1156 2001 Bulgarorum
1205 1947 1406 1998 manu,
1459 1947 1589 2002 quae
1626 1932 1695 1986 ad
1727 1930 1947 1986 bellum

304 2018 665 2088 pertinerent
697 2020 839 2073 717
880 2020 1278 2091 comparabat.
1313 2021 1559 2076 Romani
1592 2038 1725 2076 vero
1773 2021 1946 2075 etiam

303 2107 418 2179 ipsi
469 2107 743 2162 instructi
778 2109 1059 2163 adversus
1090 2125 1353 2181 erupere,
1387 2115 1443 2165 et
1474 2111 1692 2180 ingenti
1726 2111 1946 2182 impetu

305 2213 439 2251 cum
473 2196 620 2267 ipsis
652 2196 947 2270 congressi
980 2199 1234 2253 fundunt
1265 2199 1631 2270 Petrilum,et
1658 2200 1717 2255 in
1752 2202 1950 2273 fugam

301 2286 632 2356 conjectum
661 2290 879 2358 cogunt
908 2302 1009 2356 per
1038 2286 1224 2342 invios
1275 2295 1501 2343 montes
1543 2290 1612 2343 ad
1648 2307 1821 2345 suum
1857 2294 1952 2345 do-

311 2375 539 2429 minum
572 2374 916 2430 Michaelem
952 2376 1271 2446 pervenire,
1303 2381 1360 2431 et
1389 2377 1774 2449 Bulgarorum
1818 2380 1951 2452 plu-

306 2465 493 2518 rimos
526 2463 1186 2536 occidunt,capiuntque
1218 2482 1351 2521 eum
1386 2468 1484 2539 qui
1521 2474 1651 2538 post
1674 2470 1951 2525 Petrilum

310 2553 369 2607 in
385 2551 691 2607 Chrobatis
707 2555 924 2608 secund
938 2571 1032 2608 um
1052 2555 1316 2611 ordinem
1332 2557 1666 2624 ducebat,et
1683 2560 1752 2613 ad
1770 2560 1952 2631 impe-

312 2645 565 2697 ratorem
600 2642 861 2697 vinctum
899 2644 1249 2713 perducunt.
1285 2646 1544 2701 Bodinus
1575 2652 1771 2702 autem
1823 2665 1953 2703 cum

312 2731 384 2784 ad
415 2730 618 2785 Nisum
656 2732 1034 2801 pervenisset,
1068 2738 1129 2786 ut
1148 2732 1275 2803 jam
1309 2734 1719 2804 imperatorem
1751 2753 1784 2790 a
1818 2736 1958 2790 Bul-

313 2818 511 2888 garica
542 2818 839 2888 provincia
873 2826 1180 2887 coerceret,
1215 2822 1412 2876 omnia
1443 2823 1611 2877 obvia
1658 2825 1956 2895 praedaba-

315 2908 431 2973 tur,
466 2921 563 2959 eos
596 2921 629 2959 a
660 2906 874 2976 quibus
909 2923 1021 2960 non
1050 2907 1414 2979 exciperetur
1468 2911 1689 2981 quique
1722 2927 1959 2967 recusa-

315 2999 444 3047 rent
469 2994 594 3063 ejus
626 2994 1185 3066 imperium,vexaus
1214 3004 1270 3052 et
1300 2999 1790 3064 oti'endens.Quod
1823 3018 1958 3057 cum

316 3081 580 3138 audisset
610 3084 949 3155 imperator,
977 3085 1203 3140 cladem
1236 3087 1504 3143 videlicet
1533 3090 1701 3145 ducis
1731 3095 1787 3145 et
1832 3093 1961 3159 ejus

315 3171 786 3242 declarationem,
837 3175 1163 3230 Samnitem
1225 3176 1506 3232 adversus
1564 3195 1695 3234 eum
1759 3181 1957 3248 mittit,

313 3275 627 3341 antequam
694 3272 915 3327 malum
986 3275 1399 3330 accenderetur
1454 3281 1511 3332 et
1566 3278 1625 3331 in
1685 3295 1956 3350 magnam

315 3359 615 3415 flammam
665 3363 955 3431 evaderet,
989 3364 1362 3433 exstinguere
1394 3366 1709 3431 festinans;
1741 3377 1793 3422 et
1826 3385 1957 3422 cum

316 3448 444 3518 ipso
476 3449 751 3503 idoneum
788 3466 1021 3520 quoque
1053 3451 1216 3505 misit
1244 3453 1661 3523 exercitum,ex
1697 3454 1963 3510 Macedo-

322 3536 499 3591 nibus
531 3542 588 3591 et
616 3538 894 3593 Romanis
924 3539 1278 3611 Francisque
1306 3547 1594 3597 coactum.
1626 3543 1839 3599 Verum
1868 3545 1962 3599 hic

320 3624 390 3678 ad
420 3625 767 3695 Sc0piorum
806 3628 1005 3681 urbem
1041 3629 1355 3699 profectus,
1377 3631 1597 3687 nullam
1626 3650 1827 3687 eorum
1862 3634 1962 3705 qui

319 3712 443 3767 Nisi
475 3723 639 3768 erant
670 3714 950 3770 rationem
984 3716 1254 3773 habebat.
1312 3720 1608 3776 Profectus
1657 3722 1856 3793 igitur,
1909 3728 1967 3778 et

319 3801 565 3875 Georgio
598 3803 893 3872 Boitacho,
935 3806 1030 3860 cui
1080 3808 1218 3861 urbs
1267 3809 1587 3865 commissa
1633 3816 1777 3879 erat,
1829 3813 1962 3866 data

321 3892 434 3948 fide
486 3892 631 3947 nihil
678 3910 810 3948 eum
854 3896 1186 3951 detrimenti
1235 3914 1573 3969 passurum,
1621 3901 1964 3973 Scopiorum

325 3983 528 4038 urbem
559 3988 875 4056 expugnat,
909 3984 1109 4056 ibique
1141 3991 1335 4042 castra
1363 3988 1537 4056 locat,
1586 3995 1643 4044 et
1692 3991 1831 4062 quid
1885 3990 1967 4045 fa-

324 4073 597 4127 ciendum
632 4073 703 4127 de
732 4073 805 4127 iis
834 4074 928 4142 qui
962 4074 1087 4129 Nisi
1119 4081 1286 4131 erant
1316 4078 1685 4133 consultabat
1733 4097 1798 4134 ac
1847 4097 1967 4135 me-

326 4161 865 4218 ditabatur.Verum
898 4164 1233 4231 Boitachus,
1262 4183 1434 4237 quem
1462 4169 1583 4239 jam
1618 4170 1972 4239 pmnituerat

325 4254 446 4304 tam
475 4249 571 4304 diu
603 4251 821 4305 bonum
850 4251 1027 4308 fuisse
1056 4258 1113 4308 et
1163 4256 1454 4311 Romanos
1503 4264 1768 4314 secutum
1818 4276 1968 4328 esse,

328 4347 479 4402 clam
511 4347 583 4403 iis
615 4348 715 4419 qui
750 4349 877 4404 Nisi
912 4351 1199 4421 degebant
1222 4352 1501 4409 indicavit
1522 4360 1586 4410 ut
1608 4357 1677 4411 ad
1703 4374 1765 4412 se
1796 4373 1969 4428 quam

331 4436 633 4492 celerrime
684 4438 969 4506 venirent,
1020 4446 1075 4493 et
1118 4457 1216 4495 eos
1267 4442 1363 4513 qui
1420 4444 1569 4499 718
1618 4461 1751 4500 cum
1801 4447 1969 4501 Saro-

329 4525 449 4581 nite
475 4531 643 4580 erant
666 4525 936 4599 ignavius
966 4529 1237 4599 degentes
1269 4548 1335 4587 ac
1365 4534 1626 4605 segnius,
1677 4536 1804 4591 sine
1851 4536 1974 4591 ulla

2060 1923 2225 1983 Δαϐἶδ
2271 1928 2362 1982 καὶ
2412 1926 2574 1982 ἄλλοι
2608 1926 2833 1995 πολλοὶ,
2868 1924 3064 1989 οἵτινες
3119 1922 3354 1987 δεδιότες
3380 1924 3480 1992 τήν
3513 1921 3571 1976 ἐκ
3597 1925 3711 1976 τῶν

2062 2017 2321 2092 ἰθαγενῶν
2381 2014 2712 2091 Βουλγάρων
2771 2013 3004 2083 ἀπειλήν
3058 2014 3134 2077 ὡς
3188 2012 3265 2075 εἷς
3325 2011 3707 2089 κρησφύγετον

2057 2109 2156 2175 τήν
2190 2106 2487 2180 Καστορίαν
2536 2106 2847 2183 συνέφυγον,
2897 2097 3228 2158 Καταλαϐὼν
3289 2102 3379 2155 οὗν
3435 2103 3463 2156 6
3522 2097 3714 2174 ΙΙετρί-

2063 2197 2161 2259 λος
2215 2197 2315 2264 τὴν
2362 2196 2663 2268 Καστορίαν
2708 2193 2841 2266 μετά
2879 2191 3131 2263 πλήθους
3192 2190 3514 2267 Βουλγάρων
3564 2189 3710 2261 ἀμυ-

2064 2289 2231 2356 θήτου
2288 2285 2355 2339 τά
2401 2285 2537 2359 πρὸς
2568 2285 2661 2338 τὸν
2709 2282 2954 2355 πόλεμον
3010 2284 3090 2354 [Ρ.
3119 2283 3246 2355 852]
3276 2280 3709 2347 συνεσκευάζετο.

2062 2386 2130 2442 Οἱ
2190 2381 2247 2437 δὲ
2302 2385 2564 2455 Ῥωμαῖοι
2623 2382 2709 2436 καὶ
2764 2382 2813 2435 οἱ
2874 2380 3258 2452 συνταξάμενοι
3308 2376 3533 2451 ἰξῇλθον
3592 2376 3713 2431 κατ’

2065 2474 2265 2538 αὐτῶν,
2316 2472 2403 2527 καὶ
2441 2472 2575 2545 μετά
2606 2471 2786 2548 ῥύμης
2843 2467 3076 2547 σφοδρᾶς
3107 2462 3476 2541 συμϐαλόντες
3526 2466 3711 2527 αὐτοῖς

2062 2565 2317 2639 τρέπουσι
2375 2562 2466 2615 τὸν
2530 2559 2825 2636 Πετρίλον,
2875 2559 2965 2613 καὶ
3012 2563 3195 2636 φυγεῖν
3256 2555 3713 2630 καταναγκάζουσι

2067 2651 2135 2707 δι’
2218 2653 2386 2724 ὁρέων
2462 2646 2674 2704 ἀϐάτων
2756 2650 2892 2722 πρὸς
2968 2648 3061 2701 τὸν
3120 2649 3313 2701 ἑαυτοῦ
3377 2644 3561 2718 κόριον
3617 2644 3712 2698 τὸν

2066 2740 2361 2817 Μιχαηλᾶν
2420 2739 2767 2815 ἀφικόμενον.
2829 2737 3108 2793 Κτείνυυσι
3140 2733 3197 2790 δὲ
3254 2735 3344 2789 καὶ
3396 2739 3503 2789 τῶν
3534 2732 3712 2791 Βουλ-

2066 2831 2247 2907 γάρων
2298 2828 2564 2891 πολλούς’
2598 2830 2809 2901 αἱροῦσι
2858 2825 2915 2882 δὲ
2942 2826 3031 2881 καὶ
3074 2826 3165 2880 τὸν
3221 2825 3353 2897 μετά
3406 2824 3497 2878 τὸν
3528 2820 3717 2897 Πετρί-

2068 2920 2164 2976 λον
2199 2920 2249 2974 ἐν
2282 2913 2586 2993 Χροϐάτοις
2632 2915 2983 2991 τεταγμένον,
3030 2914 3119 2969 καὶ
3167 2914 3302 2988 πρὸς
3341 2913 3433 2968 τὸν
3487 2910 3714 2988 βασιλέα

2071 3009 2354 3082 δεσμώτην
2444 3008 2764 3081 ἀπάγουσιν.
2842 3007 2903 3062 Ὁ
2988 3001 3045 3059 δὲ
3125 3000 3345 3065 Βοδίνος
3402 3002 3492 3057 τὸν
3553 3000 3712 3055 Νίσον

2068 3092 2391 3155 καταλαϐὼν
2450 3097 2523 3157 ὡς
2556 3093 2664 3166 ἤδη
2716 3092 2972 3170 βασιλεὺς
2998 3098 3105 3148 τῶν
3156 3094 3541 3165 Βουλγαρικῶν
3574 3110 3712 3164 πρα-

2071 3191 2294 3265 γμάτων
2354 3185 2653 3260 ἀντείχετο,
2714 3189 2815 3238 πᾶν
2876 3183 2937 3237 τὸ
2990 3181 3301 3256 προστυχὸν
3361 3178 3717 3251 ληϊζόμενος,

2074 3279 2162 3333 καὶ
2217 3277 2344 3338 τοὺς
2407 3275 2481 3347 μὴ
2542 3271 2874 3348 δεχομένους
2935 3268 3075 3345 μηδὲ
3128 3267 3533 3341 δουλουμένους
3570 3265 3717 3337 αὐτῷ

2070 3367 2332 3442 κεραΐζων
2376 3363 2465 3418 καὶ
2497 3361 2922 3436 λυμαινόμενος.
2972 3366 3142 3435 ’Όπερ
3192 3357 3443 3428 ἀκηκοὼς
3496 3358 3523 3410 6
3571 3356 3720 3431 βασι-

2074 3455 2222 3526 λεὺς,
2253 3457 2354 3523 τήν
2384 3474 2439 3507 τε
2477 3456 2573 3507 τοῦ
2620 3448 2812 3513 δουκὸς
2837 3450 2999 3519 ἧτταν
3036 3446 3249 3519 δηλαδὴ
3283 3448 3371 3501 καὶ
3412 3447 3511 3514 τὴν
3553 3444 3716 3499 αὐτοῦ

2074 3543 2441 3619 ἀναγόρευσιν,
2533 3541 2624 3595 τὸν
2709 3539 3018 3615 Σαριυνίτην
3104 3538 3219 3591 κατ’
3304 3536 3469 3591 αὖτοῦ
3555 3532 3719 3605 ἐξαπ-

2076 3630 2327 3703 έστειλε,
2397 3630 2521 3704 πρὶν
2579 3629 2776 3703 ἐξαφθῇ
2843 3630 2906 3683 τὸ
2962 3628 3124 3682 κακὸν
3182 3625 3270 3680 καὶ
3328 3624 3404 3686 εἷς
3473 3621 3714 3697 μεγάλην

2079 3722 2271 3797 ἐξαρθῇ
2336 3721 2514 3799 φλόγα
2549 3762 2561 3785 ,
2619 3713 2940 3773 κατασϐέσαι
3016 3720 3176 3771 τοῦτο
3245 3714 3717 3786 κατεπειγόμενος.

2082 3817 2528 3890 Συνεξαπὲστειλε
2581 3815 2638 3871 δὲ
2712 3816 2859 3887 αὐτῷ
2923 3815 3009 3870 καὶ
3071 3815 3377 3891 στράτευμα
3434 3809 3717 3884 ἀξιόλογον

2081 3909 2426 3984 συγκείμενον
2500 3906 2559 3962 ἔκ
2615 3926 2673 3961 τε
2742 3903 3064 3960 Μακεδόνων
3137 3904 3225 3957 καὶ
3292 3900 3576 3974 Ῥωμαίων
3630 3897 3724 3952 καὶ

2080 3999 2369 4073 Φράγγων.
2431 3992 2586 4051 Ἀλλ’
2642 3991 2799 4055 οὗτος
2860 3994 2952 4066 μὶν
2995 3993 3128 4068 πρὸς
3170 3992 3268 4060 τήν
3327 3995 3434 4045 τῶν
3468 3987 3722 4043 Σκοπίων

2078 4087 2240 4143 πόλιν
2272 4088 2369 4154 τήν
2405 4086 2580 4160 ὁρμὴν
2606 4083 2933 4157 ποιούμενος
2992 4086 3100 4136 τῶν
3153 4080 3205 4135 ἐν
3263 4083 3344 4151 τῷ
3388 4078 3533 4149 Νίσῳ
3577 4073 3727 4131 οὔδε-

2085 4177 2206 4250 μίαν
2237 4171 2497 4254 φροντίδα
2554 4172 2779 4227 ἐτίθετο.
2832 4171 3280 4246 Παραγενόμενος
3333 4166 3447 4236 οὖν,
3501 4165 3727 4254 καὶ,τῷ

2080 4253 2452 4336 πιστευομένῳ
2522 4260 2721 4330 ταύτην
2786 4258 3044 4335 Γεωργίῳ
3101 4263 3181 4329 τῷ
3241 4256 3498 4330 Βοϊτάχῳ
3555 4253 3724 4326 λόγον

2085 4352 2336 4415 δεδωκὼς
2365 4353 2439 4415 ὡς
2469 4350 2619 4405 οὐδὲν
2678 4349 2914 4427 φλαῦρον
2972 4349 3356 4417 ὑποστήσεται,
3402 4346 3499 4412 τήν
3560 4339 3724 4396 πόλιν

2082 4449 2187 4499 τῶν
2250 4441 2501 4496 Σκοπίων
2564 4441 2740 4514 αἱρεῖ,
2793 4438 2889 4492 κάν
2938 4436 3107 4511 ταύτῃ
3160 4437 3260 4504 τὴν
3313 4428 3727 4508 στρατοπεδείαν

2086 4536 2351 4607 πήγνυσι,
2428 4528 2516 4583 καὶ
2570 4526 2693 4603 περί
2764 4532 2870 4581 τῶν
2931 4525 2982 4580 ἐν
3024 4530 3100 4597 τῷ
3156 4524 3310 4597 Νίσῳ
3350 4522 3412 4577 τό
3471 4520 3729 4590 ποιητὲον

330 4616 670 4670 miseration
701 4637 706 4648 ν
738 4615 1054 4672 crudeliter
1084 4634 1287 4675 omnes
1336 4623 1408 4677 ad
1458 4640 1643 4679 unum
1698 4625 1960 4681 interﬁce

2083 4597 2297 4678 ἐσκόπει
2341 4597 2429 4673 καὶ
2479 4597 2727 4689 ἐμελέτα.
2764 4614 2918 4672 Ἀλλ’
2944 4615 2971 4668 ὸ
3023 4614 3290 4687 Βοϊτάχος
3328 4606 3727 4684 μεταμεληθεὶς

330 4710 478 4759 rent.
536 4705 665 4774 Qui,
717 4712 954 4776 accepto
998 4708 1224 4776 nuntio,
1286 4712 1526 4782 profecti
1574 4712 1710 4770 Niso
1768 4715 1977 4787 Scopia

332 4795 622 4863 petebant,
657 4800 927 4867 cooperta
958 4802 1110 4853 terra
1136 4798 1267 4853 nive
1318 4817 1331 4855 :
1386 4800 1571 4856 hiems
1623 4804 1777 4858 enim
1829 4809 1975 4875 erat,

337 4891 635 4947 Decembri
686 4908 908 4950 mense.
962 4896 1125 4961 Quod
1181 4913 1312 4953 cum
1346 4901 1777 4969 persensissent
1808 4902 1844 4957 ii
1878 4903 1977 4973 qui

334 4995 467 5035 cum
519 4980 785 5038 Sarouite
834 4989 1018 5052 erant,
1067 4986 1349 5042 adversus
1396 4989 1558 5060 ipsos
1602 5007 1733 5044 cum
1786 4992 1976 5046 omni-

338 5069 445 5123 bus
503 5070 685 5141 copiis
743 5072 1104 5144 irrumpunt,
1154 5079 1210 5129 et
1266 5075 1325 5130 in
1387 5077 1595 5133 itinere
1651 5079 1976 5151 deprehen-

338 5174 433 5212 sos
484 5159 554 5212 ad
604 5162 919 5230 quemdam
974 5162 1168 5220 locum
1219 5166 1453 5221 nomine
1503 5168 1810 5235 Taunium,
1865 5170 1980 5225 fere

338 5263 545 5302 omnes
577 5248 956 5307 interficiunt.
989 5254 1228 5324 Capitur
1251 5256 1426 5311 etiam
1462 5257 1740 5314 Bodinus.
1769 5259 1977 5331 Longi-

339 5336 701 5406 bardopulus
727 5356 880 5408 vero,
911 5346 973 5395 ut
1002 5342 1223 5398 dictum
1256 5346 1443 5411 est,ad
1480 5347 1818 5404 Michaelem
1854 5366 1972 5421 per-

340 5425 575 5495 ductus,
609 5427 743 5480 data
774 5435 1129 5501 acceptaque
1164 5433 1298 5499 fide,
1330 5436 1458 5504 ejus
1510 5436 1691 5492 filiam
1742 5455 1978 5494 uxorem

341 5513 523 5568 ducit.
557 5513 740 5585 Eique
772 5514 977 5588 ingens
1011 5522 1400 5577 committitur
1427 5524 1734 5593 exercitus,
1770 5544 1797 5581 e
1833 5527 1980 5582 Lon-

342 5600 606 5671 gibardis
632 5606 691 5656 et
719 5604 907 5659 Servis
938 5607 1248 5677 conﬂatus;
1283 5626 1535 5680 quocum
1580 5614 1651 5668 ad
1703 5615 1982 5672 auxilium

343 5690 546 5746 Bodini
580 5691 801 5747 missus
832 5710 1037 5752 rursus
1066 5696 1344 5755 Romanis
1374 5705 1985 5773 repugnat.Saronites

2085 4712 2168 4768 δτι
2241 4707 2307 4777 δὴ
2384 4711 2566 4767 ποσῶς
2640 4705 2836 4780 ἀγαθὸς
2915 4704 3102 4779 γέγονε
3181 4700 3387 4755 καὶτά
3437 4699 3730 4770 Ῥωμαίων

2086 4799 2369 4879 ἐφρόνησε,
2420 4794 2691 4870 λαθραίως
2756 4798 2872 4854 τοῖς
2925 4791 2975 4847 ἰν
3038 4795 3116 4863 τῷ
3167 4790 3318 4861 Νίσῳ
3349 4785 3577 4879 -ὲδήλου
3628 4784 3731 4879 ἀφῖ

2090 4871 2347 4943 ικνεῖσθαι
2402 4885 2495 4960 μὶν
2546 4883 2596 4937 ἐν
2644 4883 2804 4957 τάχει
2846 4882 2981 4955 πρὸς
3035 4879 3217 4946 αὑτὸν,
3274 4876 3365 4931 καὶ
3420 4874 3547 4937 τοὺς
3605 4871 3729 4945 περὶ

2084 4979 2175 5033 τὸν
2232 4958 2538 5051 Σαρωνίτην
2622 4971 2986 5047 ῥᾳθυμότερον
3048 4966 3330 5041 διάγοντας
3399 4965 3488 5019 καὶ
3539 4960 3733 5051 ἀμελὲῖ

2088 5086 2274 5140 στερον
2314 5047 2599 5133 ’ἀνοίκτως
2656 5060 2741 5114 καὶ
2800 5059 2967 5131 ὠμῶς
3020 5051 3228 5126 ἡϐηδὸν
3292 5053 3614 5129 ἀποσφάξαι.
3671 5047 3735 5105 Οἵ

2091 5139 2286 5224 δήτὴν
2340 5139 2599 5233 ἀγγελίαν
2658 5146 2957 5220 δεξάμενοι,
3018 5145 3241 5222 ἄρανοες
3286 5143 3346 5199 ἐκ
3394 5146 3491 5197 τοῦ
3545 5140 3735 5207 Νίσου,

2091 5254 2228 5329 πρὸς
2284 5251 2350 5304 τὰ
2409 5248 2621 5303 Σκόπια
2671 5244 2842 5312 ⁸ίεντο,
2901 5243 3050 5321 χιόνι
3108 5240 3526 5316 κεκαλυμμένης
3570 5236 3738 5308 οὔσης

2089 5326 2187 5410 τῆς
2248 5347 2385 5415 γῆς’
2464 5337 2674 5413 χειμὼν
2744 5335 2848 5410 γὰρ
2903 5336 3008 5404 ἦν,
3067 5326 3398 5407 Δεκεμϐριου
3446 5328 3737 5401 ἱσταμένου

2095 5431 2286 5505 μηνός.
2351 5428 2758 5497 Συναισθήσεως
2819 5423 2877 5479 δὲ
2932 5429 3050 5485 τοῖς
3098 5422 3221 5495 περὶ
3278 5421 3369 5475 τὸν
3428 5416 3739 5494 Σαρωνίτην

2090 5519 2387 5596 γενομένης
2438 5513 2594 5587 ἔξεισι
2635 5516 2752 5569 κατ’
2813 5514 2987 5568 αὐτῶν
3027 5508 3378 5584 παμπληθεῖ,
3435 5508 3524 5564 καὶ
3576 5526 3742 5561 κατα-

2089 5594 2275 5665 λαϐὼν
2334 5607 2527 5668 αὐτοὺς
2574 5605 2710 5660 κατὰ
2757 5604 2856 5673 τὴν
2885 5600 3009 5657 ὁδὸν
3055 5598 3108 5655 ἓν
3140 5620 3250 5654 τινι
3276 5599 3431 5672 τόπῳ
3459 5594 3741 5673 λεγομένω

2091 5696 2327 5770 Ἰαωνίῳ
2378 5698 2585 5776 ἀναιρεῖ
2627 5694 2821 5776 σχεδὸν
2876 5690 3005 5753 τοὺς
3053 5688 3404 5762 σύμπαντας·
3466 5686 3747 5743 ἁλίσκεται
