4046 6144
336 363 456 421 449

1854 353 2246 417 HISTORIA.

3631 372 3748 432 450

335 491 394 547 δὲ
450 493 543 546 καὶ
604 493 631 547 ὁ
694 488 939 553 Βοδίνος.
997 492 1057 548 Ὀ
1116 489 1174 546 δὲ
1244 486 1854 567 Λογγιϐαρδόπουλος,
1915 486 1988 547 ὡς

2118 490 2298 541 ll]th
2332 486 2618 541 Bodinum
2672 488 2833 544 misit
2879 489 3213 562 imperatori
3264 495 3544 557 vinctum.
3582 503 3750 560 Rele-

335 581 576 658 εῗρηται,
608 581 789 657 ἀρθεὶς
836 581 970 657 πρὸς
1017 582 1106 635 τὸν
1153 580 1445 657 Μιχαηλᾶν
1492 581 1580 636 καὶ
1635 580 1803 655 λόγον
1863 575 1986 638 δοὺς

333 672 425 728 γαὶ
474 667 688 742 λαϐὼν,
750 670 1027 745 ζεύγνυται
1077 674 1144 744 τῇ
1192 670 1389 725 τούτου
1444 670 1666 747 θυγατρὶ
1715 669 1804 724 καὶ
1857 666 1987 722 λαὸν

335 761 421 816 ὅτι
509 759 765 816 πλεῖστον
850 758 1155 814 πιστεύεται
1240 759 1345 814 ἀπὸ
1432 754 1822 834 Λογγιϐἀρδων
1900 756 1991 810 καὶ

344 845 564 927 Σέρϐων
598 848 973 923 συγκείμενον,
1033 851 1148 921 μεθ’
1200 849 1260 903 οὗ
1291 848 1378 903 καὶ
1419 850 1555 923 πρὸς
1590 849 1841 922 βοήθειαν
1897 848 1993 899 τοῦ

346 937 574 997 Βοδίνου
642 936 968 1001 ἀποσταλεὶς
1023 936 1173 1001 αὖθις
1229 942 1345 998 τοῖς
1402 938 1698 1009 Ῥωμαίοις
1752 935 1991 990 ἀποκαθ-

356 1029 576 1084 ίσταται.
633 1028 704 1084 Ὃ
763 1023 820 1080 δὲ
879 1026 1193 1101 Σαρωνίτης
1243 1027 1336 1081 τὸν
1388 1023 1615 1083 Βοδίνον
1657 1020 1995 1095 ἐξαπέστειλε

346 1118 481 1192 πρὸς
538 1117 627 1171 τὸν
690 1114 918 1187 βασιλέα
975 1113 1218 1189 δέσμιον.
1281 1115 1651 1190 ΙΙεριορισθεῖς
1710 1111 1767 1168 δε
1825 1111 1875 1166 έν
1925 1114 1994 1184 τῇ

351 1209 445 1260 τοῖ’)
503 1204 694 1278 Ἀγίου
749 1205 980 1279 Σεργίου
1036 1209 1199 1277 μονῇ,
1259 1204 1393 1277 μετᾶ
1444 1202 1622 1279 βραχὺ
1672 1200 1996 1278 παραδοθεὶς

344 1300 424 1364 τῷ
478 1297 759 1366 Κομνηνῴ
811 1292 1060 1366 Ἰσαακίῳ
1126 1291 1235 1364 ἤδη
1286 1288 1725 1369 προϐεϐλημένῳ
1778 1296 1998 1347 -Αντιο-

342 1384 471 1457 χεία
531 1380 683 1436 δουκὶ
740 1382 967 1457 ἀπήχθη
1021 1381 1096 1443 εἷς
1132 1381 1489 1458 Ἀντιόχειαν.
1540 1384 1711 1454 ’Ὀπερ
1768 1379 1999 1443 ἀκούσας

347 1472 375 1525 6
406 1470 606 1526 τούτου
636 1473 814 1543 πατὴρ
856 1471 885 1525 ὁ
935 1468 1257 1546 Μιχαηλᾶς.
1306 1472 1390 1547 [Ρ.
1422 1473 1548 1545 853]
1583 1470 1996 1544 μισθωσάμενος

350 1561 666 1623 Βενετίκους
692 1560 842 1621 τινας
900 1559 1193 1635 βαλαντίου
1223 1558 1415 1635 ἀδροῦ,
1467 1563 1550 1621 οἷς
1596 1558 1753 1633 ἔργον
1799 1556 1997 1621 θαλατ-

344 1655 627 1723 τοπορεῖν,
675 1647 948 1721 ἀπέκλεψε
994 1654 1185 1705 τοῦτον
1232 1647 1429 1703 ἐκεῖθεν
1479 1650 1566 1703 καὶ
1604 1652 1672 1721 τῇ
1715 1646 1826 1718 ἰδίᾳ
1850 1646 1997 1721 ἀρχῇ

346 1736 822 1808 ἀποκατέστησεν·
884 1738 942 1799 ’ὀς
998 1738 1088 1792 καὶ
1150 1740 1286 1811 μετά
1350 1738 1570 1801 θάνατον
1650 1741 1744 1791 τοῦ
1800 1737 2002 1809 πατρὸς

342 1830 445 1897 τὴν
473 1828 657 1903 ἀρχὴν
706 1828 801 1882 κάν
851 1833 967 1891 τοῖς
1018 1827 1308 1904 ἡμετέροις
1356 1827 1578 1902 χρόνοις
1631 1824 1900 1896 διήνυσεν.
1940 1824 1999 1880 Ὀ
2033 1861 2078 1926 Β

348 1914 406 1972 δὲ
440 1917 712 1993 Βοϊτάχος
768 1916 1004 1980 ἐτασθεὶς
1063 1915 1310 1995 σφοδρῶς
1370 1916 1420 1970 ἐν
1480 1920 1558 1986 τῷ
1604 1916 1815 1969 ἀπιέναι
1865 1914 2000 1986 πρὸς

349 2008 444 2060 τὸν
511 2004 735 2080 βασιλέα
790 2005 1058 2076 τελευτᾷ,
1124 2007 1198 2077 μὴ
1256 2006 1538 2078 ἐξαρκέσας
1603 2008 1722 2064 ταῖς
1782 2002 1840 2057 ἐκ
1894 2007 2000 2056 τῶν

353 2094 590 2169 πληγῶν
625 2092 859 2159 ὀδύναις.
892 2093 958 2152 U'i
1011 2116 1072 2168 γε
1125 2096 1232 2168 μὴν
1285 2094 1587 2167 ’Δλαμάνοι
1632 2093 1721 2148 καὶ
1755 2092 2001 2168 Φράγγοι

347 2184 509 2258 (γένη
570 2183 628 2239 δὲ
672 2183 821 2239 οὗτοι
878 2182 1089 2257 δυτικά)
1146 2184 1281 2238 κατὰ
1337 2191 1436 2253 τῆς
1477 2184 1668 2259 χώρας
1726 2182 2005 2259 ἀφεθέντες

345 2278 667 2348 καθαιροῦσι
732 2276 825 2346 μὲν
870 2276 938 2328 τὰ
994 2273 1045 2327 ἐν
1103 2278 1170 2347 τῇ
1232 2275 1452 2348 Ιῖρέσπᾳ
1504 2277 1612 2327 τῶν
1671 2270 2001 2344 Βουλγοὶρων

353 2361 807 2435 ὑπολελειμμένα
883 2360 1129 2439 βασίλεια
1165 2408 1177 2432 ,
1257 2362 1577 2417 σκυλεύουσι
1646 2359 1702 2415 δὲ
1767 2361 1855 2415 καὶ
1910 2362 2003 2415 τὸν

352 2452 527 2507 ἐκεῖσε
578 2452 702 2506 ναὸν
736 2495 749 2519 ,
819 2452 876 2514 ὃς
934 2451 1018 2506 ἐπ’
1076 2451 1299 2524 ὀνόματι
1351 2456 1447 2506 τοῦ
1496 2450 1649 2525 ἁγίου
1708 2447 2004 2525 Ἀχιλλίου

349 2539 589 2615 ἵδρυται,
644 2538 875 2613 μηδενὸς
929 2545 1035 2595 τῶν
1094 2539 1145 2595 ἐν
1207 2540 1396 2611 ἐκείνῳ
1452 2540 1763 2616 φεισάμενοι
1824 2540 2004 2613 ἱερῶν,

315 2631 431 2684 ’ὧν
506 2631 627 2684 τινὰ
696 2630 789 2703 μὲν
847 2628 999 2693 αὖθις
1068 2631 1412 2699 ἀνεσώθησαν
1445 2675 1457 2697 ,
1516 2629 1581 2683 τὰ
1638 2627 1695 2683 δὲ
1753 2627 1921 2683 λοιπά
1978 2629 2005 2682 6

359 2722 586 2794 στρατὸς
644 2716 1061 2791 διανειμάμενος
1110 2718 1188 2781 εἷς
1243 2721 1440 2795 χρῆσιν
1496 2716 1631 2772 ἰδίαν
1687 2716 2004 2789 μετεσκεύα-

359 2831 476 2865 σαν.
555 2810 645 2871 Τίς
723 2808 812 2861 οὖν
888 2812 995 2862 τῶν
1075 2813 1418 2883 στρατιωτῶν
1476 2815 1575 2877 τῆς
1637 2805 2007 2877 Μακεδονικῆς

366 2898 652 2976 φάλαγγος
714 2894 810 2965 ὥν,
871 2896 1191 2969 ἀξιούμενος
1247 2894 1543 2952 ἀποδοῦναι
1601 2895 1732 2971 ὅπερ
1792 2894 2005 2973 εἰλήφει

365 2989 532 3061 ἱερὸν,
583 2987 698 3042 ἐπεὶ
760 2987 836 3059 μή
894 2985 1136 3056 ἐπείσθη,
1199 2987 1555 3062 ἀνθρακιάσας
1613 2991 1741 3047 τοὺς
1800 2981 2007 3058 ὤμους,

363 3075 608 3146 τελευτᾷ,
652 3078 749 3144 τῆς
799 3073 954 3143 δίκης
1009 3076 1084 3147 μὴ
1132 3075 1516 3151 ἀνασχομένης
1566 3076 1639 3136 ὡς
1686 3069 1826 3144 ἔθος,
1866 3073 2010 3129 ἀλλὰ

368 3164 737 3238 μετελθούσης
792 3162 948 3218 αὐτὸν
1010 3163 1086 3224 εἷς
1155 3160 1457 3237 ὑπόδειγμα
1514 3169 1628 3225 τοῖς
1709 3162 2004 3237 ὀψιγόνοις.

2100 581 2272 648 gatus
2294 580 2526 631 Sautem
2564 576 2621 632 in
2654 579 2840 633 sancti
2871 579 3056 653 Sergii
3106 587 3528 645 monasterium
3579 594 3751 663 paulo

2103 670 2233 736 post
2263 665 2482 721 Isaacio
2514 670 2806 723 Comneno
2837 669 3089 726 traditur
3110 673 3237 743 jam
3267 677 3587 735 Antiochiae
3616 682 3749 739 duci

2103 754 2417 811 declarato.
2454 756 2523 811 Et
2554 757 2867 827 perductus
2917 764 3004 814 est
3056 761 3115 816 in
3165 764 3748 836 Antiochiam.Quod

2103 861 2236 899 cum
2270 845 2534 900 audisset
2583 846 2770 917 ipsius
2803 847 2973 903 Pater
3002 849 3266 921 Michael,
3301 855 3485 925 pretio
3530 859 3753 932 ingenti

2104 934 2409 989 conductis
2457 934 2693 990 Venetis
2740 938 3119 1007 quibusdam,
3153 958 3403 1012 quorum
3437 964 3586 1017 opus
3632 957 3758 1006 erat

2105 1039 2209 1094 per
2240 1040 2396 1078 mare
2429 1024 2720 1095 navigare,
2754 1040 2888 1079 eum
2942 1026 3076 1082 inde
3109 1029 3333 1087 furatus
3367 1036 3423 1089 in
3458 1037 3754 1109 propriam

2107 1112 2352 1183 patriam
2408 1113 2653 1177 reduxit,
2686 1115 2857 1183 eique
2906 1116 3165 1172 restituit
3202 1120 3536 1193 imperium.
3568 1129 3758 1199 Atque

2106 1201 2201 1256 hic
2244 1206 2373 1271 post
2424 1202 2602 1271 patris
2649 1202 2875 1258 obitum
2926 1212 3242 1278 nostraque
3290 1216 3639 1284 tempestate
3670 1234 3759 1273 re-

2106 1291 2324 1362 gnavit.
2368 1290 2682 1347 Boitachus
2732 1297 2926 1348 autem
2958 1295 3330 1355 vehementer
3366 1306 3581 1371 tortus,
3615 1308 3757 1362 dum

2108 1379 2323 1435 rediret
2371 1381 2439 1434 ad
2492 1380 2921 1452 imperatorem,
2955 1400 3067 1439 non
3118 1388 3419 1445 sustinens
3450 1394 3757 1450 verberum

2108 1468 2404 1523 cruciatus
2473 1470 2742 1524 moritur.
2804 1470 3109 1528 Alamanni
3180 1480 3377 1534 tamen
3433 1486 3490 1536 et
3555 1483 3762 1540 Franci

2109 1562 2272 1626 (sunt
2320 1557 2406 1612 has
2459 1560 2725 1614 nationes
2767 1560 3118 1634 Occidentis)
3152 1581 3253 1635 per
3302 1570 3596 1641 regionem
3648 1573 3762 1630 im-

2111 1645 2277 1699 missi
2324 1644 2583 1701 relictam
2636 1647 3022 1718 Bulgarorum
3074 1654 3294 1724 regiam
3328 1657 3385 1711 in
3423 1658 3636 1731 Prespa
3664 1661 3764 1717 de-

2111 1737 2369 1800 struunt,
2422 1732 2830 1807 templumque
2887 1735 3007 1792 illic
3061 1746 3262 1796 sancto
3310 1744 3560 1802 Achillio
3593 1764 3764 1805 cons-

2112 1825 2368 1876 tructum
2406 1822 2553 1876 719
2588 1838 2653 1876 ac
2697 1823 3029 1879 dedicatum
3063 1830 3413 1903 exspoliant,
3447 1850 3480 1887 a
3514 1835 3674 1892 nulla
3704 1854 3766 1892 re

2119 1925 2283 1964 Sacra
2313 1910 2679 1965 abstinentes
2726 1928 2926 1966 earum
2982 1930 3109 1984 quae
3164 1918 3240 1972 ibi
3289 1927 3480 1992 erant;
3518 1940 3588 1979 ex
3634 1925 3765 1995 qui-

2113 2000 2223 2053 bus
2265 2000 2532 2069 quaadam
2584 2016 2790 2056 rursus
2839 2009 3067 2059 servata
3112 2013 3272 2074 sunt,
3306 2010 3528 2081 reliqua
3579 2015 3768 2073 divisa

2114 2089 2404 2143 exercitus
2443 2088 2501 2142 in
2535 2092 2803 2160 preprios
2838 2108 2982 2147 usus
3032 2098 3333 2154 convertit.
3360 2103 3607 2164 Quidam
3659 2104 3769 2177 igi-

2115 2182 2210 2231 tur
2240 2194 2309 2234 ex
2340 2178 2630 2234 militibus
2659 2182 3040 2237 Macedonica
3071 2184 3404 2259 phalangis,
3432 2207 3564 2247 cum
3599 2194 3670 2249 ab
3701 2212 3767 2251 eo

2116 2271 2475 2337 repeteretur
2518 2283 2687 2321 sacra
2733 2285 2847 2335 res,
2881 2286 3070 2341 neque
3118 2274 3332 2330 adduci
3384 2286 3584 2348 posset
3615 2289 3681 2337 ut
3710 2284 3768 2337 id

2115 2355 2350 2423 faceret,
2384 2354 2649 2409 humeris
2706 2357 2983 2412 anthrace
3042 2360 3303 2431 depastis
3363 2368 3768 2440 obit,justitia

2115 2442 2269 2497 haud
2322 2443 2644 2507 dilferente,
2680 2449 2742 2497 ut
2789 2460 2917 2499 mos
2966 2452 3074 2515 est,
3126 2451 3508 2523 supplicium,
3543 2460 3644 2513 sed
3694 2461 3766 2513 ad

2114 2531 2445 2603 exemplum
2482 2538 2848 2602 posterorum
2883 2533 3075 2604 ipsum
3104 2541 3403 2607 puniente.
3430 2545 3490 2598 ln
3522 2546 3766 2603 urbibus

2116 2626 2314 2675 autem
2358 2620 2694 2687 maritimis,
2747 2621 3025 2693 neglectis
3085 2626 3375 2683 militibus
3432 2636 3631 2703 utpote
3661 2636 3761 2706 qui

2118 2710 2265 2765 nihil
2330 2709 2659 2781 acciperent
2714 2726 2782 2765 ex
2841 2713 3055 2783 praeda,
3114 2716 3368 2774 mittitur
3422 2720 3764 2781 bestarches

2117 2800 2343 2870 Nestor,
2377 2800 2477 2871 qui
2529 2800 2717 2855 fuerat
2764 2817 2968 2857 servus
2995 2805 3179 2875 patris
3225 2807 3616 2881 imperatoris,
3649 2816 3768 2871 dux

2118 2906 2316 2944 eorum
2352 2889 2704 2960 populorum
2753 2892 2851 2961 qui
2905 2895 3234 2950 secundum
3286 2900 3500 2955 Istrum
3551 2904 3773 2975 degunt

2120 2985 2378 3033 vocatus.
2433 2979 2581 3033 lnita
2636 2995 2766 3034 cum
2819 2980 2961 3035 Tato
3020 2987 3319 3054 societate,
3356 2994 3419 3043 ut
3466 3006 3599 3047 cum
3640 2994 3767 3049 viro

2119 3069 2383 3139 ejusdem
2417 3066 2740 3137 sententiae,
2783 3084 2915 3122 cum
2968 3069 3237 3140 pluribus
3285 3075 3605 3135 Patzinacis
3647 3080 3773 3138 ins-

2121 3157 2295 3212 tructi
2316 3157 2388 3210 ad
2422 3155 2639 3224 regiam
2666 3158 2867 3211 urbem
2892 3160 3135 3228 profecti
3158 3168 3318 3217 sunt.
3336 3165 3550 3223 Jussus
3575 3174 3767 3225 autem

367 3256 457 3311 Ἐν
514 3250 572 3307 δὲ
626 3258 744 3315 ταῖς
817 3250 1232 3325 παρακειμέναις
1307 3255 1374 3324 τῇ
1447 3248 1590 3326 ὄχθῃ
1648 3256 1745 3307 τοῦ
1796 3253 2006 3322 Ἴστρου

2123 3263 2287 3301 arma
2317 3246 2605 3315 deponere
2636 3261 2752 3299 non
2781 3226 2949 3301 aliter
2979 3264 3041 3302 se
3072 3249 3361 3307 facturum
3388 3254 3496 3310 hoc
3521 3258 3769 3327 dicebat,

364 3340 561 3397 πόλεσι
608 3346 716 3396 τῶν
767 3345 1108 3414 στρατιωτῶν
1156 3339 1527 3413 ἠμελημένων
1584 3343 1672 3395 οἵα
1724 3338 1791 3408 δὴ
1846 3337 2014 3412 μηδὲν

368 3432 445 3495 εἷς
486 3429 754 3499 διοίκησιν
816 3424 1228 3501 λαμϐανόντων,
1276 3427 1558 3484 στέλλεται
1619 3431 1646 3484 ὁ
1710 3430 2012 3504 βεστάρχου

366 3518 609 3595 Νέστωρ,
661 3515 857 3579 δοῦλος
904 3517 1141 3593 γεγονὼς
1187 3520 1287 3571 τοῦ
1334 3518 1535 3592 πατρὸς
1576 3522 1672 3572 τοῦ
1722 3515 2011 3592 βασιλέως,

365 3609 492 3683 δουξ
550 3613 656 3664 τῶν
712 3608 1051 3683 Παριστρίων
1112 3608 1456 3681 ὁνομασθεῖς,
1507 3608 1597 3662 καὶ
1649 3610 2013 3685 συμφωνήσας

367 3706 451 3773 τῷ
505 3702 710 3759 Τάτους
768 3698 841 3760 ὡς
902 3698 1250 3771 ὁμογνώμονι
1286 3744 1299 3767 ,
1356 3699 1710 3767 Πατζινάκοις
1768 3698 2010 3754 πλείοσιν

368 3789 723 3849 ὁπλισθέντες
805 3788 882 3850 εἷς
957 3788 1058 3856 τὴν
1147 3785 1535 3862 βασιλεύουσαν
1611 3790 1965 3863 παρεγένοντο
2000 3834 2012 3846 .

369 3882 691 3938 Καταθεῖναι
752 3875 809 3930 δὲ
862 3877 929 3929 τὰ
977 3876 1121 3930 ὅπλα
1172 3873 1588 3950 ἐγκελευόμενος
1624 3878 1698 3948 μή
1736 3877 1793 3930 ἂν
1828 3875 2015 3941 ἄλλως

366 3973 599 4033 ποιῆσαι
628 3969 793 4021 τοῦτο
823 3960 1029 4039 ἔλεγεν,
1077 3964 1121 4018 εἰ
1174 3966 1249 4036 μή
1299 3965 1389 4019 τὸν
1441 3963 1742 4039 λογοθέτην
1772 3967 2012 4043 Νικηφό-

367 4080 461 4134 ρον
523 4056 584 4111 ἐκ
666 4055 828 4127 μέσου
911 4055 1186 4123 ποιήσειεν
1274 4053 1347 4114 ὡς
1412 4054 1589 4107 κοινὸν
1668 4053 1861 4128 ἐχθρὸν
1925 4057 2011 4110 καὶ

364 4146 640 4218 πολέμιον
687 4143 971 4215 κοσμικὸν,
1002 4143 1090 4196 καὶ
1142 4141 1300 4196 αὐτὸν
1353 4141 1452 4196 οὐκ
1498 4140 1657 4218 ὀλίγα
1701 4140 2018 4213 λυπήσαντα

363 4237 457 4292 καὶ
482 4236 583 4302 τήν
636 4231 799 4287 αὐτοῦ
844 4231 1152 4305 περιουσίαν
1203 4228 1547 4301 δημεύσαντα
1615 4228 1768 4287 Ἀλλ’
1806 4233 1834 4286 6
1871 4233 2019 4307 βασι-

368 4325 492 4385 λεὺς
552 4322 655 4377 οὐκ
708 4319 972 4390 ἐπείθετο,
1033 4320 1167 4391 ἅπαξ
1229 4320 1414 4374 ἑαυτὸν
1487 4324 1605 4381 ταῖς
1661 4318 1823 4375 αὐτοῦ
1886 4342 2018 4395 γοη-

364 4414 535 4474 τείαις
586 4412 677 4466 καὶ
728 4407 956 4471 ἀπάταις
1013 4405 1349 4470 ἐκδεδωκώς.
1396 4410 1456 4465 Ὁ
1515 4406 1573 4463 δὲ
1622 4407 1845 4486 Νέστωρ
1900 4410 2015 4465 im-

367 4499 686 4565 ϐουλευθεῖς
741 4498 842 4553 ὑπὸ
890 4502 1000 4551 τῶν
1056 4496 1271 4552 οἶκείων
1322 4497 1675 4552 ἀπανίσταται
1736 4498 1829 4570 μὲν
1877 4499 2019 4554 ἐκεῖ⁶

2126 3334 2239 3390 nisi
2296 3331 2651 3405 logothetam
2711 3332 3102 3403 Nicephorum
3160 3355 3191 3392 e
3248 3342 3440 3397 medio
3499 3344 3774 3401 tollerent

2126 3431 2190 3479 ut
2240 3438 2616 3479 communem
2674 3421 2979 3478 inimicum
3038 3430 3094 3480 et
3154 3428 3380 3485 hostem
3439 3433 3770 3505 capitalem,

2126 3514 2343 3585 quique
2374 3512 2430 3565 in
2456 3529 2517 3566 se
2549 3511 2704 3565 haud
2739 3528 2925 3581 pauca
2954 3517 3350 3574 commisisset
3371 3537 3591 3592 suaque
3622 3523 3775 3579 bona

2126 3604 2501 3675 publicasset.
2534 3600 2749 3657 Verum
2799 3602 3119 3673 imperator
3165 3607 3321 3663 haud
3371 3613 3587 3682 paruit,
3636 3630 3770 3669 cum

2125 3692 2305 3748 semel
2338 3708 2399 3747 se
2429 3692 2625 3763 ipsum
2670 3692 2798 3761 ejus
2851 3695 3158 3765 praestigiis
3207 3703 3263 3752 et
3309 3699 3461 3754 dolis
3492 3702 3771 3758 dedisset.

2124 3783 2332 3837 Nestor
2378 3785 2589 3845 autem,
2625 3779 2784 3834 cuia
2815 3781 2939 3835 suis
2986 3792 3196 3851 paratae
3246 3785 3470 3842 insidiae
3522 3791 3772 3860 fuerant,

2124 3872 2261 3927 inde
2328 3868 2750 3941 proﬁciscitur,
2809 3870 3238 3943 Thraciamque
3291 3875 3661 3946 deprendatur
3716 3886 3775 3935 et

2127 3958 2525 4017 Macedoniam
2575 3964 2633 4012 et
2684 3956 2964 4028 Balgariae
2993 3960 3267 4029 finitima,
3300 3970 3357 4018 et
3386 3965 3455 4019 ad
3508 3967 3773 4024 Patzinao

2126 4066 2327 4105 corum
2360 4048 2653 4117 regionem
2703 4049 2940 4102 secedit.
2976 4050 3114 4105 Pars
3158 4057 3352 4107 autem
3392 4057 3772 4113 Macedonum

2128 4141 2381 4196 militum
2425 4139 2769 4192 defraudata
2823 4140 3071 4194 accessit
3117 4142 3188 4195 ad
3249 4143 3683 4215 imperatorem,
3717 4148 3774 4202 id

2127 4232 2347 4285 factum
2402 4228 2634 4282 deﬂens.
2671 4226 2849 4281 Jussu
2910 4228 3089 4300 igitur
3145 4230 3515 4303 imperatoris
3561 4237 3777 4308 pulsati

2127 4324 2182 4375 et
2213 4315 2566 4373 contumelia
2596 4314 2780 4369 aﬂ‘ecti
2833 4316 3053 4386 repulsi
3106 4324 3266 4387 sunt,
3301 4322 3463 4379 nulla
3512 4324 3776 4395 ipsorum

2128 4409 2330 4463 habita
2360 4406 2604 4461 ratione.
2639 4406 2788 4460 720
2820 4404 3032 4461 Verum
3066 4407 3149 4462 illi
3175 4410 3230 4464 in
3263 4412 3513 4482 patriam
3537 4414 3777 4479 reversi,

2129 4499 2280 4554 haud
2308 4495 2583 4553 mediocri
2608 4494 2804 4550 dolore
2828 4495 3037 4561 allecti,
3062 4515 3175 4554 non
3199 4501 3452 4571 amplius
3484 4502 3541 4557 in
3575 4504 3777 4558 eadem

366 4594 474 4661 θεν,
506 4590 760 4660 ληῗζεται
817 4584 873 4642 δὲ
919 4589 1018 4653 τήν
1067 4608 1126 4642 τε
1160 4584 1497 4643 Μακεδονίαν
1552 4588 1642 4642 καὶ
1693 4587 1905 4663 Θρᾴκην
1934 4610 2000 4643 κα

2130 4586 2419 4645 sententia
2461 4601 2696 4641 manere
2747 4585 3076 4655 voluerunt,
3112 4591 3213 4645 sed
3262 4592 3539 4647 omnibus
3588 4592 3779 4647 modis

364 4682 433 4736 τὰ
487 4676 861 4755 παρακείμενα
916 4683 1015 4746 τῆς
1074 4675 1431 4753 Βουλγαρίας,
1489 4678 1578 4731 καὶ
1628 4676 1705 4738 εἷς
1759 4678 1857 4746 τήν
1906 4683 2013 4733 τῶν

2127 4679 2463 4751 cogitabant
2494 4675 2694 4730 hostes
2736 4674 2959 4731 ulcisci.

368 4768 713 4839 Πατζινάκων
775 4767 1078 4841 ὑποχωρεῖ.
1138 4772 1316 4840 Μοῖρα
1372 4764 1430 4821 δὲ
1488 4770 1829 4838 στρατιωτῶν
1893 4767 2279 4825 Μακεδονικῶν
2342 4762 2672 4839 στερουμένη
2732 4764 3012 4837 προσῆλθε
3066 4772 3144 4838 τῷ
3205 4770 3461 4845 βασιλεῖ,
3510 4774 3610 4843 τὴν
3662 4774 3781 4829 στέ-

367 4880 526 4930 ρησιν
618 4852 1031 4927 ἀποκλαιομένη
1061 4898 1074 4912 .

1163 4855 1453 4927 Προστάξει
1538 4856 1628 4909 οὗν
1716 4854 1974 4930 βασιλικῇ
2058 4857 2345 4931 τυφθέντες
2425 4852 2515 4907 καὶ
2605 4847 2939 4925 ὑϐρισθέντες
3017 4852 3360 4931 ἰδιώχθησαν
3403 4902 3416 4929 ,
3506 4858 3781 4934 μηδεμιᾶς

366 4948 702 5023 ἐπιστροφῆς
787 4944 964 4998 αὐτῶν
1021 4944 1337 5019 γενομένης.
1401 4941 1557 4998 Ἀλλ’
1616 4942 1669 4998 οἵ
1724 4965 1787 5019 γε
1842 4945 1975 5021 πρὸς
2027 4947 2096 5001 τὰ
2150 4945 2327 5000 οἷ’κεῖα
2384 4940 2563 5012 λύπης
2622 4940 2687 4995 ού
2751 4948 2946 5015 μικρᾶς
3024 4942 3435 5025 ἐπιστραφέντες
3494 4950 3779 5024 ἀνάμεστοι

366 5039 473 5093 οὐκ
545 5030 745 5104 ἤθελον
826 5033 1004 5106 μένειν
1082 5030 1158 5087 ἔτι
1217 5031 1305 5087 ἐπί
1374 5037 1468 5087 τοῦ
1547 5033 1710 5087 αὐτοῦ
1782 5037 2179 5111 φρονήματος,
2240 5032 2386 5089 ἀλλὰ
2436 5033 2561 5091 τοὺς
2619 5029 2924 5103 πολεμίους
3000 5037 3127 5089 πᾶσι
3196 5033 3423 5113 τρόποις
3481 5039 3783 5113 ἀμύνασθαι

366 5126 773 5183 διεσκέπτοντο.

441 5215 800 5279 ’Δποστείλας
857 5212 915 5269 δὲ
965 5214 1102 5287 πρὸς
1151 5214 1241 5267 τὸν
1295 5214 1392 5282 τὴν
1448 5208 1843 5289 Δογγιϐαρδίαν
1894 5236 2019 5270 κατ-

360 5312 567 5387 έχοντα
627 5304 878 5382 Φράγγον
935 5300 1301 5376 Ῥουμπέρτον
1363 5305 1476 5375 (36)
1532 5300 1873 5376 καλούμενον
1915 5306 2014 5374 τὴν

2197 5219 2341 5273 Cum
2374 5217 2570 5268 autem
2606 5210 2866 5266 misisset
2896 5212 2969 5267 ad
3011 5227 3143 5269 eum
3179 5218 3277 5288 qui
3314 5220 3783 5294 Longobardiam

2127 5306 2427 5362 obtinebat
2460 5304 2769 5372 Francum,
2806 5301 3123 5360 Robertum
3156 5309 3417 5377 nomine,
3442 5313 3569 5384 ejus
3600 5310 3785 5368 ﬁliam

1693 5429 1937 5486 JACOBl
1977 5429 2197 5485 GOARI
2237 5428 2465 5485 NOTJE.

436 5542 548 5613 (36)
583 5540 906 5613 Robertum
954 5534 1345 5613 Guiscardum
1386 5534 1710 5613 intelligitL
1736 5536 2023 5613 celebrem

361 5607 1107 5680 No'rmannorumducem,
1130 5608 1230 5680 qui
1254 5607 2023 5680 Campaniam,Calabriam,

369 5686 640 5761 Apuliam
672 5689 730 5743 et
771 5679 1035 5739 Siciliam
1070 5697 1102 5737 θ.
1131 5679 1574 5750 Sarecenorum,
1607 5679 1938 5737 ercorum
1971 5685 2028 5738 et

2137 5535 2415 5615 ltalor_um
2437 5531 2862 5615 _ty_rannide_in
2894 5532 3222 5615 libertatem
3272 5544 3546 5615 asseruit,
3572 5544 3641 5599 de
3672 5559 3787 5615 quo

2134 5610 2264 5684 fuse
2298 5603 2677 5684 Pandulphus
2706 5603 3091 5684 Collenutius,
3115 5612 3228 5671 Leo
3258 5603 3567 5684 Ostiensis,
3599 5603 3789 5671 Faiel-

2134 5680 2229 5739 lus
2258 5684 2315 5738 ct
2343 5679 2812 5741 Normannorum
2842 5678 3114 5740 Annales.
