4046 6144
322 375 433 435 451

1642 363 1971 424 JOANNIS
2016 362 2417 424 SCYLI'I'Z/E

3612 373 3731 431 452

323 524 431 563 suo
461 504 581 560 ﬁlio
611 500 991 559 Constantino
1025 515 1261 555 uxorem
1304 497 1568 566 adduxit,
1603 510 1802 567 quam,
1842 512 1958 549 mu-

2086 493 2250 549 αὐτοῦ
2309 495 2568 569 θυγατέρα
2618 499 2697 566 τῷ
2744 496 2848 567 υἱῷ
2891 498 3278 571 Κωνσταντίνῳ
3325 520 3552 572 γυναικα

322 601 444 652 tato
476 593 734 658 nomine,
764 590 1044 647 Helenam
1068 587 1309 644 vocavit.
1327 590 1623 657 Occupata
1642 590 1837 640 autem
1863 584 1973 639 fuit

324 680 731 754 Longobardia
758 697 793 735 a
822 679 1073 735 Roberto
1102 676 1160 731 in
1202 676 1360 731 hunc
1392 674 1654 729 modum.
1689 672 1972 744 Georgius

324 772 619 828 Maniaees
663 769 734 824 ab
770 771 1035 839 Augusta
1079 766 1189 822 Zoe
1217 765 1290 819 ad
1322 762 1759 834 componendas
1790 776 1881 816 res
1912 761 1971 816 in

320 860 488 916 Italia
517 858 760 923 missus,
794 854 1058 927 magistri
1094 854 1313 909 honore
1340 853 1671 917 decoratus,
1694 849 1971 905 concilia-

318 954 481 1005 verat
528 946 639 1004 sibi
692 946 944 1001 Francos
995 943 1237 1013 multos,
1268 948 1326 997 et
1373 942 1432 995 in
1478 940 1603 996 dies
1651 955 1749 994 eos
1797 939 1898 1011 qui
1940 956 1973 993 a

320 1040 575 1096 Deciano
606 1035 793 1091 vexati
824 1038 988 1090 erant
1016 1033 1206 1089 effecit
1237 1033 1295 1087 in
1331 1031 1504 1087 Italiae
1537 1030 1754 1085 ﬁnibus
1776 1028 1970 1102 quies-

320 1144 448 1184 cere
480 1146 493 1183 :
531 1126 881 1181 verebantur
927 1122 1083 1178 enim
1132 1122 1352 1194 ipsum,
1403 1120 1739 1192 quodtejus
1784 1118 1971 1173 virtu-

320 1218 400 1272 tis
448 1216 507 1269 in
557 1213 776 1287 prmliis
832 1210 1157 1282 periculum
1214 1210 1493 1264 fecerant.
1528 1208 1671 1263 Cum
1729 1224 1865 1263 vero
1910 1224 1972 1262 se

320 1304 693 1379 opposuisset
734 1300 1117 1357 Monomacho
1144 1304 1201 1353 et
1230 1297 1559 1354 debellatus
1607 1297 1835 1366 fuisset,
1869 1296 1969 1367 qui

319 1413 454 1452 cum
487 1396 619 1467 ipso
650 1397 818 1449 erant
848 1390 1071 1461 trajecli
1120 1397 1175 1445 et
1225 1390 1283 1444 in
1330 1389 1667 1444 servitutem
1719 1386 1969 1459 impera-

315 1487 461 1541 toris
505 1482 745 1549 redaeti,
778 1480 1113 1536 Maniacataa
1161 1477 1433 1550 appellati
1480 1482 1619 1532 sunt
1648 1481 1705 1531 et
1735 1476 1793 1531 in
1830 1476 1971 1532 urbe

317 1580 715 1630 Romanorum
766 1586 1161 1644 permansere,
1194 1568 1402 1639 reliqui
1453 1568 1511 1622 in
1567 1566 1733 1622 Italia
1784 1565 1969 1621 relicti

317 1669 476 1719 sunt.
508 1663 647 1718 Erat
695 1665 890 1716 autem
934 1659 1174 1731 quidam
1228 1657 1286 1711 in
1334 1656 1481 1728 ipsis
1529 1656 1818 1712 Robertus
1865 1672 1967 1710 no-

317 1754 475 1809 mine
528 1752 726 1807 fratris
776 1750 934 1804 ﬁlius
981 1746 1242 1811 Ardoini,
1276 1747 1376 1818 qui
1408 1745 1719 1800 aDociano
1769 1744 1968 1817 ﬂagris

317 1860 504 1899 caesus
557 1843 764 1907 fuerat,
811 1838 1005 1911 gravis
1062 1844 1115 1893 et
1173 1837 1493 1891 iracundus
1550 1840 1609 1890 et
1662 1834 1968 1906 tyrannica

316 1937 507 1987 mente
564 1930 866 2001 praeditus.
906 1926 1013 1990 Qui
1071 1929 1270 1996 aperte
1330 1924 1624 1979 Romanos
1685 1921 1968 1993 expellere

317 2020 730 2089 meditabatur,
764 2022 1021 2073 attamen
1071 2014 1424 2085 provinciam
1457 2013 1694 2085 aggredi
1744 2016 1967 2067 metue-

314 2110 417 2164 bat
457 2107 900 2178 diﬁ'erebatque,
934 2120 997 2160 se
1042 2105 1240 2175 ipsum
1291 2102 1642 2158 imbecillem
1697 2117 1964 2172 cernens,

313 2199 735 2268 verebaturque
765 2201 967 2252 contra
997 2192 1370 2265 imperatoris
1413 2192 1731 2264 potentiam
1766 2208 1827 2245 se
1859 2208 1965 2262 op-

312 2304 547 2361 ponere.
580 2288 725 2343 Cum
756 2302 888 2341 vero
922 2300 1067 2339 uxor
1095 2282 1275 2347 illius,
1310 2299 1484 2353 quam
1518 2298 1550 2336 a
1585 2280 1824 2335 Francia
1854 2280 1962 2334 du-

310 2376 680 2446 xerat,Gaita
725 2373 984 2439 nomine,
1012 2372 1132 2427 ﬁlia
1172 2371 1455 2443 principis
1504 2371 1597 2426 cui
1651 2370 1807 2425 haud
1842 2385 1963 2423 me-

312 2465 527 2522 diocris
556 2465 713 2536 regio
752 2464 1016 2534 subjecta
1066 2462 1209 2517 721
1269 2465 1413 2528 erat,
1447 2476 1644 2516 secum
1677 2463 1855 2523 esset,
1889 2458 1960 2513 ad

309 2572 411 2612 eas
441 2556 617 2611 urbes
649 2554 945 2627 migravit,
974 2568 1101 2623 quae
1136 2551 1298 2605 uxori
1324 2566 1442 2605 suae
1465 2549 1963 2620 serviebant,qua-

310 2662 438 2701 rum
488 2644 677 2716 prima
706 2650 763 2699 et
802 2642 1061 2698 maxima
1087 2640 1366 2696 Salernus
1411 2639 1766 2695 nominatur.
1798 2637 1962 2692 Illinc

307 2734 488 2805 igitur
516 2732 694 2788 veluti
744 2733 838 2785 iur
873 2745 1190 2801 erumpens
1238 2727 1365 2782 loca
1412 2728 1809 2782 Romanorum
1845 2726 1959 2779 im-

309 2821 469 2892 perio
503 2821 767 2891 subjecta
796 2818 1185 2891 praedabatur,
1210 2816 1421 2887 partim
1445 2815 1767 2870 Calabriam
1797 2831 1960 2869 man-

309 2910 540 2979 eipans,
593 2909 805 2980 partim
861 2906 1088 2961 Italiam
1148 2904 1419 2975 redigens
1479 2904 1535 2958 in
1596 2903 1956 2958 servitutem.

306 3000 519 3053 Eorum
550 3014 682 3053 vero
713 2996 1078 3067 captivorum
1112 3011 1262 3066 quos
1305 2998 1536 3065 ceperat
1566 2992 1697 3047 aliis
1750 3008 1959 3047 manus

304 3093 631 3161 amputare,
663 3086 793 3143 aliis
833 3090 1123 3142 extremas
1167 3090 1364 3157 partes
1416 3084 1629 3155 pedum
1677 3082 1956 3148 incidere,

304 3179 437 3235 aliis
470 3184 767 3250 utrasque,
790 3177 1078 3249 quosdam
1102 3176 1273 3231 etiam
1304 3175 1523 3245 ingenti
1550 3175 1797 3245 pecunia
1818 3189 1954 3227 ven-

304 3270 461 3341 dere,
495 3277 784 3337 metuens,
818 3267 866 3324 si
900 3284 1012 3321 non
1048 3267 1361 3338 proderent
1393 3266 1565 3320 urbes
1595 3269 1651 3319 et
1681 3280 1810 3318 sese
1841 3261 1952 3333 ipsi

301 3361 601 3426 dederent,
636 3375 706 3415 ne
738 3376 851 3414 non
884 3356 1076 3412 solum
1127 3357 1266 3424 haec,
1300 3357 1401 3412 sed
1457 3355 1634 3411 etiam
1668 3354 1759 3409 bis
1792 3355 1953 3408 dete-

299 3450 456 3506 riora
499 3454 859 3521 paterentur.
894 3450 1037 3501 Cum
1069 3464 1201 3501 vero
1252 3463 1343 3501 res
1377 3445 1599 3515 privata
1630 3443 1859 3514 imperii
1893 3442 1953 3497 in

297 3541 459 3611 regia
512 3540 822 3605 laboraret,
858 3535 1020 3590 nulla
1079 3535 1405 3589 habebatur
1461 3550 1661 3588 eorum
1716 3549 1844 3603 quas
1893 3531 1952 3586 in

296 3628 464 3684 Italia
511 3628 714 3683 ﬁerent
771 3626 937 3679 ratio.
972 3623 1116 3678 Nam
1150 3623 1267 3677 vita
1327 3622 1503 3694 paulo
1566 3627 1699 3693 post
1755 3622 1953 3676 functo

297 3714 855 3780 Monomacho,cum
897 3710 1201 3765 Theodore
1244 3709 1472 3763 circiter
1513 3724 1733 3762 annum
1768 3723 1952 3761 unum

296 3804 651 3858 obtinuisset
680 3800 1016 3873 imperium,
1043 3803 1099 3853 et
1133 3797 1374 3853 Michael
1409 3796 1745 3852 declaratus
1775 3800 1951 3861 esset,

295 3898 470 3964 atque
528 3892 807 3948 adversus
876 3890 1069 3960 ipsum
1126 3887 1467 3942 Comnenus
1525 3886 1839 3955 incitatus,
1898 3888 1957 3939 et

291 3982 579 4037 exercitus
611 3983 809 4035 essent
837 3977 1136 4032 intestinis
1170 3975 1338 4030 bellis
1367 3975 1654 4046 occupati,
1687 3992 1751 4029 ac
1784 3991 1954 4029 nemo

290 4072 520 4126 Roberti
580 4074 826 4124 conatus
885 4065 1245 4138 prohiberet,
1295 4081 1548 4137 magnus
1604 4081 1672 4119 ex
1731 4064 1839 4118 hoc
1900 4067 1957 4119 et

290 4160 538 4215 illustris
569 4159 786 4225 evasit;
843 4157 1118 4210 idoneum
1169 4154 1324 4209 enim
1373 4157 1563 4226 coegit
1609 4154 1932 4209 exercitum

291 4255 348 4304 et
378 4264 664 4319 equorum
695 4252 870 4316 atque
898 4244 1156 4316 pecuniae
1179 4252 1235 4299 et
1256 4260 1554 4298 armorum
1586 4244 1805 4314 potitus
1837 4241 1957 4319 estf

292 4352 426 4391 eum
459 4335 499 4389 ii
531 4338 629 4405 qui
663 4334 735 4388 ab
785 4334 1135 4404 imperatore
1167 4332 1345 4386 duces
1398 4332 1645 4386 urbibus
1700 4314 1956 4403 praefecti

291 4429 478 4494 erant,
509 4441 623 4479 non
657 4426 897 4495 possent
923 4424 1125 4476 contra
1152 4438 1460 4492 erumpere
1492 4420 1564 4475 ob
1598 4420 1951 4492 paucitatem

289 4530 535 4570 suorum
593 4516 650 4568 et
709 4510 999 4567 modicam
1059 4510 1364 4565 virtutem.
1401 4509 1701 4565 Comneno
1762 4513 1955 4564 autem

2082 605 2227 659 γετο,
2274 583 2495 655 Ἑλένην
2548 583 2923 658 μετονομάσας
2968 586 3157 657 αὐτήν.
3217 592 3536 665 Κατεσχὲθη
3590 587 3647 645 δὲ
3695 594 3730 661 ἡ

2082 669 2455 749 Αογγιϐαρδία
2506 676 2618 747 (37)
2678 674 2814 750 πρὸς
2858 680 2955 730 τοῦ
2996 676 3369 751 Ῥουμπέρτου
3416 683 3607 734 τοῦτον
3639 680 3729 735 τὸν

2081 762 2305 836 τρόπον’
2367 764 2640 839 Γεώργιος
2700 764 2728 819 ὁ
2789 764 3075 835 Μανιάκης
3124 766 3212 820 ἐπὶ
3261 767 3578 823 καταστάσει
3620 774 3728 825 τῶν

2082 850 2134 905 έν
2195 849 2397 923 Ἰταλίᾳ
2467 852 2799 927 πραγμάτων
2870 853 3199 918 ἀποσταλεὶς
3267 858 3727 933 προσηταιρίσατο

2086 939 2180 1011 μὲν
2244 943 2528 1018 Φράγγους
2577 940 2843 1015 πολλοὺς,
2902 944 3021 1007 καθ’
3078 945 3289 1019 ἡμέραν
3344 942 3401 1000 δὲ
3456 947 3546 1001 καὶ
3601 948 3729 1011 τοὺς

2082 1029 2227 1105 παρὰ
2282 1034 2379 1084 τοῦ
2432 1035 2719 1085 Δοκειανοῦ
2774 1034 3111 1095 κακωθέντας
3168 1034 3258 1089 καὶ
3308 1035 3543 1111 ἡσυχίαν
3584 1036 3728 1114 ἄγειν

2083 1113 2134 1171 ἕν
2240 1140 2348 1173 τισι
2448 1118 2675 1195 τέρμασι
2762 1123 2859 1189 τῆς
2945 1119 3179 1184 Ἰταλίας
3258 1113 3648 1198 παρεσκεύασεν
3708 1147 3721 1159 ⁸

2082 1209 2161 1279 [Ρ.
2222 1210 2348 1281 854]
2407 1206 2669 1263 έδεδίεσαν
2745 1210 2845 1286 γὰρ
2921 1209 3104 1279 αὐτὸν,
3163 1218 3351 1289 πεῖραν
3405 1218 3505 1278 τῆς
3565 1215 3727 1270 αὐτοῦ

2081 1295 2132 1350 ἐν
2192 1296 2460 1371 πολέμοις
2514 1298 2893 1373 γενναιότητος
2959 1294 3198 1375 ἔχοντες.
3262 1302 3611 1378 Ἀντάραντος
3670 1303 3729 1360 δὲ

2078 1390 2158 1458 τῷ
2188 1388 2508 1463 Μονομάχῳ
2547 1388 2635 1442 καὶ
2678 1390 3175 1465 κατηγωνισμένου,
3210 1392 3261 1445 οἱ
3314 1392 3410 1464 μὶν
3452 1393 3543 1447 σὺν
3577 1395 3725 1467 αὐτῷ

2079 1478 2469 1550 περαιωθέντες
2499 1481 2579 1549 τῷ
2630 1475 2845 1553 βασιλεῖ
2897 1475 3259 1543 δουλωθέντες
3311 1482 3646 1539 Μανιακάτοι
3671 1505 3729 1540 τε

2078 1564 2543 1638 ἐπωνομάσθησαν
2602 1567 2692 1621 καὶ
2874 1567 3159 1641 Ῥωμαίων
3213 1565 3373 1625 πόλει
3445 1571 3727 1646 ἐναπέμει-

2077 1674 2192 1727 ναν,
2252 1656 2305 1708 οἱ
2350 1652 2406 1710 δε
2455 1653 2641 1711 λοιποὶ
2682 1654 2735 1711 ἐν
2798 1656 3002 1729 Ἰταλίᾳ
3051 1658 3468 1737 ὑπελείφθησαν.
3514 1664 3613 1717 Ἥν
3670 1662 3726 1719 δέ

2074 1764 2159 1804 τις
2208 1742 2259 1797 ἐν
2309 1744 2493 1807 αὐτοῖς
2545 1747 2915 1821 Ῥουμπέρτος
2962 1746 3225 1821 τοῦνομα,
3258 1750 3474 1824 ἀνεψιὸς
3506 1749 3724 1826 ’Λρδοΐ-

2001 1853 2172 1921 Βνου
2222 1838 2318 1921 τοῦ
2397 1836 2501 1889 ὑπὸ
2577 1841 2866 1891 Δοκειανοῦ
2922 1839 3339 1913 μαστιχθέντος,
3401 1836 3573 1902 δεινὸς
3632 1841 3724 1895 καὶ

2079 1920 2419 1995 θυμοειδὴς,
2497 1926 2813 1998 τυραννικὸν
2872 1922 3018 2001 ἔχων
3076 1927 3138 1981 τὸ
3213 1928 3517 2006 φρόνημα,
3577 1931 3723 1992 ὅστις

2077 2016 2318 2086 φανερῶς
2376 2014 2468 2084 μὲν
2518 2011 2762 2083 ἐξελάσαι
2804 2020 2906 2084 τῆς
2964 2016 3195 2078 Ἰταλίας
3233 2016 3361 2082 τοὺς
3416 2019 3726 2092 Ῥωμαίους

2076 2096 2326 2170 ἐμελέτα,
2361 2098 2516 2155 ὤκνει
2549 2099 2607 2156 δὲ
2655 2102 2809 2175 ὅμως
2851 2104 2949 2171 τήν
2996 2103 3312 2180 ἐγχείρησιν
3361 2107 3447 2162 καὶ
3490 2103 3722 2163 ἀνεϐάλ-

2076 2186 2223 2260 λετο,
2276 2191 2469 2259 ἀσθενῆ
2522 2191 2707 2245 ἑαυτὸν
2758 2193 2922 2267 ὁρῶν,
2983 2195 3073 2247 καὶ
3117 2195 3256 2267 πρὸς
3298 2197 3399 2265 τὴν
3441 2201 3537 2251 τοῦ
3572 2199 3725 2271 βασι·

2076 2274 2217 2339 λέως
2278 2279 2432 2353 ἰσχὺν
2493 2278 2739 2355 ὠρρώδει
2793 2282 2978 2336 έαυτὸν
3037 2283 3441 2359 ἀντεξαγαγεῖν.
3500 2290 3607 2351 Τῆς
3666 2285 3727 2342 δὶ

2073 2369 2325 2440 γυναικὸς
2376 2367 2579 2437 αὐτοῦ,
2634 2371 2702 2439 ἣν
2748 2370 2852 2425 ἀπὸ
2900 2373 3178 2446 Φραγγίας
3226 2373 3504 2449 ἠγάγετο,
3532 2387 3721 2431 τελευ-

2070 2457 2314 2526 τησάσης
2387 2458 2567 2533 ἑτέραν
2637 2457 2867 2533 ἄγεται,
2922 2458 3113 2515 Γαΐταν
3174 2463 3266 2533 μὲν
3327 2462 3670 2536 καλουμένην
3704 2509 3718 2533 ,

2074 2546 2335 2621 θυγατέρα
2366 2543 2424 2601 δὶ
2471 2545 2631 2601 οὖσαν
2676 2548 2973 2623 πρίγκιπος
3025 2551 3212 2625 χώραν
3269 2551 3367 2606 οὐκ
3408 2552 3597 2629 ὀλίγην
3634 2554 3719 2631 ὑφ’

2072 2634 2257 2688 ἑαυτὸν
2313 2634 2555 2710 ἔχοντος.
2610 2638 2975 2712 Ἀγαγόμενος
3035 2640 3124 2693 οὖν
3174 2639 3374 2711 ταύτην
3405 2643 3716 2715 κατῴκησεν

2071 2721 2123 2776 ἐν
2150 2729 2267 2785 ταῖς
2320 2723 2513 2779 πόλεσι
2557 2732 2677 2789 ταῖς
2729 2724 3110 2805 διαφερούσαις
3156 2733 3223 2802 τῇ
3275 2729 3437 2785 αὐτοῦ
3479 2734 3714 2806 γυναικὶ.

2071 2813 2143 2865 ὧν
2260 2815 2451 2889 πρώτη
2517 2816 2610 2887 μὲν
2656 2816 2745 2870 καὶ
2808 2816 3035 2891 μεγίστη
3099 2818 3341 2891 Σαλερὸς
3369 2820 3713 2893 ὀνομάζεται.

2072 2904 2307 2958 Ἐκεῖθεν
2368 2902 2457 2957 οὖν
2518 2906 2606 2958 οἷα
2661 2904 2901 2975 κλέπτης
2948 2906 3038 2961 καὶ
3088 2906 3297 2981 λῃστὴς
3342 2908 3496 2979 ἐξιὼν
3543 2909 3610 2964 τὰ
3645 2914 3713 2983 τῇ

2066 2991 2342 3063 Ῥωμανίᾳ
2416 2991 2740 3065 ὑποκείμενα
2796 2992 3078 3068 ἐληῗζετο,
3135 3000 3295 3051 τοῦτο
3360 2996 3455 3069 μὶν
3513 2997 3659 3053 Καλα
3693 3030 3715 3042 -

2069 3075 2223 3155 ϐρίαν
2267 3080 2715 3156 αἰχμαλωτίζων,
2768 3087 2932 3137 τοῦτο
2983 3080 3040 3138 δὶ
3084 3085 3182 3153 τήν
3216 3083 3451 3141 Ἰταλίαν
3482 3083 3712 3141 δουλού-

2073 3190 2253 3241 μενος.
2315 3172 2434 3227 Τῶν
2510 3166 2556 3224 δ’
2611 3168 2985 3243 ἁλισκομένων
3042 3171 3416 3247 αῗχμαλώτων
3487 3175 3561 3229 ὧν
3621 3176 3715 3246 μὶν

2070 3265 2259 3334 χεῖρας
2293 3258 2512 3333 ἀφῄρει,
2557 3260 2629 3313 ὧν
2681 3256 2738 3314 δὲ
2779 3258 2948 3322 πόδας
2980 3261 3412 3336 ἠκρωτηρίαζεν,
3442 3261 3628 3318 ἄλλων
3662 3261 3720 3319 δὶ

2066 3347 2333 3403 ἀπέκοπτε
2389 3348 2479 3403 καὶ
2538 3348 2817 3426 ἀμφότερα
2851 3393 2865 3417 ,
2922 3351 3071 3412 τινὰς
3130 3347 3187 3405 δὲ
3236 3352 3326 3406 καὶ
3388 3353 3711 3425 ἀπημπὸλει

2063 3439 2368 3512 χρημάτων
2421 3436 2672 3507 πολλῶν,
2726 3435 3104 3511 δεδιττόμενος
3162 3440 3235 3502 ὡς
3273 3439 3322 3495 εἲ
3350 3442 3426 3513 μὴ
3457 3440 3712 3517 προδοῖεν

2060 3529 2155 3587 τὰς
2205 3526 2394 3589 πόλεις
2454 3527 2543 3581 κιοὶ
2598 3525 2938 3582 ὐποκλιθεῖεν
2999 3528 3164 3601 αὐτῷ,
3225 3528 3286 3583 οὗ
3343 3534 3509 3585 ταῦτα
3554 3532 3713 3605 μόνα,

2063 3615 2207 3671 ἀλλὰ
2253 3618 2341 3669 καὶ
2390 3616 2616 3692 χείρονα
2662 3616 2957 3674 πείσονται.
3015 3617 3338 3673 Νοσούντων
3394 3617 3450 3673 δὲ
3501 3619 3553 3674 έν
3594 3626 3713 3682 τοῖς

2068 3705 2364 3781 βοσιλείοις
2421 3711 2528 3760 τῶν
2590 3704 2833 3775 οἰκείων,
2876 3705 3103 3779 οὐδεμία
3154 3712 3262 3762 τῶν
3310 3709 3613 3784 γινομένων
3656 3709 3707 3764 έν

2063 3794 2263 3866 Ἰταλίᾳ
2334 3794 2535 3869 ἐγίνετο
2609 3794 2957 3874 ἂπιστροφή.
3017 3801 3120 3851 Τοῦ
3197 3797 3301 3873 γὰρ
3369 3799 3710 3873 Μονομάχου

2068 3885 2202 3958 μετὰ
2263 3884 2439 3959 βραχὺ
2496 3882 2944 3955 τελευτήσαντος,
3004 3883 3284 3960 Θεοδὼρας
3342 3884 3398 3941 δὶ
3454 3894 3553 3956 τῆς
3603 3887 3713 3942 Αὖ-

2062 3974 2296 4049 γοόστης
2338 3973 2419 4051 ἄρ’
2464 3971 2554 4028 ἕνα
2599 3973 2796 4049 χρόνον
2841 3974 2938 4042 τὴν
2984 3973 3256 4048 βασιλείαν
3306 3975 3714 4051 κατασχούσης,

2064 4068 2160 4117 τοῦ
2214 4084 2272 4117 τε
2329 4062 2559 4138 Μιχαὴλ
2618 4064 2987 4137 ἀναιρεθέντος
3037 4063 3125 4118 καὶ
3174 4068 3271 4119 τοῦ
3304 4070 3592 4137 Κομνηνοῦ
3628 4064 3719 4119 έπ-

2066 4153 2388 4213 αναστάντος
2422 4151 2588 4223 αὐτῷ,
2619 4152 2707 4205 καὶ
2753 4156 2861 4206 τῶν
2914 4153 3327 4229 στρατευμάτων
3365 4153 3717 4229 ἀσχολουμέ-

2065 4264 2168 4295 νων
2218 4246 2331 4303 τοῖς
2378 4238 2668 4317 έμφυλίοις
2719 4238 3010 4314 πολέμοις,
3063 4239 3292 4314 μηδενός
3344 4263 3401 4297 τε
3432 4238 3587 4305 ὄντος
3619 4248 3715 4297 τοῦ

2064 4332 2163 4397 τήν
2222 4330 2398 4404 ὁρμὴν
2458 4334 2555 4384 τοῦ
2613 4330 2986 4403 Ῥουμπέρτου
3033 4329 3399 4399 κωλύσοντος,
3457 4330 3621 4407 μέγας
3655 4331 3715 4387 ἐκ

2064 4419 2263 4473 τούτου
2302 4419 2391 4473 καὶ
2442 4415 2768 4494 περιῦόητος
2818 4421 3028 4494 γέγονε·
3084 4421 3307 4492 στρατὸν
3355 4421 3455 4496 γὰρ
3494 4420 3716 4490 ἀξιόλο-

2066 4530 2157 4582 γον
2189 4510 2545 4578 συνεστήσατο
2587 4508 2679 4563 καὶ
2721 4506 2907 4563 ἵππων
2953 4508 3043 4563 καὶ
3074 4510 3381 4584 χρημάτων
3414 4508 3503 4564 καὶ
3535 4509 3715 4585 ἁρμά-

288 4604 500 4675 adepto
545 4600 886 4673 imperium,
916 4603 1240 4653 Turcorum
1294 4597 1452 4653 natio
1483 4597 1783 4653 Orientem
1817 4614 1945 4669 pre-

2070 4619 2159 4651 των
2215 4596 2419 4673 ἐγένετο
2476 4597 2685 4671 κύριος,
2733 4602 2840 4652 τῶν
2886 4596 2938 4652 ἐν
2992 4603 3111 4659 ταῖς
3161 4596 3354 4653 πόλεσι
3385 4603 3710 4674 στρατηγεῖν

292 4710 468 4759 mere,
533 4689 823 4746 Patzinaci
891 4703 1025 4742 vero
1084 4686 1480 4743 Occidentem.
1540 4687 1705 4742 Cedit
1769 4687 1951 4758 igitur

286 4782 622 4850 Thrymbus
653 4777 944 4845 Calabria,
979 4776 1079 4847 qui
1131 4774 1248 4829 illic
1297 4776 1417 4830 dux
1468 4781 1591 4831 erat
1637 4776 1946 4841 exercitus,

290 4877 488 4943 aperte
518 4874 723 4925 contra
748 4866 1063 4922 Seribonas
1104 4865 1333 4920 facinus
1365 4882 1546 4919 ausus
1580 4881 1593 4919 :
1629 4881 1758 4920 cum
1798 4866 1947 4921 722

291 4960 448 5015 enim
489 4956 783 5029 indigenis
818 4954 1060 5009 minime
1111 4954 1337 5025 placere
1385 4959 1649 5009 cerneret
1678 4955 1831 5024 quod
1864 4956 1947 5011 fa-

291 5055 454 5103 ctum
504 5051 679 5114 esset,
712 5045 877 5100 exsul
930 5044 1001 5098 ad
1056 5043 1471 5114 imperatorem
1532 5044 1945 5113 proﬁciscitur.

290 5138 540 5193 Mittitur
578 5136 759 5207 igitur
789 5135 907 5189 dux
953 5132 1130 5189 Italia:
1170 5133 1488 5189 Abulchar.
1524 5133 1813 5189 Robertus
1844 5153 1947 5189 au-

286 5233 403 5283 tem
454 5240 587 5279 cum
645 5228 881 5295 propter
928 5221 1351 5277 Scribonarum
1402 5222 1618 5276 eadem
1670 5222 1947 5279 Calabros

283 5318 657 5387 exasperatos
686 5312 924 5378 videret,
958 5309 1067 5364 hac
1111 5326 1344 5380 quoque
1374 5311 1445 5365 de
1476 5327 1655 5366 causa
1687 5312 1948 5369 rebelliO'

287 5423 406 5462 rem
440 5402 785 5470 meditatus,
820 5416 934 5455 non
970 5402 1034 5454 ut
1081 5398 1339 5470 amplius
1387 5416 1730 5456 reversurus
1780 5418 1945 5473 egre-

2055 4688 2395 4763 τεταγμένων
2451 4688 2587 4760 πρὸς
2651 4686 2876 4761 βασιλέα
2937 4688 3012 4759 μὴ
3065 4684 3378 4759 δυναμένων
3422 4686 3709 4759 ἀντεξιέναι

2058 4772 2379 4851 ὀλιγανδρίᾳ
2432 4776 2520 4831 καὶ
2576 4776 2835 4846 κακότητι
2892 4781 2998 4831 τῶν
3058 4776 3150 4830 σὺν
3206 4777 3397 4840 αὐτοῖς
3431 4820 3443 4832 .
3492 4780 3595 4831 Τοῦ
3650 4774 3707 4831 δὲ

2058 4870 2343 4938 Κομνηνοῦ
2400 4873 2500 4935 τῆς
2577 4863 2855 4940 βασιλείας
2929 4865 3220 4941 έγκρατοῦς
3279 4869 3576 4942 γενομένου
3642 4868 3709 4921 τὰ

2061 4956 2155 5028 μὲν
2188 4960 2294 5009 τῶν
2343 4956 2595 5030 Τούρκων
2645 4956 2743 5024 τήν
2791 4952 3096 5023 Ἀνατολὴν
3151 4951 3385 5028 ἔθλιϐεν,
3420 4957 3472 5011 οἱ
3506 4962 3706 5026 Πατζι-

2056 5046 2209 5098 νάκοι
2267 5043 2323 5099 δὶ
2376 5046 2475 5114 τὴν
2532 5043 2688 5098 Λύσιν
2744 5042 2998 5113 έπίεζον.
3059 5050 3370 5120 ἰ’ποχωρεῖ
3423 5049 3553 5121 γοῦν
3607 5052 3708 5116 τῆς

2058 5128 2371 5207 Καλαϐρίας
2420 5135 2448 5187 ὁ
2499 5128 2791 5208 Θρυμϐὸς,
2846 5134 2905 5195 ’ὸς
2956 5132 3127 5188 έκεῖσε
3180 5140 3496 5211 στρατηγῶν
3554 5133 3706 5207 ἐτύγ-

2057 5243 2212 5297 χανε,
2270 5223 2332 5277 τὸ
2379 5224 2514 5278 κατὰ
2554 5222 2683 5285 τοὺς
2730 5217 3048 5298 Σκρίϐωνας
3097 5220 3223 5297 ἄγος
3274 5221 3467 5294 ἀνέδην
3524 5221 3709 5277 τετολ-

2059 5315 2270 5385 μηκώς
2353 5313 2427 5385 μὴ
2487 5313 2708 5384 ἀρέσκον
2762 5311 2863 5387 γὰρ
2914 5317 3033 5374 τοῖς
3093 5310 3386 5388 ἐγχωρίοις
3444 5314 3581 5388 ὁρῶν
3638 5311 3700 5365 τὸ

2056 5400 2455 5478 πεπραγμένον,
2516 5402 2683 5479 φυγὰς
2730 5401 2806 5464 ὡς
2856 5399 3083 5476 βασιλέα
3128 5401 3353 5474 γίνεται.
3409 5398 3710 5469 Στέλλεται

1617 5525 1865 5583 JACOBI
1904 5530 2118 5587 GOARI
2158 5530 2390 5585 ΝΟΤίΕ.

355 5636 469 5706 (37)
502 5635 563 5691 Id
606 5638 695 5690 est
748 5628 959 5705 Apulia
1008 5631 1065 5685 et
1116 5629 1448 5702 adjacentes
1500 5632 1834 5704 provincias,
1868 5634 2085 5708 quibus
2134 5635 2340 5692 ultimo
2384 5635 2566 5692 Grzeci
2616 5635 3071 5708 imperaverunt.
3110 5634 3438 5691 Recolenda
3472 5638 3611 5690 nota
3642 5632 3702 5689 in

286 5727 344 5787 p.
378 5709 505 5766 577.
