4084 6140
386 337 511 393 453

1900 333 2293 395 IllS‘l‘OllIA.

3688 341 3809 399 454

382 472 520 542 γοῦν
555 464 679 535 δοὺξ
709 464 935 527 Ιταλίας
985 466 1013 519 6
1059 460 1422 540 Ἀϐουλχαρέ.
1467 466 1529 522 Ὀ
1569 461 1625 519 δὲ
1672 466 2039 540 Ῥουμπέτρος

2172 467 2333 536 litur,
2364 467 2745 539 adhibitaque
2776 467 3069 523 celeritate
3101 468 3378 541 Rhegium
3409 471 3565 543 capit
3604 474 3805 530 urbem

381 560 453 629 τῇ
509 559 621 609 τῶν
682 548 1005 623 Σκριϐώνωη
1081 552 1319 626 ἀναιρεσι
1372 551 1717 608 δεινοπαθοῧν
1772 553 1835 609 τὸ
1882 554 2037 628 γένος

384 646 536 721 ἀρῶν
593 647 699 698 τῶν
761 637 1060 714 Καλαϐρῶν
1119 638 1233 716 ἅμα
1288 643 1392 697 κάκ
1454 649 1553 711 τῆς
1607 642 1781 704 αἶτίας
1836 642 2037 712 ταύτης

381 733 680 788 ἀπόστασιν
744 730 1007 804 μελετῶν,
1064 736 1143 804 [Ρ.
1202 734 1334 805 855]
1388 733 1567 787 οὐκέτι
1629 733 1722 804 μὲν
1780 732 1854 793 ὡς
1912 733 2040 787 ὑπο-

386 824 636 894 στρέψων
684 817 864 889 ἔξεισι,
916 818 1127 892 σπουδῇ
1182 817 1240 874 δὲ
1287 819 1483 881 ἐλάσας
1535 821 1678 894 αἱρεῖ
1733 821 1794 874 τὸ
1825 822 2040 895 Ῥήγιον

388 909 556 967 πόλιν
613 908 853 983 μεγάλην
898 908 984 963 καὶ
1034 907 1294 986 ἐπίφανῆ,
1341 908 1391 963 ἐν
1445 910 1490 981 ᾧ
1538 910 1785 978 συνήθως
1837 910 1863 960 6
1915 905 2039 978 δουξ

394 1006 625 1068 Ἰταλίας
660 1000 921 1080 διέτριϐεν
961 1028 972 1039 ·
1024 1008 1155 1074 ἦσαν
1202 1005 1305 1081 γὰρ
1352 1005 1403 1060 ὲν
1452 1004 1630 1078 τούτῳ
1679 1004 1954 1078 οἴκηματαὶ
1984 1025 2042 1059 τε

395 1094 666 1170 διαπρεπῆ
717 1095 807 1148 καὶ
850 1099 956 1149 τῶν
1010 1091 1331 1165 ἐπιτηδείων
1385 1093 1609 1171 ἀφθονία
1658 1093 1865 1163 πολλή.
1908 1094 1967 1150 Ὀ
1995 1090 2041 1147 δ’

394 1179 743 1258 ’Δόουλχαρὶ
798 1184 860 1237 τὸ
917 1182 1221 1258 Δυρράχιον
1270 1177 1590 1237 καταλαϐὼν
1643 1182 1692 1252 ἐξ
1739 1181 1942 1237 ἐκείνου
1983 1202 2042 1236 τε

390 1273 468 1335 εἰς
502 1275 601 1342 τήν
638 1273 799 1348 Βάριν
848 1272 1195 1347 περαιωθεὶς,
1243 1274 1548 1344 πυθόμενος
1600 1271 1681 1326 δτι
1722 1272 1783 1326 τὸ
1819 1272 2038 1344 Ῥήγιον

387 1363 561 1433 ἑάλω,
622 1358 827 1437 ἔμεινεν
887 1362 1043 1417 αὐτὸν
1106 1362 1155 1417 ἰν
1215 1365 1282 1436 τῇ
1345 1362 1803 1438 Βάρει,κακεῖοεν
1851 1362 1925 1425 ὼς
1973 1362 2038 1429 ἦν

389 1451 618 1509 δυνατὸν
662 1458 769 1508 τῶν
826 1450 902 1507 ἔτι
941 1454 1007 1507 τὰ
1051 1453 1338 1525 Ῥωμαίων
1393 1456 1707 1529 φρονουσῶν
1762 1453 2040 1526 ἀντείχετο

387 1542 634 1609 πόλεων,
698 1541 1032 1616 στρατηγοὺς
1082 1541 1312 1618 έφιστῶν
1363 1541 1453 1595 καὶ
1523 1541 1744 1615 στρατὸν
1805 1541 2042 1613 ἐπιπέμο

388 1653 510 1686 πων
542 1631 617 1692 εἷς
649 1627 898 1705 φυλακήν
935 1647 946 1660 ·
1005 1628 1081 1685 ἔτι
1127 1632 1227 1705 γὰρ
1288 1629 1547 1708 ἒφρόνουν
1596 1630 1662 1685 τὰ
1692 1630 1979 1702 Ῥωμαίων
2004 1627 2039 1698 ἤ

387 1742 450 1775 τε
512 1720 699 1795 Βάρις,
756 1721 791 1789 ἡ
849 1716 1090 1793 ¹ὶ“δροῦς,
1150 1721 1184 1788 ἡ
1243 1717 1609 1784 Καλλίπολις,
1675 1720 1703 1773 6
1759 1718 2040 1793 Τάρας,τὸ

2146 572 2415 628 magnam
2470 561 2527 611 et
2576 555 2887 625 illustrem,
2927 557 3028 613 ubi
3060 564 3443 615 consueverat
3474 561 3591 614 dux
3623 560 3805 617 Italia:

2145 645 2515 717 commorari,
2548 647 2703 717 quod
2738 646 2817 702 ibi
2850 655 3047 702 essent
3094 653 3151 703 et
3205 649 3531 721 magniﬁcae
3590 652 3806 707 domus

2147 739 2205 788 et
2248 750 2449 789 eorum
2501 753 2627 807 qua:
2679 736 2749 790 ad
2799 737 3023 792 victum
3076 738 3407 793 necessaria
3455 744 3596 795 sunt
3641 741 3810 811 copia

2148 823 2358 879 multa.
2394 824 2724 880 Abulchare
2775 831 2972 880 autem
3004 842 3135 881 cum
3171 828 3554 899 Dyrrachium
3603 846 3807 901 perve-

2150 908 2335 964 nisset
2366 911 2500 965 inde
2531 911 2767 966 Barium
2817 912 3172 981 transmisit,
3214 931 3467 986 cumque
3518 916 3806 988 Rhegium

2150 1003 2388 1070 captum
2419 1001 2811 1072 cognovisset,
2837 1018 2971 1056 cum
3004 1002 3132 1056 Bari
3166 1004 3564 1073 exspectabat,
3590 1011 3648 1060 et
3671 1006 3810 1062 inde

2150 1094 2441 1158 quantum
2474 1094 2717 1160 poterat,
2757 1091 2929 1145 urbes
2961 1090 3152 1145 adhuc
3182 1092 3404 1147 amicas
3434 1094 3714 1149 Romanis
3744 1094 3804 1150 in

2150 1177 2340 1233 officio
2372 1195 2436 1233 ac
2468 1180 2581 1233 fide
2610 1179 2963 1244 continebat,
3000 1181 3317 1249 praeﬁciens
3338 1181 3539 1249 duces,
3567 1189 3623 1238 et
3644 1200 3806 1239 exer-

2152 1265 2334 1321 citum
2403 1267 2640 1322 mittens
2701 1268 2773 1322 ad
2846 1267 3106 1322 locorum
3167 1270 3494 1325 custodiam
3548 1289 3560 1326 :
3616 1272 3808 1327 adhuc

2150 1354 2305 1409 enim
2339 1372 2370 1408 a
2403 1355 2683 1411 Romanis
2716 1360 2883 1410 erant
2915 1356 3101 1426 Baris,
3126 1356 3315 1425 Idrus,
3348 1357 3668 1429 Callipolis,
3704 1361 3811 1416 Ta-

2149 1446 2816 1511 rentum,Brundusium
2840 1451 2897 1500 et
2920 1450 3081 1500 Hom
3105 1450 3161 1501 et
3184 1446 3298 1502 alia
3318 1447 3598 1519 oppidula
3621 1451 3811 1505 multa

2150 1537 2207 1587 et
2238 1534 2474 1588 omnino
2506 1542 2627 1589 tota
2659 1534 2838 1605 regio.
2875 1536 3103 1589 Interea
3146 1551 3280 1589 vero
3329 1536 3662 1593 declaratus
3692 1538 3813 1593 dux

2150 1629 2329 1685 Italia:
2372 1634 2623 1686 Perenus
2674 1632 2802 1686 fuit.
2858 1631 3002 1686 Cum
3054 1647 3184 1687 vero
3237 1649 3350 1687 non
3408 1634 3699 1703 potuisset
3749 1634 3810 1690 in

2150 1719 2613 1790 Longobardiam
2648 1720 2844 1791 copias
2870 1720 3139 1790 trajicere
3170 1727 3407 1792 propter
3437 1722 3673 1778 Roberti
3708 1740 3809 1794 po-

393 1806 710 1884 Βρενδίσιον
740 1810 827 1863 καὶ
859 1809 912 1863 αἱ
944 1811 1098 1884 Ὧραι
1132 1809 1219 1863 καὶ
1260 1806 1405 1863 ἄλλα
1446 1805 1711 1882 πολίχνια
1757 1808 1915 1862 ἱκανά
1951 1807 2039 1862 καὶ

2174 1808 2416 1872 entiam,
2450 1808 2749 1879 Dyrrachii
2781 1809 3018 1874 mansit,
3053 1810 3174 1864 dux
3204 1809 3503 1880 Dyrrachii
3550 1813 3813 1884 appella-

391 1902 543 1952 πᾶσα
572 1900 606 1966 ἡ
640 1898 800 1973 χώρα
845 1894 1057 1957 ἅπλῶς.
1108 1898 1194 1953 Ἐν
1249 1901 1330 1967 τῷ
1382 1896 1576 1968 μεταξὺ
1619 1894 1676 1950 δὲ
1721 1891 2040 1968 προεϐλήθη

409 1984 537 2057 δοὺξ
588 1988 685 2053 τῆς
742 1982 973 2048 Ἰταλίας
1023 1986 1050 2039 6
1117 1985 1383 2059 ΙΙερηνός.
1443 1986 1530 2052 Μὴ
1587 1982 1837 2055 δυνηθεὶς
1885 1984 1941 2038 δὲ
1973 1984 2048 2046 εἷς

404 2071 814 2150 Λογγιϐαρδίαν
873 2076 1243 2149 περαιωθῆναι
1299 2071 1388 2128 ’διά
1443 2076 1540 2143 τὴν
1595 2078 1691 2128 τοῦ
1747 2075 2050 2146 Ῥουμπέρ-

401 2187 503 2220 του
533 2161 983 2219 καταδυναστείαν
1034 2159 1240 2235 ἔμεινεν
1293 2162 1342 2217 έν
1386 2162 2053 2238 Δυρραχίῳ,ὁνομασοεὶς

371 2258 503 2309 ’τοῦ
554 2252 857 2329 Δυρραχίου
908 2249 1052 2321 δοόξ.
1132 2247 1444 2327 Νικηφόρος
1518 2248 1574 2305 δὲ
1630 2252 1657 2305 6
1716 2251 2055 2325 Καραντηνὸς

404 2340 678 2417 ἐκδρομὰς
724 2340 1056 2413 ποιτυμένου
1105 2345 1206 2394 τοῦ
1258 2341 1626 2414 Ῥουμπὲτρου
1669 2338 1759 2393 καί
1788 2339 2055 2394 κακώσεσι

408 2430 630 2506 μυρίαις
686 2430 812 2492 τοὺς
869 2428 1111 2492 Ἰταλοὺς
1158 2429 1592 2505 κατατρύχοντος
1665 2425 1875 2483 ἆδειλία
1936 2428 2053 2500 μὶν,

368 2529 567 2603 νέμενε
625 2526 669 2583 δ’
728 2530 882 2601 ὅμως
920 2528 1019 2594 τὴν
1070 2525 1130 2581 ἐκ
1186 2526 1453 2602 βασιλέως
1498 2526 1774 2600 ἀναμένων
1836 2525 2055 2580 ἐπικου-

411 2620 557 2696 ρίαν.
598 2620 767 2675 Πᾶσαι
828 2618 917 2672 οὗν
968 2617 1023 2671 αἱ
1081 2615 1341 2673 Ἰταλικαὶ
1387 2614 1577 2677 πόλεις
1624 2616 2056 2690 προσεχώρησαν

409 2708 505 2763 καὶ
565 2708 803 2781 φρουρὰν
838 2702 1194 2782 παρεδέξαντο
1228 2724 1239 2736 ·
1299 2704 1434 2765 τινες
1484 2702 1540 2759 δὲ
1584 2704 1673 2758 καὶ
1704 2705 1942 2782 φρουρὰν
1980 2706 2055 2777 μὴ

411 2794 832 2868 καταδεξάμεναι
908 2794 1213 2872 ὑποφόρους
1285 2798 1637 2865 κατέστησαν.
1715 2794 1935 2850 Τούτων
2002 2791 2060 2848 δὲ

414 2883 562 2940 οὕτω
607 2884 951 2956 τελουμένων
999 2888 1184 2961 φυγεῖν
1245 2883 1338 2955 μὲν
1376 2878 1512 2957 ἔγνω
1570 2882 1657 2936 καὶ
1704 2884 1731 2936 ὁ
1783 2889 2060 2955 Καραντη-

413 2976 532 3038 νὸς,
606 2972 999 3044 αὐξανομένους
1087 2970 1213 3033 τοὺς
1293 2969 1583 3045 Φραγγους
1660 2973 1776 3034 καθ’
1832 2972 2060 3041 εκάστην

418 3063 559 3137 ὁρῶν
597 3080 609 3094 ·
664 3062 724 3115 τὸ
773 3058 829 3116 δὲ
875 3064 972 3123 τῆς
1031 3059 1295 3134 αἰσχύνης
1340 3055 1524 3131 ἄδοξον
1575 3058 1928 3135 λογιζόμενος
1974 3061 2062 3114 ἐπὶ

415 3152 609 3225 χώρας
640 3146 844 3221 ἔμενεν,
886 3149 949 3203 τὸ
1000 3145 1311 3222 Βρενδίσιον
1370 3151 1647 3222 συντηρῶν
1699 3145 1748 3200 έν
1808 3152 1875 3220 τῇ
1924 3148 2060 3223 πρὸς

2158 1900 2272 1951 tus.
2305 1897 2665 1967 Nicephorus
2697 1903 2891 1952 autem
2925 1898 3287 1954 Carantenus
3319 1901 3693 1956 excursiones
3726 1902 3812 1957 fa-

2161 1985 2347 2041 ciente
2382 1985 2630 2041 Roberto
2675 1990 2731 2041 et
2778 1985 3025 2041 infinitis
3075 1986 3246 2042 malis
3297 1987 3521 2043 Italiam
3573 1996 3815 2048 vexante

2159 2074 2342 2129 timeb
2373 2076 2699 2145 etquidem,
2733 2080 3132 2131 verumtamen
3170 2077 3242 2130 ab
3276 2077 3628 2147 imperatore
3649 2081 3816 2135 auxi-

2162 2162 2309 2216 lium
2374 2162 2770 2234 exspectabat.
2837 2166 3054 2218 Omnes
3119 2162 3303 2233 igitur
3362 2164 3572 2220 ltalicaa
3642 2168 3817 2224 urbes

2166 2252 2236 2306 ad
2287 2267 2419 2306 eum
2486 2267 2548 2305 se
2618 2250 3045 2322 applicuerunt,
3114 2257 3172 2307 et
3240 2253 3513 2323 praesidia
3575 2270 3816 2325 accepe-

2165 2349 2336 2409 runt;
2390 2342 2657 2412 quadam
2706 2357 2840 2396 vero
2891 2341 3161 2413 praesidia
3210 2348 3547 2400 recusantes
3591 2345 3815 2417 stipen-

2165 2430 2382 2486 diarias
2412 2446 2476 2485 se
2506 2430 2709 2485 fecere.
2760 2430 2859 2485 His
2890 2436 3085 2485 autem
3110 2432 3188 2486 ita
3209 2434 3478 2503 perfectis
3498 2434 3695 2506 fugere
3718 2436 3815 2490 de-

2166 2521 2349 2575 crevit
2408 2520 2556 2576 728
2616 2519 2793 2575 etiam
2850 2520 3235 2591 Carantenus,
3293 2522 3497 2577 videns
3555 2525 3818 2594 quotidie

2165 2609 2420 2664 Francos
2450 2609 2671 2680 augeri.
2702 2609 2813 2663 Sed
2846 2626 3046 2665 secum
3081 2615 3361 2682 reputans
3405 2611 3816 2685 ignominiam,

2168 2707 2227 2762 in
2263 2707 2557 2778 provincia
2606 2708 2843 2777 mansit,
2881 2707 3273 2762 Brundusium
3307 2707 3363 2762 in
3400 2709 3511 2765 fide
3541 2726 3677 2781 erga
3708 2712 3817 2766 im-

2171 2798 2497 2866 peratorem
2549 2798 2604 2848 et
2649 2792 2707 2847 in
2756 2794 3035 2848 servitute
3082 2797 3410 2862 continens,
3448 2796 3647 2850 fraude
3687 2814 3819 2853 vero

2168 2899 2237 2937 ac
2266 2883 2396 2938 dolo
2431 2883 2714 2937 finitimos
2746 2882 2998 2937 Francos
3045 2884 3399 2954 aggreditur.
3435 2884 3595 2939 Clam
3640 2885 3821 2957 igitur

2171 2987 2305 3025 cum
2339 2970 2485 3041 ipsis
2525 2969 2868 3039 collocutus,
2913 2975 2971 3024 et
3018 2970 3089 3025 de
3141 2970 3437 3041 prodenda
3480 2971 3625 3044 ipsis
3675 2973 3818 3029 urbe

2174 3059 2469 3114 mentione
2502 3058 2653 3113 ultro
2689 3059 2951 3130 citroque
2982 3059 3200 3123 habita,
3236 3062 3532 3116 venientes
3566 3062 3821 3117 Francos

2172 3148 2418 3220 excepit,
2451 3155 2509 3204 et
2536 3165 2637 3220 per
2666 3147 2881 3203 scalam
2916 3150 3298 3204 ascendentes
3346 3149 3608 3219 singulos
3642 3151 3820 3206 inter—

412 3240 508 3293 τὸν
539 3238 765 3310 βασιλέα
799 3236 975 3292 πίστει
1004 3258 1063 3291 τε
1117 3236 1207 3290 καὶ
1257 3233 1545 3290 δουλώσει.
1608 3236 1816 3310 Ἀπατῃ
1868 3234 1923 3290 δὲ
1970 3238 2057 3291 καὶ

2174 3238 2329 3303 fecit,
2363 3243 2595 3292 centum
2643 3236 2871 3291 circiter
2927 3252 3191 3305 numero,
3224 3254 3470 3307 quorum
3525 3238 3717 3310 capita
3763 3238 3823 3293 in

418 3325 572 3398 δόλῳ
629 3325 756 3389 τοὺς
837 3325 1165 3399 προσοίκους
1245 3323 1529 3400 Φράγγους
1580 3325 1890 3398 ὑπέρχεται.
1954 3333 2060 3379 Λα-

417 3416 621 3492 θραίως
654 3416 743 3469 οὖν
774 3414 957 3477 αὐτοῖς
1015 3414 1277 3488 ἐντυχὼν,
1337 3413 1426 3467 καὶ
1477 3412 1600 3487 περῖ
1643 3417 1739 3468 τοῦ
1768 3411 2065 3487 προδοῦναι

415 3506 521 3573 τὴν
550 3501 710 3558 πόλιν
746 3500 944 3579 λόγους
1000 3502 1090 3557 καὶ
1147 3499 1272 3563 δοὺς
1312 3502 1397 3556 καὶ
1431 3496 1638 3571 λαϐὼν,
1678 3500 1911 3570 ’ἥκοντας
1942 3501 2066 3564 τοὺς

422 3591 713 3669 Φράγγόῦς
742 3590 955 3662 ἐδέξατο
1006 3590 1253 3653 ἀνιόντας
1303 3587 1392 3645 διὰ
1440 3590 1732 3663 κλίμακος.
1784 3594 1916 3648 Ἕνα
1955 3593 2072 3646 καθ’

419 3680 517 3738 ’ένα
565 3685 695 3756 γοῦν
752 3688 857 3737 τῶν
915 3680 1172 3735 ἀνιόντων
1231 3679 1538 3757 ἀποσφάξας
1587 3680 1662 3742 είς
1713 3681 1897 3735 ἑκατὸν
1948 3680 2071 3756 ἀρι-

422 3770 789 3845 θμουμένους,
820 3769 911 3824 καὶ
962 3770 1056 3831 τὰς
1098 3766 1336 3844 κεφαλὰς
1366 3768 1542 3822 αὐτῶν
1575 3767 1758 3841 πλοίῳ
1790 3764 2071 3841 ἐμϐαλὼν,

424 3863 743 3932 περαιοῦται
794 3858 869 3920 εἷς
910 3857 972 3912 τὸ
1024 3856 1349 3933 Δυρῥαχιον,
1401 3856 1598 3921 ἐκεῖθέν
1631 3878 1688 3913 τε
1736 3857 1812 3919 εἷς
1848 3858 2074 3933 βασιλέα

423 3953 536 4003 τῶν
601 3942 1025 4020 συμϐεϐηκότων
1112 3948 1318 4000 ἀπεισιν
1391 3942 1637 4021 ἄγγελος.
1696 3947 1756 4002 Ὁ
1834 3947 1926 4019 μὶν
1983 3947 2073 4000 οὖν

426 4038 669 4110 Περηνὸς
705 4036 754 4091 έν
808 4035 1099 4111 Δυῤῥαχίῳ
1156 4034 1359 4107 ἔμεινε,
1418 4036 1517 4102 τὴν
1581 4033 1638 4089 δὲ
1696 4033 1971 4110 βασιλείαν
2011 4035 2079 4089 τὰ

428 4123 572 4181 οἷ’κοι
601 4126 792 4200 ἀνιαρά
844 4119 1047 4191 ἕθλιϐε,
1097 4124 1186 4177 καὶ
1242 4125 1341 4192 τὴν
1412 4124 1710 4192 ’Λνατολῆν
1766 4124 1834 4177 τὰ
1872 4123 1929 4177 ἐκ
1969 4127 2075 4178 τῶν

425 4213 679 4289 Τοόρκων
740 4212 885 4267 δεινά
956 4211 1191 4281 ἐπίεζον,
1269 4211 1601 4283 αὐξανόμενα
1682 4212 1798 4266 καθ’
1849 4211 2076 4281 ἑκάστην

428 4303 521 4359 καὶ
608 4300 879 4376 μηδεμίαν
970 4296 1320 4373 λαμϐάνοντα
1404 4297 1577 4355 ἄνεσιν
1658 4298 1747 4355 καὶ
1821 4299 2079 4374 ἀνάγκην.

432 4400 874 4471 Τελευτήσαντος
914 4396 972 4454 δὲ
1014 4403 1110 4452 τοῦ
1169 4395 1362 4459 δουκὸς
1416 4398 1817 4452 Κωνσταντίνου
1844 4402 1939 4452 τοῦ
1990 4400 2082 4473 βα-

429 4489 653 4559 σιλέως,
685 4492 784 4557 τῆς
847 4486 903 4542 δὲ
955 4485 1234 4563 βασιλίδος
1280 4483 1542 4548 Εὐδοκίας
1600 4487 1737 4562 πρὸς
1770 4485 1949 4562 βραχὺ
1978 4487 2077 4555 τήν

2176 3327 2474 3398 navigium
2509 3325 2785 3397 imposita
2817 3325 2887 3378 ad
2922 3325 3297 3397 Dyrrachium
3352 3326 3724 3393 transmittit,
3771 3332 3829 3382 et

2174 3415 2310 3470 inde
2337 3415 2406 3470 ad
2443 3414 2853 3485 imperatorem
2887 3429 3086 3469 eorum
3127 3432 3250 3483 quae
3292 3416 3622 3471 acciderant
3676 3433 3827 3471 nun-

2175 3506 2295 3559 tius
2329 3504 2740 3576 proﬁciscitur.
2769 3507 3026 3559 Perenus
3058 3503 3237 3575 igitur
3266 3504 3564 3575 Dyrrachii
3592 3506 3831 3574 mansit,

2178 3602 2492 3673 imperium
2539 3617 2673 3655 vero
2733 3600 3012 3656 intestina
3069 3600 3224 3656 mala
3275 3602 3715 3674 opprimebant,
3777 3609 3834 3658 et

2179 3691 2474 3746 Orientem
2525 3690 2696 3746 Turci
2740 3694 3027 3745 vexabant
3075 3690 3147 3746 iis
3199 3690 3371 3746 malis
3403 3708 3528 3763 quae
3569 3692 3832 3762 quotidie

2183 3784 2352 3835 aucta
2384 3778 2547 3835 nulla
2577 3796 2645 3834 ex
2676 3784 2840 3851 parte
2875 3779 3339 3835 remittebantur.
3376 3781 3603 3837 Mortuo
3636 3786 3831 3837 autem

2183 3871 2331 3925 duce
2361 3869 2745 3924 Constantino
2778 3870 3147 3939 imperatore,
3185 3885 3318 3924 cum
3363 3870 3704 3941 imperatrix
3732 3870 3838 3925 Eu-

2185 3959 2352 4013 docia
2383 3959 2451 4013 ad
2489 3958 2657 4012 breve
2680 3963 2917 4029 tempus
2962 3957 3276 4028 imperium
3328 3957 3701 4028 obtinuisset,
3736 3959 3837 4013 ubi

2186 4049 2256 4103 ad
2290 4048 2605 4119 Diogenem
2640 4053 2871 4117 sceptra
2904 4061 3233 4117 pervenere,
3267 4048 3515 4103 Roberto
3545 4053 3601 4103 et
3633 4048 3704 4104 iis
3737 4048 3839 4119 qui

2187 4153 2320 4193 cum
2368 4136 2497 4207 ipso
2546 4142 2711 4191 erant
2741 4136 2896 4190 haud
2928 4134 3186 4206 vulgaris
3221 4140 3412 4191 metus
3446 4135 3695 4206 injectus
3724 4140 3833 4203 est,

2187 4242 2261 4281 ne
2291 4226 2466 4280 etiam
2500 4241 2528 4279 e
2560 4224 2684 4279 suis
2707 4224 2947 4278 sedibus
2976 4222 3332 4293 pellerentur
3352 4223 3841 4295 privarenturque

2190 4314 2336 4382 suis,
2363 4314 2578 4384 experti
2615 4315 2742 4382 ejus
2774 4313 3070 4367 virtutem.
3104 4313 3189 4366 Ab
3234 4313 3308 4367 iis
3352 4318 3545 4367 autem
3599 4313 3742 4368 locis
3786 4317 3845 4368 et

2190 4403 2422 4475 oppidis
2454 4419 2580 4473 quae
2611 4402 2680 4456 ad
2715 4401 3110 4455 Romanorum
3137 4402 3839 4473 spectabantimperium,

2194 4500 2471 4555 omnibus
2504 4497 2695 4553 modis
2728 4513 2855 4552 sese
2886 4497 3534 4553 subducebant.Verum
3558 4515 3692 4553 cum
3716 4498 3845 4570 ipse

436 4577 713 4654 βασιλείαν
746 4575 1112 4651 ἀντισχούσης
1154 4574 1267 4630 ἐπεὶ
1320 4574 1395 4636 εἷς
1456 4575 1711 4648 Διογένην
1738 4575 1804 4629 τὰ
1834 4582 2062 4650 σκῆπτρι

2192 4604 2424 4659 quoque
2470 4592 2857 4657 occuparetur
2912 4584 2971 4639 in
3031 4586 3503 4656 expeditionibus
3561 4588 3844 4643 adversus

428 4674 533 4736 τῆς
588 4664 865 4741 βασιλείας
923 4662 1211 4739 περιῆλθε,
1278 4668 1357 4735 τῷ
1420 4664 1513 4735 μὲν
1573 4664 1932 4736 Ῥουμπέρτῳ
1988 4664 2076 4717 καὶ

430 4761 550 4817 τοῖς
582 4755 706 4831 περὶ
761 4753 919 4809 αὐτὸν
977 4751 1094 4815 δέος
1155 4750 1215 4806 οὐ
1267 4753 1329 4807 τὸ
1384 4753 1552 4826 τυχὸν
1602 4752 1690 4820 ἧν,
1746 4753 1820 4825 μὴ
1854 4751 2081 4806 καὶτῶν

435 4844 652 4901 οἰκείων
709 4844 973 4898 ἐκτείσωσι
1030 4843 1117 4896 καὶ
1194 4843 1493 4917 στερηθῶσι
1533 4847 1722 4917 πεῖραν
1765 4847 1865 4910 τῆς
1919 4839 2082 4895 αὐτοῦ

435 4934 820 5009 γενναιότητος
850 4929 1091 5007 ἔχοντες,
1145 4935 1252 4985 τῶν
1307 4928 1362 4985 δέ
1412 4951 1475 5005 γε
1512 4930 1580 5005 τῇ
1607 4930 1875 5004 Ῥωμανίᾳ
1905 4929 2084 5007 διαφε-

436 5027 646 5099 ρουσῶν
697 5028 900 5098 χωρῶν
941 5042 1000 5076 τε
1046 5021 1135 5075 καὶ
1166 5020 1378 5075 πόλεων
1438 5027 1567 5075 πᾶσι
1624 5022 1851 5095 τρόποις
1884 5019 2081 5093 ἀνῆγον

435 5112 659 5175 ἑαυτοὺς
698 5111 786 5167 καί
836 5109 1189 5168 ὑπέστελλον.
1241 5114 1322 5183 [Ρ.
1367 5114 1493 5181 856]
1538 5113 1670 5173 Ταῖς
1730 5109 1786 5165 δὲ
1815 5112 1949 5164 κατά
1976 5114 2083 5164 τῶν

433 5202 689 5278 Τούρκων
741 5199 1101 5273 έκστρατείαις
1176 5199 1540 5275 προσέχοντος
1607 5199 1697 5254 καὶ
1759 5199 1944 5265 αὐτοῦ,
1998 5199 2087 5252 καὶ

432 5297 517 5366 τῷ
574 5289 740 5347 πλέον
802 5286 1052 5355 θλίϐοντι
1125 5290 1227 5358 τήν
1289 5296 1460 5344 πᾶσαν
1508 5287 1747 5359 σπουδὴν
1804 5290 2087 5361 νέμοντος,

438 5391 624 5446 οὐκέτι
677 5391 771 5463 μὶν
823 5390 897 5451 ὡς
978 5386 1253 5457 δεσπόται,
1323 5389 1525 5465 τρόπον
1584 5387 1641 5443 δὲ
1688 5387 1940 5443 κλεπτῶν
1997 5388 2088 5441 καὶ

441 5477 661 5554 λῃστῶν
715 5477 957 5539 ἐπιόντες
1020 5477 1267 5553 ὑποφορα
1334 5477 1546 5542 ὶαυτοῖς
1599 5477 1665 5532 τὰ
1715 5484 1816 5546 τῆς
1855 5473 2090 5539 Ἰταλίας

442 5567 791 5638 ἐποιήσαντο.
842 5570 956 5621 Τῶν
1012 5562 1068 5620 δὲ
1115 5566 1248 5622 κατὰ
1295 5566 1385 5621 τὸν
1442 5565 1719 5643 Διογένην,
1777 5564 1913 5640 ᾗπερ
1961 5565 2093 5619 ἀνω-

441 5657 586 5737 τέρω
622 5655 960 5732 διείληπται,
992 5654 1460 5732 οἶκονομηθέντων
1509 5676 1569 5714 τε
1598 5656 1686 5713 οιαὶ
1716 5654 2092 5735 πραχθέντων,

2191 4678 2435 4745 Turcos,
2468 4682 2527 4731 et
2556 4692 2730 4730 omne
2761 4674 3027 4729 studium
3064 4680 3304 4745 poneret
3335 4675 3391 4729 in
3428 4692 3493 4730 eo
3526 4676 3684 4746 quod
3724 4692 3843 4730 ma-

2191 4765 2279 4838 gis
2313 4768 2565 4836 urgeret,
2600 4780 2713 4818 non
2747 4762 3001 4834 amplius
3035 4769 3098 4817 ut
3129 4764 3374 4830 domini,
3399 4764 3498 4819 sed
3527 4765 3678 4820 724
3700 4780 3847 4835 pras-

2192 4856 2411 4909 donum
2432 4869 2495 4907 ac
2516 4852 2838 4924 piratarum
2859 4852 3044 4907 instar
3065 4851 3240 4907 Italiae
3264 4851 3390 4907 loca
3411 4851 3470 4907 in
3494 4870 3661 4908 suam
3688 4857 3847 4925 pote-

2194 4948 2402 4999 statem
2441 4940 2962 5013 redigebant.Cum
2985 4957 3121 4995 vero
3145 4940 3398 5012 Diogene
3421 4942 3767 5013 imperante,
3784 4948 3852 4998 ut

2195 5032 2467 5104 superius
2500 5033 2968 5085 demonstratum
3017 5033 3125 5097 est,
3168 5046 3258 5084 res
3308 5031 3732 5099 administratis
3783 5047 3852 5087 ac

2197 5125 2373 5193 gestae
2404 5120 2674 5185 fuissent,
2700 5118 2810 5173 sub
2843 5117 3125 5172 Michaele
3156 5134 3287 5174 vero
3316 5119 3628 5191 imperium
3662 5118 3817 5190 negli

2196 5213 2401 5281 genter
2458 5224 2523 5262 ac
2572 5204 2873 5277 pueriliter
2926 5205 3459 5276 administraretur,
3494 5213 3558 5263 ut
3613 5207 3855 5263 stabiles

2198 5297 2422 5353 domini
2456 5314 2487 5351 a
2514 5295 2660 5350 mari
2693 5311 2878 5365 usque
2907 5296 2978 5349 ad
3014 5312 3173 5349 mare
3205 5302 3261 5351 et
3291 5298 3759 5369 Longobardiam
3795 5298 3856 5352 et

2199 5387 2528 5442 Calabriam
2553 5383 2666 5439 sibi
2689 5384 3179 5456 subegere,eaque
3202 5386 3518 5442 distributa
3541 5391 3597 5442 et
3619 5386 3855 5459 oppidis

2201 5476 2406 5531 divisis
2434 5491 2495 5531 se
2528 5474 2791 5539 comites,
2845 5473 3163 5530 Robertum
3211 5493 3344 5532 vero
3396 5479 3609 5532 ducam
3653 5474 3854 5547 appel-

2202 5566 2419 5621 larunt.
2452 5561 2696 5618 Michael
2742 5564 2937 5617 autem
2969 5578 3085 5617 non
3117 5563 3311 5621 solum
3343 5582 3460 5621 non
3493 5563 3735 5622 retinuit
3762 5578 3853 5619 re-

2204 5655 2435 5730 gionem
2486 5669 2613 5727 qua:
2646 5651 2719 5710 ad
2750 5666 2813 5710 se
2842 5650 3194 5727 pertinebat,
3228 5659 3294 5713 ut
3339 5655 3563 5712 dictum
3612 5651 3855 5725 est,sed
