4046 6144
288 374 404 432 455

1617 347 1942 412 JUANNIS
1987 346 2390 408 SCYLlTZxE

3587 337 3707 398 456

286 512 351 561 ut
380 505 541 576 ipsos
585 502 808 558 Turcos
840 513 909 552 ex
935 494 1170 551 Oriente
1219 488 1551 561 expelleret,
1593 482 1948 541 existimavit

2064 480 2146 534 καὶ
2177 483 2272 534 τοῦ
2322 476 2560 553 Μιχαὴλ
2609 477 2706 545 τὴν
2775 472 3050 549 βασιλείαν
3110 470 3332 547 ἀμελῶς
3381 471 3472 525 καὶ
3514 468 3707 525 παιδα-

2168 566 2441 576 -_.-.
2735 562 2871 576 ..ι
2995 563 3006 576 .
3131 557 3225 576 η..

284 595 397 651 sibi
430 591 765 649 faciendum
798 602 926 642 esse
960 588 1024 639 ut
1052 598 1187 638 cum
1236 578 1385 651 ipsis
1437 577 1623 631 l'uadus
1676 578 1945 645 percute-

284 690 393 748 ret,
424 688 482 739 et
513 682 777 753 ipsorum
830 692 938 747 ope
964 690 1031 729 ac
1063 671 1341 728 societate
1387 669 1712 724 Turcorum
1764 669 1948 718 teme-

288 774 507 828 rarium
540 771 600 824 in
632 769 1031 824 Romanorum
1072 761 1369 833 regionem
1401 755 1687 812 insultum
1720 766 1948 807 coerce-

289 866 594 928 ret.Quare
623 857 799 913 etiam
837 852 1184 909 afﬁnitatem
1210 864 1341 903 cum
1368 846 1614 900 Roberto
1637 840 1948 906 contraxit,

288 953 535 1023 ejusque
617 946 797 1002 filiam
879 942 1160 997 Helenam
1245 935 1571 1007 despondet
1645 949 1751 987 suo
1827 929 1949 983 ﬁlio

289 1020 691 1096 Constantino.
724 1032 975 1088 Volebat
1004 1031 1114 1084 hac
1146 1027 1368 1082 ratione
1403 1026 1724 1095 imperator
1772 1020 1948 1074 finem

288 1128 544 1199 aliquem
596 1125 773 1179 rebus
824 1118 1074 1190 imponi,
1107 1117 1206 1172 sed
1241 1133 1275 1170 a
1303 1115 1419 1170 Deo
1462 1110 1795 1185 prohibitus
1839 1111 1950 1175 est,

290 1219 388 1289 qui
416 1220 543 1288 jam
576 1215 807 1288 pridem
851 1211 1186 1266 decreverat
1232 1204 1487 1261 Orientis
1538 1200 1851 1275 perniciem
1897 1201 1953 1252 et

292 1306 681 1362 eversionem.

2058 567 2274 644 ριωδῶς
2303 566 2664 634 διιθύνονκος,
2719 566 2794 627 ὡς
2845 562 3099 620 δεσπόται
3129 557 3341 639 βέϐαιοι
3368 562 3475 616 ἀπὸ
3506 558 3712 624 θαλάτ-

2055 680 2154 729 της
2186 655 2287 720 ἕως
2321 657 2595 727 θαλάττης
2637 657 2736 725 τήν
2789 676 2849 709 τε
2890 647 3292 729 Λογγιϐαρδίαν
3350 652 3441 705 καὶ
3468 650 3569 718 τὴν
3600 655 3714 704 Κα-

2060 742 2289 821 λαϐρίαν
2344 747 2556 807 ἑαυτοῖς
2625 744 3048 813 ὑπεποιήσαντο,
3107 740 3198 795 καὶ
3245 739 3450 809 ταύτην
3508 736 3711 793 διανει-

2064 838 2293 910 μάμενοι
2347 836 2437 890 καὶ
2486 835 2555 910 τὰ
2608 832 2811 907 κάστρα
2872 829 3319 905 διαμερισάμενοι
3356 826 3579 890 ἑαυτοὺς
3616 827 3712 899 μὲν

2058 925 2332 999 κόμητας,
2379 925 2471 980 τὸν
2532 921 2590 979 δὲ
2635 922 3006 997 Ῥουμπέρτον
3074 917 3241 975 δοῦκα
3279 918 3716 994 προσωνομάκα-

2060 1037 2159 1072 σιν.
2193 1015 2249 1069 '0
2282 1013 2339 1069 δὲ
2397 1011 2629 1089 Μιχαὴλ
2689 1011 2750 1068 ού
2813 1012 2977 1085 μονὸν
3028 1008 3128 1064 οὐκ
3171 1009 3567 1078 ἀντεποιήσατο
3609 1013 3711 1075 τῆς

2061 1101 2423 1182 διαφερούσης
2477 1104 2650 1175 ἑαυτῷ
2707 1103 2920 1177 χώρας,
2973 1100 3049 1162 ὡς
3093 1096 3328 1175 εἴρηται,
3361 1095 3489 1151 ἁλλ’
3544 1097 3617 1159 ὡς
3651 1094 3714 1149 ἂν

2057 1192 2186 1257 τοὺς
2215 1192 2495 1269 Τούρκους
2527 1200 2627 1263 τῆς
2682 1188 2988 1260 Ἀνατολῆς
3022 1187 3310 1260 ἰξελάσειε,
3343 1183 3461 1240 δέον
3494 1182 3717 1257 ἐνόμισε

2060 1282 2373 1346 σπείσασθαι
2431 1282 2614 1345 αὐτοῖς
2687 1279 2777 1336 καὶ
2853 1276 2922 1334 δι’
2998 1277 3170 1333 αὐτῶν
3235 1276 3326 1331 καὶ
3385 1274 3478 1330 σὺν
3532 1273 3720 1335 αὐτοῖς

291 1387 634 1462 ἀποσοϐῆσαι
695 1388 867 1445 αὐτῶν
924 1388 1021 1455 τὴν
1077 1382 1275 1459 ἄλογον
1324 1381 1462 1437 κατὰ
1504 1384 1605 1447 τῆς
1656 1372 1966 1448 Ῥωμανίας
2044 1371 2345 1428 ἑπέλευσιν.
2406 1373 2563 1436 Ὂθεν
2620 1371 2711 1426 καὶ
2766 1366 2935 1438 κῆδος
2994 1368 3129 1443 πρὸς
3186 1367 3279 1421 τὸν
3334 1363 3706 1439 Ῥουμπέρτον

292 1488 552 1553 ποιεῖται,
606 1480 694 1534 καὶ
751 1480 850 1547 τήν
911 1475 1075 1530 αὐτοῦ
1130 1472 1398 1547 θυγατέρα
1445 1465 1670 1535 Ἑλένην
1755 1465 2113 1537 κατεγγυᾶται
2195 1464 2274 1531 τῷ
2357 1460 2547 1514 ἑαυτοῦ
2614 1459 2717 1531 υἱῷ
2796 1455 3199 1528 Κωνσταντίνῳ.
3257 1449 3557 1510 Ἢϐούλετο
3620 1453 3723 1525 μὲν

293 1572 446 1626 ταυτὶ
495 1571 523 1625 6
588 1566 866 1645 βασιλεὺς,
926 1562 1118 1639 πέρατι
1171 1560 1229 1616 δὶ
1288 1558 1512 1629 δοθῆναι
1586 1555 1733 1630 παρὰ
1806 1555 1940 1607 Θεοῦ
2016 1546 2344 1621 κεκώλυται,
2398 1546 2569 1603 πάλαι
2630 1546 3009 1626 ψηφισαμένου
3061 1552 3160 1615 τῆς
3219 1540 3519 1612 Ἀνατολῆς
3575 1540 3717 1597 πάνα-

294 1660 558 1736 ωλεθρίαν
591 1657 681 1713 καὶ
710 1657 1019 1712 ἀνάστασιν.

365 1770 483 1825 Hoc
516 1769 841 1839 imperante
872 1762 1034 1835 Cpoli
1067 1764 1195 1817 orta
1222 1763 1310 1814 est
1340 1756 1525 1829 tripes
1557 1752 1702 1819 avis,
1721 1754 1780 1807 et
1810 1764 1959 1821 puer
1988 1750 2036 1815 B

292 1859 519 1915 habens
544 1838 619 1911 in,
635 1856 823 1911 fronte
848 1851 1087 1908 oculum
1119 1864 1302 1904 unum
1336 1851 1394 1901 et
1425 1844 1600 1915 pedes
1649 1838 1946 1906 hircinos;

292 1954 350 2002 et
380 1947 495 2001 duo
528 1961 596 2000 ex
625 1938 1063 1997 immortalibus
1096 1935 1383 1991 militibus
1414 1929 1660 1985 fulmine
1687 1923 1950 1999 percussi

294 2041 453 2093 sunt.
482 2035 626 2089 Puer
654 2036 847 2087 autem
882 2031 1296 2083 monstruosus
1325 2021 1385 2076 in
1419 2018 1653 2092 publico
1680 2017 1949 2086 ingressu

294 2123 647 2179 Diaconissae
679 2120 880 2174 ﬂetum
917 2114 1221 2171 emittebat
1249 2109 1482 2181 lugubri
1507 2104 1782 2163 similem.
1803 2106 1953 2156 Prte-

292 2216 451 2267 terea
513 2209 733 2264 crinitas
791 2219 1033 2276 quoque
1089 2200 1268 2256 stellae
1322 2197 1587 2270 plurimae
1634 2198 1693 2249 et
1747 2191 1950 2246 crebro

295 2314 639 2372 apparuere.
664 2294 772 2351 Ubi
794 2309 928 2350 vero
952 2289 1185 2346 barbari
1219 2305 1313 2342 res
1342 2283 1592 2340 Orientis
1615 2280 1953 2354 praedaban-

293 2369 410 2459 tur,
436 2393 492 2444 et
514 2384 835 2442 multitudo
867 2380 1081 2454 partim
1113 2378 1445 2433 caedebatur
1474 2374 1687 2445 partim
1721 2369 1952 2441 fugiens

293 2478 497 2548 Cpoliu
526 2474 929 2545 confugiebat,
968 2470 1113 2524 725
1149 2464 1452 2536 indigebat
1480 2468 1716 2531 tempus
1761 2463 1952 2513 mente

296 2566 463 2622 senili
511 2570 570 2620 et
616 2561 846 2619 excelsa
899 2560 971 2614 ad
1024 2574 1115 2612 res
1163 2552 1598 2627 gubernandas,
1642 2549 1767 2619 ipse
1818 2562 1951 2600 vero

296 2662 418 2711 tam
447 2668 570 2710 erat
592 2667 801 2708 avarus
833 2666 899 2705 ac
928 2647 1062 2702 vilis
1096 2649 1159 2701 ut
1190 2661 1261 2698 ne
1288 2641 1527 2697 obolum
1560 2638 1799 2709 quidem
1829 2632 1953 2689 vel-

298 2747 377 2800 let
426 2744 750 2806 etfundere,
802 2754 991 2809 neque
1042 2735 1324 2805 praeberet
1372 2730 1548 2785 alicui
1622 2724 1947 2797 quidpiam,

300 2835 640 2905 quicunque
673 2832 722 2885 is
754 2834 932 2893 esset,
958 2831 1061 2880 aut
1090 2822 1391 2895 providere
1420 2820 1668 2885 fructus,
1700 2814 1801 2884 qui
1846 2830 1952 2867 na-

300 2921 470 2992 vigiis
502 2902 874 2981 veherentur,
899 2915 967 2967 ad
992 2913 1212 2965 victum
1237 2905 1597 2962 necessarios
1628 2902 1952 2972 importan-

300 2990 406 3066 do—s
438 3026 450 3064 :
487 3024 688 3064 verum
738 3004 902 3060 inani
932 3007 989 3058 et
1018 2998 1212 3055 inutili
1263 2994 1615 3068 eloquentiae
1664 2990 1859 3047 studio
1896 2992 1954 3044 et

302 3100 518 3156 iambis
549 3104 723 3171 atque
756 3095 1067 3167 anapaastis
1115 3086 1539 3160 componendis
1586 3083 1953 3139 continenter

301 3206 537 3258 vacans,
560 3187 828 3259 quamvis
858 3200 929 3239 ne
960 3182 1018 3237 in
1050 3184 1181 3235 cute
1211 3176 1446 3248 quidem
1490 3177 1672 3228 artem
1718 3174 1952 3241 gustas-

303 3284 413 3347 set,
446 3295 480 3334 a
520 3273 1006 3350 philosophorum
1056 3268 1264 3325 eximio
1308 3267 1589 3335 deceptus
1637 3266 1695 3317 et
1741 3259 1953 3313 illusus

300 3347 628 3432 totumiut
676 3365 759 3419 ita
805 3362 1074 3428 dixerim,
1103 3357 1392 3413 mundum
1448 3350 1721 3424 perdidit.
1757 3347 1957 3403 Oritur

300 3457 455 3513 enim
488 3456 698 3527 ingens
734 3455 940 3519 fames,
972 3464 1148 3520 quam
1180 3448 1497 3501 consecuta
1541 3445 1630 3496 est
1682 3438 1863 3509 pestis
1899 3439 1955 3490 et

304 3563 484 3611 more,
516 3560 644 3615 quae
670 3539 849 3597 simul
898 3537 1242 3592 nutriuntur
1286 3538 1342 3587 et
1389 3536 1647 3603 cognatas
1697 3538 1832 3583 sunt
1879 3523 1953 3579 ad

300 3635 605 3689 hominum
632 3629 945 3702 perniciem
969 3632 1027 3681 et
1046 3616 1954 3693 consanguineae,moriebantur-

302 3740 416 3794 que
464 3721 726 3793 quotidie
776 3719 1134 3787 frequentes,
1182 3715 1263 3768 ita
1312 3716 1373 3765 ut
1423 3726 1495 3763 ne
1542 3708 1652 3761 vivi
1712 3705 1952 3776 quidem

305 3817 568 3868 mortuos
607 3810 811 3865 efferre
860 3808 1120 3878 possent,
1170 3807 1228 3857 et
1275 3800 1335 3854 in
1387 3798 1457 3853 iis
1506 3813 1633 3868 quae
1677 3796 1955 3850 dicuntur

299 3902 494 3973 Septa,
527 3897 773 3970 neglecti
798 3898 1062 3966 jacerent
1089 3896 1145 3946 et
1170 3888 1345 3946 simul
1389 3888 1755 3943 deferrentur
1784 3880 1954 3938 multi

301 3992 360 4045 in
419 4007 536 4045 uno
600 3986 835 4054 lectulo,
897 4000 1031 4039 cum
1086 3996 1238 4052 saepe
1271 3977 1528 4051 quinque
1586 3981 1689 4030 aut
1744 3990 1843 4029 sex
1874 3972 1953 4025 ibi

302 4080 583 4135 cadavera
642 4075 833 4147 posita
884 4076 1101 4140 essent,
1148 4075 1205 4125 et
1275 4067 1532 4136 undique
1590 4063 1954 4119 calamitates

302 4166 686 4230 conﬂuerent,
715 4163 993 4232 omnique
1026 4158 1303 4215 mcestitia
1334 4156 1476 4211 urbs
1508 4154 1668 4224 regia
1696 4150 1953 4221 comple-

306 4262 485 4312 retur.
523 4258 710 4325 Atque
759 4252 1108 4323 injuriarum
1161 4264 1288 4319 quae
1334 4244 1597 4316 quotidie
1641 4243 1866 4307 ﬁerent,
1898 4244 1956 4295 et

303 4346 642 4416 iniquorum
710 4341 1070 4413 judiciorum
1125 4343 1183 4393 et
1236 4335 1607 4390 vexationum
1684 4329 1953 4385 remissio

304 4432 465 4490 nulla
495 4434 567 4488 ab
600 4432 672 4487 iis
700 4430 799 4503 qui
831 4426 1198 4500 imperabant
1249 4422 1705 4494 excogitabatur.
1738 4418 1951 4473 Verum

2142 1746 2265 1803 Ἐπὶ
2289 1744 2492 1801 τούτου
2541 1743 2737 1819 ἐτέχθη
2795 1742 2846 1797 ἐν
2894 1737 3467 1797 Κωνσταντινουπολει
3495 1737 3724 1812 τρίπους

2060 1829 2207 1910 ὄρνις
2240 1835 2331 1889 καὶ
2366 1832 2580 1889 παιδίον
2639 1832 2772 1908 ἔχον
2823 1833 2959 1887 κατὰ
3000 1831 3063 1886 τὸ
3100 1836 3349 1904 μέτωπον
3382 1824 3475 1883 ἕνα
3513 1823 3724 1905 ὀφθαλ-

2064 1924 2187 1997 μὸν,
2217 1922 2580 2000 τραγοσκελὶς
2630 1920 2688 1978 δὲ
2716 1921 2845 1984 τοὺς
2902 1919 3090 1983 πόδας.
3148 1918 3251 1975 Δύο
3285 1916 3343 1973 δὶ
3370 1921 3478 1973 τῶν
3510 1915 3717 1972 ἀθανά-

2058 2035 2167 2068 των
2199 2019 2546 2090 στρατιωτῶν
2604 2012 2860 2086 γεγόνασι
2900 2004 3355 2085 κεραυνόελητοι.
3417 2006 3495 2063 Τὸ
3549 2002 3608 2059 δὶ
3636 2024 3729 2058 τε·

2061 2100 2295 2176 ρατῶδες
2325 2100 2538 2157 παιδίον
2572 2101 2623 2155 ἐν
2654 2105 2723 2175 τῇ
2753 2104 2862 2155 τῶν
2913 2098 3268 2167 Διακονίσσης
3295 2094 3535 2168 δημονιᾳ
3561 2113 3702 2169 παρ-

2061 2189 2172 2265 ὁδῳ
2227 2190 2505 2265 κλαυθμὸν
2556 2189 2704 2268 ἠφίει
2747 2187 2984 2261 παιδικῷ
3036 2184 3416 2262 προσεοικότα.
3463 2183 3539 2241 Οὐ
3594 2183 3702 2255 μὴν

2061 2279 2118 2336 δὲ
2178 2281 2323 2338 ἀλλᾶ
2377 2282 2465 2337 καὶ
2544 2282 2782 2353 κομῆται
2863 2277 3237 2355 παρετείνοντο
3308 2273 3556 2330 πλεῖστοι
3613 2271 3705 2327 καὶ

2061 2373 2276 2447 συχνοί.
2337 2372 2488 2429 Ἐπεὶ
2546 2369 2604 2425 δὲ
2659 2370 2748 2424 καὶ
2808 2370 2859 2423 οἱ
2918 2362 3193 2443 Βάρϐαροι
3256 2366 3322 2419 τὰ
3375 2370 3474 2433 τῆς
3529 2362 3705 2433 Ἐῲας

2061 2462 2348 2533 ἐληΐζοντο
2379 2462 2467 2516 καὶ
2493 2462 2555 2515 τὸ
2604 2459 2817 2529 πλῆθος
2868 2458 2931 2512 τὸ
2988 2458 3081 2530 μὶν
3135 2458 3387 2530 ἀνῃρεῖτο
3407 2453 3469 2509 τὸ
3501 2450 3557 2507 δὲ
3587 2455 3708 2527 φεῦ-

2060 2574 2156 2628 γον
2201 2556 2269 2625 τῇ
2303 2551 2710 2607 Κωνσταντίνου
2757 2546 3144 2626 προσέφευγεν,
3192 2543 3365 2600 ἐδεῖτο
3401 2543 3493 2617 μὲν
3527 2544 3555 2596 6
3584 2562 3708 2596 και-

2062 2641 2153 2717 ρδς
2203 2641 2559 2713 οἰκονομικῆς
2603 2638 2693 2694 καὶ
2746 2632 3111 2714 πρεσϐυτικῆς
3161 2634 3250 2689 καὶ
3309 2629 3709 2708 μεγαλοψύχου

2061 2734 2271 2811 φρενὸς,
2305 2735 2332 2787 6
2387 2730 2443 2786 δὲ
2484 2736 2740 2786 τοσοῦτον
2798 2729 2860 2803 ᾖν
2908 2725 3176 2805 φειδωλὸς
3234 2725 3323 2780 καὶ
3379 2719 3712 2797 μικρολόγος

2061 2823 2199 2877 ὥστε
2252 2820 2382 2895 μηδ’
2440 2817 2637 2876 ὀϐολὸν
2713 2820 2973 2894 προέσθαι
3020 2814 3193 2870 θέλειν
3257 2811 3399 2886 μηδὲ
3448 2812 3705 2887 παρέχειν

2058 2913 2165 2968 τινὶ
2195 2912 2256 2965 τὸ
2288 2912 2526 2979 οἷονοῦν,
2579 2906 2614 2978 ἤ
2665 2908 2924 2984 πρόνοιαν
2972 2911 3101 2980 γοῦν
3131 2908 3346 2979 τροφῶν
3382 2896 3709 2972 διακομιδῆς

2059 3001 2412 3077 γεννημάτων
2468 3000 2583 3071 (38)
2644 2996 2733 3053 διὰ
2791 3000 3031 3070 σιτηγῶν
3084 2991 3297 3049 πλοίων
3352 2990 3705 3061 ποιήσασθαι,

1983 3121 2027 3189 C
2064 3074 2209 3146 άλλά
2256 3094 2325 3162 τῇ
2381 3089 2582 3189 ματαίᾳ
2636 3087 2724 3143 καὶ
2783 3084 3030 3156 ἀνηνύτῳ
3085 3082 3208 3156 περὶ
3256 3081 3451 3155 λόγους
3496 3074 3705 3150 σπουδῇ

2062 3180 2261 3252 καὶτῷ
2310 3173 2577 3251 ἰαμϐίζειν
2631 3175 2723 3231 καὶ
2781 3173 3138 3234 ἀναπαίστους
3193 3171 3491 3225 συντιθέναι
3546 3187 3711 3240 προσ-

2063 3270 2206 3345 έχων
2269 3265 2553 3337 διηνεκῶς,
2623 3264 2797 3320 καίτοι
2865 3261 2995 3336 μηδ’
3074 3261 3125 3315 ὲν
3179 3263 3303 3335 χρῷ
3354 3265 3452 3327 τῆς
3506 3257 3708 3332 τέχνης

2061 3359 2412 3435 γευσάμενος,
2447 3355 2571 3411 ἀλλ’
2604 3356 2705 3409 ὑπὸ
2756 3358 2853 3408 τοῦ
2894 3356 3005 3407 τῶν
3036 3349 3348 3429 φιλοσόφων
3389 3348 3592 3403 ὑπάτου
3624 3344 3712 3414 ἰξ-

2064 3448 2420 3519 απατὼμενος
2456 3444 2545 3500 καὶ
2589 3438 3162 3513 ἀποϐουκολούμενος,
3194 3439 3285 3493 τὸν
3325 3436 3531 3509 κόσμον
3577 3434 3708 3489 ὅλον

2064 3534 2380 3613 διέφθειρεν,
2415 3534 2490 3595 ὠς
2539 3533 2729 3588 εἰπεῖν.
2775 3531 2985 3585 Γίνεται
3035 3530 3137 3604 γὰρ
3184 3526 3349 3601 λιμὸς
3385 3525 3630 3601 ἰσχυρὸς,
3663 3523 3710 3594 ᾧ

2065 3623 2131 3694 δὴ
2164 3624 2255 3679 καὶ
2296 3622 2494 3697 λοιμὸς
2529 3620 2889 3677 ἐπακολουθεῖ
2934 3618 3022 3673 καὶ
3066 3619 3313 3683 θάνατος,
3344 3616 3411 3670 τὰ
3442 3614 3712 3689 σύντροφα

2060 3719 2227 3769 ταῦτα
2256 3712 2513 3785 καὶπρὸς
2565 3708 2790 3785 ὄλεθρον
2839 3707 3140 3783 ἀνθρώπων
3197 3702 3408 3783 ἀδελφά
3450 3703 3537 3758 καὶ
3572 3700 3708 3775 ὀμό-

2061 3823 2213 3876 τιμα.
2250 3802 2352 3857 Καὶ
2388 3799 2639 3870 ἔθνησκον
2690 3799 2807 3853 καθ’
2855 3799 3085 3865 ἑκάστην
3135 3794 3349 3869 συχνοὶ,
3399 3792 3537 3847 ὥστε
3571 3788 3711 3865 μηδὲ

2065 3889 2317 3954 δύνασθαι
2364 3890 2491 3953 τοὺς
2552 3894 2752 3959 ζῶντας
2828 3887 3070 3963 ἐκφέρειν
3135 3883 3263 3946 τοὺς
3320 3879 3563 3957 νεκροὺς,
3619 3880 3710 3935 καὶ

2060 3986 2179 4042 τοῖς
2239 3982 2319 4054 [Ρ.
2377 3981 2504 4051 857]
2551 3976 2872 4053 λεγομένοις
2925 3969 3189 4048 ἐμϐόλοις
3243 3972 3449 4027 κεῖσθαι
3502 3971 3711 4042 ἀτημε-

2065 4070 2286 4141 λήτους,
2318 4068 2407 4123 καὶ
2464 4064 2706 4143 φοράδην
2748 4063 3066 4138 κομίζεσθαι
3123 4060 3393 4131 πολλοὺς,
3436 4055 3711 4121 πολλάκις

2064 4159 2115 4214 ὲν
2174 4164 2272 4231 μιᾷ
2322 4156 2484 4230 κλινῃ
2535 4157 2693 4211 πέντε
2731 4154 2822 4209 καὶ
2879 4148 2929 4226 ἔξ
2987 4151 3278 4225 τιθεμένων
3333 4153 3562 4224 νεκρῶν,
3621 4148 3711 4202 καὶ

2062 4250 2323 4311 πάντοθεν
2381 4244 2714 4320 ἰπισυρῥέειν
2762 4244 2830 4298 τὰ
2878 4239 3329 4314 σκυθρωπά,-καὶ
3380 4237 3560 4306 πάσης
3611 4257 3713 4292 κα-

2061 4336 2286 4412 τηφείας
2336 4334 2685 4409 πληροῦσηαι
2732 4332 2832 4400 τὴν
2885 4328 3291 4406 βασιλεύουσαν.
3323 4332 3439 4381 Τῶν
3498 4323 3555 4381 δὶ
3591 4327 3713 4380 καθ⁹

2062 4429 2337 4500 ημιιρινῶν
2400 4421 2754 4495 ἀδικημάτων
2811 4420 2903 4476 καὶ
2952 4424 3059 4474 τῶν
3119 4416 3451 4493 παρανόμων
3509 4414 3714 4489 κριμά-

306 4525 474 4597 quasi
504 4523 667 4579 nullo
696 4521 1158 4592 alienigenarum
1192 4515 1433 4572 omnino
1462 4511 1745 4568 Romanis
1776 4509 1954 4564 mole-

2064 4536 2170 4571 των
2204 4513 2290 4569 καὶ
2338 4511 2663 4588 εῗςπράξεων
2722 4508 2951 4583 οὐδεμία
2978 4529 3059 4571 τις
3108 4492 3381 4575 ἀναστολή
3434 4510 3549 4567 τοῖς
3580 4524 3712 4579 κρα-

305 4618 483 4673 stiam
514 4615 823 4671 exhibente
852 4612 1024 4679 bello,
1066 4607 1509 4669 veldivinaira,
1552 4604 1641 4659 vel
1690 4602 1960 4658 homines

306 4706 604 4778 afﬂigents
631 4702 833 4774 inopia
857 4707 913 4757 et
934 4700 988 4754 vi
1011 4700 1081 4754 ad
1104 4696 1321 4752 victum
1356 4695 1703 4766 pertinente,
1729 4692 1811 4746 ita
1831 4690 1957 4746 sine

309 4802 465 4851 metu
491 4794 907 4867 perpetrabant
940 4807 1007 4847 ea
1045 4805 1172 4860 quae
1195 4787 1327 4841 odio
1350 4785 1544 4840 divino
1567 4785 1745 4855 digna
1762 4786 1961 4837 essent

308 4892 365 4940 et
397 4885 722 4956 tyrannica,
754 4887 810 4937 et
838 4897 1013 4936 omne
1043 4874 1416 4948 imperatoris
1447 4873 1762 4929 consilium
1787 4876 1960 4943 atque

306 4973 645 5027 institutum
700 4972 773 5026 ad
820 4968 1199 5025 offendendos
1247 4967 1304 5018 et
1350 4962 1565 5032 injuria
1618 4960 1959 5015 afficiendos

309 5062 579 5117 subditos
639 5065 697 5116 et
750 5057 1148 5129 decipiendos,
1208 5059 1266 5109 et
1329 5052 1628 5107 venandas
1692 5050 1958 5121 ipsorum

306 5150 478 5219 vitae,
512 5153 568 5205 et
597 5148 959 5205 occasionem
1006 5145 1156 5202 720
1188 5141 1508 5199 insidiandi
1541 5140 1686 5211 ipsis
1718 5146 1958 5211 captan-

310 5239 446 5294 dam
479 5238 861 5305 referebatur,
894 5236 976 5291 ita
1005 5239 1071 5291 ut
1100 5232 1278 5289 etiam
1315 5246 1502 5302 usque
1533 5229 1607 5284 ad
1639 5244 1807 5284 sacra
1836 5244 1960 5283 mo-

2064 4609 2247 4660 τοῦσιν
2305 4603 2597 4657 ἐπενοεῖτο.
2659 4597 2811 4658 Ἀλλ’
2857 4598 3038 4674 ὥσπερ
3090 4594 3323 4671 μηδενὸς
3371 4595 3434 4650 τὸ
3465 4593 3714 4671 παράπαν

2067 4694 2428 4770 ἐνοχλοῦντος
2484 4696 2605 4753 τοῖς
2660 4688 2957 4763 Ῥωμαίοις
3004 4683 3327 4763 ἀλλοφόλου
3383 4684 3635 4757 πολέμου
3673 4680 3709 4751 ἤ

2070 4783 2214 4847 θείας
2260 4782 2429 4857 ὀργῆς
2478 4778 2514 4849 ἤ
2569 4778 2697 4840 τοὺς
2750 4776 3071 4852 ἀνθρώπους
3127 4771 3580 4849 κατατρυχούσης
3629 4770 3711 4824 ἒν-

2070 4869 2213 4933 δείας
2242 4872 2333 4926 καὶ
2394 4870 2514 4946 βίας
2574 4869 2858 4944 βιωτικῆς,
2914 4864 3085 4925 οὕτως
3128 4863 3299 4924 ἀδεῶς
3343 4858 3604 4936 ἔπραττον
3648 4858 3716 4913 τὰ

2070 4966 2298 5032 θεομισῆ
2356 4958 2447 5013 καὶ
2498 4954 2805 5029 τυραννικά.
2857 4952 2963 5009 Καὶ
3020 4958 3123 5007 πᾶν
3184 4945 3579 5027 προϐούλευμα
3624 4949 3717 5013 βα-

2070 5049 2280 5104 σιλικὸν
2314 5049 2401 5103 καὶ
2437 5045 2677 5118 ἰννόημα
2708 5045 2783 5105 είς
2837 5043 2899 5097 τὸ
2944 5041 3074 5104 τοὺς
3123 5040 3359 5102 οἰκείους
3389 5036 3591 5093 ἀδικεῖν
3624 5037 3712 5092 καὶ

2067 5136 2515 5215 κατασοφίζεσθαι
2558 5134 2649 5189 καὶ
2699 5131 2944 5207 θηρεύειν
2983 5128 3111 5191 τοὺς
3168 5128 3321 5204 βίους
3538 5126 3713 5181 αὐτῶν

2067 5228 2158 5282 καὶ
2187 5212 2567 5304 τὴνήάφορμὴν
2624 5230 2724 5292 τῆς
2768 5227 2915 5291 ζωῆς
2968 5218 3301 5294 κατεγίνετο,
3341 5217 3415 5280 ὡς
3463 5216 3553 5271 καὶ
3583 5212 3713 5289 ἄχρι

1627 5400 1870 5457 JACOBI
1908 5401 2117 5457 GOARI
2158 5400 2391 5457 NOT/E.

380 5554 492 5629 (38)
522 5550 844 5629 Legumina
874 5548 1127 5629 maxime
1156 5551 1212 5629 e_t
1242 5561 1604 5629 quiscunque
1656 5547 1956 5610 seruntur,

307 5616 634 5705 γεννήματοῖ
648 5616 1303 5705 vocantljluchologium
1334 5622 1393 5705 et
1422 5617 1529 5705 dus
1560 5616 1657 5672 Gr.

382 5689 495 5781 (39)
526 5696 649 5754 Βίον
678 5711 794 5754 non
826 5695 997 5751 vitam
1025 5689 1219 5766 modo,
1251 5689 1354 5747 sed
1385 5693 1441 5745 et
1471 5703 1619 5765 apes,
1645 5691 1848 5759 artem,
1868 5690 1957 5762 fa-

2065 5543 2313 5606 cultates,
2346 5540 2558 5612 quibus
2588 5538 2820 5612 vivitur,
2855 5533 3203 5612 recentiores
3233 5533 3720 5612 interpretantur,

2066 5605 2568 5686 easdem’quebic,
2595 5610 2875 5686 damnata
2914 5606 3285 5680 imperatoris
3332 5605 3593 5678 avaritia,
3626 5605 3717 5665 in-

2063 5686 2249 5762 telligi
2279 5685 2660 5751 manifestum
2691 5685 2800 5738 est.
