4084 6140
332 330 455 387 457

1856 315 2254 375 HISTORIA.

3634 318 3754 377 458

328 461 444 512 τῶν
480 458 639 520 θείων
673 458 854 525 σηκῶν
896 453 1248 521 ἐπεκταθῆναι
1279 453 1377 520 τὴν
1437 448 1743 518 πλεονεξίαν
1805 446 1990 514 αὐτοῦ,

2111 449 2392 501 numenta
2421 448 2547 515 ejus
2596 446 2838 501 avaritia
2871 447 3206 517 pertineret,
3231 452 3287 504 et
3308 452 3457 506 sacri
3488 452 3752 523 ipsorum

327 546 424 601 καὶ
456 546 526 601 τὰ
551 546 671 621 ἱερὰ
697 543 903 599 τούτων
934 539 1202 615 κειμήλια
1237 540 1329 595 καὶ
1360 534 1565 594 ἔπιπλα
1598 536 1910 614 ἀφελέσθαι.

405 634 569 693 Οὕτω
611 631 669 688 δὲ
715 634 823 687 τῶν
871 632 1207 707 πραγμάτων
1255 626 1672 700 διοικουμένων,
1703 625 1793 680 καὶ
1851 623 1994 679 οὕτω

329 729 446 780 τῶν
477 744 538 778 τε
569 722 720 784 ἐκτὸς
751 721 840 776 καὶ
888 712 1004 775 τῶν
1049 719 1193 781 ἐντὸς
1252 716 1708 790 λεηλατουμένων
1759 713 1848 769 καὶ
1906 734 1993 767 κε-

336 812 680 889 ραϊζομένων
742 805 1041 880 δυσϐουλίᾳ
1097 809 1185 863 καὶ
1243 806 1503 876 κακότητι
1555 811 1661 861 τῶν
1738 802 1995 877 κρατούν-

337 924 472 972 των,
508 904 559 958 oi
618 900 668 955 έν
728 903 796 974 τῇ
829 898 1095 972 Ἀνατολῇ
1139 900 1489 974 προέχοντες,
1524 891 1876 968 Ἀλέξανδρός
1934 913 1993 947 τε

341 992 433 1047 καὶ
467 994 495 1047 6
527 985 835 1051 Καϐασιλᾶς
866 990 918 1043 οἱ
950 984 1272 1058 Συναδηνοί,
1308 988 1335 1041 6
1382 984 1693 1053 Γουδέλιος,
1748 985 1775 1038 6
1818 989 1990 1057 Στρα-

344 1076 668 1157 ϐορωμανὸς
692 1078 781 1133 καὶ
814 1078 864 1133 οἱ
900 1076 1088 1132 λοιποὶ
1119 1082 1224 1131 τῶν
1275 1074 1653 1151 συγκλητικῶν
1708 1072 1988 1157 ἀρχόν-των

342 1168 533 1246 λογὰς,
565 1171 623 1238 ἣν
660 1168 721 1223 ἐκ
747 1166 966 1223 πολλοῦ
1005 1165 1332 1220 ἀποστασίαν
1385 1162 1677 1232 ώδίνησαν,
1710 1162 1786 1223 εἷς
1837 1153 1988 1235 ἔργον

339 1258 585 1335 ἐξάγουσι
619 1263 734 1329 νῦν,
766 1258 856 1311 καὶ
896 1257 989 1310 τὸν
1046 1251 1467 1330 κουροπαλάτην
1531 1250 1839 1328 Νικηφόρον
1898 1250 1987 1303 τὸν

336 1346 707 1417 Βοτανειάτην
790 1345 1135 1410 συνελθόντες
1226 1341 1450 1418 βασιλέα
1534 1339 1991 1417 ἀναγορεύουσιν,

338 1432 678 1511 Ὀκτωὸρίου
740 1436 912 1508 μηνὸς
981 1434 1293 1507 ἱσταμένου,
1353 1438 1454 1500 τῆς
1526 1431 1748 1504 πρώτης
1818 1428 1991 1483 ἐπινε-

339 1528 583 1600 μήσεως.
614 1528 786 1599 Ὅπερ
829 1524 905 1585 εἷς
938 1522 1051 1577 ὦτα
1076 1527 1154 1593 τῷ
1189 1519 1403 1597 βασιλεῖ
1432 1523 1594 1575 πεσόν
1628 1518 1687 1573 οὐ
1758 1516 1991 1592 μετρίως

335 1616 501 1671 αὐτὸν
559 1612 880 1688 διετάραξεν’
919 1614 985 1682 ἦν
1044 1613 1141 1685 γὰρ
1199 1611 1287 1665 καὶ
1351 1610 1453 1665 ὑπὸ
1509 1608 1737 1664 πολλῶν
1787 1605 1994 1683 προλε-

333 1706 573 1781 γόμενον
605 1705 679 1766 ὡς
704 1700 850 1759 ἔσται
882 1702 1015 1758 ποτε
1045 1700 1132 1756 ὅτε
1165 1701 1512 1777 ὑπερτερησει
1559 1698 1621 1753 τὸ
1682 1704 1721 1751 Ν
1779 1701 1874 1751 τοῦ
1918 1702 1989 1753 Μ.

338 1795 445 1852 Καὶ
496 1793 691 1849 αὐτίκα
719 1798 834 1854 τοῖς
868 1790 1148 1870 ,Τούρκοις
1199 1790 1272 1851 ὡς
1315 1787 1537 1849 οἰκείοις
1595 1788 1685 1842 καὶ
1742 1784 1995 1863 γνησίοις

337 1881 603 1959 ἔγραψεν,
635 1880 1071 1957 ὑπισχνούμενος
1127 1878 1216 1933 καὶ
1269 1875 1419 1952 δῶρα
1477 1875 1682 1947 δοῦναι,
1734 1876 1779 1931 εἰ
1828 1876 1994 1949 μόνον

338 1965 713 2033 συλλαϐόντες
765 1970 925 2025 αὐτόν
981 1989 1039 2024 τε
1093 1967 1184 2022 καὶ
1241 1965 1367 2028 τοὺς
1423 1968 1545 2041 περὶ
1625 1965 1783 2020 αὐτὸν
1860 1964 1997 2039 πρὸς

340 2061 509 2115 αὐτὸν
570 2057 1081 2130 ἐξαποστέλλουσιν.
1114 2058 1214 2113 Ἦν
1280 2053 1337 2110 δὲ
1394 2056 1421 2109 ὁ
1482 2052 1837 2124 Βοτανειάτης
1890 2057 1996 2107 τῶν

339 2146 707 2223 εὐπατριδῶν,
739 2147 800 2203 ἐκ
853 2151 950 2202 τοῦ
1008 2150 1176 2200 Φωκᾶ
1221 2146 1282 2199 τὸ
1312 2146 1463 2218 γένος
1496 2142 1865 2204 πολυπλόκως
1901 2143 1994 2216 μὶν

340 2236 472 2294 ἀλλ’
527 2237 680 2309 ὅμως
737 2236 1007 2312 κατάγων,
1041 2234 1130 2289 καὶ
1186 2238 1295 2288 τῶν
1336 2230 1697 2307 περιωνύμων
1749 2226 1993 2299 Φαϐίων,

338 2329 393 2382 οἳ
444 2328 507 2383 τὸ
549 2329 703 2403 γένος
752 2325 812 2381 ἐκ
857 2332 958 2395 τῆς
1006 2320 1292 2399 περιδόξου
1339 2322 1427 2376 καὶ
1478 2316 1999 2397 πρεσϐυτέραςῬώο

342 2438 457 2489 μης
537 2422 797 2492 κατῆγον,
848 2412 987 2477 καθὰ
1033 2414 1067 2483 ἡ
1118 2411 1367 2475 ἀνέκαθεν
1443 2408 1739 2485 παράδοσις
1812 2415 2000 2483 κρατεῖ

336 2506 469 2581 περὶ
500 2505 697 2561 αὐτῶν.
737 2502 931 2579 Τρίτην
978 2498 1036 2556 δὲ
1083 2502 1310 2577 ἄγοντος
1359 2504 1455 2554 τοῦ
1502 2494 1829 2574 Ὀκτωϐρίου
1887 2520 1995 2571 μη-

336 2596 453 2663 νὸς,
486 2593 789 2667 μέλλοντος
819 2590 927 2662 ἤδη
959 2594 1057 2661 τὴν
1114 2588 1404 2665 βασιλικὴν
1444 2590 1712 2659 πήξασθαι
1769 2589 1993 2659 σκηνὴν,

344 2690 464 2764 φῶς
520 2683 713 2756 ἀθρόον
773 2683 894 2756 περὶ
954 2681 1044 2736 τὸν
1096 2680 1227 2753 ἀέρα
1284 2676 1504 2756 διεφάνη
1577 2678 1700 2751 περὶ
1774 2678 1994 2753 πρώτας

341 2774 541 2834 νυκτὸς
574 2769 818 2846 φυλακὰς
852 2770 1017 2845 μέχρι
1044 2766 1398 2838 Χαλκηδόνος
1424 2768 1515 2822 καὶ
1563 2765 1997 2843 Χρυσουπόλεως

341 2862 438 2917 καὶ
496 2866 603 2916 τῶν
658 2859 707 2914 ἐν
767 2859 1105 2935 Βλαχέρναις
1162 2857 1505 2932 ἀνακτόρων’
1563 2856 1591 2911 6'
1646 2856 1735 2911 καὶ
1808 2856 1997 2916 οἰωνὸς

346 2956 513 3005 πᾶσιν
542 2949 742 3023 ἀγαθὸς
768 2946 967 3019 ἔδοξεν,
1001 2947 1075 3009 ὡς
1132 2946 1223 3001 καὶ
1270 2940 1638 3023 ἐπιφοιῦάζειν
1684 2946 1834 3007 τινὰς
1895 2944 1999 2999 ἀπὸ

343 3038 571 3111 λάμπης
602 3037 901 3113 λαμπτῆρα
941 3036 1227 3115 φωσφόρον
1281 3032 1619 3108 ἐπιδημῆσαι
1668 3039 1785 3096 τοῖς
1842 3034 1999 3109 βασι-

344 3125 538 3191 λείοις.
597 3126 931 3202 Ωρμημένου
983 3122 1040 3179 δὲ
1087 3122 1196 3194 ἤδη
1242 3124 1376 3198 πρὸς
1418 3124 1481 3177 τὸ
1530 3124 1836 3191 Βυζάντιον,
1865 3122 1999 3176 ἀπο-

342 3217 568 3284 στατική
649 3215 802 3287 ἑτέρα
874 3212 1132 3268 κακόνοια
1197 3213 1296 3280 τὴν
1378 3209 1524 3265 δόσιν
1589 3210 1997 3287 περιεκλόνησε.

340 3305 667 3379 Νικηφόρος
696 3305 800 3379 γὰρ
831 3299 1097 3378 πρόεδρος
1143 3302 1171 3356 6
1217 3302 1499 3375 Βρυέννιος
1556 3302 1654 3369 τήν
1709 3305 1805 3355 τοῦ
1862 3299 1996 3376 Δυρ-

344 3392 549 3471 ραχίου
584 3390 840 3461 δουκικήν
894 3388 1093 3445 διέπων
1143 3391 1321 3466 ἀρχὴν
1356 3392 1437 3462 [Ρ.
1470 3391 1597 3464 858]
1649 3391 1738 3444 καὶ
1797 3390 1997 3459 ταύτης

342 3482 679 3556 παραλυθεὶς
735 3479 1004 3556 βασιλέως
1055 3478 1229 3551 ἐαυτῷ
1281 3480 1598 3554 περιέθηκεν
1665 3476 1857 3551 ὄνομα,
1908 3479 1997 3533 καὶ

341 3578 462 3633 τοῖς
489 3571 659 3627 ἐκεῖσε
688 3570 1045 3646 στρατιώταις
1097 3566 1321 3631 ὀπαδοῖς
1370 3569 1461 3623 καὶ
1519 3574 1799 3643 συνεργοῖς
1854 3587 1996 3644 χρη-

346 3661 582 3734 σάμενος
655 3658 811 3731 ἔξεισι
901 3660 995 3732 μὲν
1077 3657 1298 3726 ἐκεῖθεν,
1383 3657 1649 3733 ἐπείγεται
1737 3655 1793 3711 δὶ
1860 3658 1996 3732 πρὸς

346 3747 831 3826 ³Αδριανούπολιν.
865 3750 925 3805 Ὀ
954 3749 1055 3823 γάρ
1090 3744 1428 3823 αὐτάδελφος
1476 3746 1639 3801 αὐτοῦ
1696 3746 1845 3809 τινας
1892 3751 2001 3801 τῶν

348 3840 647 3915 Ἑσπερίων
710 3836 985 3909 δυνάμεων
1038 3835 1115 3899 εἷς
1164 3836 1263 3903 τήν
1336 3833 1799 3910 προσδοκωμένην
1879 3835 2000 3890 ἐπι-

350 3925 560 3997 ϐουλὴν
616 3926 972 4003 καταρτύσας,
1037 3926 1172 3996 μετᾶ
1238 3924 1535 4000 Βαράγγων
1592 3925 1681 3979 καὶ
1731 3927 1999 4000 Φράγγων

350 4016 601 4089 πλήθους
637 4015 852 4071 πολλοῦ
909 4020 985 4087 τῷ
1016 4012 1237 4088 ἀδελφῷ
1286 4013 1561 4077 συνθέσθαι
1620 4013 2000 4088 παρεσκεύασε.

352 4110 460 4163 Σὺν
519 4107 667 4178 αὐτῷ
721 4104 779 4160 δὲ
837 4105 925 4160 καὶ
972 4104 1065 4159 τὸν
1125 4103 1409 4157 κατεπάνω
1440 4106 1536 4167 τῆς
1577 4102 1742 4172 αὐτῆς
1789 4102 2006 4167 πόλεως

354 4196 610 4272 συγγενέα
660 4193 856 4249 τούτου
912 4191 1270 4267 τυγχάνοντα,
1310 4190 1400 4245 καὶ
1455 4192 1560 4266 πρὸ
1616 4196 1712 4245 τοῦ
1768 4191 2005 4246 καταλα-

353 4282 468 4341 ϐεῖν
504 4284 561 4340 δὲ
592 4284 668 4346 εἷς
698 4279 1159 4360 Ἀδριανούπολιν
1216 4281 1316 4349 τήν
1372 4278 1646 4357 εὐφημίαν
1696 4279 1860 4335 αὐτοῦ
1917 4283 2006 4335 καὶ

350 4377 454 4443 τήν
514 4372 811 4449 ἀναρρησιν
873 4378 970 4442 τῆς
1032 4366 1313 4446 βασιλείας
1360 4366 1826 4443 προδιεγράψατο.
1858 4370 1920 4426 Ὁ
1952 4367 2009 4424 δὲ

358 4462 617 4541 βασιλεὺς
671 4461 1057 4536 μαλακώτερον
1119 4457 1255 4533 πρὸς
1285 4456 1351 4512 τὰ
1388 4456 1678 4533 πράγματα
1734 4456 2007 4531 διακείμε-

2104 534 2367 590 thesauri
2399 539 2455 589 et
2477 534 2907 606 suppellectilia
2940 537 3331 592 auferrentur.

2176 630 2319 679 Cum
2376 641 2506 679 vero
2564 626 2645 679 ita
2704 641 2794 679 res
2848 626 3430 696 administrarentur,
3471 630 3667 702 itaque
3696 638 3753 687 et

2104 716 2337 771 interna
2389 720 2445 769 et
2503 720 2739 770 externa
2797 716 3021 786 rapinis
3071 733 3135 770 ac
3172 720 3364 789 praeda
3418 719 3755 776 laborarent

2104 806 2361 878 pessimo
2387 805 2633 861 consilio
2666 812 2723 861 et
2745 806 2975 876 ignavia
2999 807 3751 882 imperantiumdirincipes

2102 897 2161 950 in
2193 896 2424 951 Oriente
2445 894 2772 951 Alexander
2792 903 2848 952 et
2880 896 3182 969 Cabasilas
3220 899 3535 971 Synadeni,
3560 900 3751 956 Gude-

2101 984 2241 1052 lius,
2301 986 2716 1041 Straboramus
2774 991 2832 1041 et
2899 987 3109 1058 reliqui
3181 989 3457 1045 senatorii
3528 991 3753 1047 ordinis

2102 1076 2396 1146 principes
2428 1077 2659 1144 delecti,
2692 1093 2867 1146 quam
2920 1078 3141 1147 pridem
3191 1078 3562 1134 rebellionem
3615 1097 3752 1135 con-

2101 1169 2377 1235 ceperant
2408 1165 2477 1218 ad
2512 1181 2659 1235 opus
2710 1165 3071 1234 perducunt;
3114 1172 3168 1220 et
3216 1167 3615 1239 curepalatem
3655 1169 3751 1223 Ni-

2100 1255 2418 1324 cephorum
2464 1254 2826 1309 Botaniatem
2879 1256 3291 1311 convenientes
3340 1257 3752 1329 imperatorem

2100 1344 2417 1410 declarant,
2451 1345 2680 1399 Octobri
2717 1362 2936 1413 mense,
2972 1346 3291 1401 indictione
3328 1349 3536 1418 prima.
3589 1349 3753 1412 Quod

2103 1452 2233 1490 cuin
2264 1436 2336 1490 ad
2368 1435 2740 1505 imperatoris
2769 1453 2939 1491 aures
2971 1436 3305 1502 accidisset,
3334 1438 3490 1493 haud
3527 1440 3749 1493 medio-

2103 1527 2275 1580 criter
2321 1527 2514 1597 ipsum
2540 1526 2931 1597 perturbavit;
2964 1532 3088 1583 erat
3117 1528 3272 1582 enim
3305 1546 3338 1583 a
3371 1528 3569 1583 multis
3602 1546 3751 1600 quo—

2102 1635 2214 1689 que
2263 1618 2605 1688 praedictum
2656 1618 2800 1673 forte
2849 1622 2911 1672 ut
2941 1618 3079 1672 olim
3137 1618 3180 1672 N
3234 1625 3538 1691 superaret
3572 1621 3647 1675 M.
3680 1625 3751 1676 Et

2102 1709 2303 1762 statim
2336 1707 2542 1762 Turcis
2574 1712 2853 1777 tanquam
2875 1708 3139 1778 cognatis
3162 1713 3219 1761 et
3248 1707 3591 1780 propinquis
3614 1710 3752 1764 scri-

2104 1799 2239 1869 psit,
2286 1796 2566 1867 pollicens
2611 1797 2764 1851 dona
2808 1812 2870 1851 se
2924 1797 3226 1866 daturum,
3259 1798 3306 1852 si
3340 1797 3505 1852 illum
3557 1798 3748 1853 solum

2105 1889 2609 1960 comprehensum,
2644 1893 2701 1943 et
2731 1889 2831 1959 qui
2864 1905 2994 1943 cum
3028 1890 3155 1959 ipso
3190 1895 3381 1945 essent
3415 1892 3483 1944 ad
3519 1907 3580 1945 se
3612 1891 3751 1945 mit-

2104 1983 2249 2034 tant.
2285 1979 2423 2033 Erat
2454 1982 2648 2032 autem
2684 1977 3019 2032 Botaniates
3063 1995 3132 2033 ex
3164 1978 3461 2033 nobilibus
3494 1998 3526 2035 a
3558 1980 3750 2036 Phoca

2105 2067 2415 2133 oriundus,
2452 2067 2627 2121 variis
2657 2066 2891 2137 quidem
2947 2066 3137 2121 modis
3169 2074 3363 2123 tamen
3398 2069 3471 2123 ab
3506 2068 3751 2123 illustri-

2107 2157 2218 2212 bus
2252 2155 2444 2211 Fabiis
2474 2171 2660 2226 genus
2686 2156 2928 2222 ducens,
2963 2156 3061 2226 qui
3092 2172 3161 2211 ex
3190 2156 3405 2211 illustri
3429 2161 3488 2211 et
3508 2157 3754 2229 antiqua

2106 2249 2288 2302 Roma
2320 2246 2603 2317 originem
2638 2247 2953 2313 ducebant,
2981 2248 3480 2317 quemadmodum
3512 2250 3756 2320 antiqua

2108 2339 2179 2393 de
2220 2338 2363 2409 ipsis
2394 2338 2647 2391 traditur
2680 2336 2855 2392 fama.
2889 2336 3083 2392 Tertia
3114 2354 3246 2393 vero
3277 2339 3540 2394 Octobris
3588 2356 3754 2395 men-

2109 2428 2191 2484 sis
2222 2429 2336 2492 die,
2361 2443 2497 2481 cum
2523 2428 2644 2496 jam
2673 2426 2969 2497 ﬁgendum
2992 2431 3143 2481 esset
3168 2427 3541 2498 imperatoris
3564 2430 3753 2485 taber-

2108 2518 2405 2585 naculum,
2438 2518 2685 2572 densum
2712 2516 2909 2569 lumen
2940 2515 2999 2569 in
3032 2532 3162 2571 aere
3209 2518 3481 2589 apparuit
3524 2520 3754 2574 circiter

2108 2608 2359 2679 primam
2408 2605 2595 2661 noctis
2643 2604 2927 2676 vigiliam,
2964 2622 3147 2677 usque
3207 2607 3277 2660 ad
3323 2606 3750 2663 Chalcedonam

2117 2698 2259 2752 που
2297 2701 2353 2751 et
2370 2695 2775 2767 Chrysopolim
2800 2698 2855 2749 et
2878 2695 3034 2764 regia
3057 2694 3273 2766 palatia
3293 2694 3353 2750 in
3372 2696 3710 2752 Blachernis
3734 2715 3745 2751 :

2106 2788 2257 2859 quod
2291 2785 2581 2857 optimum
2614 2784 3088 2839 omnibusvisum
3113 2791 3202 2840 est
3233 2787 3668 2856 augurium,ita
3689 2793 3755 2842 ut

2107 2876 2567 2931 vaticinarentur
2589 2875 2827 2945 quidam
2862 2891 2896 2928 a
2925 2873 3236 2945 splendore
3268 2876 3516 2931 Luciferi
3567 2877 3751 2931 facem

2112 2968 2179 3023 ad
2204 2966 2419 3036 regiam
2443 2963 3136 3018 accessisse.Cumautem
3164 2964 3503 3037 Byzantium
3524 2968 3755 3037 proﬁci-

2113 3060 2391 3119 sceretur,
2450 3052 2634 3108 altera
2665 3052 2929 3123 quaedam
2996 3051 3147 3107 male
3205 3053 3459 3124 cogitata
3519 3055 3756 3111 rebellio

2112 3144 2484 3200 Occidentem
2536 3141 2868 3212 exagitavit.
2916 3140 3280 3212 Nicephorus
3330 3142 3487 3197 enim
3538 3144 3754 3216 Bryen-

2112 3234 2244 3288 nius
2276 3246 2489 3302 praeses
2521 3228 2943 3283 administrans
2972 3228 3271 3299 Dyrrachii
3305 3230 3756 3304 ducatum,ipso

2108 3320 2436 3385 abdicatus,
2471 3317 2583 3372 sibi
2616 3316 2986 3388 imperatoris
3035 3333 3248 3371 nomen
3291 3318 3628 3375 vindicavit.
3687 3323 3757 3378 Et

2110 3408 2398 3463 militibus
2432 3405 2531 3477 qui
2556 3405 2629 3460 ibi
2664 3409 2852 3473 erant,
2914 3404 3197 3460 ministris
3246 3412 3417 3477 atque
3467 3409 3755 3478 adjutori-

2108 3498 2219 3552 bus
2251 3512 2395 3550 usus
2436 3495 2569 3549 inde
2616 3494 2933 3565 egreditur,
2966 3498 3022 3548 et
3050 3494 3121 3547 ad
3174 3496 3612 3568 AdrianOpolim
3672 3499 3752 3554 fe-

2108 3585 2365 3641 stinabat
2407 3603 2420 3651 ;
2456 3600 2591 3638 nam
2643 3598 2959 3653 germanus
3020 3584 3146 3651 ejus
3207 3584 3383 3639 frater
3434 3586 3754 3644 instructas

2110 3676 2396 3747 quaedam
2412 3672 2740 3727 Occidentis
2765 3670 2959 3743 copias
2975 3672 3042 3725 ad
3060 3678 3324 3743 speratae
3346 3672 3595 3731 insidias
3617 3692 3751 3732 cum

2108 3766 2507 3835 Barangorum
2541 3766 2597 3815 et
2639 3761 2992 3815 Francorum
3019 3760 3172 3815 haud
3210 3762 3451 3817 mediori
3480 3765 3753 3820 multitu-

2110 3852 2245 3908 dine
2274 3849 2535 3915 adduxit,
2562 3853 2626 3903 ut
2649 3864 2782 3902 cum
2809 3849 2985 3902 fratre
3017 3849 3441 3919 conspirarent,
3475 3857 3532 3907 et
3553 3869 3753 3908 secum

2112 3940 2375 4011 ejusdem
2430 3954 2663 4008 quoque
2740 3937 2902 3991 urbis
2964 3938 3338 4005 praefectum,
3414 3941 3761 4009 cognatione

2114 4026 2525 4095 conjunctum;
2558 4027 2615 4077 et
2668 4027 2982 4093 antequam
3034 4023 3102 4076 ad
3158 4023 3595 4096 Adrianopolim
3629 4043 3761 4097 per-

2110 4114 2355 4182 veniret,
2386 4110 2746 4167 celebratum
2779 4116 2835 4165 et
2866 4109 3227 4165 declaratum
3270 4113 3464 4181 ipsum
3516 4114 3765 4185 impera-

2113 4207 2297 4259 torem
2333 4202 2495 4272 prius
2528 4199 2790 4270 scripsit.
2853 4203 3179 4270 Imperator
3228 4216 3360 4255 vero
3411 4202 3649 4259 mollius
3699 4222 3765 4260 ac

2118 4292 2358 4363 segnius
2418 4289 2591 4343 rebus
2641 4288 2911 4358 gerendis
2969 4289 3233 4343 intentus
3285 4288 3420 4359 (nisi
3467 4292 3624 4346 enim
3658 4292 3766 4348 hoc

2118 4382 2353 4447 fuisset,
2392 4378 2555 4433 facile
2614 4379 2810 4448 ipsum
2863 4377 3216 4448 Bryennium
3280 4380 3656 4454 debellasset)
3710 4390 3769 4439 et

2119 4469 2423 4541 proprium
2456 4468 2774 4522 exercitum
2806 4465 3030 4521 habens
3056 4482 3255 4522 eorum
3289 4486 3435 4538 quos
3457 4472 3770 4527 nominant

355 4571 465 4612 νος·
499 4550 545 4604 εἰ
581 4552 656 4623 μὴ
702 4549 800 4625 γὰρ
846 4548 913 4616 ἧν
950 4551 1135 4613 τοῦτο,
1168 4543 1407 4608 εὐκόλως
1464 4543 1522 4599 ἃν
1575 4546 1664 4600 τὸν
1724 4546 1997 4620 Βρυέννιοπ

2121 4556 2507 4624 immortales,
2539 4561 2596 4609 et
2625 4554 2873 4610 alterum
2908 4554 3064 4609 haud
3102 4554 3417 4626 ignobilem
3450 4574 3481 4611 e
3512 4558 3769 4614 collecti-

350 4637 789 4715 κατηγωνίσατο,
823 4635 1049 4712 στρατόν
1100 4656 1158 4689 τε
1208 4631 1504 4688 ἷδιαίτατον
1537 4631 1704 4707 ἔχων,
1754 4633 1847 4696 οὓς
1894 4633 2009 4689 ὀνο-

361 4729 621 4804 μάζουσιν
692 4724 988 4790 ἀθανάτους
1058 4726 1192 4796 (40),
1244 4722 1333 4776 καὶ
1398 4720 1579 4797 ἕτερον
1660 4722 1757 4778 οὐκ
1820 4723 2005 4799 ἀγεννῆ

358 4817 466 4872 ἀπὸ
522 4812 840 4891 συγκλύδων
898 4809 1109 4887 ἀνδρῶν
1162 4810 1526 4887 συγκείμενον.
1588 4811 1683 4864 Καὶ
1740 4809 1827 4866 διὰ
1878 4811 2009 4866 πάν-

354 4927 465 4961 των
495 4903 737 4979 εὐχερῶς
770 4903 911 4977 εἶχεν
958 4898 1231 4955 ἐπιθέσθαι
1280 4904 1399 4960 τοῖς
1448 4899 1499 4953 έν
1556 4897 2009 4973 ’Λδριανουπόλει

361 4997 458 5069 μὶν
491 4993 782 5069 πρότερον,
816 4992 927 5046 εἶτα
958 4988 1014 5044 δὲ
1043 4988 1132 5043 καὶ
1180 4994 1259 5060 τῷ
1311 4988 1573 5062 Βρυεννίῳ
1629 4989 1795 5061 αὐτῷ.
1832 4988 2010 5061 Ἀλλ’,

357 5087 436 5147 ὡς
471 5081 702 5159 εἷ’ρηται,
737 5080 1118 5158 ῥᾳθυμοτέρως
1150 5077 1294 5156 ἔχων
1346 5080 1546 5134 ἐκεῖνόν
1596 5101 1654 5135 τε
1702 5080 1883 5154 ὕψωσε
1922 5084 2011 5137 καὶ

357 5174 419 5231 ὲκ
455 5173 649 5249 μικροῦ
701 5173 864 5248 μέγαν
926 5169 1168 5241 ἐποίησε,
1200 5170 1289 5224 καὶ
1348 5170 1524 5241 ἑαυτῷ
1575 5168 1815 5245 παρέσχε
1873 5173 2010 5248 πρά-

2121 4647 2228 4704 ciis
2260 4645 2398 4700 viris
2430 4650 2717 4709 coactum,
2752 4642 2919 4697 facile
2976 4646 3267 4714 potuisset
3318 4660 3448 4699 cum
3493 4648 3771 4705 omnibus

2121 4736 2247 4793 suis
2306 4734 2468 4806 prius
2520 4749 2617 4787 eos
2679 4730 2950 4785 invadere
3007 4732 3106 4802 qui
3163 4736 3331 4785 erant
3367 4732 3771 4808 Adrianopoli,

2121 4824 2333 4880 deinde
2371 4821 2546 4875 etiam
2581 4819 2932 4891 Bryennium
2964 4818 3179 4890 ipsum.
3202 4820 3437 4890 Verum,
3468 4824 3769 4881 utdictum

2122 4917 2232 4979 est,
2264 4910 2591 4982 segniorem
2642 4924 2704 4963 se
2742 4908 3006 4979 praebens
3051 4914 3107 4962 et
3150 4907 3316 4962 illum
3346 4910 3555 4965 extulit
3605 4918 3665 4967 et
3703 4932 3773 4971 ex

2123 5016 2300 5073 parvo
2334 5015 2615 5070 magnum
2648 4997 2802 5065 fecit,
2834 5001 2891 5049 et
2922 4997 3033 5050 sibi
3068 4997 3299 5067 negotia
3338 4999 3633 5056 conﬂavit.
3668 5004 3771 5058 Ni-

2125 5088 2414 5160 cephorus
2444 5087 2597 5141 enim
2628 5101 2842 5156 praeses
2876 5089 3071 5156 regius
3098 5091 3155 5139 et
3204 5102 3512 5143 successor
3552 5091 3774 5148 missus

2123 5175 2550 5232 Thessalonicae
2609 5190 2742 5229 cum
2794 5174 2919 5244 ipso
2977 5190 3345 5245 congressus,
3406 5178 3453 5232 si
3506 5180 3779 5238 decenter

1675 5334 1924 5392 JACOBI
1963 5336 2181 5395 GOARI
2221 5292 2457 5393 l‘lOTxE.

437 5460 654 5533 (40)_Ut
682 5477 758 5533 ex,
807 5457 1070 5533 antiquis
1123 5457 1610 5533 le_gionibus_haac
1632 5458 1876 5533 Victrix,
1910 5460 2012 5518 illa

364 5530 489 5603 Pia,
522 5530 637 5589 alia
658 5530 1069 5604 Fulminatrix,
1110 5530 1227 5587 alia
1273 5530 1413 5604 item
1453 5530 1630 5601 Felix,
1658 5530 1745 5586 vel
1773 5535 1880 5585 τών
1919 5553 2013 5604 με-

364 5604 653 5685 γαθύμων,
683 5621 753 5662 ex
784 5603 980 5675 aliquo
1013 5603 1140 5675 jam
1186 5602 1480 5675 presterito
1522 5608 1754 5672 eventu,
1798 5605 1869 5661 de
1899 5602 2015 5678 quo

692 5730 955 5794 Panos.
1009 5730 1121 5792 Gn.
1168 5726 1405 5793 CXXII.

2127 5461 2359 5528 Imperii
2390 5459 2633 5527 Notitia,
2680 5458 3007 5528 dicebatur,
3048 5460 3171 5517 hac
3219 5470 3558 5523 senescente
3608 5471 3665 5523 et
3695 5470 3767 5524 ad

2126 5532 2350 5615 lethum
2365 5532 3024 5615 fere-vergenteimperio
3041 5533 3545 5594 immortalitatem
3566 5538 3621 5593 in
3638 5556 3780 5611 pris-

2125 5606 2221 5664 liis
2248 5621 2396 5663 vane
2424 5604 2666 5662 sibimet
2695 5606 3019 5661 ominatur.

3382 5732 3462 5799 15
