4046 6144
366 340 489 399 459

1690 336 2017 398 JOANNIS
2063 336 2465 397 SCYLITZIE

3668 340 3793 401 460

371 471 548 527 rebus
582 470 731 527 728
764 486 909 525 usus
957 475 1131 539 esset,
1166 469 1333 525 facile
1382 471 1579 541 ipsum
1628 469 1690 524 in
1738 469 2024 541 principio

2142 487 2334 542 γματα,
2399 468 2495 521 Καὶ
2556 464 2873 541 Νικηφόρος
2927 464 3028 540 γάρ
3105 462 3371 541 πρόεδρος
3423 468 3450 521 ὁ
3508 467 3786 543 βασιλικὸς

373 560 720 617 defectionis
768 560 1087 617 debellaset
1121 579 1133 616 :
1169 577 1303 616 cum
1355 576 1487 616 vero
1543 560 1613 615 ad
1664 559 2025 631 Trajanopoo

371 651 477 707 lim
510 652 890 724 pervenisset,
938 652 1018 707 ibi
1050 669 1183 707 cum
1216 654 1395 707 fratre
1424 652 1647 706 Joanne
1679 656 1735 705 et
1764 650 2027 717 Francis,

372 743 471 814 qui
502 742 884 814 Adrianopoli
923 747 1113 811 erant,
1147 748 1203 797 et
1234 743 1652 797 Macedonibus
1695 746 1752 797 et
1803 740 2027 810 reliquo

369 833 637 889 exercitu
689 850 887 889 secum
937 833 1313 903 conspirante
1363 848 1717 904 congressus
1759 835 1870 886 est.
1924 829 2029 885 Ubi

369 923 548 978 etiam
582 923 742 995 regia
772 922 1040 978 induitur
1071 922 1346 993 insignia,
1371 923 1767 993 omnibusque
1802 921 2027 992 jureju-

372 1013 557 1068 rando
588 1017 645 1068 et
674 1011 941 1068 horribili
994 1014 1207 1068 {cedere
1257 1013 1625 1068 conﬁrmatis
1660 1014 1740 1067 ita
1771 1012 2027 1067 celebra-

372 1109 469 1156 tur
510 1101 787 1157 laudibus
837 1102 1064 1167 multis,
1102 1101 1406 1173 multoque
1458 1102 1732 1158 satellitio
1773 1102 2029 1173 stipatus

370 1190 742 1262 imperatoris
774 1192 946 1247 modo
982 1208 1044 1246 se
1074 1192 1244 1263 gerit,
1281 1197 1336 1246 et
1368 1191 1806 1263 Adrianopolim
1843 1190 2029 1247 multo

374 1296 506 1336 cum
539 1279 759 1336 honore
791 1297 851 1337 se
886 1281 1102 1352 recepit
1148 1286 1203 1335 et
1234 1282 1625 1348 observantia,
1660 1282 1891 1337 obviam
1945 1280 2030 1335 illi

374 1372 805 1442 prodeuntibus
832 1372 957 1428 suis
990 1372 1262 1426 tribubus
1294 1389 1359 1427 eo
1393 1373 1549 1443 quod
1582 1372 1773 1442 ipsum
1805 1389 1875 1427 ex
1904 1372 2029 1426 ani-

378 1477 471 1515 mo
502 1459 762 1515 colerent
790 1468 844 1514 et
875 1460 1567 1530 observarent.Egressus
1599 1465 1793 1515 autem
1826 1467 2033 1514 contra

378 1550 667 1619 quosdam
691 1547 962 1621 Bryennii
993 1564 1206 1618 praeses
1242 1548 1662 1603 Constantinus
1693 1548 2028 1604 Theodoro-

380 1654 563 1693 cauus
592 1636 824 1708 capitur
870 1641 926 1692 et
977 1638 1047 1692 ad
1094 1637 1291 1709 ipsum
1353 1639 1617 1710 captivus
1655 1639 1912 1704 ducitur,
1946 1640 2032 1693 vir

381 1725 574 1782 clarus
604 1730 662 1781 et
692 1742 903 1798 genere
945 1725 1376 1797 nobilissimus,
1426 1728 1672 1799 vitaeque
1722 1727 2031 1800 splendore

2137 553 2398 631 διάδοχος
2457 556 2604 628 αὐτῷ
2660 553 2874 617 σταλεὶς
2935 554 2986 608 ἐν
3048 551 3409 630 Θεσσαλονίκῃ
3463 561 3793 629 συναντήσας

2138 646 2307 718 αὐτῷ,
2342 643 2455 720 εἷ’γε
2504 643 2691 715 δεξιῶς
2750 643 3025 719 ἐχρήσατο
3076 649 3191 706 τοῖς
3243 644 3581 720 πράγμασιν,
3634 648 3790 703 εὐκό-

2138 735 2251 797 λως
2299 733 2359 789 ἂν
2416 734 2574 789 αὐτὸν
2636 732 2687 788 ἐν
2748 734 2896 809 ἀρχῇ
2953 740 3055 802 τῆς
3114 733 3439 797 ἀποστασίας
3493 738 3795 812 κατηγωνί-

2141 847 2292 881 σατο.
2338 820 2671 878 Καταλαϐὼν
2733 820 2789 877 δὲ
2843 824 2920 886 εἷς
2976 823 3433 898 Τραἰ“ανοῦπολιν,
3493 824 3665 881 ἐκεῖσε
3717 833 3801 899 τῷ

2137 936 2195 969 τε
2226 910 2447 990 ἀδελφῷ
2482 914 2708 979 Ἰωάννη
2736 911 2825 966 καὶ
2882 918 3000 976 τοῖς
3059 911 3111 966 ἐν
3166 911 3611 987 Ἀδριανουπόλει
3673 937 3797 971 συν-

2139 1006 2343 1073 ἤντησε
2374 1002 2649 1078 Φράγγοις
2680 1023 2737 1056 τε
2772 1003 2861 1056 καὶ
2894 999 3168 1059 Μακεδόσι
3220 1003 3310 1057 καὶ
3366 1008 3448 1075 τῷ
3504 1003 3686 1076 λοιπῷ
3730 1006 3801 1059 τὰ

2139 1093 2306 1146 αὐτοῦ
2340 1096 2624 1168 φρονοῦντι
2670 1090 3053 1165 στρατεύματι,
3086 1089 3210 1145 ἔνθα
3263 1092 3354 1145 καὶ
3408 1095 3476 1146 τά
3539 1094 3799 1167 βασιλικὰ

2138 1183 2439 1254 παράσημα
2552 1176 2986 1254 περιϐάλλεται.
3066 1178 3617 1257 Κατασφαλισάμενός
3737 1206 3800 1238 τε

2139 1274 2310 1326 πάντα
2370 1270 2554 1347 ὅρκοις
2616 1270 2704 1325 καὶ
2784 1271 3074 1340 συνθήκαις
3150 1277 3419 1347 φρικταῖς,
3475 1270 3617 1326 οὕτω
3695 1275 3798 1343 τὴν

2140 1361 2409 1438 εὐφημίαν
2467 1358 2758 1436 ἀπειλήφει
2831 1360 2946 1431 μετ’
2994 1359 3265 1437 εὐφημίας
3318 1360 3407 1414 καὶ
3468 1356 3799 1439 δορυφορίας

2138 1458 2380 1529 πολλῆς,
2413 1459 2502 1513 καὶ
2535 1458 2634 1513 ὅσα
2687 1456 2938 1533 βασιλεὺς
2997 1459 3102 1512 τῶν
3161 1458 3495 1535 πραγμάτων
3550 1460 3797 1536 ἀπάρχε-

2138 1572 2246 1619 ται,
2280 1550 2370 1605 καὶ
2427 1558 2525 1619 τῆς
2579 1546 3091 1624 ’Λδριανουπὸλεως
3142 1544 3425 1621 ἐπιϐαίνει,
3462 1549 3552 1606 σὺν
3604 1550 3801 1625 πολλῇ

2138 1644 2275 1713 τιμῇ
2306 1639 2397 1694 καὶ
2436 1634 2732 1711 σεϐάσματι
2792 1637 3009 1711 ἐξαισίῳ
3051 1637 3343 1709 ὑπάντησιν
3405 1640 3798 1713 ποιησαμένων

2140 1729 2287 1801 αὐτῷ
2328 1734 2435 1783 τῶν
2484 1727 2728 1805 φυλετῶν
2784 1724 2873 1781 διά
2913 1729 2976 1781 τὸ
3028 1727 3243 1789 οἰκείως
3290 1723 3436 1805 ἔχειν
3469 1730 3604 1805 πρὸς
3636 1729 3801 1785 αὐτὸν

383 1815 654 1871 illustris.
687 1816 796 1871 Sed
849 1815 1148 1886 neglectus
1192 1815 1302 1871 fuit
1345 1822 1408 1871 ut
1468 1816 1710 1887 quidam
1754 1816 2030 1889 ignobilis

2142 1818 2227 1873 καὶ
2288 1822 2704 1892 θεραπευτικῶς.
2762 1815 3195 1888 Ἀντεπεξελθὼν
3256 1814 3312 1871 δέ
3384 1839 3521 1872 τισιν
3578 1816 3606 1872 ὂ
3660 1817 3804 1894 πρό-

381 1908 438 1959 et
468 1904 717 1960 obscuro
749 1903 873 1959 loco
906 1911 1102 1969 natus,
1140 1922 1327 1976 neque
1377 1905 1565 1961 ullum
1615 1923 1854 1977 corpore
1885 1923 2031 1977 sup-

382 1992 622 2065 plicium
657 1993 896 2065 subivit,
949 1995 1219 2065 quamvis
1261 1993 1698 2051 existimaretur
1730 1996 1785 2049 id
1820 2012 2034 2067 passu-

384 2100 485 2139 rus
520 2086 757 2154 propter
787 2083 1121 2154 superiores
1153 2083 1493 2139 inimicitias
1526 2089 1581 2140 et
1612 2100 1840 2156 pugnas
1874 2082 2033 2155 capi-

384 2171 551 2227 tales.
571 2175 792 2231 [Verum
825 2172 1047 2227 missus
1076 2172 1138 2227 in
1169 2172 1438 2228 exsilium
1474 2174 1532 2227 in
1565 2174 1882 2244 quamdam
1916 2174 2036 2228 Ma-

384 2262 723 2317 cedonicam
754 2262 961 2316 urbem
982 2261 1135 2315 haud
1162 2261 1347 2317 multo
1376 2266 1507 2332 post
1533 2267 1751 2316 naturae
1772 2263 2037 2317 debitum

399 2350 693 2421 persolvit.
722 2351 883 2416 Quod
916 2367 1049 2406 vero
1090 2352 1246 2421 regia
1277 2350 1531 2421 insignia
1577 2351 1635 2406 in
1668 2350 2041 2423 Trajanopoli

396 2438 495 2493 ind
507 2444 642 2494 utus
656 2438 1307 2511 fueritBryennius,ibiq
1318 2458 1384 2495 ue
1398 2440 1679 2497 declarari
1697 2446 1753 2497 et
1765 2441 2044 2497 celebrari

398 2545 459 2583 se
484 2528 837 2599 permiserit,
859 2528 1015 2583 haud
1041 2529 1261 2584 bonum
1287 2530 1600 2601 augurium
1634 2531 2043 2602 prudentiores

395 2618 831 2673 existimabant.
866 2618 995 2673 Haec
1027 2619 1183 2673 enirn
1207 2619 1615 2691 TrajanOpolis
1646 2637 1762 2675 non
1805 2619 2043 2690 Trajani

394 2706 765 2779 imperatoris
798 2706 1034 2762 nomine
1056 2707 1291 2762 condita
1314 2708 1440 2774 fuit,
1464 2708 1565 2762 sed
1590 2708 1823 2763 nomine
1844 2710 2041 2779 cujus-

392 2806 529 2859 dam
543 2822 611 2860 ex
632 2805 988 2875 primatibus
1012 2805 1240 2874 Trajani
1266 2807 1473 2872 vocati,
1499 2808 1766 2877 generosi
1798 2824 1863 2862 eo
1895 2813 2042 2861 tem-

404 2910 541 2964 pore
575 2894 723 2949 729
752 2894 856 2948 viri
890 2898 1015 2948 tum
1050 2910 1228 2948 manu
1263 2899 1389 2949 tum
1414 2895 1630 2964 animo,
1657 2913 1829 2967 quem
1854 2897 2043 2953 Cmsar

394 2982 685 3052 Trajanus
721 2983 792 3037 ob
828 2982 1024 3038 nescio
1058 2998 1232 3053 quam
1284 2983 1665 3040 offensionem
1715 2986 2042 3041 luminibus

395 3072 662 3143 privavit.
690 3070 834 3127 Etin
868 3071 1075 3128 Persas
1107 3072 1486 3143 proficiscens
1518 3074 1612 3129 hic
1646 3092 1781 3130 eum
1815 3077 2041 3147 primus

392 3161 715 3232 conspexit,
750 3178 865 3232 quo
888 3161 1224 3232 spectaculo
1246 3163 1565 3218 admodum
1591 3164 1815 3230 dolens,
1852 3181 2040 3220 recor-

392 3249 568 3305 datus
606 3250 1039 3321 expeditionum
1103 3255 1159 3306 et
1210 3250 1444 3307 virtutis
1503 3251 1681 3321 illius,
1714 3254 1919 3308 eodem
1981 3254 2039 3309 in

391 3340 518 3397 loco
551 3342 752 3397 urbem
784 3340 1047 3396 construi
1068 3342 1256 3413 jussit
1283 3344 1353 3397 ad
1382 3343 1753 3399 indelebilem
1787 3345 1891 3399 viri
1914 3361 2039 3401 me-

392 3431 783 3486 moriam.Hac
805 3430 986 3501 igitur
1015 3431 1084 3485 de
1116 3448 1294 3487 causa
1327 3433 1645 3503 prudentes
1680 3434 1784 3488 viri
1817 3435 2038 3490 factum

388 3519 547 3574 haud
571 3520 790 3575 bonum
814 3519 1129 3591 augurium
1152 3521 1488 3576 censebant.
1526 3525 1789 3577 Attamen
1823 3528 2036 3596 Bryen-

390 3608 524 3662 nius
549 3607 828 3679 ignorans
850 3608 1147 3662 decretum
1171 3608 1387 3678 (caecus
1418 3614 1507 3664 est
1529 3612 1684 3664 enim
1704 3612 2036 3666 futurorum

387 3698 647 3765 eventus)
683 3712 772 3750 res
797 3712 1073 3767 agressus
1102 3701 1209 3750 est.
1236 3696 1537 3754 Raedestus
1569 3716 1804 3770 quoque
1835 3702 2035 3756 eadem

386 3785 677 3857 cogitavit,
709 3785 1037 3855 opitulante
1070 3785 1185 3839 sibi
1217 3791 1468 3857 cognata
1500 3789 1643 3842 urbe
1676 3793 2034 3845 Batatzaeue:

388 3900 525 3938 nam
577 3882 891 3937 Raedestini
940 3883 1221 3938 adversus
1271 3884 1517 3938 Panium
1566 3886 1804 3955 profecti
1837 3903 2034 3958 coege-

390 3977 527 4025 runt
558 3971 752 4043 ipsum
785 3988 1019 4042 quoque
1043 3972 1394 4042 Bryennium
1410 3972 1720 4028 celebrare.
1741 3976 1885 4030 Cum
1902 3991 2035 4031 vero

388 4077 562 4115 suum
604 4062 841 4115 fratrem
881 4077 946 4114 eo
973 4060 1187 4115 honore
1220 4061 1511 4117 affecisset
1562 4070 1622 4117 ut
1668 4069 1822 4118 esset
1865 4081 2035 4119 curo-

391 4149 635 4220 palates,
694 4153 750 4203 et
803 4148 948 4203 alios
1008 4166 1212 4203 omnes
1273 4149 1477 4205 habita
1530 4150 1755 4206 ratione
1788 4153 2036 4223 propria:

388 4238 652 4309 ipsorum
683 4238 1007 4309 dignitatis,
1031 4238 1387 4293 existimavit
1410 4255 1472 4294 se
1498 4240 1927 4297 formidabilem
1961 4243 2035 4297 ad

389 4328 597 4382 urbem
630 4326 849 4397 regiam
896 4331 1133 4398 propter
1163 4327 1415 4383 missum
1461 4329 1696 4384 fratrem
1749 4331 2033 4385 adventu-

388 4434 544 4473 rum.
588 4416 687 4471 Cui
742 4432 877 4470 cum
929 4416 1270 4472 tradidisset
1301 4416 1458 4471 haud
1494 4417 1846 4473 mediocrem
1879 4437 2034 4475 exer-

386 4507 591 4577 citum,
614 4505 885 4576 sperabat
917 4504 1038 4559 fore
1070 4510 1134 4559 ut
1166 4506 1400 4577 quando
1429 4506 1581 4561 cives
1618 4506 2028 4577 imperatorem

2141 1903 2293 1981 εδρος
2340 1910 2742 1966 Κωνσταντῖνος
2797 1905 2823 1957 ὁ
2858 1902 3267 1976 Θεοδωροκάνος
3307 1910 3414 1959 τῶν
3458 1911 3555 1961 τοῦ
3604 1914 3806 1983 Βρυεν-

2142 1996 2260 2050 νίου
2295 1991 2569 2048 ἁλίσκεται
2602 1994 2691 2048 καὶ
2736 1993 2872 2068 πρὸς
2931 1991 3089 2048 αὐτὸν
3150 1993 3513 2068 αἰχμάλωτος
3568 1996 3807 2071 γίνεται,

2146 2085 2277 2157 ἀνὴρ
2312 2080 2526 2152 ἔνδοξος
2557 2083 2643 2136 καὶ
2677 2082 2867 2156 γένους
2900 2081 3266 2153 ἐπισημότητι
3328 2085 3415 2138 καὶ
3481 2085 3602 2160 βίου
3657 2083 3808 2160 λαμ-

2145 2172 2378 2249 πρότητι
2464 2172 2771 2248 καταφανὴς
2860 2170 3283 2245 γινωσκόμενος,
3352 2174 3657 2248 Παρωράθη
3750 2173 3810 2230 δὲ

2148 2263 2222 2325 ὡς
2278 2262 2351 2323 εἷς
2410 2265 2516 2314 τῶν
2552 2258 2758 2332 ἀτίμων
2818 2259 2907 2314 καὶ
2968 2261 3214 2334 ἀγεννῶν.
3251 2260 3325 2314 Οὐ
3386 2263 3494 2335 μὴν
3526 2259 3581 2317 δί
3612 2285 3806 2338 σωμα-

2152 2351 2305 2419 τικὴν
2347 2348 2614 2424 τιμωρίαν
2667 2349 2890 2418 ὑπέστη,
2922 2349 3101 2403 καίτοι
3148 2370 3209 2423 γε
3258 2347 3502 2423 ἐπίδοξος
3551 2353 3616 2421 ἦν
3673 2354 3813 2408 ταῦ-

2150 2461 2248 2508 την
2298 2443 2485 2502 παθεῖν
2548 2434 2636 2491 διὰ
2691 2438 3156 2511 προηγησαμὲνας
3214 2432 3415 2513 ἔχθρας
3471 2442 3559 2494 καὶ
3620 2444 3813 2519 μάχας

2152 2528 2468 2603 κεφαλικάς.
2500 2524 2858 2603 Φυγαδευθεὶς
2921 2524 2975 2581 δὲ
3027 2526 3163 2602 πρός
3220 2548 3339 2581 τινα
3386 2533 3493 2583 τῶν
3556 2528 3813 2586 Μακεδο-

2151 2622 2311 2671 νικῶν
2340 2614 2556 2671 πόλεων
2596 2616 2707 2688 μετ’
2742 2614 2803 2669 οὐ
2836 2613 2978 2669 πολὺ
3026 2616 3105 2688 τῷ
3161 2617 3339 2691 χρεὼν
3399 2616 3812 2694 ἐλειτούργησε.

2152 2714 2221 2769 Τὸ
2254 2711 2311 2768 δὲ
2338 2714 2404 2767 τά
2439 2711 2695 2787 βασιλικὰ
2744 2713 3047 2785 παράσημα
3104 2711 3156 2767 ἐν
3217 2715 3649 2788 Τραϊανουπόλει
3709 2737 3808 2771 πει

2154 2800 2469 2879 ριϐαλέσθαι
2529 2804 2620 2857 τὸν
2696 2800 2979 2876 Βρυέννιον
3053 2802 3143 2857 καὶ
3220 2803 3317 2870 τήν
3383 2803 3655 2881 εὐφημίαν
3714 2806 3811 2861 καὶ

2149 2894 2247 2961 την
2273 2892 2567 2968 ἀνάρρησιν
2608 2888 2853 2963 δέξασθαι
2914 2890 3013 2945 οὐκ
3068 2890 3261 2967 ἀγαθὸν
3322 2892 3517 2947 οἰωνὸν
3574 2894 3625 2947 οἱ
3678 2916 3808 2949 συν-

2153 2984 2406 3057 ετώτεροι
2454 2984 2543 3036 καὶ
2590 2980 2877 3057 ἐχέφρονες
2928 2978 3266 3055 ἐλογίζοντο.
3299 2983 3383 3053 [Ρ.
3415 2983 3541 3058 859]
3572 2984 3636 3039 Ἡ
3690 2985 3799 3059 γαρ

2153 3071 2585 3146 Τραϊανούπολις
2619 3071 2751 3140 αὕτη
2786 3069 2882 3125 οὐκ
2916 3068 3003 3124 ἐπὶ
3058 3074 3138 3141 τῷ
3195 3070 3423 3142 ὀνόματι
3480 3076 3577 3126 τοῦ
3641 3074 3806 3147 βασι-

2153 3160 2293 3223 λέως
2324 3166 2419 3214 τοῦ
2448 3166 2616 3233 Τραῖα
2650 3163 2734 3213 ιοῦ
2765 3156 3142 3231 ᾠκοδόμηται,
3168 3156 3249 3212 ἐπ’
3295 3158 3524 3231 ὀνόματι
3584 3158 3641 3215 δὲ
3691 3166 3806 3217 τῶν

2070 3226 2113 3292 C
2155 3252 2483 3325 μεγιστάνων
2566 3249 2715 3309 τινὸς
2790 3251 3064 3322 Τραϊανοῦ
3146 3246 3510 3321 καλουμένου,
3560 3249 3809 3325 γενναίου

2149 3341 2210 3394 τὸ
2240 3344 2535 3408 τηνικαῦτα
2588 3337 2725 3392 κατά
2764 3358 2821 3391 τε
2850 3340 3010 3412 χεῖρα
3059 3336 3147 3390 καὶ
3207 3338 3341 3391 κατά
3400 3339 3608 3411 ψυχὴν,
3665 3339 3724 3393 ὃν
3783 3341 3809 3394 ὁ

2149 3431 2354 3503 Καῖσαρ
2408 3427 2669 3503 Τραϊανὸς
2728 3423 2818 3480 διά
2884 3447 2935 3479 τι
2995 3430 3239 3499 πταῖσμα
3323 3431 3429 3481 τῶν
3500 3427 3808 3505 ὀφθαλμῶν

2150 3517 2452 3592 ἐστέρησεν.
2515 3516 2638 3573 Ἐπὶ
2699 3516 2905 3590 Πὲρσας
2956 3511 3013 3569 δὲ
3071 3512 3223 3568 διιὼν
3302 3514 3527 3578 ἐνταῦθα
3606 3519 3805 3573 τοῦτον

2148 3606 2399 3670 ἐθεάσατο
2452 3606 2705 3680 πρώτως.
2741 3600 3077 3677 Περιώδυνος
3124 3600 3181 3657 δὲ
3217 3606 3285 3677 τῇ
3337 3604 3431 3675 θέᾳ
3484 3603 3805 3681 γενόμενος,

2145 3701 2252 3751 τῶν
2304 3693 2767 3771 στρατηγημάτων
2824 3692 2915 3747 καὶ
2970 3699 3071 3761 τῆς
3127 3689 3344 3768 ἀνδρίας
3411 3694 3801 3767 ἀναμνησθεὶς,

2148 3794 2198 3850 ἐν
2228 3795 2371 3867 αὐτῴ
2400 3800 2479 3867 τῷ
2505 3794 2657 3865 τόπῳ
2687 3791 2847 3848 πόλιν
2882 3790 3129 3847 ἐκέλευσε
3156 3792 3377 3847 πολίσαι
3435 3792 3511 3854 εἷς
3569 3796 3801 3866 μνήμην

2146 3884 2382 3956 ἀληστον
2442 3889 2537 3939 τοῦ
2596 3880 2811 3957 ἀνδρός,
2873 3881 2970 3935 Διὰ
3034 3884 3198 3935 ταῦτα
3253 3878 3384 3955 γοῦν
3443 3881 3542 3937 οὐκ
3597 3882 3801 3957 ἀγαθὸν

2147 3974 2339 4029 οἰωνὸν
2374 3974 2424 4028 οἱ
2456 3972 2745 4050 ἐχέφρονες
2773 3970 2835 4024 τὸ
2865 3970 3086 4046 γεγονὸς
3148 3966 3487 4043 ἐλογίζοντο.
3522 3971 3715 4044 ’Όμως
3757 3970 3803 4027 δ’

2146 4064 2236 4120 οὖν
2269 4065 2330 4118 τὸ
2362 4063 2709 4135 ἀποτέλεσμα
2739 4062 2765 4115 ὁ
2807 4058 3089 4133 Βρυὲννιος
3148 4059 3354 4133 ἀγνοῶν
3412 4059 3634 4138 (τυφλὸν
3694 4063 3802 4137 γὰρ

2144 4157 2205 4210 τὸ
2242 4152 2468 4227 μέλλον)
2515 4157 2621 4207 τῶν
2676 4150 3012 4225 πραγμάτων
3071 4146 3367 4223 ἀντείχετο.
3421 4149 3681 4225 Ἐφόνησε
3748 4148 3802 4204 δὲ

2142 4244 2209 4298 τά
2261 4243 2395 4297 αὐτᾶ
2440 4238 2737 4302 Ῥαιδεστὸς
2788 4235 3037 4311 συνεργίᾳ
3092 4243 3190 4305 τῆς
3258 4242 3547 4311 συγγενοῦς
3626 4239 3799 4293 αὐτοῦ

2141 4340 2240 4402 τῆς
2273 4329 2656 4399 Βατατζαίνης·
2708 4328 2760 4381 οἱ
2810 4326 2911 4400 γάρ
2943 4321 3308 4395 Ῥαιδεστηνοὶ
3358 4325 3447 4380 καὶ
3505 4326 3641 4380 κατά
3696 4332 3796 4381 τοῦ

2142 4422 2343 4477 Πανίου
2421 4414 2798 4492 ἐξωρμηκότες
2878 4408 3157 4469 ἐϐιάσαντο
3235 4414 3366 4469 αὐτὸ
3439 4414 3789 4492 ἀναγορεῦσαι

2139 4514 2228 4568 τὸν
2264 4512 2564 4585 Βρυὲννιον.
2599 4508 2847 4579 Τιμήσας
2888 4503 2945 4558 δὲ
2987 4505 3078 4558 τὸν
3131 4504 3320 4558 ἑαυτοῦ
3367 4501 3600 4581 ἀδελφὸν
3659 4526 3791 4560 κου-

384 4600 440 4650 et
472 4596 822 4667 logotbetam
858 4593 937 4647 ita
959 4594 1203 4648 oderant
1229 4600 1291 4649 ut
1315 4596 1594 4649 adversus
1615 4596 1773 4667 ipsos
1796 4601 2031 4654 strenue

2142 4598 2455 4679 ροπαλάτην
2490 4598 2579 4651 καὶ
2625 4594 2755 4656 τοὺς
2803 4591 3009 4654 ἄλλους
3069 4593 3305 4654 ἅπαντας
3356 4592 3640 4667 ἀναλόγως
3699 4594 3789 4649 καὶ

384 4701 446 4740 se
475 4687 762 4757 gererent,
789 4682 899 4738 sibi
952 4680 1066 4753 ipsi
1116 4684 1535 4749 consentirent,
1569 4690 1623 4739 et
1646 4688 1800 4740 intra
1825 4686 2028 4741 urbem

384 4790 445 4830 se
477 4790 611 4829 cum
644 4772 841 4844 aliqua
889 4771 1226 4827 conditione
1275 4773 1620 4844 reciperent,
1667 4779 1723 4829 et
1773 4775 1855 4831 ita
1902 4776 2028 4831 sine

384 4867 541 4918 metu
593 4862 663 4917 ad
722 4862 885 4933 ipsos
935 4878 1068 4915 cum
1130 4866 1415 4932 apparatu
1466 4862 1622 4934 regio
1670 4865 2025 4921 adventaret.

378 4963 597 5017 Verum
631 4960 884 5016 multum
912 4978 945 5015 a
963 4961 1260 5031 proposito
1284 4960 1529 5016 consilio
1550 4963 1870 5018 aberravit:
1891 4980 2025 5018 nam

383 5051 617 5106 tametsi
660 5048 993 5105 Heracleam
1033 5050 1395 5119 incenderat,
1420 5054 1475 5105 et
1505 5050 1702 5121 plures
1725 5068 1792 5105 ex
1823 5052 1895 5107 iis
1925 5053 2025 5123 qui

383 5140 465 5196 ibi
501 5143 668 5194 erant
698 5138 1070 5193 interfecerat
1115 5137 1289 5207 (quod
1333 5138 1502 5208 paulo
1542 5144 1678 5194 ante
1709 5146 2029 5197 secesserat

383 5244 597 5301 presses
630 5226 860 5281 Alexius
892 5228 1249 5298 Comnenus,
1282 5227 1383 5298 qui
1417 5228 1475 5282 in
1509 5228 1834 5301 Selymbria
1862 5248 2024 5285 com-

382 5316 767 5388 morabatur),
797 5321 1201 5373 verumtamen
1262 5323 1481 5389 regiam
1534 5320 1735 5373 urbem
1773 5319 2026 5376 incolen-

377 5415 465 5465 tes
516 5421 889 5477 nequaquam
939 5405 1212 5477 Bryennii
1255 5408 1504 5462 adventu
1549 5408 1808 5463 deterriti
1835 5415 2019 5466 sunt:

372 5507 719 5564 accedentes
778 5502 933 5557 enim
994 5503 1063 5557 ad
1107 5520 1343 5559 murum
1377 5504 1829 5562 Blachernarum
1865 5509 2024 5565 730

369 5595 516 5652 levia
542 5593 742 5667 przelia
789 5591 1057 5662 quendam
1091 5592 1298 5660 fecere,
1352 5599 1410 5650 et
1458 5595 1676 5667 repulsi
1736 5598 2022 5654 transiere

370 5684 559 5745 sancti
606 5680 1074 5741 Panteleemonis
1131 5689 1390 5755 pontem,
1446 5687 1505 5740 et
1550 5700 1677 5758 quas
1727 5684 1811 5741 ibi
1851 5692 2020 5747 erant

2140 4676 2302 4761 ἀξίως
2350 4695 2448 4758 τῆς
2509 4684 2709 4746 οἷκείας
2765 4684 3161 4748 καταστάσεως,
3206 4676 3436 4759 φοϐερὸν
3492 4683 3629 4758 πρὸς
3689 4684 3786 4751 την

2143 4776 2396 4856 βασιλίδα
2448 4774 2516 4831 δι’
2549 4772 2857 4829 ἀποστόλου
2903 4775 2999 4826 τοῦ
3060 4767 3199 4824 ἰδίου
3253 4767 3494 4845 ἀδελφοῦ
3555 4777 3787 4847 φανῆναι

2140 4869 2377 4942 ἐνόμισε.
2413 4862 2691 4940 Παραδοὺς
2721 4862 2821 4939 γὰρ
2867 4860 3011 4932 αὐτῷ
3068 4859 3291 4935 στρατὸν
3345 4859 3444 4914 οὐκ
3489 4858 3677 4934 ὀλίγον
3738 4860 3789 4913 ἐν

2138 4958 2349 5014 ἐλπίσιν
2383 4958 2451 5026 ἦν
2482 4956 2578 5022 ὡς,
2612 4952 2826 5023 ἐπείπερ
2860 4951 2911 5004 οἱ
2964 4948 3187 5004 πολῖται
3237 4949 3328 5002 τὸν
3390 4948 3686 5025 λογοθὲτην
3720 4946 3788 5003 δι’

2138 5049 2303 5125 ὀργῆς
2358 5046 2445 5101 καὶ
2510 5043 2698 5116 μίσους
2758 5039 2857 5094 οὐκ
2896 5039 3132 5113 ἀγεννῶς
3187 5034 3403 5112 ἔχουσι,
3444 5035 3787 5110 προσεξίουσί

2135 5159 2193 5192 τε
2217 5138 2363 5207 αὐτῷ
2406 5136 2493 5189 καὶ
2546 5130 2929 5208 προσδεξονται
2977 5126 3069 5182 σὺν
3123 5125 3444 5201 ὁμολογίαις
3496 5125 3668 5195 ἐντὸς,
3699 5125 3785 5180 καὶ

2137 5227 2310 5289 οὕτως
2370 5222 2539 5285 ἀδεῶς
2592 5221 2935 5298 ἐπιφοιτησει
3004 5217 3091 5271 καὶ
3172 5216 3336 5279 αὐτὸς
3392 5214 3442 5269 ἐν
3503 5213 3786 5287 ἑτοιμασίᾳ

2140 5318 2421 5393 βασιλικῇ.
2449 5311 2627 5369 Ἀλλὰ
2682 5308 2825 5364 πολὺ
2886 5305 3154 5382 διήμαρτε
3199 5309 3297 5393 τοῦ
3328 5305 3645 5393 σκοποῖ’)σΕἰ
3684 5306 3783 5380 γάρ

2134 5391 2223 5462 καὶ
2250 5408 2350 5475 τὴν
2391 5400 2711 5479 Ἡράκλειαν
2746 5396 2954 5473 ἐδῄωσε
2991 5397 3081 5451 καὶ
3136 5391 3387 5459 πολλοὺς
3445 5392 3628 5449 ἀνεῖλε
3679 5397 3785 5448 τῶν

2134 5506 2185 5561 ἐν
2246 5504 2405 5578 αὐτῇ,
2490 5500 2958 5575 ὑποχωρήσαντος
3032 5492 3431 5578 ἔναγχοςῗτοῦ
3516 5489 3780 5566 προέδρου

2132 5577 2377 5666 Ἀλεξίου
2433 5595 2529 5649 τοῦ
2589 5591 2897 5663 Κομνηνοῦ,
2930 5586 2988 5647 ὃς
3017 5582 3071 5641 ἐν
3116 5577 3406 5657 Σηλυϐρίᾳ
3432 5578 3778 5657 ἐφήδρευσεν,

2132 5684 2257 5743 ἀλλ’
2289 5685 2442 5759 ὅμως
2474 5682 2527 5737 οἱ
2553 5680 2653 5753 τὴν
2690 5672 2949 5759 βασιλίδα
3001 5672 3277 5738 οἰκοῦντες
3330 5670 3591 5747 οὐδαμῶς
3645 5670 3779 5751 πρὸς
