  <div class='ocr_page' id='page_1' title='image "/cluster/home/n/w/nwhite01/storage/ocr_20150623/122 pt.2/mdp.39015037401315/238.png"; bbox 0 0 4084 6140; ppageno 0'>
   <div class='ocr_carea' id='block_1_1' title="bbox 326 335 442 392">
    <p class='ocr_par' dir='ltr' id='par_1_1' title="bbox 326 335 442 392">
     <span class='ocr_line' id='line_1_1' title="bbox 326 335 442 392; baseline 0.009 -1"><span class='ocrx_word' id='word_1_1' title='bbox 326 335 442 392; x_wconf 75' lang='grc'>461</span> 
     </span>
    </p>
   </div>
   <div class='ocr_carea' id='block_1_2' title="bbox 1843 331 2234 391">
    <p class='ocr_par' dir='ltr' id='par_1_2' title="bbox 1843 331 2234 391">
     <span class='ocr_line' id='line_1_2' title="bbox 1843 331 2234 391; baseline 0.003 -3"><span class='ocrx_word' id='word_1_2' title='bbox 1843 331 2234 391; x_wconf 66' lang='lat' dir='ltr'>HISTORIA.</span> 
     </span>
    </p>
   </div>
   <div class='ocr_carea' id='block_1_3' title="bbox 3623 336 3744 397">
    <p class='ocr_par' dir='ltr' id='par_1_3' title="bbox 3623 336 3744 397">
     <span class='ocr_line' id='line_1_3' title="bbox 3623 336 3744 397; baseline 0.017 -3"><span class='ocrx_word' id='word_1_3' title='bbox 3623 336 3744 397; x_wconf 73' lang='grc'>462</span> 
     </span>
    </p>
   </div>
   <div class='ocr_carea' id='block_1_4' title="bbox 319 458 1974 539">
    <p class='ocr_par' dir='ltr' id='par_1_4' title="bbox 319 458 1974 539">
     <span class='ocr_line' id='line_1_4' title="bbox 319 458 1974 539; baseline -0.001 -22"><span class='ocrx_word' id='word_1_4' title='bbox 319 464 421 530; x_wconf 80' lang='grc' dir='ltr'>τὴν</span> <span class='ocrx_word' id='word_1_5' title='bbox 481 462 825 539; x_wconf 79' lang='grc' dir='ltr'>ἐπιφοίτησιν</span> <span class='ocrx_word' id='word_1_6' title='bbox 883 466 984 529; x_wconf 84' lang='grc' dir='ltr'>τῆς</span> <span class='ocrx_word' id='word_1_7' title='bbox 1041 462 1138 514; x_wconf 79' lang='grc' dir='ltr'>τοῦ</span> <span class='ocrx_word' id='word_1_8' title='bbox 1198 458 1484 533; x_wconf 88' lang='grc' dir='ltr'>Βρυεννίου</span> <span class='ocrx_word' id='word_1_9' title='bbox 1543 464 1792 531; x_wconf 80' lang='grc' dir='ltr'>στρατιᾶς</span> <span class='ocrx_word' id='word_1_10' title='bbox 1852 480 1974 515; x_wconf 86' lang='grc' dir='ltr'>κατ-</span> 
     </span>
    </p>
   </div>
   <div class='ocr_carea' id='block_1_5' title="bbox 2090 458 3742 539">
    <p class='ocr_par' dir='ltr' id='par_1_5' title="bbox 2093 463 3742 536">
     <span class='ocr_line' id='line_1_5' title="bbox 2093 463 3742 536; baseline 0.004 -18"><span class='ocrx_word' id='word_1_11' title='bbox 2093 464 2293 518; x_wconf 88' lang='lat' dir='ltr'>omnia</span> <span class='ocrx_word' id='word_1_12' title='bbox 2324 463 2441 536; x_wconf 83' lang='lat' dir='ltr'>igni</span> <span class='ocrx_word' id='word_1_13' title='bbox 2493 463 2884 519; x_wconf 88' lang='lat' dir='ltr'>combussere.</span> <span class='ocrx_word' id='word_1_14' title='bbox 2918 465 3179 536; x_wconf 88' lang='lat' dir='ltr'>Cumque</span> <span class='ocrx_word' id='word_1_15' title='bbox 3224 465 3369 522; x_wconf 86' lang='lat' dir='ltr'>nihil</span> <span class='ocrx_word' id='word_1_16' title='bbox 3421 475 3742 524; x_wconf 89' lang='lat' dir='ltr'>memoratu</span> 
     </span>
    </p>
   </div>
   <div class='ocr_carea' id='block_1_6' title="bbox 323 542 1979 627">
    <p class='ocr_par' dir='ltr' id='par_1_6' title="bbox 323 542 1979 627">
     <span class='ocr_line' id='line_1_6' title="bbox 323 542 1979 627; baseline -0.002 -20"><span class='ocrx_word' id='word_1_17' title='bbox 323 551 672 627; x_wconf 68' lang='grc' dir='ltr'>εττλοὶγησαν⁵</span> <span class='ocrx_word' id='word_1_18' title='bbox 727 549 1157 625; x_wconf 88' lang='grc' dir='ltr'>παραγενόμενοι</span> <span class='ocrx_word' id='word_1_19' title='bbox 1204 548 1305 624; x_wconf 74' lang='grc' dir='ltr'>γάρ</span> <span class='ocrx_word' id='word_1_20' title='bbox 1346 542 1783 623; x_wconf 74' lang='grc' dir='ltr'>ήκροόολίσαντο</span> <span class='ocrx_word' id='word_1_21' title='bbox 1841 548 1979 604; x_wconf 83' lang='grc' dir='ltr'>κατᾶ</span> 
     </span>
    </p>
   </div>
   <div class='ocr_carea' id='block_1_7' title="bbox 318 637 1977 716">
    <p class='ocr_par' dir='ltr' id='par_1_7' title="bbox 318 637 1977 716">
     <span class='ocr_line' id='line_1_7' title="bbox 318 637 1977 716; baseline 0 -20"><span class='ocrx_word' id='word_1_22' title='bbox 318 641 386 696; x_wconf 86' lang='grc' dir='ltr'>τὸ</span> <span class='ocrx_word' id='word_1_23' title='bbox 416 646 607 716; x_wconf 86' lang='grc' dir='ltr'>τεῖχος</span> <span class='ocrx_word' id='word_1_24' title='bbox 664 644 770 695; x_wconf 81' lang='grc' dir='ltr'>τῶν</span> <span class='ocrx_word' id='word_1_25' title='bbox 830 637 1177 715; x_wconf 83' lang='grc' dir='ltr'>βλαχερνῶν,</span> <span class='ocrx_word' id='word_1_26' title='bbox 1224 638 1313 691; x_wconf 83' lang='grc' dir='ltr'>καὶ</span> <span class='ocrx_word' id='word_1_27' title='bbox 1347 637 1805 714; x_wconf 72' lang='grc' dir='ltr'>ἀποκρουσθέντες</span> <span class='ocrx_word' id='word_1_28' title='bbox 1857 640 1977 696; x_wconf 80' lang='grc' dir='ltr'>ἐπε-</span> 
     </span>
    </p>
   </div>
   <div class='ocr_carea' id='block_1_8' title="bbox 323 725 1977 805">
    <p class='ocr_par' dir='ltr' id='par_1_8' title="bbox 323 725 1977 805">
     <span class='ocr_line' id='line_1_8' title="bbox 323 725 1977 805; baseline -0.001 -21"><span class='ocrx_word' id='word_1_29' title='bbox 323 728 641 804; x_wconf 81' lang='grc' dir='ltr'>ραιώθησαν</span> <span class='ocrx_word' id='word_1_30' title='bbox 692 729 792 797; x_wconf 74' lang='grc' dir='ltr'>τὴν</span> <span class='ocrx_word' id='word_1_31' title='bbox 844 731 941 783; x_wconf 79' lang='grc' dir='ltr'>τοῦ</span> <span class='ocrx_word' id='word_1_32' title='bbox 1000 727 1153 803; x_wconf 86' lang='grc' dir='ltr'>άγίου</span> <span class='ocrx_word' id='word_1_33' title='bbox 1200 725 1657 799; x_wconf 76' lang='grc' dir='ltr'>Παντελεήμονος</span> <span class='ocrx_word' id='word_1_34' title='bbox 1716 727 1977 805; x_wconf 77' lang='grc' dir='ltr'>γέφυραν,</span> 
     </span>
    </p>
   </div>
   <div class='ocr_carea' id='block_1_9' title="bbox 320 816 1976 891">
    <p class='ocr_par' dir='ltr' id='par_1_9' title="bbox 320 816 1976 891">
     <span class='ocr_line' id='line_1_9' title="bbox 320 816 1976 891; baseline 0.001 -19"><span class='ocrx_word' id='word_1_35' title='bbox 320 819 413 872; x_wconf 79' lang='grc' dir='ltr'>καὶ</span> <span class='ocrx_word' id='word_1_36' title='bbox 444 819 513 873; x_wconf 81' lang='grc' dir='ltr'>τὰ</span> <span class='ocrx_word' id='word_1_37' title='bbox 541 817 711 872; x_wconf 85' lang='grc' dir='ltr'>ἐκεῖσε</span> <span class='ocrx_word' id='word_1_38' title='bbox 758 818 929 871; x_wconf 86' lang='grc' dir='ltr'>πάντα</span> <span class='ocrx_word' id='word_1_39' title='bbox 978 817 1105 891; x_wconf 79' lang='grc' dir='ltr'>πυρὶ</span> <span class='ocrx_word' id='word_1_40' title='bbox 1156 818 1625 889; x_wconf 84' lang='grc' dir='ltr'>κατελυμήναντο,</span> <span class='ocrx_word' id='word_1_41' title='bbox 1674 818 1761 871; x_wconf 77' lang='grc' dir='ltr'>καὶ</span> <span class='ocrx_word' id='word_1_42' title='bbox 1824 816 1976 873; x_wconf 72' lang='grc' dir='ltr'>οὐδὲν</span> 
     </span>
    </p>
   </div>
   <div class='ocr_carea' id='block_1_10' title="bbox 324 906 1980 983">
    <p class='ocr_par' dir='ltr' id='par_1_10' title="bbox 324 906 1980 983">
     <span class='ocr_line' id='line_1_10' title="bbox 324 906 1980 983; baseline 0 -19"><span class='ocrx_word' id='word_1_43' title='bbox 324 907 472 979; x_wconf 72' lang='grc' dir='ltr'>ἄξιον</span> <span class='ocrx_word' id='word_1_44' title='bbox 523 907 696 983; x_wconf 83' lang='grc' dir='ltr'>λόγου</span> <span class='ocrx_word' id='word_1_45' title='bbox 754 907 1099 983; x_wconf 88' lang='grc' dir='ltr'>πεπραχότες</span> <span class='ocrx_word' id='word_1_46' title='bbox 1134 908 1466 982; x_wconf 70' lang='grc' dir='ltr'>ὑπέστρεψαν</span> <span class='ocrx_word' id='word_1_47' title='bbox 1520 906 1748 971; x_wconf 86' lang='grc' dir='ltr'>ἐκεῖθεν.</span> <span class='ocrx_word' id='word_1_48' title='bbox 1807 908 1980 974; x_wconf 83' lang='grc' dir='ltr'>Αὐτὸς</span> 
     </span>
    </p>
   </div>
   <div class='ocr_carea' id='block_1_11' title="bbox 331 992 1979 1071">
    <p class='ocr_par' dir='ltr' id='par_1_11' title="bbox 331 992 1979 1071">
     <span class='ocr_line' id='line_1_11' title="bbox 331 992 1979 1071; baseline 0.001 -19"><span class='ocrx_word' id='word_1_49' title='bbox 331 999 426 1071; x_wconf 76' lang='grc' dir='ltr'>μὲν</span> <span class='ocrx_word' id='word_1_50' title='bbox 462 995 553 1052; x_wconf 67' lang='grc' dir='ltr'>δῦο</span> <span class='ocrx_word' id='word_1_51' title='bbox 582 999 838 1071; x_wconf 86' lang='grc' dir='ltr'>τάγματα</span> <span class='ocrx_word' id='word_1_52' title='bbox 894 992 1078 1052; x_wconf 68' lang='grc' dir='ltr'>λαϐὼν</span> <span class='ocrx_word' id='word_1_53' title='bbox 1134 1001 1211 1068; x_wconf 82' lang='grc' dir='ltr'>τῷ</span> <span class='ocrx_word' id='word_1_54' title='bbox 1252 995 1453 1068; x_wconf 71' lang='grc' dir='ltr'>Ἀθῦρᾳ</span> <span class='ocrx_word' id='word_1_55' title='bbox 1483 995 1755 1067; x_wconf 78' lang='grc' dir='ltr'>ἐπιφοιτᾷ,</span> <span class='ocrx_word' id='word_1_56' title='bbox 1787 999 1885 1067; x_wconf 75' lang='grc' dir='ltr'>τὴν</span> <span class='ocrx_word' id='word_1_57' title='bbox 1921 996 1979 1054; x_wconf 75' lang='grc' dir='ltr'>δὲ</span> 
     </span>
    </p>
   </div>
   <div class='ocr_carea' id='block_1_12' title="bbox 328 1084 1974 1162">
    <p class='ocr_par' dir='ltr' id='par_1_12' title="bbox 328 1084 1974 1162">
     <span class='ocr_line' id='line_1_12' title="bbox 328 1084 1974 1162; baseline -0.001 -20"><span class='ocrx_word' id='word_1_58' title='bbox 328 1086 532 1157; x_wconf 71' lang='grc' dir='ltr'>λοιπὴν</span> <span class='ocrx_word' id='word_1_59' title='bbox 592 1088 843 1162; x_wconf 83' lang='grc' dir='ltr'>στρατιάν</span> <span class='ocrx_word' id='word_1_60' title='bbox 891 1086 967 1150; x_wconf 82' lang='grc' dir='ltr'>εἰς</span> <span class='ocrx_word' id='word_1_61' title='bbox 1016 1084 1458 1160; x_wconf 70' lang='grc' dir='ltr'>παραχειμασίαν</span> <span class='ocrx_word' id='word_1_62' title='bbox 1490 1084 1818 1141; x_wconf 70' lang='grc' dir='ltr'>ἀπέστειλεν.</span> <span class='ocrx_word' id='word_1_63' title='bbox 1889 1089 1974 1144; x_wconf 87' lang='grc' dir='ltr'>Ἐν</span> 
     </span>
    </p>
   </div>
   <div class='ocr_carea' id='block_1_13' title="bbox 318 1171 1975 1252">
    <p class='ocr_par' dir='ltr' id='par_1_13' title="bbox 318 1171 1975 1252">
     <span class='ocr_line' id='line_1_13' title="bbox 318 1171 1975 1252; baseline 0 -22"><span class='ocrx_word' id='word_1_64' title='bbox 318 1175 565 1247; x_wconf 73' lang='grc' dir='ltr'>τοσούτῳ</span> <span class='ocrx_word' id='word_1_65' title='bbox 624 1174 682 1230; x_wconf 76' lang='grc' dir='ltr'>δὲ</span> <span class='ocrx_word' id='word_1_66' title='bbox 736 1180 917 1230; x_wconf 82' lang='grc' dir='ltr'>κακῶν</span> <span class='ocrx_word' id='word_1_67' title='bbox 968 1174 1260 1252; x_wconf 86' lang='grc' dir='ltr'>γενόμενος</span> <span class='ocrx_word' id='word_1_68' title='bbox 1321 1176 1348 1229; x_wconf 85' lang='grc' dir='ltr'><strong>ὁ</strong></span> <span class='ocrx_word' id='word_1_69' title='bbox 1407 1171 1661 1250; x_wconf 83' lang='grc' dir='ltr'>βασιλεὺς</span> <span class='ocrx_word' id='word_1_70' title='bbox 1705 1174 1868 1247; x_wconf 81' lang='grc' dir='ltr'>μόλις</span> <span class='ocrx_word' id='word_1_71' title='bbox 1901 1176 1975 1238; x_wconf 79' lang='grc' dir='ltr'>εἰς</span> 
     </span>
    </p>
   </div>
   <div class='ocr_carea' id='block_1_14' title="bbox 321 1260 1976 1341">
    <p class='ocr_par' dir='ltr' id='par_1_14' title="bbox 321 1260 1976 1341">
     <span class='ocr_line' id='line_1_14' title="bbox 321 1260 1976 1341; baseline 0.002 -23"><span class='ocrx_word' id='word_1_72' title='bbox 321 1267 548 1337; x_wconf 91' lang='grc' dir='ltr'>μνήμην</span> <span class='ocrx_word' id='word_1_73' title='bbox 578 1265 679 1333; x_wconf 78' lang='grc' dir='ltr'>ἧκε</span> <span class='ocrx_word' id='word_1_74' title='bbox 721 1269 818 1319; x_wconf 77' lang='grc' dir='ltr'>τοῦ</span> <span class='ocrx_word' id='word_1_75' title='bbox 874 1263 1182 1319; x_wconf 83' lang='grc' dir='ltr'>Ῥουσελίου</span> <span class='ocrx_word' id='word_1_76' title='bbox 1229 1260 1448 1341; x_wconf 75' lang='grc' dir='ltr'>φυλακῇ</span> <span class='ocrx_word' id='word_1_77' title='bbox 1498 1263 1587 1317; x_wconf 79' lang='grc' dir='ltr'>καὶ</span> <span class='ocrx_word' id='word_1_78' title='bbox 1623 1261 1843 1337; x_wconf 79' lang='grc' dir='ltr'>δεσμοῖς</span> <span class='ocrx_word' id='word_1_79' title='bbox 1898 1262 1976 1321; x_wconf 80' lang='grc' dir='ltr'>ἔτι</span> 
     </span>
    </p>
   </div>
   <div class='ocr_carea' id='block_1_15' title="bbox 318 1350 1976 1429">
    <p class='ocr_par' dir='ltr' id='par_1_15' title="bbox 318 1350 1976 1429">
     <span class='ocr_line' id='line_1_15' title="bbox 318 1350 1976 1429; baseline 0.001 -22"><span class='ocrx_word' id='word_1_80' title='bbox 318 1353 687 1429; x_wconf 68' lang='grc' dir='ltr'>συνεχομένου</span> <span class='ocrx_word' id='word_1_81' title='bbox 736 1354 824 1409; x_wconf 86' lang='grc' dir='ltr'>καὶ</span> <span class='ocrx_word' id='word_1_82' title='bbox 857 1359 936 1427; x_wconf 82' lang='grc' dir='ltr'>τῷ</span> <span class='ocrx_word' id='word_1_83' title='bbox 968 1352 1295 1427; x_wconf 82' lang='grc' dir='ltr'>Βοτανειάτῃ</span> <span class='ocrx_word' id='word_1_84' title='bbox 1353 1350 1732 1425; x_wconf 73' lang='grc' dir='ltr'>αὐτομολῆσαι</span> <span class='ocrx_word' id='word_1_85' title='bbox 1765 1352 1976 1429; x_wconf 78' lang='grc' dir='ltr'>ἐπιχει-</span> 
     </span>
    </p>
   </div>
   <div class='ocr_carea' id='block_1_16' title="bbox 317 1440 1975 1519">
    <p class='ocr_par' dir='ltr' id='par_1_16' title="bbox 317 1440 1975 1519">
     <span class='ocr_line' id='line_1_16' title="bbox 317 1440 1975 1519; baseline 0 -22"><span class='ocrx_word' id='word_1_86' title='bbox 317 1444 626 1519; x_wconf 86' lang='grc' dir='ltr'>ρήσαντος.</span> <span class='ocrx_word' id='word_1_87' title='bbox 689 1442 995 1519; x_wconf 79' lang='grc' dir='ltr'>Ἐξαγαγὼν</span> <span class='ocrx_word' id='word_1_88' title='bbox 1057 1442 1149 1496; x_wconf 85' lang='grc' dir='ltr'>οὗν</span> <span class='ocrx_word' id='word_1_89' title='bbox 1206 1442 1369 1497; x_wconf 81' lang='grc' dir='ltr'>αὐτὸν</span> <span class='ocrx_word' id='word_1_90' title='bbox 1422 1451 1520 1513; x_wconf 78' lang='grc' dir='ltr'>τῆς</span> <span class='ocrx_word' id='word_1_91' title='bbox 1577 1440 1827 1517; x_wconf 79' lang='grc' dir='ltr'>φυλακῆς</span> <span class='ocrx_word' id='word_1_92' title='bbox 1885 1442 1975 1497; x_wconf 81' lang='grc' dir='ltr'>καὶ</span> 
     </span>
    </p>
   </div>
   <div class='ocr_carea' id='block_1_17' title="bbox 314 1529 1975 1605">
    <p class='ocr_par' dir='ltr' id='par_1_17' title="bbox 314 1529 1975 1605">
     <span class='ocr_line' id='line_1_17' title="bbox 314 1529 1975 1605; baseline -0.001 -19"><span class='ocrx_word' id='word_1_93' title='bbox 314 1532 498 1603; x_wconf 92' lang='grc' dir='ltr'>πάσης</span> <span class='ocrx_word' id='word_1_94' title='bbox 561 1532 792 1605; x_wconf 78' lang='grc' dir='ltr'>ἀξιώσας</span> <span class='ocrx_word' id='word_1_95' title='bbox 848 1535 1020 1605; x_wconf 79' lang='grc' dir='ltr'>τιμῆς</span> <span class='ocrx_word' id='word_1_96' title='bbox 1071 1531 1161 1585; x_wconf 84' lang='grc' dir='ltr'>καὶ</span> <span class='ocrx_word' id='word_1_97' title='bbox 1218 1531 1449 1594; x_wconf 74' lang='grc' dir='ltr'>ἀνέσεως</span> <span class='ocrx_word' id='word_1_98' title='bbox 1484 1577 1499 1605; x_wconf 90' lang='grc'>,</span> <span class='ocrx_word' id='word_1_99' title='bbox 1576 1531 1665 1587; x_wconf 87' lang='grc' dir='ltr'>καὶ</span> <span class='ocrx_word' id='word_1_100' title='bbox 1736 1529 1975 1593; x_wconf 80' lang='grc' dir='ltr'>πολλοῖς</span> 
     </span>
    </p>
   </div>
   <div class='ocr_carea' id='block_1_18' title="bbox 315 1618 1976 1697">
    <p class='ocr_par' dir='ltr' id='par_1_18' title="bbox 315 1618 1976 1697">
     <span class='ocr_line' id='line_1_18' title="bbox 315 1618 1976 1697; baseline 0 -22"><span class='ocrx_word' id='word_1_101' title='bbox 315 1619 629 1697; x_wconf 74' lang='grc' dir='ltr'>ἐπαγωγοῖς</span> <span class='ocrx_word' id='word_1_102' title='bbox 688 1621 779 1675; x_wconf 86' lang='grc' dir='ltr'>καὶ</span> <span class='ocrx_word' id='word_1_103' title='bbox 809 1618 1157 1695; x_wconf 87' lang='grc' dir='ltr'>θελκτηρίοις</span> <span class='ocrx_word' id='word_1_104' title='bbox 1220 1620 1571 1695; x_wconf 83' lang='grc' dir='ltr'>χρησάμενος</span> <span class='ocrx_word' id='word_1_105' title='bbox 1609 1619 1869 1696; x_wconf 76' lang='grc' dir='ltr'>ῥήμασιν,</span> <span class='ocrx_word' id='word_1_106' title='bbox 1902 1620 1976 1681; x_wconf 80' lang='grc' dir='ltr'>είς</span> 
     </span>
    </p>
   </div>
   <div class='ocr_carea' id='block_1_19' title="bbox 313 1709 1973 1786">
    <p class='ocr_par' dir='ltr' id='par_1_19' title="bbox 313 1709 1973 1786">
     <span class='ocr_line' id='line_1_19' title="bbox 313 1709 1973 1786; baseline -0.001 -22"><span class='ocrx_word' id='word_1_107' title='bbox 313 1711 415 1779; x_wconf 75' lang='grc' dir='ltr'>τὴν</span> <span class='ocrx_word' id='word_1_108' title='bbox 476 1711 612 1765; x_wconf 86' lang='grc' dir='ltr'>κατὰ</span> <span class='ocrx_word' id='word_1_109' title='bbox 663 1715 760 1765; x_wconf 76' lang='grc' dir='ltr'>τοῦ</span> <span class='ocrx_word' id='word_1_110' title='bbox 827 1710 1117 1784; x_wconf 88' lang='grc' dir='ltr'>Βρυεννίου</span> <span class='ocrx_word' id='word_1_111' title='bbox 1174 1709 1465 1783; x_wconf 77' lang='grc' dir='ltr'>παράταξιν</span> <span class='ocrx_word' id='word_1_112' title='bbox 1526 1709 1826 1786; x_wconf 79' lang='grc' dir='ltr'>ἐξηρέθισεν</span> <span class='ocrx_word' id='word_1_113' title='bbox 1884 1710 1973 1766; x_wconf 80' lang='grc' dir='ltr'>καὶ</span> 
     </span>
    </p>
   </div>
   <div class='ocr_carea' id='block_1_20' title="bbox 312 1796 1973 1875">
    <p class='ocr_par' dir='ltr' id='par_1_20' title="bbox 312 1796 1973 1875">
     <span class='ocr_line' id='line_1_20' title="bbox 312 1796 1973 1875; baseline -0.001 -22"><span class='ocrx_word' id='word_1_114' title='bbox 312 1798 424 1853; x_wconf 80' lang='grc' dir='ltr'>ἀπὸ</span> <span class='ocrx_word' id='word_1_115' title='bbox 473 1802 583 1852; x_wconf 84' lang='grc' dir='ltr'>τῶν</span> <span class='ocrx_word' id='word_1_116' title='bbox 656 1803 858 1873; x_wconf 84' lang='grc' dir='ltr'>τειχῶν</span> <span class='ocrx_word' id='word_1_117' title='bbox 912 1803 1028 1860; x_wconf 88' lang='grc' dir='ltr'>τοῖς</span> <span class='ocrx_word' id='word_1_118' title='bbox 1088 1796 1181 1852; x_wconf 74' lang='grc' dir='ltr'>σὺν</span> <span class='ocrx_word' id='word_1_119' title='bbox 1248 1802 1328 1870; x_wconf 79' lang='grc' dir='ltr'>τῷ</span> <span class='ocrx_word' id='word_1_120' title='bbox 1386 1796 1646 1875; x_wconf 86' lang='grc' dir='ltr'>Βρυεννίῳ</span> <span class='ocrx_word' id='word_1_121' title='bbox 1698 1798 1973 1875; x_wconf 86' lang='grc' dir='ltr'>Φράγγοις</span> 
     </span>
    </p>
   </div>
   <div class='ocr_carea' id='block_1_21' title="bbox 315 1883 1971 1964">
    <p class='ocr_par' dir='ltr' id='par_1_21' title="bbox 315 1883 1971 1964">
     <span class='ocr_line' id='line_1_21' title="bbox 315 1883 1971 1964; baseline 0 -22"><span class='ocrx_word' id='word_1_122' title='bbox 315 1886 677 1963; x_wconf 84' lang='grc' dir='ltr'>διαλεχθῆναι</span> <span class='ocrx_word' id='word_1_123' title='bbox 727 1888 1074 1962; x_wconf 67' lang='grc' dir='ltr'>παρέπεισεν.</span> <span class='ocrx_word' id='word_1_124' title='bbox 1110 1888 1201 1949; x_wconf 78' lang='grc' dir='ltr'>Ὠς</span> <span class='ocrx_word' id='word_1_125' title='bbox 1234 1884 1278 1941; x_wconf 81' lang='grc' dir='ltr'>δ’</span> <span class='ocrx_word' id='word_1_126' title='bbox 1315 1886 1414 1943; x_wconf 81' lang='grc' dir='ltr'>οὐκ</span> <span class='ocrx_word' id='word_1_127' title='bbox 1460 1883 1687 1958; x_wconf 79' lang='grc' dir='ltr'>ἔπεισεν,</span> <span class='ocrx_word' id='word_1_128' title='bbox 1721 1886 1971 1964; x_wconf 77' lang='grc' dir='ltr'>ἐπιστρα-</span> 
     </span>
    </p>
   </div>
   <div class='ocr_carea' id='block_1_22' title="bbox 308 1974 1971 2053">
    <p class='ocr_par' dir='ltr' id='par_1_22' title="bbox 308 1974 1971 2053">
     <span class='ocr_line' id='line_1_22' title="bbox 308 1974 1971 2053; baseline 0 -22"><span class='ocrx_word' id='word_1_129' title='bbox 308 1975 454 2031; x_wconf 70' lang='grc' dir='ltr'>τεῦει</span> <span class='ocrx_word' id='word_1_130' title='bbox 486 1981 564 2047; x_wconf 81' lang='grc' dir='ltr'>τῷ</span> <span class='ocrx_word' id='word_1_131' title='bbox 591 1974 812 2053; x_wconf 77' lang='grc' dir='ltr'>ἀδελφῷ</span> <span class='ocrx_word' id='word_1_132' title='bbox 842 1980 940 2031; x_wconf 82' lang='grc' dir='ltr'>τοῦ</span> <span class='ocrx_word' id='word_1_133' title='bbox 971 1976 1257 2051; x_wconf 83' lang='grc' dir='ltr'>Βρυεννίου</span> <span class='ocrx_word' id='word_1_134' title='bbox 1290 1974 1340 2030; x_wconf 85' lang='grc' dir='ltr'>ἐν</span> <span class='ocrx_word' id='word_1_135' title='bbox 1390 1975 1469 2048; x_wconf 88' lang='grc' dir='ltr'>τῷ</span> <span class='ocrx_word' id='word_1_136' title='bbox 1519 1976 1719 2051; x_wconf 81' lang='grc' dir='ltr'>Ἀθύρᾳ</span> <span class='ocrx_word' id='word_1_137' title='bbox 1763 1974 1971 2053; x_wconf 76' lang='grc' dir='ltr'>διατρί⁴</span> 
     </span>
    </p>
   </div>
   <div class='ocr_carea' id='block_1_23' title="bbox 312 2061 1971 2141">
    <p class='ocr_par' dir='ltr' id='par_1_23' title="bbox 312 2061 1971 2141">
     <span class='ocr_line' id='line_1_23' title="bbox 312 2061 1971 2141; baseline -0.001 -21"><span class='ocrx_word' id='word_1_138' title='bbox 312 2061 489 2135; x_wconf 75' lang='grc' dir='ltr'>ϐοντι,</span> <span class='ocrx_word' id='word_1_139' title='bbox 542 2067 624 2139; x_wconf 88' lang='grc' dir='ltr'>[Ρ.</span> <span class='ocrx_word' id='word_1_140' title='bbox 658 2066 786 2130; x_wconf 85' lang='grc'>860]</span> <span class='ocrx_word' id='word_1_141' title='bbox 817 2069 1248 2140; x_wconf 71' lang='grc' dir='ltr'>στρατηγοῦντος</span> <span class='ocrx_word' id='word_1_142' title='bbox 1278 2068 1376 2119; x_wconf 70' lang='grc' dir='ltr'>τοῦ</span> <span class='ocrx_word' id='word_1_143' title='bbox 1423 2062 1693 2141; x_wconf 67' lang='grc' dir='ltr'>προέδρου</span> <span class='ocrx_word' id='word_1_144' title='bbox 1727 2062 1971 2135; x_wconf 77' lang='grc' dir='ltr'>Ἀλεξίου</span> 
     </span>
    </p>
   </div>
   <div class='ocr_carea' id='block_1_24' title="bbox 306 2152 1969 2228">
    <p class='ocr_par' dir='ltr' id='par_1_24' title="bbox 306 2152 1969 2228">
     <span class='ocr_line' id='line_1_24' title="bbox 306 2152 1969 2228; baseline -0.002 -18"><span class='ocrx_word' id='word_1_145' title='bbox 306 2159 412 2211; x_wconf 80' lang='grc' dir='ltr'>τοῦ</span> <span class='ocrx_word' id='word_1_146' title='bbox 446 2159 741 2228; x_wconf 82' lang='grc' dir='ltr'>Κομνηνοῦ</span> <span class='ocrx_word' id='word_1_147' title='bbox 776 2156 911 2227; x_wconf 84' lang='grc' dir='ltr'>μετᾶ</span> <span class='ocrx_word' id='word_1_148' title='bbox 939 2158 1048 2208; x_wconf 82' lang='grc' dir='ltr'>τῶν</span> <span class='ocrx_word' id='word_1_149' title='bbox 1081 2152 1133 2208; x_wconf 87' lang='grc' dir='ltr'>ἐν</span> <span class='ocrx_word' id='word_1_150' title='bbox 1165 2158 1233 2228; x_wconf 78' lang='grc' dir='ltr'>τῇ</span> <span class='ocrx_word' id='word_1_151' title='bbox 1298 2152 1539 2228; x_wconf 83' lang='grc' dir='ltr'>βασιλίδι</span> <span class='ocrx_word' id='word_1_152' title='bbox 1600 2159 1969 2226; x_wconf 81' lang='grc' dir='ltr'>στρατιωτῶν,</span> 
     </span>
    </p>
   </div>
   <div class='ocr_carea' id='block_1_25' title="bbox 312 2240 1965 2321">
    <p class='ocr_par' dir='ltr' id='par_1_25' title="bbox 312 2240 1965 2321">
     <span class='ocr_line' id='line_1_25' title="bbox 312 2240 1965 2321; baseline -0.001 -21"><span class='ocrx_word' id='word_1_153' title='bbox 312 2244 501 2320; x_wconf 79' lang='grc' dir='ltr'>ὅρκοις</span> <span class='ocrx_word' id='word_1_154' title='bbox 532 2242 793 2321; x_wconf 71' lang='grc' dir='ltr'>ἀσφαλέσι</span> <span class='ocrx_word' id='word_1_155' title='bbox 851 2242 1114 2319; x_wconf 87' lang='grc' dir='ltr'>πρότερον</span> <span class='ocrx_word' id='word_1_156' title='bbox 1174 2243 1240 2299; x_wconf 75' lang='grc' dir='ltr'>τὰ</span> <span class='ocrx_word' id='word_1_157' title='bbox 1290 2243 1452 2298; x_wconf 77' lang='grc' dir='ltr'>πιστᾶ</span> <span class='ocrx_word' id='word_1_158' title='bbox 1509 2240 1783 2311; x_wconf 83' lang='grc' dir='ltr'>δεδωκὼς,</span> <span class='ocrx_word' id='word_1_159' title='bbox 1842 2266 1965 2299; x_wconf 89' lang='grc' dir='ltr'>συν-</span> 
     </span>
    </p>
   </div>
   <div class='ocr_carea' id='block_1_26' title="bbox 309 2330 1962 2403">
    <p class='ocr_par' dir='ltr' id='par_1_26' title="bbox 309 2330 1962 2403">
     <span class='ocr_line' id='line_1_26' title="bbox 309 2330 1962 2403; baseline -0.001 -15"><span class='ocrx_word' id='word_1_160' title='bbox 309 2331 732 2388; x_wconf 70' lang='grc' dir='ltr'>αποπαλέντων</span> <span class='ocrx_word' id='word_1_161' title='bbox 794 2330 884 2387; x_wconf 74' lang='grc' dir='ltr'>διὰ</span> <span class='ocrx_word' id='word_1_162' title='bbox 940 2330 1215 2403; x_wconf 81' lang='grc' dir='ltr'>θαλάσσης</span> <span class='ocrx_word' id='word_1_163' title='bbox 1279 2332 1367 2387; x_wconf 87' lang='grc' dir='ltr'>καὶ</span> <span class='ocrx_word' id='word_1_164' title='bbox 1421 2334 1693 2389; x_wconf 84' lang='grc' dir='ltr'>Ῥωσικῶν</span> <span class='ocrx_word' id='word_1_165' title='bbox 1754 2330 1962 2387; x_wconf 83' lang='grc' dir='ltr'>πλοίων</span> 
     </span>
    </p>
   </div>
   <div class='ocr_carea' id='block_1_27' title="bbox 309 2418 1965 2495">
    <p class='ocr_par' dir='ltr' id='par_1_27' title="bbox 309 2418 1965 2495">
     <span class='ocr_line' id='line_1_27' title="bbox 309 2418 1965 2495; baseline -0.001 -18"><span class='ocrx_word' id='word_1_166' title='bbox 309 2424 433 2478; x_wconf 77' lang='grc' dir='ltr'>κατ’</span> <span class='ocrx_word' id='word_1_167' title='bbox 494 2420 690 2489; x_wconf 78' lang='grc' dir='ltr'>αὐτῶν,</span> <span class='ocrx_word' id='word_1_168' title='bbox 748 2421 923 2475; x_wconf 76' lang='grc' dir='ltr'>αὐτῶν</span> <span class='ocrx_word' id='word_1_169' title='bbox 975 2418 1033 2475; x_wconf 76' lang='grc' dir='ltr'>δὲ</span> <span class='ocrx_word' id='word_1_170' title='bbox 1095 2426 1231 2495; x_wconf 80' lang='grc' dir='ltr'>πεζῇ</span> <span class='ocrx_word' id='word_1_171' title='bbox 1288 2421 1712 2491; x_wconf 81' lang='grc' dir='ltr'>κατεπειξάντων</span> <span class='ocrx_word' id='word_1_172' title='bbox 1746 2421 1820 2482; x_wconf 68' lang='grc' dir='ltr'>εἷς</span> <span class='ocrx_word' id='word_1_173' title='bbox 1874 2422 1965 2476; x_wconf 90' lang='grc' dir='ltr'>τὸν</span> 
     </span>
    </p>
   </div>
   <div class='ocr_carea' id='block_1_28' title="bbox 321 2504 1961 2588">
    <p class='ocr_par' dir='ltr' id='par_1_28' title="bbox 321 2504 1961 2588">
     <span class='ocr_line' id='line_1_28' title="bbox 321 2504 1961 2588; baseline 0.001 -22"><span class='ocrx_word' id='word_1_174' title='bbox 321 2510 588 2585; x_wconf 66' lang='grc' dir='ltr'>Ἀθύραν.</span> <span class='ocrx_word' id='word_1_175' title='bbox 685 2508 848 2565; x_wconf 84' lang='grc' dir='ltr'>Ἀλλ’</span> <span class='ocrx_word' id='word_1_176' title='bbox 936 2504 1164 2587; x_wconf 74' lang='grc' dir='ltr'>ἔφθασαν</span> <span class='ocrx_word' id='word_1_177' title='bbox 1252 2506 1577 2585; x_wconf 86' lang='grc' dir='ltr'>προγνόντες</span> <span class='ocrx_word' id='word_1_178' title='bbox 1664 2508 1961 2588; x_wconf 86' lang='grc' dir='ltr'>διαφυγεῖν.</span> 
     </span>
    </p>
   </div>
   <div class='ocr_carea' id='block_1_29' title="bbox 314 2596 1963 2672">
    <p class='ocr_par' dir='ltr' id='par_1_29' title="bbox 314 2596 1963 2672">
     <span class='ocr_line' id='line_1_29' title="bbox 314 2596 1963 2672; baseline 0 -19"><span class='ocrx_word' id='word_1_179' title='bbox 314 2598 637 2669; x_wconf 78' lang='grc' dir='ltr'>Ἐπιδιῶξαι</span> <span class='ocrx_word' id='word_1_180' title='bbox 698 2596 754 2654; x_wconf 74' lang='grc' dir='ltr'>δὲ</span> <span class='ocrx_word' id='word_1_181' title='bbox 807 2600 859 2651; x_wconf 72' lang='grc' dir='ltr'>οἱ</span> <span class='ocrx_word' id='word_1_182' title='bbox 903 2598 1026 2672; x_wconf 87' lang='grc' dir='ltr'>περὶ</span> <span class='ocrx_word' id='word_1_183' title='bbox 1082 2600 1173 2653; x_wconf 89' lang='grc' dir='ltr'>τὸν</span> <span class='ocrx_word' id='word_1_184' title='bbox 1234 2597 1546 2655; x_wconf 80' lang='grc' dir='ltr'>Ῥουσέλιον</span> <span class='ocrx_word' id='word_1_185' title='bbox 1604 2600 1692 2653; x_wconf 85' lang='grc' dir='ltr'>καὶ</span> <span class='ocrx_word' id='word_1_186' title='bbox 1730 2601 1820 2653; x_wconf 88' lang='grc' dir='ltr'>τὸν</span> <span class='ocrx_word' id='word_1_187' title='bbox 1858 2606 1963 2653; x_wconf 83' lang='lat' dir='ltr'>Ko-</span> 
     </span>
    </p>
   </div>
   <div class='ocr_carea' id='block_1_30' title="bbox 318 2686 1963 2765">
    <p class='ocr_par' dir='ltr' id='par_1_30' title="bbox 318 2686 1963 2765">
     <span class='ocr_line' id='line_1_30' title="bbox 318 2686 1963 2765; baseline 0 -22"><span class='ocrx_word' id='word_1_188' title='bbox 318 2689 527 2764; x_wconf 84' lang='grc' dir='ltr'>μνηνὸν</span> <span class='ocrx_word' id='word_1_189' title='bbox 565 2688 895 2763; x_wconf 86' lang='grc' dir='ltr'>βουλόμενοι</span> <span class='ocrx_word' id='word_1_190' title='bbox 928 2687 1017 2742; x_wconf 87' lang='grc' dir='ltr'>καὶ</span> <span class='ocrx_word' id='word_1_191' title='bbox 1046 2692 1151 2741; x_wconf 80' lang='grc' dir='ltr'>τῶν</span> <span class='ocrx_word' id='word_1_192' title='bbox 1178 2688 1427 2743; x_wconf 85' lang='grc' dir='ltr'>ἐναντίων</span> <span class='ocrx_word' id='word_1_193' title='bbox 1458 2686 1663 2765; x_wconf 80' lang='grc' dir='ltr'>σφῆλαι</span> <span class='ocrx_word' id='word_1_194' title='bbox 1695 2686 1963 2757; x_wconf 78' lang='grc' dir='ltr'>πολλοὺς,</span> 
     </span>
    </p>
   </div>
   <div class='ocr_carea' id='block_1_31' title="bbox 312 2774 1966 2853">
    <p class='ocr_par' dir='ltr' id='par_1_31' title="bbox 312 2774 1966 2853">
     <span class='ocr_line' id='line_1_31' title="bbox 312 2774 1966 2853; baseline -0.001 -20"><span class='ocrx_word' id='word_1_195' title='bbox 312 2780 421 2833; x_wconf 76' lang='grc' dir='ltr'>οὒκ</span> <span class='ocrx_word' id='word_1_196' title='bbox 468 2774 629 2853; x_wconf 81' lang='grc' dir='ltr'>ἔσχον</span> <span class='ocrx_word' id='word_1_197' title='bbox 680 2778 1041 2850; x_wconf 71' lang='grc' dir='ltr'>πειθομένους</span> <span class='ocrx_word' id='word_1_198' title='bbox 1068 2774 1195 2838; x_wconf 71' lang='grc' dir='ltr'>τοὺς</span> <span class='ocrx_word' id='word_1_199' title='bbox 1244 2778 1600 2852; x_wconf 84' lang='grc' dir='ltr'>στρατιώτας,</span> <span class='ocrx_word' id='word_1_200' title='bbox 1632 2774 1872 2839; x_wconf 80' lang='grc' dir='ltr'>δεδιότας</span> <span class='ocrx_word' id='word_1_201' title='bbox 1903 2778 1966 2832; x_wconf 87' lang='grc' dir='ltr'>τὸ</span> 
     </span>
    </p>
   </div>
   <div class='ocr_carea' id='block_1_32' title="bbox 311 2862 1964 2940">
    <p class='ocr_par' dir='ltr' id='par_1_32' title="bbox 311 2862 1964 2940">
     <span class='ocr_line' id='line_1_32' title="bbox 311 2862 1964 2940; baseline -0.002 -17"><span class='ocrx_word' id='word_1_202' title='bbox 311 2862 725 2940; x_wconf 73' lang='grc' dir='ltr'>ἐκϐησόμενον.</span> <span class='ocrx_word' id='word_1_203' title='bbox 783 2868 1014 2923; x_wconf 76' lang='grc' dir='ltr'>Ἔπεσον</span> <span class='ocrx_word' id='word_1_204' title='bbox 1078 2863 1136 2920; x_wconf 81' lang='grc' dir='ltr'>δὶ</span> <span class='ocrx_word' id='word_1_205' title='bbox 1190 2870 1297 2921; x_wconf 81' lang='grc' dir='ltr'>τῶν</span> <span class='ocrx_word' id='word_1_206' title='bbox 1357 2864 1682 2921; x_wconf 79' lang='grc' dir='ltr'>Μακεδόνων</span> <span class='ocrx_word' id='word_1_207' title='bbox 1735 2863 1964 2935; x_wconf 80' lang='grc' dir='ltr'>πολλοὶ,</span> 
     </span>
    </p>
   </div>
   <div class='ocr_carea' id='block_1_33' title="bbox 310 2953 1968 3033">
    <p class='ocr_par' dir='ltr' id='par_1_33' title="bbox 310 2953 1968 3033">
     <span class='ocr_line' id='line_1_33' title="bbox 310 2953 1968 3033; baseline -0.001 -23"><span class='ocrx_word' id='word_1_208' title='bbox 310 2957 404 3011; x_wconf 83' lang='grc' dir='ltr'>καὶ</span> <span class='ocrx_word' id='word_1_209' title='bbox 468 2960 663 3025; x_wconf 82' lang='grc' dir='ltr'>ζῶντες</span> <span class='ocrx_word' id='word_1_210' title='bbox 722 2953 819 3009; x_wconf 76' lang='grc' dir='ltr'>οὐκ</span> <span class='ocrx_word' id='word_1_211' title='bbox 881 2953 1064 3029; x_wconf 87' lang='grc' dir='ltr'>ὀλίγοι</span> <span class='ocrx_word' id='word_1_212' title='bbox 1120 2953 1511 3023; x_wconf 73' lang='grc' dir='ltr'>ἐάλωσαν,καὶ</span> <span class='ocrx_word' id='word_1_213' title='bbox 1572 2954 1968 3033; x_wconf 84' lang='grc' dir='ltr'>λαφυραγωγία</span> 
     </span>
    </p>
   </div>
   <div class='ocr_carea' id='block_1_34' title="bbox 316 3041 1965 3121">
    <p class='ocr_par' dir='ltr' id='par_1_34' title="bbox 316 3041 1965 3121">
     <span class='ocr_line' id='line_1_34' title="bbox 316 3041 1965 3121; baseline -0.001 -23"><span class='ocrx_word' id='word_1_214' title='bbox 316 3043 534 3121; x_wconf 79' lang='grc' dir='ltr'>ἐλήφθη</span> <span class='ocrx_word' id='word_1_215' title='bbox 594 3042 783 3113; x_wconf 84' lang='grc' dir='ltr'>πολλὴ</span> <span class='ocrx_word' id='word_1_216' title='bbox 848 3043 939 3097; x_wconf 89' lang='grc' dir='ltr'>καὶ</span> <span class='ocrx_word' id='word_1_217' title='bbox 996 3042 1063 3097; x_wconf 72' lang='grc' dir='ltr'>τὰ</span> <span class='ocrx_word' id='word_1_218' title='bbox 1116 3041 1346 3119; x_wconf 88' lang='grc' dir='ltr'>πράσινα</span> <span class='ocrx_word' id='word_1_219' title='bbox 1395 3048 1492 3098; x_wconf 78' lang='grc' dir='ltr'>τοῦ</span> <span class='ocrx_word' id='word_1_220' title='bbox 1548 3041 1965 3118; x_wconf 82' lang='grc' dir='ltr'>κουροπαλάτου</span> 
     </span>
    </p>
   </div>
   <div class='ocr_carea' id='block_1_35' title="bbox 315 3129 1963 3209">
    <p class='ocr_par' dir='ltr' id='par_1_35' title="bbox 315 3129 1963 3209">
     <span class='ocr_line' id='line_1_35' title="bbox 315 3129 1963 3209; baseline -0.001 -22"><span class='ocrx_word' id='word_1_221' title='bbox 315 3132 597 3208; x_wconf 85' lang='grc' dir='ltr'>ὀχήματα.</span> <span class='ocrx_word' id='word_1_222' title='bbox 632 3137 723 3195; x_wconf 78' lang='grc' dir='ltr'>’ος</span> <span class='ocrx_word' id='word_1_223' title='bbox 761 3134 848 3186; x_wconf 85' lang='grc' dir='ltr'>καὶ</span> <span class='ocrx_word' id='word_1_224' title='bbox 901 3130 1109 3209; x_wconf 74' lang='grc' dir='ltr'>φεύγων</span> <span class='ocrx_word' id='word_1_225' title='bbox 1164 3132 1460 3207; x_wconf 84' lang='grc' dir='ltr'>ἀφικνεῖται</span> <span class='ocrx_word' id='word_1_226' title='bbox 1520 3132 1595 3193; x_wconf 79' lang='grc' dir='ltr'>εἷς</span> <span class='ocrx_word' id='word_1_227' title='bbox 1640 3129 1963 3187; x_wconf 81' lang='grc' dir='ltr'>Ῥαιδεστόν.</span> 
     </span>
    </p>
   </div>
   <div class='ocr_carea' id='block_1_36' title="bbox 2089 551 3742 627">
    <p class='ocr_par' dir='ltr' id='par_1_36' title="bbox 2089 551 3742 627">
     <span class='ocr_line' id='line_1_36' title="bbox 2089 551 3742 627; baseline 0.004 -21"><span class='ocrx_word' id='word_1_228' title='bbox 2089 551 2328 621; x_wconf 85' lang='lat' dir='ltr'>dignum</span> <span class='ocrx_word' id='word_1_229' title='bbox 2376 551 2719 623; x_wconf 83' lang='lat' dir='ltr'>gessissent,</span> <span class='ocrx_word' id='word_1_230' title='bbox 2761 552 2896 606; x_wconf 91' lang='lat' dir='ltr'>inde</span> <span class='ocrx_word' id='word_1_231' title='bbox 2949 553 3163 609; x_wconf 80' lang='lat' dir='ltr'>reversi</span> <span class='ocrx_word' id='word_1_232' title='bbox 3214 560 3354 609; x_wconf 90' lang='lat' dir='ltr'>sunt</span> <span class='ocrx_word' id='word_1_233' title='bbox 3429 555 3557 627; x_wconf 89' lang='lat' dir='ltr'>Ipse</span> <span class='ocrx_word' id='word_1_234' title='bbox 3607 574 3742 612; x_wconf 90' lang='lat' dir='ltr'>cum</span> 
     </span>
    </p>
   </div>
   <div class='ocr_carea' id='block_1_37' title="bbox 2088 640 3742 715">
    <p class='ocr_par' dir='ltr' id='par_1_37' title="bbox 2088 640 3742 715">
     <span class='ocr_line' id='line_1_37' title="bbox 2088 640 3742 715; baseline 0.003 -20"><span class='ocrx_word' id='word_1_235' title='bbox 2088 641 2317 698; x_wconf 88' lang='lat' dir='ltr'>duabus</span> <span class='ocrx_word' id='word_1_236' title='bbox 2348 640 2673 712; x_wconf 80' lang='lat' dir='ltr'>legionibus</span> <span class='ocrx_word' id='word_1_237' title='bbox 2706 642 2774 696; x_wconf 85' lang='lat' dir='ltr'>ad</span> <span class='ocrx_word' id='word_1_238' title='bbox 2800 641 3077 713; x_wconf 88' lang='lat' dir='ltr'>Athyram</span> <span class='ocrx_word' id='word_1_239' title='bbox 3106 659 3167 698; x_wconf 90' lang='lat' dir='ltr'>se</span> <span class='ocrx_word' id='word_1_240' title='bbox 3194 642 3742 715; x_wconf 89' lang='lat' dir='ltr'>confcrt,reliquum</span> 
     </span>
    </p>
   </div>
   <div class='ocr_carea' id='block_1_38' title="bbox 2087 730 3743 789">
    <p class='ocr_par' dir='ltr' id='par_1_38' title="bbox 2087 730 3743 789">
     <span class='ocr_line' id='line_1_38' title="bbox 2087 730 3743 789; baseline 0.001 -1"><span class='ocrx_word' id='word_1_241' title='bbox 2087 732 2406 788; x_wconf 83' lang='lat' dir='ltr'>exercitum</span> <span class='ocrx_word' id='word_1_242' title='bbox 2442 732 2499 783; x_wconf 89' lang='lat' dir='ltr'>in</span> <span class='ocrx_word' id='word_1_243' title='bbox 2552 730 2798 784; x_wconf 89' lang='lat' dir='ltr'>hiberna</span> <span class='ocrx_word' id='word_1_244' title='bbox 2848 730 3169 786; x_wconf 75' lang='lat' dir='ltr'>distribuit.</span> <span class='ocrx_word' id='word_1_245' title='bbox 3206 733 3267 786; x_wconf 93' lang='lat' dir='ltr'>In</span> <span class='ocrx_word' id='word_1_246' title='bbox 3318 732 3500 787; x_wconf 87' lang='lat' dir='ltr'>tantis</span> <span class='ocrx_word' id='word_1_247' title='bbox 3549 739 3743 789; x_wconf 89' lang='lat' dir='ltr'>autem</span> 
     </span>
    </p>
   </div>
   <div class='ocr_carea' id='block_1_39' title="bbox 2092 819 3741 890">
    <p class='ocr_par' dir='ltr' id='par_1_39' title="bbox 2092 819 3741 890">
     <span class='ocr_line' id='line_1_39' title="bbox 2092 819 3741 890; baseline 0 -14"><span class='ocrx_word' id='word_1_248' title='bbox 2092 821 2262 877; x_wconf 83' lang='lat' dir='ltr'>matis</span> <span class='ocrx_word' id='word_1_249' title='bbox 2287 836 2527 874; x_wconf 81' lang='lat' dir='ltr'>versans</span> <span class='ocrx_word' id='word_1_250' title='bbox 2552 820 2866 890; x_wconf 80' lang='lat' dir='ltr'>imperator</span> <span class='ocrx_word' id='word_1_251' title='bbox 2887 819 2976 873; x_wconf 86' lang='lat' dir='ltr'>vix</span> <span class='ocrx_word' id='word_1_252' title='bbox 3020 822 3363 876; x_wconf 81' lang='lat' dir='ltr'>recordatus</span> <span class='ocrx_word' id='word_1_253' title='bbox 3387 828 3477 876; x_wconf 88' lang='lat' dir='ltr'>est</span> <span class='ocrx_word' id='word_1_254' title='bbox 3499 822 3741 890; x_wconf 83' lang='lat' dir='ltr'>Ruselii,</span> 
     </span>
    </p>
   </div>
   <div class='ocr_carea' id='block_1_40' title="bbox 2088 909 3741 983">
    <p class='ocr_par' dir='ltr' id='par_1_40' title="bbox 2088 909 3741 983">
     <span class='ocr_line' id='line_1_40' title="bbox 2088 909 3741 983; baseline 0.001 -18"><span class='ocrx_word' id='word_1_255' title='bbox 2088 912 2189 983; x_wconf 88' lang='lat' dir='ltr'>qui</span> <span class='ocrx_word' id='word_1_256' title='bbox 2238 910 2429 965; x_wconf 86' lang='lat' dir='ltr'>adhuc</span> <span class='ocrx_word' id='word_1_257' title='bbox 2474 909 2529 963; x_wconf 86' lang='lat' dir='ltr'>in</span> <span class='ocrx_word' id='word_1_258' title='bbox 2581 926 2808 963; x_wconf 84' lang='lat' dir='ltr'>carcere</span> <span class='ocrx_word' id='word_1_259' title='bbox 2858 910 3085 964; x_wconf 82' lang='lat' dir='ltr'>vinctus</span> <span class='ocrx_word' id='word_1_260' title='bbox 3137 910 3514 966; x_wconf 87' lang='lat' dir='ltr'>detinebatur</span> <span class='ocrx_word' id='word_1_261' title='bbox 3562 918 3619 967; x_wconf 88' lang='lat' dir='ltr'>et</span> <span class='ocrx_word' id='word_1_262' title='bbox 3670 914 3741 967; x_wconf 88' lang='lat' dir='ltr'>ad</span> 
     </span>
    </p>
   </div>
   <div class='ocr_carea' id='block_1_41' title="bbox 2087 998 3744 1072">
    <p class='ocr_par' dir='ltr' id='par_1_41' title="bbox 2087 998 3744 1072">
     <span class='ocr_line' id='line_1_41' title="bbox 2087 998 3744 1072; baseline 0.001 -18"><span class='ocrx_word' id='word_1_263' title='bbox 2087 999 2450 1055; x_wconf 87' lang='lat' dir='ltr'>Botaniatem</span> <span class='ocrx_word' id='word_1_264' title='bbox 2484 998 2848 1069; x_wconf 81' lang='lat' dir='ltr'>transfugere</span> <span class='ocrx_word' id='word_1_265' title='bbox 2879 1005 3124 1053; x_wconf 86' lang='lat' dir='ltr'>conatus</span> <span class='ocrx_word' id='word_1_266' title='bbox 3157 1004 3300 1056; x_wconf 82' lang='lat' dir='ltr'>erat.</span> <span class='ocrx_word' id='word_1_267' title='bbox 3339 1000 3523 1072; x_wconf 87' lang='lat' dir='ltr'>Igitur</span> <span class='ocrx_word' id='word_1_268' title='bbox 3564 1002 3744 1056; x_wconf 89' lang='lat' dir='ltr'>educ-</span> 
     </span>
    </p>
   </div>
   <div class='ocr_carea' id='block_1_42' title="bbox 2088 1087 3739 1161">
    <p class='ocr_par' dir='ltr' id='par_1_42' title="bbox 2088 1087 3739 1161">
     <span class='ocr_line' id='line_1_42' title="bbox 2088 1087 3739 1161; baseline 0 -16"><span class='ocrx_word' id='word_1_269' title='bbox 2088 1101 2211 1150; x_wconf 81' lang='lat' dir='ltr'>tum</span> <span class='ocrx_word' id='word_1_270' title='bbox 2248 1090 2440 1161; x_wconf 88' lang='lat' dir='ltr'>ipsum</span> <span class='ocrx_word' id='word_1_271' title='bbox 2474 1105 2503 1142; x_wconf 89' lang='lat' dir='ltr'>e</span> <span class='ocrx_word' id='word_1_272' title='bbox 2536 1087 2805 1142; x_wconf 89' lang='lat' dir='ltr'>custodia</span> <span class='ocrx_word' id='word_1_273' title='bbox 2850 1092 3128 1159; x_wconf 90' lang='lat' dir='ltr'>omnique</span> <span class='ocrx_word' id='word_1_274' title='bbox 3177 1088 3396 1145; x_wconf 88' lang='lat' dir='ltr'>honore</span> <span class='ocrx_word' id='word_1_275' title='bbox 3444 1090 3739 1159; x_wconf 78' lang='lat' dir='ltr'>affectum,</span> 
     </span>
    </p>
   </div>
   <div class='ocr_carea' id='block_1_43' title="bbox 2088 1175 3743 1248">
    <p class='ocr_par' dir='ltr' id='par_1_43' title="bbox 2088 1175 3743 1248">
     <span class='ocr_line' id='line_1_43' title="bbox 2088 1175 3743 1248; baseline 0 -15"><span class='ocrx_word' id='word_1_276' title='bbox 2088 1180 2276 1233; x_wconf 89' lang='lat' dir='ltr'>multa</span> <span class='ocrx_word' id='word_1_277' title='bbox 2306 1176 2652 1232; x_wconf 75' lang='lat' dir='ltr'>remissione</span> <span class='ocrx_word' id='word_1_278' title='bbox 2686 1193 2750 1230; x_wconf 90' lang='lat' dir='ltr'>ac</span> <span class='ocrx_word' id='word_1_279' title='bbox 2783 1175 3015 1232; x_wconf 79' lang='lat' dir='ltr'>blandis</span> <span class='ocrx_word' id='word_1_280' title='bbox 3044 1193 3182 1248; x_wconf 88' lang='lat' dir='ltr'>erga</span> <span class='ocrx_word' id='word_1_281' title='bbox 3213 1178 3380 1232; x_wconf 91' lang='lat' dir='ltr'>illum</span> <span class='ocrx_word' id='word_1_282' title='bbox 3434 1197 3578 1235; x_wconf 92' lang='lat' dir='ltr'>usus</span> <span class='ocrx_word' id='word_1_283' title='bbox 3618 1197 3743 1235; x_wconf 89' lang='lat' dir='ltr'>ver-</span> 
     </span>
    </p>
   </div>
   <div class='ocr_carea' id='block_1_44' title="bbox 2087 1264 3745 1337">
    <p class='ocr_par' dir='ltr' id='par_1_44' title="bbox 2087 1264 3745 1337">
     <span class='ocr_line' id='line_1_44' title="bbox 2087 1264 3745 1337; baseline 0.001 -16"><span class='ocrx_word' id='word_1_284' title='bbox 2087 1268 2197 1337; x_wconf 88' lang='lat' dir='ltr'>bis,</span> <span class='ocrx_word' id='word_1_285' title='bbox 2249 1267 2321 1322; x_wconf 91' lang='lat' dir='ltr'>ad</span> <span class='ocrx_word' id='word_1_286' title='bbox 2375 1264 2637 1337; x_wconf 60' lang='lat' dir='ltr'>prwlium</span> <span class='ocrx_word' id='word_1_287' title='bbox 2689 1270 2892 1320; x_wconf 88' lang='lat' dir='ltr'>contra</span> <span class='ocrx_word' id='word_1_288' title='bbox 2948 1266 3301 1336; x_wconf 86' lang='lat' dir='ltr'>Bryennium</span> <span class='ocrx_word' id='word_1_289' title='bbox 3354 1268 3638 1337; x_wconf 84' lang='lat' dir='ltr'>incitavit,</span> <span class='ocrx_word' id='word_1_290' title='bbox 3687 1272 3745 1323; x_wconf 86' lang='lat' dir='ltr'>et</span> 
     </span>
    </p>
   </div>
   <div class='ocr_carea' id='block_1_45' title="bbox 2086 1358 3741 1432">
    <p class='ocr_par' dir='ltr' id='par_1_45' title="bbox 2086 1358 3741 1432">
     <span class='ocr_line' id='line_1_45' title="bbox 2086 1358 3741 1432; baseline 0.001 -17"><span class='ocrx_word' id='word_1_291' title='bbox 2086 1359 2380 1432; x_wconf 86' lang='lat' dir='ltr'>persuasit</span> <span class='ocrx_word' id='word_1_292' title='bbox 2431 1364 2493 1413; x_wconf 91' lang='lat' dir='ltr'>ut</span> <span class='ocrx_word' id='word_1_293' title='bbox 2542 1376 2576 1413; x_wconf 88' lang='lat' dir='ltr'>a</span> <span class='ocrx_word' id='word_1_294' title='bbox 2626 1359 2813 1412; x_wconf 90' lang='lat' dir='ltr'>muris</span> <span class='ocrx_word' id='word_1_295' title='bbox 2859 1374 2990 1412; x_wconf 86' lang='lat' dir='ltr'>cum</span> <span class='ocrx_word' id='word_1_296' title='bbox 3043 1358 3115 1413; x_wconf 92' lang='lat' dir='ltr'>iis</span> <span class='ocrx_word' id='word_1_297' title='bbox 3168 1359 3404 1414; x_wconf 85' lang='lat' dir='ltr'>Francis</span> <span class='ocrx_word' id='word_1_298' title='bbox 3457 1361 3561 1432; x_wconf 88' lang='lat' dir='ltr'>qui</span> <span class='ocrx_word' id='word_1_299' title='bbox 3606 1378 3741 1417; x_wconf 92' lang='lat' dir='ltr'>cum</span> 
     </span>
    </p>
   </div>
   <div class='ocr_carea' id='block_1_46' title="bbox 2085 1446 3739 1522">
    <p class='ocr_par' dir='ltr' id='par_1_46' title="bbox 2085 1446 3739 1522">
     <span class='ocr_line' id='line_1_46' title="bbox 2085 1446 3739 1522; baseline 0.001 -19"><span class='ocrx_word' id='word_1_300' title='bbox 2085 1449 2371 1522; x_wconf 78' lang='lat' dir='ltr'>Bryenuio</span> <span class='ocrx_word' id='word_1_301' title='bbox 2425 1452 2622 1504; x_wconf 84' lang='lat' dir='ltr'>essent</span> <span class='ocrx_word' id='word_1_302' title='bbox 2669 1446 3118 1519; x_wconf 82' lang='lat' dir='ltr'>colloqueretur.</span> <span class='ocrx_word' id='word_1_303' title='bbox 3153 1449 3263 1503; x_wconf 89' lang='lat' dir='ltr'>Sed</span> <span class='ocrx_word' id='word_1_304' title='bbox 3322 1448 3420 1504; x_wconf 88' lang='lat' dir='ltr'>ubi</span> <span class='ocrx_word' id='word_1_305' title='bbox 3452 1467 3565 1505; x_wconf 89' lang='lat' dir='ltr'>non</span> <span class='ocrx_word' id='word_1_306' title='bbox 3596 1452 3739 1522; x_wconf 47' lang='lat' dir='ltr'>:per-</span> 
     </span>
    </p>
   </div>
   <div class='ocr_carea' id='block_1_47' title="bbox 2086 1536 3737 1609">
    <p class='ocr_par' dir='ltr' id='par_1_47' title="bbox 2086 1536 3737 1609">
     <span class='ocr_line' id='line_1_47' title="bbox 2086 1536 3737 1609; baseline 0 -16"><span class='ocrx_word' id='word_1_307' title='bbox 2086 1537 2291 1603; x_wconf 88' lang='lat' dir='ltr'>suasit,</span> <span class='ocrx_word' id='word_1_308' title='bbox 2327 1538 2395 1591; x_wconf 90' lang='lat' dir='ltr'>ad</span> <span class='ocrx_word' id='word_1_309' title='bbox 2432 1536 2703 1608; x_wconf 75' lang='lat' dir='ltr'>Bryennii</span> <span class='ocrx_word' id='word_1_310' title='bbox 2734 1537 2975 1591; x_wconf 84' lang='lat' dir='ltr'>fratrem</span> <span class='ocrx_word' id='word_1_311' title='bbox 3010 1537 3067 1590; x_wconf 89' lang='lat' dir='ltr'>in</span> <span class='ocrx_word' id='word_1_312' title='bbox 3099 1538 3322 1609; x_wconf 81' lang='lat' dir='ltr'>Athyra</span> <span class='ocrx_word' id='word_1_313' title='bbox 3369 1556 3737 1595; x_wconf 89' lang='lat' dir='ltr'>commoran-</span> 
     </span>
    </p>
   </div>
   <div class='ocr_carea' id='block_1_48' title="bbox 2084 1626 3740 1697">
    <p class='ocr_par' dir='ltr' id='par_1_48' title="bbox 2084 1626 3740 1697">
     <span class='ocr_line' id='line_1_48' title="bbox 2084 1626 3740 1697; baseline 0.002 -15"><span class='ocrx_word' id='word_1_314' title='bbox 2084 1632 2203 1682; x_wconf 91' lang='lat' dir='ltr'>tem</span> <span class='ocrx_word' id='word_1_315' title='bbox 2265 1643 2398 1682; x_wconf 88' lang='lat' dir='ltr'>cum</span> <span class='ocrx_word' id='word_1_316' title='bbox 2455 1626 2709 1681; x_wconf 87' lang='lat' dir='ltr'>exercitu</span> <span class='ocrx_word' id='word_1_317' title='bbox 2770 1626 3184 1697; x_wconf 81' lang='lat' dir='ltr'>proﬁciscitur,</span> <span class='ocrx_word' id='word_1_318' title='bbox 3247 1628 3395 1683; x_wconf 90' lang='lat' dir='ltr'>duce</span> <span class='ocrx_word' id='word_1_319' title='bbox 3453 1628 3740 1685; x_wconf 84' lang='lat' dir='ltr'>exercitus</span> 
     </span>
    </p>
   </div>
   <div class='ocr_carea' id='block_1_49' title="bbox 2086 1713 3740 1788">
    <p class='ocr_par' dir='ltr' id='par_1_49' title="bbox 2086 1713 3740 1788">
     <span class='ocr_line' id='line_1_49' title="bbox 2086 1713 3740 1788; baseline 0.001 -18"><span class='ocrx_word' id='word_1_320' title='bbox 2086 1716 2331 1788; x_wconf 68' lang='lat' dir='ltr'>praeside</span> <span class='ocrx_word' id='word_1_321' title='bbox 2362 1714 2559 1769; x_wconf 81' lang='lat' dir='ltr'>Alexio</span> <span class='ocrx_word' id='word_1_322' title='bbox 2591 1713 2928 1780; x_wconf 86' lang='lat' dir='ltr'>Commeno,</span> <span class='ocrx_word' id='word_1_323' title='bbox 2965 1731 3098 1769; x_wconf 92' lang='lat' dir='ltr'>cum</span> <span class='ocrx_word' id='word_1_324' title='bbox 3132 1715 3203 1770; x_wconf 89' lang='lat' dir='ltr'>iis</span> <span class='ocrx_word' id='word_1_325' title='bbox 3239 1716 3528 1771; x_wconf 77' lang='lat' dir='ltr'>militibus</span> <span class='ocrx_word' id='word_1_326' title='bbox 3558 1718 3658 1788; x_wconf 80' lang='lat' dir='ltr'>qui</span> <span class='ocrx_word' id='word_1_327' title='bbox 3682 1716 3740 1772; x_wconf 90' lang='lat' dir='ltr'>in</span> 
     </span>
    </p>
   </div>
   <div class='ocr_carea' id='block_1_50' title="bbox 2086 1802 3742 1877">
    <p class='ocr_par' dir='ltr' id='par_1_50' title="bbox 2086 1802 3742 1877">
     <span class='ocr_line' id='line_1_50' title="bbox 2086 1802 3742 1877; baseline 0.002 -19"><span class='ocrx_word' id='word_1_328' title='bbox 2086 1804 2246 1875; x_wconf 87' lang='lat' dir='ltr'>regia</span> <span class='ocrx_word' id='word_1_329' title='bbox 2296 1804 2438 1857; x_wconf 90' lang='lat' dir='ltr'>urbe</span> <span class='ocrx_word' id='word_1_330' title='bbox 2488 1807 2673 1872; x_wconf 87' lang='lat' dir='ltr'>erant,</span> <span class='ocrx_word' id='word_1_331' title='bbox 2716 1802 3108 1872; x_wconf 83' lang='lat' dir='ltr'>jurejurando</span> <span class='ocrx_word' id='word_1_332' title='bbox 3157 1809 3527 1859; x_wconf 87' lang='lat' dir='ltr'>sacrosancto</span> <span class='ocrx_word' id='word_1_333' title='bbox 3578 1808 3742 1877; x_wconf 89' lang='lat' dir='ltr'>prius</span> 
     </span>
    </p>
   </div>
   <div class='ocr_carea' id='block_1_51' title="bbox 2084 1890 3740 1965">
    <p class='ocr_par' dir='ltr' id='par_1_51' title="bbox 2084 1890 3740 1965">
     <span class='ocr_line' id='line_1_51' title="bbox 2084 1890 3740 1965; baseline 0.001 -18"><span class='ocrx_word' id='word_1_334' title='bbox 2084 1894 2196 1948; x_wconf 81' lang='lat' dir='ltr'>fide</span> <span class='ocrx_word' id='word_1_335' title='bbox 2220 1893 2374 1958; x_wconf 89' lang='lat' dir='ltr'>data,</span> <span class='ocrx_word' id='word_1_336' title='bbox 2408 1896 2465 1945; x_wconf 90' lang='lat' dir='ltr'>et</span> <span class='ocrx_word' id='word_1_337' title='bbox 2487 1890 2665 1945; x_wconf 83' lang='lat' dir='ltr'>simul</span> <span class='ocrx_word' id='word_1_338' title='bbox 2692 1908 2791 1962; x_wconf 90' lang='lat' dir='ltr'>per</span> <span class='ocrx_word' id='word_1_339' title='bbox 2833 1908 2992 1946; x_wconf 89' lang='lat' dir='ltr'>mare</span> <span class='ocrx_word' id='word_1_340' title='bbox 3027 1891 3226 1947; x_wconf 87' lang='lat' dir='ltr'>missis</span> <span class='ocrx_word' id='word_1_341' title='bbox 3271 1894 3548 1949; x_wconf 87' lang='lat' dir='ltr'>adversus</span> <span class='ocrx_word' id='word_1_342' title='bbox 3578 1894 3740 1965; x_wconf 87' lang='lat' dir='ltr'>ipsos</span> 
     </span>
    </p>
   </div>
   <div class='ocr_carea' id='block_1_52' title="bbox 2086 1980 3740 2054">
    <p class='ocr_par' dir='ltr' id='par_1_52' title="bbox 2086 1980 3740 2054">
     <span class='ocr_line' id='line_1_52' title="bbox 2086 1980 3740 2054; baseline 0 -17"><span class='ocrx_word' id='word_1_343' title='bbox 2086 1981 2515 2037; x_wconf 78' lang='lat' dir='ltr'>Roxolanorum</span> <span class='ocrx_word' id='word_1_344' title='bbox 2553 1980 2823 2051; x_wconf 83' lang='lat' dir='ltr'>navigiis,</span> <span class='ocrx_word' id='word_1_345' title='bbox 2855 1980 3116 2052; x_wconf 89' lang='lat' dir='ltr'>ipsisque</span> <span class='ocrx_word' id='word_1_346' title='bbox 3138 1982 3435 2053; x_wconf 86' lang='lat' dir='ltr'>peditibus</span> <span class='ocrx_word' id='word_1_347' title='bbox 3458 1984 3530 2038; x_wconf 91' lang='lat' dir='ltr'>ad</span> <span class='ocrx_word' id='word_1_348' title='bbox 3563 1983 3740 2054; x_wconf 82' lang='lat' dir='ltr'>Athy-</span> 
     </span>
    </p>
   </div>
   <div class='ocr_carea' id='block_1_53' title="bbox 2083 2068 3741 2143">
    <p class='ocr_par' dir='ltr' id='par_1_53' title="bbox 2083 2068 3741 2143">
     <span class='ocr_line' id='line_1_53' title="bbox 2083 2068 3741 2143; baseline 0.001 -17"><span class='ocrx_word' id='word_1_349' title='bbox 2083 2088 2206 2127; x_wconf 88' lang='lat' dir='ltr'>ram</span> <span class='ocrx_word' id='word_1_350' title='bbox 2241 2069 2681 2126; x_wconf 84' lang='lat' dir='ltr'>festinantibus.</span> <span class='ocrx_word' id='word_1_351' title='bbox 2714 2068 2925 2124; x_wconf 89' lang='lat' dir='ltr'>Verum</span> <span class='ocrx_word' id='word_1_352' title='bbox 2962 2076 3249 2143; x_wconf 87' lang='lat' dir='ltr'>occupant</span> <span class='ocrx_word' id='word_1_353' title='bbox 3298 2071 3381 2125; x_wconf 90' lang='lat' dir='ltr'>illi</span> <span class='ocrx_word' id='word_1_354' title='bbox 3414 2090 3473 2127; x_wconf 89' lang='lat' dir='ltr'>re</span> <span class='ocrx_word' id='word_1_355' title='bbox 3504 2072 3741 2143; x_wconf 86' lang='lat' dir='ltr'>cognita</span> 
     </span>
    </p>
   </div>
   <div class='ocr_carea' id='block_1_54' title="bbox 2083 2158 3736 2231">
    <p class='ocr_par' dir='ltr' id='par_1_54' title="bbox 2083 2158 3736 2231">
     <span class='ocr_line' id='line_1_54' title="bbox 2083 2158 3736 2231; baseline -0.001 -16"><span class='ocrx_word' id='word_1_356' title='bbox 2083 2161 2300 2229; x_wconf 73' lang='lat' dir='ltr'>fugere,</span> <span class='ocrx_word' id='word_1_357' title='bbox 2333 2176 2587 2229; x_wconf 86' lang='lat' dir='ltr'>cumque</span> <span class='ocrx_word' id='word_1_358' title='bbox 2607 2158 2821 2213; x_wconf 85' lang='lat' dir='ltr'>vellent</span> <span class='ocrx_word' id='word_1_359' title='bbox 2842 2160 3112 2231; x_wconf 88' lang='lat' dir='ltr'>persequi</span> <span class='ocrx_word' id='word_1_360' title='bbox 3136 2160 3172 2213; x_wconf 91' lang='lat' dir='ltr'>ii</span> <span class='ocrx_word' id='word_1_361' title='bbox 3198 2161 3299 2231; x_wconf 89' lang='lat' dir='ltr'>qui</span> <span class='ocrx_word' id='word_1_362' title='bbox 3330 2177 3461 2215; x_wconf 89' lang='lat' dir='ltr'>cum</span> <span class='ocrx_word' id='word_1_363' title='bbox 3500 2160 3736 2216; x_wconf 83' lang='lat' dir='ltr'>Ruselio</span> 
     </span>
    </p>
   </div>
   <div class='ocr_carea' id='block_1_55' title="bbox 2079 2248 3734 2320">
    <p class='ocr_par' dir='ltr' id='par_1_55' title="bbox 2079 2248 3734 2320">
     <span class='ocr_line' id='line_1_55' title="bbox 2079 2248 3734 2320; baseline 0 -15"><span class='ocrx_word' id='word_1_364' title='bbox 2079 2248 2660 2315; x_wconf 80' lang='lat' dir='ltr'>erantetComneno,</span> <span class='ocrx_word' id='word_1_365' title='bbox 2694 2253 2749 2303; x_wconf 89' lang='lat' dir='ltr'>et</span> <span class='ocrx_word' id='word_1_366' title='bbox 2767 2248 3026 2304; x_wconf 78' lang='lat' dir='ltr'>hostium</span> <span class='ocrx_word' id='word_1_367' title='bbox 3065 2248 3261 2320; x_wconf 88' lang='lat' dir='ltr'>plures</span> <span class='ocrx_word' id='word_1_368' title='bbox 3299 2250 3584 2319; x_wconf 89' lang='lat' dir='ltr'>occidere,</span> <span class='ocrx_word' id='word_1_369' title='bbox 3618 2268 3734 2306; x_wconf 88' lang='lat' dir='ltr'>non</span> 
     </span>
    </p>
   </div>
   <div class='ocr_carea' id='block_1_56' title="bbox 2082 2335 3734 2404">
    <p class='ocr_par' dir='ltr' id='par_1_56' title="bbox 2082 2335 3734 2404">
     <span class='ocr_line' id='line_1_56' title="bbox 2082 2335 3734 2404; baseline 0.001 -12"><span class='ocrx_word' id='word_1_370' title='bbox 2082 2338 2415 2392; x_wconf 86' lang='lat' dir='ltr'>habuerunt</span> <span class='ocrx_word' id='word_1_371' title='bbox 2465 2335 2679 2390; x_wconf 87' lang='lat' dir='ltr'>milites</span> <span class='ocrx_word' id='word_1_372' title='bbox 2710 2336 2822 2390; x_wconf 89' lang='lat' dir='ltr'>sibi</span> <span class='ocrx_word' id='word_1_373' title='bbox 2868 2337 3021 2391; x_wconf 89' lang='lat' dir='ltr'>dicto</span> <span class='ocrx_word' id='word_1_374' title='bbox 3069 2338 3428 2404; x_wconf 84' lang='lat' dir='ltr'>obedientes,</span> <span class='ocrx_word' id='word_1_375' title='bbox 3460 2344 3734 2394; x_wconf 81' lang='lat' dir='ltr'>eventum</span> 
     </span>
    </p>
   </div>
   <div class='ocr_carea' id='block_1_57' title="bbox 2082 2424 3731 2498">
    <p class='ocr_par' dir='ltr' id='par_1_57' title="bbox 2082 2424 3731 2498">
     <span class='ocr_line' id='line_1_57' title="bbox 2082 2424 3731 2498; baseline 0.001 -17"><span class='ocrx_word' id='word_1_376' title='bbox 2082 2427 2162 2481; x_wconf 86' lang='lat' dir='ltr'>rei</span> <span class='ocrx_word' id='word_1_377' title='bbox 2214 2425 2714 2498; x_wconf 80' lang='lat' dir='ltr'>pertimescentes.</span> <span class='ocrx_word' id='word_1_378' title='bbox 2748 2424 3016 2479; x_wconf 81' lang='lat' dir='ltr'>Cecidere</span> <span class='ocrx_word' id='word_1_379' title='bbox 3066 2432 3259 2480; x_wconf 90' lang='lat' dir='ltr'>autem</span> <span class='ocrx_word' id='word_1_380' title='bbox 3296 2442 3363 2482; x_wconf 76' lang='lat' dir='ltr'>ex</span> <span class='ocrx_word' id='word_1_381' title='bbox 3399 2428 3731 2483; x_wconf 89' lang='lat' dir='ltr'>Macedoni-</span> 
     </span>
    </p>
   </div>
   <div class='ocr_carea' id='block_1_58' title="bbox 2083 2514 3734 2587">
    <p class='ocr_par' dir='ltr' id='par_1_58' title="bbox 2083 2514 3734 2587">
     <span class='ocr_line' id='line_1_58' title="bbox 2083 2514 3734 2587; baseline 0.002 -18"><span class='ocrx_word' id='word_1_382' title='bbox 2083 2516 2193 2570; x_wconf 90' lang='lat' dir='ltr'>bus</span> <span class='ocrx_word' id='word_1_383' title='bbox 2254 2514 2469 2587; x_wconf 92' lang='lat' dir='ltr'>plures,</span> <span class='ocrx_word' id='word_1_384' title='bbox 2520 2518 2573 2569; x_wconf 87' lang='lat' dir='ltr'>et</span> <span class='ocrx_word' id='word_1_385' title='bbox 2632 2514 2741 2568; x_wconf 90' lang='lat' dir='ltr'>vivi</span> <span class='ocrx_word' id='word_1_386' title='bbox 2801 2514 2958 2569; x_wconf 82' lang='lat' dir='ltr'>haud</span> <span class='ocrx_word' id='word_1_387' title='bbox 3010 2515 3182 2586; x_wconf 74' lang='lat' dir='ltr'>pauci</span> <span class='ocrx_word' id='word_1_388' title='bbox 3240 2516 3397 2587; x_wconf 89' lang='lat' dir='ltr'>capti</span> <span class='ocrx_word' id='word_1_389' title='bbox 3455 2520 3615 2586; x_wconf 85' lang='lat' dir='ltr'>sunt,</span> <span class='ocrx_word' id='word_1_390' title='bbox 3674 2521 3734 2572; x_wconf 83' lang='lat' dir='ltr'>et</span> 
     </span>
    </p>
   </div>
   <div class='ocr_carea' id='block_1_59' title="bbox 2083 2600 3726 2673">
    <p class='ocr_par' dir='ltr' id='par_1_59' title="bbox 2083 2600 3726 2673">
     <span class='ocr_line' id='line_1_59' title="bbox 2083 2600 3726 2673; baseline 0.002 -18"><span class='ocrx_word' id='word_1_391' title='bbox 2083 2601 2277 2673; x_wconf 67' lang='lat' dir='ltr'>praeda</span> <span class='ocrx_word' id='word_1_392' title='bbox 2328 2600 2515 2655; x_wconf 86' lang='lat' dir='ltr'>multa</span> <span class='ocrx_word' id='word_1_393' title='bbox 2541 2605 2730 2669; x_wconf 78' lang='lat' dir='ltr'>capta,</span> <span class='ocrx_word' id='word_1_394' title='bbox 2764 2607 2819 2655; x_wconf 91' lang='lat' dir='ltr'>et</span> <span class='ocrx_word' id='word_1_395' title='bbox 2850 2601 3183 2656; x_wconf 86' lang='lat' dir='ltr'>vehiculum</span> <span class='ocrx_word' id='word_1_396' title='bbox 3236 2603 3457 2673; x_wconf 89' lang='lat' dir='ltr'>prasini</span> <span class='ocrx_word' id='word_1_397' title='bbox 3514 2604 3726 2659; x_wconf 82' lang='lat' dir='ltr'>coloris</span> 
     </span>
    </p>
   </div>
   <div class='ocr_carea' id='block_1_60' title="bbox 2083 2687 3734 2761">
    <p class='ocr_par' dir='ltr' id='par_1_60' title="bbox 2083 2687 3734 2761">
     <span class='ocr_line' id='line_1_60' title="bbox 2083 2687 3734 2761; baseline 0.002 -18"><span class='ocrx_word' id='word_1_398' title='bbox 2083 2690 2235 2761; x_wconf 89' lang='lat' dir='ltr'>quod</span> <span class='ocrx_word' id='word_1_399' title='bbox 2268 2687 2616 2759; x_wconf 59' lang='lat' dir='ltr'>curopalatm</span> <span class='ocrx_word' id='word_1_400' title='bbox 2658 2694 2815 2757; x_wconf 86' lang='lat' dir='ltr'>erat;</span> <span class='ocrx_word' id='word_1_401' title='bbox 2852 2690 2951 2761; x_wconf 91' lang='lat' dir='ltr'>qui</span> <span class='ocrx_word' id='word_1_402' title='bbox 2986 2691 3162 2745; x_wconf 88' lang='lat' dir='ltr'>etiam</span> <span class='ocrx_word' id='word_1_403' title='bbox 3197 2692 3426 2761; x_wconf 81' lang='lat' dir='ltr'>fugiens</span> <span class='ocrx_word' id='word_1_404' title='bbox 3459 2692 3734 2748; x_wconf 73' lang='lat' dir='ltr'>Rhazdes-</span> 
     </span>
    </p>
   </div>
   <div class='ocr_carea' id='block_1_61' title="bbox 2083 2778 3732 2851">
    <p class='ocr_par' dir='ltr' id='par_1_61' title="bbox 2083 2778 3732 2851">
     <span class='ocr_line' id='line_1_61' title="bbox 2083 2778 3732 2851; baseline 0.001 -17"><span class='ocrx_word' id='word_1_405' title='bbox 2083 2784 2210 2834; x_wconf 84' lang='lat' dir='ltr'>tum</span> <span class='ocrx_word' id='word_1_406' title='bbox 2274 2778 2556 2851; x_wconf 88' lang='lat' dir='ltr'>pervenit.</span> <span class='ocrx_word' id='word_1_407' title='bbox 2591 2778 2879 2833; x_wconf 89' lang='lat' dir='ltr'>Patzinaci</span> <span class='ocrx_word' id='word_1_408' title='bbox 2940 2784 3135 2834; x_wconf 88' lang='lat' dir='ltr'>autem</span> <span class='ocrx_word' id='word_1_409' title='bbox 3182 2782 3323 2836; x_wconf 73' lang='lat'>73]</span> <span class='ocrx_word' id='word_1_410' title='bbox 3388 2798 3522 2836; x_wconf 92' lang='lat' dir='ltr'>cum</span> <span class='ocrx_word' id='word_1_411' title='bbox 3577 2781 3732 2836; x_wconf 86' lang='lat' dir='ltr'>haud</span> 
     </span>
    </p>
   </div>
   <div class='ocr_carea' id='block_1_62' title="bbox 2078 2867 3728 2941">
    <p class='ocr_par' dir='ltr' id='par_1_62' title="bbox 2078 2867 3728 2941">
     <span class='ocr_line' id='line_1_62' title="bbox 2078 2867 3728 2941; baseline 0.001 -17"><span class='ocrx_word' id='word_1_412' title='bbox 2078 2868 2289 2941; x_wconf 82' lang='lat' dir='ltr'>exigua</span> <span class='ocrx_word' id='word_1_413' title='bbox 2310 2884 2484 2923; x_wconf 88' lang='lat' dir='ltr'>manu</span> <span class='ocrx_word' id='word_1_414' title='bbox 2506 2867 2925 2939; x_wconf 85' lang='lat' dir='ltr'>Adrianopolin</span> <span class='ocrx_word' id='word_1_415' title='bbox 2954 2869 3241 2940; x_wconf 86' lang='lat' dir='ltr'>invasere,</span> <span class='ocrx_word' id='word_1_416' title='bbox 3268 2887 3444 2941; x_wconf 86' lang='lat' dir='ltr'>quam</span> <span class='ocrx_word' id='word_1_417' title='bbox 3476 2871 3728 2926; x_wconf 88' lang='lat' dir='ltr'>circum-</span> 
     </span>
    </p>
   </div>
   <div class='ocr_carea' id='block_1_63' title="bbox 2081 2957 3737 3032">
    <p class='ocr_par' dir='ltr' id='par_1_63' title="bbox 2081 2957 3737 3032">
     <span class='ocr_line' id='line_1_63' title="bbox 2081 2957 3737 3032; baseline 0.001 -20"><span class='ocrx_word' id='word_1_418' title='bbox 2081 2958 2341 3013; x_wconf 89' lang='lat' dir='ltr'>sidentes</span> <span class='ocrx_word' id='word_1_419' title='bbox 2373 2957 2658 3028; x_wconf 86' lang='lat' dir='ltr'>quosdam</span> <span class='ocrx_word' id='word_1_420' title='bbox 2695 2974 2794 3027; x_wconf 85' lang='lat' dir='ltr'>per</span> <span class='ocrx_word' id='word_1_421' title='bbox 2826 2958 3125 3029; x_wconf 86' lang='lat' dir='ltr'>regionem</span> <span class='ocrx_word' id='word_1_422' title='bbox 3150 2959 3490 3030; x_wconf 87' lang='lat' dir='ltr'>misere,qui</span> <span class='ocrx_word' id='word_1_423' title='bbox 3514 2960 3737 3032; x_wconf 80' lang='lat' dir='ltr'>optima</span> 
     </span>
    </p>
   </div>
   <div class='ocr_carea' id='block_1_64' title="bbox 2082 3045 3735 3117">
    <p class='ocr_par' dir='ltr' id='par_1_64' title="bbox 2082 3045 3735 3117">
     <span class='ocr_line' id='line_1_64' title="bbox 2082 3045 3735 3117; baseline 0.002 -16"><span class='ocrx_word' id='word_1_424' title='bbox 2082 3062 2331 3117; x_wconf 70' lang='lat' dir='ltr'>quaeque</span> <span class='ocrx_word' id='word_1_425' title='bbox 2388 3045 2575 3116; x_wconf 88' lang='lat' dir='ltr'>ipsius</span> <span class='ocrx_word' id='word_1_426' title='bbox 2632 3045 2758 3100; x_wconf 86' lang='lat' dir='ltr'>loca</span> <span class='ocrx_word' id='word_1_427' title='bbox 2813 3051 3142 3116; x_wconf 85' lang='lat' dir='ltr'>vastarunt,</span> <span class='ocrx_word' id='word_1_428' title='bbox 3202 3047 3459 3102; x_wconf 88' lang='lat' dir='ltr'>virorum</span> <span class='ocrx_word' id='word_1_429' title='bbox 3519 3049 3735 3104; x_wconf 60' lang='lat' dir='ltr'>caedem</span> 
     </span>
    </p>
   </div>
   <div class='ocr_carea' id='block_1_65' title="bbox 2082 3133 3735 3209">
    <p class='ocr_par' dir='ltr' id='par_1_65' title="bbox 2082 3133 3735 3209">
     <span class='ocr_line' id='line_1_65' title="bbox 2082 3133 3735 3209; baseline 0.002 -20"><span class='ocrx_word' id='word_1_430' title='bbox 2082 3136 2361 3190; x_wconf 87' lang='lat' dir='ltr'>facientes</span> <span class='ocrx_word' id='word_1_431' title='bbox 2409 3138 2467 3189; x_wconf 90' lang='lat' dir='ltr'>et</span> <span class='ocrx_word' id='word_1_432' title='bbox 2520 3133 2911 3189; x_wconf 88' lang='lat' dir='ltr'>animantium</span> <span class='ocrx_word' id='word_1_433' title='bbox 2966 3135 3265 3207; x_wconf 87' lang='lat' dir='ltr'>abigentes</span> <span class='ocrx_word' id='word_1_434' title='bbox 3311 3135 3572 3191; x_wconf 81' lang='lat' dir='ltr'>infinitos</span> <span class='ocrx_word' id='word_1_435' title='bbox 3604 3154 3735 3209; x_wconf 87' lang='lat' dir='ltr'>gre-</span> 
     </span>
    </p>
   </div>
   <div class='ocr_carea' id='block_1_66' title="bbox 314 3215 1974 3297">
    <p class='ocr_par' dir='ltr' id='par_1_66' title="bbox 314 3219 1971 3296">
     <span class='ocr_line' id='line_1_66' title="bbox 314 3219 1971 3296; baseline 0.001 -22"><span class='ocrx_word' id='word_1_436' title='bbox 314 3223 384 3280; x_wconf 74' lang='lat' dir='ltr'>U&#39;t</span> <span class='ocrx_word' id='word_1_437' title='bbox 418 3219 475 3276; x_wconf 73' lang='grc' dir='ltr'>δὲ</span> <span class='ocrx_word' id='word_1_438' title='bbox 526 3222 849 3290; x_wconf 85' lang='grc' dir='ltr'>Πατζινάκοι</span> <span class='ocrx_word' id='word_1_439' title='bbox 905 3223 1039 3292; x_wconf 77' lang='grc' dir='ltr'>μετὰ</span> <span class='ocrx_word' id='word_1_440' title='bbox 1084 3219 1336 3291; x_wconf 78' lang='grc' dir='ltr'>πλήθους</span> <span class='ocrx_word' id='word_1_441' title='bbox 1392 3222 1494 3276; x_wconf 79' lang='grc' dir='ltr'>οὐκ</span> <span class='ocrx_word' id='word_1_442' title='bbox 1551 3219 1849 3296; x_wconf 79' lang='grc' dir='ltr'>ἐλαχίστου</span> <span class='ocrx_word' id='word_1_443' title='bbox 1907 3224 1971 3295; x_wconf 79' lang='grc' dir='ltr'>τῇ</span> 
     </span>
    </p>
   </div>
   <div class='ocr_carea' id='block_1_67' title="bbox 2090 3215 3739 3297">
    <p class='ocr_par' dir='ltr' id='par_1_67' title="bbox 2090 3222 3739 3297">
     <span class='ocr_line' id='line_1_67' title="bbox 2090 3222 3739 3297; baseline 0.001 -19"><span class='ocrx_word' id='word_1_444' title='bbox 2090 3240 2207 3294; x_wconf 87' lang='lat' dir='ltr'>ges,</span> <span class='ocrx_word' id='word_1_445' title='bbox 2243 3239 2428 3293; x_wconf 89' lang='lat' dir='ltr'>neque</span> <span class='ocrx_word' id='word_1_446' title='bbox 2451 3222 2611 3277; x_wconf 91' lang='lat' dir='ltr'>illius</span> <span class='ocrx_word' id='word_1_447' title='bbox 2632 3223 2865 3293; x_wconf 84' lang='lat' dir='ltr'>generis</span> <span class='ocrx_word' id='word_1_448' title='bbox 2900 3227 3262 3278; x_wconf 85' lang='lat' dir='ltr'>vexationem</span> <span class='ocrx_word' id='word_1_449' title='bbox 3290 3224 3469 3279; x_wconf 87' lang='lat' dir='ltr'>ullam</span> <span class='ocrx_word' id='word_1_450' title='bbox 3503 3231 3739 3297; x_wconf 74' lang='lat' dir='ltr'>practer-</span> 
     </span>
    </p>
   </div>
   <div class='ocr_carea' id='block_1_68' title="bbox 314 3307 1971 3387">
    <p class='ocr_par' dir='ltr' id='par_1_68' title="bbox 314 3307 1971 3387">
     <span class='ocr_line' id='line_1_68' title="bbox 314 3307 1971 3387; baseline -0.001 -21"><span class='ocrx_word' id='word_1_451' title='bbox 314 3307 775 3385; x_wconf 76' lang='grc' dir='ltr'>Ἀδριανουπόλει</span> <span class='ocrx_word' id='word_1_452' title='bbox 827 3309 1163 3387; x_wconf 79' lang='grc' dir='ltr'>ἐπεφάνησαν</span> <span class='ocrx_word' id='word_1_453' title='bbox 1195 3352 1210 3381; x_wconf 90' lang='grc'>,</span> <span class='ocrx_word' id='word_1_454' title='bbox 1280 3310 1371 3364; x_wconf 82' lang='grc' dir='ltr'>καὶ</span> <span class='ocrx_word' id='word_1_455' title='bbox 1444 3309 1643 3379; x_wconf 71' lang='grc' dir='ltr'>ταύτην</span> <span class='ocrx_word' id='word_1_456' title='bbox 1715 3322 1971 3384; x_wconf 87' lang='grc' dir='ltr'>περικαθ-</span> 
     </span>
    </p>
   </div>
   <div class='ocr_carea' id='block_1_69' title="bbox 319 3397 1973 3473">
    <p class='ocr_par' dir='ltr' id='par_1_69' title="bbox 319 3397 1973 3473">
     <span class='ocr_line' id='line_1_69' title="bbox 319 3397 1973 3473; baseline -0.001 -19"><span class='ocrx_word' id='word_1_457' title='bbox 319 3401 529 3460; x_wconf 83' lang='grc' dir='ltr'>ίσαντες</span> <span class='ocrx_word' id='word_1_458' title='bbox 586 3399 735 3460; x_wconf 75' lang='grc' dir='ltr'>τινας</span> <span class='ocrx_word' id='word_1_459' title='bbox 785 3399 919 3453; x_wconf 82' lang='grc' dir='ltr'>κατᾶ</span> <span class='ocrx_word' id='word_1_460' title='bbox 982 3404 1083 3467; x_wconf 85' lang='grc' dir='ltr'>τῆς</span> <span class='ocrx_word' id='word_1_461' title='bbox 1129 3398 1317 3473; x_wconf 81' lang='grc' dir='ltr'>χώρας</span> <span class='ocrx_word' id='word_1_462' title='bbox 1388 3397 1710 3452; x_wconf 68' lang='grc' dir='ltr'>ἀπέστειλαν</span> <span class='ocrx_word' id='word_1_463' title='bbox 1771 3398 1859 3453; x_wconf 84' lang='grc' dir='ltr'>καὶ</span> <span class='ocrx_word' id='word_1_464' title='bbox 1907 3400 1973 3453; x_wconf 79' lang='grc' dir='ltr'>τά</span> 
     </span>
    </p>
   </div>
   <div class='ocr_carea' id='block_1_70' title="bbox 311 3482 1970 3564">
    <p class='ocr_par' dir='ltr' id='par_1_70' title="bbox 311 3482 1970 3564">
     <span class='ocr_line' id='line_1_70' title="bbox 311 3482 1970 3564; baseline -0.002 -20"><span class='ocrx_word' id='word_1_465' title='bbox 311 3488 563 3559; x_wconf 71' lang='grc' dir='ltr'>ταύτης,</span> <span class='ocrx_word' id='word_1_466' title='bbox 620 3486 892 3542; x_wconf 90' lang='grc' dir='ltr'>κάλλιστα</span> <span class='ocrx_word' id='word_1_467' title='bbox 948 3482 1321 3559; x_wconf 74' lang='grc' dir='ltr'>ἐλωϐήσαντο,</span> <span class='ocrx_word' id='word_1_468' title='bbox 1379 3488 1539 3564; x_wconf 86' lang='grc' dir='ltr'>φόνον</span> <span class='ocrx_word' id='word_1_469' title='bbox 1604 3489 1699 3561; x_wconf 69' lang='grc' dir='ltr'>μὲν</span> <span class='ocrx_word' id='word_1_470' title='bbox 1762 3486 1970 3561; x_wconf 79' lang='grc' dir='ltr'>ἀνδρῶν</span> 
     </span>
    </p>
   </div>
   <div class='ocr_carea' id='block_1_71' title="bbox 312 3573 1973 3652">
    <p class='ocr_par' dir='ltr' id='par_1_71' title="bbox 312 3573 1973 3652">
     <span class='ocr_line' id='line_1_71' title="bbox 312 3573 1973 3652; baseline -0.001 -20"><span class='ocrx_word' id='word_1_471' title='bbox 312 3578 706 3650; x_wconf 69' lang='grc' dir='ltr'>ποιησάμενοι,</span> <span class='ocrx_word' id='word_1_472' title='bbox 762 3578 914 3645; x_wconf 68' lang='grc' dir='ltr'>ζώων</span> <span class='ocrx_word' id='word_1_473' title='bbox 976 3573 1034 3631; x_wconf 75' lang='grc' dir='ltr'>δὲ</span> <span class='ocrx_word' id='word_1_474' title='bbox 1098 3575 1296 3650; x_wconf 73' lang='grc' dir='ltr'>ἀγέλας</span> <span class='ocrx_word' id='word_1_475' title='bbox 1356 3577 1611 3652; x_wconf 85' lang='grc' dir='ltr'>ἀπείρους</span> <span class='ocrx_word' id='word_1_476' title='bbox 1668 3576 1973 3647; x_wconf 75' lang='grc' dir='ltr'>ἐλάσαντες,</span> 
     </span>
    </p>
   </div>
   <div class='ocr_carea' id='block_1_72' title="bbox 314 3663 1976 3737">
    <p class='ocr_par' dir='ltr' id='par_1_72' title="bbox 314 3663 1976 3737">
     <span class='ocr_line' id='line_1_72' title="bbox 314 3663 1976 3737; baseline 0 -16"><span class='ocrx_word' id='word_1_477' title='bbox 314 3668 406 3722; x_wconf 75' lang='grc' dir='ltr'>καὶ</span> <span class='ocrx_word' id='word_1_478' title='bbox 468 3663 594 3720; x_wconf 71' lang='grc' dir='ltr'>οὐδὲ</span> <span class='ocrx_word' id='word_1_479' title='bbox 650 3663 705 3719; x_wconf 72' lang='grc' dir='ltr'>ἓν</span> <span class='ocrx_word' id='word_1_480' title='bbox 762 3664 902 3727; x_wconf 80' lang='grc' dir='ltr'>εἶδος</span> <span class='ocrx_word' id='word_1_481' title='bbox 972 3664 1375 3737; x_wconf 85' lang='grc' dir='ltr'>παραλιπόντες</span> <span class='ocrx_word' id='word_1_482' title='bbox 1432 3665 1744 3727; x_wconf 85' lang='grc' dir='ltr'>κακώσεως.</span> <span class='ocrx_word' id='word_1_483' title='bbox 1801 3669 1859 3723; x_wconf 88' lang='grc' dir='ltr'><strong>Ὀ</strong></span> <span class='ocrx_word' id='word_1_484' title='bbox 1920 3664 1976 3721; x_wconf 74' lang='grc' dir='ltr'>δὲ</span> 
     </span>
    </p>
   </div>
   <div class='ocr_carea' id='block_1_73' title="bbox 317 3753 1974 3833">
    <p class='ocr_par' dir='ltr' id='par_1_73' title="bbox 317 3753 1974 3833">
     <span class='ocr_line' id='line_1_73' title="bbox 317 3753 1974 3833; baseline -0.001 -23"><span class='ocrx_word' id='word_1_485' title='bbox 317 3754 610 3830; x_wconf 81' lang='grc' dir='ltr'>Βρυέννιος</span> <span class='ocrx_word' id='word_1_486' title='bbox 664 3753 751 3809; x_wconf 83' lang='grc' dir='ltr'>ἐπὶ</span> <span class='ocrx_word' id='word_1_487' title='bbox 810 3755 1097 3824; x_wconf 74' lang='grc' dir='ltr'>συνθήκαις</span> <span class='ocrx_word' id='word_1_488' title='bbox 1153 3754 1244 3809; x_wconf 85' lang='grc' dir='ltr'>καὶ</span> <span class='ocrx_word' id='word_1_489' title='bbox 1294 3759 1502 3829; x_wconf 74' lang='grc' dir='ltr'>χρυσοῦ</span> <span class='ocrx_word' id='word_1_490' title='bbox 1556 3753 1698 3810; x_wconf 90' lang='grc' dir='ltr'>δόσει</span> <span class='ocrx_word' id='word_1_491' title='bbox 1756 3756 1843 3810; x_wconf 82' lang='grc' dir='ltr'>καὶ</span> <span class='ocrx_word' id='word_1_492' title='bbox 1879 3756 1974 3833; x_wconf 80' lang='grc' dir='ltr'>ὑφ-</span> 
     </span>
    </p>
   </div>
   <div class='ocr_carea' id='block_1_74' title="bbox 314 3843 1974 3920">
    <p class='ocr_par' dir='ltr' id='par_1_74' title="bbox 314 3843 1974 3920">
     <span class='ocr_line' id='line_1_74' title="bbox 314 3843 1974 3920; baseline 0 -20"><span class='ocrx_word' id='word_1_493' title='bbox 314 3846 576 3917; x_wconf 87' lang='grc' dir='ltr'>ασμάτων</span> <span class='ocrx_word' id='word_1_494' title='bbox 642 3844 999 3918; x_wconf 75' lang='grc' dir='ltr'>ὑποχωρῆσαι</span> <span class='ocrx_word' id='word_1_495' title='bbox 1050 3844 1456 3916; x_wconf 82' lang='grc' dir='ltr'>παρασκευάσας</span> <span class='ocrx_word' id='word_1_496' title='bbox 1506 3843 1701 3907; x_wconf 77' lang='grc' dir='ltr'>αὐτοὺς</span> <span class='ocrx_word' id='word_1_497' title='bbox 1734 3846 1974 3920; x_wconf 76' lang='grc' dir='ltr'>ἠργυρο-</span> 
     </span>
    </p>
   </div>
   <div class='ocr_carea' id='block_1_75' title="bbox 318 3930 1973 4009">
    <p class='ocr_par' dir='ltr' id='par_1_75' title="bbox 318 3930 1973 4009">
     <span class='ocr_line' id='line_1_75' title="bbox 318 3930 1973 4009; baseline -0.001 -20"><span class='ocrx_word' id='word_1_498' title='bbox 318 3933 479 4009; x_wconf 87' lang='grc' dir='ltr'>λόγει</span> <span class='ocrx_word' id='word_1_499' title='bbox 508 3932 637 3995; x_wconf 80' lang='grc' dir='ltr'>τοὺς</span> <span class='ocrx_word' id='word_1_500' title='bbox 696 3930 887 3999; x_wconf 80' lang='grc' dir='ltr'>ἰδίους,</span> <span class='ocrx_word' id='word_1_501' title='bbox 944 3931 1103 3987; x_wconf 83' lang='grc' dir='ltr'>παντὶ</span> <span class='ocrx_word' id='word_1_502' title='bbox 1154 3933 1345 4007; x_wconf 87' lang='grc' dir='ltr'>τρόπῳ</span> <span class='ocrx_word' id='word_1_503' title='bbox 1374 3937 1469 3987; x_wconf 72' lang='grc' dir='ltr'>τοῦ</span> <span class='ocrx_word' id='word_1_504' title='bbox 1497 3935 1633 3987; x_wconf 79' lang='grc' dir='ltr'>κατά</span> <span class='ocrx_word' id='word_1_505' title='bbox 1662 3935 1863 3989; x_wconf 90' lang='grc' dir='ltr'>σκοπὸν</span> <span class='ocrx_word' id='word_1_506' title='bbox 1899 3936 1973 4007; x_wconf 74' lang='grc' dir='ltr'>μή</span> 
     </span>
    </p>
   </div>
   <div class='ocr_carea' id='block_1_76' title="bbox 2083 3311 3737 3383">
    <p class='ocr_par' dir='ltr' id='par_1_76' title="bbox 2083 3311 3737 3383">
     <span class='ocr_line' id='line_1_76' title="bbox 2083 3311 3737 3383; baseline 0.001 -15"><span class='ocrx_word' id='word_1_507' title='bbox 2083 3313 2403 3368; x_wconf 87' lang='lat' dir='ltr'>mittentes.</span> <span class='ocrx_word' id='word_1_508' title='bbox 2439 3311 2762 3383; x_wconf 87' lang='lat' dir='ltr'>Bryennius</span> <span class='ocrx_word' id='word_1_509' title='bbox 2794 3317 2989 3366; x_wconf 88' lang='lat' dir='ltr'>autem</span> <span class='ocrx_word' id='word_1_510' title='bbox 3023 3313 3340 3368; x_wconf 82' lang='lat' dir='ltr'>fcederibus</span> <span class='ocrx_word' id='word_1_511' title='bbox 3373 3318 3429 3368; x_wconf 89' lang='lat' dir='ltr'>et</span> <span class='ocrx_word' id='word_1_512' title='bbox 3460 3315 3585 3369; x_wconf 89' lang='lat' dir='ltr'>auri</span> <span class='ocrx_word' id='word_1_513' title='bbox 3618 3314 3737 3369; x_wconf 87' lang='lat' dir='ltr'>lar-</span> 
     </span>
    </p>
   </div>
   <div class='ocr_carea' id='block_1_77' title="bbox 2082 3398 3736 3473">
    <p class='ocr_par' dir='ltr' id='par_1_77' title="bbox 2082 3398 3736 3473">
     <span class='ocr_line' id='line_1_77' title="bbox 2082 3398 3736 3473; baseline 0.002 -20"><span class='ocrx_word' id='word_1_514' title='bbox 2082 3400 2302 3472; x_wconf 87' lang='lat' dir='ltr'>gitione</span> <span class='ocrx_word' id='word_1_515' title='bbox 2340 3405 2399 3454; x_wconf 90' lang='lat' dir='ltr'>et</span> <span class='ocrx_word' id='word_1_516' title='bbox 2454 3398 2853 3470; x_wconf 86' lang='lat' dir='ltr'>stragulorum</span> <span class='ocrx_word' id='word_1_517' title='bbox 2912 3400 3139 3455; x_wconf 82' lang='lat' dir='ltr'>efﬁcere</span> <span class='ocrx_word' id='word_1_518' title='bbox 3199 3402 3446 3457; x_wconf 87' lang='lat' dir='ltr'>studens</span> <span class='ocrx_word' id='word_1_519' title='bbox 3503 3407 3564 3455; x_wconf 90' lang='lat' dir='ltr'>ut</span> <span class='ocrx_word' id='word_1_520' title='bbox 3624 3403 3736 3473; x_wconf 91' lang='lat' dir='ltr'>ipsi</span> 
     </span>
    </p>
   </div>
   <div class='ocr_carea' id='block_1_78' title="bbox 2084 3488 3737 3560">
    <p class='ocr_par' dir='ltr' id='par_1_78' title="bbox 2084 3488 3737 3560">
     <span class='ocr_line' id='line_1_78' title="bbox 2084 3488 3737 3560; baseline 0 -16"><span class='ocrx_word' id='word_1_521' title='bbox 2084 3489 2445 3556; x_wconf 84' lang='lat' dir='ltr'>secederent,</span> <span class='ocrx_word' id='word_1_522' title='bbox 2502 3504 2534 3542; x_wconf 89' lang='lat' dir='ltr'>a</span> <span class='ocrx_word' id='word_1_523' title='bbox 2592 3488 2715 3542; x_wconf 87' lang='lat' dir='ltr'>suis</span> <span class='ocrx_word' id='word_1_524' title='bbox 2765 3493 3071 3558; x_wconf 84' lang='lat' dir='ltr'>argentum</span> <span class='ocrx_word' id='word_1_525' title='bbox 3148 3490 3432 3560; x_wconf 82' lang='lat' dir='ltr'>exigebat,</span> <span class='ocrx_word' id='word_1_526' title='bbox 3498 3490 3737 3544; x_wconf 91' lang='lat' dir='ltr'>omnino</span> 
     </span>
    </p>
   </div>
   <div class='ocr_carea' id='block_1_79' title="bbox 2086 3574 3737 3647">
    <p class='ocr_par' dir='ltr' id='par_1_79' title="bbox 2086 3574 3737 3647">
     <span class='ocr_line' id='line_1_79' title="bbox 2086 3574 3737 3647; baseline 0.002 -15"><span class='ocrx_word' id='word_1_527' title='bbox 2086 3577 2325 3647; x_wconf 90' lang='lat' dir='ltr'>cupiens</span> <span class='ocrx_word' id='word_1_528' title='bbox 2357 3594 2389 3631; x_wconf 86' lang='lat' dir='ltr'>a</span> <span class='ocrx_word' id='word_1_529' title='bbox 2420 3574 2719 3647; x_wconf 90' lang='lat' dir='ltr'>proposito</span> <span class='ocrx_word' id='word_1_530' title='bbox 2742 3575 2986 3632; x_wconf 87' lang='lat' dir='ltr'>consilio</span> <span class='ocrx_word' id='word_1_531' title='bbox 3023 3594 3139 3631; x_wconf 90' lang='lat' dir='ltr'>non</span> <span class='ocrx_word' id='word_1_532' title='bbox 3171 3579 3456 3633; x_wconf 74' lang='lat' dir='ltr'>aberrare.</span> <span class='ocrx_word' id='word_1_533' title='bbox 3492 3578 3737 3635; x_wconf 86' lang='lat' dir='ltr'>Missus-</span> 
     </span>
    </p>
   </div>
   <div class='ocr_carea' id='block_1_80' title="bbox 2086 3668 3737 3741">
    <p class='ocr_par' dir='ltr' id='par_1_80' title="bbox 2086 3668 3737 3741">
     <span class='ocr_line' id='line_1_80' title="bbox 2086 3668 3737 3741; baseline 0.001 -19"><span class='ocrx_word' id='word_1_534' title='bbox 2086 3685 2198 3741; x_wconf 89' lang='lat' dir='ltr'>que</span> <span class='ocrx_word' id='word_1_535' title='bbox 2230 3669 2405 3723; x_wconf 84' lang='lat' dir='ltr'>frater</span> <span class='ocrx_word' id='word_1_536' title='bbox 2456 3668 2639 3738; x_wconf 89' lang='lat' dir='ltr'>ipsius</span> <span class='ocrx_word' id='word_1_537' title='bbox 2670 3668 2925 3723; x_wconf 90' lang='lat' dir='ltr'>Joannes</span> <span class='ocrx_word' id='word_1_538' title='bbox 2957 3669 3026 3723; x_wconf 90' lang='lat' dir='ltr'>ad</span> <span class='ocrx_word' id='word_1_539' title='bbox 3076 3669 3259 3741; x_wconf 81' lang='lat' dir='ltr'>Cyziui</span> <span class='ocrx_word' id='word_1_540' title='bbox 3306 3669 3737 3726; x_wconf 84' lang='lat' dir='ltr'>Cherronesum</span> 
     </span>
    </p>
   </div>
   <div class='ocr_carea' id='block_1_81' title="bbox 2087 3756 3742 3826">
    <p class='ocr_par' dir='ltr' id='par_1_81' title="bbox 2087 3756 3742 3826">
     <span class='ocr_line' id='line_1_81' title="bbox 2087 3756 3742 3826; baseline 0 -15"><span class='ocrx_word' id='word_1_541' title='bbox 2087 3758 2411 3812; x_wconf 88' lang='lat' dir='ltr'>conabatur</span> <span class='ocrx_word' id='word_1_542' title='bbox 2445 3756 2752 3826; x_wconf 88' lang='lat' dir='ltr'>indigenas</span> <span class='ocrx_word' id='word_1_543' title='bbox 2786 3756 2855 3810; x_wconf 91' lang='lat' dir='ltr'>ad</span> <span class='ocrx_word' id='word_1_544' title='bbox 2891 3772 2953 3811; x_wconf 90' lang='lat' dir='ltr'>se</span> <span class='ocrx_word' id='word_1_545' title='bbox 2983 3757 3270 3813; x_wconf 88' lang='lat' dir='ltr'>adducere</span> <span class='ocrx_word' id='word_1_546' title='bbox 3298 3774 3310 3811; x_wconf 93' lang='lat'><strong>:</strong></span> <span class='ocrx_word' id='word_1_547' title='bbox 3339 3758 3440 3812; x_wconf 90' lang='lat' dir='ltr'>sed</span> <span class='ocrx_word' id='word_1_548' title='bbox 3473 3758 3742 3813; x_wconf 89' lang='lat' dir='ltr'>incidens</span> 
     </span>
    </p>
   </div>
   <div class='ocr_carea' id='block_1_82' title="bbox 2090 3846 3744 3921">
    <p class='ocr_par' dir='ltr' id='par_1_82' title="bbox 2090 3846 3744 3921">
     <span class='ocr_line' id='line_1_82' title="bbox 2090 3846 3744 3921; baseline 0.001 -20"><span class='ocrx_word' id='word_1_549' title='bbox 2090 3848 2149 3901; x_wconf 91' lang='lat' dir='ltr'>in</span> <span class='ocrx_word' id='word_1_550' title='bbox 2182 3849 2374 3918; x_wconf 85' lang='lat' dir='ltr'>ipsum</span> <span class='ocrx_word' id='word_1_551' title='bbox 2414 3846 2686 3901; x_wconf 84' lang='lat' dir='ltr'>Ruselius</span> <span class='ocrx_word' id='word_1_552' title='bbox 2738 3863 2839 3917; x_wconf 90' lang='lat' dir='ltr'>per</span> <span class='ocrx_word' id='word_1_553' title='bbox 2868 3847 2986 3901; x_wconf 89' lang='lat' dir='ltr'>vim</span> <span class='ocrx_word' id='word_1_554' title='bbox 3019 3863 3117 3902; x_wconf 91' lang='lat' dir='ltr'>eos</span> <span class='ocrx_word' id='word_1_555' title='bbox 3167 3848 3406 3920; x_wconf 89' lang='lat' dir='ltr'>fugavit,</span> <span class='ocrx_word' id='word_1_556' title='bbox 3455 3849 3744 3921; x_wconf 91' lang='lat' dir='ltr'>principio</span> 
     </span>
    </p>
   </div>
   <div class='ocr_carea' id='block_1_83' title="bbox 2092 3935 3156 4005">
    <p class='ocr_par' dir='ltr' id='par_1_83' title="bbox 2092 3935 3156 4005">
     <span class='ocr_line' id='line_1_83' title="bbox 2092 3935 3156 4005; baseline -0.002 -14"><span class='ocrx_word' id='word_1_557' title='bbox 2092 3936 2283 3991; x_wconf 86' lang='lat' dir='ltr'>Martii</span> <span class='ocrx_word' id='word_1_558' title='bbox 2322 3935 2560 4001; x_wconf 87' lang='lat' dir='ltr'>mensis,</span> <span class='ocrx_word' id='word_1_559' title='bbox 2594 3935 2913 3990; x_wconf 86' lang='lat' dir='ltr'>indictione</span> <span class='ocrx_word' id='word_1_560' title='bbox 2948 3936 3156 4005; x_wconf 88' lang='lat' dir='ltr'>prima.</span> 
     </span>
    </p>
   </div>
   <div class='ocr_carea' id='block_1_84' title="bbox 334 4020 3743 4099">
    <p class='ocr_par' dir='ltr' id='par_1_84' title="bbox 334 4020 3743 4099">
     <span class='ocr_line' id='line_1_84' title="bbox 334 4020 3743 4099; baseline 0 -22"><span class='ocrx_word' id='word_1_561' title='bbox 334 4021 655 4099; x_wconf 87' lang='grc' dir='ltr'>διαμαρτεῖν</span> <span class='ocrx_word' id='word_1_562' title='bbox 681 4020 1154 4095; x_wconf 83' lang='grc' dir='ltr'>προθυμούμενος.</span> <span class='ocrx_word' id='word_1_563' title='bbox 1191 4020 1543 4084; x_wconf 85' lang='grc' dir='ltr'>Ἀποσταλεὶς</span> <span class='ocrx_word' id='word_1_564' title='bbox 1586 4020 1643 4077; x_wconf 74' lang='grc' dir='ltr'>δὲ</span> <span class='ocrx_word' id='word_1_565' title='bbox 1674 4024 1701 4077; x_wconf 90' lang='grc' dir='ltr'>ὁ</span> <span class='ocrx_word' id='word_1_566' title='bbox 1728 4020 1962 4099; x_wconf 82' lang='grc' dir='ltr'>ἀδελφὸς</span> <span class='ocrx_word' id='word_1_567' title='bbox 1986 4025 2151 4078; x_wconf 74' lang='grc' dir='ltr'>αὐτοῦ</span> <span class='ocrx_word' id='word_1_568' title='bbox 2184 4022 2437 4093; x_wconf 80' lang='grc' dir='ltr'>Ἰωάννης</span> <span class='ocrx_word' id='word_1_569' title='bbox 2471 4022 2545 4084; x_wconf 86' lang='grc' dir='ltr'>εἰς</span> <span class='ocrx_word' id='word_1_570' title='bbox 2572 4024 2669 4091; x_wconf 71' lang='grc' dir='ltr'>τὴν</span> <span class='ocrx_word' id='word_1_571' title='bbox 2697 4029 2797 4091; x_wconf 81' lang='grc' dir='ltr'>τῆς</span> <span class='ocrx_word' id='word_1_572' title='bbox 2830 4021 3067 4091; x_wconf 82' lang='grc' dir='ltr'>Κυζίκου</span> <span class='ocrx_word' id='word_1_573' title='bbox 3097 4022 3435 4098; x_wconf 73' lang='grc' dir='ltr'>χερρόνησον</span> <span class='ocrx_word' id='word_1_574' title='bbox 3487 4022 3743 4099; x_wconf 77' lang='grc' dir='ltr'>ἐπειρᾶτο</span> 
     </span>
    </p>
   </div>
   <div class='ocr_carea' id='block_1_85' title="bbox 320 4109 3747 4190">
    <p class='ocr_par' dir='ltr' id='par_1_85' title="bbox 320 4109 3747 4190">
     <span class='ocr_line' id='line_1_85' title="bbox 320 4109 3747 4190; baseline 0 -24"><span class='ocrx_word' id='word_1_575' title='bbox 320 4111 454 4174; x_wconf 70' lang='grc' dir='ltr'>τοὺς</span> <span class='ocrx_word' id='word_1_576' title='bbox 490 4110 795 4188; x_wconf 80' lang='grc' dir='ltr'>ἐγχωρίους</span> <span class='ocrx_word' id='word_1_577' title='bbox 828 4111 1214 4185; x_wconf 71' lang='grc' dir='ltr'>ὑπαγαγέσθαι.</span> <span class='ocrx_word' id='word_1_578' title='bbox 1244 4110 1519 4185; x_wconf 83' lang='grc' dir='ltr'>Ἑντυχὼν</span> <span class='ocrx_word' id='word_1_579' title='bbox 1554 4109 1610 4166; x_wconf 75' lang='grc' dir='ltr'>δὲ</span> <span class='ocrx_word' id='word_1_580' title='bbox 1640 4112 1786 4184; x_wconf 82' lang='grc' dir='ltr'>αὐτῷ</span> <span class='ocrx_word' id='word_1_581' title='bbox 1815 4113 1842 4166; x_wconf 75' lang='grc' dir='ltr'>ὁ</span> <span class='ocrx_word' id='word_1_582' title='bbox 1873 4112 2178 4175; x_wconf 81' lang='grc' dir='ltr'>Ῥουσέλιος</span> <span class='ocrx_word' id='word_1_583' title='bbox 2206 4113 2343 4168; x_wconf 84' lang='grc' dir='ltr'>κατά</span> <span class='ocrx_word' id='word_1_584' title='bbox 2368 4112 2565 4189; x_wconf 88' lang='grc' dir='ltr'>κράτος</span> <span class='ocrx_word' id='word_1_585' title='bbox 2597 4111 2791 4175; x_wconf 74' lang='grc' dir='ltr'>αὐτοὺς</span> <span class='ocrx_word' id='word_1_586' title='bbox 2820 4109 3195 4187; x_wconf 86' lang='grc' dir='ltr'>ἐτραπώσατο,</span> <span class='ocrx_word' id='word_1_587' title='bbox 3214 4110 3565 4185; x_wconf 73' lang='grc' dir='ltr'>ἐνισταμένου</span> <span class='ocrx_word' id='word_1_588' title='bbox 3602 4116 3747 4190; x_wconf 83' lang='grc' dir='ltr'>Μαρ-</span> 
     </span>
    </p>
   </div>
   <div class='ocr_carea' id='block_1_86' title="bbox 321 4196 1282 4274">
    <p class='ocr_par' dir='ltr' id='par_1_86' title="bbox 321 4196 1282 4274">
     <span class='ocr_line' id='line_1_86' title="bbox 321 4196 1282 4274; baseline -0.001 -18"><span class='ocrx_word' id='word_1_589' title='bbox 321 4201 468 4273; x_wconf 85' lang='grc' dir='ltr'>τίου,</span> <span class='ocrx_word' id='word_1_590' title='bbox 503 4201 695 4274; x_wconf 89' lang='grc' dir='ltr'>μηνὸς,</span> <span class='ocrx_word' id='word_1_591' title='bbox 727 4205 828 4269; x_wconf 80' lang='grc' dir='ltr'>τῆς</span> <span class='ocrx_word' id='word_1_592' title='bbox 858 4206 902 4254; x_wconf 88' lang='grc' dir='ltr'>α’</span> <span class='ocrx_word' id='word_1_593' title='bbox 924 4196 1282 4263; x_wconf 73' lang='grc' dir='ltr'>ἷνδικτιῶνος.</span> 
     </span>
    </p>
   </div>
   <div class='ocr_carea' id='block_1_87' title="bbox 394 4304 1975 4381">
    <p class='ocr_par' dir='ltr' id='par_1_87' title="bbox 394 4304 1975 4381">
     <span class='ocr_line' id='line_1_87' title="bbox 394 4304 1975 4381; baseline -0.001 -19"><span class='ocrx_word' id='word_1_594' title='bbox 394 4311 504 4362; x_wconf 77' lang='grc' dir='ltr'>Τοῦ</span> <span class='ocrx_word' id='word_1_595' title='bbox 538 4304 595 4361; x_wconf 70' lang='grc' dir='ltr'>δὲ</span> <span class='ocrx_word' id='word_1_596' title='bbox 650 4306 994 4381; x_wconf 85' lang='grc' dir='ltr'>πατριάρχου</span> <span class='ocrx_word' id='word_1_597' title='bbox 1048 4305 1300 4360; x_wconf 86' lang='grc' dir='ltr'>Ἰωάννου</span> <span class='ocrx_word' id='word_1_598' title='bbox 1358 4310 1455 4361; x_wconf 76' lang='grc' dir='ltr'>τοῦ</span> <span class='ocrx_word' id='word_1_599' title='bbox 1510 4304 1803 4380; x_wconf 83' lang='grc' dir='ltr'>Ξιφιλίνου</span> <span class='ocrx_word' id='word_1_600' title='bbox 1858 4327 1975 4361; x_wconf 86' lang='grc' dir='ltr'>κοι-</span> 
     </span>
    </p>
   </div>
   <div class='ocr_carea' id='block_1_88' title="bbox 323 4393 1976 4470">
    <p class='ocr_par' dir='ltr' id='par_1_88' title="bbox 323 4393 1976 4470">
     <span class='ocr_line' id='line_1_88' title="bbox 323 4393 1976 4470; baseline -0.001 -20"><span class='ocrx_word' id='word_1_601' title='bbox 323 4396 595 4469; x_wconf 75' lang='grc' dir='ltr'>μηθὲντος</span> <span class='ocrx_word' id='word_1_602' title='bbox 645 4394 735 4449; x_wconf 80' lang='grc' dir='ltr'>καὶ</span> <span class='ocrx_word' id='word_1_603' title='bbox 797 4395 934 4468; x_wconf 88' lang='grc' dir='ltr'>πρὸς</span> <span class='ocrx_word' id='word_1_604' title='bbox 983 4395 1082 4464; x_wconf 77' lang='grc' dir='ltr'>τήν</span> <span class='ocrx_word' id='word_1_605' title='bbox 1131 4394 1320 4470; x_wconf 85' lang='grc' dir='ltr'>ἀγήρω</span> <span class='ocrx_word' id='word_1_606' title='bbox 1370 4393 1525 4464; x_wconf 78' lang='grc' dir='ltr'>λῆξιν</span> <span class='ocrx_word' id='word_1_607' title='bbox 1589 4399 1976 4469; x_wconf 67' lang='grc' dir='ltr'>μεταθεμένου,</span> 
     </span>
    </p>
   </div>
   <div class='ocr_carea' id='block_1_89' title="bbox 321 4482 1977 4561">
    <p class='ocr_par' dir='ltr' id='par_1_89' title="bbox 321 4482 1977 4561">
     <span class='ocr_line' id='line_1_89' title="bbox 321 4482 1977 4561; baseline -0.002 -19"><span class='ocrx_word' id='word_1_608' title='bbox 321 4488 354 4542; x_wconf 89' lang='grc' dir='ltr'>ὁ</span> <span class='ocrx_word' id='word_1_609' title='bbox 404 4483 657 4561; x_wconf 70' lang='grc' dir='ltr'>βασιλεὺς</span> <span class='ocrx_word' id='word_1_610' title='bbox 707 4482 889 4558; x_wconf 79' lang='grc' dir='ltr'>ἕτερον</span> <span class='ocrx_word' id='word_1_611' title='bbox 921 4483 1371 4559; x_wconf 83' lang='grc' dir='ltr'>προυχειρίσατο,</span> <span class='ocrx_word' id='word_1_612' title='bbox 1431 4484 1492 4537; x_wconf 73' lang='grc' dir='ltr'>οὺ</span> <span class='ocrx_word' id='word_1_613' title='bbox 1527 4489 1633 4539; x_wconf 82' lang='grc' dir='ltr'>τῶν</span> <span class='ocrx_word' id='word_1_614' title='bbox 1691 4492 1791 4554; x_wconf 77' lang='grc' dir='ltr'>τῆς</span> <span class='ocrx_word' id='word_1_615' title='bbox 1848 4507 1977 4557; x_wconf 90' lang='grc' dir='ltr'>συγ-</span> 
     </span>
    </p>
   </div>
   <div class='ocr_carea' id='block_1_90' title="bbox 320 4571 1984 4644">
    <p class='ocr_par' dir='ltr' id='par_1_90' title="bbox 320 4571 1984 4644">
     <span class='ocr_line' id='line_1_90' title="bbox 320 4571 1984 4644; baseline -0.001 -15"><span class='ocrx_word' id='word_1_616' title='bbox 320 4573 560 4644; x_wconf 63' lang='grc' dir='ltr'>κλίτου,</span> <span class='ocrx_word' id='word_1_617' title='bbox 616 4571 678 4628; x_wconf 78' lang='grc' dir='ltr'>οὐ</span> <span class='ocrx_word' id='word_1_618' title='bbox 733 4577 842 4627; x_wconf 83' lang='grc' dir='ltr'>τῶν</span> <span class='ocrx_word' id='word_1_619' title='bbox 894 4575 995 4637; x_wconf 78' lang='grc' dir='ltr'>τῆς</span> <span class='ocrx_word' id='word_1_620' title='bbox 1052 4571 1400 4641; x_wconf 85' lang='grc' dir='ltr'>Ἐκκλησίας,</span> <span class='ocrx_word' id='word_1_621' title='bbox 1460 4571 1557 4626; x_wconf 68' lang='grc' dir='ltr'>οὐκ</span> <span class='ocrx_word' id='word_1_622' title='bbox 1587 4571 1757 4628; x_wconf 76' lang='grc' dir='ltr'>ἄλλον</span> <span class='ocrx_word' id='word_1_623' title='bbox 1792 4571 1984 4628; x_wconf 65' lang='grc' dir='ltr'>οὐδένα</span> 
     </span>
    </p>
   </div>
   <div class='ocr_carea' id='block_1_91' title="bbox 323 4658 1981 4737">
    <p class='ocr_par' dir='ltr' id='par_1_91' title="bbox 323 4658 1981 4737">
     <span class='ocr_line' id='line_1_91' title="bbox 323 4658 1981 4737; baseline -0.001 -18"><span class='ocrx_word' id='word_1_624' title='bbox 323 4668 436 4719; x_wconf 79' lang='grc' dir='ltr'>τῶν</span> <span class='ocrx_word' id='word_1_625' title='bbox 492 4662 798 4732; x_wconf 79' lang='grc' dir='ltr'>Βυζαντίων</span> <span class='ocrx_word' id='word_1_626' title='bbox 846 4668 956 4717; x_wconf 80' lang='grc' dir='ltr'>τῶν</span> <span class='ocrx_word' id='word_1_627' title='bbox 1011 4658 1076 4717; x_wconf 73' lang='grc' dir='ltr'>ἓκ</span> <span class='ocrx_word' id='word_1_628' title='bbox 1100 4683 1159 4716; x_wconf 89' lang='grc' dir='ltr'>τε</span> <span class='ocrx_word' id='word_1_629' title='bbox 1203 4660 1371 4736; x_wconf 92' lang='grc' dir='ltr'>λόγου</span> <span class='ocrx_word' id='word_1_630' title='bbox 1417 4662 1505 4716; x_wconf 81' lang='grc' dir='ltr'>καὶ</span> <span class='ocrx_word' id='word_1_631' title='bbox 1551 4662 1793 4737; x_wconf 81' lang='grc' dir='ltr'>πράξεως</span> <span class='ocrx_word' id='word_1_632' title='bbox 1855 4662 1981 4718; x_wconf 86' lang='grc' dir='ltr'>ὀνο-</span> 
     </span>
    </p>
   </div>
   <div class='ocr_carea' id='block_1_92' title="bbox 330 4748 1980 4827">
    <p class='ocr_par' dir='ltr' id='par_1_92' title="bbox 330 4748 1980 4827">
     <span class='ocr_line' id='line_1_92' title="bbox 330 4748 1980 4827; baseline -0.002 -19"><span class='ocrx_word' id='word_1_633' title='bbox 330 4751 551 4827; x_wconf 79' lang='grc' dir='ltr'>μαστῶν</span> <span class='ocrx_word' id='word_1_634' title='bbox 582 4753 669 4807; x_wconf 76' lang='grc' dir='ltr'>καὶ</span> <span class='ocrx_word' id='word_1_635' title='bbox 722 4750 1105 4826; x_wconf 74' lang='grc' dir='ltr'>περιωνόμων,</span> <span class='ocrx_word' id='word_1_636' title='bbox 1156 4755 1375 4823; x_wconf 86' lang='grc' dir='ltr'>Κοσμᾶν</span> <span class='ocrx_word' id='word_1_637' title='bbox 1435 4748 1490 4804; x_wconf 75' lang='grc' dir='ltr'>δὲ</span> <span class='ocrx_word' id='word_1_638' title='bbox 1554 4772 1676 4805; x_wconf 88' lang='grc' dir='ltr'>τινα</span> <span class='ocrx_word' id='word_1_639' title='bbox 1738 4753 1980 4825; x_wconf 87' lang='grc' dir='ltr'>μοναχὸν</span> 
     </span>
    </p>
   </div>
   <div class='ocr_carea' id='block_1_93' title="bbox 324 4836 1984 4916">
    <p class='ocr_par' dir='ltr' id='par_1_93' title="bbox 324 4836 1984 4916">
     <span class='ocr_line' id='line_1_93' title="bbox 324 4836 1984 4916; baseline -0.002 -20"><span class='ocrx_word' id='word_1_640' title='bbox 324 4845 432 4907; x_wconf 78' lang='grc' dir='ltr'>τῆς</span> <span class='ocrx_word' id='word_1_641' title='bbox 488 4842 645 4916; x_wconf 84' lang='grc' dir='ltr'>ἁγίας</span> <span class='ocrx_word' id='word_1_642' title='bbox 720 4840 813 4913; x_wconf 78' lang='grc' dir='ltr'>μὲν</span> <span class='ocrx_word' id='word_1_643' title='bbox 886 4838 1101 4901; x_wconf 90' lang='grc' dir='ltr'>πόλεως</span> <span class='ocrx_word' id='word_1_644' title='bbox 1178 4839 1551 4914; x_wconf 84' lang='grc' dir='ltr'>ἀφικόμενον,</span> <span class='ocrx_word' id='word_1_645' title='bbox 1634 4839 1863 4915; x_wconf 82' lang='grc' dir='ltr'>μεγίστῃ</span> <span class='ocrx_word' id='word_1_646' title='bbox 1926 4836 1984 4893; x_wconf 72' lang='grc' dir='ltr'>δὲ</span> 
     </span>
    </p>
   </div>
   <div class='ocr_carea' id='block_1_94' title="bbox 326 4925 1983 5004">
    <p class='ocr_par' dir='ltr' id='par_1_94' title="bbox 326 4925 1983 5004">
     <span class='ocr_line' id='line_1_94' title="bbox 326 4925 1983 5004; baseline -0.002 -19"><span class='ocrx_word' id='word_1_647' title='bbox 326 4934 472 5003; x_wconf 81' lang='grc' dir='ltr'>τιμῇ</span> <span class='ocrx_word' id='word_1_648' title='bbox 530 4929 675 5001; x_wconf 86' lang='grc' dir='ltr'>παρὰ</span> <span class='ocrx_word' id='word_1_649' title='bbox 734 4926 1001 5004; x_wconf 71' lang='grc' dir='ltr'>βασιλέως</span> <span class='ocrx_word' id='word_1_650' title='bbox 1028 4928 1342 5000; x_wconf 84' lang='grc' dir='ltr'>τιμώμενον</span> <span class='ocrx_word' id='word_1_651' title='bbox 1373 4925 1463 4981; x_wconf 72' lang='grc' dir='ltr'>διὰ</span> <span class='ocrx_word' id='word_1_652' title='bbox 1489 4929 1589 4997; x_wconf 74' lang='grc' dir='ltr'>τήν</span> <span class='ocrx_word' id='word_1_653' title='bbox 1648 4927 1983 5003; x_wconf 68' lang='grc' dir='ltr'>ἐπιπρέπου-</span> 
     </span>
    </p>
   </div>
   <div class='ocr_carea' id='block_1_95' title="bbox 328 5014 1986 5095">
    <p class='ocr_par' dir='ltr' id='par_1_95' title="bbox 328 5014 1986 5095">
     <span class='ocr_line' id='line_1_95' title="bbox 328 5014 1986 5095; baseline -0.002 -22"><span class='ocrx_word' id='word_1_654' title='bbox 328 5040 427 5073; x_wconf 87' lang='grc' dir='ltr'>σαν</span> <span class='ocrx_word' id='word_1_655' title='bbox 460 5018 610 5090; x_wconf 78' lang='grc' dir='ltr'>αὖτῷ</span> <span class='ocrx_word' id='word_1_656' title='bbox 639 5017 857 5094; x_wconf 83' lang='grc' dir='ltr'>ἀρετήν·</span> <span class='ocrx_word' id='word_1_657' title='bbox 893 5016 937 5071; x_wconf 83' lang='grc' dir='ltr'>εἰ</span> <span class='ocrx_word' id='word_1_658' title='bbox 962 5016 1063 5091; x_wconf 69' lang='grc' dir='ltr'>γάρ</span> <span class='ocrx_word' id='word_1_659' title='bbox 1094 5016 1182 5071; x_wconf 88' lang='grc' dir='ltr'>καὶ</span> <span class='ocrx_word' id='word_1_660' title='bbox 1212 5018 1311 5085; x_wconf 82' lang='grc' dir='ltr'>τῆς</span> <span class='ocrx_word' id='word_1_661' title='bbox 1343 5015 1533 5089; x_wconf 79' lang='grc' dir='ltr'>ἔξωθεν</span> <span class='ocrx_word' id='word_1_662' title='bbox 1576 5017 1763 5095; x_wconf 87' lang='grc' dir='ltr'>σοφίας</span> <span class='ocrx_word' id='word_1_663' title='bbox 1796 5014 1986 5093; x_wconf 75' lang='grc' dir='ltr'>ἄγευσ-</span> 
     </span>
    </p>
   </div>
   <div class='ocr_carea' id='block_1_96' title="bbox 326 5103 1985 5179">
    <p class='ocr_par' dir='ltr' id='par_1_96' title="bbox 326 5103 1985 5179">
     <span class='ocr_line' id='line_1_96' title="bbox 326 5103 1985 5179; baseline -0.003 -16"><span class='ocrx_word' id='word_1_664' title='bbox 326 5128 425 5169; x_wconf 89' lang='grc' dir='ltr'>τος</span> <span class='ocrx_word' id='word_1_665' title='bbox 454 5108 521 5175; x_wconf 78' lang='grc' dir='ltr'>ἧν</span> <span class='ocrx_word' id='word_1_666' title='bbox 552 5107 640 5161; x_wconf 81' lang='grc' dir='ltr'>καὶ</span> <span class='ocrx_word' id='word_1_667' title='bbox 690 5105 955 5178; x_wconf 71' lang='grc' dir='ltr'>ἀμύητος,</span> <span class='ocrx_word' id='word_1_668' title='bbox 1004 5103 1130 5159; x_wconf 80' lang='grc' dir='ltr'>ἀλλ’</span> <span class='ocrx_word' id='word_1_669' title='bbox 1180 5105 1393 5179; x_wconf 82' lang='grc' dir='ltr'>ἀρεταῖς</span> <span class='ocrx_word' id='word_1_670' title='bbox 1433 5106 1712 5168; x_wconf 66' lang='grc' dir='ltr'>ποικίλαις</span> <span class='ocrx_word' id='word_1_671' title='bbox 1759 5104 1985 5179; x_wconf 74' lang='grc' dir='ltr'>ἐνωραΐ-</span> 
     </span>
    </p>
   </div>
   <div class='ocr_carea' id='block_1_97' title="bbox 334 5191 1983 5269">
    <p class='ocr_par' dir='ltr' id='par_1_97' title="bbox 334 5191 1983 5269">
     <span class='ocr_line' id='line_1_97' title="bbox 334 5191 1983 5269; baseline -0.002 -17"><span class='ocrx_word' id='word_1_672' title='bbox 334 5204 479 5267; x_wconf 82' lang='grc' dir='ltr'>ζετο.</span> <span class='ocrx_word' id='word_1_673' title='bbox 514 5197 606 5250; x_wconf 87' lang='grc' dir='ltr'>Διὸ</span> <span class='ocrx_word' id='word_1_674' title='bbox 635 5196 721 5249; x_wconf 76' lang='grc' dir='ltr'>καὶ</span> <span class='ocrx_word' id='word_1_675' title='bbox 755 5193 970 5248; x_wconf 87' lang='grc' dir='ltr'>πάντων</span> <span class='ocrx_word' id='word_1_676' title='bbox 1008 5191 1274 5269; x_wconf 78' lang='grc' dir='ltr'>ὑπεριδὼν</span> <span class='ocrx_word' id='word_1_677' title='bbox 1303 5194 1461 5249; x_wconf 83' lang='grc' dir='ltr'>αὐτὸν</span> <span class='ocrx_word' id='word_1_678' title='bbox 1502 5194 1705 5264; x_wconf 79' lang='grc' dir='ltr'>καθίζει</span> <span class='ocrx_word' id='word_1_679' title='bbox 1740 5194 1827 5248; x_wconf 85' lang='grc' dir='ltr'>ἐπὶ</span> <span class='ocrx_word' id='word_1_680' title='bbox 1875 5198 1983 5250; x_wconf 82' lang='grc' dir='ltr'>τῶν</span> 
     </span>
    </p>
   </div>
   <div class='ocr_carea' id='block_1_98' title="bbox 330 5280 1054 5355">
    <p class='ocr_par' dir='ltr' id='par_1_98' title="bbox 330 5280 1054 5355">
     <span class='ocr_line' id='line_1_98' title="bbox 330 5280 1054 5355; baseline -0.007 -14"><span class='ocrx_word' id='word_1_681' title='bbox 330 5285 539 5342; x_wconf 76' lang='grc' dir='ltr'>οἷάκων</span> <span class='ocrx_word' id='word_1_682' title='bbox 570 5291 670 5355; x_wconf 82' lang='grc' dir='ltr'>τῆς</span> <span class='ocrx_word' id='word_1_683' title='bbox 703 5280 1054 5354; x_wconf 86' lang='grc' dir='ltr'>Ἐκκλητίας.</span> 
     </span>
    </p>
   </div>
   <div class='ocr_carea' id='block_1_99' title="bbox 402 5387 1988 5461">
    <p class='ocr_par' dir='ltr' id='par_1_99' title="bbox 402 5387 1988 5461">
     <span class='ocr_line' id='line_1_99' title="bbox 402 5387 1988 5461; baseline -0.003 -13"><span class='ocrx_word' id='word_1_684' title='bbox 402 5392 464 5449; x_wconf 81' lang='grc' dir='ltr'><strong>Ὀ</strong></span> <span class='ocrx_word' id='word_1_685' title='bbox 520 5388 578 5445; x_wconf 79' lang='grc' dir='ltr'>δὶ</span> <span class='ocrx_word' id='word_1_686' title='bbox 632 5387 991 5459; x_wconf 83' lang='grc' dir='ltr'>Βοτανειάτης</span> <span class='ocrx_word' id='word_1_687' title='bbox 1046 5388 1113 5443; x_wconf 80' lang='grc' dir='ltr'>τὰ</span> <span class='ocrx_word' id='word_1_688' title='bbox 1160 5390 1281 5443; x_wconf 86' lang='grc' dir='ltr'>καθ’</span> <span class='ocrx_word' id='word_1_689' title='bbox 1338 5389 1523 5444; x_wconf 69' lang='grc' dir='ltr'>ἑαυτὸν</span> <span class='ocrx_word' id='word_1_690' title='bbox 1584 5390 1640 5444; x_wconf 72' lang='grc' dir='ltr'>εὖ</span> <span class='ocrx_word' id='word_1_691' title='bbox 1684 5387 1988 5461; x_wconf 69' lang='grc' dir='ltr'>διατιθέμε-</span> 
     </span>
    </p>
   </div>
   <div class='ocr_carea' id='block_1_100' title="bbox 332 5474 1988 5555">
    <p class='ocr_par' dir='ltr' id='par_1_100' title="bbox 332 5474 1988 5555">
     <span class='ocr_line' id='line_1_100' title="bbox 332 5474 1988 5555; baseline -0.002 -18"><span class='ocrx_word' id='word_1_692' title='bbox 332 5501 453 5549; x_wconf 83' lang='grc' dir='ltr'>νος,</span> <span class='ocrx_word' id='word_1_693' title='bbox 512 5480 603 5535; x_wconf 81' lang='grc' dir='ltr'>καὶ</span> <span class='ocrx_word' id='word_1_694' title='bbox 656 5479 794 5555; x_wconf 79' lang='grc' dir='ltr'>πρὸς</span> <span class='ocrx_word' id='word_1_695' title='bbox 830 5479 893 5533; x_wconf 85' lang='grc' dir='ltr'>τὸ</span> <span class='ocrx_word' id='word_1_696' title='bbox 944 5476 1300 5554; x_wconf 86' lang='grc' dir='ltr'>προκείμενον</span> <span class='ocrx_word' id='word_1_697' title='bbox 1361 5474 1517 5555; x_wconf 71' lang='grc' dir='ltr'>ἔργον</span> <span class='ocrx_word' id='word_1_698' title='bbox 1578 5477 1608 5533; x_wconf 77' lang='grc' dir='ltr'>ὅ</span> <span class='ocrx_word' id='word_1_699' title='bbox 1665 5477 1988 5554; x_wconf 76' lang='grc' dir='ltr'>ἀνεῤῥίψατο</span> 
     </span>
    </p>
   </div>
   <div class='ocr_carea' id='block_1_101' title="bbox 340 5566 1989 5644">
    <p class='ocr_par' dir='ltr' id='par_1_101' title="bbox 340 5566 1989 5644">
     <span class='ocr_line' id='line_1_101' title="bbox 340 5566 1989 5644; baseline -0.003 -18"><span class='ocrx_word' id='word_1_700' title='bbox 340 5568 769 5643; x_wconf 73' lang='grc' dir='ltr'>ἐτοιμαζόμενος</span> <span class='ocrx_word' id='word_1_701' title='bbox 802 5610 816 5636; x_wconf 86' lang='grc'>,</span> <span class='ocrx_word' id='word_1_702' title='bbox 882 5566 1085 5631; x_wconf 82' lang='grc' dir='ltr'>πάντας</span> <span class='ocrx_word' id='word_1_703' title='bbox 1160 5566 1277 5623; x_wconf 83' lang='grc' dir='ltr'>ὅσοι</span> <span class='ocrx_word' id='word_1_704' title='bbox 1336 5568 1469 5623; x_wconf 71' lang='grc' dir='ltr'>ποτε</span> <span class='ocrx_word' id='word_1_705' title='bbox 1524 5568 1799 5644; x_wconf 84' lang='grc' dir='ltr'>στρατείας</span> <span class='ocrx_word' id='word_1_706' title='bbox 1863 5588 1989 5641; x_wconf 87' lang='grc' dir='ltr'>μετ-</span> 
     </span>
    </p>
   </div>
   <div class='ocr_carea' id='block_1_102' title="bbox 340 5653 1990 5735">
    <p class='ocr_par' dir='ltr' id='par_1_102' title="bbox 340 5653 1990 5735">
     <span class='ocr_line' id='line_1_102' title="bbox 340 5653 1990 5735; baseline 0.002 -20"><span class='ocrx_word' id='word_1_707' title='bbox 340 5659 669 5732; x_wconf 74' lang='grc' dir='ltr'>ιποιήσαντο</span> <span class='ocrx_word' id='word_1_708' title='bbox 745 5653 1300 5734; x_wconf 78' lang='grc' dir='ltr'>προσκαλεσάμενος,</span> <span class='ocrx_word' id='word_1_709' title='bbox 1365 5659 1617 5735; x_wconf 86' lang='grc' dir='ltr'>τάγματα</span> <span class='ocrx_word' id='word_1_710' title='bbox 1673 5657 1733 5713; x_wconf 82' lang='grc' dir='ltr'>ἐκ</span> <span class='ocrx_word' id='word_1_711' title='bbox 1781 5656 1990 5718; x_wconf 78' lang='grc' dir='ltr'>τούτων</span> 
     </span>
    </p>
   </div>
   <div class='ocr_carea' id='block_1_103' title="bbox 2158 4308 3742 4381">
    <p class='ocr_par' dir='ltr' id='par_1_103' title="bbox 2158 4308 3742 4381">
     <span class='ocr_line' id='line_1_103' title="bbox 2158 4308 3742 4381; baseline 0.001 -17"><span class='ocrx_word' id='word_1_712' title='bbox 2158 4309 2396 4380; x_wconf 87' lang='lat' dir='ltr'>Sepulto</span> <span class='ocrx_word' id='word_1_713' title='bbox 2447 4314 2641 4365; x_wconf 87' lang='lat' dir='ltr'>autem</span> <span class='ocrx_word' id='word_1_714' title='bbox 2695 4308 3028 4381; x_wconf 86' lang='lat' dir='ltr'>patriarcha</span> <span class='ocrx_word' id='word_1_715' title='bbox 3072 4309 3297 4365; x_wconf 88' lang='lat' dir='ltr'>Joanne</span> <span class='ocrx_word' id='word_1_716' title='bbox 3347 4309 3644 4381; x_wconf 87' lang='lat' dir='ltr'>Xiphilino</span> <span class='ocrx_word' id='word_1_717' title='bbox 3684 4315 3742 4365; x_wconf 87' lang='lat' dir='ltr'>et</span> 
     </span>
    </p>
   </div>
   <div class='ocr_carea' id='block_1_104' title="bbox 2090 4397 3740 4469">
    <p class='ocr_par' dir='ltr' id='par_1_104' title="bbox 2090 4397 3740 4469">
     <span class='ocr_line' id='line_1_104' title="bbox 2090 4397 3740 4469; baseline 0 -16"><span class='ocrx_word' id='word_1_718' title='bbox 2090 4400 2159 4453; x_wconf 89' lang='lat' dir='ltr'>ad</span> <span class='ocrx_word' id='word_1_719' title='bbox 2193 4399 2400 4454; x_wconf 88' lang='lat' dir='ltr'>domos</span> <span class='ocrx_word' id='word_1_720' title='bbox 2444 4404 2686 4452; x_wconf 61' lang='lat' dir='ltr'>internas</span> <span class='ocrx_word' id='word_1_721' title='bbox 2736 4397 3020 4452; x_wconf 86' lang='lat' dir='ltr'>translato</span> <span class='ocrx_word' id='word_1_722' title='bbox 3052 4398 3371 4469; x_wconf 89' lang='lat' dir='ltr'>imperator</span> <span class='ocrx_word' id='word_1_723' title='bbox 3401 4398 3582 4453; x_wconf 90' lang='lat' dir='ltr'>alium</span> <span class='ocrx_word' id='word_1_724' title='bbox 3633 4399 3740 4453; x_wconf 86' lang='lat' dir='ltr'>de-</span> 
     </span>
    </p>
   </div>
   <div class='ocr_carea' id='block_1_105' title="bbox 2088 4487 3742 4559">
    <p class='ocr_par' dir='ltr' id='par_1_105' title="bbox 2088 4487 3742 4559">
     <span class='ocr_line' id='line_1_105' title="bbox 2088 4487 3742 4559; baseline 0 -18"><span class='ocrx_word' id='word_1_725' title='bbox 2088 4487 2253 4559; x_wconf 89' lang='lat' dir='ltr'>legit,</span> <span class='ocrx_word' id='word_1_726' title='bbox 2287 4505 2399 4542; x_wconf 91' lang='lat' dir='ltr'>non</span> <span class='ocrx_word' id='word_1_727' title='bbox 2451 4504 2518 4542; x_wconf 87' lang='lat' dir='ltr'>ex</span> <span class='ocrx_word' id='word_1_728' title='bbox 2568 4487 2863 4541; x_wconf 85' lang='lat' dir='ltr'>senatorio</span> <span class='ocrx_word' id='word_1_729' title='bbox 2909 4488 3113 4542; x_wconf 91' lang='lat' dir='ltr'>ordine</span> <span class='ocrx_word' id='word_1_730' title='bbox 3148 4504 3335 4558; x_wconf 89' lang='lat' dir='ltr'>neque</span> <span class='ocrx_word' id='word_1_731' title='bbox 3366 4504 3433 4541; x_wconf 83' lang='lat' dir='ltr'>ex</span> <span class='ocrx_word' id='word_1_732' title='bbox 3463 4487 3742 4555; x_wconf 78' lang='lat' dir='ltr'>Ecclesia,</span> 
     </span>
    </p>
   </div>
   <div class='ocr_carea' id='block_1_106' title="bbox 2095 4576 3745 4649">
    <p class='ocr_par' dir='ltr' id='par_1_106' title="bbox 2095 4576 3745 4649">
     <span class='ocr_line' id='line_1_106' title="bbox 2095 4576 3745 4649; baseline -0.002 -16"><span class='ocrx_word' id='word_1_733' title='bbox 2095 4594 2281 4649; x_wconf 89' lang='lat' dir='ltr'>neque</span> <span class='ocrx_word' id='word_1_734' title='bbox 2325 4577 2511 4632; x_wconf 88' lang='lat' dir='ltr'>ullum</span> <span class='ocrx_word' id='word_1_735' title='bbox 2543 4576 2721 4631; x_wconf 88' lang='lat' dir='ltr'>alium</span> <span class='ocrx_word' id='word_1_736' title='bbox 2780 4576 3187 4648; x_wconf 82' lang='lat' dir='ltr'>Byzantiorum</span> <span class='ocrx_word' id='word_1_737' title='bbox 3240 4577 3358 4632; x_wconf 89' lang='lat' dir='ltr'>sive</span> <span class='ocrx_word' id='word_1_738' title='bbox 3406 4576 3745 4648; x_wconf 90' lang='lat' dir='ltr'>eloquentia</span> 
     </span>
    </p>
   </div>
   <div class='ocr_carea' id='block_1_107' title="bbox 2091 4666 3752 4737">
    <p class='ocr_par' dir='ltr' id='par_1_107' title="bbox 2091 4666 3752 4737">
     <span class='ocr_line' id='line_1_107' title="bbox 2091 4666 3752 4737; baseline -0.001 -15"><span class='ocrx_word' id='word_1_739' title='bbox 2091 4667 2213 4723; x_wconf 88' lang='lat' dir='ltr'>sive</span> <span class='ocrx_word' id='word_1_740' title='bbox 2243 4668 2418 4722; x_wconf 88' lang='lat' dir='ltr'>rebus</span> <span class='ocrx_word' id='word_1_741' title='bbox 2470 4666 2651 4737; x_wconf 86' lang='lat' dir='ltr'>gestis</span> <span class='ocrx_word' id='word_1_742' title='bbox 2681 4666 2973 4723; x_wconf 87' lang='lat' dir='ltr'>clarorum</span> <span class='ocrx_word' id='word_1_743' title='bbox 3020 4672 3076 4722; x_wconf 91' lang='lat' dir='ltr'>et</span> <span class='ocrx_word' id='word_1_744' title='bbox 3106 4666 3446 4733; x_wconf 89' lang='lat' dir='ltr'>celebrium,</span> <span class='ocrx_word' id='word_1_745' title='bbox 3480 4667 3578 4722; x_wconf 90' lang='lat' dir='ltr'>sed</span> <span class='ocrx_word' id='word_1_746' title='bbox 3614 4666 3752 4721; x_wconf 86' lang='lat' dir='ltr'>Cos-</span> 
     </span>
    </p>
   </div>
   <div class='ocr_carea' id='block_1_108' title="bbox 2094 4754 3750 4825">
    <p class='ocr_par' dir='ltr' id='par_1_108' title="bbox 2094 4754 3750 4825">
     <span class='ocr_line' id='line_1_108' title="bbox 2094 4754 3750 4825; baseline -0.001 -14"><span class='ocrx_word' id='word_1_747' title='bbox 2094 4772 2251 4811; x_wconf 90' lang='lat' dir='ltr'>mam</span> <span class='ocrx_word' id='word_1_748' title='bbox 2284 4756 2603 4825; x_wconf 89' lang='lat' dir='ltr'>quemdam</span> <span class='ocrx_word' id='word_1_749' title='bbox 2656 4754 3034 4824; x_wconf 89' lang='lat' dir='ltr'>monachum,</span> <span class='ocrx_word' id='word_1_750' title='bbox 3069 4756 3168 4825; x_wconf 90' lang='lat' dir='ltr'>qui</span> <span class='ocrx_word' id='word_1_751' title='bbox 3202 4773 3233 4809; x_wconf 88' lang='lat' dir='ltr'>a</span> <span class='ocrx_word' id='word_1_752' title='bbox 3266 4759 3469 4810; x_wconf 90' lang='lat' dir='ltr'>sancta</span> <span class='ocrx_word' id='word_1_753' title='bbox 3517 4754 3750 4810; x_wconf 88' lang='lat' dir='ltr'>civitate</span> 
     </span>
    </p>
   </div>
   <div class='ocr_carea' id='block_1_109' title="bbox 2096 4844 3748 4915">
    <p class='ocr_par' dir='ltr' id='par_1_109' title="bbox 2096 4844 3748 4915">
     <span class='ocr_line' id='line_1_109' title="bbox 2096 4844 3748 4915; baseline 0.002 -19"><span class='ocrx_word' id='word_1_754' title='bbox 2096 4849 2352 4909; x_wconf 87' lang='lat' dir='ltr'>venerat,</span> <span class='ocrx_word' id='word_1_755' title='bbox 2384 4850 2439 4898; x_wconf 91' lang='lat' dir='ltr'>et</span> <span class='ocrx_word' id='word_1_756' title='bbox 2488 4844 2545 4898; x_wconf 92' lang='lat' dir='ltr'>in</span> <span class='ocrx_word' id='word_1_757' title='bbox 2581 4845 2834 4899; x_wconf 85' lang='lat' dir='ltr'>maximo</span> <span class='ocrx_word' id='word_1_758' title='bbox 2883 4844 3102 4899; x_wconf 88' lang='lat' dir='ltr'>honore</span> <span class='ocrx_word' id='word_1_759' title='bbox 3150 4846 3300 4914; x_wconf 86' lang='lat' dir='ltr'>apud</span> <span class='ocrx_word' id='word_1_760' title='bbox 3334 4844 3748 4915; x_wconf 88' lang='lat' dir='ltr'>imperatorem</span> 
     </span>
    </p>
   </div>
   <div class='ocr_carea' id='block_1_110' title="bbox 2095 4935 3746 5006">
    <p class='ocr_par' dir='ltr' id='par_1_110' title="bbox 2095 4935 3746 5006">
     <span class='ocr_line' id='line_1_110' title="bbox 2095 4935 3746 5006; baseline -0.001 -15"><span class='ocrx_word' id='word_1_761' title='bbox 2095 4936 2421 4991; x_wconf 83' lang='lat' dir='ltr'>habebatur</span> <span class='ocrx_word' id='word_1_762' title='bbox 2466 4941 2700 5006; x_wconf 88' lang='lat' dir='ltr'>propter</span> <span class='ocrx_word' id='word_1_763' title='bbox 2756 4936 3030 4992; x_wconf 87' lang='lat' dir='ltr'>virtutem</span> <span class='ocrx_word' id='word_1_764' title='bbox 3091 4953 3207 5006; x_wconf 89' lang='lat' dir='ltr'>qua</span> <span class='ocrx_word' id='word_1_765' title='bbox 3263 4935 3545 5006; x_wconf 61' lang='lat' dir='ltr'>prteditus</span> <span class='ocrx_word' id='word_1_766' title='bbox 3602 4940 3746 4990; x_wconf 85' lang='lat' dir='ltr'>erat.</span> 
     </span>
    </p>
   </div>
   <div class='ocr_carea' id='block_1_111' title="bbox 2094 5021 3750 5093">
    <p class='ocr_par' dir='ltr' id='par_1_111' title="bbox 2094 5021 3750 5093">
     <span class='ocr_line' id='line_1_111' title="bbox 2094 5021 3750 5093; baseline 0 -16"><span class='ocrx_word' id='word_1_767' title='bbox 2094 5028 2242 5078; x_wconf 85' lang='lat' dir='ltr'>Nam</span> <span class='ocrx_word' id='word_1_768' title='bbox 2266 5022 2494 5077; x_wconf 78' lang='lat' dir='ltr'>tametsi</span> <span class='ocrx_word' id='word_1_769' title='bbox 2518 5030 2770 5078; x_wconf 63' lang='lat' dir='ltr'>externae</span> <span class='ocrx_word' id='word_1_770' title='bbox 2797 5022 3094 5093; x_wconf 79' lang='lat' dir='ltr'>sapientiae</span> <span class='ocrx_word' id='word_1_771' title='bbox 3122 5039 3327 5093; x_wconf 78' lang='lat' dir='ltr'>expers</span> <span class='ocrx_word' id='word_1_772' title='bbox 3349 5027 3474 5077; x_wconf 90' lang='lat' dir='ltr'>erat</span> <span class='ocrx_word' id='word_1_773' title='bbox 3504 5026 3561 5076; x_wconf 88' lang='lat' dir='ltr'>et</span> <span class='ocrx_word' id='word_1_774' title='bbox 3589 5021 3750 5077; x_wconf 91' lang='lat' dir='ltr'>illius</span> 
     </span>
    </p>
   </div>
   <div class='ocr_carea' id='block_1_112' title="bbox 2101 5109 3749 5181">
    <p class='ocr_par' dir='ltr' id='par_1_112' title="bbox 2101 5109 3749 5181">
     <span class='ocr_line' id='line_1_112' title="bbox 2101 5109 3749 5181; baseline -0.002 -16"><span class='ocrx_word' id='word_1_775' title='bbox 2101 5111 2371 5178; x_wconf 89' lang='lat' dir='ltr'>mysteria</span> <span class='ocrx_word' id='word_1_776' title='bbox 2406 5111 2649 5165; x_wconf 89' lang='lat' dir='ltr'>minime</span> <span class='ocrx_word' id='word_1_777' title='bbox 2679 5115 2963 5181; x_wconf 88' lang='lat' dir='ltr'>gustarat,</span> <span class='ocrx_word' id='word_1_778' title='bbox 2999 5117 3255 5164; x_wconf 90' lang='lat' dir='ltr'>attamen</span> <span class='ocrx_word' id='word_1_779' title='bbox 3287 5110 3464 5164; x_wconf 85' lang='lat' dir='ltr'>variis</span> <span class='ocrx_word' id='word_1_780' title='bbox 3511 5109 3749 5163; x_wconf 87' lang='lat' dir='ltr'>virtuti-</span> 
     </span>
    </p>
   </div>
   <div class='ocr_carea' id='block_1_113' title="bbox 2097 5198 3748 5271">
    <p class='ocr_par' dir='ltr' id='par_1_113' title="bbox 2097 5198 3748 5271">
     <span class='ocr_line' id='line_1_113' title="bbox 2097 5198 3748 5271; baseline -0.001 -17"><span class='ocrx_word' id='word_1_781' title='bbox 2097 5203 2207 5254; x_wconf 90' lang='lat' dir='ltr'>bus</span> <span class='ocrx_word' id='word_1_782' title='bbox 2258 5200 2697 5266; x_wconf 86' lang='lat' dir='ltr'>cfllorescebat;</span> <span class='ocrx_word' id='word_1_783' title='bbox 2735 5204 3091 5271; x_wconf 88' lang='lat' dir='ltr'>quapropter</span> <span class='ocrx_word' id='word_1_784' title='bbox 3140 5199 3419 5254; x_wconf 89' lang='lat' dir='ltr'>omnibus</span> <span class='ocrx_word' id='word_1_785' title='bbox 3470 5198 3600 5253; x_wconf 86' lang='lat' dir='ltr'>aliis</span> <span class='ocrx_word' id='word_1_786' title='bbox 3650 5215 3748 5253; x_wconf 90' lang='lat' dir='ltr'>ne-</span> 
     </span>
    </p>
   </div>
   <div class='ocr_carea' id='block_1_114' title="bbox 2096 5286 3748 5360">
    <p class='ocr_par' dir='ltr' id='par_1_114' title="bbox 2096 5286 3748 5360">
     <span class='ocr_line' id='line_1_114' title="bbox 2096 5286 3748 5360; baseline 0.001 -17"><span class='ocrx_word' id='word_1_787' title='bbox 2096 5288 2295 5360; x_wconf 81' lang='lat' dir='ltr'>glectis</span> <span class='ocrx_word' id='word_1_788' title='bbox 2349 5289 2545 5359; x_wconf 90' lang='lat' dir='ltr'>ipsum</span> <span class='ocrx_word' id='word_1_789' title='bbox 2591 5289 2663 5344; x_wconf 92' lang='lat' dir='ltr'>ad</span> <span class='ocrx_word' id='word_1_790' title='bbox 2713 5288 2982 5343; x_wconf 79' lang='lat' dir='ltr'>Ecclesiae</span> <span class='ocrx_word' id='word_1_791' title='bbox 3032 5287 3433 5360; x_wconf 88' lang='lat' dir='ltr'>gubernacula</span> <span class='ocrx_word' id='word_1_792' title='bbox 3478 5286 3748 5345; x_wconf 87' lang='lat' dir='ltr'>collocat.</span> 
     </span>
    </p>
   </div>
   <div class='ocr_carea' id='block_1_115' title="bbox 2169 5394 3749 5465">
    <p class='ocr_par' dir='ltr' id='par_1_115' title="bbox 2169 5394 3749 5465">
     <span class='ocr_line' id='line_1_115' title="bbox 2169 5394 3749 5465; baseline -0.001 -15"><span class='ocrx_word' id='word_1_793' title='bbox 2169 5395 2501 5450; x_wconf 88' lang='lat' dir='ltr'>Botaniates</span> <span class='ocrx_word' id='word_1_794' title='bbox 2532 5411 2665 5449; x_wconf 91' lang='lat' dir='ltr'>vero</span> <span class='ocrx_word' id='word_1_795' title='bbox 2685 5395 2829 5448; x_wconf 89' lang='lat' dir='ltr'>bene</span> <span class='ocrx_word' id='word_1_796' title='bbox 2859 5394 3206 5465; x_wconf 89' lang='lat' dir='ltr'>compositis</span> <span class='ocrx_word' id='word_1_797' title='bbox 3230 5394 3350 5449; x_wconf 88' lang='lat' dir='ltr'>suis</span> <span class='ocrx_word' id='word_1_798' title='bbox 3374 5394 3573 5462; x_wconf 88' lang='lat' dir='ltr'>rebus,</span> <span class='ocrx_word' id='word_1_799' title='bbox 3592 5397 3649 5448; x_wconf 90' lang='lat' dir='ltr'>et</span> <span class='ocrx_word' id='word_1_800' title='bbox 3677 5394 3749 5449; x_wconf 89' lang='lat' dir='ltr'>ad</span> 
     </span>
    </p>
   </div>
   <div class='ocr_carea' id='block_1_116' title="bbox 2099 5482 3755 5557">
    <p class='ocr_par' dir='ltr' id='par_1_116' title="bbox 2099 5482 3755 5557">
     <span class='ocr_line' id='line_1_116' title="bbox 2099 5482 3755 5557; baseline -0.002 -19"><span class='ocrx_word' id='word_1_801' title='bbox 2099 5484 2465 5557; x_wconf 86' lang='lat' dir='ltr'>propositum</span> <span class='ocrx_word' id='word_1_802' title='bbox 2496 5500 2665 5556; x_wconf 91' lang='lat' dir='ltr'>opus,</span> <span class='ocrx_word' id='word_1_803' title='bbox 2699 5483 2855 5555; x_wconf 92' lang='lat' dir='ltr'>quod</span> <span class='ocrx_word' id='word_1_804' title='bbox 2888 5483 3220 5552; x_wconf 82' lang='lat' dir='ltr'>distulerat,</span> <span class='ocrx_word' id='word_1_805' title='bbox 3254 5488 3516 5556; x_wconf 86' lang='lat' dir='ltr'>paratus,</span> <span class='ocrx_word' id='word_1_806' title='bbox 3569 5482 3755 5537; x_wconf 90' lang='lat' dir='ltr'>omni-</span> 
     </span>
    </p>
   </div>
   <div class='ocr_carea' id='block_1_117' title="bbox 2100 5571 3751 5646">
    <p class='ocr_par' dir='ltr' id='par_1_117' title="bbox 2100 5571 3751 5646">
     <span class='ocr_line' id='line_1_117' title="bbox 2100 5571 3751 5646; baseline -0.002 -16"><span class='ocrx_word' id='word_1_807' title='bbox 2100 5575 2211 5630; x_wconf 92' lang='lat' dir='ltr'>bus</span> <span class='ocrx_word' id='word_1_808' title='bbox 2266 5573 2597 5645; x_wconf 89' lang='lat' dir='ltr'>quicunque</span> <span class='ocrx_word' id='word_1_809' title='bbox 2657 5589 2917 5643; x_wconf 89' lang='lat' dir='ltr'>unquam</span> <span class='ocrx_word' id='word_1_810' title='bbox 2979 5573 3246 5628; x_wconf 88' lang='lat' dir='ltr'>militiam</span> <span class='ocrx_word' id='word_1_811' title='bbox 3308 5571 3556 5646; x_wconf 86' lang='lat' dir='ltr'>professi</span> <span class='ocrx_word' id='word_1_812' title='bbox 3601 5572 3751 5627; x_wconf 73' lang='lat'><strong>732</strong></span> 
     </span>
    </p>
   </div>
   <div class='ocr_carea' id='block_1_118' title="bbox 2102 5659 3752 5738">
    <p class='ocr_par' dir='ltr' id='par_1_118' title="bbox 2102 5659 3752 5738">
     <span class='ocr_line' id='line_1_118' title="bbox 2102 5659 3752 5738; baseline -0.002 -18"><span class='ocrx_word' id='word_1_813' title='bbox 2102 5664 2334 5721; x_wconf 83' lang='lat' dir='ltr'>fuerant</span> <span class='ocrx_word' id='word_1_814' title='bbox 2379 5663 2452 5721; x_wconf 89' lang='lat' dir='ltr'>ad</span> <span class='ocrx_word' id='word_1_815' title='bbox 2509 5680 2572 5721; x_wconf 90' lang='lat' dir='ltr'>se</span> <span class='ocrx_word' id='word_1_816' title='bbox 2629 5662 2949 5735; x_wconf 86' lang='lat' dir='ltr'>accersitis,</span> <span class='ocrx_word' id='word_1_817' title='bbox 2982 5661 3242 5738; x_wconf 88' lang='lat' dir='ltr'>legiones</span> <span class='ocrx_word' id='word_1_818' title='bbox 3300 5679 3368 5719; x_wconf 89' lang='lat' dir='ltr'>ex</span> <span class='ocrx_word' id='word_1_819' title='bbox 3424 5662 3498 5717; x_wconf 91' lang='lat' dir='ltr'>iis</span> <span class='ocrx_word' id='word_1_820' title='bbox 3544 5659 3752 5732; x_wconf 86' lang='lat' dir='ltr'>coegit.</span> 
     </span>
    </p>
   </div>
  </div>
