  <div class='ocr_page' id='page_1' title='image "/cluster/home/n/w/nwhite01/storage/ocr_20150623/122 pt.2/mdp.39015037401315/239.png"; bbox 0 0 4084 6140; ppageno 0'>
   <div class='ocr_carea' id='block_1_1' title="bbox 438 323 555 382">
    <p class='ocr_par' dir='ltr' id='par_1_1' title="bbox 438 323 555 382">
     <span class='ocr_line' id='line_1_1' title="bbox 438 323 555 382; baseline 0 0"><span class='ocrx_word' id='word_1_1' title='bbox 438 323 555 382; x_wconf 80' lang='grc'>463</span> 
     </span>
    </p>
   </div>
   <div class='ocr_carea' id='block_1_2' title="bbox 1758 314 2531 376">
    <p class='ocr_par' dir='ltr' id='par_1_2' title="bbox 1758 314 2531 376">
     <span class='ocr_line' id='line_1_2' title="bbox 1758 314 2531 376; baseline -0.001 0"><span class='ocrx_word' id='word_1_2' title='bbox 1758 316 1948 376; x_wconf 72' lang='lat' dir='ltr'>JOAN</span> <span class='ocrx_word' id='word_1_3' title='bbox 1963 314 2084 375; x_wconf 79' lang='lat' dir='ltr'>NIS</span> <span class='ocrx_word' id='word_1_4' title='bbox 2132 315 2531 376; x_wconf 73' lang='lat' dir='ltr'>SCYLITZAZ</span> 
     </span>
    </p>
   </div>
   <div class='ocr_carea' id='block_1_3' title="bbox 3695 322 3799 381">
    <p class='ocr_par' dir='ltr' id='par_1_3' title="bbox 3695 322 3799 381">
     <span class='ocr_line' id='line_1_3' title="bbox 3695 322 3799 381; baseline 0.019 -2"><span class='ocrx_word' id='word_1_5' title='bbox 3695 322 3799 381; x_wconf 67' lang='grc'>464</span> 
     </span>
    </p>
   </div>
   <div class='ocr_carea' id='block_1_4' title="bbox 438 445 2082 523">
    <p class='ocr_par' dir='ltr' id='par_1_4' title="bbox 438 447 2082 523">
     <span class='ocr_line' id='line_1_4' title="bbox 438 447 2082 523; baseline -0.006 -13"><span class='ocrx_word' id='word_1_6' title='bbox 438 454 665 522; x_wconf 87' lang='lat' dir='ltr'>Quibus</span> <span class='ocrx_word' id='word_1_7' title='bbox 693 455 752 508; x_wconf 89' lang='lat' dir='ltr'>et</span> <span class='ocrx_word' id='word_1_8' title='bbox 803 450 1083 523; x_wconf 82' lang='lat' dir='ltr'>pecunias</span> <span class='ocrx_word' id='word_1_9' title='bbox 1135 453 1193 503; x_wconf 88' lang='lat' dir='ltr'>et</span> <span class='ocrx_word' id='word_1_10' title='bbox 1240 447 1595 519; x_wconf 75' lang='lat' dir='ltr'>dignitatum</span> <span class='ocrx_word' id='word_1_11' title='bbox 1641 447 1897 519; x_wconf 89' lang='lat' dir='ltr'>insignia</span> <span class='ocrx_word' id='word_1_12' title='bbox 1948 447 2082 501; x_wconf 82' lang='lat' dir='ltr'>elar-</span> 
     </span>
    </p>
   </div>
   <div class='ocr_carea' id='block_1_5' title="bbox 2194 445 3799 523">
    <p class='ocr_par' dir='ltr' id='par_1_5' title="bbox 2202 445 3799 523">
     <span class='ocr_line' id='line_1_5' title="bbox 2202 445 3799 523; baseline 0.006 -25"><span class='ocrx_word' id='word_1_13' title='bbox 2202 447 2586 517; x_wconf 82' lang='grc' dir='ltr'>συνεστήσατο,</span> <span class='ocrx_word' id='word_1_14' title='bbox 2645 450 2728 509; x_wconf 82' lang='grc' dir='ltr'>οἷς</span> <span class='ocrx_word' id='word_1_15' title='bbox 2783 447 2872 502; x_wconf 82' lang='grc' dir='ltr'>καὶ</span> <span class='ocrx_word' id='word_1_16' title='bbox 2931 447 3235 523; x_wconf 85' lang='grc' dir='ltr'>χρημάτων</span> <span class='ocrx_word' id='word_1_17' title='bbox 3296 445 3522 522; x_wconf 76' lang='grc' dir='ltr'>διανομῇ</span> <span class='ocrx_word' id='word_1_18' title='bbox 3559 451 3799 522; x_wconf 79' lang='grc' dir='ltr'>καὶάξιω-</span> 
     </span>
    </p>
   </div>
   <div class='ocr_carea' id='block_1_6' title="bbox 437 537 2086 616">
    <p class='ocr_par' dir='ltr' id='par_1_6' title="bbox 437 537 2086 616">
     <span class='ocr_line' id='line_1_6' title="bbox 437 537 2086 616; baseline -0.004 -18"><span class='ocrx_word' id='word_1_19' title='bbox 437 544 616 616; x_wconf 86' lang='lat' dir='ltr'>gitns,</span> <span class='ocrx_word' id='word_1_20' title='bbox 673 540 851 597; x_wconf 88' lang='lat' dir='ltr'>etiam</span> <span class='ocrx_word' id='word_1_21' title='bbox 927 538 1290 610; x_wconf 78' lang='lat' dir='ltr'>negligentes</span> <span class='ocrx_word' id='word_1_22' title='bbox 1368 537 1436 591; x_wconf 86' lang='lat' dir='ltr'>ad</span> <span class='ocrx_word' id='word_1_23' title='bbox 1514 537 1877 609; x_wconf 89' lang='lat' dir='ltr'>propositum</span> <span class='ocrx_word' id='word_1_24' title='bbox 1937 553 2086 608; x_wconf 88' lang='lat' dir='ltr'>opus</span> 
     </span>
    </p>
   </div>
   <div class='ocr_carea' id='block_1_7' title="bbox 437 624 2083 705">
    <p class='ocr_par' dir='ltr' id='par_1_7' title="bbox 437 624 2083 705">
     <span class='ocr_line' id='line_1_7' title="bbox 437 624 2083 705; baseline -0.005 -17"><span class='ocrx_word' id='word_1_25' title='bbox 437 635 740 705; x_wconf 87' lang='lat' dir='ltr'>promptos</span> <span class='ocrx_word' id='word_1_26' title='bbox 789 627 1044 685; x_wconf 81' lang='lat' dir='ltr'>reddidit</span> <span class='ocrx_word' id='word_1_27' title='bbox 1093 631 1270 698; x_wconf 90' lang='lat' dir='ltr'>atque</span> <span class='ocrx_word' id='word_1_28' title='bbox 1319 625 1562 681; x_wconf 80' lang='lat' dir='ltr'>alacres.</span> <span class='ocrx_word' id='word_1_29' title='bbox 1595 626 1818 690; x_wconf 89' lang='lat' dir='ltr'>Quibus</span> <span class='ocrx_word' id='word_1_30' title='bbox 1867 624 2083 680; x_wconf 81' lang='lat' dir='ltr'>auditis</span> 
     </span>
    </p>
   </div>
   <div class='ocr_carea' id='block_1_8' title="bbox 437 714 2082 792">
    <p class='ocr_par' dir='ltr' id='par_1_8' title="bbox 437 714 2082 792">
     <span class='ocr_line' id='line_1_8' title="bbox 437 714 2082 792; baseline -0.005 -16"><span class='ocrx_word' id='word_1_31' title='bbox 437 720 523 776; x_wconf 88' lang='lat' dir='ltr'>illi</span> <span class='ocrx_word' id='word_1_32' title='bbox 555 719 731 775; x_wconf 86' lang='lat' dir='ltr'>etiam</span> <span class='ocrx_word' id='word_1_33' title='bbox 783 719 882 792; x_wconf 93' lang='lat' dir='ltr'>qui</span> <span class='ocrx_word' id='word_1_34' title='bbox 933 718 1004 772; x_wconf 89' lang='lat' dir='ltr'>ab</span> <span class='ocrx_word' id='word_1_35' title='bbox 1050 717 1400 786; x_wconf 82' lang='lat' dir='ltr'>imperatore</span> <span class='ocrx_word' id='word_1_36' title='bbox 1433 715 1599 770; x_wconf 89' lang='lat' dir='ltr'>missi</span> <span class='ocrx_word' id='word_1_37' title='bbox 1633 715 1861 770; x_wconf 83' lang='lat' dir='ltr'>fuerant</span> <span class='ocrx_word' id='word_1_38' title='bbox 1891 719 1954 769; x_wconf 90' lang='lat' dir='ltr'>ut</span> <span class='ocrx_word' id='word_1_39' title='bbox 1986 714 2082 771; x_wconf 88' lang='lat' dir='ltr'>Ni-</span> 
     </span>
    </p>
   </div>
   <div class='ocr_carea' id='block_1_9' title="bbox 439 804 2077 876">
    <p class='ocr_par' dir='ltr' id='par_1_9' title="bbox 439 804 2077 876">
     <span class='ocr_line' id='line_1_9' title="bbox 439 804 2077 876; baseline -0.004 -11"><span class='ocrx_word' id='word_1_40' title='bbox 439 826 614 865; x_wconf 71' lang='lat' dir='ltr'>caaam</span> <span class='ocrx_word' id='word_1_41' title='bbox 663 807 1048 871; x_wconf 87' lang='lat' dir='ltr'>custodirent,</span> <span class='ocrx_word' id='word_1_42' title='bbox 1082 822 1214 860; x_wconf 92' lang='lat' dir='ltr'>cum</span> <span class='ocrx_word' id='word_1_43' title='bbox 1249 804 1521 860; x_wconf 90' lang='lat' dir='ltr'>omnibus</span> <span class='ocrx_word' id='word_1_44' title='bbox 1553 804 1736 876; x_wconf 86' lang='lat' dir='ltr'>ecpiis</span> <span class='ocrx_word' id='word_1_45' title='bbox 1767 805 1837 859; x_wconf 89' lang='lat' dir='ltr'>ad</span> <span class='ocrx_word' id='word_1_46' title='bbox 1884 805 2077 875; x_wconf 90' lang='lat' dir='ltr'>ipsum</span> 
     </span>
    </p>
   </div>
   <div class='ocr_carea' id='block_1_10' title="bbox 437 893 2080 970">
    <p class='ocr_par' dir='ltr' id='par_1_10' title="bbox 437 893 2080 970">
     <span class='ocr_line' id='line_1_10' title="bbox 437 893 2080 970; baseline -0.004 -16"><span class='ocrx_word' id='word_1_47' title='bbox 437 898 806 970; x_wconf 86' lang='lat' dir='ltr'>transfugere</span> <span class='ocrx_word' id='word_1_48' title='bbox 837 901 894 952; x_wconf 81' lang='lat' dir='ltr'>et</span> <span class='ocrx_word' id='word_1_49' title='bbox 923 896 1126 950; x_wconf 86' lang='lat' dir='ltr'>urbem</span> <span class='ocrx_word' id='word_1_50' title='bbox 1160 893 1285 949; x_wconf 89' lang='lat' dir='ltr'>sine</span> <span class='ocrx_word' id='word_1_51' title='bbox 1315 910 1510 965; x_wconf 84' lang='lat' dir='ltr'>pugna</span> <span class='ocrx_word' id='word_1_52' title='bbox 1538 893 1905 948; x_wconf 86' lang='lat' dir='ltr'>dediderunt.</span> <span class='ocrx_word' id='word_1_53' title='bbox 1939 893 2080 948; x_wconf 88' lang='lat' dir='ltr'>Coe-</span> 
     </span>
    </p>
   </div>
   <div class='ocr_carea' id='block_1_11' title="bbox 440 982 2088 1060">
    <p class='ocr_par' dir='ltr' id='par_1_11' title="bbox 440 982 2088 1060">
     <span class='ocr_line' id='line_1_11' title="bbox 440 982 2088 1060; baseline -0.004 -16"><span class='ocrx_word' id='word_1_54' title='bbox 440 987 525 1060; x_wconf 88' lang='lat' dir='ltr'>git</span> <span class='ocrx_word' id='word_1_55' title='bbox 553 988 693 1043; x_wconf 84' lang='lat' dir='ltr'>item</span> <span class='ocrx_word' id='word_1_56' title='bbox 725 984 1034 1040; x_wconf 82' lang='lat' dir='ltr'>Turcicum</span> <span class='ocrx_word' id='word_1_57' title='bbox 1084 983 1398 1039; x_wconf 84' lang='lat' dir='ltr'>exercitum</span> <span class='ocrx_word' id='word_1_58' title='bbox 1428 982 1728 1050; x_wconf 86' lang='lat' dir='ltr'>idoneum,</span> <span class='ocrx_word' id='word_1_59' title='bbox 1773 983 1940 1053; x_wconf 84' lang='lat' dir='ltr'>cujus</span> <span class='ocrx_word' id='word_1_60' title='bbox 1971 983 2088 1038; x_wconf 83' lang='lat' dir='ltr'>dux</span> 
     </span>
    </p>
   </div>
   <div class='ocr_carea' id='block_1_12' title="bbox 440 1072 2086 1144">
    <p class='ocr_par' dir='ltr' id='par_1_12' title="bbox 440 1072 2086 1144">
     <span class='ocr_line' id='line_1_12' title="bbox 440 1072 2086 1144; baseline -0.004 -11"><span class='ocrx_word' id='word_1_61' title='bbox 440 1081 564 1133; x_wconf 89' lang='lat' dir='ltr'>erat</span> <span class='ocrx_word' id='word_1_62' title='bbox 593 1075 902 1132; x_wconf 88' lang='lat' dir='ltr'>Cutlumus</span> <span class='ocrx_word' id='word_1_63' title='bbox 933 1073 1031 1128; x_wconf 90' lang='lat' dir='ltr'>ille</span> <span class='ocrx_word' id='word_1_64' title='bbox 1057 1073 1302 1128; x_wconf 89' lang='lat' dir='ltr'>celebris</span> <span class='ocrx_word' id='word_1_65' title='bbox 1329 1090 1462 1128; x_wconf 91' lang='lat' dir='ltr'>cum</span> <span class='ocrx_word' id='word_1_66' title='bbox 1489 1072 1624 1127; x_wconf 80' lang='lat' dir='ltr'>ﬁliis</span> <span class='ocrx_word' id='word_1_67' title='bbox 1657 1073 1938 1144; x_wconf 90' lang='lat' dir='ltr'>quinque.</span> <span class='ocrx_word' id='word_1_68' title='bbox 1971 1072 2086 1126; x_wconf 90' lang='lat' dir='ltr'>Hos</span> 
     </span>
    </p>
   </div>
   <div class='ocr_carea' id='block_1_13' title="bbox 443 1162 2087 1234">
    <p class='ocr_par' dir='ltr' id='par_1_13' title="bbox 443 1162 2087 1234">
     <span class='ocr_line' id='line_1_13' title="bbox 443 1162 2087 1234; baseline -0.004 -13"><span class='ocrx_word' id='word_1_69' title='bbox 443 1167 551 1223; x_wconf 90' lang='lat' dir='ltr'>sibi</span> <span class='ocrx_word' id='word_1_70' title='bbox 599 1163 928 1220; x_wconf 82' lang='lat' dir='ltr'>conciliavit</span> <span class='ocrx_word' id='word_1_71' title='bbox 973 1163 1073 1234; x_wconf 90' lang='lat' dir='ltr'>qui</span> <span class='ocrx_word' id='word_1_72' title='bbox 1133 1162 1368 1217; x_wconf 90' lang='lat' dir='ltr'>sultano</span> <span class='ocrx_word' id='word_1_73' title='bbox 1414 1162 1760 1233; x_wconf 87' lang='lat' dir='ltr'>cognatione</span> <span class='ocrx_word' id='word_1_74' title='bbox 1791 1162 2087 1232; x_wconf 84' lang='lat' dir='ltr'>conjuncti</span> 
     </span>
    </p>
   </div>
   <div class='ocr_carea' id='block_1_14' title="bbox 437 1251 2086 1312">
    <p class='ocr_par' dir='ltr' id='par_1_14' title="bbox 437 1251 2086 1312">
     <span class='ocr_line' id='line_1_14' title="bbox 437 1251 2086 1312; baseline -0.004 -1"><span class='ocrx_word' id='word_1_75' title='bbox 437 1260 605 1312; x_wconf 87' lang='lat' dir='ltr'>erant</span> <span class='ocrx_word' id='word_1_76' title='bbox 634 1258 692 1310; x_wconf 90' lang='lat' dir='ltr'>et</span> <span class='ocrx_word' id='word_1_77' title='bbox 740 1253 1055 1309; x_wconf 87' lang='lat' dir='ltr'>studebant</span> <span class='ocrx_word' id='word_1_78' title='bbox 1089 1252 1200 1306; x_wconf 91' lang='lat' dir='ltr'>sibi</span> <span class='ocrx_word' id='word_1_79' title='bbox 1251 1252 1547 1307; x_wconf 84' lang='lat' dir='ltr'>vindicare</span> <span class='ocrx_word' id='word_1_80' title='bbox 1586 1267 1758 1305; x_wconf 89' lang='lat' dir='ltr'>omne</span> <span class='ocrx_word' id='word_1_81' title='bbox 1787 1251 2086 1306; x_wconf 90' lang='lat' dir='ltr'>Persicum</span> 
     </span>
    </p>
   </div>
   <div class='ocr_carea' id='block_1_15' title="bbox 438 1340 2089 1417">
    <p class='ocr_par' dir='ltr' id='par_1_15' title="bbox 438 1340 2089 1417">
     <span class='ocr_line' id='line_1_15' title="bbox 438 1340 2089 1417; baseline -0.004 -17"><span class='ocrx_word' id='word_1_82' title='bbox 438 1344 778 1417; x_wconf 89' lang='lat' dir='ltr'>imperium.</span> <span class='ocrx_word' id='word_1_83' title='bbox 811 1343 921 1398; x_wconf 92' lang='lat' dir='ltr'>Sed</span> <span class='ocrx_word' id='word_1_84' title='bbox 956 1342 1111 1397; x_wconf 87' lang='lat' dir='ltr'>haud</span> <span class='ocrx_word' id='word_1_85' title='bbox 1165 1345 1434 1412; x_wconf 87' lang='lat' dir='ltr'>poterant</span> <span class='ocrx_word' id='word_1_86' title='bbox 1477 1342 1755 1396; x_wconf 88' lang='lat' dir='ltr'>adversus</span> <span class='ocrx_word' id='word_1_87' title='bbox 1786 1340 1953 1395; x_wconf 88' lang='lat' dir='ltr'>illum</span> <span class='ocrx_word' id='word_1_88' title='bbox 1987 1358 2089 1412; x_wconf 91' lang='lat' dir='ltr'>pu-</span> 
     </span>
    </p>
   </div>
   <div class='ocr_carea' id='block_1_16' title="bbox 439 1431 2088 1508">
    <p class='ocr_par' dir='ltr' id='par_1_16' title="bbox 439 1431 2088 1508">
     <span class='ocr_line' id='line_1_16' title="bbox 439 1431 2088 1508; baseline -0.003 -19"><span class='ocrx_word' id='word_1_89' title='bbox 439 1451 640 1508; x_wconf 89' lang='lat' dir='ltr'>gnare,</span> <span class='ocrx_word' id='word_1_90' title='bbox 670 1439 726 1488; x_wconf 90' lang='lat' dir='ltr'>et</span> <span class='ocrx_word' id='word_1_91' title='bbox 749 1432 963 1487; x_wconf 89' lang='lat' dir='ltr'>idcirco</span> <span class='ocrx_word' id='word_1_92' title='bbox 987 1432 1055 1485; x_wconf 87' lang='lat' dir='ltr'>ad</span> <span class='ocrx_word' id='word_1_93' title='bbox 1084 1431 1479 1486; x_wconf 85' lang='lat' dir='ltr'>Romanorum</span> <span class='ocrx_word' id='word_1_94' title='bbox 1520 1431 1814 1501; x_wconf 85' lang='lat' dir='ltr'>regionem</span> <span class='ocrx_word' id='word_1_95' title='bbox 1843 1431 2088 1486; x_wconf 89' lang='lat' dir='ltr'>advene-</span> 
     </span>
    </p>
   </div>
   <div class='ocr_carea' id='block_1_17' title="bbox 440 1520 2089 1595">
    <p class='ocr_par' dir='ltr' id='par_1_17' title="bbox 440 1520 2089 1595">
     <span class='ocr_line' id='line_1_17' title="bbox 440 1520 2089 1595; baseline -0.004 -15"><span class='ocrx_word' id='word_1_96' title='bbox 440 1529 593 1591; x_wconf 87' lang='lat' dir='ltr'>rant,</span> <span class='ocrx_word' id='word_1_97' title='bbox 622 1528 684 1578; x_wconf 91' lang='lat' dir='ltr'>ut</span> <span class='ocrx_word' id='word_1_98' title='bbox 714 1539 908 1595; x_wconf 89' lang='lat' dir='ltr'>parem</span> <span class='ocrx_word' id='word_1_99' title='bbox 943 1522 1014 1577; x_wconf 90' lang='lat' dir='ltr'>ad</span> <span class='ocrx_word' id='word_1_100' title='bbox 1045 1521 1128 1574; x_wconf 93' lang='lat' dir='ltr'>illi</span> <span class='ocrx_word' id='word_1_101' title='bbox 1161 1520 1553 1576; x_wconf 87' lang='lat' dir='ltr'>resistendum</span> <span class='ocrx_word' id='word_1_102' title='bbox 1589 1520 1904 1591; x_wconf 84' lang='lat' dir='ltr'>potentiam</span> <span class='ocrx_word' id='word_1_103' title='bbox 1939 1537 2089 1576; x_wconf 91' lang='lat' dir='ltr'>nan-</span> 
     </span>
    </p>
   </div>
   <div class='ocr_carea' id='block_1_18' title="bbox 444 1610 2088 1682">
    <p class='ocr_par' dir='ltr' id='par_1_18' title="bbox 444 1610 2088 1682">
     <span class='ocr_line' id='line_1_18' title="bbox 444 1610 2088 1682; baseline -0.003 -15"><span class='ocrx_word' id='word_1_104' title='bbox 444 1613 821 1668; x_wconf 89' lang='lat' dir='ltr'>ciscerentur.</span> <span class='ocrx_word' id='word_1_105' title='bbox 883 1611 1065 1682; x_wconf 86' lang='lat' dir='ltr'>Magis</span> <span class='ocrx_word' id='word_1_106' title='bbox 1141 1626 1295 1679; x_wconf 84' lang='lat' dir='ltr'>vero,</span> <span class='ocrx_word' id='word_1_107' title='bbox 1356 1610 1406 1664; x_wconf 90' lang='lat' dir='ltr'>si</span> <span class='ocrx_word' id='word_1_108' title='bbox 1462 1625 1597 1664; x_wconf 86' lang='lat' dir='ltr'>vera</span> <span class='ocrx_word' id='word_1_109' title='bbox 1671 1610 1863 1664; x_wconf 88' lang='lat' dir='ltr'>dicere</span> <span class='ocrx_word' id='word_1_110' title='bbox 1916 1625 2088 1680; x_wconf 90' lang='lat' dir='ltr'>opor-</span> 
     </span>
    </p>
   </div>
   <div class='ocr_carea' id='block_1_19' title="bbox 443 1697 2091 1772">
    <p class='ocr_par' dir='ltr' id='par_1_19' title="bbox 443 1697 2091 1772">
     <span class='ocr_line' id='line_1_19' title="bbox 443 1697 2091 1772; baseline -0.003 -16"><span class='ocrx_word' id='word_1_111' title='bbox 443 1705 547 1768; x_wconf 88' lang='lat' dir='ltr'>tet,</span> <span class='ocrx_word' id='word_1_112' title='bbox 616 1717 810 1772; x_wconf 85' lang='lat' dir='ltr'>pugna</span> <span class='ocrx_word' id='word_1_113' title='bbox 880 1700 1162 1756; x_wconf 91' lang='lat' dir='ltr'>adversus</span> <span class='ocrx_word' id='word_1_114' title='bbox 1241 1697 1545 1754; x_wconf 90' lang='lat' dir='ltr'>sultanum</span> <span class='ocrx_word' id='word_1_115' title='bbox 1624 1697 1941 1753; x_wconf 86' lang='lat' dir='ltr'>commissa</span> <span class='ocrx_word' id='word_1_116' title='bbox 2020 1698 2091 1752; x_wconf 91' lang='lat' dir='ltr'>de</span> 
     </span>
    </p>
   </div>
   <div class='ocr_carea' id='block_1_20' title="bbox 441 1787 2090 1862">
    <p class='ocr_par' dir='ltr' id='par_1_20' title="bbox 441 1787 2090 1862">
     <span class='ocr_line' id='line_1_20' title="bbox 441 1787 2090 1862; baseline -0.002 -16"><span class='ocrx_word' id='word_1_117' title='bbox 441 1796 566 1847; x_wconf 91' lang='lat' dir='ltr'>toto</span> <span class='ocrx_word' id='word_1_118' title='bbox 611 1789 854 1862; x_wconf 89' lang='lat' dir='ltr'>imperio</span> <span class='ocrx_word' id='word_1_119' title='bbox 913 1788 1389 1845; x_wconf 89' lang='lat' dir='ltr'>contendentium</span> <span class='ocrx_word' id='word_1_120' title='bbox 1449 1787 1508 1842; x_wconf 91' lang='lat' dir='ltr'>in</span> <span class='ocrx_word' id='word_1_121' title='bbox 1556 1788 1681 1844; x_wconf 94' lang='lat' dir='ltr'>loco</span> <span class='ocrx_word' id='word_1_122' title='bbox 1739 1787 1838 1860; x_wconf 85' lang='lat' dir='ltr'>qui</span> <span class='ocrx_word' id='word_1_123' title='bbox 1899 1787 2090 1842; x_wconf 87' lang='lat' dir='ltr'>Rbeas</span> 
     </span>
    </p>
   </div>
   <div class='ocr_carea' id='block_1_21' title="bbox 443 1878 2092 1950">
    <p class='ocr_par' dir='ltr' id='par_1_21' title="bbox 443 1878 2092 1950">
     <span class='ocr_line' id='line_1_21' title="bbox 443 1878 2092 1950; baseline -0.002 -14"><span class='ocrx_word' id='word_1_124' title='bbox 443 1885 687 1937; x_wconf 85' lang='lat' dir='ltr'>vocatur</span> <span class='ocrx_word' id='word_1_125' title='bbox 721 1879 966 1950; x_wconf 87' lang='lat' dir='ltr'>jamque</span> <span class='ocrx_word' id='word_1_126' title='bbox 996 1878 1355 1934; x_wconf 80' lang='lat' dir='ltr'>conflicturis</span> <span class='ocrx_word' id='word_1_127' title='bbox 1405 1878 1775 1944; x_wconf 82' lang='lat' dir='ltr'>exercitibus,</span> <span class='ocrx_word' id='word_1_128' title='bbox 1809 1879 1880 1932; x_wconf 89' lang='lat' dir='ltr'>ad</span> <span class='ocrx_word' id='word_1_129' title='bbox 1921 1893 2092 1932; x_wconf 88' lang='lat' dir='ltr'>aures</span> 
     </span>
    </p>
   </div>
   <div class='ocr_carea' id='block_1_22' title="bbox 445 1968 2090 2040">
    <p class='ocr_par' dir='ltr' id='par_1_22' title="bbox 445 1968 2090 2040">
     <span class='ocr_line' id='line_1_22' title="bbox 445 1968 2090 2040; baseline -0.003 -14"><span class='ocrx_word' id='word_1_130' title='bbox 445 1969 657 2026; x_wconf 91' lang='lat' dir='ltr'>accidit</span> <span class='ocrx_word' id='word_1_131' title='bbox 713 1968 958 2040; x_wconf 80' lang='lat' dir='ltr'>caliphae</span> <span class='ocrx_word' id='word_1_132' title='bbox 1014 1968 1254 2035; x_wconf 82' lang='lat' dir='ltr'>factum,</span> <span class='ocrx_word' id='word_1_133' title='bbox 1298 1968 1398 2039; x_wconf 91' lang='lat' dir='ltr'>qui</span> <span class='ocrx_word' id='word_1_134' title='bbox 1455 1969 1610 2039; x_wconf 89' lang='lat' dir='ltr'>apud</span> <span class='ocrx_word' id='word_1_135' title='bbox 1667 1968 1829 2040; x_wconf 89' lang='lat' dir='ltr'>ipsos</span> <span class='ocrx_word' id='word_1_136' title='bbox 1887 1969 2090 2022; x_wconf 90' lang='lat' dir='ltr'>eodem</span> 
     </span>
    </p>
   </div>
   <div class='ocr_carea' id='block_1_23' title="bbox 447 2055 2088 2131">
    <p class='ocr_par' dir='ltr' id='par_1_23' title="bbox 447 2055 2088 2131">
     <span class='ocr_line' id='line_1_23' title="bbox 447 2055 2088 2131; baseline -0.002 -17"><span class='ocrx_word' id='word_1_137' title='bbox 447 2059 654 2131; x_wconf 70' lang='lat' dir='ltr'>aequali</span> <span class='ocrx_word' id='word_1_138' title='bbox 688 2057 906 2114; x_wconf 89' lang='lat' dir='ltr'>honore</span> <span class='ocrx_word' id='word_1_139' title='bbox 938 2073 1053 2129; x_wconf 89' lang='lat' dir='ltr'>quo</span> <span class='ocrx_word' id='word_1_140' title='bbox 1085 2057 1238 2112; x_wconf 89' lang='lat' dir='ltr'>Deus</span> <span class='ocrx_word' id='word_1_141' title='bbox 1270 2055 1598 2111; x_wconf 81' lang='lat' dir='ltr'>celebratur</span> <span class='ocrx_word' id='word_1_142' title='bbox 1631 2075 1643 2112; x_wconf 94' lang='lat'>:</span> <span class='ocrx_word' id='word_1_143' title='bbox 1675 2062 1731 2112; x_wconf 87' lang='lat' dir='ltr'>et</span> <span class='ocrx_word' id='word_1_144' title='bbox 1761 2056 1858 2112; x_wconf 92' lang='lat' dir='ltr'>ille</span> <span class='ocrx_word' id='word_1_145' title='bbox 1890 2056 2088 2112; x_wconf 88' lang='lat' dir='ltr'>statim</span> 
     </span>
    </p>
   </div>
   <div class='ocr_carea' id='block_1_24' title="bbox 445 2145 2095 2220">
    <p class='ocr_par' dir='ltr' id='par_1_24' title="bbox 445 2145 2095 2220">
     <span class='ocr_line' id='line_1_24' title="bbox 445 2145 2095 2220; baseline -0.003 -15"><span class='ocrx_word' id='word_1_146' title='bbox 445 2152 642 2220; x_wconf 89' lang='lat' dir='ltr'>spreto</span> <span class='ocrx_word' id='word_1_147' title='bbox 663 2148 824 2203; x_wconf 90' lang='lat' dir='ltr'>omni</span> <span class='ocrx_word' id='word_1_148' title='bbox 857 2147 1004 2202; x_wconf 81' lang='lat' dir='ltr'>faslu</span> <span class='ocrx_word' id='word_1_149' title='bbox 1031 2151 1088 2201; x_wconf 90' lang='lat' dir='ltr'>et</span> <span class='ocrx_word' id='word_1_150' title='bbox 1113 2162 1272 2201; x_wconf 90' lang='lat' dir='ltr'>more</span> <span class='ocrx_word' id='word_1_151' title='bbox 1309 2145 1446 2217; x_wconf 83' lang='lat' dir='ltr'>(non</span> <span class='ocrx_word' id='word_1_152' title='bbox 1489 2145 1644 2201; x_wconf 90' lang='lat' dir='ltr'>enim</span> <span class='ocrx_word' id='word_1_153' title='bbox 1669 2146 2095 2202; x_wconf 83' lang='lat' dir='ltr'>concedebatur</span> 
     </span>
    </p>
   </div>
   <div class='ocr_carea' id='block_1_25' title="bbox 446 2234 2094 2310">
    <p class='ocr_par' dir='ltr' id='par_1_25' title="bbox 446 2234 2094 2310">
     <span class='ocr_line' id='line_1_25' title="bbox 446 2234 2094 2310; baseline -0.001 -18"><span class='ocrx_word' id='word_1_154' title='bbox 446 2238 560 2310; x_wconf 90' lang='lat' dir='ltr'>ipsi</span> <span class='ocrx_word' id='word_1_155' title='bbox 585 2242 744 2292; x_wconf 85' lang='lat' dir='ltr'>extra</span> <span class='ocrx_word' id='word_1_156' title='bbox 759 2237 1058 2308; x_wconf 86' lang='lat' dir='ltr'>proprium</span> <span class='ocrx_word' id='word_1_157' title='bbox 1076 2234 1394 2307; x_wconf 87' lang='lat' dir='ltr'>hospitium</span> <span class='ocrx_word' id='word_1_158' title='bbox 1412 2235 1986 2306; x_wconf 81' lang='lat' dir='ltr'>egredi)celeriterRh</span> <span class='ocrx_word' id='word_1_159' title='bbox 1997 2251 2094 2290; x_wconf 87' lang='lat' dir='ltr'>eas</span> 
     </span>
    </p>
   </div>
   <div class='ocr_carea' id='block_1_26' title="bbox 447 2325 2096 2400">
    <p class='ocr_par' dir='ltr' id='par_1_26' title="bbox 447 2325 2096 2400">
     <span class='ocr_line' id='line_1_26' title="bbox 447 2325 2096 2400; baseline -0.001 -18"><span class='ocrx_word' id='word_1_160' title='bbox 447 2326 790 2400; x_wconf 82' lang='lat' dir='ltr'>perveniens</span> <span class='ocrx_word' id='word_1_161' title='bbox 804 2326 1055 2394; x_wconf 87' lang='lat' dir='ltr'>divertit,</span> <span class='ocrx_word' id='word_1_162' title='bbox 1079 2325 1441 2395; x_wconf 86' lang='lat' dir='ltr'>etaciesjam</span> <span class='ocrx_word' id='word_1_163' title='bbox 1458 2341 1876 2396; x_wconf 87' lang='lat' dir='ltr'>congressuras</span> <span class='ocrx_word' id='word_1_164' title='bbox 1898 2325 1954 2379; x_wconf 92' lang='lat' dir='ltr'>in</span> <span class='ocrx_word' id='word_1_165' title='bbox 1980 2341 2096 2380; x_wconf 91' lang='lat' dir='ltr'>me-</span> 
     </span>
    </p>
   </div>
   <div class='ocr_carea' id='block_1_27' title="bbox 450 2415 2091 2488">
    <p class='ocr_par' dir='ltr' id='par_1_27' title="bbox 450 2415 2091 2488">
     <span class='ocr_line' id='line_1_27' title="bbox 450 2415 2091 2488; baseline -0.002 -17"><span class='ocrx_word' id='word_1_166' title='bbox 450 2417 544 2472; x_wconf 83' lang='lat' dir='ltr'>dio</span> <span class='ocrx_word' id='word_1_167' title='bbox 568 2420 732 2471; x_wconf 90' lang='lat' dir='ltr'>stans</span> <span class='ocrx_word' id='word_1_168' title='bbox 758 2416 826 2471; x_wconf 89' lang='lat' dir='ltr'>ad</span> <span class='ocrx_word' id='word_1_169' title='bbox 846 2432 1044 2488; x_wconf 85' lang='lat' dir='ltr'>pacem</span> <span class='ocrx_word' id='word_1_170' title='bbox 1068 2415 1335 2470; x_wconf 84' lang='lat' dir='ltr'>hortatus</span> <span class='ocrx_word' id='word_1_171' title='bbox 1357 2420 1445 2469; x_wconf 93' lang='lat' dir='ltr'>est</span> <span class='ocrx_word' id='word_1_172' title='bbox 1469 2432 1569 2486; x_wconf 91' lang='lat' dir='ltr'>pro</span> <span class='ocrx_word' id='word_1_173' title='bbox 1593 2415 1844 2470; x_wconf 90' lang='lat' dir='ltr'>utilitate</span> <span class='ocrx_word' id='word_1_174' title='bbox 1858 2416 2091 2486; x_wconf 86' lang='lat' dir='ltr'>quidem</span> 
     </span>
    </p>
   </div>
   <div class='ocr_carea' id='block_1_28' title="bbox 448 2503 2096 2577">
    <p class='ocr_par' dir='ltr' id='par_1_28' title="bbox 448 2503 2096 2577">
     <span class='ocr_line' id='line_1_28' title="bbox 448 2503 2096 2577; baseline -0.001 -16"><span class='ocrx_word' id='word_1_175' title='bbox 448 2507 758 2562; x_wconf 85' lang='lat' dir='ltr'>Persarum</span> <span class='ocrx_word' id='word_1_176' title='bbox 790 2509 846 2560; x_wconf 91' lang='lat' dir='ltr'>et</span> <span class='ocrx_word' id='word_1_177' title='bbox 874 2506 1136 2577; x_wconf 90' lang='lat' dir='ltr'>ipsorum</span> <span class='ocrx_word' id='word_1_178' title='bbox 1161 2505 1584 2576; x_wconf 84' lang='lat' dir='ltr'>imperii,malo</span> <span class='ocrx_word' id='word_1_179' title='bbox 1614 2522 1747 2560; x_wconf 94' lang='lat' dir='ltr'>vero</span> <span class='ocrx_word' id='word_1_180' title='bbox 1779 2503 2007 2576; x_wconf 81' lang='lat' dir='ltr'>imperii</span> <span class='ocrx_word' id='word_1_181' title='bbox 2039 2509 2096 2560; x_wconf 91' lang='lat' dir='ltr'>et</span> 
     </span>
    </p>
   </div>
   <div class='ocr_carea' id='block_1_29' title="bbox 447 2594 2096 2667">
    <p class='ocr_par' dir='ltr' id='par_1_29' title="bbox 447 2594 2096 2667">
     <span class='ocr_line' id='line_1_29' title="bbox 447 2594 2096 2667; baseline -0.002 -17"><span class='ocrx_word' id='word_1_182' title='bbox 447 2596 720 2667; x_wconf 65' lang='lat' dir='ltr'>potentiae</span> <span class='ocrx_word' id='word_1_183' title='bbox 780 2599 1224 2651; x_wconf 80' lang='lat' dir='ltr'>Romanorum:</span> <span class='ocrx_word' id='word_1_184' title='bbox 1275 2594 1453 2648; x_wconf 86' lang='lat' dir='ltr'>variis</span> <span class='ocrx_word' id='word_1_185' title='bbox 1513 2594 1666 2648; x_wconf 89' lang='lat' dir='ltr'>enim</span> <span class='ocrx_word' id='word_1_186' title='bbox 1725 2594 2096 2648; x_wconf 86' lang='lat' dir='ltr'>sermonibus</span> 
     </span>
    </p>
   </div>
   <div class='ocr_carea' id='block_1_30' title="bbox 445 2682 2091 2755">
    <p class='ocr_par' dir='ltr' id='par_1_30' title="bbox 445 2682 2091 2755">
     <span class='ocr_line' id='line_1_30' title="bbox 445 2682 2091 2755; baseline -0.001 -17"><span class='ocrx_word' id='word_1_187' title='bbox 445 2685 600 2740; x_wconf 87' lang='lat' dir='ltr'>ultro</span> <span class='ocrx_word' id='word_1_188' title='bbox 635 2685 900 2755; x_wconf 92' lang='lat' dir='ltr'>citroque</span> <span class='ocrx_word' id='word_1_189' title='bbox 929 2683 1166 2750; x_wconf 88' lang='lat' dir='ltr'>habitis,</span> <span class='ocrx_word' id='word_1_190' title='bbox 1201 2683 1272 2737; x_wconf 90' lang='lat' dir='ltr'>ad</span> <span class='ocrx_word' id='word_1_191' title='bbox 1325 2688 1650 2738; x_wconf 80' lang='lat' dir='ltr'>extremum</span> <span class='ocrx_word' id='word_1_192' title='bbox 1685 2682 1821 2737; x_wconf 86' lang='lat' dir='ltr'>vicit</span> <span class='ocrx_word' id='word_1_193' title='bbox 1850 2683 1903 2737; x_wconf 90' lang='lat' dir='ltr'>id</span> <span class='ocrx_word' id='word_1_194' title='bbox 1941 2683 2091 2753; x_wconf 91' lang='lat' dir='ltr'>quod</span> 
     </span>
    </p>
   </div>
   <div class='ocr_carea' id='block_1_31' title="bbox 443 2771 2094 2840">
    <p class='ocr_par' dir='ltr' id='par_1_31' title="bbox 443 2771 2094 2840">
     <span class='ocr_line' id='line_1_31' title="bbox 443 2771 2094 2840; baseline -0.001 -12"><span class='ocrx_word' id='word_1_195' title='bbox 443 2774 494 2828; x_wconf 92' lang='lat' dir='ltr'>ei</span> <span class='ocrx_word' id='word_1_196' title='bbox 537 2774 782 2829; x_wconf 88' lang='lat' dir='ltr'>comiter</span> <span class='ocrx_word' id='word_1_197' title='bbox 833 2773 972 2828; x_wconf 90' lang='lat' dir='ltr'>utile</span> <span class='ocrx_word' id='word_1_198' title='bbox 1027 2773 1220 2826; x_wconf 85' lang='lat' dir='ltr'>visum</span> <span class='ocrx_word' id='word_1_199' title='bbox 1283 2778 1390 2840; x_wconf 87' lang='lat' dir='ltr'>est,</span> <span class='ocrx_word' id='word_1_200' title='bbox 1426 2779 1488 2826; x_wconf 91' lang='lat' dir='ltr'>ut</span> <span class='ocrx_word' id='word_1_201' title='bbox 1537 2771 1804 2826; x_wconf 84' lang='lat' dir='ltr'>sultanus</span> <span class='ocrx_word' id='word_1_202' title='bbox 1858 2772 2094 2827; x_wconf 88' lang='lat' dir='ltr'>Perside</span> 
     </span>
    </p>
   </div>
   <div class='ocr_carea' id='block_1_32' title="bbox 443 2860 2092 2933">
    <p class='ocr_par' dir='ltr' id='par_1_32' title="bbox 443 2860 2092 2933">
     <span class='ocr_line' id='line_1_32' title="bbox 443 2860 2092 2933; baseline -0.002 -16"><span class='ocrx_word' id='word_1_203' title='bbox 443 2865 750 2933; x_wconf 86' lang='lat' dir='ltr'>potiretur,</span> <span class='ocrx_word' id='word_1_204' title='bbox 784 2864 953 2932; x_wconf 87' lang='lat' dir='ltr'>cujus</span> <span class='ocrx_word' id='word_1_205' title='bbox 1015 2861 1190 2915; x_wconf 89' lang='lat' dir='ltr'>etiam</span> <span class='ocrx_word' id='word_1_206' title='bbox 1250 2867 1415 2933; x_wconf 85' lang='lat' dir='ltr'>pater</span> <span class='ocrx_word' id='word_1_207' title='bbox 1471 2860 1745 2915; x_wconf 90' lang='lat' dir='ltr'>dominus</span> <span class='ocrx_word' id='word_1_208' title='bbox 1803 2861 2012 2929; x_wconf 83' lang='lat' dir='ltr'>fuerat,</span> <span class='ocrx_word' id='word_1_209' title='bbox 2055 2861 2092 2914; x_wconf 92' lang='lat' dir='ltr'>ii</span> 
     </span>
    </p>
   </div>
   <div class='ocr_carea' id='block_1_33' title="bbox 442 2949 2092 3022">
    <p class='ocr_par' dir='ltr' id='par_1_33' title="bbox 442 2949 2092 3022">
     <span class='ocr_line' id='line_1_33' title="bbox 442 2949 2092 3022; baseline -0.001 -17"><span class='ocrx_word' id='word_1_210' title='bbox 442 2953 592 3007; x_wconf 77' lang='lat'>733</span> <span class='ocrx_word' id='word_1_211' title='bbox 625 2969 756 3006; x_wconf 88' lang='lat' dir='ltr'>vero</span> <span class='ocrx_word' id='word_1_212' title='bbox 790 2953 888 3022; x_wconf 90' lang='lat' dir='ltr'>qui</span> <span class='ocrx_word' id='word_1_213' title='bbox 939 2967 1071 3005; x_wconf 89' lang='lat' dir='ltr'>cum</span> <span class='ocrx_word' id='word_1_214' title='bbox 1106 2949 1380 3004; x_wconf 89' lang='lat' dir='ltr'>Cutlumo</span> <span class='ocrx_word' id='word_1_215' title='bbox 1411 2955 1596 3019; x_wconf 89' lang='lat' dir='ltr'>erant,</span> <span class='ocrx_word' id='word_1_216' title='bbox 1622 2954 1879 3020; x_wconf 81' lang='lat' dir='ltr'>acceptts</span> <span class='ocrx_word' id='word_1_217' title='bbox 1910 2950 2092 3021; x_wconf 86' lang='lat' dir='ltr'>copiis</span> 
     </span>
    </p>
   </div>
   <div class='ocr_carea' id='block_1_34' title="bbox 437 3039 2088 3110">
    <p class='ocr_par' dir='ltr' id='par_1_34' title="bbox 437 3039 2088 3110">
     <span class='ocr_line' id='line_1_34' title="bbox 437 3039 2088 3110; baseline -0.001 -14"><span class='ocrx_word' id='word_1_218' title='bbox 437 3045 494 3096; x_wconf 89' lang='lat' dir='ltr'>et</span> <span class='ocrx_word' id='word_1_219' title='bbox 524 3041 758 3096; x_wconf 87' lang='lat' dir='ltr'>auxiliis</span> <span class='ocrx_word' id='word_1_220' title='bbox 790 3057 822 3095; x_wconf 93' lang='lat' dir='ltr'>a</span> <span class='ocrx_word' id='word_1_221' title='bbox 853 3039 1086 3095; x_wconf 89' lang='lat' dir='ltr'>sultano</span> <span class='ocrx_word' id='word_1_222' title='bbox 1118 3039 1174 3092; x_wconf 92' lang='lat' dir='ltr'>in</span> <span class='ocrx_word' id='word_1_223' title='bbox 1212 3055 1378 3094; x_wconf 91' lang='lat' dir='ltr'>suam</span> <span class='ocrx_word' id='word_1_224' title='bbox 1421 3044 1766 3110; x_wconf 88' lang='lat' dir='ltr'>potestatem</span> <span class='ocrx_word' id='word_1_225' title='bbox 1801 3039 2088 3094; x_wconf 83' lang='lat' dir='ltr'>Romano-</span> 
     </span>
    </p>
   </div>
   <div class='ocr_carea' id='block_1_35' title="bbox 437 3127 2088 3202">
    <p class='ocr_par' dir='ltr' id='par_1_35' title="bbox 437 3127 2088 3202">
     <span class='ocr_line' id='line_1_35' title="bbox 437 3127 2088 3202; baseline -0.002 -16"><span class='ocrx_word' id='word_1_226' title='bbox 437 3147 568 3186; x_wconf 88' lang='lat' dir='ltr'>rum</span> <span class='ocrx_word' id='word_1_227' title='bbox 602 3130 896 3202; x_wconf 88' lang='lat' dir='ltr'>regionem</span> <span class='ocrx_word' id='word_1_228' title='bbox 931 3129 1279 3199; x_wconf 83' lang='lat' dir='ltr'>redigerent,</span> <span class='ocrx_word' id='word_1_229' title='bbox 1314 3133 1370 3183; x_wconf 91' lang='lat' dir='ltr'>et</span> <span class='ocrx_word' id='word_1_230' title='bbox 1395 3128 1676 3183; x_wconf 88' lang='lat' dir='ltr'>haberent</span> <span class='ocrx_word' id='word_1_231' title='bbox 1700 3128 1758 3182; x_wconf 93' lang='lat' dir='ltr'>in</span> <span class='ocrx_word' id='word_1_232' title='bbox 1793 3127 2088 3199; x_wconf 88' lang='lat' dir='ltr'>propriam</span> 
     </span>
    </p>
   </div>
   <div class='ocr_carea' id='block_1_36' title="bbox 438 3200 2163 3292">
    <p class='ocr_par' dir='ltr' id='par_1_36' title="bbox 438 3200 2163 3292">
     <span class='ocr_line' id='line_1_36' title="bbox 438 3200 2163 3292; baseline -0.006 -16"><span class='ocrx_word' id='word_1_233' title='bbox 438 3200 735 3292; x_wconf 76' lang='lat' dir='ltr'>regionem</span> <span class='ocrx_word' id='word_1_234' title='bbox 787 3223 1131 3290; x_wconf 81' lang='lat' dir='ltr'>potestatem</span> <span class='ocrx_word' id='word_1_235' title='bbox 1164 3222 1220 3272; x_wconf 90' lang='lat' dir='ltr'>et</span> <span class='ocrx_word' id='word_1_236' title='bbox 1249 3217 1586 3289; x_wconf 82' lang='lat' dir='ltr'>imperium,</span> <span class='ocrx_word' id='word_1_237' title='bbox 1619 3218 1698 3272; x_wconf 89' lang='lat' dir='ltr'>ita</span> <span class='ocrx_word' id='word_1_238' title='bbox 1730 3221 1793 3270; x_wconf 87' lang='lat' dir='ltr'>ut</span> <span class='ocrx_word' id='word_1_239' title='bbox 1835 3216 1996 3271; x_wconf 90' lang='lat' dir='ltr'>nullo</span> <span class='ocrx_word' id='word_1_240' title='bbox 2028 3233 2089 3272; x_wconf 90' lang='lat' dir='ltr'>se</span> <span class='ocrx_word' id='word_1_241' title='bbox 2123 3200 2163 3265; x_wconf 88' lang='lat' dir='ltr'>C</span> 
     </span>
    </p>
   </div>
   <div class='ocr_carea' id='block_1_37' title="bbox 440 3307 2084 3365">
    <p class='ocr_par' dir='ltr' id='par_1_37' title="bbox 440 3307 2084 3365">
     <span class='ocr_line' id='line_1_37' title="bbox 440 3307 2084 3365; baseline -0.001 -1"><span class='ocrx_word' id='word_1_242' title='bbox 440 3314 646 3365; x_wconf 88' lang='lat' dir='ltr'>mutuo</span> <span class='ocrx_word' id='word_1_243' title='bbox 667 3308 926 3364; x_wconf 90' lang='lat' dir='ltr'>convicio</span> <span class='ocrx_word' id='word_1_244' title='bbox 948 3308 1226 3363; x_wconf 83' lang='lat' dir='ltr'>afﬁciant.</span> <span class='ocrx_word' id='word_1_245' title='bbox 1243 3307 1363 3363; x_wconf 89' lang='lat' dir='ltr'>Tali</span> <span class='ocrx_word' id='word_1_246' title='bbox 1397 3308 1795 3362; x_wconf 87' lang='lat' dir='ltr'>admonitione</span> <span class='ocrx_word' id='word_1_247' title='bbox 1817 3324 1882 3362; x_wconf 90' lang='lat' dir='ltr'>ac</span> <span class='ocrx_word' id='word_1_248' title='bbox 1906 3324 2084 3362; x_wconf 88' lang='lat' dir='ltr'>suasu</span> 
     </span>
    </p>
   </div>
   <div class='ocr_carea' id='block_1_38' title="bbox 439 3396 2084 3470">
    <p class='ocr_par' dir='ltr' id='par_1_38' title="bbox 439 3396 2084 3470">
     <span class='ocr_line' id='line_1_38' title="bbox 439 3396 2084 3470; baseline -0.002 -17"><span class='ocrx_word' id='word_1_249' title='bbox 439 3397 679 3470; x_wconf 71' lang='lat' dir='ltr'>caliphaa</span> <span class='ocrx_word' id='word_1_250' title='bbox 751 3397 1051 3452; x_wconf 90' lang='lat' dir='ltr'>dirimitur</span> <span class='ocrx_word' id='word_1_251' title='bbox 1124 3413 1342 3468; x_wconf 87' lang='lat' dir='ltr'>pugna,</span> <span class='ocrx_word' id='word_1_252' title='bbox 1419 3401 1475 3451; x_wconf 87' lang='lat' dir='ltr'>et</span> <span class='ocrx_word' id='word_1_253' title='bbox 1552 3396 1706 3451; x_wconf 88' lang='lat' dir='ltr'>cedit</span> <span class='ocrx_word' id='word_1_254' title='bbox 1777 3396 2084 3466; x_wconf 88' lang='lat' dir='ltr'>exercitus,</span> 
     </span>
    </p>
   </div>
   <div class='ocr_carea' id='block_1_39' title="bbox 440 3484 2084 3557">
    <p class='ocr_par' dir='ltr' id='par_1_39' title="bbox 440 3484 2084 3557">
     <span class='ocr_line' id='line_1_39' title="bbox 440 3484 2084 3557; baseline -0.002 -14"><span class='ocrx_word' id='word_1_255' title='bbox 440 3486 753 3557; x_wconf 88' lang='lat' dir='ltr'>omnisque</span> <span class='ocrx_word' id='word_1_256' title='bbox 803 3488 1098 3542; x_wconf 89' lang='lat' dir='ltr'>contentio</span> <span class='ocrx_word' id='word_1_257' title='bbox 1148 3485 1544 3557; x_wconf 81' lang='lat' dir='ltr'>propulsetur,</span> <span class='ocrx_word' id='word_1_258' title='bbox 1583 3490 1641 3541; x_wconf 91' lang='lat' dir='ltr'>et</span> <span class='ocrx_word' id='word_1_259' title='bbox 1688 3484 2084 3541; x_wconf 82' lang='lat' dir='ltr'>Romanorum</span> 
     </span>
    </p>
   </div>
   <div class='ocr_carea' id='block_1_40' title="bbox 436 3575 2085 3645">
    <p class='ocr_par' dir='ltr' id='par_1_40' title="bbox 436 3575 2085 3645">
     <span class='ocr_line' id='line_1_40' title="bbox 436 3575 2085 3645; baseline 0 -15"><span class='ocrx_word' id='word_1_260' title='bbox 436 3575 565 3631; x_wconf 88' lang='lat' dir='ltr'>loca</span> <span class='ocrx_word' id='word_1_261' title='bbox 611 3575 722 3630; x_wconf 90' lang='lat' dir='ltr'>sibi</span> <span class='ocrx_word' id='word_1_262' title='bbox 773 3575 831 3629; x_wconf 93' lang='lat' dir='ltr'>in</span> <span class='ocrx_word' id='word_1_263' title='bbox 877 3575 1217 3630; x_wconf 86' lang='lat' dir='ltr'>servitutem</span> <span class='ocrx_word' id='word_1_264' title='bbox 1267 3575 1570 3645; x_wconf 88' lang='lat' dir='ltr'>subjacere</span> <span class='ocrx_word' id='word_1_265' title='bbox 1618 3580 1937 3645; x_wconf 69' lang='lat' dir='ltr'>coeperunt.</span> <span class='ocrx_word' id='word_1_266' title='bbox 1974 3576 2085 3630; x_wconf 78' lang='lat' dir='ltr'>llos</span> 
     </span>
    </p>
   </div>
   <div class='ocr_carea' id='block_1_41' title="bbox 436 3663 2081 3736">
    <p class='ocr_par' dir='ltr' id='par_1_41' title="bbox 436 3663 2081 3736">
     <span class='ocr_line' id='line_1_41' title="bbox 436 3663 2081 3736; baseline 0.001 -20"><span class='ocrx_word' id='word_1_267' title='bbox 436 3663 618 3736; x_wconf 88' lang='lat' dir='ltr'>igitur</span> <span class='ocrx_word' id='word_1_268' title='bbox 665 3679 794 3718; x_wconf 91' lang='lat' dir='ltr'>cum</span> <span class='ocrx_word' id='word_1_269' title='bbox 845 3663 953 3717; x_wconf 90' lang='lat' dir='ltr'>sibi</span> <span class='ocrx_word' id='word_1_270' title='bbox 1017 3664 1340 3730; x_wconf 90' lang='lat' dir='ltr'>ascivisset,</span> <span class='ocrx_word' id='word_1_271' title='bbox 1394 3680 1524 3717; x_wconf 91' lang='lat' dir='ltr'>cum</span> <span class='ocrx_word' id='word_1_272' title='bbox 1572 3664 1780 3718; x_wconf 85' lang='lat' dir='ltr'>idoneo</span> <span class='ocrx_word' id='word_1_273' title='bbox 1829 3665 2081 3719; x_wconf 87' lang='lat' dir='ltr'>exercitu</span> 
     </span>
    </p>
   </div>
   <div class='ocr_carea' id='block_1_42' title="bbox 431 3752 2084 3824">
    <p class='ocr_par' dir='ltr' id='par_1_42' title="bbox 431 3752 2084 3824">
     <span class='ocr_line' id='line_1_42' title="bbox 431 3752 2084 3824; baseline 0.002 -18"><span class='ocrx_word' id='word_1_274' title='bbox 431 3769 538 3824; x_wconf 88' lang='lat' dir='ltr'>pro</span> <span class='ocrx_word' id='word_1_275' title='bbox 571 3754 716 3808; x_wconf 91' lang='lat' dir='ltr'>inito</span> <span class='ocrx_word' id='word_1_276' title='bbox 749 3769 946 3808; x_wconf 87' lang='lat' dir='ltr'>secum</span> <span class='ocrx_word' id='word_1_277' title='bbox 979 3752 1194 3807; x_wconf 76' lang='lat' dir='ltr'>foedere</span> <span class='ocrx_word' id='word_1_278' title='bbox 1225 3752 1560 3819; x_wconf 80' lang='lat' dir='ltr'>festinabat,</span> <span class='ocrx_word' id='word_1_279' title='bbox 1593 3757 1650 3808; x_wconf 90' lang='lat' dir='ltr'>et</span> <span class='ocrx_word' id='word_1_280' title='bbox 1690 3753 1833 3807; x_wconf 87' lang='lat' dir='ltr'>inito</span> <span class='ocrx_word' id='word_1_281' title='bbox 1876 3753 2084 3809; x_wconf 86' lang='lat' dir='ltr'>itinere</span> 
     </span>
    </p>
   </div>
   <div class='ocr_carea' id='block_1_43' title="bbox 432 3841 2083 3914">
    <p class='ocr_par' dir='ltr' id='par_1_43' title="bbox 432 3841 2083 3914">
     <span class='ocr_line' id='line_1_43' title="bbox 432 3841 2083 3914; baseline 0 -17"><span class='ocrx_word' id='word_1_282' title='bbox 432 3843 506 3897; x_wconf 90' lang='lat' dir='ltr'>ad</span> <span class='ocrx_word' id='word_1_283' title='bbox 539 3842 790 3897; x_wconf 66' lang='lat' dir='ltr'>Nicaeam</span> <span class='ocrx_word' id='word_1_284' title='bbox 841 3841 1250 3896; x_wconf 86' lang='lat' dir='ltr'>contendebat.</span> <span class='ocrx_word' id='word_1_285' title='bbox 1296 3842 1504 3914; x_wconf 87' lang='lat' dir='ltr'>Ingens</span> <span class='ocrx_word' id='word_1_286' title='bbox 1551 3846 1745 3896; x_wconf 88' lang='lat' dir='ltr'>autem</span> <span class='ocrx_word' id='word_1_287' title='bbox 1801 3858 2083 3898; x_wconf 90' lang='lat' dir='ltr'>numerus</span> 
     </span>
    </p>
   </div>
   <div class='ocr_carea' id='block_1_44' title="bbox 427 3929 2081 4002">
    <p class='ocr_par' dir='ltr' id='par_1_44' title="bbox 427 3929 2081 4002">
     <span class='ocr_line' id='line_1_44' title="bbox 427 3929 2081 4002; baseline -0.001 -15"><span class='ocrx_word' id='word_1_288' title='bbox 427 3947 498 3988; x_wconf 85' lang='lat' dir='ltr'>ex</span> <span class='ocrx_word' id='word_1_289' title='bbox 562 3930 906 4002; x_wconf 79' lang='lat' dir='ltr'>Megalopoli</span> <span class='ocrx_word' id='word_1_290' title='bbox 972 3931 1041 3985; x_wconf 88' lang='lat' dir='ltr'>ad</span> <span class='ocrx_word' id='word_1_291' title='bbox 1136 3929 1331 4000; x_wconf 88' lang='lat' dir='ltr'>ipsum</span> <span class='ocrx_word' id='word_1_292' title='bbox 1424 3929 1682 4001; x_wconf 86' lang='lat' dir='ltr'>quotidie</span> <span class='ocrx_word' id='word_1_293' title='bbox 1768 3931 2081 3986; x_wconf 83' lang='lat' dir='ltr'>confluere.</span> 
     </span>
    </p>
   </div>
   <div class='ocr_carea' id='block_1_45' title="bbox 428 4019 2082 4090">
    <p class='ocr_par' dir='ltr' id='par_1_45' title="bbox 428 4019 2082 4090">
     <span class='ocr_line' id='line_1_45' title="bbox 428 4019 2082 4090; baseline -0.002 -14"><span class='ocrx_word' id='word_1_294' title='bbox 428 4021 499 4076; x_wconf 90' lang='lat' dir='ltr'>Et</span> <span class='ocrx_word' id='word_1_295' title='bbox 557 4021 710 4090; x_wconf 92' lang='lat' dir='ltr'>quod</span> <span class='ocrx_word' id='word_1_296' title='bbox 769 4020 929 4075; x_wconf 90' lang='lat' dir='ltr'>dictu</span> <span class='ocrx_word' id='word_1_297' title='bbox 987 4025 1076 4074; x_wconf 91' lang='lat' dir='ltr'>est</span> <span class='ocrx_word' id='word_1_298' title='bbox 1133 4019 1496 4090; x_wconf 84' lang='lat' dir='ltr'>incredibile,</span> <span class='ocrx_word' id='word_1_299' title='bbox 1557 4037 1629 4075; x_wconf 91' lang='lat' dir='ltr'>ne</span> <span class='ocrx_word' id='word_1_300' title='bbox 1705 4020 1878 4075; x_wconf 90' lang='lat' dir='ltr'>Turci</span> <span class='ocrx_word' id='word_1_301' title='bbox 1946 4021 2082 4090; x_wconf 55' lang='lat' dir='ltr'>quiv-</span> 
     </span>
    </p>
   </div>
   <div class='ocr_carea' id='block_1_46' title="bbox 429 4108 2078 4181">
    <p class='ocr_par' dir='ltr' id='par_1_46' title="bbox 429 4108 2078 4181">
     <span class='ocr_line' id='line_1_46' title="bbox 429 4108 2078 4181; baseline 0.001 -18"><span class='ocrx_word' id='word_1_302' title='bbox 429 4109 562 4163; x_wconf 91' lang='lat' dir='ltr'>dem</span> <span class='ocrx_word' id='word_1_303' title='bbox 623 4109 735 4179; x_wconf 90' lang='lat' dir='ltr'>ipsi</span> <span class='ocrx_word' id='word_1_304' title='bbox 794 4108 1215 4180; x_wconf 89' lang='lat' dir='ltr'>impedimento</span> <span class='ocrx_word' id='word_1_305' title='bbox 1268 4110 1448 4176; x_wconf 79' lang='lat' dir='ltr'>fuere,</span> <span class='ocrx_word' id='word_1_306' title='bbox 1515 4110 1631 4165; x_wconf 90' lang='lat' dir='ltr'>imo</span> <span class='ocrx_word' id='word_1_307' title='bbox 1691 4111 1888 4181; x_wconf 88' lang='lat' dir='ltr'>potius</span> <span class='ocrx_word' id='word_1_308' title='bbox 1945 4125 2078 4164; x_wconf 89' lang='lat' dir='ltr'>cum</span> 
     </span>
    </p>
   </div>
   <div class='ocr_carea' id='block_1_47' title="bbox 429 4198 2077 4268">
    <p class='ocr_par' dir='ltr' id='par_1_47' title="bbox 429 4198 2077 4268">
     <span class='ocr_line' id='line_1_47' title="bbox 429 4198 2077 4268; baseline 0.001 -16"><span class='ocrx_word' id='word_1_309' title='bbox 429 4198 754 4253; x_wconf 89' lang='lat' dir='ltr'>reverentia</span> <span class='ocrx_word' id='word_1_310' title='bbox 833 4198 1087 4268; x_wconf 88' lang='lat' dir='ltr'>quadam</span> <span class='ocrx_word' id='word_1_311' title='bbox 1147 4202 1201 4253; x_wconf 91' lang='lat' dir='ltr'>et</span> <span class='ocrx_word' id='word_1_312' title='bbox 1274 4199 1646 4253; x_wconf 81' lang='lat' dir='ltr'>observantia</span> <span class='ocrx_word' id='word_1_313' title='bbox 1719 4199 2077 4254; x_wconf 88' lang='lat' dir='ltr'>comitaban-</span> 
     </span>
    </p>
   </div>
   <div class='ocr_carea' id='block_1_48' title="bbox 428 4286 2076 4358">
    <p class='ocr_par' dir='ltr' id='par_1_48' title="bbox 428 4286 2076 4358">
     <span class='ocr_line' id='line_1_48' title="bbox 428 4286 2076 4358; baseline 0.001 -17"><span class='ocrx_word' id='word_1_314' title='bbox 428 4290 548 4355; x_wconf 87' lang='lat' dir='ltr'>tur,</span> <span class='ocrx_word' id='word_1_315' title='bbox 584 4291 640 4341; x_wconf 91' lang='lat' dir='ltr'>et</span> <span class='ocrx_word' id='word_1_316' title='bbox 671 4286 873 4357; x_wconf 86' lang='lat' dir='ltr'>regina</span> <span class='ocrx_word' id='word_1_317' title='bbox 902 4286 1157 4354; x_wconf 90' lang='lat' dir='ltr'>urbium,</span> <span class='ocrx_word' id='word_1_318' title='bbox 1192 4291 1247 4341; x_wconf 89' lang='lat' dir='ltr'>et</span> <span class='ocrx_word' id='word_1_319' title='bbox 1293 4303 1494 4342; x_wconf 91' lang='lat' dir='ltr'>omnes</span> <span class='ocrx_word' id='word_1_320' title='bbox 1525 4286 1713 4357; x_wconf 90' lang='lat' dir='ltr'>ipsius</span> <span class='ocrx_word' id='word_1_321' title='bbox 1761 4287 2076 4358; x_wconf 89' lang='lat' dir='ltr'>principes,</span> 
     </span>
    </p>
   </div>
   <div class='ocr_carea' id='block_1_49' title="bbox 429 4375 2076 4448">
    <p class='ocr_par' dir='ltr' id='par_1_49' title="bbox 429 4375 2076 4448">
     <span class='ocr_line' id='line_1_49' title="bbox 429 4375 2076 4448; baseline -0.001 -17"><span class='ocrx_word' id='word_1_322' title='bbox 429 4375 648 4447; x_wconf 87' lang='lat' dir='ltr'>quique</span> <span class='ocrx_word' id='word_1_323' title='bbox 705 4375 1090 4448; x_wconf 84' lang='lat' dir='ltr'>magistratus</span> <span class='ocrx_word' id='word_1_324' title='bbox 1148 4381 1435 4448; x_wconf 87' lang='lat' dir='ltr'>gererent,</span> <span class='ocrx_word' id='word_1_325' title='bbox 1469 4377 1689 4447; x_wconf 92' lang='lat' dir='ltr'>quique</span> <span class='ocrx_word' id='word_1_326' title='bbox 1745 4377 1804 4430; x_wconf 89' lang='lat' dir='ltr'>in</span> <span class='ocrx_word' id='word_1_327' title='bbox 1861 4377 2076 4431; x_wconf 89' lang='lat' dir='ltr'>subur-</span> 
     </span>
    </p>
   </div>
   <div class='ocr_carea' id='block_1_50' title="bbox 425 4464 2076 4535">
    <p class='ocr_par' dir='ltr' id='par_1_50' title="bbox 425 4464 2076 4535">
     <span class='ocr_line' id='line_1_50' title="bbox 425 4464 2076 4535; baseline 0 -16"><span class='ocrx_word' id='word_1_328' title='bbox 425 4465 598 4519; x_wconf 86' lang='lat' dir='ltr'>banis</span> <span class='ocrx_word' id='word_1_329' title='bbox 628 4468 685 4520; x_wconf 91' lang='lat' dir='ltr'>et</span> <span class='ocrx_word' id='word_1_330' title='bbox 711 4464 858 4519; x_wconf 90' lang='lat' dir='ltr'>vicis</span> <span class='ocrx_word' id='word_1_331' title='bbox 891 4469 1078 4519; x_wconf 89' lang='lat' dir='ltr'>erant.</span> <span class='ocrx_word' id='word_1_332' title='bbox 1107 4464 1254 4527; x_wconf 89' lang='lat' dir='ltr'>Quin</span> <span class='ocrx_word' id='word_1_333' title='bbox 1287 4467 1461 4519; x_wconf 87' lang='lat' dir='ltr'>etiam</span> <span class='ocrx_word' id='word_1_334' title='bbox 1513 4464 1775 4519; x_wconf 83' lang='lat' dir='ltr'>Ecclesiae</span> <span class='ocrx_word' id='word_1_335' title='bbox 1810 4481 2076 4535; x_wconf 90' lang='lat' dir='ltr'>proceres</span> 
     </span>
    </p>
   </div>
   <div class='ocr_carea' id='block_1_51' title="bbox 2201 535 3800 614">
    <p class='ocr_par' dir='ltr' id='par_1_51' title="bbox 2201 535 3800 614">
     <span class='ocr_line' id='line_1_51' title="bbox 2201 535 3800 614; baseline 0.004 -26"><span class='ocrx_word' id='word_1_336' title='bbox 2201 535 2381 607; x_wconf 81' lang='grc' dir='ltr'>μάτων</span> <span class='ocrx_word' id='word_1_337' title='bbox 2442 539 2693 611; x_wconf 87' lang='grc' dir='ltr'>περιωπῆ</span> <span class='ocrx_word' id='word_1_338' title='bbox 2751 537 2813 590; x_wconf 90' lang='grc' dir='ltr'>τὸ</span> <span class='ocrx_word' id='word_1_339' title='bbox 2842 535 3144 614; x_wconf 72' lang='grc' dir='ltr'>ἀμέρτμνον</span> <span class='ocrx_word' id='word_1_340' title='bbox 3193 536 3284 592; x_wconf 79' lang='grc' dir='ltr'>καὶ</span> <span class='ocrx_word' id='word_1_341' title='bbox 3335 539 3468 614; x_wconf 84' lang='grc' dir='ltr'>πρὸς</span> <span class='ocrx_word' id='word_1_342' title='bbox 3519 540 3576 594; x_wconf 85' lang='grc' dir='ltr'>τὸ</span> <span class='ocrx_word' id='word_1_343' title='bbox 3603 543 3800 611; x_wconf 80' lang='grc' dir='ltr'>προκεί-</span> 
     </span>
    </p>
   </div>
   <div class='ocr_carea' id='block_1_52' title="bbox 2198 627 3797 704">
    <p class='ocr_par' dir='ltr' id='par_1_52' title="bbox 2198 627 3797 704">
     <span class='ocr_line' id='line_1_52' title="bbox 2198 627 3797 704; baseline 0.003 -23"><span class='ocrx_word' id='word_1_344' title='bbox 2198 648 2355 700; x_wconf 90' lang='grc' dir='ltr'>μενον</span> <span class='ocrx_word' id='word_1_345' title='bbox 2411 627 2683 704; x_wconf 71' lang='grc' dir='ltr'>έπέῤῥωσε</span> <span class='ocrx_word' id='word_1_346' title='bbox 2733 630 3046 704; x_wconf 86' lang='grc' dir='ltr'>πρόθυμον.</span> <span class='ocrx_word' id='word_1_347' title='bbox 3103 635 3200 685; x_wconf 83' lang='grc' dir='ltr'>Ὧν</span> <span class='ocrx_word' id='word_1_348' title='bbox 3265 630 3574 694; x_wconf 80' lang='grc' dir='ltr'>ἀκούσαντες</span> <span class='ocrx_word' id='word_1_349' title='bbox 3621 631 3702 686; x_wconf 82' lang='grc' dir='ltr'>καὶ</span> <span class='ocrx_word' id='word_1_350' title='bbox 3754 634 3797 686; x_wconf 71' lang='grc' dir='ltr'>οἱ</span> 
     </span>
    </p>
   </div>
   <div class='ocr_carea' id='block_1_53' title="bbox 2189 717 3800 795">
    <p class='ocr_par' dir='ltr' id='par_1_53' title="bbox 2189 717 3800 795">
     <span class='ocr_line' id='line_1_53' title="bbox 2189 717 3800 795; baseline 0.003 -24"><span class='ocrx_word' id='word_1_351' title='bbox 2189 717 2290 784; x_wconf 77' lang='grc' dir='ltr'>τὴν</span> <span class='ocrx_word' id='word_1_352' title='bbox 2342 719 2562 772; x_wconf 86' lang='grc' dir='ltr'>Νίκαιαν</span> <span class='ocrx_word' id='word_1_353' title='bbox 2606 725 2791 794; x_wconf 82' lang='grc' dir='ltr'>τηρεῖν</span> <span class='ocrx_word' id='word_1_354' title='bbox 2841 720 2978 795; x_wconf 88' lang='grc' dir='ltr'>πρὸς</span> <span class='ocrx_word' id='word_1_355' title='bbox 3029 719 3298 795; x_wconf 86' lang='grc' dir='ltr'>βασιλέως</span> <span class='ocrx_word' id='word_1_356' title='bbox 3329 720 3632 794; x_wconf 72' lang='grc' dir='ltr'>ἐσταλμένοι</span> <span class='ocrx_word' id='word_1_357' title='bbox 3676 743 3800 793; x_wconf 85' lang='grc' dir='ltr'>παμ-</span> 
     </span>
    </p>
   </div>
   <div class='ocr_carea' id='block_1_54' title="bbox 2191 806 3799 888">
    <p class='ocr_par' dir='ltr' id='par_1_54' title="bbox 2191 806 3799 888">
     <span class='ocr_line' id='line_1_54' title="bbox 2191 806 3799 888; baseline 0.002 -28"><span class='ocrx_word' id='word_1_358' title='bbox 2191 806 2390 876; x_wconf 70' lang='grc' dir='ltr'>πληθεῖ</span> <span class='ocrx_word' id='word_1_359' title='bbox 2479 808 2938 882; x_wconf 82' lang='grc' dir='ltr'>[Ρ.861]αὐτῷ</span> <span class='ocrx_word' id='word_1_360' title='bbox 3016 811 3447 888; x_wconf 74' lang='grc' dir='ltr'>προσεφοίτησαν</span> <span class='ocrx_word' id='word_1_361' title='bbox 3530 808 3799 884; x_wconf 76' lang='grc' dir='ltr'>αὐτόμολοι</span> 
     </span>
    </p>
   </div>
   <div class='ocr_carea' id='block_1_55' title="bbox 2189 895 3801 975">
    <p class='ocr_par' dir='ltr' id='par_1_55' title="bbox 2189 895 3801 975">
     <span class='ocr_line' id='line_1_55' title="bbox 2189 895 3801 975; baseline 0.003 -26"><span class='ocrx_word' id='word_1_362' title='bbox 2189 896 2277 949; x_wconf 78' lang='grc' dir='ltr'>καὶ</span> <span class='ocrx_word' id='word_1_363' title='bbox 2334 897 2434 964; x_wconf 71' lang='grc' dir='ltr'>τὴν</span> <span class='ocrx_word' id='word_1_364' title='bbox 2483 895 2646 950; x_wconf 81' lang='grc' dir='ltr'>πόλιν</span> <span class='ocrx_word' id='word_1_365' title='bbox 2703 897 2952 972; x_wconf 77' lang='grc' dir='ltr'>ἀμαχητὶ</span> <span class='ocrx_word' id='word_1_366' title='bbox 3009 896 3406 975; x_wconf 83' lang='grc' dir='ltr'>προδεδώκασι.</span> <span class='ocrx_word' id='word_1_367' title='bbox 3467 901 3801 970; x_wconf 79' lang='grc' dir='ltr'>Συνεστήσατο</span> 
     </span>
    </p>
   </div>
   <div class='ocr_carea' id='block_1_56' title="bbox 2197 982 3803 1064">
    <p class='ocr_par' dir='ltr' id='par_1_56' title="bbox 2197 982 3803 1064">
     <span class='ocr_line' id='line_1_56' title="bbox 2197 982 3803 1064; baseline 0.002 -25"><span class='ocrx_word' id='word_1_368' title='bbox 2197 982 2252 1039; x_wconf 74' lang='grc' dir='ltr'>δὲ</span> <span class='ocrx_word' id='word_1_369' title='bbox 2300 985 2388 1039; x_wconf 85' lang='grc' dir='ltr'>καὶ</span> <span class='ocrx_word' id='word_1_370' title='bbox 2444 988 2743 1058; x_wconf 78' lang='grc' dir='ltr'>Τουρκικὸν</span> <span class='ocrx_word' id='word_1_371' title='bbox 2812 989 3036 1064; x_wconf 86' lang='grc' dir='ltr'>στρατὸν</span> <span class='ocrx_word' id='word_1_372' title='bbox 3083 987 3386 1064; x_wconf 74' lang='grc' dir='ltr'>ἀξιόλογον,</span> <span class='ocrx_word' id='word_1_373' title='bbox 3437 989 3500 1043; x_wconf 81' lang='grc' dir='ltr'>οὗ</span> <span class='ocrx_word' id='word_1_374' title='bbox 3545 994 3803 1064; x_wconf 80' lang='grc' dir='ltr'>καθηγεῖτο</span> 
     </span>
    </p>
   </div>
   <div class='ocr_carea' id='block_1_57' title="bbox 2196 1073 3804 1153">
    <p class='ocr_par' dir='ltr' id='par_1_57' title="bbox 2196 1073 3804 1153">
     <span class='ocr_line' id='line_1_57' title="bbox 2196 1073 3804 1153; baseline 0.002 -25"><span class='ocrx_word' id='word_1_375' title='bbox 2196 1074 2590 1149; x_wconf 80' lang='grc' dir='ltr'>Κουτλουμοῦς</span> <span class='ocrx_word' id='word_1_376' title='bbox 2639 1075 2843 1140; x_wconf 85' lang='grc' dir='ltr'>ἐκεῖνος</span> <span class='ocrx_word' id='word_1_377' title='bbox 2897 1079 2926 1132; x_wconf 83' lang='grc' dir='ltr'><strong>ὁ</strong></span> <span class='ocrx_word' id='word_1_378' title='bbox 2974 1073 3308 1153; x_wconf 77' lang='grc' dir='ltr'>περιϐόητος</span> <span class='ocrx_word' id='word_1_379' title='bbox 3351 1078 3442 1132; x_wconf 82' lang='grc' dir='ltr'>σὺν</span> <span class='ocrx_word' id='word_1_380' title='bbox 3474 1080 3602 1133; x_wconf 77' lang='grc' dir='ltr'>υἱέσι</span> <span class='ocrx_word' id='word_1_381' title='bbox 3651 1079 3804 1146; x_wconf 80' lang='grc' dir='ltr'>πέντε,</span> 
     </span>
    </p>
   </div>
   <div class='ocr_carea' id='block_1_58' title="bbox 2193 1163 3806 1243">
    <p class='ocr_par' dir='ltr' id='par_1_58' title="bbox 2193 1163 3806 1243">
     <span class='ocr_line' id='line_1_58' title="bbox 2193 1163 3806 1243; baseline 0.002 -26"><span class='ocrx_word' id='word_1_382' title='bbox 2193 1163 2421 1226; x_wconf 66' lang='grc' dir='ltr'>τονότους</span> <span class='ocrx_word' id='word_1_383' title='bbox 2465 1167 3021 1242; x_wconf 73' lang='grc' dir='ltr'>προσεταιρισάμενος</span> <span class='ocrx_word' id='word_1_384' title='bbox 3075 1174 3388 1243; x_wconf 87' lang='grc' dir='ltr'>προσγενεῖς</span> <span class='ocrx_word' id='word_1_385' title='bbox 3444 1169 3534 1240; x_wconf 73' lang='grc' dir='ltr'>μὶν</span> <span class='ocrx_word' id='word_1_386' title='bbox 3566 1172 3638 1238; x_wconf 78' lang='grc' dir='ltr'>τῷ</span> <span class='ocrx_word' id='word_1_387' title='bbox 3665 1165 3806 1222; x_wconf 89' lang='grc' dir='ltr'>σουλ-</span> 
     </span>
    </p>
   </div>
   <div class='ocr_carea' id='block_1_59' title="bbox 2195 1252 3808 1330">
    <p class='ocr_par' dir='ltr' id='par_1_59' title="bbox 2195 1252 3808 1330">
     <span class='ocr_line' id='line_1_59' title="bbox 2195 1252 3808 1330; baseline 0.002 -23"><span class='ocrx_word' id='word_1_388' title='bbox 2195 1252 2338 1326; x_wconf 87' lang='grc' dir='ltr'>τάτῳ</span> <span class='ocrx_word' id='word_1_389' title='bbox 2392 1255 2758 1330; x_wconf 75' lang='grc' dir='ltr'>τυγχάνοντας</span> <span class='ocrx_word' id='word_1_390' title='bbox 2802 1255 2891 1310; x_wconf 77' lang='grc' dir='ltr'>καὶ</span> <span class='ocrx_word' id='word_1_391' title='bbox 2925 1255 3407 1330; x_wconf 71' lang='grc' dir='ltr'>ἀντιποιουμένους</span> <span class='ocrx_word' id='word_1_392' title='bbox 3449 1258 3538 1329; x_wconf 71' lang='grc' dir='ltr'>μὲν</span> <span class='ocrx_word' id='word_1_393' title='bbox 3567 1263 3660 1325; x_wconf 78' lang='grc' dir='ltr'>τῆς</span> <span class='ocrx_word' id='word_1_394' title='bbox 3690 1262 3808 1327; x_wconf 73' lang='grc' dir='ltr'>Περ-</span> 
     </span>
    </p>
   </div>
   <div class='ocr_carea' id='block_1_60' title="bbox 2199 1343 3810 1421">
    <p class='ocr_par' dir='ltr' id='par_1_60' title="bbox 2199 1343 3810 1421">
     <span class='ocr_line' id='line_1_60' title="bbox 2199 1343 3810 1421; baseline 0.001 -25"><span class='ocrx_word' id='word_1_395' title='bbox 2199 1350 2354 1412; x_wconf 77' lang='grc' dir='ltr'>σικῆς</span> <span class='ocrx_word' id='word_1_396' title='bbox 2415 1344 2624 1415; x_wconf 72' lang='grc' dir='ltr'>ἀπάσης</span> <span class='ocrx_word' id='word_1_397' title='bbox 2685 1343 3054 1420; x_wconf 75' lang='grc' dir='ltr'>ἐπικρατείας,</span> <span class='ocrx_word' id='word_1_398' title='bbox 3117 1343 3546 1417; x_wconf 77' lang='grc' dir='ltr'>ἀδυνατήσαντας</span> <span class='ocrx_word' id='word_1_399' title='bbox 3601 1343 3652 1400; x_wconf 73' lang='grc' dir='ltr'>δὲ</span> <span class='ocrx_word' id='word_1_400' title='bbox 3697 1345 3810 1421; x_wconf 88' lang='grc' dir='ltr'>πρὸς</span> 
     </span>
    </p>
   </div>
   <div class='ocr_carea' id='block_1_61' title="bbox 2199 1429 3808 1508">
    <p class='ocr_par' dir='ltr' id='par_1_61' title="bbox 2199 1429 3808 1508">
     <span class='ocr_line' id='line_1_61' title="bbox 2199 1429 3808 1508; baseline 0.001 -24"><span class='ocrx_word' id='word_1_401' title='bbox 2199 1429 2398 1486; x_wconf 78' lang='grc' dir='ltr'>ἐκεῖνον</span> <span class='ocrx_word' id='word_1_402' title='bbox 2459 1434 2752 1507; x_wconf 85' lang='grc' dir='ltr'>μάχεσθαι,</span> <span class='ocrx_word' id='word_1_403' title='bbox 2812 1436 2900 1488; x_wconf 85' lang='grc' dir='ltr'>καὶ</span> <span class='ocrx_word' id='word_1_404' title='bbox 2963 1431 3052 1488; x_wconf 60' lang='grc' dir='ltr'>διὰ</span> <span class='ocrx_word' id='word_1_405' title='bbox 3105 1438 3268 1490; x_wconf 76' lang='grc' dir='ltr'>τοῦτο</span> <span class='ocrx_word' id='word_1_406' title='bbox 3427 1434 3687 1506; x_wconf 76' lang='grc' dir='ltr'>Ῥωμανίᾳ</span> <span class='ocrx_word' id='word_1_407' title='bbox 3710 1432 3808 1486; x_wconf 72' lang='grc' dir='ltr'>ἑπι-</span> 
     </span>
    </p>
   </div>
   <div class='ocr_carea' id='block_1_62' title="bbox 2201 1517 3810 1597">
    <p class='ocr_par' dir='ltr' id='par_1_62' title="bbox 2201 1517 3810 1597">
     <span class='ocr_line' id='line_1_62' title="bbox 2201 1517 3810 1597; baseline 0.002 -24"><span class='ocrx_word' id='word_1_408' title='bbox 2201 1517 2552 1592; x_wconf 82' lang='grc' dir='ltr'>δημήσαντας</span> <span class='ocrx_word' id='word_1_409' title='bbox 2605 1521 2743 1577; x_wconf 84' lang='grc' dir='ltr'>ὥστε</span> <span class='ocrx_word' id='word_1_410' title='bbox 2815 1521 3012 1597; x_wconf 82' lang='grc' dir='ltr'>κράτος</span> <span class='ocrx_word' id='word_1_411' title='bbox 3073 1523 3259 1596; x_wconf 71' lang='grc' dir='ltr'>ἐκείνῳ</span> <span class='ocrx_word' id='word_1_412' title='bbox 3317 1525 3584 1587; x_wconf 81' lang='grc' dir='ltr'>ἀντίθετον</span> <span class='ocrx_word' id='word_1_413' title='bbox 3636 1524 3810 1592; x_wconf 80' lang='grc' dir='ltr'>κτήσα-</span> 
     </span>
    </p>
   </div>
   <div class='ocr_carea' id='block_1_63' title="bbox 2199 1608 3812 1687">
    <p class='ocr_par' dir='ltr' id='par_1_63' title="bbox 2199 1608 3812 1687">
     <span class='ocr_line' id='line_1_63' title="bbox 2199 1608 3812 1687; baseline 0.002 -25"><span class='ocrx_word' id='word_1_414' title='bbox 2199 1610 2340 1680; x_wconf 77' lang='grc' dir='ltr'>σθαι,</span> <span class='ocrx_word' id='word_1_415' title='bbox 2397 1609 2610 1683; x_wconf 73' lang='grc' dir='ltr'>μᾶλλον</span> <span class='ocrx_word' id='word_1_416' title='bbox 2670 1608 2746 1680; x_wconf 77' lang='grc' dir='ltr'>δὲ,</span> <span class='ocrx_word' id='word_1_417' title='bbox 2809 1611 2852 1666; x_wconf 82' lang='grc' dir='ltr'>εἰ</span> <span class='ocrx_word' id='word_1_418' title='bbox 2913 1609 2993 1666; x_wconf 88' lang='grc' dir='ltr'>δεῖ</span> <span class='ocrx_word' id='word_1_419' title='bbox 3046 1611 3278 1684; x_wconf 80' lang='grc' dir='ltr'>τάληθὲς</span> <span class='ocrx_word' id='word_1_420' title='bbox 3310 1611 3502 1680; x_wconf 83' lang='grc' dir='ltr'>εἰπεῖν,</span> <span class='ocrx_word' id='word_1_421' title='bbox 3539 1613 3710 1687; x_wconf 78' lang='grc' dir='ltr'>μάχην</span> <span class='ocrx_word' id='word_1_422' title='bbox 3739 1633 3812 1665; x_wconf 87' lang='grc' dir='ltr'>συ-</span> 
     </span>
    </p>
   </div>
   <div class='ocr_carea' id='block_1_64' title="bbox 2200 1699 3813 1778">
    <p class='ocr_par' dir='ltr' id='par_1_64' title="bbox 2200 1699 3813 1778">
     <span class='ocr_line' id='line_1_64' title="bbox 2200 1699 3813 1778; baseline 0.001 -26"><span class='ocrx_word' id='word_1_423' title='bbox 2200 1699 2571 1771; x_wconf 83' lang='grc' dir='ltr'>στησαμένους</span> <span class='ocrx_word' id='word_1_424' title='bbox 2625 1700 2763 1776; x_wconf 87' lang='grc' dir='ltr'>πρὸς</span> <span class='ocrx_word' id='word_1_425' title='bbox 2821 1701 2912 1756; x_wconf 89' lang='grc' dir='ltr'>τὸν</span> <span class='ocrx_word' id='word_1_426' title='bbox 2948 1700 3241 1757; x_wconf 85' lang='grc' dir='ltr'>σουλτάνον</span> <span class='ocrx_word' id='word_1_427' title='bbox 3301 1702 3391 1757; x_wconf 79' lang='grc' dir='ltr'>λαὶ</span> <span class='ocrx_word' id='word_1_428' title='bbox 3425 1701 3544 1778; x_wconf 79' lang='grc' dir='ltr'>περὶ</span> <span class='ocrx_word' id='word_1_429' title='bbox 3572 1709 3664 1770; x_wconf 81' lang='grc' dir='ltr'>τῆς</span> <span class='ocrx_word' id='word_1_430' title='bbox 3694 1699 3813 1769; x_wconf 77' lang='grc' dir='ltr'>ὅλης</span> 
     </span>
    </p>
   </div>
   <div class='ocr_carea' id='block_1_65' title="bbox 2123 1788 3816 1894">
    <p class='ocr_par' dir='ltr' id='par_1_65' title="bbox 2123 1788 3816 1894">
     <span class='ocr_line' id='line_1_65' title="bbox 2123 1788 3816 1894; baseline 0.001 -53"><span class='ocrx_word' id='word_1_431' title='bbox 2123 1791 2646 1894; x_wconf 71' lang='grc' dir='ltr'>Βζυγομαχοῦντας</span> <span class='ocrx_word' id='word_1_432' title='bbox 2705 1790 2886 1866; x_wconf 87' lang='grc' dir='ltr'>ἀρχῆς</span> <span class='ocrx_word' id='word_1_433' title='bbox 2943 1791 3079 1845; x_wconf 77' lang='grc' dir='ltr'>κατὰ</span> <span class='ocrx_word' id='word_1_434' title='bbox 3134 1792 3227 1845; x_wconf 82' lang='grc' dir='ltr'>τὸν</span> <span class='ocrx_word' id='word_1_435' title='bbox 3286 1791 3453 1846; x_wconf 84' lang='grc' dir='ltr'>τόπον</span> <span class='ocrx_word' id='word_1_436' title='bbox 3513 1790 3568 1853; x_wconf 81' lang='grc' dir='ltr'>ὅς</span> <span class='ocrx_word' id='word_1_437' title='bbox 3596 1788 3816 1846; x_wconf 80' lang='grc' dir='ltr'>καλεῖται</span> 
     </span>
     <span class='ocr_line' id='line_1_66' title="bbox 2199 1876 3782 1894; baseline 0 0"><span class='ocrx_word' id='word_1_438' title='bbox 2199 1878 2275 1894; x_wconf 74' lang='grc' dir='ltr'>η..</span> <span class='ocrx_word' id='word_1_439' title='bbox 2475 1881 2508 1894; x_wconf 77' lang='grc' dir='ltr'>η</span> <span class='ocrx_word' id='word_1_440' title='bbox 2552 1879 2566 1894; x_wconf 65' lang='grc' dir='ltr'>ι</span> <span class='ocrx_word' id='word_1_441' title='bbox 2673 1876 2732 1894; x_wconf 56' lang='grc' dir='ltr'>,ιρι</span> <span class='ocrx_word' id='word_1_442' title='bbox 2939 1879 2950 1894; x_wconf 90' lang='grc'><strong>.</strong></span> <span class='ocrx_word' id='word_1_443' title='bbox 2976 1879 2988 1894; x_wconf 84' lang='grc'>.</span> <span class='ocrx_word' id='word_1_444' title='bbox 3017 1883 3029 1894; x_wconf 97' lang='grc'><strong><em>,</em></strong></span> <span class='ocrx_word' id='word_1_445' title='bbox 3179 1891 3190 1894; x_wconf 70' lang='grc'>-</span> <span class='ocrx_word' id='word_1_446' title='bbox 3417 1879 3435 1894; x_wconf 60' lang='grc' dir='ltr'>ς</span> <span class='ocrx_word' id='word_1_447' title='bbox 3458 1879 3475 1894; x_wconf 55' lang='grc' dir='ltr'><strong>κ</strong></span> <span class='ocrx_word' id='word_1_448' title='bbox 3507 1883 3518 1894; x_wconf 96' lang='grc'><strong><em>,</em></strong></span> <span class='ocrx_word' id='word_1_449' title='bbox 3759 1883 3782 1894; x_wconf 90' lang='grc'>-</span> 
     </span>
    </p>
   </div>
   <div class='ocr_carea' id='block_1_66' title="bbox 2199 1876 3815 1956">
    <p class='ocr_par' dir='ltr' id='par_1_66' title="bbox 2199 1876 3815 1956">
     <span class='ocr_line' id='line_1_67' title="bbox 2199 1876 3815 1956; baseline 0 -26"><span class='ocrx_word' id='word_1_450' title='bbox 2199 1878 2394 1940; x_wconf 86' lang='grc' dir='ltr'>Ῥέας.</span> <span class='ocrx_word' id='word_1_451' title='bbox 2471 1879 2569 1935; x_wconf 80' lang='grc' dir='ltr'>Καὶ</span> <span class='ocrx_word' id='word_1_452' title='bbox 2663 1876 2771 1948; x_wconf 74' lang='grc' dir='ltr'>ἤδη</span> <span class='ocrx_word' id='word_1_453' title='bbox 2859 1879 3257 1956; x_wconf 74' lang='grc' dir='ltr'>συρῥήγνυσθαι</span> <span class='ocrx_word' id='word_1_454' title='bbox 3346 1879 3655 1952; x_wconf 85' lang='grc' dir='ltr'>μελλόντων</span> <span class='ocrx_word' id='word_1_455' title='bbox 3725 1883 3815 1933; x_wconf 81' lang='grc' dir='ltr'>τῶν</span> 
     </span>
    </p>
   </div>
   <div class='ocr_carea' id='block_1_67' title="bbox 2202 1969 3818 2046">
    <p class='ocr_par' dir='ltr' id='par_1_67' title="bbox 2202 1969 3818 2046">
     <span class='ocr_line' id='line_1_68' title="bbox 2202 1969 3818 2046; baseline 0.005 -27"><span class='ocrx_word' id='word_1_456' title='bbox 2202 1969 2641 2042; x_wconf 81' lang='grc' dir='ltr'>στρατευμάτων,</span> <span class='ocrx_word' id='word_1_457' title='bbox 2704 1969 2778 2028; x_wconf 79' lang='grc' dir='ltr'>εἷς</span> <span class='ocrx_word' id='word_1_458' title='bbox 2836 1969 2947 2024; x_wconf 83' lang='grc' dir='ltr'>ὦτα</span> <span class='ocrx_word' id='word_1_459' title='bbox 3005 1969 3191 2024; x_wconf 73' lang='grc' dir='ltr'>πίπτει</span> <span class='ocrx_word' id='word_1_460' title='bbox 3245 1969 3308 2024; x_wconf 86' lang='grc' dir='ltr'>τὸ</span> <span class='ocrx_word' id='word_1_461' title='bbox 3358 1975 3580 2046; x_wconf 76' lang='grc' dir='ltr'>πρᾶγμα</span> <span class='ocrx_word' id='word_1_462' title='bbox 3628 1974 3702 2041; x_wconf 77' lang='grc' dir='ltr'>τῷ</span> <span class='ocrx_word' id='word_1_463' title='bbox 3735 1987 3818 2044; x_wconf 61' lang='lat' dir='ltr'>7(a-</span> 
     </span>
    </p>
   </div>
   <div class='ocr_carea' id='block_1_68' title="bbox 2202 2051 3821 2131">
    <p class='ocr_par' dir='ltr' id='par_1_68' title="bbox 2202 2051 3821 2131">
     <span class='ocr_line' id='line_1_69' title="bbox 2202 2051 3821 2131; baseline -0.002 -19"><span class='ocrx_word' id='word_1_464' title='bbox 2202 2051 2356 2131; x_wconf 74' lang='grc' dir='ltr'>λιφᾷ,</span> <span class='ocrx_word' id='word_1_465' title='bbox 2415 2054 2472 2117; x_wconf 80' lang='grc' dir='ltr'>ὅς</span> <span class='ocrx_word' id='word_1_466' title='bbox 2530 2057 2659 2130; x_wconf 87' lang='grc' dir='ltr'>παρ’</span> <span class='ocrx_word' id='word_1_467' title='bbox 2704 2055 2888 2118; x_wconf 74' lang='grc' dir='ltr'>αὐτοῖς</span> <span class='ocrx_word' id='word_1_468' title='bbox 2943 2057 2994 2111; x_wconf 83' lang='grc' dir='ltr'>ἐν</span> <span class='ocrx_word' id='word_1_469' title='bbox 3052 2058 3249 2131; x_wconf 73' lang='grc' dir='ltr'>ἱσοθέῳ</span> <span class='ocrx_word' id='word_1_470' title='bbox 3305 2064 3530 2130; x_wconf 77' lang='grc' dir='ltr'>τιμᾶται</span> <span class='ocrx_word' id='word_1_471' title='bbox 3559 2061 3707 2131; x_wconf 82' lang='grc' dir='ltr'>τιμῇ.</span> <span class='ocrx_word' id='word_1_472' title='bbox 3738 2055 3821 2109; x_wconf 82' lang='grc' dir='ltr'>Κά-</span> 
     </span>
    </p>
   </div>
   <div class='ocr_carea' id='block_1_69' title="bbox 2201 2143 3819 2224">
    <p class='ocr_par' dir='ltr' id='par_1_69' title="bbox 2201 2143 3819 2224">
     <span class='ocr_line' id='line_1_70' title="bbox 2201 2143 3819 2224; baseline 0 -26"><span class='ocrx_word' id='word_1_473' title='bbox 2201 2149 2378 2205; x_wconf 86' lang='grc' dir='ltr'>κεῖνος</span> <span class='ocrx_word' id='word_1_474' title='bbox 2455 2145 2644 2199; x_wconf 80' lang='grc' dir='ltr'>αὐτίκα</span> <span class='ocrx_word' id='word_1_475' title='bbox 2746 2150 3162 2224; x_wconf 64' lang='grc' dir='ltr'>καταφρονήσας</span> <span class='ocrx_word' id='word_1_476' title='bbox 3234 2149 3432 2209; x_wconf 84' lang='grc' dir='ltr'>παντὸς</span> <span class='ocrx_word' id='word_1_477' title='bbox 3517 2143 3673 2222; x_wconf 76' lang='grc' dir='ltr'>ὄγκου</span> <span class='ocrx_word' id='word_1_478' title='bbox 3745 2144 3819 2199; x_wconf 80' lang='grc' dir='ltr'>καὶ</span> 
     </span>
    </p>
   </div>
   <div class='ocr_carea' id='block_1_70' title="bbox 2201 2231 3821 2312">
    <p class='ocr_par' dir='ltr' id='par_1_70' title="bbox 2201 2231 3821 2312">
     <span class='ocr_line' id='line_1_71' title="bbox 2201 2231 3821 2312; baseline 0 -25"><span class='ocrx_word' id='word_1_479' title='bbox 2201 2232 2355 2296; x_wconf 75' lang='grc' dir='ltr'>ἔθους</span> <span class='ocrx_word' id='word_1_480' title='bbox 2427 2233 2511 2306; x_wconf 73' lang='grc' dir='ltr'>(οὗ</span> <span class='ocrx_word' id='word_1_481' title='bbox 2572 2235 2674 2308; x_wconf 78' lang='grc' dir='ltr'>γὰρ</span> <span class='ocrx_word' id='word_1_482' title='bbox 2743 2234 2922 2312; x_wconf 68' lang='grc' dir='ltr'>ἐφεῖτο</span> <span class='ocrx_word' id='word_1_483' title='bbox 2979 2235 3128 2308; x_wconf 79' lang='grc' dir='ltr'>αὗτῷ</span> <span class='ocrx_word' id='word_1_484' title='bbox 3185 2231 3503 2311; x_wconf 76' lang='grc' dir='ltr'>προϐαίνειν</span> <span class='ocrx_word' id='word_1_485' title='bbox 3557 2242 3651 2304; x_wconf 81' lang='grc' dir='ltr'>τῆς</span> <span class='ocrx_word' id='word_1_486' title='bbox 3701 2232 3821 2295; x_wconf 72' lang='grc' dir='ltr'>ἰδίας</span> 
     </span>
    </p>
   </div>
   <div class='ocr_carea' id='block_1_71' title="bbox 2201 2321 3822 2399">
    <p class='ocr_par' dir='ltr' id='par_1_71' title="bbox 2201 2321 3822 2399">
     <span class='ocr_line' id='line_1_72' title="bbox 2201 2321 3822 2399; baseline -0.001 -23"><span class='ocrx_word' id='word_1_487' title='bbox 2201 2329 2523 2398; x_wconf 78' lang='grc' dir='ltr'>καταγωγῆς</span> <span class='ocrx_word' id='word_1_488' title='bbox 2554 2322 2726 2393; x_wconf 82' lang='grc' dir='ltr'>ἐκτὸς)</span> <span class='ocrx_word' id='word_1_489' title='bbox 2755 2323 2926 2399; x_wconf 75' lang='grc' dir='ltr'>ταχὺς</span> <span class='ocrx_word' id='word_1_490' title='bbox 2977 2323 3171 2389; x_wconf 80' lang='grc' dir='ltr'>ἐλάσας</span> <span class='ocrx_word' id='word_1_491' title='bbox 3227 2325 3303 2387; x_wconf 82' lang='grc' dir='ltr'>εἷς</span> <span class='ocrx_word' id='word_1_492' title='bbox 3359 2325 3425 2380; x_wconf 85' lang='grc' dir='ltr'>τὸ</span> <span class='ocrx_word' id='word_1_493' title='bbox 3474 2325 3560 2381; x_wconf 76' lang='grc' dir='ltr'>Ῥὶ</span> <span class='ocrx_word' id='word_1_494' title='bbox 3613 2321 3822 2398; x_wconf 84' lang='grc' dir='ltr'>παραγί-</span> 
     </span>
    </p>
   </div>
   <div class='ocr_carea' id='block_1_72' title="bbox 2203 2411 3821 2488">
    <p class='ocr_par' dir='ltr' id='par_1_72' title="bbox 2203 2411 3821 2488">
     <span class='ocr_line' id='line_1_73' title="bbox 2203 2411 3821 2488; baseline 0.001 -23"><span class='ocrx_word' id='word_1_495' title='bbox 2203 2432 2369 2482; x_wconf 83' lang='grc' dir='ltr'>νεται,</span> <span class='ocrx_word' id='word_1_496' title='bbox 2419 2412 2507 2466; x_wconf 80' lang='grc' dir='ltr'>καὶ</span> <span class='ocrx_word' id='word_1_497' title='bbox 2585 2413 2720 2486; x_wconf 83' lang='grc' dir='ltr'>πρὸς</span> <span class='ocrx_word' id='word_1_498' title='bbox 2796 2415 3116 2488; x_wconf 79' lang='grc' dir='ltr'>παρατάξεις</span> <span class='ocrx_word' id='word_1_499' title='bbox 3186 2412 3294 2484; x_wconf 73' lang='grc' dir='ltr'>ἤδη</span> <span class='ocrx_word' id='word_1_500' title='bbox 3357 2412 3662 2486; x_wconf 64' lang='grc' dir='ltr'>μελλούσας</span> <span class='ocrx_word' id='word_1_501' title='bbox 3715 2411 3821 2488; x_wconf 78' lang='grc' dir='ltr'>συρ-</span> 
     </span>
    </p>
   </div>
   <div class='ocr_carea' id='block_1_73' title="bbox 2207 2497 3824 2578">
    <p class='ocr_par' dir='ltr' id='par_1_73' title="bbox 2207 2497 3824 2578">
     <span class='ocr_line' id='line_1_74' title="bbox 2207 2497 3824 2578; baseline 0.001 -24"><span class='ocrx_word' id='word_1_502' title='bbox 2207 2501 2502 2577; x_wconf 75' lang='grc' dir='ltr'>ῥήγνυσθαι</span> <span class='ocrx_word' id='word_1_503' title='bbox 2561 2503 2722 2574; x_wconf 87' lang='grc' dir='ltr'>μέσος</span> <span class='ocrx_word' id='word_1_504' title='bbox 2781 2504 2906 2565; x_wconf 90' lang='grc' dir='ltr'>στάς</span> <span class='ocrx_word' id='word_1_505' title='bbox 2938 2504 3003 2558; x_wconf 79' lang='grc' dir='ltr'>τὰ</span> <span class='ocrx_word' id='word_1_506' title='bbox 3060 2504 3194 2578; x_wconf 84' lang='grc' dir='ltr'>πρὸς</span> <span class='ocrx_word' id='word_1_507' title='bbox 3253 2504 3477 2578; x_wconf 74' lang='grc' dir='ltr'>εἰρήνην</span> <span class='ocrx_word' id='word_1_508' title='bbox 3531 2503 3707 2563; x_wconf 83' lang='grc' dir='ltr'>αὐταῖς</span> <span class='ocrx_word' id='word_1_509' title='bbox 3759 2497 3824 2554; x_wconf 87' lang='grc' dir='ltr'>δι-</span> 
     </span>
    </p>
   </div>
   <div class='ocr_carea' id='block_1_74' title="bbox 2204 2590 3822 2670">
    <p class='ocr_par' dir='ltr' id='par_1_74' title="bbox 2204 2590 3822 2670">
     <span class='ocr_line' id='line_1_75' title="bbox 2204 2590 3822 2670; baseline -0.001 -26"><span class='ocrx_word' id='word_1_510' title='bbox 2204 2591 2424 2664; x_wconf 80' lang='grc' dir='ltr'>ῄτησεν,</span> <span class='ocrx_word' id='word_1_511' title='bbox 2482 2590 2569 2645; x_wconf 82' lang='grc' dir='ltr'>ἐπὶ</span> <span class='ocrx_word' id='word_1_512' title='bbox 2629 2592 2956 2670; x_wconf 70' lang='grc' dir='ltr'>συμφέροντι</span> <span class='ocrx_word' id='word_1_513' title='bbox 3018 2594 3112 2665; x_wconf 71' lang='grc' dir='ltr'>μὲν</span> <span class='ocrx_word' id='word_1_514' title='bbox 3173 2597 3278 2646; x_wconf 83' lang='grc' dir='ltr'>τῶν</span> <span class='ocrx_word' id='word_1_515' title='bbox 3341 2597 3560 2666; x_wconf 84' lang='grc' dir='ltr'>Περσῶν</span> <span class='ocrx_word' id='word_1_516' title='bbox 3617 2591 3822 2656; x_wconf 77' lang='grc' dir='ltr'>καὶτῆς</span> 
     </span>
    </p>
   </div>
   <div class='ocr_carea' id='block_1_75' title="bbox 2207 2679 3819 2756">
    <p class='ocr_par' dir='ltr' id='par_1_75' title="bbox 2207 2679 3819 2756">
     <span class='ocr_line' id='line_1_76' title="bbox 2207 2679 3819 2756; baseline -0.002 -23"><span class='ocrx_word' id='word_1_517' title='bbox 2207 2679 2381 2734; x_wconf 80' lang='grc' dir='ltr'>αὐτῶν</span> <span class='ocrx_word' id='word_1_518' title='bbox 2463 2680 2660 2756; x_wconf 79' lang='grc' dir='ltr'>ἀρχῆς,</span> <span class='ocrx_word' id='word_1_519' title='bbox 2738 2681 2823 2735; x_wconf 78' lang='grc' dir='ltr'>ἐπὶ</span> <span class='ocrx_word' id='word_1_520' title='bbox 2905 2687 3053 2753; x_wconf 80' lang='grc' dir='ltr'>κακῷ</span> <span class='ocrx_word' id='word_1_521' title='bbox 3114 2679 3170 2736; x_wconf 76' lang='grc' dir='ltr'>δὲ</span> <span class='ocrx_word' id='word_1_522' title='bbox 3241 2680 3340 2748; x_wconf 71' lang='grc' dir='ltr'>τῆς</span> <span class='ocrx_word' id='word_1_523' title='bbox 3399 2686 3504 2736; x_wconf 79' lang='grc' dir='ltr'>τῶν</span> <span class='ocrx_word' id='word_1_524' title='bbox 3565 2679 3819 2752; x_wconf 84' lang='grc' dir='ltr'>Ῥωμαίων</span> 
     </span>
    </p>
   </div>
   <div class='ocr_carea' id='block_1_76' title="bbox 2204 2765 3820 2846">
    <p class='ocr_par' dir='ltr' id='par_1_76' title="bbox 2204 2765 3820 2846">
     <span class='ocr_line' id='line_1_77' title="bbox 2204 2765 3820 2846; baseline -0.002 -24"><span class='ocrx_word' id='word_1_525' title='bbox 2204 2765 2548 2843; x_wconf 73' lang='grc' dir='ltr'>ἕπικρατείας</span> <span class='ocrx_word' id='word_1_526' title='bbox 2624 2770 2711 2823; x_wconf 84' lang='grc' dir='ltr'>καὶ</span> <span class='ocrx_word' id='word_1_527' title='bbox 2798 2771 3059 2841; x_wconf 80' lang='grc' dir='ltr'>ἐξουσίας.</span> <span class='ocrx_word' id='word_1_528' title='bbox 3139 2771 3310 2846; x_wconf 85' lang='grc' dir='ltr'>Λόγον</span> <span class='ocrx_word' id='word_1_529' title='bbox 3403 2771 3500 2846; x_wconf 72' lang='grc' dir='ltr'>γὰρ</span> <span class='ocrx_word' id='word_1_530' title='bbox 3579 2767 3820 2846; x_wconf 73' lang='grc' dir='ltr'>διαφόρων</span> 
     </span>
    </p>
   </div>
   <div class='ocr_carea' id='block_1_77' title="bbox 2202 2857 3823 2935">
    <p class='ocr_par' dir='ltr' id='par_1_77' title="bbox 2202 2857 3823 2935">
     <span class='ocr_line' id='line_1_78' title="bbox 2202 2857 3823 2935; baseline -0.002 -23"><span class='ocrx_word' id='word_1_531' title='bbox 2202 2859 2528 2928; x_wconf 67' lang='grc' dir='ltr'>κινηθέντων</span> <span class='ocrx_word' id='word_1_532' title='bbox 2601 2859 2690 2913; x_wconf 80' lang='grc' dir='ltr'>καὶ</span> <span class='ocrx_word' id='word_1_533' title='bbox 2765 2858 3067 2935; x_wconf 82' lang='grc' dir='ltr'>λεχθέντων</span> <span class='ocrx_word' id='word_1_534' title='bbox 3145 2857 3460 2915; x_wconf 87' lang='grc' dir='ltr'>τελευταῖον</span> <span class='ocrx_word' id='word_1_535' title='bbox 3554 2864 3727 2934; x_wconf 84' lang='grc' dir='ltr'>κρατεῖ</span> <span class='ocrx_word' id='word_1_536' title='bbox 3772 2857 3823 2910; x_wconf 88' lang='grc' dir='ltr'>τὸ</span> 
     </span>
    </p>
   </div>
   <div class='ocr_carea' id='block_1_78' title="bbox 2204 2946 3822 3022">
    <p class='ocr_par' dir='ltr' id='par_1_78' title="bbox 2204 2946 3822 3022">
     <span class='ocr_line' id='line_1_79' title="bbox 2204 2946 3822 3022; baseline -0.002 -22"><span class='ocrx_word' id='word_1_537' title='bbox 2204 2947 2354 3019; x_wconf 78' lang='grc' dir='ltr'>δόξαν</span> <span class='ocrx_word' id='word_1_538' title='bbox 2411 2947 2556 3018; x_wconf 80' lang='grc' dir='ltr'>αὐτῷ</span> <span class='ocrx_word' id='word_1_539' title='bbox 2584 2953 2738 3022; x_wconf 81' lang='grc' dir='ltr'>κοινῇ</span> <span class='ocrx_word' id='word_1_540' title='bbox 2778 2947 3081 3017; x_wconf 79' lang='grc' dir='ltr'>λυσιτελὲς,</span> <span class='ocrx_word' id='word_1_541' title='bbox 3129 2949 3267 3003; x_wconf 85' lang='grc' dir='ltr'>ὥστε</span> <span class='ocrx_word' id='word_1_542' title='bbox 3303 2950 3404 3003; x_wconf 81' lang='grc' dir='ltr'>τὸν</span> <span class='ocrx_word' id='word_1_543' title='bbox 3439 2950 3530 3022; x_wconf 73' lang='grc' dir='ltr'>μὲν</span> <span class='ocrx_word' id='word_1_544' title='bbox 3563 2946 3822 3002; x_wconf 83' lang='grc' dir='ltr'>σουλτάνον</span> 
     </span>
    </p>
   </div>
   <div class='ocr_carea' id='block_1_79' title="bbox 2202 3035 3823 3114">
    <p class='ocr_par' dir='ltr' id='par_1_79' title="bbox 2202 3035 3823 3114">
     <span class='ocr_line' id='line_1_80' title="bbox 2202 3035 3823 3114; baseline 0.003 -25"><span class='ocrx_word' id='word_1_545' title='bbox 2202 3036 2387 3112; x_wconf 73' lang='grc' dir='ltr'>ἄρχειν</span> <span class='ocrx_word' id='word_1_546' title='bbox 2415 3045 2512 3106; x_wconf 77' lang='grc' dir='ltr'>τῆς</span> <span class='ocrx_word' id='word_1_547' title='bbox 2563 3035 2822 3112; x_wconf 83' lang='grc' dir='ltr'>Περσίδος</span> <span class='ocrx_word' id='word_1_548' title='bbox 2869 3037 3005 3112; x_wconf 72' lang='grc' dir='ltr'>ᾗπερ</span> <span class='ocrx_word' id='word_1_549' title='bbox 3056 3038 3147 3092; x_wconf 82' lang='grc' dir='ltr'>καὶ</span> <span class='ocrx_word' id='word_1_550' title='bbox 3199 3039 3226 3093; x_wconf 88' lang='grc' dir='ltr'>ὁ</span> <span class='ocrx_word' id='word_1_551' title='bbox 3270 3040 3455 3114; x_wconf 72' lang='grc' dir='ltr'>πατὴρ</span> <span class='ocrx_word' id='word_1_552' title='bbox 3489 3038 3662 3104; x_wconf 75' lang='grc' dir='ltr'>αὐτοῦ,</span> <span class='ocrx_word' id='word_1_553' title='bbox 3714 3035 3823 3094; x_wconf 75' lang='grc' dir='ltr'>τοὺς</span> 
     </span>
    </p>
   </div>
   <div class='ocr_carea' id='block_1_80' title="bbox 2202 3121 3819 3200">
    <p class='ocr_par' dir='ltr' id='par_1_80' title="bbox 2202 3121 3819 3200">
     <span class='ocr_line' id='line_1_81' title="bbox 2202 3121 3819 3200; baseline -0.002 -21"><span class='ocrx_word' id='word_1_554' title='bbox 2202 3123 2256 3179; x_wconf 74' lang='grc' dir='ltr'>δὲ</span> <span class='ocrx_word' id='word_1_555' title='bbox 2287 3125 2407 3199; x_wconf 82' lang='grc' dir='ltr'>περὶ</span> <span class='ocrx_word' id='word_1_556' title='bbox 2439 3126 2528 3179; x_wconf 85' lang='grc' dir='ltr'>τὸν</span> <span class='ocrx_word' id='word_1_557' title='bbox 2586 3126 2975 3199; x_wconf 81' lang='grc' dir='ltr'>Κουτλουμοῦς</span> <span class='ocrx_word' id='word_1_558' title='bbox 3025 3121 3291 3182; x_wconf 74' lang='grc' dir='ltr'>λαϐόντας</span> <span class='ocrx_word' id='word_1_559' title='bbox 3325 3124 3556 3200; x_wconf 67' lang='grc' dir='ltr'>δύναμιν</span> <span class='ocrx_word' id='word_1_560' title='bbox 3583 3125 3716 3200; x_wconf 80' lang='grc' dir='ltr'>παρά</span> <span class='ocrx_word' id='word_1_561' title='bbox 3739 3127 3819 3177; x_wconf 74' lang='grc' dir='ltr'>τοῦ</span> 
     </span>
    </p>
   </div>
   <div class='ocr_carea' id='block_1_81' title="bbox 2203 3213 3818 3290">
    <p class='ocr_par' dir='ltr' id='par_1_81' title="bbox 2203 3213 3818 3290">
     <span class='ocr_line' id='line_1_82' title="bbox 2203 3213 3818 3290; baseline -0.002 -22"><span class='ocrx_word' id='word_1_562' title='bbox 2203 3213 2500 3269; x_wconf 82' lang='grc' dir='ltr'>σουλτάνου</span> <span class='ocrx_word' id='word_1_563' title='bbox 2547 3214 2636 3269; x_wconf 79' lang='grc' dir='ltr'>καὶ</span> <span class='ocrx_word' id='word_1_564' title='bbox 2690 3214 3009 3290; x_wconf 85' lang='grc' dir='ltr'>συγχέρειαν</span> <span class='ocrx_word' id='word_1_565' title='bbox 3041 3217 3140 3284; x_wconf 76' lang='grc' dir='ltr'>τὴν</span> <span class='ocrx_word' id='word_1_566' title='bbox 3171 3221 3278 3271; x_wconf 82' lang='grc' dir='ltr'>τῶν</span> <span class='ocrx_word' id='word_1_567' title='bbox 3310 3217 3595 3289; x_wconf 83' lang='grc' dir='ltr'>Ῥωμαίων</span> <span class='ocrx_word' id='word_1_568' title='bbox 3653 3215 3818 3290; x_wconf 80' lang='grc' dir='ltr'>χώραν</span> 
     </span>
    </p>
   </div>
   <div class='ocr_carea' id='block_1_82' title="bbox 2196 3301 3814 3381">
    <p class='ocr_par' dir='ltr' id='par_1_82' title="bbox 2196 3301 3814 3381">
     <span class='ocr_line' id='line_1_83' title="bbox 2196 3301 3814 3381; baseline -0.002 -24"><span class='ocrx_word' id='word_1_569' title='bbox 2196 3303 2404 3366; x_wconf 74' lang='grc' dir='ltr'>ἑαυτοῖς</span> <span class='ocrx_word' id='word_1_570' title='bbox 2462 3307 2915 3379; x_wconf 77' lang='grc' dir='ltr'>περιποιήσασθαι</span> <span class='ocrx_word' id='word_1_571' title='bbox 2973 3305 3062 3359; x_wconf 85' lang='grc' dir='ltr'>καὶ</span> <span class='ocrx_word' id='word_1_572' title='bbox 3122 3301 3268 3381; x_wconf 74' lang='grc' dir='ltr'>ἔχειν</span> <span class='ocrx_word' id='word_1_573' title='bbox 3328 3306 3406 3369; x_wconf 76' lang='grc' dir='ltr'>εἰς</span> <span class='ocrx_word' id='word_1_574' title='bbox 3463 3305 3594 3360; x_wconf 81' lang='grc' dir='ltr'>ἰδίαν</span> <span class='ocrx_word' id='word_1_575' title='bbox 3650 3304 3814 3378; x_wconf 82' lang='grc' dir='ltr'>χώραν</span> 
     </span>
    </p>
   </div>
   <div class='ocr_carea' id='block_1_83' title="bbox 2193 3392 3814 3468">
    <p class='ocr_par' dir='ltr' id='par_1_83' title="bbox 2193 3392 3814 3468">
     <span class='ocr_line' id='line_1_84' title="bbox 2193 3392 3814 3468; baseline -0.002 -21"><span class='ocrx_word' id='word_1_576' title='bbox 2193 3393 2282 3447; x_wconf 80' lang='grc' dir='ltr'>καὶ</span> <span class='ocrx_word' id='word_1_577' title='bbox 2342 3392 2581 3463; x_wconf 79' lang='grc' dir='ltr'>ἐξουσίαν</span> <span class='ocrx_word' id='word_1_578' title='bbox 2632 3394 2718 3447; x_wconf 83' lang='grc' dir='ltr'>καὶ</span> <span class='ocrx_word' id='word_1_579' title='bbox 2782 3392 3080 3468; x_wconf 82' lang='grc' dir='ltr'>βασιλείαν,</span> <span class='ocrx_word' id='word_1_580' title='bbox 3138 3393 3275 3449; x_wconf 84' lang='grc' dir='ltr'>ὣστε</span> <span class='ocrx_word' id='word_1_581' title='bbox 3327 3393 3498 3468; x_wconf 72' lang='grc' dir='ltr'>μηδὶν</span> <span class='ocrx_word' id='word_1_582' title='bbox 3532 3392 3814 3468; x_wconf 80' lang='grc' dir='ltr'>ἐπηρεάζειν</span> 
     </span>
    </p>
   </div>
   <div class='ocr_carea' id='block_1_84' title="bbox 2196 3479 3815 3557">
    <p class='ocr_par' dir='ltr' id='par_1_84' title="bbox 2196 3479 3815 3557">
     <span class='ocr_line' id='line_1_85' title="bbox 2196 3479 3815 3557; baseline -0.002 -22"><span class='ocrx_word' id='word_1_583' title='bbox 2196 3480 2488 3552; x_wconf 79' lang='grc' dir='ltr'>ἀλλήλοις.</span> <span class='ocrx_word' id='word_1_584' title='bbox 2551 3481 2651 3537; x_wconf 87' lang='grc' dir='ltr'>Καὶ</span> <span class='ocrx_word' id='word_1_585' title='bbox 2682 3480 2770 3535; x_wconf 72' lang='grc' dir='ltr'>ἐπὶ</span> <span class='ocrx_word' id='word_1_586' title='bbox 2799 3485 2866 3554; x_wconf 81' lang='grc' dir='ltr'>τῇ</span> <span class='ocrx_word' id='word_1_587' title='bbox 2893 3482 3118 3557; x_wconf 70' lang='grc' dir='ltr'>τοιαύτῃ</span> <span class='ocrx_word' id='word_1_588' title='bbox 3175 3483 3428 3554; x_wconf 84' lang='grc' dir='ltr'>ὑποθήκη</span> <span class='ocrx_word' id='word_1_589' title='bbox 3456 3483 3543 3538; x_wconf 70' lang='grc' dir='ltr'>καὶ</span> <span class='ocrx_word' id='word_1_590' title='bbox 3577 3479 3815 3548; x_wconf 80' lang='grc' dir='ltr'>διαιτήσει</span> 
     </span>
    </p>
   </div>
   <div class='ocr_carea' id='block_1_85' title="bbox 2193 3568 3816 3648">
    <p class='ocr_par' dir='ltr' id='par_1_85' title="bbox 2193 3568 3816 3648">
     <span class='ocr_line' id='line_1_86' title="bbox 2193 3568 3816 3648; baseline -0.003 -23"><span class='ocrx_word' id='word_1_591' title='bbox 2193 3575 2289 3625; x_wconf 74' lang='grc' dir='ltr'>τοῦ</span> <span class='ocrx_word' id='word_1_592' title='bbox 2320 3569 2533 3646; x_wconf 83' lang='grc' dir='ltr'>χαλιφᾶ</span> <span class='ocrx_word' id='word_1_593' title='bbox 2561 3572 2671 3643; x_wconf 72' lang='grc'>(41)</span> <span class='ocrx_word' id='word_1_594' title='bbox 2731 3568 3004 3626; x_wconf 80' lang='grc' dir='ltr'>διαλύεται</span> <span class='ocrx_word' id='word_1_595' title='bbox 3063 3572 3157 3643; x_wconf 75' lang='grc' dir='ltr'>μὲν</span> <span class='ocrx_word' id='word_1_596' title='bbox 3210 3574 3244 3640; x_wconf 80' lang='grc' dir='ltr'>ἡ</span> <span class='ocrx_word' id='word_1_597' title='bbox 3299 3573 3458 3648; x_wconf 83' lang='grc' dir='ltr'>μάχη</span> <span class='ocrx_word' id='word_1_598' title='bbox 3493 3570 3580 3627; x_wconf 85' lang='grc' dir='ltr'>καὶ</span> <span class='ocrx_word' id='word_1_599' title='bbox 3620 3571 3646 3624; x_wconf 89' lang='grc' dir='ltr'>ὁ</span> <span class='ocrx_word' id='word_1_600' title='bbox 3676 3588 3816 3642; x_wconf 87' lang='grc' dir='ltr'>στρα-</span> 
     </span>
    </p>
   </div>
   <div class='ocr_carea' id='block_1_86' title="bbox 2191 3658 3817 3736">
    <p class='ocr_par' dir='ltr' id='par_1_86' title="bbox 2191 3658 3817 3736">
     <span class='ocr_line' id='line_1_87' title="bbox 2191 3658 3817 3736; baseline -0.004 -21"><span class='ocrx_word' id='word_1_601' title='bbox 2191 3660 2282 3721; x_wconf 86' lang='grc' dir='ltr'>τὸς</span> <span class='ocrx_word' id='word_1_602' title='bbox 2349 3660 2633 3735; x_wconf 87' lang='grc' dir='ltr'>ὑποχωρεῖ</span> <span class='ocrx_word' id='word_1_603' title='bbox 2706 3659 2795 3713; x_wconf 88' lang='grc' dir='ltr'>καὶ</span> <span class='ocrx_word' id='word_1_604' title='bbox 2849 3666 2992 3714; x_wconf 80' lang='grc' dir='ltr'>πᾶσα</span> <span class='ocrx_word' id='word_1_605' title='bbox 3049 3663 3083 3729; x_wconf 78' lang='grc' dir='ltr'>ἡ</span> <span class='ocrx_word' id='word_1_606' title='bbox 3153 3658 3263 3736; x_wconf 84' lang='grc' dir='ltr'>ἔρις</span> <span class='ocrx_word' id='word_1_607' title='bbox 3313 3659 3817 3732; x_wconf 81' lang='grc' dir='ltr'>ἀποδιοπομπεῖται,</span> 
     </span>
    </p>
   </div>
   <div class='ocr_carea' id='block_1_87' title="bbox 2191 3745 3819 3822">
    <p class='ocr_par' dir='ltr' id='par_1_87' title="bbox 2191 3745 3819 3822">
     <span class='ocr_line' id='line_1_88' title="bbox 2191 3745 3819 3822; baseline -0.002 -19"><span class='ocrx_word' id='word_1_608' title='bbox 2191 3749 2280 3803; x_wconf 83' lang='grc' dir='ltr'>καὶ</span> <span class='ocrx_word' id='word_1_609' title='bbox 2336 3749 2402 3802; x_wconf 77' lang='grc' dir='ltr'>τὰ.</span> <span class='ocrx_word' id='word_1_610' title='bbox 2455 3753 2562 3802; x_wconf 81' lang='grc' dir='ltr'>τῶν</span> <span class='ocrx_word' id='word_1_611' title='bbox 2621 3749 2904 3822; x_wconf 85' lang='grc' dir='ltr'>Ῥωμαίων</span> <span class='ocrx_word' id='word_1_612' title='bbox 2961 3745 3334 3804; x_wconf 77' lang='grc' dir='ltr'>καταδουλοῦν</span> <span class='ocrx_word' id='word_1_613' title='bbox 3400 3751 3611 3811; x_wconf 72' lang='grc' dir='ltr'>ἑαυτοῖς</span> <span class='ocrx_word' id='word_1_614' title='bbox 3667 3747 3819 3819; x_wconf 73' lang='grc' dir='ltr'>ἀπήρι</span> 
     </span>
    </p>
   </div>
   <div class='ocr_carea' id='block_1_88' title="bbox 2191 3836 3818 3915">
    <p class='ocr_par' dir='ltr' id='par_1_88' title="bbox 2191 3836 3818 3915">
     <span class='ocr_line' id='line_1_89' title="bbox 2191 3836 3818 3915; baseline -0.002 -23"><span class='ocrx_word' id='word_1_615' title='bbox 2191 3838 2368 3908; x_wconf 79' lang='grc' dir='ltr'>ξαντο,</span> <span class='ocrx_word' id='word_1_616' title='bbox 2428 3839 2660 3901; x_wconf 72' lang='grc' dir='ltr'>Τούτους</span> <span class='ocrx_word' id='word_1_617' title='bbox 2721 3836 2810 3892; x_wconf 77' lang='grc' dir='ltr'>οὖν</span> <span class='ocrx_word' id='word_1_618' title='bbox 2868 3840 3428 3915; x_wconf 83' lang='grc' dir='ltr'>προσεταιρισάμενος</span> <span class='ocrx_word' id='word_1_619' title='bbox 3488 3839 3618 3912; x_wconf 82' lang='grc' dir='ltr'>μετά</span> <span class='ocrx_word' id='word_1_620' title='bbox 3673 3854 3818 3910; x_wconf 85' lang='grc' dir='ltr'>στρα-</span> 
     </span>
    </p>
   </div>
   <div class='ocr_carea' id='block_1_89' title="bbox 2188 3924 3820 4002">
    <p class='ocr_par' dir='ltr' id='par_1_89' title="bbox 2188 3924 3820 4002">
     <span class='ocr_line' id='line_1_90' title="bbox 2188 3924 3820 4002; baseline -0.003 -21"><span class='ocrx_word' id='word_1_621' title='bbox 2188 3932 2307 3988; x_wconf 78' lang='grc' dir='ltr'>τιᾶς</span> <span class='ocrx_word' id='word_1_622' title='bbox 2358 3926 2645 4002; x_wconf 80' lang='grc' dir='ltr'>ἀξιολόγου</span> <span class='ocrx_word' id='word_1_623' title='bbox 2691 3927 2781 3981; x_wconf 85' lang='grc' dir='ltr'>καὶ</span> <span class='ocrx_word' id='word_1_624' title='bbox 2831 3926 2916 3980; x_wconf 83' lang='grc' dir='ltr'>ἐπὶ</span> <span class='ocrx_word' id='word_1_625' title='bbox 2968 3929 3260 3997; x_wconf 80' lang='grc' dir='ltr'>συνθήκαις</span> <span class='ocrx_word' id='word_1_626' title='bbox 3301 3927 3498 4002; x_wconf 73' lang='grc' dir='ltr'>ῥηταῖς</span> <span class='ocrx_word' id='word_1_627' title='bbox 3549 3926 3659 3998; x_wconf 84' lang='grc' dir='ltr'>μεθ’</span> <span class='ocrx_word' id='word_1_628' title='bbox 3712 3924 3820 3978; x_wconf 81' lang='grc' dir='ltr'>έαυ-</span> 
     </span>
    </p>
   </div>
   <div class='ocr_carea' id='block_1_90' title="bbox 2187 4009 3821 4090">
    <p class='ocr_par' dir='ltr' id='par_1_90' title="bbox 2187 4009 3821 4090">
     <span class='ocr_line' id='line_1_91' title="bbox 2187 4009 3821 4090; baseline -0.004 -21"><span class='ocrx_word' id='word_1_629' title='bbox 2187 4019 2289 4069; x_wconf 71' lang='grc' dir='ltr'>τοῦ</span> <span class='ocrx_word' id='word_1_630' title='bbox 2321 4017 2675 4089; x_wconf 79' lang='grc' dir='ltr'>συνεπήγετο,</span> <span class='ocrx_word' id='word_1_631' title='bbox 2724 4016 2815 4069; x_wconf 81' lang='grc' dir='ltr'>καὶ</span> <span class='ocrx_word' id='word_1_632' title='bbox 2859 4022 2960 4085; x_wconf 84' lang='grc' dir='ltr'>τῆς</span> <span class='ocrx_word' id='word_1_633' title='bbox 3001 4012 3130 4069; x_wconf 78' lang='grc' dir='ltr'>ὁδιιῦ</span> <span class='ocrx_word' id='word_1_634' title='bbox 3179 4014 3481 4089; x_wconf 79' lang='grc' dir='ltr'>ἀρξάμενος</span> <span class='ocrx_word' id='word_1_635' title='bbox 3507 4015 3699 4090; x_wconf 81' lang='grc' dir='ltr'>ἐχώρει</span> <span class='ocrx_word' id='word_1_636' title='bbox 3745 4009 3821 4065; x_wconf 68' lang='grc' dir='ltr'>ἰπὶ</span> 
     </span>
    </p>
   </div>
   <div class='ocr_carea' id='block_1_91' title="bbox 2187 4101 3819 4180">
    <p class='ocr_par' dir='ltr' id='par_1_91' title="bbox 2187 4101 3819 4180">
     <span class='ocr_line' id='line_1_92' title="bbox 2187 4101 3819 4180; baseline 0.001 -22"><span class='ocrx_word' id='word_1_637' title='bbox 2187 4105 2286 4172; x_wconf 74' lang='grc' dir='ltr'>τήν</span> <span class='ocrx_word' id='word_1_638' title='bbox 2344 4103 2596 4159; x_wconf 85' lang='grc' dir='ltr'>Νίκαιαν.</span> <span class='ocrx_word' id='word_1_639' title='bbox 2660 4103 2808 4159; x_wconf 76' lang='grc' dir='ltr'>Πολὺ</span> <span class='ocrx_word' id='word_1_640' title='bbox 2868 4101 2926 4158; x_wconf 74' lang='grc' dir='ltr'>δὲ</span> <span class='ocrx_word' id='word_1_641' title='bbox 2980 4103 3196 4172; x_wconf 81' lang='grc' dir='ltr'>πλῆθος</span> <span class='ocrx_word' id='word_1_642' title='bbox 3248 4111 3350 4174; x_wconf 82' lang='grc' dir='ltr'>τῆς</span> <span class='ocrx_word' id='word_1_643' title='bbox 3416 4101 3819 4180; x_wconf 81' lang='grc' dir='ltr'>μεγαλοπόλεως</span> 
     </span>
    </p>
   </div>
   <div class='ocr_carea' id='block_1_92' title="bbox 2188 4187 3818 4268">
    <p class='ocr_par' dir='ltr' id='par_1_92' title="bbox 2188 4187 3818 4268">
     <span class='ocr_line' id='line_1_93' title="bbox 2188 4187 3818 4268; baseline -0.003 -21"><span class='ocrx_word' id='word_1_644' title='bbox 2188 4191 2440 4248; x_wconf 75' lang='grc' dir='ltr'>ἑκάστοτε</span> <span class='ocrx_word' id='word_1_645' title='bbox 2499 4192 2778 4268; x_wconf 74' lang='grc' dir='ltr'>συνέρρέον</span> <span class='ocrx_word' id='word_1_646' title='bbox 2831 4193 2968 4266; x_wconf 85' lang='grc' dir='ltr'>πρὸς</span> <span class='ocrx_word' id='word_1_647' title='bbox 2997 4193 3180 4249; x_wconf 84' lang='grc' dir='ltr'>αὐτόν.</span> <span class='ocrx_word' id='word_1_648' title='bbox 3240 4193 3345 4249; x_wconf 78' lang='grc' dir='ltr'>Καὶ</span> <span class='ocrx_word' id='word_1_649' title='bbox 3382 4195 3446 4249; x_wconf 86' lang='grc' dir='ltr'>τὸ</span> <span class='ocrx_word' id='word_1_650' title='bbox 3479 4191 3546 4263; x_wconf 81' lang='grc' dir='ltr'>δὴ</span> <span class='ocrx_word' id='word_1_651' title='bbox 3604 4187 3818 4266; x_wconf 86' lang='grc' dir='ltr'>παράδο-</span> 
     </span>
    </p>
   </div>
   <div class='ocr_carea' id='block_1_93' title="bbox 2187 4281 3818 4358">
    <p class='ocr_par' dir='ltr' id='par_1_93' title="bbox 2187 4281 3818 4358">
     <span class='ocr_line' id='line_1_94' title="bbox 2187 4281 3818 4358; baseline -0.002 -20"><span class='ocrx_word' id='word_1_652' title='bbox 2187 4287 2297 4356; x_wconf 78' lang='grc' dir='ltr'>ξον,</span> <span class='ocrx_word' id='word_1_653' title='bbox 2333 4283 2414 4338; x_wconf 79' lang='grc' dir='ltr'>ὅτι</span> <span class='ocrx_word' id='word_1_654' title='bbox 2448 4281 2572 4338; x_wconf 73' lang='grc' dir='ltr'>οὐδὲ</span> <span class='ocrx_word' id='word_1_655' title='bbox 2601 4285 2653 4338; x_wconf 76' lang='grc' dir='ltr'>οἱ</span> <span class='ocrx_word' id='word_1_656' title='bbox 2695 4289 2927 4358; x_wconf 82' lang='grc' dir='ltr'>Τοῦρκοι</span> <span class='ocrx_word' id='word_1_657' title='bbox 2979 4282 3234 4357; x_wconf 84' lang='grc' dir='ltr'>ἐμποδὼν</span> <span class='ocrx_word' id='word_1_658' title='bbox 3297 4285 3448 4358; x_wconf 79' lang='grc' dir='ltr'>αὐτῷ</span> <span class='ocrx_word' id='word_1_659' title='bbox 3496 4286 3818 4347; x_wconf 83' lang='grc' dir='ltr'>καθίσταντο,</span> 
     </span>
    </p>
   </div>
   <div class='ocr_carea' id='block_1_94' title="bbox 2184 4369 3815 4448">
    <p class='ocr_par' dir='ltr' id='par_1_94' title="bbox 2184 4369 3815 4448">
     <span class='ocr_line' id='line_1_95' title="bbox 2184 4369 3815 4448; baseline -0.002 -22"><span class='ocrx_word' id='word_1_660' title='bbox 2184 4375 2539 4448; x_wconf 87' lang='grc' dir='ltr'>προέπεμπον</span> <span class='ocrx_word' id='word_1_661' title='bbox 2612 4370 2669 4428; x_wconf 71' lang='grc' dir='ltr'>δὲ</span> <span class='ocrx_word' id='word_1_662' title='bbox 2730 4371 2948 4446; x_wconf 76' lang='grc' dir='ltr'>μᾶλλον</span> <span class='ocrx_word' id='word_1_663' title='bbox 3007 4373 3099 4427; x_wconf 80' lang='grc' dir='ltr'>σὺν</span> <span class='ocrx_word' id='word_1_664' title='bbox 3158 4371 3305 4428; x_wconf 74' lang='grc' dir='ltr'>αἰδοῖ</span> <span class='ocrx_word' id='word_1_665' title='bbox 3365 4375 3459 4430; x_wconf 85' lang='grc' dir='ltr'>καὶ</span> <span class='ocrx_word' id='word_1_666' title='bbox 3519 4369 3815 4444; x_wconf 76' lang='grc' dir='ltr'>σεϐάσματι.</span> 
     </span>
    </p>
   </div>
   <div class='ocr_carea' id='block_1_95' title="bbox 2185 4459 3814 4536">
    <p class='ocr_par' dir='ltr' id='par_1_95' title="bbox 2185 4459 3814 4536">
     <span class='ocr_line' id='line_1_96' title="bbox 2185 4459 3814 4536; baseline -0.002 -20"><span class='ocrx_word' id='word_1_667' title='bbox 2185 4461 2283 4516; x_wconf 82' lang='grc' dir='ltr'>Καὶ</span> <span class='ocrx_word' id='word_1_668' title='bbox 2331 4465 2365 4530; x_wconf 84' lang='grc' dir='ltr'>ἠ</span> <span class='ocrx_word' id='word_1_669' title='bbox 2421 4460 2635 4536; x_wconf 76' lang='grc' dir='ltr'>βασιλὶς</span> <span class='ocrx_word' id='word_1_670' title='bbox 2685 4460 2741 4516; x_wconf 75' lang='grc' dir='ltr'>δὲ</span> <span class='ocrx_word' id='word_1_671' title='bbox 2795 4467 2904 4517; x_wconf 84' lang='grc' dir='ltr'>τῶν</span> <span class='ocrx_word' id='word_1_672' title='bbox 2963 4462 3177 4518; x_wconf 86' lang='grc' dir='ltr'>πόλεων</span> <span class='ocrx_word' id='word_1_673' title='bbox 3240 4463 3329 4518; x_wconf 82' lang='grc' dir='ltr'>καὶ</span> <span class='ocrx_word' id='word_1_674' title='bbox 3392 4469 3497 4518; x_wconf 77' lang='grc' dir='ltr'>πᾶν</span> <span class='ocrx_word' id='word_1_675' title='bbox 3524 4464 3585 4518; x_wconf 88' lang='grc' dir='ltr'>τὸ</span> <span class='ocrx_word' id='word_1_676' title='bbox 3615 4462 3665 4516; x_wconf 80' lang='grc' dir='ltr'>ἐν</span> <span class='ocrx_word' id='word_1_677' title='bbox 3695 4459 3814 4530; x_wconf 72' lang='grc' dir='ltr'>αὖτῇ</span> 
     </span>
    </p>
   </div>
   <div class='ocr_carea' id='block_1_96' title="bbox 421 4550 2082 4636">
    <p class='ocr_par' dir='ltr' id='par_1_96' title="bbox 421 4552 2072 4609">
     <span class='ocr_line' id='line_1_97' title="bbox 421 4552 2072 4609; baseline -0.001 -1"><span class='ocrx_word' id='word_1_678' title='bbox 421 4553 483 4608; x_wconf 90' lang='lat' dir='ltr'>in</span> <span class='ocrx_word' id='word_1_679' title='bbox 561 4571 743 4608; x_wconf 89' lang='lat' dir='ltr'>unum</span> <span class='ocrx_word' id='word_1_680' title='bbox 822 4554 1232 4608; x_wconf 80' lang='lat' dir='ltr'>convenientes</span> <span class='ocrx_word' id='word_1_681' title='bbox 1307 4555 1377 4608; x_wconf 91' lang='lat' dir='ltr'>ad</span> <span class='ocrx_word' id='word_1_682' title='bbox 1450 4552 1894 4608; x_wconf 89' lang='lat' dir='ltr'>celeberrimum</span> <span class='ocrx_word' id='word_1_683' title='bbox 1973 4554 2072 4609; x_wconf 91' lang='lat' dir='ltr'>Dei</span> 
     </span>
    </p>
   </div>
   <div class='ocr_carea' id='block_1_97' title="bbox 2194 4550 3814 4636">
    <p class='ocr_par' dir='ltr' id='par_1_97' title="bbox 2194 4550 3814 4627">
     <span class='ocr_line' id='line_1_98' title="bbox 2194 4550 3814 4627; baseline 0.001 -23"><span class='ocrx_word' id='word_1_684' title='bbox 2194 4550 2472 4624; x_wconf 69' lang='grc' dir='ltr'>ἐξαίρετον,</span> <span class='ocrx_word' id='word_1_685' title='bbox 2534 4552 2656 4605; x_wconf 77' lang='grc' dir='ltr'>ὅσον</span> <span class='ocrx_word' id='word_1_686' title='bbox 2711 4573 2768 4606; x_wconf 90' lang='grc' dir='ltr'>τε</span> <span class='ocrx_word' id='word_1_687' title='bbox 2825 4551 2877 4605; x_wconf 69' lang='grc' dir='ltr'>ἐν</span> <span class='ocrx_word' id='word_1_688' title='bbox 2937 4550 3166 4627; x_wconf 77' lang='grc' dir='ltr'>ἄρχουσι</span> <span class='ocrx_word' id='word_1_689' title='bbox 3221 4553 3312 4606; x_wconf 79' lang='grc' dir='ltr'>καὶ</span> <span class='ocrx_word' id='word_1_690' title='bbox 3335 4552 3464 4608; x_wconf 80' lang='grc' dir='ltr'>ὅσον</span> <span class='ocrx_word' id='word_1_691' title='bbox 3489 4553 3538 4607; x_wconf 81' lang='grc' dir='ltr'>ἐν</span> <span class='ocrx_word' id='word_1_692' title='bbox 3598 4553 3814 4606; x_wconf 83' lang='grc' dir='ltr'>ἀστικοῖς</span> 
     </span>
    </p>
   </div>
   <div class='ocr_carea' id='block_1_98' title="bbox 421 4642 2073 4714">
    <p class='ocr_par' dir='ltr' id='par_1_98' title="bbox 421 4642 2073 4714">
     <span class='ocr_line' id='line_1_99' title="bbox 421 4642 2073 4714; baseline -0.002 -15"><span class='ocrx_word' id='word_1_693' title='bbox 421 4643 585 4699; x_wconf 86' lang='lat' dir='ltr'>Verbi</span> <span class='ocrx_word' id='word_1_694' title='bbox 621 4643 846 4713; x_wconf 71' lang='lat' dir='ltr'>Sophim</span> <span class='ocrx_word' id='word_1_695' title='bbox 895 4642 1207 4713; x_wconf 88' lang='lat' dir='ltr'>templum,</span> <span class='ocrx_word' id='word_1_696' title='bbox 1243 4658 1430 4713; x_wconf 82' lang='lat' dir='ltr'>nuper</span> <span class='ocrx_word' id='word_1_697' title='bbox 1479 4642 1928 4698; x_wconf 88' lang='lat' dir='ltr'>imminentibus</span> <span class='ocrx_word' id='word_1_698' title='bbox 1958 4643 2073 4714; x_wconf 91' lang='lat' dir='ltr'>epi-</span> 
     </span>
    </p>
   </div>
   <div class='ocr_carea' id='block_1_99' title="bbox 417 4731 2073 4799">
    <p class='ocr_par' dir='ltr' id='par_1_99' title="bbox 417 4731 2073 4799">
     <span class='ocr_line' id='line_1_100' title="bbox 417 4731 2073 4799; baseline -0.001 -12"><span class='ocrx_word' id='word_1_699' title='bbox 417 4731 658 4787; x_wconf 90' lang='lat' dir='ltr'>bateriis</span> <span class='ocrx_word' id='word_1_700' title='bbox 682 4731 1162 4786; x_wconf 77' lang='lat' dir='ltr'>An&#39;untiationis</span> <span class='ocrx_word' id='word_1_701' title='bbox 1193 4731 1370 4785; x_wconf 71' lang='lat' dir='ltr'>beatze</span> <span class='ocrx_word' id='word_1_702' title='bbox 1407 4732 1614 4799; x_wconf 66' lang='lat' dir='ltr'>Mariaa,</span> <span class='ocrx_word' id='word_1_703' title='bbox 1647 4731 1943 4786; x_wconf 87' lang='lat' dir='ltr'>declarant</span> <span class='ocrx_word' id='word_1_704' title='bbox 1968 4732 2073 4787; x_wconf 90' lang='lat' dir='ltr'>im-</span> 
     </span>
    </p>
   </div>
   <div class='ocr_carea' id='block_1_100' title="bbox 415 4819 2075 4892">
    <p class='ocr_par' dir='ltr' id='par_1_100' title="bbox 415 4819 2075 4892">
     <span class='ocr_line' id='line_1_101' title="bbox 415 4819 2075 4892; baseline 0 -16"><span class='ocrx_word' id='word_1_705' title='bbox 415 4825 742 4892; x_wconf 87' lang='lat' dir='ltr'>peratorem</span> <span class='ocrx_word' id='word_1_706' title='bbox 795 4819 1186 4884; x_wconf 86' lang='lat' dir='ltr'>Botaniatem,</span> <span class='ocrx_word' id='word_1_707' title='bbox 1245 4825 1539 4890; x_wconf 66' lang='lat' dir='ltr'>praeeunte</span> <span class='ocrx_word' id='word_1_708' title='bbox 1590 4819 1680 4874; x_wconf 89' lang='lat' dir='ltr'>his</span> <span class='ocrx_word' id='word_1_709' title='bbox 1743 4819 2075 4891; x_wconf 85' lang='lat' dir='ltr'>patriarcha</span> 
     </span>
    </p>
   </div>
   <div class='ocr_carea' id='block_1_101' title="bbox 418 4908 2072 4982">
    <p class='ocr_par' dir='ltr' id='par_1_101' title="bbox 418 4908 2072 4982">
     <span class='ocr_line' id='line_1_102' title="bbox 418 4908 2072 4982; baseline -0.001 -17"><span class='ocrx_word' id='word_1_710' title='bbox 418 4910 624 4965; x_wconf 63' lang='lat' dir='ltr'>divinis</span> <span class='ocrx_word' id='word_1_711' title='bbox 651 4911 815 4965; x_wconf 89' lang='lat' dir='ltr'>urbis</span> <span class='ocrx_word' id='word_1_712' title='bbox 840 4926 1065 4982; x_wconf 65' lang='lat' dir='ltr'>magna:</span> <span class='ocrx_word' id='word_1_713' title='bbox 1088 4909 1433 4975; x_wconf 63' lang='lat' dir='ltr'>Antiochiae,</span> <span class='ocrx_word' id='word_1_714' title='bbox 1469 4908 1705 4963; x_wconf 91' lang='lat' dir='ltr'>nomine</span> <span class='ocrx_word' id='word_1_715' title='bbox 1739 4908 2072 4977; x_wconf 61' lang='lat' dir='ltr'>fEmiliano,</span> 
     </span>
    </p>
   </div>
   <div class='ocr_carea' id='block_1_102' title="bbox 2182 4635 3815 4713">
    <p class='ocr_par' dir='ltr' id='par_1_102' title="bbox 2182 4635 3815 4713">
     <span class='ocr_line' id='line_1_103' title="bbox 2182 4635 3815 4713; baseline 0 -19"><span class='ocrx_word' id='word_1_716' title='bbox 2182 4640 2272 4694; x_wconf 68' lang='grc' dir='ltr'>καὶ</span> <span class='ocrx_word' id='word_1_717' title='bbox 2321 4637 2644 4712; x_wconf 85' lang='grc' dir='ltr'>δημοτικοῖς</span> <span class='ocrx_word' id='word_1_718' title='bbox 2674 4643 2806 4713; x_wconf 83' lang='grc'>(42),</span> <span class='ocrx_word' id='word_1_719' title='bbox 2841 4637 2990 4694; x_wconf 81' lang='grc' dir='ltr'>ἀλλὰ</span> <span class='ocrx_word' id='word_1_720' title='bbox 3025 4641 3132 4712; x_wconf 71' lang='grc' dir='ltr'>μὴν</span> <span class='ocrx_word' id='word_1_721' title='bbox 3166 4640 3256 4695; x_wconf 87' lang='grc' dir='ltr'>καὶ</span> <span class='ocrx_word' id='word_1_722' title='bbox 3290 4642 3353 4696; x_wconf 89' lang='grc' dir='ltr'>τὸ</span> <span class='ocrx_word' id='word_1_723' title='bbox 3381 4649 3480 4711; x_wconf 82' lang='grc' dir='ltr'>τῆς</span> <span class='ocrx_word' id='word_1_724' title='bbox 3508 4635 3815 4709; x_wconf 75' lang='grc' dir='ltr'>Ἐκκλησίας</span> 
     </span>
    </p>
   </div>
   <div class='ocr_carea' id='block_1_103' title="bbox 2182 4724 3813 4806">
    <p class='ocr_par' dir='ltr' id='par_1_103' title="bbox 2182 4724 3813 4806">
     <span class='ocr_line' id='line_1_104' title="bbox 2182 4724 3813 4806; baseline 0.001 -24"><span class='ocrx_word' id='word_1_725' title='bbox 2182 4724 2451 4803; x_wconf 60' lang='grc' dir='ltr'>ἔκκριτον,</span> <span class='ocrx_word' id='word_1_726' title='bbox 2510 4733 2667 4802; x_wconf 84' lang='grc' dir='ltr'>κοινῇ</span> <span class='ocrx_word' id='word_1_727' title='bbox 2728 4725 3076 4793; x_wconf 81' lang='grc' dir='ltr'>συνελθόντες</span> <span class='ocrx_word' id='word_1_728' title='bbox 3123 4728 3198 4791; x_wconf 82' lang='grc' dir='ltr'>εἷς</span> <span class='ocrx_word' id='word_1_729' title='bbox 3246 4729 3338 4784; x_wconf 88' lang='grc' dir='ltr'>τὸν</span> <span class='ocrx_word' id='word_1_730' title='bbox 3372 4731 3696 4806; x_wconf 75' lang='grc' dir='ltr'>περίπυστον</span> <span class='ocrx_word' id='word_1_731' title='bbox 3725 4731 3813 4791; x_wconf 79' lang='grc' dir='ltr'>τῆς</span> 
     </span>
    </p>
   </div>
   <div class='ocr_carea' id='block_1_104' title="bbox 2181 4813 3813 4893">
    <p class='ocr_par' dir='ltr' id='par_1_104' title="bbox 2181 4813 3813 4893">
     <span class='ocr_line' id='line_1_105' title="bbox 2181 4813 3813 4893; baseline -0.004 -22"><span class='ocrx_word' id='word_1_732' title='bbox 2181 4821 2276 4872; x_wconf 76' lang='grc' dir='ltr'>τοῦ</span> <span class='ocrx_word' id='word_1_733' title='bbox 2308 4822 2441 4872; x_wconf 81' lang='grc' dir='ltr'>Θεοῦ</span> <span class='ocrx_word' id='word_1_734' title='bbox 2472 4816 2652 4892; x_wconf 85' lang='grc' dir='ltr'>Λόγου</span> <span class='ocrx_word' id='word_1_735' title='bbox 2712 4815 2914 4893; x_wconf 79' lang='grc' dir='ltr'>Σοφίας</span> <span class='ocrx_word' id='word_1_736' title='bbox 2970 4817 3121 4884; x_wconf 86' lang='grc' dir='ltr'>νεὼν,</span> <span class='ocrx_word' id='word_1_737' title='bbox 3178 4815 3298 4892; x_wconf 81' lang='grc' dir='ltr'>ἄρτι</span> <span class='ocrx_word' id='word_1_738' title='bbox 3355 4823 3466 4872; x_wconf 81' lang='grc' dir='ltr'>τῶν</span> <span class='ocrx_word' id='word_1_739' title='bbox 3522 4821 3621 4872; x_wconf 78' lang='grc' dir='ltr'>τοῦ</span> <span class='ocrx_word' id='word_1_740' title='bbox 3667 4813 3813 4885; x_wconf 75' lang='grc' dir='ltr'>Εὐαγ-</span> 
     </span>
    </p>
   </div>
   <div class='ocr_carea' id='block_1_105' title="bbox 2183 4900 3811 4983">
    <p class='ocr_par' dir='ltr' id='par_1_105' title="bbox 2183 4900 3811 4983">
     <span class='ocr_line' id='line_1_106' title="bbox 2183 4900 3811 4983; baseline -0.004 -21"><span class='ocrx_word' id='word_1_741' title='bbox 2183 4907 2450 4980; x_wconf 80' lang='grc' dir='ltr'>γελισμοῦ</span> <span class='ocrx_word' id='word_1_742' title='bbox 2479 4909 2576 4976; x_wconf 72' lang='grc' dir='ltr'>τῆς</span> <span class='ocrx_word' id='word_1_743' title='bbox 2615 4908 2957 4983; x_wconf 82' lang='grc' dir='ltr'>Θεομήτερος</span> <span class='ocrx_word' id='word_1_744' title='bbox 3007 4900 3378 4981; x_wconf 77' lang='grc' dir='ltr'>ἐπιϐατηρίων</span> <span class='ocrx_word' id='word_1_745' title='bbox 3438 4910 3552 4980; x_wconf 84' lang='grc'>(43)</span> <span class='ocrx_word' id='word_1_746' title='bbox 3612 4905 3811 4982; x_wconf 80' lang='grc' dir='ltr'>ἐφιστα-</span> 
     </span>
    </p>
   </div>
   <div class='ocr_carea' id='block_1_106' title="bbox 1735 5040 2512 5097">
    <p class='ocr_par' dir='ltr' id='par_1_106' title="bbox 1735 5040 2512 5097">
     <span class='ocr_line' id='line_1_107' title="bbox 1735 5040 2512 5097; baseline -0.006 -1"><span class='ocrx_word' id='word_1_747' title='bbox 1735 5040 1978 5096; x_wconf 86' lang='lat' dir='ltr'>JACOBI</span> <span class='ocrx_word' id='word_1_748' title='bbox 2028 5040 2241 5097; x_wconf 82' lang='lat' dir='ltr'>GOARI</span> <span class='ocrx_word' id='word_1_749' title='bbox 2288 5040 2512 5095; x_wconf 78' lang='lat' dir='ltr'>NOT/E.</span> 
     </span>
    </p>
   </div>
   <div class='ocr_carea' id='block_1_107' title="bbox 495 5138 2069 5210">
    <p class='ocr_par' dir='ltr' id='par_1_107' title="bbox 495 5138 2069 5210">
     <span class='ocr_line' id='line_1_108' title="bbox 495 5138 2069 5210; baseline 0.001 -18"><span class='ocrx_word' id='word_1_750' title='bbox 495 5139 607 5209; x_wconf 84' lang='grc'>(41)</span> <span class='ocrx_word' id='word_1_751' title='bbox 647 5139 938 5196; x_wconf 90' lang='lat' dir='ltr'>Cedrenus</span> <span class='ocrx_word' id='word_1_752' title='bbox 989 5140 1044 5195; x_wconf 92' lang='lat' dir='ltr'>in</span> <span class='ocrx_word' id='word_1_753' title='bbox 1102 5139 1447 5210; x_wconf 81' lang='lat' dir='ltr'>Monomacho</span> <span class='ocrx_word' id='word_1_754' title='bbox 1501 5154 1554 5209; x_wconf 92' lang='lat' dir='ltr'>p.</span> <span class='ocrx_word' id='word_1_755' title='bbox 1616 5138 1722 5191; x_wconf 86' lang='lat'>775</span> <span class='ocrx_word' id='word_1_756' title='bbox 1765 5138 2069 5210; x_wconf 88' lang='lat' dir='ltr'>seriphum</span> 
     </span>
    </p>
   </div>
   <div class='ocr_carea' id='block_1_108' title="bbox 419 5209 2070 5334">
    <p class='ocr_par' dir='ltr' id='par_1_108' title="bbox 419 5209 2070 5334">
     <span class='ocr_line' id='line_1_109' title="bbox 419 5209 2070 5334; baseline 0 -70"><span class='ocrx_word' id='word_1_757' title='bbox 419 5216 587 5266; x_wconf 87' lang='lat' dir='ltr'>vocat</span> <span class='ocrx_word' id='word_1_758' title='bbox 646 5214 967 5267; x_wconf 90' lang='lat' dir='ltr'>secundum</span> <span class='ocrx_word' id='word_1_759' title='bbox 1020 5230 1052 5266; x_wconf 88' lang='lat' dir='ltr'>a</span> <span class='ocrx_word' id='word_1_760' title='bbox 1101 5209 1352 5281; x_wconf 89' lang='lat' dir='ltr'>calipha,</span> <span class='ocrx_word' id='word_1_761' title='bbox 1411 5226 1510 5263; x_wconf 89' lang='lat' dir='ltr'>ceu</span> <span class='ocrx_word' id='word_1_762' title='bbox 1574 5209 1900 5280; x_wconf 79' lang='lat' dir='ltr'>dignitatis</span> <span class='ocrx_word' id='word_1_763' title='bbox 1942 5211 2070 5334; x_wconf 63' lang='lat' dir='ltr'>ejus</span> 
     </span>
     <span class='ocr_line' id='line_1_110' title="bbox 423 5280 2070 5334; baseline 0 0"><span class='ocrx_word' id='word_1_764' title='bbox 423 5297 870 5334; x_wconf 87' lang='lat' dir='ltr'>successorem:</span> <span class='ocrx_word' id='word_1_765' title='bbox 918 5286 1111 5334; x_wconf 85' lang='lat' dir='ltr'>insum</span> <span class='ocrx_word' id='word_1_766' title='bbox 1170 5297 1307 5334; x_wconf 90' lang='lat' dir='ltr'>vero</span> <span class='ocrx_word' id='word_1_767' title='bbox 1367 5280 1656 5334; x_wconf 88' lang='lat' dir='ltr'>calinham</span> <span class='ocrx_word' id='word_1_768' title='bbox 1719 5282 1837 5334; x_wconf 88' lang='lat' dir='ltr'>sive</span> <span class='ocrx_word' id='word_1_769' title='bbox 1893 5281 2070 5334; x_wconf 74' lang='lat' dir='ltr'>haife</span> 
     </span>
    </p>
   </div>
   <div class='ocr_carea' id='block_1_109' title="bbox 423 5280 2070 5354">
    <p class='ocr_par' dir='ltr' id='par_1_109' title="bbox 423 5280 2070 5354">
     <span class='ocr_line' id='line_1_111' title="bbox 423 5280 2070 5354; baseline -0.001 -16"><span class='ocrx_word' id='word_1_770' title='bbox 423 5297 870 5354; x_wconf 89' lang='lat' dir='ltr'>successorem:</span> <span class='ocrx_word' id='word_1_771' title='bbox 918 5286 1111 5354; x_wconf 89' lang='lat' dir='ltr'>ipsum</span> <span class='ocrx_word' id='word_1_772' title='bbox 1170 5280 1307 5336; x_wconf 89' lang='lat' dir='ltr'>vero</span> <span class='ocrx_word' id='word_1_773' title='bbox 1367 5280 1656 5354; x_wconf 86' lang='lat' dir='ltr'>calipham</span> <span class='ocrx_word' id='word_1_774' title='bbox 1719 5282 1837 5336; x_wconf 86' lang='lat' dir='ltr'>sive</span> <span class='ocrx_word' id='word_1_775' title='bbox 1893 5280 2070 5336; x_wconf 76' lang='lat' dir='ltr'>halife</span> 
     </span>
    </p>
   </div>
   <div class='ocr_carea' id='block_1_110' title="bbox 419 5353 2066 5424">
    <p class='ocr_par' dir='ltr' id='par_1_110' title="bbox 419 5353 2066 5424">
     <span class='ocr_line' id='line_1_112' title="bbox 419 5353 2066 5424; baseline -0.002 -14"><span class='ocrx_word' id='word_1_776' title='bbox 419 5356 529 5410; x_wconf 89' lang='lat' dir='ltr'>Leu</span> <span class='ocrx_word' id='word_1_777' title='bbox 541 5353 802 5410; x_wconf 89' lang='lat' dir='ltr'>nclavius</span> <span class='ocrx_word' id='word_1_778' title='bbox 824 5355 881 5409; x_wconf 90' lang='lat' dir='ltr'>in</span> <span class='ocrx_word' id='word_1_779' title='bbox 909 5353 1282 5410; x_wconf 87' lang='lat' dir='ltr'>Onomastico</span> <span class='ocrx_word' id='word_1_780' title='bbox 1328 5354 1602 5406; x_wconf 77' lang='lat' dir='ltr'>vicarium</span> <span class='ocrx_word' id='word_1_781' title='bbox 1628 5353 2066 5424; x_wconf 90' lang='lat' dir='ltr'>interpretatur,</span> 
     </span>
    </p>
   </div>
   <div class='ocr_carea' id='block_1_111' title="bbox 419 5425 2070 5497">
    <p class='ocr_par' dir='ltr' id='par_1_111' title="bbox 419 5425 2070 5497">
     <span class='ocr_line' id='line_1_113' title="bbox 419 5425 2070 5497; baseline 0 -17"><span class='ocrx_word' id='word_1_782' title='bbox 419 5427 599 5481; x_wconf 85' lang='lat' dir='ltr'>locum</span> <span class='ocrx_word' id='word_1_783' title='bbox 665 5431 960 5497; x_wconf 76' lang='lat' dir='ltr'>tenentem,</span> <span class='ocrx_word' id='word_1_784' title='bbox 1021 5425 1307 5497; x_wconf 66' lang='lat' dir='ltr'>haeredem</span> <span class='ocrx_word' id='word_1_785' title='bbox 1345 5433 1410 5497; x_wconf 69' lang='lat' dir='ltr'>et</span> <span class='ocrx_word' id='word_1_786' title='bbox 1449 5440 1826 5497; x_wconf 73' lang='lat' dir='ltr'>successorem.</span> <span class='ocrx_word' id='word_1_787' title='bbox 1885 5425 2070 5495; x_wconf 76' lang='lat' dir='ltr'>Hali/e</span> 
     </span>
    </p>
   </div>
   <div class='ocr_carea' id='block_1_112' title="bbox 415 5495 2066 5570">
    <p class='ocr_par' dir='ltr' id='par_1_112' title="bbox 415 5495 2066 5570">
     <span class='ocr_line' id='line_1_114' title="bbox 415 5495 2066 5570; baseline -0.002 -18"><span class='ocrx_word' id='word_1_788' title='bbox 415 5497 664 5570; x_wconf 80' lang='lat' dir='ltr'>Lullahe,</span> <span class='ocrx_word' id='word_1_789' title='bbox 695 5497 908 5570; x_wconf 91' lang='lat' dir='ltr'>inquit,</span> <span class='ocrx_word' id='word_1_790' title='bbox 942 5495 1179 5553; x_wconf 60' lang='lat' dir='ltr'>vicarius</span> <span class='ocrx_word' id='word_1_791' title='bbox 1211 5495 1328 5570; x_wconf 71' lang='grc' dir='ltr'>ρει,</span> <span class='ocrx_word' id='word_1_792' title='bbox 1360 5495 1496 5570; x_wconf 70' lang='lat' dir='ltr'>vices</span> <span class='ocrx_word' id='word_1_793' title='bbox 1514 5496 1609 5570; x_wconf 79' lang='lat' dir='ltr'>_Dei</span> <span class='ocrx_word' id='word_1_794' title='bbox 1637 5512 1829 5564; x_wconf 82' lang='lat' dir='ltr'>gerens</span> <span class='ocrx_word' id='word_1_795' title='bbox 1862 5498 1920 5550; x_wconf 82' lang='lat' dir='ltr'>in</span> <span class='ocrx_word' id='word_1_796' title='bbox 1951 5500 2066 5551; x_wconf 81' lang='lat' dir='ltr'>ter-</span> 
     </span>
    </p>
   </div>
   <div class='ocr_carea' id='block_1_113' title="bbox 413 5566 2068 5639">
    <p class='ocr_par' dir='ltr' id='par_1_113' title="bbox 413 5566 2068 5639">
     <span class='ocr_line' id='line_1_115' title="bbox 413 5566 2068 5639; baseline -0.002 -14"><span class='ocrx_word' id='word_1_797' title='bbox 413 5573 511 5626; x_wconf 74' lang='lat' dir='ltr'>ris.</span> <span class='ocrx_word' id='word_1_798' title='bbox 547 5569 746 5639; x_wconf 78' lang='lat' dir='ltr'>Halife</span> <span class='ocrx_word' id='word_1_799' title='bbox 776 5566 1198 5632; x_wconf 73' lang='lat' dir='ltr'>Mahamedum,</span> <span class='ocrx_word' id='word_1_800' title='bbox 1226 5568 1398 5621; x_wconf 63' lang='lat' dir='ltr'>hwrcs</span> <span class='ocrx_word' id='word_1_801' title='bbox 1419 5566 1758 5634; x_wconf 78' lang='lat' dir='ltr'>Muhametis,</span> <span class='ocrx_word' id='word_1_802' title='bbox 1790 5583 2068 5623; x_wconf 74' lang='lat' dir='ltr'>successor</span> 
     </span>
    </p>
   </div>
   <div class='ocr_carea' id='block_1_114' title="bbox 409 5639 2062 5714">
    <p class='ocr_par' dir='ltr' id='par_1_114' title="bbox 409 5639 2062 5714">
     <span class='ocr_line' id='line_1_116' title="bbox 409 5639 2062 5714; baseline -0.004 -13"><span class='ocrx_word' id='word_1_803' title='bbox 409 5642 764 5701; x_wconf 73' lang='lat' dir='ltr'>Muhametis.</span> <span class='ocrx_word' id='word_1_804' title='bbox 796 5647 883 5700; x_wconf 83' lang='lat' dir='ltr'>Ita</span> <span class='ocrx_word' id='word_1_805' title='bbox 910 5643 1084 5714; x_wconf 75' lang='lat' dir='ltr'>prisci</span> <span class='ocrx_word' id='word_1_806' title='bbox 1121 5642 1500 5708; x_wconf 83' lang='lat' dir='ltr'>Agarenorum</span> <span class='ocrx_word' id='word_1_807' title='bbox 1520 5653 1672 5707; x_wconf 74' lang='lat' dir='ltr'>rcges</span> <span class='ocrx_word' id='word_1_808' title='bbox 1692 5655 1747 5695; x_wconf 74' lang='lat' dir='ltr'>se</span> <span class='ocrx_word' id='word_1_809' title='bbox 1780 5639 2062 5696; x_wconf 80' lang='lat' dir='ltr'>vocabant.</span> 
     </span>
    </p>
   </div>
   <div class='ocr_carea' id='block_1_115' title="bbox 2180 5135 3814 5210">
    <p class='ocr_par' dir='ltr' id='par_1_115' title="bbox 2180 5135 3814 5210">
     <span class='ocr_line' id='line_1_117' title="bbox 2180 5135 3814 5210; baseline -0.006 -16"><span class='ocrx_word' id='word_1_810' title='bbox 2180 5140 2261 5194; x_wconf 73' lang='lat' dir='ltr'>Ila</span> <span class='ocrx_word' id='word_1_811' title='bbox 2306 5137 2552 5210; x_wconf 10' lang='lat' dir='ltr'>rScachus</span> <span class='ocrx_word' id='word_1_812' title='bbox 2599 5139 2787 5193; x_wconf 79' lang='lat' dir='ltr'>Ismail</span> <span class='ocrx_word' id='word_1_813' title='bbox 2835 5137 3123 5210; x_wconf 72' lang='lat' dir='ltr'>affectabat</span> <span class='ocrx_word' id='word_1_814' title='bbox 3178 5137 3307 5193; x_wconf 77' lang='lat' dir='ltr'>dici.</span> <span class='ocrx_word' id='word_1_815' title='bbox 3345 5138 3550 5194; x_wconf 87' lang='lat' dir='ltr'>Eodem</span> <span class='ocrx_word' id='word_1_816' title='bbox 3598 5135 3814 5204; x_wconf 80' lang='lat' dir='ltr'>denique</span> 
     </span>
    </p>
   </div>
   <div class='ocr_carea' id='block_1_116' title="bbox 2180 5209 3314 5281">
    <p class='ocr_par' dir='ltr' id='par_1_116' title="bbox 2180 5209 3314 5281">
     <span class='ocr_line' id='line_1_118' title="bbox 2180 5209 3314 5281; baseline -0.001 -16"><span class='ocrx_word' id='word_1_817' title='bbox 2180 5209 2347 5265; x_wconf 77' lang='lat' dir='ltr'>titulo</span> <span class='ocrx_word' id='word_1_818' title='bbox 2376 5226 2433 5264; x_wconf 81' lang='lat' dir='ltr'>se</span> <span class='ocrx_word' id='word_1_819' title='bbox 2463 5211 2760 5266; x_wconf 87' lang='lat' dir='ltr'>Turcorum</span> <span class='ocrx_word' id='word_1_820' title='bbox 2787 5211 3063 5281; x_wconf 80' lang='lat' dir='ltr'>principes</span> <span class='ocrx_word' id='word_1_821' title='bbox 3096 5215 3314 5264; x_wconf 83' lang='lat' dir='ltr'>ornant.</span> 
     </span>
    </p>
   </div>
   <div class='ocr_carea' id='block_1_117' title="bbox 2248 5277 3815 5352">
    <p class='ocr_par' dir='ltr' id='par_1_117' title="bbox 2248 5277 3815 5352">
     <span class='ocr_line' id='line_1_119' title="bbox 2248 5277 3815 5352; baseline -0.006 -15"><span class='ocrx_word' id='word_1_822' title='bbox 2248 5281 2361 5351; x_wconf 86' lang='grc'>(42)</span> <span class='ocrx_word' id='word_1_823' title='bbox 2396 5282 2630 5352; x_wconf 86' lang='lat' dir='ltr'>Expono</span> <span class='ocrx_word' id='word_1_824' title='bbox 2665 5300 2676 5336; x_wconf 94' lang='lat'>:</span> <span class='ocrx_word' id='word_1_825' title='bbox 2712 5277 2925 5352; x_wconf 55' lang='lat' dir='ltr'>Qu&#39;z&#39;que</span> <span class='ocrx_word' id='word_1_826' title='bbox 2967 5277 3036 5336; x_wconf 75' lang='lat' dir='ltr'>ex</span> <span class='ocrx_word' id='word_1_827' title='bbox 3076 5282 3400 5351; x_wconf 73' lang='lat' dir='ltr'>promiscua</span> <span class='ocrx_word' id='word_1_828' title='bbox 3447 5281 3603 5352; x_wconf 82' lang='lat' dir='ltr'>plebe</span> <span class='ocrx_word' id='word_1_829' title='bbox 3643 5277 3815 5352; x_wconf 26' lang='lat' dir='ltr'>vel‘ev</span> 
     </span>
    </p>
   </div>
   <div class='ocr_carea' id='block_1_118' title="bbox 2177 5349 3810 5434">
    <p class='ocr_par' dir='ltr' id='par_1_118' title="bbox 2177 5349 3810 5434">
     <span class='ocr_line' id='line_1_120' title="bbox 2177 5349 3810 5434; baseline -0.003 -28"><span class='ocrx_word' id='word_1_830' title='bbox 2177 5349 2497 5434; x_wconf 61' lang='lat' dir='ltr'>regionum,</span> <span class='ocrx_word' id='word_1_831' title='bbox 2517 5349 2876 5434; x_wconf 61' lang='lat' dir='ltr'>cotlegt&#39;oruhz</span> <span class='ocrx_word' id='word_1_832' title='bbox 2890 5349 3254 5434; x_wconf 40' lang='lat' dir='ltr'>‘partiqu&#39;ue</span> <span class='ocrx_word' id='word_1_833' title='bbox 3279 5349 3576 5434; x_wconf 56' lang='lat' dir='ltr'>piageipui:</span> <span class='ocrx_word' id='word_1_834' title='bbox 3615 5349 3810 5434; x_wconf 59' lang='lat' dir='ltr'>conﬂu-</span> 
     </span>
    </p>
   </div>
   <div class='ocr_carea' id='block_1_119' title="bbox 2174 5421 3810 5498">
    <p class='ocr_par' dir='ltr' id='par_1_119' title="bbox 2174 5421 3810 5498">
     <span class='ocr_line' id='line_1_121' title="bbox 2174 5421 3810 5498; baseline -0.002 -20"><span class='ocrx_word' id='word_1_835' title='bbox 2174 5433 2402 5498; x_wconf 74' lang='lat' dir='ltr'>xerant,</span> <span class='ocrx_word' id='word_1_836' title='bbox 2435 5441 2533 5498; x_wconf 92' lang='lat' dir='ltr'>eos</span> <span class='ocrx_word' id='word_1_837' title='bbox 2563 5421 2856 5496; x_wconf 79' lang='lat' dir='ltr'>siquidem</span> <span class='ocrx_word' id='word_1_838' title='bbox 2886 5421 3221 5498; x_wconf 74' lang='grc' dir='ltr'>δημοτικοῦς</span> <span class='ocrx_word' id='word_1_839' title='bbox 3245 5421 3576 5495; x_wconf 81' lang='lat' dir='ltr'>signiﬁcare</span> <span class='ocrx_word' id='word_1_840' title='bbox 3605 5423 3810 5478; x_wconf 86' lang='lat' dir='ltr'>dictum</span> 
     </span>
    </p>
   </div>
   <div class='ocr_carea' id='block_1_120' title="bbox 2175 5495 3788 5568">
    <p class='ocr_par' dir='ltr' id='par_1_120' title="bbox 2175 5495 3788 5568">
     <span class='ocr_line' id='line_1_122' title="bbox 2175 5495 3788 5568; baseline 0.011 -18"><span class='ocrx_word' id='word_1_841' title='bbox 2175 5495 2354 5568; x_wconf 86' lang='lat' dir='ltr'>estin</span> <span class='ocrx_word' id='word_1_842' title='bbox 2385 5495 2731 5552; x_wconf 84' lang='lat' dir='ltr'>Cedrenum.</span> <span class='ocrx_word' id='word_1_843' title='bbox 2964 5495 2971 5498; x_wconf 71' lang='grc'><em>’</em></span> <span class='ocrx_word' id='word_1_844' title='bbox 3471 5567 3476 5568; x_wconf 21' lang='grc' dir='ltr'><em>γ</em></span> <span class='ocrx_word' id='word_1_845' title='bbox 3664 5564 3699 5568; x_wconf 90' lang='lat'><em>__</em></span> <span class='ocrx_word' id='word_1_846' title='bbox 3779 5559 3788 5568; x_wconf 91' lang='lat'><em>.</em></span> 
     </span>
    </p>
   </div>
   <div class='ocr_carea' id='block_1_121' title="bbox 2249 5564 3812 5640">
    <p class='ocr_par' dir='ltr' id='par_1_121' title="bbox 2249 5564 3812 5640">
     <span class='ocr_line' id='line_1_123' title="bbox 2249 5564 3812 5640; baseline -0.018 -1"><span class='ocrx_word' id='word_1_847' title='bbox 2249 5567 2359 5638; x_wconf 72' lang='grc'>(43)</span> <span class='ocrx_word' id='word_1_848' title='bbox 2415 5569 2609 5622; x_wconf 67' lang='lat' dir='ltr'>Prima</span> <span class='ocrx_word' id='word_1_849' title='bbox 2664 5579 2855 5640; x_wconf 72' lang='lat' dir='ltr'>caepta,</span> <span class='ocrx_word' id='word_1_850' title='bbox 2915 5571 3096 5640; x_wconf 75' lang='lat' dir='ltr'>operi:</span> <span class='ocrx_word' id='word_1_851' title='bbox 3154 5567 3532 5640; x_wconf 10' lang='lat' dir='ltr'>inaugfuralio,</span> <span class='ocrx_word' id='word_1_852' title='bbox 3588 5564 3812 5640; x_wconf 66' lang='lat' dir='ltr'>acuent:</span> 
     </span>
    </p>
   </div>
   <div class='ocr_carea' id='block_1_122' title="bbox 2174 5631 3812 5714">
    <p class='ocr_par' dir='ltr' id='par_1_122' title="bbox 2174 5631 3812 5714">
     <span class='ocr_line' id='line_1_124' title="bbox 2174 5631 3812 5714; baseline -0.006 -20"><span class='ocrx_word' id='word_1_853' title='bbox 2174 5631 2641 5710; x_wconf 58' lang='grc' dir='ltr'>θηὲκήἕαμηὶιὶα,</span> <span class='ocrx_word' id='word_1_854' title='bbox 2664 5631 2877 5701; x_wconf 61' lang='lat' dir='ltr'>necnon</span> <span class='ocrx_word' id='word_1_855' title='bbox 2898 5631 3088 5714; x_wconf 65' lang='lat' dir='ltr'>felicia</span> <span class='ocrx_word' id='word_1_856' title='bbox 3116 5631 3365 5714; x_wconf 68' lang='lat' dir='ltr'>auspicia</span> <span class='ocrx_word' id='word_1_857' title='bbox 3395 5631 3670 5694; x_wconf 81' lang='lat' dir='ltr'>dicuntur</span> <span class='ocrx_word' id='word_1_858' title='bbox 3698 5631 3812 5686; x_wconf 74' lang='lat' dir='ltr'>tm-</span> 
     </span>
    </p>
   </div>
  </div>
