4046 6144
336 368 455 431 465

1828 388 1829 391 ‘
1859 369 2253 433 HISTORIA.

3644 366 3763 426 466

334 500 537 573 μένων,
591 499 975 578 ἀναγορεύουσι
1033 501 1124 557 τὸν
1185 504 1540 574 Βοτανειάτην
1592 503 1985 578 αὐτοκράτορα,

2105 508 2162 559 et
2192 501 2564 574 metropolita
2597 499 2805 567 lconii;
2841 502 3107 574 ipsisque
3137 500 3334 556 omnis
3379 499 3571 557 clerus
3620 515 3763 557 con-

329 590 770 666 προεξάρχοντος
818 590 1024 645 τούτων
1078 594 1175 645 τοῦ
1226 593 1574 668 πατριάρχαι)
1650 593 1994 655 θεουπόλεως

332 678 585 755 μεγάλης
647 680 1004 755 Ἀντιοχείας,
1056 683 1153 735 τοῦ
1199 682 1607 754 ὀνομαζομένου
1643 680 1993 754 Αἰμιλιανοῦ,

325 770 417 823 καὶ
472 774 571 823 τοῦ
634 768 1045 843 μητροπολίεου
1111 771 1358 825 Ἰνονίου.
1418 770 1664 825 Συννεύει
1710 793 1768 826 τε
1806 778 1910 835 πᾶς
1966 773 1995 826 6

330 858 541 929 κλῆρος
569 859 756 920 αὐτοῖς
806 858 894 913 καὶ
944 861 978 927 ἡ
1030 858 1340 934 σύγκλητος
1389 860 1477 913 καὶ
1524 862 1557 929 ἡ
1606 861 1767 921 πόλις
1798 859 1993 934 σχεδὸν

344 949 535 1002 ἅπασα.
572 950 654 1020 [Ρ.
685 949 812 1019 862]
846 947 946 1003 Καὶ
995 946 1349 1023 διαιρεθέντες
1394 952 1529 1004 κατὰ
1563 950 1789 1025 φατρίας
1820 951 1871 1004 οἱ
1896 957 1998 1019 τῆς

339 1037 615 1099 πολιτείας
672 1036 953 1109 ἕπώνυμοι
1007 1038 1501 1113 συνταγματάρχας
1549 1058 1607 1092 τε
1645 1033 1994 1113 προϐάλλον-

332 1146 421 1179 ται
454 1126 543 1179 καὶ
603 1124 810 1200 λόχους
860 1124 1137 1202 ἐπιφανεῖς
1198 1130 1613 1195 συνεστήσαντο.
1678 1126 1994 1199 Κυριεύουσι

334 1213 393 1269 δὲ
439 1216 529 1268 καὶ
587 1219 694 1269 τῶν
758 1214 1068 1291 ἀνακτόρων
1143 1215 1192 1286 ἐξ
1269 1213 1466 1291 ἐφόδου
1515 1216 1603 1271 καὶ
1662 1216 1994 1291 στρατιώτας

333 1304 616 1382 έςριστῶσι,
665 1302 794 1365 τοὺς
852 1308 949 1358 τοῖ’)
1019 1305 1281 1379 βασικέως
1334 1303 1568 1379 Μίχαὴλ
1624 1302 1993 1378 έκδιώξαντες,

333 1391 572 1464 πολέμῳ
620 1392 682 1447 τὸ
767 1394 1155 1469 μισθοφορικὸν
1240 1395 1754 1469 κοταγωνισάμενοι.
1807 1402 1998 1458 Καθαι-

331 1486 489 1553 ροῦσι
525 1480 581 1535 δὲ
630 1481 719 1535 καὶ
778 1483 869 1536 τὸν
934 1480 1293 1557 βασιλεύοντα
1344 1484 1573 1557 Μιχαὴλ
1629 1482 1863 1561 φυγόντα
1919 1483 1995 1545 εἷς

328 1571 397 1624 τά
427 1570 478 1624 ἐν
512 1569 861 1645 Βλαχέρναιι,
908 1572 1180 1647 ἀνάκτορα
1221 1572 1314 1626 σὺν
1371 1577 1440 1636 τῇ
1494 1573 1782 1646 Αὐγούστῃ
1813 1573 1998 1645 Μαρίᾳ

324 1663 395 1732 τῇ
455 1658 506 1729 ἐξ
576 1659 825 1716 Ἀλάνων
885 1660 975 1715 καὶ
1032 1666 1111 1733 τῷ
1158 1661 1353 1715 τούτου
1401 1659 1551 1715 παιδὶ
1608 1669 1995 1733 Κωνσταννινῳ

321 1752 403 1819 τῷ
460 1751 983 1826 Ηορφυρογεννήτῳ,
1036 1750 1125 1804 καὶ
1185 1750 1321 1823 πρὸς
1370 1751 1461 1804 τὸν
1526 1752 1740 1824 μονήρη
1791 1749 1993 1822 μεταλ-

2108 594 2312 659 sensit,
2346 599 2402 648 et
2433 600 2673 648 senatus
2705 596 2761 646 et
2793 592 2985 647 omnis
3029 593 3143 645 fere
3193 590 3420 645 civitas.
3475 591 3542 645 Et
3586 589 3761 646 divisi

2108 699 2211 754 per
2257 681 2471 749 tribus,
2522 680 2621 751 qui
2654 684 2821 736 erant
2855 682 2911 735 in
2946 679 3247 752 republica
3276 679 3557 747 illustres,
3592 684 3647 734 et
3682 680 3761 734 le-

2107 772 2349 843 gionum
2385 772 2687 840 praefectos
2732 770 3053 837 declarant,
3109 777 3166 824 et
3213 771 3448 824 ordines
3500 768 3765 839 insignes

2113 862 2503 927 constituunt,
2559 866 2615 914 et
2646 860 2879 930 palatiis
2912 861 3219 930 derepente
3252 860 3577 928 potiuntur,
3613 856 3767 911 mili-

2106 953 2309 1020 tesque
2342 950 2670 1021 disponunt
2700 949 2799 1018 qui
2826 949 3197 1020 imperatoris
3223 947 3525 1003 Michaelis
3550 946 3767 1001 milites

2107 1037 2629 1110 expellant,praelio
2665 1039 2815 1093 734
2850 1038 3241 1093 mercenarios
3274 1036 3767 1093 debellentes.Ca-

2110 1129 2280 1197 piunt
2311 1131 2504 1182 autem
2538 1129 2949 1197 imperatorem
2986 1126 3461 1197 Michaelem,qui
3493 1126 3562 1180 ad
3596 1124 3758 1195 pala-

2110 1218 2191 1271 tia
2222 1218 2279 1269 in
2332 1216 2672 1271 Blachernis
2726 1216 2915 1269 fuerat
2964 1231 3095 1269 cum
3150 1221 3417 1285 Augusta
3464 1214 3649 1269 Maria
3691 1231 3763 1268 ex

2106 1305 2307 1360 Alanis
2340 1322 2566 1377 suoque
2602 1305 2719 1359 filio
2751 1304 3131 1359 Constantino
3170 1303 3760 1375 Porphyrogenitoﬁet

2107 1397 2177 1450 ad
2212 1395 2597 1450 monasticam
2631 1394 2808 1449 vitam
2844 1395 3161 1449 traducunt
3193 1394 3262 1447 ad
3294 1392 3485 1448 Studii
3525 1409 3757 1447 monas-

2109 1484 2343 1549 terium,
2379 1500 2506 1537 cum
2538 1482 2930 1553 vilijumento
2960 1482 3539 1547 transmissum,cum
3569 1497 3754 1537 annos

2106 1590 2206 1629 sex
2244 1573 2615 1644 imperasset,
2666 1574 2869 1628 eodem
2923 1574 3183 1627 Sabbato
3233 1589 3349 1643 quo
3401 1588 3434 1626 a
3481 1571 3754 1627 ﬁdelibus

2107 1662 2453 1717 miraculum
2489 1662 2686 1717 Lazari
2718 1661 3068 1717 celebratur.
3100 1663 3167 1716 Et
3197 1661 3565 1716 constituunt
3608 1678 3754 1732 prae-

2104 1752 2287 1807 fectos
2319 1752 2419 1824 qui
2450 1751 2770 1807 continenti
2807 1752 3118 1822 imperent,
3147 1750 3291 1822 quin
3344 1750 3521 1805 etiam
3572 1750 3758 1804 drun-

333 1836 595 1892 λάττουσι
644 1836 786 1912 βίον,
818 1841 887 1908 τῇ
941 1843 1037 1893 τοῦ
1089 1836 1356 1894 Στουδίου
1418 1841 1530 1910 μετ’
1590 1838 1840 1901 εὐτελοῦς
1893 1844 1988 1893 τοῦ

2105 1842 2328 1911 garium
2360 1840 2569 1896 classis
2602 1845 2821 1895 creant.
2880 1852 2896 1900 ἓ

340 1926 647 2000 ὑποζυγίου
747 1926 1202 2001 παραπέμψαντες
1312 1932 1475 2002 μονῇ,

338 2016 573 2089 Λαζάρῳ
604 2015 1014 2090 θαυματουργία
1053 2018 1198 2091 παρὰ
1242 2022 1351 2071 τῶν
1425 2021 1633 2073 πιστῶν
1719 2018 2024 2090 ἑορτάζεται

1578 1930 2001 2003 μοναρχήσαντα
2080 1930 2314 2003 χρόνους
2384 1925 2458 1998 ἕξ,
2517 1928 2567 1983 ἐν
2646 1927 2792 1999 αύτῷ
2850 1932 2928 1999 τῷ
2984 1922 3254 1998 Σαϐϐάτῳ
3309 1929 3419 1999 (44)
3471 1927 3516 1997 ᾦ
3565 1927 3599 1995 ἠ
3661 1925 3755 1980 έπ-

2112 2020 2226 2090 (45)
2261 2037 2273 2050 ⁸
2359 2017 2448 2071 καὶ
2532 2021 2864 2091 προῖστῶσιν
2930 2016 3106 2091 ἀρχὰς
3164 2015 3257 2077 τάς
3306 2035 3365 2069 τε
3416 2013 3502 2069 ἐπὶ
3559 2014 3752 2089 ξηρᾶς,

336 2100 487 2157 ἀλλὰ
517 2105 625 2176 μὴν
649 2104 739 2158 καὶ
771 2111 868 2173 τῆς
901 2103 1174 2176 Θαλάσσης
1205 2103 1567 2182 δρουγγάριον
1596 2111 1692 2161 τοῦ
1725 2104 1921 2161 στόλου
1952 2101 2423 2181 προϐαλλόμενοι.

402 2189 561 2248 Οὕτω
606 2189 661 2247 3‘s
713 2196 819 2247 τῶν
869 2194 1004 2248 κατά
1060 2194 1158 2261 τὴν
1212 2192 1374 2249 πόλιν
1424 2194 1760 2270 πραγμάτων
1819 2216 1979 2271 φερο-

335 2280 511 2353 μένων
570 2282 720 2355 παρὰ
760 2287 933 2335 πᾶσαν
1022 2280 1351 2357 προσδοκίαν
1434 2289 1531 2338 τοῦ
1604 2306 1662 2339 τε
1717 2283 1984 2359 βασιλέως

326 2370 763 2443 καθαιρεθέντος,
817 2372 844 2425 ὁ
894 2372 1252 2441 Βοτανειάτης
1294 2382 1570 2436 πεποιθώς
1624 2373 1824 2448 ἐχώρει
1852 2373 1985 2446 πιτός

327 2459 393 2513 τὸ
454 2462 773 2528 Βυζάντιον,
819 2459 1149 2533 ἀναίμακτον
1208 2460 1388 2536 ὥσπερ
1446 2457 1850 2535 άπολάμϐάνων
1883 2463 1981 2529 τὴν

330 2549 514 2623 ἀρχὴν
559 2555 659 2617 τῆν
713 2548 1107 2625 αὐτοκράτορα,
1157 2550 1201 2604 εἰ
1257 2553 1347 2605 καὶ
1405 2551 1565 2613 αὐτὸς
1625 2553 1754 2625 πρὸς
1807 2550 1985 2625 μάχας

328 2637 421 2692 καὶ
481 2637 762 2711 πολέμους
820 2636 1190 2708 διεσκευάζετο
1247 2642 1336 2694 καὶ
1392 2642 1453 2695 τὸ
1516 2642 1603 2695 ὑπ’
1662 2641 1817 2695 αὐτὸν
1857 2662 1985 2694 συν-

336 2728 542 2801 εκρότει
565 2727 973 2801 στρατιωτικόν.
1006 2730 1064 2785 Ὀ
1114 2726 1171 2782 δὲ
1216 2728 1512 2803 λογοθέτης
1546 2730 1858 2807 Νικηφόρος
1896 2729 1985 2784 καὶ

345 2816 374 2870 6
405 2815 599 2870 τούτου
626 2816 994 2892 ὁμοιότροπος
1028 2812 1194 2871 Δαϐἱδ
1226 2818 1359 2892 πρὸς
1390 2816 1615 2892 ἑσπέραν
1646 2817 1986 2892 ἐξώρμησαν,

338 2907 429 2959 καὶ
482 2900 961 2979 καταλαμϐάνουσι
1017 2904 1326 2962 Ῥουσέλιον
1380 2906 1429 2962 ἐν
1485 2908 1777 2981 Ἡρακλείᾳ
1829 2907 1984 2962 αὐλι-

346 2994 566 3066 ζόμενον
613 2996 702 3050 καὶ
748 2996 816 3049 τὰ
857 3002 956 3065 τῆς
1025 3000 1130 3051 τῶν
1184 2995 1493 3052 ἀντιπάλων
1536 2997 1690 3068 νίκης
1746 2997 1823 3069 τῷ
1871 3002 1985 3068 Οεῷ

347 3087 677 3159 χαριστήρια
729 3084 945 3147 θύοντα.
1006 3086 1072 3142 Οἱ
1133 3083 1191 3140 δὲ
1243 3093 1345 3155 τῆς
1404 3084 1620 3149 πόλεως
1682 3086 1769 3140 ἐπὶ
1808 3088 1985 3162 τρισὶν

340 3172 575 3248 ἡμέραις
628 3174 694 3228 τὰ
749 3173 1013 3249 ἀνάκτορα
1066 3176 1187 3249 ἄτερ
1243 3174 1509 3250 βασιλέως
1559 3178 1989 3250 συντηρήσαντες

332 3263 621 3335 γράμμασι
648 3262 739 3316 τὸν
776 3264 1134 3333 Βοτανειάτην
1170 3260 1512 3333 διαναστῆναι
1553 3264 1641 3318 καὶ
1683 3263 1857 3319 ἐλθεῖν
1890 3286 1988 3319 τα-

336 3352 637 3424 χινώτερον
670 3344 945 3409 ἔσπευδον.
981 3350 1207 3425 Σπουδῇ
1249 3350 1305 3406 δὲ
1354 3352 1431 3413 εἷς
1466 3354 1757 3427 Πραίνετον
1797 3354 1987 3430 ἀφικό-

335 3460 523 3513 μενος,
556 3435 647 3494 ἕνα
674 3444 781 3494 τῶν
812 3440 903 3495 σὺν
937 3440 1085 3513 αὐτῷ
1135 3439 1304 3517 ἄνδρα
1342 3448 1584 3516 γενναῖον
1636 3443 1722 3497 καὶ
1755 3442 1987 3517 δραστή-

330 3549 451 3604 ριον
485 3528 809 3592 ἀποστείλας
844 3529 1075 3606 Βορίλον
1109 3531 1199 3585 τὸν
1235 3532 1425 3586 ἑαυτοῦ
1458 3529 1679 3603 δοῦλον,
1712 3538 1895 3605 κρατεῖ
1922 3534 1990 3587 τὰ

322 3618 622 3692 ἀκάκτορα.
659 3620 786 3676 Μετ’
837 3618 1023 3693 ὀλίγον
1074 3617 1132 3674 δὲ
1175 3620 1264 3675 καὶ
1315 3619 1477 3684 αὐτὸς
1524 3618 1710 3675 ε”σεισι
1750 3622 1865 3675 κατ’
1891 3621 1986 3675 αὐ-

326 3709 433 3775 τὴν
502 3709 600 3775 τήν
665 3707 908 3783 μεγάλην
971 3709 1160 3783 τρίτην
1230 3713 1363 3782 (46),
1418 3710 1506 3764 καὶ
1564 3716 1683 3774 ταῖς
1742 3715 1837 3764 τοῦ
1892 3732 1989 3765 πα-

320 3796 599 3872 τριάρχου
631 3798 789 3872 χερσὶ
845 3803 923 3869 τῷ
981 3798 1251 3874 βασιλικῷ
1307 3804 1608 3853 ταινιοῦται
1666 3796 1985 3871 διαδήματι.

330 3883 859 3959 Φιλοτιμησάμενος
921 3884 978 3941 δὲ
1040 3887 1240 3949 πάντας
1291 3887 1419 3951 τοὺς
1472 3887 1561 3941 σὺν
1622 3887 1767 3959 αὐτῷ
1822 3886 1873 3942 ἔν
1931 3909 1990 3942 τε

332 3972 539 4046 δώροις
588 3975 676 4028 καὶ
726 3976 964 4048 κτήμασι
1018 3975 1106 4029 καὶ
1165 3975 1457 4048 ἀξιώμασι,
1507 3976 1595 4030 καὶ
1643 3975 1769 4039 τοὺς
1819 3977 1989 4052 Τούρ-

327 4084 458 4125 κους
509 4060 566 4117 δὲ
619 4062 1032 4136 ἐσκηνωμένους
1080 4064 1216 4118 κατὰ
1266 4066 1363 4133 τήν
1418 4066 1768 4139 Χρυσόπολιν
1828 4065 1988 4143 φιλο-

329 4154 769 4227 ιεπρονησάμενος,
811 4158 919 4207 τῶν
970 4150 1156 4208 ἄλλων
1210 4154 1544 4228 πραγμάτων
1577 4157 1673 4222 τῆς
1710 4154 1988 4229 βασιλείας

329 4241 600 4319 ἐφήψατο.
662 4242 840 4304 Ηάσας
884 4240 941 4296 δὶ
995 4244 1089 4303 τὰς
1131 4239 1471 4314 δημοσιακάς
1526 4241 1747 4319 ὀφειλάς
1780 4243 1989 4318 ῥιζόθεν

326 4330 617 4402 ἀπέτεμεν,
660 4331 724 4385 οὐ
760 4332 893 4403 μετὰ
950 4328 1409 4406 προσδιορισμοῦ,
1460 4330 1608 4386 ἀλλὰ
1662 4326 1987 4402 συλλήϐδην

329 4420 545 4473 πάντων
578 4424 687 4473 τῶν
719 4419 933 4495 χρόνων
985 4422 1149 4493 ὁμοῦ,
1195 4422 1269 4482 ὡς
1319 4418 1447 4493 μηδ’
1495 4420 1669 4493 ὄνομα
1715 4420 1921 4475 τούτων
1949 4419 1986 4489 ἤ

2166 2202 2308 2252 Cum
2332 2198 2392 2252 in
2414 2196 2521 2252 hoc
2544 2200 2702 2252 statu
2739 2200 2942 2267 praeter
2972 2212 3207 2252 omnem
3233 2194 3751 2266 exspectationem-

2097 2296 2467 2341 versarenlur
2496 2302 2587 2341 res
2621 2286 2783 2341 urbis
2814 2292 2869 2341 et
2900 2286 3221 2356 imperator
3251 2285 3561 2339 abdicatus
3593 2289 3749 2339 esset

2100 2375 2709 2446 imperio,Botaniates
2744 2374 2955 2429 fiducia
2987 2373 3195 2445 plenus
3228 2373 3565 2443 Byzantium
3604 2389 3745 2427 con-

2100 2465 2562 2535 lendebat,quasi
2596 2464 2721 2518 sine
2752 2463 3040 2534 sanguine
3067 2468 3412 2533 accepturus
3441 2478 3745 2517 summum

2098 2553 2432 2624 imperium,
2467 2552 2701 2608 tametsi
2733 2553 2858 2624 ipse
2891 2553 2964 2607 ad
3004 2568 3230 2623 pugnas
3262 2556 3316 2606 et
3344 2550 3541 2622 praelia
3570 2567 3740 2621 para-

2097 2648 2194 2696 tus
2226 2646 2368 2709 erat,
2402 2646 2458 2696 et
2489 2642 2705 2695 milites
2737 2658 2882 2712 quos
2924 2640 3174 2694 habebat
3220 2640 3635 2694 cohortabatur
3680 2644 3743 2694 ut

2099 2731 2352 2803 prompti
2385 2748 2450 2785 ac
2484 2730 2666 2800 parati
2702 2734 2920 2785 essent.
2957 2729 3316 2800 Nicephorus
3349 2733 3541 2782 autem
3577 2726 3742 2798 logo-

2099 2821 2342 2880 theta.et
2373 2821 2499 2890 ejus
2528 2836 2757 2873 morum
2790 2819 3090 2873 studiosus
3124 2817 3405 2879 David,ad
3438 2832 3742 2889 vesperam

2100 2915 2425 2979 erupere,et
2455 2909 2525 2963 ad
2560 2908 2855 2963 Huselium
2891 2908 2947 2961 in
2979 2906 3253 2963 Heraclea
3283 2910 3745 2961 commorantem

2103 2998 2534 3070 perveniunt,et
2564 3003 2676 3052 Deo
2711 2997 2997 3052 sacrificia
3029 2997 3087 3050 in
3120 2996 3334 3065 quibus
3359 2995 3580 3067 gratias
3612 3010 3746 3066 age-

2099 3093 2185 3141 ret
2235 3088 2306 3141 de
2358 3086 2617 3141 hostium
2665 3085 2906 3140 victoria
2950 3090 3348 3157 peragentem.
3402 3084 3564 3140 (lives
3610 3099 3745 3139 vero

2101 3193 2233 3230 cum
2269 3176 2457 3230 tribus
2489 3176 2696 3229 diebus
2730 3176 2944 3246 palatia
2976 3175 3102 3229 sine
3134 3175 3487 3245 imperatore
3518 3192 3746 3231 servas-

2098 3270 2251 3331 sent,
2284 3264 2492 3320 litteris
2524 3265 2887 3320 Botaniatem
2926 3270 2987 3318 ut
3016 3281 3193 3334 quam
3248 3264 3546 3318 celerrime
3594 3266 3749 3320 veni-

2097 3360 2184 3408 ret
2239 3355 2563 3425 urgebant;
2597 3355 2696 3425 qui
2731 3370 2863 3408 cum
2897 3353 3162 3407 adhibita
3193 3353 3489 3408 celeritate
3516 3354 3747 3409 Praene-

2097 3452 2221 3498 tum
2257 3444 2636 3513 pervenisset,
2673 3460 2854 3497 unum
2889 3442 3058 3498 exiis
3090 3442 3188 3513 qui
3223 3459 3357 3495 cum
3392 3443 3519 3512 ipso
3551 3448 3743 3511 erant,

2095 3532 2287 3586 virum
2321 3547 2670 3603 generosum
2704 3536 2761 3586 et
2791 3534 3095 3586 strenuum
3145 3531 3200 3584 in
3234 3531 3410 3586 rebus
3437 3531 3747 3601 gerendis,

2102 3622 2281 3689 misit,
2312 3620 2563 3676 Borilum
2596 3637 2768 3676 suum
2804 3619 3176 3685 familiarem,
3210 3620 3307 3690 qui
3342 3618 3557 3691 palatia
3582 3637 3749 3675 occu-

2102 3711 2274 3782 pavit,
2292 3729 2358 3765 ac
2392 3710 2564 3781 paulo
2599 3715 2729 3780 post
2760 3710 2886 3780 ipse
2917 3726 3149 3780 quoque
3185 3708 3512 3781 ingreditur
3541 3710 3745 3765 eadem

2101 3817 2314 3871 magna
2370 3800 2542 3854 tertia
2594 3799 2739 3854 735
2801 3798 2914 3865 die,
2966 3803 3023 3852 et
3076 3799 3422 3869 patriarchae
3472 3799 3748 3854 manibus

2098 3891 2468 3963 imperatoris
2503 3890 2833 3944 diademate
2862 3894 3190 3945 coronatur.
3226 3888 3561 3960 Omnesque
3609 3905 3748 3944 suos

2100 3981 2269 4035 donis
2320 3985 2377 4034 et
2427 3978 2902 4051 possessionibus
2951 3985 3297 4049 prosecutus
3342 3981 3517 4047 atque
3564 3976 3747 4032 hono-

2102 4070 2285 4133 ribus,
2337 4075 2393 4124 et
2439 4070 2658 4123 Turcos
2713 4068 2849 4121 item
2896 4068 2965 4121 ad
3018 4066 3423 4138 Chrysopolim
3482 4084 3749 4122 commo-

2101 4163 2295 4213 rantes
2327 4156 2573 4227 benigne
2608 4155 2931 4226 amplexus,
2980 4155 3126 4210 alias
3173 4172 3265 4209 res
3316 4156 3383 4209 ad
3435 4155 3748 4225 imperium

2101 4248 2458 4319 pertinentes
2508 4261 2827 4317 aggressus
2876 4248 2983 4312 est,
3016 4261 3305 4314 omneque
3337 4243 3637 4315 publicum
3671 4262 3748 4299 aes

2098 4335 2352 4391 alienum
2384 4334 2628 4390 sustulit
2660 4332 2961 4397 radicitus,
3015 4349 3125 4387 non
3182 4334 3518 4403 prmscripto
3550 4332 3746 4403 aliquo

2099 4431 2380 4495 tempore,
2414 4425 2508 4478 sed
2557 4422 2996 4493 comprehensis
3040 4422 3217 4476 simul
3269 4422 3547 4477 omnibus
3596 4426 3743 4475 tem-

334 4510 563 4581 μνήμην
618 4508 952 4580 εὑρίσκεσθαι
1014 4509 1049 4578 ἤ
1112 4510 1570 4582 μνημονεύεσθαι.
1634 4509 1784 4565 Ἐπεὶ
1845 4507 1901 4563 δὲ
1959 4511 1987 4566 6

2105 4514 2360 4585 poribus,
2398 4513 2477 4567 ita
2510 4517 2573 4565 ut
2604 4527 2791 4580 neque
2831 4528 3042 4565 nomen
3074 4512 3263 4581 ipsius
3309 4517 3411 4565 aut
3460 4510 3745 4565 memoria

332 4598 625 4670 Βρυέννιος
683 4598 834 4659 ἐκτὸς
907 4593 979 4651 ὥν
1052 4599 1118 4652 τά
1190 4601 1289 4667 τῆς
1350 4598 1631 4671 Ἐσπερίας
1691 4598 1853 4652 ἐκύκα
1898 4600 1988 4653 καὶ

334 4686 670 4755 συνεκλόνει,
704 4684 985 4741 στέλλεται
1033 4688 1169 4761 πρὸς
1218 4687 1375 4742 αὐτὸν
1431 4682 1684 4762 πρεσϐεία
1728 4687 1986 4763 βασιλικὴ

332 4776 769 4851 ἀπαγγέλλουσα
805 4776 1054 4849 μεθέσθαι
1108 4778 1201 4850 μὲν
1251 4779 1351 4846 τήν
1406 4776 1604 4853 ἄλογον
1653 4780 1853 4851 ὁρμὴν,
1886 4780 1986 4847 τὴν

339 4861 398 4919 δὶ
432 4870 528 4921 τοῦ
574 4866 841 4943 Καίσαρος
885 4862 1124 4922 λαϐόντα
1160 4867 1337 4942 τύχην
1384 4875 1573 4937 στῆναι
1629 4869 1730 4935 τήν
1791 4864 1984 4942 ὄρεξιν.

2100 4603 2470 4674 reperiretur.
2508 4601 2637 4665 ,Sed
2689 4617 2820 4654 cum
2872 4601 3198 4671 Bryennius
3251 4600 3387 4654 t‘oris
3438 4616 3528 4654 res
3580 4601 3743 4653 Occi-

2100 4693 2291 4747 dentis
2351 4690 2721 4760 perturbaret
2776 4693 2833 4743 et
2892 4693 3299 4754 commoveret,
3360 4687 3617 4742 mittitur
3669 4689 3742 4743 ad

2097 4782 2291 4853 ipsum
2326 4781 2397 4834 ab
2426 4780 2776 4849 imperatore
2808 4777 3039 4848 legatio,
3088 4794 3212 4846 quas
3260 4777 3634 4830 denuntiaret
3681 4780 3746 4830 ut

2098 4886 2131 4925 a
2172 4868 2482 4924 temerario
2533 4867 2763 4938 incepto
2816 4867 3124 4922 desisteret
3154 4869 3210 4921 et
3238 4868 3475 4935 accepta
3500 4864 3745 4920 Caasaris

1652 5048 1899 5106 JACOBI
1937 5049 2155 5106 GOARI
2194 5049 2423 5106 NOT/E.

338 5188 594 5277 ϐατήρια.
647 5194 952 5277 Cedrenus
1010 5186 1373 5277 ﬁmGartiﬂptov
1428 5193 1613 5277 ttkl‘ﬁv
1682 5198 1988 5277 orationem

336 5267 758 5333 inauguratum
789 5268 966 5337 primo
997 5269 1385 5337 imperatorem
1414 5267 1667 5335 [elicibus
1698 5270 1830 5321 votis
1860 5282 1985 5337 pro-

338 5351 651 5423 iequentem
686 5338 1251 5423 scripsit.S¥nes'i‘us
1300 5355 1529 5423 quoprlue
1578 5339 1921 5423 lipistbnvu
1972 5356 1984 5393 :

338 5404 497 5465 Ούτω
546 5414 767 5481 πικροῖς
810 5404 962 5481 ’ἡμᾶς
1096 5406 1259 5481 πόλις
1307 5404 1683 5480 ἔπιϐάτηρίοίς
1740 5407 1986 5479 ἐξένισεν.

334 5483 441 5538 Hic
476 5486 571 5535 τοῦ
624 5475 1043 5556 Εὖαγγελισμοῦ
1091 5475 1419 5556 ἐπιϐατήρια
1467 5475 1606 5536 sunt
1653 5475 1811 5535 sacrit
1862 5482 1991 5552 festi

334 5554 795 5610 Annuntiationii
826 5556 999 5610 initia
1032 5558 1086 5609 et
1114 5554 1383 5624 auspicia.

408 5628 523 5697 (44)
554 5627 884 5683 Sabbatum
918 5624 1062 5681 illud
1094 5623 1249 5698 apud
1300 5624 1527 5681 Graecos
1578 5623 1710 5680 festi
1761 5623 1992 5680 Palma-

340 5714 472 5754 rum
504 5698 879 5771 pervigilium
911 5703 1021 5755 est.

2167 5194 2275 5263 (45)
2307 5194 2465 5248 Inter
2492 5191 2819 5263 Δεσποτικάς
2853 5190 3042 5263 ἑορτάς
3082 5190 3292 5247 Christi
3343 5190 3563 5263 Domini
3610 5197 3749 5259 festa

2097 5271 2368 5319 numerat
2402 5266 2654 5319 Ecclesia
2684 5262 2988 5318 orientalis
3016 5264 3205 5317 Lazari
3242 5280 3273 5315 a
3306 5262 3556 5317 mortuis
3588 5280 3747 5321 exsu-

2099 5336 2490 5401 scitationem,
2527 5335 2694 5404 vulgo
2727 5333 2975 5406 Λαζάρου
3005 5336 3103 5401 τήν
3138 5333 3370 5403 ἡμέραν.

2169 5408 2278 5477 (46)
2336 5410 2507 5461 Tertia
2553 5415 2751 5460 sancta’.
2785 5404 3143 5463 hebdomadas
3172 5408 3313 5475 feria
3346 5425 3363 5459 :
3398 5404 3557 5461 illius
3590 5410 3747 5463 enim

2100 5481 2252 5532 Γρηεε
2285 5486 2504 5551 cuncta:
2539 5478 2751 5532 Graecis
2788 5477 3013 5551 μεγάλαι
3065 5480 3361 5534 dicuntur.
3406 5478 3657 5551 Zonaras
3690 5480 3747 5535 in

2100 5550 2482 5626 Constantino
2517 5551 2723 5626 Leonis
2755 5550 3051 5626 sapientis
3079 5552 3198 5607 filio
3234 5568 3246 5605 :
3278 5550 3429 5604 Κατὰ
3456 5551 3555 5619 τὴν
3599 5552 3746 5626 ἱερὰν

2098 5628 2199 5690 τῆς
2234 5619 2477 5697 μεγάλης
2507 5619 2759 5694 πέμπτης
2792 5619 3020 5698 ἡμέραν.
