4046 6144
280 374 395 434 46⁸1

1603 367 1930 431 JOANNIS
1976 366 2379 429 SGYLITZ/E

3586 364 3707 426 468

285 504 574 578 dignitate
603 502 993 574 cupiditatem
1029 502 1465 574 comprimeret,
1498 506 1554 557 et
1582 517 1783 558 eorum
1837 500 1936 572 qui
1965 559 1968 566 ,

2077 497 2351 571 Επεκύρου
2382 494 2440 552 δὲ
2469 495 2558 551 καὶ
2588 493 2684 557 τάς
2722 497 2887 569 τιμάς
2930 500 3046 557 τοῖς
3077 493 3169 550 σὺν
3219 495 3367 568 αὗτῷ
3396 493 3710 567 ἀποστατή-

297 611 429 651 cum
465 595 594 666 ipso
628 592 958 648 defecerant
990 591 1243 646 honores
1293 596 1452 647 ratos
1502 608 1630 647 esse
1679 606 1945 658 compro-

286 686 478 741 baret.
508 684 614 738 Sed
650 682 750 737 ubi
783 681 992 737 adduci
1030 698 1145 736 non
1181 683 1394 752 potuit,
1436 686 1492 735 et
1538 681 1596 735 in
1647 680 1946 753 proposito

284 773 688 847 permanebat,
716 777 890 843 atque
915 770 1205 841 superbus
1228 770 1480 840 imperio
1504 770 1748 824 minime
1778 769 1945 825 cede-

284 866 404 929 bat,
434 879 623 933 neque
650 861 1006 931 principatu,
1042 859 1212 929 cujus
1249 858 1494 913 minime
1523 874 1764 930 compos
1801 861 1944 927 erat,

288 952 542 1009 mittitur
570 951 705 1005 item
741 949 924 1003 altera
958 947 1190 1020 legatio,
1228 964 1355 1019 qum
1391 947 1591 1003 itidem
1627 964 1687 1003 re
1728 946 1947 1002 infecta

294 1040 813 1111 rediit.Postquam
846 1038 1025 1093 etiam
1056 1038 1225 1092 tertia
1260 1038 1495 1093 advenit
1526 1035 1950 1109 legatio,misso

298 1131 563 1186 Romano
630 1127 818 1199 primo
881 1126 1128 1197 praeside
1184 1131 1241 1181 et
1299 1142 1512 1197 magno
1567 1125 1952 1181 hetmriarcba

290 1219 765 1284 Straboromano,
809 1232 1001 1287 neque
1049 1213 1210 1270 illam
1264 1216 1546 1284 admittit,
1600 1216 1701 1270 sed
1753 1215 1951 1286 potius

298 1308 597 1364 hominem
643 1304 1038 1377 ignominiosa
1091 1305 1320 1376 accipit,
1376 1321 1490 1360 non
1544 1310 1828 1374 tanquam
1878 1305 1949 1359 ab

292 1397 648 1470 imperatore
674 1395 773 1450 sed
807 1394 976 1465 quasi
1011 1411 1045 1449 a
1075 1393 1241 1450 ducis
1272 1393 1524 1463 alicujus
1567 1395 1756 1467 legato
1806 1394 1947 1450 mis-

293 1502 452 1556 sum,
485 1482 753 1557 quamvis
786 1487 1225 1538 sacrosanctum
1259 1500 1468 1554 corpus
1498 1483 1671 1554 legati
1704 1482 1953 1537 habetur

292 1575 382 1631 vel
415 1575 570 1645 apud
603 1572 869 1628 inﬁdeles
900 1573 1059 1644 ipsos
1110 1573 1279 1644 quasi
1328 1572 1489 1644 pacis
1538 1577 1853 1644 proxeneta
1895 1576 1953 1625 et

306 1662 701 1737 pugnantium
733 1661 1074 1716 conciliator
1104 1660 1567 1733 bellicarumque
1595 1661 1949 1716 seditionum

306 1753 605 1825 depulsor.
641 1752 802 1807 Tunc
835 1750 1011 1806 etiam
1047 1750 1285 1806 fortuito
1316 1751 1525 1807 cecidit
1554 1749 1826 1824 Bryennii
1866 1754 1952 1805 ta-

305 1841 717 1909 bernaculum,
752 1845 903 1895 tecto
951 1840 1140 1911 ipsius
1192 1858 1225 1895 a
1275 1840 1546 1895 manibus
1596 1857 1723 1911 quae
1773 1839 1953 1894 videri

307 1932 635 2004 nequibant
669 1931 819 1985 738
851 1928 1301 1983 eversa.Accidit
1334 1930 1471 1983 item
1503 1928 1654 1983 lunae
1686 1928 1951 1995 defectio,

309 2038 437 2093 quae
466 2021 535 2076 ad
565 2019 762 2091 ipsum
795 2018 1069 2088 respexit,
1100 2017 1389 2089 siquidem
1438 2017 1561 2073 haec
1609 2033 1958 2073 consuevere

311 2110 713 2183 utplurimum
729 2112 1049 2179 tyrannoru
1062 2123 1113 2161 m
1129 2107 1457 2162 eversiones
1484 2106 1959 2181 praesignificare,

314 2197 811 2272 quemadmodum
844 2197 882 2250 ii
910 2195 1009 2267 qui
1040 2195 1099 2249 in
1130 2199 1422 2251 astrorum
1455 2196 1667 2268 nugaci
1705 2195 1962 2252 vanitate

314 2291 624 2343 versantur
645 2285 949 2340 declarant
969 2288 1026 2338 et
1050 2284 1751 2355 vaticinantur.fReverso
1783 2284 1966 2355 igitur

310 2377 763 2432 Straboromano
814 2390 874 2429 re
920 2374 1156 2442 infecta,
1190 2372 1398 2428 bellica
1426 2372 1626 2428 munia
1653 2388 1965 2445 aggressus

311 2472 403 2523 est
436 2468 777 2539 imperator,
810 2470 867 2521 et
901 2466 1180 2521 adversus
1230 2465 1423 2537 ipsum
1477 2466 1753 2521 instruxit
1803 2482 1964 2520 exer-

310 2558 519 2622 citum,
545 2573 608 2611 ac
644 2556 871 2610 ﬁduciae
906 2554 1116 2625 plenus
1150 2553 1311 2610 illius
1342 2556 1781 2611 demolitionem
1820 2572 1965 2627 prae—

316 2646 557 2703 dicavit.
591 2645 959 2700 Celebratum
1012 2644 1166 2697 enim
1216 2644 1570 2699 elementum
1621 2645 1667 2699 N
1720 2644 1970 2715 simplex

320 2740 553 2791 tantum
580 2741 636 2790 et
658 2751 770 2788 non
797 2735 1010 2804 duplex
1034 2750 1067 2786 a
1096 2734 1325 2787 vatibus
1353 2735 1750 2805 spectabatur.
1786 2738 1971 2803 Atque

321 2825 501 2879 etiam
525 2824 732 2878 ducem
758 2822 1082 2893 praeticiens
1107 2839 1289 2877 unum
1314 2839 1379 2877 ex
1412 2821 1769 2893 illustribus,
1804 2822 1969 2877 nobi-

318 2912 620 2969 lissimum
643 2911 907 2966 Alexium
941 2912 1614 2983 Comnenum,magnum
1648 2913 1839 2980 ipsum
1869 2912 1970 2966 do-

329 3001 639 3057 mesticum
673 3000 999 3067 declarans,
1022 2999 1119 3071 qui
1156 2999 1453 3055 Ruselium
1479 3001 1779 3071 ingeniose
1810 3001 1974 3071 prius

329 3091 660 3161 subegerat,
697 3090 976 3143 adversus
1008 3088 1358 3159 Bryennium
1415 3089 1612 3156 mittit,
1667 3090 1977 3160 prudentia

324 3184 383 3235 et
414 3178 626 3234 mentis
668 3176 991 3233 stabilitate
1038 3179 1439 3232 venerandum
1490 3182 1546 3233 et
1575 3179 1663 3249 _ad
1718 3178 1978 3251 pericula

2053 609 2226 643 σασιν.
2263 589 2347 661 [Ρ.
2379 589 2507 660 863]
2532 587 2593 644 Ὁ
2624 584 2683 641 δὲ
2731 587 2991 661 ἄτεγκτος
3040 587 3129 655 ἦν,
3160 585 3251 640 καὶ
3278 585 3586 661 ἀτεράμων,
3616 588 3706 642 xui

2054 677 2418 753 ὑπερήφανος,
2450 676 2542 731 καὶ
2589 682 2689 746 τῆς
2742 672 3020 750 βασιλείας
3069 675 3143 749 μή
3188 674 3535 749 ἐξιστάμενος
3572 673 3713 747 μηδε

2052 772 2160 823 τῶν
2203 765 2487 841 πρωτείων
2534 769 2886 841 παραχωρῶν
2944 762 3020 818 ὧν
3063 763 3163 819 οὐκ
3189 765 3256 834 ἦν
3285 763 3494 840 κύριος,
3540 764 3710 821 Στέλ-

2056 857 2205 913 λεται
2236 857 2325 910 καὶ
2382 854 2603 930 δευτέρα
2661 849 2920 929 πρεσϐεία
2967 854 3104 928 πρὸς
3138 852 3321 920 αὐτὸν,
3376 854 3468 909 καὶ
3496 854 3718 930 γέγονεν

2056 948 2347 1023 ἄπρακτος,
2381 946 2506 1002 Ἐπὶ
2554 944 2723 1019 ταύτῃ
2777 941 2834 998 δὲ
2889 944 2979 998 καὶ
3035 944 3195 1018 τρίτη
3241 939 3499 1019 πρεσϐεία
3529 949 3715 1022 φοιτᾷ.

2058 1033 2348 1098 σταλέντος
2404 1036 2691 1107 Ῥωμανοῦ
2777 1030 3240 1109 πρωτοπροέδρου
3314 1033 3406 1087 καὶ
3468 1033 3716 1109 μεγάλου

2061 1124 2440 1200 ἐταιρειάρχου
2536 1118 3037 1199 Στραϐορωμανοῦ.
3119 1120 3248 1177 Οὐδ’
3334 1121 3539 1194 ἐκείνην
3622 1124 3712 1178 οὖν

2062 1212 2303 1290 δέχεται,
2357 1212 2568 1286 μᾶλλον
2636 1213 2730 1284 μὶν
2790 1211 2880 1266 οὖν
2929 1212 3019 1267 καὶ
3065 1213 3159 1267 τὸν
3188 1209 3351 1288 ἄνδρα
3381 1211 3590 1285 ἀτίμως
3623 1209 3716 1267 δέ-

2061 1324 2241 1380 χεται,
2299 1303 2388 1357 καὶ
2444 1299 2558 1356 οὐδ’
2609 1303 2684 1365 ὡς
2723 1301 2781 1355 ἐκ
2831 1299 3103 1377 βασιλέως
3136 1299 3261 1357 ἀλλ’
3296 1302 3717 1375 ὑποστρατήγου

2059 1394 2206 1455 τινὸς
2230 1390 2604 1447 ἀποσταλέντα
2638 1410 2650 1423 ⁸
2700 1411 2878 1445 καιτοι
2928 1390 3071 1467 ἱερὸν
3132 1391 3264 1445 εἶναι
3318 1394 3477 1463 σῶμα
3525 1390 3553 1445 6
3584 1388 3716 1466 πρέ-

2061 1477 2191 1544 σϐυς
2232 1477 2545 1557 λελόγισται
2598 1480 2691 1535 καὶ
2743 1478 2889 1551 παρά
2931 1484 3053 1540 τοῖς
3109 1477 3357 1540 ἀπίστοις
3417 1478 3607 1539 αὐτοῖς
3638 1478 3714 1539 ὼς

2062 1572 2287 1648 εἰρήνης
2346 1570 2569 1643 μεσίτης
2634 1568 2724 1624 καὶ
2806 1566 3146 1637 διαλλάκτης
3218 1573 3327 1622 τῶν
3381 1566 3713 1641 μαχομένων

2060 1662 2149 1715 καὶ
2209 1660 2519 1729 πολεμικάς
2599 1658 2939 1731 περιστάσεις
3014 1651 3326 1713 ἀποσοϐῶν.
3404 1658 3603 1713 Ἐπεσε
3658 1653 3721 1710 δὲ

2060 1753 2356 1821 τηνικαῦτα
2411 1748 2516 1803 ἀπὸ
2591 1748 2936 1820 ταυτομάτου
3013 1746 3101 1801 καὶ
3168 1748 3203 1817 ἡ
3270 1749 3367 1801 τοῦ
3424 1744 3713 1821 Βρυεννίου

2061 1840 2257 1910 σκηνὴ,
2310 1842 2407 1893 τοῦ
2450 1836 2652 1915 ὀρόφου
2727 1836 2928 1905 ταύτης
2998 1835 3397 1911 παραλυθέντος
3458 1835 3715 1909 ἀοράτοις

2065 1928 2243 2005 χερσί.
2278 1929 2469 2002 Γέγονε
2509 1925 2565 1981 δὲ
2612 1925 2701 1980 καὶ
2742 1923 2982 1999 ἔκλειψις
3035 1932 3135 1994 τῆς
3185 1923 3445 1994 σελήνης,
3485 1920 3607 1993 ἥτις
3636 1921 3714 1984 εἷς

2065 2018 2223 2073 αὐτὸν
2257 2016 2581 2090 ἐπέσκηψεν,
2632 2014 2747 2070 ἐπεὶ
2790 2014 2880 2070 καὶ
2938 2013 3232 2093 πεφύκασιν
3293 2014 3369 2076 ὡς
3422 2011 3619 2068 ἐπίπαν
3648 2011 3717 2067 τὰ

2066 2112 2292 2163 τοιαῦτα
2332 2104 2736 2179 τυραννούντων
2787 2105 3124 2180 καθαιρέσεις
3171 2101 3401 2174 δηλοῦν,
3448 2101 3629 2164 καθὼς
3670 2102 3728 2156 oi

2069 2196 2194 2273 περὶ
2237 2197 2335 2265 τὴν
2383 2198 2490 2249 τῶν
2550 2192 2786 2270 ἀστέρων
2839 2190 3144 2269 ἀδόλεσχον
3192 2191 3532 2265 ματαιότητα
3560 2212 3723 2247 κατα-

2071 2286 2347 2361 γινόμενοι
2448 2284 2843 2357 τερατεόονται.
2948 2280 3375 2345 Ἐπανελθόντος
3461 2282 3551 2335 οὖν
3629 2284 3727 2335 τοῦ

2078 2370 2557 2453 Στραϐορωμσνοῦ
2610 2372 2699 2427 καὶ
2747 2379 2848 2441 τῆς
2889 2367 3174 2448 πρεσϐείας
3219 2370 3500 2447 ἀπράκτου
3543 2371 3729 2443 μεινά-

2077 2487 2198 2536 σης,
2232 2460 2401 2539 ἔργων
2432 2462 2751 2535 πολεμικῶν
2800 2463 2828 2516 ὁ
2886 2460 3142 2537 βασιλεὺς
3184 2459 3368 2536 εἴχετο
3412 2460 3501 2515 καὶ
3530 2460 3612 2515 ἐπ’
3639 2458 3730 2537 αὖ·

2074 2556 2167 2609 τὸν
2204 2555 2484 2609 συνέταττε
2529 2553 2591 2606 τὸ
2640 2553 2966 2627 στράτευμα,
3013 2550 3104 2605 καὶ
3161 2549 3375 2627 θαρῥῶν
3424 2552 3521 2619 τὴν
3565 2549 3731 2604 αὐτοῦ

2076 2643 2368 2700 κατάλυσιν
2442 2636 2821 2716 προηγόρευσε
2854 2661 2867 2675 ⁸
2938 2640 3001 2695 τὸ
3079 2639 3182 2716 γὰρ
3264 2637 3528 2711 ᾀδόμενον
3586 2659 3729 2694 στοι-

2079 2739 2235 2809 χεῖον
2270 2736 2380 2807 (47)
2411 2736 2506 2786 τοῦ
2558 2739 2597 2785 Ν
2649 2728 2854 2785 άπλοῦν
2915 2729 3079 2802 μόνον
3120 2727 3209 2783 καί
3259 2728 3320 2783 οὐ
3362 2726 3586 2783 διπλοῦν
3615 2733 3734 2792 τοῖς

2078 2826 2245 2877 ταῦτα
2285 2816 2635 2899 φοιϐάζουσιν
2687 2818 2991 2874 ἐσκοπεῖτο.
3048 2818 3146 2872 Καὶ
3203 2816 3260 2872 δὲ
3296 2816 3386 2872 xui
3429 2817 3730 2892 στρατηγὸν

2083 2910 2375 2981 ἐπιστήσας
2425 2904 2514 2964 ἕνα
2578 2913 2683 2963 τῶν
2753 2904 3089 2984 εὐπατριδῶν
3166 2908 3256 2962 τὸν
3328 2901 3729 2979 νωϐελίσσιμον

2083 3000 2325 3070 Ἀλεξιον
2379 2999 2474 3053 τὸν

2082 3084 2521 3162 προϐαλόμενος,
2555 3089 2614 3150 ’ὸς
2639 3089 2730 3143 τὸν
2779 3086 3090 3142 Ῥουσέλιον
3149 3085 3483 3161 εὐμηχάνως
3510 3085 3573 3140 τὸ
3602 3084 3727 3160 πρὶν

2084 3179 2439 3256 ἐχειρώσατο,
2497 3178 2635 3232 κατά
2681 3180 2779 3231 τοῦ
2845 3174 3129 3252 Βρυεννίου
3206 3172 3420 3252 ἀφίησι,
3475 3176 3734 3251 φρονήσει

2569 2999 2876 3070 Κομνηνὸν,
2958 2996 3118 3071 μέγαν
3188 2996 3348 3051 αὐτὸν
3410 2993 3727 3068 δομέστικον

318 3267 532 3325 bellica
565 3268 802 3322 firmum
830 3273 887 3322 et
918 3266 1302 3338 intrepidum;
1336 3267 1434 3339 qui
1468 3284 1601 3323 cum
1635 3270 1760 3324 suis
1791 3268 1968 3340 copiis

2084 3269 2172 3324 xui
2209 3266 2450 3329 δίανοίας
2507 3265 2872 3340 σταθηρότητι
2929 3265 3150 3341 γερανὸν
3208 3262 3297 3318 καὶ
3354 3264 3490 3339 πρὸς
3545 3260 3731 3317 κινδύ-

319 3359 601 3413 adversus
642 3356 998 3427 Bryennium
1030 3357 1348 3425 profectus,
1380 3362 1435 3411 et
1466 3357 1524 3411 in
1557 3357 1684 3412 loco
1715 3359 1967 3429 quodam

319 3447 598 3515 Calabrya
633 3446 869 3501 nomine
902 3444 1205 3514 quiescere
1231 3446 1401 3514 jusso
1433 3447 1713 3514 exercitu,
1768 3447 1976 3500 didicit

326 3536 400 3591 ab
435 3534 902 3605 exploratoribus
936 3534 1290 3604 Bryennium
1324 3551 1356 3588 a
1387 3534 1617 3590 Mesene
1652 3536 1973 3606 profectum

331 3640 465 3678 cum
500 3622 660 3677 omni
694 3622 950 3677 exercitu
980 3623 1475 3693 appropinquare.
1509 3625 1837 3695 Statimque
1867 3642 1974 3679 no-

325 3711 655 3767 bilissimus
687 3712 905 3765 Turcos
956 3728 989 3764 a
1037 3726 1099 3765 se
1148 3710 1402 3765 delectos
1438 3712 1623 3780 jussit
1670 3730 1857 3783 usque
1905 3715 1973 3769 ad

327 3800 682 3873 Bryennium
715 3799 1038 3871 pervenire,
1072 3815 1137 3853 ac
1171 3803 1395 3853 tantum
1429 3802 1527 3854 ubi
1576 3817 1639 3855 se
1683 3803 1976 3857 ostendis-

327 3893 483 3956 sent,
514 3891 583 3944 ad
626 3905 689 3944 se
716 3888 945 3943 reverti.
984 3890 1112 3957 Ipse
1142 3892 1337 3941 autem
1372 3889 1716 3960 Opportunis
1748 3890 1804 3944 in
1840 3890 1977 3946 locis

327 3978 630 4034 collocatis
689 3976 945 4040 insidiis,
999 3978 1409 4047 instructoque
1470 3982 1533 4032 ut
1589 3978 1699 4033 sibi
1758 3979 1978 4050 optime

329 4067 648 4121 videbatur
677 4065 956 4131 exercitu,
990 4066 1237 4136 Bryenni
1270 4066 1612 4121 morabatur
1641 4068 1975 4122 adventum.

332 4156 475 4210 Cum
507 4172 640 4210 vero
675 4155 843 4226 signa
873 4154 1291 4225 apparuissent
1318 4157 1622 4227 utriusque
1670 4158 1975 4224 exercitus,

330 4249 389 4299 et
419 4244 728 4299 classicum
764 4243 1019 4298 clamore
1050 4242 1285 4298 sublato
1334 4244 1563 4315 utrique
1604 4246 1978 4313 cecinissent,

330 4333 545 4388 initum
578 4337 666 4388 est
702 4334 847 4387 737
897 4348 1025 4387 acre
1075 4332 1360 4402 praelium.
1412 4333 1675 4405 Cumque
1722 4341 1984 4391 cerneret

331 4423 655 4495 Bryennius
679 4438 921 4476 suarum
948 4420 1243 4493 legionum
1270 4422 1493 4477 cladem
1520 4429 1574 4477 et
1600 4425 1983 4493 perturbatio-

334 4528 466 4567 nem
501 4515 678 4582 atque
710 4509 1067 4582 periculum,
1119 4511 1445 4582 assumptis
1494 4528 1691 4566 secum
1742 4513 1982 4583 optimis

2080 3378 2206 3419 νους
2240 3354 2584 3427 πολεμικοὺς
2610 3351 2823 3429 έδραῖὁν
2854 3374 2913 3408 τε
2940 3353 3032 3407 καὶ
3065 3351 3499 3426 ἀπερικτύπητον
3536 3370 3548 3382 ·
3582 3352 3642 3415 ’ὀς
3663 3348 3730 3420 δὴ

2081 3447 2178 3508 τὰς
2212 3443 2467 3518 δυνάμεις
2494 3443 2803 3517 ἀνειληφὼς
2852 3442 2988 3497 κατά
3035 3444 3131 3496 τοῦ
3172 3442 3464 3516 Βρυεννίου
3495 3435 3731 3509 ἐϐάδιζε,

2083 3536 2173 3591 καὶ
2213 3536 2349 3610 πρὸς
2398 3535 2569 3588 τόπον
2631 3527 2956 3604 Καλαϐρῦην
3020 3530 3494 3603 ἐπονομαζόμενον
3562 3527 3738 3584 διανα-

2086 3624 2273 3679 παύων
2318 3622 2407 3677 τὸν
2471 3622 2695 3696 στρατὸν
2755 3620 2920 3693 ἔμαθε
2965 3620 3111 3695 παρᾶ
3166 3624 3274 3674 τῶν
3334 3622 3552 3673 σκοπῶν
3598 3619 3672 3680 ὡς
3705 3618 3735 3673 6

2086 3712 2375 3787 Βρυέννιος
2426 3710 2627 3786 ἐγγίζει
2703 3715 3037 3784 πανστρατιᾷ
3080 3712 3178 3778 τῆς
3223 3709 3472 3780 Μεσύνης
3531 3708 3735 3763 ἀπανα-

2087 3802 2234 3862 στάς.
2293 3801 2392 3857 Καὶ
2448 3799 2636 3854 αὐτίκα
2699 3800 2727 3853 6
2803 3794 3206 3870 νωϐελίσσιμος
3267 3796 3540 3872 Τούρκους
3609 3794 3738 3857 τοὺς

2086 3892 2278 3945 ἑαυτοῦ
2309 3887 2711 3961 ἀπολεξάμενος
2757 3887 3036 3962 ἀφικέσθαι
3091 3886 3185 3959 μὶν
3234 3883 3368 3961 ἄχρι
3408 3890 3507 3941 τοῦ
3540 3887 3737 3957 Βρυενο

2086 3978 2209 4032 νίου
2271 3977 2570 4047 ἐκέλευσεν,
2642 3973 2893 4046 ἐπίδειξιν
2963 3972 3020 4029 δὲ
3089 3974 3495 4047 ποιησάμένους
3563 3974 3737 4046 μόνην

2088 4067 2253 4123 πάλιν
2310 4066 2703 4141 ἐπαναστρέψαι
2748 4067 2884 4139 πρὸς
2948 4064 3107 4119 αὐτόν
3140 4082 3157 4098 ο
3200 4064 3362 4125 αὐτὸς
3421 4059 3478 4117 δὲ
3535 4062 3744 4138 λόχους

2088 4156 2141 4210 ἐν
2187 4156 2493 4228 ἐπικαίροις
2534 4154 2779 4227 θέμενος,
2826 4153 2915 4208 καὶ
2964 4154 3031 4207 τὰ
3077 4154 3211 4207 κατά
3255 4152 3347 4207 τὸν
3399 4153 3622 4227 στρατὸν
3666 4153 3743 4213 ὡς

2091 4244 2307 4321 ἄριστον
2354 4243 2527 4300 ἐδόκει
2571 4242 2973 4316 διαταξάμενος,
3032 4237 3188 4314 ἔμενε
3240 4242 3343 4310 τήν
3398 4246 3495 4296 τοῦ
3544 4243 3744 4315 Βρυεν-

2090 4335 2209 4389 νίου
2240 4333 2540 4389 έπέλευσιν.
2592 4334 2875 4387 Φανέντων
2928 4330 2985 4386 δὲ
3016 4336 3123 4386 τῶν
3158 4330 3401 4403 σημείων
3438 4335 3545 4386 τῶν
3580 4350 3746 4405 στρα-

2090 4426 2372 4497 τευμάτων
2437 4423 2665 4496 ἀμφοῖν,
2757 4424 2845 4476 καὶ
2926 4418 3307 4491 ἀλαλαξάντων
3361 4418 3625 4494 ἑκατέρων
3682 4419 3744 4473 τὸ

2094 4512 2367 4579 ἐνυάλιον,
2426 4511 2671 4583 πόλεμος
2721 4510 2945 4579 συνέστη
3015 4509 3298 4584 κρατερός.
3340 4510 3430 4570 Ὠς
3490 4506 3547 4563 δὶ
3603 4508 3743 4582 ἑώρο

333 4599 517 4671 copiis
538 4600 661 4672 ipse
687 4614 789 4671 per
809 4613 870 4653 se
894 4603 1186 4652 certamen
1212 4600 1282 4654 de
1308 4616 1540 4654 summa
1577 4616 1771 4656 rerum
1806 4602 1968 4656 susti-

2095 4603 2123 4657 6
2151 4601 2434 4676 Βρυέννιος
2471 4604 2578 4655 τῶν
2632 4600 2828 4654 ἑαυτοῦ
2873 4600 3167 4673 ταγμάτων
3216 4598 3314 4667 τὴν
3366 4599 3531 4666 ἧτταν
3561 4595 3652 4651 καὶ
3681 4596 3744 4652 τὸ

331 4690 529 4755 nebat,
564 4694 621 4744 et
653 4694 891 4744 strenue
938 4703 1155 4741 munus
1206 4688 1434 4755 obibat;
1487 4690 1657 4760 cujus
1706 4696 1979 4746 conatum

333 4778 711 4849 imperatoris
771 4776 991 4831 milites
1041 4776 1482 4847 propulsarunt.
1536 4779 1679 4833 Cum
1734 4796 1866 4835 vero
1911 4780 1981 4836 de

328 4867 573 4923 victoria
601 4866 834 4937 utrique
866 4864 1173 4920 ambitiose
1215 4868 1655 4934 contenderent,
1681 4868 1981 4925 horribilis

2090 4684 2528 4765 τεθορυϐημένον
2562 4689 2647 4743 καὶ
2689 4684 2977 4763 σφαλερὸν,
3035 4686 3128 4748 τὰς
3175 4685 3466 4761 κρατίστας
3510 4690 3617 4741 τῶν
3650 4684 3745 4739 σὺν

2091 4779 2239 4851 αὐτῷ
2289 4777 2569 4852 δυνάμεων
2648 4776 2957 4846 συνηλικὼς
3025 4776 3183 4838 αὐτὸς
3260 4774 3332 4831 δι’
3408 4776 3598 4830 ἑαυτοῦ
3648 4774 3742 4829 τὸν

2093 4869 2225 4945 ὑπὲρ
2278 4873 2385 4923 τῶν
2460 4866 2605 4923 ὅλων
2678 4867 2857 4940 ἀγῶνα
2934 4865 3239 4941 έκρότησεν.
3314 4863 3743 4940 Ἀπεκροόσαντο

1640 5021 1894 5077 JACOBI
1935 5022 2157 5079 GOARI
2198 5022 2431 5078 NOTAE.

410 5134 519 5204 (57)
548 5135 663 5189 Vox
687 5136 1171 5207 ambigua,quam
1196 5151 1310 5189 non
1338 5136 1669 5191 elementum
1702 5138 1874 5192 modo
1898 5137 1985 5193 vel

340 5204 601 5271 litteram,
662 5209 761 5261 sed
830 5204 1026 5278 potius
1093 5210 1302 5276 fatum,
1355 5217 1571 5270 sortem,
1631 5210 1986 5275 vaticinium,

336 5278 581 5344 genium,
632 5280 1001 5345 partendendi
1050 5282 1157 5331 vim
1208 5288 1258 5332 et
1287 5294 1441 5333 omen
1478 5282 1689 5335 referre
1722 5299 1837 5335 non
1872 5299 1987 5336 uno

335 5349 461 5400 loco
494 5354 758 5403 notatum
792 5357 880 5403 est
915 5352 969 5403 in
999 5350 1345 5403 Ccdrenum.
1383 5358 1627 5405 Auctore
1658 5369 1791 5406 vero
1841 5370 1987 5407 nus-

339 5435 531 5496 qu~am_
576 5422 867 5496 scribente
918 5420 978 5472 τὸ
1007 5441 1051 5496 _v
1103 5427 1399 5496 στοιχεῖον,
1452 5440 1649 5496 verum
1688 5429 1984 5496 ,στοιχεῖον

333 5491 429 5541 τοῦ
461 5489 585 5565 v,in_
609 5495 871 5565 secundo
903 5492 1096 5565 potius
1129 5489 1303 5563 quain
1340 5489 1393 5547 in
1430 5495 1616 5564 primo
1652 5489 1983 5565 signiﬁcatu

337 5562 692 5615 sumendum
726 5563 1002 5631 conjicio;
1038 5564 1281 5633 ejusque
1317 5562 1480 5619 mens
1512 5571 1601 5620 est
1636 5562 1772 5621 haec.
1806 5569 1849 5620 A
1882 5585 1986 5622 su-

337 5633 672 5712 perstitiose
704 5634 1348 5712 nominumLNicepbori
1381 5644 1439 5689 et
1472 5638 1741 5712 Bryennii
1774 5639 1843 5693 de
1876 5640 1985 5693 im-

336 5705 496 5775 perio
527 5706 951 5761 decertantium
984 5705 1212 5761 litteras
1240 5705 1649 5777 primordiales
1682 5710 1726 5763 N
1750 5715 1805 5765 et
1828 5714 1868 5763 Β
1890 5712 1986 5766 ob-

2100 5139 2491 5202 servantibus,
2525 5137 2680 5210 quod
2716 5135 3006 5210 fatalegest
3033 5140 3089 5191 et
3119 5139 3455 5210 portentum
3486 5135 3545 5190 in
3576 5132 3623 5188 N
3658 5147 3755 5210 as-

2099 5210 2210 5265 seri
2266 5206 2591 5281 praevalere
2615 5209 2733 5263 l'atu
2764 5210 2861 5260 τοῦ
2893 5207 2958 5274 Β,
2990 5224 3056 5281 eo
3088 5206 3502 5281 q'uodrgenius,
3538 5220 3667 5281 sors
3693 5207 3752 5258 et

2098 5276 2281 5336 latum
2312 5285 2390 5351 τῷ
2422 5286 2467 5335 V
2499 5280 2830 5351 alligatum,
2880 5285 2945 5333 ut
2993 5276 3511 5351 elementi—ipsius
3534 5276 3752 5351 dines,

2098 5360 2323 5407 rectum
2357 5349 2501 5421 sit,B
2533 5349 2663 5407 vero
2696 5352 2769 5405 ob
2799 5352 2948 5406 duos
2979 5350 3186 5421 gibbos
3215 5352 3273 5406 in
3296 5349 3751 5407 rectamlineam

2100 5431 2345 5479 retortos
2379 5424 2627 5479 infelicis
2676 5421 2912 5494 ominis.
2971 5422 3181 5478 Mirum
3234 5440 3406 5494 porro
3456 5425 3748 5494 quantum

2097 5498 2478 5567 superstiosis
2521 5494 2807 5567 vaticiniis
2859 5493 3103 5563 imperio
3147 5493 3382 5564 labente
3431 5493 3611 5567 Graeci
3663 5494 3750 5567 at-

2097 5560 2437 5649 tenderint,‘
2465 5574 2551 5649 ut
2580 5582 2682 5620 nec
2714 5560 3093 5649 imperatores
3124 5571 3181 5621 et
3208 5560 3535 5649 optimates
3557 5564 3630 5619 ab
3663 5560 3748 5617 eis

2097 5640 2209 5695 sibi
2240 5640 2511 5695 duxerint
2537 5637 2989 5709 temporandum
3013 5654 3037 5709 ;_
3062 5636 3132 5693 de
3159 5636 3375 5709 quibus
3422 5638 3747 5703 Cedrenus,

2099 5712 2330 5768 Nicetas
2360 5717 2418 5767 ct
2445 5707 2730 5783 Gregoras
2754 5707 3140 5781 frequentius.
