4046 6144
277 365 403 429 469

1819 365 2218 428 HISTORIA.

3597 363 3718 426 470

276 493 342 550 δέ
366 495 468 565 τὴν
499 494 701 552 τούτου
737 496 920 572 ὁρμὴν
947 496 997 552 οἶ
1025 500 1123 552 τοῦ
1149 494 1952 573 βασιλέως.Φιλοτιμουμένων

2085 497 2338 568 iuedam
2374 513 2575 569 pugna
2600 500 2655 552 et
2686 500 2880 553 metus
2932 496 3105 568 plena
3153 497 3406 553 conﬂata
3450 501 3560 568 est,
3611 498 3715 553 Co-

279 583 345 640 ὂὲ
403 583 672 656 ἀλλήλων
734 586 860 661 περὶ
915 592 1015 655 τῆς
1067 585 1224 658 νίκης
1288 584 1704 657 καταπληκτική
1763 607 1846 647 τις
1902 588 1937 654 ἡ

283 673 448 749 μάχη
505 674 597 728 καὶ
660 669 833 752 φόϐου
897 675 1064 746 μεστὴ
1119 675 1357 750 γέγονεν.
1421 676 1505 748 [Ρ.
1564 677 1692 748 864]
1757 676 1817 732 Ὀ
1885 671 1943 728 δὲ

287 763 580 835 Κομνηνὸς
605 762 858 836 σύνθημα
900 759 1026 827 δοὺς
1051 768 1170 824 τοῖς
1225 763 1274 818 ἐν
1333 769 1451 826 τοῖς
1509 761 1704 839 λόχοις
1761 761 1942 818 διανα-

286 858 480 920 στῆναι
511 852 601 906 καὶ
633 857 754 913 τοῖς
805 850 1069 914 ἐναντίοις
1122 854 1239 925 μεθ’
1297 853 1474 928 ὁρμῆς
1530 853 1706 927 βιαίας
1765 849 1943 907 εἰσδα-

291 939 434 1007 λεῖν,
504 941 719 1015 τροπήν
801 939 897 996 τοῦ
964 941 1245 1014 Βρυεννίου
1311 941 1592 1018 εἷ’ργάσατο
1667 942 1944 1016 καρτεράν.

292 1027 471 1084 Ἑάλω
554 1028 650 1100 μὲν
713 1026 804 1083 οὖν
865 1029 892 1083 6
949 1029 1232 1105 Βρυέννιος
1317 1035 1439 1102 ζῶν,
1493 1025 1680 1084 ἔπεσον
1746 1027 1802 1084 δὲ
1857 1028 1948 1083 καὶ

291 1117 483 1192 συχνοέ
554 1121 663 1171 τῶν
726 1117 915 1189 αὐτοῦ,
968 1117 1214 1173 ἑάλωσαν
1281 1117 1338 1173 δὲ
1396 1121 1506 1194 οὐχ
1553 1119 1797 1188 ἥττονες,
1859 1117 1949 1172 καὶ

292 1204 510 1278 μᾶλλον
572 1206 623 1260 οἱ
671 1210 780 1260 τῶν
815 1205 1005 1262 ἄλλων
1063 1207 1416 1283 προέχοντες.
1451 1209 1511 1266 Ὁ
1569 1205 1626 1262 δὲ
1674 1208 1953 1283 Βρυέννιος

289 1295 522 1372 ληφθεὶς
584 1298 682 1359 τῆς
730 1295 1001 1366 τοσαύτης
1056 1295 1321 1358 ἀπονοίας
1356 1298 1659 1370 πρόστιμον
1712 1297 1814 1364 τήν
1847 1301 1951 1349 τῶν

289 1381 596 1460 ὀφθαλμῶν
663 1383 945 1461 ὑφίσταται
1001 1386 1275 1460 πήρωσιν,
1333 1384 1520 1440 πολλᾶ
1584 1383 1954 1457 μετακλαυσά-

293 1492 456 1542 μενος
513 1479 614 1541 τῆς
675 1469 1005 1537 δυσϐουλίας
1063 1472 1367 1531 έαυτόν.Ὁ
1427 1471 1484 1528 δὲ
1543 1473 1798 1548 βασιλεὺς
1853 1473 1952 1542 τὴν

294 1561 647 1638 εὐχαριστίας
679 1562 918 1627 ἀνέθετο.

365 1653 695 1722 Ἀναιρεῖται
755 1650 812 1707 δὲ
866 1653 958 1708 καὶ
1001 1653 1028 1707 ὂ
1061 1650 1293 1726 ἀδελφὸς
1351 1653 1514 1708 αὐτοῦ
1573 1653 1624 1708 ἐν
1679 1653 1958 1726 Βυζαντίῳ

297 1742 445 1812 παρά
471 1744 582 1794 τῶν
624 1740 940 1817 Βαράγγων.
976 1745 1088 1799 Τοῦ
1147 1743 1250 1818 γάρ
1311 1743 1592 1819 Βρυεννίου
1651 1742 1958 1812 ἀποπατή-

298 1849 493 1891 σαντος
551 1831 640 1884 καὶ
695 1834 799 1884 τῶν
871 1830 1024 1894 ἐκτὸς
1097 1831 1396 1907 Βαράγγων
1457 1832 1956 1910 ὁμοφρονησάντων

301 1916 452 1990 αύτῷ
508 1919 559 1972 οἱ
616 1918 668 1973 ἐν
721 1924 800 1991 τῷ
859 1918 1113 1993 παλατίῳ
1168 1918 1565 1997 Βάραγγοιῖένα
1593 1923 1714 1975 τινά
1757 1922 1958 1976 ἑαυτῶν

299 2006 687 2080 ἐπιλεξάμενοι
747 2009 884 2082 πρὸς
952 2007 1078 2074 τοὺς
1146 2011 1429 2082 ὁμοεθνεῖς
1505 2008 1962 2076 ἀποστέλλουσιν,

297 2096 575 2166 ἀξιοῦντες
604 2096 816 2173 ἀφεῖναι
859 2098 955 2170 μὲν
983 2099 1075 2153 τὸν
1116 2099 1449 2169 ἀποστάτην,
1484 2107 1749 2178 φρονῆσαι
1801 2097 1858 2154 δὲ
1899 2101 1967 2154 τά

307 2182 606 2260 βασιλέως.
670 2187 936 2250 Γνωσθεῖς
1011 2186 1069 2242 δὲ
1133 2187 1223 2243 καὶ
1280 2189 1566 2265 κρατηθεὶς
1625 2188 1858 2253 ἐτασθείς
1911 2210 1970 2243 τε

308 2271 567 2353 σφοδρῶς
626 2281 796 2330 πᾶσαν
886 2276 1190 2351 ἀνεκάλυψε
1261 2282 1370 2340 τῶς
1451 2281 1792 2352 μηνυθέντων
1867 2281 1966 2348 τήν

316 2361 592 2434 δήλωσιν,
627 2369 893 2440 στερεῖται
926 2363 984 2420 δὲ
1039 2368 1127 2421 καὶ
1159 2373 1259 2436 τῆς
1289 2366 1458 2442 ῥινὸς,
1490 2367 1634 2442 παρὰ
1662 2371 1757 2420 τοῖ’)
1789 2368 1969 2424 Ἰωάν-

315 2473 412 2506 νου
440 2453 644 2523 ταύτην
692 2449 988 2524 λωϐηθείς.
1021 2455 1176 2518 Ὀθεν
1221 2455 1310 2509 καὶ
1370 2457 1444 2529 μή
1502 2455 1690 2527 πράως
1748 2454 1971 2531 ἐνεγκὼν

318 2542 419 2610 τὴν
480 2537 636 2617 ὕϐριν
686 2544 749 2611 ἣν
795 2543 1054 2598 πέπονθεν
1107 2546 1134 2599 ὁ
1185 2539 1463 2620 Βάρϐαρος
1533 2546 1824 2622 ἀναιρεῖται
1883 2546 1974 2600 τὸν

323 2631 579 2701 Ἰωάννην
639 2631 848 2703 ἐξιόντα
901 2638 998 2688 τοῦ
1050 2635 1340 2706 παλατίου,
1385 2635 1682 2710 μαχαίραις
1742 2634 1974 2699 ἐθνικαῖς

316 2719 628 2793 κατακόψας
698 2719 880 2778 αὐτόν.
934 2722 1327 2793 Ἐπανέστησαν
1379 2721 1434 2778 δὲ
1483 2725 1573 2778 καὶ
1622 2729 1700 2796 τῷ
1761 2724 1976 2799 βασιλεῖ

317 2810 373 2862 οἱ
435 2809 732 2885 Βάραγγοι,
788 2811 879 2864 καὶ
953 2809 1383 2888 διαχειρίσασθαι
1460 2811 1621 2868 αὐτὸν
1693 2809 1968 2869 ἔσπευδον.

325 2897 790 2972 ’Λντιταξαμένων
861 2896 919 2954 δὲ
971 2900 1190 2962 τούτοις
1246 2906 1352 2955 τῶν
1415 2906 1512 2956 τοῦ
1573 2900 1840 2978 βασιλέως
1897 2901 1972 2964 είς

328 2985 556 3048 έκετείας
619 2988 940 3062 ἐτράποντο,
987 2990 1074 3044 καὶ
1122 2990 1213 3044 τὸν
1283 2987 1511 3066 βασιλέα
1558 2989 1976 3064 ἐξιλεωσάμενοι

326 3075 646 3150 συγγνώμης
677 3075 890 3153 ἔτυχον.

395 3165 456 3221 Ὀ
506 3163 565 3220 δὲ
614 3163 871 3241 βασιλεὺς
919 3173 1017 3236 τῆς
1065 3169 1312 3243 γυναικὸς
1362 3169 1526 3223 αὐτοῦ
1578 3166 1978 3239 τελευτησάσης

2056 603 2315 641 mnenus
2348 591 2542 641 autem
2579 587 2751 658 signo
2785 588 2923 642 dato
2959 587 3032 642 iis
3065 587 3166 658 qui
3200 588 3255 642 in
3292 587 3528 642 insidiis
3553 592 3722 643 erant

2051 679 2118 731 ut
2138 680 2512 747 erumpentes
2534 675 2592 729 in
2618 675 2817 731 hostes
2835 675 3086 731 violento
3109 677 3332 748 impetu
3355 675 3714 743 invaderent,

2055 769 2259 820 auctor
2290 765 2401 819 fuit
2433 769 2496 818 ut
2527 765 2854 837 Bryennius
2889 765 3313 836 proﬂigaretur.
3366 768 3580 834 Captus
3627 768 3715 820 est

2056 854 2241 926 igitur
2272 853 2595 925 Bryennius
2628 855 2814 922 vivus,
2849 853 3047 925 plures
3079 871 3146 909 ex
3195 853 3384 924 ipsius
3433 852 3716 908 militibus

2057 943 2404 1007 occubuere,
2439 948 2494 998 et
2536 943 2691 998 haud
2747 945 3049 1014 pauciores
3100 943 3280 1015 capti,
3330 946 3388 997 et
3435 941 3535 1014 qui
3584 941 3715 996 aliis

2063 1032 2443 1104 praestabant.
2479 1032 2809 1104 Bryennius
2832 1037 3028 1086 autem
3055 1035 3262 1104 captus
3285 1035 3464 1087 tanta
3486 1031 3721 1085 demen-

2061 1121 2154 1176 tiae
2179 1138 2380 1192 pcenas
2405 1120 2998 1178 sustinuitoculorum
3024 1121 3431 1186 amissionem,
3463 1119 3716 1174 multum

2064 1227 2260 1266 secum
2302 1210 2510 1282 lugens
2545 1228 2609 1264 ac
2649 1227 3013 1278 conquerens
3048 1211 3119 1264 de
3159 1226 3264 1264 suo
3297 1210 3552 1280 pessimo
3582 1225 3720 1264 con-

2066 1299 2218 1354 silio.
2253 1302 2376 1365 Qua
2407 1300 2476 1353 de
2506 1315 2566 1353 re
2596 1299 2809 1354 certior
2834 1299 3021 1352 factus
3052 1297 3367 1368 imperator
3396 1298 3512 1353 Deo
3545 1301 3719 1368 atque

2067 1388 2195 1458 ejus
2227 1388 2395 1442 Matri
2429 1387 2746 1456 gratiarum
2783 1385 3040 1440 actiones
3075 1385 3368 1456 persolvit.

2011 1472 2260 1550 ἀγγελίαν
2322 1471 2608 1546 δεξάμενος
2654 1477 2732 1546 τῷ
2790 1477 2904 1544 Θεῷ
2945 1472 3034 1526 καὶ
3084 1475 3152 1545 τῇ
3211 1471 3374 1526 αὐτοῦ
3409 1470 3578 1544 μητρὶ
3621 1470 3717 1533 τὰς

2139 1655 2435 1711 Occiditur
2463 1655 2637 1709 etiam
2672 1655 2850 1710 frater
2878 1655 3066 1728 ipsius
3118 1654 3375 1728 Byzantii
3427 1669 3460 1707 a
3508 1657 3721 1706 Baran-

2068 1746 2158 1818 gis
2195 1764 2206 1801 :
2242 1761 2374 1800 nam
2409 1761 2540 1799 cum
2576 1745 2899 1816 liryennius
2932 1745 3236 1800 defecisset
3263 1746 3320 1799 et
3349 1758 3481 1798 cum
3511 1756 3577 1796 eo
3608 1745 3717 1795 Ba-

2071 1835 2234 1905 rangi
2269 1835 2368 1905 qui
2421 1839 2582 1889 extra
2630 1840 2793 1889 erant
2841 1835 3306 1906 conspirassent,
3356 1830 3604 1902 Barangi
3656 1831 3715 1884 in

2071 1923 2285 1995 palatio
2318 1922 2607 1978 delectum
2641 1940 2824 1978 unum
2857 1941 2925 1978 ex
2977 1923 3101 1978 suis
3154 1923 3225 1977 ad
3281 1937 3420 1976 suos
3469 1917 3718 1990 gentiles

2075 2014 2342 2078 mittunt,
2378 2016 2640 2082 petentes
2675 2017 2738 2065 ut.
2768 2013 2970 2067 relicto
3011 2010 3298 2083 perduelli
3346 2010 3416 2063 ad
3468 2009 3724 2079 impera-

2074 2105 2260 2157 torem
2295 2101 2634 2156 accederent
2685 2102 2791 2156 Sed
2828 2101 3096 2173 cognitus
3126 2104 3182 2155 et
3213 2099 3484 2154 detentus
3535 2095 3726 2170 gravi—

2076 2195 2283 2263 terque
2310 2190 2679 2246 examinatus
2713 2189 2912 2246 omnia
2962 2207 3085 2261 que
3135 2189 3247 2245 sibi
3297 2187 3559 2242 indicata
3609 2185 3728 2240 fue-

2079 2287 2214 2336 rant
2243 2280 2490 2351 aperuit.
2523 2279 2626 2336 Cui
2671 2279 2927 2334 Joannes
2974 2281 3046 2334 ob
3096 2278 3204 2332 hoc
3247 2278 3506 2333 offensus
3555 2289 3728 2330 nares

2085 2374 2371 2441 amputat.
2424 2370 2610 2433 Quare
2661 2368 2817 2422 haud
2868 2385 3032 2438 siquo
3077 2367 3272 2422 animo
3305 2363 3725 2420 contumeliam

2082 2459 2234 2513 hanc
2266 2458 2456 2512 ferens
2487 2457 2778 2511 Barbarus
2830 2456 3117 2512 Joannem
3166 2472 3197 2510 e
3251 2453 3464 2527 palatio
3512 2470 3726 2509 exeun-

2082 2553 2198 2604 tem
2249 2546 2482 2614 occidit,
2548 2546 2696 2602 738
2753 2546 2956 2618 gentili
3016 2545 3208 2616 gladio
3264 2545 3462 2616 ipsum
3523 2557 3724 2612 percu-

2079 2637 2251 2692 tiens.
2287 2637 2348 2692 In
2384 2637 2792 2706 imperatorem
2831 2651 3066 2706 quoque
3119 2633 3367 2703 Barangi
3420 2631 3723 2686 insurexe-

2084 2736 2241 2794 runt,
2273 2743 2527 2799 eumque
2561 2727 2821 2781 occidere
2850 2726 3182 2780 studebant.
3215 2724 3428 2778 Verum
3478 2739 3612 2778 cum
3646 2725 3728 2790 {se

2083 2817 2200 2871 illis
2249 2815 2662 2888 opposuissent
2713 2814 3084 2886 imperatoris
3137 2811 3373 2880 milites,
3424 2812 3495 2866 ad
3528 2826 3729 2884 preces

2085 2905 2349 2962 conversi
2407 2904 2635 2976 placato
2708 2904 3058 2975 imperatore
3127 2903 3356 2957 veniam
3425 2898 3725 2956 consecuti

2085 3002 2245 3052 sunt.

2159 3174 2478 3243 Imperator
2505 3174 2724 3240 autem,
2773 3171 2894 3226 vita
2941 3170 3142 3225 functa
3186 3170 3314 3239 ejus
3364 3183 3543 3223 uxore
3599 3167 3735 3221 Ber-

324 3260 423 3322 τῆς
512 3252 787 3326 Βερδηνῆς
861 3257 972 3328 ἅμα
1046 3261 1112 3330 τῇ
1173 3255 1463 3333 ἆναρῥήσει
1524 3258 1971 3333 ἀναγορευθείσης

2087 3265 2258 3327 dena,
2313 3277 2437 3332 quae
2495 3277 2612 3314 una
2641 3275 2774 3314 cum
2805 3258 2935 3330 ipso
2967 3258 3162 3328 regina
3197 3255 3492 3312 declarata
3524 3257 3730 3322 fuerat,

320 3342 412 3396 καὶ
464 3340 656 3411 αὺτῆς,
703 3343 886 3415 ἑτέραν
929 3343 1182 3420 ἠγάγετο.
1229 3345 1439 3400 Πολλαὶ
1513 3346 1605 3418 μὲν
1666 3347 1768 3421 γὰρ
1828 3345 1973 3417 αὐτῷ

323 3431 720 3504 ἐμνηστεύοντο
758 3453 770 3465 °
829 3435 948 3504 Ζωή
1009 3455 1068 3488 τε
1125 3435 1230 3509 γὰρ
1286 3437 1320 3504 ἡ
1380 3439 1478 3488 τοῦ
1550 3433 1817 3509 βασιλέως
1874 3439 1973 3490 τοῦ

325 3521 507 3574 Δούκα
551 3521 815 3596 θυγάτηρ,
865 3524 1129 3596 παρθένος
1179 3520 1311 3578 οὖσα
1357 3525 1445 3578 καὶ
1488 3528 1568 3595 τῶ
1596 3521 1724 3578 εἶ’δει
1786 3523 1974 3598 εὐπρε-

325 3615 463 3678 πὴς,
496 3607 645 3664 ἀλλά
689 3611 779 3665 καὶ
827 3616 934 3666 τῶν
982 3612 1358 3688 συγκλητικῶν
1415 3613 1695 3688 θυγατέρες
1745 3612 1974 3682 πολλαί,
2019 3657 2028 3664 .

329 3699 476 3773 ὥραν
529 3697 753 3774 ἔχουσαι
793 3701 993 3776 γάμου·
1034 3703 1061 3757 6
1122 3698 1178 3756 δὲ
1221 3701 1345 3774 μίαν
1394 3703 1581 3777 ᾑρεῖτο
1628 3707 1735 3757 τῶν
1793 3701 1907 3771 δύο,
1941 3704 1975 3773 ἦ

325 3789 426 3855 τὴν
483 3792 582 3842 τοῦ
641 3789 816 3843 Δούκα
872 3789 1100 3865 σύζυγον
1173 3791 1262 3845 καὶ
1330 3791 1480 3854 αὖθις
1547 3796 1644 3846 τοῦ
1701 3792 1982 3865 Διογένους

329 3873 622 3943 Εύδοκίαν,
653 3876 688 3946 ἢ
713 3881 808 3931 τοῦ
840 3873 1073 3954 ἔναγχος
1110 3879 1493 3953 βασιλεύοντος
1519 3879 1750 3956 Μιχαὴλ
1776 3881 1979 3957 Μαρίαν

326 3967 428 4034 τήν
462 3963 515 4035 ἐξ
543 3967 602 4020 Ἀ
619 3965 818 4023 λανῶν.
837 3967 1065 4022 Στέλλει
1085 3972 1214 4042 γοῦν
1240 3965 1555 4042 ληψόμενος
1574 3972 1672 4039 τήν
1699 3967 1980 4024 Εύδοκίαν·

328 4056 364 4122 ἡ
401 4051 459 4107 δὲ
490 4053 784 4122 ἠκολούθει
836 4061 1172 4132 περιχαρῶς.
1208 4060 1381 4132 ’Ὀπερ
1437 4058 1598 4133 γνοὺς
1632 4059 1659 4112 ὁ
1688 4063 1986 4129 τηνικαῦτα

330 4141 414 4196 ἐπ’
472 4142 637 4217 ἀρετῇ
699 4139 1126 4217 διαϐεϐοημένος
1189 4147 1457 4221 μοναχὸς,
1497 4148 1556 4202 ’ὸν
1599 4145 1665 4216 δὴ
1711 4148 1801 4202 καὶ
1850 4169 1983 4202 παν-

329 4231 485 4307 άγιον
516 4234 626 4305 (48)
660 4231 773 4287 ἀντ’
801 4231 976 4289 ἄλλου
1009 4235 1205 4297 παντὸς
1236 4233 1462 4291 ἐκάλουν
1511 4236 1793 4308 ὀνόματος,
1825 4237 1984 4291 παντὶ

332 4322 524 4395 τρόπῳ
575 4319 900 4377 διακωλύειν
964 4321 1260 4379 ἐσπούδασε
1309 4325 1372 4379 τὸ
1428 4325 1709 4399 ἀτόπημα,
1760 4325 1983 4381 πολλῶν

339 4411 665 4481 ὑπομνήσας
696 4410 862 4480 αὐτὴν
893 4413 999 4466 τῶν
1055 4410 1360 4487 δυναμένων
1415 4413 1658 4469 κωλῦσαι
1707 4422 1804 4485 τῆς
1852 4436 1985 4490 προ-

339 4499 560 4572 θυμίας.
633 4501 851 4574 Ἀγετοιι
925 4501 1109 4557 τοίνυν
1185 4505 1284 4572 τήν
1357 4503 1567 4578 Μαρίαν
1647 4505 1988 4581 ἀπηρυθρια-

2081 3351 2258 3407 aliam
2293 3349 2453 3404 duxit
2478 3365 2490 3404 ε
2519 3348 2715 3403 multa;
2746 3348 2902 3402 enim
2937 3348 3046 3419 ipsi
3081 3346 3733 3416 despondebantur,7.oe

2082 3438 2454 3511 imperatoris
2489 3442 2656 3492 Ducas
2688 3437 2828 3506 ﬁlia,
2855 3437 3016 3508 virgo
3059 3440 3116 3490 et
3162 3436 3348 3490 forma
3396 3435 3628 3499 decora,
3679 3437 3736 3487 et

2085 3537 2422 3585 senatorum
2458 3527 2586 3581 filias
2617 3526 2814 3581 multae
2847 3531 3012 3580 aetate
3033 3526 3158 3595 jam
3197 3522 3446 3578 nubiles.
3478 3523 3584 3578 Sed
3637 3520 3734 3577 ille

2088 3635 2264 3673 unam
2298 3634 2328 3672 e
2362 3617 2590 3671 duabus
2623 3615 2876 3686 petebat,
2912 3613 2998 3668 vel
3033 3629 3271 3669 uxorem
3307 3611 3473 3667 ducis
3505 3628 3570 3666 ac
3604 3629 3732 3667 rur-

2090 3725 2194 3764 sus
2221 3705 2495 3778 Diogenis
2526 3705 2867 3773 Eudociam,
2901 3703 2988 3758 vel
3022 3701 3349 3766 Michaelis,
3399 3700 3497 3771 qui
3547 3717 3738 3771 nuper

2092 3803 2451 3869 regnaverat,
2504 3795 2746 3849 Mariam
2795 3809 2862 3847 ex
2911 3793 3128 3846 Alanis.
3181 3791 3355 3845 Mittit
3407 3790 3590 3862 igitur
3637 3789 3738 3861 qui

2093 3886 2206 3940 sibi
2231 3882 2928 3946 adducerentEudociam,
2979 3897 3109 3950 quae
3161 3895 3292 3934 cum
3347 3894 3591 3933 summa
3644 3894 3740 3931 vo-

2090 3975 2316 4048 luptate
2359 3974 2738 4043 sequebatur.
2790 3973 2912 4036 Quo
2961 3969 3194 4042 cognito
3244 3967 3588 4035 monachus,
3639 3967 3738 4036 qui

2092 4069 2234 4119 tunc
2287 4080 2529 4118 summa
2579 4077 2710 4116 cum
2759 4061 2971 4114 virtute
3017 4059 3258 4124 vixerat,
3293 4071 3588 4128 quemque
3638 4071 3741 4125 pro

2095 4155 2208 4209 alio
2240 4151 2444 4224 quovis
2477 4151 2713 4205 nomine
2745 4148 3187 4204 sanctissimum
3235 4143 3740 4207 vocabant,omni-

2092 4243 2206 4298 bus
2239 4241 2428 4296 modis
2460 4241 2682 4296 studuit.
2733 4237 3020 4310 impedire
3068 4237 3389 4291 absurdum
3442 4235 3547 4288 hoc
3600 4233 3742 4288 faci-

2095 4351 2231 4399 nus,
2286 4330 2472 4386 multa
2521 4334 2577 4384 et
2622 4328 2681 4383 in
2716 4327 3060 4382 memoriam
3094 4324 3364 4396 redigens
3395 4340 3523 4394 quae
3554 4322 3742 4394 ipsam

2098 4423 2169 4476 ab
2205 4422 2312 4476 hac
2344 4419 2664 4491 cupiditate
2696 4417 3012 4487 reprimere
3043 4418 3302 4486 possent.
3350 4412 3520 4468 Ducit
3567 4411 3748 4482 igitur

2096 4511 2360 4575 Mariam,
2414 4507 2568 4562 omni
2621 4507 2841 4579 pudore
2875 4509 3117 4570 remoto,
3150 4504 3489 4574 imperator,
3521 4504 3577 4555 et
3607 4515 3740 4553 cum

341 4588 548 4660 σμένως
597 4591 624 4644 ὁ
680 4587 957 4665 βασιλεὺς,
988 4591 1078 4646 καὶ
1121 4591 1483 4669 ἱερολογεῖται
1523 4593 1680 4668 αὐτῇ,
1726 4595 1814 4649 καὶ
1859 4617 1965 4668 παρ

2098 4600 2227 4671 ipsa
2285 4596 2594 4668 sacrilegio
2647 4593 3049 4665 conjungitur,
3100 4592 3415 4662 statimque
3465 4588 3741 4644 sacerdos

344 4681 531 4735 αυτίκα
576 4681 912 4751 καθαιρεῖται
964 4683 992 4736 ὁ
1036 4683 1208 4758 ἱερεὺς
1255 4685 1328 4746 ὡς
1376 4691 1684 4762 προφανοῦς
1742 4686 1991 4762 μοιχείας

343 4767 752 4841 τετελεσμένης.
787 4771 849 4826 Ὁ
904 4767 961 4824 δέ
1009 4770 1243 4847 Μιχαὴλ
1302 4774 1402 4842 τὴν
1455 4773 1620 4850 τρίχα
1667 4777 1988 4850 κειράμενος

341 4859 512 4935 ψήφῳ
541 4860 638 4912 τοῦ
687 4859 1032 4935 πατριάρχου
1080 4860 1168 4913 καὶ
1227 4865 1334 4915 τῶν
1389 4862 1813 4937 μητροπολιτῶν
1868 4884 1989 4939 χει-

343 4952 642 5018 ροτονεῖται
691 4947 922 5022 Ἐφέσου
971 4947 1279 5024 ἀρχιερεύς.
1332 4951 1507 5021 ’Ἀπαξ
1583 4952 1764 5025 μέντοι
1824 4953 1988 5024 μόνον

343 5034 394 5090 ἐν
446 5034 624 5110 ἐκείνῃ
674 5035 948 5113 ἰφοίτησε,
1001 5037 1090 5091 καὶ
1143 5038 1484 5116 ὑποστρέψας
1541 5037 1747 5113 ἔμεινεν
1815 5041 1867 5096 ἐν
1921 5047 1990 5117 τῇ

338 5128 434 5178 τοῦ
465 5123 726 5194 Μανουήλ
782 5128 950 5198 μονῇ,
982 5127 1169 5201 χερσὶν
1222 5125 1384 5190 ἰδίαις
1433 5129 1814 5205 ἐργαζόμενος.
1853 5134 1991 5186 Ἐτι-

347 5215 496 5286 μῆθη
559 5212 618 5268 δὲ
675 5211 1038 5292 διαφερόντως
1098 5215 1202 5271 ὑπὸ
1229 5221 1326 5271 τοῦ
1361 5219 1494 5290 μετά
1522 5225 1688 5274 ταῦτα
1746 5219 1993 5295 βασιλεύ·

340 5323 533 5366 σαντος
565 5301 814 5377 Ἀλεξίου
856 5308 955 5358 τοῦ
1005 5309 1316 5378 Κομνηνοῦ,
1368 5309 1450 5382 [Ρ.
1502 5311 1630 5384 865]
1679 5309 1760 5387 ἐφ’
1805 5311 1865 5364 οὗ
1923 5307 1990 5380 δὴ

2100 4690 2405 4745 abdicatur
2437 4690 2500 4739 ut
2530 4695 2726 4756 aperto
2771 4682 3090 4738 commisso
3137 4679 3448 4736 adulterio.
3501 4675 3749 4732 Michael

2098 4783 2292 4834 autem
2321 4774 2581 4830 detonsis
2612 4773 2838 4844 capiliis
2869 4771 3161 4827 sententia
3194 4767 3533 4842 patriarcbaa
3556 4769 3614 4819 et
3634 4781 3753 4819 me-

2101 4865 2507 4938 tropolitarum
2529 4863 2736 4935 Ephesi
2763 4861 3238 4931 archiepiscopus
3257 4853 3753 4928 deligitur.Semel

2098 4960 2293 5010 tamen
2328 4955 2396 5008 ad
2448 4954 2638 5025 ipsam
2697 4952 2899 5006 urbem
2951 4948 3218 5012 accessit,
3270 4950 3327 5001 et
3374 4959 3644 4999 reversus
3694 4942 3753 4995 in

2099 5044 2387 5099 Manuelis
2439 5041 2857 5097 monasterium
2909 5039 2988 5093 ibi
3041 5037 3279 5101 mansit,
3311 5035 3438 5090 suis
3471 5032 3749 5089 manibus

2101 5134 2429 5190 elaborans.
2466 5132 2703 5203 Egregie
2738 5145 2871 5183 vero
2902 5126 3098 5182 cultus
3129 5129 3220 5181 est
3249 5125 3322 5180 ab
3351 5122 3551 5179 Alexio
3601 5121 3752 5176 789

2103 5228 2420 5287 Comneno,
2470 5220 2571 5292 qui
2623 5218 2996 5290 postmodum
3051 5213 3387 5287 imperavit,
3433 5212 3543 5267 sub
3575 5211 3749 5280 cujus

2105 5312 2283 5368 etiam
2315 5309 2560 5382 imperio
2591 5309 2744 5364 diem
2777 5321 2952 5361 suum
2983 5303 3324 5374 obiit,suam
3357 5315 3597 5358 uxorem
3629 5297 3754 5352 Ma-

1651 5483 1896 5540 JACOBI
1933 5483 2156 5540 GOARI
2193 5482 2428 5539 ΝΟΤᾹΞ.

419 5627 530 5701 (48)
560 5622 798 5701 Ἀγίους,
821 5624 1120 5701 _ut_Latini
1147 5627 1380 5697 fratres,
1412 5642 1474 5682 se
1506 5629 1710 5701 mutuo
1739 5625 1996 5701 vocitant

348 5697 527 5756 (ἕτώοὶ
558 5697 834 5758 monachi
871 5715 883 5754 :
916 5698 1075 5754 hunc
1105 5697 1301 5771 itaque
1330 5714 1433 5755 ceu
1464 5699 1757 5772 praecipua
1787 5697 1996 5755 sancti-

2104 5629 2222 5680 tatu
2256 5623 2571 5696 fulgentem
2603 5617 2862 5696 πανάγιον
2906 5617 3359 5691 compellabant.
3416 5614 3549 5670 Haec
3599 5604 3756 5681 apud

2107 5693 2604 5753 Graecos'honoris
2633 5695 2915 5748 monstra.
