4084 6140
385 369 499 430 471

1702 372 2031 437 JOANNIS
2075 371 2474 435 SCYLI'I‘ZzE

3662 368 3774 427 472

380 505 552 573 riam,
615 510 751 578 post
810 506 1124 563 Botaniatts
1184 508 1617 564 abdicationem
1680 507 2027 564 monacham

2149 504 2229 558 καὶ
2292 502 2588 577 ἐκοιμήθη,
2646 504 2744 572 τὴν
2800 503 2991 559 ἑαυτοῦ
3064 500 3292 576 σύζυγον
3370 498 3578 574 Μαρίαν
3654 497 3779 570 μετὰ

379 593 615 660 factam,
649 596 819 651 venia
850 612 1050 653 eorum
1084 614 1210 670 quas
1244 598 1300 653 in
1335 615 1398 654 se
1428 600 1747 655 admiserat
1801 599 1861 653 in
1901 598 2031 670 ipsa

393 687 575 740 morte
606 684 904 756 dignatus.

458 991 819 1063 Nicephorus
878 996 1074 1047 autem
1136 991 1462 1048 Basilacius
1520 992 1748 1063 primus
1799 1007 2035 1063 praeses,

390 1095 524 1134 cum
559 1080 939 1149 Dyrrachium
975 1082 1353 1152 pervenisset,
1385 1082 1701 1136 exercitum
1744 1097 1812 1135 ex
1844 1079 2038 1135 omni-

388 1168 498 1223 bus
556 1168 673 1224 illis
705 1168 847 1224 locis
880 1170 1092 1241 coegit.
1136 1170 1451 1225 Accersivit
1476 1171 1650 1225 etiam
1688 1175 1938 1224 Francos
1971 1184 2039 1223 ex

387 1256 561 1312 Italia
594 1274 696 1329 per
725 1259 1065 1329 episcopum
1090 1259 1341 1313 Diabolce
1363 1258 1751 1313 Theodosium
1788 1257 2041 1312 muneri-

389 1344 501 1401 bus
564 1364 631 1402 ac
688 1346 861 1403 donis
918 1348 1199 1402 adversus
1260 1347 1616 1417 Bryennium
1675 1346 2036 1403 conciliatos.

388 1434 597 1491 Coacto
629 1440 827 1491 autem
860 1437 1067 1491 idoneo
1099 1438 1353 1491 exercitu
1385 1454 1454 1491 ex
1488 1436 1721 1491 Francis
1751 1442 1809 1492 et
1832 1435 2041 1505 Bulga-

394 1526 475 1580 ris
524 1526 920 1596 Romanisque
969 1535 1023 1579 et
1066 1525 1386 1592 Arbanitis,
1441 1528 1734 1596 profectus
1784 1526 1919 1579 inde
1968 1524 2039 1578 ad

394 1614 877 1670 Thessalonicam
908 1616 1329 1682 contendebat;
1382 1631 1634 1685 cumque
1682 1614 2045 1685 pervenisset

394 1703 702 1772 Achridas,
752 1703 1025 1774 cupiebat
1082 1703 1163 1758 ibi
1223 1704 1530 1773 declarari,
1574 1705 1675 1759 sed
1737 1702 2044 1775 diligentia

396 1809 463 1847 ac
512 1794 709 1847 studio
761 1792 919 1846 illius
951 1792 1051 1862 qui
1085 1793 1164 1847 ibi
1188 1792 1663 1863 archiepiscopus
1692 1798 1816 1848 erat
1848 1791 2044 1864 prohi-

2137 594 2237 661 τὴν
2270 598 2366 648 τοῦ
2424 594 2785 650 Βοτανειάτου
2840 591 3146 661 καθαίρεσιν
3203 589 3451 664 μοναχὴν
3500 588 3778 662 γενομένην

2144 682 2477 756 συμπαθείας
2522 687 2630 738 τῶν
2691 682 2767 745 είς
2821 680 2989 751 αὐτὴν
3039 678 3402 752 ἐπταισμὲνων
3458 676 3683 747 ἀξιώσας
3735 675 3782 731 ιν

2143 775 2213 846 τῇ
2244 771 2493 847 τελευτῇ.

2220 989 2279 1044 Ὸ
2327 985 2383 1043 δὶ
2426 984 2887 1062 πρωτοπρὸεδρος
2937 984 3248 1063 Νικηφόρος
3292 982 3319 1037 ’ὲ
3359 979 3680 1039 Βασιλάκιος
3730 978 3788 1032 τὸ

2148 1076 2457 1153 Δυῤῥάχιον
2516 1072 2840 1132 καταλαϐὼν
2904 1075 3126 1148 στρατὸν
3194 1071 3446 1143 ἤθροιζεν
3508 1068 3567 1123 ἐκ
3615 1069 3786 1120 πασῶν

2148 1172 2253 1220 τῶν
2317 1165 2486 1221 ἐκεῖσε
2543 1171 2768 1241 χωρῶν,
2814 1165 3199 1237 μετεπέμψατο
3258 1158 3314 1215 δὲ
3370 1162 3460 1213 καὶ
3519 1157 3788 1231 Φράγγους

2151 1255 2200 1328 ἐξ
2256 1255 2486 1317 Ἰταλίας
2547 1254 2635 1309 διὰ
2690 1258 2786 1309 τοῦ
2846 1252 3143 1307 ἐπισκόπου
3222 1243 3537 1309 Διαϐολὲως
3607 1241 3788 1300 Θεοδο-

2152 1343 2291 1413 σίου,
2324 1342 2643 1423 φιλοτίμοις
2695 1348 2812 1405 ταῖς
2869 1342 3117 1413 ἀξιώσεσι
3172 1338 3307 1394 κατά
3361 1342 3457 1392 τοῦ
3512 1334 3786 1409 Βρυεννίου

2152 1420 2631 1507 συσκευαζόμενος.
2681 1430 3055 1507 Συναγηοχὼς
3101 1427 3157 1483 δὲ
3210 1426 3460 1502 στρατιὰν
3516 1420 3785 1497 ἀξιόλογον

2154 1522 2212 1579 ἐκ
2265 1545 2323 1578 τε
2380 1526 2647 1599 Φράγγων
2726 1522 2815 1576 καὶ
2890 1521 3213 1594 Βουλγάρων
3271 1513 3555 1587 Ῥωμαίων
3606 1532 3662 1566 τε
3704 1510 3787 1565 καὶ

2152 1597 2678 1689 Ἀρϐανιτῶνίᾶρας
2736 1610 2934 1666 ἐκεῖθεν
2991 1610 3126 1683 πρὸς
3186 1603 3582 1672 Θεσσαλονίκην
3637 1597 3787 1669 ἠπεί-

2153 1725 2301 1777 γετο.
2337 1704 2656 1780 Ἀφιγμὲνος
2689 1698 2745 1755 δὲ
2768 1700 2843 1762 είς
2875 1696 3135 1774 Ἀχρίδας
3166 1691 3441 1765 ἠϐούλετο
3484 1691 3578 1765 μὲν
3634 1690 3791 1780 ἐκεῖσε

2156 1778 2600 1868 ἀναγορευθῆναι,
2659 1786 2869 1862 σπουδῇ
2930 1786 2987 1843 δε
3041 1790 3138 1842 τοῦ
3187 1785 3357 1840 ἐκεῖκε
3384 1778 3791 1856 ἀρχιερατεύω-

394 1881 552 1936 bitus
586 1882 715 1936 fuit.
751 1880 1179 1936 Thessalonicae
1209 1888 1399 1936 autem
1451 1883 1663 1936 certior
1712 1884 1899 1937 factus
1948 1887 2038 1936 est

2149 1903 2242 1944 τος
2271 1867 2565 1950 γὲκωλύθη.
2614 1883 2701 1937 Ἐν
2754 1877 2811 1933 δὲ
2859 1874 3233 1949 Θεσσαλονίκῃ
3291 1872 3584 1947 γενόμενος
3642 1867 3794 1933 ἐπλη-

392 1971 464 2025 de
513 1970 827 2026 Botaniatae
878 1969 1290 2038 declarations,
1342 1976 1397 2025 et
1444 1970 1667 2027 litteras
1698 1972 1935 2042 quidem
1968 1973 2039 2027 ad

394 2060 590 2133 ipsum
624 2060 807 2127 misit,
842 2058 1058 2130 quibus
1088 2076 1149 2114 se
1199 2061 1250 2115 ei
1302 2061 1629 2130 subjectum
1680 2060 2037 2117 declarabat.

391 2150 606 2206 Verum
641 2148 792 2204 clam
826 2156 1026 2203 contra
1058 2165 1191 2203 eum
1227 2150 1421 2205 nescio
1472 2149 1611 2221 quid
1662 2150 2035 2219 moliebatur,

390 2239 659 2307 adjutore
677 2238 786 2293 sibi
825 2239 895 2292 ad
921 2238 1030 2292 hoc
1051 2238 1233 2293 ascito
1270 2240 1524 2310 quodam
1552 2240 1788 2294 nomine
1818 2240 2042 2311 Gymno

389 2332 447 2383 et
475 2327 749 2399 Gregorio
782 2326 1100 2381 Mesemero
1146 2332 1202 2381 et
1248 2328 1897 2399 Tessaracontapechy;
1949 2344 2039 2383 ac-

391 2416 626 2471 cersivit
657 2415 793 2469 item
827 2414 937 2470 sibi
961 2415 1301 2472 Patzinacas
1332 2416 1389 2470 in
1422 2416 2046 2488 societatem.1mpera-

393 2510 485 2559 tor
508 2522 640 2560 vero
674 2504 772 2559 ubi
805 2506 934 2575 ejus
963 2504 1276 2560 consilium
1310 2506 1580 2577 cognovit
1604 2512 1661 2561 et
1682 2506 2042 2579 institutum,

396 2597 614 2668 scripto
646 2612 826 2651 aureo
860 2596 1319 2668 diplomate,quo
1349 2598 1545 2667 ipsum
1569 2600 1640 2653 ab
1675 2599 1781 2653 hoc
1813 2599 2043 2670 incepto

397 2690 706 2753 averteret,
739 2687 1055 2757 quemdam
1091 2704 1159 2740 ex
1190 2686 1579 2743 familiaribus
1611 2688 1681 2742 ad
1712 2688 1909 2759 ipsum
1934 2688 2044 2742 mi-

399 2778 496 2844 sit,
530 2778 629 2847 qui
663 2776 823 2830 omni
849 2793 984 2831 eum
1018 2782 1175 2831 metu
1210 2776 1466 2832 liberans
1499 2777 1851 2833 nobilissimi
1899 2795 2043 2847 quo-

401 2883 515 2937 que
546 2866 891 2937 dignitatem
921 2865 1312 2935 polliceretur.
1364 2866 1463 2921 Ille
1513 2872 1707 2921 autem
1764 2868 2045 2923 beneﬁcia

398 2973 525 3027 quae
557 2956 668 3010 sibi
703 2956 759 3008 in
796 2960 1065 3027 prompto
1092 2962 1257 3010 erant
1288 2962 1662 3027 aspernatus,
1696 2963 1897 3029 postea
1943 2962 2041 3014 de-

394 3045 553 3101 flevit
584 3046 907 3100 incassum.
943 3049 1007 3098 Et
1039 3046 1318 3101 adversus
1350 3047 1537 3116 ipsum
1574 3048 1824 3101 mittitur
1876 3048 2040 3103 nobi-

393 3134 662 3190 lissimus
692 3132 948 3202 Alexius,
982 3150 1047 3188 eo
1078 3133 1296 3190 honore
1332 3137 1481 3190 740
1512 3136 1752 3192 affectus
1784 3142 1849 3191 ut
1889 3143 2043 3193 esset

394 3229 715 3296 Augustus,
748 3240 881 3278 cum
914 3224 1122 3279 idoneo
1154 3225 1426 3280 exercitu.
1461 3230 1599 3281 Cum
1636 3227 1817 3297 igitur
1848 3228 2041 3299 praesi-
2071 3259 2113 3326 ρ

392 3316 555 3371 dium
608 3315 875 3370 Basilacii
923 3331 1053 3371 esse
1104 3316 1443 3372 Peritheorii
1496 3319 1896 3390 comperisset,
1946 3321 2040 3376 cui

394 3404 703 3476 praefectus
733 3409 857 3459 erat
885 3404 1169 3472 Gymnus,
1206 3404 1403 3475 praelio
1435 3406 1490 3459 id
1522 3406 1635 3477 ipsi
1667 3407 2038 3477 eripuit,tra-

392 3494 723 3563 jiciensque
755 3493 1072 3548 exercitum
1104 3493 1584 3549 Thessalonicam
1618 3496 1884 3551 omnium
1922 3514 2040 3553 ma-

398 3582 589 3637 lorum
623 3598 826 3652 expers
855 3581 934 3635 ibi
970 3598 1031 3635 se
1062 3582 1301 3653 recepit,
1333 3587 1390 3637 et
1439 3601 1505 3637 ex
1552 3586 1806 3654 quodam
1859 3586 2041 3642 inter-

396 3670 550 3724 vallo
577 3674 911 3725 constructo
943 3670 1095 3726 vallo
1125 3675 1288 3726 trans
1320 3672 1560 3726 fluvium
1612 3674 1847 3728 nomine
1896 3675 2038 3730 Bar-

394 3758 626 3813 darium
661 3758 739 3812 ibi
774 3757 1090 3813 exercitum
1125 3764 1181 3813 et
1211 3764 1401 3815 castra
1446 3759 1636 3815 locare
1687 3762 2040 3827 decreverat,

389 3848 498 3901 b‘ed
573 3845 897 3902 Basilacius
948 3846 1249 3901 victoriam
1304 3848 1611 3918 praeripere
1662 3850 2042 3921 contendens,

386 3938 661 4009 cogitavit
694 3942 863 3991 noctu
901 3954 1001 4007 per
1032 3937 1278 3993 insidias
1311 3938 1367 3993 in
1420 3939 1614 4007 ipsum
1664 3940 1935 3996 invadere
1986 3947 2043 3997 et

384 4028 436 4081 vi
470 4032 708 4098 captum
740 4042 874 4080 cum
908 4026 1065 4081 omni
1101 4027 1362 4082 exercitu
1405 4028 1644 4094 perdere
1692 4034 1866 4098 atque
1914 4047 2039 4086 om-

388 4116 527 4171 nino
578 4115 791 4170 delere.
848 4119 1063 4170 Verum
1116 4132 1249 4171 cum
1286 4115 1531 4172 insidias
1559 4117 1854 4173 Gemistus
1886 4118 2036 4173 indi-

388 4210 580 4260 casset
608 4206 998 4273 Augusto,eas
1031 4205 1265 4259 evitavit
1295 4210 1418 4260 tum
1458 4206 1582 4276 ipse
1615 4211 1737 4261 tum
1773 4207 1873 4277 qui
1901 4224 2036 4263 cum

387 4309 456 4348 eo
488 4293 981 4348 erant.Profectus
1014 4293 1193 4363 igitur
1222 4295 1543 4350 Basilacius
1577 4312 1677 4366 per
1699 4300 1879 4350 totam
1906 4313 2038 4351 noc-

387 4388 505 4439 tem
539 4381 895 4454 improvisus
925 4386 981 4436 et
1012 4382 1367 4451 incognitus,
1403 4390 1689 4452 quantum
1723 4384 1834 4439 sibi
1882 4386 2039 4440 vide-

390 4473 581 4541 batur,
617 4472 675 4525 in
709 4471 945 4525 difﬁcile
978 4471 1239 4541 praelium
1292 4472 1514 4527 incidit.
1565 4475 1747 4544 Igitur
1795 4476 2035 4532 omnino

383 4563 597 4628 victus,
628 4565 686 4615 et
717 4560 985 4631 pluribus
1013 4576 1081 4614 ex
1112 4561 1238 4616 suis
1286 4562 1543 4629 amissis,
1596 4564 1919 4630 praesertim
1965 4581 2034 4619 ex

384 4651 642 4715 Francis,
672 4654 731 4705 et
778 4666 910 4703 cum
960 4649 1283 4705 domestico
1336 4650 1627 4721 praeliatus
1678 4656 1734 4705 et
1782 4653 1853 4707 ab
1906 4652 2033 4723 ipso

379 4740 707 4795 debellatus
736 4739 793 4793 in
827 4738 1255 4793 Thessalonicae
1288 4756 1476 4793 arcem
1511 4740 1795 4812 confugit,
1828 4742 2029 4797 existi-

380 4844 548 4885 mans
577 4827 687 4883 loci
720 4826 1047 4882 munitione
1078 4843 1142 4881 se
1176 4826 1607 4898 prohibiturum
1643 4830 1885 4901 Augusti
1919 4829 2032 4887 im-

382 4922 605 4987 petum.
638 4920 931 4987 Augustus
964 4921 1160 4971 autem
1195 4916 1340 4970 nihil
1391 4933 1604 4973 curans
1651 4920 2032 4990 expugnatio-

382 5022 515 5061 nem
545 5006 766 5076 oppidi,
802 5022 941 5061 suos
973 5005 1243 5061 hortatus
1292 5010 1382 5060 est
1431 5011 1495 5060 ut
1541 5023 1717 5077 quam
1772 5009 2031 5079 primum

384 5096 673 5165 impetum
708 5094 986 5149 facerent.
1022 5095 1125 5160 Qui
1182 5095 1383 5149 crebro
1434 5103 1488 5149 et
1536 5096 1757 5151 efﬁcaci
1810 5096 2032 5167 impetu

388 5184 538 5238 facto
568 5182 1194 5239 Thessalonicensibus
1227 5185 1336 5238 sibi
1373 5186 1880 5239 consentientibus
1914 5190 2033 5241 sta-

383 5274 489 5328 tim
522 5275 724 5327 hostes
754 5280 1108 5342 superarunt
1143 5292 1157 5341 ;
1190 5278 1247 5329 et
1277 5277 1581 5345 Augustus
1631 5292 1761 5329 arce
1813 5275 2035 5345 potitus

378 5368 489 5417 est.
523 5362 765 5431 Capitur
813 5367 1007 5416 autem
1060 5364 1185 5431 ipse
1238 5364 1581 5429 Basilucius,
1636 5370 1691 5417 et
1742 5364 1797 5417 in
1854 5364 2036 5419 ferrea

379 5450 616 5505 vincula
639 5451 939 5519 conjectus
962 5451 1033 5505 ad
1059 5452 1470 5521 imperatorem
1498 5454 1729 5508 vinctus
1754 5453 2032 5507 mittitur.

376 5540 565 5608 Hujus
582 5539 657 5593 rei
676 5538 881 5593 nuntio
898 5540 967 5593 ad
988 5540 1398 5611 imperatorem
1418 5541 2035 5612 perlato,ipsiusjussu

376 5634 433 5686 et
486 5627 636 5685 oculi
683 5627 1058 5698 effodiuntur,
1111 5630 1370 5699 proxime
1417 5629 1925 5701 ChrysOpolim,et
1968 5647 2038 5687 ex

377 5736 443 5775 eo
476 5723 736 5789 tempore
771 5718 910 5772 741
956 5717 1119 5773 locus
1153 5716 1246 5771 ille
1278 5716 1607 5787 appellatus
1630 5725 1717 5772 est
1741 5718 2037 5777 Fremitus

2153 1972 2432 2050 ροφορήθη
2494 1971 2593 2038 τήν
2674 1972 2771 2023 τοῦ
2854 1964 3204 2022 Βοτανειάτου
3290 1960 3659 2036 ἀναγόρευσιν,
3712 1955 3794 2010 καὶ

2150 2047 2380 2117 δουλικὰ
2434 2059 2572 2133 πρὸς
2628 2058 2788 2113 αὐτὸν
2869 2053 3153 2111 ἀπέστειλε
3228 2053 3548 2130 γράμματα,
3604 2047 3653 2103 ἐν
3723 2050 3794 2116 τῷ

2149 2149 2408 2219 λεληθότι
2459 2148 2527 2202 τὰ
2576 2155 2676 2217 τῆς
2744 2145 3031 2222 ἀνταρσίας
3110 2141 3487 2217 διεπράττετο,
3546 2135 3786 2211 συνεργὸν

2149 2237 2292 2313 ἔχων
2326 2239 2460 2313 πρὸς
2487 2242 2649 2292 τοῦτο
2679 2237 2769 2291 τόν
2800 2257 2859 2291 τε
2910 2234 3209 2309 λεγόμενον
3254 2231 3492 2304 Γυμνὸν,
3524 2228 3611 2282 καὶ
3662 2233 3787 2301 Γρη-

2147 2328 2330 2405 γόριον
2390 2328 2481 2381 τὸν
2540 2329 2827 2401 Μεσήμαρ,
2880 2326 2967 2380 καὶ
3038 2324 3127 2377 τὸν
3186 2316 3789 2394 Τεσσαρακοντάπηχυν.

2154 2414 2550 2491 Προσεκαλεῖτο
2613 2413 2668 2470 δὲ
2723 2415 2812 2470 καὶ
2868 2412 2994 2476 τοὺς
3033 2411 3401 2481 Πατζινάκους
3463 2407 3538 2471 εἷς
3593 2423 3791 2477 συμμα-

2154 2509 2304 2581 χίαν.
2338 2509 2395 2561 Ὀ
2430 2504 2683 2581 βασιλεὺς
2713 2503 2758 2559 δ’
2794 2505 2867 2566 ὼς
2902 2499 3041 2579 ἔγνω
3080 2502 3170 2556 τὸν
3222 2499 3421 2554 τούτου
3472 2494 3666 2550 σκοπὸν
3710 2491 3792 2545 καὶ

2151 2599 2250 2665 τὴν
2311 2598 2651 2674 προαίρεσιν,
2704 2588 3099 2671 ’χρυσοϐούλλῃ
3154 2590 3335 2666 γραφῇ
3389 2586 3456 2642 τὸ
3504 2584 3787 2674 ἀμέριμνον

2153 2687 2298 2759 αὐτῷ
2328 2683 2825 2761 περιποιησάμενός
2856 2703 2973 2737 τινα
3018 2686 3125 2735 τῶν
3182 2678 3397 2733 οἰκείων
3450 2676 3583 2751 πρὸς
3639 2670 3783 2726 αὐτὸν

2153 2759 2513 2847 ἐξαπέστειλε,
2571 2774 2767 2837 παντὸς
2813 2773 2906 2846 μὶν
2968 2768 3222 2825 ἀπολύων
3285 2765 3441 2829 δὲους
3496 2763 3648 2818 αὐτὸν
3703 2759 3782 2813 καὶ

2150 2860 2554 2937 νωϐελισσίμου
2589 2858 2867 2939 βραϐεύων
2930 2860 3162 2931 ἀξίωμα.
3201 2858 3259 2914 Ὀ
3322 2853 3380 2911 δὲ
3437 2854 3532 2917 τὰς
3579 2851 3627 2906 ἐν
3669 2868 3785 2924 χερ-

2152 2954 2233 3007 σὶν
2294 2938 2598 3027 εὐεργεσίας
2658 2951 3055 3027 περιφρονήσας
3110 2946 3343 3015 ἀνόνητα
3408 2938 3784 3017 μενεκλαύσατο

2151 3024 2391 3118 ὕστερονξ
2427 3024 2519 3097 Διὸ
2567 3042 2655 3096 καὶ
2702 3024 2983 3094 στέλλεται
3035 3037 3150 3091 κατ’
3180 3034 3344 3089 αὐτοῦ
3406 3034 3433 3087 ὁ
3482 3024 3781 3085 νωϐελίσσι·

2153 3154 2253 3207 μος
2280 3116 2525 3202 Ἄλεξιος
2558 3129 2811 3202 τιμηθεὶς
2844 3122 3098 3187 σεϐαστὸς
3154 3125 3289 3198 μετά
3346 3125 3596 3197 στρατιᾶς
3649 3116 3780 3207 ἀξιο-

2154 3203 2320 3297 λόγου
2376 3222 2465 3275 καὶ
2530 3222 2744 3289 ἱκανῆς.
2778 3216 3028 3293 Φρουρὰν
3086 3213 3176 3269 οὖν
3231 3212 3283 3268 ἓν
3332 3216 3416 3284 τῷ
3464 3203 3780 3297 περιθεωρίῳ

2150 3315 2248 3366 τοῦ
2297 3310 2629 3367 Βασιλακίου
2684 3301 3007 3363 καταλαϐὼν
3064 3303 3363 3380 στρατηγὸν
3421 3298 3644 3374 ἔχουσαν
3696 3292 3778 3380 τον

2153 3401 2385 3472 Ιύμνὸν,
2445 3397 2676 3471 πολέμῳ
2731 3400 2919 3451 τοῦτον
2983 3379 3280 3469 ἀνήρπασε.
3334 3382 3682 3465 Προϐιϐἀζων
3730 3379 3780 3436 δὶ

2151 3492 2248 3559 τὴν
2324 3488 2575 3563 στρατιὰν
2644 3485 2775 3563 ἄχρι
2836 3482 3230 3552 Θεσσαλονίκης
3286 3480 3501 3547 ἀπαθὴς
3560 3472 3776 3563 διεσώθη

2150 3582 2352 3636 κακῶν.
2391 3560 2506 3632 ’Ἕκ
2553 3560 2807 3639 τινοςήῆδὶ
2847 3572 3212 3647 διαστήματος
3271 3570 3364 3625 τὸν
3425 3569 3634 3644 χάρακα
3683 3560 3781 3625 Θεῖς

2150 3669 2317 3742 πέραν
2350 3672 2445 3721 τοῦ
2474 3671 2723 3739 ποταμοῦ
2767 3669 2863 3719 τοῦ
2894 3661 3188 3739 λεγομένου
3249 3656 3577 3735 Βαρδαρίου,
3625 3650 3778 3706 ἐκεῖσε

2151 3756 2242 3812 τὸν
2303 3756 2527 3831 στρατὸν
2611 3752 2964 3809 διαναπαῦσαι
3040 3750 3359 3819 ἐσκόπτβεν.
3412 3750 3472 3805 Ὁ
3524 3742 3580 3799 δὲ
3629 3742 3779 3797 Βασι-

2154 3828 2377 3907 λάκιος-
2424 3846 2521 3914 τὴν
2594 3842 2749 3913 νίκην
2813 3841 3013 3915 κλέψαι
3086 3838 3511 3914 ἀγωνιζόμενος,
3572 3828 3779 3930 ἐσκέψαῖ

2149 3956 2211 3989 το
2270 3932 2599 4008 νυκτίλοχος
2688 3932 2956 3987 ἐπιπεσεῖν
3035 3929 3184 4001 αὐτῷ
3245 3926 3334 3981 καὶ
3414 3929 3601 3979 τοῦτον
3655 3926 3777 3971 κατὰ

2147 4024 2342 4098 κράτος
2414 4022 2555 4078 ἑλεῖν
2622 4022 2711 4076 καὶ
2782 4018 3031 4090 ἀπωλείᾳ
3108 4014 3440 4093 παραδοῦναι
3519 4005 3776 4066 παντελεῖ.

2150 4096 2261 4171 Τοῦ
2295 4111 2351 4167 δὲ
2382 4116 2646 4185 Γεμιστοῦ
2684 4113 2782 4180 τήν
2835 4104 3137 4177 ἐπιϐουλὴν
3184 4104 3658 4178 καταμηνύσαντος
3707 4096 3777 4185 τῷ

2150 4197 2426 4274 Σεϐαστῷ,
2468 4200 2765 4280 ἐφυλάξατο
2821 4200 3021 4269 ταύτην
3081 4197 3245 4257 αὐτός
3300 4215 3359 4249 τε
3418 4192 3505 4248 καὶ
3565 4190 3612 4243 οἳ
3667 4181 3775 4254 περῖ

2147 4292 2328 4347 αὐτόν.
2393 4278 2622 4353 Ἐλάσας
2679 4289 2860 4344 τοίνυν
2908 4290 2935 4344 ὁ
2980 4286 3310 4346 Βασιλάκιος
3385 4281 3455 4338 δι’
3511 4278 3642 4348 ὅλης
3693 4278 3781 4340 τῆς

2145 4382 2359 4449 νυκτὸς,
2422 4382 2751 4455 ἀπροόπτως
2806 4383 2888 4451 τῷ
2962 4376 3137 4433 δοκεῖν
3225 4373 3315 4429 καὶ
3400 4366 3778 4445 ἀδιαγνώστως,

2130 4468 2378 4542 πολέμῳ
2410 4468 2642 4543 χαλεπῷ
2702 4469 3006 4542 περιέπεσε.
3044 4465 3193 4523 Κατά
3248 4465 3445 4539 κράτος
3497 4458 3582 4514 οὖν
3631 4457 3780 4543 ἣττης

2145 4560 2254 4621 Θεὶς
2331 4559 2421 4613 καὶ
2488 4564 2596 4613 τῶν
2667 4558 2881 4613 οἰκείων
2958 4554 3248 4615 πλείστους
3330 4545 3644 4616 ἀποϐαλὼν,
3696 4539 3774 4595 καῖ

2144 4647 2359 4723 μᾶλΛον
2418 4654 2527 4703 τῶν
2586 4649 2873 4724 Φράγγων,
2904 4646 2994 4701 καὶ
3054 4644 3212 4707 αὐτὸς
3273 4640 3330 4697 δὲ
3384 4645 3463 4713 τῷ
3493 4630 3773 4724 δομεστίκφ

2143 4738 2483 4813 ἀντιταχθεὶς
2507 4737 2595 4791 καὶ
2623 4739 2749 4812 παρ’
2781 4736 2950 4791 αὐτοῦ
2994 4731 3392 4802 καταπονηθεὶς
3435 4728 3511 4789 εἷς
3556 4726 3649 4792 τήν
3687 4722 3774 4818 τῆας

2142 4826 2539 4897 Θεσσαλονίκης
2586 4824 2888 4899 ἀκρόπολιν
2933 4821 3353 4900 καταπέφευγεν,
3410 4818 3653 4900 οἰόμενος
3702 4825 3771 4875 τΨ

2142 4915 2466 4991 ὀχυρώματι
2499 4910 2837 4979 ἀποσοϐῆσαι
2884 4914 2982 4981 τὴν
3023 4916 3119 4967 τοῦ
3156 4899 3445 4965 Σεϐαστοῦ
3493 4899 3765 4991 ἐπὲλῌιυσιν.

2256 4989 2383 5077 866]
2414 5006 2470 5059 '0
2512 5003 2569 5059 δὲ
2602 4999 2870 5065 Σεϐαστὸς
2906 4999 3076 5075 μηδὶν
3111 4998 3397 5075 μελλήσας
3437 4998 3533 5063 τήν
3584 4989 3766 5078 ἅλωσιν

2142 5093 2239 5149 τοῖ’
2288 5098 2549 5171 φρουρίου
2592 5099 2709 5155 τοῖς
2752 5093 2887 5170 ἀμφ’
2926 5092 3084 5146 αὐτὸν
3128 5093 3496 5167 προετρέψατο
3549 5083 3648 5171 διὰι⁸
3682 5073 3768 5171 τά-

2145 5166 2667 5257 χουςηποιῆσασθαι
2702 5202 2713 5215 ⁶
2775 5166 2973 5237 οἲ-καὶ
3033 5180 3261 5257 ὶνεργεῖς
3336 5181 3430 5241 τὰς
3484 5166 3771 5249 προσϐολὰς

2144 5274 2532 5345 ποιησάμενοι,
2587 5277 2695 5327 τῶν
2781 5269 3213 5327 Θεσσαλονικέων
3300 5262 3771 5346 συμφρονησάντων

2146 5361 2351 5429 αὐτοῖς,
2384 5360 2525 5437 ταχὺ
2554 5362 2748 5415 τούτου
2792 5360 3111 5437 περιγίνεται
3163 5358 3251 5414 καί
3294 5366 3392 5429 τῆς
3444 5346 3769 5430 ἀκροπόλεως

2147 5435 2490 5524 ὶκυρίιυσενξγ
2523 5449 2827 5505 Ἀλίσκεται
2863 5435 2943 5504 -δὶ
3012 5450 3100 5503 καὶ
3160 5448 3343 5515 αὐτὸς,
3395 5443 3629 5519 σιδηροῖς
3685 5435 3770 5524 ἐμ·

2146 5534 2408 5594 ϐάλλεται
2453 5538 2697 5611 δεσμοῖς,
2729 5537 2821 5593 καί
2876 5544 2956 5611 τῷ
3010 5538 3225 5615 βασιλεῖ
3273 5531 3647 5592 ἀποστέλλεται
3679 5523 3765 5615 *δίο

2148 5649 2329 5700 σμιος,
2363 5634 2470 5697 Τῆς
2523 5625 2579 5682 δὲ
2638 5627 2888 5703 ἀγγελίας
2945 5611 3531 5699 κηταλαϐούσηςξξτὸνξ
3559 5611 3766 5703 βαθίλνέα

2147 5718 2429 5793 προστάξει
2490 5716 2650 5771 αὐτοῦ
2685 5700 2849 5778 Rob;
2926 5714 3245 5795 ὀφθαλμοὺς
3313 5712 3629 5789 ἐξορύττιται
3686 5700 3763 5777 ἔγ-
