4084 6140
412 346 538 407 4⁵13

1930 339 2321 401 HISTORIA.

3718 348 3835 406 4'74

414 499 579 555 γιστα
606 484 708 549 τῆς
764 477 1217 553 Χρυσουπόλεωςο
1246 474 1337 531 καὶ
1378 473 1560 531 ἔκτοτε
1590 474 1617 528 6
1646 472 1813 533 τόπος
1847 471 2054 543 ὠνομα-

2181 472 2449 529 Basilacii
2475 493 2490 545 ;
2520 490 2635 546 quo
2684 476 2835 532 facto
2886 477 3204 548 perductus
3235 482 3326 534 est
3365 478 3422 533 in
3475 495 3649 535 curru
3680 496 3829 535 onus

415 589 541 623 σται
576 567 767 644 βρύσις
818 570 929 642 (49)
976 572 1072 623 τοῦ
1106 563 1457 624 Βασιλακίου.
1507 562 1717 622 Τούτου
1774 560 2070 636 γενομένου

414 656 571 735 ἤχθη
605 658 685 737 ἐφ’
716 659 928 733 ἀμάξης
974 658 1171 736 φόρτος
1218 654 1449 716 ἐλεεινὸς
1495 654 1584 711 καὶ
1613 652 1873 731 δυστυχές
1904 672 2071 707 κατα-

417 748 647 825 γώγιον.

491 839 577 891 Ἐν
611 836 722 910 ὅσῳ
754 835 811 892 δὶ
852 838 918 892 τὰ
960 834 1334 912 στρατεύματα
1383 834 1458 896 είς
1480 836 1581 903 τὴν
1610 834 1730 908 περὶ
1763 833 1854 886 τὸν
1904 834 2073 889 Βασι-

422 925 613 982 λάκιον
663 924 1013 1001 ἠσχολοῦντο
1072 925 1438 1000 ἐκστρατείαν,
1496 924 1819 993 ΙΙατζινάκοι
1879 921 2071 992 ἀναμὶξ

422 1017 697 1087 Κομάνοις
755 1020 823 1089 τῇ
876 1013 1329 1091 Ἀδριανουπόλει
1389 1011 1660 1082 ἐπῆλθον,
1716 1011 2069 1086 ὀργιζόμενοι

420 1101 511 1158 διὰ
538 1104 599 1158 τὸ
631 1104 777 1179 παρὰ
819 1108 917 1158 τοῦ
966 1102 1253 1179 Βρυεννίου
1302 1100 1643 1176 ἀναιρεθῆναί
1699 1121 1845 1161 τινας
1876 1101 2068 1155 αὐτῶν.

414 1194 597 1267 Ῑιυρὰν
658 1191 749 1247 οῦν
806 1192 1106 1270 ὑφάψαντες
1151 1189 1340 1247 πολλὰ
1384 1195 1491 1245 τῶν
1525 1190 1694 1245 ἐκεῖσε
1751 1190 2068 1260 οἰκημάτων

408 1282 781 1356 κατέπρησαν,
859 1282 948 1336 καὶ
1038 1279 1206 1354 μηδὲν
1290 1278 1435 1350 ἄξιον
1513 1277 1679 1354 λόγου
1728 1278 2072 1352 πεπραχότες

414 1371 773 1444 ὑπέστρεψαν.

484 1458 838 1533 Ὠμολὸγησε
871 1456 928 1514 δὲ
955 1458 1134 1532 τούτῳ
1178 1464 1256 1531 τῷ
1304 1455 1408 1515 ἔτει
1458 1459 1548 1513 καὶ
1602 1456 1904 1531 Φιλάρετος
1952 1476 2075 1519 κου,

414 1549 739 1623 ροπαλατης
809 1550 835 1603 6
913 1550 1228 1624 Βραχάμιος
1302 1548 1482 1602 πίστιν
1523 1552 1641 1619 ’τῷ
1710 1546 1926 1622 βασιλεῖ
1982 1552 2071 1603 καὶ

415 1635 711 1696 δούλωσιν.
774 1640 872 1695 Ἔν
930 1658 1038 1692 τισι
1099 1638 1201 1713 γὰρ
1245 1636 1437 1699 τόποις
1495 1636 1721 1712 ὀχυροῖς
1747 1635 1953 1711 τείχεσι
1983 1637 2072 1690 καὶ

414 1726 753 1803 ξυναγκείαις
800 1726 1287 1802 περιειλημμένοις
1346 1726 1445 1795 τήν
1476 1725 1687 1796 οἷ’κησιν
1719 1724 2073 1798 ποιούμενος,

414 1815 728 1891 Ἀρμενίων
788 1837 847 1871 τε
901 1815 1116 1886 πληθὺν
1175 1815 1264 1870 καὶ
1324 1812 1643 1889 συγκλύδων
1673 1811 1884 1889 ἀνδρῶν
1941 1813 2068 1869 συλ-

413 1904 713 1977 λεξάμενος
754 1950 767 1973 ,
864 1910 943 1977 τῷ
1049 1906 1143 1978 μὲν
1229 1899 1747 1979 προϐεϐασιλευκότι
1835 1902 2065 1979 Μιχαὴλ

410 1992 868 2056 ἀκαταδούλωτος
918 1994 1009 2066 ἦν,
1067 1994 1157 2048 καὶ
1216 1994 1312 2061 τήν
1377 1990 1665 2069 βασιλικὴν
1727 1991 2067 2066 ἐπικράτειαν

408 2084 586 2154 ἑαυτῷ
617 2083 1014 2157 οἰκειούμενος,
1064 2087 1160 2137 τοῦ
1192 2080 1249 2138 δὲ
1298 2084 1653 2138 Βοτανειάτου
1696 2081 2068 2157 περιζωσαμέ-

404 2194 505 2227 νου
535 2174 634 2241 τήν
661 2173 838 2248 ἀρχὴν
866 2174 965 2241 τὴν
996 2172 1367 2247 αὐτοκράτορα
1399 2170 1595 2233 δοῦλος
1631 2168 2063 2247 αότεπάγγελτος

402 2262 615 2337 γέγονε.

480 2351 657 2413 Λέκας
718 2348 774 2405 δέ
821 2371 902 2413 τις
955 2350 1061 2404 ἀπὸ
1122 2348 1498 2404 Παυλικιάνων
1554 2348 2054 2412 Φιλιππουπόλεως

406 2438 742 2513 ὡρμημένος
801 2439 850 2511 ἐξ
909 2435 1308 2516 Ἐπιγαμϐρίας
1364 2437 1720 2511 ηὐτομόλησε
1776 2443 1889 2500 τοῖς
1950 2446 2057 2494 [Ια-

401 2530 681 2597 τζινάκοις
718 2572 731 2597 ,
795 2529 884 2583 καὶ
964 2528 1180 2590 τούτοις
1254 2534 1578 2606 συμφρονῶν
1640 2534 1708 2601 τῇ
1770 2529 2053 2602 Ῥωμαίων

405 2616 629 2686 ἠπείλει
678 2619 745 2672 τὰ
800 2613 1171 2695 φοϐερώταταο
1234 2616 1379 2673 ἀλλὰ
1430 2618 1518 2671 καὶ
1560 2613 1916 2694 Δοϐρομηρός
1971 2641 2055 2681 τις

406 2704 460 2760 ἒν
519 2702 852 2782 Μεσημϐρίᾳ
910 2704 1218 2764 διακυκῶν.
1280 2708 1377 2760 Καὶ
1433 2712 1513 2779 τῷ
1570 2706 1785 2781 βασιλεῖ
1836 2711 2053 2783 ἀντᾶραι

408 2792 768 2868 μελετῶντες,
828 2793 1097 2859 δείσαντες
1144 2795 1387 2857 καὶτοῖς
1436 2800 1540 2850 τῶν
1598 2794 1783 2851 ἄλλων
1840 2818 2054 2874 σωφρο-

399 2886 668 2949 νισθέντες
715 2891 927 2952 κακοῖς,
958 2886 1063 2960 πρὸ
1093 2892 1190 2955 τῆς
1217 2885 1402 2956 πείρας
1463 2882 1705 2958 δουλικῷ
1755 2891 1901 2960 ζυγῷ
1929 2887 2056 2949 τοὺς

408 2973 641 3049 αὐχένας
672 2973 959 3029 ὑπέκλιναν
1009 2975 1100 3029 καὶ
1148 2974 1465 3046 προσῆλοον
1525 2974 1691 3029 ἱκέται
1726 2974 2050 3048 αὐτόμολοι.

400 3063 534 3118 Τότε
592 3061 658 3131 δὴ
692 3065 719 3118 6
780 3064 946 3126 Λέκας
1001 3064 1091 3119 τὸν
1150 3062 1445 3118 ἐπίσκοπον
1499 3062 1768 3139 Ζαρδικῆς
1818 3065 2052 3140 Μιχαὴλ

398 3151 467 3206 τὰ
522 3156 618 3206 τοῦ
699 3149 967 3227 βασιλέως
1042 3156 1339 3229 φρονοῦντα
1409 3152 1497 3207 καὶ
1552 3155 1649 3223 τὴν
1709 3150 1873 3208 πόλιν
1922 3152 2052 3209 αὐτὸ

396 3245 564 3296 τοῦτο
596 3247 770 3296 ποιεῖν
831 3245 1194 3316 παραινοῦντα
1233 3238 1432 3307 ἀνεῖλε,
1463 3244 1561 3311 τὴν
1611 3242 1754 3297 Οείαν
1785 3242 1873 3297 καὶ
1905 3244 2050 3317 ἱερα-
2082 3215 2124 3281 C

395 3332 561 3399 τικὴν
602 3329 803 3399 στολὴν
845 3330 1254 3406 ἀμπεχόμενον.
1319 3330 1539 3401 Ἠξίωσε
1597 3329 1653 3386 δὲ
1710 3333 1736 3387 6
1800 3330 2053 3408 βασιλεὺς

400 3417 495 3473 καὶ
572 3419 670 3487 τὴν
740 3420 844 3492 πρὸ
915 3424 1012 3474 τοῦ
1091 3418 1400 3494 Αύγοῦσταν
1479 3417 1742 3474 Εὐδοκίαν
1793 3423 2055 3494 προνοίας

405 3508 676 3583 μεγάλης.
730 3509 883 3583 Ἀρτι
944 3505 1001 3562 δὲ
1056 3513 1164 3563 τῶν
1219 3511 1469 3583 Τούρκων
1523 3510 1622 3578 τήν
1685 3511 1854 3582 Ἐῲαν
1886 3532 2050 3566 κατα-

398 3596 737 3671 τρεχόντων,
817 3598 1040 3672 στρατὸν
1118 3598 1414 3673 ἀξιόχρεων
1495 3598 1802 3669 συνηλικὼς
1857 3622 2053 3676 στρατ-

398 3686 534 3759 ηγὸν
590 3684 751 3740 αὐτοῦ
810 3685 1057 3764 ἐφίστησι
1126 3693 1524 3741 Κωνσταντῖνον
1584 3688 1675 3742 τὸν
1732 3690 1844 3743 υἱὸν
1901 3697 2052 3744 Κων-

395 3774 682 3829 σταντίνου
738 3779 833 3829 τοῦ
896 3776 1093 3832 Δούκα.
1164 3776 1267 3831 Καὶ
1323 3775 1511 3831 αὐτίκα
1571 3773 1894 3853 διαπεράσας
1925 3800 2049 3832 νεω-

391 3862 594 3933 τερίζει
653 3866 789 3918 κατὰ
845 3870 940 3919 τοῦ
1003 3863 1294 3940 βασιλέως,
1372 3866 1461 3920 καὶ
1527 3864 1778 3940 βασιλεὺς
1856 3868 2051 3924 αὐτίκα

396 3952 785 4028 ἀναγορεύεται
855 3954 1000 4029 παρὰ
1078 3958 1175 4008 τοῦ
1242 3953 1293 4008 έν
1373 3954 1714 4028 Χρυσοπόλει
1794 3958 2045 4021 συνόντος

392 4040 544 4112 αὐτῷ
633 4046 1027 4116 στρατιωτικοῦ
1106 4041 1375 4113 πλήθους.
1452 4042 1717 4113 Ἀξιώσας
1792 4042 1849 4099 δὲ
1922 4046 2045 4121 περὶ

389 4130 590 4185 τούτου
647 4131 675 4184 6
736 4128 988 4205 βασιλεὺς
1039 4130 1129 4184 καὶ
1193 4140 1266 4203 μὴ
1330 4131 1716 4202 εἰσακουσθεὶς,
1765 4132 1889 4195 τοὺς
1950 4135 2042 4206 μὲν

394 4216 595 4292 δώροις
628 4221 715 4273 καὶ
747 4219 1015 4292 ἀξιώμασι
1069 4219 1470 4293 μειλιξάμενος,
1504 4218 1708 4283 ἄλλους
1760 4220 1816 4276 δὲ
1874 4221 2046 4279 ἀλλον

390 4308 595 4379 τρόπον
660 4312 1221 4384 μεταχειρισάμενος,
1280 4304 1546 4382 λαμϐάνει
1617 4315 1810 4365 τοῦτον
1893 4312 2044 4367 ἀναι-

394 4398 566 4469 μωτὶ,
628 4400 693 4471 [Ρ
727 4441 741 4453 .
792 4400 919 4471 869]
980 4398 1155 4452 αὐτῶν
1206 4403 1312 4453 τῶν
1371 4400 1843 4473 ἀναγορευσάντων
1904 4421 2043 4477 προ-

390 4483 714 4541 δεδωκότων
746 4487 927 4543 αὑτόν.
964 4488 1270 4563 Ἀποκείρει
1299 4492 1427 4563 γοῦν
1457 4487 1612 4543 αὐτον
1664 4490 1907 4565 μοναχὸν
1953 4491 2043 4545 καὶ

2183 558 2517 620 miserabile
2548 568 2603 620 et
2634 564 2835 620 infelix
2868 565 3065 621 ludus.

2257 833 2481 887 Interea
2536 849 2666 887 vero
2711 834 2850 888 dum
2886 836 3174 891 exercitus
3220 835 3279 890 in
3327 835 3693 905 expeditione
3725 837 3832 891 ad-

2182 936 2385 975 versus
2430 920 2776 976 Basilacium
2828 928 3169 994 occupatur,
3219 924 3509 979 Patzinaci
3559 941 3691 980 cum
3725 926 3832 981 C0-

2182 1010 2374 1065 manis
2450 1011 2747 1082 conjuncti
2819 1012 3258 1083 Adrianopolim
3336 1012 3622 1083 invasere,
3696 1014 3833 1071 irati

2181 1100 2333 1171 quod
2368 1118 2400 1155 a
2432 1102 2717 1172 Bryennio
2767 1101 3007 1172 quidam
3058 1119 3127 1157 ex
3178 1102 3324 1173 ipsis
3374 1101 3658 1157 interfecti
3709 1103 3833 1158 fue-

2183 1194 2333 1243 rant.
2366 1189 2659 1244 Succensa
2688 1189 2868 1261 igitur
2895 1206 3034 1260 pyra
3067 1189 3283 1245 multas
3314 1190 3392 1243 ibi
3438 1191 3643 1244 domos
3673 1206 3833 1246 com-

2182 1278 2446 1346 bussere,
2476 1278 2756 1349 nullaque
2807 1295 2867 1333 re
2917 1284 3243 1333 memoratu
3296 1278 3476 1351 digna
3522 1282 3688 1350 gesta
3736 1296 3832 1335 rc-

2181 1368 2330 1420 versi
2363 1373 2522 1422 sunt.

2254 1455 2557 1511 Professus
2586 1460 2675 1511 est
2705 1456 2812 1510 hoc
2840 1471 2994 1509 anno
3025 1450 3198 1510 etiam
3234 1454 3561 1511 Pbilaretus
3591 1472 3834 1527 europa-

2181 1543 2327 1599 lates
2359 1545 2740 1599 Urachamius
2771 1545 2944 1599 fidem
2976 1550 3034 1599 et
3071 1543 3409 1600 servitutem
3440 1545 3781 1617 imperatori
3816 1562 3832 1602 :

2182 1635 2240 1690 in
2272 1636 2626 1707 quibusdam
2677 1635 2832 1691 enim
2882 1635 3026 1690 locis
3071 1635 3256 1690 muris
3306 1635 3550 1691 munitis
3597 1640 3653 1691 et
3693 1652 3833 1691 con-

2181 1725 2437 1780 vallibus
2488 1724 2925 1797 comprehensis
2974 1724 3249 1779 habitans
3294 1730 3494 1780 coacta
3528 1723 3832 1781 Armenio-

2185 1834 2312 1871 rum
2347 1820 2402 1870 et
2432 1816 2787 1871 advenarum
2821 1814 3221 1884 multitudine,
3254 1832 3559 1886 nunquam
3609 1814 3829 1870 Micba-

2177 1906 2273 1973 eli,
2309 1906 2409 1977 qui
2460 1910 2630 1960 antea
2678 1906 3086 1976 imperaverat,
3119 1904 3333 1974 subjici
3381 1904 3582 1972 voluit,
3614 1907 3669 1958 et
3713 1902 3825 1958 sibi

2178 1996 2394 2067 regiam
2431 1998 2773 2066 potestatem
2802 1994 3216 2049 vindicaverat.
3251 1997 3464 2048 Verum
3500 2009 3631 2047 cum
3664 1995 3830 2048 Bota-

2176 2084 2361 2139 niates
2411 2085 2657 2155 adeptus
2704 2087 2860 2139 esset
2911 2081 3248 2154 imperium,
3292 2098 3495 2138 servus
3550 2080 3704 2138 ultro
3753 2083 3828 2137 ad

2175 2192 2307 2231 eum
2342 2174 2609 2230 accessit.

2239 2356 2415 2409 Lecas
2447 2358 2641 2408 autem
2693 2352 2935 2424 quidam
2970 2369 3000 2406 a
3031 2350 3385 2407 Paulicianis
3417 2367 3485 2405 ex
3517 2350 3818 2422 Philippo-

2169 2446 2282 2517 poli
2318 2445 2628 2517 profectus,
2661 2443 3033 2513 Epigambria
3063 2443 3132 2497 ad
3182 2442 3523 2498 Patzinacas
3556 2440 3813 2496 transfu-

2165 2536 2263 2605 git,
2298 2539 2354 2588 et
2388 2551 2518 2587 cum
2556 2533 2646 2586 his
2696 2531 3069 2587 consentiens
3107 2530 3388 2586 Romanis
3421 2527 3816 2585 formidabilia

2168 2624 2540 2689 minabatur;
2603 2622 2744 2693 quin
2803 2621 2977 2675 etiam
3040 2620 3397 2674 Dobromiris
3454 2619 3692 2688 quidam
3755 2617 3814 2671 in

2166 2712 2511 2770 Mesembria
2543 2730 2633 2767 res
2688 2711 3055 2783 perturbans.
3092 2714 3157 2764 Et
3189 2714 3431 2780 uterque
3462 2708 3816 2763 meditantes

2164 2801 2499 2872 imperatori
2560 2799 2851 2865 resistere,
2885 2798 3049 2853 veriti
3084 2802 3142 2853 et
3190 2797 3438 2852 aliorum
3481 2795 3650 2850 malis
3681 2793 3817 2850 edo-

2164 2891 2262 2959 cti,
2295 2896 2428 2945 ante
2459 2893 2731 2944 conatum
2777 2886 2967 2942 servili
2996 2888 3140 2957 jugo
3172 2885 3423 2941 cervices
3463 2883 3819 2942 submisere,

2163 2985 2219 3034 et
2253 2980 2321 3033 ad
2353 2994 2485 3032 eum
2521 2977 2672 3032 ultro
2705 2976 3000 3047 supplices
3020 2977 3409 3029 accesserunt.
3443 2973 3607 3027 Tunc
3637 2971 3815 3026 Lecas

2162 3067 2501 3139 episcopum
2577 3064 2844 3119 Sardices
2918 3063 3289 3134 imperatoris
3348 3061 3702 3129 studiosum,
3759 3063 3818 3114 et

2164 3157 2459 3212 civitatem
2493 3159 2557 3209 ut
2604 3154 2712 3209 hoc
2759 3152 2952 3225 ipsum
3004 3152 3216 3207 faceret
3256 3151 3686 3217 adhortantem,
3719 3164 3815 3203 oc-

2164 3245 2305 3302 cidit
2339 3245 2487 3300 142
2521 3259 2748 3299 sacram
2798 3246 2855 3296 et
2900 3240 3321 3297 sacerdotalem
3378 3245 3597 3295 vestem
3650 3238 3818 3293 indu-

2166 3343 2312 3391 tum.
2374 3336 2645 3406 Magnam
2705 3348 2940 3405 quoque
2999 3348 3197 3386 curam
3258 3330 3440 3402 gessit
3495 3329 3816 3399 imperator

2167 3424 2428 3480 Eudociae
2470 3422 2629 3477 illius
2675 3439 2804 3493 qua!
2844 3426 2977 3475 ante
3026 3436 3085 3475 se
3117 3420 3306 3475 fuerat
3352 3420 3630 3487 Augusta.
3666 3416 3811 3472 Cum

2162 3532 2295 3571 vero
2345 3529 2533 3586 nuper
2577 3510 2748 3567 Turci
2810 3510 3102 3565 Orientem
3146 3509 3566 3579 percurrerent,
3613 3511 3812 3561 coacto

2163 3606 2370 3659 idoneo
2429 3601 2704 3657 exercitui
2765 3599 2969 3653 ducem
3039 3597 3294 3670 prefecit
3357 3593 3809 3651 Constantinum

2162 3691 2529 3750 Constantini
2584 3692 2745 3744 Ducze
2779 3688 3002 3755 filium;
3038 3686 3138 3759 qui
3188 3686 3388 3740 statim
3423 3686 3668 3753 trajecto
3708 3698 3806 3737 ex-

2162 3784 2345 3839 ercitu
2412 3783 2694 3837 adversus
2757 3779 3169 3849 imperatorem
3222 3792 3314 3830 res
3367 3776 3625 3838 innovat,
3678 3777 3734 3827 et
3778 3789 3809 3827 e

2159 3872 2402 3944 vestigio
2434 3871 2750 3941 imperator
2781 3868 2851 3922 ab
2899 3884 2965 3921 ea
2997 3864 3235 3920 militari
3272 3862 3648 3919 multitudine
3679 3878 3808 3931 quae

2158 3978 2292 4016 cum
2345 3960 2471 4030 ipso
2519 3961 2645 4012 erat
2695 3952 3033 4027 Cbrysopoli
3085 3952 3393 4007 salutatur.
3427 3954 3690 4020 Cumque
3736 3949 3808 4005 de

2162 4051 2284 4120 ipso
2318 4050 2641 4118 imperator
2669 4044 2952 4098 voluisset
2984 4042 3179 4096 nescio
3212 4041 3349 4112 quid
3384 4044 3659 4105 statuere,
3690 4055 3807 4091 non

2157 4139 2488 4205 exauditus,
2522 4135 2665 4190 alios
2696 4134 2867 4189 donis
2898 4138 3071 4203 atque
3120 4130 3408 4185 bonorum
3437 4127 3805 4201 pollicitatio-

2157 4230 2331 4284 nibus
2362 4226 2669 4291 deliniens,
2718 4223 2862 4278 alios
2892 4220 3004 4275 alia
3047 4221 3270 4275 ratione
3320 4220 3391 4273 ab
3439 4219 3669 4289 incepto
3701 4216 3804 4270 ab-

2155 4321 2395 4385 ducens,
2464 4318 2660 4389 ipsum
2711 4314 2839 4368 sine
2881 4312 3163 4384 sanguine
3224 4311 3454 4382 accipit,
3505 4306 3800 4380 proditum

2154 4409 2265 4464 sibi
2316 4409 2388 4463 ab
2435 4409 2506 4461 iis
2556 4405 2655 4476 qui
2704 4420 2837 4457 eum
2890 4402 3299 4473 imperatorem
3342 4398 3800 4455 declaraverant.

2158 4498 2437 4553 Detondet
2468 4496 2646 4566 igitur
2676 4492 2837 4547 illum
2892 4490 3270 4554 monachum,
3304 4494 3359 4543 et
3389 4490 3447 4543 in
3480 4487 3799 4558 quamdam

390 4572 468 4638 εἵς
499 4597 616 4630 τινα
644 4582 807 4645 νῆσον
841 4577 1162 4651 περιορίζει.
1196 4578 1426 4651 Λέγεται
1459 4574 1514 4632 δὶ
1548 4577 1628 4633 ὅτι
1661 4579 1748 4633 καὶ
1782 4579 1857 4642 εἷς
1889 4600 2045 4654 πρεσ-

2180 4586 2410 4642 nsulam
2463 4583 2701 4655 relegat.
2736 4582 2939 4637 Fertur
2985 4580 3160 4635 etiam
3194 4580 3262 4634 ad
3316 4574 3635 4648 presbyteri
3667 4589 3800 4644 gra-

391 4658 621 4740 6υτέρου
653 4665 871 4740 ἀνήχθη
911 4667 1007 4739 βαθ
1017 4664 1138 4739 μόν.

457 4748 781 4827 Ὀκτωϐρίῳ
865 4752 922 4808 δὲ
1011 4754 1186 4827 μηνὶ,
1256 4752 1593 4819 ῗνδικτιῶνος
1658 4759 1739 4831 ιγ’,
1786 4760 2039 4834 κεραυνὸς

386 4841 660 4916 ἐνσκήψας
707 4841 759 4898 ἐν
818 4847 897 4915 τῷ
947 4847 1046 4898 τοῦ
1109 4841 1349 4918 μεγάλου
1405 4846 1810 4902 Κωνσταντίνου
1857 4847 2037 4918 κίονι,

387 4930 452 4987 οὗ
510 4929 711 4985 ἄνωθεν
767 4933 802 5001 ἡ
857 4931 1035 5002 στήλη
1098 4932 1262 4987 αὑτοῦ
1294 4932 1645 5007 ἵστατο.
1681 4935 2037 5001 Ἀπόλλωνος

386 5021 523 5076 οὖσα
580 5018 861 5098 ἀφίδρυμα
910 5022 1197 5096 πρότερον,
1260 5022 1336 5085 εἷς
1396 5019 1571 5097 ὄνομα
1630 5023 1685 5080 δὲ
1734 5047 2039 5100 μετονομαο

384 5115 619 5179 σθεῖσα,
702 5108 864 5185 μέρος
943 5130 1001 5165 τε
1056 5110 1253 5164 τούτου
1319 5109 1552 5186 διέτεμε,
1606 5116 1693 5169 καὶ
1756 5120 2038 5191 ζωστῆρας

378 5204 551 5273 τρεῖς,
597 5195 858 5269 σιδηροῦς
906 5199 999 5271 μὶν
1060 5200 1125 5253 τά
1185 5197 1357 5272 ἔνδον,
1407 5202 1472 5256 τὰ
1525 5201 1581 5258 δὲ
1640 5198 1739 5275 ἔξω
1766 5203 2033 5279 χαλκοῦς,

378 5287 706 5345 κατέκαυσε.
794 5292 901 5342 Τοῦ
981 5284 1038 5341 δὶ
1128 5287 1427 5365 ἀρχιερέως
1506 5298 1607 5361 τῆς
1690 5292 2034 5368 Βουλγαρίας

2152 4676 2291 4731 dum
2326 4674 2662 4746 perductus.

2218 4763 2452 4820 Octobri
2485 4766 2683 4817 autem
2731 4775 2952 4815 mense.
2987 4758 3307 4814 indictione
3349 4755 3575 4810 decima
3600 4752 3798 4819 tertia,

2150 4852 2369 4908 fulmen
2424 4851 2620 4923 magni
2666 4848 3032 4905 Constantini
3090 4846 3424 4901 columnam
3486 4840 3797 4914 percussit,

2148 4959 2328 5013 supra
2358 4958 2533 5012 quam
2560 4940 2753 4996 stabat
2782 4938 2971 5009 ipsius
3002 4935 3448 5005 columna,'qua3
3481 4932 3643 5003 prius
3674 4934 3801 4985 erat

2147 5032 2315 5087 sedes
2349 5028 2884 5103 Apollinis,deinde
2915 5025 3151 5081 nomine
3182 5024 3369 5096 ipsius
3391 5019 3684 5095 appellata
3707 5038 3721 5088 ;
3743 5024 3801 5075 et

2146 5125 2370 5192 partem
2403 5121 2531 5191 ejus
2561 5117 2819 5184 discidit,
2854 5116 3083 5185 triaque
3111 5112 3343 5168 vincula
3392 5112 3552 5166 intus
3592 5109 3798 5175 ferrea,

2145 5213 2307 5264 extra
2340 5225 2483 5263 aerea
2532 5205 2881 5261 combussit.
2912 5204 3042 5258 Vita
3095 5207 3291 5258 autem
3343 5203 3542 5256 functo
3572 5199 3799 5254 Joanne

2146 5296 2429 5370 Bulgaria:
2463 5295 2900 5367 archiepiscopo
2934 5293 2991 5348 in
3023 5292 3272 5348 transitu
3306 5287 3796 5359 Basilacii,alium

1678 5464 1920 5522 JACOBI
1959 5468 2172 5524 GOARI
2212 5468 2442 5523 NOT/E.

450 5586 563 5657 (49)
601 5588 823 5664 Ροηιενῃ
852 5582 1042 5664 βρρσιν.
1065 5585 1152 5664 vel
1178 5585 1595 5664 βρύσηνΑὴῼόὶϐ
1634 5591 1806 5664 vulgo
1849 5595 2030 5651 Οτιωοί

381 5652 746 5731 nuncupant.
784 5652 1109 5713 Βασιλακίου
1138 5652 1347 5734 itaque
1389 5661 1576 5735 βρύοις
1614 5652 1779 5722 locus
1830 5665 1930 5721 ubi
1960 5683 2028 5722 ex

2142 5595 2369 5651 eﬂ'ossis
2400 5595 2527 5666 ejus
2558 5591 2745 5648 oculis
2777 5592 3019 5663 sanguis
3048 5592 3242 5665 erupit
3272 5594 3361 5647 est
3389 5590 3600 5646 dictus.

2208 5668 2320 5739 (50)
2354 5668 2485 5739 Ejus
2512 5668 2716 5721 statua.
