4046 6144
244 343 364 403 475

1566 348 1894 413 JOANNIS
1937 351 2339 414 SCYLITZE

3538 354 3658 415 476

245 479 302 534 in
328 478 458 551 ejus
476 477 670 536 locum
695 480 1011 553 imperator
1031 483 1666 552 declaravit,Joannem
1692 484 1895 541 itidem

2013 484 2266 541 Ἰωάννου
2319 486 2748 558 τελευτήσαντος
2793 485 2847 542 ἐν
2875 508 2905 542 τ
2978 491 3075 541 τοῦ
3107 486 3438 543 Βασιλακίου
3470 485 3656 561 διόδῳ,

249 570 503 641 nomine,
533 572 633 642 qui
687 573 927 640 Aoinus,
963 575 1020 628 id
1051 579 1140 630 est
1179 575 1527 644 abstemius,
1560 576 1895 643 vocabatur,

248 660 401 729 quod
436 677 739 731 nunquam
784 662 985 718 vinum
1020 668 1300 735 gustaret.
1352 664 1635 719 Similiter
1664 672 1896 719 mortuo

246 747 566 802 Antiochiae
583 750 912 820 patriarcha
926 752 1236 806 declaravit
1250 754 1263 806 i
1277 755 1892 824 mperatorquemdam

246 836 635 907 Nicephorum
669 839 937 893 Maurum
967 842 1115 896 743
1140 842 1891 914 cognomento.Scopiorum

248 931 441 982 autem
488 928 607 982 dux
650 928 910 985 delectus
942 934 1030 985 est
1063 931 1381 987 Alexander
1430 932 1748 988 Cabasilas.
1786 934 1897 988 Leo

248 1032 379 1071 vero
426 1016 781 1073 Diabatenus
831 1018 890 1072 in
926 1020 1337 1074 Mezembriam
1392 1020 1610 1076 missus
1660 1039 1751 1075 res
1784 1022 1902 1076 illic

250 1105 759 1171 moderabatur,et
782 1123 913 1162 cum
946 1108 1268 1163 Patzinacis
1291 1114 1346 1164 et
1365 1109 1639 1165 Comanis
1666 1126 1903 1182 percus-

250 1209 315 1247 so
349 1193 561 1249 foedere
590 1196 911 1251 consensit.
945 1197 1116 1253 Dedit
1144 1198 1279 1252 item
1318 1199 1535 1254 sororis
1569 1217 1685 1255 suae
1722 1199 1901 1253 ﬁliam

250 1282 618 1353 Synadenen,
677 1283 968 1340 Theodulo
1040 1286 1346 1358 Synadeno
1418 1288 1697 1358 genitam,
1764 1287 1903 1342 crali

251 1369 517 1441 Ungariaa
576 1388 835 1439 uxorem,
870 1391 984 1444 quo
1040 1375 1214 1429 etiam
1276 1382 1504 1431 mortuo
1564 1394 1772 1431 rursus
1818 1381 1906 1431 est

250 1459 594 1530 Byzantium
646 1478 897 1517 reversa.
945 1468 1010 1517 Et
1057 1463 1160 1518 alii
1197 1465 1364 1520 multi
1416 1465 1797 1537 metropolitaa
1848 1471 1906 1521 et

248 1548 401 1603 sacri
432 1549 543 1603 viri
572 1550 701 1622 ipso
753 1551 1082 1624 imperante
1134 1552 1341 1609 delecti
1393 1560 1533 1609 sunt
1564 1575 1578 1625 ;
1613 1556 1709 1627 qui
1744 1556 1904 1611 omni

248 1637 703 1708 reprehensione
724 1646 1060 1697 caruerunt.
1102 1646 1427 1714 Imperator
1447 1648 1642 1699 autem
1666 1644 1907 1715 frugali-

250 1726 354 1781 tati
385 1733 444 1782 et
474 1728 841 1800 simplicitati
890 1736 1165 1787 assuetus
1196 1733 1359 1788 nulla
1408 1749 1475 1788 ex
1523 1740 1686 1805 parte
1718 1752 1751 1789 a
1783 1734 1906 1790 suis

250 1815 514 1871 moribus
536 1816 869 1873 declinavit.
908 1819 1039 1874 Erat
1078 1826 1270 1875 autem
1314 1822 1568 1877 maxime
1600 1826 1905 1894 promptus

250 1905 323 1959 ad
357 1904 725 1976 largiendum
756 1912 811 1963 et
839 1907 1290 1965 liberalissimus
1320 1914 1377 1965 et
1421 1911 1487 1965 ad
1533 1928 1738 1966 omnes
1771 1928 1901 1983 pro-

250 2010 492 2065 pensus.
529 1996 835 2069 Erantipsi
860 2000 976 2053 duo
1018 2000 1166 2054 servi
1209 2000 1437 2055 Borilus
1463 2004 1519 2056 et
1549 2000 1899 2068 Germanus,

252 2083 353 2155 qui
378 2101 492 2139 non
518 2085 572 2140 ei
598 2089 659 2140 ut.
677 2086 824 2142 servi
853 2088 1223 2153 obediebant,
1242 2091 1341 2145 sed
1367 2106 1727 2161 quiscunque
1758 2090 1903 2162 ipsis

252 2171 523 2236 liberent,
583 2174 712 2229 sine
770 2178 1166 2233 controversia
1223 2180 1614 2251 peragebant;
1667 2184 1905 2251 propter

254 2278 402 2334 quos
425 2262 523 2318 ille
544 2264 782 2321 odiosus
806 2269 929 2320 erat
953 2270 1195 2323 senatus
1216 2268 1602 2340 principibus,
1636 2268 1736 2340 qui
1755 2285 1904 2341 aegre

256 2351 520 2407 ferebant
566 2352 800 2410 illorum
855 2356 910 2409 in
962 2374 1161 2412 omnes
1192 2357 1468 2413 facinora.
1507 2358 1610 2413 Ubi
1649 2376 1805 2426 vero,
1842 2363 1903 2413 ut

255 2440 527 2511 superius
576 2443 937 2499 declaratum
991 2450 1098 2514 est,
1129 2446 1426 2517 logotheta
1475 2448 1543 2501 ad
1597 2447 1901 2502 Ruselium

257 2530 520 2602 confugit
542 2538 599 2587 et
619 2534 771 2605 apud
808 2535 1001 2604 ipsum
1036 2541 1428 2591 commoratus
1451 2540 1558 2600 est,
1592 2538 1901 2591 detonsus-

256 2636 369 2691 que
401 2621 473 2676 ab
503 2621 630 2692 ipso
664 2623 1336 2689 servabatur,Ruselium
1360 2641 1578 2679 veneno
1602 2625 1900 2680 interficit.

258 2707 365 2764 Sed
401 2725 434 2764 a
464 2712 809 2782 prepinqnis
840 2712 1054 2768 Ruselii
1089 2713 1160 2767 ad
1192 2713 1553 2768 Botaniatem
1587 2714 1902 2784 perductus

258 2796 316 2851 in
350 2797 521 2852 Prota
567 2798 763 2854 insula
817 2805 1169 2855 asservatur.
1216 2802 1481 2873 Cumque
1531 2802 1569 2855 ii
1619 2802 1718 2872 qui
1769 2819 1901 2857 cum

260 2887 388 2957 ipso
418 2892 584 2941 erant
613 2890 830 2958 optime
861 2895 1120 2955 nossent,
1138 2890 1186 2945 si
1218 2889 1411 2944 solum
1442 2889 1636 2960 ipsum
1663 2890 1900 2956 videret,

261 2974 380 3029 fore
402 2979 465 3029 ut
485 2976 713 3031 veniam
737 2982 1213 3049 consequeretur,
1239 2981 1439 3049 utpote
1461 2978 1559 3049 qui
1586 2977 1903 3034 multarum

255 3082 448 3121 rerum
482 3083 593 3123 usu
628 3069 902 3139 praeditus
933 3073 1180 3131 esset.et
1210 3070 1527 3142 imperator
1556 3070 1681 3141 ipse
1714 3071 1781 3125 ad
1811 3087 1902 3125 res

252 3156 540 3226 gerendas
561 3160 719 3212 esset
739 3156 1022 3227 hebetior,
1057 3158 1155 3230 qui
1188 3175 1320 3213 cum
1355 3158 1709 3230 imperatore
1739 3164 1903 3213 erant

2004 571 2187 650 ἕτερον
2237 576 2347 631 ἀντ’
2394 576 2558 631 αὐτοῦ
2612 578 2639 631 6
2696 575 2952 653 βασιλεὺς
2997 572 3354 652 προεϐάλετο,
3404 576 3660 648 Ἰωάννην

2006 666 2095 720 καὶ
2148 665 2306 721 αὐτὸν
2356 665 2721 739 καλούμενον,
2764 669 2984 721 "Aowov
3020 664 3076 721 δὲ
3107 667 3513 740 ὀνομαζόμενον
3574 664 3664 721 διὰ

2003 756 2068 810 τὸ
2124 753 2253 828 μηδ’
2310 755 2455 817 ὅλως
2493 756 2740 831 μετέχειν
2788 755 2970 813 αὐτοῦ.
3031 756 3301 818 Ὡσαύτως
3360 754 3418 810 δὲ
3445 756 3535 810 καὶ
3566 760 3663 809 τοῦ

2009 845 2348 919 Ἀντιοχείας
2452 844 2797 920 πατριάρχου
2880 845 3240 919 κοιμηθέντος
3323 841 3662 920 προεϐάλετο

2009 935 2036 987 ὁ
2100 932 2358 1008 βασιλεύς
2414 955 2534 988 τινα
2593 934 2903 1010 Νικηφόρον
2942 979 2954 1003 ,
3018 937 3237 1012 Μαῦρον
3296 936 3393 1003 τήν
3450 934 3661 989 ἐπωνυ-

2014 1022 2137 1095 μίαν
2198 1021 2448 1105 φέρονταἶ
2511 1021 2763 1077 Σκοπίων
2827 1021 2886 1078 δὲ.
2943 1020 3068 1095 δοὺξ
3119 1018 3440 1098 προεϐλήθη
3476 1025 3503 1078 6
3560 1030 3662 1078 Κα-

2012 1107 2240 1173 ϐασίλας
2300 1109 2652 1185 Ἀλέξανδρος
2689 1158 2701 1169 .
2763 1110 2911 1167 Λέων
2990 1110 3047 1167 δὲ
3104 1114 3131 1168 6
3194 1108 3530 1183 Διαϐατηνὸς
3584 1113 3659 1176 εἷς

2012 1195 2378 1275 Μεσημϐρίαν
2437 1199 2763 1263 ἀποσταλεὶς
2822 1201 2889 1256 τὰ
2952 1198 3122 1256 ἐκεῖσε
3172 1201 3233 1268 ἧν
3294 1199 3514 1256 διοικῶν
3573 1202 3664 1257 καὶ

2017 1291 2150 1363 μετὰ
2203 1294 2311 1343 τῶν
2368 1290 2716 1359 Πατζινάκων
2774 1290 3003 1345 καὶτῶν
3061 1292 3327 1363 Κομάνων
3388 1285 3661 1363 συμϐιϐά-

2012 1400 2123 1440 σεις
2179 1379 2266 1433 καὶ
2329 1376 2562 1441 σπονδὰς
2618 1380 2895 1451 τιθέμενος
2932 1421 2944 1434 .
3006 1378 3217 1434 Δέδωκε
3294 1377 3350 1435 δὲ
3421 1381 3510 1435 καὶ
3566 1382 3666 1449 τήν

2014 1468 2233 1542 ἀνεψιὰν
2266 1467 2433 1522 αὐτοῦ
2483 1470 2510 1522 6
2564 1467 2817 1543 βασιλεὺς
2858 1470 2958 1538 τήν
3003 1466 3341 1538 Συναδηνήν,
3398 1470 3664 1545 θυγατέρα

2013 1555 2177 1611 οὖσαν
2235 1555 2543 1613 Θεοδούλου
2597 1561 2698 1611 τοῦ
2758 1555 3089 1627 Συναδηνοῦ,
3124 1562 3203 1629 τῷ
3250 1556 3426 1633 κράλῃ
3457 1557 3665 1634 Οὐγγα-

2017 1648 2136 1722 ρίας
2184 1646 2261 1709 εἷς
2320 1652 2569 1721 γυναῖκα,
2628 1647 2690 1701 οὗ
2757 1647 2843 1702 καὶ
2903 1645 3330 1716 τελευτήσαντος
3387 1648 3541 1711 αὖθις
3590 1658 3668 1709 εἱς

2013 1737 2074 1790 τὸ
2107 1736 2396 1805 Βυζάντιον
2435 1737 2750 1810 ὑπέστρεψε.
2812 1738 2911 1791 Καὶ
2942 1736 3286 1812 χειροτονίας
3340 1734 3397 1791 δὲ
3453 1735 3669 1798 πολλάς

1938 1864 1984 1928 Β
2020 1824 2447 1900 μητροπολιτῶν
2497 1846 2557 1880 τε
2598 1826 2689 1880 καὶ
2735 1830 2843 1879 τῶν
2885 1823 3071 1887 ἄλλως
3097 1826 3405 1902 ἱερωμένων
3437 1823 3667 1902 γεγόνα-

2131 1911 3080 1928 ..-ηκ,.,..,,
3349 1914 3577 1928 ...η

2012 1937 2092 1969 σιν
2127 1914 2213 1969 ἐπὶ
2244 1922 2343 1983 τῆς
2400 1912 2675 1989 βασιλείας
2707 1914 2890 1985 αὐτοῦ,
2945 1916 3019 1987 μὴ
3055 1911 3277 1989 ἔχουσαι
3310 1916 3372 1970 τὸ
3404 1914 3663 1985 ἀνεπίλη-

2011 2026 2168 2058 πτον.
2221 2006 2281 2061 Ὀ
2337 2001 2393 2058 δὲ
2446 2003 2701 2078 βασιλεὺς
2736 2003 2980 2072 λιτότητι
3031 2005 3121 2059 καὶ
3173 2002 3447 2073 ἁπλότητι
3495 2026 3668 2060 συνει-

2012 2095 2263 2166 θισμένος
2293 2094 2410 2148 κατ’
2450 2091 2602 2148 οὐδὲν
2634 2098 2732 2148 τοῦ
2763 2092 2966 2148 οἰκείου
2999 2092 3179 2165 ἐξέστη
3229 2093 3456 2170 τρόπου.
3491 2094 3663 2151 Φιλο-

2015 2179 2322 2258 δωρότατος
2374 2179 2431 2237 δὲ
2475 2184 2541 2251 ἦν
2591 2181 2681 2237 καὶ
2730 2183 3016 2257 προετικὸς
3065 2182 3152 2237 καὶ
3210 2189 3369 2237 πᾶσιν
3431 2183 3668 2256 ἑτοίμως

2013 2269 2447 2345 ἐπικλινόμενος.
2508 2274 2673 2326 Ἦσαν
2730 2269 2787 2326 δὲ
2815 2271 2996 2345 τούτῳ
3029 2268 3220 2327 δοῦλοι
3280 2270 3398 2339 δύο,
3432 2272 3668 2347 Βορίλος

2010 2383 2069 2416 τε
2119 2362 2207 2416 καὶ
2258 2362 2556 2434 Γερμανὸς,
2589 2361 2650 2415 οὑ
2701 2362 2832 2415 κατὸ
2864 2358 3098 2424 δούλους
3146 2361 3310 2416 αὐτοῦ
3372 2362 3670 2417 ὑπακούον-

2009 2472 2120 2519 τες,
2180 2448 2325 2505 ἀλλιὶ
2372 2454 2474 2504 πᾶν
2532 2451 2593 2505 τὸ
2648 2451 2834 2513 αὐτοῖς
2899 2450 3172 2526 βουλητὸν
3205 2448 3659 2526 διαπραττόμενοι

2011 2538 2416 2602 ἀνενδοιάστοςο
2467 2536 2536 2593 δι’
2586 2538 2676 2601 οὓς
2725 2540 2815 2593 καὶ
2860 2539 3119 2617 φορτικὸς
3154 2546 3272 2602 τοῖς
3300 2539 3662 2617 ἐξοχωτέροις

2010 2636 2111 2697 τῆς
2172 2626 2479 2701 συγκλήτου
2529 2628 2844 2701 ἐνομίζετο,
2904 2625 3260 2701 δακνομένοις
3311 2628 3392 2706 ἐφ’
3444 2632 3525 2691 οἷς
3583 2629 3659 2691 εἷς

2012 2721 2217 2778 πάντας
2278 2713 2664 2770 ἐπεδείκνυντο.
2735 2715 2883 2772 Ἐπεδ
2945 2713 3021 2783 δὲ,
3081 2717 3154 2778 ὡς
3204 2715 3427 2793 ὁλόγος
3460 2720 3663 2792 φθάσας

2015 2806 2323 2881 ἱστόρησεν,
2398 2806 2424 2859 6
2483 2804 2780 2879 λογοθέτης
2834 2809 2912 2877 τῷ
2959 2805 3260 2879 Ῥουσελίῳ
3322 2804 3666 2881 προσέδραμε

2012 2894 2101 2948 καὶ
2155 2896 2302 2970 παρὰ
2357 2893 2536 2967 τούτῳ
2596 2891 2750 2969 διῆγε
2799 2894 3149 2970 κατασχεθείς
3204 2915 3262 2950 τε
3319 2896 3455 2973 πρὸς
3503 2894 3665 2950 αὐτοῦ

2013 2981 2282 3059 ἐτηρεῖτο,
2352 2982 2412 3037 τὸ
2495 2984 2587 3055 μὲν
2675 2981 2982 3038 Ῥουσέλιον
3071 2984 3341 3061 φαρμάκῳ
3426 2984 3667 3060 ἀναιρεῖ,

2011 3073 2157 3148 παρὰ
2210 3070 2267 3126 δὲ
2322 3076 2430 3126 τῶν
2491 3069 2816 3143 ἐπιτηδείων
2874 3077 2971 3126 τοῦ
3031 3071 3347 3129 Ῥουσελίου
3399 3078 3477 3144 τῷ
3507 3079 3670 3129 Βοτα-

2011 3162 2195 3236 νειάτῃ
2253 3161 2584 3237 προσαχθεὶς
2635 3165 2949 3239 φρουρεῖται
3006 3160 3060 3215 ἐν
3108 3164 3177 3226 τῆ
3235 3163 3384 3234 νήσῳ
3442 3162 3664 3236 Πρώτῃ.

249 3244 404 3300 haud
437 3247 761 3302 conducere
810 3248 924 3303 sibi
975 3249 1377 3304 existimantes
1426 3250 1571 3319 (fore
1599 3250 1754 3305 enim
1784 3250 1897 3304 sibi

2013 3255 2123 3305 Τῶν
2175 3235 2239 3304 δὲ
2280 3235 2404 3325 περὶ
2462 3235 2912 3304 αὐτῶν-εἷδότων
2970 3245 3210 3325 ἀκριϐῶς
3268 3250 3342 3313 ὡς
3399 3251 3443 3304 εἱ
3495 3235 3665 3323 μόνον

250 3333 668 3405 impedimento
731 3339 882 3393 744
937 3339 1412 3411 suspicabantur)
1445 3340 1627 3395 misso
1689 3356 1901 3411 magno

248 3422 629 3481 hetmriareha
677 3428 1133 3484 Straboromano
1185 3446 1320 3483 eum
1373 3428 1772 3497 interﬁciunt;
1808 3429 1900 3484 cui

248 3516 445 3568 tamen
471 3515 541 3569 ab
568 3515 920 3583 imperatore
943 3518 999 3572 id
1029 3535 1208 3571 unum
1237 3518 1580 3573 mandatum
1615 3519 1819 3588 fuerat,
1843 3522 1905 3572 ut

249 3601 319 3660 de
351 3602 422 3659 iis
456 3604 720 3675 pecuniis
770 3622 896 3676 quae
928 3606 997 3659 ad
1032 3606 1249 3677 regiam
1294 3606 1495 3659 urbem
1544 3608 1905 3677 pertinerent

249 3707 383 3748 eum
415 3694 582 3748 modo
634 3694 1041 3765 interrogaret,
1096 3710 1286 3766 neque
1338 3694 1584 3749 ulterius
1635 3695 1691 3748 in
1727 3696 1901 3751 rebus

248 3784 297 3837 ei
333 3782 663 3839 molestiam
698 3782 1018 3838 exhiberet.
1057 3782 1157 3838 Ille
1188 3789 1381 3838 autem
1416 3783 1592 3839 simul
1626 3789 1800 3855 atque
1832 3785 1901 3840 ad

249 3888 381 3928 eum
410 3872 691 3944 pervenit,
716 3873 1106 3943 vincirijubet
1129 3878 1186 3927 et
1211 3874 1415 3928 acerbe
1446 3874 1727 3945 torqueri,
1762 3876 1904 3929 adeo

254 3967 317 4016 ut
350 3962 408 4015 in
440 3962 585 4033 ipsis
611 3964 921 4017 tormentis
946 3963 1203 4017 animam
1230 3961 1741 4034 el'ﬂarit,quamvis
1771 3980 1904 4033 pro-

254 4051 533 4117 mitteret,
564 4052 615 4106 si
646 4068 763 4105 non
799 4056 1188 4123 torqueretur,
1222 4067 1283 4106 se
1316 4056 1375 4106 et
1417 4052 1822 4107 confessurum
1853 4057 1909 4107 et

254 4139 620 4194 redditurum
675 4140 834 4211 ipsas
887 4140 1186 4210 pecunias.
1219 4141 1454 4211 Verum,
1489 4145 1554 4194 ut
1601 4142 1739 4207 dixi,
1792 4159 1902 4195 non

253 4232 482 4283 tantum
532 4228 677 4300 ipsis
731 4246 883 4284 curae
916 4236 1085 4285 erant
1116 4230 1259 4301 regii
1304 4230 1588 4295 thesauri,
1621 4236 1905 4302 quantum

252 4317 481 4371 efficere
515 4323 579 4371 ut
608 4334 635 4372 e
662 4318 854 4372 medio
881 4317 1209 4389 tolleretur,
1236 4318 1513 4389 priusque
1542 4320 1599 4373 in
1633 4336 1907 4391 conspec-

256 4412 381 4461 tum
414 4407 650 4462 veniens
699 4407 1071 4479 imperatoris
1105 4424 1237 4463 cum
1262 4424 1328 4463 eo
1360 4407 1809 4479 colloqueretur.
1844 4411 1913 4465 Et

260 4514 390 4568 quae
415 4498 487 4553 ad
518 4499 734 4553 caedem
786 4497 1091 4569 logothetae
1142 4498 1437 4570 pertinent
1486 4499 1644 4554 hunc
1692 4501 1909 4557 exitum

262 4589 536 4644 habuere.

2010 3429 2167 3483 κοινὰ

2013 3337 2103 3414 ἴδῃ
2164 3338 2362 3406 αὐτὸν,
2417 3337 2753 3412 συμπαθείας
2806 3360 2866 3393 τε
2916 3337 3152 3409 τεύξεται
3205 3338 3296 3393 καὶ
3351 3338 3427 3400 εἷς
3484 3340 3547 3393 τὸ
3601 3338 3668 3394 τὰ

2262 3425 2485 3482 διοικεῖν
2574 3425 3058 3505 προσληφθήσεται
3143 3428 3219 3492 ὡς
3300 3427 3663 3503 πολύπειρος,

2014 3514 2355 3592 ἀμϐλύτερον
2393 3517 2528 3591 πρὸς
2584 3521 2750 3570 ταῦτα
2778 3520 2874 3571 τοῦ
2910 3516 3181 3591 βασιλέως
3230 3510 3478 3592 ἔχοντος,
3532 3519 3663 3593 ὅπερ

2016 3611 2092 3681 μὴ
2153 3608 2427 3685 συμφέρον
2464 3607 2609 3680 αὐτῷ
2638 3608 2688 3661 οῖ
2720 3607 2843 3683 περὶ
2893 3609 2984 3662 τὸν
3036 3605 3263 3683 βασιλέα
3312 3605 3665 3683 λυγιζόμενοι

2014 3694 2249 3771 (ἔσεσθαι
2304 3698 2403 3773 γὰρ
2464 3696 2620 3752 αὐτὸν
2682 3696 2929 3752 σκόλοπα
2995 3697 3207 3761 ἑαυτοῖς
3263 3693 3663 3771 ὑπελάμϐανον)

2014 3785 2423 3847 ἀποστείλαντες
2477 3787 2568 3841 τὸν
2633 3786 2797 3865 μέγαν
2829 3787 3211 3861 ἑταιρειάρχην
3270 3787 3362 3841 τὸν
3420 3781 3661 3862 Στραϐο-

2016 3876 2267 3951 ρωμανὸν
2332 3876 2637 3950 ἀναιροῦσιν
2700 3876 2889 3944 αὐτὸν,
2938 3876 3086 3953 παρὰ
3146 3877 3239 3948 μὲν
3267 3880 3365 3930 τοῦ
3399 3875 3667 3952 βασιλέως

2014 3964 2483 4041 προστεταγμένον
2544 3964 2600 4019 δν
2659 3965 2781 4040 περῖ
2842 3967 2948 4019 τῶν
2995 3968 3065 4039 τῇ
3120 3964 3357 4039 βασιλίδι
3390 3963 3670 4037 διαφερόν-

2015 4076 2123 4109 των
2178 4055 2483 4129 χρημάτων
2535 4056 2647 4126 (51)
2704 4055 2961 4117 πυθέσθαι
3020 4053 3182 4126 μόνον
3241 4054 3409 4108 αὐτοῦ
3468 4054 3554 4108 καὶ
3592 4055 3666 4127 μὴ

2016 4145 2320 4219 περαιτέρω
2350 4142 2527 4215 τούτῳ
2566 4140 2887 4217 ἐνοχλῆσαι.
2922 4144 3009 4215 [A.
3068 4144 3195 4216 852]
3237 4144 3296 4199 Ὀ
3357 4140 3414 4197 δὲ
3458 4145 3567 4215 ἅμα
3592 4148 3672 4215 τῷ

2018 4232 2299 4310 ἀφικέσθαι
2332 4229 2521 4305 δεσμεῖ
2566 4253 2624 4286 τε
2682 4232 2843 4286 αὐτὸν
2903 4233 2990 4286 καὶ
3053 4230 3224 4301 ἐτάζει
3284 4229 3553 4309 σφοδρῶς,
3611 4231 3670 4295 ὃς

2021 4321 2086 4392 δὴ
2119 4323 2206 4376 καὶ
2270 4321 2320 4376 ἐν
2361 4326 2440 4394 τῷ
2498 4321 2772 4390 ἐτάζεσθαι
2823 4322 3017 4399 ἀφῆκε,
3064 4322 3163 4391 τὴν
3217 4323 3419 4397 ψυχήν.
3482 4322 3670 4379 Καίτοι

2019 4433 2082 4486 γε
2145 4412 2482 4487 ὑπισχνεῖτο,
2516 4409 2565 4464 εἷ’
2599 4411 2672 4483 μὴ
2709 4409 2979 4481 ἐτασθείη,
3014 4408 3360 4485 ὁμολογῆσαι
3388 4415 3550 4466 ταῦτα
3580 4411 3669 4465 καὶ

2020 4498 2325 4556 ἀναδοῦναι·
2389 4498 2537 4567 ἀλλ’,
2598 4498 2778 4573 ὥσπερ
2840 4495 2997 4576 ἔφην,
3058 4499 3118 4553 οὐ
3174 4504 3430 4554 τοσοῦτον
3480 4498 3670 4573 ἔμελεν

2022 4593 2208 4653 αὐτοῖς
2236 4595 2343 4647 τῶν
2400 4590 2696 4667 βασιλικῶν
2751 4596 3061 4665 θησαυρῶν,
3095 4590 3218 4645 ὅσον
3252 4594 3476 4660 ποιῆσαι
3509 4590 3666 4646 αὐτὸν

258 4674 503 4731 ἐκποδὼν
535 4677 640 4751 πρὸ
670 4681 767 4732 τοῦ
794 4676 868 4740 εἷς
898 4674 1020 4751 ὄψιν
1055 4675 1231 4741 ἐλθεῖν
1264 4678 1354 4732 καὶ
1386 4677 1606 4751 ὁμιλίαν
1639 4682 1716 4750 τῷ
1750 4677 1983 4754 βασιλεῖ.
2018 4681 2115 4736 Καὶ
2145 4682 2211 4736 τὰ
2245 4682 2339 4755 μὲν
2371 4682 2507 4735 κατὰ
2534 4682 2633 4750 τὴν
2668 4680 2936 4757 ἀναίρεσιν
2962 4685 3058 4733 τοῦ
3093 4679 3391 4755 λογοθέτου
3422 4684 3669 4735 τοιοῦτον

259 4763 386 4841 ἔσχε
410 4764 598 4827 τέλος.

1571 4887 1817 4945 JACOBI
1860 4889 2080 4948 GOARI
2119 4890 2348 4946 NOTZE.

331 4986 605 5062 (51)-ΗΕ
635 4987 991 5059 logothetam
1026 4987 1214 5043 aerarii
1248 4988 1587 5059 praefectum
1616 5004 1747 5044 esse
1779 4990 1828 5045 si
1860 5007 1973 5046 non
2009 4991 2378 5061 convincunt,
2412 4990 2495 5047 soi
2530 4990 2678 5046 alter
2708 4992 2954 5047 meridie
2980 5006 3306 5062 serenoque
3344 4990 3486 5047 caelo
3516 4990 3675 5047 desi-

260 5057 555 5114 derandus
586 5063 692 5113 est.
