4084 6140
327 377 446 439 479

1730 381 1933 442 LEON
1941 379 2011 442 IS
2053 380 2365 443 ALLATII

3620 378 3740 440 480

320 507 411 565 οὖν
460 509 756 585 γράμματα
802 503 982 584 ἔλεγεν
1031 510 1059 565 ὁ
1119 508 1286 582 Λέων,
1336 509 1426 566 καὶ
1473 509 1707 580 ποιητὰς
1741 518 1991 584 μυπθῆε

2105 513 2258 570 lusa.
2301 515 2419 585 Ipse
2454 515 2605 570 enim
2649 530 2798 570 nunc
2842 511 3061 570 demum
3107 513 3406 569 rhetorices
3463 512 3737 569 desiderio

320 619 408 653 ναι
463 597 599 653 κατᾶ
641 597 741 666 τὴν
791 595 1077 667 Βασιλίδα,
1135 599 1431 674 ῥητορικὴν
1490 597 1567 667 δὲ,
1613 600 1701 655 καὶ
1742 600 1974 677 φιλοσο-

325 686 470 762 φίαν,
515 687 604 741 καὶ
654 687 899 760 ἀριθμῶν
951 686 1271 761 ἀναλήψεις,
1315 689 1402 743 καὶ
1455 689 1551 751 τὰς
1599 694 1705 744 τῶν
1763 689 1972 745 λοιπῶν

325 776 642 848 ἐπιστημῶν
688 773 914 853 ἐφόδους
961 779 1096 830 κατά
1139 778 1237 845 τήν
1281 784 1444 847 νῆσον
1496 779 1728 853 Ἀντρον
1758 779 1976 852 γενόμε-

323 883 432 926 νος·
486 862 658 918 ἔκεῖσε
708 866 810 938 γὰρ
864 863 1143 937 σπουδαίῳ
1193 866 1300 920 τινὶ
1368 865 1607 941 ἐντυχὼν
1659 865 1814 942 ἀνδρὶ
1869 871 1975 925 Μι-

326 952 479 1030 χαὴλ
507 958 586 1025 τῶ
616 952 846 1026 Ψελλῷ,
879 953 968 1008 καὶ
999 955 1092 1015 τὰς
1122 955 1295 1028 ἀρχὰς
1329 954 1517 1028 μόνον,
1551 955 1642 1010 καί
1673 977 1819 1018 τινας
1876 956 1976 1012 λό-

324 1065 473 1118 γους,
504 1042 593 1097 καὶ
645 1042 894 1120 ἀφορμὰς
946 1038 1128 1098 λαϐὼν
1186 1045 1310 1118 παρ’
1355 1044 1538 1113 αὐτοῦ,
1574 1045 1687 1100 ἐπεὶ
1738 1047 1813 1114 μὴ
1858 1044 1982 1100 ὅσον

326 1128 583 1188 ἐϐούλετο
637 1132 868 1206 εὕρισκε,
928 1133 1260 1208 περιενόστει
1317 1134 1384 1187 τὰ
1445 1136 1783 1208 μοναστήρια
1817 1177 1830 1201 ,
1891 1135 1979 1188 καὶ

325 1221 418 1283 τὰς
476 1222 528 1276 ἰν
586 1220 768 1282 αὐτοῖς
849 1220 1212 1294 ἀποκειμένας
1292 1217 1520 1295 βίϐλους
1583 1222 1871 1298 ἀνερευνῷν
1925 1243 1982 1276 τε

327 1311 418 1365 καὶ
469 1309 853 1384 ποριζόμενος,
913 1310 1003 1364 καὶ
1082 1308 1396 1372 σπουδαίως
1469 1308 1785 1382 έμμελετῶν
1844 1311 1980 1385 πρὸς

326 1399 390 1454 τὸ
435 1406 535 1469 τῆς
585 1399 853 1469 τοσαύτης
902 1399 1154 1474 γνώσεως
1202 1398 1334 1472 ὕψος
1385 1393 1736 1469 ἀνεϐιϐάσθη.
1781 1404 1841 1456 Id
1874 1406 1979 1470 est,

330 1492 552 1547 Litteris
577 1497 626 1546 et
671 1491 839 1560 poetis
888 1491 1014 1554 Leo,
1046 1497 1108 1544 ut
1150 1492 1265 1559 ipse
1308 1491 1540 1559 ferebat,
1593 1492 1846 1545 initiatus
1875 1492 1986 1560 fuit

329 1581 617 1652 Byzantii.
671 1580 1040 1645 Rhetoricam,
1083 1580 1513 1650 philosophiam,
1547 1581 1982 1646 arithmeticam,

329 1673 382 1726 et
435 1669 680 1739 reliquas
734 1669 999 1722 scientias
1058 1685 1117 1722 in
1176 1668 1344 1722 Antro
1402 1670 1588 1723 insula
1635 1667 1849 1736 didicit,
1907 1670 1985 1724 ibi

333 1765 593 1814 versatus
621 1772 746 1812 cum
801 1755 1066 1812 Michaele
1118 1757 1316 1821 Psello,
1372 1759 1672 1828 praestante
1723 1759 1861 1816 viro.
1913 1759 1983 1812 ab

333 1862 500 1917 eoque
556 1847 850 1916 principiis
905 1849 1123 1900 tantum
1179 1849 1230 1901 et
1283 1846 1610 1918 quibusdam
1670 1848 1980 1918 praeceptis,

338 1934 713 1992 occasionibus
774 1935 1025 1989 discendi
1108 1935 1427 2002 instructus,
1495 1952 1670 2006 neque
1745 1944 1987 2002 tantum,

335 2029 603 2098 quantum
631 2023 979 2079 desiderabat
1002 2024 1250 2096 adeptus,
1283 2028 1627 2080 monasteria
1654 2029 1988 2098 pervagatus

336 2117 436 2181 est,
474 2113 744 2184 librosque
784 2114 846 2167 in
876 2114 946 2168 iis
975 2114 1234 2184 repositos
1261 2117 1603 2185 perquirens,
1643 2122 1809 2186 atque
1836 2131 1990 2168 scru-

339 2213 486 2273 tans,
515 2201 857 2272 studioseque
902 2202 1174 2258 meditans
1204 2203 1278 2258 ad
1324 2208 1489 2258 tanta
1518 2204 1787 2260 doctrinae
1831 2206 1990 2273 lasti-

338 2294 494 2362 gium
547 2293 748 2348 evasit.
810 2291 1060 2346 Leonem
1117 2293 1323 2362 primis
1395 2291 1610 2348 litteris
1667 2293 1987 2359 initiatum,

338 2381 634 2451 Musisque
662 2380 865 2436 litasse
897 2380 1152 2448 Byzantii
1185 2381 1370 2437 vides.

415 2471 510 2526 IlI.
547 2469 812 2524 Profanis
863 2475 1058 2524 tamen
1092 2470 1304 2525 studiis
1353 2469 1792 2542 Gentiliumquc
1821 2470 1994 2526 disci-

342 2559 520 2633 plinis
579 2558 1043 2622 addictissimus,
1105 2576 1226 2613 rem
1299 2559 1692 2616 Christianam
1753 2560 1992 2616 omnino

345 2649 699 2719 neglexerat,
761 2648 906 2701 adeo
965 2654 1030 2702 ut
1086 2647 1290 2703 multis
1348 2648 1499 2717 aliis,
1557 2655 1616 2703 et
1672 2649 1992 2719 praesertim

345 2737 724 2791 Constantino
772 2736 1081 2806 discipulo,
1115 2736 1276 2790 visus
1327 2737 1421 2802 sit,
1456 2738 1760 2807 repudiata
1799 2737 1993 2791 Chris-

345 2826 644 2882 tianorum
703 2824 838 2893 ﬁde,
889 2824 948 2879 in
1006 2824 1410 2896 gentilismum
1471 2831 1529 2880 et
1585 2825 1782 2881 futiles
1852 2825 1998 2881 anti-

347 2929 599 2986 quorum
646 2916 974 2967 Graecorum
1033 2910 1252 2973 τελετὰς
1324 2914 1588 2968 animum
1647 2914 1995 2985 applicasse,

351 3002 698 3074 cultumque
746 3001 1168 3072 exosculatum,
1215 3003 1354 3058 deos
1387 3002 1651 3075 improbe
1700 3005 1992 3059 adorasse.

347 3092 476 3150 Viri
507 3091 810 3163 ingenium
860 3090 1137 3148 conviciis
1185 3093 1607 3148 Constantinus
1639 3093 1850 3148 acriter
1877 3110 2000 3149 ver-

350 3181 594 3247 beravit,
628 3184 684 3236 et
731 3179 990 3234 carmine
1037 3181 1290 3253 elegiaco
1333 3181 1656 3236 insectatus
1702 3186 1810 3250 est,
1845 3182 1994 3253 quod

348 3273 430 3328 ita
459 3271 674 3327 clausit
710 3288 722 3325 :

347 3390 523 3442 Ταῦτα
553 3383 610 3440 δὲ
641 3389 1038 3457 Κωνσταντῖνος
1073 3385 1100 3438 ὁ
1132 3391 1230 3453 σῆς
1263 3383 1404 3457 γάλα
1437 3381 1824 3457 Καλλιοπείης,

419 3457 595 3532 Καλὸν
626 3455 1023 3532 ᾀμελξάμενος,
1057 3457 1217 3532 φησὶν
1253 3455 1647 3532 ἐπισταμένως,

346 3532 444 3592 υος
472 3529 538 3604 pa,
566 3527 689 3604 τεῆς
719 3527 947 3604 κραδίης
983 3527 1257 3604 μυστήρια
1290 3527 1730 3604 λεπτολογήσας,

423 3598 553 3676 Ὀψὲ
587 3600 743 3676 μόγις
757 3598 967 3671 ’κακίην
985 3598 1327 3673 πευθομένην
1363 3598 1547 3671 ἐδάην,

350 3721 410 3775 Id
465 3723 555 3774 est
604 3737 616 3774 :
671 3719 746 3790 [3]
797 3720 917 3773 Haec
963 3733 1087 3773 vero
1137 3719 1548 3787 Constantinus,
1605 3719 1701 3789 qui
1750 3721 1861 3775 tuae
1909 3719 2002 3774 lac

352 3809 617 3880 Calliopes
661 3807 956 3878 pulchrum
1003 3807 1195 3872 ebibit,
1244 3811 1497 3879 expertus
1543 3806 1722 3862 dicit:
1767 3809 1873 3875 Qui
1919 3810 2004 3863 tui

349 3899 530 3955 cordis
574 3913 783 3952 arcana
833 3897 1028 3952 intime
1057 3895 1390 3966 expendens,
1425 3896 1648 3952 tandem
1699 3898 2000 3967 aliquando

350 3987 706 4058 iniquitatem
734 3985 1008 4041 occultam
1037 3987 1270 4056 percepi.
1306 3985 1591 4055 Discipuli
1642 3986 2000 4041 calumniam

353 4075 578 4132 Psellus
610 4092 760 4147 aegre
791 4075 945 4138 tulit,
979 4081 1036 4130 et
1063 4075 1325 4130 carmine
1355 4075 1627 4142 iambico,
1656 4091 1843 4145 eoque
1870 4091 2002 4146 pro-

349 4165 486 4235 lixo,
519 4181 634 4236 quo
665 4181 728 4218 se
757 4164 970 4218 Christi
1019 4164 1328 4230 asseclam,
1361 4168 1417 4218 et
1465 4164 1726 4235 gentium
1771 4164 2001 4220 hostem

354 4252 546 4326 palam
597 4254 826 4318 fatetur,
862 4251 1138 4322 injuriam
1192 4252 1573 4322 propulsavit.
1617 4252 1862 4307 Carmen
1894 4252 2007 4307 ele-

353 4341 792 4414 gantissimum,
826 4339 977 4396 sicut
1019 4345 1074 4395 et
1113 4341 1228 4396 alia
1273 4341 1537 4411 ejusdem
1584 4341 1803 4396 inedita
1849 4342 2004 4412 apud

359 4447 452 4487 me
503 4437 682 4497 sunt;
717 4434 773 4484 et
821 4429 927 4484 tibi
976 4446 1089 4484 non
1139 4429 1504 4499 invidissem,
1553 4431 1654 4485 sed
1705 4430 2006 4484 brevitatis

354 4520 552 4576 studio
585 4520 641 4575 in
694 4519 809 4574 alia
841 4519 1029 4590 magis
1084 4519 1415 4574 necessaria
1456 4520 1657 4575 ducor.
1691 4519 1764 4574 Ut
1810 4523 2005 4574 tamen

357 4607 569 4664 melius
589 4624 682 4663 res
703 4607 1070 4704 Christianas
1094 4611 1495 4676 pertractaret,
1528 4608 1734 4663 Photio
1757 4608 2006 4678 patriar-
2037 4641 2083 4704 Β

353 4697 476 4752 cbm
507 4701 637 4766 post
668 4694 878 4768 Ignatii
916 4693 1370 4761 restitutionem,
1399 4695 1469 4748 ad
1494 4695 1772 4766 mysteria
1795 4698 2004 4749 nostras

353 4786 485 4840 fidei
533 4784 913 4847 addiscenda,
965 4787 1154 4837 totum
1188 4799 1250 4837 se
1296 4781 1559 4849 tradidit,
1591 4800 1625 4838 a
1655 4799 1770 4854 quo
1810 4783 2007 4839 divina

351 4876 619 4930 doctrina
677 4874 1028 4939 instructus,
1088 4871 1380 4942 prioribus
1437 4872 1652 4928 studiis
1707 4871 2004 4942 valedixit,

353 4965 507 5034 quod
541 4963 666 5034 ipse
697 4961 952 5033 elegiaco
985 4959 1084 5016 illo
1109 4960 1367 5017 carmine
1395 4960 1570 5017 refert
1605 4977 1618 5016 :

352 5082 522 5160 ’Ἐῤῥε
573 5104 686 5157 μοι,
739 5085 783 5137 ὤ
831 5081 1153 5157 τριτάΛαινα
1206 5081 1509 5154 Πολύμνια.
1569 5082 1817 5160 Ἔρρετε,
1858 5083 2006 5138 Μοῦ-

1823 5175 1908 5208 σαι

423 5224 768 5315 ᾼῦταρβγὼν
802 5224 907 5280 ἀπὸ
941 5229 1029 5280 νῦν
1066 5225 1376 5315 ῥηιζιεοῌρικῆςἱ
1392 5222 1610 5314 ἕραμξαι2
1798 5156 1817 5227 [
1919 5199 1931 5223 ’

354 5296 582 5373 Φώτιον
603 5296 872 5373 ἀρχιερῆα
901 5296 1679 5373 γεροντοδιδᾲσκαλονμεύρὼν,

425 5372 522 5433 ’Ὁς
559 5392 624 5444 με
643 5369 875 5447 ’γάλακϋ
904 5369 1118 5446 ἔθρεψεν
1149 5371 1304 5433 θείων
1335 5369 1610 5443 ναμάτων.

355 5498 417 5554 Id
448 5503 538 5555 est
569 5517 582 5556 :
621 5501 746 5555 Vale
776 5501 974 5568 mihi,o
1003 5503 1085 5554 ter
1112 5498 1431 5554 miseranda
1461 5498 1775 5570 Polymnia.
1800 5497 2000 5566 Valete,

2082 606 2289 670 teneor,
2321 620 2447 658 cum
2486 604 2751 659 Photium
2787 619 3065 658 summum
3100 603 3387 674 praesidem
3405 619 3593 658 senem
3621 613 3738 656 ma'

2079 693 2316 763 gistrum
2362 693 2762 760 adinvenerim,
2796 695 2893 764 qui
2921 710 3008 749 me
3044 695 3182 748 lacte
3223 695 3498 749 enutrivit
3526 693 3737 748 divina-

2081 799 2205 836 rum
2250 784 2671 854 scaturiginum.
2710 782 2889 838 Vocat
2933 783 3204 838 Photium
3255 779 3743 856 γεροντοδιδάσκα-

2085 870 2205 938 λον,
2256 872 2343 927 vel
2395 874 2548 944 quod
2601 890 2798 938 senex,
2850 873 2938 929 vel
2994 876 3148 945 quod
3199 892 3394 930 senem
3445 874 3739 942 erudiret;

2086 963 2259 1018 ambo
2291 964 2513 1034 quippe
2556 969 2731 1018 erant
2762 969 2929 1019 aetate
2966 965 3342 1034 provectiore.
3377 965 3558 1034 quue
3587 980 3743 1019 com—

2092 1053 2327 1107 modius
2378 1053 2556 1107 [ιροηί
2590 1053 2897 1118 successit,
2931 1054 3084 1108 inter
3130 1053 3273 1108 aula;
3319 1053 3602 1124 primates
3633 1070 3742 1108 non

2093 1146 2407 1211 postremo.
2433 1141 2576 1196 Nam
2603 1141 2844 1196 Photius
2873 1141 3156 1213 dignitate
3180 1141 3470 1213 spollatus
3500 1141 3559 1196 in
3592 1141 3746 1212 regis.

2093 1230 2291 1284 Basilii
2342 1230 2676 1284 Macedonis
2726 1230 2902 1285 vitam
2936 1247 3139 1301 agens,
3172 1231 3420 1285 Leonem
3474 1247 3540 1284 ac
3573 1233 3743 1284 Cons-

2091 1319 2407 1384 tantinum,
2441 1323 2806 1390 caeterosque
2854 1318 3053 1374 Basilii
3086 1319 3236 1374 filios
3284 1319 3355 1372 ad
3409 1318 3740 1373 humanita-

2091 1414 2230 1476 tem,
2264 1407 2657 1478 eloquentiam
2691 1413 2747 1463 et
2797 1407 2943 1462 alias
2975 1407 3323 1479 disciplinas
3373 1407 3742 1462 informabat.

2092 1496 2237 1551 Hinc
2258 1499 2433 1551 etiam
2474 1497 2667 1551 aditus
2687 1497 2859 1551 Leoni
2882 1497 2950 1550 ad
2998 1496 3285 1552 diviniora
3323 1496 3524 1551 studia
3552 1511 3744 1565 capes-

2093 1586 2276 1639 senda
2312 1586 2486 1640 datus
2510 1590 2617 1640 est.
2657 1585 2714 1638 Id
2758 1585 2943 1639 habeo
2983 1600 3050 1639 ex
3077 1584 3464 1640 Constantino
3497 1583 3745 1654 Porphy-

2093 1677 2408 1744 rogenneta
2441 1676 2510 1744 (ε)
2541 1675 2613 1727 de
2644 1675 2761 1729 vita
2789 1678 2845 1728 et
2875 1674 3048 1728 rebus
3097 1676 3279 1745 gestis
3327 1672 3530 1729 Basilii
3565 1673 3744 1727 Mace-

2093 1761 2262 1816 donis
2297 1778 2309 1816 :
2342 1759 2421 1815 Οὐ
2475 1760 2568 1831 μέν
2623 1757 2748 1814 οὐδὲ
2778 1760 2884 1834 πρὸ
2912 1759 3108 1815 τούτου
3137 1757 3349 1815 διέλιπε
3377 1759 3746 1835 φιλοφρονού-

2101 1868 2256 1921 μενος
2299 1847 2481 1915 αὐτὸν,
2538 1848 2776 1920 Φώτιον,
2834 1847 2921 1902 καὶ
2974 1853 3150 1921 τιμῶν
3214 1845 3303 1903 διὰ
3357 1849 3458 1916 τήν
3511 1847 3563 1902 έν
3606 1847 3745 1918 αὖτῷ

2097 1933 2446 2004 παντοδαπὴν
2507 1936 2695 2014 σοφίαν
2755 1957 2814 1991 τε
2868 1937 2959 1992 καὶ
3013 1938 3210 2013 ἀρετήν
3246 1982 3259 1995 .
3302 1936 3487 1994 Ἀλλὰ
3555 1934 3647 1992 κᾶν
3701 1934 3742 1990 εί

2095 2029 2194 2090 τῆς
2246 2022 2506 2100 καθέδρας
2556 2027 2900 2098 μετέστησεν,
2953 2024 3105 2080 οὐδὲν
3164 2031 3261 2084 τοῦ
3320 2025 3535 2082 δικαίου
3575 2025 3736 2090 θέλων

2098 2115 2241 2190 ἄγειν
2292 2113 2637 2189 ἐπίπροσθεν,
2697 2114 2848 2187 ὅμως
2903 2116 3008 2169 τῶν
3067 2115 3143 2177 εἲς
3198 2117 3544 2190 παραμυθίαν
3596 2111 3740 2169 οὐδέν

2099 2201 2311 2258 ἐνέλιπε
2358 2204 2759 2279 παρεχόμενος.
2811 2205 2970 2267 ’Όθεν
3019 2205 3114 2259 κᾶν
3142 2210 3258 2266 τοῖς
3308 2204 3609 2280 βασιλείοις
3633 2200 3741 2257 δια-

2096 2287 2290 2364 τριϐὴν
2324 2291 2469 2363 αὐτῷ
2518 2290 2643 2354 δοὺς
2692 2297 2800 2346 τῶν
2852 2291 3066 2348 οἰκείων
3103 2291 3308 2348 παίδων
3343 2291 3589 2364 ἀπέδειξε
3619 2313 3744 2346 παι-

2103 2381 2295 2451 δευτήν
2349 2381 2438 2436 καὶ
2499 2379 2839 2438 διδάσκαλον.
2890 2384 2948 2438 ld
2987 2400 2998 2438 :
3034 2390 3121 2439 est
3177 2386 3356 2456 Neque
3408 2401 3532 2441 vero
3590 2392 3741 2438 antea

2102 2472 2466 2526 humanitatis
2496 2474 2557 2525 in
2585 2487 2730 2536 eum,
2765 2473 3040 2538 Photium,
3075 2472 3254 2527 studia
3274 2473 3706 2540 praetermiserat
3731 2487 3746 2523 :

2102 2563 2350 2633 quinimo
2397 2564 2617 2632 propter
2659 2560 3033 2616 omnimodam
3083 2563 3142 2615 in
3187 2577 3247 2617 eo
3296 2563 3630 2633 sapientiam
3688 2573 3747 2612 ac

2103 2653 2362 2706 virtutem
2419 2651 2717 2705 honoribus
2775 2651 2959 2704 auxit.
2994 2651 3057 2705 Et
3114 2651 3240 2705 licet
3291 2668 3326 2705 a
3380 2646 3750 2721 patriarchali

2103 2741 2228 2796 sede
2274 2739 2601 2805 elimavisset,
2624 2741 2865 2810 justitim
2910 2741 3134 2806 primas
3173 2739 3490 2804 concedens,
3523 2743 3749 2792 attamen

2104 2830 2294 2885 omnia
2324 2830 2382 2883 in
2414 2845 2558 2894 eum,
2591 2828 2787 2899 quibus
2833 2829 3008 2882 solari
3043 2839 3238 2898 posset,
3269 2829 3463 2898 ofﬁcia
3509 2827 3745 2883 contulit.

2112 2918 2258 2976 Unde
2293 2926 2347 2972 et
2397 2919 2458 2972 in
2503 2918 2714 2987 regiam
2769 2927 3050 2973 evocatum
3097 2919 3464 2989 propriorum
3510 2916 3746 2987 ﬁliorum

2107 3008 2522 3079 informatorcm
2549 3023 2620 3061 ac
2643 3008 2980 3075 magistrum
3009 3008 3314 3063 constituit.

2184 3187 2259 3257 [4]
2315 3186 2407 3241 IV.
2461 3185 2570 3240 Leo
2603 3185 2820 3256 itaque,
2874 3186 2993 3242 sive
3035 3185 3332 3241 tradenda:
3380 3182 3749 3256 philosophia

2029 3263 2072 3328 C
2114 3291 2377 3343 munere,
2411 3275 2531 3330 sive
2563 3274 2924 3346 praestantia,
2956 3291 3073 3345 qua
3119 3279 3176 3328 et
3219 3273 3344 3345 ipse
3397 3274 3459 3328 in
3511 3271 3752 3344 philoso-

2107 3365 2295 3438 phicis
2341 3363 2488 3419 alios
2533 3363 2868 3434 superabat,
2906 3362 3242 3434 philosophi
3290 3361 3407 3418 sibi
3439 3372 3746 3433 cognomen

2107 3453 2439 3509 vindicavit.
2477 3453 2534 3508 Id
2587 3469 2720 3506 cum
2769 3451 3177 3506 ecclesiasticae
3238 3467 3455 3523 parens
3513 3446 3746 3504 historias

2109 3545 2170 3599 in
2229 3540 2551 3597 Annalibus
2603 3545 2966 3609 annotasset,
3017 3557 3172 3596 anno
3224 3540 3457 3595 Domini
3507 3539 3608 3594 859
3650 3535 3747 3591 Mi-

2110 3630 2368 3687 chaelem
2406 3629 2659 3685 Psellum
2695 3630 2986 3695 floruisse,
3010 3645 3126 3684 non
3158 3629 3485 3699 incongrue
3514 3627 3728 3682 afﬁrma

2109 3725 2207 3774 vit.
2246 3721 2320 3775 Eo
2353 3735 2609 3788 namque
2660 3723 2923 3788 tempore
2975 3717 3219 3772 Michael
3271 3717 3498 3773 Psellus
3547 3731 3653 3769 non
3684 3710 3746 3765 il-

2111 3810 2386 3865 laudatus
2415 3808 2502 3862 vir
2533 3809 2589 3861 ia
2623 3805 3076 3878 philosophandi
3107 3807 3353 3862 scientia
3387 3806 3741 3879 probabatur,

2109 3917 2144 3954 a
2174 3896 2451 3952 Michaele
2500 3896 2679 3950 altero
2735 3894 2922 3950 Psello
2973 3895 3083 3950 sub
3131 3895 3515 3950 Constantino
3561 3899 3612 3947 et
3652 3888 3746 3943 Mi-

2111 3986 2312 4042 chaele
2344 3984 2540 4051 Ducis,
2577 3985 3032 4055 diversus,quos
3063 4000 3271 4054 parum
3303 3988 3474 4038 caute
3506 3980 3748 4054 plerique

2111 4074 2560 4140 confundentes,
2597 4074 2812 4128 misere
2870 4073 3129 4128 historias
3187 4072 3454 4127 ordinem
3508 4087 3571 4124 ac
3623 4072 3749 4121 tem-

2113 4182 2252 4237 pora
2283 4163 2726 4235 perturbarunt,
2760 4163 2902 4217 adeo
2935 4167 3000 4216 ut
3031 4179 3144 4217 non
3179 4178 3349 4216 nemo
3402 4161 3458 4215 in
3495 4151 3751 4230 paucissi-

2116 4254 2229 4308 mis
2260 4252 2451 4308 verbis
2474 4269 2585 4322 qua
2598 4269 2651 4306 m
2677 4251 2934 4322 plurima
2958 4250 3262 4306 mendacia
3281 4256 3340 4305 et
3364 4265 3550 4320 nugas
3579 4246 3751 4315 legen-

2114 4342 2273 4396 tibus
2302 4341 2598 4396 obtrudat.
2645 4341 2727 4395 Ne
2759 4339 2980 4394 nimius
3006 4340 3212 4408 sim,en
3245 4339 3504 4409 Gregorii
3535 4329 3747 4406 Gyraldi

2117 4431 2290 4485 verba
2319 4431 2393 4484 De
2421 4434 2562 4500 poet.
2593 4430 2808 4499 histor.,
2860 4428 3100 4500 Dialogo
3128 4430 3164 4483 5
3198 4445 3212 4483 :
3253 4430 3382 4483 Fuit
3406 4426 3624 4500 quidem
3651 4434 3745 4475 non

2117 4520 2407 4576 incelebris
2464 4519 2566 4574 Leo
2622 4517 2744 4584 ille,
2779 4521 2876 4590 qui
2928 4517 3144 4573 Basilii
3195 4517 3366 4587 ﬁlius,
3411 4510 3746 4582 Philosophus

2116 4610 2530 4678 cognominatus
2573 4617 2674 4674 est,
2727 4611 2822 4680 qui
2871 4608 3093 4663 circiter
3138 4623 3349 4661 annum
3396 4606 3498 4660 887
3527 4621 3560 4658 a
3600 4597 3744 4656 Verbo

2115 4699 2229 4754 Dei
2256 4701 2558 4769 corporato,
2592 4698 2856 4766 Byzantii
2899 4700 2954 4751 et
3002 4697 3241 4752 Orientis
3295 4697 3460 4751 annis
3487 4695 3554 4748 25
3590 4693 3743 4757 impe-

2115 4788 2266 4842 rium
2317 4788 2513 4853 tenuit,
2555 4786 2710 4853 cuius
2760 4785 2909 4854 ﬁlius
2957 4786 3355 4840 Constantinus
3413 4785 3580 4839 Ducas
3627 4775 3740 4848 tu“:

2114 4877 2216 4947 qui
2243 4883 2294 4931 et
2325 4874 2391 4930 de
2423 4874 2748 4930 Christiana
2777 4873 3053 4946 religione
3094 4873 3264 4944 probe
3304 4873 3495 4936 sensit,
3525 4873 3575 4924 ct
3616 4863 3743 4934 opti-

2114 4965 2222 5018 mis
2252 4963 2465 5019 artibus
2496 4968 2548 5018 et
2593 4963 2902 5034 disciplinis
2949 4979 3171 5033 operam
3215 4963 3435 5017 naviter
3475 4951 3742 5028 impendit.

2117 5052 2291 5122 Hujus
2351 5051 2711 5107 Constantini
2761 5051 2902 5106 liber
2950 5051 3048 5106 ille
3101 5049 3405 5105 celebratus
3457 5053 3551 5111 est,
3601 5051 3744 5112 quem

2115 5141 2358 5195 moriens
2384 5141 2626 5195 Romano
2656 5140 2776 5208 filio
2806 5140 3051 5210 reliquit,
3071 5141 3132 5193 in
3161 5154 3266 5209 quo
3293 5149 3562 5192 summam
3594 5131 3743 5184 totius

2116 5230 2359 5301 imperii,
2415 5231 2692 5285 sociorum
2747 5229 2982 5298 Hedera,
3043 5227 3288 5282 hostium
3341 5228 3503 5290 vires,
3529 5231 3644 5293 qua?
3693 5227 3720 5267 ϐ

2117 5327 2338 5388 quantae
2367 5326 2560 5387 essent,
2593 5318 2817 5389 aliaque
2846 5321 3039 5373 omnia
3084 5317 3154 5370 ad
3186 5317 3478 5387 imperium
3521 5309 3742 5381 spectan-

2119 5411 2200 5461 tia
2253 5409 2571 5478 complexus
2623 5419 2702 5463 est
2733 5424 2748 5461 :
2779 5423 2936 5479 quem
2995 5407 3204 5460 librum
3255 5405 3410 5461 hodie
3455 5403 3742 5459 Venetorum

2120 5496 2430 5567 respublica
2480 5499 2541 5552 in
2571 5513 2675 5552 sua
2692 5496 2968 5568 peculiari
2999 5494 3325 5551 bibliotheca
3356 5482 3742 5560 diligentissime

1958 5613 2186 5671 NOT/E.

427 5689 498 5761 (ο)
530 5689 590 5746 In
623 5689 818 5746 Allatii
851 5686 1213 5762 Symmictis,
1250 5703 1306 5758 p.
1340 5687 1430 5740 83.
