4046 6144
343 315 452 372 481

1598 305 1969 364 DIA'l‘RlBA
2015 302 2114 362 DE
2158 301 2499 367 PSELLlS.

3642 313 3759 371 482

343 442 620 500 custodire
646 443 804 514 facit.
852 441 1025 512 Hujus
1070 455 1285 512 quoque
1337 438 1685 493 Constantini
1733 441 1996 509 tempore,
2027 436 2077 504 Α
2112 437 2235 492 tino
2292 439 2452 494 Duca
2503 440 2646 494 forte
2702 457 2906 495 verum
2966 440 3161 497 fuerit.
3224 446 3441 498 Verum
3504 459 3759 514 quanam

344 536 434 591 uir
462 549 592 589 cum
635 534 693 586 in
725 533 877 586 omni
908 530 1226 584 liberalium
1273 529 1480 581 artium
1524 528 1776 591 scientia,
1831 527 1922 581 sed
1954 531 2005 581 et

352 623 783 696 peregrinarum
828 620 1019 691 floruit
1068 618 1135 673 Μ.
1187 618 1426 683 Psellus,
1474 618 1629 687 cujus
1678 631 2006 671 mnumera-

355 714 430 769 les
457 727 600 782 pene
648 710 784 764 libri
830 709 1177 763 curiosorum
1224 710 1278 761 et
1323 706 1699 761 studiosorum
1754 707 2010 760 manibus

356 809 632 857 teruntur.
664 798 741 853 Ad
770 800 916 852 hunc
945 807 1089 853 certe
1118 797 1542 851 Constantinum
1596 795 1768 849 l’setli
1812 794 1876 849 de
1926 797 2010 848 vi-

360 896 473 947 ctus
524 891 760 959 ratione,
796 887 896 944 hoc
944 896 1041 956 est,
1073 887 1140 943 de
1172 886 1344 943 diaeta
1375 889 1424 939 et
1453 885 1518 939 de
1548 902 1684 940 auro
1715 885 2011 954 conﬁcien-

364 982 445 1048 do,
476 981 577 1035 hoc
606 984 708 1047 est,
744 978 1093 1049 Chrysopwia
1144 977 1276 1031 libri
1321 980 1559 1041 exstant,
1611 990 1747 1046 quos
1789 976 2015 1046 quidam

365 1086 467 1125 non
498 1084 630 1125 sane
680 1068 931 1123 indoctus
980 1066 1339 1121 Constantino
1389 1078 1584 1134 magno
1627 1063 1782 1118 datos
1820 1078 2014 1134 perpe-

364 1175 483 1214 ram
515 1160 687 1214 etiam
718 1159 915 1227 scripto
937 1155 1176 1210 credidit
1208 1171 1220 1209 :
1252 1159 1310 1209 ut
1343 1152 1747 1207 Commentario
1776 1155 2014 1219 mittam,

363 1262 487 1320 qua:
537 1249 601 1303 in
651 1247 951 1301 Zoroastris
1003 1244 1298 1300 Chaldaica
1350 1242 1593 1313 symbola
1647 1241 1920 1311 teguntur,
1967 1248 2018 1295 et

368 1339 615 1393 Canones
662 1336 1075 1395 astronomicos,
1127 1339 1275 1398 etc.;
1325 1336 1380 1385 et
1417 1331 1615 1401 paucis
1644 1330 1965 1399 interjectis
2003 1346 2014 1384 :

367 1428 489 1481 Fuit
521 1434 572 1481 et
602 1426 767 1495 hujus
804 1424 1150 1478 Constantini
1199 1422 1365 1476 Ducaz
1410 1421 1583 1489 ﬁlius,
1634 1428 1687 1474 et
1733 1419 1797 1472 Μ.
1856 1419 2021 1473 Pselli

368 1515 698 1585 discipulus,
753 1512 999 1568 Michael
1029 1512 1207 1565 Ducas
1238 1511 1538 1580 imperator
1569 1509 2021 1579 Constantinopo-

371 1607 602 1671 litanus,
654 1603 752 1673 qui
803 1619 836 1655 a
882 1607 1030 1671 fume
1077 1610 1132 1654 et
1184 1599 1446 1670 penuria,
1494 1613 1621 1667 quae
1676 1600 1737 1652 in
1793 1598 2021 1653 exordio

366 1696 481 1765 ejus
510 1694 859 1763 principatus
884 1688 1546 1756 Constantinopolitanam
1578 1688 1768 1741 urbem
1811 1688 2024 1740 invase-

364 1788 473 1848 rat,
526 1783 949 1852 Parapinaceus
1008 1778 1425 1849 cognominatus
1477 1778 1605 1847 fuit.
1660 1777 1754 1831 Hic
1804 1775 2021 1848 quidem

368 1871 596 1927 Michael
644 1875 847 1927 caetera
897 1872 1124 1940 ignarus
1170 1883 1234 1921 ac
1280 1882 1455 1921 socors
1502 1866 1614 1919 nisi
1670 1864 1809 1935 quod
1869 1865 2022 1919 bonis

368 1962 588 2018 artibus
618 1960 718 2015 sub
751 1960 928 2015 Psello
950 1959 1203 2029 profecit,
1237 1961 1405 2027 atque
1434 1955 1713 2025 imprimis
1756 1956 1817 2008 in
1862 1956 2024 2025 facti-

369 2051 555 2106 tandis
584 2048 857 2112 versibus,
890 2063 997 2117 qua
1028 2048 1086 2100 in
1118 2060 1175 2099 re
1212 2043 1404 2099 Graeca
1440 2042 1604 2098 illum
1641 2046 2020 2115 imperatorem

371 2138 721 2196 commendat
753 2137 1013 2191 historia.

440 2228 506 2282 V.
541 2228 720 2282 Miror
748 2226 1048 2281 hominem
1084 2241 1237 2279 sana
1274 2222 1489 2277 mentis
1521 2226 1639 2275 tam
1694 2222 2022 2276 inconside-

377 2321 500 2372 rate
532 2316 813 2370 locutum.
852 2319 958 2367 Leo
989 2312 1406 2382 Philosophus,
1442 2311 1552 2366 Leo
1583 2310 1665 2365 illi
1714 2316 1804 2365 est
1849 2311 2027 2380 impe-

382 2410 560 2469 rator,
610 2403 809 2458 Basilii
870 2402 1048 2455 ﬁlius.
1104 2401 1294 2455 Error.
1339 2402 1574 2453 Certum
1635 2404 1725 2453 est
1784 2404 2025 2453 Leonem

376 2494 792 2564 imperatorem
827 2490 1297 2555 humanioribus,
1351 2488 1774 2560 philosophicis
1826 2488 2029 2543 sacris-

383 2599 494 2655 que
550 2581 763 2636 studiis
814 2578 1288 2635 addictissimum
1350 2578 1628 2648 plurima,
1679 2595 1800 2647 quae
1850 2578 2025 2632 etiam

382 2676 628 2735 exstant,
654 2670 1028 2723 laudabiliter
1057 2668 1113 2721 in
1148 2667 1593 2737 disciplinarum
1628 2667 1785 2721 omni
1820 2683 2028 2738 genere

384 2760 823 2830 conscripsisse;
848 2758 1095 2826 ideoque
1126 2754 1314 2831 σοφὸν,
1347 2756 1667 2826 sapientem
1701 2756 1775 2826 [5]
1810 2755 2029 2810 scilicet

382 2850 878 2917 cognominatum,
914 2851 971 2899 at
1001 2861 1301 2915 nunquam
1337 2844 1417 2898 illi
1453 2843 1785 2915 philosophi
1818 2861 2024 2900 nomen

388 2940 733 2993 attributum
768 2936 840 2990 ab
871 2934 1291 2990 eruditioribus
1324 2940 1429 2987 est.
1477 2934 1555 2987 Ex
1607 2934 1792 2989 Leone
1836 2934 2028 3005 itaque

392 3043 500 3083 non
537 3024 910 3095 Philosopho,
944 3024 1126 3078 altero
1152 3022 1424 3092 Sapiente
1474 3039 1653 3076 unum
1707 3023 1845 3077 facit
1896 3024 2029 3078 Leo-

389 3131 538 3184 nem,
570 3130 826 3184 eumque
856 3112 1043 3166 tilium
1078 3111 1295 3165 Basilii.
1332 3111 1666 3181 lmperitius
1697 3110 1898 3182 lapsus
1938 3122 2028 3167 est

2115 529 2339 582 ratione
2370 528 2792 585 Constantinus
2827 530 3037 585 Leonis
3069 530 3225 585 filius
3258 531 3597 587 schismatis
3629 550 3763 604 pro-

2115 622 2409 687 pugnator
2458 618 2528 672 de
2575 617 2911 673 Christiana
2958 619 3238 691 religione
3304 621 3482 691 probe
3544 622 3762 676 sentire

2118 705 2330 776 potuit,
2356 706 2626 775 judicent
2658 706 2778 762 alii.
2813 707 3070 763 Conatus
3104 708 3265 763 illius
3298 708 3356 763 in
3409 709 3763 764 vindicando

2120 795 2191 849 ab
2225 795 2457 865 injuriis
2489 795 2715 861 Photio,
2748 796 2836 852 vel
2871 796 2993 851 soln
3024 797 3270 852 Unionis
3301 801 3484 863 tomo,
3517 815 3550 853 a
3584 798 3767 853 Leun-

2119 884 2301 938 clavio
2332 884 2386 937 in
2420 884 2560 939 Jure
2609 886 3104 941 Graiae-Romano
3158 886 3252 939 lib.
3304 903 3344 941 ιι
3394 887 3570 955 edito,
3624 888 3768 941 satis

2122 989 2419 1044 superque
2468 973 2673 1045 liquet.
2729 975 2898 1043 ttujus
2949 975 3293 1030 Constantini
3343 977 3481 1031 liber
3509 977 3605 1031 ille
3632 977 3768 1031 cele-

2125 1064 2313 1117 bratus
2369 1068 2469 1129 est,
2530 1080 2692 1134 quem
2748 1065 2988 1119 moriens
3045 1067 3283 1122 Romano
3338 1066 3454 1135 ﬁlio
3510 1066 3766 1136 reliquit.

2125 1152 2270 1205 Eum
2301 1168 2368 1205 ex
2400 1151 2598 1206 codice
2632 1151 2998 1207 bibliothecae
3031 1153 3327 1219 Palatinae,
3361 1154 3461 1225 qui
3496 1155 3770 1226 Baptista:

2125 1238 2330 1309 lgnatii
2365 1240 2501 1293 olim
2533 1239 2715 1293 fuisse
2747 1240 3774 1313 perhibebatur,descriptum,Graace

2126 1334 2181 1381 et
2216 1328 2414 1381 Latine
2440 1328 2623 1382 edidit
2651 1327 2907 1382 Joannes
2940 1328 3251 1399 Meursius,
3286 1346 3418 1384 cum
3451 1329 3583 1385 aliis
3614 1331 3771 1401 ejus-

2129 1416 2259 1471 dem
2306 1416 2671 1471 Constantini
2725 1416 3049 1489 opusculis,
3102 1418 3372 1489 Lugduni
3422 1423 3770 1473 Batavorum

2128 1507 2281 1575 apud
2316 1504 2639 1560 lilzevirum
2676 1508 2833 1571 1627,
2868 1507 3034 1561 in-8°.
3067 1506 3282 1561 Verum
3316 1507 3366 1561 is
3416 1524 3530 1562 non
3580 1508 3771 1575 Ducas,

2129 1599 2229 1653 sed
2290 1598 2854 1670 Porphyrogennetan
2916 1600 3047 1653 fuit.
3113 1604 3301 1671 Hujus
3357 1616 3566 1671 quoque
3632 1599 3772 1653 Con-

2128 1688 2363 1742 stantini
2419 1693 2656 1758 tempore
2720 1689 2914 1757 ﬂoruit
2988 1688 3223 1744 Michael
3294 1690 3526 1745 Psellus.
3587 1688 3642 1743 Si
3703 1689 3774 1743 de

2134 1776 2339 1845 Psello,
2400 1777 2570 1847 cujus
2640 1778 3118 1846 innumerabiles,
3182 1782 3245 1833 ut
3302 1779 3425 1851 ipse
3481 1778 3580 1844 ait,
3640 1777 3775 1833 libri

2132 1866 2644 1933 circumferuntur,
2678 1882 2871 1921 sermo
2902 1872 3007 1934 est,
3038 1867 3203 1922 fallit.
3242 1868 3339 1922 [lle
3391 1868 3605 1923 etenim
3660 1884 3775 1922 non

2132 1970 2197 2009 eo
2230 1962 2489 2026 tempore
2521 1955 2677 2009 vixit.
2713 1956 2771 2010 Si
2821 1958 2889 2011 de
2932 1963 3281 2027 praeceptore
3331 1956 3538 2012 Leonis
3594 1956 3781 2011 Philo-

2132 2044 2324 2115 sophi,
2359 2044 2491 2098 licet
2522 2060 2635 2098 non
2671 2044 2853 2109 fallat,
2884 2045 2979 2100 ille
3010 2051 3201 2099 tamen
3251 2045 3774 2101 innumerabilium

2130 2132 2413 2188 librorum
2465 2133 2719 2189 editione
2768 2150 2881 2189 non
2913 2133 3257 2189 celebratur.
3292 2135 3371 2190 De
3403 2151 3540 2206 quo,
3574 2152 3643 2189 an
3674 2133 3778 2189 ali-

2133 2224 2273 2294 quid
2308 2224 2385 2293 (d)
2416 2223 2737 2294 scripserit,
2769 2224 2961 2278 adhuc
2992 2224 3439 2279 dubitamus.Ad
3468 2225 3614 2279 hunc
3640 2228 3783 2279 certe

2132 2314 2512 2368 Constantium
2562 2311 2742 2368 Pselli
2786 2313 2852 2367 de
2895 2315 3070 2367 victus
3125 2317 3359 2382 ratione,
3414 2313 3512 2369 hoc
3559 2317 3657 2377 est,
3717 2313 3781 2368 de

2134 2401 2320 2456 diaeta.
2358 2405 2475 2455 Hoc
2524 2402 2601 2473 [6]
2652 2417 2883 2472 quoque
2933 2401 3145 2456 falsum
3195 2406 3302 2457 est.
3354 2402 3499 2457 Nam
3556 2402 3780 2457 Psellns

2134 2493 2230 2560 qui
2291 2495 2368 2545 De
2439 2492 2616 2545 victus
2692 2493 2904 2545 ratione
2975 2491 3344 2562 conscripsit,
3399 2491 3781 2546 Constantino

2136 2578 2308 2633 Ducas
2342 2579 2432 2650 (e),
2466 2580 2552 2633 vel
2604 2579 2650 2633 si
2700 2580 2912 2649 placet,
2964 2582 3348 2635 Constantino
3399 2580 3781 2635 Monomacho

2136 2670 2353 2725 librum
2390 2673 2767 2741 nuncupavit.
2820 2672 2883 2725 Et
2927 2671 2990 2727 de
3040 2688 3176 2727 auro
3223 2671 3578 2741 conﬁciendo.
3623 2671 3780 2725 Nihil

2137 2760 2356 2815 minus.
2421 2760 2703 2815 Libellum
2764 2760 2976 2815 etenim
3034 2760 3196 2815 illum
3256 2762 3327 2816 ad
3386 2760 3780 2832 patriarcham

2136 2848 2472 2904 Michaelem
2503 2848 2886 2920 Cerularium,
2919 2851 3091 2921 cujus
3139 2850 3371 2905 hortatu
3423 2849 3589 2905 illum
3639 2867 3777 2905 con-

2139 2937 2474 3007 scripserat,
2530 2938 2710 2991 misit.
2767 2939 2907 3005 Quos
2954 2938 3177 3009 quidam
3206 2955 3316 2993 non
3345 2955 3475 2994 sane
3506 2938 3773 2994 indoctus.

2138 3026 2369 3097 Optime
2402 3026 2493 3080 hic
2526 3027 2771 3103 aliorum
2807 3027 3058 3097 ineptias
3090 3027 3343 3092 abdicat,
3394 3034 3450 3082 et
3494 3027 3778 3082 nonnulla

2139 3114 2307 3168 Pselli
2342 3116 2782 3181 commentaria,
2814 3132 2927 3169 non
2960 3120 3157 3170 tamen
3195 3116 3395 3171 Leonis
3443 3116 3779 3187 Philosophi

385 3176 585 3258 auctor
616 3176 835 3257 Theatri
863 3204 992 3256 vita:
1020 3205 1290 3269 humanae,
1325 3176 1439 3253 vol:
1472 3200 1627 3268 XXI,
1659 3176 1772 3254 lib:
1794 3217 1857 3266 Il,
1889 3217 2021 3273 pag.
2055 3176 2097 3241 (ἶ
2141 3204 2427 3273 magistri,
2462 3210 2741 3258 recenset.
2769 3176 2996 3274 Subdit,
3030 3206 3151 3259 Fuit
3199 3210 3253 3259 et
3300 3206 3463 3269 huius
3509 3176 3780 3262 Constan-

384 3294 541 3347 3759.
585 3293 805 3347 Litteris
855 3292 954 3345 Leo
1004 3288 1366 3360 Philosophus
1416 3290 1715 3358 imperator
1768 3291 2030 3346 initiatus

385 3383 495 3452 fuit
538 3381 821 3451 Byzantii,
876 3378 1229 3445 rethoricam,
1284 3377 1712 3447 philosophiam,
1762 3380 2030 3433 arithme—

393 3473 560 3526 ticam
590 3475 643 3524 et
672 3471 924 3540 reliquas
953 3468 1210 3522 scientias
1255 3467 1315 3519 in
1365 3467 1537 3519 Antro
1586 3467 1767 3520 insula
1818 3467 2029 3536 didicit,

385 3560 465 3614 ibi
500 3565 747 3616 versatus
776 3574 899 3612 cum
925 3556 1183 3610 Michaele
1235 3554 1432 3609 Psello.
1487 3554 1776 3612 Cedrenus.
1824 3558 2035 3629 Ingens

391 3664 532 3703 sane
561 3646 934 3717 imperatoris
964 3651 1018 3700 et
1049 3646 1268 3699 ardens
1300 3644 1584 3712 studium,
1622 3644 1755 3700 licet
1786 3647 2036 3701 auctori-

390 3742 482 3792 tas
513 3742 570 3791 et
621 3735 929 3791 facultates
980 3734 1177 3804 nullae,
1226 3733 1325 3804 qui
1378 3734 1579 3787 relicta
1626 3734 1799 3789 domo
1851 3736 2040 3807 negle-

392 3826 623 3896 ctisque
653 3824 869 3879 summi
904 3823 1121 3894 fastigii
1153 3823 1380 3892 opibus,
1412 3821 1471 3875 in
1503 3823 1757 3877 insulam
1791 3829 2035 3880 Antrum

394 3931 499 3986 pro
531 3913 908 3984 capessendis
940 3911 1267 3981 disciplinis
1299 3911 1369 3964 ad
1403 3909 1753 3979 magistrum
1789 3912 2038 3972 Psellum

395 4002 793 4075 pererraverit.
831 4002 1034 4056 Nonne
1065 3999 1250 4054 multo
1283 3997 1556 4063 facillius,
1588 4000 1849 4072 praemio,
1883 4003 2039 4073 quod

393 4097 642 4165 poterat,
680 4089 933 4145 maximo
966 4089 1285 4160 proposito,
1320 4086 1544 4141 Psellus
1576 4095 1815 4144 vocatus
1853 4107 2042 4147 acces-

394 4180 617 4237 sisset?
650 4179 888 4235 Falsum
922 4178 1099 4233 etiam
1133 4182 1222 4232 est
1270 4176 1327 4231 id
1380 4192 1640 4232 asserere
1692 4180 2038 4248 Cedrenum,

394 4272 490 4343 qui
527 4269 949 4340 Philosophum
978 4269 1218 4322 Leonem
1254 4284 1287 4321 ε,
1323 4268 1501 4320 Leone
1531 4266 1800 4336 Sapiente
1832 4275 1889 4323 et
1933 4270 2041 4325 im—

394 4364 663 4432 peratore
719 4358 1016 4413 diversum
1079 4354 1261 4411 novit.
1322 4356 1392 4409 Et
1448 4355 1681 4409 Cedrini
1741 4360 1915 4413 verba
1972 4360 2043 4416 de

395 4449 584 4504 Leone
612 4446 967 4516 Philosopho
1001 4449 1160 4514 sunt,
1194 4462 1320 4516 quaa
1352 4461 1531 4513 supra
1561 4444 1933 4505 adduximus.

469 4537 770 4607 VI.Pergit
799 4535 1086 4606 Gyraldus
1122 4551 1134 4589 :
1172 4534 1364 4603 Cujus,
1392 4533 1601 4588 Leonis
1633 4534 1873 4603 scilicet,
1894 4539 2046 4607 ﬁlius
2075 4546 2123 4610 D
2159 4542 2285 4606 fert,
2337 4540 2483 4595 satis
2543 4538 2693 4593 male
2750 4539 3159 4610 antiquitatem
3224 4539 3437 4610 accipit

396 4631 790 4686 Constantinus
823 4629 1003 4681 Ducas
1050 4628 1180 4698 fuit.
1224 4626 1365 4689 Quis
1420 4626 1477 4680 id
1530 4626 1720 4680 dixit?
1767 4628 2053 4686 Constan-

394 4720 559 4775 tinus
595 4720 781 4773 Ducas
814 4716 985 4788 longe
1018 4717 1089 4770 ab
1124 4715 1217 4769 his
1250 4714 1614 4785 temporibus
1644 4715 1803 4771 vixit.
1851 4722 2047 4790 Neque

398 4809 823 4867 Constantinus
877 4808 1087 4863 Leonis
1137 4807 1293 4861 filius
1347 4812 1513 4861 Ducas
1562 4807 1673 4862 sibi
1725 4824 2048 4880 cognomen

396 4915 662 4971 unquam
700 4897 924 4966 ascivit,
957 4898 1056 4952 sed
1091 4897 1673 4967 Porphyrogennetm,
1710 4912 1824 4967 quo
1867 4899 2049 4952 maxi-

398 5004 492 5044 me
523 4987 738 5057 gaudet
766 4992 822 5039 et
851 4988 1045 5056 gestit.
1081 4985 1248 5039 Ducas
1280 5000 1601 5055 cognomen
1635 4990 1766 5055 post
1815 4992 2048 5042 centum

394 5077 701 5148 sexaginta
731 5076 801 5129 ad
833 5074 1031 5129 minus
1082 5090 1267 5128 annos
1321 5073 1379 5127 in
1428 5072 1670 5143 imperio
1720 5074 1891 5145 cepit.
1949 5077 2052 5143 Qui

394 5174 447 5223 et
475 5166 541 5221 de
574 5165 892 5220 Christiana
922 5164 1183 5233 religione
1203 5161 1372 5233 probe
1399 5164 1587 5217 sensit.
1645 5162 1719 5218 De
1768 5164 2050 5220 Constan—

2138 3294 2248 3346 tini
2299 3294 2461 3349 Daca:
2504 3293 2674 3363 ﬁlius,
2722 3298 2772 3347 et
2814 3294 3097 3348 Michaelis
3149 3295 3316 3349 Pselli
3344 3295 3643 3366 discipulus
3675 3296 3779 3352 Mi-

2140 3383 2295 3436 chael
2326 3383 2508 3436 Ducas
2540 3382 2845 3452 imperator
2894 3382 3563 3454 Constantinopolitanus,
3606 3385 3702 3453 qui
3750 3400 3791 3446 αι

2141 3474 2289 3542 [ante
2320 3479 2369 3525 et
2396 3472 2632 3541 penuria
2662 3472 3068 3542 Parapinaceus
3098 3472 3162 3541 (Γ)
3195 3474 3613 3541 cognominatus
3659 3473 3784 3541 fuit.

2143 3560 2343 3632 Nugas,
2376 3560 2761 3629 Constantini,
2796 3560 3002 3616 Leonis
3052 3561 3175 3626 lilii,
3226 3562 3425 3617 nullus
3473 3561 3583 3615 fuit
3629 3560 3786 3615 ﬁlius

2146 3648 2411 3715 Michael,
2446 3650 2545 3704 sed
2591 3650 2912 3719 Romanus,
2961 3650 3054 3705 cui
3106 3652 3341 3718 librum,
3394 3655 3457 3705 ut
3499 3651 3788 3722 Gyraldus

2147 3756 2327 3810 supra
2376 3739 2622 3805 dixerat,
2674 3740 2948 3805 moriens,
2984 3740 3059 3793 De
3087 3739 3527 3795 administrando
3556 3740 3791 3811 imperio

2146 3826 2403 3897 reliquit.
2453 3831 2520 3880 Et
2570 3827 2807 3883 Michael
2867 3829 2975 3882 iste
3032 3832 3141 3882 sub
3202 3827 3385 3883 Psello
3443 3832 3793 3899 praeceptore

2148 3915 2597 3971 Constantinum
2667 3916 2887 3971 Ducam
2938 3921 3161 3987 patrem
3211 3917 3508 3988 cognoscit
3584 3920 3789 3971 Annon

2149 4006 2295 4059 bene
2328 4011 2537 4060 tractat
2567 4005 2871 4060 historiam
2905 4004 3241 4077 Gyraldus?
3274 4009 3481 4060 Annon
3530 4006 3677 4060 bene
3725 4006 3797 4059 de

2149 4095 2336 4149 Psello
2395 4101 2566 4164 atque
2624 4094 2714 4148 his
2787 4093 3242 4164 imperatoribus
3319 4094 3587 4163 meritus,
3648 4110 3795 4165 quos

2149 4184 2473 4239 foedissime
2526 4183 2959 4238 commiscendo
3020 4183 3345 4249 confundit,
3404 4188 3460 4237 et
3506 4184 3632 4239 loco
3690 4198 3796 4238 suo

2150 4276 2363 4345 ejectos
2395 4273 2466 4327 ad
2500 4272 2613 4327 alia
2639 4277 2905 4344 tempora
2936 4272 3214 4342 conjicit?

2224 4363 2343 4417 VII.
2379 4362 2729 4416 Possevinus
2779 4363 2939 4427 item,
2994 4363 3134 4416 dum
3188 4362 3410 4433 scripta
3456 4358 3798 4416 recentiorls

2154 4452 2324 4507 Pselli
2352 4455 2421 4505 ad
2453 4456 2702 4505 veterem
2734 4450 2904 4504 illum
2940 4452 3143 4506 Leonis
3177 4455 3587 4523 praeceptorem
3611 4454 3804 4503 trans-

3496 4555 3508 4593 :
3570 4536 3803 4592 Michael

2162 4630 2395 4698 Psellus,
2431 4630 2529 4698 qui
2556 4630 2772 4696 Leonis,
2829 4636 3179 4699 cognomento
3231 4627 3580 4703 Philosophi,
3626 4628 3805 4697 fertur

2152 4721 2329 4788 [uisse
2384 4727 2713 4789 praeceptor,
2761 4716 3028 4789 pleraque
3082 4719 3326 4787 scripsit,
3376 4724 3492 4770 tum
3540 4716 3609 4768 ad
3655 4716 3807 4769 theo-

2161 4805 2390 4875 logiam,
2423 4812 2540 4861 tum
2574 4807 2643 4861 ad
2670 4808 3073 4877 philosophiam
3098 4814 3263 4875 atque
3290 4804 3359 4858 ad
3379 4804 3523 4858 alia:
3552 4804 3804 4873 discipli-

2154 4913 2277 4963 nas,
2326 4898 2443 4950 sice
2500 4896 2867 4962 mechanicas,
2916 4897 3030 4950 sive
3072 4893 3309 4948 medicas
3354 4894 3704 4963 spectantia;
3754 4893 3807 4947 si

2158 4990 2339 5040 tamen
2399 4987 2605 5053 omnia,
2656 5000 2779 5056 quae
2825 4985 3194 5052 ascribuntur,
3250 4983 3494 5053 legitima
3546 4984 3674 5036 sunt
3733 4981 3803 5036 il-

2158 5075 2267 5129 lius
2296 5090 2480 5143 opera.
2518 5075 2629 5131 Nec
2678 5073 2811 5144 plus
2861 5074 3010 5143 sapit
3058 5072 3405 5127 Franciscus
3455 5071 3806 5142 Bosquetus,

2161 5164 2384 5237 praefat.
2418 5163 2489 5218 ad
2523 5162 2797 5216 lectorem
2831 5162 2890 5216 in
2920 5159 3221 5216 Michaelis
3256 5160 3425 5215 Pselli
3457 5161 3529 5215 de
3576 5159 3807 5231 legibus

1989 5353 2221 5410 NOT/E.

494 5504 548 5578 ἀ)
579 5505 793 5578 Prteter
823 5502 1106 5578 carmina,
1143 5506 1206 5557 ut
1234 5501 1437 5578 illade
1467 5500 1683 5578 quibus
1714 5519 1894 5578 supra
1922 5504 1952 5578 §
1997 5506 2052 5561 3.

497 5508 529 5559 ἀ
579 5508 793 5560 Praeter
823 5508 1106 5572 carmina,
1143 5508 1206 5557 ut
1236 5508 1335 5557 illa
1366 5508 1437 5557 de
1467 5508 1683 5573 quibus
1714 5519 1800 5575 su]

497 5508 550 5648 ei
580 5576 762 5632 Aliter
792 5580 992 5648 tamen
1026 5574 1153 5648 ipse
1183 5573 1436 5629 Allatius
1471 5575 1681 5640 inl'ra§
1716 5576 1800 5629 11.

494 5644 541 5720 Ι)
580 5648 744 5714 Quod
794 5644 1065 5701 ’πινάκιον⁷
1107 5645 1228 5702 sive
1287 5649 1499 5720 quarta
1558 5662 1695 5719 pars
1750 5647 1932 5703 modii
1988 5664 2055 5706 eo

472 5504 492 5722 ἓ

2164 5508 2428 5630 temﬂpore
2473 5502 2805 5558 ementibus
2857 5502 3321 5561 subtraheretur.
3354 5502 3501 5559 Vide
3529 5499 3812 5574 Cangium

2166 5594 2226 5630 1n
2313 5593 2537 5630 ινακιον.

2166 5594 2226 5632 1n
2262 5593 2537 5632 Πινακιον.
