4046 6144
318 296 434 355 483

1713 287 1988 349 LEONIS
2032 290 2339 351 ALLATII

3609 294 3724 353 484

315 430 633 499 Syntagma
665 441 678 479 :
710 423 1028 479 Michaelem
1053 422 1318 487 Psellum,
1352 436 1447 491 qui
1493 430 1694 491 praeter
1740 423 1961 491 propter
1989 426 2039 492 Α
2073 439 2188 478 non
2219 424 2320 478 uni
2352 424 2722 480 ascribentur
2752 425 3000 495 parenti,
3024 429 3081 481 et
3109 440 3234 495 quas
3261 424 3516 496 junioris
3550 425 3721 483 Pselli

316 532 528 571 annum
583 512 791 568 Christi
842 512 947 565 850
1015 512 1210 566 Leonis
1274 510 1602 581 Philosophi
1665 512 1965 581 imperato-

314 607 412 671 ris,
446 609 556 659 etc.

387 691 527 750 VIII.
578 692 647 747 Et
696 707 836 746 sane
883 706 1090 761 parum
1151 692 1321 744 caute
1379 688 1634 743 Andreas
1692 687 1967 743 Schotius

314 782 545 837 Praef-at.
578 782 649 835 ad
684 778 942 835 Psellum
977 779 1035 832 in
1065 777 1303 832 Cantica
1332 777 1717 845 canticorum,
1744 782 1801 831 et
1833 776 1967 830 Gur-

315 872 537 927 bardus
611 868 857 924 Vossius
931 868 1002 921 de
1077 868 1362 921 Historicis
1434 864 1639 921 Grazcis
1716 865 1817 919 lib.
1902 882 1964 931 II,

314 977 440 1031 cap.
472 961 563 1024 26,
596 956 805 1013 Caesari
838 956 1085 1011 Baronio
1118 961 1175 1010 et
1225 954 1577 1010 Bellarmino
1628 954 1964 1025 imponunt,

313 1048 425 1104 sibi
457 1052 511 1103 et
544 1046 677 1101 aliis
703 1042 1076 1117 persuasisse
1118 1042 1333 1111 conati,
1382 1042 1652 1097 ﬂoruisse
1705 1041 1964 1097 Psellum

314 1136 528 1193 Christi
561 1152 713 1190 anno
744 1134 868 1201 859,
925 1149 1038 1205 quo
1090 1130 1592 1203 Constantinopoli
1647 1131 1967 1203 imperator

315 1238 422 1282 Leo
470 1223 868 1295 Philosophus
918 1223 1047 1290 fuit,
1081 1237 1256 1293 quem
1289 1226 1348 1276 et
1377 1221 1604 1275 Psellus
1636 1220 1846 1275 litteris
1877 1220 1965 1274 in-

312 1314 603 1373 formavit.
638 1314 796 1367 Licet
827 1313 983 1367 enim
1018 1311 1090 1366 de
1122 1310 1309 1365 Psello
1354 1325 1558 1365 verum
1604 1312 1699 1377 sit,
1751 1324 1857 1364 nec
1904 1309 1964 1363 in

313 1422 380 1461 eo
412 1402 699 1460 Baronius
734 1400 993 1468 fallitur;
1046 1398 1155 1454 fuit
1201 1399 1359 1454 enim
1409 1414 1538 1454 vere
1589 1415 1654 1454 eo
1706 1402 1967 1470 tempore

310 1493 538 1550 Psellus
569 1492 866 1562 iquidam,
915 1489 1251 1545 litteratura
1308 1488 1589 1557 insignis;
1661 1503 1967 1558 nunquam

311 1589 509 1637 tamen
542 1579 833 1634 Baronius
863 1593 997 1631 eum
1047 1574 1302 1629 Psellum
1352 1574 1598 1629 Leonem
1644 1574 1968 1645 imperato-

311 1687 428 1726 rem
464 1668 677 1723 litteris
708 1665 996 1720 imbuisse
1027 1662 1469 1731 afﬁrmavit,sed
1504 1662 1750 1717 Leonem
1786 1661 1970 1717 Philo-

311 1758 568 1830 sophum
601 1756 771 1827 longe
803 1755 874 1809 ab
906 1754 1262 1826 imperatore
1294 1752 1482 1807 Leone
1512 1752 1833 1807 diversum.
1858 1752 1966 1806 Ba-

307 1849 532 1917 ronius,
591 1845 817 1912 dicunt,
867 1860 903 1899 a
948 1842 1152 1913 Psello,
1202 1857 1314 1898 non
1362 1841 1556 1897 Leonis
1603 1841 1834 1912 aequali,
1872 1840 1965 1895 sed

308 1938 481 1993 multo
528 1937 855 2002 recentiore,
904 1933 1217 1989 Simeonem
1263 1932 1691 2002 Melaphrastam
1716 1932 1967 1986 oratione

304 2028 650 2098 panegyrica
700 2024 1034 2079 celebratum
1088 2025 1306 2077 narrat.
1358 2022 1447 2074 lta
1507 2025 1615 2075 est.
1662 2020 1773 2074 Scd
1847 2035 1963 2074 non

310 2114 535 2169 dixerat
584 2112 823 2168 unicum
854 2116 1089 2166 tantum
1121 2109 1379 2165 Psellum
1411 2107 1723 2163 exstitisse.
1760 2108 1825 2162 Et
1856 2123 1962 2163 nos

307 2204 379 2260 ad
413 2203 489 2274 [7]
512 2217 829 2274 quemnam
848 2199 1106 2256 Psellum
1130 2199 1314 2254 oratio
1342 2197 1543 2254 referri
1569 2197 1961 2263 debeat,certo

307 2293 603 2348 afﬁrmare
633 2308 748 2345 non
780 2305 1120 2360 possumus.
1152 2288 1500 2357 Conjectura
1528 2291 1744 2353 tamen,
1777 2303 1962 2357 eaque

307 2380 607 2436 levissima
634 2379 932 2445 ducimur,
977 2377 1134 2432 hunc
1184 2375 1566 2432 recentiorem
1616 2390 1746 2429 esse
1800 2374 1959 2430 illius

308 2474 638 2537 auctorem;
674 2467 823 2540 quod
857 2471 915 2522 et
944 2465 1115 2538 plura
1147 2464 1450 2536 scripserit
1481 2464 1540 2518 in
1569 2465 1731 2518 omni
1776 2464 1952 2518 disci-

308 2559 469 2632 plina
499 2563 558 2613 et
586 2557 939 2629 scriptorum
971 2554 1158 2626 gloria
1189 2553 1608 2610 celeberrimus
1638 2553 1831 2607 fuerit.
1863 2562 1952 2607 An

305 2664 441 2705 vero
489 2648 686 2704 senior
736 2645 835 2701 ille
883 2644 1105 2717 aliquid
1157 2644 1377 2715 scripto
1425 2642 1752 2713 tradiderit,
1799 2648 1955 2698 certo

308 2752 421 2793 non
454 2741 705 2792 constat.

381 2828 477 2881 IX.
512 2826 630 2896 Ego
659 2840 795 2879 vero
828 2822 1028 2878 nullus
1058 2822 1283 2892 dubito,
1317 2822 1366 2876 si
1396 2837 1598 2876 verum
1642 2821 1807 2876 fateri
1854 2838 1953 2875 ve-

307 2914 507 2984 limus,
541 2913 793 2969 Psellum
824 2913 991 2967 illum
1021 2912 1130 2968 sub
1160 2910 1368 2966 Basilio
1401 2910 1735 2981 Macedone,
1771 2912 1954 2966 multa

308 3004 712 3077 philosophica
782 3002 999 3074 scripto
1075 3002 1476 3072 consignasse,
1536 3018 1721 3072 eaque
1796 3017 1951 3055 nunc

306 3094 591 3151 afﬁnitate
621 3092 878 3147 nominis
911 3090 1256 3146 indistincta
1280 3090 1391 3146 sub
1413 3089 1752 3145 recentioris
1778 3088 1951 3145 Pselli

2078 529 2192 568 non
2223 518 2415 583 erunt,
2447 514 2518 569 ad
2573 514 2974 585 antiquiorum
3026 529 3157 569 esse
3205 514 3507 569 referenda
3555 514 3725 586 plane

2069 601 2289 671 judico.
2339 602 2638 674 Praecipua
2667 601 2769 659 illa
2800 608 2997 673 erunt,
3030 620 3156 674 qua:
3187 602 3515 658 Aristotelis
3544 602 3725 658 libros

2079 689 2391 763 plerosque
2424 708 2526 762 per
2556 692 2794 747 modum
2821 692 3345 764 paraphrasis,non
3368 691 3728 765 ineleganter

2077 786 2395 851 exponunt.
2429 782 2789 853 Semperque
2820 783 2891 837 de
2922 781 3164 853 Dialogo
3194 780 3318 847 illo,
3354 783 3410 836 in
3441 796 3558 852 quo
3590 796 3727 852 ope-

2079 871 2336 925 rationes
2367 873 2699 925 daemonum
2732 872 3308 943 asseruntur,deque
3337 872 3463 941 ejus
3495 876 3731 925 auctore

2079 959 2476 1015 subdubitavi.
2509 959 2706 1033 Stylus
2738 960 2946 1016 ﬂorido
2972 960 3235 1027 solidior,
3270 977 3361 1015 res
3392 965 3553 1015 extra
3588 958 3731 1015 Peri-

2079 1050 2463 1122 pateticorum
2497 1050 2753 1119 scholas,
2811 1066 2946 1106 cum
2997 1050 3258 1105 Platonis
3312 1054 3369 1105 et
3412 1050 3730 1105 Zoroastre:

2077 1139 2387 1195 sententiis
2417 1138 2632 1206 afﬁnis,
2664 1145 2720 1195 et
2754 1140 2983 1212 magica
3024 1138 3127 1194 illa
3175 1142 3533 1208 nugamenta
3581 1140 3729 1192 alte-

2077 1245 2206 1283 rum
2235 1245 2267 1283 a
2303 1227 2487 1283 Psello
2519 1228 2837 1285 recentiore
2869 1228 3126 1285 Psellum
3180 1228 3462 1284 indicant.
3515 1226 3619 1283 Hic
3668 1227 3727 1281 in

2077 1317 2315 1391 Dialogo
2369 1319 2599 1374 Marcus
2650 1319 2708 1374 in
2760 1318 3053 1374 Chersone
3106 1316 3304 1374 insula
3354 1332 3729 1373 commorans

2078 1407 2387 1478 peregrino
2421 1408 2625 1479 magia
2657 1424 2871 1463 arcana
2900 1407 3169 1478 exponit;
3196 1408 3307 1463 Leo
3340 1404 3731 1477 Philosophus

2078 1496 2487 1568 philosophica
2517 1513 2584 1551 ac
2617 1496 2877 1568 reliquas
2908 1496 3184 1551 scientias
3214 1495 3273 1550 in
3309 1497 3487 1550 Antro
3538 1493 3734 1550 insula

2076 1601 2110 1640 a
2142 1584 2417 1640 Michaele
2470 1585 2653 1641 Psello
2701 1586 2997 1640 edocetur.
3050 1585 3234 1640 Video
3283 1584 3495 1639 Leonis
3544 1583 3730 1639 histo-

2078 1676 2223 1729 riam
2258 1675 2367 1729 sub
2397 1674 2604 1729 alicnis
2635 1673 2974 1730 nominibus
3005 1674 3176 1745 quasi
3219 1676 3605 1745 personatum
3655 1670 3736 1745 [8]

2078 1763 2138 1819 in
2193 1764 2489 1818 theatrum
2550 1764 2740 1820 educi.
2797 1763 2948 1818 Illud
3008 1764 3208 1831 etiam,
3242 1763 3419 1834 lquod
3475 1778 3539 1818 se
3590 1761 3730 1817 dicit

2073 1852 2419 1907 Timotheus
2450 1870 2483 1907 a
2513 1858 2754 1922 paterno
2786 1870 2892 1907 avo
2925 1852 3160 1907 audisse
3191 1853 3261 1908 de
3310 1851 3730 1906 Eucbaitarum

2074 1942 2349 2013 pessimis
2405 1943 2691 2011 moribus,
2745 1958 2940 1997 annon
2996 1941 3186 2013 magis
3246 1940 3499 1996 senioris
3556 1938 3730 1995 Pselli

2073 2032 2249 2100 aetati,
2298 2035 2438 2086 tunc
2495 2047 2627 2086 cum
2685 2030 3173 2086 Massalianorum
3228 2028 3497 2094 haeresis,
3545 2033 3609 2084 ut
3658 2029 3730 2085 de

2073 2119 2392 2175 hazresibus
2424 2124 2646 2189 narrat,
2678 2117 2933 2173 Joannes
2967 2118 3385 2184 Damascenus,
3436 2116 3728 2174 crudelis-

2071 2208 2220 2263 sime
2251 2209 2309 2263 in
2341 2207 2658 2263 Ecclesiam
2691 2208 2794 2263 Dei
2826 2208 3227 2278 grassabatur,
3280 2223 3409 2277 qum
3464 2211 3725 2278 tempore

2061 2297 2319 2367 junioris
2354 2313 2529 2369 prope
2560 2298 2847 2352 exstincta
2878 2295 3217 2367 languebat,
3248 2295 3488 2351 videtur
3517 2312 3723 2352 conve-

2070 2387 2238 2441 nire?
2273 2387 2432 2441 Adde
2464 2385 2699 2455 Dialogo
2732 2390 3048 2441 tractatum
3083 2384 3161 2457 (g)
3210 2386 3281 2440 dc
3330 2385 3713 2454 Daemonibus,

2069 2477 2329 2531 nondum
2362 2476 2584 2530 editum
2619 2477 2830 2545 Graece,
2859 2475 3014 2545 quod
3047 2475 3253 2540 sciam,
3288 2490 3354 2529 ex
3385 2474 3719 2529 Graecorum

2066 2568 2381 2629 sententia,
2416 2564 2711 2619 uterinum
2740 2564 2958 2619 dixeris
2990 2580 3057 2619 ac
3105 2580 3457 2634 germanum
3511 2565 3717 2629 fetum,

2065 2659 2123 2707 et
2172 2654 2422 2708 Leonem
2474 2652 2897 2724 PhilosOphum
2951 2669 3017 2707 ac
3059 2652 3347 2706 Joannem
3402 2653 3535 2722 eius
3585 2668 3720 2707 con-

2066 2743 2459 2813 sanguineum
2537 2741 2744 2813 magiae
2821 2739 3199 2796 insimulatos
3269 2745 3327 2795 et
3404 2746 3712 2796 accusatos

2062 2832 2308 2886 tradunt
2338 2830 2624 2899 historici,
2658 2847 2833 2901 quam
2866 2828 3183 2885 verisimile
3208 2834 3298 2884 est
3326 2845 3445 2883 non
3478 2830 3550 2885 ab
3603 2829 3712 2884 alio

2062 2937 2239 2992 quam
2273 2938 2306 2975 a
2333 2919 2611 2975 Michaele
2640 2919 2741 2974 illo
2772 2918 2959 2975 Psello
2993 2918 3293 2975 didicisse.

2131 3012 2202 3064 X.
2258 3007 2516 3064 Libellus
2565 3008 2740 3063 etiam
2795 3007 2968 3063 Pselli
3019 3009 3091 3063 De
3138 3007 3417 3078 lapidibus
3448 3024 3482 3063 a
3513 3008 3702 3064 Maus-

2062 3114 2195 3153 saco
2227 3096 2443 3161 editus,
2478 3096 2561 3152 vel
2610 3096 2747 3152 huic
2796 3096 3013 3151 seniori
3069 3095 3279 3166 Psello,
3329 3096 3379 3150 si
3432 3113 3525 3152 me
3571 3112 3705 3152 con-

304 3184 542 3239 nomine
571 3180 957 3237 circumferri.
989 3178 1218 3251 Scripta
1249 3195 1503 3249 namque
1554 3178 1770 3244 omnia,
1825 3196 1950 3249 qua:
1983 3173 2025 3239 C
2062 3188 2289 3258 jectura
2338 3204 2452 3241 non
2504 3185 2674 3253 fallit,
2706 3184 3056 3241 tribuendus
3089 3189 3198 3254 est,
3230 3184 3318 3240 vel
3347 3192 3508 3242 certe
3540 3184 3706 3241 nulli.

301 3273 559 3328 Psellum
584 3276 806 3343 patrem
833 3270 1307 3341 indigitant,cum
1326 3274 1382 3323 et
1398 3268 1683 3324 tractandi
1706 3268 1950 3334 ratione,

303 3369 360 3419 et
389 3361 723 3418 inveniendi
750 3359 1042 3427 acumine,
1077 3375 1183 3415 nec
1212 3359 1417 3414 eadem
1456 3357 1691 3427 dicendi
1743 3359 1948 3426 forma,

303 3468 408 3508 nec
439 3452 758 3523 ﬁgurarum
793 3449 1088 3504 coloribus
1118 3448 1398 3517 gestiant,
1433 3448 1531 3502 sed
1566 3448 1680 3502 alia
1728 3448 1951 3501 incom-

304 3549 463 3613 ptam
488 3541 736 3605 illam,et
756 3539 1012 3595 Graecam
1038 3538 1617 3608 philos0phiam,non
1639 3537 1949 3591 barbaram

303 3630 655 3696 scilicet,sed
687 3629 939 3693 virilem,
959 3631 1015 3681 et
1044 3643 1171 3696 qua:
1204 3643 1310 3680 suo
1340 3626 1651 3695 splendore
1682 3625 1949 3690 nitescat,

303 3735 419 3789 prie
450 3734 512 3774 se
542 3717 765 3783 ferant;
796 3716 912 3771 alia
941 3732 1074 3770 cum
1109 3714 1289 3769 Musis
1320 3713 1548 3781 ludant,
1600 3719 1657 3769 et
1706 3713 1943 3781 Gratiis,

301 3813 357 3862 et
380 3808 689 3862 verborum
722 3805 1003 3872 ﬂosculis,
1053 3812 1109 3859 et
1154 3809 1385 3873 compto
1440 3802 1813 3874 periodorum
1863 3803 1949 3857 iu-

298 3901 524 3951 structu
563 3895 829 3951 hilariter
858 3893 1207 3959 subsiliant;
1242 3894 1503 3948 diversos
1531 3892 1644 3947 sibi
1679 3898 1951 3964 parentes

294 4003 397 4057 pro
456 3986 611 4057 genii
672 3984 1008 4040 diversitate
1066 3987 1397 4053 reposcunt.
1450 3982 1517 4035 Et
1565 3981 1702 4036 licet
1751 3982 1949 4051 magni

295 4076 404 4128 viri
438 4074 757 4145 aliquando
790 4089 983 4128 rerum
1015 4071 1375 4127 excelsarum
1417 4070 1802 4141 parturitione
1850 4070 1951 4123 de-

300 4162 525 4235 fatigati
586 4162 910 4227 ,videantur
982 4159 1243 4228 destitui,
1297 4163 1354 4214 et
1412 4158 1473 4213 in
1551 4159 1696 4214 alias
1774 4163 1952 4228 atque

302 4252 449 4307 alias
500 4268 561 4306 se
594 4250 824 4306 dicendi
858 4250 1076 4305 formas
1108 4253 1463 4316 convertere,
1494 4264 1727 4319 semper
1756 4253 1953 4302 tamen

301 4343 361 4396 in
394 4340 510 4396 illis
541 4340 625 4396 vis
656 4340 923 4412 quaedam
957 4344 1201 4408 naturai,
1234 4355 1267 4393 a
1297 4337 1612 4408 semetipsa
1642 4353 1950 4408 nunquam

300 4432 684 4503 degenerans,
745 4428 1097 4496 inclaresoit,
1151 4444 1268 4498 qua
1317 4432 1529 4482 nasuta
1588 4427 1824 4497 ingenia
1896 4430 1950 4481 et

300 4534 464 4573 acres
512 4534 754 4590 operum
803 4518 1035 4588 judices
1083 4534 1283 4572 verum
1314 4522 1612 4571 auctorem
1642 4516 1948 4587 expiscan-
1982 4542 2027 4606 D

298 4612 417 4661 tur.
449 4606 728 4670 Quamvis
759 4606 1067 4676 deturpata
1094 4606 1240 4660 facie
1287 4611 1343 4659 et
1393 4605 1640 4676 pedibus
1686 4604 1951 4659 distortis

301 4696 666 4765 Ganymedes
698 4694 1007 4760 claudicet,
1038 4711 1153 4749 non
1187 4695 1268 4748 ita
1297 4696 1357 4748 in
1388 4693 1568 4748 alium
1602 4695 1791 4748 virum
1841 4694 1950 4748 mi-

299 4801 468 4855 grare
499 4785 809 4855 poterit,ut
834 4782 1203 4855 Ganymedes
1234 4799 1363 4837 esse
1394 4798 1506 4837 non
1540 4788 1949 4852 cognoscatur;

300 4872 492 4927 adhuc
522 4872 877 4928 lineamenta
906 4870 1090 4941 illa,et
1121 4871 1377 4942 pessime
1405 4877 1675 4943 exceptas
1699 4870 1952 4942 pulchri-

300 4960 523 5015 tudinis
555 4958 868 5025 scintillas,
899 4964 957 5015 et
988 4958 1236 5014 latentes
1285 4960 1343 5013 in
1396 4961 1682 5015 membris
1728 4960 1948 5028 radios,

300 5049 349 5104 si
374 5049 591 5119 fungus
612 5049 852 5104 omnino
880 5066 993 5104 non
1018 5065 1103 5116 es,
1125 5054 1389 5120 prompte
1419 5050 1952 5120 dignoscas.Sa3pe-

301 5153 414 5209 que
466 5137 525 5191 in
584 5137 903 5205 contracto,
952 5153 1123 5192 exeso
1196 5154 1261 5192 ac
1336 5138 1601 5206 partibus
1678 5138 1948 5193 mutilato

300 5240 593 5281 marmore
641 5225 847 5280 coelum
897 5224 1203 5281 Praxitelis
1250 5226 1627 5296 deprehendi.
1661 5226 1801 5281 Cum
1835 5227 1949 5281 ita-

300 5330 414 5388 que
451 5314 509 5370 in
537 5313 699 5371 hisce
728 5313 1002 5387 operibus
1055 5314 1227 5387 longe
1274 5313 1505 5370 diversa
1554 5315 1674 5370 sint
1724 5316 1947 5383 omnia,

2061 3274 2205 3331 Audi
2239 3276 2377 3346 quid
2411 3277 2536 3347 ipse
2562 3275 2737 3344 dicat,
2771 3275 2911 3329 dum
2947 3274 3004 3328 in
3042 3276 3155 3329 ﬁne
3186 3280 3480 3341 auctores,
3512 3274 3610 3345 qui
3643 3274 3714 3328 de

2062 3365 2324 3435 lapidum
2374 3363 2688 3418 virtutibus
2737 3380 2949 3418 causas
3004 3363 3328 3430 reddidere,
3382 3368 3715 3427 enumerat,

2061 3458 2191 3525 post
2238 3469 2443 3508 omnes
2474 3453 2719 3508 subdit:
2748 3455 2864 3505 Τῶν
2901 3449 2959 3505 8‘s
2988 3450 3050 3505 οὐ
3082 3449 3227 3505 πολὺ
3259 3450 3365 3523 πρὸ
3398 3453 3562 3524 ἡμῶν
3596 3451 3623 3505 ὁ
3656 3449 3715 3505 ἐκ

2056 3544 2156 3605 τῆς
2204 3537 2554 3617 Ἀφροδισίας
2611 3537 2995 3615 Ἀλέξανδρος,
3055 3537 3342 3614 ἄνθρωπος
3402 3541 3527 3613 περὶ
3586 3543 3715 3594 πάν-

2057 3651 2163 3684 των
2198 3628 2388 3691 ἁπλῶς
2447 3629 2635 3696 εἰπεῖν,
2687 3628 2777 3683 καὶ
2832 3634 2939 3683 τῶν
2999 3627 3327 3704 ἀπορῥήτων
3359 3636 3467 3698 τῆς
3510 3627 3717 3707 φύσεως

2057 3717 2508 3792 προχειρότατος.
2567 3719 2625 3773 Id
2681 3725 2768 3773 est
2817 3734 2830 3773 :
2892 3722 2975 3774 Ea:
3032 3720 3116 3773 his
3173 3728 3379 3785 autem,
3409 3721 3507 3791 qui
3551 3718 3713 3790 paulo

2058 3813 2186 3864 ante
2258 3824 2357 3863 nos
2428 3810 2691 3863 vixerunt
2748 3808 3058 3863 Alexander
3117 3807 3586 3879 Aphrodisiensis,
3641 3805 3710 3861 ad

2058 3898 2246 3952 omnia
2302 3900 2481 3952 etiam
2546 3900 2772 3953 naturae
2844 3897 3150 3952 occultiora
3223 3896 3589 3961 enucleanda,
3652 3899 3714 3951 ut

2058 3987 2225 4057 plura
2251 3987 2441 4055 paucis
2468 3986 2800 4055 complectar
2825 3986 3292 4056 promptissimus.
3324 3986 3493 4041 Anne
3521 3984 3710 4056 'paulo

2060 4082 2194 4130 ante
2226 4080 2490 4145 tempora
2521 4074 2714 4136 Pselli,
2749 4075 2850 4145 qui
2899 4074 3009 4129 sub
3063 4074 3451 4130 Constantino
3498 4080 3553 4129 et
3606 4072 3715 4129 Mi-

2061 4162 2260 4219 chaele
2291 4163 2466 4217 Ducis
2499 4162 2761 4225 ﬂorebat,
2796 4163 3119 4218 Alexander
3147 4159 3714 4234 Aphrodiensis,qui

2060 4255 2170 4309 sub
2202 4253 2495 4307 Antonino
2527 4257 2583 4308 et
2612 4252 2824 4308 Severo
2855 4251 3394 4319 scribebat,vixisse
3430 4252 3713 4307 dicendus

2060 4342 2188 4398 est?
2218 4342 2277 4397 Si
2309 4342 2781 4413 octingentorum
2832 4346 2889 4397 et
2937 4342 3370 4413 quinquaginta
3422 4357 3710 4397 annorum

2062 4432 2319 4503 spatium
2381 4431 2681 4486 modicum
2738 4431 3024 4501 temporis
3084 4430 3460 4485 intervallum
3522 4428 3708 4485 Psello

2058 4525 2169 4590 est,
2202 4520 2355 4591 quod
2390 4520 2501 4575 erit
2531 4519 2804 4590 longum?
2826 4520 2972 4591 Ergo
3002 4519 3089 4575 vel
3123 4519 3218 4575 hic
3249 4519 3485 4575 libellus
3527 4517 3708 4573 Psello

2064 4609 2200 4664 huic
2229 4609 2444 4664 seniori
2478 4609 2870 4664 vindicandus
2900 4614 3010 4675 est,
3046 4608 3132 4665 vel
3165 4609 3214 4664 si
3246 4609 3501 4665 sexcenti
3535 4607 3705 4663 etiam

2061 4703 2118 4752 et
2168 4697 2364 4769 plures
2413 4698 2552 4752 anni
2602 4696 2973 4752 diuturniora
3029 4702 3295 4769 tempora
3341 4703 3501 4764 sunt,
3552 4696 3707 4750 ideo-

2062 4802 2175 4858 que
2225 4802 2329 4841 nec
2374 4785 2592 4841 seniori
2638 4785 3013 4852 tribuendus,
3047 4785 3204 4841 alius
3233 4786 3403 4841 nobis
3436 4782 3703 4857 opusculi

2060 4880 2261 4935 auctor
2309 4875 2661 4945 quaerendus
2712 4881 2803 4930 est
2848 4875 3076 4942 sedulo,
3129 4892 3200 4931 ne
3253 4874 3533 4941 Psellum,
3567 4874 3704 4927 dum

2060 4964 2179 5018 haec
2210 4964 2513 5033 scriberet,
2543 4963 2896 5019 dormitasse
2929 4964 3323 5036 nugacissime
3353 4964 3515 5021 fateri
3547 4977 3710 5032 coga-

2061 5069 2217 5107 mur.

2128 5144 2226 5196 XI.
2263 5142 2429 5196 Liber
2459 5141 2634 5197 etiam
2666 5140 2895 5197 Medicus
2946 5146 3004 5197 et
3054 5142 3475 5213 Therapeuticus
3506 5137 3697 5205 Pselli,

2059 5246 2233 5300 quem
2265 5231 2643 5285 Constantino
2676 5230 3253 5303 Porphyrogennetaz,
3290 5231 3402 5286 nisi
3454 5246 3557 5285 nos
3604 5226 3697 5280 lu-

2057 5316 2140 5372 dit
2196 5317 2527 5390 inscriptio,
2584 5320 2967 5391 nuncupavit,
3027 5320 3172 5375 forte
3244 5318 3425 5376 Psello
3483 5312 3691 5374 seniori

1887 5480 2117 5537 NOTAE.

376 5620 444 5695 (υ)
472 5617 553 5677 De
591 5616 701 5676 hoc
723 5616 877 5676 infra
904 5618 932 5690 §
959 5618 1050 5677 39.
1084 5619 1309 5676 Laudat
1336 5624 1394 5679 et
1420 5618 1669 5680 Allatius
1700 5619 1846 5678 diss.
1879 5620 1950 5679 de
1975 5620 2452 5698 Engastrimytho
2483 5639 2534 5680 ο.
2565 5623 2602 5677 2
2629 5626 2687 5680 et
2710 5622 2800 5681 l6.
