4084 6140
422 331 543 392 485

1681 334 2055 397 DIATRIBA
2105 336 2203 398 DE
2251 323 2589 400 PSELLIS.

3722 345 3839 407 486

416 462 778 518 tribuendus
801 469 909 530 est,
945 463 995 519 si
1028 464 1205 519 vitam
1237 480 1303 520 eo
1337 481 1523 537 usque
1556 467 1875 537 protraxit;
1909 472 2064 523 certe
2094 470 2150 535 Α
2179 468 2431 540 firmant,
2462 470 2598 524 huic
2632 470 2845 525 Niceta:
2879 469 3074 524 Davidi
3106 470 3396 527 tribuunt.
3426 473 3653 529 Habent
3674 476 3833 530 enim

418 551 737 607 recentiori
766 558 1033 624 tempora
1074 557 1307 625 negant.

490 640 620 696 ΧΗ.
682 642 1014 697 Verisimile
1050 642 1245 714 itaque
1277 649 1386 714 est,
1420 643 1676 700 Psellum
1709 644 1865 699 hunc
1907 644 2078 717 plura

416 729 477 785 in
510 731 917 802 PhilosOphicis
977 731 1280 788 Rhetoricis
1328 734 1764 804 composuisse.
1831 735 1900 788 At
1960 750 2075 789 non

413 820 681 890 scripsit,
709 820 966 892 inquies,
1021 821 1310 892 quidquid
1343 823 1412 877 de
1444 823 1575 878 aliis
1626 823 1725 888 sit,
1758 823 1814 876 in
1848 824 2076 878 Simeo—

421 925 558 963 nem
621 910 1080 981 Metaphrastem
1141 911 1599 982 panegyricum,
1660 916 1723 966 ut
1790 912 2077 967 Barunius

424 998 698 1067 somniat,
722 999 799 1070 [9]
831 1016 965 1054 cum
1000 999 1167 1054 illum
1198 1001 1422 1056 Psellus
1440 1001 1731 1055 recentior
1747 1000 2073 1072 scripserit.

426 1088 614 1152 Quare
647 1088 934 1143 Baronius
968 1089 1154 1144 falsus
1202 1097 1310 1157 est,
1359 1094 1416 1144 et
1460 1090 1519 1144 in
1560 1089 1769 1157 Psello,
1803 1106 1979 1160 quem
2015 1088 2074 1142 in

424 1176 585 1231 aliud
616 1182 852 1249 tempus
884 1180 1187 1247 amandat,
1207 1178 1340 1233 etin
1367 1178 1783 1250 Metaphraste,
1804 1195 1976 1249 quem
2002 1180 2075 1233 ob

421 1264 841 1337 imaginarium
884 1266 1140 1321 Psellum
1184 1268 1355 1323 annis
1401 1268 1548 1322 ferre
1596 1267 1886 1333 ducentis,
1914 1271 2075 1321 ante-

422 1369 605 1425 quam
638 1360 1000 1423 esset,suam
1024 1355 1291 1411 Ecclesiae
1329 1373 1563 1427 operam
1596 1356 1961 1411 contuluisse
2014 1355 2075 1409 in

416 1444 767 1498 enarrandis
799 1450 1137 1500 sanctorum
1169 1446 1301 1500 vitis
1326 1444 1643 1500 contendit.
1680 1446 1795 1500 Nec
1834 1444 2074 1499 feliciori

418 1538 630 1586 eventu
665 1532 1057 1587 Bellarminus
1090 1535 1161 1589 de
1196 1534 1592 1605 Scriptoribus
1628 1533 2073 1603 Ecclesiasticis,

422 1619 641 1676 saeculo
664 1638 740 1691 1x,
773 1639 926 1677 anno
947 1624 1052 1676 850
1085 1648 1097 1689 ;
1146 1622 1403 1678 Jacobus
1436 1622 1749 1679 Gaulterus
1784 1623 1841 1678 in
1875 1624 2076 1679 tabula

419 1708 836 1781 Chronologica,
864 1710 1076 1767 saeculo
1109 1729 1187 1779 Ix,
1223 1729 1353 1784 pag.
1381 1713 1522 1780 598;
1551 1714 1807 1767 Jacobus
1850 1712 2076 1767 Grctse-

420 1816 522 1854 rus
554 1800 629 1855 De
653 1801 990 1870 imaginibus
1020 1817 1189 1856 mum
1224 1817 1331 1856 non
1359 1802 1525 1870 factis
1556 1819 1605 1855 c.
1643 1803 1730 1872 10,
1755 1808 1811 1857 et
1832 1801 1951 1869 alii,
1978 1802 2078 1857 Ba-

421 1887 664 1943 ronium
699 1890 886 1944 secuti
918 1895 1075 1944 sunt.

496 1976 646 2032 XIII.
676 1977 774 2033 llic
797 1978 1052 2033 historiae
1084 1977 1491 2034 ecclesiasticae
1525 1979 1747 2049 hostes,
1781 1984 1837 2034 et
1856 1979 2076 2035 Simeo-

426 2065 522 2120 nis
554 2066 961 2138 Metaphrastie
995 2068 1263 2122 acerrimi
1278 2068 1603 2124 defensoris
1617 2074 2074 2139 oppugnatores,

426 2160 731 2210 tantorum
761 2157 1017 2211 virorum
1044 2158 1212 2227 lapsu
1248 2157 1614 2229 triumphare
1637 2157 1746 2212 sibi
1780 2158 2073 2213 videntur.

419 2244 537 2300 Sed
571 2244 732 2299 nulla
786 2246 841 2300 id
898 2246 1149 2301 evidenti
1210 2248 1433 2302 ratione
1485 2252 1795 2314 conantur,
1861 2248 1917 2301 ni
1978 2264 2071 2302 me

424 2350 559 2389 mea
594 2333 742 2389 fallit
800 2334 1021 2406 opinio.
1076 2335 1247 2390 Pselli
1308 2340 1573 2407 tempora
1630 2335 1916 2390 Baronius
1958 2352 2073 2391 non

422 2423 723 2491 distinxit;
760 2430 816 2479 at
848 2442 1106 2494 quonam
1160 2424 1272 2496 ipsi
1305 2426 1477 2480 modo
1510 2425 1926 2496 distinguunt?
1957 2426 2075 2496 Ipsi

422 2511 775 2584 Panegyrim
806 2512 969 2567 illam
1004 2513 1060 2566 in
1109 2512 1564 2583 Metaphrastem
1597 2512 1821 2567 Juniori
1870 2511 2080 2583 Psello,

424 2601 532 2655 sed
584 2616 839 2672 quonam
865 2609 1212 2669 argumento
1233 2600 1606 2671 adjudicant?
1626 2601 1869 2656 Prorsus
1894 2600 2077 2656 nullo.

428 2692 747 2744 Auctorem
799 2688 959 2744 illius
1017 2689 1295 2745 orationis
1357 2689 1606 2744 Psellum
1643 2689 1888 2744 alterum
1932 2707 2081 2759 esse,

429 2795 551 2833 non
582 2778 790 2834 Leonis
823 2778 1162 2851 PhiIOSOphi
1199 2778 1549 2851 magistrum
1588 2796 1893 2851 nunquam
1926 2780 2081 2835 evin-

427 2871 583 2922 cent.
618 2866 869 2938 Scripsit
892 2866 988 2922 ille
1022 2866 1292 2938 plurima,
1328 2872 1393 2922 ut
1416 2867 1708 2923 versimile
1742 2873 1864 2935 est;
1900 2885 2081 2939 quare

430 2972 550 3010 non
584 2961 639 3011 et
669 2955 819 3011 hanc
841 2955 1163 3011 orationem
1188 2957 1441 3011 scribere
1459 2956 1675 3027 potuit?
1688 2961 1752 3011 Et
1773 2958 2082 3027 scripsisse

432 3050 788 3116 argumunto
810 3044 921 3100 hoc
951 3047 1021 3099 ad
1056 3046 1426 3117 probandum
1461 3046 1824 3114 firmissimo,
1879 3046 1938 3100 ni
1989 3063 2082 3101 me

431 3134 663 3191 codices
683 3134 1073 3205 manuscripti
1097 3134 1329 3201 fallunt,
1351 3136 1410 3190 ni
1443 3135 1575 3205 ipsi,
1601 3135 1698 3205 qui
1719 3136 2079 3191 contrarium

2106 1846 2153 1909 B

2187 558 2326 612 satis
2376 559 2711 626 evidenter,
2763 559 2972 626 Νικήτα
3027 556 3331 633 φιλοσόφου
3384 564 3480 613 τοῦ
3540 562 3835 637 Παφλαγο-

2186 645 2301 709 νίας
2357 648 2473 717 [10]
2522 646 2815 720 Ἐρμηνεία
2864 645 2941 707 εἰς
2989 646 3054 700 τὰ
3112 642 3215 717 ἔπη
3267 651 3365 701 τοῦ
3416 647 3708 724 Θεολόγου.
3750 657 3838 722 Et,

2185 734 2399 803 Νικήτα
2427 738 2524 788 τοῦ
2549 735 2637 788 καὶ
2674 733 2877 805 Δαυὶδξ
2912 735 3199 811 Ἐξῆγησις
3235 735 3310 798 εἷς
3340 737 3407 791 τὰ
3452 739 3608 795 αὐτά.
3642 743 3845 799 Niceta:

2190 825 2507 895 Philosoiihi
2541 825 2933 896 Paphlagonia:
2977 827 3260 896 Expositio
3296 829 3355 881 in
3386 827 3653 882 Carmina
3684 830 3845 885 Theo-

2189 914 2321 983 logi,
2366 919 2420 969 et
2470 915 2692 981 Nicetas,
2750 916 2848 985 qui
2889 918 2937 969 et
2991 915 3190 982 David,
3223 918 3500 987 expositio
3533 920 3589 972 in
3622 919 3833 974 eadem.

2187 1002 2387 1072 Neque
2438 1003 2510 1057 ab
2573 1003 2664 1057 his
2717 1002 2931 1058 diversi
2983 1009 3123 1058 sunt
3166 1005 3397 1060 codices
3444 1023 3587 1061 mss.
3639 1010 3839 1079 Augu-

2188 1091 2363 1158 stani;
2398 1092 2827 1163 conﬁrmatque
2859 1092 3038 1147 editio
3073 1096 3292 1148 Veneta
3342 1095 3451 1149 sub
3484 1109 3638 1152 anno
3670 1096 3837 1152 1563.

2189 1180 2259 1235 Ut
2290 1180 2426 1235 hinc
2460 1180 2655 1235 videas
2692 1198 2808 1235 una
2840 1185 2923 1235 tot
2984 1182 3515 1251 manuscriptorum
3567 1185 3837 1239 codicum

2188 1269 2641 1340 conspiratione,
2702 1287 2817 1324 non
2869 1269 3044 1325 unius
3094 1272 3496 1343 exscriptoris;
3527 1273 3840 1329 oscitantia

2188 1357 2423 1413 illarum
2452 1359 2886 1429 expositionum
2919 1359 3323 1415 immutatum‘
3361 1362 3457 1416 sed
3494 1364 3839 1418 continuata

2188 1447 2338 1502 serie
2400 1446 2669 1518 pluribus
2713 1447 3185 1518 comprobatum,
3227 1453 3521 1504 auctorem
3574 1450 3837 1506 Nicetam

2189 1536 2391 1602 fuisse,
2427 1535 2525 1606 qui
2569 1540 2624 1590 et
2663 1535 2838 1590 David
2866 1541 2922 1590 et
2946 1536 3239 1607 Paphalgo
3271 1536 3836 1611 Philosophusdice-

2188 1624 2380 1679 batur.
2416 1625 2628 1679 Serron
2661 1623 2859 1695 itaque
2902 1624 3133 1679 Nicetas
3166 1630 3222 1680 et
3271 1626 3446 1681 David
3482 1629 3833 1685 auctoritate

2190 1714 2395 1768 borum
2432 1715 2696 1768 codicum
2734 1730 2887 1768 unus
2919 1721 3010 1769 est
3040 1720 3095 1770 et
3121 1714 3273 1770 idem
3328 1721 3551 1771 auctor.
3590 1717 3663 1772 Ea
3695 1735 3835 1789 prae,

2188 1819 2455 1873 sequere,
2487 1803 2562 1856 mi
2589 1802 2915 1857 GalI'arelle.
2938 1803 3192 1867 Nicetas,
3219 1810 3424 1875 praeter
3446 1807 3840 1877 expositiones

2186 1892 2245 1946 in
2278 1892 2538 1963 Gregorii
2572 1891 2886 1957 orationes,
2920 1897 2976 1947 et
3007 1892 3122 1946 alia
3152 1894 3370 1965 ingenii
3421 1894 3511 1949 sui
3564 1895 3620 1949 in
3674 1897 3837 1952 omni

2185 1997 2397 2052 genere
2430 1982 2861 2047 doctrinarum,
2893 1981 3123 2035 erudita
3156 1999 3297 2037 sane
3324 1988 3380 2037 et
3409 1983 3581 2039 docta
3630 2002 3837 2041 monu-

2186 2075 2405 2137 menta,
2440 2070 2497 2124 in
2532 2068 2645 2124 divi
2680 2069 2845 2125 Lucas
2903 2069 3303 2139 Evangelium,
3354 2078 3615 2142 quatuor
3671 2072 3838 2131 libris

2186 2158 2550 2221 distinctam,
2604 2158 2751 2212 satis
2799 2158 3035 2213 uberem
3078 2164 3133 2213 et
3164 2158 3523 2215 luculentam
3557 2165 3837 2218 Catenam

2184 2264 2251 2302 ex
2284 2247 2555 2318 pluribus
2587 2247 2857 2302 Patribus
2889 2252 2947 2301 et
2987 2248 3373 2318 scriptoribus
3425 2251 3838 2308 ecclesiasticis

2184 2340 2426 2391 venuste
2459 2336 2775 2391 admodum
2807 2336 3207 2405 concinnavit;
3244 2337 3397 2393 inter
3453 2356 3551 2394 eos
3581 2357 3695 2396 non
3746 2342 3835 2396 in-

2197 2425 2316 2480 limi
2351 2430 2490 2479 sunt
2536 2424 2769 2479 Simeon
2819 2425 3205 2496 Metaphrates
3250 2431 3307 2481 et
3358 2428 3601 2484 Psellus.
3646 2431 3838 2486 Fateri

2193 2530 2509 2587 possumus
2539 2530 2692 2582 ergo,
2739 2512 2994 2568 Psellum
3028 2514 3205 2580 hunc,
3242 2516 3343 2586 qui
3393 2518 3503 2571 sub
3553 2522 3838 2573 Constan-

2190 2605 2313 2658 tino
2345 2602 2504 2656 Duca
2540 2602 2756 2669 ﬂoruit,
2790 2605 2957 2657 esse?
2993 2609 3212 2675 Apage.
3265 2604 3429 2659 Mersa
3472 2623 3659 2675 nugs}.
3695 2612 3839 2663 Ante

2190 2692 2401 2747 Niceta
2436 2695 2705 2762 tempora
2737 2690 2955 2745 obiisse
3014 2707 3147 2746 eum
3207 2702 3359 2747 certo
3407 2699 3656 2753 constat.
3694 2696 3838 2752 Eum

2191 2782 2261 2836 de
2284 2797 2430 2835 novo
2463 2785 2596 2851 post
2617 2778 2879 2835 Nicetam
2911 2779 3188 2835 revixisse
3220 2781 3466 2852 probent
3491 2782 3625 2854 ipsi,
3656 2784 3704 2840 si
3740 2802 3838 2857 po-

2192 2874 2412 2925 terunt.

2260 2958 2412 3013 XIV.
2448 2961 2872 3029 Argumentum
2906 2957 3012 3012 hoc
3036 2974 3177 3013 sane
3200 2959 3423 3028 efﬁcax,
3449 2960 3593 3016 mihi
3616 2961 3674 3016 in
3698 2979 3836 3036 prae-

2192 3048 2398 3113 sentia,
2441 3053 2505 3101 ut
2536 3062 2732 3102 verum
2791 3045 2995 3114 fateor,
3056 3063 3169 3101 non
3217 3047 3524 3104 satisfacit.
3566 3049 3681 3105 Nec
3726 3051 3838 3108 ﬁde

2194 3138 2727 3206 manuscriptorum
2779 3137 3072 3207 codicum,
3125 3155 3273 3209 quos
3320 3155 3501 3211 supra
3548 3142 3837 3209 recensui,

425 3228 727 3292 astruunt,
777 3223 1002 3295 lapides
1048 3230 1213 3293 sunt,
1257 3225 1696 3279 demonstrabo.
1742 3225 2079 3279 Concedent
2109 3210 2150 3277 C
2190 3227 2452 3281 Nicetam
2486 3226 2765 3280 Davidem
2798 3227 3067 3280 eumdem
3101 3243 3229 3280 esse
3277 3210 3411 3282 cum
3461 3229 3663 3285 Niceta
3700 3231 3837 3285 Ser-

426 3316 486 3366 et
518 3313 835 3366 concedere
890 3313 1107 3367 debent
1163 3311 1445 3368 orationis
1507 3318 1809 3383 parentem
1861 3329 2081 3383 cogno-

436 3405 639 3455 mento
690 3399 946 3456 Psellum
999 3401 1204 3469 fuisse,
1258 3400 1582 3471 vixisseque
1639 3417 1753 3456 non
1812 3401 1906 3455 diu
1953 3405 2084 3473 post

433 3488 845 3561 Metaphrastze
892 3495 1176 3562 tempora.
1212 3490 1291 3545 En
1340 3489 1500 3545 illius
1538 3490 1712 3545 verba
1743 3486 2084 3561 (Ιῑ);”Εδειξε

431 3578 541 3651 γᾶρ
598 3578 694 3630 κάν
744 3581 824 3649 τῷ
878 3575 1023 3631 τὲλιι
1080 3578 1273 3639 ὁποῖος
1323 3575 1469 3648 αὐτῷ
1515 3577 1542 3630 ὁ
1588 3574 2081 3649 διεσπουδασμένος

435 3665 555 3740 βίος
616 3663 906 3740 ἐτύγχανεν
966 3660 1063 3722 ὤν.
1121 3667 1200 3723 Οὐ
1249 3666 1348 3743 γὰρ
1398 3664 1577 3742 ὥσπερ
1626 3672 1949 3738 τετιμῆσθαι
1992 3665 2083 3719 αὐ-

430 3755 525 3809 τὸν
585 3755 635 3808 οἱ
694 3753 1091 3830 συνεωρακότες
1151 3756 1329 3831 φασὶν,
1394 3752 1518 3809 οὐδὲ
1576 3752 1897 3832 διῃρῆοθαι,
1959 3753 2086 3810 ἀλλ’

436 3841 611 3898 ἐδόκει
688 3842 868 3919 ὥσπερ
947 3845 1094 3906 τινὸς
1174 3842 1377 3915 δέσμης
1434 3843 1935 3921 ἐλευθερούμενος,
1994 3844 2080 3899 καὶ

433 3933 691 4008 εὐμαρῶς
749 3933 884 4007 πρὸς
923 3931 1049 3994 τοὺς
1081 3929 1309 4008 ἄγοντας
1354 3931 1621 4008 ἀγγέλους
1675 3932 2085 4005 ἀνατεινόμενος

430 4022 684 4095 νεύματι.
748 4027 804 4077 Id
865 4029 956 4078 est
990 4041 1001 4079 :
1039 4024 1175 4078 Nam
1204 4025 1287 4079 vel
1319 4026 1375 4078 in
1425 4025 1535 4094 ﬁne
1580 4023 1835 4090 ostendit,
1872 4024 2089 4094 qualem

432 4117 613 4169 vitum
642 4116 847 4184 egerat.
882 4113 998 4168 Non
1043 4114 1194 4167 enim
1249 4128 1376 4168 eum
1414 4114 1584 4168 veluti
1633 4113 1961 4179 abscissum,
1991 4117 2087 4167 aut

431 4204 679 4258 divisum
705 4204 882 4273 fuisse
910 4202 1104 4257 dicunt
1135 4202 1306 4273 ii,qui
1338 4202 1597 4257 viderunt
1629 4219 1641 4257 :
1667 4203 1769 4257 sed
1802 4202 2089 4258 videbatur

431 4293 615 4351 veluti
644 4310 681 4348 a
709 4297 945 4362 quodam
992 4292 1216 4347 vinculo
1265 4291 1513 4360 liberari,
1564 4295 1614 4347 et
1656 4291 1838 4346 hilari
1865 4299 2005 4346 nutu
2032 4307 2086 4347 se

429 4386 722 4445 extendere
750 4381 819 4436 ad
850 4381 1102 4435 ducentes
1152 4381 1385 4450 angelos.
1423 4380 1623 4451 Neque
1675 4396 1886 4451 negare
1918 4385 2085 4451 pote-

431 4480 593 4540 runt,
624 4473 886 4529 Nicetam
916 4468 1039 4540 qui,
1070 4474 1125 4524 ct
1154 4469 1330 4524 David
1376 4468 1703 4536 dicebatur,
1755 4468 2082 4540 Paphalgo-

2192 3333 2350 3381 rone,
2383 3316 2609 3371 Catena:
2634 3314 2688 3367 in
2717 3315 2924 3368 Lucam
2954 3314 3332 3386 compilatore
3356 3319 3665 3388 probatum
3690 3320 3835 3374 satis

2195 3410 2367 3476 puto:
2403 3403 2644 3475 longum
2705 3402 2861 3457 enim
2922 3403 3201 3475 temporis
3259 3404 3632 3461 intervallum
3682 3408 3837 3463 inter

2194 3499 2510 3563 utrumque
2563 3491 2966 3547 intercessisse
3016 3491 3314 3549 existimo.
3391 3494 3536 3549 Nam
3600 3494 3833 3551 Nicetas

2192 3581 2723 3648 Serron,diaconus
2757 3581 3008 3651 primum
3043 3581 3266 3652 Magnes
3296 3583 3585 3650 Ecclesiae,
3619 3591 3675 3640 et
3708 3602 3835 3640 ma-

2194 3672 2394 3743 gister,
2446 3686 2546 3725 seu
2578 3670 2798 3726 doctor.
2858 3668 3086 3724 Catenae
3122 3670 3180 3723 in
3214 3670 3456 3739 Lucam,
3499 3674 3837 3731 Matthaaum

2194 3766 2251 3815 et
2274 3758 2417 3814 alios
2449 3762 2669 3828 auctor,
2699 3763 2756 3812 et
2786 3757 3186 3813 Heracleensis
3225 3764 3425 3830 postea
3446 3761 3840 3833 archiepisco-

2197 3866 2328 3921 pus,
2362 3848 2570 3902 iisdem
2605 3863 2739 3901 cum
2781 3846 3179 3919 Thephylacto
3232 3847 3671 3922 archiepiscopo
3712 3852 3843 3907 Bul-

2194 3936 2368 4009 garize
2423 3936 2791 4007 temporibus
2845 3936 3061 4000 ﬂoruit,
3096 3937 3165 3990 ad
3201 3952 3372 4007 quem
3400 3955 3614 3992 nonam
3648 3940 3841 3996 Theo-

2196 4025 2453 4098 phylacti
2485 4023 2792 4095 epistolam
2828 4025 2980 4077 inter
3002 4023 3322 4095 impressas
3351 4042 3384 4079 a
3406 4026 3681 4098 Meursio,
3704 4027 3841 4101 legi.

2194 4116 2302 4170 Sed
2334 4115 2405 4168 de
2438 4113 2527 4167 his
2561 4112 2711 4167 alius
2744 4111 2853 4166 erit
2883 4112 3215 4183 inquirendi
3250 4112 3431 4169 locus.

2265 4202 2381 4258 XV.
2408 4202 2568 4266 Quod
2604 4201 2653 4257 si
2681 4206 3023 4256 aovatorum
3075 4202 3356 4258 doctrinis
3406 4203 3680 4261 insistere
3726 4206 3843 4262 vel-

2194 4291 2331 4359 lem,
2374 4291 2800 4361 Metapbrastes
2830 4290 2887 4343 in
2922 4290 3129 4345 ultima
3175 4290 3517 4348 Christianae
3570 4294 3841 4350 Ecclesiae

2193 4379 2545 4451 antiquitate
2578 4379 2723 4450 ipsis
2749 4379 2925 4433 etiam
2958 4379 3356 4449 apostolorum
3392 4381 3699 4453 discipulis
3718 4381 3843 4457 σύγ-

2192 4487 2392 4543 χρονος
2429 4468 2557 4537 fuit,
2582 4472 2812 4522 tantum
2834 4467 3001 4521 abest
3026 4473 3086 4521 ut
3108 4470 3551 4525 recentissimus
3582 4470 3676 4526 sit.
3733 4473 3839 4529 No-

430 4583 568 4623 nem
602 4563 735 4618 divo
788 4558 1011 4632 Ignatio
1055 4556 1722 4629 Constantinopolitano,
1774 4557 2083 4629 aequalem,
2116 4577 2161 4643 Β
2192 4559 2302 4613 dus
2333 4574 2503 4627 quem
2538 4555 2754 4625 nescio,
2784 4572 2856 4609 an
2893 4572 3148 4625 unquam
3176 4557 3840 4628 expedient-adversarii.

430 4656 646 4711 iisdem
678 4666 812 4706 cum
844 4647 1094 4703 senioris
1126 4646 1429 4703 Michaelis
1481 4646 1652 4702 Pselli
1696 4646 2083 4717 temporibus,

426 4742 667 4815 scriptis
699 4738 874 4795 editis
906 4737 1378 4807 celeberrimum,
1423 4737 1661 4793 vixisse.
1698 4738 1826 4808 Ipse
1860 4739 1965 4792 hoc
2012 4737 2084 4791 de

428 4851 515 4902 se,
536 4833 594 4886 in
629 4827 918 4903 principio
941 4826 1083 4879 Vitae
1112 4825 1320 4897 Ignatii
1344 4842 1377 4879 a
1406 4842 1467 4880 se
1499 4824 2082 4895 conscriptaa.tradit.

430 4923 694 4979 Nicetam
728 4917 885 4972 hunc
904 4914 1177 4969 eumdem
1210 4930 1343 4968 cum
1369 4914 1570 4969 Niceta
1592 4915 1836 4970 Serrone
1861 4914 2084 4969 faciunt

427 5011 694 5084 plerique
726 5005 959 5061 codices
992 5002 1275 5058 Vaticani.
1324 5003 1755 5075 Expositionem
1788 5002 2081 5074 siquidem

426 5101 491 5155 in
522 5097 799 5153 Carmina
829 5092 1089 5163 Gregorii
1143 5091 1513 5157 Nazianzeni,
1567 5092 1851 5162 ejusdem,
1896 5092 1997 5162 qui
2028 5096 2085 5147 et

433 5190 493 5244 in
521 5186 636 5242 alia
659 5181 921 5254 Gregorii
946 5185 1380 5236 commentatus
1420 5184 1510 5235 est
1556 5180 1791 5250 Nicetis,
1816 5180 2083 5236 Serronis

430 5275 678 5342 scilicet,
711 5271 867 5345 quod
910 5275 967 5325 et
996 5268 1234 5341 plurimi
1270 5269 1499 5324 codices
1534 5269 1920 5342 manuscripti
1951 5286 2084 5326 con-

2195 4646 2509 4710 Gesnerus,
2531 4648 2589 4699 et
2617 4644 2743 4713 ejus
2767 4644 3126 4714 Epitomator
3172 4645 3571 4717 suspicantur,
3627 4646 3840 4720 Hippo-

2194 4732 3442 4806 lytumThebanum,ChroniciEcclesiastici
3470 4734 3841 4807 scriptorem,

2193 4823 2362 4892 cujus
2390 4823 2786 4893 fragmentum
2829 4820 3100 4875 Canisius
3152 4822 3208 4875 in
3254 4823 3526 4893 Antiquit.
3561 4826 3703 4879 tom.
3740 4826 3839 4895 Ill,

2200 4911 2368 4967 nobis
2400 4916 2593 4967 Graece
2613 4916 2670 4967 et
2718 4910 2919 4965 Latine
2981 4910 3264 4977 exhibuit,
3298 4909 3466 4966 illum
3498 4929 3648 4983 esse,
3671 4916 3843 4986 cujus

2194 5001 2585 5072 Hieronymus
2618 4998 2887 5054 meminit
2921 4999 2977 5052 in
3009 4997 3157 5053 libro
3204 5001 3277 5054 De
3323 5002 3459 5055 viris
3508 5002 3839 5076 illustribus,

2194 5091 2572 5146 Portuensem
2609 5090 2916 5152 duntaxat,
2955 5104 3059 5141 nec
3091 5089 3448 5160 incongrue;
3485 5107 3619 5146 cum
3651 5098 3707 5147 et
3737 5093 3841 5149 Ni-

2196 5179 2485 5249 cephorus
2537 5176 2809 5233 Callistus
2872 5176 3071 5230 Histor.
3121 5179 3314 5233 Eccles
3387 5178 3487 5233 lib.
3549 5196 3611 5248 η,
3670 5196 3719 5235 c.
3782 5183 3836 5250 3,

2195 5267 2422 5340 Glycas,
2468 5266 2532 5338 (ί)
2590 5270 2647 5321 et
2706 5264 2813 5335 [11]
2872 5263 3211 5321 Theodorus
3269 5266 3584 5324 Metochita
3620 5269 3679 5325 in
3727 5273 3840 5327 Aa-

2029 5403 2239 5461 NOT/E

503 5509 582 5581 (ἡ)
613 5508 780 5580 Apud
812 5505 1091 5581 Allatium
1132 5506 1203 5561 de
1247 5504 1623 5562 Simeonibus
1652 5523 1709 5578 p.
1738 5506 1864 5561 335.
1898 5506 2081 5570 Quem

423 5579 571 5639 vide
592 5579 765 5636 etiam
800 5596 856 5651 p.
879 5579 964 5651 Δ48
996 5593 1120 5647 seq.

500 5653 568 5729 (i)
599 5647 993 5727 Glycaa’etiam
1024 5651 1166 5705 sunt
1185 5663 1333 5720 quos
1352 5647 1466 5705 sub
1496 5647 1823 5706 Metochitae
1845 5648 2082 5708 nomine

2192 5502 2450 5576 annales
2466 5500 2760 5576 Meursius
2791 5500 2997 5576 edidit.
3038 5500 3384 5576 Hippolytus
3414 5520 3545 5562 vero
3571 5503 3841 5563 Chronici

2193 5580 2398 5634 auctor
2426 5574 2626 5631 ﬂoruit
2655 5571 2867 5630 saeculo
2898 5572 2994 5629 XI.
