4046 6144
336 304 449 364 48Ἷ

1752 280 2030 342 LEONlS
2075 280 2383 340 ALLATll

3629 276 3747 338 488

331 433 580 497 nalibus,
602 446 694 495 ea,
718 441 849 499 quae
880 426 1020 480 sunt
1049 416 1341 492 Hippolyti
1387 414 1669 476 Thebani,
1720 412 1987 467 tribuant
2016 436 2070 499 Α
2099 411 2356 467 locutum
2394 410 2875 479 familiarissime,
2926 428 3167 484 suaeque
3212 411 3520 481 legationis
3559 410 3734 465 finem

336 521 668 596 Hippolyto,
703 513 1008 572 Portuensi
1041 511 1336 582 episcopo,
1370 505 1850 572 substituantque
1880 517 1984 572 pro

335 588 612 669 Thebano
637 612 1040 661 Portuensem.
1075 599 1282 655 Verum
1329 592 1669 650 Portuensis
1700 592 1809 645 sub
1860 588 1987 643 Ale-

334 701 560 757 xandro
592 696 966 767 imperatore,
999 705 1150 744 anno
1178 685 1401 742 scilicet
1429 681 1643 737 Christi
1673 681 1798 749 229,
1832 695 1987 733 mar-

338 791 557 862 tyrium
576 801 790 858 passus
819 785 928 836 est.
948 779 1052 834 Est
1066 793 1199 847 ergo
1219 774 1646 843 Metaphrastes
1665 768 1985 841 antiquior,

342 855 474 935 c-um
496 855 904 945 Metaphrastze
933 863 1295 922 Simeonisin
1314 860 1597 916 Chronico
1621 858 1839 913 mentio
1862 855 1986 926 ﬁat,

341 974 397 1024 et
419 944 756 1037 suspicione
776 960 1041 1031 ipsorum
1058 971 1174 1009 una
1199 968 1330 1007 cum
1353 948 1662 1020 discipulis
1695 944 1988 1017 apostolo-

341 1071 472 1110 rum
507 1054 721 1109 ﬂoruit.
765 1048 968 1102 Plures
993 1045 1118 1116 jam
1170 1040 1261 1096 hic
1302 1037 1728 1108 Metaphrastes
1784 1037 1987 1106 partu-

340 1145 510 1210 rient,
546 1139 805 1196 omnium
839 1142 1033 1190 tamen
1068 1129 1536 1187 recentissimum
1566 1125 1731 1179 Vitas
1756 1132 1984 1179 sancto-

335 1249 467 1287 rum
499 1228 809 1300 scripsisse
841 1225 1055 1278 dicent.
1092 1225 1269 1291 Nugaa
1300 1223 1358 1272 et
1388 1214 1640 1271 somnia.

403 1321 544 1375 XVI.
578 1316 1001 1388 Metaphrastes
1028 1309 1259 1365 Simeon
1309 1306 1519 1360 unicus
1564 1307 1711 1367 esto,
1768 1300 1983 1354 Theba-

331 1426 441 1464 nus
474 1426 506 1463 a
537 1405 871 1467 Portuensi,
904 1400 989 1457 uti
1040 1403 1130 1455 est
1163 1395 1510 1468 Hippolytus
1560 1392 1828 1447 diversus
1862 1389 1983 1445 exi-

330 1499 621 1563 stimetur;
666 1500 722 1549 et
758 1509 863 1547 nos
910 1503 1196 1561 perquam
1228 1486 1480 1540 obscura
1528 1480 1689 1535 illius
1721 1484 1987 1549 tempora

332 1592 389 1642 et
418 1586 547 1639 vitae
581 1583 917 1638 institutum
954 1577 1189 1632 aliunde
1221 1590 1398 1645 quam
1432 1589 1465 1626 a
1494 1577 1754 1640 tempore
1787 1566 1983 1633 Pselli,

332 1680 411 1743 et,
436 1674 485 1729 si
518 1672 641 1728 fieri
674 1674 887 1743 potest,
921 1669 993 1722 ab
1025 1666 1225 1721 eodem
1263 1662 1439 1717 etiarn
1471 1657 1862 1729 Metaphraste
1894 1655 1981 1709 in-

333 1763 887 1835 quiramus.Auctor
906 1756 1052 1810 Vitae
1094 1757 1309 1809 sanetae
1345 1748 1692 1805 Theoctistaa
1746 1745 1979 1813 Lesbiaa,

2095 501 2482 566 fortunatum,
2516 501 2588 555 ob
2620 516 2867 572 eamque
2897 517 3144 556 munera
3176 501 3249 557 ab
3281 500 3631 572 imperatore
3660 516 3743 553 re-

2094 590 2401 661 portanda,
2434 589 2817 661 praesagiente
2848 590 3044 647 divino
3091 590 3192 646 illo
3242 607 3402 655 sene,
3450 589 3690 645 audisse
3724 604 3737 641 :

2096 682 2231 750 post
2277 679 2608 733 absolutam
2670 679 3121 751 navigationem,
3157 679 3462 735 scribendo
3498 695 3588 748 ea,
3622 694 3748 748 quae

2078 767 2320 823 .viderat
2350 772 2408 823 et
2464 768 2751 834 audierat,
2810 775 3097 841 praecepta
3153 769 3315 825 senis
3368 767 3747 838 adimplesse.

2098 855 2207 911 Illa
2236 873 2367 926 ergo
2427 861 2772 927 tempestate
2831 859 3078 925 vivebat,
3135 875 3266 914 eum
3315 858 3535 913 Arabes
3594 855 3753 927 )Egel

2097 945 2349 1013 insulas,
2384 952 2440 1001 et
2487 947 2619 1001 o'ras
2668 947 2899 1003 Graeciae
2958 948 3285 1004 maritimas
3361 964 3472 1003 non
3532 944 3753 1001 infelici

2098 1040 2327 1101 eventu,
2366 1035 2579 1090 misera
2608 1040 2805 1092 tamen
2835 1038 3066 1092 Graeciaa
3098 1037 3429 1093 calamitate
3472 1052 3541 1091 ac
3588 1034 3753 1089 clade

2099 1123 2454 1178 afﬂixerunt.
2489 1125 2600 1179 Sed
2634 1131 2777 1180 tunc
2830 1126 3230 1197 potissimum,
3264 1142 3397 1180 cum
3439 1125 3499 1179 in
3537 1124 3755 1179 Arabas

2099 1210 2289 1267 classe
2322 1230 2389 1268 ac
2423 1214 2572 1269 ferro
2621 1213 2938 1283 Himerius,
2975 1215 3101 1287 ipse
3149 1215 3323 1270 verbo
3370 1230 3436 1269 ac
3486 1212 3750 1267 muneri-

2099 1301 2209 1357 bus
2235 1304 2655 1373 expugnandos
2689 1303 2961 1369 mittilur,
2994 1309 3134 1359 tunc
3174 1321 3306 1359 cum
3358 1303 3628 1357 nondum
3681 1301 3752 1355 ad

2097 1391 2477 1461 scriptionem
2528 1392 2793 1448 animum
2845 1393 3181 1465 adjeeisset.
3215 1393 3326 1449 Sed
3361 1393 3475 1447 ista
3506 1406 3752 1446 evenere

2094 1480 2463 1551 temporibus
2513 1481 2726 1537 Leonis
2786 1483 3104 1554 Sapientis,
3151 1481 3355 1537 Basilii
3415 1477 3755 1537 Macedonis

2094 1568 2221 1634 ﬁlii,
2281 1569 2328 1622 si
2388 1568 2669 1637 Cedreno,
2745 1570 3133 1643 Curopalatas,
3198 1570 3435 1626 Zonaras
3500 1567 3754 1639 aliisque

2091 1657 2389 1714 historicis
2445 1659 2660 1715 Graecis
2716 1660 2860 1716 fides
2921 1660 3192 1716 habenda
3242 1667 3351 1715 est.
3404 1659 3561 1730 Ergo
3613 1661 3757 1712 tunc

2096 1748 2331 1803 Simeon
2355 1749 2464 1804 iste
2494 1749 3216 1820 Metaphrastes,Vitarum
3246 1747 3753 1821 seriptor,ﬂoruit,

330 1813 992 1925 Lippo‘r—I‘iano—etSurio,
1047 1844 1114 1915 (j)
1148 1842 1394 1912 aliisque
1433 1838 1559 1894 sine
1589 1836 1709 1892 ulla
1747 1834 1984 1889 hmsitu-
2018 1813 2063 1875 Β
2095 1839 2442 1892 muneribus
2470 1854 2536 1893 ac
2567 1813 2956 1910 dignitatibus
2983 1844 3208 1894 auctus.
3246 1839 3312 1894 Et
3351 1813 3396 1894 si
3430 1813 3577 1909 quid
3618 1853 3753 1892 con-

330 1943 509 2006 tione,
543 1939 811 2012 quamvis
845 1935 1040 1991 nescio
1072 1932 1213 2004 quid
1246 1931 1315 1985 ad
1340 1930 1628 1983 incertum
1681 1930 1977 1980 auctorem

331 2029 719 2096 transmittat,
752 2024 1180 2096 Metaphrastes
1226 2019 1322 2073 hic
1371 2021 1483 2073 est.
1526 2013 1978 2085 Comprobatur-

338 2136 452 2192 que
482 2117 811 2175 certissimo
861 2112 1050 2186 ipsius
1105 2108 1278 2165 Pselli
1337 2104 1695 2162 testimonio.
1753 2099 1979 2156 Psellus

343 2225 620 2279 namque,
645 2208 785 2262 dum
819 2204 877 2258 in
903 2200 1359 2272 Metaphrastem
1401 2211 1642 2261 canone,
1684 2207 1978 2247 commen-

330 2298 582 2354 tationes
603 2294 997 2366 Mataphraste
1037 2288 1322 2354 insinuat,
1356 2283 1561 2340 scribit
1590 2281 1758 2337 illum
1791 2279 1979 2334 consi-

330 2386 409 2443 lio
442 2392 617 2458 atque
651 2385 875 2439 monitu
904 2380 1056 2436 Parii
1097 2377 1457 2433 anachoreta:
1490 2387 1708 2427 munus
1740 2385 1975 2441 aggres-

330 2493 464 2531 sum
498 2457 814 2538 scribendi,
850 2470 1102 2542 primum
1146 2466 1408 2521 omnium
1442 2460 1799 2532 colloquium
1834 2457 1976 2511 illud

327 2564 817 2636 composuisse,et
838 2556 1187 2615 Theoctistae
1212 2553 1455 2622 virginis
1486 2551 1664 2606 vitam
1700 2546 1979 2619 graphice

328 2632 647 2709 admodum
700 2649 1038 2711 celebrasse,
1074 2645 1191 2699 Ode
1221 2644 1273 2697 6.
1321 2641 1397 2696 Τὸ
1448 2636 1662 2713 πρῶτόν
1713 2656 1807 2688 σου
1849 2632 1977 2708 σύγ-

329 2760 563 2815 γραμμα
614 2739 673 2793 ἐκ
729 2736 996 2810 Ηρονοίας
1055 2732 1239 2801 θε¹ικῆς
1276 2774 1289 2800 ,
1344 2730 1433 2783 καὶ
1505 2725 1728 2797 ὁμιλίας
1792 2725 1980 2797 γέγονε

328 2834 425 2883 τοῦ
469 2830 619 2903 ἱεροῦ
669 2824 971 2902 πρεσϐύτου
1002 2822 1092 2876 καὶ
1129 2822 1416 2893 novata-:05,
1450 2814 1676 2888 Συμεὼν
1711 2814 1975 2882 θεσπέσιε,

333 2918 391 2973 ’ὀν
427 2917 477 2971 ἐν
508 2901 674 2991 Πάρῳ
717 2901 793 2987 ντῇ
838 2916 989 2985 νήσῳ
1016 2910 1375 2984 τεθεώρηκας.
1411 2909 1496 2973 Et,
1531 2905 1716 2977 Ἀξίως
1747 2901 1977 2974 ἐξόμνη-

329 3028 424 3069 σας
461 3013 561 3075 τῆς
612 2998 845 3064 Λεσϐίας
904 3002 969 3056 τὰ
1028 2998 1258 3072 Λαμπρὰ
1311 2996 1401 3051 καὶ
1460 2999 1577 3059 Οεῖα
1627 2992 1978 3067 ἀγωνίσματα

328 3096 653 3165 Θεογτίστης
684 3100 784 3163 τῆς
814 3089 984 3154 ὅντως
1005 3087 1316 3166 ἀγγελικὸν,
1345 3088 1542 3159 μικροῦ
1565 3086 1654 3137 καὶ
1686 3082 1975 3153 ἀσώματον

2083 1927 2315 1997 jectura
2371 1927 2647 1996 augurari
2679 1926 2834 1996 licet,
2869 1928 3107 1983 Simeon
3138 1927 3235 1982 ille
3266 1944 3299 1983 a
3330 1926 3579 1982 secretis
3628 1925 3739 1981 sub

2092 2015 2201 2070 hoc
2234 2015 3243 2089 Leone,quiaurumaRhodOphyllo
3260 2014 3532 2071 relictum
3567 2014 3744 2069 Leoni

2085 2104 2380 2175 Tripolitae
2412 2104 2615 2161 infami
2644 2111 2909 2178 apostate
2940 2105 3248 2174 obtulerat,
3286 2109 3349 2159 ut
3377 2121 3517 2160 eum
3551 2104 3623 2159 ab
3647 2119 3745 2159 ex-

2088 2195 2237 2249 cidio
2264 2195 2773 2250 'l‘hessalonicensi
2798 2200 3101 2265 averteret,
3120 2195 3369 2265 ideoque
3391 2194 3467 2248 ab
3498 2193 3749 2264 impera-

2086 2288 2209 2338 tore
2242 2284 2543 2355 patriciiet
2564 2285 2858 2339 secretarii
2888 2285 3148 2356 primarii
3183 2283 3583 2356 dignitatibus
3605 2297 3744 2337 con-

2088 2373 2412 2439 decoratas,
2443 2373 2806 2429 nullusalius
2827 2379 3120 2446 est,quam
3148 2373 3513 2429 Simeoniste
3546 2377 3745 2427 noster

2088 2462 2527 2531 Metaphrastes,
2584 2464 2683 2534 qui
2735 2462 3064 2535 Logothetae
3098 2464 3335 2518 nomine
3364 2480 3400 2517 a
3429 2460 3644 2529 Psello,
3683 2465 3745 2516 ut

2090 2552 2354 2606 dicemus
2388 2551 2654 2621 inferius,
2688 2559 2743 2608 et
2774 2553 2845 2607 ab
2877 2552 3009 2607 aliis
3036 2552 3373 2621 insignitur.

2161 2640 2336 2695 XVII.
2400 2642 2828 2712 Metaphrastes
2859 2658 2995 2713 ergo
3060 2641 3293 2698 Simeon
3356 2642 3739 2714 scriptionem

2088 2746 2330 2787 exorsus
2361 2734 2450 2785 est
2482 2732 2590 2786 sub
2614 2732 2820 2801 Leone,
2843 2737 2901 2786 et
2922 2732 3032 2786 sub
3060 2731 3448 2787 Constantino
3485 2729 3740 2801 Porphy-

2089 2823 2424 2890 rogenneta,
2453 2819 2659 2875 Leonis
2692 2819 2830 2889 filio,
2876 2824 2934 2874 et
2983 2824 3193 2891 nepote
3232 2821 3518 2887 Romano,
3570 2823 3739 2874 aetate

2087 2908 2265 2964 etiam
2296 2907 2420 2978 ipse
2453 2909 2812 2979 provectiore
2842 2908 3099 2963 assiduis
3134 2907 3436 2963 laboribus
3470 2906 3733 2963 absolve-

2087 2997 2218 3063 bat;
2255 3001 2316 3051 ut
2343 3013 2411 3051 ex
2454 2996 2615 3050 illius
2646 2997 2906 3053 oratione
2948 2998 3019 3052 de
3066 2996 3470 3068 exportzitione
3525 3012 3731 3051 manus

2088 3087 2301 3141 dextra:
2358 3086 2601 3141 Joannis
2633 3085 2901 3156 Baptistae
2950 3086 3103 3158 apud
3174 3086 3607 3158 Lippomanum
3679 3090 3734 3139 et

322 3183 623 3254 τελεσάσης
665 3181 954 3256 παντόφως
1005 3180 1066 3234 τὸ
1119 3174 1446 3247 πολίτευμα.
1506 3176 1560 3228 ld
1614 3178 1743 3229 est:
1781 3173 1973 3226 Prima

2095 3175 2323 3229 Surium
2353 3173 2431 3246 (Is)
2464 3173 2656 3246 colligi
2702 3176 2931 3244 poterit.
2985 3175 3071 3230 Ait
3120 3174 3278 3231 enim
3329 3191 3398 3230 ea
3429 3178 3598 3230 aetate
3629 3173 3737 3229 sub

321 3284 420 3331 tua
448 3275 839 3331 commentatio
858 3290 933 3327 ea:
967 3270 1163 3326 divina
1212 3266 1571 3324 Providentia
1617 3267 1667 3318 et
1708 3262 1973 3332 colloquio

322 3368 475 3435 facta
518 3368 591 3419 est
623 3364 777 3418 sacri
822 3362 971 3417 senis
1029 3363 1081 3414 et
1136 3354 1507 3419 anachoreta),
1541 3352 1766 3406 Simeon
1791 3349 1971 3404 admi-

325 3454 543 3517 rabilis,
577 3468 737 3524 quem
773 3453 832 3505 in
891 3451 1034 3503 Paro
1077 3447 1266 3502 insula
1312 3442 1676 3513 conspexisti.
1728 3440 1819 3506 Et,
1871 3443 1973 3492 Pro

327 3542 606 3610 dignitate
657 3540 871 3595 laudati
930 3537 1134 3592 Lesbia?
1168 3535 1410 3589 illustria
1456 3536 1507 3586 et
1555 3530 1745 3583 divina
1788 3535 1971 3582 certa-

328 3634 505 3696 mina,
542 3645 662 3684 vere
694 3629 1036 3690 Theoctzslae,
1069 3642 1101 3678 a
1135 3624 1243 3677 Deo
1281 3622 1593 3691 fabricatae,
1642 3631 1768 3688 qia?
1806 3631 1974 3686 ange-

330 3719 496 3773 licam
524 3725 575 3773 et
605 3721 817 3772 tantum
846 3731 956 3770 non
1004 3716 1385 3779 incorporeum
1432 3708 1666 3764 absolvit
1700 3706 1977 3776 sapienter

325 3810 463 3864 vitae
491 3809 785 3861 rationem.
824 3805 883 3859 In
918 3804 1025 3857 hac
1058 3807 1254 3856 autem
1306 3798 1645 3869 scriptione,
1692 3803 1749 3850 et
1798 3793 1974 3849 collo-

324 3898 529 3967 quium
588 3894 746 3951 senis
799 3894 855 3948 in
909 3893 1071 3961 Paro,
1123 3894 1177 3944 et
1238 3888 1709 3947 adhortamenta,
1752 3889 1809 3938 et
1856 3884 1976 3936 vita

320 3986 683 4041 Theoctistes
719 4001 820 4055 pro
843 3981 1084 4037 humani
1112 3978 1330 4049 ingenii
1360 3976 1642 4031 tenuitate
1674 3988 1974 4044 exponun-

320 4080 437 4130 tur.
477 4076 522 4129 A
552 4073 778 4127 ratione
810 4086 947 4146 ergo
976 4071 1203 4124 alienus
1235 4071 1411 4131 esset,
1449 4064 1786 4135 quicunque
1829 4058 1972 4114 scri-

325 4170 493 4235 ptum
526 4162 633 4217 hoc
668 4160 1075 4231 Metaphrastes
1109 4171 1236 4212 esse
1261 4154 1583 4225 genuinum
1640 4153 1974 4222 denegaret.

328 4256 402 4305 At
425 4252 484 4305 in
518 4251 625 4305 hoc
654 4250 779 4304 vitae
812 4247 1151 4302 institutum
1184 4244 1471 4315 ejusdem,
1505 4246 1562 4296 et
1612 4239 1798 4294 aetatis
1837 4242 1980 4293 tem-

328 4358 471 4413 pora
494 4340 665 4413 plane
699 4344 756 4394 et
785 4339 910 4393 sine
962 4336 1101 4392 ullis
1157 4333 1507 4405 ambagibus
1551 4334 1975 4401 proponuntur.

327 4434 563 4485 Frustra
594 4429 795 4499 itaque
825 4444 893 4482 ex
943 4426 1075 4489 alio,
1112 4440 1217 4479 nec
1270 4422 1343 4477 ab
1404 4422 1527 4492 ipso
1587 4419 1879 4485 Simeone,
1912 4417 1983 4472 de

338 4519 631 4587 Simeone,
652 4515 1059 4572 testimonium
1085 4512 1440 4582 quaerimius.
1467 4510 1772 4564 Discamus
1794 4523 1925 4562 vero
1948 4523 1980 4559 a

328 4610 620 4677 Simeone,
655 4623 789 4663 eum
818 4622 933 4660 non
985 4621 1018 4658 a
1064 4602 1332 4657 ducenda
1362 4615 1539 4655 uxore
1571 4596 1974 4663 abhorruisse,

331 4699 429 4753 sed
465 4716 533 4753 ex
566 4697 671 4753 illa
712 4696 926 4750 liberos
957 4691 1133 4748 etiam
1179 4705 1538 4763 procreasse,
1590 4686 1980 4757 civilibusque

336 4787 681 4843 muneribus
715 4786 1004 4848 functum,
1051 4786 1191 4836 tunc
1230 4780 1469 4834 demum
1517 4793 1650 4831 cum
1702 4775 1977 4841 Ilimerio,

336 4876 737 4931 ducendarum
773 4872 1074 4945 copiarum
1100 4865 1743 4941 peritissimo,legatum
1769 4864 1881 4934 [12]
1905 4865 1976 4918 ad

335 4964 580 5033 Arabas,
614 4962 715 5033 qui
774 4962 1000 5017 Cretam
1064 4959 1419 5023 invaserant,
1456 4953 1701 5008 missum
1750 4954 1975 5008 fuisse:

332 5058 408 5117 et,
439 5070 574 5108 cum
620 5068 736 5107 non
788 5051 993 5105 liceret
1044 5065 1148 5119 per
1206 5048 1409 5101 ventos
1461 5042 1732 5109 ulterius,
1765 5042 1979 5096 Parum

330 5142 737 5212 adnavigasse,
769 5144 827 5194 et
869 5154 1003 5193 cum
1054 5152 1192 5191 sene
1230 5134 1327 5189 illo
1370 5131 1724 5189 anachoreta
1765 5147 1979 5202 cogno-

334 5231 510 5300 mine,
542 5246 576 5285 a
622 5246 736 5301 quo
793 5233 851 5283 et
908 5244 1000 5282 res
1055 5232 1251 5297 gestas
1306 5222 1639 5277 Theoctites
1690 5237 1758 5275 ea
1780 5219 1978 5275 condi-

334 5318 512 5390 tione,
545 5317 828 5374 utomnia
858 5315 1095 5387 scriptis
1129 5313 1457 5383 mandaret,
1488 5314 1845 5383 perceperat,
1866 5308 1981 5366 col-

2082 3262 2459 3320 Constantino
2493 3268 2550 3318 et
2581 3264 2842 3320 Romano
2876 3262 3335 3335 imperatoribus
3367 3282 3402 3319 a
3433 3264 3580 3318 Jobo
3610 3262 3735 3317 dia-

2080 3369 2225 3409 cono
2260 3370 2498 3407 manum
2532 3352 2840 3407 Antiochia
2864 3352 3203 3424 Byzantium
3238 3352 3498 3408 delatam
3534 3352 3731 3407 fuisse.

2083 3443 2144 3497 Id
2180 3449 2371 3497 autem
2406 3443 2516 3497 sub
2550 3441 2720 3497 dictis
2752 3442 3206 3512 imperatoribus
3236 3442 3507 3497 evenisse
3529 3439 3732 3496 confir-

2084 3536 2251 3586 mant
2289 3531 2585 3586 Cedrenus
2644 3535 2700 3586 et
2752 3532 3004 3586 Zonaras
3060 3530 3122 3585 in
3176 3529 3569 3586 Constantino
3619 3529 3738 3583 Por-

2092 3620 2551 3691 phyrogenneta.

2156 3708 2352 3764 XVIII.
2388 3712 2553 3762 Errat
2591 3724 2726 3779 ergo
2761 3708 3052 3763 Gerardus
3085 3708 3349 3777 Vossius,
3383 3713 3444 3764 et
3475 3707 3593 3774 alii,
3630 3705 3729 3776 qui

2084 3803 2295 3872 putant
2338 3799 2669 3853 Simeonem
2708 3798 3161 3870 Metaphrastem
3196 3800 3305 3853 sub
3347 3795 3728 3853 Constantino

2084 3891 2261 3955 Duca,
2280 3886 2365 3941 vel
2390 3887 2595 3941 saltem
2616 3888 2769 3942 circa
2790 3904 2859 3942 ea
2873 3892 2984 3942 tem
2997 3904 3133 3957 pora
3147 3886 3456 3941 floruisse:
3482 3900 3736 3941 errasse-

2086 3993 2198 4047 que
2232 3975 2544 4031 Baronium
2579 3981 2636 4031 et
2665 3976 3113 4039 Bellarminum,
3164 3991 3300 4030 eum
3359 3973 3627 4035 Simeon,
3679 3975 3741 4026 ut

2085 4067 2333 4120 Vossius
2368 4064 2489 4135 ipse
2520 4070 2706 4135 putat,
2737 4066 3006 4120 ducentis
3039 4064 3209 4119 annis
3242 4063 3536 4135 posterior
3585 4059 3735 4115 vixe-

2090 4154 2185 4217 rit,
2214 4169 2389 4223 quam
2425 4152 2507 4206 illi
2535 4152 2968 4208 existimarunt.

2161 4243 2301 4297 XIX.
2336 4244 2631 4307 Quantum
2664 4248 2941 4314 prazterea
2972 4241 3311 4296 immaniter
3341 4240 3737 4296 hallucinatus

2092 4332 2167 4387 sit
2201 4331 2619 4401 Hospinianus,
2654 4332 2792 4386 dum
2829 4331 3258 4402 Metaphrastas
3289 4338 3343 4384 et
3392 4328 3616 4386 Psellos
3639 4341 3737 4398 pro

2093 4419 2397 4485 arbitratu,
2438 4426 2503 4474 ut
2534 4421 2613 4475 ita
2640 4420 2830 4477 dicam
2855 4420 3187 4491 discerpsit,
3208 4420 3323 4490 [13]
3338 4419 3576 4474 abunde
3598 4415 3737 4472 satis

2097 4509 2353 4564 ostendit
2383 4510 2638 4565 Jacobus
2670 4510 2979 4565 Grctserus
3036 4511 3109 4565 De
3170 4509 3513 4580 imaginibus
3568 4519 3737 4561 manu

2086 4614 2196 4653 non
2224 4601 2405 4669 factis,
2437 4616 2485 4653 c.
2540 4600 2623 4653 19.
2684 4600 2989 4655 Conferam
3040 4604 3096 4654 et
3153 4616 3223 4653 ex
3273 4615 3404 4654 meo
3438 4592 3733 4660 nonnulla,

2088 4693 2297 4761 praeter
2319 4689 2441 4757 jam
2476 4688 2655 4759 dicta,
2682 4689 2751 4744 ad
2788 4705 3043 4744 messem
3079 4692 3199 4742 tam
3233 4687 3567 4755 uberem,ut
3594 4682 3733 4737 veri-

2087 4781 2177 4832 tas
2231 4777 2449 4832 clarius
2501 4776 2817 4833 elucescat.
2867 4778 2996 4833 Fuit
3064 4776 3488 4847 Metaphrastes
3528 4788 3639 4828 non
3672 4768 3731 4840 (ι)

2088 4866 2338 4921 trivialis
2368 4865 2873 4939 Constantinopoli
2908 4865 3337 4936 ludimagister,
3388 4864 3489 4921 sed
3529 4872 3731 4933 genere

2090 4955 2285 5011 clarus
2317 4954 2533 5010 illustri
2567 4955 2791 5010 familia
2823 4961 3017 5019 natus,
3052 4954 3273 5010 divitiis
3306 4952 3632 5016 abundans,
3666 4946 3723 5000 in

2091 5044 2225 5101 aula
2254 5044 2633 5116 imperatoria
2664 5044 2932 5114 celebris,
2986 5063 3020 5100 a
3068 5044 3310 5100 secretis
3368 5048 3426 5098 et
3475 5034 3729 5095 consiliis

2092 5133 2341 5202 intimis,
2374 5138 2431 5189 et
2463 5139 2594 5206 post
2626 5139 2873 5190 mortem
2906 5134 3083 5189 etiam
3116 5132 3420 5189 miraculis
3469 5122 3728 5184 illustris.

2090 5221 2315 5277 Psellus
2366 5223 2423 5277 in
2476 5224 2747 5279 eumdem
2785 5240 2797 5279 :
2829 5221 2931 5278 Καὶ
2978 5220 3108 5296 τόγι
3156 5218 3609 5294 θαυμασιώτερον,
3649 5208 3726 5263 ὅτι

2090 5308 2181 5365 καὶ
2210 5309 2397 5383 γένους
2456 5309 2511 5365 εὖ
2571 5308 2742 5386 ἔχων,
2799 5311 2890 5366 καὶ
2946 5311 3014 5366 τὰ
3069 5312 3167 5379 τῆς
3222 5307 3469 5370 εὐκλείας
3524 5300 3726 5363 οἴκοθεν

1931 5426 2141 5487 NOTAE

440 5534 468 5600 ἱ)
499 5532 582 5588 Ad
617 5532 683 5586 10
712 5529 1023 5585 Novembr.

433 5604 489 5679 Ιι)
519 5604 605 5663 Ad
628 5604 698 5660 29
724 5600 998 5675 Augusti.

2166 5525 2230 5601 (ι)
2261 5525 2472 5584 Confer
2508 5525 2787 5585 Allatium
2844 5527 2916 5583 de
2968 5525 3115 5583 Nilis
3145 5542 3202 5600 p.
3235 5526 3307 5581 29
3334 5522 3472 5582 edit.
3505 5524 3727 5577 nostrae.
