4084 6140
329 354 452 415 489

1568 352 1940 413 DIATRIBA
1986 354 2089 415 DE
2133 355 2477 419 PSELLIS.
2538 410 2541 411 ν

3631 365 3757 427 690

328 487 688 561 κεκτημένος,
742 485 899 561 βαθεῖ
941 505 1000 540 τε
1048 481 1275 556 πλούτῳ
1305 487 1517 557 κομῶν,
1548 484 1638 538 καὶ
1671 482 1752 547 οἷς
1797 480 1854 537 ἅν
1901 505 1984 546 τις

2101 488 2373 546 Simeone
2437 494 2789 566 conscriptis
2838 496 3068 568 aliquas
3138 516 3173 553 a
3224 496 3563 567 junioribus
3615 514 3748 554 esse

330 578 473 653 πρὸς
539 572 819 630 παίδευσιν
865 574 1244 643 ἀποκνήσειεν.
1296 574 1362 629 Et
1410 574 1551 644 quod
1594 578 1673 629 est
1737 574 1986 629 admira-

329 669 526 734 bilius,
556 670 609 721 et
638 668 859 737 propter
887 663 1027 734 quod
1058 664 1222 719 illum
1270 663 1548 733 quispiam
1596 665 1991 735 magis/‘uerit

330 756 665 822 admiratus,
708 769 836 808 cum
887 760 1019 807 esset
1066 767 1264 822 genere
1310 751 1515 820 clarus,
1561 755 1613 806 et
1661 768 1731 806 ea:
1774 753 1991 807 illustri

333 843 568 917 familia
596 852 782 908 natus,
822 845 872 896 et
919 840 1227 895 abundaret
1276 839 1511 908 divitiis,
1555 849 1604 895 et
1654 841 1723 894 iis
1753 856 1877 912 quae
1904 856 1988 895 se-

335 937 585 1006 gniorem
616 932 891 1001 eﬂecerint
919 945 1239 1001 quempiam
1264 930 1338 984 ad
1367 928 1825 999 dtsciplinas,etc.
1844 929 1989 983 Hinc

339 1023 496 1079 idem
527 1019 751 1076 Psellus
781 1019 1047 1089 ejusdem
1079 1015 1347 1072 Oflicium
1377 1016 1890 1088 composuit,quod
1916 1017 1987 1070 ab

339 1108 745 1167 ecclesiatticis
776 1108 835 1162 in
865 1108 994 1178 ejus
1025 1104 1418 1169 solemnitate,
1453 1104 1626 1159 sicuti
1660 1104 1782 1158 fieri
1832 1108 1990 1159 amat

339 1202 399 1256 in
433 1199 564 1255 aliis
595 1197 849 1263 Sanctis,
881 1198 1312 1264 decantaretur,
1342 1195 1399 1249 in
1441 1209 1507 1249 eo
1547 1194 1668 1249 Oda
1698 1194 1732 1247 3
1763 1193 1988 1262 scribit,

338 1285 735 1362 Ἐνδιαπρέψας
786 1283 837 1338 ἐν
907 1284 1107 1358 ἀρχαῖς
1150 1286 1272 1343 ταῖς
1322 1288 1421 1351 τῆς
1472 1280 1617 1336 κάτω
1675 1279 1989 1355 συγκλήτου

335 1378 412 1438 ὡς
467 1376 602 1448 ἀνὴρ
658 1371 1015 1450 βουληφόρος
1064 1372 1125 1426 τὸ
1166 1368 1476 1443 πολίτευμα
1527 1371 1588 1424 τὸ
1637 1371 1726 1424 σὸν
1777 1370 1988 1440 ἐκτήσω

329 1465 385 1521 ἐν
448 1465 722 1539 οὐρανοῖς,
772 1463 860 1517 καί
924 1463 1025 1531 τήν
1089 1456 1198 1515 ἄνω
1284 1458 1589 1536 σύγκλητον
1656 1458 1987 1531 ἐκόσμησας.

338 1559 481 1613 Cum
511 1556 719 1611 terreni
747 1557 971 1608 senatus
1001 1551 1366 1620 dignitatibus
1409 1550 1798 1606 condecoratus
1843 1551 1986 1621 [uis-

330 1662 442 1712 ses,
473 1646 645 1701 veluti
674 1646 759 1700 vir
789 1643 1164 1707 consiliarius,
1215 1642 1348 1697 vitae
1393 1640 1665 1697 ducendm
1712 1640 1990 1694 rationem

330 1738 395 1790 in
422 1735 574 1790 ccelis
618 1734 925 1805 acquierus,
956 1735 1009 1787 et
1054 1747 1362 1802 supernum
1400 1734 1653 1785 senatum
1694 1729 1983 1785 deeorasli.

328 1826 617 1916 Saepeque
648 1820 1023 1916 Logotbetam
1050 1819 1342 1916 nominat.
1375 1818 1491 1916 (ldo
1532 1818 1722 1916 prima
1755 1835 1768 1873 :
1806 1814 1984 1916 ltlékoc
2020 1853 2065 1916 B

336 1933 434 1985 μοι
468 1910 735 1987 εὔρυθμον
779 1906 954 1976 δίδου,
988 1907 1130 1983 Λόγε
1179 1912 1335 1975 Θεοῦ,
1368 1906 1631 1985 εὐφημεῖν
1682 1908 1984 1983 ὁρμήσαντι

329 2003 429 2056 τὸν
484 2000 786 2076 θεράποντα
839 2000 933 2053 τὸν
994 1999 1085 2052 σὸν
1142 2001 1407 2071 Συμεῶνα
1451 1998 1542 2052 τὸν
1595 1998 1989 2074 Μεταφραστὴν

326 2091 426 2145 τὸν
461 2088 661 2165 κυρίως
703 2086 1002 2162 λογοθέτην
1055 2085 1390 2163 ἀξιάγαστον.
1448 2089 1623 2143 Melas
1671 2088 1811 2142 mihi
1856 2102 1985 2143 con-

328 2183 567 2237 cinnum
604 2179 830 2235 Verbum
852 2180 967 2245 Dei,
999 2194 1122 2232 cum
1144 2178 1423 2233 celebrare
1442 2178 1745 2245 inceperim
1769 2192 1987 2231 servum

330 2275 501 2325 tuum
550 2269 809 2324 Simeona
869 2267 1307 2337 Metaphrastem,
1355 2268 1577 2337 proprie
1636 2267 1985 2335 Logothetam

333 2359 751 2425 admirabilem,
794 2357 865 2412 Et
913 2356 1055 2411 alibi
1112 2372 1125 2409 :
1176 2353 1598 2429 Εὐφημήσωμεν
1647 2355 1840 2417 πάντες
1889 2353 1982 2407 ἐπ-

325 2444 507 2518 αξίοις
594 2444 727 2517 ᾠαῖς
773 2443 863 2497 τὸν
947 2440 1109 2518 μέγαν
1169 2446 1301 2497 Θεοῦ
1360 2443 1659 2516 θεράποντα
1718 2447 1983 2514 Συμεῶνα

318 2535 421 2590 τὸν
465 2534 613 2609 ἅγιον
665 2531 989 2607 λογοοέτην.
1063 2534 1401 2589 Celebremus
1446 2550 1635 2589 omnes
1700 2533 1983 2603 condignis

320 2626 587 2682 cantibus
634 2640 901 2692 magnum
965 2623 1058 2677 Dei
1121 2638 1341 2677 servum
1405 2621 1664 2677 Simeona
1731 2626 1983 2677 sanctum

326 2714 708 2785 Logothetam.
759 2711 891 2766 Fuit
954 2727 1091 2782 ergo
1144 2711 1472 2780 Logothetae
1520 2710 1711 2766 ofﬁcio
1756 2712 1983 2783 conspi-

325 2820 505 2871 cuus,
538 2803 691 2875 quod
725 2800 1008 2872 quidnam
1038 2798 1231 2867 fuerit,
1264 2799 1533 2871 pluribus
1564 2798 1663 2853 alii
1695 2817 1982 2871 exponere

326 2894 529 2949 conati
562 2895 701 2945 sunt
735 2906 747 2943 :
782 2906 902 2955 eos,
936 2888 1037 2959 qui
1071 2887 1241 2959 plura
1290 2887 1601 2957 desiderat,
1648 2888 1845 2944 videre
1876 2906 1981 2960 po-

329 2980 493 3036 terit.
526 2978 682 3035 Satis
714 2978 861 3033 mibi
910 2977 1022 3033 erit
1062 2993 1163 3047 pro
1206 2976 1315 3031 hac
1360 2994 1420 3031 re
1467 2977 1817 3033 stabilienda
1864 2978 1982 3034 ele-

330 3068 668 3141 gantissimi
698 3067 863 3137 item,
898 3083 966 3122 ac
1002 3066 1465 3137 prudentissimi,
1510 3066 1647 3122 licet
1693 3068 1983 3138 sequioris

331 3157 535 3215 saeculi
594 3156 921 3228 scriptoris,
953 3155 1198 3210 Joannis
1231 3154 1500 3209 Cinnami
1531 3156 1978 3225 testimonium;

2099 578 2357 647 adjectas
2390 581 2773 638 observarunt
2821 585 3130 657 Baronius,
3177 590 3233 641 et
3256 585 3669 655 Bellarminus,
3700 592 3759 641 et

2099 666 2219 734 alii,
2252 684 2385 723 cum
2413 671 2518 724 viri
2548 670 2633 725 illi
2667 678 2800 743 post
2829 675 3119 731 Simeonis
3164 679 3433 745 tempora
3482 674 3754 731 vixerint.

2097 757 2168 809 At
2197 772 2294 811 eas
2321 774 2354 812 a
2387 758 2595 825 Psello,
2628 764 2952 819 recentiore
3003 780 3236 834 nempe,
3285 780 3544 819 annexas
3576 765 3634 817 in
3667 760 3754 818 lu-

2098 860 2223 899 cem
2255 846 2523 919 vulgatas
2572 850 2848 920 opinatur
2894 854 3158 909 Andreas
3204 852 3502 919 Schottus,
3551 854 3755 924 praefa-

2098 931 2254 987 tione
2285 936 2353 988 ad
2390 936 2685 1004 lectorem,
2720 941 2777 993 in
2811 942 3048 996 Cantica
3089 943 3470 997 canticorum.
3502 941 3663 997 Unde
3695 943 3754 997 id

2097 1021 2371 1079 habuerit
2401 1025 2676 1083 Sebottus
2712 1046 2825 1084 non
2859 1029 3066 1101 liquet,
3100 1031 3207 1086 etsi
3238 1048 3443 1085 verum
3477 1031 3555 1086 sit
3585 1031 3742 1086 Psel-

2096 1110 2241 1179 lum,
2276 1113 2395 1168 sive
2424 1115 2713 1172 Simeonis
2744 1119 3139 1186 aemulatione,
3196 1120 3314 1175 sive
3364 1120 3643 1191 religione
3693 1121 3754 1175 in

2099 1205 2353 1266 sanctos,
2391 1204 2692 1276 perplures
2723 1212 3059 1263 sanctorum
3093 1208 3259 1263 Vitas
3292 1226 3404 1264 non
3431 1208 3753 1281 ineleganti

2098 1287 2248 1359 style
2280 1293 2723 1349 accuratissime
2754 1295 3756 1367 descripsisse,utinam,puerilibus

2098 1380 2462 1449 argumentis
2495 1381 2860 1453 neglectis,in
2889 1384 3104 1455 quibus
3137 1402 3561 1455 nonnunquam
3594 1389 3755 1441 totus

2098 1481 2225 1521 esse
2255 1466 2505 1537 videtur,
2560 1471 2618 1524 in
2664 1471 2796 1526 istis
2847 1473 3017 1527 seriis
3068 1474 3501 1544 pertractandis
3535 1472 3753 1545 plures.

2099 1569 2273 1624 quam
2302 1554 2455 1623 fecit,
2492 1556 2667 1613 horas
2696 1558 3156 1631 insumpsisset!
3198 1559 3360 1614 Illius
3406 1559 3465 1612 in
3516 1564 3754 1615 sanctos

2098 1646 2343 1698 conatus
2378 1644 2435 1699 in
2480 1647 2754 1718 Catalogo
2800 1664 3043 1719 operum
3104 1649 3257 1703 infra
3296 1648 3752 1704 recensebimus.

2098 1748 2361 1804 Ill-VII.
2395 1750 2626 1827 Michael
2652 1754 2896 1821 Psellus,
2927 1754 3214 1809 Michaelis
3244 1756 3400 1809 Ducas
3433 1756 3569 1827 imp.
3596 1770 3753 1826 prac-

2347 1831 2545 1893 ceptor,
2577 1826 2763 1879 clarus
2792 1828 2940 1881 circa
2969 1844 3062 1881 an.
3108 1857 3163 1866 —-
3198 1828 3353 1880 1050.
3390 1826 3517 1881 Alii.

2169 1908 2311 1965 XXI.
2361 1911 2590 1967 Tertius
2664 1913 2774 1969 fuit
2837 1913 3082 1969 Michael
3143 1914 3394 1982 Psellus,
3447 1914 3752 1970 Michaelis

2098 2001 2267 2052 Ducas
2299 2002 2744 2073 praeceptor,qui
2770 2004 3023 2058 maxime
3054 2004 3319 2058 omnium
3352 2004 3423 2058 de
3454 2002 3753 2074 republica

2095 2084 2381 2143 litteraria
2431 2090 2699 2155 meritus,
2749 2092 3132 2148 honoriﬁcam
3163 2094 3255 2147 sui
3298 2094 3452 2164 apud
3488 2099 3755 2164 posteros

2098 2176 2441 2231 memoriam
2489 2180 2870 2247 consecravit,
2906 2182 2986 2236 ita
3020 2186 3083 2235 ut
3130 2180 3387 2251 reliquos
3438 2180 3585 2235 alios
3616 2182 3745 2250 ejus

2095 2264 2472 2335 cognomines
2509 2267 2777 2323 acumine
2844 2269 3086 2340 ingenii,
3163 2270 3513 2325 eruditionis
3562 2270 3751 2341 copia,

2093 2352 2486 2422 profunditate
2520 2355 3418 2429 scientiarum,argumentorum
3449 2357 3750 2424 varietate,

2094 2441 2473 2498 multitudine
2504 2445 2859 2516 scriptorum
2886 2451 2942 2500 et
2978 2445 3291 2516 splendore
3316 2446 3514 2517 gloriae
3545 2448 3750 2502 obrue-

2090 2530 2203 2597 rit;
2238 2548 2437 2602 quare,
2482 2533 2732 2588 aliorum
2796 2534 3105 2599 exstincta,
3154 2539 3230 2601 et,
3284 2540 3348 2588 ut
3392 2534 3475 2588 ita
3527 2534 3749 2605 dicam,

2092 2619 2397 2674 obliterata
2450 2623 2755 2691 memoria,
2804 2623 2931 2693 ipse
2980 2622 3141 2678 solus
3192 2638 3404 2677 nomen
3436 2622 3581 2677 illud
3614 2639 3734 2678 me-

2092 2708 2282 2763 ruisse
2314 2708 2559 2766 videtur.
2590 2710 2681 2764 Sic
2713 2716 2939 2781 poetam
2990 2717 3045 2765 et
3096 2716 3382 2765 oratorem
3419 2727 3554 2765 cum
3586 2711 3733 2765 dici-

2092 2813 2247 2865 mus,
2282 2797 2567 2854 Homerus
2598 2798 2769 2853 nobis
2801 2803 2974 2870 atque
3012 2799 3453 2866 Demosthenes,
3484 2799 3554 2853 de
3582 2802 3735 2853 Grae-

2091 2886 2173 2940 cis
2204 2885 2429 2956 loquor,
2462 2886 2664 2942 statim
2698 2904 2826 2943 sese
2856 2889 3127 2957 offerunt,
3186 2888 3521 2959 mentisque
3548 2887 3736 2943 oculis

2092 2980 2535 3046 repraesentant.

2162 3065 2329 3119 XXII.
2381 3066 2513 3120 Fuit
2561 3065 2748 3137 patria
2798 3065 3511 3138 Constantinopolitanus,
3545 3082 3574 3120 e
3604 3081 3741 3121 con-

2094 3152 2291 3207 sulum
2321 3171 2385 3208 ac
2419 3156 2798 3225 patriciorum
2832 3156 3124 3226 prosapia,
3170 3155 3441 3225 quamvis
3476 3172 3589 3210 non
3622 3159 3744 3209 tam

326 3247 393 3302 in
428 3263 543 3317 quo
574 3219 874 3312 vertendo,
910 3219 1383 3314 illustrandoque
1430 3244 1532 3298 diu
1583 3261 1675 3299 me
1723 3219 1980 3310 exerceo,
2013 3219 2054 3285 (ἶ
2094 3240 2245 3297 felici
2281 3219 2673 3314 fortunaJpse
2704 3243 2761 3297 id
2798 3219 2882 3297 ait
2912 3219 3064 3298 dese
3089 3219 3147 3297 in
3175 3219 3484 3314 Epitaphio
3510 3242 3746 3298 matris:

327 3336 435 3407 (m)
463 3349 747 3406 speroque
801 3333 1062 3388 laborem
1110 3332 1266 3386 hunc
1315 3348 1535 3399 meum,
1590 3338 1826 3403 propter
1854 3333 1980 3405 pul-

329 3423 690 3480 cherrimam
722 3420 1135 3485 historiam,ad
1166 3419 1324 3474 hunc
1349 3420 1501 3475 diem
1534 3437 1669 3475 cum
1699 3425 1985 3476 vetustate

326 3512 682 3575 luctantem,
736 3509 883 3565 meis
926 3507 1170 3580 vigiliis,
1219 3512 1276 3563 et
1319 3507 1640 3565 amicorum
1686 3526 1882 3581 opera,
1931 3515 1988 3566 et

329 3599 579 3672 scopulo
611 3600 671 3654 in
702 3596 1085 3669 tranquillum
1121 3596 1364 3666 illatam,
1406 3595 1695 3653 bistoricaa
1725 3599 1987 3654 veritatis

332 3689 621 3747 studiosis
653 3705 768 3743 non
802 3688 1099 3759 ingratum
1132 3686 1417 3741 futurum.
1452 3686 1506 3741 Is
1538 3687 1733 3759 itaque
1784 3690 1983 3744 Histor.

332 3782 595 3836 Romanae
619 3776 721 3832 lib.
756 3793 812 3831 iv
842 3777 912 3831 de
932 3775 1105 3830 rebus
1139 3774 1321 3847 gestis
1369 3774 1658 3832 Manuelis
1686 3779 1984 3845 Comneni,

333 3870 412 3925 de
446 3867 734 3923 Richardo
766 3866 929 3920 Antri
960 3863 1198 3919 domino
1237 3864 1411 3919 verba
1442 3865 1680 3932 faciens,
1737 3866 1944 3922 scribit
1971 3884 1983 3920 :

329 3958 424 4017 ⁸Ως
485 3952 542 4009 δὲ
596 3958 703 4008 τῶν
764 3949 953 4006 πυλῶν
1012 3950 1470 4025 ἀλογισττςσαντες
1528 3947 1864 4021 Γιϐενάτζιόν
1932 3974 1988 4007 τε

333 4045 469 4101 αὐτὸ
500 4040 770 4117 ὁμολογία
804 4038 983 4116 ἔσχεν,
1016 4040 1104 4095 καὶ
1145 4040 1267 4114 περὶ
1318 4044 1423 4094 τῶν
1475 4038 1685 4095 λοιπῶν
1736 4044 1987 4117 προσιόν-

330 4155 425 4196 τες
484 4130 824 4186 ἐσκέπτοντο.
879 4129 1093 4202 Κόμησί
1150 4150 1207 4183 τε
1258 4126 1477 4201 ἄλλοις,
1534 4129 1623 4183 καὶ
1677 4127 1742 4199 δὴ
1792 4132 1989 4203 καὶτῷ

334 4218 654 4293 Γυλιέλμου
710 4216 1107 4294 Καντζηλαρίῳ
1158 4218 1547 4293 συγγεγονὼς,
1580 4218 1638 4271 ’ὸν
1698 4218 1991 4295 λογοθέτην

335 4310 482 4366 εἶ’ποι
514 4307 573 4363 ἄν
622 4328 703 4369 τις
753 4305 1053 4377 ἑλληνίζων
1104 4306 1262 4381 ἀνὴρ,
1308 4305 1393 4359 ἐπὶ
1438 4305 1633 4382 Τράνιν
1664 4305 1755 4361 σὺν
1802 4307 1991 4372 αὐτοῖς

332 4399 530 4469 ἦλθεν,
607 4397 682 4460 ὡς
760 4390 1010 4450 αὐτοϐοεὶ
1091 4397 1189 4464 τὴν
1276 4394 1436 4449 πόλιν
1522 4395 1986 4472 ἀναρπασόμενος.

334 4491 454 4563 [14]
491 4489 632 4542 Cum
663 4504 783 4543 vero
803 4492 981 4559 portae
1022 4488 1181 4542 urbis
1210 4504 1410 4557 parum
1451 4495 1604 4542 caute
1648 4489 1987 4544 custodiren-

2090 3335 2180 3401 Τῷ
2208 3330 2385 3385 τοίνυν
2436 3331 2553 3404 ἐμῷ
2594 3332 2758 3406 πατρὶ
2807 3332 2867 3385 τὸ
2921 3331 3013 3405 μὶν
3064 3332 3264 3394 ἄνωθεν
3316 3330 3469 3405 γένος
3518 3329 3568 3391 ἐς
3610 3330 3743 3383 ὑπά-

2090 3440 2218 3483 τους
2272 3419 2472 3489 ἀνῆκτο
2529 3419 2618 3474 καὶ
2670 3420 2991 3494 πατρικίους
3029 3438 3041 3451 ·
3100 3421 3167 3474 τὰ
3224 3416 3281 3473 δὲ
3360 3420 3474 3474 κατ’
3544 3418 3744 3473 ἐκεῖνον

2092 3512 2389 3584 πράγματα
2420 3511 2531 3584 οὐχ
2557 3510 2701 3564 οὕτω
2750 3507 2935 3580 δεξιῶς
2984 3512 3152 3584 εἶχεν.
3207 3511 3391 3565 Patris
3437 3511 3610 3581 igitur
3636 3510 3748 3564 mei

2092 3617 2267 3673 genus
2295 3603 2585 3672 antiquum
2614 3600 2684 3655 ad
2715 3600 2961 3655 consules
2993 3608 3042 3655 et
3079 3600 3338 3670 patricios
3376 3598 3743 3670 referebatur,

2094 3706 2179 3744 res
2204 3705 2327 3744 vero
2359 3691 2532 3761 ipsius
2560 3705 2671 3744 non
2701 3691 2872 3744 nimis
2908 3705 3164 3761 prospere
3198 3704 3253 3743 se
3284 3688 3578 3743 habebant.
3610 3687 3746 3741 Post

2096 3779 2243 3834 duas
2292 3778 2552 3834 femellas
2603 3779 2772 3834 tertio
2824 3779 2949 3850 ipse
3017 3782 3208 3849 partu,
3266 3777 3471 3833 multis
3538 3775 3747 3830 matris

2097 3868 2390 3938 suspiriis,
2423 3872 2479 3922 et
2509 3867 2581 3922 ad
2632 3868 2816 3922 Deum
2866 3867 3137 3937 precibus
3185 3866 3408 3933 effusis,
3462 3866 3519 3918 in
3556 3863 3749 3918 lucem

2096 3956 2309 4012 editur.
2360 3956 2567 4010 Mirum
2614 3961 2727 4026 est,
2779 3956 2933 4027 quod
2980 3956 3039 4009 in
3088 3955 3217 4024 ejus
3265 3958 3396 4008 ortu
3451 3958 3747 4019 narratur,

2098 4044 2290 4100 nullas
2321 4062 2455 4100 eum
2486 4044 2772 4117 lacrymas
2798 4044 3347 4116 profudisse,neque
3383 4057 3634 4112 usquam
3657 4058 3753 4112 po-

2099 4138 2225 4188 stea
2256 4134 2314 4188 in
2340 4132 2610 4188 maximis
2641 4134 2817 4188 etiam
2851 4130 3307 4187 necessitatibus
3339 4130 3621 4201 plorasse,
3648 4129 3748 4184 sed

2098 4222 2212 4294 [15]
2244 4239 2476 4294 semper
2517 4226 2687 4277 artata
2735 4220 2838 4276 illa
2886 4220 3099 4276 tenella
3145 4219 3308 4275 laetos
3357 4237 3421 4275 ac
3471 4218 3750 4291 puniceos

2098 4313 2296 4367 oculos
2328 4311 2605 4367 habuisse
2638 4328 2650 4365 :
2686 4315 2917 4365 tantum
2953 4308 3236 4381 parentis,
3292 4307 3587 4379 nullisque
3620 4308 3750 4362 aliis

2098 4417 2274 4473 quam
2310 4400 2610 4468 maternis,
2633 4401 2702 4454 ad
2736 4417 2863 4471 quae
2896 4399 2981 4454 vel
3016 4416 3127 4453 usu
3166 4397 3256 4452 vel
3289 4397 3578 4454 sententia
3608 4399 3750 4450 tere-

2097 4491 2287 4558 batur,
2322 4490 2603 4545 uberibus
2635 4489 2916 4543 inhiasse.
2958 4488 3368 4558 Quinquennis
3412 4487 3752 4557 praeceptori

336 4585 455 4645 tur,
486 4577 839 4634 Iuvenalium
869 4578 1045 4646 ipsum
1078 4578 1135 4630 in
1183 4574 1426 4647 ejusdem
1472 4575 1630 4645 ﬁdem
1678 4593 1732 4631 se
1773 4578 1989 4634 dedidit
2018 4582 2065 4644 D
2096 4578 2368 4647 traditur,
2403 4578 2666 4649 adeoque
2700 4578 2939 4632 robusta
2970 4576 3307 4631 studiorum
3343 4576 3575 4645 pondus
3598 4590 3757 4628 exce-

338 4670 483 4725 Hinc
512 4683 608 4738 pro
638 4666 969 4737 occupandis
997 4666 1211 4720 caeteris
1236 4681 1359 4719 cum
1396 4666 1689 4721 comitibus
1720 4668 1869 4735 aliis,
1902 4684 1999 4722 nec

338 4776 455 4816 non
485 4757 782 4816 Guilielmi
812 4757 1177 4823 Cancellario,
1223 4773 1384 4827 quem
1432 4757 1779 4827 Logothetam
1811 4758 2001 4816 erca

340 4853 470 4922 quis
501 4848 695 4917 lingua
718 4847 1066 4918 expresserit,
1115 4846 1413 4901 consilium
1452 4846 1650 4913 inibat,
1697 4852 1749 4902 et
1779 4849 2001 4902 Tranim

340 4952 518 5009 usque
545 4941 664 4991 tum
695 4936 813 4990 illis
841 4936 1118 5005 processit,
1150 4936 1311 5005 quasi
1339 4935 1519 5004 primo
1565 4937 1776 5007 impetu
1810 4936 2001 4991 Urbem

341 5027 667 5097 direpturus
697 5024 918 5093 fuisset.
952 5020 1144 5076 Alium
1180 5020 1358 5091 hujus
1388 5021 1544 5076 vocis
1575 5021 1999 5092 signiﬁcatum,

343 5119 664 5185 antequam
695 5111 973 5183 majestas
996 5108 1095 5165 illa
1126 5109 1355 5181 imperii
1378 5109 1551 5164 statis
1581 5115 1836 5166 veterum
1872 5111 1997 5166 ofﬁ-

340 5202 573 5259 ciorum
605 5200 811 5257 formis
840 5198 1153 5270 abrogatis,
1204 5198 1415 5253 exteris
1458 5199 1847 5254 Barbarorum
1876 5218 2000 5256 mo-

338 5292 534 5357 ribus,
570 5306 718 5346 nova
748 5288 946 5345 omnia
969 5288 1673 5360 approbando,cessissct,
1696 5287 1820 5361 lege
1846 5290 2001 5362 apud

337 5378 697 5452 Procopium
731 5378 791 5433 in
821 5378 1069 5434 Historia
1098 5378 1341 5433 Arcana.

416 5468 535 5525 ΧΧ.
584 5467 758 5537 Vitis,
828 5472 895 5523 ut
941 5465 1052 5523 hoc
1104 5464 1281 5522 etiam
1333 5464 1429 5520 hic
1478 5464 1667 5522 obiter
1710 5471 1927 5538 notem,
1972 5487 2006 5526 a

2110 4669 2214 4739 pit,
2250 4672 2315 4722 ut
2348 4666 2571 4721 ludicra
2602 4665 2821 4731 omnia,
2854 4670 3063 4738 praeter
3108 4664 3435 4718 litterarum
3470 4661 3755 4731 studium,

2110 4774 2225 4828 quo
2288 4771 2662 4826 summopere
2728 4754 3151 4818 delectabatur,
3199 4752 3623 4807 sordescerent.
3676 4751 3755 4805 Et:

2109 4844 2271 4900 illius
2303 4844 2575 4899 affectum
2597 4844 2983 4914 ejusdemmet
3005 4840 3193 4896 verbis
3218 4856 3558 4912 expressum
3594 4856 3607 4894 :
3641 4838 3757 4893 Ἐν-

2107 4934 2286 4987 τεῦθεν
2341 4929 2433 4985 οὖν
2483 4933 2518 5000 ἡ
2577 4933 2754 5004 μήτηρ
2804 4932 2940 5005 πρὸς
3000 4930 3066 4982 τὰ
3113 4927 3341 5003 κρείττω
3391 4946 3761 5002 χειραγωγου-

2114 5024 2248 5095 μένη
2307 5020 2381 5083 εἷς
2439 5023 2690 5093 πέμπτον
2750 5017 2865 5081 ἔτος
2941 5017 3232 5072 τελέσαντα
3291 5013 3602 5087 διδασκάλῳ
3663 5015 3759 5092 ἐορ-

2114 5111 2310 5180 ίστησι.
2344 5110 2444 5167 Καὶ
2493 5111 2558 5178 ἦν
2599 5131 2690 5181 μοι
2738 5109 2799 5163 τὸ
2842 5109 3074 5180 μαθημα
3111 5107 3175 5160 οὐ
3231 5104 3396 5177 μόνον
3425 5106 3486 5158 τὸ
3520 5104 3759 5179 εὐχερὲς,

2111 5199 2255 5255 ἀλλὰ
2302 5200 2392 5253 καὶ
2451 5196 2556 5269 ἡδὺ
2602 5200 2708 5253 ἀντ’
2758 5197 2936 5267 ἄλλης
2986 5195 3133 5257 τινὸς
3182 5192 3423 5256 παιδιὰς.
3479 5195 3761 5267 ἸΙνιώμην

2111 5294 2265 5364 γοῦν,
2296 5288 2340 5342 εἰ
2373 5290 2437 5361 μέ
2472 5309 2565 5361 μοι
2595 5286 2683 5342 διὰ
2722 5288 2899 5357 πάσης
2948 5285 3157 5361 ἡμέρας
3189 5282 3369 5354 διδοίη
3403 5284 3471 5337 τα
3513 5281 3761 5339 παιδικά.

2113 5378 2217 5438 Καὶ
2294 5378 2360 5445 ἦν
2441 5397 2531 5449 μοι
2609 5373 2800 5431 παιδιά
2862 5376 2956 5448 μὶν
3033 5376 3068 5442 ἡ
3130 5370 3338 5441 σπουδὴ
3420 5369 3477 5426 δέ
3552 5369 3768 5440 παιδιὰ,

2116 5467 2224 5543 οὐχ
2255 5467 2329 5528 ὡς
2360 5469 2527 5521 ταῦτα
2577 5466 2849 5537 παίζοντι,
2901 5462 3078 5518 ἐκεῖνα
3128 5459 3185 5517 δὲ
3233 5458 3611 5530 σπουδάζοντι,
3659 5465 3767 5516 etc.

1924 5586 2160 5643 NOT/E.

426 5684 527 5759 (m)
556 5685 879 5743 Cinnamus
909 5682 1103 5741 Allatii
1138 5698 1443 5756 nunquam
1473 5683 1711 5755 prodiit.
1744 5684 1992 5743 Exstant
2020 5686 2309 5744 editiones
2340 5684 2511 5742 Corn.
2545 5684 2719 5742 Tollii
2748 5689 2805 5741 et
2830 5682 3055 5755 Cangii.

676 5813 936 5875 Parnm.
985 5814 1097 5873 Gn.
1147 5810 1385 5872 CXXII.

3372 5807 3447 5863 16
