4046 6144
327 369 438 429 491

1722 359 2004 421 LEONIS
2049 361 2366 424 ALLATII

3625 367 3740 427 492

327 500 392 556 Id
423 501 512 555 est
541 513 557 554 :
591 497 729 553 Hinc
771 494 957 568 igitur
1001 500 1178 550 mater
1195 492 1266 549 ad
1315 491 1558 550 meliora
1607 491 1980 548 manuducens
2011 494 2066 560 Α
2093 493 2342 551 animum
2373 499 2522 552 Deus
2550 496 2794 568 sospitet,
2835 495 2932 552 sed
2962 511 3157 552 amore
3203 496 3458 553 discendi
3478 498 3744 570 pleraque

328 591 522 661 quinto
558 587 744 642 atatis
789 600 934 640 anno
990 585 1256 652 magistro
1321 581 1689 638 commendat.
1744 585 1816 636 Et
1864 586 1982 637 erat

326 679 470 732 mihi
498 675 797 747 disciplina
842 689 951 728 non
999 676 1219 728 tantum
1263 673 1469 743 facilis,
1518 671 1610 728 sed
1659 671 1836 726 dulcis
1861 685 1983 743 pra?

326 766 574 838 quolibet
603 765 720 820 alio
752 762 900 818 ludo.
935 763 1098 833 As‘gre
1129 764 1315 834 itaque
1342 761 1607 830 ferebam,
1637 763 1688 816 si
1715 762 1858 816 mihi
1885 777 1983 831 per

329 860 504 911 totum
553 853 699 909 diem
745 851 979 907 delicias
1029 867 1140 907 non
1189 857 1526 921 suggereret.
1577 851 1812 922 Eratque
1843 849 1985 904 mihi

327 952 499 1008 ludus
525 950 793 1015 studium,
845 945 1088 1003 studium
1135 947 1314 1015 ludus,
1364 964 1477 1001 non
1521 947 1663 1018 quod
1705 945 1805 1003 hoc
1836 947 1983 1002 ludi-

327 1041 449 1096 brio
491 1039 764 1104 haberem,
817 1036 913 1091 illi
958 1052 1086 1092 vero
1134 1036 1529 1091 incumberem.
1581 1034 1765 1090 {Etate
1805 1049 1981 1105 gran-

321 1130 506 1195 diore,
539 1129 684 1183 dum
725 1125 878 1181 inter
921 1129 1194 1196 parentes
1246 1140 1360 1178 non
1407 1123 1696 1192 convenit,
1743 1123 1978 1177 cuinam

324 1217 660 1273 studiorum
691 1213 889 1288 generi
921 1217 1077 1269 esset
1108 1211 1496 1281 addicendus,
1520 1210 1779 1266 Joannes
1809 1209 1984 1282 Chry-

319 1310 617 1362 sostomus
648 1309 704 1360 et
732 1301 1003 1375 apostoli,
1041 1301 1212 1357 matri
1243 1301 1302 1355 in
1335 1299 1586 1356 somniis
1616 1299 1750 1368 visi,
1781 1299 1979 1354 decer-

322 1401 494 1451 nunt.
531 1395 678 1451 Hinc
701 1391 1153 1464 disciplinarum
1186 1406 1362 1462 quam
1410 1389 1777 1461 voluptatum
1811 1387 1980 1460 cupi-

318 1487 470 1556 dior,
503 1485 831 1558 asqualibus
864 1483 921 1537 in
957 1483 1151 1538 studio
1183 1481 1496 1553 superatis,
1535 1497 1651 1536 non
1683 1479 1857 1552 longo
1889 1479 1978 1535 in-

317 1575 565 1632 tervallo
595 1574 668 1630 ad
701 1588 975 1644 suprema
1007 1586 1252 1643 quaeque
1286 1570 1684 1625 doctrinarum
1719 1569 1980 1624 culmina

319 1664 570 1734 gradum
603 1663 762 1728 fecit,
809 1661 1144 1731 onibusque
1192 1659 1467 1713 innotuit.
1523 1658 1654 1713 Haec
1684 1657 1810 1728 ipse
1841 1674 1975 1729 pro-

320 1753 433 1808 lixe
467 1752 665 1820 nimis,
700 1749 962 1806 oratione
997 1749 1062 1804 In
1096 1753 1366 1815 matrem,
1400 1745 1797 1819 prosequitur,
1831 1751 1886 1800 et
1907 1762 1975 1801 ex

2090 599 2160 638 ex
2205 584 2522 654 disciplinis
2565 587 2782 658 collegi.
2843 586 3084 658 Namque
3129 592 3336 642 natura
3380 589 3745 660 cujuscunque

2092 673 2272 728 studii
2315 675 2501 741 'avida,
2571 691 2860 748 nunquam
2929 677 3181 731 scientiis
3241 678 3421 748 potuit
3462 680 3739 734 saturari.

2090 761 2419 834 Nullamque
2446 763 2646 820 vellem
2675 780 2808 832 esse,
2842 764 2982 835 quod
3029 766 3142 820 mei
3183 766 3446 820 notitiam
3493 769 3740 836 fugeret;

2091 867 2193 905 nec
2239 854 2530 908 molestum
2578 854 2721 908 mihi
2781 857 2948 926 foret,
3004 853 3175 909 etiam
3213 855 3266 909 si
3311 855 3409 909 sub
3459 863 3740 918 terranea,

2089 957 2386 997 noscerem.
2413 943 2593 1014 Neque
2621 947 2681 998 ut
2705 944 2966 1014 plurimi,
2999 945 3059 998 in
3081 943 3186 999 hoc
3211 946 3431 1000 tantum
3459 945 3739 1014 incumbe,

2091 1029 2234 1085 illud
2263 1047 2396 1086 vero
2443 1034 2681 1103 negligo,
2731 1031 2823 1088 sed
2868 1036 2918 1088 et
2959 1048 3255 1104 pravorum
3296 1035 3485 1102 etiam,
3537 1042 3588 1090 et
3617 1034 3742 1091 abo-

2090 1120 2484 1176 minandorum
2527 1122 2672 1176 mihi
2713 1123 2991 1178 notitiam
3035 1137 3312 1193 comparo,
3361 1126 3424 1177 ut
3467 1121 3595 1178 inde
3641 1124 3740 1177 liu-

2091 1207 2264 1278 beam,
2299 1210 2439 1280 quod
2470 1226 2535 1265 ea
2565 1212 2965 1282 usurpantibus
2994 1226 3283 1282 opponam.
3310 1209 3484 1267 Plura
3509 1212 3582 1267 de
3611 1210 3739 1276 hoc,

2092 1297 2243 1368 Orat.
2277 1299 2346 1354 de
2372 1309 2570 1371 matre,
2604 1300 2664 1354 in
2710 1316 2827 1371 qua
2874 1299 3113 1372 singula
3160 1316 3407 1372 quaeque
3451 1301 3524 1356 ad
3575 1300 3738 1356 fasti-

2088 1387 2252 1441 dium
2281 1404 2468 1460 usque
2499 1393 2826 1445 enumerat.
2851 1388 2932 1444 Ea
2962 1387 3160 1460 lector,
3212 1406 3285 1446 ne
3332 1389 3458 1461 ipse
3503 1389 3738 1446 fastidio

2090 1475 2223 1547 sim,
2249 1476 2466 1533 videat.

2154 1600 2357 1656 XXIII.
2394 1603 2623 1658 Interea
2653 1601 2796 1657 satis
2830 1601 3019 1657 astatis
3051 1617 3117 1656 ac
3159 1600 3486 1672 prudentia
3516 1600 3738 1658 habens

2085 1689 2143 1743 in
2194 1689 2328 1744 aula
2379 1690 2836 1762 imperatoribus
2878 1689 3154 1760 innotuit,
3205 1689 3305 1762 qui
3353 1690 3414 1744 in
3467 1689 3737 1746 maximis

2084 1779 2334 1850 negotiis
2366 1781 2685 1851 proticuam
2716 1779 2878 1835 illius
2908 1795 3146 1851 operam
3178 1779 3399 1850 experti
3422 1778 3733 1834 sunt.Nam

322 1863 389 1900 eo
440 1850 609 1944 θυοδ
647 1844 974 1946 90³3³⁸³⁸,
1003 1839 1305 1946 Αξῗίεξαάθξ
1341 1837 1488 1946 Lm);
1512 1837 1973 1946 _‘i’__13r§:i8‘8ife
2002 1881 2049 1946 B
2083 1837 2326 1923 Michael
2358 1837 2727 1924 étratioticus
2757 1867 2908 1924 inter
2938 1837 3185 1924 selectos
3205 1837 3272 1924 ex
3303 1868 3574 1940 patribus
3605 1884 3734 1923 con-

317 1930 716 2001 concinnavit,
755 1931 897 1985 dum
943 1931 1014 1984 de
1053 1927 1196 1984 Italo
1239 1928 1415 1983 verba
1446 1927 1660 1982 faceret
1693 1943 1706 1981 :
1738 1923 1836 1978 Καὶ
1872 1925 1966 1981 Μι-

317 2019 472 2097 χαὴλ
530 2018 713 2074 ἐκείνω
769 2021 848 2089 τῷ
898 2015 1107 2088 Ψελλῷ
1157 2015 1210 2070 ἐν
1263 2013 1470 2091 ὑστέρῳ
1517 2012 1966 2090 προσωμίλησεν,

318 2110 376 2169 ’ὸς
419 2108 507 2164 καὶ
551 2108 691 2162 πάνυ
739 2127 826 2162 τοι
865 2106 1013 2180 παρᾶ
1061 2101 1409 2165 διδασκάλοις
1455 2107 1644 2178 σοφοῖς
1691 2099 1964 2176 ἐφοίτησε.

315 2207 416 2260 Διά
464 2205 676 2284 φύσεως
729 2201 787 2258 δὲ
837 2200 1139 2274 δεξιότητα,
1171 2201 1262 2256 καὶ
1308 2201 1435 2262 νοὸς
1467 2199 1750 2271 εὐθύτητα,
1780 2199 1966 2274 τυχὼν

322 2295 504 2367 μέντοι
548 2293 637 2348 καὶ
678 2296 812 2348 Θεοῦ
867 2291 1106 2366 ἀρωγοῦ.
1140 2290 1283 2366 Πρὸς
1327 2287 1545 2350 τούτοις
1594 2284 1684 2342 διὰ
1721 2288 1820 2354 τήν
1846 2298 1965 2362 θερ-

320 2382 560 2457 μοτάτην
614 2381 819 2437 ἱκεσίαν
868 2386 967 2450 τῆς
1028 2378 1237 2453 μητρὸς
1288 2377 1452 2432 αὐτοῦ
1514 2373 1968 2451 ἒπαγρυπνούσης

320 2476 538 2547 συχνῶς
587 2475 669 2543 τῷ
716 2469 768 2526 ἐν
835 2473 914 2541 τῷ
971 2471 1083 2540 ναῷ
1136 2464 1232 2521 τοῦ
1286 2465 1485 2542 Κυρίου
1539 2471 1639 2534 τῆς
1699 2464 1963 2520 Θεοτόκου

313 2565 493 2633 σεπτῷ
541 2559 907 2633 εἷκονίσματι,
951 2557 1042 2612 καὶ
1092 2558 1316 2632 Θερμοῖς
1364 2561 1481 2618 τοῖς
1526 2551 1777 2630 δάκρυσιν
1831 2553 1961 2627 ὑπὲρ

307 2654 404 2703 τοῦ
431 2646 624 2710 παιδὸς
683 2644 852 2702 ἐκκαλ
887 2643 1250 2718 ουμένης,εἷς
1300 2644 1462 2719 ἄκρον
1520 2642 1707 2717 σοφίας
1750 2642 1961 2708 ἁπάσης

307 2736 622 2808 ἐληλακὼς,
663 2737 754 2791 καὶ
801 2734 870 2790 τὰ
917 2733 1204 2804 Ἑλλήνων
1245 2731 1334 2786 καὶ
1381 2728 1667 2786 Χαλδαίων
1721 2725 1959 2806 ἀκριϐω-

309 2826 557 2899 σάμενος,
617 2827 807 2901 γέγονε
859 2828 981 2884 τοῖς
1034 2821 1158 2877 τότε
1235 2822 1462 2896 χρόνοις
1516 2815 1848 2893 περιϐόητος
1905 2817 1957 2872 ἐν

307 2915 486 2992 ςοφίᾳ.
520 2916 578 2972 Id
611 2921 700 2970 est
750 2932 763 2970 :
815 2914 1155 2983 Tandemque
1205 2913 1263 2965 in
1313 2911 1593 2966 Michaelis
1640 2911 1960 2965 Psellicon-

305 3004 650 3062 suetudinem
672 3003 843 3072 venit,
873 3003 972 3074 qui
996 3009 1385 3072 prmeeptores,
1434 3001 1712 3070 sapientes
1743 2998 1957 3070 oppido,

308 3099 524 3163 nactus,
566 3097 783 3149 natura
847 3091 1182 3146 dexteritate
1229 3097 1281 3144 et
1328 3085 1640 3144 intellectus
1683 3089 1960 3154 acumine,

307 3185 412 3239 Deo
443 3199 652 3255 quoque
681 3182 774 3237 illi
800 3181 1184 3252 coadjuvante.
1232 3177 1410 3232 adhuc
1454 3184 1508 3232 et
1554 3177 1753 3231 matris
1783 3179 1961 3231 inten-

304 3236 540 3327 sissimis
592 3271 866 3343 precibus,
927 3269 1128 3339 saepius
1189 3267 1249 3321 in
1291 3263 1495 3335 templo
1555 3266 1777 3320 Domini
1824 3268 1960 3320 ante
1992 3236 2034 3303 (ἶ

305 3363 564 3433 Deiparae
597 3357 968 3415 venerandam
999 3357 1306 3424 imaginem
1336 3355 1702 3424 invigilantis,
1733 3355 1956 3422 spissis-

304 3467 407 3521 que
428 3465 527 3521 pro
556 3449 673 3520 filio
705 3447 962 3518 lacrymis
991 3444 1294 3509 exorantis,
1328 3442 1399 3496 ad
1427 3443 1700 3497 universae
1736 3446 1958 3513 sapien-

303 3541 400 3596 tiae
435 3540 654 3594 culmen
683 3535 953 3608 pervenit,
1003 3541 1056 3587 et
1109 3536 1423 3588 Graecorum
1468 3547 1533 3586 ac
1577 3531 1960 3588 Chaldworum

303 3626 536 3681 decretis
611 3623 1026 3679 accuratissime
1104 3619 1450 3692 conquisitis,
1511 3635 1575 3674 ea
1643 3625 1961 3690 tempestate

303 3715 518 3770 celebre
566 3712 865 3785 sapientiae
913 3725 1110 3765 nomen
1176 3716 1498 3764 consecutus
1568 3716 1667 3763 est.
1745 3709 1961 3765 Subdit

307 3803 519 3859 deinde
566 3803 716 3857 inter
764 3799 977 3855 Italum
1027 3801 1084 3853 et
1133 3795 1389 3853 Psellum
1438 3794 1688 3852 dissidia
1735 3803 1953 3854 exorta.

305 3901 607 3958 Medicinae
635 3914 868 3972 quoque
897 3912 1132 3968 operam
1157 3894 1340 3961 dedit,
1374 3898 1440 3949 ut
1464 3895 1589 3966 ipse
1621 3895 1690 3949 de
1721 3911 1781 3951 se
1811 3900 1957 3951 Ora-

306 3992 462 4047 tione
492 3991 551 4046 in
583 3991 852 4058 Matrem,
885 3985 1099 4058 saepius
1131 3983 1389 4050 laudata,
1424 3983 1699 4054 afﬁrmat,
1726 3985 1865 4039 dum
1886 3987 1957 4040 de

304 4086 469 4153 patre
498 4077 849 4136 moribundo
882 4075 1169 4147 loquitur.
1199 4071 1288 4132 Ὡς
1339 4067 1397 4125 δὲ
1428 4069 1518 4125 καὶ
1567 4076 1684 4133 τοῖς
1729 4075 1840 4144 [16]
1869 4070 1956 4127 δα.

304 4166 526 4229 κτύλοις
603 4165 698 4228 τὰς
756 4171 856 4234 τῆς
933 4160 1193 4238 ἀρτηρίας
1246 4161 1485 4230 κινήσεις
1541 4157 1952 4236 ἐτεκμηράμην.

305 4253 700 4324 Ἐσπουδαὶζετο
775 4253 878 4328 γάρ
961 4273 1054 4324 μοι
1137 4247 1400 4324 μακρόθεν
1474 4250 1508 4318 ἡ
1568 4250 1691 4324 περὶ
1758 4250 1954 4306 τούτου

299 4346 496 4420 τέχνη.
524 4347 587 4403 Ut
615 4361 746 4401 vero
789 4347 844 4398 et
889 4343 1088 4414 digitis
1137 4342 1366 4396 arteria?
1410 4341 1588 4394 motus
1626 4340 1954 4398 observavi:

295 4446 418 4517 jam
484 4445 634 4499 enim
718 4441 816 4497 diu
899 4437 1125 4510 aliquid
1201 4439 1262 4492 in
1323 4454 1450 4493 eam
1513 4445 1695 4493 artem
1759 4439 1953 4508 studii,

300 4544 352 4590 et
415 4547 600 4602 operm
681 4530 1054 4587 contuleram.
1137 4526 1412 4582 Studium
1496 4526 1553 4580 in
1639 4543 1948 4598 capessen-

2081 1957 2318 2028 scriptis
2349 1958 2525 2024 viros,
2558 1974 2699 2028 quos
2729 1961 3021 2014 Comneno
3051 1957 3270 2013 Isaacio
3302 1958 3375 2012 ad
3407 1955 3654 2013 rebelles
3675 1956 3734 2011 in

2077 2045 2450 2100 concordiam
2481 2045 2826 2116 redigendos
2856 2045 3040 2113 misit,
3075 2045 3328 2101 Psellum
3363 2061 3602 2116 quoque
3628 2061 3726 2100 no-

2077 2139 2267 2189 strum
2298 2133 2532 2206 legavit,
2565 2151 2678 2190 non
2703 2134 3128 2189 contemnendo
3151 2133 3338 2204 elogio
3370 2133 3730 2189 celebratum

2078 2237 2111 2276 a
2159 2227 2383 2278 Zonara
2427 2226 2586 2278 torno
2636 2222 2710 2279 ΙΙΙ
2763 2240 2775 2278 :
2825 2219 3159 2276 Στέλλονται
3225 2219 3402 2275 τοίνυν
3450 2221 3589 2296 πρὸς
3635 2220 3724 2276 τὸν

2078 2309 2364 2380 Κομνηνὸν
2420 2303 2841 2384 πρεσϐεύσοντες
2900 2307 3088 2386 ἄνδρες
3142 2313 3248 2363 τῶν
3308 2307 3571 2385 ἐκκρίτων
3629 2316 3729 2380 τῆς

2077 2396 2392 2472 συγκλήτου
2443 2397 2673 2474 βουλῆς·
2735 2399 2786 2453 οἱ
2841 2395 2887 2453 δ’
2944 2399 3078 2468 ἦσαν
3139 2399 3167 2454 6
3225 2395 3498 2475 πρόεδρος
3555 2401 3675 2455 Κων
3709 2431 3730 2442 -

2075 2492 2352 2550 παντῖνος
2409 2488 2436 2541 6
2497 2485 2829 2563 Λειχοόδης,
2893 2489 2920 2542 6
2978 2485 3243 2562 πρόεδρος
3294 2486 3447 2542 Λέων
3499 2485 3730 2544 ὁἈλω-

2072 2576 2195 2643 πὸς,
2255 2576 2344 2631 καὶ
2407 2575 2643 2652 Μιχαὴλ
2703 2577 2730 2631 6
2763 2577 3076 2655 σοφώτατος
3130 2575 3350 2639 Ψελλὸς
3402 2581 3512 2632 τῶν
3564 2575 3718 2654 φιλο·

2072 2665 2250 2741 σόφων
2303 2664 2376 2718 ὣν
2423 2663 2644 2726 ὕπατος.
2697 2669 2989 2739 Legantur
3055 2669 3230 2738 igitur
3270 2667 3341 2722 ad
3395 2669 3726 2724 Comnenum

2069 2756 2262 2810 selecti
2324 2757 2438 2811 viri
2482 2772 2555 2810 ea:
2607 2756 2860 2826 patribus
2925 2757 3272 2825 conscriptis,
3332 2756 3726 2812 Constantinus

2070 2843 2332 2900 Lichudes
2385 2861 2605 2916 prmses,
2677 2846 2778 2900 Leo
2845 2845 3048 2917 Alopus
3107 2861 3308 2917 praeses
3377 2850 3434 2901 et
3502 2846 3726 2902 Michael

2069 2933 2304 3001 Psellus,
2335 2934 2781 3003 sapientissimus
2807 2934 3068 3005 princeps
3099 2944 3229 2989 tunc
3252 2933 3718 3006 philosophorum.

2071 3024 2140 3079 Et
2179 3024 2473 3078 Cedrenus
2517 3024 2576 3078 in
2625 3024 2876 3096 Synopsi
2911 3041 2924 3080 :
2959 3023 3105 3077 Ἐκεῖ
3136 3019 3193 3077 δὲ
3247 3023 3401 3095 αὐτῷ
3447 3022 3721 3098 γενομένῳ

2071 3110 2328 3187 φθάνουσι
2372 3111 2462 3166 καὶ
2513 3106 2833 3188 πρεσϐευταὶ
2891 3110 3160 3186 βασιλέως
3191 3113 3220 3167 6
3249 3109 3524 3187 πρόεδρος
3575 3118 3718 3166 Κων-

2073 3205 2348 3262 σταντῖνος
2379 3201 2406 3254 6
2459 3197 2789 3275 Λειχοῦδης,
2840 3197 3122 3277 Θεόδωρος
3168 3201 3195 3255 6
3246 3197 3530 3274 Ἀλωπὸς,
3575 3207 3718 3255 Κων-

2074 3293 2350 3352 σταντῖνος
2401 3288 2429 3342 6
2461 3287 2703 3357 Ψελλὸς,
2737 3289 2765 3343 ὁ
2795 3293 2901 3342 τῶν
2945 3287 3262 3367 φιλοσόφων
3294 3287 3523 3353 ὕπατος.
3564 3289 3719 3344 Οὗτοι

2066 3379 2167 3452 γὰρ
2217 3378 2268 3431 οἱ
2313 3382 2462 3450 τρεῖς
2510 3373 2699 3452 ἄνδρες
2747 3375 2834 3431 ἐπὶ
2886 3376 3090 3455 σοφίᾳ,
3139 3377 3231 3432 καὶ
3278 3375 3452 3454 λόγου
3502 3375 3719 3450 δυνάμει

2065 3470 2172 3520 τῶν
2205 3465 2340 3520 κατά
2368 3466 2466 3533 τὴν
2507 3466 2719 3540 ἡμέραν
2753 3466 3047 3540 ἀνθρώπων
3096 3463 3366 3544 διαφέρειν
3418 3465 3718 3534 δοκοῦντες,

2066 3553 2157 3608 καὶ
2207 3553 2544 3629 ἀσυγκρίτως
2597 3554 2624 3607 6
2678 3553 2902 3617 Ψελλὸς
2954 3552 3275 3630 ἐξελέγησαν
3323 3554 3407 3612 είς
3471 3556 3533 3610 τὸ
3591 3574 3716 3630 πρε-

2067 3634 2308 3708 σϐεῦσαι,
2360 3640 2448 3694 καὶ
2493 3637 2894 3716 προσεδόκησεν
2929 3642 2957 3696 6
3001 3640 3257 3718 βασιλεὺς
3308 3641 3531 3719 μεγάλα
3557 3663 3714 3698 κατα-

2065 3730 2365 3805 πράξασθαι
2444 3725 2534 3784 διὰ
2605 3736 2705 3800 τῆς
2786 3729 3003 3786 ἐκείνων
3068 3734 3180 3805 [17]
3257 3731 3577 3807 εὐστομίας,
3635 3732 3724 3786 καὶ

2065 3819 2311 3894 χάριτος.
2353 3820 2440 3876 lbi
2467 3822 2523 3876 ei
2548 3825 2904 3877 occurrerunt
2934 3823 3104 3894 legati
3145 3825 3502 3894 imperatoris
3521 3838 3724 3895 praeses

2067 3908 2462 3964 Constantinus
2528 3910 2813 3976 Lichudes,
2864 3925 3072 3982 praeses
3143 3910 3452 3969 Theodorus
3496 3913 3722 3984 Alopus,
3767 3963 3770 3967 .

2066 3997 2464 4053 Constantinus
2493 3999 2727 4064 Psellus,
2741 3999 3197 4072 philosophorum
3221 4003 3720 4074 princeps.Etenim

2064 4087 2124 4140 hi
2152 4095 2257 4141 tres
2284 4088 2400 4142 viri
2426 4089 2729 4158 sapientia,
2762 4096 2813 4143 et
2840 4088 3126 4159 facundia,
3185 4092 3435 4146 omnium
3467 4093 3565 4163 qui
3590 4100 3725 4147 tunc

2062 4176 2336 4242 vivebant,
2365 4177 2542 4248 primi
2568 4176 2822 4246 habtti,et
2854 4176 3075 4247 quidem
3103 4187 3261 4232 extra
3288 4182 3719 4252 comparationis

2062 4269 2265 4320 sortem
2293 4265 2526 4331 Psellus,
2557 4265 2634 4321 ad
2675 4281 2807 4322 eam
2859 4264 3188 4337 legationem
3231 4271 3460 4339 fuerant
3486 4269 3722 4336 delecti;

2063 4354 2209 4424 quod
2238 4356 2542 4425 imperator
2569 4369 2760 4410 eorum
2787 4354 3107 4425 eloquentia
3135 4359 3188 4411 et
3235 4359 3426 4426 gratia
3453 4374 3510 4414 se
3536 4357 3718 4414 maxi-

2063 4459 2156 4497 ma
2179 4450 2602 4498 consecuturum
2633 4441 3022 4514 sperabat.Ubi
3053 4444 3434 4516 exscriptoris
3466 4446 3714 4514 incuria,

2065 4545 2168 4600 pro
2200 4528 2502 4598 Michaele,
2535 4530 2954 4586 Constantinus
2986 4530 3242 4602 irrepsit.
3275 4535 3344 4588 Et
3377 4533 3436 4589 in
3468 4550 3534 4589 eo
3559 4532 3715 4589 falsas

299 4623 389 4678 dis
417 4620 769 4694 disciplinis,
801 4623 858 4675 et
905 4616 1185 4674 omnibus
1229 4615 1608 4671 addiscendis
1640 4617 1852 4672 ardens
1884 4634 1950 4673 ac
1981 4605 2026 4670 D
2060 4616 2368 4689 legationis
2402 4623 2714 4674 accusatur
2743 4619 2814 4674 ab
2848 4621 3048 4674 eodem
3075 4620 3323 4677 inferius
3361 4639 3374 4678 :
3407 4622 3626 4696 Λέγεται
3657 4617 3714 4673 δὲ

302 4712 587 4784 pertinax,
617 4710 742 4782 ipse
784 4705 978 4763 libello
1023 4710 1100 4760 De
1146 4704 1581 4760 admirabilibus
1628 4705 1955 4763 lectionibus

302 4801 360 4855 iu
410 4801 525 4855 ﬁne
575 4797 849 4871 explicat.
907 4793 1055 4867 Ἐγὼ
1097 4788 1154 4845 δὲ
1184 4790 1245 4846 οὐ
1299 4791 1422 4866 περὶ
1473 4789 1727 4866 ἐργασίας
1777 4789 1947 4865 ἕνεκα,

301 4890 366 4956 νὴ
399 4889 498 4956 τὴν
531 4888 676 4961 ἱεράν
721 4906 816 4940 σου
859 4882 1068 4957 ψυχὴν,
1111 4878 1256 4935 ἀλλὰ
1293 4879 1653 4957 φιλομαθείας
1679 4883 1746 4936 τὰ
1774 4881 1948 4938 πλείω

301 4980 407 5029 τῶν
469 4974 805 5048 μαθημάτων
860 4970 1249 5043 συνελεξάμην.
1311 4969 1558 5043 Ἐγένετο
1614 4969 1714 5046 γάρ
1767 4993 1859 5044 μοι
1911 4975 1945 5042 ἡ

305 5061 462 5136 φύσις
507 5064 796 5136 ἀκόρεστος
842 5060 979 5136 πρὸς
1031 5060 1212 5113 ὁτιοῦν
1260 5055 1602 5130 σπούδασμα,
1652 5060 1740 5114 καὶ
1792 5058 1943 5116 οὐδὲν

302 5149 361 5205 civ
426 5173 491 5224 με
541 5151 848 5227 βουλοίμην
899 5146 1196 5203 διαλαθεῖν.
1241 5144 1401 5201 Ἀλλ’
1454 5146 1716 5222 ἀγαπῴην
1765 5147 1846 5221 ἃν,
1899 5151 1944 5205 εἰ

297 5239 388 5294 καὶ
438 5241 504 5294 τὰ
549 5241 722 5314 νέροεν
772 5237 970 5308 εἰδείην
1032 5243 1132 5306 τῆς
1179 5243 1300 5311 γῆς.
1352 5237 1448 5290 Καὶ
1504 5236 1608 5313 οὐχ
1662 5237 1842 5313 ὥσπερ
1893 5241 1944 5294 οἱ

295 5328 502 5384 πολλοὶ
552 5328 674 5402 περὶ
721 5332 882 5382 τοῦτο
936 5327 1028 5399 μὶν
1081 5321 1408 5395 ἐσπούδακα,
1454 5324 1626 5380 ἐκεῖνο
1680 5323 1737 5381 δὲ
1790 5329 1941 5382 ἀπω-

297 5419 496 5490 σάμην,
549 5416 693 5471 ἀλλᾶ
749 5417 839 5471 καὶ
889 5420 994 5470 τῶν
1062 5412 1305 5492 φαύλων,
1375 5413 1408 5482 ἢ
1471 5413 1655 5478 ἄλλως
1714 5416 1945 5491 ἀποτρο-

293 5507 468 5561 παίων
526 5506 812 5581 ἐπιγνῶναι
865 5504 957 5566 τᾶς
1009 5499 1273 5576 μεθόδους
1333 5501 1660 5573 ἐσποῦδακα,
1701 5502 1774 5559 ’ίν’
1825 5505 1939 5582 ἔχω

291 5595 526 5651 ἐντεῦθεν
562 5591 862 5669 ἀντιλέγειν
911 5597 1026 5656 τοῖς
1073 5589 1386 5666 χρωμένοις
1437 5591 1638 5656 αὐτοῖς.
1687 5597 1747 5652 Id
1793 5605 1881 5654 est
1922 5616 1936 5655 :

291 5690 420 5762 Ego
468 5703 618 5756 vero,
669 5702 778 5742 non
821 5683 1154 5740 curiositatis
1196 5698 1351 5753 ergo,
1384 5684 1465 5740 ita
1513 5701 1731 5741 sacrum
1781 5695 1938 5744 tuum

2061 4705 2146 4760 δτι
2201 4705 2291 4760 καὶ
2351 4705 2401 4759 οἱ
2456 4700 2780 4780 πρεσϐευταὶ
2839 4701 3415 4782 παραπρεσϐεύσαντες
3465 4707 3602 4764 ἄλλο
3649 4727 3710 4762 τε

2061 4792 2247 4855 ἄλλως
2301 4791 2476 4869 λάθρα
2526 4799 2606 4867 τῷ
2659 4795 2988 4868 Κεκαυμένῳ
3020 4794 3338 4869 προσιόντες
3370 4795 3705 4874 παρεκάλουν

2060 4879 2279 4957 ἔχεσθαι
2309 4889 2409 4952 τῆς
2441 4880 2759 4956 ἐνστάσεως,
2790 4883 2879 4938 καὶ
2925 4880 3190 4957 μηδόλως
3240 4883 3506 4942 ἐνδοῦναι.
3537 4888 3708 4940 Τοῦτο

2058 4968 2116 5027 δὲ
2145 4970 2340 5033 αὐτους
2389 4979 2638 5042 ποιῆσαι,
2687 4972 2776 5027 καὶ
2826 4973 2877 5026 οἱ
2925 4971 3111 5035 καλῶς
3166 4971 3372 5036 εῗδότες
3402 4971 3710 5049 ἐπληροφό-

2057 5081 2182 5136 ρουν
2218 5058 2403 5137 ἄνδρες
2442 5060 2550 5136 οὐχ
2597 5061 2767 5116 οἷοίτε
2811 5058 3119 5134 ψεύδεσθαι,
3149 5063 3240 5117 καὶ
3293 5061 3372 5125 εἷς
3420 5061 3576 5117 αὑτὸν
3610 5061 3699 5115 τὸν

2056 5150 2338 5224 Κομνηνὸν
2407 5149 2887 5228 πληροφοροῦντες
2942 5150 3253 5224 ἐνωμότως,
3315 5152 3388 5214 ὡς
3444 5151 3578 5206 ἅπαν
3635 5147 3693 5201 τὸ

2054 5238 2280 5294 ἀστυκὸν
2314 5237 2528 5307 πλῆθος
2555 5242 2862 5315 περικακῶς
2893 5239 2971 5302 είς
3021 5239 3178 5294 αὐτὸν
3209 5238 3345 5316 ἔχει.
3395 5238 3490 5294 Καὶ
3534 5237 3604 5297 ὡς
3649 5233 3699 5290 si

2057 5328 2222 5400 μόνον
2284 5327 2483 5403 ἐγγίσει
2539 5332 2608 5402 τῇ
2665 5327 2850 5401 πόλει,
2907 5328 2997 5383 τὸν
3051 5328 3277 5404 γέροντα
3325 5327 3694 5400 ἐξωθησαντες,

2054 5417 2169 5489 μετ’
2198 5415 2498 5488 ἐπινικίων,
2529 5418 2618 5472 καὶ
2651 5417 2835 5490 ὕμνων
2870 5417 3026 5473 αὐτὸν
3059 5415 3461 5494 προσδέξονται.
3483 5421 3553 5474 Ac
3570 5430 3696 5488 pro-

2049 5507 2226 5562 ditum
2254 5512 2332 5564 est
2363 5509 2664 5577 memoriae,
2700 5511 2847 5582 ipsos
2876 5511 3044 5564 etiam
3077 5509 3288 5580 legatos
3311 5525 3413 5581 pra
3431 5508 3696 5563 varicatos

2046 5599 2243 5668 fuisse,
2269 5605 2322 5653 et
2350 5598 2515 5652 modo
2545 5597 2712 5665 hunc,
2741 5597 2898 5654 modo
2920 5598 3082 5653 illum
3102 5597 3337 5655 diversis
3366 5593 3694 5669 temporibus

2050 5687 2384 5745 Cecaumeno
2432 5690 2688 5761 suasisse,
2735 5697 2798 5746 ut
2848 5691 3183 5761 oppugnaret
3229 5687 3440 5746 acriter
3491 5683 3696 5742 oblatas
