4084 6140
324 405 445 466 493

1584 402 1959 464 DlATRlBA
1999 402 2103 463 DE
2146 402 2494 465 PSELLIS.

3617 404 3738 465 494

325 538 689 605 conditiones,
720 553 896 609 neque
934 535 1239 609 quidquam
1284 535 1611 592 concederet.
1655 537 1722 591 Et
1758 534 1976 607 quidem
2006 535 2054 602 Α
2087 536 2445 607 complexus,
2478 535 2602 592 loco
2635 536 2693 592 in
2722 535 2823 591 illo
2885 536 3181 592 uberrimo
3225 552 3293 592 ac
3347 536 3736 605 feracissimo,

327 634 428 685 hoc
458 644 547 684 eos
578 629 749 698 egisse
777 643 879 697 pro
908 630 1054 681 certo
1080 626 1370 697 perhibent
1400 627 1463 691 ii,
1497 627 1693 697 quibus
1734 626 1842 680 ista
1883 640 1981 694 op-

328 718 465 771 time
492 719 623 770 sunt
655 718 805 783 nota,
838 723 889 768 et
917 730 950 767 a
980 713 1255 767 mendacii
1282 714 1593 783 suspicione
1616 721 1743 767 sunt
1774 713 1984 766 immu-

325 821 443 873 nes,
476 806 741 876 aiuntque
769 818 879 869 eos,
914 804 1238 873 interposito
1259 803 1655 873 jurejurando,
1678 802 1985 873 afﬁrmasse

334 899 634 959 Comneno,
665 891 925 947 ardenter
954 907 1078 946 eum
1102 891 1168 945 ab
1198 892 1413 946 urbana
1443 890 1803 946 multitudine
1841 887 1982 944 dili-

333 986 409 1056 gi;
451 998 539 1049 ac,
562 983 611 1036 si
636 989 849 1036 tantum
887 982 1202 1035 accessisset
1232 980 1302 1034 ad
1333 979 1544 1046 urbem,
1572 982 1691 1050 [ore
1722 982 1777 1033 ut
1812 979 1986 1048 ipsam

338 1091 421 1138 ea,
478 1086 607 1127 sene
647 1071 963 1137 exturbato,
1023 1086 1148 1124 cum
1186 1069 1579 1138 gratulatoriis
1620 1069 1891 1137 victoria,
1931 1070 1985 1121 et

340 1161 563 1231 imperii
586 1160 930 1214 carminibus
949 1159 1212 1229 excipiat.

407 1249 593 1305 XXIV.
618 1248 879 1304 Isaacius
903 1249 1255 1315 Comnenus,
1281 1263 1417 1303 cum
1442 1245 1780 1302 Michaelem
1809 1246 1987 1301 Ceru-

333 1339 571 1401 larium,
612 1336 1003 1408 patriarcham
1056 1336 1765 1408 Constantinopolitanum
1818 1336 1987 1391 abdi-

331 1444 464 1483 care
496 1428 801 1491 niteretur,
837 1424 1116 1491 aliorum,
1159 1430 1215 1479 et
1250 1424 1429 1479 Psseli
1458 1424 1745 1496 praecipue
1790 1441 1987 1494 opera,

342 1516 466 1589 qui,
527 1516 586 1570 in
639 1530 771 1569 eum
824 1513 1096 1569 Oratione
1154 1514 1506 1585 conscripta,
1568 1514 1891 1568 multorum
1924 1529 1989 1567 ac

331 1605 633 1661 variorum
666 1603 990 1659 facinorum
1044 1618 1208 1657 reum
1260 1602 1411 1668 fecit,
1462 1619 1607 1657 usus
1663 1606 1754 1657 est
1808 1602 1990 1657 Zona-

330 1712 434 1750 ras
485 1692 745 1748 ibidem:
782 1691 912 1746 Εἶτα
967 1690 1054 1743 καὶ
1117 1688 1422 1766 καθαιρέσει
1476 1684 1769 1745 ὑποϐαλεῖν
1828 1689 1987 1743 αὐτὸν

333 1780 429 1837 διὰ
460 1777 741 1859 φροντίδος
795 1778 1015 1848 ἐτίθετο,
1066 1780 1155 1832 καὶ
1186 1799 1294 1832 τισι
1329 1780 1436 1833 τῶν
1469 1778 1768 1853 ἀρχιερέων
1804 1799 1992 1852 συνερ-

332 1876 462 1946 γοῖς
492 1870 626 1942 πρὸς
672 1873 831 1923 τοῦτο
877 1866 1166 1943 ἐκέχρητο,
1217 1867 1305 1921 καὶ
1352 1872 1433 1939 τῷ
1483 1866 1688 1939 Ψελλῴ
1736 1866 1993 1941 αἰτιαμά-
2022 1907 2068 1971 Β

580 1955 636 1971 ,ς
664 1961 688 1971 -
881 1957 895 1971 ι
961 1953 1045 1971 ,υ
1146 1955 1159 1971 ι
1610 1960 1632 1971 ..
1710 1954 1731 1971 η
1804 1953 1817 1969 .
1950 1960 1975 1969 -

1710 1954 1731 1971 η

332 1981 447 2013 των
502 1955 755 2028 πολλῶν,
807 1957 897 2010 καὶ
952 1953 1271 2010 ἀλλοκότων
1332 1960 1652 2031 συναγωγεῖ,
1710 1954 1744 2009 ’ὰ
1802 1953 1851 2009 ἐν
1911 1960 1990 2027 τῷ

330 2048 459 2102 κατ’
498 2046 701 2101 ἐκείνου
762 2043 917 2118 λόγῳ
966 2043 1288 2119 συνήθροισέ
1332 2065 1414 2113 τε,
1461 2044 1551 2099 καὶ
1601 2046 1989 2119 συνεγράψατο,

334 2134 515 2207 δηλοῖ
537 2155 595 2189 τε
627 2132 715 2189 διά
745 2153 908 2189 τινων
950 2138 1030 2205 τῷ
1074 2130 1227 2209 ἀνδρὶ
1260 2132 1583 2187 ἀπείπασθαι
1629 2134 1728 2202 τὴν
1757 2154 1992 2205 ποιμαν-

330 2226 524 2294 τικήν,
552 2222 628 2277 ’ἶν’
677 2223 812 2278 ἑκὼν
863 2221 1013 2277 δοκεῖ
1054 2224 1452 2297 παραιτεῖσθαι,
1503 2222 1575 2284 ὡς
1610 2222 1654 2276 εἷ
1690 2225 1766 2294 μή
1806 2227 1991 2289 τοῦτο,

330 2315 432 2370 καὶ
515 2313 658 2368 ἄκων
737 2312 907 2381 αὐτὴν
994 2311 1433 2386 ἀφαιρεθήσεται,
1496 2310 1572 2373 εἷς
1653 2312 1815 2383 μέσον
1875 2311 1991 2366 κατ’

332 2405 510 2459 αὐτοῦ
541 2400 941 2475 προτιθεμένων
977 2400 1330 2474 αἰτιαμάτων.
1357 2402 1560 2458 Deinde
1578 2403 1650 2457 de
1681 2402 1994 2470 abrogando

335 2496 441 2550 illi
466 2494 853 2564 patriarchatu
882 2493 1164 2564 cogitans,
1204 2507 1364 2564 opere
1393 2490 1752 2562 quorumdam
1783 2492 1996 2562 episco-

333 2599 541 2655 porum
572 2582 771 2645 utitur,
803 2583 853 2635 et
884 2581 1073 2645 Pselli,
1098 2582 1386 2635 variarum
1413 2584 1464 2635 et
1494 2579 1875 2635 absurdarum
1890 2578 1995 2632 cri-

340 2672 724 2725 minationum
754 2671 1169 2736 coacervatoris,
1211 2686 1345 2740 quas
1390 2670 1449 2723 in
1492 2668 1751 2725 Oratione
1802 2673 1997 2723 contra

344 2759 517 2816 illum
565 2761 770 2828 scripta
815 2759 1136 2827 conpressit,
1162 2763 1213 2813 et
1260 2774 1357 2829 per
1387 2757 1649 2829 quosdam
1680 2758 1798 2812 viro
1828 2758 1999 2827 signi-

345 2850 478 2920 ﬁcat
507 2856 560 2903 ut
588 2846 817 2903 simulet
842 2863 901 2902 se
931 2848 1075 2902 ultro
1112 2847 1439 2919 pontiﬁcatu
1458 2847 1641 2902 cedere
1671 2862 1828 2917 quem
1856 2846 1995 2901 alio-

348 2940 484 3010 quin
520 2939 725 2992 invitus
754 2953 882 2992 cum
908 2937 1132 3007 publica
1156 2938 1393 3007 infamia
1421 2938 1494 2991 sit
1523 2937 1853 2991 amissurus.

427 3027 540 3097 [t8]
570 3025 747 3081 XXV.
784 3024 1025 3097 Diogeni
1059 3025 1393 3097 imperatori
1440 3025 1729 3091 infensus,
1774 3024 1999 3095 primus

353 3117 482 3185 ipse
512 3115 664 3169 inter
694 3118 1077 3181 senatores,et
1104 3114 1363 3168 Joannes
1386 3114 1657 3181 Casar,et
1678 3113 1998 3178 lilii,Eudo-

352 3204 501 3259 ciam
522 3203 597 3257 im
610 3202 953 3275 peratricem
980 3203 1036 3256 in
1065 3202 1483 3258 monasterium
1500 3203 1767 3267 trudunt;
1793 3201 2000 3255 Micha-

2096 626 2435 696 frugiferam
2468 625 2599 691 sibi,
2634 631 2691 680 et
2745 625 2876 681 aliis
2910 624 3271 692 diligentiam
3307 630 3609 696 expertus,
3654 645 3746 683 ex-

2093 714 2269 769 traxit
2294 714 2581 771 malorum
2607 713 2833 770 radices
2859 733 2872 783 ;
2896 715 2966 769 de
2989 718 3196 769 natura
3218 720 3275 769 et
3297 715 3472 771 rebus
3495 716 3743 772 occultis

2095 803 2315 874 optime
2347 802 2637 875 planeque
2688 802 2989 872 disseruit,
3038 803 3194 874 quod
3238 819 3438 858 verum
3478 809 3536 858 et
3584 806 3741 876 quod

2096 892 2311 947 falsum
2347 897 2435 948 est
2465 891 2521 945 in
2554 892 2834 960 oratione,
2870 892 3120 963 aperuit,
3152 891 3526 964 summisque
3557 894 3743 965 impe-

2096 982 2391 1037 ratoribus
2418 982 2529 1035 fuit
2558 986 2614 1036 et
2644 981 2873 1036 vivendi
2908 985 3250 1053 praceptor,
3285 986 3341 1036 et
3385 982 3637 1038 dicendi.
3662 984 3746 1038 Ad

2098 1070 2325 1126 labores
2356 1071 2624 1142 impiger,
2660 1070 2760 1125 diu
2796 1075 3088 1141 noctuque
3118 1074 3219 1125 aut
3237 1070 3459 1142 aliquid
3488 1072 3744 1127 conscri-

2099 1161 2315 1226 bendo,
2349 1166 2448 1214 aut
2487 1160 3010 1231 legendo,tempus
3039 1158 3379 1214 insumebat
3412 1178 3424 1215 :
3460 1176 3562 1215 nec
3592 1160 3746 1216 vires

2099 1253 2549 1317 consenuerant,
2582 1264 2685 1303 nec
2716 1248 3005 1303 defecerat
3034 1248 3288 1303 animus.
3324 1249 3391 1303 Et
3420 1265 3553 1304 cum
3611 1266 3744 1304 mu-

2098 1355 2211 1393 nus
2265 1338 2555 1409 optimum
2615 1336 3277 1407 fructuosissimumque
3335 1338 3491 1408 quod
3552 1339 3748 1409 possit

2100 1426 2291 1481 allerri
2314 1425 2701 1498 principibus,
2729 1426 2871 1480 illud
2888 1442 3018 1481 esse
3038 1426 3478 1495 exsitimaret,si
3498 1428 3748 1483 docean-

2097 1522 2196 1572 tur
2226 1522 2402 1587 atque
2431 1516 2794 1582 erudiantur,
2819 1531 3055 1570 summa
3084 1531 3191 1585 ope
3224 1516 3610 1583 nitebatur,ut
3633 1517 3745 1571 Mi-

2100 1605 2359 1661 chaelem
2409 1604 2624 1659 Ducam
2680 1605 2994 1659 instrueret
3026 1604 3314 1675 bonisque
3365 1606 3749 1661 moribusin-

2102 1695 2398 1749 t'ormaret.
2450 1696 2572 1761 Quo
2621 1694 2754 1764 quis
2807 1697 2998 1764 potest
3043 1693 3103 1747 in
3150 1693 3270 1747 vita
3316 1692 3600 1763 humana,
3660 1693 3748 1748 vel

2101 1783 2432 1837 desiderare
2465 1782 2699 1850 melius,
2732 1780 2817 1837 vel
2869 1787 3071 1852 optare
3120 1781 3529 1851 prastantius?
3579 1782 3749 1837 Coer-

2101 1872 2283 1927 cenda
2312 1877 2402 1927 est
2436 1871 2766 1943 principum
2790 1869 2994 1935 libido,
3035 1870 3534 1941 refrenandusque
3566 1871 3746 1939 furor,

2100 1977 2287 2032 neque
2318 1960 2432 2015 alia
2454 1960 2546 2015 via
2567 1960 2624 2014 id
2653 1959 3456 2031 consequipossumusquam
3481 1961 3751 2016 doctrina

2100 2054 2157 2105 et
2186 2049 2532 2105 eruditione.
2562 2048 2828 2103 Hominis
2860 2048 3039 2103 decus
3064 2053 3153 2103 est
3174 2048 3499 2120 ingenium,
3524 2048 3748 2120 ingenii

2099 2139 2297 2194 lumen
2332 2137 2685 2209 eloquentia,
2728 2136 3073 2208 eloquentia
3105 2139 3323 2192 candor
3353 2137 3750 2209 philosophia,

2102 2227 2485 2299 philosophia
2548 2226 2759 2281 rectrix
2807 2243 2872 2280 ac
2923 2227 3205 2298 magistra
3236 2227 3447 2297 pietas,
3480 2243 3605 2297 qua
3636 2226 3753 2282 nisi

2103 2321 2521 2389 praceptorum
2556 2315 2796 2371 monitis
2829 2315 3126 2383 fulciatur,
3178 2315 3238 2369 in
3288 2315 3632 2387 ignorantia
3662 2321 3747 2371 te-

2104 2407 2317 2461 nebras
2349 2404 2641 2476 prolapsa,
2676 2404 2908 2459 ruinam
2942 2404 3099 2459 facit.

2174 2494 2409 2550 XXVII.
2441 2493 2566 2548 Non
2617 2492 2805 2564 potuit
2847 2497 3041 2547 tamen
3093 2494 3346 2564 effugere
3393 2492 3752 2550 calumniam

2104 2589 2334 2639 Zonara
2365 2581 2466 2635 lib.
2506 2598 2589 2636 ιιι.
2623 2581 2824 2635 Annal.
2860 2597 2874 2635 :
2909 2579 3007 2633 Καὶ
3052 2580 3117 2650 ἤν
3148 2584 3254 2634 τῶν
3298 2579 3596 2656 ἀνθρώπων
3631 2579 3754 2634 σῦν-

2103 2691 2338 2746 τριμμα,
2372 2668 2460 2723 καὶ
2509 2667 2874 2743 ταλαιπωρία,
2910 2670 3019 2741 [19]
3074 2668 3163 2722 καὶ
3198 2670 3224 2723 ὁ
3266 2668 3473 2724 τούτων
3510 2668 3754 2744 ἐπιστρε-

2107 2760 2342 2838 φόμενος
2413 2755 2677 2829 οὐδαμοῦ.
2732 2758 2788 2809 '0
2842 2758 2945 2831 γὰρ
3010 2755 3267 2832 βασιλεὺς
3328 2754 3751 2832 παιδαριώδεσιν

2108 2846 2374 2922 ἐσχόλαζε
2429 2846 2646 2916 πράξεσι
2706 2849 2801 2900 τοῦ
2863 2844 3067 2900 ὑπάτου
3127 2850 3232 2899 τῶν
3293 2844 3608 2923 φιλοσόφων
3660 2844 3750 2899 καὶ

2111 2936 2411 3012 ὑπερτίμου
2460 2932 2689 3010 Μιχαὴλ
2737 2938 2832 2988 τοῦ
2883 2933 3129 3005 ινελλοῦ,
3190 2934 3378 3011 λόγοις
3434 2938 3514 3007 τῷ
3573 2932 3749 2990 δοκεῖν

2107 3027 2265 3081 αὐτὸν
2317 3019 2731 3097 ἐμϐιϐάζοντος,
2780 3022 2870 3078 καὶ
2916 3020 3287 3095 διδάσκοντος,
3344 3028 3434 3077 νῦν
3499 3025 3591 3097 μὲν
3650 3025 3749 3093 τήν

2106 3114 2493 3191 γραμματικὴν
2525 3112 2742 3187 τέχνην,
2781 3112 2869 3166 καὶ
2922 3112 3110 3186 μέτρα,
3141 3112 3229 3167 καὶ
3286 3110 3624 3180 διαλέκτους,
3665 3116 3754 3165 νῦν

2114 3203 2155 3223 αἱ

2111 3203 2155 3258 δ’
2191 3204 2275 3257 ἵνα
2303 3202 2439 3257 κατὰ
2468 3201 2702 3277 ῥήτορας
2729 3198 3065 3274 διαλέγοιτο,
3098 3205 3188 3255 νῦν
3223 3199 3269 3255 δ’
3298 3201 3562 3275 ἱστορίαις
3593 3200 3751 3255 αὐτὸν

347 3294 500 3349 elem
556 3291 775 3347 Ducam
802 3292 1216 3362 imperatorem
1251 3290 1639 3358 denuntiant;
1676 3290 1991 3362 Diogenem

2117 3275 2546 3369 προσεθίζοντος.
2606 3275 2842 3347 Ἅλλοτε
2902 3288 2957 3345 δὲ
3014 3286 3328 3367 φιλοσόφων
3386 3292 3755 3366 θεωρημάτων

340 3384 475 3454 jam
502 3384 883 3436 revertentem
918 3380 1164 3451 imperio
1195 3379 1731 3447 abdicant,auctore
1753 3384 1810 3434 et
1839 3378 2000 3449 adju-

346 3477 475 3526 tore
504 3468 883 3525 consiliorum
918 3470 1120 3523 eodem
1156 3467 1711 3534 Psello.Zonaras,in
1738 3468 2000 3523 Romano

346 3560 611 3629 Diogene
645 3575 657 3611 :
691 3557 753 3612 Ὀ
812 3559 940 3629 γοῦν
1006 3560 1207 3630 Καῖσαρ
1258 3552 1514 3624 Ἰωάννης
1572 3554 1660 3609 καὶ
1693 3555 1744 3608 0".
1798 3553 2001 3609 ἐκείνου

346 3646 464 3701 υἱοὶ
498 3645 601 3714 ἀεὶ,
636 3645 711 3707 ὡς
762 3642 994 3719 ε’ίρῃται,
1045 3643 1386 3718 ἐγκοτοῦντες
1436 3648 1513 3715 τῷ
1564 3645 1797 3719 Διογένει
1838 3642 2002 3718 ἀρπά-

350 3742 507 3807 ζουσι
539 3734 630 3789 τὸν
663 3734 874 3808 καιρὸν,
908 3733 997 3788 καὶ
1020 3727 1461 3808 προσλαϐόμενοι
1487 3737 1594 3786 τῶν
1623 3740 1723 3802 τῆς
1756 3730 2001 3807 συγκλή-

343 3847 447 3882 του
510 3823 700 3891 ἐνίους,
762 3822 878 3877 ὅσοι
938 3822 1295 3899 ὡμοφρόνουν
1356 3822 1644 3890 αὑτοῖς,ὧν
1700 3821 1922 3897 ἐξῆρχεν
1974 3823 2000 3877 ὁ

348 3914 655 3990 ὑπέρτιμος
727 3910 969 3981 Ψελλὸς,
1026 3911 1214 3974 ύσνους
1262 3911 1349 3966 καὶ
1416 3912 1576 3972 αὐτὸς
1625 3916 1704 3983 τῷ
1762 3911 1999 3985 Διογένει

344 4003 667 4079 τυγχάνων,
723 4002 822 4069 τήν
882 3998 1207 4057 Βασίλισσαν
1270 3996 1539 4055 Εὐδνκίαν
1595 3998 1672 4060 εἷς
1722 4001 1819 4068 τὴν
1876 4000 2001 4072 παρ’

347 4093 524 4161 αὐτῆς
558 4088 887 4163 δομηθεῐσαν
945 4091 1117 4162 μονὴν
1146 4089 1279 4143 κατὰ
1328 4090 1399 4142 ὧν
1432 4090 1521 4143 τὸν
1570 4088 1621 4142 ἐν
1652 4093 1720 4162 τῇ
1757 4095 2001 4163 Προπον-

345 4180 459 4237 τίδι
490 4179 736 4256 πορθμὸν
790 4177 1217 4255 περιορίζουσιν,
1268 4178 1359 4232 τὸν
1414 4175 1471 4232 δὲ
1515 4177 1747 4253 Μιχαὴλ
1798 4177 2003 4247 ἀνακη-

347 4272 637 4347 ρύττουσιν
689 4267 1083 4343 αὐτοκράτορα,
1125 4275 1234 4336 etc,
1275 4270 1511 4325 Joannes
1570 4270 1741 4339 igitur
1801 4268 1999 4337 Caesar,

345 4366 575 4433 eiusque
603 4361 734 4430 ﬁlii,
769 4361 1003 4431 Diogeni
1030 4375 1266 4427 semper,
1299 4362 1357 4413 ut
1390 4358 1602 4413 dictum
1657 4366 1754 4425 est,
1789 4360 2001 4429 infesti,

346 4454 583 4523 arrepta
612 4451 909 4519 occasione,
940 4449 1270 4522 quibusdam
1298 4450 1468 4504 etiam
1496 4464 1569 4503 ea:
1594 4452 1786 4503 senatu
1814 4450 1904 4503 sui
1919 4449 2005 4518 [a-

345 4544 581 4608 cinoris,
612 4557 844 4612 quorum
882 4539 1094 4595 Psellus
1126 4540 1210 4593 vir
1251 4540 1708 4593 honoratissimus
1744 4540 2003 4608 princeps

2110 3383 2403 3457 ἆκροᾶσοαι
2462 3380 2979 3454 παρασκευάζοντος.
3041 3380 3102 3435 Ὁ
3161 3378 3218 3433 δὲ
3272 3380 3409 3454 πρὸς
3461 3377 3612 3434 οὐδὲν
3662 3380 3756 3434 ἐπ-

2112 3470 2314 3549 εφύκει.
2367 3469 2590 3530 Τούτοις
2646 3469 2737 3522 οὖν
2786 3470 2813 3523 ὁ
2860 3468 3143 3541 Ῥωμαίων
3196 3469 3544 3544 αὐτοκράτωρ
3592 3490 3759 3545 προσ-

2109 3559 2377 3629 τετηκὼς,
2439 3558 2526 3633 ὑφ’
2569 3554 2750 3631 ἕτερον
2811 3558 2898 3611 καὶ
2959 3561 3147 3611 τοῦτον
3200 3554 3291 3611 ἕνα
3330 3557 3421 3611 τὸν
3482 3562 3589 3611 τῶν
3641 3578 3759 3611 και-

2111 3653 2215 3703 νῶν
2268 3642 2590 3722 κυϐέρνησιν
2640 3645 2955 3716 ἐποιήσατο,
2996 3646 3085 3700 καὶ
3134 3645 3305 3717 νόμος
3333 3645 3399 3714 ἦν
3452 3646 3513 3700 τὸ
3543 3650 3622 3718 τῷ
3651 3652 3756 3700 Λο-

2112 3738 2307 3813 γοθὲτῃ
2340 3734 2555 3791 δοκοῦν.
2617 3738 2873 3793 Homines
2930 3737 3330 3807 atterebantur,
3381 3745 3433 3792 et
3489 3738 3756 3793 arumnis

2109 3829 2506 3900 premebantur
2522 3844 2541 3879 :
2557 3828 2607 3881 et
2636 3842 2795 3881 nemo
2824 3831 2964 3895 erat,
2990 3828 3084 3881 eui
3110 3826 3213 3881 illa
3238 3843 3385 3881 cura
3413 3826 3756 3881 essent.Nam

2111 3919 2420 3985 imperator
2470 3913 2785 3986 puerilibus
2833 3914 2993 3969 rebus
3049 3922 3357 3986 occupatus,
3406 3932 3439 3968 a
3507 3914 3757 3986 principe

2110 4004 2581 4077 philosophorum,
2615 4007 2665 4059 et
2703 4004 3128 4059 honoratissimo
3172 4002 3448 4058 Michaele
3479 4004 3656 4059 Psello
3687 4003 3757 4058 ad

2113 4096 2431 4150 litterarum
2459 4092 2645 4148 studia
2674 4092 2869 4148 deduci
2898 4092 3220 4153 videbatur;
3254 4109 3317 4147 ac
3357 4093 3515 4148 modo
3544 4094 3603 4147 in
3632 4098 3757 4148 arte

2110 4185 2476 4255 grammatica
2508 4183 2772 4248 versibus,
2808 4182 2867 4236 in
2914 4181 3238 4249 linguarum
3268 4182 3598 4254 diﬂerentiis
3627 4197 3755 4237 eru-

2112 4275 2381 4339 diebatur,
2412 4272 2567 4327 modo
2597 4270 3095 4326 declamationibus
3125 4272 3436 4340 rethoricis,
3478 4271 3636 4327 modo
3665 4271 3757 4326 1ιί-

2112 4364 2296 4418 storiis
2352 4361 2696 4431 assae/iebat,
2747 4360 2901 4415 modo
2957 4361 3031 4415 ad
3059 4360 3342 4416 audienda
3371 4360 3758 4433 philosophica

2109 4461 2382 4525 praeepta
2414 4451 2735 4523 parabatur,
2768 4452 3020 4521 quamvis
3058 4450 3128 4505 ad
3157 4452 3269 4506 haec
3296 4452 3485 4507 omnia
3516 4452 3756 4521 ineptus.

2117 4540 2450 4611 llujusmodi
2504 4541 2679 4610 igitur
2730 4538 2929 4594 studiis
3009 4540 3373 4595 Romanorum
3454 4541 3763 4610 imperator

351 4635 500 4701 erat,
529 4634 579 4686 el
603 4632 717 4701 ipse
748 4629 1008 4697 Diogenis
1026 4628 1307 4697 inimicus,
1334 4626 1621 4693 adhibitis,
1656 4627 2007 4698 imperatrice
2040 4647 2086 4710 Β
2116 4630 2345 4698 afﬁxus,
2406 4643 2588 4682 rerum
2637 4625 3179 4681 administrationem
3234 4627 3415 4697 alteri,
3462 4627 3617 4697 eique
3662 4627 3767 4680 uni

354 4720 606 4778 Eudocia
638 4722 693 4774 in
725 4718 1078 4784 monasterio,
1111 4716 1253 4789 quod
1276 4718 1403 4787 ipsa
1432 4717 1583 4771 circa
1610 4717 1819 4787 fretum
1862 4718 2006 4772 Pro-

354 4809 596 4882 pontidis
625 4812 927 4876 struxerat,
960 4807 1227 4876 relegata,
1259 4803 1581 4860 Miehaelem
1624 4806 2009 4877 imperatorem

356 4899 627 4972 appellat.

432 4987 626 5043 XXVI.
662 4987 713 5041 A
746 5003 925 5058 puero
959 4985 1155 5056 itaque
1184 4982 1506 5039 liberaliter
1535 4984 1843 5051 educatus,
1888 4982 2008 5037 ani-

360 5094 458 5132 mo
509 5077 664 5131 circa
714 5080 867 5131 artes
917 5075 1336 5147 doctrinasque
1388 5073 1696 5149 gestiente,
1757 5074 2005 5139 fructus,

359 5182 511 5238 quos
544 5165 615 5220 ab
665 5164 749 5220 eis
807 5163 1133 5236 expetebat,
1184 5164 1496 5235 decerpsit,
1548 5179 1661 5217 non
1693 5163 1896 5217 breves
1929 5166 2009 5217 at-

360 5270 477 5326 que
506 5253 781 5319 incertos,
813 5253 913 5309 sed
958 5253 1166 5307 uberes
1189 5255 1248 5307 et
1286 5251 1684 5323 tempestivos.
1720 5249 2006 5322 Eloquen-

360 5344 508 5399 tiam
542 5344 721 5411 enim,
754 5341 1051 5397 horridam
1086 5346 1227 5396 tunc
1274 5346 1332 5397 ct
1374 5340 1680 5407 incultam,
1733 5338 2007 5409 excoluit,

361 5448 471 5487 nec
502 5432 572 5487 ad
608 5431 919 5503 perniciem
954 5435 1011 5485 et
1040 5435 1262 5501 pestem
1312 5429 1616 5499 convertit,
1648 5430 1748 5485 sed
1803 5429 1873 5484 ad
1914 5446 2008 5483 sa-

361 5521 572 5577 lutem.
622 5521 878 5576 Tandem
926 5518 1379 5591 philosophandi
1441 5519 1725 5574 rationem
1773 5534 2008 5575 omnem

438 5664 519 5735 (n)
552 5664 675 5719 Non
707 5664 848 5719 adeo
875 5661 1420 5735 reprehendendum
1445 5667 1675 5717 Zonara
1692 5661 2006 5735 judicium,

368 5735 420 5792 si
449 5733 782 5793 Studiorum
840 5733 1065 5790 deliciis
1121 5736 1202 5791 ita
1258 5734 1369 5791 fuit
1425 5735 1666 5791 edoctus
1706 5733 2011 5806 indulgere

2114 4718 2408 4785 commisit,
2450 4723 2511 4771 ut
2563 4717 2695 4787 legis
2725 4717 3109 4771 auctoritatem
3140 4715 3382 4781 haberet,
3414 4714 3553 4785 quod
3594 4716 3761 4784 Logo-

2114 4808 2281 4862 theta
2310 4808 2491 4862 visum
2518 4812 2680 4860 esset.
2717 4806 2784 4860 Et
2811 4805 3059 4861 inferius
3094 4823 3106 4860 :
3141 4804 3385 4873 Μήτινος
3411 4799 3467 4856 δὲ
3496 4822 3762 4877 προνοου-

2120 4895 2283 4969 μένου
2312 4898 2418 4949 τῶν
2464 4896 2619 4966 κοινῇ
2668 4892 3075 4969 συμφερόντων,
3128 4893 3155 4945 ὁ
3203 4893 3303 4967 γάρ
3358 4888 3609 4965 βασιλεὺς
3638 4891 3762 4966 περὶ

2119 4981 2315 5055 λόγους
2364 4980 2677 5056 ἠσχόλητο,
2720 4982 2813 5035 καὶ
2862 4975 3094 5052 ἰάμϐους
3146 4978 3441 5042 συντιθέναι
3494 4979 3629 5052 πρὸς
3666 4983 3763 5033 τοῦ

2118 5069 2342 5126 Ψελλοῦ
2390 5067 2720 5137 ἐδιδάσκετο,
2775 5066 3010 5123 σιτοδεία
3056 5068 3182 5130 τοὺς
3228 5068 3278 5122 ἐν
3326 5067 3485 5123 πόλει
3536 5067 3761 5137 ἐπίεζεν.

2117 5164 2343 5218 Nenime
2369 5169 2554 5217 autem
2588 5162 2788 5216 bonum
2816 5160 3101 5232 publicum
3130 5165 3380 5231 curante,
3420 5177 3551 5216 nam
3590 5159 3761 5232 impe-

2118 5262 2273 5308 rator
2321 5254 2527 5308 studiis
2564 5268 2783 5317 vacans,
2820 5250 3026 5307 iambos
3053 5251 3294 5307 scribere
3324 5268 3358 5307 a
3395 5250 3571 5307 Psello
3609 5250 3763 5306 doce-

2120 5343 2300 5411 batur,
2334 5341 2575 5397 urbanos
2599 5356 2831 5396 annona
2884 5341 3123 5411 penuria
3157 5356 3408 5412 premere
3452 5341 3630 5411 coepit.
3682 5340 3767 5395 Ita

2119 5430 2200 5487 nil
2232 5436 2350 5485 tam
2384 5434 2652 5486 sanctum
2677 5430 2757 5501 (η)
2780 5432 2888 5495 est,
2913 5430 3067 5500 quod
3092 5428 3389 5485 calumnia
3405 5433 3631 5485 tentare
3650 5445 3767 5483 non

2119 5522 2352 5586 audeat,
2398 5524 2455 5575 et
2504 5519 2658 5590 quod
2691 5518 2862 5573 laude
2895 5517 3140 5591 dignum
3173 5524 3280 5587 est,
3330 5537 3398 5575 ex
3428 5518 3770 5590 improviso,

2117 5662 2416 5791 princeps,
2449 5666 2516 5717 ut
2542 5660 2656 5716 illis
2689 5660 2955 5717 intentus
2987 5660 3213 5734 imperii
3247 5677 3443 5717 curam
3497 5658 3628 5713 allis
3683 5674 3776 5711 re-

2142 5737 2437 5791 inqueret.

2142 5737 2283 5806 inqu
2299 5741 2437 5791 eret.
