  <div class='ocr_page' id='page_1' title='image "/cluster/home/n/w/nwhite01/storage/ocr_20150623/122 pt.2/mdp.39015037401315/255.png"; bbox 0 0 4046 6144; ppageno 0'>
   <div class='ocr_carea' id='block_1_1' title="bbox 271 380 392 440">
    <p class='ocr_par' dir='ltr' id='par_1_1' title="bbox 271 380 392 440">
     <span class='ocr_line' id='line_1_1' title="bbox 271 380 392 440; baseline 0.008 -2"><span class='ocrx_word' id='word_1_1' title='bbox 271 380 392 440; x_wconf 64' lang='grc'><strong>495</strong></span> 
     </span>
    </p>
   </div>
   <div class='ocr_carea' id='block_1_2' title="bbox 1662 375 2302 438">
    <p class='ocr_par' dir='ltr' id='par_1_2' title="bbox 1662 375 2302 438">
     <span class='ocr_line' id='line_1_2' title="bbox 1662 375 2302 438; baseline 0 -2"><span class='ocrx_word' id='word_1_2' title='bbox 1662 375 1861 437; x_wconf 88' lang='lat' dir='ltr'><strong>LEON</strong></span> <span class='ocrx_word' id='word_1_3' title='bbox 1871 375 1939 435; x_wconf 86' lang='lat' dir='ltr'><strong>IS</strong></span> <span class='ocrx_word' id='word_1_4' title='bbox 1990 376 2302 438; x_wconf 81' lang='lat' dir='ltr'><strong>ALLATII</strong></span> 
     </span>
    </p>
   </div>
   <div class='ocr_carea' id='block_1_3' title="bbox 3569 378 3687 439">
    <p class='ocr_par' dir='ltr' id='par_1_3' title="bbox 3569 378 3687 439">
     <span class='ocr_line' id='line_1_3' title="bbox 3569 378 3687 439; baseline -0.008 -1"><span class='ocrx_word' id='word_1_5' title='bbox 3569 378 3687 439; x_wconf 77' lang='lat'><strong>496</strong></span> 
     </span>
    </p>
   </div>
   <div class='ocr_carea' id='block_1_4' title="bbox 273 506 3687 582">
    <p class='ocr_par' dir='ltr' id='par_1_4' title="bbox 273 506 3687 582">
     <span class='ocr_line' id='line_1_4' title="bbox 273 506 3687 582; baseline -0 -17"><span class='ocrx_word' id='word_1_6' title='bbox 273 509 798 582; x_wconf 81' lang='lat' dir='ltr'><strong>fraudulenterque</strong></span> <span class='ocrx_word' id='word_1_7' title='bbox 856 510 1124 582; x_wconf 78' lang='lat' dir='ltr'><strong>irrepens</strong></span> <span class='ocrx_word' id='word_1_8' title='bbox 1169 509 1366 566; x_wconf 88' lang='lat' dir='ltr'><strong>nescio</strong></span> <span class='ocrx_word' id='word_1_9' title='bbox 1415 508 1553 579; x_wconf 88' lang='lat' dir='ltr'><strong>quis</strong></span> <span class='ocrx_word' id='word_1_10' title='bbox 1609 507 1927 563; x_wconf 87' lang='lat' dir='ltr'><strong>criminose</strong></span> <span class='ocrx_word' id='word_1_11' title='bbox 1957 511 2011 575; x_wconf 81' lang='grc' dir='ltr'><strong>Α</strong></span> <span class='ocrx_word' id='word_1_12' title='bbox 2040 522 2105 561; x_wconf 92' lang='lat' dir='ltr'><strong>co</strong></span> <span class='ocrx_word' id='word_1_13' title='bbox 2128 523 2152 575; x_wconf 39' lang='grc' dir='ltr'>,ε</span> <span class='ocrx_word' id='word_1_14' title='bbox 2186 511 2244 562; x_wconf 90' lang='lat' dir='ltr'><strong>et</strong></span> <span class='ocrx_word' id='word_1_15' title='bbox 2269 508 2526 563; x_wconf 91' lang='lat' dir='ltr'><strong>Zonoras</strong></span> <span class='ocrx_word' id='word_1_16' title='bbox 2554 506 2701 563; x_wconf 91' lang='lat' dir='ltr'><strong>locis</strong></span> <span class='ocrx_word' id='word_1_17' title='bbox 2732 524 2914 579; x_wconf 90' lang='lat' dir='ltr'><strong>supra</strong></span> <span class='ocrx_word' id='word_1_18' title='bbox 2948 506 3243 575; x_wconf 84' lang='lat' dir='ltr'><strong>adductis,</strong></span> <span class='ocrx_word' id='word_1_19' title='bbox 3277 511 3333 563; x_wconf 91' lang='lat' dir='ltr'><strong>et</strong></span> <span class='ocrx_word' id='word_1_20' title='bbox 3361 508 3420 565; x_wconf 89' lang='lat' dir='ltr'><strong>ln</strong></span> <span class='ocrx_word' id='word_1_21' title='bbox 3466 509 3687 564; x_wconf 86' lang='lat' dir='ltr'><strong>lsaacio</strong></span> 
     </span>
    </p>
   </div>
   <div class='ocr_carea' id='block_1_5' title="bbox 273 595 1920 655">
    <p class='ocr_par' dir='ltr' id='par_1_5' title="bbox 273 595 1920 655">
     <span class='ocr_line' id='line_1_5' title="bbox 273 595 1920 655; baseline -0.002 0"><span class='ocrx_word' id='word_1_22' title='bbox 273 599 577 655; x_wconf 84' lang='lat' dir='ltr'><strong>dilacerat.</strong></span> <span class='ocrx_word' id='word_1_23' title='bbox 612 599 677 653; x_wconf 90' lang='lat' dir='ltr'><strong>Et</strong></span> <span class='ocrx_word' id='word_1_24' title='bbox 709 600 1011 655; x_wconf 87' lang='lat' dir='ltr'><strong>hominum</strong></span> <span class='ocrx_word' id='word_1_25' title='bbox 1047 600 1222 654; x_wconf 89' lang='lat' dir='ltr'><strong>turba</strong></span> <span class='ocrx_word' id='word_1_26' title='bbox 1271 616 1420 655; x_wconf 69' lang='lat' dir='ltr'><strong>caeca</strong></span> <span class='ocrx_word' id='word_1_27' title='bbox 1467 598 1647 653; x_wconf 92' lang='lat' dir='ltr'><strong>veluti</strong></span> <span class='ocrx_word' id='word_1_28' title='bbox 1683 595 1920 652; x_wconf 89' lang='lat' dir='ltr'><strong>oraculo</strong></span> 
     </span>
    </p>
   </div>
   <div class='ocr_carea' id='block_1_6' title="bbox 276 685 1923 761">
    <p class='ocr_par' dir='ltr' id='par_1_6' title="bbox 276 685 1923 761">
     <span class='ocr_line' id='line_1_6' title="bbox 276 685 1923 761; baseline -0.001 -20"><span class='ocrx_word' id='word_1_29' title='bbox 276 687 527 761; x_wconf 81' lang='lat' dir='ltr'><strong>plaudit,</strong></span> <span class='ocrx_word' id='word_1_30' title='bbox 561 688 777 744; x_wconf 88' lang='lat' dir='ltr'><strong>misera</strong></span> <span class='ocrx_word' id='word_1_31' title='bbox 809 705 972 757; x_wconf 89' lang='lat' dir='ltr'><strong>sane,</strong></span> <span class='ocrx_word' id='word_1_32' title='bbox 1007 690 1273 759; x_wconf 90' lang='lat' dir='ltr'><strong>duraque</strong></span> <span class='ocrx_word' id='word_1_33' title='bbox 1322 685 1923 759; x_wconf 74' lang='lat' dir='ltr'><strong>prudentissimorum</strong></span> 
     </span>
    </p>
   </div>
   <div class='ocr_carea' id='block_1_7' title="bbox 275 774 1925 847">
    <p class='ocr_par' dir='ltr' id='par_1_7' title="bbox 275 774 1925 847">
     <span class='ocr_line' id='line_1_7' title="bbox 275 774 1925 847; baseline -0.002 -16"><span class='ocrx_word' id='word_1_34' title='bbox 275 777 582 831; x_wconf 84' lang='lat' dir='ltr'><strong>hominum</strong></span> <span class='ocrx_word' id='word_1_35' title='bbox 615 778 966 833; x_wconf 89' lang='lat' dir='ltr'><strong>conditione.</strong></span> <span class='ocrx_word' id='word_1_36' title='bbox 999 777 1118 832; x_wconf 89' lang='lat' dir='ltr'><strong>Sub</strong></span> <span class='ocrx_word' id='word_1_37' title='bbox 1142 776 1273 832; x_wconf 87' lang='lat' dir='ltr'><strong>aliis</strong></span> <span class='ocrx_word' id='word_1_38' title='bbox 1306 777 1445 832; x_wconf 84' lang='lat' dir='ltr'><strong>item</strong></span> <span class='ocrx_word' id='word_1_39' title='bbox 1470 774 1925 847; x_wconf 83' lang='lat' dir='ltr'><strong>imperatoribus</strong></span> 
     </span>
    </p>
   </div>
   <div class='ocr_carea' id='block_1_8' title="bbox 280 863 1926 937">
    <p class='ocr_par' dir='ltr' id='par_1_8' title="bbox 280 863 1926 937">
     <span class='ocr_line' id='line_1_8' title="bbox 280 863 1926 937; baseline -0.002 -17"><span class='ocrx_word' id='word_1_40' title='bbox 280 866 609 921; x_wconf 61' lang='lat' dir='ltr'><strong>Graecorum</strong></span> <span class='ocrx_word' id='word_1_41' title='bbox 652 866 896 937; x_wconf 90' lang='lat' dir='ltr'><strong>imperio</strong></span> <span class='ocrx_word' id='word_1_42' title='bbox 921 867 1048 937; x_wconf 86' lang='lat' dir='ltr'><strong>jam</strong></span> <span class='ocrx_word' id='word_1_43' title='bbox 1082 870 1443 933; x_wconf 84' lang='lat' dir='ltr'><strong>senescente,</strong></span> <span class='ocrx_word' id='word_1_44' title='bbox 1485 863 1673 919; x_wconf 90' lang='lat' dir='ltr'><strong>doctri</strong></span> <span class='ocrx_word' id='word_1_45' title='bbox 1714 863 1926 933; x_wconf 90' lang='lat' dir='ltr'><strong>nisque</strong></span> 
     </span>
    </p>
   </div>
   <div class='ocr_carea' id='block_1_9' title="bbox 280 951 1925 1023">
    <p class='ocr_par' dir='ltr' id='par_1_9' title="bbox 280 951 1925 1023">
     <span class='ocr_line' id='line_1_9' title="bbox 280 951 1925 1023; baseline -0.002 -13"><span class='ocrx_word' id='word_1_46' title='bbox 280 954 556 1010; x_wconf 88' lang='lat' dir='ltr'><strong>omnibus</strong></span> <span class='ocrx_word' id='word_1_47' title='bbox 587 954 647 1009; x_wconf 87' lang='lat' dir='ltr'><strong>in</strong></span> <span class='ocrx_word' id='word_1_48' title='bbox 679 954 1005 1009; x_wconf 91' lang='lat' dir='ltr'><strong>barbariem</strong></span> <span class='ocrx_word' id='word_1_49' title='bbox 1038 955 1436 1018; x_wconf 90' lang='lat' dir='ltr'><strong>commutatis,</strong></span> <span class='ocrx_word' id='word_1_50' title='bbox 1470 970 1625 1023; x_wconf 87' lang='lat' dir='ltr'><strong>cum,</strong></span> <span class='ocrx_word' id='word_1_51' title='bbox 1661 952 1803 1023; x_wconf 89' lang='lat' dir='ltr'><strong>proh</strong></span> <span class='ocrx_word' id='word_1_52' title='bbox 1821 951 1925 1006; x_wconf 89' lang='lat' dir='ltr'><strong>do-</strong></span> 
     </span>
    </p>
   </div>
   <div class='ocr_carea' id='block_1_10' title="bbox 283 1039 1928 1114">
    <p class='ocr_par' dir='ltr' id='par_1_10' title="bbox 283 1039 1928 1114">
     <span class='ocr_line' id='line_1_10' title="bbox 283 1039 1928 1114; baseline -0.001 -17"><span class='ocrx_word' id='word_1_53' title='bbox 283 1042 398 1098; x_wconf 80' lang='lat' dir='ltr'><strong>lor!</strong></span> <span class='ocrx_word' id='word_1_54' title='bbox 430 1043 637 1098; x_wconf 84' lang='lat' dir='ltr'><strong>inertia</strong></span> <span class='ocrx_word' id='word_1_55' title='bbox 668 1060 770 1114; x_wconf 91' lang='lat' dir='ltr'><strong>pro</strong></span> <span class='ocrx_word' id='word_1_56' title='bbox 802 1042 1093 1114; x_wconf 85' lang='lat' dir='ltr'><strong>sapientia</strong></span> <span class='ocrx_word' id='word_1_57' title='bbox 1123 1048 1247 1098; x_wconf 85' lang='lat' dir='ltr'><strong>erat</strong></span> <span class='ocrx_word' id='word_1_58' title='bbox 1267 1043 1446 1098; x_wconf 88' lang='lat' dir='ltr'><strong>vitam</strong></span> <span class='ocrx_word' id='word_1_59' title='bbox 1476 1043 1603 1114; x_wconf 87' lang='lat' dir='ltr'><strong>ipse</strong></span> <span class='ocrx_word' id='word_1_60' title='bbox 1632 1040 1783 1095; x_wconf 88' lang='lat' dir='ltr'><strong>fama</strong></span> <span class='ocrx_word' id='word_1_61' title='bbox 1806 1039 1928 1095; x_wconf 87' lang='lat' dir='ltr'><strong>cla-</strong></span> 
     </span>
    </p>
   </div>
   <div class='ocr_carea' id='block_1_11' title="bbox 283 1129 1932 1203">
    <p class='ocr_par' dir='ltr' id='par_1_11' title="bbox 283 1129 1932 1203">
     <span class='ocr_line' id='line_1_11' title="bbox 283 1129 1932 1203; baseline -0.002 -17"><span class='ocrx_word' id='word_1_62' title='bbox 283 1132 559 1187; x_wconf 88' lang='lat' dir='ltr'><strong>rissimus</strong></span> <span class='ocrx_word' id='word_1_63' title='bbox 614 1133 921 1201; x_wconf 75' lang='lat' dir='ltr'><strong>transegit,</strong></span> <span class='ocrx_word' id='word_1_64' title='bbox 975 1132 1280 1203; x_wconf 88' lang='lat' dir='ltr'><strong>jucundus</strong></span> <span class='ocrx_word' id='word_1_65' title='bbox 1342 1131 1569 1199; x_wconf 88' lang='lat' dir='ltr'><strong>amicis,</strong></span> <span class='ocrx_word' id='word_1_66' title='bbox 1620 1129 1932 1202; x_wconf 83' lang='lat' dir='ltr'><strong>egentibus</strong></span> 
     </span>
    </p>
   </div>
   <div class='ocr_carea' id='block_1_12' title="bbox 288 1220 1325 1292">
    <p class='ocr_par' dir='ltr' id='par_1_12' title="bbox 288 1220 1325 1292">
     <span class='ocr_line' id='line_1_12' title="bbox 288 1220 1325 1292; baseline 0 -17"><span class='ocrx_word' id='word_1_67' title='bbox 288 1220 470 1288; x_wconf 87' lang='lat' dir='ltr'><strong>utilis,</strong></span> <span class='ocrx_word' id='word_1_68' title='bbox 503 1221 782 1277; x_wconf 92' lang='lat' dir='ltr'><strong>omnibus</strong></span> <span class='ocrx_word' id='word_1_69' title='bbox 812 1220 1065 1292; x_wconf 90' lang='lat' dir='ltr'><strong>denique</strong></span> <span class='ocrx_word' id='word_1_70' title='bbox 1089 1220 1325 1275; x_wconf 91' lang='lat' dir='ltr'><strong>charus.</strong></span> 
     </span>
    </p>
   </div>
   <div class='ocr_carea' id='block_1_13' title="bbox 355 1307 1932 1374">
    <p class='ocr_par' dir='ltr' id='par_1_13' title="bbox 355 1307 1932 1374">
     <span class='ocr_line' id='line_1_13' title="bbox 355 1307 1932 1374; baseline -0.003 -10"><span class='ocrx_word' id='word_1_71' title='bbox 355 1309 609 1365; x_wconf 77' lang='lat' dir='ltr'><strong>XXVIII.</strong></span> <span class='ocrx_word' id='word_1_72' title='bbox 630 1308 794 1364; x_wconf 89' lang='lat' dir='ltr'><strong>Illius</strong></span> <span class='ocrx_word' id='word_1_73' title='bbox 811 1313 1030 1364; x_wconf 89' lang='lat' dir='ltr'><strong>tamem</strong></span> <span class='ocrx_word' id='word_1_74' title='bbox 1055 1307 1192 1363; x_wconf 82' lang='lat' dir='ltr'><strong>fidei</strong></span> <span class='ocrx_word' id='word_1_75' title='bbox 1215 1324 1476 1374; x_wconf 89' lang='lat' dir='ltr'><strong>causam,</strong></span> <span class='ocrx_word' id='word_1_76' title='bbox 1501 1307 1932 1362; x_wconf 85' lang='lat' dir='ltr'><strong>defensionem-</strong></span> 
     </span>
    </p>
   </div>
   <div class='ocr_carea' id='block_1_14' title="bbox 284 1393 1935 1470">
    <p class='ocr_par' dir='ltr' id='par_1_14' title="bbox 284 1393 1935 1470">
     <span class='ocr_line' id='line_1_14' title="bbox 284 1393 1935 1470; baseline -0.004 -16"><span class='ocrx_word' id='word_1_77' title='bbox 284 1416 399 1470; x_wconf 88' lang='lat' dir='ltr'><strong>que</strong></span> <span class='ocrx_word' id='word_1_78' title='bbox 431 1414 545 1453; x_wconf 87' lang='lat' dir='ltr'><strong>non</strong></span> <span class='ocrx_word' id='word_1_79' title='bbox 572 1397 956 1468; x_wconf 87' lang='lat' dir='ltr'><strong>susceperim,</strong></span> <span class='ocrx_word' id='word_1_80' title='bbox 974 1396 1045 1465; x_wconf 88' lang='lat' dir='ltr'><strong>si,</strong></span> <span class='ocrx_word' id='word_1_81' title='bbox 1081 1414 1206 1469; x_wconf 68' lang='lat' dir='ltr'><strong>qua:</strong></span> <span class='ocrx_word' id='word_1_82' title='bbox 1232 1399 1301 1451; x_wconf 91' lang='lat' dir='ltr'><strong>de</strong></span> <span class='ocrx_word' id='word_1_83' title='bbox 1323 1413 1389 1452; x_wconf 90' lang='lat' dir='ltr'><strong>eo</strong></span> <span class='ocrx_word' id='word_1_84' title='bbox 1405 1396 1698 1467; x_wconf 86' lang='lat' dir='ltr'><strong>Josephus</strong></span> <span class='ocrx_word' id='word_1_85' title='bbox 1720 1393 1935 1449; x_wconf 88' lang='lat' dir='ltr'><strong>Metho-</strong></span> 
     </span>
    </p>
   </div>
   <div class='ocr_carea' id='block_1_15' title="bbox 283 1485 1935 1558">
    <p class='ocr_par' dir='ltr' id='par_1_15' title="bbox 283 1485 1935 1558">
     <span class='ocr_line' id='line_1_15' title="bbox 283 1485 1935 1558; baseline -0.003 -17"><span class='ocrx_word' id='word_1_86' title='bbox 283 1486 484 1543; x_wconf 90' lang='lat' dir='ltr'><strong>ncnsis</strong></span> <span class='ocrx_word' id='word_1_87' title='bbox 510 1486 822 1558; x_wconf 90' lang='lat' dir='ltr'><strong>episcopus</strong></span> <span class='ocrx_word' id='word_1_88' title='bbox 846 1485 1115 1557; x_wconf 89' lang='lat' dir='ltr'><strong>apologia</strong></span> <span class='ocrx_word' id='word_1_89' title='bbox 1132 1486 1603 1541; x_wconf 85' lang='lat' dir='ltr'><strong>contraMarcum</strong></span> <span class='ocrx_word' id='word_1_90' title='bbox 1622 1485 1935 1555; x_wconf 85' lang='lat' dir='ltr'><strong>Ephesium</strong></span> 
     </span>
    </p>
   </div>
   <div class='ocr_carea' id='block_1_16' title="bbox 283 1572 1929 1645">
    <p class='ocr_par' dir='ltr' id='par_1_16' title="bbox 283 1572 1929 1645">
     <span class='ocr_line' id='line_1_16' title="bbox 283 1572 1929 1645; baseline -0.003 -15"><span class='ocrx_word' id='word_1_91' title='bbox 283 1576 479 1645; x_wconf 85' lang='lat' dir='ltr'><strong>tradit,</strong></span> <span class='ocrx_word' id='word_1_92' title='bbox 511 1592 644 1631; x_wconf 89' lang='lat' dir='ltr'><strong>vera</strong></span> <span class='ocrx_word' id='word_1_93' title='bbox 675 1580 835 1631; x_wconf 88' lang='lat' dir='ltr'><strong>sunt.</strong></span> <span class='ocrx_word' id='word_1_94' title='bbox 872 1575 1042 1630; x_wconf 89' lang='lat' dir='ltr'><strong>Illum</strong></span> <span class='ocrx_word' id='word_1_95' title='bbox 1073 1575 1228 1630; x_wconf 91' lang='lat' dir='ltr'><strong>enim</strong></span> <span class='ocrx_word' id='word_1_96' title='bbox 1261 1578 1613 1629; x_wconf 85' lang='lat' dir='ltr'><strong>annumerst</strong></span> <span class='ocrx_word' id='word_1_97' title='bbox 1642 1572 1929 1627; x_wconf 35' lang='lat' dir='ltr'><strong>schisma&#39;</strong></span> 
     </span>
    </p>
   </div>
   <div class='ocr_carea' id='block_1_17' title="bbox 284 1659 1933 1733">
    <p class='ocr_par' dir='ltr' id='par_1_17' title="bbox 284 1659 1933 1733">
     <span class='ocr_line' id='line_1_17' title="bbox 284 1659 1933 1733; baseline -0.002 -14"><span class='ocrx_word' id='word_1_98' title='bbox 284 1665 416 1720; x_wconf 88' lang='lat' dir='ltr'><strong>ticis</strong></span> <span class='ocrx_word' id='word_1_99' title='bbox 439 1664 665 1733; x_wconf 88' lang='lat' dir='ltr'><strong>Photio,</strong></span> <span class='ocrx_word' id='word_1_100' title='bbox 689 1664 989 1731; x_wconf 58' lang='lat' dir='ltr'><strong>Cabasilce,</strong></span> <span class='ocrx_word' id='word_1_101' title='bbox 1015 1663 1287 1730; x_wconf 70' lang='lat' dir='ltr'><strong>Palamte,</strong></span> <span class='ocrx_word' id='word_1_102' title='bbox 1312 1667 1635 1729; x_wconf 86' lang='lat' dir='ltr'><strong>Camatero,</strong></span> <span class='ocrx_word' id='word_1_103' title='bbox 1661 1659 1933 1729; x_wconf 89' lang='lat' dir='ltr'><strong>Pburnio,</strong></span> 
     </span>
    </p>
   </div>
   <div class='ocr_carea' id='block_1_18' title="bbox 285 1751 1933 1824">
    <p class='ocr_par' dir='ltr' id='par_1_18' title="bbox 285 1751 1933 1824">
     <span class='ocr_line' id='line_1_18' title="bbox 285 1751 1933 1824; baseline -0.004 -15"><span class='ocrx_word' id='word_1_104' title='bbox 285 1753 732 1820; x_wconf 87' lang='lat' dir='ltr'><strong>Moscbambari,</strong></span> <span class='ocrx_word' id='word_1_105' title='bbox 754 1751 1313 1824; x_wconf 65' lang='lat' dir='ltr'><strong>Bulgarim,Nicolao</strong></span> <span class='ocrx_word' id='word_1_106' title='bbox 1337 1751 1726 1820; x_wconf 85' lang='lat' dir='ltr'><strong>Methonensi,</strong></span> <span class='ocrx_word' id='word_1_107' title='bbox 1751 1756 1808 1805; x_wconf 93' lang='lat' dir='ltr'><strong>et</strong></span> <span class='ocrx_word' id='word_1_108' title='bbox 1830 1755 1933 1803; x_wconf 86' lang='lat' dir='ltr'><strong>Pa-</strong></span> 
     </span>
    </p>
   </div>
   <div class='ocr_carea' id='block_1_19' title="bbox 2030 592 3685 671">
    <p class='ocr_par' dir='ltr' id='par_1_19' title="bbox 2030 592 3685 671">
     <span class='ocr_line' id='line_1_19' title="bbox 2030 592 3685 671; baseline -0.001 -21"><span class='ocrx_word' id='word_1_109' title='bbox 2030 594 2350 663; x_wconf 85' lang='lat' dir='ltr'><strong>Comneno,</strong></span> <span class='ocrx_word' id='word_1_110' title='bbox 2404 592 2589 657; x_wconf 77' lang='grc' dir='ltr'>Πολὺς</span> <span class='ocrx_word' id='word_1_111' title='bbox 2621 595 2719 663; x_wconf 74' lang='grc' dir='ltr'><strong>τήν</strong></span> <span class='ocrx_word' id='word_1_112' title='bbox 2781 595 3027 671; x_wconf 81' lang='grc' dir='ltr'>γλῶτταν</span> <span class='ocrx_word' id='word_1_113' title='bbox 3085 594 3112 648; x_wconf 84' lang='grc' dir='ltr'><strong>ὁ</strong></span> <span class='ocrx_word' id='word_1_114' title='bbox 3170 596 3482 671; x_wconf 78' lang='grc' dir='ltr'>σοφώτατος</span> <span class='ocrx_word' id='word_1_115' title='bbox 3536 595 3685 650; x_wconf 83' lang='grc' dir='ltr'>Ψελ-</span> 
     </span>
    </p>
   </div>
   <div class='ocr_carea' id='block_1_20' title="bbox 2032 681 3688 758">
    <p class='ocr_par' dir='ltr' id='par_1_20' title="bbox 2032 681 3688 758">
     <span class='ocr_line' id='line_1_20' title="bbox 2032 681 3688 758; baseline 0.002 -21"><span class='ocrx_word' id='word_1_116' title='bbox 2032 681 2152 744; x_wconf 85' lang='grc' dir='ltr'>λός.</span> <span class='ocrx_word' id='word_1_117' title='bbox 2186 685 2315 740; x_wconf 90' lang='lat' dir='ltr'><strong>Vim</strong></span> <span class='ocrx_word' id='word_1_118' title='bbox 2350 686 2627 741; x_wconf 88' lang='lat' dir='ltr'><strong>dictionis</strong></span> <span class='ocrx_word' id='word_1_119' title='bbox 2659 702 2792 741; x_wconf 91' lang='lat' dir='ltr'><strong>cum</strong></span> <span class='ocrx_word' id='word_1_120' title='bbox 2813 703 2927 740; x_wconf 91' lang='lat' dir='ltr'><strong>non</strong></span> <span class='ocrx_word' id='word_1_121' title='bbox 2958 684 3344 741; x_wconf 84' lang='lat' dir='ltr'><strong>intellexisset</strong></span> <span class='ocrx_word' id='word_1_122' title='bbox 3375 687 3688 758; x_wconf 88' lang='lat' dir='ltr'><strong>interpres,</strong></span> 
     </span>
    </p>
   </div>
   <div class='ocr_carea' id='block_1_21' title="bbox 2032 769 3692 848">
    <p class='ocr_par' dir='ltr' id='par_1_21' title="bbox 2032 769 3692 848">
     <span class='ocr_line' id='line_1_21' title="bbox 2032 769 3692 848; baseline 0.004 -24"><span class='ocrx_word' id='word_1_123' title='bbox 2032 769 2205 826; x_wconf 60' lang='grc' dir='ltr'>πολὺν</span> <span class='ocrx_word' id='word_1_124' title='bbox 2257 773 2355 841; x_wconf 75' lang='grc' dir='ltr'><strong>τὴν</strong></span> <span class='ocrx_word' id='word_1_125' title='bbox 2395 771 2666 848; x_wconf 79' lang='grc' dir='ltr'>γλῶτταν,</span> <span class='ocrx_word' id='word_1_126' title='bbox 2724 774 3008 830; x_wconf 87' lang='lat' dir='ltr'><strong>verbosum</strong></span> <span class='ocrx_word' id='word_1_127' title='bbox 3056 775 3330 829; x_wconf 80' lang='lat' dir='ltr'><strong>reddidit.</strong></span> <span class='ocrx_word' id='word_1_128' title='bbox 3362 777 3559 847; x_wconf 82' lang='lat' dir='ltr'><strong>Apage</strong></span> <span class='ocrx_word' id='word_1_129' title='bbox 3602 791 3692 830; x_wconf 87' lang='lat' dir='ltr'><strong>sa-</strong></span> 
     </span>
    </p>
   </div>
   <div class='ocr_carea' id='block_1_22' title="bbox 2035 862 3691 934">
    <p class='ocr_par' dir='ltr' id='par_1_22' title="bbox 2035 862 3691 934">
     <span class='ocr_line' id='line_1_22' title="bbox 2035 862 3691 934; baseline 0.002 -18"><span class='ocrx_word' id='word_1_130' title='bbox 2035 862 2468 934; x_wconf 88' lang='lat' dir='ltr'><strong>pientissimum</strong></span> <span class='ocrx_word' id='word_1_131' title='bbox 2500 863 2706 928; x_wconf 84' lang='lat' dir='ltr'><strong>istum,</strong></span> <span class='ocrx_word' id='word_1_132' title='bbox 2739 863 2787 919; x_wconf 90' lang='lat' dir='ltr'><strong>si</strong></span> <span class='ocrx_word' id='word_1_133' title='bbox 2848 864 3148 919; x_wconf 90' lang='lat' dir='ltr'><strong>verbosus</strong></span> <span class='ocrx_word' id='word_1_134' title='bbox 3180 868 3289 927; x_wconf 89' lang='lat' dir='ltr'><strong>est,</strong></span> <span class='ocrx_word' id='word_1_135' title='bbox 3347 864 3528 918; x_wconf 69' lang='lat' dir='ltr'><strong>Graeci</strong></span> <span class='ocrx_word' id='word_1_136' title='bbox 3556 880 3691 919; x_wconf 91' lang='lat' dir='ltr'><strong>cum</strong></span> 
     </span>
    </p>
   </div>
   <div class='ocr_carea' id='block_1_23' title="bbox 2037 951 3690 1024">
    <p class='ocr_par' dir='ltr' id='par_1_23' title="bbox 2037 951 3690 1024">
     <span class='ocr_line' id='line_1_23' title="bbox 2037 951 3690 1024; baseline 0.001 -18"><span class='ocrx_word' id='word_1_137' title='bbox 2037 952 2453 1008; x_wconf 89' lang='lat' dir='ltr'><strong>admirandum</strong></span> <span class='ocrx_word' id='word_1_138' title='bbox 2484 952 2763 1024; x_wconf 87' lang='lat' dir='ltr'><strong>aliquem,</strong></span> <span class='ocrx_word' id='word_1_139' title='bbox 2788 968 2896 1007; x_wconf 90' lang='lat' dir='ltr'><strong>nec</strong></span> <span class='ocrx_word' id='word_1_140' title='bbox 2925 969 3060 1007; x_wconf 90' lang='lat' dir='ltr'><strong>cum</strong></span> <span class='ocrx_word' id='word_1_141' title='bbox 3086 951 3430 1023; x_wconf 87' lang='lat' dir='ltr'><strong>vulgaribus</strong></span> <span class='ocrx_word' id='word_1_142' title='bbox 3452 968 3690 1023; x_wconf 90' lang='lat' dir='ltr'><strong>compa-</strong></span> 
     </span>
    </p>
   </div>
   <div class='ocr_carea' id='block_1_24' title="bbox 2038 1037 3691 1111">
    <p class='ocr_par' dir='ltr' id='par_1_24' title="bbox 2038 1037 3691 1111">
     <span class='ocr_line' id='line_1_24' title="bbox 2038 1037 3691 1111; baseline 0.001 -17"><span class='ocrx_word' id='word_1_143' title='bbox 2038 1041 2286 1095; x_wconf 87' lang='lat' dir='ltr'><strong>randum</strong></span> <span class='ocrx_word' id='word_1_144' title='bbox 2318 1041 2597 1111; x_wconf 87' lang='lat' dir='ltr'><strong>innuuut,</strong></span> <span class='ocrx_word' id='word_1_145' title='bbox 2629 1041 2880 1097; x_wconf 89' lang='lat' dir='ltr'><strong>dictione</strong></span> <span class='ocrx_word' id='word_1_146' title='bbox 2908 1040 3006 1095; x_wconf 89' lang='lat' dir='ltr'><strong>illa</strong></span> <span class='ocrx_word' id='word_1_147' title='bbox 3028 1037 3202 1101; x_wconf 85' lang='grc' dir='ltr'>πολὺς</span> <span class='ocrx_word' id='word_1_148' title='bbox 3244 1046 3511 1097; x_wconf 89' lang='lat' dir='ltr'><strong>utuntur.</strong></span> <span class='ocrx_word' id='word_1_149' title='bbox 3550 1042 3691 1096; x_wconf 90' lang='lat' dir='ltr'><strong>llinc</strong></span> 
     </span>
    </p>
   </div>
   <div class='ocr_carea' id='block_1_25' title="bbox 2040 1130 3691 1201">
    <p class='ocr_par' dir='ltr' id='par_1_25' title="bbox 2040 1130 3691 1201">
     <span class='ocr_line' id='line_1_25' title="bbox 2040 1130 3691 1201; baseline 0.001 -18"><span class='ocrx_word' id='word_1_150' title='bbox 2040 1130 2347 1200; x_wconf 85' lang='lat' dir='ltr'><strong>aptissime</strong></span> <span class='ocrx_word' id='word_1_151' title='bbox 2368 1130 2612 1199; x_wconf 88' lang='lat' dir='ltr'><strong>diceres,</strong></span> <span class='ocrx_word' id='word_1_152' title='bbox 2633 1135 2689 1185; x_wconf 86' lang='lat' dir='ltr'><strong>et</strong></span> <span class='ocrx_word' id='word_1_153' title='bbox 2706 1132 2777 1185; x_wconf 90' lang='lat' dir='ltr'><strong>ad</strong></span> <span class='ocrx_word' id='word_1_154' title='bbox 2803 1131 3002 1185; x_wconf 64' lang='lat' dir='ltr'><strong>Atticae</strong></span> <span class='ocrx_word' id='word_1_155' title='bbox 3024 1130 3370 1201; x_wconf 80' lang='lat' dir='ltr'><strong>eloquentiae</strong></span> <span class='ocrx_word' id='word_1_156' title='bbox 3398 1147 3691 1198; x_wconf 89' lang='lat' dir='ltr'><strong>normam,</strong></span> 
     </span>
    </p>
   </div>
   <div class='ocr_carea' id='block_1_26' title="bbox 2041 1216 3692 1293">
    <p class='ocr_par' dir='ltr' id='par_1_26' title="bbox 2041 1216 3692 1293">
     <span class='ocr_line' id='line_1_26' title="bbox 2041 1216 3692 1293; baseline 0.001 -20"><span class='ocrx_word' id='word_1_157' title='bbox 2041 1216 2225 1279; x_wconf 83' lang='grc' dir='ltr'>Πολὺς</span> <span class='ocrx_word' id='word_1_158' title='bbox 2254 1218 2321 1271; x_wconf 76' lang='grc' dir='ltr'><strong>τὰ</strong></span> <span class='ocrx_word' id='word_1_159' title='bbox 2353 1223 2466 1281; x_wconf 85' lang='grc' dir='ltr'>θεῖα</span> <span class='ocrx_word' id='word_1_160' title='bbox 2486 1219 2807 1293; x_wconf 77' lang='grc' dir='ltr'>Γρηγόριος,</span> <span class='ocrx_word' id='word_1_161' title='bbox 2826 1221 3033 1275; x_wconf 93' lang='lat' dir='ltr'><strong>eximie</strong></span> <span class='ocrx_word' id='word_1_162' title='bbox 3059 1229 3277 1275; x_wconf 86' lang='lat' dir='ltr'><strong>sanctus</strong></span> <span class='ocrx_word' id='word_1_163' title='bbox 3298 1220 3371 1291; x_wconf 91' lang='grc' dir='ltr'><strong>(ο)</strong></span> <span class='ocrx_word' id='word_1_164' title='bbox 3404 1218 3692 1290; x_wconf 78' lang='lat' dir='ltr'><strong>Gregorius</strong></span> 
     </span>
    </p>
   </div>
   <div class='ocr_carea' id='block_1_27' title="bbox 2046 1305 3690 1383">
    <p class='ocr_par' dir='ltr' id='par_1_27' title="bbox 2046 1305 3690 1383">
     <span class='ocr_line' id='line_1_27' title="bbox 2046 1305 3690 1383; baseline 0.001 -21"><span class='ocrx_word' id='word_1_165' title='bbox 2046 1305 2224 1368; x_wconf 77' lang='grc' dir='ltr'>Ηολὺς</span> <span class='ocrx_word' id='word_1_166' title='bbox 2255 1307 2355 1375; x_wconf 82' lang='grc' dir='ltr'><strong>τήν</strong></span> <span class='ocrx_word' id='word_1_167' title='bbox 2387 1305 2531 1361; x_wconf 82' lang='grc' dir='ltr'>θείαν</span> <span class='ocrx_word' id='word_1_168' title='bbox 2565 1309 2783 1383; x_wconf 74' lang='grc' dir='ltr'>Γραφήν</span> <span class='ocrx_word' id='word_1_169' title='bbox 2836 1308 3082 1364; x_wconf 82' lang='lat' dir='ltr'><strong>Michael</strong></span> <span class='ocrx_word' id='word_1_170' title='bbox 3123 1307 3470 1375; x_wconf 87' lang='lat' dir='ltr'><strong>Ghislerius,</strong></span> <span class='ocrx_word' id='word_1_171' title='bbox 3517 1309 3690 1364; x_wconf 84' lang='lat' dir='ltr'><strong>Disci-</strong></span> 
     </span>
    </p>
   </div>
   <div class='ocr_carea' id='block_1_28' title="bbox 2037 1398 3692 1469">
    <p class='ocr_par' dir='ltr' id='par_1_28' title="bbox 2037 1398 3692 1469">
     <span class='ocr_line' id='line_1_28' title="bbox 2037 1398 3692 1469; baseline 0.001 -18"><span class='ocrx_word' id='word_1_172' title='bbox 2037 1398 2199 1469; x_wconf 90' lang='lat' dir='ltr'><strong>plina</strong></span> <span class='ocrx_word' id='word_1_173' title='bbox 2227 1413 2416 1452; x_wconf 88' lang='lat' dir='ltr'><strong>rerum</strong></span> <span class='ocrx_word' id='word_1_174' title='bbox 2445 1399 2768 1453; x_wconf 87' lang='lat' dir='ltr'><strong>divinarum</strong></span> <span class='ocrx_word' id='word_1_175' title='bbox 2787 1398 3287 1465; x_wconf 81' lang='lat' dir='ltr'><strong>eruditissimus,et</strong></span> <span class='ocrx_word' id='word_1_176' title='bbox 3308 1399 3692 1467; x_wconf 87' lang='lat' dir='ltr'><strong>ingenio,pru-</strong></span> 
     </span>
    </p>
   </div>
   <div class='ocr_carea' id='block_1_29' title="bbox 2041 1486 3688 1557">
    <p class='ocr_par' dir='ltr' id='par_1_29' title="bbox 2041 1486 3688 1557">
     <span class='ocr_line' id='line_1_29' title="bbox 2041 1486 3688 1557; baseline 0.001 -16"><span class='ocrx_word' id='word_1_177' title='bbox 2041 1487 2334 1556; x_wconf 87' lang='lat' dir='ltr'><strong>dentiaque</strong></span> <span class='ocrx_word' id='word_1_178' title='bbox 2364 1489 2424 1541; x_wconf 86' lang='lat' dir='ltr'><strong>in</strong></span> <span class='ocrx_word' id='word_1_179' title='bbox 2451 1488 2631 1541; x_wconf 88' lang='lat' dir='ltr'><strong>sacris</strong></span> <span class='ocrx_word' id='word_1_180' title='bbox 2662 1488 2884 1542; x_wconf 78' lang='lat' dir='ltr'><strong>Litteris</strong></span> <span class='ocrx_word' id='word_1_181' title='bbox 2904 1486 3240 1557; x_wconf 79' lang='lat' dir='ltr'><strong>exponendis</strong></span> <span class='ocrx_word' id='word_1_182' title='bbox 3284 1488 3688 1543; x_wconf 87' lang='lat' dir='ltr'><strong>accutissimus.</strong></span> 
     </span>
    </p>
   </div>
   <div class='ocr_carea' id='block_1_30' title="bbox 2044 1571 3696 1651">
    <p class='ocr_par' dir='ltr' id='par_1_30' title="bbox 2044 1571 3696 1651">
     <span class='ocr_line' id='line_1_30' title="bbox 2044 1571 3696 1651; baseline 0.002 -24"><span class='ocrx_word' id='word_1_183' title='bbox 2044 1571 2222 1634; x_wconf 76' lang='grc' dir='ltr'>Πολὺς</span> <span class='ocrx_word' id='word_1_184' title='bbox 2250 1574 2351 1640; x_wconf 79' lang='grc' dir='ltr'><strong>τὴν</strong></span> <span class='ocrx_word' id='word_1_185' title='bbox 2397 1571 2720 1651; x_wconf 75' lang='grc' dir='ltr'><strong>φιλοσοφίαν</strong></span> <span class='ocrx_word' id='word_1_186' title='bbox 2768 1575 3083 1630; x_wconf 80' lang='lat' dir='ltr'><strong>Fortunius</strong></span> <span class='ocrx_word' id='word_1_187' title='bbox 3136 1575 3385 1631; x_wconf 88' lang='lat' dir='ltr'><strong>Licetus.</strong></span> <span class='ocrx_word' id='word_1_188' title='bbox 3424 1576 3565 1639; x_wconf 80' lang='lat' dir='ltr'><strong>Illis,</strong></span> <span class='ocrx_word' id='word_1_189' title='bbox 3598 1578 3696 1648; x_wconf 88' lang='lat' dir='ltr'><strong>qui</strong></span> 
     </span>
    </p>
   </div>
   <div class='ocr_carea' id='block_1_31' title="bbox 2043 1664 3693 1736">
    <p class='ocr_par' dir='ltr' id='par_1_31' title="bbox 2043 1664 3693 1736">
     <span class='ocr_line' id='line_1_31' title="bbox 2043 1664 3693 1736; baseline 0.001 -18"><span class='ocrx_word' id='word_1_190' title='bbox 2043 1664 2113 1718; x_wconf 87' lang='lat' dir='ltr'><strong>ad</strong></span> <span class='ocrx_word' id='word_1_191' title='bbox 2168 1664 2577 1735; x_wconf 82' lang='lat' dir='ltr'><strong>philosophiam</strong></span> <span class='ocrx_word' id='word_1_192' title='bbox 2630 1669 2906 1736; x_wconf 75' lang='lat' dir='ltr'><strong>spectant,</strong></span> <span class='ocrx_word' id='word_1_193' title='bbox 2960 1680 3127 1735; x_wconf 90' lang='lat' dir='ltr'><strong>quam</strong></span> <span class='ocrx_word' id='word_1_194' title='bbox 3172 1666 3418 1720; x_wconf 77' lang='lat' dir='ltr'><strong>maxime</strong></span> <span class='ocrx_word' id='word_1_195' title='bbox 3445 1668 3641 1731; x_wconf 82' lang='lat' dir='ltr'><strong>potens</strong></span> <span class='ocrx_word' id='word_1_196' title='bbox 3674 1683 3693 1719; x_wconf 91' lang='lat'><strong><em>:</em></strong></span> 
     </span>
    </p>
   </div>
   <div class='ocr_carea' id='block_1_32' title="bbox 2040 1752 3691 1826">
    <p class='ocr_par' dir='ltr' id='par_1_32' title="bbox 2040 1752 3691 1826">
     <span class='ocr_line' id='line_1_32' title="bbox 2040 1752 3691 1826; baseline 0.002 -19"><span class='ocrx_word' id='word_1_197' title='bbox 2040 1755 2205 1824; x_wconf 88' lang='lat' dir='ltr'><strong>pauci</strong></span> <span class='ocrx_word' id='word_1_198' title='bbox 2228 1759 2290 1807; x_wconf 91' lang='lat' dir='ltr'><strong>ut</strong></span> <span class='ocrx_word' id='word_1_199' title='bbox 2310 1755 2422 1808; x_wconf 87' lang='lat' dir='ltr'><strong>sint</strong></span> <span class='ocrx_word' id='word_1_200' title='bbox 2443 1754 2541 1824; x_wconf 92' lang='lat' dir='ltr'><strong>qui</strong></span> <span class='ocrx_word' id='word_1_201' title='bbox 2578 1755 2743 1809; x_wconf 87' lang='lat' dir='ltr'><strong>tantis</strong></span> <span class='ocrx_word' id='word_1_202' title='bbox 2774 1752 2886 1826; x_wconf 83' lang='grc'><strong>[21]</strong></span> <span class='ocrx_word' id='word_1_203' title='bbox 2912 1754 3278 1825; x_wconf 74' lang='grc' dir='ltr'>ρΙιίἰοεορΙιίέε</span> <span class='ocrx_word' id='word_1_204' title='bbox 3304 1753 3518 1809; x_wconf 75' lang='lat' dir='ltr'><strong>dotibus</strong></span> <span class='ocrx_word' id='word_1_205' title='bbox 3545 1768 3691 1826; x_wconf 58' lang='lat' dir='ltr'><strong>prce-</strong></span> 
     </span>
    </p>
   </div>
   <div class='ocr_carea' id='block_1_33' title="bbox 284 1838 1940 1937">
    <p class='ocr_par' dir='ltr' id='par_1_33' title="bbox 284 1839 1934 1914">
     <span class='ocr_line' id='line_1_33' title="bbox 284 1839 1934 1914; baseline -0.004 -14"><span class='ocrx_word' id='word_1_206' title='bbox 284 1848 508 1911; x_wconf 86' lang='lat' dir='ltr'><strong>nareto,</strong></span> <span class='ocrx_word' id='word_1_207' title='bbox 543 1842 644 1914; x_wconf 90' lang='lat' dir='ltr'><strong>qui</strong></span> <span class='ocrx_word' id='word_1_208' title='bbox 667 1841 817 1897; x_wconf 87' lang='lat' dir='ltr'><strong>dicto</strong></span> <span class='ocrx_word' id='word_1_209' title='bbox 850 1846 907 1897; x_wconf 90' lang='lat' dir='ltr'><strong>et</strong></span> <span class='ocrx_word' id='word_1_210' title='bbox 927 1842 1143 1912; x_wconf 90' lang='lat' dir='ltr'><strong>scripto</strong></span> <span class='ocrx_word' id='word_1_211' title='bbox 1166 1841 1404 1897; x_wconf 84' lang='lat' dir='ltr'><strong>Lainam</strong></span> <span class='ocrx_word' id='word_1_212' title='bbox 1429 1839 1747 1896; x_wconf 84' lang='lat' dir='ltr'><strong>Ecclesiam</strong></span> <span class='ocrx_word' id='word_1_213' title='bbox 1780 1840 1934 1893; x_wconf 87' lang='lat' dir='ltr'><strong>inse-</strong></span> 
     </span>
    </p>
   </div>
   <div class='ocr_carea' id='block_1_34' title="bbox 2051 1838 3695 1937">
    <p class='ocr_par' dir='ltr' id='par_1_34' title="bbox 2051 1838 3695 1913">
     <span class='ocr_line' id='line_1_34' title="bbox 2051 1838 3695 1913; baseline 0.001 -16"><span class='ocrx_word' id='word_1_214' title='bbox 2051 1842 2151 1897; x_wconf 77' lang='lat' dir='ltr'><strong>diti</strong></span> <span class='ocrx_word' id='word_1_215' title='bbox 2173 1843 2303 1897; x_wconf 88' lang='lat' dir='ltr'><strong>sint.</strong></span> <span class='ocrx_word' id='word_1_216' title='bbox 2339 1838 2519 1901; x_wconf 88' lang='grc' dir='ltr'>Πολὺς</span> <span class='ocrx_word' id='word_1_217' title='bbox 2550 1841 2615 1894; x_wconf 73' lang='grc' dir='ltr'><strong>τὰ</strong></span> <span class='ocrx_word' id='word_1_218' title='bbox 2644 1840 3000 1913; x_wconf 79' lang='grc' dir='ltr'>μαθηματικὰ</span> <span class='ocrx_word' id='word_1_219' title='bbox 3020 1843 3223 1898; x_wconf 79' lang='lat' dir='ltr'><strong>Petrus</strong></span> <span class='ocrx_word' id='word_1_220' title='bbox 3246 1842 3608 1911; x_wconf 87' lang='lat' dir='ltr'><strong>Gassendus,</strong></span> <span class='ocrx_word' id='word_1_221' title='bbox 3633 1845 3695 1898; x_wconf 88' lang='lat' dir='ltr'><strong>in</strong></span> 
     </span>
    </p>
   </div>
   <div class='ocr_carea' id='block_1_35' title="bbox 286 1925 1936 2005">
    <p class='ocr_par' dir='ltr' id='par_1_35' title="bbox 286 1925 1936 2005">
     <span class='ocr_line' id='line_1_35' title="bbox 286 1925 1936 2005; baseline -0.005 -18"><span class='ocrx_word' id='word_1_222' title='bbox 286 1932 424 1987; x_wconf 89' lang='lat' dir='ltr'><strong>ctati</strong></span> <span class='ocrx_word' id='word_1_223' title='bbox 458 1938 615 1987; x_wconf 89' lang='lat' dir='ltr'><strong>sunt.</strong></span> <span class='ocrx_word' id='word_1_224' title='bbox 653 1929 747 1985; x_wconf 76' lang='grc' dir='ltr'>Καὶ</span> <span class='ocrx_word' id='word_1_225' title='bbox 779 1928 840 1983; x_wconf 79' lang='grc' dir='ltr'><strong>σὺ</strong></span> <span class='ocrx_word' id='word_1_226' title='bbox 878 1930 971 2001; x_wconf 75' lang='grc' dir='ltr'><strong>μὲν</strong></span> <span class='ocrx_word' id='word_1_227' title='bbox 1003 1930 1299 2005; x_wconf 64' lang='grc' dir='ltr'>συνήφθης,</span> <span class='ocrx_word' id='word_1_228' title='bbox 1333 1929 1408 1989; x_wconf 89' lang='grc' dir='ltr'>ὡς</span> <span class='ocrx_word' id='word_1_229' title='bbox 1440 1929 1571 2003; x_wconf 77' lang='grc' dir='ltr'>φὴς,</span> <span class='ocrx_word' id='word_1_230' title='bbox 1602 1932 1717 1988; x_wconf 86' lang='grc' dir='ltr'>τοῖς</span> <span class='ocrx_word' id='word_1_231' title='bbox 1763 1925 1936 2000; x_wconf 81' lang='grc' dir='ltr'>ἁγίοις</span> 
     </span>
    </p>
   </div>
   <div class='ocr_carea' id='block_1_36' title="bbox 289 2014 1937 2093">
    <p class='ocr_par' dir='ltr' id='par_1_36' title="bbox 289 2014 1937 2093">
     <span class='ocr_line' id='line_1_36' title="bbox 289 2014 1937 2093; baseline -0.002 -21"><span class='ocrx_word' id='word_1_232' title='bbox 289 2040 383 2073; x_wconf 91' lang='grc' dir='ltr'><strong>σου</strong></span> <span class='ocrx_word' id='word_1_233' title='bbox 440 2019 733 2093; x_wconf 78' lang='grc' dir='ltr'>Πατράσιν,</span> <span class='ocrx_word' id='word_1_234' title='bbox 791 2018 880 2072; x_wconf 82' lang='grc' dir='ltr'>καὶ</span> <span class='ocrx_word' id='word_1_235' title='bbox 948 2014 1297 2078; x_wconf 71' lang='grc' dir='ltr'>διδασκάλοις</span> <span class='ocrx_word' id='word_1_236' title='bbox 1356 2014 1557 2088; x_wconf 83' lang='grc' dir='ltr'>Φωτίῳ</span> <span class='ocrx_word' id='word_1_237' title='bbox 1608 2020 1686 2087; x_wconf 81' lang='grc' dir='ltr'><strong>τῷ</strong></span> <span class='ocrx_word' id='word_1_238' title='bbox 1733 2015 1937 2090; x_wconf 82' lang='grc' dir='ltr'>πρώτῳ</span> 
     </span>
    </p>
   </div>
   <div class='ocr_carea' id='block_1_37' title="bbox 290 2102 1938 2182">
    <p class='ocr_par' dir='ltr' id='par_1_37' title="bbox 290 2102 1938 2182">
     <span class='ocr_line' id='line_1_37' title="bbox 290 2102 1938 2182; baseline -0.002 -21"><span class='ocrx_word' id='word_1_239' title='bbox 290 2112 658 2182; x_wconf 77' lang='grc' dir='ltr'>σχισματικῷ,</span> <span class='ocrx_word' id='word_1_240' title='bbox 698 2105 910 2179; x_wconf 76' lang='grc' dir='ltr'>μᾶλλον</span> <span class='ocrx_word' id='word_1_241' title='bbox 937 2103 994 2160; x_wconf 78' lang='grc' dir='ltr'><strong>δὲ</strong></span> <span class='ocrx_word' id='word_1_242' title='bbox 1023 2106 1327 2181; x_wconf 79' lang='grc' dir='ltr'><strong>αὐτουργῷ,</strong></span> <span class='ocrx_word' id='word_1_243' title='bbox 1353 2108 1465 2178; x_wconf 76' lang='grc'>[20]</span> <span class='ocrx_word' id='word_1_244' title='bbox 1496 2106 1585 2159; x_wconf 80' lang='grc' dir='ltr'>καὶ</span> <span class='ocrx_word' id='word_1_245' title='bbox 1618 2102 1938 2179; x_wconf 78' lang='grc' dir='ltr'>δημιουργῷ</span> 
     </span>
    </p>
   </div>
   <div class='ocr_carea' id='block_1_38' title="bbox 283 2188 1937 2270">
    <p class='ocr_par' dir='ltr' id='par_1_38' title="bbox 283 2188 1937 2270">
     <span class='ocr_line' id='line_1_38' title="bbox 283 2188 1937 2270; baseline -0.003 -20"><span class='ocrx_word' id='word_1_246' title='bbox 283 2201 382 2250; x_wconf 78' lang='grc' dir='ltr'><strong>τοῦ</strong></span> <span class='ocrx_word' id='word_1_247' title='bbox 415 2194 742 2270; x_wconf 77' lang='grc' dir='ltr'>σχίσματος,</span> <span class='ocrx_word' id='word_1_248' title='bbox 775 2194 867 2248; x_wconf 81' lang='grc' dir='ltr'>καὶ</span> <span class='ocrx_word' id='word_1_249' title='bbox 915 2201 1015 2263; x_wconf 85' lang='grc' dir='ltr'><strong>τῆς</strong></span> <span class='ocrx_word' id='word_1_250' title='bbox 1047 2191 1378 2266; x_wconf 72' lang='grc' dir='ltr'><strong>διαιρέσεως,</strong></span> <span class='ocrx_word' id='word_1_251' title='bbox 1414 2188 1718 2264; x_wconf 75' lang='grc' dir='ltr'>Καϐασῖλᾳ,</span> <span class='ocrx_word' id='word_1_252' title='bbox 1752 2192 1937 2248; x_wconf 56' lang='lat' dir='ltr'><strong>Halat-</strong></span> 
     </span>
    </p>
   </div>
   <div class='ocr_carea' id='block_1_39' title="bbox 292 2281 1938 2358">
    <p class='ocr_par' dir='ltr' id='par_1_39' title="bbox 292 2281 1938 2358">
     <span class='ocr_line' id='line_1_39' title="bbox 292 2281 1938 2358; baseline -0.002 -19"><span class='ocrx_word' id='word_1_253' title='bbox 292 2290 385 2357; x_wconf 74' lang='grc' dir='ltr'>μᾷ,</span> <span class='ocrx_word' id='word_1_254' title='bbox 470 2288 827 2358; x_wconf 77' lang='grc' dir='ltr'><strong>Καματηρῷ,</strong></span> <span class='ocrx_word' id='word_1_255' title='bbox 891 2287 1109 2357; x_wconf 78' lang='grc' dir='ltr'>Φουρνῇ</span> <span class='ocrx_word' id='word_1_256' title='bbox 1145 2331 1158 2353; x_wconf 87' lang='grc'><strong>,</strong></span> <span class='ocrx_word' id='word_1_257' title='bbox 1218 2281 1449 2354; x_wconf 78' lang='grc' dir='ltr'>Ψελλῷ,</span> <span class='ocrx_word' id='word_1_258' title='bbox 1509 2281 1885 2357; x_wconf 82' lang='grc' dir='ltr'>Μοσχοὶμπαρι</span> <span class='ocrx_word' id='word_1_259' title='bbox 1923 2326 1938 2350; x_wconf 90' lang='grc'><strong>,</strong></span> 
     </span>
    </p>
   </div>
   <div class='ocr_carea' id='block_1_40' title="bbox 288 2369 1939 2449">
    <p class='ocr_par' dir='ltr' id='par_1_40' title="bbox 288 2369 1939 2449">
     <span class='ocr_line' id='line_1_40' title="bbox 288 2369 1939 2449; baseline -0.002 -22"><span class='ocrx_word' id='word_1_260' title='bbox 288 2372 612 2449; x_wconf 78' lang='grc' dir='ltr'>Βουλγαρῖᾳ,</span> <span class='ocrx_word' id='word_1_261' title='bbox 662 2369 927 2443; x_wconf 81' lang='grc' dir='ltr'>Νικολάῳ</span> <span class='ocrx_word' id='word_1_262' title='bbox 983 2374 1266 2443; x_wconf 84' lang='grc' dir='ltr'>Μεθώνης,</span> <span class='ocrx_word' id='word_1_263' title='bbox 1321 2372 1631 2447; x_wconf 80' lang='grc' dir='ltr'>Παναρὲτῳ,</span> <span class='ocrx_word' id='word_1_264' title='bbox 1682 2372 1769 2425; x_wconf 84' lang='grc' dir='ltr'><strong>καὶ</strong></span> <span class='ocrx_word' id='word_1_265' title='bbox 1824 2375 1939 2431; x_wconf 85' lang='grc' dir='ltr'>τοῖς</span> 
     </span>
    </p>
   </div>
   <div class='ocr_carea' id='block_1_41' title="bbox 288 2454 1939 2536">
    <p class='ocr_par' dir='ltr' id='par_1_41' title="bbox 288 2454 1939 2536">
     <span class='ocr_line' id='line_1_41' title="bbox 288 2454 1939 2536; baseline -0.002 -20"><span class='ocrx_word' id='word_1_266' title='bbox 288 2460 507 2523; x_wconf 80' lang='grc' dir='ltr'>λοιποῖς</span> <span class='ocrx_word' id='word_1_267' title='bbox 556 2466 671 2522; x_wconf 81' lang='grc' dir='ltr'>τοῖς</span> <span class='ocrx_word' id='word_1_268' title='bbox 727 2460 861 2533; x_wconf 80' lang='grc' dir='ltr'><strong>μετᾶ</strong></span> <span class='ocrx_word' id='word_1_269' title='bbox 910 2461 971 2515; x_wconf 82' lang='grc' dir='ltr'><strong>τὸ</strong></span> <span class='ocrx_word' id='word_1_270' title='bbox 1024 2461 1256 2536; x_wconf 75' lang='grc' dir='ltr'>σχίσμα,</span> <span class='ocrx_word' id='word_1_271' title='bbox 1305 2460 1394 2514; x_wconf 78' lang='grc' dir='ltr'>καὶ</span> <span class='ocrx_word' id='word_1_272' title='bbox 1432 2462 1531 2529; x_wconf 79' lang='grc' dir='ltr'><strong>τήν</strong></span> <span class='ocrx_word' id='word_1_273' title='bbox 1583 2458 1801 2530; x_wconf 73' lang='grc' dir='ltr'>πολλὴν</span> <span class='ocrx_word' id='word_1_274' title='bbox 1831 2454 1939 2534; x_wconf 78' lang='grc' dir='ltr'>ἔριν</span> 
     </span>
    </p>
   </div>
   <div class='ocr_carea' id='block_1_42' title="bbox 286 2548 1943 2623">
    <p class='ocr_par' dir='ltr' id='par_1_42' title="bbox 286 2548 1943 2623">
     <span class='ocr_line' id='line_1_42' title="bbox 286 2548 1943 2623; baseline -0.001 -17"><span class='ocrx_word' id='word_1_275' title='bbox 286 2552 423 2606; x_wconf 75' lang='grc' dir='ltr'>κατὰ</span> <span class='ocrx_word' id='word_1_276' title='bbox 498 2557 599 2621; x_wconf 79' lang='grc' dir='ltr'><strong>τῆς</strong></span> <span class='ocrx_word' id='word_1_277' title='bbox 646 2552 964 2623; x_wconf 75' lang='grc' dir='ltr'>Ῥωμαῖκῆς</span> <span class='ocrx_word' id='word_1_278' title='bbox 1042 2548 1375 2619; x_wconf 81' lang='grc' dir='ltr'>Ἐκκλησίας</span> <span class='ocrx_word' id='word_1_279' title='bbox 1471 2549 1703 2605; x_wconf 73' lang='grc' dir='ltr'>εἰποῦσι.</span> <span class='ocrx_word' id='word_1_280' title='bbox 1762 2551 1826 2605; x_wconf 85' lang='lat' dir='ltr'><strong>Et</strong></span> <span class='ocrx_word' id='word_1_281' title='bbox 1884 2558 1943 2605; x_wconf 83' lang='lat' dir='ltr'><strong>tu</strong></span> 
     </span>
    </p>
   </div>
   <div class='ocr_carea' id='block_1_43' title="bbox 288 2640 1940 2713">
    <p class='ocr_par' dir='ltr' id='par_1_43' title="bbox 288 2640 1940 2713">
     <span class='ocr_line' id='line_1_43' title="bbox 288 2640 1940 2713; baseline -0.002 -16"><span class='ocrx_word' id='word_1_282' title='bbox 288 2643 528 2713; x_wconf 84' lang='lat' dir='ltr'><strong>quidem,</strong></span> <span class='ocrx_word' id='word_1_283' title='bbox 569 2644 628 2696; x_wconf 89' lang='lat' dir='ltr'><strong>ut</strong></span> <span class='ocrx_word' id='word_1_284' title='bbox 678 2643 784 2710; x_wconf 89' lang='lat' dir='ltr'><strong>ais,</strong></span> <span class='ocrx_word' id='word_1_285' title='bbox 818 2642 1024 2696; x_wconf 84' lang='lat' dir='ltr'><strong>sanctis</strong></span> <span class='ocrx_word' id='word_1_286' title='bbox 1073 2643 1185 2696; x_wconf 87' lang='lat' dir='ltr'><strong>tuis</strong></span> <span class='ocrx_word' id='word_1_287' title='bbox 1233 2641 1495 2695; x_wconf 84' lang='lat' dir='ltr'><strong>Patribus</strong></span> <span class='ocrx_word' id='word_1_288' title='bbox 1532 2657 1596 2694; x_wconf 88' lang='lat' dir='ltr'><strong>ac</strong></span> <span class='ocrx_word' id='word_1_289' title='bbox 1624 2640 1940 2695; x_wconf 87' lang='lat' dir='ltr'><strong>doctoribus</strong></span> 
     </span>
    </p>
   </div>
   <div class='ocr_carea' id='block_1_44' title="bbox 293 2730 1941 2803">
    <p class='ocr_par' dir='ltr' id='par_1_44' title="bbox 293 2730 1941 2803">
     <span class='ocr_line' id='line_1_44' title="bbox 293 2730 1941 2803; baseline -0.001 -17"><span class='ocrx_word' id='word_1_290' title='bbox 293 2736 343 2787; x_wconf 89' lang='lat' dir='ltr'><strong>te</strong></span> <span class='ocrx_word' id='word_1_291' title='bbox 370 2731 700 2803; x_wconf 87' lang='lat' dir='ltr'><strong>adjunxisti,</strong></span> <span class='ocrx_word' id='word_1_292' title='bbox 753 2730 944 2785; x_wconf 87' lang='lat' dir='ltr'><strong>Photio</strong></span> <span class='ocrx_word' id='word_1_293' title='bbox 981 2730 1461 2785; x_wconf 85' lang='lat' dir='ltr'><strong>schismaticorum</strong></span> <span class='ocrx_word' id='word_1_294' title='bbox 1511 2730 1781 2800; x_wconf 84' lang='lat' dir='ltr'><strong>principi,</strong></span> <span class='ocrx_word' id='word_1_295' title='bbox 1832 2731 1941 2784; x_wconf 90' lang='lat' dir='ltr'><strong>imo</strong></span> 
     </span>
    </p>
   </div>
   <div class='ocr_carea' id='block_1_45' title="bbox 291 2817 1941 2889">
    <p class='ocr_par' dir='ltr' id='par_1_45' title="bbox 291 2817 1941 2889">
     <span class='ocr_line' id='line_1_45' title="bbox 291 2817 1941 2889; baseline -0.003 -14"><span class='ocrx_word' id='word_1_296' title='bbox 291 2836 419 2875; x_wconf 75' lang='lat' dir='ltr'><strong>vero</strong></span> <span class='ocrx_word' id='word_1_297' title='bbox 448 2820 681 2885; x_wconf 83' lang='lat' dir='ltr'><strong>auctori,</strong></span> <span class='ocrx_word' id='word_1_298' title='bbox 713 2827 765 2874; x_wconf 84' lang='lat' dir='ltr'><strong>et</strong></span> <span class='ocrx_word' id='word_1_299' title='bbox 799 2820 986 2889; x_wconf 86' lang='lat' dir='ltr'><strong>opiﬁci</strong></span> <span class='ocrx_word' id='word_1_300' title='bbox 1007 2819 1346 2889; x_wconf 81' lang='lat' dir='ltr'><strong>schismatis,</strong></span> <span class='ocrx_word' id='word_1_301' title='bbox 1378 2827 1430 2873; x_wconf 90' lang='lat' dir='ltr'><strong>et</strong></span> <span class='ocrx_word' id='word_1_302' title='bbox 1461 2818 1683 2872; x_wconf 85' lang='lat' dir='ltr'><strong>dissidii</strong></span> <span class='ocrx_word' id='word_1_303' title='bbox 1717 2834 1730 2871; x_wconf 88' lang='lat'><strong>:</strong></span> <span class='ocrx_word' id='word_1_304' title='bbox 1768 2817 1941 2872; x_wconf 86' lang='lat' dir='ltr'><strong>Caba-</strong></span> 
     </span>
    </p>
   </div>
   <div class='ocr_carea' id='block_1_46' title="bbox 292 2906 1941 2979">
    <p class='ocr_par' dir='ltr' id='par_1_46' title="bbox 292 2906 1941 2979">
     <span class='ocr_line' id='line_1_46' title="bbox 292 2906 1941 2979; baseline -0.003 -15"><span class='ocrx_word' id='word_1_305' title='bbox 292 2910 436 2979; x_wconf 66' lang='lat' dir='ltr'><strong>silaa,</strong></span> <span class='ocrx_word' id='word_1_306' title='bbox 472 2909 781 2978; x_wconf 86' lang='lat' dir='ltr'><strong>Camatero,</strong></span> <span class='ocrx_word' id='word_1_307' title='bbox 814 2908 1088 2973; x_wconf 86' lang='lat' dir='ltr'><strong>Phurnio,</strong></span> <span class='ocrx_word' id='word_1_308' title='bbox 1119 2907 1312 2973; x_wconf 89' lang='lat' dir='ltr'><strong>Psello,</strong></span> <span class='ocrx_word' id='word_1_309' title='bbox 1354 2906 1773 2971; x_wconf 82' lang='lat' dir='ltr'><strong>Moschambari,</strong></span> <span class='ocrx_word' id='word_1_310' title='bbox 1809 2906 1941 2959; x_wconf 87' lang='lat' dir='ltr'><strong>Bul-</strong></span> 
     </span>
    </p>
   </div>
   <div class='ocr_carea' id='block_1_47' title="bbox 292 2996 1945 3069">
    <p class='ocr_par' dir='ltr' id='par_1_47' title="bbox 292 2996 1945 3069">
     <span class='ocr_line' id='line_1_47' title="bbox 292 2996 1945 3069; baseline -0.002 -16"><span class='ocrx_word' id='word_1_311' title='bbox 292 3001 482 3069; x_wconf 76' lang='lat' dir='ltr'><strong>garise,</strong></span> <span class='ocrx_word' id='word_1_312' title='bbox 516 2998 735 3053; x_wconf 89' lang='lat' dir='ltr'><strong>Nicolao</strong></span> <span class='ocrx_word' id='word_1_313' title='bbox 768 2999 1131 3067; x_wconf 84' lang='lat' dir='ltr'><strong>Methonensi,</strong></span> <span class='ocrx_word' id='word_1_314' title='bbox 1166 2998 1454 3063; x_wconf 87' lang='lat' dir='ltr'><strong>Panareto,</strong></span> <span class='ocrx_word' id='word_1_315' title='bbox 1489 3000 1539 3050; x_wconf 86' lang='lat' dir='ltr'><strong>et</strong></span> <span class='ocrx_word' id='word_1_316' title='bbox 1588 2996 1803 3051; x_wconf 61' lang='lat' dir='ltr'><strong>exteris</strong></span> <span class='ocrx_word' id='word_1_317' title='bbox 1847 2997 1945 3066; x_wconf 89' lang='lat' dir='ltr'><strong>qui</strong></span> 
     </span>
    </p>
   </div>
   <div class='ocr_carea' id='block_1_48' title="bbox 295 3086 1944 3161">
    <p class='ocr_par' dir='ltr' id='par_1_48' title="bbox 295 3086 1944 3161">
     <span class='ocr_line' id='line_1_48' title="bbox 295 3086 1944 3161; baseline -0.003 -18"><span class='ocrx_word' id='word_1_318' title='bbox 295 3097 416 3161; x_wconf 85' lang='lat' dir='ltr'><strong>post</strong></span> <span class='ocrx_word' id='word_1_319' title='bbox 441 3090 702 3155; x_wconf 86' lang='lat' dir='ltr'><strong>schisma,</strong></span> <span class='ocrx_word' id='word_1_320' title='bbox 733 3095 784 3143; x_wconf 84' lang='lat' dir='ltr'><strong>et</strong></span> <span class='ocrx_word' id='word_1_321' title='bbox 814 3086 1048 3142; x_wconf 86' lang='lat' dir='ltr'><strong>multam</strong></span> <span class='ocrx_word' id='word_1_322' title='bbox 1098 3087 1503 3141; x_wconf 75' lang='lat' dir='ltr'><strong>contentionem</strong></span> <span class='ocrx_word' id='word_1_323' title='bbox 1534 3087 1592 3139; x_wconf 89' lang='lat' dir='ltr'><strong>in</strong></span> <span class='ocrx_word' id='word_1_324' title='bbox 1643 3087 1944 3139; x_wconf 83' lang='lat' dir='ltr'><strong>Romanam</strong></span> 
     </span>
    </p>
   </div>
   <div class='ocr_carea' id='block_1_49' title="bbox 291 3173 1940 3241">
    <p class='ocr_par' dir='ltr' id='par_1_49' title="bbox 291 3173 1940 3241">
     <span class='ocr_line' id='line_1_49' title="bbox 291 3173 1940 3241; baseline -0.004 -8"><span class='ocrx_word' id='word_1_325' title='bbox 291 3179 496 3233; x_wconf 82' lang='lat' dir='ltr'><strong>invecti</strong></span> <span class='ocrx_word' id='word_1_326' title='bbox 516 3185 644 3232; x_wconf 88' lang='lat' dir='ltr'><strong>sunt</strong></span> <span class='ocrx_word' id='word_1_327' title='bbox 665 3176 981 3231; x_wconf 78' lang='lat' dir='ltr'><strong>Ecclesium.</strong></span> <span class='ocrx_word' id='word_1_328' title='bbox 1016 3176 1167 3230; x_wconf 84' lang='lat' dir='ltr'><strong>Sane</strong></span> <span class='ocrx_word' id='word_1_329' title='bbox 1192 3174 1399 3239; x_wconf 85' lang='lat' dir='ltr'><strong>Photii,</strong></span> <span class='ocrx_word' id='word_1_330' title='bbox 1433 3173 1738 3241; x_wconf 70' lang='lat' dir='ltr'><strong>Cabasilae,</strong></span> <span class='ocrx_word' id='word_1_331' title='bbox 1771 3173 1940 3228; x_wconf 67' lang='lat' dir='ltr'><strong>Pala~</strong></span> 
     </span>
    </p>
   </div>
   <div class='ocr_carea' id='block_1_50' title="bbox 292 3262 1940 3335">
    <p class='ocr_par' dir='ltr' id='par_1_50' title="bbox 292 3262 1940 3335">
     <span class='ocr_line' id='line_1_50' title="bbox 292 3262 1940 3335; baseline -0.004 -13"><span class='ocrx_word' id='word_1_332' title='bbox 292 3286 422 3333; x_wconf 65' lang='lat' dir='ltr'><strong>mae,</strong></span> <span class='ocrx_word' id='word_1_333' title='bbox 448 3265 667 3322; x_wconf 80' lang='lat' dir='ltr'><strong>Nicoiai</strong></span> <span class='ocrx_word' id='word_1_334' title='bbox 695 3265 1109 3329; x_wconf 85' lang='lat' dir='ltr'><strong>Methonensis,</strong></span> <span class='ocrx_word' id='word_1_335' title='bbox 1134 3265 1501 3335; x_wconf 90' lang='lat' dir='ltr'><strong>aliorumque</strong></span> <span class='ocrx_word' id='word_1_336' title='bbox 1523 3263 1580 3317; x_wconf 89' lang='lat' dir='ltr'><strong>in</strong></span> <span class='ocrx_word' id='word_1_337' title='bbox 1622 3262 1940 3317; x_wconf 83' lang='lat' dir='ltr'><strong>Ecclesiam</strong></span> 
     </span>
    </p>
   </div>
   <div class='ocr_carea' id='block_1_51' title="bbox 292 3351 1943 3424">
    <p class='ocr_par' dir='ltr' id='par_1_51' title="bbox 292 3351 1943 3424">
     <span class='ocr_line' id='line_1_51' title="bbox 292 3351 1943 3424; baseline -0.004 -13"><span class='ocrx_word' id='word_1_338' title='bbox 292 3358 557 3411; x_wconf 83' lang='lat' dir='ltr'><strong>Latinam</strong></span> <span class='ocrx_word' id='word_1_339' title='bbox 590 3354 1115 3410; x_wconf 89' lang='lat' dir='ltr'><strong>commentationes</strong></span> <span class='ocrx_word' id='word_1_340' title='bbox 1156 3353 1590 3424; x_wconf 85' lang='lat' dir='ltr'><strong>nugacissimas</strong></span> <span class='ocrx_word' id='word_1_341' title='bbox 1637 3368 1753 3406; x_wconf 89' lang='lat' dir='ltr'><strong>non</strong></span> <span class='ocrx_word' id='word_1_342' title='bbox 1816 3351 1943 3406; x_wconf 90' lang='lat' dir='ltr'><strong>sine</strong></span> 
     </span>
    </p>
   </div>
   <div class='ocr_carea' id='block_1_52' title="bbox 292 3440 1943 3513">
    <p class='ocr_par' dir='ltr' id='par_1_52' title="bbox 292 3440 1943 3513">
     <span class='ocr_line' id='line_1_52' title="bbox 292 3440 1943 3513; baseline -0.003 -14"><span class='ocrx_word' id='word_1_343' title='bbox 292 3445 466 3499; x_wconf 68' lang='lat' dir='ltr'><strong>taedio</strong></span> <span class='ocrx_word' id='word_1_344' title='bbox 498 3460 564 3499; x_wconf 86' lang='lat' dir='ltr'><strong>ac</strong></span> <span class='ocrx_word' id='word_1_345' title='bbox 597 3442 900 3499; x_wconf 80' lang='lat' dir='ltr'><strong>stomacho</strong></span> <span class='ocrx_word' id='word_1_346' title='bbox 934 3442 1067 3513; x_wconf 87' lang='lat' dir='ltr'><strong>legi.</strong></span> <span class='ocrx_word' id='word_1_347' title='bbox 1102 3441 1276 3496; x_wconf 88' lang='lat' dir='ltr'><strong>Pselli</strong></span> <span class='ocrx_word' id='word_1_348' title='bbox 1300 3440 1555 3495; x_wconf 90' lang='lat' dir='ltr'><strong>similem</strong></span> <span class='ocrx_word' id='word_1_349' title='bbox 1594 3440 1943 3510; x_wconf 85' lang='lat' dir='ltr'><strong>disputatio-</strong></span> 
     </span>
    </p>
   </div>
   <div class='ocr_carea' id='block_1_53' title="bbox 293 3527 1946 3594">
    <p class='ocr_par' dir='ltr' id='par_1_53' title="bbox 293 3527 1946 3594">
     <span class='ocr_line' id='line_1_53' title="bbox 293 3527 1946 3594; baseline -0.003 -6"><span class='ocrx_word' id='word_1_350' title='bbox 293 3551 430 3588; x_wconf 89' lang='lat' dir='ltr'><strong>nem</strong></span> <span class='ocrx_word' id='word_1_351' title='bbox 464 3534 535 3587; x_wconf 87' lang='lat' dir='ltr'><strong>ad</strong></span> <span class='ocrx_word' id='word_1_352' title='bbox 570 3533 728 3586; x_wconf 90' lang='lat' dir='ltr'><strong>hunc</strong></span> <span class='ocrx_word' id='word_1_353' title='bbox 760 3531 914 3585; x_wconf 84' lang='lat' dir='ltr'><strong>diem</strong></span> <span class='ocrx_word' id='word_1_354' title='bbox 948 3546 1063 3585; x_wconf 87' lang='lat' dir='ltr'><strong>non</strong></span> <span class='ocrx_word' id='word_1_355' title='bbox 1096 3529 1331 3594; x_wconf 79' lang='lat' dir='ltr'><strong>offendi,</strong></span> <span class='ocrx_word' id='word_1_356' title='bbox 1357 3534 1415 3584; x_wconf 88' lang='lat' dir='ltr'><strong>et</strong></span> <span class='ocrx_word' id='word_1_357' title='bbox 1446 3530 1690 3584; x_wconf 84' lang='lat' dir='ltr'><strong>fortasse</strong></span> <span class='ocrx_word' id='word_1_358' title='bbox 1722 3545 1827 3583; x_wconf 90' lang='lat' dir='ltr'><strong>nec</strong></span> <span class='ocrx_word' id='word_1_359' title='bbox 1848 3527 1946 3583; x_wconf 88' lang='lat' dir='ltr'><strong>ille</strong></span> 
     </span>
    </p>
   </div>
   <div class='ocr_carea' id='block_1_54' title="bbox 297 3617 1949 3690">
    <p class='ocr_par' dir='ltr' id='par_1_54' title="bbox 297 3617 1949 3690">
     <span class='ocr_line' id='line_1_54' title="bbox 297 3617 1949 3690; baseline -0.004 -13"><span class='ocrx_word' id='word_1_360' title='bbox 297 3619 669 3690; x_wconf 89' lang='lat' dir='ltr'><strong>conscripsit.</strong></span> <span class='ocrx_word' id='word_1_361' title='bbox 701 3618 1120 3673; x_wconf 87' lang='lat' dir='ltr'><strong>Verumtamen</strong></span> <span class='ocrx_word' id='word_1_362' title='bbox 1176 3622 1266 3673; x_wconf 82' lang='lat' dir='ltr'><strong>est</strong></span> <span class='ocrx_word' id='word_1_363' title='bbox 1310 3617 1368 3671; x_wconf 88' lang='lat' dir='ltr'><strong>in</strong></span> <span class='ocrx_word' id='word_1_364' title='bbox 1427 3618 1780 3688; x_wconf 74' lang='lat' dir='ltr'><strong>Expositione</strong></span> <span class='ocrx_word' id='word_1_365' title='bbox 1816 3617 1949 3687; x_wconf 81' lang='lat' dir='ltr'><strong>ﬁdei</strong></span> 
     </span>
    </p>
   </div>
   <div class='ocr_carea' id='block_1_55' title="bbox 303 3705 1946 3777">
    <p class='ocr_par' dir='ltr' id='par_1_55' title="bbox 303 3705 1946 3777">
     <span class='ocr_line' id='line_1_55' title="bbox 303 3705 1946 3777; baseline -0.002 -13"><span class='ocrx_word' id='word_1_366' title='bbox 303 3710 372 3764; x_wconf 88' lang='lat' dir='ltr'><strong>ad</strong></span> <span class='ocrx_word' id='word_1_367' title='bbox 399 3707 742 3763; x_wconf 87' lang='lat' dir='ltr'><strong>Michaelem</strong></span> <span class='ocrx_word' id='word_1_368' title='bbox 766 3706 1008 3775; x_wconf 86' lang='lat' dir='ltr'><strong>Ducam,</strong></span> <span class='ocrx_word' id='word_1_369' title='bbox 1034 3708 1172 3760; x_wconf 89' lang='lat' dir='ltr'><strong>dum</strong></span> <span class='ocrx_word' id='word_1_370' title='bbox 1196 3706 1266 3760; x_wconf 91' lang='lat' dir='ltr'><strong>de</strong></span> <span class='ocrx_word' id='word_1_371' title='bbox 1299 3705 1671 3777; x_wconf 90' lang='lat' dir='ltr'><strong>processione</strong></span> <span class='ocrx_word' id='word_1_372' title='bbox 1692 3705 1946 3777; x_wconf 83' lang='lat' dir='ltr'><strong>Spiritus</strong></span> 
     </span>
    </p>
   </div>
   <div class='ocr_carea' id='block_1_56' title="bbox 305 3793 1947 3864">
    <p class='ocr_par' dir='ltr' id='par_1_56' title="bbox 305 3793 1947 3864">
     <span class='ocr_line' id='line_1_56' title="bbox 305 3793 1947 3864; baseline -0.003 -11"><span class='ocrx_word' id='word_1_373' title='bbox 305 3796 490 3853; x_wconf 89' lang='lat' dir='ltr'><strong>sancti</strong></span> <span class='ocrx_word' id='word_1_374' title='bbox 521 3796 699 3851; x_wconf 88' lang='lat' dir='ltr'><strong>verba</strong></span> <span class='ocrx_word' id='word_1_375' title='bbox 732 3795 888 3864; x_wconf 80' lang='lat' dir='ltr'><strong>facit,</strong></span> <span class='ocrx_word' id='word_1_376' title='bbox 948 3811 1080 3850; x_wconf 88' lang='lat' dir='ltr'><strong>eum</strong></span> <span class='ocrx_word' id='word_1_377' title='bbox 1139 3795 1436 3849; x_wconf 81' lang='lat' dir='ltr'><strong>allirmare</strong></span> <span class='ocrx_word' id='word_1_378' title='bbox 1480 3810 1548 3849; x_wconf 85' lang='lat' dir='ltr'><strong>ex</strong></span> <span class='ocrx_word' id='word_1_379' title='bbox 1598 3793 1721 3849; x_wconf 92' lang='lat' dir='ltr'><strong>solo</strong></span> <span class='ocrx_word' id='word_1_380' title='bbox 1782 3794 1947 3849; x_wconf 91' lang='lat' dir='ltr'><strong>Patre</strong></span> 
     </span>
    </p>
   </div>
   <div class='ocr_carea' id='block_1_57' title="bbox 303 3883 1946 3960">
    <p class='ocr_par' dir='ltr' id='par_1_57' title="bbox 303 3883 1946 3960">
     <span class='ocr_line' id='line_1_57' title="bbox 303 3883 1946 3960; baseline -0.002 -18"><span class='ocrx_word' id='word_1_381' title='bbox 303 3886 636 3960; x_wconf 89' lang='lat' dir='ltr'><strong>procedere,</strong></span> <span class='ocrx_word' id='word_1_382' title='bbox 665 3902 779 3957; x_wconf 92' lang='lat' dir='ltr'><strong>quo</strong></span> <span class='ocrx_word' id='word_1_383' title='bbox 810 3883 895 3940; x_wconf 90' lang='lat' dir='ltr'><strong>vel</strong></span> <span class='ocrx_word' id='word_1_384' title='bbox 930 3884 1052 3938; x_wconf 91' lang='lat' dir='ltr'><strong>solo</strong></span> <span class='ocrx_word' id='word_1_385' title='bbox 1084 3884 1323 3939; x_wconf 88' lang='lat' dir='ltr'><strong>nomine</strong></span> <span class='ocrx_word' id='word_1_386' title='bbox 1354 3883 1513 3938; x_wconf 90' lang='lat' dir='ltr'><strong>illius</strong></span> <span class='ocrx_word' id='word_1_387' title='bbox 1553 3884 1612 3938; x_wconf 93' lang='lat' dir='ltr'><strong>in</strong></span> <span class='ocrx_word' id='word_1_388' title='bbox 1661 3884 1946 3939; x_wconf 85' lang='lat' dir='ltr'><strong>recentio-</strong></span> 
     </span>
    </p>
   </div>
   <div class='ocr_carea' id='block_1_58' title="bbox 301 3972 1951 4046">
    <p class='ocr_par' dir='ltr' id='par_1_58' title="bbox 301 3972 1951 4046">
     <span class='ocr_line' id='line_1_58' title="bbox 301 3972 1951 4046; baseline -0.002 -15"><span class='ocrx_word' id='word_1_389' title='bbox 301 3993 432 4031; x_wconf 88' lang='lat' dir='ltr'><strong>rum</strong></span> <span class='ocrx_word' id='word_1_390' title='bbox 464 3975 795 4031; x_wconf 59' lang='lat' dir='ltr'><strong>ercorum</strong></span> <span class='ocrx_word' id='word_1_391' title='bbox 826 3973 1057 4046; x_wconf 88' lang='lat' dir='ltr'><strong>placitis</strong></span> <span class='ocrx_word' id='word_1_392' title='bbox 1090 3975 1514 4045; x_wconf 86' lang='lat' dir='ltr'><strong>propugnantis</strong></span> <span class='ocrx_word' id='word_1_393' title='bbox 1548 3972 1951 4043; x_wconf 89' lang='lat' dir='ltr'><strong>pertinacia,et</strong></span> 
     </span>
    </p>
   </div>
   <div class='ocr_carea' id='block_1_59' title="bbox 298 4064 1948 4139">
    <p class='ocr_par' dir='ltr' id='par_1_59' title="bbox 298 4064 1948 4139">
     <span class='ocr_line' id='line_1_59' title="bbox 298 4064 1948 4139; baseline 0 -18"><span class='ocrx_word' id='word_1_394' title='bbox 298 4068 368 4122; x_wconf 91' lang='lat' dir='ltr'><strong>ad</strong></span> <span class='ocrx_word' id='word_1_395' title='bbox 402 4067 793 4139; x_wconf 87' lang='lat' dir='ltr'><strong>pervicaciora</strong></span> <span class='ocrx_word' id='word_1_396' title='bbox 849 4080 1096 4137; x_wconf 76' lang='lat' dir='ltr'><strong>quasque</strong></span> <span class='ocrx_word' id='word_1_397' title='bbox 1154 4065 1513 4132; x_wconf 91' lang='lat' dir='ltr'><strong>audendum,</strong></span> <span class='ocrx_word' id='word_1_398' title='bbox 1547 4064 1595 4120; x_wconf 92' lang='lat' dir='ltr'><strong>si</strong></span> <span class='ocrx_word' id='word_1_399' title='bbox 1628 4066 1857 4121; x_wconf 89' lang='lat' dir='ltr'><strong>occasio</strong></span> <span class='ocrx_word' id='word_1_400' title='bbox 1886 4081 1948 4121; x_wconf 91' lang='lat' dir='ltr'><strong>se</strong></span> 
     </span>
    </p>
   </div>
   <div class='ocr_carea' id='block_1_60' title="bbox 294 4154 1184 4221">
    <p class='ocr_par' dir='ltr' id='par_1_60' title="bbox 294 4154 1184 4221">
     <span class='ocr_line' id='line_1_60' title="bbox 294 4154 1184 4221; baseline -0.002 -11"><span class='ocrx_word' id='word_1_401' title='bbox 294 4155 550 4221; x_wconf 88' lang='lat' dir='ltr'><strong>tulisset,</strong></span> <span class='ocrx_word' id='word_1_402' title='bbox 583 4154 819 4209; x_wconf 90' lang='lat' dir='ltr'><strong>animus</strong></span> <span class='ocrx_word' id='word_1_403' title='bbox 851 4154 1184 4209; x_wconf 89' lang='lat' dir='ltr'><strong>innotescit.</strong></span> 
     </span>
    </p>
   </div>
   <div class='ocr_carea' id='block_1_61' title="bbox 372 4242 1950 4312">
    <p class='ocr_par' dir='ltr' id='par_1_61' title="bbox 372 4242 1950 4312">
     <span class='ocr_line' id='line_1_61' title="bbox 372 4242 1950 4312; baseline -0.001 -13"><span class='ocrx_word' id='word_1_404' title='bbox 372 4243 573 4299; x_wconf 85' lang='lat' dir='ltr'>XXIX.</span> <span class='ocrx_word' id='word_1_405' title='bbox 605 4243 865 4298; x_wconf 86' lang='lat' dir='ltr'><strong>Tandem</strong></span> <span class='ocrx_word' id='word_1_406' title='bbox 893 4243 1013 4312; x_wconf 82' lang='lat' dir='ltr'><strong>jam</strong></span> <span class='ocrx_word' id='word_1_407' title='bbox 1041 4258 1215 4298; x_wconf 87' lang='lat' dir='ltr'><strong>senex</strong></span> <span class='ocrx_word' id='word_1_408' title='bbox 1263 4245 1630 4297; x_wconf 80' lang='lat' dir='ltr'><strong>exauctorato</strong></span> <span class='ocrx_word' id='word_1_409' title='bbox 1675 4242 1950 4298; x_wconf 84' lang='lat' dir='ltr'><strong>Michaele</strong></span> 
     </span>
    </p>
   </div>
   <div class='ocr_carea' id='block_1_62' title="bbox 304 4330 1950 4405">
    <p class='ocr_par' dir='ltr' id='par_1_62' title="bbox 304 4330 1950 4405">
     <span class='ocr_line' id='line_1_62' title="bbox 304 4330 1950 4405; baseline -0.001 -17"><span class='ocrx_word' id='word_1_410' title='bbox 304 4339 480 4399; x_wconf 86' lang='lat' dir='ltr'><strong>Duca,</strong></span> <span class='ocrx_word' id='word_1_411' title='bbox 513 4332 637 4405; x_wconf 89' lang='lat' dir='ltr'><strong>ipse</strong></span> <span class='ocrx_word' id='word_1_412' title='bbox 665 4347 898 4404; x_wconf 89' lang='lat' dir='ltr'><strong>quoque</strong></span> <span class='ocrx_word' id='word_1_413' title='bbox 930 4348 963 4386; x_wconf 91' lang='lat' dir='ltr'><strong>a</strong></span> <span class='ocrx_word' id='word_1_414' title='bbox 994 4331 1302 4387; x_wconf 85' lang='lat' dir='ltr'><strong>Botaniata</strong></span> <span class='ocrx_word' id='word_1_415' title='bbox 1332 4330 1658 4402; x_wconf 90' lang='lat' dir='ltr'><strong>Nicephoro</strong></span> <span class='ocrx_word' id='word_1_416' title='bbox 1690 4331 1950 4403; x_wconf 87' lang='lat' dir='ltr'><strong>dignita-</strong></span> 
     </span>
    </p>
   </div>
   <div class='ocr_carea' id='block_1_63' title="bbox 294 4418 1951 4492">
    <p class='ocr_par' dir='ltr' id='par_1_63' title="bbox 294 4418 1951 4492">
     <span class='ocr_line' id='line_1_63' title="bbox 294 4418 1951 4492; baseline -0.001 -15"><span class='ocrx_word' id='word_1_417' title='bbox 294 4422 459 4477; x_wconf 88' lang='lat' dir='ltr'><strong>tibus</strong></span> <span class='ocrx_word' id='word_1_418' title='bbox 490 4421 796 4492; x_wconf 86' lang='lat' dir='ltr'><strong>spoliatus,</strong></span> <span class='ocrx_word' id='word_1_419' title='bbox 822 4419 1179 4474; x_wconf 89' lang='lat' dir='ltr'><strong>monachum</strong></span> <span class='ocrx_word' id='word_1_420' title='bbox 1213 4419 1483 4490; x_wconf 87' lang='lat' dir='ltr'><strong>induens,</strong></span> <span class='ocrx_word' id='word_1_421' title='bbox 1509 4418 1701 4474; x_wconf 88' lang='lat' dir='ltr'><strong>solum</strong></span> <span class='ocrx_word' id='word_1_422' title='bbox 1730 4424 1951 4475; x_wconf 89' lang='lat' dir='ltr'><strong>vertere</strong></span> 
     </span>
    </p>
   </div>
   <div class='ocr_carea' id='block_1_64' title="bbox 301 4507 1949 4579">
    <p class='ocr_par' dir='ltr' id='par_1_64' title="bbox 301 4507 1949 4579">
     <span class='ocr_line' id='line_1_64' title="bbox 301 4507 1949 4579; baseline -0.002 -13"><span class='ocrx_word' id='word_1_423' title='bbox 301 4514 538 4566; x_wconf 85' lang='lat' dir='ltr'><strong>coactus</strong></span> <span class='ocrx_word' id='word_1_424' title='bbox 568 4513 694 4577; x_wconf 89' lang='lat' dir='ltr'><strong>est;</strong></span> <span class='ocrx_word' id='word_1_425' title='bbox 731 4525 834 4564; x_wconf 92' lang='lat' dir='ltr'><strong>nec</strong></span> <span class='ocrx_word' id='word_1_426' title='bbox 868 4508 1052 4563; x_wconf 90' lang='lat' dir='ltr'><strong>multo</strong></span> <span class='ocrx_word' id='word_1_427' title='bbox 1074 4512 1224 4579; x_wconf 87' lang='lat' dir='ltr'><strong>post,</strong></span> <span class='ocrx_word' id='word_1_428' title='bbox 1258 4507 1376 4562; x_wconf 88' lang='lat' dir='ltr'><strong>sive</strong></span> <span class='ocrx_word' id='word_1_429' title='bbox 1408 4508 1595 4578; x_wconf 88' lang='lat' dir='ltr'><strong>senio,</strong></span> <span class='ocrx_word' id='word_1_430' title='bbox 1621 4508 1742 4563; x_wconf 91' lang='lat' dir='ltr'><strong>sive</strong></span> <span class='ocrx_word' id='word_1_431' title='bbox 1772 4510 1949 4563; x_wconf 86' lang='lat' dir='ltr'><strong>etiam</strong></span> 
     </span>
    </p>
   </div>
   <div class='ocr_carea' id='block_1_65' title="bbox 2050 1930 3695 2005">
    <p class='ocr_par' dir='ltr' id='par_1_65' title="bbox 2050 1930 3695 2005">
     <span class='ocr_line' id='line_1_65' title="bbox 2050 1930 3695 2005; baseline 0.001 -20"><span class='ocrx_word' id='word_1_432' title='bbox 2050 1931 2211 1987; x_wconf 84' lang='lat' dir='ltr'><strong>rebus</strong></span> <span class='ocrx_word' id='word_1_433' title='bbox 2240 1930 2648 1988; x_wconf 85' lang='lat' dir='ltr'><strong>mathematicis</strong></span> <span class='ocrx_word' id='word_1_434' title='bbox 2688 1932 2995 1987; x_wconf 86' lang='lat' dir='ltr'><strong>tractandis</strong></span> <span class='ocrx_word' id='word_1_435' title='bbox 3024 1933 3365 2003; x_wconf 86' lang='lat' dir='ltr'><strong>ingeniosus,</strong></span> <span class='ocrx_word' id='word_1_436' title='bbox 3398 1947 3695 2005; x_wconf 85' lang='lat' dir='ltr'><strong>eorumque</strong></span> 
     </span>
    </p>
   </div>
   <div class='ocr_carea' id='block_1_66' title="bbox 2048 2017 3701 2089">
    <p class='ocr_par' dir='ltr' id='par_1_66' title="bbox 2048 2017 3701 2089">
     <span class='ocr_line' id='line_1_66' title="bbox 2048 2017 3701 2089; baseline -0.001 -15"><span class='ocrx_word' id='word_1_437' title='bbox 2048 2019 2475 2089; x_wconf 78' lang='lat' dir='ltr'><strong>difﬁcultatibus</strong></span> <span class='ocrx_word' id='word_1_438' title='bbox 2530 2019 2831 2075; x_wconf 86' lang='lat' dir='ltr'><strong>enodandis</strong></span> <span class='ocrx_word' id='word_1_439' title='bbox 2883 2021 3335 2076; x_wconf 86' lang='lat' dir='ltr'><strong>consultissimus.</strong></span> <span class='ocrx_word' id='word_1_440' title='bbox 3397 2017 3579 2083; x_wconf 85' lang='grc' dir='ltr'>Πολὺς</span> <span class='ocrx_word' id='word_1_441' title='bbox 3633 2017 3701 2073; x_wconf 72' lang='grc' dir='ltr'><strong>τὰ</strong></span> 
     </span>
    </p>
   </div>
   <div class='ocr_carea' id='block_1_67' title="bbox 2050 2106 3702 2182">
    <p class='ocr_par' dir='ltr' id='par_1_67' title="bbox 2050 2106 3702 2182">
     <span class='ocr_line' id='line_1_67' title="bbox 2050 2106 3702 2182; baseline 0.001 -21"><span class='ocrx_word' id='word_1_442' title='bbox 2050 2106 2266 2182; x_wconf 77' lang='grc' dir='ltr'>ἰατρικὰ</span> <span class='ocrx_word' id='word_1_443' title='bbox 2313 2107 2543 2164; x_wconf 87' lang='lat' dir='ltr'><strong>Gabriel</strong></span> <span class='ocrx_word' id='word_1_444' title='bbox 2597 2109 2910 2175; x_wconf 66' lang='lat' dir='ltr'><strong>Naudaeus,</strong></span> <span class='ocrx_word' id='word_1_445' title='bbox 2972 2109 3131 2165; x_wconf 86' lang='lat' dir='ltr'><strong>rebus</strong></span> <span class='ocrx_word' id='word_1_446' title='bbox 3184 2110 3413 2164; x_wconf 86' lang='lat' dir='ltr'><strong>medicis</strong></span> <span class='ocrx_word' id='word_1_447' title='bbox 3461 2110 3702 2163; x_wconf 88' lang='lat' dir='ltr'><strong>nimium</strong></span> 
     </span>
    </p>
   </div>
   <div class='ocr_carea' id='block_1_68' title="bbox 2048 2196 3703 2271">
    <p class='ocr_par' dir='ltr' id='par_1_68' title="bbox 2048 2196 3703 2271">
     <span class='ocr_line' id='line_1_68' title="bbox 2048 2196 3703 2271; baseline 0 -19"><span class='ocrx_word' id='word_1_448' title='bbox 2048 2199 2280 2271; x_wconf 86' lang='lat' dir='ltr'><strong>pollens,</strong></span> <span class='ocrx_word' id='word_1_449' title='bbox 2306 2196 2557 2252; x_wconf 87' lang='lat' dir='ltr'><strong>multum</strong></span> <span class='ocrx_word' id='word_1_450' title='bbox 2581 2202 2849 2264; x_wconf 85' lang='lat' dir='ltr'><strong>versatus,</strong></span> <span class='ocrx_word' id='word_1_451' title='bbox 2872 2214 3042 2267; x_wconf 83' lang='lat' dir='ltr'><strong>supra</strong></span> <span class='ocrx_word' id='word_1_452' title='bbox 3069 2199 3512 2270; x_wconf 83' lang='lat' dir='ltr'><strong>plerosquealios</strong></span> <span class='ocrx_word' id='word_1_453' title='bbox 3542 2214 3703 2254; x_wconf 84' lang='lat' dir='ltr'><strong>exer-</strong></span> 
     </span>
    </p>
   </div>
   <div class='ocr_carea' id='block_1_69' title="bbox 2048 2287 3690 2353">
    <p class='ocr_par' dir='ltr' id='par_1_69' title="bbox 2048 2287 3690 2353">
     <span class='ocr_line' id='line_1_69' title="bbox 2048 2287 3690 2353; baseline -0.001 -10"><span class='ocrx_word' id='word_1_454' title='bbox 2048 2290 2267 2351; x_wconf 88' lang='lat' dir='ltr'><strong>citatus,</strong></span> <span class='ocrx_word' id='word_1_455' title='bbox 2302 2288 2478 2341; x_wconf 90' lang='lat' dir='ltr'><strong>nimio</strong></span> <span class='ocrx_word' id='word_1_456' title='bbox 2509 2287 2621 2353; x_wconf 80' lang='lat' dir='ltr'><strong>iam</strong></span> <span class='ocrx_word' id='word_1_457' title='bbox 2644 2288 2882 2342; x_wconf 90' lang='lat' dir='ltr'><strong>imbutus</strong></span> <span class='ocrx_word' id='word_1_458' title='bbox 2904 2304 3007 2342; x_wconf 89' lang='lat' dir='ltr'><strong>usu</strong></span> <span class='ocrx_word' id='word_1_459' title='bbox 3048 2287 3352 2342; x_wconf 88' lang='lat' dir='ltr'><strong>liberaliter</strong></span> <span class='ocrx_word' id='word_1_460' title='bbox 3381 2288 3690 2343; x_wconf 84' lang='lat' dir='ltr'><strong>institutus.</strong></span> 
     </span>
    </p>
   </div>
   <div class='ocr_carea' id='block_1_70' title="bbox 2051 2372 3707 2442">
    <p class='ocr_par' dir='ltr' id='par_1_70' title="bbox 2051 2372 3707 2442">
     <span class='ocr_line' id='line_1_70' title="bbox 2051 2372 3707 2442; baseline 0.001 -13"><span class='ocrx_word' id='word_1_461' title='bbox 2051 2373 2231 2435; x_wconf 82' lang='grc' dir='ltr'>Πολὺς</span> <span class='ocrx_word' id='word_1_462' title='bbox 2286 2375 2385 2442; x_wconf 75' lang='grc' dir='ltr'><strong>τὴν</strong></span> <span class='ocrx_word' id='word_1_463' title='bbox 2434 2372 2681 2428; x_wconf 77' lang='grc' dir='ltr'>παιδείαν</span> <span class='ocrx_word' id='word_1_464' title='bbox 2747 2375 3022 2431; x_wconf 89' lang='lat' dir='ltr'><strong>Nicolaus</strong></span> <span class='ocrx_word' id='word_1_465' title='bbox 3089 2375 3366 2431; x_wconf 83' lang='lat' dir='ltr'><strong>Villanus.</strong></span> <span class='ocrx_word' id='word_1_466' title='bbox 3424 2378 3707 2432; x_wconf 77' lang='lat' dir='ltr'><strong>Praeclara</strong></span> 
     </span>
    </p>
   </div>
   <div class='ocr_carea' id='block_1_71' title="bbox 2050 2462 3703 2533">
    <p class='ocr_par' dir='ltr' id='par_1_71' title="bbox 2050 2462 3703 2533">
     <span class='ocr_line' id='line_1_71' title="bbox 2050 2462 3703 2533; baseline -0.002 -13"><span class='ocrx_word' id='word_1_467' title='bbox 2050 2465 2365 2520; x_wconf 85' lang='lat' dir='ltr'><strong>eruditione</strong></span> <span class='ocrx_word' id='word_1_468' title='bbox 2394 2468 2557 2533; x_wconf 89' lang='lat' dir='ltr'><strong>atque</strong></span> <span class='ocrx_word' id='word_1_469' title='bbox 2578 2462 2831 2519; x_wconf 84' lang='lat' dir='ltr'><strong>doctrina</strong></span> <span class='ocrx_word' id='word_1_470' title='bbox 2851 2466 3082 2518; x_wconf 85' lang='lat' dir='ltr'><strong>ornatus</strong></span> <span class='ocrx_word' id='word_1_471' title='bbox 3115 2479 3129 2517; x_wconf 89' lang='lat'>:</span> <span class='ocrx_word' id='word_1_472' title='bbox 3163 2463 3475 2518; x_wconf 86' lang='lat' dir='ltr'><strong>eruditione</strong></span> <span class='ocrx_word' id='word_1_473' title='bbox 3500 2467 3552 2518; x_wconf 89' lang='lat' dir='ltr'><strong>et</strong></span> <span class='ocrx_word' id='word_1_474' title='bbox 3599 2464 3703 2533; x_wconf 87' lang='lat' dir='ltr'><strong>ﬂo-</strong></span> 
     </span>
    </p>
   </div>
   <div class='ocr_carea' id='block_1_72' title="bbox 2050 2552 3702 2623">
    <p class='ocr_par' dir='ltr' id='par_1_72' title="bbox 2050 2552 3702 2623">
     <span class='ocr_line' id='line_1_72' title="bbox 2050 2552 3702 2623; baseline 0 -16"><span class='ocrx_word' id='word_1_475' title='bbox 2050 2553 2299 2609; x_wconf 87' lang='lat' dir='ltr'><strong>rentibus</strong></span> <span class='ocrx_word' id='word_1_476' title='bbox 2318 2552 2521 2608; x_wconf 78' lang='lat' dir='ltr'><strong>studtis</strong></span> <span class='ocrx_word' id='word_1_477' title='bbox 2542 2568 2827 2623; x_wconf 86' lang='lat' dir='ltr'><strong>nunquam</strong></span> <span class='ocrx_word' id='word_1_478' title='bbox 2841 2552 3096 2607; x_wconf 86' lang='lat' dir='ltr'><strong>nonsatis</strong></span> <span class='ocrx_word' id='word_1_479' title='bbox 3115 2554 3436 2617; x_wconf 86' lang='lat' dir='ltr'><strong>instructus,</strong></span> <span class='ocrx_word' id='word_1_480' title='bbox 3451 2568 3610 2622; x_wconf 88' lang='lat' dir='ltr'><strong>magn</strong></span> <span class='ocrx_word' id='word_1_481' title='bbox 3621 2567 3702 2607; x_wconf 87' lang='lat' dir='ltr'><strong>us.</strong></span> 
     </span>
    </p>
   </div>
   <div class='ocr_carea' id='block_1_73' title="bbox 2053 2639 3703 2712">
    <p class='ocr_par' dir='ltr' id='par_1_73' title="bbox 2053 2639 3703 2712">
     <span class='ocr_line' id='line_1_73' title="bbox 2053 2639 3703 2712; baseline 0.001 -16"><span class='ocrx_word' id='word_1_482' title='bbox 2053 2640 2235 2701; x_wconf 86' lang='grc' dir='ltr'>Ηολὺς</span> <span class='ocrx_word' id='word_1_483' title='bbox 2254 2640 2351 2709; x_wconf 80' lang='grc' dir='ltr'><strong>τήν</strong></span> <span class='ocrx_word' id='word_1_484' title='bbox 2394 2639 2729 2712; x_wconf 71' lang='grc' dir='ltr'>ἐπιστήμην,</span> <span class='ocrx_word' id='word_1_485' title='bbox 2754 2641 3011 2696; x_wconf 83' lang='lat' dir='ltr'><strong>Renatus</strong></span> <span class='ocrx_word' id='word_1_486' title='bbox 3033 2641 3289 2708; x_wconf 87' lang='lat' dir='ltr'><strong>Moreau,</strong></span> <span class='ocrx_word' id='word_1_487' title='bbox 3319 2643 3379 2696; x_wconf 86' lang='lat' dir='ltr'><strong>in</strong></span> <span class='ocrx_word' id='word_1_488' title='bbox 3408 2643 3703 2710; x_wconf 83' lang='lat' dir='ltr'><strong>perfectis-</strong></span> 
     </span>
    </p>
   </div>
   <div class='ocr_carea' id='block_1_74' title="bbox 2052 2730 3700 2802">
    <p class='ocr_par' dir='ltr' id='par_1_74' title="bbox 2052 2730 3700 2802">
     <span class='ocr_line' id='line_1_74' title="bbox 2052 2730 3700 2802; baseline -0.002 -14"><span class='ocrx_word' id='word_1_489' title='bbox 2052 2735 2198 2788; x_wconf 88' lang='lat' dir='ltr'><strong>sima</strong></span> <span class='ocrx_word' id='word_1_490' title='bbox 2228 2731 2524 2802; x_wconf 85' lang='lat' dir='ltr'><strong>disciplina</strong></span> <span class='ocrx_word' id='word_1_491' title='bbox 2540 2731 2988 2801; x_wconf 84' lang='lat' dir='ltr'><strong>probatissimus,</strong></span> <span class='ocrx_word' id='word_1_492' title='bbox 3025 2734 3076 2785; x_wconf 88' lang='lat' dir='ltr'><strong>et</strong></span> <span class='ocrx_word' id='word_1_493' title='bbox 3116 2730 3434 2786; x_wconf 84' lang='lat' dir='ltr'><strong>incredibili</strong></span> <span class='ocrx_word' id='word_1_494' title='bbox 3463 2730 3700 2801; x_wconf 83' lang='lat' dir='ltr'><strong>quadam</strong></span> 
     </span>
    </p>
   </div>
   <div class='ocr_carea' id='block_1_75' title="bbox 2053 2819 3710 2891">
    <p class='ocr_par' dir='ltr' id='par_1_75' title="bbox 2053 2819 3710 2891">
     <span class='ocr_line' id='line_1_75' title="bbox 2053 2819 3710 2891; baseline -0.002 -14"><span class='ocrx_word' id='word_1_495' title='bbox 2053 2822 2270 2890; x_wconf 87' lang='lat' dir='ltr'><strong>ingenii</strong></span> <span class='ocrx_word' id='word_1_496' title='bbox 2321 2819 2702 2891; x_wconf 86' lang='lat' dir='ltr'><strong>magnitudine</strong></span> <span class='ocrx_word' id='word_1_497' title='bbox 2748 2819 2816 2874; x_wconf 88' lang='lat' dir='ltr'><strong>ad</strong></span> <span class='ocrx_word' id='word_1_498' title='bbox 2848 2836 3199 2891; x_wconf 87' lang='lat' dir='ltr'><strong>quascunque</strong></span> <span class='ocrx_word' id='word_1_499' title='bbox 3257 2820 3578 2891; x_wconf 85' lang='lat' dir='ltr'><strong>disciplinas</strong></span> <span class='ocrx_word' id='word_1_500' title='bbox 3626 2822 3710 2876; x_wconf 89' lang='lat' dir='ltr'><strong>in-</strong></span> 
     </span>
    </p>
   </div>
   <div class='ocr_carea' id='block_1_76' title="bbox 2051 2904 3704 2981">
    <p class='ocr_par' dir='ltr' id='par_1_76' title="bbox 2051 2904 3704 2981">
     <span class='ocr_line' id='line_1_76' title="bbox 2051 2904 3704 2981; baseline -0.002 -15"><span class='ocrx_word' id='word_1_501' title='bbox 2051 2912 2449 2967; x_wconf 85' lang='lat' dir='ltr'><strong>sructissimus.</strong></span> <span class='ocrx_word' id='word_1_502' title='bbox 2480 2904 2663 2968; x_wconf 81' lang='grc' dir='ltr'>Πολύς</span> <span class='ocrx_word' id='word_1_503' title='bbox 2703 2908 2800 2976; x_wconf 72' lang='grc' dir='ltr'><strong>τὴν</strong></span> <span class='ocrx_word' id='word_1_504' title='bbox 2853 2906 3093 2981; x_wconf 76' lang='grc' dir='ltr'><strong>ἱστορίαν</strong></span> <span class='ocrx_word' id='word_1_505' title='bbox 3124 2908 3377 2964; x_wconf 85' lang='lat' dir='ltr'><strong>Jacobus</strong></span> <span class='ocrx_word' id='word_1_506' title='bbox 3402 2908 3704 2981; x_wconf 88' lang='lat' dir='ltr'><strong>Philippus</strong></span> 
     </span>
    </p>
   </div>
   <div class='ocr_carea' id='block_1_77' title="bbox 2053 2997 3707 3066">
    <p class='ocr_par' dir='ltr' id='par_1_77' title="bbox 2053 2997 3707 3066">
     <span class='ocr_line' id='line_1_77' title="bbox 2053 2997 3707 3066; baseline -0.001 -12"><span class='ocrx_word' id='word_1_507' title='bbox 2053 2998 2469 3066; x_wconf 90' lang='lat' dir='ltr'><strong>Tbomasinus,</strong></span> <span class='ocrx_word' id='word_1_508' title='bbox 2502 2997 2578 3051; x_wconf 90' lang='lat' dir='ltr'><strong>ad</strong></span> <span class='ocrx_word' id='word_1_509' title='bbox 2606 2997 2926 3053; x_wconf 81' lang='lat' dir='ltr'><strong>scribendas</strong></span> <span class='ocrx_word' id='word_1_510' title='bbox 2979 2998 3247 3052; x_wconf 86' lang='lat' dir='ltr'><strong>historias</strong></span> <span class='ocrx_word' id='word_1_511' title='bbox 3289 2999 3537 3052; x_wconf 86' lang='lat' dir='ltr'><strong>maxime</strong></span> <span class='ocrx_word' id='word_1_512' title='bbox 3581 2998 3707 3053; x_wconf 87' lang='lat' dir='ltr'><strong>illu-</strong></span> 
     </span>
    </p>
   </div>
   <div class='ocr_carea' id='block_1_78' title="bbox 2053 3085 3707 3158">
    <p class='ocr_par' dir='ltr' id='par_1_78' title="bbox 2053 3085 3707 3158">
     <span class='ocr_line' id='line_1_78' title="bbox 2053 3085 3707 3158; baseline 0 -16"><span class='ocrx_word' id='word_1_513' title='bbox 2053 3090 2184 3143; x_wconf 85' lang='lat' dir='ltr'><strong>stris</strong></span> <span class='ocrx_word' id='word_1_514' title='bbox 2217 3104 2231 3143; x_wconf 85' lang='lat'><strong>:</strong></span> <span class='ocrx_word' id='word_1_515' title='bbox 2259 3088 2323 3141; x_wconf 86' lang='lat' dir='ltr'><strong>in</strong></span> <span class='ocrx_word' id='word_1_516' title='bbox 2353 3085 2699 3142; x_wconf 87' lang='lat' dir='ltr'><strong>illustranda</strong></span> <span class='ocrx_word' id='word_1_517' title='bbox 2728 3088 3072 3157; x_wconf 86' lang='lat' dir='ltr'><strong>antiquitate</strong></span> <span class='ocrx_word' id='word_1_518' title='bbox 3108 3086 3287 3142; x_wconf 86' lang='lat' dir='ltr'><strong>sedulo</strong></span> <span class='ocrx_word' id='word_1_519' title='bbox 3308 3087 3491 3143; x_wconf 87' lang='lat' dir='ltr'><strong>studio</strong></span> <span class='ocrx_word' id='word_1_520' title='bbox 3511 3089 3707 3158; x_wconf 87' lang='lat' dir='ltr'><strong>appri-</strong></span> 
     </span>
    </p>
   </div>
   <div class='ocr_carea' id='block_1_79' title="bbox 2053 3173 3708 3245">
    <p class='ocr_par' dir='ltr' id='par_1_79' title="bbox 2053 3173 3708 3245">
     <span class='ocr_line' id='line_1_79' title="bbox 2053 3173 3708 3245; baseline -0.001 -13"><span class='ocrx_word' id='word_1_521' title='bbox 2053 3194 2139 3232; x_wconf 92' lang='lat' dir='ltr'><strong>me</strong></span> <span class='ocrx_word' id='word_1_522' title='bbox 2169 3178 2378 3240; x_wconf 89' lang='lat' dir='ltr'><strong>clarus,</strong></span> <span class='ocrx_word' id='word_1_523' title='bbox 2410 3177 2735 3245; x_wconf 85' lang='lat' dir='ltr'><strong>singularis.</strong></span> <span class='ocrx_word' id='word_1_524' title='bbox 2767 3173 2947 3235; x_wconf 84' lang='grc' dir='ltr'>Πολὺς</span> <span class='ocrx_word' id='word_1_525' title='bbox 2967 3173 3058 3229; x_wconf 85' lang='grc' dir='ltr'><strong>τὸν</strong></span> <span class='ocrx_word' id='word_1_526' title='bbox 3083 3178 3206 3227; x_wconf 75' lang='grc' dir='ltr'>νοῦν</span> <span class='ocrx_word' id='word_1_527' title='bbox 3232 3176 3490 3231; x_wconf 88' lang='lat' dir='ltr'><strong>Joannes</strong></span> <span class='ocrx_word' id='word_1_528' title='bbox 3521 3176 3708 3231; x_wconf 84' lang='lat' dir='ltr'><strong>Bour-</strong></span> 
     </span>
    </p>
   </div>
   <div class='ocr_carea' id='block_1_80' title="bbox 2057 3266 3706 3337">
    <p class='ocr_par' dir='ltr' id='par_1_80' title="bbox 2057 3266 3706 3337">
     <span class='ocr_line' id='line_1_80' title="bbox 2057 3266 3706 3337; baseline 0 -16"><span class='ocrx_word' id='word_1_529' title='bbox 2057 3266 2332 3322; x_wconf 86' lang='lat' dir='ltr'><strong>delotius.</strong></span> <span class='ocrx_word' id='word_1_530' title='bbox 2370 3266 2534 3321; x_wconf 87' lang='lat' dir='ltr'><strong>Plena</strong></span> <span class='ocrx_word' id='word_1_531' title='bbox 2562 3270 2786 3336; x_wconf 88' lang='lat' dir='ltr'><strong>pectore</strong></span> <span class='ocrx_word' id='word_1_532' title='bbox 2809 3266 3034 3336; x_wconf 87' lang='lat' dir='ltr'><strong>sapiens</strong></span> <span class='ocrx_word' id='word_1_533' title='bbox 3063 3283 3081 3319; x_wconf 86' lang='lat'><em>:</em></span> <span class='ocrx_word' id='word_1_534' title='bbox 3113 3266 3389 3337; x_wconf 87' lang='lat' dir='ltr'><strong>sapientia</strong></span> <span class='ocrx_word' id='word_1_535' title='bbox 3419 3267 3706 3321; x_wconf 87' lang='lat' dir='ltr'><strong>munitam</strong></span> 
     </span>
    </p>
   </div>
   <div class='ocr_carea' id='block_1_81' title="bbox 2052 3353 3704 3425">
    <p class='ocr_par' dir='ltr' id='par_1_81' title="bbox 2052 3353 3704 3425">
     <span class='ocr_line' id='line_1_81' title="bbox 2052 3353 3704 3425; baseline -0.002 -15"><span class='ocrx_word' id='word_1_536' title='bbox 2052 3360 2291 3410; x_wconf 89' lang='lat' dir='ltr'><strong>mentem</strong></span> <span class='ocrx_word' id='word_1_537' title='bbox 2311 3355 2528 3423; x_wconf 88' lang='lat' dir='ltr'><strong>egregie</strong></span> <span class='ocrx_word' id='word_1_538' title='bbox 2548 3369 2773 3422; x_wconf 84' lang='lat' dir='ltr'><strong>gerens;</strong></span> <span class='ocrx_word' id='word_1_539' title='bbox 2808 3355 3150 3409; x_wconf 81' lang='lat' dir='ltr'><strong>considerate</strong></span> <span class='ocrx_word' id='word_1_540' title='bbox 3179 3355 3369 3409; x_wconf 87' lang='lat' dir='ltr'><strong>omnia</strong></span> <span class='ocrx_word' id='word_1_541' title='bbox 3396 3353 3704 3425; x_wconf 85' lang='lat' dir='ltr'><strong>perﬁciens.</strong></span> 
     </span>
    </p>
   </div>
   <div class='ocr_carea' id='block_1_82' title="bbox 2054 3440 3709 3514">
    <p class='ocr_par' dir='ltr' id='par_1_82' title="bbox 2054 3440 3709 3514">
     <span class='ocr_line' id='line_1_82' title="bbox 2054 3440 3709 3514; baseline 0.001 -17"><span class='ocrx_word' id='word_1_542' title='bbox 2054 3442 2239 3504; x_wconf 69' lang='grc' dir='ltr'>Πολὺς</span> <span class='ocrx_word' id='word_1_543' title='bbox 2285 3443 2383 3510; x_wconf 73' lang='grc' dir='ltr'><strong>τὴν</strong></span> <span class='ocrx_word' id='word_1_544' title='bbox 2436 3440 2655 3511; x_wconf 78' lang='grc' dir='ltr'>ποίησιν</span> <span class='ocrx_word' id='word_1_545' title='bbox 2705 3444 2963 3499; x_wconf 82' lang='lat' dir='ltr'><strong>Joannes</strong></span> <span class='ocrx_word' id='word_1_546' title='bbox 3029 3441 3314 3512; x_wconf 81' lang='lat' dir='ltr'><strong>Rhodius,</strong></span> <span class='ocrx_word' id='word_1_547' title='bbox 3367 3444 3424 3497; x_wconf 73' lang='lat' dir='ltr'><strong>in</strong></span> <span class='ocrx_word' id='word_1_548' title='bbox 3479 3445 3709 3514; x_wconf 89' lang='lat' dir='ltr'><strong>poeticis</strong></span> 
     </span>
    </p>
   </div>
   <div class='ocr_carea' id='block_1_83' title="bbox 2054 3532 3708 3604">
    <p class='ocr_par' dir='ltr' id='par_1_83' title="bbox 2054 3532 3708 3604">
     <span class='ocr_line' id='line_1_83' title="bbox 2054 3532 3708 3604; baseline 0.001 -18"><span class='ocrx_word' id='word_1_549' title='bbox 2054 3534 2259 3588; x_wconf 87' lang='lat' dir='ltr'><strong>studiis</strong></span> <span class='ocrx_word' id='word_1_550' title='bbox 2284 3533 2520 3602; x_wconf 86' lang='lat' dir='ltr'><strong>miriﬁce</strong></span> <span class='ocrx_word' id='word_1_551' title='bbox 2560 3536 2828 3594; x_wconf 84' lang='lat' dir='ltr'><strong>versatus;</strong></span> <span class='ocrx_word' id='word_1_552' title='bbox 2858 3532 3184 3587; x_wconf 85' lang='lat' dir='ltr'><strong>admirabili</strong></span> <span class='ocrx_word' id='word_1_553' title='bbox 3217 3532 3452 3604; x_wconf 85' lang='lat' dir='ltr'><strong>quodam</strong></span> <span class='ocrx_word' id='word_1_554' title='bbox 3483 3532 3553 3586; x_wconf 89' lang='lat' dir='ltr'><strong>ad</strong></span> <span class='ocrx_word' id='word_1_555' title='bbox 3578 3548 3708 3604; x_wconf 88' lang='lat' dir='ltr'><strong>poe-</strong></span> 
     </span>
    </p>
   </div>
   <div class='ocr_carea' id='block_1_84' title="bbox 2054 3621 3710 3691">
    <p class='ocr_par' dir='ltr' id='par_1_84' title="bbox 2054 3621 3710 3691">
     <span class='ocr_line' id='line_1_84' title="bbox 2054 3621 3710 3691; baseline -0.001 -14"><span class='ocrx_word' id='word_1_556' title='bbox 2054 3624 2161 3677; x_wconf 88' lang='lat' dir='ltr'><strong>sim</strong></span> <span class='ocrx_word' id='word_1_557' title='bbox 2188 3621 2367 3677; x_wconf 88' lang='lat' dir='ltr'><strong>studio</strong></span> <span class='ocrx_word' id='word_1_558' title='bbox 2413 3622 2745 3691; x_wconf 83' lang='lat' dir='ltr'><strong>concitatus,</strong></span> <span class='ocrx_word' id='word_1_559' title='bbox 2779 3623 3237 3691; x_wconf 66' lang='lat' dir='ltr'><strong>praestantissime</strong></span> <span class='ocrx_word' id='word_1_560' title='bbox 3283 3638 3409 3677; x_wconf 80' lang='lat' dir='ltr'><strong>cum</strong></span> <span class='ocrx_word' id='word_1_561' title='bbox 3455 3621 3710 3677; x_wconf 88' lang='lat' dir='ltr'><strong>omnibus</strong></span> 
     </span>
    </p>
   </div>
   <div class='ocr_carea' id='block_1_85' title="bbox 2056 3705 3706 3783">
    <p class='ocr_par' dir='ltr' id='par_1_85' title="bbox 2056 3705 3706 3783">
     <span class='ocr_line' id='line_1_85' title="bbox 2056 3705 3706 3783; baseline -0.002 -18"><span class='ocrx_word' id='word_1_562' title='bbox 2056 3712 2216 3765; x_wconf 82' lang='lat' dir='ltr'><strong>Musis</strong></span> <span class='ocrx_word' id='word_1_563' title='bbox 2246 3710 2523 3766; x_wconf 88' lang='lat' dir='ltr'><strong>rationem</strong></span> <span class='ocrx_word' id='word_1_564' title='bbox 2575 3710 2784 3765; x_wconf 87' lang='lat' dir='ltr'><strong>habuit.</strong></span> <span class='ocrx_word' id='word_1_565' title='bbox 2818 3705 3000 3771; x_wconf 86' lang='grc' dir='ltr'>Πολὺς</span> <span class='ocrx_word' id='word_1_566' title='bbox 3055 3708 3154 3777; x_wconf 73' lang='grc' dir='ltr'><strong>τὴν</strong></span> <span class='ocrx_word' id='word_1_567' title='bbox 3205 3707 3423 3783; x_wconf 72' lang='grc' dir='ltr'>ἀρετήν,</span> <span class='ocrx_word' id='word_1_568' title='bbox 3467 3707 3556 3762; x_wconf 83' lang='grc' dir='ltr'><strong>καὶ</strong></span> <span class='ocrx_word' id='word_1_569' title='bbox 3604 3708 3706 3777; x_wconf 74' lang='grc' dir='ltr'><strong>τήν</strong></span> 
     </span>
    </p>
   </div>
   <div class='ocr_carea' id='block_1_86' title="bbox 2057 3798 3710 3873">
    <p class='ocr_par' dir='ltr' id='par_1_86' title="bbox 2057 3798 3710 3873">
     <span class='ocr_line' id='line_1_86' title="bbox 2057 3798 3710 3873; baseline 0.003 -23"><span class='ocrx_word' id='word_1_570' title='bbox 2057 3798 2343 3873; x_wconf 73' lang='grc' dir='ltr'>φρόνησιν.</span> <span class='ocrx_word' id='word_1_571' title='bbox 2380 3798 2715 3855; x_wconf 90' lang='lat' dir='ltr'><strong>Dominicus</strong></span> <span class='ocrx_word' id='word_1_572' title='bbox 2748 3798 3024 3867; x_wconf 90' lang='lat' dir='ltr'><strong>Molinus,</strong></span> <span class='ocrx_word' id='word_1_573' title='bbox 3056 3800 3259 3855; x_wconf 86' lang='lat' dir='ltr'><strong>virtute</strong></span> <span class='ocrx_word' id='word_1_574' title='bbox 3290 3801 3409 3871; x_wconf 87' lang='lat' dir='ltr'><strong>ipsa</strong></span> <span class='ocrx_word' id='word_1_575' title='bbox 3438 3799 3710 3855; x_wconf 82' lang='lat' dir='ltr'><strong>excellen-</strong></span> 
     </span>
    </p>
   </div>
   <div class='ocr_carea' id='block_1_87' title="bbox 2056 3886 3710 3944">
    <p class='ocr_par' dir='ltr' id='par_1_87' title="bbox 2056 3886 3710 3944">
     <span class='ocr_line' id='line_1_87' title="bbox 2056 3886 3710 3944; baseline -0.001 -1"><span class='ocrx_word' id='word_1_576' title='bbox 2056 3890 2301 3944; x_wconf 83' lang='lat' dir='ltr'><strong>tissimus</strong></span> <span class='ocrx_word' id='word_1_577' title='bbox 2348 3889 2430 3942; x_wconf 88' lang='lat' dir='ltr'><strong>An</strong></span> <span class='ocrx_word' id='word_1_578' title='bbox 2484 3904 2597 3942; x_wconf 88' lang='lat' dir='ltr'><strong>non</strong></span> <span class='ocrx_word' id='word_1_579' title='bbox 2626 3887 3070 3943; x_wconf 87' lang='lat' dir='ltr'><strong>Ciceronianum</strong></span> <span class='ocrx_word' id='word_1_580' title='bbox 3105 3886 3251 3942; x_wconf 86' lang='lat' dir='ltr'><strong>illud</strong></span> <span class='ocrx_word' id='word_1_581' title='bbox 3304 3887 3518 3943; x_wconf 85' lang='lat' dir='ltr'><strong>infert?</strong></span> <span class='ocrx_word' id='word_1_582' title='bbox 3568 3888 3710 3943; x_wconf 82' lang='lat' dir='ltr'><strong>Talis</strong></span> 
     </span>
    </p>
   </div>
   <div class='ocr_carea' id='block_1_88' title="bbox 2057 3976 3710 4048">
    <p class='ocr_par' dir='ltr' id='par_1_88' title="bbox 2057 3976 3710 4048">
     <span class='ocr_line' id='line_1_88' title="bbox 2057 3976 3710 4048; baseline -0.001 -16"><span class='ocrx_word' id='word_1_583' title='bbox 2057 3987 2134 4033; x_wconf 86' lang='lat' dir='ltr'><strong>est</strong></span> <span class='ocrx_word' id='word_1_584' title='bbox 2166 3979 2281 4043; x_wconf 86' lang='lat' dir='ltr'><strong>vir,-</strong></span> <span class='ocrx_word' id='word_1_585' title='bbox 2304 3985 2363 4032; x_wconf 89' lang='lat' dir='ltr'><strong>ut</strong></span> <span class='ocrx_word' id='word_1_586' title='bbox 2393 3978 2549 4031; x_wconf 88' lang='lat' dir='ltr'><strong>nulla</strong></span> <span class='ocrx_word' id='word_1_587' title='bbox 2581 3993 2670 4031; x_wconf 88' lang='lat' dir='ltr'><strong>res</strong></span> <span class='ocrx_word' id='word_1_588' title='bbox 2699 3981 2852 4032; x_wconf 86' lang='lat' dir='ltr'><strong>tanta</strong></span> <span class='ocrx_word' id='word_1_589' title='bbox 2879 3979 2974 4047; x_wconf 87' lang='lat' dir='ltr'><strong>sit,</strong></span> <span class='ocrx_word' id='word_1_590' title='bbox 3001 3993 3072 4032; x_wconf 88' lang='lat' dir='ltr'><strong>ac</strong></span> <span class='ocrx_word' id='word_1_591' title='bbox 3101 3982 3216 4032; x_wconf 86' lang='lat' dir='ltr'><strong>tam</strong></span> <span class='ocrx_word' id='word_1_592' title='bbox 3243 3976 3512 4047; x_wconf 87' lang='lat' dir='ltr'><strong>difﬁcilis,</strong></span> <span class='ocrx_word' id='word_1_593' title='bbox 3547 3994 3710 4048; x_wconf 88' lang='lat' dir='ltr'><strong>quam</strong></span> 
     </span>
    </p>
   </div>
   <div class='ocr_carea' id='block_1_89' title="bbox 2056 4066 3711 4137">
    <p class='ocr_par' dir='ltr' id='par_1_89' title="bbox 2056 4066 3711 4137">
     <span class='ocr_line' id='line_1_89' title="bbox 2056 4066 3711 4137; baseline -0.001 -16"><span class='ocrx_word' id='word_1_594' title='bbox 2056 4068 2154 4121; x_wconf 88' lang='lat' dir='ltr'><strong>ille</strong></span> <span class='ocrx_word' id='word_1_595' title='bbox 2186 4082 2297 4121; x_wconf 84' lang='lat' dir='ltr'><strong>non</strong></span> <span class='ocrx_word' id='word_1_596' title='bbox 2352 4074 2402 4121; x_wconf 92' lang='lat' dir='ltr'><strong>et</strong></span> <span class='ocrx_word' id='word_1_597' title='bbox 2450 4066 2681 4121; x_wconf 87' lang='lat' dir='ltr'><strong>consilio</strong></span> <span class='ocrx_word' id='word_1_598' title='bbox 2727 4081 2930 4137; x_wconf 87' lang='lat' dir='ltr'><strong>regere,</strong></span> <span class='ocrx_word' id='word_1_599' title='bbox 2981 4071 3034 4120; x_wconf 86' lang='lat' dir='ltr'><strong>et</strong></span> <span class='ocrx_word' id='word_1_600' title='bbox 3089 4067 3410 4135; x_wconf 87' lang='lat' dir='ltr'><strong>integritate</strong></span> <span class='ocrx_word' id='word_1_601' title='bbox 3457 4068 3627 4132; x_wconf 87' lang='lat' dir='ltr'><strong>tueri,</strong></span> <span class='ocrx_word' id='word_1_602' title='bbox 3656 4069 3711 4120; x_wconf 88' lang='lat' dir='ltr'><strong>et</strong></span> 
     </span>
    </p>
   </div>
   <div class='ocr_carea' id='block_1_90' title="bbox 2059 4154 3704 4226">
    <p class='ocr_par' dir='ltr' id='par_1_90' title="bbox 2059 4154 3704 4226">
     <span class='ocr_line' id='line_1_90' title="bbox 2059 4154 3704 4226; baseline -0.002 -15"><span class='ocrx_word' id='word_1_603' title='bbox 2059 4159 2258 4212; x_wconf 85' lang='lat' dir='ltr'><strong>virtute</strong></span> <span class='ocrx_word' id='word_1_604' title='bbox 2284 4156 2550 4225; x_wconf 63' lang='lat' dir='ltr'><strong>conﬁcere</strong></span> <span class='ocrx_word' id='word_1_605' title='bbox 2588 4158 2803 4226; x_wconf 89' lang='lat' dir='ltr'><strong>possit:</strong></span> <span class='ocrx_word' id='word_1_606' title='bbox 2836 4160 2893 4210; x_wconf 91' lang='lat' dir='ltr'><strong>et</strong></span> <span class='ocrx_word' id='word_1_607' title='bbox 2941 4154 3306 4210; x_wconf 88' lang='lat' dir='ltr'><strong>similia.Sic</strong></span> <span class='ocrx_word' id='word_1_608' title='bbox 3356 4154 3583 4210; x_wconf 89' lang='lat' dir='ltr'><strong>Psellus</strong></span> <span class='ocrx_word' id='word_1_609' title='bbox 3613 4155 3704 4209; x_wconf 90' lang='lat' dir='ltr'><strong>di-</strong></span> 
     </span>
    </p>
   </div>
   <div class='ocr_carea' id='block_1_91' title="bbox 2058 4240 3711 4319">
    <p class='ocr_par' dir='ltr' id='par_1_91' title="bbox 2058 4240 3711 4319">
     <span class='ocr_line' id='line_1_91' title="bbox 2058 4240 3711 4319; baseline -0.002 -17"><span class='ocrx_word' id='word_1_610' title='bbox 2058 4251 2189 4302; x_wconf 86' lang='lat' dir='ltr'><strong>ctus</strong></span> <span class='ocrx_word' id='word_1_611' title='bbox 2216 4250 2324 4315; x_wconf 87' lang='lat' dir='ltr'><strong>est,</strong></span> <span class='ocrx_word' id='word_1_612' title='bbox 2357 4240 2531 4304; x_wconf 88' lang='grc' dir='ltr'>πολὺς</span> <span class='ocrx_word' id='word_1_613' title='bbox 2562 4244 2664 4312; x_wconf 70' lang='grc' dir='ltr'><strong>τὴν</strong></span> <span class='ocrx_word' id='word_1_614' title='bbox 2692 4241 2961 4319; x_wconf 80' lang='grc' dir='ltr'>γλῶτταν,</span> <span class='ocrx_word' id='word_1_615' title='bbox 2997 4244 3165 4315; x_wconf 85' lang='lat' dir='ltr'><strong>quasi</strong></span> <span class='ocrx_word' id='word_1_616' title='bbox 3199 4243 3428 4300; x_wconf 86' lang='lat' dir='ltr'><strong>diceres</strong></span> <span class='ocrx_word' id='word_1_617' title='bbox 3461 4261 3711 4315; x_wconf 87' lang='lat' dir='ltr'><strong>magnus,</strong></span> 
     </span>
    </p>
   </div>
   <div class='ocr_carea' id='block_1_92' title="bbox 2058 4333 3741 4405">
    <p class='ocr_par' dir='ltr' id='par_1_92' title="bbox 2058 4333 3741 4405">
     <span class='ocr_line' id='line_1_92' title="bbox 2058 4333 3741 4405; baseline 0.001 -16"><span class='ocrx_word' id='word_1_618' title='bbox 2058 4335 2291 4401; x_wconf 89' lang='lat' dir='ltr'><strong>multus,</strong></span> <span class='ocrx_word' id='word_1_619' title='bbox 2344 4333 2713 4389; x_wconf 83' lang='lat' dir='ltr'><strong>admirandus</strong></span> <span class='ocrx_word' id='word_1_620' title='bbox 2769 4333 3003 4405; x_wconf 88' lang='lat' dir='ltr'><strong>eloquio,</strong></span> <span class='ocrx_word' id='word_1_621' title='bbox 3037 4333 3349 4404; x_wconf 87' lang='lat' dir='ltr'><strong>eloquentia</strong></span> <span class='ocrx_word' id='word_1_622' title='bbox 3405 4333 3741 4403; x_wconf 54' lang='lat' dir='ltr'><strong>singulari.</strong></span> 
     </span>
    </p>
   </div>
   <div class='ocr_carea' id='block_1_93' title="bbox 2062 4422 3712 4496">
    <p class='ocr_par' dir='ltr' id='par_1_93' title="bbox 2062 4422 3712 4496">
     <span class='ocr_line' id='line_1_93' title="bbox 2062 4422 3712 4496; baseline 0.001 -21"><span class='ocrx_word' id='word_1_623' title='bbox 2062 4422 2387 4496; x_wconf 73' lang='grc' dir='ltr'>Σοφώτατος</span> <span class='ocrx_word' id='word_1_624' title='bbox 2421 4423 2599 4478; x_wconf 89' lang='lat' dir='ltr'><strong>etiam</strong></span> <span class='ocrx_word' id='word_1_625' title='bbox 2632 4422 2852 4493; x_wconf 88' lang='lat' dir='ltr'><strong>passim</strong></span> <span class='ocrx_word' id='word_1_626' title='bbox 2888 4422 3072 4489; x_wconf 89' lang='lat' dir='ltr'><strong>audit,</strong></span> <span class='ocrx_word' id='word_1_627' title='bbox 3104 4422 3566 4493; x_wconf 81' lang='lat' dir='ltr'><strong>sapientissimus,</strong></span> <span class='ocrx_word' id='word_1_628' title='bbox 3592 4426 3649 4477; x_wconf 91' lang='lat' dir='ltr'><strong>et</strong></span> <span class='ocrx_word' id='word_1_629' title='bbox 3678 4438 3712 4477; x_wconf 89' lang='lat' dir='ltr'><strong>a</strong></span> 
     </span>
    </p>
   </div>
   <div class='ocr_carea' id='block_1_94' title="bbox 2061 4510 3711 4584">
    <p class='ocr_par' dir='ltr' id='par_1_94' title="bbox 2061 4510 3711 4584">
     <span class='ocr_line' id='line_1_94' title="bbox 2061 4510 3711 4584; baseline -0.002 -17"><span class='ocrx_word' id='word_1_630' title='bbox 2061 4512 2236 4584; x_wconf 78' lang='lat' dir='ltr'><strong>Glyca</strong></span> <span class='ocrx_word' id='word_1_631' title='bbox 2270 4514 2326 4567; x_wconf 87' lang='lat' dir='ltr'><strong>in</strong></span> <span class='ocrx_word' id='word_1_632' title='bbox 2361 4511 2710 4579; x_wconf 87' lang='lat' dir='ltr'><strong>Annalibus,</strong></span> <span class='ocrx_word' id='word_1_633' title='bbox 2743 4515 2801 4565; x_wconf 87' lang='lat' dir='ltr'><strong>et</strong></span> <span class='ocrx_word' id='word_1_634' title='bbox 2824 4528 2857 4566; x_wconf 94' lang='lat' dir='ltr'><strong>a</strong></span> <span class='ocrx_word' id='word_1_635' title='bbox 2887 4511 3200 4566; x_wconf 88' lang='lat' dir='ltr'><strong>Metocbita</strong></span> <span class='ocrx_word' id='word_1_636' title='bbox 3229 4511 3288 4566; x_wconf 88' lang='lat' dir='ltr'><strong>in</strong></span> <span class='ocrx_word' id='word_1_637' title='bbox 3332 4510 3606 4567; x_wconf 87' lang='lat' dir='ltr'><strong>Historia.</strong></span> <span class='ocrx_word' id='word_1_638' title='bbox 3642 4511 3711 4564; x_wconf 86' lang='lat' dir='ltr'><strong>Et</strong></span> 
     </span>
    </p>
   </div>
   <div class='ocr_carea' id='block_1_95' title="bbox 300 4596 3709 4670">
    <p class='ocr_par' dir='ltr' id='par_1_95' title="bbox 300 4596 3709 4670">
     <span class='ocr_line' id='line_1_95' title="bbox 300 4596 3709 4670; baseline -0 -16"><span class='ocrx_word' id='word_1_639' title='bbox 300 4615 545 4655; x_wconf 83' lang='lat' dir='ltr'><strong>maerore</strong></span> <span class='ocrx_word' id='word_1_640' title='bbox 575 4598 750 4653; x_wconf 86' lang='lat' dir='ltr'><strong>vitam</strong></span> <span class='ocrx_word' id='word_1_641' title='bbox 785 4599 1017 4668; x_wconf 90' lang='lat' dir='ltr'><strong>posuit:</strong></span> <span class='ocrx_word' id='word_1_642' title='bbox 1043 4596 1220 4667; x_wconf 88' lang='lat' dir='ltr'><strong>idque</strong></span> <span class='ocrx_word' id='word_1_643' title='bbox 1243 4596 1486 4667; x_wconf 87' lang='lat' dir='ltr'><strong>conjicio</strong></span> <span class='ocrx_word' id='word_1_644' title='bbox 1519 4613 1586 4651; x_wconf 87' lang='lat' dir='ltr'><strong>ex</strong></span> <span class='ocrx_word' id='word_1_645' title='bbox 1616 4597 1943 4652; x_wconf 81' lang='lat' dir='ltr'><strong>verbisAn-</strong></span> <span class='ocrx_word' id='word_1_646' title='bbox 1975 4597 2022 4662; x_wconf 91' lang='lat' dir='ltr'><strong>D</strong></span> <span class='ocrx_word' id='word_1_647' title='bbox 2055 4600 2214 4656; x_wconf 91' lang='lat' dir='ltr'><strong>illius</strong></span> <span class='ocrx_word' id='word_1_648' title='bbox 2272 4599 2605 4665; x_wconf 89' lang='lat' dir='ltr'><strong>sententiis,</strong></span> <span class='ocrx_word' id='word_1_649' title='bbox 2656 4599 2756 4670; x_wconf 89' lang='lat' dir='ltr'><strong>qui</strong></span> <span class='ocrx_word' id='word_1_650' title='bbox 2804 4615 2937 4654; x_wconf 89' lang='lat' dir='ltr'><strong>eum</strong></span> <span class='ocrx_word' id='word_1_651' title='bbox 2971 4599 3153 4653; x_wconf 88' lang='lat' dir='ltr'><strong>secuti</strong></span> <span class='ocrx_word' id='word_1_652' title='bbox 3202 4602 3361 4666; x_wconf 82' lang='lat' dir='ltr'><strong>sunt,</strong></span> <span class='ocrx_word' id='word_1_653' title='bbox 3392 4600 3709 4670; x_wconf 76' lang='lat' dir='ltr'><strong>scriptores</strong></span> 
     </span>
    </p>
   </div>
   <div class='ocr_carea' id='block_1_96' title="bbox 298 4685 1945 4757">
    <p class='ocr_par' dir='ltr' id='par_1_96' title="bbox 298 4685 1945 4757">
     <span class='ocr_line' id='line_1_96' title="bbox 298 4685 1945 4757; baseline -0.004 -14"><span class='ocrx_word' id='word_1_654' title='bbox 298 4706 384 4743; x_wconf 63' lang='lat' dir='ltr'><strong>nae</strong></span> <span class='ocrx_word' id='word_1_655' title='bbox 416 4688 722 4743; x_wconf 67' lang='lat' dir='ltr'><strong>Comnenee</strong></span> <span class='ocrx_word' id='word_1_656' title='bbox 746 4688 883 4741; x_wconf 83' lang='lat' dir='ltr'><strong>Hist.</strong></span> <span class='ocrx_word' id='word_1_657' title='bbox 918 4686 1013 4739; x_wconf 87' lang='lat' dir='ltr'><strong>lib.</strong></span> <span class='ocrx_word' id='word_1_658' title='bbox 1055 4702 1109 4739; x_wconf 91' lang='lat' dir='ltr'><strong>v.</strong></span> <span class='ocrx_word' id='word_1_659' title='bbox 1144 4685 1255 4740; x_wconf 89' lang='lat' dir='ltr'><strong>Sed</strong></span> <span class='ocrx_word' id='word_1_660' title='bbox 1303 4685 1377 4739; x_wconf 91' lang='lat' dir='ltr'><strong>iis</strong></span> <span class='ocrx_word' id='word_1_661' title='bbox 1408 4686 1700 4757; x_wconf 82' lang='lat' dir='ltr'><strong>praecipue</strong></span> <span class='ocrx_word' id='word_1_662' title='bbox 1733 4703 1745 4741; x_wconf 93' lang='lat'><strong>:</strong></span> <span class='ocrx_word' id='word_1_663' title='bbox 1778 4685 1945 4739; x_wconf 59' lang='lat' dir='ltr'><strong>&quot;Eva:</strong></span> 
     </span>
    </p>
   </div>
   <div class='ocr_carea' id='block_1_97' title="bbox 299 4771 1949 4847">
    <p class='ocr_par' dir='ltr' id='par_1_97' title="bbox 299 4771 1949 4847">
     <span class='ocr_line' id='line_1_97' title="bbox 299 4771 1949 4847; baseline -0.002 -18"><span class='ocrx_word' id='word_1_664' title='bbox 299 4775 389 4829; x_wconf 75' lang='grc' dir='ltr'>καὶ</span> <span class='ocrx_word' id='word_1_665' title='bbox 454 4779 550 4829; x_wconf 78' lang='grc' dir='ltr'>τοῦ</span> <span class='ocrx_word' id='word_1_666' title='bbox 610 4771 840 4828; x_wconf 78' lang='grc' dir='ltr'>Ψελλοῦ</span> <span class='ocrx_word' id='word_1_667' title='bbox 889 4773 1385 4847; x_wconf 68' lang='grc' dir='ltr'>μεταχωρήσαντος</span> <span class='ocrx_word' id='word_1_668' title='bbox 1435 4771 1758 4839; x_wconf 70' lang='grc' dir='ltr'>Βοζαντόθεν</span> <span class='ocrx_word' id='word_1_669' title='bbox 1816 4773 1949 4845; x_wconf 79' lang='grc' dir='ltr'><strong>μετὰ</strong></span> 
     </span>
    </p>
   </div>
   <div class='ocr_carea' id='block_1_98' title="bbox 299 4859 1950 4940">
    <p class='ocr_par' dir='ltr' id='par_1_98' title="bbox 299 4859 1950 4940">
     <span class='ocr_line' id='line_1_98' title="bbox 299 4859 1950 4940; baseline -0.003 -23"><span class='ocrx_word' id='word_1_670' title='bbox 299 4866 397 4932; x_wconf 76' lang='grc' dir='ltr'><strong>τήν</strong></span> <span class='ocrx_word' id='word_1_671' title='bbox 445 4859 763 4937; x_wconf 78' lang='grc' dir='ltr'>ἀπόκρασιν,</span> <span class='ocrx_word' id='word_1_672' title='bbox 810 4863 960 4935; x_wconf 83' lang='lat' dir='ltr'><strong>(lego</strong></span> <span class='ocrx_word' id='word_1_673' title='bbox 1023 4860 1366 4935; x_wconf 74' lang='grc' dir='ltr'>ἀπόκαρσιν,)</span> <span class='ocrx_word' id='word_1_674' title='bbox 1417 4861 1578 4920; x_wconf 81' lang='grc' dir='ltr'>αὐτὸς</span> <span class='ocrx_word' id='word_1_675' title='bbox 1628 4860 1950 4940; x_wconf 67' lang='grc' dir='ltr'>φιλοσοφίας</span> 
     </span>
    </p>
   </div>
   <div class='ocr_carea' id='block_1_99' title="bbox 303 4948 1951 5025">
    <p class='ocr_par' dir='ltr' id='par_1_99' title="bbox 303 4948 1951 5025">
     <span class='ocr_line' id='line_1_99' title="bbox 303 4948 1951 5025; baseline 0.002 -20"><span class='ocrx_word' id='word_1_676' title='bbox 303 4954 515 5021; x_wconf 74' lang='grc' dir='ltr'>ἁπάσης</span> <span class='ocrx_word' id='word_1_677' title='bbox 543 4951 761 5025; x_wconf 79' lang='grc' dir='ltr'>πρόεστι</span> <span class='ocrx_word' id='word_1_678' title='bbox 801 4948 1146 5011; x_wconf 74' lang='grc' dir='ltr'>διδάσκαλος.</span> <span class='ocrx_word' id='word_1_679' title='bbox 1183 4952 1283 5007; x_wconf 83' lang='lat' dir='ltr'><strong>Ubi</strong></span> <span class='ocrx_word' id='word_1_680' title='bbox 1310 4960 1359 5005; x_wconf 89' lang='lat' dir='ltr'><strong>et</strong></span> <span class='ocrx_word' id='word_1_681' title='bbox 1383 4951 1561 5006; x_wconf 87' lang='lat' dir='ltr'><strong>Psello</strong></span> <span class='ocrx_word' id='word_1_682' title='bbox 1582 4957 1699 5022; x_wconf 84' lang='lat' dir='ltr'><strong>post</strong></span> <span class='ocrx_word' id='word_1_683' title='bbox 1732 4968 1951 5008; x_wconf 87' lang='lat' dir='ltr'><strong>comam</strong></span> 
     </span>
    </p>
   </div>
   <div class='ocr_carea' id='block_1_100' title="bbox 301 5038 1952 5113">
    <p class='ocr_par' dir='ltr' id='par_1_100' title="bbox 301 5038 1952 5113">
     <span class='ocr_line' id='line_1_100' title="bbox 301 5038 1952 5113; baseline 0.001 -18"><span class='ocrx_word' id='word_1_684' title='bbox 301 5044 583 5097; x_wconf 83' lang='lat' dir='ltr'><strong>detonsam</strong></span> <span class='ocrx_word' id='word_1_685' title='bbox 614 5043 886 5112; x_wconf 62' lang='lat' dir='ltr'><strong>Byzantio</strong></span> <span class='ocrx_word' id='word_1_686' title='bbox 916 5041 1335 5112; x_wconf 79' lang='lat' dir='ltr'><strong>secedente,t&#39;pse</strong></span> <span class='ocrx_word' id='word_1_687' title='bbox 1354 5038 1528 5095; x_wconf 80' lang='lat' dir='ltr'><strong>Italus</strong></span> <span class='ocrx_word' id='word_1_688' title='bbox 1545 5043 1819 5099; x_wconf 64' lang='lat' dir='ltr'><strong>universze</strong></span> <span class='ocrx_word' id='word_1_689' title='bbox 1831 5046 1952 5113; x_wconf 79' lang='lat' dir='ltr'><strong>phi-</strong></span> 
     </span>
    </p>
   </div>
   <div class='ocr_carea' id='block_1_101' title="bbox 300 5133 1236 5203">
    <p class='ocr_par' dir='ltr' id='par_1_101' title="bbox 300 5133 1236 5203">
     <span class='ocr_line' id='line_1_101' title="bbox 300 5133 1236 5203; baseline -0.001 -17"><span class='ocrx_word' id='word_1_690' title='bbox 300 5133 563 5203; x_wconf 71' lang='lat' dir='ltr'><strong>losophiae</strong></span> <span class='ocrx_word' id='word_1_691' title='bbox 591 5134 861 5202; x_wconf 88' lang='lat' dir='ltr'><strong>magister</strong></span> <span class='ocrx_word' id='word_1_692' title='bbox 889 5136 1105 5187; x_wconf 84' lang='lat' dir='ltr'><strong>creatus</strong></span> <span class='ocrx_word' id='word_1_693' title='bbox 1135 5138 1236 5187; x_wconf 88' lang='lat' dir='ltr'><strong>est.</strong></span> 
     </span>
    </p>
   </div>
   <div class='ocr_carea' id='block_1_102' title="bbox 369 5219 1948 5291">
    <p class='ocr_par' dir='ltr' id='par_1_102' title="bbox 369 5219 1948 5291">
     <span class='ocr_line' id='line_1_102' title="bbox 369 5219 1948 5291; baseline 0.001 -15"><span class='ocrx_word' id='word_1_694' title='bbox 369 5224 555 5276; x_wconf 88' lang='lat' dir='ltr'>XXX.</span> <span class='ocrx_word' id='word_1_695' title='bbox 591 5220 880 5291; x_wconf 85' lang='lat' dir='ltr'><strong>Quidquid</strong></span> <span class='ocrx_word' id='word_1_696' title='bbox 928 5225 1123 5276; x_wconf 88' lang='lat' dir='ltr'><strong>tamen</strong></span> <span class='ocrx_word' id='word_1_697' title='bbox 1157 5220 1252 5285; x_wconf 83' lang='lat' dir='ltr'><strong>sit,</strong></span> <span class='ocrx_word' id='word_1_698' title='bbox 1284 5219 1558 5275; x_wconf 87' lang='lat' dir='ltr'><strong>maximis</strong></span> <span class='ocrx_word' id='word_1_699' title='bbox 1590 5236 1722 5274; x_wconf 89' lang='lat' dir='ltr'><strong>eum</strong></span> <span class='ocrx_word' id='word_1_700' title='bbox 1757 5219 1948 5276; x_wconf 90' lang='lat' dir='ltr'><strong>laudi-</strong></span> 
     </span>
    </p>
   </div>
   <div class='ocr_carea' id='block_1_103' title="bbox 303 5310 1950 5378">
    <p class='ocr_par' dir='ltr' id='par_1_103' title="bbox 303 5310 1950 5378">
     <span class='ocr_line' id='line_1_103' title="bbox 303 5310 1950 5378; baseline 0 -11"><span class='ocrx_word' id='word_1_701' title='bbox 303 5313 414 5367; x_wconf 91' lang='lat' dir='ltr'><strong>bus</strong></span> <span class='ocrx_word' id='word_1_702' title='bbox 441 5312 1034 5378; x_wconf 69' lang='lat' dir='ltr'><strong>exornarunt,praeter</strong></span> <span class='ocrx_word' id='word_1_703' title='bbox 1051 5314 1279 5363; x_wconf 88' lang='lat' dir='ltr'><strong>Annam</strong></span> <span class='ocrx_word' id='word_1_704' title='bbox 1307 5310 1950 5375; x_wconf 87' lang='lat' dir='ltr'><strong>Comnenam,Joannes</strong></span> 
     </span>
    </p>
   </div>
   <div class='ocr_carea' id='block_1_104' title="bbox 297 5397 1947 5473">
    <p class='ocr_par' dir='ltr' id='par_1_104' title="bbox 297 5397 1947 5473">
     <span class='ocr_line' id='line_1_104' title="bbox 297 5397 1947 5473; baseline -0.003 -17"><span class='ocrx_word' id='word_1_705' title='bbox 297 5400 566 5473; x_wconf 82' lang='lat' dir='ltr'><strong>Scylitza,</strong></span> <span class='ocrx_word' id='word_1_706' title='bbox 591 5401 648 5452; x_wconf 89' lang='lat' dir='ltr'><strong>et</strong></span> <span class='ocrx_word' id='word_1_707' title='bbox 678 5397 974 5452; x_wconf 88' lang='lat' dir='ltr'><strong>Cedrenus</strong></span> <span class='ocrx_word' id='word_1_708' title='bbox 1006 5398 1063 5451; x_wconf 88' lang='lat' dir='ltr'><strong>in</strong></span> <span class='ocrx_word' id='word_1_709' title='bbox 1099 5398 1377 5469; x_wconf 71' lang='lat' dir='ltr'><strong>prooemio</strong></span> <span class='ocrx_word' id='word_1_710' title='bbox 1408 5397 1697 5465; x_wconf 63' lang='lat' dir='ltr'><strong>Historiae,</strong></span> <span class='ocrx_word' id='word_1_711' title='bbox 1732 5397 1947 5469; x_wconf 63' lang='grc' dir='ltr'>ὑπερτι-</span> 
     </span>
    </p>
   </div>
   <div class='ocr_carea' id='block_1_105' title="bbox 302 5484 1947 5562">
    <p class='ocr_par' dir='ltr' id='par_1_105' title="bbox 302 5484 1947 5562">
     <span class='ocr_line' id='line_1_105' title="bbox 302 5484 1947 5562; baseline 0 -19"><span class='ocrx_word' id='word_1_712' title='bbox 302 5509 407 5562; x_wconf 83' lang='grc' dir='ltr'>μος</span> <span class='ocrx_word' id='word_1_713' title='bbox 443 5484 685 5555; x_wconf 84' lang='grc' dir='ltr'>Ψελλός,</span> <span class='ocrx_word' id='word_1_714' title='bbox 723 5485 1186 5541; x_wconf 87' lang='lat' dir='ltr'><strong>honoratissimus</strong></span> <span class='ocrx_word' id='word_1_715' title='bbox 1218 5487 1449 5556; x_wconf 87' lang='lat' dir='ltr'><strong>Psellus,</strong></span> <span class='ocrx_word' id='word_1_716' title='bbox 1483 5490 1541 5542; x_wconf 80' lang='lat' dir='ltr'><strong>et</strong></span> <span class='ocrx_word' id='word_1_717' title='bbox 1571 5488 1629 5541; x_wconf 90' lang='lat' dir='ltr'><strong>in</strong></span> <span class='ocrx_word' id='word_1_718' title='bbox 1661 5488 1947 5544; x_wconf 90' lang='lat' dir='ltr'><strong>Stratioti-</strong></span> 
     </span>
    </p>
   </div>
   <div class='ocr_carea' id='block_1_106' title="bbox 2060 4686 3706 4759">
    <p class='ocr_par' dir='ltr' id='par_1_106' title="bbox 2060 4686 3706 4759">
     <span class='ocr_line' id='line_1_106' title="bbox 2060 4686 3706 4759; baseline -0.002 -14"><span class='ocrx_word' id='word_1_719' title='bbox 2060 4708 2165 4745; x_wconf 83' lang='lat' dir='ltr'><strong>sua</strong></span> <span class='ocrx_word' id='word_1_720' title='bbox 2195 4687 2627 4745; x_wconf 88' lang='lat' dir='ltr'><strong>Commentaria</strong></span> <span class='ocrx_word' id='word_1_721' title='bbox 2650 4704 2763 4742; x_wconf 89' lang='lat' dir='ltr'><strong>non</strong></span> <span class='ocrx_word' id='word_1_722' title='bbox 2788 4687 2986 4743; x_wconf 89' lang='lat' dir='ltr'><strong>minus</strong></span> <span class='ocrx_word' id='word_1_723' title='bbox 3009 4704 3183 4759; x_wconf 81' lang='lat' dir='ltr'><strong>quam</strong></span> <span class='ocrx_word' id='word_1_724' title='bbox 3208 4686 3455 4742; x_wconf 90' lang='lat' dir='ltr'><strong>aliorum</strong></span> <span class='ocrx_word' id='word_1_725' title='bbox 3471 4691 3706 4741; x_wconf 86' lang='lat' dir='ltr'><strong>Patrum</strong></span> 
     </span>
    </p>
   </div>
   <div class='ocr_carea' id='block_1_107' title="bbox 2060 4776 3709 4848">
    <p class='ocr_par' dir='ltr' id='par_1_107' title="bbox 2060 4776 3709 4848">
     <span class='ocr_line' id='line_1_107' title="bbox 2060 4776 3709 4848; baseline -0.002 -14"><span class='ocrx_word' id='word_1_726' title='bbox 2060 4777 2821 4834; x_wconf 88' lang='lat' dir='ltr'><strong>testimoniisillustrarunt.</strong></span> <span class='ocrx_word' id='word_1_727' title='bbox 2876 4779 3034 4831; x_wconf 89' lang='lat' dir='ltr'><strong>Inter</strong></span> <span class='ocrx_word' id='word_1_728' title='bbox 3064 4776 3210 4832; x_wconf 82' lang='lat' dir='ltr'><strong>alios</strong></span> <span class='ocrx_word' id='word_1_729' title='bbox 3260 4776 3535 4848; x_wconf 73' lang='lat' dir='ltr'><strong>praecipui</strong></span> <span class='ocrx_word' id='word_1_730' title='bbox 3567 4780 3709 4831; x_wconf 90' lang='lat' dir='ltr'><strong>sunt</strong></span> 
     </span>
    </p>
   </div>
   <div class='ocr_carea' id='block_1_108' title="bbox 2057 4864 3708 4933">
    <p class='ocr_par' dir='ltr' id='par_1_108' title="bbox 2057 4864 3708 4933">
     <span class='ocr_line' id='line_1_108' title="bbox 2057 4864 3708 4933; baseline -0.002 -10"><span class='ocrx_word' id='word_1_731' title='bbox 2057 4869 2255 4923; x_wconf 88' lang='lat' dir='ltr'><strong>Niccta</strong></span> <span class='ocrx_word' id='word_1_732' title='bbox 2283 4871 2515 4933; x_wconf 88' lang='lat' dir='ltr'><strong>Serron,</strong></span> <span class='ocrx_word' id='word_1_733' title='bbox 2543 4869 2757 4922; x_wconf 87' lang='lat' dir='ltr'><strong>Catena</strong></span> <span class='ocrx_word' id='word_1_734' title='bbox 2782 4865 3223 4921; x_wconf 86' lang='lat' dir='ltr'><strong>absolutissima</strong></span> <span class='ocrx_word' id='word_1_735' title='bbox 3254 4866 3308 4919; x_wconf 88' lang='lat' dir='ltr'><strong>in</strong></span> <span class='ocrx_word' id='word_1_736' title='bbox 3329 4864 3708 4933; x_wconf 75' lang='lat' dir='ltr'><strong>Evangelium</strong></span> 
     </span>
    </p>
   </div>
   <div class='ocr_carea' id='block_1_109' title="bbox 2063 4953 3711 5027">
    <p class='ocr_par' dir='ltr' id='par_1_109' title="bbox 2063 4953 3711 5027">
     <span class='ocr_line' id='line_1_109' title="bbox 2063 4953 3711 5027; baseline -0.002 -15"><span class='ocrx_word' id='word_1_737' title='bbox 2063 4959 2222 5012; x_wconf 67' lang='lat' dir='ltr'><strong>Lucae</strong></span> <span class='ocrx_word' id='word_1_738' title='bbox 2251 4975 2263 5025; x_wconf 94' lang='lat'><strong>;</strong></span> <span class='ocrx_word' id='word_1_739' title='bbox 2299 4956 2585 5011; x_wconf 68' lang='lat' dir='ltr'><strong>Macarius</strong></span> <span class='ocrx_word' id='word_1_740' title='bbox 2615 4955 3116 5027; x_wconf 78' lang='lat' dir='ltr'><strong>Chrysocephalus</strong></span> <span class='ocrx_word' id='word_1_741' title='bbox 3164 4958 3223 5009; x_wconf 90' lang='lat' dir='ltr'><strong>in</strong></span> <span class='ocrx_word' id='word_1_742' title='bbox 3257 4954 3468 5025; x_wconf 88' lang='lat' dir='ltr'><strong>Magno</strong></span> <span class='ocrx_word' id='word_1_743' title='bbox 3499 4953 3711 5025; x_wconf 86' lang='lat' dir='ltr'><strong>Alpha-</strong></span> 
     </span>
    </p>
   </div>
   <div class='ocr_carea' id='block_1_110' title="bbox 2061 5040 3714 5115">
    <p class='ocr_par' dir='ltr' id='par_1_110' title="bbox 2061 5040 3714 5115">
     <span class='ocr_line' id='line_1_110' title="bbox 2061 5040 3714 5115; baseline -0.004 -13"><span class='ocrx_word' id='word_1_744' title='bbox 2061 5048 2214 5115; x_wconf 91' lang='lat' dir='ltr'><strong>beto,</strong></span> <span class='ocrx_word' id='word_1_745' title='bbox 2242 5045 2341 5101; x_wconf 90' lang='lat' dir='ltr'><strong>ubi</strong></span> <span class='ocrx_word' id='word_1_746' title='bbox 2372 5062 2442 5101; x_wconf 80' lang='lat' dir='ltr'><strong>ex</strong></span> <span class='ocrx_word' id='word_1_747' title='bbox 2471 5044 2834 5099; x_wconf 88' lang='lat' dir='ltr'><strong>diversorum</strong></span> <span class='ocrx_word' id='word_1_748' title='bbox 2869 5047 3108 5098; x_wconf 86' lang='lat' dir='ltr'><strong>Patrum</strong></span> <span class='ocrx_word' id='word_1_749' title='bbox 3170 5042 3343 5098; x_wconf 86' lang='lat' dir='ltr'><strong>dictis</strong></span> <span class='ocrx_word' id='word_1_750' title='bbox 3401 5040 3714 5114; x_wconf 88' lang='lat' dir='ltr'><strong>Evangelia</strong></span> 
     </span>
    </p>
   </div>
   <div class='ocr_carea' id='block_1_111' title="bbox 2061 5131 3712 5207">
    <p class='ocr_par' dir='ltr' id='par_1_111' title="bbox 2061 5131 3712 5207">
     <span class='ocr_line' id='line_1_111' title="bbox 2061 5131 3712 5207; baseline -0.003 -17"><span class='ocrx_word' id='word_1_751' title='bbox 2061 5134 2488 5207; x_wconf 82' lang='lat' dir='ltr'><strong>perfectissime</strong></span> <span class='ocrx_word' id='word_1_752' title='bbox 2538 5134 2990 5204; x_wconf 87' lang='lat' dir='ltr'><strong>interpretatur;</strong></span> <span class='ocrx_word' id='word_1_753' title='bbox 3025 5136 3082 5187; x_wconf 91' lang='lat' dir='ltr'><strong>et</strong></span> <span class='ocrx_word' id='word_1_754' title='bbox 3108 5131 3367 5187; x_wconf 88' lang='lat' dir='ltr'><strong>Joannes</strong></span> <span class='ocrx_word' id='word_1_755' title='bbox 3419 5131 3712 5186; x_wconf 80' lang='lat' dir='ltr'><strong>Diaconos</strong></span> 
     </span>
    </p>
   </div>
   <div class='ocr_carea' id='block_1_112' title="bbox 2060 5216 3712 5295">
    <p class='ocr_par' dir='ltr' id='par_1_112' title="bbox 2060 5216 3712 5295">
     <span class='ocr_line' id='line_1_112' title="bbox 2060 5216 3712 5295; baseline -0.004 -17"><span class='ocrx_word' id='word_1_756' title='bbox 2060 5228 2277 5295; x_wconf 69' lang='lat' dir='ltr'><strong>Magnae</strong></span> <span class='ocrx_word' id='word_1_757' title='bbox 2330 5221 2597 5278; x_wconf 71' lang='lat' dir='ltr'><strong>Ecclesiae</strong></span> <span class='ocrx_word' id='word_1_758' title='bbox 2656 5222 2848 5276; x_wconf 89' lang='lat' dir='ltr'><strong>Tract.</strong></span> <span class='ocrx_word' id='word_1_759' title='bbox 2883 5218 2983 5283; x_wconf 88' lang='grc' dir='ltr'>Τίς</span> <span class='ocrx_word' id='word_1_760' title='bbox 3039 5220 3066 5273; x_wconf 87' lang='grc' dir='ltr'>ὁ</span> <span class='ocrx_word' id='word_1_761' title='bbox 3125 5219 3319 5294; x_wconf 81' lang='grc' dir='ltr'>σκορὸς</span> <span class='ocrx_word' id='word_1_762' title='bbox 3347 5222 3426 5291; x_wconf 81' lang='grc' dir='ltr'>τῷ</span> <span class='ocrx_word' id='word_1_763' title='bbox 3458 5216 3572 5289; x_wconf 85' lang='grc' dir='ltr'><strong>Θεῷ</strong></span> <span class='ocrx_word' id='word_1_764' title='bbox 3613 5219 3712 5285; x_wconf 72' lang='grc' dir='ltr'><strong>τῆς</strong></span> 
     </span>
    </p>
   </div>
   <div class='ocr_carea' id='block_1_113' title="bbox 2059 5305 3711 5386">
    <p class='ocr_par' dir='ltr' id='par_1_113' title="bbox 2059 5305 3711 5386">
     <span class='ocr_line' id='line_1_113' title="bbox 2059 5305 3711 5386; baseline -0.004 -19"><span class='ocrx_word' id='word_1_765' title='bbox 2059 5312 2286 5386; x_wconf 75' lang='grc' dir='ltr'>πρώτης</span> <span class='ocrx_word' id='word_1_766' title='bbox 2336 5314 2433 5364; x_wconf 73' lang='grc' dir='ltr'>τοῦ</span> <span class='ocrx_word' id='word_1_767' title='bbox 2482 5310 2769 5385; x_wconf 74' lang='grc' dir='ltr'>ἀνθρώπου</span> <span class='ocrx_word' id='word_1_768' title='bbox 2818 5307 3093 5378; x_wconf 77' lang='grc' dir='ltr'>πλάσεως,</span> <span class='ocrx_word' id='word_1_769' title='bbox 3154 5308 3246 5363; x_wconf 79' lang='grc' dir='ltr'><strong>καὶ</strong></span> <span class='ocrx_word' id='word_1_770' title='bbox 3304 5312 3405 5373; x_wconf 82' lang='grc' dir='ltr'><strong>τῆς</strong></span> <span class='ocrx_word' id='word_1_771' title='bbox 3465 5305 3711 5383; x_wconf 66' lang='grc' dir='ltr'>δευτέρας</span> 
     </span>
    </p>
   </div>
   <div class='ocr_carea' id='block_1_114' title="bbox 2059 5397 2849 5461">
    <p class='ocr_par' dir='ltr' id='par_1_114' title="bbox 2059 5397 2849 5461">
     <span class='ocr_line' id='line_1_114' title="bbox 2059 5397 2849 5461; baseline -0.001 -6"><span class='ocrx_word' id='word_1_772' title='bbox 2059 5401 2411 5461; x_wconf 80' lang='grc' dir='ltr'>ἀναπλάσεως</span> <span class='ocrx_word' id='word_1_773' title='bbox 2446 5397 2535 5453; x_wconf 77' lang='grc' dir='ltr'>διὰ</span> <span class='ocrx_word' id='word_1_774' title='bbox 2562 5403 2659 5453; x_wconf 78' lang='grc' dir='ltr'>τοῦ</span> <span class='ocrx_word' id='word_1_775' title='bbox 2692 5402 2849 5454; x_wconf 79' lang='grc' dir='ltr'>Θεοῦ.</span> 
     </span>
    </p>
   </div>
   <div class='ocr_carea' id='block_1_115' title="bbox 2129 5487 3706 5554">
    <p class='ocr_par' dir='ltr' id='par_1_115' title="bbox 2129 5487 3706 5554">
     <span class='ocr_line' id='line_1_115' title="bbox 2129 5487 3706 5554; baseline -0.003 -7"><span class='ocrx_word' id='word_1_776' title='bbox 2129 5491 2324 5547; x_wconf 84' lang='lat' dir='ltr'>XXXI.</span> <span class='ocrx_word' id='word_1_777' title='bbox 2378 5490 2527 5547; x_wconf 90' lang='lat' dir='ltr'><strong>Illud</strong></span> <span class='ocrx_word' id='word_1_778' title='bbox 2586 5489 2821 5546; x_wconf 88' lang='lat' dir='ltr'><strong>interim</strong></span> <span class='ocrx_word' id='word_1_779' title='bbox 2881 5488 3346 5546; x_wconf 86' lang='lat' dir='ltr'><strong>animadvertere</strong></span> <span class='ocrx_word' id='word_1_780' title='bbox 3400 5487 3706 5554; x_wconf 89' lang='lat' dir='ltr'><strong>debemus,</strong></span> 
     </span>
    </p>
   </div>
   <div class='ocr_carea' id='block_1_116' title="bbox 1881 5615 2116 5673">
    <p class='ocr_par' dir='ltr' id='par_1_116' title="bbox 1881 5615 2116 5673">
     <span class='ocr_line' id='line_1_116' title="bbox 1881 5615 2116 5673; baseline 0.009 -2"><span class='ocrx_word' id='word_1_781' title='bbox 1881 5615 2116 5673; x_wconf 74' lang='lat' dir='ltr'><strong>NOT/E.</strong></span> 
     </span>
    </p>
   </div>
   <div class='ocr_carea' id='block_1_117' title="bbox 369 5700 1772 5779">
    <p class='ocr_par' dir='ltr' id='par_1_117' title="bbox 369 5700 1772 5779">
     <span class='ocr_line' id='line_1_117' title="bbox 369 5700 1772 5779; baseline -0.003 -17"><span class='ocrx_word' id='word_1_782' title='bbox 369 5705 444 5779; x_wconf 90' lang='grc' dir='ltr'>(ο)</span> <span class='ocrx_word' id='word_1_783' title='bbox 474 5701 674 5762; x_wconf 84' lang='lat' dir='ltr'><strong>Malim</strong></span> <span class='ocrx_word' id='word_1_784' title='bbox 704 5716 893 5759; x_wconf 85' lang='lat' dir='ltr'><strong>rerum</strong></span> <span class='ocrx_word' id='word_1_785' title='bbox 921 5701 1243 5758; x_wconf 87' lang='lat' dir='ltr'><strong>divinarum</strong></span> <span class='ocrx_word' id='word_1_786' title='bbox 1270 5700 1515 5772; x_wconf 87' lang='lat' dir='ltr'><strong>apprime</strong></span> <span class='ocrx_word' id='word_1_787' title='bbox 1542 5702 1772 5773; x_wconf 87' lang='lat' dir='ltr'><strong>peritus.</strong></span> 
     </span>
    </p>
   </div>
  </div>
