4046 6144
458 326 573 384 497

1711 324 2082 385 DlA'I‘RlBA
2128 322 2229 383 DE
2276 323 2619 382 PSELLIS.

3753 321 3876 381 498

452 457 781 512 Gesnerum
811 455 872 510 in
905 454 1269 512 Bibliotheca
1318 456 1564 514 ridicule
1613 458 1759 514 satis
1816 456 2100 528 argutari,

2335 455 2548 526 γαμετῇ
2579 454 2676 528 τοῦ
2707 447 2937 525 Μιχαὴλ
2966 449 3438 528 Ῠζεύγνοταξινόμῳ
3468 446 3669 528 γάμου,

450 546 724 599 eumdem
755 560 885 599 esse
919 544 1258 600 Michaelem
1302 546 1645 617 Ephesium,
1677 551 1733 601 et
1765 545 2105 601 Michaelem

451 632 728 688 Psellum.
768 633 897 688 Mihi
926 634 1142 703 quidem
1173 636 1472 705 aliquando
1527 636 1843 705 conjectura
1871 635 2108 690 occurrit

450 721 700 778 eumdem
743 722 1104 777 existimandi
1165 723 1493 779 Michaelem
1562 725 1875 795 Ephesium,
1935 731 1987 777 et
2015 722 2107 776 Mi-

454 812 698 867 chaelem
732 812 999 867 Psellum.
1036 812 1175 867 Nam
1201 816 1410 883 praeter
1450 829 1737 870 commune
1762 829 2104 885 prxnomen,

458 907 748 970 utrumque
782 903 990 954 constat
1035 903 1398 956 recentiorem
1446 903 1637 971 fuisse,
1687 902 2105 968 Christianum,

460 993 904 1062 Peripateticum,
951 992 1263 1048 Aristotelis
1305 993 1742 1064 paraphrastem.
1795 992 1962 1048 Multi
2007 991 2105 1047 alii

458 1081 715 1149 ejusdem
766 1080 1148 1151 praenominis
1220 1084 1599 1151 recentiores,
1665 1081 2003 1148 Christiani,
2051 1084 2109 1135 et

454 1169 845 1240 Peripatetici,
876 1170 1207 1226 Aristotelis
1257 1172 1678 1243 paraphrastze,
1732 1189 1878 1227 nova
1931 1172 2106 1225 hacce

454 1258 907 1329 argumentandi
941 1260 1165 1315 ratione
1211 1260 1608 1331 Psellierunt,
1641 1260 1857 1333 inepte.
1891 1260 2103 1314 Verum

455 1352 545 1401 est
574 1351 895 1418 utrumque
942 1348 1326 1403 recentiorem
1374 1366 1524 1415 esse,
1572 1349 1997 1413 Christianum,
2031 1365 2103 1402 an

450 1452 611 1507 aeque
660 1437 1051 1508 Peripatetici,
1104 1438 1395 1505 dubium;
1437 1440 1549 1510 [22]
1595 1444 1816 1495 certum
1866 1438 2105 1493 omnino

448 1526 867 1596 paraphrastes
898 1543 1012 1581 non
1043 1544 1172 1584 esse
1206 1546 1219 1583 :
1253 1529 1310 1582 ni
1344 1528 1585 1596 scholia,
1619 1534 1675 1585 et
1714 1528 2105 1600 expositiones

446 1618 640 1669 textus
672 1615 1073 1683 brevissimus,
1119 1634 1238 1672 una
1289 1635 1421 1673 cum
1473 1618 1825 1689 Paraphrasi
1860 1618 2104 1672 confun-

448 1704 585 1758 dere
617 1703 883 1759 velimus.
936 1706 1322 1761 Conferantur
1352 1706 1662 1778 utriusque
1713 1707 1772 1761 in
1823 1707 2105 1761 Aristote-

2225 520 2719 599 Κᾲὶλὶεαρῖεαγέρων
2750 520 3009 599 τρὐερᾷ,
3043 520 3365 599 τέέμπελλοξ
3393 520 3675 591 νεαζούσην.

2217 596 2386 652 Αὐτὸν
2423 594 2479 650 δὲ
2514 593 2900 668 βαρονόμενον,
2926 593 3022 649 *καὶ
3055 593 3561 668 δυσανασχετοῦντα

2217 671 2328 737 Τῆς
2368 666 2629 742 Ἐφεσίων
2654 666 2869 729 πόλεως
2901 666 3135 739 ποιμένα
3165 666 3491 720 καθιστάνει.

2215 778 2580 832 Antecessoris
2642 776 2919 832 Michaelis
2996 776 3282 847 conjugem
3342 775 3452 829 sibi
3512 774 3869 831 matrimonio

2216 868 2461 937 copulat,
2492 882 2658 921 senex
2686 868 2981 921 mulierem
3010 873 3257 921 teneram
3279 866 3328 918 et
3358 862 3869 934 dedicatam,capu-

2219 955 2374 1021 laris,
2408 958 2458 1009 et
2501 957 2693 1025 [uneri
2738 955 3052 1010 destinatus
3098 961 3364 1022 vegetam,
3412 955 3573 1022 atque
3613 952 3867 1018 iuvenem

2219 1044 2496 1115 Quemque
2540 1049 2741 1099 sortem
2780 1061 2938 1099 suam
2987 1058 3157 1114 aegre,
3210 1042 3533 1112 molesteque
3579 1043 3867 1111 ferentem,

2216 1150 2278 1187 ac
2306 1132 2705 1204 deplorantem,
2738 1133 3025 1204 Ephesinae
3052 1132 3208 1186 urbis
3247 1134 3519 1201 pastorem
3569 1132 3873 1202 imperator

2214 1224 2513 1277 constituit.
2548 1222 2616 1276 Et
2647 1221 2914 1293 Ephrzsm
2948 1220 3006 1274 in
3040 1220 3321 1275 Chronico
3356 1237 3367 1273 :

2430 1338 2489 1393 ,Ο
2523 1336 2755 1437 Μὲχαὴλ
2790 1332 2845 1389 δὲ
2870 1333 3070 1410 γίνεται
3108 1332 3484 1437 μελῖμξξόρος,

2337 1430 2380 1437 .-
2434 1410 2558 1437 ιη...
2605 1429 2736 1437 ._-_-
2791 1408 2876 1437 ...Α
2912 1404 3177 1437 muns---
3204 1408 3216 1426 ν
3270 1428 3302 1437 ..
3340 1426 3432 1437 ..λη

2287 1404 2397 1463 Ei?
2432 1404 2757 1482 ἀρχιθξτης,
2791 1404 2893 1461 καῖ’
2912 1404 3177 1480 πρόεδρος
3204 1404 3455 1479 Ἐφέσου.

2218 1526 2457 1583 Michael
2497 1543 2627 1581 vero
2675 1528 2863 1598 nigris
2906 1526 3243 1580 vestimentis
3288 1523 3519 1577 indutus
3560 1522 3869 1591 sacriﬁcio-

2216 1632 2341 1670 rum
2391 1616 2666 1686 princeps,
2732 1616 3046 1685 prazsulque
3092 1612 3302 1684 Ephesi
3367 1612 3446 1681 ﬁl.
3496 1611 3557 1665 In
3610 1627 3676 1666 eo
3726 1611 3863 1679 otio,

2215 1705 2263 1760 si
2295 1721 2528 1776 gregem
2560 1703 2772 1759 Christi
2806 1720 3043 1775 pascere
3073 1702 3259 1757 otium
3302 1708 3407 1767 est,
3462 1699 3648 1755 multa
3676 1698 3735 1754 in
3763 1716 3863 1753 va-

448 1791 565 1847 lem
596 1794 1149 1862 commentationes,
1182 1796 1456 1867 quamvis
1488 1796 1782 1865 sententia
1810 1794 1867 1848 in
1903 1794 2106 1849 multis
2138 1833 2184 1896 B
2216 1794 2334 1850 rias
2364 1793 2731 1865 disciplinas,
2765 1809 2870 1847 nec
2901 1792 3130 1860 dubito,
3178 1789 3550 1862 conscripsit,
3600 1806 3727 1860 quas
3759 1806 3863 1844 no-

449 1883 825 1950 conveniant,
854 1882 911 1938 in
941 1884 1136 1952 modo,
1181 1901 1248 1939 ac
1293 1886 1568 1940 methodo
1619 1884 1942 1956 exponendi
1977 1885 2107 1938 Ari-

448 1971 716 2026 stotelem
750 1970 919 2043 longe
950 1972 1165 2029 diversi
1197 1974 1593 2029 sunt.Psellus
1614 1975 1891 2028 continua
1912 1978 2104 2028 textus

450 2060 803 2131 paraphrasi
836 2062 1188 2117 sententiam
1240 2064 1449 2134 aperit,
1500 2063 1787 2136 Ephesius
1841 2079 1955 2118 non
1989 2061 2103 2136 nisi

448 2148 885 2205 difﬁcilioribus
938 2166 1178 2222 operam
1222 2152 1359 2219 dat,
1409 2134 1585 2222 clara,
1635 2156 1967 2223 apertaque,
2017 2134 2101 2207 uti

444 2236 658 2309 cuique
688 2237 882 2307 obvia,
917 2238 1180 2311 negligit.

510 2325 742 2381 XXXII.
779 2331 852 2380 At
899 2326 1175 2398 quisnam
1220 2327 1294 2383 sit
1339 2328 1449 2384 ists
1504 2328 1797 2400 Ephesius
1828 2328 2095 2396 Michael,

441 2413 541 2485 qui
570 2414 627 2468 in
661 2415 969 2470 enodando
998 2416 1310 2471 Aristotele
1355 2422 1660 2490 tantOpere
1689 2417 1867 2473 etiam
1897 2417 2094 2473 elucu-

435 2502 812 2559 brationibus
842 2505 1037 2571 editis,
1071 2504 1393 2572 insudavit,
1427 2506 1714 2578 quaesiere
1760 2506 1950 2561 multi.
1984 2507 2092 2562 Sed

433 2592 652 2646 frustra
682 2609 921 2663 operam
954 2594 1372 2649 contriverunt.
1407 2594 1512 2649 Ubi
1540 2596 1768 2650 nullum
1804 2596 1884 2650 rei
1916 2596 2095 2650 vesti-

432 2681 595 2752 gium
628 2687 891 2753 apparet,
927 2683 974 2738 si
1008 2684 1271 2738 venatori
1303 2700 1395 2739 res
1426 2701 1538 2739 non
1574 2684 2091 2750 succedit,laudem

434 2768 533 2824 ille
559 2787 662 2841 pro
693 2775 931 2838 conatu,
988 2789 1126 2838 non,
1185 2774 1339 2842 quod
1391 2789 1509 2828 non
1548 2772 1854 2841 invenerit,
1897 2790 2091 2845 repre-

437 2857 780 2914 hensionem
817 2865 1429 2931 promeretur.Verum
1462 2862 1601 2917 dum
1635 2879 1740 2935 ego
1771 2863 1945 2917 etiam
1970 2880 2091 2917 om-

440 2948 536 3003 nia
568 2950 915 3020 pervcstigo,
949 2949 997 3005 si
1049 2951 1189 3021 quid
1239 2951 1634 3007 subodoratus
1680 2969 1835 3019 sum,
1871 2953 1927 3006 in
1962 2968 2088 3007 me-

446 3038 603 3092 dium
633 3038 895 3107 afferam,
929 3040 1112 3096 donec
1146 3040 1385 3096 meliora
1408 3042 1477 3095 ab
1502 3040 1633 3096 aliis
1664 3043 2083 3112 producantur.

438 3129 746 3198 Sensuum,
797 3143 863 3183 ac
923 3129 1364 3184 enarrationum
1409 3128 1733 3185 similitudo
1782 3130 1891 3186 hos
1936 3131 2085 3187 duos

2217 1884 2375 1938 mine
2422 1881 2722 1938 Michaelis
2785 1880 3040 1952 Ephesii,
3112 1878 3327 1951 quietis
3380 1878 3572 1950 potius
3633 1893 3861 1945 amans,

2214 1988 2438 2028 memor
2469 1971 2798 2035 turbarum,
2828 1987 2942 2025 non
2976 1969 3369 2040 imperatoris,
3393 1967 3655 2038 exemplo
3681 1967 3862 2022 etiam

2212 2062 2463 2116 aliorum
2495 2062 2943 2131 imperatorum,
2981 2058 3185 2128 voluit,
3219 2062 3282 2112 ut
3325 2057 3665 2113 hominibus
3697 2056 3863 2112 inno-

2210 2153 2519 2206 tescerent.
2583 2150 2707 2205 Non
2772 2148 3010 2221 placet?
3057 2147 3281 2203 dictum
3353 2148 3644 2202 indictum
3712 2151 3861 2201 esto.

2210 2240 2478 2295 Ἐπανίτω
2510 2239 2646 2314 πρός
2689 2260 2755 2311 με
2801 2239 2890 2292 τὸν
2942 2237 3166 2293 τεκόντα
3194 2238 3254 2292 τὸ
3296 2236 3614 2309 ἀποκύημα.
3666 2236 3865 2293 Redeat

2205 2332 2283 2385 ad
2312 2346 2396 2385 me
2424 2335 2701 2385 auctorem
2730 2334 2895 2399 [aetas
2916 2328 3005 2383 hic
3032 2344 3200 2383 meus.

2277 2420 2517 2475 XXXIII.
2554 2419 2655 2475 Hic
2687 2434 2824 2489 ergo
2867 2416 3115 2485 Psellus,
3148 2420 3215 2471 ut
3260 2415 3530 2471 doctrina
3578 2419 3861 2486 praestan-

2204 2509 2498 2573 tissimus,
2527 2509 2607 2563 ita
2641 2507 2901 2563 omnium
2934 2503 3442 2581 πολυγραφώτατος
3487 2503 3615 2558 fuit.
3653 2503 3858 2558 Ausim

2204 2600 2395 2654 dicere
2429 2599 2749 2653 neminem.
2781 2613 2869 2663 ea,
2903 2595 2989 2650 vel
3026 2596 3422 2666 subsequente
3449 2596 3633 2657 aelate,
3666 2592 3858 2647 Graece

2200 2687 2289 2744 vel
2323 2687 2610 2742 invenisse
2653 2685 2869 2749 acrius,
2913 2683 3001 2739 vel
3052 2684 3357 2739 ordinasse
3407 2681 3622 2753 aptius,
3654 2681 3741 2735 vel
3774 2680 3858 2736 lo-

2201 2782 2405 2832 cutum
2437 2772 2925 2847 eloquentius,vel
2950 2773 3300 2845 profundius
3330 2788 3422 2826 res
3445 2775 3853 2842 pertractasse.

2198 2865 2372 2921 Nulla
2405 2866 2516 2920 fuit
2545 2863 2811 2932 scientia,
2865 2878 3041 2933 quam
3092 2862 3218 2932 ipse
3247 2861 3335 2914 vel
3378 2860 3533 2914 notis
3576 2875 3691 2914 non
3723 2857 3852 2911 illu-

2197 2956 2488 3024 straverit,
2520 2953 2605 3008 vel
2640 2952 2983 3024 compendio
3015 2968 3131 3006 non
3152 2948 3486 3018 tentaverit,
3506 2946 3595 3003 vel
3625 2949 3850 3019 optima

2196 3044 2474 3098 methodo
2508 3060 2621 3097 non
2656 3039 2993 3113 expedierit.
3026 3040 3262 3105 Eorum,
3291 3054 3419 3108 quae
3450 3035 3853 3108 scripsitque;-

2196 3149 2309 3204 que
2337 3131 2408 3187 ad
2441 3131 2707 3186 notitiam
2756 3145 2944 3184 meam
2993 3143 3324 3198 pervenere,
3370 3125 3639 3196 quaedam
3694 3124 3853 3179 edita

433 3221 699 3271 auctores
730 3233 913 3272 unum
937 3218 1011 3273 ab
1039 3218 1151 3274 alio
1182 3219 1449 3290 adjutum
1476 3219 1657 3275 fuisse
1681 3220 2085 3290 satisindicat,
2118 3202 2161 3268 Ο
2199 3202 2358 3287 sunt,
2388 3219 2655 3290 quaedam
2701 3217 2893 3273 adhuc
2946 3216 3170 3271 inedita
3203 3232 3216 3270 :
3251 3216 3321 3269 de
3373 3213 3544 3270 editis
3592 3213 3851 3284 primum

433 3303 526 3359 vel
560 3309 876 3376 utrumque
921 3307 993 3361 ab
1043 3307 1180 3376 alio,
1213 3313 1270 3363 et
1316 3325 1386 3363 ex
1436 3325 1551 3363 uno
1602 3310 1758 3363 fonte
1788 3309 2097 3381 utriusque

440 3396 822 3447 monumenta
847 3393 1143 3449 corrivari.
1177 3396 1441 3466 Cumque
1488 3413 1521 3449 a
1569 3411 1684 3466 quo
1732 3395 1958 3451 Psellus
1989 3415 2099 3453 sua

440 3480 707 3535 hauserit
739 3498 852 3536 non
885 3482 1159 3550 habeam,
1200 3484 1401 3555 utique
1452 3484 1771 3555 Ephesium
1804 3501 1871 3539 ex
1901 3485 2097 3551 Pselli,

437 3569 558 3625 sive
589 3585 709 3637 ore,
747 3569 864 3626 sive
912 3573 1336 3643 monumentis,
1385 3573 1660 3644 quamuis
1711 3574 2099 3631 verosimilius

442 3674 512 3712 ex
562 3674 683 3727 ore,
734 3675 843 3714 sua
889 3659 1193 3728 habuisse,
1264 3678 1511 3733 esseque
1577 3662 1919 3718 Michaelem
1981 3664 2096 3719 Du-

443 3762 572 3801 cam
607 3747 1059 3818 Parapinaceum
1112 3750 1356 3815 dictum,
1410 3750 1582 3805 Pselli
1636 3751 2015 3823 discipulum,
2048 3754 2097 3808 si

446 3836 782 3906 conjectura
813 3836 1033 3908 aliquid
1065 3838 1250 3904 valeo,
1283 3839 1575 3895 existimo.
1610 3840 1714 3895 Hic
1746 3841 1926 3910 enim,
1958 3843 2096 3896 dum

447 3938 742 3977 summam
803 3924 1033 3996 imperii
1080 3932 1320 3994 teneret,
1370 3945 1403 3983 a
1472 3928 1661 3984 Psello
1704 3930 1966 4000 edoctus,
1999 3931 2099 3987 illo

446 4011 691 4077 amisso,
723 4012 783 4067 in
814 4014 1103 4085 Ephesum
1153 4016 1399 4087 delatus,
1451 4016 1612 4073 illius
1660 4017 1926 4074 Ecclesiae
1958 4020 2103 4075 anti-

440 4104 563 4155 stes
590 4108 985 4158 consecratur.
1025 4109 1280 4161 Zonaras
1312 4106 1370 4161 in
1420 4106 1742 4163 Botaniata.
1792 4107 1853 4163 Ὁ
1889 4108 1983 4179 μὲν
2014 4128 2098 4162 τοι

445 4181 899 4261 προϐασιλευκὼς
949 4191 1206 4265 Μιχαὴλ,
1255 4193 1332 4255 ὡς
1383 4192 1614 4265 ε’ίρηται,
1646 4195 1746 4263 τὴν
1792 4195 1959 4271 τρίχα
1999 4217 2100 4250 κα-

457 4275 586 4351 ρεὶς,
656 4277 747 4331 καὶ
806 4280 975 4356 ψήφῳ
1054 4279 1311 4355 συνοδικῇ
1388 4283 1819 4358 Μητροπολίτης
1874 4285 2100 4359 Ἐφέσου

452 4364 898 4440 κεχειροτόνητο,
955 4367 1045 4421 καὶ
1113 4370 1249 4440 ἅπαξ
1303 4374 1569 4447 φοιτήσας
1623 4372 1733 4428 ἐκεῖ
1787 4373 2099 4443 ἐπανῆλθε,

444 4452 537 4506 καὶ
587 4452 639 4507 ἰν
677 4458 746 4527 τῇ
788 4459 887 4509 τοῦ
937 4458 1203 4528 Μανουήλ
1259 4463 1400 4532 μονῇ
1444 4458 1682 4515 ἐποιεῖτο
1726 4468 1824 4530 τῆν
1870 4460 2098 4519 δίαιταν.

2205 3325 2534 3366 sermonem
2567 3308 2898 3362 instituam.
2931 3305 3101 3360 Edita
3130 3308 3269 3359 sunt
3303 3320 3317 3358 :

2276 3395 2514 3451 XXXIV.
2552 3395 2719 3451 Pselli
2751 3396 2825 3449 De
2868 3396 3040 3449 victus
3090 3394 3323 3460 ratione,
3374 3391 3550 3461 deque
3576 3391 3862 3461 facultati-

2208 3488 2323 3553 bus,
2355 3494 2405 3541 et
2449 3487 2596 3540 succi
2645 3485 2934 3556 qualitate,
2987 3482 3407 3545 elementorum,
3460 3480 3593 3534 libri
3639 3479 3744 3534 duo
3789 3479 3861 3533 ad

2206 3577 2657 3633 Constantinum
2706 3575 2784 3647 (p)
2839 3574 3277 3646 imperatorem,
3346 3570 3571 3640 Latine,
3621 3569 3865 3641 Georgio

2205 3666 2371 3721 Valla
2414 3666 2753 3736 interprete,
2799 3680 2915 3718 una
2965 3679 3101 3717 cum
3161 3661 3368 3716 Rhazaa
3415 3660 3488 3714 de
3534 3657 3867 3729 pestilentia

2206 3755 2375 3824 libro,
2409 3759 2467 3808 et
2507 3753 2752 3809 Joannis
2806 3751 3069 3806 Manardi
3122 3747 3512 3805 Ferrariensis
3562 3747 3619 3802 in
3669 3749 3862 3800 Artem

2208 3843 2410 3900 Galeni
2444 3842 2827 3912 expositione.
2882 3839 3142 3908 Basileae,
3193 3837 3350 3910 apud
3400 3837 3689 3891 Andream
3722 3834 3863 3889 Cra-

2205 3932 2507 3999 tandrum,
2533 3947 2687 3985 anno
2719 3930 2879 3992 1529,
2913 3928 2971 3982 in
3004 3931 3058 3983 8.

2276 4023 2515 4076 XXXV.
2551 4019 2825 4088 Ejusdem
2858 4017 3067 4072 iambos
3100 4018 3159 4069 in
3186 4016 3322 4070 vitia
3347 4020 3401 4068 et
3427 4011 3860 4078 virtutes.1tem,

2209 4112 2490 4181 Anagogas
2521 4111 2579 4163 in
2608 4105 2937 4175 Tantalum,
2970 4104 3317 4175 Allegoriam
3338 4104 3402 4157 dc
3422 4102 3682 4173 Sphinge,
3716 4101 3865 4154 Ana-

2208 4216 2402 4271 gogam
2434 4198 2493 4252 in
2526 4197 2894 4267 Circem,qum
2926 4194 3139 4251 volebat
3172 4193 3415 4264 Ulyssem
3441 4192 3865 4260 transformare,

2210 4287 2493 4343 Arsenius
2523 4284 2936 4341 Monembasize
2962 4281 3275 4353 episcopus
3306 4280 3500 4333 Romae
3534 4278 3609 4348 (q)
3641 4277 3867 4348 primus

2209 4376 2495 4447 vulgarat.
2547 4373 2764 4428 Deinde
2837 4370 3110 4442 pluribus
3154 4368 3298 4423 locis
3358 4366 3650 4433 restituta,
3697 4369 3873 4433 atque

2209 4464 2619 4535 interpolata.a
2651 4461 2914 4517 Conrado
2946 4456 3470 4523 Gesnero,Basileaa
3502 4452 3873 4510 ediditJoan-

446 4543 677 4599 Michael
709 4560 856 4610 vero,
880 4546 1104 4616 pridem
1151 4550 1467 4619 imperator,
1502 4558 1658 4605 tonsa
1701 4568 1888 4619 coma,
1920 4556 1979 4607 ut
2008 4554 2094 4608 di-
2131 4567 2173 4630 D
2205 4570 2310 4608 nes
2340 4550 2630 4622 Oporinus
2662 4549 2735 4620 (r)
2767 4564 2922 4603 anno
2957 4546 3182 4611 1544,ἱῐ]
3215 4546 3269 4613 8,
3296 4561 3413 4598 una
3442 4558 3575 4597 cum
3610 4539 3865 4595 Heracli—

444 4635 591 4686 ctum
659 4636 755 4698 est,
824 4636 1049 4690 concilii
1128 4638 1415 4709 su/fragiis
1488 4639 1690 4709 Ephesi
1760 4641 2099 4713 MetrOpolita

448 4725 685 4781 creatur.
719 4724 784 4777 Et
812 4739 940 4778 cum
968 4727 1134 4780 semel
1164 4742 1223 4782 eo
1270 4728 1527 4797 venisset,
1572 4745 1838 4794 reversus,
1883 4732 1944 4784 in
1976 4736 2101 4786 Μαι

449 4811 630 4865 nuelis
659 4814 1003 4868 monasterio
1032 4816 1204 4870 vitam
1229 4818 1357 4887 egit.
1404 4816 1828 4873 Constantinus
1872 4819 2098 4876 Manas-

452 4913 548 4953 888
581 4915 594 4954 2

2211 4642 2302 4697 dis
2325 4640 2548 4695 Pontici
2574 4635 2883 4708 Allegoriis
2904 4636 2962 4689 in
2988 4633 3223 4690 Homeri
3257 4631 3486 4687 fabulas
3511 4631 3580 4684 de
3605 4628 3718 4700 [24]
3738 4627 3854 4681 diis

2212 4731 2282 4785 de
2312 4729 2529 4800 quibus
2559 4727 2690 4781 vide
2723 4726 2875 4780 intra
2909 4725 2967 4779 in
2998 4724 3223 4779 Joanne
3257 4720 3445 4777 Psello
3475 4720 3505 4792 ἓ
3535 4719 3622 4786 49,
3654 4718 3746 4785 56,
3776 4716 3865 4770 80.

2210 4818 2410 4874 Obiter
2438 4821 2494 4872 et
2525 4816 2617 4871 hic
2649 4813 3241 4870 animadvertendum
3292 4814 3404 4875 est,
3453 4807 3717 4863 carmina
3746 4804 3871 4869 illa,

2214 4923 2341 4979 quas
2372 4904 2683 4961 Federicus
2728 4901 3008 4959 Morellus
3054 4899 3295 4956 Lutetiae
3345 4914 3499 4954 anno
3532 4896 3690 4960 1608,
3722 4893 3780 4948 in
3813 4894 3871 4960 8,

2046 5006 2281 5065 NOTAE.

520 5084 597 5156 (p)
631 5090 847 5143 Ducam
885 5089 973 5145 vel
1006 5090 1481 5157 Monomachum,
1516 5095 1576 5146 ut
1607 5091 1856 5150 Allatius
1888 5096 2111 5151 notavit

446 5172 631 5237 supra
674 5159 807 5237 §_A§,
862 5176 991 5237 _nop
1071 5162 1703 5237 Porphyrogennetam,
1771 5172 1835 5220 ut
1903 5166 2105 5237 Gyral-

449 5228 562 5309 dus
591 5244 660 5309 ρ..
686 5230 810 5309 282.
846 5231 915 5285 de
949 5232 1157 5288 Poetis.
1184 5228 1563 5309 'Prodierunt
1604 5228 1779 5309 etiam
1832 5237 1891 5291 hi
1924 5228 2105 5292 libelli

449 5299 522 5380 de
553 5299 709 5380 victu
746 5300 1151 5380 humandum
1190 5305 1485 5380 cumulus
1526 5307 1820 5380 variorum
1872 5310 2109 5380 scriptis

451 5370 527 5450 ab
559 5370 770 5450 eodem
798 5374 864 5427 G.
898 5374 1063 5450 Valla
1091 5377 1275 5450 versis
1307 5376 1514 5450 Venet.
1544 5378 1708 5450 711198,
1737 5380 1858 5447 fol.,
1893 5386 1955 5435 ut
1986 5370 2107 5436 edi-

446 5442 642 5513 tiones
673 5442 875 5513 Colon.
915 5446 1071 5502 1526.
1104 5449 1158 5513 8,
1182 5453 1239 5502 et
1289 5447 1461 5502 Basil.
1494 5448 1632 5503 4457
1667 5442 1727 5504 in
1774 5452 1807 5504 8
1838 5442 2109 5507 omittam

451 5512 517 5567 In
548 5511 769 5594 libellis
800 5516 932 5594 istis
965 5511 1335 5594 imperatoris
1372 5521 1548 5588 jussu
1592 5521 1849 5577 collectis
1880 5523 2109 5578 nullum

453 5587 802 5674 scriptorem
846 5587 1306 5674 laudat'Bsellup
1340 5587 1652 5674 printer‘p.
1701 5594 1756 5657 8,
1802 5594 2108 5674 Calenum.

457 5655 535 5711 De
564 5657 772 5714 eodem
804 5666 1159 5732 argumento
1193 5662 1293 5718 sed
1327 5655 1499 5733 plane
1556 5655 1824 5721 diversus
1855 5664 2002 5723 liber
2031 5666 2113 5721 Si-

2219 5092 2449 5149 meonis
2494 5090 2655 5147 Sethi
2702 5092 2892 5146 exstat
2940 5090 3013 5145 ad
3064 5084 3408 5142 Michaelem
3460 5089 3679 5138 Ducam
3726 5081 3871 5149 imp.

2219 5165 2313 5221 cui
2346 5163 2512 5219 valde
2545 5162 2737 5217 simile
2768 5161 3054 5229 scriptum
3083 5158 3245 5214 aliud
3275 5156 3463 5213 Psello
3493 5156 3780 5211 tributum
3803 5156 3876 5207 de

2220 5252 2332 5308 quo
2364 5235 2612 5290 Allatius
2636 5234 2789 5308 infra
2816 5235 2843 5301 §
2872 5233 2962 5308 5t.

2293 5307 2365 5377 (q)
2410 5307 2602 5361 Graece
2650 5305 2708 5377 1n
2756 5298 2836 5369 8,'
2865 5304 2935 5357 ad
3006 5300 3223 5356 calcem
3273 5298 3875 5371 Apophthegmatum,

2218 5376 2394 5433 Leoni
2428 5380 2483 5431 X
2511 5376 2950 5445 inscriptorum.

2294 5450 2363 5519 (r)
2396 5450 2587 5503 Graece
2616 5436 2874 5507 tantum,
2907 5460 3030 5519 non
3054 5442 3246 5519 Graece
3275 5446 3331 5497 et
3363 5441 3585 5519 Latine,
3606 5444 3670 5494 ut
3699 5456 3730 5493 a
3754 5436 3871 5519 cla-

2220 5510 2454 5576 ris‘simo
2485 5525 2662 5575 Caveo
2695 5519 2752 5572 in
2803 5519 2936 5571 Hist.
2987 5516 3270 5569 litteraria
3314 5510 3863 5584 scriptorum‘eccles.

2224 5592 2542 5661 proditum,
2574 5590 2711 5645 licet
2740 5587 3016 5661 Heracliti
3044 5585 3352 5658 Allegoriis
3397 5580 3602 5641 Latina
3629 5580 3864 5636 illarum

2224 5660 2467 5720 Gesneri
2499 5661 2687 5718 versio
2718 5660 3050 5733 subjuncta.
