4084 6140
326 328 448 387 499

1718 325 1999 386 LEONIS
2048 326 2363 387 ALLATII

3615 329 3728 391 500

332 480 451 518 una
480 478 613 518 cum
644 436 931 519 Theodori
975 463 1276 519 Prodromi
1325 463 1737 520 dissertatione
1786 462 1855 517 de
1886 463 1984 517 Sa-
2014 462 2063 527 Α
2096 478 2250 517 anno
2281 463 2437 532 1557,
2469 464 2761 520 edendum
2793 463 3034 533 curavit,
3069 468 3366 536 postrema
3392 464 3522 535 ejus
3551 468 3727 536 parte,

328 552 550 625 pientia
580 552 774 607 Graece
804 552 989 607 edidit
1043 570 1170 609 esse
1202 558 1493 625 excerpta,
1529 551 1830 607 nonnullis
1854 557 1980 605 tan-

330 647 459 696 tum
505 641 699 696 verbis
751 642 1104 711 immutatis,
1154 659 1223 697 ex
1270 642 1363 697 his
1412 643 1585 697 Pselli
1640 640 1873 696 lambis.
1909 646 1984 694 Ea

333 730 444 785 sub
493 727 814 797 ’Δνωνῦμου
861 731 1096 785 nomine
1149 725 1401 801 ’ἰάμϐους
1452 727 1812 797 ἠθοποιϊκοὺς
1864 728 1983 783 ΜΟ·

332 818 514 874 rellus
552 821 911 892 vulgaverat.
962 819 1118 875 Nihil
1173 820 1389 875 minus.
1442 819 1723 875 Pbronesi
1756 824 1983 874 tantum

333 913 597 981 excepta,
651 909 876 980 reliqua
924 914 1064 963 sunt
1114 909 1185 963 de
1230 909 1623 980 philosophia,
1674 908 1985 975 rhetorica,

332 1002 389 1053 et
416 998 820 1070 grammatica,
855 1014 1001 1070 quae,
1036 1003 1323 1068 quantum
1369 1002 1634 1070 spectent
1668 998 1735 1051 ad
1771 1013 1985 1066 mores,

326 1087 597 1157 judicent
626 1085 745 1141 alii.

401 1176 653 1232 XXXVI.
691 1176 965 1247 Ejusdem
1023 1176 1421 1243 Paraphrasin
1472 1178 1530 1231 in
1580 1175 1884 1232 Aristotelis
1917 1175 1985 1229 Ii-

336 1267 497 1319 brum
563 1263 693 1336 Περὶ
762 1261 1074 1337 ἑρμηνείας,
1143 1267 1218 1319 De
1283 1268 1750 1335 interpretrtione,
1804 1263 1989 1319 edidit

336 1355 527 1409 Graece
561 1354 761 1419 Aldus,
795 1353 1078 1419 Venetiis,
1113 1371 1245 1409 cum
1296 1354 1623 1423 Ammonio,
1654 1360 1711 1409 et
1744 1354 1976 1425 Magen-

332 1442 457 1498 tino
490 1443 650 1508 1503,
681 1443 743 1498 in
775 1441 896 1509 fol.;
932 1443 1197 1498 eamdem
1251 1443 1536 1497 latinitate
1588 1444 1862 1497 donatam
1898 1442 1986 1512 (s),

335 1548 470 1587 cum
519 1532 785 1603 ejusdem
835 1530 1007 1587 Pselli
1056 1532 1400 1604 compendio
1452 1534 1511 1586 in
1555 1533 1794 1603 quinque
1836 1545 1988 1585 voce:

338 1622 659 1692 Porphyrii,
709 1630 760 1677 et
811 1622 1117 1675 Aristotelis
1156 1606 1587 1691 praeiticamenta
1623 1621 1861 1676 Basileze
1893 1636 1988 1675 ex-

336 1709 501 1765 cudit
530 1711 815 1765 Robertus
847 1709 1080 1764 Winter
1122 1711 1279 1779 1542,
1309 1710 1363 1764 8.
1399 1711 1533 1774 Quae
1587 1710 1795 1764 ultima
1827 1709 1989 1780 prius

2092 566 2219 620 quae
2252 558 2340 606 est
2370 553 2441 606 de
2472 552 2808 624 astrologia,
2852 554 3094 619 omissa,
3137 559 3264 607 tum
3300 554 3453 624 quod
3487 553 3731 623 antiquis

2092 640 2209 694 illis
2240 646 2432 709 egeret
2462 640 2793 698 Graecorum
2819 643 3316 711 tabulis,quarum
3340 641 3593 697 rationes
3616 642 3732 696 suis

2094 730 2458 801 temporibus
2491 748 2603 785 non
2638 731 2781 785 satis
2809 732 3232 801 congruebant,
3256 735 3382 785 tum
3414 731 3566 801 quod
3592 736 3736 785 esset

2096 821 2377 875 mendosa
2409 826 2613 892 praeter
2658 821 2829 885 alias,
2886 826 2945 875 et
2975 837 3043 875 ex
3072 837 3139 876 ea
3188 836 3250 875 se
3299 820 3453 875 haud
3487 820 3648 886 dum,
3676 824 3736 874 ut

2097 909 2221 980 ipse
2270 912 2564 981 praefatur,
2634 926 2701 965 ex
2758 910 3048 965 sententia
3117 910 3404 979 explicare
3469 908 3735 981 potuerit,

2096 999 2266 1069 cujus
2311 998 2435 1055 loco
2499 999 2685 1055 Procli
2749 999 3037 1070 sphaaram
3109 999 3441 1054 substituit.
3515 998 3736 1052 Editum

2095 1086 2205 1142 hoc
2254 1088 2407 1142 idem
2475 1088 2634 1159 Opus
2685 1104 2753 1143 ex
2817 1088 3009 1143 Vineti
3066 1088 3549 1159 interpretatione
3598 1088 3739 1142 Tur-

2097 1177 2234 1231 noni
2305 1178 2459 1249 apud
2533 1177 2845 1232 Claudium
2913 1176 3283 1244 Michaelem,
3356 1194 3511 1232 anno
3588 1178 3735 1231 1592.

2098 1266 2233 1321 Post
2260 1266 2535 1321 Vinctum
2559 1266 2859 1339 Xylander
2881 1283 3050 1322 suam
3078 1265 3621 1338 interpretationem
3655 1282 3744 1338 ag-

2097 1370 2337 1426 gressus
2368 1360 2476 1410 est.

2171 1452 2484 1508 XXXVIII.
2598 1454 2875 1525 Ejusdem
2979 1457 3242 1509 tractans
3328 1451 3459 1527 Περὶ

3620 1472 3741 1505 υσο-

2171 1470 2484 1508 λλλνιιι.
2601 1470 2875 1525 isjusuem
2979 1470 3242 1509 traeians
3328 1470 3459 1527 υερι
3544 1470 3741 1526 χρυσο-

2099 1538 2309 1610 ποιίας,
2341 1544 2413 1597 De
2442 1544 2577 1597 auri
2622 1542 2956 1612 conﬁciendi
3000 1544 3238 1610 ratione,
3288 1542 3361 1597 ad
3417 1540 3741 1597 Michaelem

2098 1630 2460 1685 Cerularium
2528 1631 2922 1702 patriarcham
3009 1630 3742 1703 Constantinopolitanum,

2098 1718 2399 1773 Dominico
2432 1719 2769 1774 Pizimentio
2804 1720 3115 1775 Vibonensi
3147 1720 3739 1790 interprete,unacum

337 1816 490 1854 anno
523 1799 663 1853 1540
692 1798 887 1853 Graece
938 1798 1177 1853 Parisiis
1212 1799 1368 1854 edita
1419 1800 1675 1867 fuerunt,
1709 1817 1825 1853 una
1855 1815 1986 1853 cum
2022 1820 2069 1885 B
2101 1807 2431 1862 Democrito
2457 1808 2748 1874 Abderita,
2783 1808 3045 1880 synesio,
3079 1808 3315 1879 pelagio
3368 1814 3427 1863 et
3458 1809 3743 1881 Stpphano

334 1888 596 1956 ejusdem
646 1887 1059 1943 Introductione
1107 1889 1167 1941 in
1215 1904 1315 1942 sea:
1365 1888 1740 1959 Philosophiae
1782 1888 1987 1943 modos,

333 1982 390 2031 et
419 1994 570 2032 anno
606 1977 762 2045 1541,
792 1978 877 2033 12.
912 1976 1129 2031 Ibidem
1166 1993 1266 2048 per
1285 1976 1567 2031 Jacobum
1602 1977 1987 2032 Foscarenum

332 2064 636 2121 Michaelis
668 2065 852 2119 tilium
883 2064 1173 2119 latinitate
1222 2065 1457 2119 donata.
1509 2069 1570 2119 ln
1626 2064 1739 2119 alio
1794 2065 1991 2120 codice

338 2152 742 2225 manuscripto
778 2152 1158 2224 Paraphrasis
1189 2152 1398 2207 titulus
1446 2154 1527 2208 ita
1575 2152 1847 2219 habetur,
1884 2158 1990 2205 Πα-

339 2241 598 2318 ράφρασις
638 2243 735 2293 τοῦ
778 2240 909 2314 Περὶ
955 2239 1264 2315 ἑρμηνείας3
1302 2239 1407 2293 ἀπὸ
1459 2246 1644 2317 φωνῆς
1677 2243 1772 2293 τοῦ
1801 2240 1990 2313 κυρίου

339 2329 654 2405 Βεστάρχου
694 2328 781 2383 καὶ
840 2328 1041 2383 ὑπάτου
1088 2333 1195 2383 τῶν
1248 2328 1567 2405 φιλοσόφων
1610 2333 1707 2383 τοῦ
1739 2327 1989 2385 ιΓελλοῦ.

340 2419 710 2492 Paraphrasis
768 2422 826 2474 in
878 2420 1081 2475 librum
1130 2420 1203 2474 De
1254 2421 1738 2491 interpretatione,
1800 2436 1869 2475 ea:
1896 2436 1994 2475 ore

338 2509 557 2565 domini
578 2508 883 2564 Bestarchaz
912 2518 967 2563 et
1000 2509 1273 2579 rrincipis
1318 2508 1767 2579 philosophorum
1800 2510 1988 2563 Pselli.

346 2597 489 2653 llinc
535 2595 730 2651 virum
782 2595 1207 2651 Vestarchatus
1238 2597 1433 2651 etiam
1479 2596 1784 2667 dignitate,
1836 2597 1993 2652 unde

340 2690 543 2758 postea
569 2684 912 2740 Vestarches
969 2683 1350 2740 nobilissimae
1403 2685 1634 2739 familiae
1675 2686 1989 2741 nomenir-

338 2775 544 2847 repsit,
577 2773 928 2845 insignitum
963 2772 1144 2827 fuisse
1175 2772 1530 2843 colligimus.

408 2869 684 2925 XXXVII.
722 2870 995 2939 Ejusdem
1054 2869 1219 2935 liber,
1254 2871 1313 2941 (ι)
1356 2872 1427 2926 de
1466 2876 1720 2942 quatuor
1768 2873 1994 2928 mathe-

343 2960 575 3016 maticis
605 2957 887 3025 scientiis,
930 2957 1318 3024 arithmetica,
1373 2960 1621 3029 musica,
1654 2962 1992 3033 geometria,

342 3048 538 3104 Graece
569 3052 625 3103 et
655 3046 860 3102 Latine
891 3046 1083 3101 editus
1117 3064 1250 3103 cum
1285 3047 1415 3102 aliis
1448 3051 1807 3122 auctoribus,
1840 3051 1993 3107 Wit-

344 3138 654 3209 tembergas
708 3136 868 3206 1560,
920 3151 1024 3191 nec
1094 3153 1209 3191 non
1258 3136 1500 3193 Basilea:
1551 3155 1656 3209 per
1702 3140 1989 3195 Joannem

340 3226 664 3298 Oporinum
700 3225 857 3295 1556,
888 3227 942 3291 8,
976 3224 1287 3282 Guilielmo
1319 3226 1620 3298 Xylandro
1655 3231 1991 3302 Augustano

343 3314 682 3386 interprete,
726 3330 859 3369 cum
913 3314 1213 3370 nonnullis
1269 3316 1532 3385 ejusdem
1584 3317 1861 3389 Xylandri
1897 3336 1995 3373 an-

346 3404 746 3460 notationibus
778 3404 837 3457 in
865 3403 1154 3458 eumdem.
1183 3402 1406 3466 Quibus
1437 3405 1679 3459 accessit
1709 3407 1994 3478 Xylandri

352 3495 421 3548 de
458 3491 850 3564 philosophia,
886 3495 943 3545 et
990 3491 1117 3561 ejus
1171 3492 1437 3562 partibus
1469 3510 1727 3559 carmen,
1757 3501 1813 3549 et
1844 3513 1991 3551 non-

350 3580 513 3637 nulla
555 3580 670 3636 alia
717 3580 980 3635 carmina
1032 3580 1244 3635 diversi
1295 3584 1646 3652 argumenti.
1697 3584 1856 3656 Opus
1886 3585 1993 3641 hoc

348 3670 578 3742 primus
609 3669 802 3723 Romae
835 3667 1029 3723 Graece
1060 3668 1520 3739 imprimendum
1571 3674 1794 3727 curavit
1822 3676 1993 3730 Arse-

350 3758 485 3813 nius
508 3757 922 3814 Monembasiae
950 3757 1283 3829 epiSCOpus,
1308 3759 1367 3812 in
1400 3776 1516 3830 qua
1564 3762 1822 3818 editione
1848 3764 1993 3818 scri-
2036 3796 2039 3801 -

346 3852 561 3920 pserat,
629 3848 917 3903 incertum
980 3862 1128 3917 esse,
1199 3846 1370 3901 Pselli
1434 3865 1505 3904 ne
1571 3867 1644 3904 an
1698 3851 1993 3924 Euthymii

345 3937 655 4008 cujusdam
688 3936 798 4008 [25]
831 3953 978 4007 opus
1027 3940 1203 4006 esset,
1253 3936 1546 4008 plerisque
1593 3944 1789 3995 tamen
1823 3942 1995 3996 Pselli

341 4026 547 4081 videri.
596 4022 695 4077 Καὶ
758 4027 929 4077 ταῦτα
993 4027 1071 4094 τῷ
1130 4023 1331 4091 ταύτης
1381 4025 1565 4101 πατρὶ,
1614 4024 1719 4082 ait;
1772 4027 1992 4091 Ψελλὸς

342 4114 433 4181 ἦν,
464 4113 538 4173 ὡς
570 4118 687 4174 τοῖς
713 4111 934 4166 πλείοσι
967 4109 1136 4183 δοκεῖ,
1162 4110 1238 4166 εἶτ
1271 4112 1581 4187 Ἐὐθύμιος,
1605 4117 1992 4191 χαριζόμενος.

345 4203 676 4273 Impressus
762 4218 994 4273 quoque
1099 4207 1188 4258 est
1290 4204 1369 4275 (u)
1482 4206 1722 4262 Parisiis
1803 4208 1996 4264 Graece

344 4308 499 4346 anno
548 4291 711 4357 4545,
794 4292 881 4356 12,
947 4307 1050 4362 per
1112 4292 1391 4347 Iacobum
1462 4294 1817 4366 Bogardum.
1868 4298 1994 4353 Non

343 4378 529 4436 multo
594 4384 726 4451 post
792 4378 948 4434 Elias
1015 4379 1277 4447 Vinetus,
1346 4383 1499 4453 quod
1593 4384 1793 4440 nullus
1860 4392 1995 4442 ante

343 4486 503 4540 eum,
532 4486 685 4525 anno
722 4468 877 4535 1553,
912 4468 1139 4540 primus
1173 4470 1443 4527 Latinum
1478 4472 1994 4546 fecit,Parisiisque

2100 1896 2511 1963 Alexandrino,
2556 1898 2627 1952 de
2677 1915 2890 1969 magna
2937 1904 2993 1953 et
3041 1914 3207 1952 sacra
3258 1903 3404 1963 arte,
3450 1900 3638 1953 editus
3668 1904 3749 1952 est

2102 1984 2319 2039 Patavii
2381 1987 2533 2057 apud
2578 1987 2878 2042 Simonem
2933 1987 3327 2058 Galignanum
3378 1986 3540 2057 1572,
3596 1986 3651 2042 in
3698 1989 3745 2041 8.

2100 2074 2251 2128 Dicti
2284 2080 2549 2130 auctores
2572 2092 2703 2130 cum
2738 2074 3035 2146 plerisque
3066 2075 3200 2130 aliis
3250 2076 3318 2129 de
3369 2077 3573 2130 eadem
3605 2081 3737 2143 arte,

2100 2163 2253 2217 inter
2282 2180 2427 2234 quos
2462 2164 2737 2235 praecipui
2770 2174 2943 2219 erunt
2976 2165 3268 2230 Zosimus,
3300 2164 3744 2236 Olympiodorus

2102 2252 2511 2307 Christianus:
2558 2258 2614 2307 et
2662 2252 2921 2308 carmine
2973 2252 3339 2323 Heliodorus,
3393 2253 3751 2315 Hierotheus,

2099 2341 2560 2413 Theophrastus,
2592 2342 2934 2407 Archelaus,
2966 2348 3023 2397 et
3052 2342 3149 2397 alii
3183 2360 3295 2398 non
3330 2341 3744 2399 contemnendi

2103 2431 2307 2503 lingua
2358 2431 2583 2497 Latina,
2654 2432 2846 2487 Graece
2898 2436 2955 2486 et
3014 2431 3214 2488 Latine
3264 2450 3451 2487 unum
3495 2438 3746 2487 nostrum

2105 2520 2397 2576 variorum
2449 2522 2829 2592 antiquorum
2898 2520 3191 2587 volumen,
3251 2538 3386 2575 cum
3439 2522 3652 2576 nostris
3682 2521 3747 2573 de

2102 2610 2305 2664 eadem
2338 2625 2398 2665 re
2430 2608 2783 2678 tractatulis,
2806 2608 2864 2664 ni
2898 2610 3043 2664 meis
3076 2609 3293 2665 studiis
3325 2626 3561 2681 semper
3582 2609 3747 2664 Musa:

2105 2699 2357 2753 adversae
2390 2700 2625 2765 fuerint,
2672 2698 2951 2770 chymicze
3000 2698 3144 2753 artis
3194 2698 3411 2754 deditis
3454 2715 3567 2754 non
3599 2698 3745 2768 inju-

2105 2788 2391 2859 cundum,
2436 2788 2796 2843 conflabunt.
2848 2788 3451 2843 Animadvertendum
3495 2788 3685 2853 etiam,
3719 2803 3746 2842 a

2105 2876 2444 2932 Pizimentio
2474 2876 2629 2931 male
2679 2874 2987 2947 epistolam
3041 2875 3212 2931 Pselli
3262 2877 3335 2931 ad
3386 2876 3741 2949 Xiphilinum

2103 2964 2406 3031 directam,
2439 2966 2513 3037 (v)
2544 2965 2643 3036 qui
2674 2965 2930 3020 Joannes
2961 2963 3287 3032 dicebatur,
3335 2982 3455 3021 non
3490 2962 3737 3028 Michael,

2105 3053 2216 3109 nisi
2261 3053 2507 3110 velimus
2556 3054 2747 3108 dicere
2810 3052 3066 3108 Psellum
3116 3054 3396 3108 eumdem
3446 3058 3740 3109 tractatum

2106 3148 2330 3198 mutato
2363 3143 2486 3198 solo
2522 3143 2759 3197 nomine
2791 3142 2999 3198 amicis
3032 3142 3301 3213 pluribus
3334 3142 3743 3208 divenditasse,

2103 3232 2256 3302 quod
2292 3231 2423 3286 aliis
2452 3233 2630 3286 etiam
2666 3230 2923 3287 solemne
2951 3231 3061 3286 fuit
3132 3236 3199 3285 Et
3248 3247 3319 3286 ne
3368 3232 3521 3287 alios
3557 3247 3742 3286 recen-

2103 3321 2306 3390 sendo,
2355 3325 2590 3391 tempus
2639 3326 2961 3388 conteram,
3020 3321 3166 3375 satis
3222 3320 3364 3375 mihi
3420 3322 3529 3376 erit
3575 3334 3739 3374 unum

2102 3410 2215 3481 [26]
2250 3413 2475 3464 tantum
2500 3410 2557 3463 in
2592 3409 2853 3464 medium
2884 3408 3270 3480 ail‘erre,quod
3300 3409 3373 3464 ob
3412 3410 3739 3482 dignitatem

2104 3499 2383 3565 auctoris,
2434 3498 2651 3553 mirum
2714 3497 3009 3553 nonnullis
3056 3497 3371 3553 videbitur.
3428 3499 3565 3563 Quis
3594 3496 3735 3552 enim

2102 3589 2299 3644 credet
2347 3588 2682 3658 Isocratem,
2733 3592 3031 3642 oratorum
3112 3586 3255 3642 illud
3321 3605 3389 3643 ac
3451 3589 3736 3644 rhetorum

2104 3694 2343 3745 numen,
2380 3676 2547 3748 quasi
2580 3692 2773 3731 rerum
2808 3676 3171 3747 argumentis
3219 3678 3593 3742 destitutum,
3622 3676 3736 3729 ino-

2104 3767 2319 3838 piaque
2396 3764 2538 3820 artis
2606 3766 2747 3820 adeo
2824 3765 3053 3834 rudem,
3130 3782 3304 3820 unam
3370 3767 3738 3835 eamdemque

2105 3855 2449 3925 orationem,
2483 3855 2611 3924 ejus
2644 3854 2880 3907 nomine
2911 3852 3101 3907 solum
3132 3853 3553 3924 immulato,ad
3576 3868 3736 3925 quem

2103 3944 2411 4010 direxerat,
2446 3942 2769 4014 paucisque
2798 3940 2952 4005 aliis,
2979 3940 3268 4012 pluribus,
3304 3959 3436 3998 raro
3468 3941 3738 4013 exemplo.

2105 4032 2499 4103 inscripsisse,
2534 4032 2689 4101 quod
2739 4029 2872 4085 licet
2921 4029 3133 4084 sileant
3184 4030 3315 4085 libri
3363 4032 3653 4087 rhetorum
3685 4030 3736 4081 in

2104 4122 2261 4175 hunc
2294 4122 2449 4175 diem
2491 4118 2653 4186 editi,
2706 4119 2851 4173 forte
2901 4119 3049 4173 tanti
3100 4120 3369 4190 magistri
3414 4119 3736 4184 reverentia,

2106 4226 2220 4264 non
2252 4208 2435 4262 tacuit
2465 4212 2660 4261 tamen
2690 4210 2892 4260 auctor
2942 4205 3026 4259 illi
3073 4204 3380 4279 σύγχρονος
3420 4206 3657 4280 epistola
3674 4206 3737 4259 ad

2104 4297 2441 4369 Philippum
2462 4312 2677 4367 regem.
2715 4295 2928 4350 Locum
2963 4311 3028 4349 eo
3078 4294 3357 4351 libentius
3408 4296 3500 4352 hic
3530 4294 3738 4351 ascribo

2107 4387 2245 4458 quia
2293 4384 2729 4458 pulcherrimus
2778 4388 2887 4449 est,
2933 4388 2989 4438 et
3028 4400 3217 4455 rarus,
3270 4386 3350 4454 (ξε)
3396 4390 3453 4441 et
3498 4403 3527 4441 a
3569 4382 3734 4447 nullo,

2107 4475 2261 4548 quod
2292 4475 2498 4545 sciam,
2531 4475 2893 4529 observatus.
2926 4469 3167 4544 Ὁμοίως
3219 4468 3276 4526 δὲ
3323 4472 3413 4527 καὶ
3442 4472 3737 4548 Ἰσοκράτης

1935 4575 2175 4632 ΝΟΤίΕ.

414 4656 745 4729 (s)_Latina
794 4656 1459 4729 versiopparaphraseos
1510 4660 1686 4716 Pselli
1761 4661 1820 4717 in
1889 4662 1992 4720 lib.

343 4725 477 4801 Ηερἷ
503 4725 831 4802 ἐρμηνεζας,
865 4725 1058 4802 studio
1078 4725 1471 4802 quorumdam
1508 4734 1834 4788 amicorum
1867 4734 1991 4791 Nic.

346 4799 735 4876 Mart_i_rribosii
769 4800 983 4876 prodiit
1016 4800 1194 4876 Paris.
1231 4802 1479 4876 1339,}.
1516 4804 1816 4860 Editiones
1848 4822 1994 4876 quo-

342 4889 459 4943 que
488 4870 783 4927 Venetam,
818 4872 975 4926 1541.
1006 4870 1125 4943 fol.
1178 4876 1235 4926 et
1283 4873 1679 4930 Basileensem
1726 4894 1778 4930 a.
1834 4870 1993 4934 1542.

344 4940 629 4998 memorat
660 4943 948 4997 Labbeus.
1004 4940 1202 4997 Exstat
1230 4950 1289 4998 et
1336 4944 1505 4999 Pselli
1551 4947 1903 5003 introductio
1934 4950 1993 5004 in

344 5030 446 5069 sex
498 5013 902 5091 philosophize
930 5014 1135 5091 modos
1184 5019 1241 5091 et
1289 5018 1700 5091 compendium
1733 5020 1995 5091 quinque

341 5102 550 5162 vocum
603 5085 902 5162 Porphyrii
955 5090 1017 5162 et_
1060 5087 1145 5162 de
1177 5086 1378 5162 decem
1422 5085 1766 5162 categoriis,
1797 5085 1991 5162 Venet,

346 5158 506 5220 1532,
530 5172 661 5209 cum
696 5156 958 5211 versione
988 5156 1187 5211 Jacobi
1221 5160 1544 5216 Foscareni.

416 5229 477 5298 (t)
512 5228 677 5282 Hunc
727 5227 943 5281 librum
1006 5229 1087 5296 (in
1140 5245 1253 5298 quo
1306 5231 1491 5285 multa
1520 5248 1551 5286 e
1579 5232 1811 5287 Theone
1844 5233 1988 5287 deli-

345 5299 759 5373 bata)_Psellus
792 5303 1042 5373 testatur
1078 5315 1177 5373 ‘se
1204 5300 1515 5373 scripsisse
1563 5321 1716 5358 anno
1762 5308 1991 5360 Graeco-

343 5386 474 5427 rum
502 5370 665 5435 6516,
700 5369 758 5424 b.
791 5385 842 5425 e.
874 5368 1092 5424 Christi
1121 5369 1279 5426 1008.

417 5446 497 5510 (τι)
540 5441 805 5516 Venetiis
852 5456 1107 5516 quoque
1138 5444 1503 5516 anno_1532,
1552 5447 1604 5512 8,
1654 5462 1780 5516 quae
1812 5446 1988 5501 editio

347 5514 545 5569 Graeca
576 5512 825 5568 occurrit
858 5512 1051 5567 Romae
1094 5512 1150 5565 in
1203 5514 1344 5569 bibl.
1392 5512 1729 5571 Barberina.
1783 5518 1989 5574 Latina

345 5601 481 5642 vero
531 5584 812 5657 Xylandri
856 5584 1274 5657 interpretatio
1323 5603 1554 5657 recusa
1624 5589 1797 5657 Lugd.
1859 5594 1985 5645 Bat.

340 5657 504 5729 4647,
537 5653 603 5715 in
628 5660 681 5713 8.
716 5655 1000 5713 Libellum
1028 5653 1197 5710 Pselli
1226 5656 1297 5711 de
1322 5655 1641 5727 Musica,ex
1664 5653 1768 5716 hoc
1786 5660 1986 5717 Tetra-

2106 4661 2268 4743 biblo
2301 4665 2644 4743 Lampertus
2676 4660 2934 4743 alardus
2957 4662 3305 4743 cum.latin_a
3335 4681 3443 4719 sua
3472 4663 3733 4743 interpre-

2105 4734 2328 4789 tatione
2384 4732 2633 4804 subjecit
2702 4732 2850 4788 libro
2910 4750 3018 4788 suo
3081 4734 3151 4789 de
3196 4739 3455 4791 veterum
3503 4732 3728 4799 Musica,

2107 4804 2501 4876 Schleusingaa
2537 4806 2659 4869 136,
2685 4805 2771 4857 12.

2176 4878 2251 4947 (v)
2286 4872 2471 4951 Etiam
2525 4878 2581 4951 in
2629 4876 2822 4951 Graec
2857 4874 3070 4951 codice
3112 4876 3291 4951 regio‘
3347 4876 3531 4951 Paris.
3574 4872 3729 4951 cujus

2106 4945 2510 5019 apbgraphum
2544 4947 2824 5019 beneﬁcio
2855 4945 3100 5019 illustris
3126 4945 3231 5002 viri
3263 4949 3427 5003 Pauli
3449 4945 3727 5019 Vindingii

2106 5015 2397 5089 possideo,
2451 5035 2675 5089 nomen
2699 5016 3217 5089 Xiphiliniexstat
3248 5038 3261 5074 :
3293 5023 3396 5072 Τοῦ
3448 5015 3725 5089 μακαρίτου

2104 5085 2190 5142 ἰαὶ
2219 5089 2490 5165 πᾳνσόφου
2540 5085 3075 5165 Ψελᾈοῖἐπιστρλή
3127 5090 3261 5162 πρὸς
3310 5090 3399 5165 τρν
3442 5085 3721 5165 ἆγιώ-ξατυν

2102 5157 2475 5236 πατριάρχὴνᾷ
2520 5157 2819 5236 Ξιφιλῖνρν
2868 5159 3015 5236 arpi»
3062 5157 3454 5236 xpueorroziac.
3669 5157 3721 5236 in

2103 5231 2312 5289 codice
2332 5231 2773 5287 Vindobonensi
2824 5233 2893 5285 ad
2943 5231 3281 5288 Michaelem
3344 5231 3721 5301 (Cerularium)

2102 5307 2397 5375 dirigitur,
2447 5308 2541 5380 rei}
2590 5301 2905 5380 λογωτᾲςεου
2970 5304 3058 5380 xui
3116 5300 3391 5380 πανσόφόυ
3440 5300 3719 5380 ὺπερτίμςδυ

2100 5369 2267 5450 acopo?)
2287 5372 2529 5451 ’Μιχαὴλ
2560 5377 2655 5451 τοῦ
2674 5369 3063 5451 ’ὶῑνελλοῦμςπερὶ
3102 5369 3458 5451 χρυσοτξοιίας
3482 5369 3609 5447 πρὸς
3638 5369 3717 5423 τὸν

2098 5443 3019 5522 πσίτριάρχῆν,κούριον-Μιχατξλξ
3104 5443 3156 5451 η’
3222 5520 3233 5522 _
3355 5519 3388 5522 __
3462 5443 3530 5522 _'

2172 5514 2249 5585 (ὠ)
2284 5514 2657 5592 ln"epistolis
2704 5514 3133 5575 Socraticorum
3185 5520 3257 5575 ab
3305 5518 3511 5576 Allatio
3558 5514 3715 5569 editis
