4084 6140
407 314 524 373 501
1671 312 2045 374 DIATRIBA
2088 310 2191 370 DE
2233 310 2578 372 PSELLIS.
3709 310 3828 371 502

408 439 602 511 ἐπειδὴ
660 443 781 504 νέος
840 443 935 515 μὶν
997 440 1070 497 ὥν
1118 441 1197 507 εἷς
1240 443 1334 498 τὸν
1386 442 1564 516 δῆμον
1617 444 1752 516 μετὰ
1795 443 2057 515 Τιμοθὲοι

2182 445 2506 513 operatione
2565 444 2881 500 dazmonum
2945 442 3095 498 liber
3158 445 3189 497 é
3256 443 3452 498 Graeco
3531 442 3595 498 in
3669 441 3830 497 Lati-

405 532 529 595 καθ’
595 532 746 603 ὑμῶν
820 529 1112 593 ἐπιστολὶς
1192 531 1423 607 αἰσχρὰς
1500 527 1751 608 ἔγραφεν,
1828 532 1943 586 νυνὶ
2013 529 2057 585 δὲ

2178 549 2321 587 num
2355 532 2433 604 (y)
2466 549 2784 588 conversus
2816 536 2906 588 est
2958 550 2990 587 a
3034 532 3202 587 Petro
3249 531 3486 586 Morello
3534 531 3605 601 (πθ)
3651 531 3828 585 Turo-

405 614 721 693 πρεσϐύτης
777 614 873 686 ὥν,
935 620 1116 695 ὥσπερ
1179 621 1339 689 ἑκὼν,
1384 623 1419 689 ἢ
1477 626 1687 699 φθονῶν
1733 622 1801 676 τὰ
1839 621 2057 676 πλεῖστά

2177 622 2368 688 nensi,
2403 622 2719 693 editusque
2752 623 2956 677 Latine
2987 638 3119 677 cum
3156 622 3494 677 Praafatione
3537 620 3825 675 Francisci

403 713 515 763 τῶν
623 709 748 781 ὑμῖν
857 709 1215 784 ὑπαρχόντων
1302 710 1519 783 ἀγαθῶν
1610 708 2012 785 παραλέλοιπεν
2051 752 2063 763 .

403 794 726 854 Απέσταλκε
756 794 814 851 δέ
858 817 945 851 σοι
996 796 1188 873 Λόγον,
1223 798 1283 852 ’ὸν
1325 799 1386 853 τὸ
1438 798 1532 871 μὶν
1565 803 1781 871 πρῶτον
1834 794 2063 873 ἔγραψεν

402 882 743 961 Ἀγησιλάῳ,
807 886 976 961 μικρά
1032 883 1378 949 διασκευάσας
1435 886 1654 959 ὕστερον
1710 886 1911 942 ἐπώλει
1987 890 2064 958 τῷ

406 974 662 1037 Σικελίας
718 975 966 1050 τυράννῳ
1024 976 1306 1049 Διονυσίῳ.
1366 977 1441 1033 Τὸ
1500 974 1557 1031 δὲ
1608 976 1789 1050 τρίτον
1833 978 1902 1031 τὰ
1962 976 2059 1049 μὲν

403 1062 643 1141 ἀφελὼν,
673 1063 738 1117 τὰ
780 1061 835 1118 δὲ
883 1065 1138 1137 προσθεὶς
1182 1064 1537 1136 ἐμνήστευσεν
1593 1061 1935 1140 Ἀλεξάνδρῳ
1983 1069 2062 1136 τῷ

404 1152 683 1224 Θετταλῷ,
712 1152 773 1206 τὸ
806 1149 862 1207 δέ
890 1150 1203 1208 τελευταῖον
1234 1158 1325 1207 νῦν
1367 1154 1505 1229 πρὸς
1557 1154 1613 1207 σὶ
1652 1152 1936 1229 γλίσχρως
1967 1153 2061 1207 αὐ-

400 1242 495 1297 τὸν
563 1241 939 1311 ἀπηκόντισεν.
1008 1245 1070 1299 Id
1133 1248 1226 1300 est
1275 1261 1289 1299 :
1348 1244 1624 1300 Similiter
1686 1250 1738 1301 et
1802 1247 2062 1300 Isocrates

388 1332 622 1402 juvenis
654 1333 852 1398 adhuc,
882 1350 996 1387 una
1044 1350 1168 1388 cum
1225 1334 1520 1401 Timotheo,
1569 1344 1763 1389 contra
1801 1350 1891 1390 vos
1940 1336 2059 1404 epi-

397 1420 583 1478 stolas
606 1424 833 1493 probris
859 1423 1051 1493 plenas
1081 1423 1152 1478 ad
1174 1424 1442 1495 populum
1479 1424 1831 1490 scriptitabat
1846 1440 1866 1483 ,·
1914 1439 2063 1477 nunc

396 1526 591 1582 senex,
624 1514 741 1567 sive
768 1513 976 1580 volens,
1008 1514 1126 1567 sive
1156 1512 1462 1568 invidentia
1502 1514 1765 1581 percitus,
1816 1529 1903 1567 res
1948 1528 2059 1568 ves-

398 1604 520 1655 tras
554 1617 719 1672 quam
747 1602 1040 1673 plurimas,
1090 1618 1286 1673 easque
1333 1602 1499 1658 bonas
1546 1603 1772 1656 silentio
1817 1606 2059 1669 praeter-

396 1691 485 1744 iit.
522 1690 777 1761 Misitque
805 1690 876 1745 ad
904 1693 958 1744 te
987 1699 1317 1760 orationem,
1368 1708 1533 1761 quam
1573 1692 1824 1762 primum
1870 1690 2057 1759 Agesi-

400 1778 492 1835 lao
560 1779 946 1849 inscripserat,
1013 1784 1065 1835 et
1125 1782 1322 1851 paucis
1402 1774 1709 1836 immut'atis
1792 1780 2057 1850 Dionysio
2088 1808 2134 1872 Β

394 1867 612 1923 Siciliae
643 1870 885 1939 tyranno
916 1869 1168 1923 venalem
1220 1869 1503 1933 exhibuit,
1557 1871 1805 1939 tertium,
1863 1869 2058 1923 multis

394 1955 608 2011 additis
672 1957 972 2028 multisque
1047 1957 1330 2025 detractis,
1417 1958 1733 2013 Alexandro
1811 1958 2056 2012 Thessalo

395 2044 706 2116 despondit,
755 2062 903 2100 nunc
947 2046 1169 2101 tandem
1216 2047 1287 2102 ad
1335 2052 1386 2104 te
1435 2048 1813 2117 illiberaliter,
1862 2055 1921 2102 ut
1975 2049 2056 2101 ita

394 2133 581 2189 dicam
606 2134 921 2204 ejaculavit.
958 2134 1469 2205 Elegantissimam
1498 2136 1666 2206 hanc,
1694 2141 1750 2191 et
1798 2135 2055 2207 reliquas

394 2222 653 2278 Socratis
683 2227 740 2278 et
770 2222 1019 2278 aliorum
1049 2222 1474 2279 Socraticorum
1507 2223 1784 2295 epistolas
1816 2224 2054 2279 Latinas

388 2314 519 2384 jam
554 2318 726 2369 antea
756 2333 789 2370 a
820 2331 912 2369 me
943 2315 1143 2381 factas,
1190 2313 1553 2385 antiquitatis
1602 2314 2055 2386 vestigatoribus

396 2419 580 2474 quam
615 2403 877 2475 primum
910 2403 1383 2459 communicabo.
1417 2404 1523 2458 Sed
1560 2404 1632 2459 ad
1680 2420 1823 2459 rem.
1879 2403 2054 2459 Lilius

395 2491 691 2564 Gyraldus
720 2492 1075 2566 Dialogismo
1105 2494 1138 2546 8
1170 2491 1659 2558 narrat,libellum
1692 2493 2049 2563 hunc,qusm

390 2585 568 2635 vocat
600 2580 927 2645 aureolum,
961 2581 1112 2636 inter
1138 2586 1501 2653 pervetuslos
1550 2581 1778 2637 codices
1827 2583 2054 2638 Grzncos

396 2673 725 2737 repertum,
756 2683 1051 2739 manuque
1083 2685 1192 2723 sua
1241 2668 1598 2741 exscriptum
1647 2669 1782 2725 Pico
1835 2669 2053 2724 Miran-

395 2756 551 2811 dulaa
601 2773 664 2811 se
714 2755 1048 2824 tradidisse,
1109 2772 1543 2829 exornasseque
1600 2757 1709 2813 hoc
1764 2758 2054 2830 epigram-

399 2849 561 2899 mate
597 2860 610 2900 :

400 3021 464 3077 Si
497 3020 646 3075 velut
676 3018 963 3092 Esonides
989 3020 1287 3090 Nepheleia
1321 3020 1533 3077 vellera
1561 3023 1787 3092 quaeris,

473 3096 593 3149 Non
621 3108 724 3163 per
754 3091 1007 3164 Cyaneas
1038 3093 1146 3146 illa
1172 3092 1405 3162 petenda
1432 3091 1635 3164 petras.

397 3165 467 3221 Si
493 3162 629 3233 quae
648 3162 925 3217 Tantaleis
959 3162 1244 3218 latuerunt
1272 3162 1479 3219 sedibus
1509 3165 1677 3234 Atrei,

467 3235 588 3290 Non
620 3250 685 3289 ea
719 3235 978 3306 Tantalea
1001 3236 1201 3305 [raude
1226 3236 1488 3306 paranda
1516 3236 1642 3290 tibi.

398 3307 763 3376 Hesperidum
784 3307 837 3360 si
868 3305 1021 3361 mala
1050 3308 1205 3373 cupis
1228 3305 1448 3361 servata
1478 3308 1740 3375 Dracone,

469 3379 591 3433 Non
621 3393 753 3447 opus
782 3378 1064 3445 Herculeo,
1098 3380 1225 3433 Pice
1256 3378 1438 3433 labore
1466 3378 1587 3433 tibi.

396 3449 460 3504 Si
485 3450 767 3519 quidquid
795 3450 974 3519 nigris
1005 3451 1139 3504 auri
1165 3448 1421 3517 defertur
1444 3450 1509 3503 ab
1542 3449 1718 3518 Indis,

474 3524 593 3592 Non
625 3526 704 3575 est
735 3536 858 3573 cum
887 3520 1135 3575 trucibus
1164 3536 1348 3592 pugna
1374 3523 1565 3587 futura
1589 3524 1746 3592 feris.

401 3590 514 3663 [27]
553 3591 612 3646 Si
640 3591 905 3662 quidquid
938 3593 1111 3661 Lydis
1140 3590 1226 3645 vel
1255 3593 1425 3647 Iberis
1454 3590 1696 3647 volvitur
1725 3592 1910 3661 undis,

471 3664 589 3718 Non
619 3664 724 3717 tibi
751 3680 846 3732 per
873 3672 1064 3732 gentes
1095 3666 1253 3732 longa
1283 3664 1507 3718 terenda
1536 3667 1631 3718 via
1663 3673 1759 3719 est.

398 3736 603 3792 Omnes
633 3749 749 3790 ecce
778 3734 884 3789 tibi
910 3737 1120 3803 ignotos
1142 3750 1471 3804 quacunque
1495 3736 1790 3805 parandos,

478 3807 796 3875 Thesauros,
825 3821 995 3876 parvo
1026 3805 1208 3861 codice
1237 3807 1461 3863 Psellus
1492 3808 1672 3862 habet.

474 4003 622 4058 Hinc
655 4003 928 4075 frequens
961 4001 1120 4059 illius
1153 4003 1466 4070 mentio,et
1496 4003 1784 4059 dictorum
1814 4019 2054 4059 examen

398 4094 557 4164 apud
625 4092 911 4148 Joannem
972 4091 1346 4147 Franciscum
1405 4092 1604 4147 Picum
1660 4092 1718 4147 in
1771 4092 1939 4148 libris
1986 4094 2057 4148 de

394 4185 577 4251 Auro,
634 4182 734 4237 sed
796 4179 1086 4252 praecipue
1143 4197 1270 4252 cap.
1301 4182 1356 4250 ⁸2
1408 4180 1511 4236 lib.
1571 4199 1633 4249 ιι,
1681 4183 2059 4238 Democriticse

395 4277 552 4325 sectae
617 4273 669 4325 et
736 4270 1067 4325 Abderiticae
1132 4270 1279 4323 inter
1352 4270 1673 4325 Aristotelis
1737 4272 2059 4341 interpretes

398 4358 640 4413 Michael
670 4359 887 4413 Psellus
920 4374 1026 4413 non
1058 4359 1237 4412 solum
1268 4360 1537 4425 meminit,
1578 4359 1678 4413 sed
1723 4376 1756 4413 a
1804 4375 1860 4413 se
1908 4376 2056 4414 reve-

400 4449 526 4502 lata
574 4448 767 4502 scribit
811 4449 932 4517 ejus
982 4463 1216 4502 arca-na.
1273 4448 1379 4502 Hic
1424 4449 1576 4502 enim
1602 4452 1720 4518 post
1750 4447 2055 4515 Rhetorica,

2179 714 2545 769 lieuardentii
2594 715 2836 770 Parisiis
2888 715 3042 785 apud
3098 713 3455 769 Gulielmum
3501 710 3824 767 Chaudiere

2174 802 2336 870 4377,
2368 804 2422 872 8,
2455 809 2509 858 et
2541 820 2695 859 anno
2730 804 2886 858 1615.
2922 803 3163 858 Lutetiae
3194 803 3554 858 Parisiorum
3587 799 3741 855 notis
3792 816 3827 853 a

2173 908 2236 947 se
2268 891 2628 947 illustratum
2677 892 2907 963 primus
2956 892 3149 948 Graece
3198 893 3289 962 (ex
3335 892 3565 947 duobus
3614 906 3829 945 manu.

2172 981 2408 1051 scriptis
2442 998 2548 1037 suo
2580 987 2636 1037 et
2666 981 2912 1053 Morelli)
2942 980 3123 1037 edidit
3140 981 3433 1036 Gilbertus
3454 978 3826 1047 Gaulminus,

2173 1085 2306 1123 cum
2341 1070 2823 1140 interpretatione
2857 1070 3063 1125 Latina
3093 1071 3362 1141 ejusdem
3396 1066 3829 1125 Morelli.Plura

2170 1156 2309 1213 item
2370 1175 2439 1213 ex
2497 1161 2700 1214 eodcm
2761 1158 3000 1231 Dialogo
3058 1165 3345 1229 excerpta,
3409 1158 3611 1213 Latina
3676 1157 3827 1211 facta

2168 1246 2382 1301 Joanni
2416 1249 2785 1315 Medici,una
2815 1265 2948 1303 cum
2981 1248 3111 1303 aliis
3142 1265 3211 1303 ex
3240 1245 3823 1314 Jamblicbo,Proclo,

2170 1335 2513 1408 Porphyrio,
2547 1337 2846 1392 Marsilius
2906 1337 3140 1392 Ficinus
3190 1341 3649 1407 nuncupaverat.
3682 1337 3822 1390 Ges-

2169 1441 2346 1480 nerus
2380 1426 2669 1496 scriptum
2702 1426 2960 1497 reliquit,
2996 1426 3250 1481 Psellum
3284 1427 3433 1481 duos
3480 1424 3549 1479 de
3598 1430 3823 1479 Daemo-

2169 1514 2345 1568 nibus
2407 1513 2589 1570 libros
2658 1516 2989 1586 scripsisse,
3051 1531 3199 1585 quos
3260 1513 3475 1586 Diegus
3523 1513 3821 1567 Hurtadus

2167 1603 2420 1659 Venetiis
2481 1604 2842 1674 possidebat,
2894 1605 3214 1675 excusique
3279 1608 3443 1659 erant
3512 1605 3711 1657 Latine
3761 1601 3823 1655 in

2167 1692 2399 1747 ofﬁcina
2429 1693 2579 1746 Aldi.
2620 1693 2694 1747 De
2747 1692 3008 1748 Hurtado
3058 1692 3207 1748 nihil
3257 1693 3408 1747 dico.
3458 1692 3538 1747 De
3589 1689 3824 1747 ofﬁcina

2167 1780 2299 1835 Aldi
2330 1781 2540 1837 falsum
2570 1787 2659 1837 est
2688 1781 2769 1836 ibi
2801 1780 2909 1837 hos
2939 1782 3086 1837 duos
3116 1781 3295 1836 libros
3327 1781 3397 1836 de
3446 1780 3814 1835 daemonibus

2167 1886 2296 1925 esse
2341 1869 2684 1941 impressas,
2721 1886 2850 1925 cum
2893 1872 2951 1925 in
3005 1870 3103 1926 illa
3150 1871 3402 1926 editione
3450 1869 3597 1924 nihil
3651 1869 3811 1925 aliud

2166 1959 2559 2029 contineatur,
2653 1976 2830 2029 quam
2928 1964 3199 2030 excerpta
3291 1958 3394 2014 illa
3486 1958 3809 2022 Ficiniana,

2165 2048 2382 2119 saepius
2430 2048 2507 2119 (a)
2539 2048 2746 2103 multis
2776 2048 2836 2103 in
2867 2048 3017 2103 locis
3043 2049 3221 2115 edita,
3246 2048 3451 2104 eodem
3482 2047 3707 2112 ordine,
3741 2063 3808 2101 ac

2165 2136 2566 2192 distinctione.
2601 2136 2952 2193 Gnulminus
2981 2139 3271 2209 conjectat
3300 2153 3369 2192 ex
3397 2136 3590 2192 verbis
3620 2135 3808 2207 ipsius

2165 2224 2338 2280 Pselli
2369 2226 2428 2279 in
2459 2226 2573 2281 ﬁne
2604 2225 2823 2297 dialogi
2871 2228 2941 2282 de
2990 2227 3378 2298 daemonibus,
3429 2225 3611 2281 libros
3658 2225 3808 2280 duos

2163 2314 2492 2384 scripsisse.
2553 2316 2708 2385 quod
2771 2315 3017 2371 latuisse
3076 2316 3423 2387 interpretes
3479 2313 3809 2383 Moralium,

2164 2408 2220 2457 et
2242 2402 2526 2468 Ficinum,
2557 2404 2685 2458 ideo
2709 2405 2961 2459 maxime
2983 2407 3134 2474 quod
3159 2404 3219 2458 in
3242 2404 3530 2475 excerptis
3561 2420 3591 2458 e
3622 2403 3810 2459 Psello

2165 2509 2290 2563 qua:
2326 2509 2477 2547 :cum
2538 2492 2825 2563 excerptis
2887 2493 3105 2563 pariter
3158 2493 3271 2563 [28]
3328 2509 3396 2548 ex
3455 2491 3808 2557 Jamblicbo,

2161 2579 2384 2648 Proclo,
2441 2585 2499 2636 et
2548 2581 2863 2653 Porphyrio
2928 2582 3087 2637 edita
3143 2587 3301 2648 sunt,
3356 2580 3552 2651 aliqua
3603 2579 3810 2635 ultimo

2164 2672 2353 2741 capite
2383 2671 2607 2738 afferat,
2643 2687 2772 2742 quae
2802 2671 3118 2742 desumpta
3164 2688 3233 2726 ex
3281 2670 3538 2726 secundo
3587 2669 3708 2734 illo,
3761 2669 3811 2723 si

2163 2760 2300 2831 quis
2330 2764 2438 2830 est,
2471 2760 2620 2814 libro
2650 2759 2834 2815 videri
2865 2765 3134 2831 possunt.
3175 2759 3410 2831 Optima
3452 2759 3809 2829 conjectura,

2163 2854 2221 2904 et
2265 2848 2497 2904 veritati
2548 2850 2955 2916 consentiens;
3008 2867 3135 2921 quas
3184 2849 3339 2904 enim
3396 2850 3456 2903 in
3506 2864 3571 2903 eo
3625 2846 3812 2918 capite

2163 2938 2561 3002 continentur,
2617 2955 2774 3002 cum,
2834 2942 2898 2993 ut
2958 2939 3340 2994 manifestum
3411 2937 3625 3009 legenti
3682 2952 3812 2991 esse

2163 3031 2376 3098 potest,
2400 3026 2460 3081 in
2493 3026 2601 3082 hoc
2629 3027 2867 3098 Dialogo
2900 3044 3016 3083 non
3048 3027 3396 3095 habeantur,
3417 3043 3484 3082 ex
3518 3025 3631 3082 alio
3662 3024 3811 3080 libro

2163 3117 2477 3186 desumpta
2511 3131 2637 3171 esse
2670 3132 2902 3171 necesse
2932 3120 3038 3171 est.
3072 3117 3218 3171 Sunt
3247 3121 3463 3185 autem,
3489 3131 3559 3170 ne
3588 3114 3813 3169 diutius

2163 3209 2219 3260 te
2251 3205 2565 3271 detineam,
2600 3204 2801 3270 lector,
2833 3222 2902 3260 ex
2932 3209 3184 3260 tractatu
3216 3205 3481 3275 ejusdem
3532 3202 3704 3259 Pselli
3753 3203 3811 3256 in

2161 3294 2313 3349 hanc
2380 3295 2648 3349 eamdem
2716 3310 2836 3349 rem
2905 3294 3012 3348 sub
3076 3294 3187 3349 hoc
3245 3292 3437 3363 titulo,
3495 3291 3633 3348 Τίνα
3690 3290 3814 3365 περὶ

2162 3378 2434 3454 δαιμόνων
2465 3377 2775 3450 δοξάζουσιν
2806 3379 3099 3451 ’Έλληνεςο
3135 3383 3403 3450 Quaenam
3430 3382 3540 3437 sint
3582 3381 3649 3436 de
3695 3380 3813 3437 dae-

2162 3473 2414 3527 monibus
2444 3473 2727 3542 opiniones
2760 3472 3282 3542 Graecorummujus
3314 3469 3672 3542 principium
3702 3469 3816 3524 tale

2163 3570 2271 3631 est,
2328 3560 2389 3616 Ὀ
2456 3559 2549 3631 μὶν
2612 3558 2880 3635 ἡμέτερος
2935 3558 3099 3635 λόγος
3159 3558 3499 3632 προαιρέσεις
3554 3557 3644 3612 καὶ
3703 3562 3818 3618 τοῖς

2164 3646 2423 3723 ἀγγέλοις
2470 3645 2677 3710 διδούς.
2729 3651 2836 3715 Qui
2897 3667 2969 3705 an
3031 3668 3183 3705 unus
3238 3651 3315 3705 sit
3365 3666 3497 3705 cum
3556 3648 3815 3704 secundo

2165 3739 2525 3794 Hurtadiano
2557 3756 2670 3794 non
2705 3740 2896 3794 ausim
2930 3740 3224 3795 affirmare
3257 3757 3269 3794 :
3303 3743 3359 3794 et
3391 3738 3712 3810 prmsertim
3754 3736 3812 3791 in

2165 3827 2274 3883 hoc
2302 3828 2602 3899 scriptore,
2641 3828 2736 3882 cui
2786 3845 2903 3884 non
2955 3828 3191 3883 defuere
3238 3828 3391 3883 vires
3440 3826 3811 3899 eloquentiae,

2166 3933 2271 3972 nec
2303 3922 2783 3988 argumentorum
2817 3918 3226 3989 copia,quibus
3256 3918 3515 3972 eamdem
3550 3931 3670 3971 rem
3698 3932 3813 3972 non

2167 4005 2369 4073 semel,
2404 4007 2504 4062 sed
2539 4006 2759 4078 pluries
2808 4010 3222 4077 pertractaret;
3272 4010 3335 4060 ut
3377 4004 3571 4060 videre
3616 4008 3707 4059 est
3752 4004 3813 4059 in

2168 4094 2301 4149 aliis
2332 4095 2403 4149 ab
2435 4111 2500 4149 eo
2532 4095 2900 4166 conscriptis.
2936 4095 3107 4149 Porro
3140 4093 3246 4149 hos
3278 4094 3426 4149 duos
3472 4094 3543 4147 de
3592 4097 3812 4148 Daamo-

2168 4182 2343 4237 nibus
2393 4182 2575 4238 libros
2622 4182 2722 4238 alii
2774 4182 3044 4238 tribuunt
3106 4181 3370 4238 Michaeli
3429 4181 3699 4253 Ephesio,
3750 4186 3817 4237 ut

2169 4270 2371 4325 scribit
2404 4271 2754 4326 Possevinus
2787 4271 2845 4325 in
2876 4272 3412 4342 Apparatu.Eorum
3447 4270 3503 4324 in
3540 4270 3814 4325 Latinum

2166 4359 2355 4413 versio
2384 4359 2590 4414 incerti
2636 4359 2851 4431 legitur
2900 4361 2957 4414 in
3012 4360 3150 4415 Cod.
3202 4360 3361 4428 3122,
3414 4359 3815 4429 manuscripto

2170 4448 2490 4504 Vaticano:
2542 4453 2600 4503 et
2646 4450 2717 4503 de
2768 4448 3140 4503 Daemonibus
3188 4453 3461 4519 excerpta
3510 4464 3579 4502 ex
3631 4447 3814 4502 Psello

404 4537 697 4603 Historica,
729 4537 971 4606 Poetica,
1004 4535 1414 4603 Mathematica,
1446 4538 1665 4608 scripsit
1691 4542 1741 4592 et
1772 4536 2052 4608 Chymica,
2086 4539 2131 4603 Ι)
2163 4552 2266 4607 per
2314 4536 2601 4591 Joannem
2652 4536 2936 4591 Jacobum
2985 4537 3387 4592 Bartholotum
3437 4541 3813 4591 Parmensem

398 4641 502 4679 nec
555 4641 668 4681 non
722 4632 777 4681 et
831 4624 1059 4694 Medica,
1114 4639 1238 4697 qum
1302 4627 1664 4682 Constantino
1731 4628 2058 4697 imperatori

396 4711 632 4769 dicavit.

466 4801 715 4858 XXXIX.
775 4803 1052 4874 Ejusdem
1124 4798 1255 4876 Περί
1339 4798 1602 4877 ἐνεργείας
1662 4798 1936 4876 δαιμόνων
1998 4806 2066 4861 de

2168 4626 2496 4697 physicum,
2563 4625 2760 4681 codice
2830 4626 2990 4681 5376.
3063 4626 3205 4682 Vide
3271 4643 3397 4698 quas
3467 4641 3573 4680 nos
3633 4624 3811 4680 etiam

2169 4732 2347 4786 supra
2370 4715 2445 4785 (b)
2475 4715 2752 4770 diximus.

2244 4803 2349 4858 XL.
2382 4804 2662 4874 Ejusdem
2693 4804 2756 4858 In
2785 4804 3033 4862 Oracula
3080 4802 3377 4861 Chaldaica
3422 4804 3691 4875 expositio
3739 4803 3809 4876 (ο)

2001 4901 2215 4958 NOT/E

472 4990 551 5059 (ῃ)
585 4989 648 5044 Ιιι
678 4987 844 5060 Bibl,
879 4986 1100 5060 Gallica
1147 4986 1503 5060 Crucimanii
1552 5006 1609 5060 p.
1661 4990 1784 5044 405.
1837 4988 2057 5046 Gallica

400 5058 582 5116 etiam
614 5060 801 5116 versio
833 5058 1010 5129 hujus
1038 5058 1173 5113 libri
1206 5075 1239 5114 a
1272 5059 1509 5115 Morello
1553 5058 1716 5114 edita
1766 5076 2057 5116 memora-

398 5137 523 5197 tur,
555 5131 763 5195 Paris.,
817 5132 971 5201 apud
1024 5129 1177 5201 Guil.
1230 5129 1574 5198 Chaudiere,
1627 5132 1786 5196 1575,
1840 5133 2057 5188 additis

401 5202 697 5270 capitibus
727 5203 817 5266 33,
849 5200 907 5256 et
934 5202 1024 5269 36,
1057 5200 1190 5255 libri
1224 5203 1415 5271 quarti
1446 5203 1655 5257 Nicetes
1689 5204 1759 5257 de
1802 5204 2059 5260 Colossis

399 5274 569 5329 Asiae.
608 5274 839 5328 Librum
871 5271 1045 5327 Pselli
1077 5272 1301 5343 accepit
1334 5274 1607 5329 Morellus
1637 5291 1666 5329 e
1698 5275 2058 5331 Bibliotheca

395 5344 601 5401 Jacobi
636 5346 693 5400 S.
727 5343 1044 5406 Andreani,
1075 5343 1341 5398 canonici
1375 5345 1433 5399 S.
1469 5343 1667 5399 Mariae
1698 5348 1883 5401 Paris.

471 5418 545 5485 (κ)
579 5415 800 5472 Morelli
854 5417 1043 5471 versio
1094 5414 1278 5469 latina
1324 5422 1517 5470 exstat
1567 5417 1742 5471 etiam
1790 5417 1848 5471 in
1906 5416 2053 5471 Bibl.

404 5491 645 5543 Patrum
678 5489 816 5543 edit.
854 5487 1033 5552 Lugd.
1068 5486 1135 5558 Τί.
1182 5503 1343 5558 xvm.
1396 5504 1451 5558 p.
1499 5487 1623 5542 569.
1670 5490 1815 5542 Hinc
1867 5488 2059 5543 Graece

400 5566 463 5615 et
496 5559 699 5614 Latine
732 5575 862 5614 cum
894 5557 1189 5614 Gaulmini
1225 5558 1379 5612 notis
1399 5557 1569 5613 hunc
1599 5558 1812 5613 librum
1863 5560 2057 5614 minus

404 5632 713 5686 emendate
744 5631 940 5686 recudi
972 5629 1199 5684 curavit
1252 5630 1330 5698 B.
1366 5630 1506 5684 Dan.
1552 5628 2055 5698 Hasenmullerus,

405 5701 595 5758 Kilon.
630 5704 789 5771 1688,
822 5703 909 5757 12.
944 5700 1085 5757 Vide
1114 5702 1171 5754 et
1198 5698 1249 5755 si
1281 5697 1471 5772 placet
1498 5702 1827 5757 Cardanum
1861 5718 1911 5757 c.
1963 5697 2051 5756 93.

2163 4994 2245 5061 De
2276 5003 2470 5061 rerum
2504 4989 2821 5061 varietate,
2874 4990 2936 5045 T.
2984 4988 3111 5061 7111,,
3138 5005 3271 5061 opp.
3325 5006 3381 5060 p.
3430 4988 3674 5061 319st}.
3718 4994 3808 5048 J0.

2164 5006 2245 5115 ἕρ
2276 5006 2470 5071 rerum
2520 5006 2821 5071 varietate,
2881 5006 2936 5045 1'.
2990 5006 3086 5052 111,
3138 5006 3271 5115 op)p.
3325 5006 3381 5060 p.
3430 5006 3537 5043 διν
3584 5006 3674 5061 sq.
3718 5006 3808 5048 «ιο.

2177 5076 2450 5132 Mericum
2502 5060 2648 5116 Bibl.
2699 5060 3021 5116 Umversal.
3071 5060 3140 5116 T.
3256 5060 3595 5132 V,_p.A118,
3629 5078 3718 5132 sq.
3753 5068 3813 5119 et

2164 5130 2501 5206 Yignoljum
2554 5133 2878 5206 Marvillum
2936 5149 2981 5186 s.
3035 5148 3097 5206 ιι,
3152 5129 3399 5206 misce”)
3450 5129 3696 5206 litterati
3738 5152 3811 5206 _p.

2164 5197 2289 5278 ξοδ.
2319 5270 2331 5278 _
2359 5202 2598 5278 Dialogi
2626 5204 2861 5278 titulus
2899 5197 3212 5278 _Ttt160_soq_
3254 5201 3288 5269 ἢ
3353 5202 3478 5278 περὶ
3543 5197 3810 5278 ἐνεργείας

2168 5269 2477 5348 δαιμόνων.-
2529 5269 2679 5348 Vide
2721 5269 3030 5348 Fulvium»
3086 5273 3360 5348 Ursinum
3424 5269 3488 5330 in
3554 5269 3809 5348 Ly'ri'eor.

2168 5344 2513 5414 fragmentis
2546 5363 2600 5417 ρ.
2637 5347 2756 5400 179.
2793 5352 2848 5398 et
2875 5346 3142 5417 Lambec.
3175 5345 3276 5401 lib.
3310 5364 3408 5415 νιι,
3444 5364 3499 5417 ρ.
3542 5344 3658 5404 138.

2238 5416 2313 5490 (a)
2344 5416 2680 5490 Qonferﬂlib.
2716 5418 2766 5472 1.
2799 5416 2945 5471 Bibl.
2980 5420 3208 5478 Graeca,
3240 5434 3292 5474 c.
3324 5420 3376 5486 7,
3411 5416 3522 5490 §74.

2238 5487 2312 5555 (b)
2345 5488 2532 5557 Supra
2561 5487 2589 5555 ξ
2616 5488 2669 5541 9.

2238 5559 2313 5627 (c)
2346 5559 2694 5630 Inscribitur
2722 5560 2897 5630 etiam
2928 5557 2989 5613 in
3022 5559 3220 5630 codice
3251 5576 3424 5630 quem
3457 5560 3810 5630 habeoms.,

2165 5630 2269 5706 ’[οὒ
2342 5629 2662 5706 σοφωτάτου
2736 5627 2958 5685 Ψελλοῦ
3034 5627 3288 5703 ἐξήγησις
3360 5630 3437 5692 εἷς
3515 5632 3580 5685 τὰ
3650 5627 3810 5706 λόγια

2166 5698 2543 5775 Ζωροάστρου.
