4084 6140
392 312 511 373 503

1779 302 2063 367 LEONIS
2108 301 2423 362 ALLATII

3664 310 3771 371 504

395 447 568 517 cujus
616 444 989 517 potissimam
1036 446 1258 515 partem
1309 440 1676 514 Nicephorus
1730 442 2038 511 Gregoras,
2069 435 2122 502 Α
2152 434 2299 503 tadi,
2327 434 2535 490 (διεξίοι-ἰ
2566 434 2637 490 ad
2669 433 2922 491 Venetos
2951 434 3235 508 Oratoris,
3286 438 3461 495 refert
3503 443 3771 501 Gesnerus

394 535 521 590 suis
550 534 608 588 in
641 533 872 605 Synesii
904 532 1167 587 libellum
1200 533 1273 586 de
1304 530 1621 586 Insomniis
1670 528 2038 583 Commenta-

396 624 522 689 riis,
553 625 906 678 verbotenus
937 623 1113 677 tacito
1148 620 1318 676 Pselli
1350 620 1607 687 nomine,
1642 615 2034 687 transcripsit.

395 716 512 767 Nec
544 728 660 766 non
692 712 981 782 ejusdem,
1018 711 1205 765 Brevis
1250 709 1566 779 dogmatum
1614 706 2037 763 Chaldaieorum

393 801 714 867 declaratio,
750 801 827 871 (d)
859 800 1051 855 Graece
1091 804 1147 853 et
1195 798 1393 852 Latine
1444 797 1698 867 primum
1749 795 1905 848 edita
1950 796 2040 847 est

397 907 431 944 a
496 890 801 945 Francisco
866 887 1112 943 Patricio
1180 888 1237 940 in
1304 886 1464 939 Nova
1531 882 1904 954 Philosophia
1969 883 2039 936 de

391 978 690 1034 Universis
740 979 811 1049 (e)
858 977 915 1031 in
976 980 1264 1042 Zorastre,
1316 974 1653 1043 imperfecte
1711 977 1931 1037 tamen,
1983 974 2042 1024 et

392 1069 654 1133 confuse,
717 1083 847 1121 cum
912 1071 1231 1136 utrumque
1289 1062 1776 1117 commentarium
1836 1060 2038 1114 eadem

392 1157 683 1211 sententia
713 1154 1046 1221 concludat,
1080 1154 1165 1207 sic
1193 1152 1349 1207 enim
1384 1151 1607 1206 claudit
1655 1166 1668 1204 :
1719 1146 1931 1201 Τούτων
1984 1143 2043 1199 δὲ

386 1248 495 1297 τῶν
568 1240 852 1317 δογμάτων
918 1241 985 1296 τὰ
1060 1238 1259 1306 πλείω,
1319 1239 1409 1292 καὶ
1485 1236 1891 1312 Ἀριστοτέλης,
1951 1234 2041 1289 καί

390 1331 619 1386 Πλάτων
672 1329 944 1400 ἐδέξαντο,
993 1331 1044 1383 οἱ
1106 1327 1164 1383 δὲ
1222 1327 1343 1403 περὶ
1378 1326 1678 1397 Πλωτῖνον,
1710 1324 1798 1379 καὶ
1831 1323 2043 1400 Πορφύ-

392 1440 528 1495 ριον,
602 1421 692 1475 καὶ
774 1414 1123 1492 Ἰάμϐλιχον,
1198 1418 1288 1471 καὶ
1369 1415 1615 1489 Πρόκλον
1702 1421 1831 1469 πᾶσι
1909 1435 2042 1468 κατ-

391 1509 778 1580 ηκολούθησαν
814 1554 829 1578 ,
882 1506 973 1561 καὶ
1045 1508 1120 1567 ὡς
1199 1506 1342 1569 θείας
1400 1506 1579 1581 φωνὰς
1638 1501 2043 1577 ἀσυλλογίστως

387 1602 558 1651 ταῦτα
588 1594 850 1666 ἐδέξαντο.
884 1598 1090 1651 Horum
1122 1604 1307 1650 autem
1336 1596 1655 1665 dogmatum
1696 1594 1943 1663 plurima
1990 1601 2043 1647 et

394 1688 708 1743 Aristoteles
755 1695 807 1741 et
853 1686 1016 1741 Plato
1063 1689 1434 1755 susceperunt.
1493 1684 1741 1738 Plotinus
1795 1699 1940 1749 vero,
1990 1685 2043 1737 et

394 1776 762 1847 Porphyrius,
795 1778 847 1831 et
892 1774 1259 1842 Jamblichus,
1313 1786 1362 1828 et
1416 1773 1645 1826 Proetus
1692 1773 1880 1826 omnia
1925 1787 2053 1841 sunt
2082 1789 2129 1853 Β

304 1930 309 1933 Α
387 1866 579 1935 seculi,
637 1870 689 1919 et
743 1868 1005 1935 tanquam
1051 1864 1277 1917 divinas
1327 1878 1479 1917 voces
1539 1877 1601 1915 ea
1666 1867 2035 1929 susceperunt.

391 1954 687 2009 Patricius
718 1953 779 2007 in
812 1953 1064 2008 Psellum
1088 1952 1164 2006 ita
1200 1950 1616 2006 animadvertit
1646 1966 1658 2003 :
1693 1949 1915 2003 Similia
1957 1948 2044 2003 his

390 2043 607 2096 Psellus
638 2045 829 2109 postea
856 2040 1111 2101 tradidit,
1160 2040 1377 2093 utinam
1423 2040 1591 2092 siculi
1626 2038 1922 2108 prolixius,
1966 2040 2043 2091 ita

392 2137 446 2184 et
476 2129 832 2201 diligentius,
883 2128 974 2183 sed
1022 2129 1428 2199 qualiacunque
1474 2127 1608 2189 sint,
1656 2142 1765 2181 non
1812 2127 2045 2180 inutilia

396 2220 620 2289 cognitu
647 2219 881 2287 fuerint.
911 2218 1109 2287 Neque
1142 2217 1233 2270 hic
1266 2215 1494 2271 silentio
1529 2216 1639 2285 [29]
1692 2220 2043 2286 praetereun-

396 2309 537 2361 dum
570 2311 679 2371 est,
712 2306 964 2377 primam
996 2305 1437 2376 Expositionem
1471 2303 1527 2357 in
1560 2303 1872 2358 Chaldaica
1900 2303 2045 2358 Ora-

396 2395 529 2450 cula
560 2397 631 2451 ab
682 2394 813 2450 aliis
863 2397 1062 2449 Proclo
1112 2393 1287 2464 Lydio
1335 2393 1403 2463 (Ι)
1466 2392 1703 2457 ascribi,
1754 2392 1837 2447 sic
1885 2393 2044 2447 enim

396 2485 715 2539 adnotatur
779 2484 853 2538 ab
924 2482 1083 2538 illius
1151 2482 1506 2551 exscriptore
1564 2481 1623 2534 in
1682 2480 1877 2535 codice
1941 2483 2046 2536 572

394 2573 696 2637 Vaticano,
730 2568 1019 2643 Ἀλλαχοῦ
1050 2567 1228 2641 εὖρον,
1260 2566 1516 2641 Πρόκλου
1566 2565 1766 2621 Λυδίου
1818 2568 2044 2622 Ὑποτύ-

395 2681 593 2721 πωσις.
620 2661 781 2716 Λιιὺί
808 2660 1016 2727 inveni,
1058 2660 1245 2713 Procli
1294 2660 1456 2730 Lydii
1506 2660 1879 2730 Hypotyposis.
1930 2658 2045 2712 Nec

394 2752 599 2806 dubito
632 2749 921 2817 Proclum,
955 2750 1131 2803 rebus
1163 2749 1322 2803 hisce
1354 2748 1845 2817 addictissimum,
1880 2747 2045 2803 libel-

392 2840 517 2893 lum
578 2840 648 2894 de
706 2839 814 2892 hac
873 2839 1077 2893 eadem
1129 2854 1189 2891 re
1239 2837 1684 2908 conscripsisse.
1744 2838 1855 2893 Sed
1927 2837 2047 2893 sive

396 2928 583 2982 Procli
617 2929 737 2982 sive
770 2926 943 2981 Pselli
975 2926 1165 2996 opella
1212 2926 1504 2996 ejusmodi
1553 2928 1649 2995 sit,
1700 2927 1847 2981 nulli
1894 2927 2044 2981 bono

397 3016 574 3070 fuerit
604 3016 661 3069 id
695 3032 887 3070 nosse.
924 3016 1197 3069 Eamdem
1232 3031 1360 3070 esse
1407 3014 1676 3070 existimo
1725 3016 1785 3070 in
1837 3016 2044 3071 biblio-

392 3105 563 3160 theca
615 3104 829 3176 reginas
886 3100 1107 3169 Galliis,
1172 3120 1299 3174 quas
1349 3103 1512 3173 prius
1562 3105 1751 3160 fuerat
1796 3105 2042 3160 Joannis

398 3193 688 3261 Lascaris,
759 3198 961 3264 postea
1030 3192 1177 3247 Petri
1248 3193 1524 3260 Slrozzae;
1594 3194 1782 3264 primo
1847 3200 2042 3250 autem

398 3282 717 3337 cardinalis
751 3280 1066 3353 Rudolphi,
1098 3286 1161 3335 ut
1194 3282 1400 3336 scribit
1429 3282 1722 3337 Draudius
1752 3283 1811 3337 in
1845 3283 2051 3340 Biblio-

398 3372 566 3426 theca
596 3371 864 3426 classica.
900 3371 1014 3425 Nec
1040 3370 1155 3425 alia
1183 3372 1413 3425 videtur
1443 3388 1569 3441 quae
1600 3371 1658 3426 in
1690 3372 2051 3429 Bibliotheca

395 3457 629 3513 Antonii
660 3457 975 3529 Augustini
1007 3457 1335 3512 habebatur
1362 3460 1490 3512 cod.
1520 3460 1647 3523 219,
1675 3461 1845 3515 Pselli
1866 3462 2048 3525 expli-

398 3549 546 3601 catio
578 3546 907 3613 dogmatum
936 3545 1084 3615 apud
1131 3546 1404 3616 Assyrios.
1458 3546 1800 3603 Absolutius
1848 3554 2050 3618 postea

404 3650 534 3688 cum
564 3633 865 3703 Sibyllinis
916 3632 1205 3698 Oraculis,
1254 3633 1503 3702 aliisque
1553 3634 1789 3689 Parisiis
1834 3638 2050 3707 prodiit

398 3720 595 3776 studio
623 3720 873 3774 Joannis
906 3718 1168 3790 Obsopaei
1199 3719 1276 3789 (g)
1310 3721 1467 3774 1599.
1502 3720 1561 3774 in
1588 3722 1640 3774 8.
1696 3724 2044 3778 Eorumdem

398 3807 843 3880 opusculorum,
874 3808 1105 3863 diversa
1134 3808 1206 3863 ab
1238 3809 1414 3873 edita,
1450 3809 1507 3863 in
1540 3809 1807 3865 Latinum
1858 3814 2045 3869 versio

394 3897 648 3952 habetur
678 3896 1082 3967 manuscripts
1113 3897 1239 3951 cod.
1272 3897 1431 3951 3122.
1466 3897 1759 3964 Vaticano,
1811 3903 2043 3956 Incerti.

467 3985 605 4041 XLI.
660 3986 940 4055 Ejusdem
994 3986 1431 4039 Commentarios
1479 3986 1555 4057 (h)
1605 3989 1665 4041 in
1712 3998 1830 4043 octo
1879 3990 2046 4046 libros

394 4074 705 4130 Aristotelis
732 4074 800 4128 de
830 4074 1067 4145 Physica
1110 4076 1533 4145 auscultatione,
1566 4080 1652 4145 :ex
1682 4078 2045 4149 ginterpreta-

393 4163 553 4218 tione
578 4163 806 4218 Joannis
864 4164 1131 4232 Baptista
1180 4162 1434 4227 Camotii,
1482 4164 1765 4220 cardinali
1815 4168 2045 4223 Herculi

393 4253 675 4321 Gonzagas
736 4254 1131 4319 consecratos,
1179 4252 1363 4306 edidit
1417 4250 1678 4308 Venetiis
1739 4256 2046 4312 Federicus

392 4340 756 4394 Turrisanus
787 4338 992 4393 Latine
1033 4339 1193 4404 1554,
1242 4340 1301 4393 in
1355 4338 1512 4393 folio.
1564 4344 1674 4396 Eos
1719 4346 2045 4400 manuscri-

391 4431 526 4500 ptos
574 4427 770 4483 Graece
825 4427 1089 4482 extitisse
1137 4427 1195 4481 in
1251 4428 1609 4484 bibliotheca
1655 4430 1858 4487 Didaci
1905 4433 2045 4489 Huro

2145 523 2204 577 in
2265 522 2547 578 Michaele
2595 522 2805 593 Psello,
2857 528 2916 579 et
2963 524 3313 582 Possevinus
3365 527 3422 583 in
3474 532 3770 603 Apparatu.

2146 614 2209 667 In
2246 612 2389 666 alios
2420 613 2592 667 etiam
2644 611 2968 669 Aristotelis
3019 614 3200 670 libros
3252 617 3556 689 scripsisse
3602 625 3772 676 mani-

2146 701 2359 755 festum
2390 705 2479 756 est
2509 718 2577 755 ex
2607 700 2843 769 iisdem,
2878 703 2977 773 qui
3008 701 3249 759 Viennae
3300 706 3564 762 scribunt
3608 709 3775 765 fuisse

2147 789 2411 858 ejusdem
2444 791 2729 859 Epitomen
2756 792 3118 862 philosOphiaz
3142 794 3503 852 Aristotelicas
3532 796 3595 853 de
3630 815 3773 869 gene-

2148 881 2378 946 ratione,
2412 883 2463 933 et
2490 882 2861 950 corruptione,
2891 890 2941 936 et
2967 881 3034 936 de
3062 887 3333 939 meteoris.
3384 887 3519 941 Item
3568 888 3775 959 Expoxi~

2148 966 2351 1021 tionem
2396 972 2457 1021 in
2504 969 2880 1039 metaphysica
2926 971 3254 1027 Aristotelis.
3306 974 3605 1046 Latentque
3647 978 3776 1045 ejus-

2148 1054 2288 1124 dem,
2339 1055 2541 1110 scribit
2585 1058 2849 1112 Andreas
2905 1058 3175 1115 Schottus
3233 1061 3460 1119 Praefat.
3513 1064 3571 1119 in
3623 1064 3773 1121 Cant.

2150 1143 2383 1210 cantic,,
2413 1145 2594 1199 Pselli
2616 1147 2863 1215 plurima
2893 1147 2952 1201 in
2984 1148 3231 1215 eiusdem
3258 1152 3573 1208 Aristotelis
3603 1155 3778 1226 Physi-

2149 1248 2289 1298 cam,
2323 1236 2670 1305 primamque
2698 1236 3124 1309 philosophiam,
3173 1241 3234 1294 in
3283 1240 3521 1298 Caesaris
3572 1244 3781 1315 Augusti

2158 1322 2372 1376 Vienna
2404 1323 2750 1379 bibliotheca.

2223 1409 2386 1466 XLII.
2448 1413 2721 1482 Ejusdem
2785 1413 2932 1469 liber
2997 1415 3128 1487 Περὶ
3197 1412 3478 1491 δυνάμεων
3541 1425 3635 1488 τῆς
3696 1423 3779 1493 ψυ-

2152 1501 2284 1571 χῇς,
2315 1502 2388 1557 de
2416 1503 2791 1557 Facultatibus
2820 1506 3049 1575 animae,
3082 1506 3255 1576 cujus
3286 1507 3430 1563 illud
3466 1515 3553 1565 est
3582 1510 3779 1581 princi-

2152 1588 2314 1659 pium
2370 1605 2384 1643 ε
2435 1590 2559 1645 ’Ότι
2608 1593 2715 1643 τῶν
2769 1592 3024 1666 ψυχικῶν
3073 1590 3357 1667 δυνάμεων
3409 1597 3463 1650 αἱ
3524 1598 3615 1669 μὲν
3664 1597 3781 1651 εἰσιν

2152 1672 2370 1749 ἄλογοι,
2439 1680 2550 1734 sub
2618 1684 2892 1753 anonymi
2961 1683 3219 1749 nomine,
3279 1690 3335 1741 et
3404 1687 3574 1743 titulo
3640 1686 3779 1756 Δόξαι

2160 1764 2285 1839 περί
2315 1767 2521 1839 ψυχῆς.
2549 1760 2623 1822 De
2672 1771 2862 1824 anima
2909 1771 3146 1827 celebres
3192 1776 3505 1845 opiniones,
3552 1777 3709 1847 quasi
3754 1793 3782 1831 ιι

2159 1855 2308 1909 libro
2358 1854 2616 1926 longiore
2664 1862 2720 1912 et
2770 1859 3024 1929 perfecto
3075 1858 3361 1935 Ἐκλογαί,
3406 1864 3495 1916 καὶ
3545 1869 3779 1938 Χρηστο-

2156 1944 2370 2014 μαοεῖαι
2404 1944 2516 2015 [30]
2549 1946 2744 2001 editus
2774 1954 2863 2002 est
2889 1951 3082 2005 Graece
3115 1956 3172 2005 et
3222 1952 3450 2019 Latine,
3498 1971 3531 2008 a
3574 1955 3780 2010 Joanne

2152 2033 2363 2087 Tarino
2397 2034 2710 2106 Andegavo
2741 2052 2965 2105 versus,
2999 2055 3131 2093 cum
3165 2041 3434 2111 Origenis
3470 2042 3782 2108 Philocalia;

2151 2121 2437 2176 Zachariaa
2493 2122 2856 2193 Scholastici,
2931 2127 3190 2198 episcopi
3266 2128 3662 2202 Mitylenensis
3724 2131 3784 2184 de

2155 2211 2358 2264 mundi
2391 2210 2666 2280 Opiﬁcio;
2701 2217 2757 2267 et
2787 2215 3082 2269 Anastasii
3116 2216 3373 2284 Sinaitm,
3424 2220 3495 2275 de
3548 2220 3786 2275 hominis

2154 2300 2224 2353 ad
2260 2299 2576 2369 imaginem
2606 2300 2706 2355 Dei
2739 2305 2797 2356 et
2842 2302 3286 2361 similitudinem
3337 2309 3650 2373 creatione,
3700 2309 3790 2362 Lu-

2153 2393 2254 2442 tet.
2305 2389 2515 2455 Paris,
2568 2406 2661 2459 ap.
2713 2390 3126 2448 Sebastianum
3181 2395 3491 2469 Cramoisy
3542 2398 3690 2464 1624,
3735 2397 3783 2452 4.

2156 2478 2329 2533 Illum
2360 2480 2573 2534 vetu‘sti
2606 2481 2835 2536 codices
2879 2482 3040 2539 MSS.
3091 2484 3280 2541 Psello
3327 2487 3650 2554 vindicant,
3699 2502 3792 2541 nec

2155 2584 2187 2622 a
2234 2567 2403 2623 Pselli
2461 2569 2746 2625 orationis
2791 2575 3090 2627 structura
3140 2573 3312 2647 longe
3365 2577 3555 2633 abest.
3605 2577 3689 2646 Et,
3734 2575 3787 2631 ni

2154 2655 2342 2725 fallor,
2398 2656 2553 2712 idem
2601 2658 2729 2729 ipse
2776 2664 2886 2725 est,
2938 2677 3109 2732 quem
3160 2662 3351 2719 Psello
3406 2666 3689 2733 tribuunt,
3733 2665 3789 2719 de

2153 2748 2337 2800 animo
2365 2746 2661 2801 secundum
2707 2749 2926 2803 variam
2967 2749 3427 2822 philosophorum
3475 2756 3786 2826 opinionem.

2155 2834 2214 2887 in
2248 2837 2583 2904 Augustana
2614 2834 2989 2905 bibliotheca,
3020 2838 3078 2892 in
3110 2842 3362 2897 armario
3397 2842 3468 2898 II.
3497 2844 3667 2898 Index
3695 2844 3789 2896 Au-

2155 2928 2444 2993 gustanus
2479 2941 2491 2977 :
2521 2928 2579 2977 et
2620 2923 2679 2977 in
2732 2923 3085 2982 bibliotheca
3134 2928 3509 3000 imperatoris
3555 2931 3784 2995 Viennae,

2152 3011 2456 3082 Bpachius.
2511 3012 2627 3067 Nec
2685 3012 2837 3068 alius
2895 3014 3092 3069 forsan
3148 3022 3260 3082 est,
3321 3020 3427 3089 qui
3488 3020 3546 3074 in
3606 3017 3787 3074 biblio-

2154 3100 2325 3154 theca
2390 3101 2544 3172 regis
2620 3100 2939 3170 Gallorum,
3004 3105 3177 3161 Pselli
3240 3108 3315 3162 de
3381 3114 3592 3179 anima,
3656 3106 3786 3179 legi-

2159 3193 2275 3243 tur.

2230 3277 2419 3334 XLIII.
2448 3278 2724 3349 Ejusdem
2758 3281 3174 3339 Annotationes
3203 3283 3262 3339 in
3296 3270 3528 3358 aliquot
3550 3283 3789 3358 Gregorii

2158 3369 2501 3424 Nazianzeni
2533 3369 2680 3435 loca,
2714 3387 2846 3426 cum
2900 3372 3031 3427 Elim
3080 3373 3372 3431 Cretensis
3423 3377 3694 3449 episcopi,
3741 3378 3790 3429 et

2158 3458 2627 3522 aliorum,studio
2658 3464 2715 3515 et
2742 3476 2919 3532 opera
2945 3460 3149 3516 Jacobi
3179 3463 3336 3518 Billii
3370 3466 3596 3522 Latinae
3641 3467 3786 3520 facta

2158 3552 2376 3617 saeptus
2407 3548 2575 3602 editae
2609 3553 2773 3618 sunt,
2802 3565 2939 3605 cum
2972 3550 3236 3623 Gregorii
3266 3552 3615 3611 Nazianzeni
3661 3569 3785 3626 ope-

2157 3636 2343 3691 ribus.

2226 3724 2414 3779 XLIV.
2445 3726 2716 3795 Ejusdem
2750 3728 2935 3782 oratio
2968 3729 3329 3802 Panegyrica
3362 3731 3422 3787 in
3472 3733 3784 3789 Simeonem

2156 3813 2610 3884 Metaphrastem
2643 3816 2800 3871 edita
2828 3816 2889 3887 (i)
2922 3817 3122 3873 Latine
3153 3837 3187 3873 a
3216 3821 3388 3876 Surio
3438 3821 3531 3878 die
3575 3823 3641 3875 27
3668 3820 3787 3889 ,Νο-

2153 3903 2426 3957 vembris.
2462 3906 2660 3959 Exstat
2700 3909 2893 3961 Graece
2946 3908 3353 3979 manuscripta
3403 3910 3462 3965 in
3516 3911 3641 3967 cod.
3690 3910 3787 3965 Va-

2153 3990 2347 4047 ticano
2396 3992 2521 4057 568,
2574 4008 2700 4063 quas
2770 3993 2997 4065 incipit,
3044 3994 3148 4050 Τὸν
3224 3993 3389 4071 μέγαν
3443 3996 3495 4053 ἐν
3547 3998 3644 4073 βίῳ
3708 3995 3789 4051 καὶ

2157 4075 2311 4150 λόλῳ
2348 4077 2590 4152 Συμεὼν,
2627 4078 2861 4135 ἐπαινεῖν
2891 4081 3280 4157 προελόμενοι,
3316 4104 3455 4144 cum
3488 4088 3616 4144 aliis
3644 4088 3789 4159 ejus-

2156 4170 2288 4224 dem
2323 4168 2495 4224 Pselli
2529 4169 2589 4224 in
2620 4170 2892 4226 eumdem
2927 4188 3053 4244 qua
3086 4189 3205 4229 non
3258 4175 3447 4232 multo
3500 4177 3649 4232 intra
3694 4176 3791 4231 ad-

2156 4257 2516 4313 notabimus.

2225 4346 2383 4402 XLV.
2417 4348 2692 4417 Ejusdem
2742 4349 3005 4404 carmina
3052 4351 3118 4423 (7’)
3170 4351 3229 4406 in
3274 4354 3519 4411 Cantica
3563 4354 3792 4411 cantico-

2155 4452 2281 4491 rum
2312 4435 2731 4507 interpretatus
2763 4443 2854 4493 est
2900 4440 3243 4497 Franciscus
3287 4443 3468 4500 Zinus
3513 4444 3789 4501 Veronen-

1997 4535 2208 4591 ΝΟΤᾹΞ

462 4610 815 4707 (ξίξᾘκθεξις
872 4606 1257 4697 διεφαλαιώδης
1318 4613 1408 4665 καὶ
1458 4611 1728 4687 σύντομος
1765 4621 1871 4671 τῶν
1905 4622 2045 4696 παρὰ

2160 4622 2494 4707 Simoneum
2544 4625 2804 4707 scriptis,
2848 4644 2913 4707 _p.
2962 4628 3179 4707 2:}1-23.
3228 4631 3537 4707 Ἐγκώμιον
3593 4632 3664 4695 εἷς
3707 4630 3789 4707 τὸν

402 4679 697 4743 Χαλδαίοις
731 4679 1035 4755 δογμάτων.

466 4755 539 4893 ξε)
575 4754 848 4810 Ferrarius
883 4756 1039 4810 1591.
1074 4754 1277 4811 Venet.
1308 4756 1468 4827 1593,
1503 4758 1599 4812 fol.

487 4828 535 4893 f)
571 4827 801 4893 Lycium
835 4843 948 4881 non
987 4827 1226 4893 Lydium
1262 4827 1444 4882 fuisse
1493 4830 1593 4884 Pro

487 4828 535 4897 f)
571 4827 801 4898 Lycium
835 4843 948 4881 non
987 4827 1226 4898 Lydium
1262 4827 1444 4882 fuisse
1493 4830 1753 4886 Proclum
1804 4837 2055 4890 testatur

400 4897 467 4968 in
495 4897 623 4968 ejus
654 4898 786 4952 Vita
818 4897 1103 4963 Marinus,
1138 4899 1237 4967 qui
1270 4902 1725 4957 commentarios
1757 4906 1943 4959 Procli
1995 4908 2053 4961 in

405 4966 570 5040 λόγιά
602 4974 885 5024 memorat
915 4986 965 5024 ο.
1016 4970 1105 5023 2d.
1156 4966 1663 5034 Quemadmodum
1712 4978 1768 5029 et
1818 4976 2050 5033 Simeon

406 5041 777 5114 M_agister_de
807 5041 1214 5114 alimentorum
1248 5042 1626 5114 facultatibus
1658 5062 1711 5114 p.
1749 5046 1867 5101 141.
1904 5049 2052 5104 Edit.

412 5110 647 5187 Martini
683 5110 963 5187 Bogdani,
996 5121 1117 5167 tum
1152 5112 1390 5169 Proclus
1420 5116 1545 5186 ipse
1576 5134 1631 5187 p.
1661 5110 1787 5172 359.
1821 5119 1880 5173 In
1916 5120 2055 5175 Poli-

413 5183 552 5237 tiam
586 5181 859 5237 Platonis.

479 5253 557 5336 (α)
587 5253 771 5335 Etiam
804 5254 942 5336 458.9
973 5258 1029 5307 et
1067 5254 1217 5336 1691,
1253 5255 1433 5336 Raris.
1458 5258 1515 5310 in
1632 5258 1798 5336 Etad
1835 5260 2050 5316 calcem

401 5325 679 5380 editionis
711 5325 1083 5397 oraculorum
1117 5326 1531 5397 Sibyllinorum
1570 5328 1876 5386 luculentas
1916 5351 2049 5388 cum

400 5397 562 5452 notis
596 5398 838 5451 Servatii
871 5396 1091 5463 Gallaai,
1120 5396 1415 5453 Am’sterd.
1451 5400 1609 5466 1689,
1641 5402 1697 5455 4.

470 5470 550 5539 (Ιι)
583 5468 824 5523 Videtur
862 5468 990 5541 hos
1019 5468 1327 5541 scripsisse
1378 5471 1434 5524 in
1467 5473 1712 5541 gratiam
1750 5473 2049 5530 Michaelis

400 5536 598 5615 Ducas,
638 5555 812 5609 quem
848 5536 1269 5615 discipulorum
1301 5536 1586 5615 optimum
1619 5545 1895 5615 appellat.

463 5614 525 5687 (i)
569 5612 765 5670 Graece
812 5616 869 5668 et
919 5610 1119 5666 Latine
1164 5610 1427 5682 vulgavit
1471 5610 1725 5671 Allatius
1774 5617 1926 5671 libro
1978 5618 2050 5673 de

2161 4693 2551 4776 ἓιεταφράστην
2604 4693 2796 4769 κύήριον
2845 4693 3128 4776 Συμεῶνα,
3170 4708 3227 4776 et
3382 4693 3659 4761 236-244.
3694 4705 3787 4759 0f-

2167 4766 2361 4849 ficiqin
2412 4766 2471 4819 in
2506 4766 3121 4849 commemorationem
3155 4766 3420 4843 ejusdem
3455 4776 3732 4849 Simeonis
3758 4791 3788 4849 ο

2164 4836 2354 4909 Psello
2386 4840 2801 4909 compositum.
2834 4839 3159 4904 Ἀκολουθία
3180 4836 3512 4909 ’συντεθεῖσα
3560 4847 3658 4902 ὑπὸ
3702 4847 3787 4898 τοῦ

2165 4903 3192 4991 Ψελλοιῦεῌυίιίρῤυοίογοω-Ρεθιῐυω
3225 4903 3520 4975 auctorem
3552 4936 3676 4975 esse
3696 4919 3789 4991 Pa-

2165 4979 2421 5049 negyrici
2453 4979 2509 5033 in
2543 4979 2876 5039 Simeonem
2908 4986 3365 5059 Metaphrasten,
3420 4992 3627 5060 probat
3676 4988 3790 5044 Bol-

2163 5048 2375 5105 lendus
2429 5052 2583 5112 praef.
2632 5054 2703 5107 ad
2753 5060 2894 5109 tom.
2939 5057 2980 5112 Ι.
3012 5061 3273 5112 Sanctor.
3306 5062 3593 5112 Januarii.
3626 5078 3679 5112 υ.
3711 5059 3788 5112 17.

2164 5057 2375 5105 lendus
2429 5057 2583 5119 praef.
2632 5057 2703 5107 ad
2753 5060 2894 5109 tom.
2939 5057 2980 5117 Ι.
3012 5061 3273 5114 Sanctor.
3306 5057 3593 5127 Januarii,
3626 5078 3679 5131 p.
3711 5059 3788 5113 17.

2164 5121 2279 5203 ljec
2310 5122 2597 5203 diffitetur
2625 5124 2877 5203 Allatius
2906 5126 3031 5199 ipse
3062 5129 3168 5184 hoc
3196 5132 3320 5187 loco
3351 5139 3407 5187 et
3436 5133 3683 5188 diatriba
3727 5130 3789 5182 de

2165 5193 2813 5283 Simeopibus,lp..§l8..
2892 5193 2947 5283 νς
3044 5270 3053 5281 .
3367 5273 3379 5283 ⁸
3748 5268 3760 5281 ο

2231 5265 2309 5334 (j)
2341 5264 2638 5337 Ἐρμηνεία
2667 5267 2769 5322 illa
2800 5268 2855 5322 in
2889 5268 3196 5325 Canticum
3228 5273 3584 5329 canticorum
3624 5268 3789 5326 versi-

2163 5334 2280 5409 bus
2323 5337 2541 5407 scripta
2591 5342 2680 5392 est
2710 5339 2981 5409 politicis.
3042 5342 3241 5397 Latina
3279 5345 3465 5399 versio
3496 5342 3707 5399 Schotti
3737 5348 3789 5393 et

2160 5406 2282 5489 _Zini
2314 5406 2568 5489 occurrit
2596 5406 2769 5489 etiam
2805 5412 2875 5489 in_
2904 5411 3057 5467 Bibl.
3106 5416 3357 5489 Patrum,
3404 5415 3587 5470 Paris.
3636 5412 3785 5489 1654,

2159 5484 2299 5531 tom.
2334 5496 2434 5554 κω
2461 5484 2517 5534 et
2547 5480 2686 5554 edit.
2720 5482 2899 5554 Lugd.
2936 5489 3075 5539 tom.
3099 5502 3261 5541 xvm.
3294 5480 3483 5542 Greece
3514 5493 3571 5541 et
3604 5484 3786 5539 Latine

2159 5553 2343 5604 exstat
2375 5551 2431 5605 in
2464 5552 2727 5608 auctario
2763 5551 3062 5621 Ducteano,
3097 5557 3279 5612 Paris.
3317 5559 3474 5612 1621.
3504 5559 3680 5613 Tomo
3728 5570 3781 5619 ΙΙ,

2160 5637 2276 5676 una
2306 5638 2438 5677 cum
2470 5622 2654 5679 altero
2683 5628 3107 5683 commentario
3154 5630 3213 5685 in
3244 5630 3396 5686 idem
3436 5630 3723 5686 canticum
3753 5639 3782 5679 ο
