4084 6140
476 308 598 370 505

1737 306 2107 369 ΒΙΑΤΜΒΑ
2150 308 2249 367 DE
2294 309 2632 370 PSELLIS.

3775 294 3896 356 506

475 442 609 497 sis:
646 454 862 495 excusa
912 446 1054 496 sunt
1105 456 1239 495 cum
1291 439 1667 507 Theodoreti,
1712 440 1969 507 Maximi,
2022 439 2138 497 Nili
2168 448 2219 509 Α
2251 439 2418 508 mihi,
2469 441 2779 511 utriusque
2827 436 3249 505 amicissimus,
3280 433 3537 489 Jacobus
3582 428 3893 502 Philippus

475 528 977 601 explicationibus
1000 534 1169 586 Rom.
1197 529 1356 595 1563,
1382 528 1506 598 fol.,
1522 529 1839 600 separatim
1856 529 2138 597 Venetiis,

2249 530 2605 587 Thomasius
2658 527 3031 600 signiﬁcavit.
3056 524 3259 581 Libelli
3300 524 3439 578 item
3482 519 3751 576 meminit
3781 519 3890 573 Ca-

476 620 636 691 apud
694 619 1117 691 Hieronymum
1172 617 1396 673 Polum.
1442 619 1601 686 1573,
1638 619 1693 673 in
1727 620 1786 681 4ς
1820 625 1878 674 et
1925 618 2139 690 saepius
2248 621 2549 676 sauhonus
2594 620 2651 673 in
2682 616 2810 672 fElii
2845 615 3140 688 Spartiani
3178 611 3496 668 Antonium
3528 607 3890 664 Caracallam

479 725 619 764 cum
642 707 1009 763 Theodoreti
1041 707 1617 779 operibus.Tandem
1653 707 1988 777 Antuerpize
2006 722 2139 761 cum
2248 707 2422 762 notis.
2458 708 2524 762 Et
2570 708 2780 762 Justus
2833 706 3111 775 Ricquius
3152 702 3252 775 (m)
3306 701 3365 754 in
3414 698 3588 771 epist.
3621 695 3893 751 Centuria

484 800 701 851 Catena
735 796 994 862 Patrum,
1028 802 1087 850 et
1116 796 1559 867 Thaumaturgo
1604 795 1663 849 in
1704 794 2136 860 Ecclesiastem,

2247 813 2411 851 nova.
2455 796 2740 868 episl.29.
2766 798 2829 851 In
2861 794 3130 865 Saregica
3173 789 3529 846 bibliotheca
3575 786 3727 840 inter
3774 784 3889 839 alia

484 903 517 940 a
552 885 790 941 Peltano
837 886 993 956 apud
1026 884 1348 957 Gasparem
1390 885 1676 939 Bellerum
1711 884 1867 951 I615,
1898 883 1956 937 in
1986 884 2039 937 8.
2072 885 2137 938 In
2244 886 2527 957 opuscula
2557 885 2960 957 manuscripta
2988 882 3154 937 illum
3187 897 3249 936 se
3280 879 3494 935 vidisse
3521 877 3715 932 refert.

483 975 594 1030 hac
625 974 879 1031 editione
931 974 1189 1046 primum
1225 978 1402 1045 caput
1433 973 1638 1029 Latine
1685 972 1969 1028 convertit
2012 974 2134 1026 An-

480 1064 652 1120 dreas
701 1064 1000 1133 Scbottus,
1038 1080 1071 1117 a
1102 1063 1359 1118 secundo
1390 1063 1513 1117 Zini
1546 1064 1737 1117 utitur
1783 1061 2134 1131 interpreta-

479 1153 658 1208 tione.
687 1152 1049 1223 Opusculum
1081 1151 1422 1207 inscribitur
1441 1151 1765 1223 Nicephoro
1791 1149 2131 1220 Botaniataz,

476 1238 1128 1311 Constantinopolitano
1160 1238 1519 1309 imperatori,
1552 1254 1727 1309 quem
1768 1234 2130 1312 στεφηφόρον,

471 1329 530 1383 id
579 1334 671 1384 est
725 1345 986 1384 coronam
1040 1332 1370 1399 gestantem,
1413 1327 1826 1397 imperatorem
1887 1323 2127 1389 scilicet,

469 1416 750 1489 appellat,
774 1423 841 1472 ut
865 1422 923 1473 et
944 1416 1092 1472 alios
1124 1416 1507 1487 imperatores
1530 1415 1644 1487 [31]
1673 1415 1804 1470 aliis
1827 1412 2128 1485 Opusculis

468 1505 826 1577 compellare
859 1505 1183 1575 consuevit,
1216 1504 1504 1576 quidquid
1554 1503 1652 1558 alii
1703 1503 2018 1558 somnient.
2050 1502 2130 1555 Ea

469 1596 701 1667 primus
733 1612 764 1650 e
795 1595 1055 1650 tenebris
1085 1598 1251 1649 eruta
1290 1593 1485 1648 Graece
1526 1591 1843 1663 publicavit
1870 1592 2129 1647 Joannes

465 1683 780 1750 Meursius,
815 1700 950 1738 cum
985 1682 1374 1755 Polycbronii,
1406 1681 1664 1751 Eusebii,
1697 1685 1755 1736 et
1784 1681 2033 1736 aliorum
2066 1680 2126 1734 in

468 1773 676 1828 eadem
710 1772 950 1828 Cantica
981 1771 1465 1843 expositionibus,
1498 1770 1681 1841 Lugd.
1717 1774 1840 1824 Bat.
1878 1770 2033 1838 1617,
2065 1769 2116 1822 4.
2157 1811 2204 1875 Β

472 1861 763 1916 Martinus
814 1860 1042 1916 Deltius
1092 1861 1315 1930 lsagoge
1360 1862 1418 1915 in
1476 1860 1631 1914 Cant.
1675 1860 1873 1913 caiuic.
1908 1874 2035 1929 cap.
2068 1858 2124 1925 5,

470 1951 647 2005 refert
680 1949 936 2005 Psellum
984 1949 1232 2004 deﬁcere
1283 1948 1343 2003 in
1394 1948 1495 2003 illa
1540 1947 1921 2018 expositione,
1953 1947 2125 2016 cujus

467 2043 578 2108 est,
630 2044 694 2093 ut
745 2040 872 2111 ipse
920 2038 1026 2104 ait,
1077 2036 1256 2093 nimis
1303 2037 1575 2093 concisus
1623 2036 2035 2091 abbreviator:
2070 2040 2126 2089 et

467 2128 787 2183 oscitanter
817 2127 996 2182 nimis
1037 2127 1349 2198 decipitur,
1384 2127 1525 2181 dum
1556 2126 1638 2180 ait
1668 2124 1923 2180 Psellum
1955 2124 2122 2179 citari

464 2233 499 2271 a
530 2217 917 2285 Theodoreto,
949 2216 1021 2270 ab
1071 2214 1489 2287 antiquissimo
1542 2214 2035 2279 recentissimum,
2068 2218 2125 2269 et

469 2306 574 2377 qui
607 2305 839 2361 nonnisi
881 2309 1014 2377 post
1064 2304 1434 2376 octingentos
1467 2303 1586 2359 fere
1633 2319 1817 2358 annos
1868 2303 2123 2374 scripse-

467 2399 581 2449 rat.
615 2394 1087 2450 Commentarius
1136 2393 1273 2448 item
1306 2394 1364 2447 in
1394 2392 1631 2447 Cantisa
1680 2408 1749 2446 ex
1794 2392 1986 2447 tribus
2017 2392 2119 2448 Pa-

466 2482 679 2553 tribus,
713 2483 785 2538 ab
835 2483 1037 2538 eodem
1088 2480 1297 2552 Psello,
1330 2480 1381 2536 si
1422 2481 1596 2535 index
1644 2480 1955 2535 Bavaricus
1988 2482 2118 2535 cod.

464 2573 558 2636 99,
593 2572 785 2627 fraudi
818 2588 934 2627 non
975 2576 1088 2641 est,
1122 2569 1336 2642 saepius
1369 2586 1503 2624 cum
1534 2568 1893 2624 Theodoreto
1927 2569 2121 2624 Latine

471 2659 689 2726 editus,
722 2659 1001 2715 collectus
1033 2664 1141 2714 est.
1167 2658 1247 2713 En
1276 2659 1454 2713 Verba
1484 2657 1730 2713 indicis:
1766 2659 1920 2725 item,
1949 2656 2117 2712 Com-

464 2748 789 2804 mentarius
827 2766 897 2804 ex
925 2748 1103 2804 tribus
1126 2748 1382 2803 Patribus
1405 2746 1665 2818 Gregorio
1700 2748 1963 2818 Nysseno,
1988 2746 2113 2803 Nilo

470 2848 523 2894 et
551 2838 812 2903 Maximo,
842 2838 1123 2893 collectore
1152 2837 1351 2892 Psello.

537 2922 755 2979 XLVII.
788 2924 1068 2995 Ejusdem
1107 2924 1177 2978 ad
1219 2922 1564 2978 Michaelem
1598 2922 1672 2995 (k)
1704 2922 2114 2994 imperatorem

466 3011 659 3083 capita
690 3013 955 3083 quaedam
988 3010 1335 3083 theologica,
1364 3014 1435 3067 de
1474 3013 1764 3078 Trinitate,
1795 3016 1849 3067 et
1873 3027 2115 3083 persona

466 3101 702 3168 Christi,
725 3101 921 3156 Grece
950 3107 1007 3156 et
1039 3099 1257 3167 Latine,
1290 3117 1423 3155 cum
1456 3101 1611 3156 notis
1640 3100 1879 3156 Joannis
1910 3100 2112 3172 Wege-

2312 973 2556 1030 XLVIII.
2591 975 2869 1045 Ejusdem
2915 972 3171 1044 Synopsz's
3202 972 3387 1038 legum
3433 965 3699 1021 versibus
3732 964 3885 1018 iam-

2241 1062 2411 1133 bicis,
2443 1068 2500 1119 et
2530 1063 2785 1134 politicis
2814 1062 2971 1117 edita
3000 1064 3088 1116 est
3116 1064 3330 1125 Graece,
3364 1056 3568 1111 Latina
3596 1054 3883 1124 interpre-

2240 1152 2480 1218 tatione,
2512 1157 2570 1207 et
2606 1152 2760 1207 notis
2805 1151 3120 1219 illustrata,
3151 1164 3327 1221 opera
3373 1150 3429 1201 et
3474 1144 3673 1199 studio
3702 1146 3881 1196 Fran-

2240 1241 2374 1296 cisci
2412 1241 2681 1313 Bosqueti
2713 1238 3133 1305 Narbonensis,
3164 1254 3233 1293 ex
3274 1233 3628 1291 bibliotheca
3656 1230 3882 1286 archie-

2239 1329 2461 1401 piscopi
2493 1330 2790 1396 'l‘olosani,
2814 1327 3054 1384 Parisiis
3084 1327 3237 1399 apud
3268 1325 3551 1380 Joannem
3582 1321 3879 1376 Cainusat.

2241 1419 2398 1486 1622,
2429 1421 2483 1475 8.
2517 1420 2573 1474 in
2626 1418 2925 1474 nonnullis
2971 1418 3087 1489 [32]
3136 1415 3437 1470 codicibus
3486 1409 3769 1482 inscripta
3798 1408 3879 1481 (η)

2238 1507 2576 1579 imperatori
2609 1506 2873 1563 Michaeli
2914 1512 3098 1561 Ducas.
3134 1504 3297 1559 Alius
3327 1503 3506 1559 codex
3536 1498 3879 1564 Vaticanus,

2240 1600 2302 1650 ut
2358 1601 2521 1651 notat
2575 1596 2730 1651 idem
2790 1593 3379 1667 Bosquetus,habet,
3438 1589 3724 1651 Alexium,
3782 1588 3879 1637 τοῦ

2235 1684 2551 1760 σοφωτάτου
2578 1682 2800 1739 Ψελλοῦ
2832 1682 2909 1746 εἲς
2935 1681 3063 1744 τοὺς
3092 1682 3295 1754 νόμους
3327 1677 3461 1753 πρὸς
3504 1676 3596 1731 τὸν
3641 1671 3878 1731 Βασιλέα

2236 1774 2403 1846 Κύριν
2436 1771 2699 1842 Ἀλέξων.
2762 1775 2828 1828 Et
2883 1776 3053 1828 vetus
3093 1768 3413 1835 Sirmondi,
3463 1764 3879 1836 Nicephorum,

2235 1861 2415 1936 Ἀρχὴ
2471 1860 2563 1914 σὺν
2615 1865 2729 1931 Θεῷ
2775 1864 2883 1915 τῶν
2930 1858 3234 1914 πολιτικῶν
3296 1855 3499 1930 στίχων
3555 1856 3652 1908 τοῦ
3705 1851 3881 1923 νόμου

2234 1950 2553 2004 ἐκτεθέντων
2609 1950 2754 2023 παρὰ
2808 1953 2904 2003 τοῦ
2962 1948 3161 2021 Κυρίου
3215 1942 3450 2020 Μιχαὴλ
3494 1945 3592 1997 τοῦ
3632 1937 3879 2009 ὶΙ-ἐλλοῦ,

2233 2040 2368 2112 πρὸς
2430 2040 2521 2093 τὸν
2587 2037 3100 2116 Πορφυρογὲννητον
3153 2035 3347 2111 Κύριον
3403 2030 3734 2109 Νικηφόρον.
3782 2029 3875 2096 Μὴ

2236 2126 2573 2204 βδυλόμενον
2623 2130 2912 2205 προσέχειν
2955 2133 3072 2189 τοῖς
3125 2125 3299 2199 νόμου
3349 2124 3631 2196 μαθήμασι
3680 2117 3769 2174 διὰ
3813 2118 3876 2171 τὸ

2232 2219 2468 2293 κεχηνὸς
2494 2218 2689 2272 τούτου
2727 2216 2982 2292 πέλαγος.
3023 2217 3277 2280 Titulus,
3307 2213 3397 2270 vel
3438 2211 3878 2283 Porphyrogen-

2233 2315 2379 2363 netis
2435 2306 2817 2380 cognomine,
2870 2305 3196 2377 Nicephoro
3251 2304 3573 2359 Botaniataa
3629 2300 3873 2367 adnexo,

2231 2402 2542 2469 suspectus
2573 2401 2679 2452 est.
2710 2396 2834 2451 Non
2867 2396 3070 2450 dubito
3114 2399 3309 2449 tamen
3359 2389 3648 2456 libellum,
3677 2404 3876 2443 rerum

2229 2502 2520 2541 summam
2546 2484 2888 2557 gerentibus
2916 2484 3058 2538 adeo
3091 2480 3513 2549 necessarium,
3537 2494 3641 2551 pro
3670 2492 3880 2547 oppor-

2228 2574 2479 2630 tunitate
2535 2574 2781 2629 diversis
2837 2571 3290 2643 imperatoribus
3346 2566 3746 2637 inscripsisse,
3810 2568 3875 2619 ut

2228 2663 2552 2735 praecipuas
2580 2662 2743 2719 Juris
2784 2661 3037 2733 regulas,
3063 2677 3132 2715 ex
3171 2658 3316 2731 ipsis
3344 2657 3502 2711 luris
3532 2654 3712 2711 totius
3744 2654 3870 2708 fon-

2225 2753 2385 2808 tibus
2415 2751 2760 2823 compendio
2791 2754 3195 2822 pertractatas,
3218 2753 3274 2802 et
3294 2747 3551 2801 carmine
3583 2744 3751 2816 quasi
3784 2742 3870 2797 le-

2226 2841 2458 2896 nocinio
2484 2838 2796 2905 emollitae,
2819 2839 3040 2909 absque
3067 2836 3351 2908 longioris
3377 2832 3646 2890 lectionis
3672 2831 3869 2900 taedio,

2224 2930 2274 2985 si
2325 2930 2558 2997 liberet;
2593 2931 3024 3000 percurrerent;
3072 2931 3137 2981 ut
3184 2927 3254 2979 de
3300 2924 3566 2994 ejusdem
3615 2921 3866 2989 Chryso‘

2224 3018 2374 3091 pmia
2402 3035 2581 3089 supra
2611 3017 2887 3072 diximus.
2920 3016 3001 3071 Ex
3038 3015 3132 3069 his
3164 3012 3446 3070 nonnulla
3475 3012 3585 3067 sub
3616 3009 3865 3065 scholic-

2224 3124 2354 3162 rum
2388 3107 2623 3161 nomine
2653 3105 2891 3176 vulgata
2911 3103 3051 3159 olim
3083 3103 3245 3157 fuere
3274 3119 3307 3157 a
3339 3099 3679 3156 Leunclavio
3707 3098 3867 3154 Juris

457 3189 587 3244 lini.
649 3166 929 3262 Augustas
973 3188 1204 3245 Vindel.
1244 3166 1411 3261 apud
1470 3189 1783 3263 Georgium
1815 3166 2113 3261 Viller,vet
2141 3166 2184 3233 δ
2225 3166 2956 3251 GrecooRomanitdmou.
2980 3194 3046 3247 1n
3075 3191 3322 3263 Synopsi
3347 3190 3545 3261 legum
3567 3186 3867 3243 Michaelis

462 3278 879 3335 Sebastianum
910 3277 1151 3350 Myliuin
1186 3278 1341 3345 1608,
1378 3278 1437 3333 in
1466 3278 1523 3333 8.

527 3366 756 3424 XLVII.
792 3368 1067 3437 Ejusdem
1092 3366 1382 3435 libellum,
1405 3366 1470 3422 de
1500 3366 1768 3438 Lapidum
1788 3368 2109 3437 virtutibus,

456 3455 770 3527 Philippus
800 3456 1056 3512 Jacobus
1105 3456 1446 3512 Maussacus
1480 3456 1538 3526 (ι)
1579 3456 1805 3528 primus
1832 3456 2110 3530 vulgavit,

457 3545 666 3601 Latine
724 3545 920 3615 vertit,
970 3549 1028 3601 et
1083 3545 1444 3613 emendavit;
1500 3546 1695 3601 editus
1753 3550 1844 3601 est
1888 3546 2113 3602 Tolosae

455 3635 651 3689 Graece
704 3638 761 3689 et
814 3632 1018 3689 Latine
1070 3650 1224 3689 anno
1275 3635 1433 3703 1615,
1477 3634 1528 3689 8.
1574 3634 1787 3689 Verum
1843 3634 2109 3692 libellum

454 3722 612 3777 hunc
643 3727 781 3777 ante
832 3722 1207 3778 Maussacum
1250 3722 1455 3778 Latine
1486 3727 1541 3777 et
1571 3722 1768 3778 Italice
1814 3724 2108 3780 redditum

452 3812 528 3866 ab
554 3810 810 3865 Adriano
828 3810 1084 3883 Spigelio
1112 3810 1465 3883 phi1030pho
1497 3816 1554 3866 et
1586 3811 1832 3880 medico,
1856 3817 1913 3867 et
1938 3813 2109 3885 Gym-

450 3900 604 3954 nasii
628 3899 888 3954 Patavini
920 3900 1273 3969 anatomico,
1296 3900 1453 3970 apud
1481 3899 1801 3956 Liberalem
1822 3906 2107 3969 Cremam,

452 3987 877 4060 philosophum
910 4005 977 4044 ac
1018 3987 1309 4044 medicum
1342 3987 1713 4043 Tarvisinum
1745 3991 2109 4060 praestantis-

450 4077 676 4132 simum
735 4077 1069 4133 conservari
1128 4077 1199 4133 ad
1253 4076 1411 4131 hunc
1459 4076 1637 4147 diem,
1696 4077 1948 4149 epistola
1997 4096 2109 4136 sua

2222 3283 2526 3350 Attaliotae,
2569 3283 2661 3338 tit.
2696 3282 3019 3355 prmsertim
3056 3282 3142 3345 16,
3171 3282 3262 3349 25,
3294 3281 3384 3345 28,
3413 3279 3504 3345 32,
3536 3278 3626 3345 37,
3650 3277 3739 3343 40,
3775 3277 3863 3346 42,

2222 3374 2310 3443 48,
2337 3373 2427 3430 83.
2476 3373 2604 3443 Qui,
2653 3389 2786 3427 cum
2838 3388 2954 3426 non
2995 3368 3505 3426 animadvertisset
3552 3381 3865 3421 numerum

2222 3461 2573 3531 carminum,
2622 3466 2907 3531 tanquam
2953 3458 3207 3516 solutam
3261 3456 3584 3512 orationem
3634 3452 3869 3509 excudit

2220 3549 2581 3605 indistincte.

2290 3637 2494 3694 XLIX.
2527 3639 2802 3709 Ejusdem
2850 3637 2920 3692 ad
2965 3636 3236 3692 eumdem
3270 3635 3344 3706 (0)
3376 3631 3719 3690 Michaelem
3751 3632 3867 3687 Du-

2222 3743 2350 3782 cam
2393 3727 2654 3782 carmina
2710 3724 2965 3797 politica,
3017 3726 3092 3781 De
3141 3726 3409 3795 dogmate,
3457 3725 3650 3778 Graece
3708 3721 3865 3775 idem

2218 3818 2542 3886 Bosquetus
2574 3831 2704 3870 cum
2747 3814 2989 3887 Synopsi
3038 3812 3235 3885 legum
3288 3812 3381 3868 edi
3431 3810 3677 3876 curavit,
3708 3827 3742 3865 a
3769 3809 3866 3865 Ja-

2219 3904 2362 3959 cobo
2420 3903 2732 3959 Sirmondo
2790 3907 3047 3975 accepta,
3080 3903 3237 3957 unde
3283 3901 3520 3972 legitur,
3551 3899 3616 3954 de
3660 3907 3867 3969 septem

2217 3992 2391 4047 sacris
2446 3991 2679 4063 Synodis
2732 3993 3079 4046 cecumenicis
3132 3991 3463 4059 Tractatus,
3520 3990 3617 4058 (ρ)
3670 3986 3865 4042 editus

2220 4081 2422 4137 Latine
2470 4085 2613 4136 tom.
2643 4096 2706 4135 III
2738 4078 3155 4146 Conciliorum,
3188 4082 3351 4150 parte
3400 4076 3613 4149 prima,
3647 4093 3703 4148 p.
3737 4075 3864 4143 400,
3929 4134 3933 4139 _

2043 4187 2284 4245 NOTIE.

448 4277 730 4354 Gregorio
762 4278 1046 4354 Nysseno,
1071 4281 1129 4335 S.
1152 4279 1281 4354 Nilo
1312 4285 1369 4335 et
1391 4280 1667 4348 Maximo,
1690 4296 1794 4351 per
1814 4284 2107 4354 eumdem,

448 4297 730 4350 uregorio
762 4297 802 4334 iV
850 4297 1046 4348 sseno,
1071 4297 1129 4335 δ.
1152 4297 1281 4335 riuo
1312 4297 1363 4335 ei

448 4357 518 4406 ut
550 4350 778 4419 volunt,
808 4297 1065 4407 ﬁsellum
1099 4352 1363 4407 collecto.

527 4422 603 4493 (k)
638 4422 701 4476 In
734 4423 1009 4549 Catalolglo
1040 4423 1191 4477 Bibl.
1226 4422 1555 4478 Barberinzs
1589 4430 1726 4480 tom.
1748 4442 1811 4489 η,
1836 4442 1967 4497 pag.
1999 4427 2107 4481 253

527 4510 782 4549 rneram.
813 4494 884 4549 ad
994 4537 1006 4549 .
1039 4494 1428 4549 Comnenum.
1463 4494 1591 4549 Haec
1640 4496 1832 4549 capita
1859 4497 2097 4549 Theolo-

447 4509 782 4575 perperam,
810 4494 884 4575 ad
1039 4494 1428 4575 Comnenum.
1463 4494 1591 4575 Haec
1614 4494 2097 4575 rapita’fl‘heolo-

2218 4284 2352 4341 telis
2408 4285 2479 4340 de
2534 4283 2827 4340 coloribus
2885 4283 3366 4339 commentarius.
3407 4280 3661 4337 Caniclei
3714 4281 3866 4336 liber

2217 4362 2419 4412 contra
2471 4356 2787 4422 Plotinum,
2838 4356 2967 4425 ejus
3002 4356 3172 4427 Afort‘e
3224 4356 3394 4427 cujus
3451 4355 3735 4427 scriptum
3796 4354 3867 4427 de

2217 4428 2659 4484 immortalitate
2711 4422 2943 4492 animis,
2991 4422 3610 4480 dvtho-cov'Cardani's
3658 4425 3760 4479 lib.
3794 4426 3865 4478 de

2217 4516 2409 4555 rerum
2468 4499 2749 4554 varietate
2809 4498 3027 4554 laudat.
3076 4497 3337 4553 Sallustii
3392 4495 3771 4567 philosophii
3804 4495 3864 4551 in

448 4557 930 4641 'g‘icaintegriora
958 4566 1142 4621 lector
1171 4567 1241 4621 ad
1275 4565 1493 4621 calcem
1522 4557 1917 4638 hujus'lihelli
1950 4568 2103 4625 Alla-
2134 4557 2184 4621 Β
2218 4570 2486 4625 Heracliti
2540 4569 2901 4641 problemata
2950 4570 3257 4625 Homerica
3307 4557 3721 4641 summarium.
3757 4566 3862 4621 Ex-

448 4637 530 4690 tia
544 4635 599 4689 ni
632 4636 901 4706 reperiet.

520 4709 587 4777 (ι)
620 4707 929 4763 Plutarcho
960 4709 1032 4763 de
1063 4706 1432 4776 ﬂuminibus,
1458 4707 1627 4764 Pselli
1660 4708 1925 4765 libellum
1959 4712 2099 4767 sub-

435 4778 980 4854 jecit_Maus_sacus,
1006 4778 1454 4854 tes_t_atus_illum
1482 4796 1543 4854 _s_e
1564 4781 1734 4854 edere
1763 4797 1831 4835 ex
1853 4798 2101 4854 apogra-

444 4848 561 4931 pho
589 4849 791 4905 Jacobi
831 4848 1149 4919 Sirmondi,
1183 4851 1352 4922 epist.
1389 4851 1748 4907 dedicatoria
1795 4853 1867 4907 ad
1900 4848 2099 4909 'Gaul-

440 4937 694 4975 minum.

513 4992 614 5061 (ιη)
643 4992 851 5047 Justus
900 4992 1200 5063 Rycquius
1246 4991 1498 5063 epistola
1549 4994 1621 5048 ad
1672 4993 1748 5048 M.
1790 4992 2097 5052 Velserum

437 5064 577 5118 data
607 5067 799 5118 Romae
831 5065 989 5119 1610.
1022 5064 1157 5136 Mihi
1202 5063 1601 5136 Bibliothecam
1649 5081 1827 5135 nuper
1873 5065 2097 5136 Saregi-

437 5151 562 5188 cam
590 5137 893 5189 excutienti
920 5134 1191 5208 opuscula
1220 5134 1683 5208 qygedqmgGrzeca
1711 5134 1928 5192 calamo
1959 5134 2093 5193 eaEa-

436 5211 566 5261 raia
608 5208 664 5260 in
695 5222 891 5261 manus
941 5205 1222 5262 uenerunt.
1259 5205 1493 5260 Maximi
1548 5206 1819 5261 Planudaa
1867 5213 1923 5262 et
1975 5208 2095 5263 cla-

443 5294 644 5332 rorum
686 5276 910 5347 aliquot
958 5279 1214 5332 virorum
1264 5277 1525 5345 epistolae
1575 5286 1831 5333 centum.
1869 5278 2096 5336 Psellus

440 5350 515 5403 de
558 5364 925 5420 gemmarum
979 5349 1316 5414 virtutibus,
1351 5349 1562 5403 Incerti
1610 5351 1914 5418 cujusdam
1941 5349 2096 5419 (Em-

438 5420 655 5493 pedocli
680 5423 839 5490 vulgo
871 5420 1221 5493 tribuuntur)
1247 5420 1715 5493 versusiiﬁambici
1742 5422 1814 5476 de
1846 5422 2094 5477 ﬁxarum

444 5491 752 5563 stellarum
797 5491 1043 5563 sphaera,
1080 5508 1112 5546 a
1142 5491 1431 5546 Demetrio
1464 5491 1742 5547 Triclinia
1772 5493 2090 5548 emendati.

846 5564 1067 5618 umdam
1099 5577 1298 5632 eorum
1326 5577 1454 5632 quis
1484 5563 1539 5616 in
1574 5562 1802 5619 excusis
1828 5565 2090 5619 Athenaei

840 5634 1230 5691 esiderantur.
1263 5631 1476 5695 Ineerti
1513 5635 1575 5690 in
1604 5634 1822 5693 librum
1866 5634 2090 5693 Aristo-

446 5562 770 5618 Parecbolas

442 5633 750 5692 codicibus

2212 4648 2410 4713 cerpta
2439 4657 2509 4696 ex
2538 4637 2784 4697 Gemisti
2833 4641 3130 4696 Plethonis
3180 4640 3472 4713 Monodia,
3506 4637 3862 4713 de_immor-

2215 4709 2439 4768 tali—tate
2461 4713 2667 4767 anima:
2709 4714 2985 4781 Ejusdem
3019 4711 3280 4767 defensio
3311 4709 3638 4781 Aristotelis
3659 4714 3865 4765 contra

2214 4784 2593 4839 scholarium.
2627 4784 2928 4840 Michaelis
2972 4783 3263 4854 Apostolus
3316 4798 3417 4854 pro
3465 4780 3745 4835 Plethone
3792 4781 3865 4836 li-

2213 4856 2334 4937 ber,
2368 4872 2562 4937 super;
2594 4855 2928 4937 substantia
2973 4855 3365 4937 Aristotelica,
3398 4857 3860 4937 contraigazam,

2213 4923 2487 4982 Demetrii
2516 4925 2781 4981 Triclinii
2825 4928 2896 4981 de
2945 4926 3148 4981 metris
3198 4923 3448 4995 pouticis
3496 4924 3700 4979 libelli.
3735 4927 3861 4979 Dis-

2246 5000 2343 5066 icc,
2377 5013 2574 5068 qua’so,
2608 5016 2678 5052 an
2710 4996 2918 5068 aliquid
2957 5000 3032 5052 sit
3071 4998 3231 5052 cedro
3260 5006 3314 5051 et
3355 4996 3573 5067 pumice
3600 4995 3855 5051 dihnum.

2259 5069 2487 5213 zisisulltea.
2540 5138 2846 5213 etiamin
2897 5139 3106 5213 Codice
3161 5137 3627 5213 Vindobonensi,
3685 5138 3857 5213 cujus

2208 5208 2529 5267 meminere
2582 5211 2928 5266 Lambecius
2957 5216 3014 5265 et
3043 5208 3345 5265 Nesselius
3396 5216 3544 5280 part.
3579 5225 3640 5276 ιι,
3674 5226 3730 5280 p.
3764 5211 3856 5275 28,

2206 5290 2263 5337 et
2312 5283 2367 5337 in
2412 5282 2523 5338 alio
2572 5283 2770 5354 codice
2800 5298 2831 5337 s
2862 5298 2977 5354 quo
3026 5285 3161 5354 ante
3193 5282 3504 5354 _Bosquetii
3538 5281 3856 5354 editionem

2205 5370 2407 5408 versus
2457 5352 2774 5408 nonnullos
2824 5351 3095 5424 produxit
3138 5352 3389 5408 Allatius
3440 5353 3512 5408 ad
3562 5351 3856 5409 Eustathii

2203 5425 2599 5481 Hexaemeron
2634 5441 2689 5481 ι).
2722 5425 2847 5480 280.

2277 5441 2599 5480 :xaemeron
2677 5466 2689 5479 .
2722 5441 2847 5480 seu.

2277 5497 2346 5566 (ο)
2382 5501 2440 5550 In
2479 5512 2586 5550 ms.
2620 5441 2903 5559 gaesareo,
2953 5496 3024 5550 ad
3055 5495 3507 5552 Constantinum
3556 5493 3856 5549 Monoma-

2202 5567 2401 5622 chum.
2437 5566 2583 5622 Vide
2615 5567 2928 5624 Lambech.
2951 5584 3028 5635 v1,
3061 5584 3119 5637 p.
3154 5568 3275 5622 163.

2273 5641 2360 5712 (ρ)
2391 5639 2574 5696 Totus
2603 5638 2929 5699 absolvitur
2952 5636 3221 5697 versibus
3258 5637 3516 5712 politicis
3542 5636 3633 5694 71.
