4046 6144
278 325 401 386 507

1671 340 1956 402 LEONIS
2001 342 2311 404 ALLATII

3567 350 3685 410 508

267 456 513 553 coloniae
542 460 874 553 Agrippinae
909 465 1068 532 1606,
1100 466 1396 526 industria
1431 470 1688 527 Severini
1733 471 1882 527 Binii
1912 491 1925 541 ;
1956 477 2015 542 Α
2045 474 2156 530 bus
2189 475 2559 548 significavit.
2610 480 2683 534 De
2730 478 2944 547 eadem,
2978 479 3203 539 scribit.
3232 482 3410 551 ferme
3437 498 3498 537 re
3523 491 3575 537 et
3606 486 3693 553 fa-

271 550 329 600 et
360 546 555 604 Graece
580 550 690 604 sub
716 550 965 609 Joannis
1000 556 1168 611 Pselli
1203 559 1461 626 nomine,
1486 577 1619 616 cum
1646 561 1926 617 Theodori

271 636 578 692 Prodromi
626 642 681 695 et
730 640 1037 714 Nicephori
1070 645 1292 703 Callisti
1344 650 1633 721 versibus,
1687 650 1927 706 Basilea

2040 565 2248 620 cullate
2294 572 2366 621 ad
2417 567 2852 636 Constantinum,
2904 569 3086 640 hujus,
3124 574 3184 624 ut
3228 575 3381 641 puto,
3414 571 3696 629 Michaelis

2040 655 2205 712 Ducw
2232 660 2541 726 parentem,
2574 658 2806 714 Michael
2850 659 3062 715 Psellus
3091 660 3362 715 Libellum
3392 666 3522 716 ante
3549 664 3688 717 scri-

266 726 424 819 apud
462 726 763 819 -Joannem
821 731 1124 791 Bebelium
1182 738 1347 807 1536,
1397 739 1508 809 [33]
1555 740 1612 795 in
1658 740 1711 793 8.
1746 741 1926 805 Quem
2032 747 2241 814 pserat,
2273 745 2430 815 cujus
2482 750 2561 802 est
2617 748 2928 819 exemplum
2983 748 3130 819 apud
3182 750 3481 817 Meletium,
3531 750 3680 806 Gras-

263 811 478 869 Joanni
508 816 583 888 (q)
616 819 793 874 etiam
848 823 1059 878 tribuit
1106 827 1362 882 Joannes
1412 828 1602 884 Tilius
1653 829 1922 901 Engolis-

269 904 512 974 mensis,
548 905 607 960 in
640 909 1039 979 apostolorum
1071 917 1125 968 et
1156 921 1496 971 sanctorum
1540 916 1920 973 conciliorum

266 990 549 1059 Decretis,
581 994 889 1067 impressis
924 1000 1160 1058 Parisiis
1200 1022 1303 1076 per
1332 1005 1920 1079 ConradumZNeoba-

266 1079 420 1136 rium
482 1083 644 1139 15i0.
698 1086 758 1140 In
821 1087 977 1143 hunc
1036 1092 1231 1163 ipsum
1288 1095 1624 1150 Tractatum
1683 1096 1921 1168 scripsit

267 1171 613 1257 Franciscus
669 1175 1124 1250 Feuardentius;
1177 1187 1234 1238 et
1280 1184 1672 1242 Bcllarminus
1719 1187 1916 1257 tradit,

268 1255 527 1347 Psellum
558 1260 619 1317 in
652 1264 854 1320 eodem
912 1268 1361 1343 hallucinatum,
1395 1274 1451 1329 in
1486 1279 1768 1347 tempore,
1802 1255 1917 1346 quo

270 1346 561 1404 ceIebrata
605 1357 695 1407 est
732 1354 922 1425 prima
952 1346 1914 1436 Constantinopolitanasynodus,

270 1451 397 1505 quae
430 1437 539 1492 fuit
571 1443 830 1498 secunda
861 1461 931 1500 ex
961 1453 1211 1517 quatuor
1239 1452 1476 1522 primis;
1511 1453 1571 1508 in
1605 1453 1915 1525 Ephesina,

270 1541 397 1595 quae
430 1527 540 1583 fuit
581 1531 770 1602 tertia,
800 1538 944 1592 tom.
979 1540 1022 1606 Ι,
1058 1540 1425 1597 Controvers.
1459 1543 1512 1613 ἅ,
1546 1543 1615 1598 de
1644 1542 1917 1599 Conciliis

270 1630 399 1686 cap.
436 1617 490 1672 5.

341 1704 401 1761 L.
438 1706 712 1778 Ejusdem
744 1711 810 1767 de
854 1715 1234 1775 Nomocanone
1278 1721 1537 1778 carmina
1569 1723 1760 1778 Graece
1789 1721 1915 1778 edi-

268 1792 355 1883 dit
386 1811 518 1851 cum
554 1801 959 1869 superioribus
989 1805 1337 1881 Bosquetus,
1373 1828 1502 1883 quas
1533 1828 1665 1867 cum
1698 1811 1917 1867 laxiora

268 1882 409 1951 sint,
444 1884 688 1944 alterius
737 1905 865 1947 esse
917 1895 1171 1951 multum
1219 1898 1481 1955 dubitavi
1516 1918 1529 1955 :
1564 1918 1668 1956 nec
1716 1900 1920 1956 fefellit

273 1988 366 2026 me
398 1972 653 2045 animus,
688 1995 823 2033 nam
867 1982 924 2035 in
957 1981 1072 2038 alio
1104 1988 1509 2061 manuscripto
1541 1989 1737 2045 codice
1766 1993 1917 2045 Gon-

269 2062 528 2152 stantino
558 2064 749 2122 Psello
797 2070 1158 2128 tribuuntur.
1193 2075 1596 2131 Κωνσταντίνου
1626 2075 1914 2152 προέδρου,

266 2147 355 2201 καὶ
389 2148 592 2206 ὑπάτου
644 2158 752 2208 τῶν
801 2154 1118 2236 φιλοσόφων
1172 2167 1267 2217 τοῦ
1298 2162 1525 2220 Ψελλοῦ
1575 2147 1916 2235 εἰς-τήνγΝο-

268 2239 571 2333 μοκανόνᾼου
631 2243 900 2301 ὑπόθεσιν.
939 2251 998 2304 In
1051 2251 1406 2311 bibliotheca
1446 2257 1633 2333 etiam
1683 2258 1916 2313 Antonii

263 2329 575 2401 Augustini
638 2334 768 2389 cod.
828 2338 930 2391 151
987 2343 1045 2393 et
1104 2342 1229 2411 175,
1288 2329 1476 2400 eidem
1535 2346 1917 2401 Constantino

264 2417 456 2474 Psello
487 2420 849 2480 tribuuntur.
883 2426 995 2481 Sed
1038 2430 1349 2499 cujusnam
1399 2450 1549 2506 opus
1579 2435 1657 2490 sit
1690 2452 1802 2491 non
1834 2437 1917 2491 vi-

265 2506 438 2562 detur
467 2511 639 2581 tanti,
672 2516 737 2568 ut
767 2512 826 2569 in
859 2515 986 2586 ejus
1030 2523 1267 2575 auctore
1311 2521 1662 2594 inquirendo
1693 2525 1918 2581 diutius

263 2612 668 2654 immoremur.

337 2685 428 2740 LI.
481 2687 603 2776 sub
660 2690 931 2776 ejusdem
1007 2697 1246 2753 nomine
1310 2700 1721 2756 circumfertur
1774 2707 1917 2776 Syn-

263 2776 464 2865 tagma
529 2772 923 2851 ἐκλελεγμένον
992 2782 1096 2837 ἀπὸ
1152 2790 1260 2839 τῶν
1318 2787 1596 2862 Ἰατρικῶν
1661 2772 1916 2865 etenim,

263 2863 413 2955 napi,
444 2860 725 2938 δυνάμεως
775 2877 1014 2948 τροφῶν,
1073 2876 1164 2929 καὶ
1219 2860 1504 2951 ὠφελείὰς,
1554 2860 1917 2955 καὶνβλάϐης,

267 2952 338 3006 de
385 2954 731 3012 Cibariorum
768 2962 1061 3030 facultate,
1093 2968 1357 3032 utilitate,
1389 2977 1444 3024 et
1490 2952 1763 3037 noxajea:
1808 2972 1915 3028 Me-

264 3039 403 3095 dicis
455 3042 613 3099 libris
659 3047 964 3121 collectum,
1000 3053 1069 3107 ad
1116 3053 1566 3113 Constantinum
1620 3060 1918 3115 Monoma-

267 3127 443 3219 chum
476 3148 579 3203 per
608 3133 935 3194 litterarum
960 3141 1247 3213 ordinem,
1267 3146 1437 3215 cujus
1467 3146 1613 3202 illud
1642 3152 1732 3203 est
1761 3149 1917 3219 prin-

2035 851 2165 891 cum
2211 837 2383 891 totius
2438 836 2733 894 medicina
2768 840 3113 909 scriptorem,
3144 854 3251 894 non
3298 839 3485 896 eodem
3531 841 3688 897 modo

2035 932 2377 994 argumento,
2410 925 2503 980 sed
2547 926 2737 982 iisdem
2778 926 3057 983 interdum
3103 945 3241 999 pene
3286 930 3486 986 verbis.
3521 935 3689 988 Hunc

2033 1033 2129 1086 ego
2158 1017 2505 1086 Symeonem,
2541 1017 2743 1074 multis
2791 1020 2915 1074 licet
2966 1021 3026 1073 in
3072 1020 3208 1076 locis
3254 1019 3613 1092 depravatum
3642 1012 3692 1077 εί

2031 1122 2314 1173 mancum,
2337 1122 2464 1161 cum
2491 1107 2685 1162 Latine
2710 1124 2922 1180 quoque
2942 1108 3110 1164 modo
3130 1111 3440 1173 vertissem;
3469 1111 3690 1179 adjutus

2030 1195 2310 1266 imprimis
2358 1197 2532 1266 ipsius
2562 1197 2738 1252 Pselli
2767 1197 2973 1263 libello,
3006 1206 3119 1253 tum
3167 1200 3413 1270 ejusdem
3440 1199 3621 1256 altero
3652 1219 3687 1256 a

2033 1283 2256 1355 Georgio
2299 1283 2453 1340 Valla
2503 1286 2563 1340 in
2611 1286 2871 1341 Latinum
2920 1289 3153 1358 pessime
3195 1304 3536 1356 conversum,
3588 1290 3688 1345 tibi

2028 1374 2091 1427 in
2119 1374 2275 1428 omni
2302 1373 2523 1428 medica:
2548 1374 2854 1442 facultatis,
2882 1382 2992 1430 etc.
3017 1376 3190 1432 Recte
3212 1377 3434 1448 omnia,
3457 1378 3503 1433 si
3538 1377 3682 1433 illud

2027 1462 2314 1534 excipias,
2369 1463 2812 1519 Constantinum
2869 1465 3325 1522 Monomachum
3384 1473 3685 1539 parentem

2026 1551 2325 1608 Michaelis
2347 1552 2520 1608 Duce:
2547 1553 2751 1624 fuisse,
2775 1554 2992 1625 quippe
3023 1554 3123 1625 qui
3146 1556 3413 1613 diversus
3444 1557 3681 1613 omnino

2027 1642 2105 1696 sit
2134 1659 2167 1697 a
2194 1642 2576 1698 Constantino
2602 1642 2764 1698 Duca
2793 1642 3095 1699 Michaelis
3127 1650 3385 1717 parente.

2098 1731 2216 1787 LII.
2279 1731 2478 1787 Eidem
2531 1731 2723 1787 Psello
2781 1733 2998 1787 librum
3059 1731 3188 1806 Περῖ
3245 1730 3542 1808 ποδάγρας,
3601 1737 3680 1791 De

1947 1850 1994 1915 B
2024 1821 2286 1915 podagra,
2319 1838 2353 1915 a
2384 1820 2706 1915 nonnullis—
2731 1821 3031 1915 codicibus
3063 1822 3242 1915 tribui
3284 1823 3474 1915 video,
3506 1826 3678 1896 cujus

2026 1911 2170 1967 illud
2207 1915 2296 1966 est
2326 1910 2563 1965 initium
2602 1928 2614 1965 :
2650 1910 2800 1964 Ἐπεὶ
2843 1910 3004 1984 ὥρισε
3042 1911 3177 1985 πρός
3221 1932 3286 1985 με
3317 1912 3343 1966 ὁ
3376 1911 3676 1988 κράτιστος,

2025 1998 2113 2053 καθ
2148 1999 2325 2073 ἅγιος,
2350 1999 2643 2070 capitibus
2675 2001 3071 2072 quadraginta
3096 2018 3196 2056 scx
3226 2003 3676 2072 concinnatum;

2027 2090 2151 2161 qui,
2183 2104 2317 2145 cum
2350 2089 2422 2143 ad
2455 2088 2832 2161 Palaeologos,
2855 2106 3100 2161 quorum
3131 2092 3302 2161 jussu
3328 2092 3518 2147 fuerat
3547 2108 3680 2148 con-

2027 2178 2302 2250 scriptus,
2337 2178 2594 2232 directus
2627 2178 2723 2244 sit,
2756 2177 2870 2233 nisi
2917 2178 3172 2233 Psellum
3226 2179 3405 2235 alium
3438 2180 3678 2252 fingere,

2027 2266 2121 2322 cui
2170 2266 2350 2321 tribui
2401 2266 2612 2337 possit,
2651 2266 2920 2337 velimus,
2976 2272 3129 2323 certe
3177 2268 3349 2324 Pselli
3400 2286 3516 2325 non
3566 2273 3674 2325 est.

2028 2358 2240 2411 Auctor
2269 2360 2533 2426 tempore
2563 2354 2864 2411 Michaelis
2908 2355 3211 2429 Palaeologi
3241 2357 3491 2427 vivebat,
3523 2358 3615 2413 cui
3648 2375 3681 2413 a

2025 2444 2378 2500 valetudinis
2430 2461 2570 2499 cura
2618 2449 2766 2514 erat,
2800 2449 2865 2500 ut
2914 2444 3039 2516 ipse
3089 2447 3304 2501 fatetur
3337 2463 3350 2501 :
3385 2445 3534 2502 Ἐπεὶ
3565 2445 3679 2501 τοί-

2025 2553 2116 2585 νυν
2146 2531 2391 2585 ἐκὲλευσᾶ
2439 2552 2504 2604 με
2548 2532 2575 2585 ὁ
2626 2531 2898 2595 θειότατος
2955 2531 3231 2609 βασιλεὺς,
3265 2533 3380 2607 εἷ’μὶ
3432 2532 3478 2588 δ’
3516 2533 3676 2596 αὐτὸς

2027 2621 2131 2675 ἀπὸ
2184 2618 2290 2675 τῶν
2354 2619 2551 2695 ἰατρῶν
2612 2619 2796 2693 αὐτοῦ,
2854 2622 2942 2676 καὶ
2999 2623 3098 2691 τήν
3157 2621 3321 2677 αὐτοῦ
3364 2624 3543 2702 φύσιν,
3583 2624 3673 2678 καὶ

2027 2710 2124 2778 τήν
2155 2707 2366 2783 κράσιν,
2418 2708 2505 2762 καὶ
2555 2705 2803 2779 ἰδιότητα
2847 2709 2984 2764 κατὰ
3012 2710 3075 2764 τὸ
3116 2707 3335 2765 δυνατὸν
3370 2708 3554 2778 εἰδὼς,
3588 2708 3678 2765 διὰ

2026 2798 2087 2852 τὸ
2145 2799 2219 2871 μὴ
2271 2797 2408 2872 πρὸς
2460 2795 2651 2871 ὀλίγον
2700 2797 2887 2873 καιρὸν
2940 2804 3168 2853 συνεῖναι
3219 2800 3387 2871 αὐτῷ,
3432 2800 3500 2854 τὰ
3538 2800 3674 2874 πρὸς

2027 2885 2163 2959 ἐμήν
2219 2886 2491 2957 ἀνήκοντα
2540 2884 2765 2959 δύναμιν
2812 2888 2949 2942 κατᾶ
2989 2892 3149 2942 τοῦτο
3183 2892 3261 2960 τῷ
3301 2889 3519 2964 ὁρισμῷ
3544 2887 3674 2943 τού-

2024 2996 2121 3029 του
2178 2976 2501 3048 πειθόμενος
2553 2973 2662 3045 ἤδη
2728 2975 2938 3053 γράφω.
2997 2978 3445 3050 Quandoquidem
3509 2981 3683 3047 igitur

2030 3066 2127 3122 hoc
2155 3066 2301 3121 mihi
2328 3067 2622 3138 imperavit
2651 3068 3032 3122 sanctissimus
3060 3083 3180 3135 rex,
3210 3083 3238 3123 e
3265 3070 3424 3139 cujus
3453 3067 3681 3123 medicis

2026 3172 2146 3211 sum
2194 3172 2358 3226 unus,
2392 3156 2620 3226 ideoque
2667 3158 2923 3212 naturam
2971 3160 3119 3228 ejus,
3162 3162 3681 3225 temperamentum-

267 3217 510 3317 cipium,
529 3219 742 3317 Illole
771 3224 861 3279 καὶ
894 3223 1120 3303 λογίων,
1145 3231 1188 3283 ὦ
1213 3230 1446 3305 μέγιστε.
1478 3235 1630 3291 Illud
1657 3217 1912 3293 Simeoni

2025 3261 2125 3317 que
2149 3246 2298 3315 novi,
2325 3246 2639 3315 prxsertim
2676 3261 2799 3299 cum
2847 3245 2946 3301 diu
2994 3261 3118 3301 cum
3168 3261 3231 3301 eo
3278 3234 3679 3317 versatus/ue-

263 3309 436 3399 Setho
469 3310 542 3382 (ν)
574 3313 855 3385 magistro
901 3319 1261 3377 Antiocheno
1308 3324 1616 3391 tributum,
1653 3331 1710 3381 et
1740 3344 1772 3381 a
1800 3328 1912 3399 Gy-

264 3395 429 3487 raldo
459 3399 661 3457 Latine
694 3404 986 3462 redditum
1016 3408 1204 3465 Graece
1234 3416 1290 3466 et
1330 3412 1531 3468 Latine
1561 3395 1912 3487 Isingrinius

263 3484 502 3541 Basileze
534 3492 771 3546 excudit
814 3493 871 3549 in
906 3496 962 3562 8,
998 3498 1156 3552 1538.
1189 3503 1334 3555 Cum
1366 3519 1498 3558 vero
1531 3521 1645 3559 non
1678 3484 1908 3562 tantum

263 3576 588 3667 sententias,
622 3580 720 3667 sed
754 3583 929 3638 verba
975 3587 1149 3641 etiam
1184 3588 1312 3659 ipsa
1355 3591 1413 3645 in
1464 3597 1712 3665 utroque
1741 3611 1911 3667 repe-

262 3661 515 3734 riantur,
548 3665 838 3735 existimo,
873 3671 1252 3733 Collectaneis
1300 3679 1466 3734 Pselli
1509 3661 1908 3739 nonnulla-Si-

263 3766 531 3840 meonem
566 3773 600 3809 a
629 3772 711 3824 se,
746 3758 898 3815 inter
940 3761 1251 3835 legendum
1283 3768 1707 3840 animadversa,
1740 3773 1910 3828 addi-

261 3839 441 3931 disse,
464 3842 553 3897 vel
578 3848 911 3919 quempiam
936 3853 1175 3909 tertium
1198 3857 1270 3911 ab
1296 3862 1545 3931 utroque
1566 3839 1905 3931 confecisse,

259 3929 411 4020 quod
462 3946 530 3985 ex
578 3933 769 3991 indice
823 3942 1222 4014 manuscripto
1271 3946 1339 4017 (s)
1389 3929 1581 4019 colligi
1633 3950 1843 4020 poterit

261 4015 557 4092 Σύνταγμα
605 4022 728 4096 περῖ
788 4031 1001 4104 τροφῶν
1052 4026 1331 4104 δυνάμεων
1376 4040 1472 4088 τοῦ
1520 4035 1766 4109 Ψελλοῢ,
1815 4038 1906 4093 καὶ

262 4106 488 4175 Συμεὼν
520 4112 617 4161 τοῦ
664 4112 1003 4187 Μαγίστρου.
1050 4120 1353 4192 Syntagma
1400 4124 1464 4181 de
1510 4106 1907 4183 alimentorum

262 4195 475 4287 viribus
530 4199 720 4270 Pselli,
762 4212 813 4258 et
859 4204 1129 4281 Simeonis
1180 4213 1446 4282 Magistri.
1496 4216 1695 4287 Neque
1750 4217 1905 4273 enim

260 4281 473 4377 adduci
532 4303 798 4377 possum,
852 4297 916 4349 ut
962 4299 1215 4367 credam,
1250 4281 1507 4358 Psellum
1558 4281 1671 4377 [54]
1720 4322 1827 4361 sua
1874 4323 1907 4361 a

260 4370 457 4461 S_etho,
480 4376 857 4436 eruditiorem
880 4383 1460 4461 eloquentioremque
1489 4409 1522 4448 a
1551 4370 1749 4449 minus
1780 4411 1907 4450 cru-

261 4459 473 4554 ditoet
503 4463 809 4536 eloquente
840 4477 1196 4531 mutuatum.
1222 4459 1481 4535 Aliorum
1505 4482 1797 4554 siquidem
1830 4483 1909 4540 la-

2022 3336 2156 3401 rim,
2188 3351 2286 3405 pro
2341 3350 2426 3402 ea,
2456 3350 2583 3406 quae
2635 3334 2779 3389 mihi
2806 3344 2885 3389 est
2923 3336 3177 3405 scientia,
3217 3335 3281 3391 de
3328 3336 3426 3391 hoc
3469 3337 3675 3405 morbo,

2021 3432 2082 3479 ut
2128 3425 2247 3494 ejus
2298 3425 2548 3479 obediam
2597 3423 2873 3494 mandato,
2935 3427 3176 3479 tractare
3232 3426 3458 3496 incipio.
3493 3428 3576 3491 Et,
3624 3424 3673 3479 si

2020 3529 2113 3568 res
2145 3512 2202 3566 in
2236 3528 2302 3567 eo
2351 3516 2754 3584 pertractatas,
2790 3513 3009 3567 nodum
3044 3517 3100 3569 et
3147 3513 3391 3568 formam
3441 3512 3670 3568 dicendi

2019 3601 2381 3667 consideras,
2414 3600 2643 3673 aliaque
2676 3618 2689 3656 :
2723 3619 2756 3656 a
2786 3602 3018 3657 dicendi
3050 3602 3463 3673 tractandique
3495 3601 3673 3658 ratio-

2019 3707 2090 3746 ne
2118 3690 2413 3746 Pselliana
2446 3691 2617 3762 longe
2649 3690 2884 3746 absunt.
2910 3691 3033 3746 Vidi
3068 3696 3271 3763 postea
3301 3692 3523 3746 editum
3559 3691 3673 3745 La-

2015 3778 2137 3835 tine
2185 3780 2295 3835 sub
2344 3779 2583 3835 nomine
2618 3780 2825 3835 Incerti
2857 3780 2929 3834 ab
2959 3781 3209 3836 Henrico
3256 3780 3552 3850 Stephano
3582 3782 3672 3850 (t),

2017 3867 2172 3923 inter
2201 3872 2466 3923 auctores
2510 3867 2788 3936 medicos,
2821 3873 2961 3924 tom.
2993 3869 3065 3939 II,
3099 3885 3167 3925 ex
3198 3868 3464 3925 versione
3498 3867 3674 3923 Marci

2017 3956 2241 4012 Musuri
2276 3957 2345 4012 ad
2378 3961 2613 4012 Scaram
2641 3957 3017 4025 Trivultium,
3040 3958 3209 4029 cujus
3239 3959 3310 4013 de
3341 3972 3409 4013 eo
3440 3956 3550 4013 hoc
3580 3960 3671 4013 est

2007 4044 2298 4114 judicium
2332 4064 2345 4101 :
2380 4045 2530 4114 Quod
2571 4047 2713 4101 sicut
2742 4050 2950 4113 auctor,
2976 4046 3223 4118 quisquis
3271 4048 3383 4101 haec
3410 4044 3664 4112 ediderit,

2015 4136 2203 4203 infans
2231 4144 2282 4190 et
2320 4136 2557 4206 elinguis
2605 4144 2742 4204 erat,
2771 4144 2831 4190 ut
2880 4137 2977 4206 qui
3021 4136 3273 4203 nesciret,
3307 4137 3360 4189 si
3406 4133 3539 4205 quid
3586 4133 3669 4188 vel

2014 4227 2136 4277 arte
2164 4223 2461 4291 didicisset,
2495 4224 2579 4278 vel
2620 4241 2725 4279 usu
2771 4234 3107 4296 compertum
3149 4224 3449 4292 habuisset,
3481 4222 3669 4294 expri-

2012 4328 2181 4381 mere,
2214 4317 2323 4369 etc.
2367 4313 2435 4367 Et
2485 4317 2621 4368 ante
2671 4312 2896 4384 aliquot
2944 4330 3151 4379 anuos,
3201 4311 3398 4368 Graece
3446 4312 3668 4367 editum

2015 4400 2253 4456 Parisiis
2298 4402 2357 4456 in
2388 4403 2633 4472 8,1558.
2684 4402 2853 4474 Apud
2904 4400 3285 4457 Guilielmum
3336 4398 3667 4465 Morelium,

2014 4489 2299 4573 Demetrio.
2332 4496 2715 4562 Pepagomeno
2757 4490 3153 4558 vindicatum;
3188 4493 3245 4544 et
3272 4490 3390 4561 [35]
3421 4488 3666 4544 seorsim

254 4548 827 4651 aeribus‘meﬁpres,
853 4578 966 4617 non
991 4564 1308 4623 deteriores
1338 4570 1579 4627 evadere
1601 4588 1903 4630 conamur.
1936 4586 1983 4651 Ι)
2015 4578 2218 4634 Latine
2241 4561 2309 4633 ei
2338 4548 2822 4651 interpretatione
2844 4578 3171 4634 doctissimi
3196 4578 3502 4649 cujusdam
3535 4575 3665 4646 viri,

254 4639 324 4691 Et
356 4639 609 4738 .Psellus
668 4645 963 4738 Sethianis
1021 4651 1160 4724 illis,
1217 4655 1397 4712 veluti
1453 4659 1648 4716 aliena
1702 4661 1904 4733 pluma
1936 4639 1978 4651 υ
2014 4682 2188 4738 quem
2220 4667 2347 4737 ipse
2376 4639 2810 4723 non.nominat.
2830 4669 2974 4724 Cum
2999 4684 3131 4723 vero
3161 4666 3222 4722 in
3255 4639 3461 4721 multis
3483 4639 3665 4721 Psello

252 4727 531 4798 amictus,
562 4736 986 4795 candidissima
1017 4757 1125 4797 sua
1153 4744 1547 4817 deturpasset.
1577 4727 1815 4807 Viderat
1843 4752 1901 4807 id

252 4829 488 4889 quoque
520 4821 830 4896 Gyraldus,
862 4827 1231 4904 epistolaque
1262 4838 1694 4908 nuncupatoria
1722 4841 1906 4896 omni-

2012 4754 2331 4824 tribuatur,
2362 4755 2500 4811 licet
2532 4754 2693 4810 illius
2725 4772 2841 4811 non
2873 4756 2971 4824 sit,
3004 4756 3159 4812 inter
3186 4754 3303 4812 alia
3335 4754 3509 4811 Pselli
3539 4769 3664 4809 mo-

2014 4847 2299 4900 numenta
2327 4843 2486 4901 edita
2514 4843 2708 4901 locum
2740 4844 2974 4901 habeat.

1843 4985 2078 5042 NOTAE.

323 5090 927 5181 (‘q_)_1flmm§.9agsareo
973 5099 1274 5181 Michaelis
1310 5104 1477 5181 Pselli
1530 5123 1657 5181 esse
1707 5110 1903 5181 perhi-

252 5158 612 5255 ξςξιυῐςῖξ-Ϊΐοῦ
656 5165 880 5255 melle?
924 5171 1119 5255 κυρίου
1162 5158 1900 5255 ,ῌιχαήλιπερῖῖτῶνῖἇγξῶν

253 5229 345 5318 xui
384 5229 723 5325 ιοἰκουμενικ
752 5243 824 5293 ῶν
858 5229 1003 5295 Emit.
1050 5229 1293 5299 συνόδων
1336 5229 1903 5325 έπρὸςγτὸνῄβασιιλὲα

255 5301 351 5388 τὸγ
378 5301 746 5388 ὶΜονομίάχον.

252 5443 283 5499 J
320 5373 392 5446 (ν)
421 5373 677 5465 Sim-coni
730 5381 872 5465 huic
924 5383 1205 5466 yindicat,
1251 5393 1311 5472 et
1356 5408 1423 5447 ex
1472 5394 1704 5450 duobus
1754 5413 1899 5452 mss.

289 5461 377 5500 ac.
412 5449 668 5528 Mentel"
726 5459 1101 5528 integriorem
1160 5459 1339 5528 hujus
1398 5463 1531 5519 libri
1584 5467 1901 5523 editionem

250 5523 716 5611 gum‘vers'iptpeh
733 5523 1521 5611 et"1i.0tis_de_d_it‘Martinus
1551 5539 1898 5611 ,Bogdanus,

252 5588 437 5680 Perire:
492 5596 917 5680 1§5§,_.8‘.”Vide
963 5603 1022 5654 et
1067 5588 1897 5680 Allatiumideréimeoonibus:

242 5676 302 5733 p.
343 5662 467 5720 181.
500 5667 678 5726 Pselli
707 5668 927 5726 librum
972 5685 1093 5728 una
1122 5687 1259 5731 cum
1290 5662 1898 5739 Βίωοοιιίῖἱίῐὲῐῖἀ

2013 5113 2429 5187 mss._cod_ice_s_
2468 5112 3179 5187 recensitoederevoluit
3205 5112 3488 5187 Georgius
3533 5111 3665 5168 Hie-

2013 5200 2139 5239 ron.
2172 5183 2529 5240 Welschius.
2562 5185 2707 5241 Vide
2737 5186 2866 5253 ejus
2897 5185 3203 5255 epistolam
3239 5185 3333 5240 IX.

2082 5255 2276 5329 (s)§ic
2328 5258 2505 5312 etiam
2560 5257 2740 5311 codex
2766 5252 3087 5329 ’Ctesareus
3133 5259 3215 5329 de
3252 5252 3662 5329 qu0_Lam_he-

2012 5323 2145 5399 cius
2172 5326 2262 5397 VI,
2297 5344 2353 5399 p.
2390 5330 2512 5383 161.
2548 5329 2706 5383 Idem
2757 5334 3043 5383 memorat
3074 5328 3242 5384 Pselli
3271 5323 3404 5399 ’περῗ
3459 5323 3665 5399 διαίτης

2013 5344 2138 5381 cius
2181 5344 2262 5397 v1,
2341 5370 2353 5383 .
2390 5344 2512 5383 101.
2548 5344 2706 5383 mem
2757 5344 3043 5383 memorat
3074 5344 3242 5384 k’SPIlI
3284 5347 3404 5399 περι
3459 5344 3663 5391 οιαιτης

2013 5398 2261 5479 adjmp.
2286 5344 2745 5479 Eonstantipum
2778 5399 3254 5479 Monomachum.
3289 5400 3539 5479 Incipit:
3566 5394 3663 5479 Kgi

2011 5469 2183 5545 “EOS-co
2206 5464 2222 5469 ”
2246 5476 2344 5538 τῆς
2375 5539 2385 5545 _
2422 5473 2527 5545 σῆς.
2602 5464 2756 5543 ἔργον
2791 5470 3075 5545 ’προνοίᾳς
3106 5470 3221 5545 -καὶ
3282 5464 3664 5545 μεγελοφυοῦς

2013 5537 2264 5619 ἐξεινοίας.
2300 5537 2389 5595 καὶ
2450 5537 2972 5619 φξλαγθρωπότήτος
3012 5537 3300 5619 ⁸ἐθιτίταγιψλιὶ
3324 5537 3665 5619 ,-’Κωνοταν-

2011 5615 2125 5665 τῖνε
2156 5610 2395 5689 θειότατε
2418 5610 2758 5689 κὰὶημέγίστξ
2787 5612 3146 5689 αὐτοκράτορ,
3178 5610 3305 5672 δὶξτ.
3326 5610 3397 5670 γλ.

2085 5688 2154 5757 (ι)
2181 5684 2363 5757 Paris,
2395 5689 2459 5742 Δ.
2495 5684 2655 5757 1567,
2686 5684 2786 5744 fol.
