4084 6140
365 341 484 401 509

1622 334 1996 397 DIATRIBA
2040 336 2141 396 DE
2190 335 2527 397 PSELLIS.

3663 336 3785 399 510

436 472 583 527 LIII.
637 475 705 526 Et
745 471 866 529 haec
916 472 1085 529 Pselli
1136 488 1313 545 opera
1355 470 1435 543 (u)
1481 470 1640 525 edita
1695 474 1835 525 sunt
1890 485 2018 540 qua:
2047 469 2101 535 Α
2207 469 2316 525 LV.
2353 470 2689 537 Quwstiones
2719 468 3042 537 theologicae
3063 485 3187 523 cum
3219 472 3685 539 responsionibus,
3710 470 3785 525 ad

363 562 511 617 mihi
544 562 738 617 videre
790 563 1056 634 contigit.
1094 568 1178 618 An
1230 561 1343 616 alia
1395 560 1533 615 item
1594 560 1715 614 sint
1762 559 2024 614 nondum

365 651 523 706 novi.
562 650 711 705 Illud
744 651 921 717 scias,
955 651 1159 721 lector,
1191 649 1336 705 alias
1383 650 1518 704 item
1552 664 1681 703 esse
1713 646 2027 702 nonnullo-

360 756 494 795 rum
527 757 596 796 ex
638 739 803 795 hisce
851 740 1129 812 operibus
1162 740 1471 803 editiones,
1504 755 1653 809 quas
1705 738 1895 791 libens
1926 752 2023 791 vo-

364 828 618 901 lensque
647 829 841 884 omisi.
876 830 1031 884 Satis
1079 830 1154 884 sit
1202 828 1628 901 praecipuarum
1681 826 2023 881 commemi-

369 920 552 973 nisse.
586 918 820 973 Utinam
873 923 928 973 et
977 918 1113 987 alia,
1161 934 1289 989 quae
1333 918 1457 987 jam
1508 916 1711 979 latent,
1760 916 2024 970 eamdem

371 1024 509 1062 cum
541 1006 672 1063 istis
702 1008 995 1062 fortunam
1029 1005 1458 1078 experirentur!
1486 1006 1595 1061 Sed
1627 1004 1862 1076 quando
1894 1019 2024 1075 pes-

371 1096 658 1152 simorum
715 1095 1023 1150 hominum
1081 1094 1343 1165 nequitia
1401 1094 1457 1148 id
1518 1093 1641 1148 fieri
1697 1092 1922 1163 nequit,
1952 1108 2023 1145 en

366 1185 701 1256 aliquorum
763 1185 953 1239 adhuc
1002 1184 1357 1239 ineditorum
1410 1181 1740 1253 catalogum
1791 1181 1887 1235 hic
1935 1185 2019 1234 at-

362 1279 581 1342 texam,
636 1290 888 1344 quorum
946 1272 1090 1326 mihi
1143 1271 1427 1326 memoria
1475 1271 1759 1341 suppetit,
1804 1273 1861 1324 et
1908 1285 2022 1339 quo

365 1362 652 1416 dicuntur
699 1377 830 1416 esse
878 1361 935 1415 in
992 1360 1117 1416 loco
1168 1361 1449 1432 aperiam,
1482 1365 1567 1425 ut,
1603 1360 1652 1415 si
1699 1359 1869 1413 detur
1915 1356 2021 1411 ali-

365 1452 605 1522 quando
640 1450 909 1520 facultas,
932 1450 1041 1505 tibi
1072 1450 1265 1520 possis
1298 1453 1491 1504 tantos
1522 1449 1828 1503 thesauros
1859 1464 2013 1501 com‘

363 1556 594 1611 parare.
628 1540 1025 1611 Laudaboque
1054 1543 1343 1607 auctores,
1378 1544 1442 1592 ut
1470 1538 1625 1591 unde
1657 1537 1712 1591 id
1746 1536 2017 1599 habeam,

366 1630 476 1683 tibi
508 1633 875 1700 compertum
909 1627 1004 1693 sit,
1028 1631 1083 1682 et
1115 1628 1161 1683 si
1187 1643 1318 1698 quae
1340 1629 1503 1681 fraus
1527 1626 2017 1697 deprehendetur,

365 1717 587 1773 habeas
619 1725 679 1772 tu
702 1717 902 1782 etiam,
924 1716 982 1770 in
1016 1732 1164 1788 quas
1186 1715 1407 1770 crimen
1442 1715 1678 1769 referas.
1703 1714 1782 1769 De
1805 1713 2020 1785 quibus

2137 558 2479 613 Michaelem
2540 558 2784 624 Ducam,
2836 558 3053 627 quibus
3112 562 3170 612 et
3228 560 3298 612 ad
3361 559 3783 630 physiologiam

2138 647 2492 717 pertinentia
2522 648 2915 711 continentur,
2951 646 3075 715 Iol.,
3108 647 3165 700 in
3201 646 3557 703 bibliotheca
3584 650 3786 719 Augu-

2138 740 2330 802 stana,
2362 737 2419 790 in
2451 737 2704 792 armario
2737 736 2830 790 VI.
2869 737 3043 791 Index
3072 738 3456 805 Augustanus
3491 754 3601 792 ms'
3633 737 3789 792 infra

2137 825 2314 879 etiam
2346 826 2500 881 idem
2534 826 2704 880 index
2737 825 2857 880 haec
2898 826 3075 879 habet
3108 843 3121 880 :
3156 827 3330 881 Pselli
3357 826 3426 881 ad
3458 828 3789 882 Mic/taelem

2139 915 2490 971 Commenum
2520 918 2674 970 varia
2722 918 2901 986 capita
2933 916 3234 987 theologica
3263 934 3282 970 :
3317 914 3445 989 Περὶ
3495 912 3787 969 ἐνῦποστά-

2133 1020 2254 1075 του,
2286 1011 2354 1060 de
2381 1007 2591 1070 anima,
2625 1013 2690 1060 de
2720 1005 3044 1071 virtutibus,
3070 1014 3120 1060 et
3144 1006 3378 1076 physica
3407 1006 3475 1059 de
3503 1006 3789 1071 sensibus,-

2136 1093 2200 1148 de
2245 1094 2633 1149 similitudine.
2684 1103 2735 1149 et
2779 1094 3247 1149 dissimilitudine
3308 1094 3612 1149 liberorum
3659 1111 3785 1149 cum

2130 1184 2489 1253 parentibus;
2534 1184 2599 1237 de
2650 1184 2973 1253 embryone;
3021 1183 3086 1238 de
3139 1185 3397 1244 somniis;
3447 1183 3511 1237 tle
3561 1183 3786 1237 circulis

2133 1271 2476 1333 cwlestibus;
2502 1273 2569 1326 de
2598 1274 2885 1333 meteoris;
2915 1271 2980 1327 de
3010 1273 3161 1328 luna?
3192 1273 3417 1339 ectipsi:
3447 1272 3512 1326 de
3538 1272 3667 1326 solis
3689 1288 3788 1326 ca-

2136 1361 2285 1422 lore;
2315 1361 2379 1416 de
2419 1362 2621 1427 stellis;
2654 1360 2719 1415 de
2747 1362 3055 1422 Dioscuris;
3104 1360 3169 1416 de
3220 1363 3431 1432 pluvia,
3482 1361 3782 1431 grandine,

2130 1452 2275 1516 nive,
2324 1452 2549 1521 pruina,
2600 1465 2754 1514 rore;
2785 1451 2855 1505 de
2900 1450 3159 1522 typhone,
3194 1454 3245 1504 et
3294 1450 3557 1520 ecnephia
3585 1449 3783 1519 ventis,

2128 1540 2194 1593 de
2220 1538 2497 1609 fulmine;
2526 1539 2591 1593 de
2617 1538 2865 1608 partibus
2911 1537 3135 1599 mundi;
3186 1538 3250 1592 de
3295 1542 3461 1594 terra?
3507 1538 3746 1593 motibus
3762 1552 3783 1597 ;

2129 1628 2195 1682 de
2223 1628 2661 1699 tempestatibus;
2694 1629 2761 1682 de
2809 1627 3086 1682 salsedine
3129 1629 3337 1687 maris;
3366 1627 3430 1681 de
3477 1627 3785 1693 imbribus;

2131 1717 2197 1771 de
2242 1718 2597 1787 ﬂuminibus;
2632 1716 2697 1770 de
2747 1717 3035 1771 stellarum
3085 1717 3233 1783 luce;
3281 1716 3422 1787 quid
3467 1718 3785 1784 necessitas,

363 1812 635 1861 exactum
699 1806 809 1861 tibi
860 1804 1179 1876 judicium,
1229 1809 1568 1875 certamque
1629 1804 2018 1858 narrationem
2053 1807 2472 1890 Beontingens,
2534 1814 2764 1875 tempus,
2826 1807 3102 1870 materia,
3156 1807 3361 1875 forma,
3413 1803 3789 1859 elementum?

366 1912 484 1950 non
517 1894 823 1966 promitto,
855 1911 987 1949 cum
1029 1910 1097 1948 ea
1140 1909 1253 1964 prae
1287 1892 1565 1947 manibus
1620 1909 1732 1947 non
1786 1891 2019 1946 fuerint.

364 1981 515 2036 Illud
548 1986 775 2036 certum
808 1985 915 2046 est,
950 1997 1018 2034 ex
1057 1980 1151 2034 his
1205 1979 1491 2034 nonnulla
1540 1995 1669 2035 esse
1722 1979 1833 2049 bis,
1864 1983 2024 2034 terve

363 2069 635 2141 repetita,
670 2069 938 2140 quaedam
972 2069 1149 2124 etiam
1195 2068 1349 2140 typis
1384 2085 1616 2123 excusa.
1651 2068 1796 2133 Quia
1826 2074 2023 2123 tamen

360 2175 429 2213 ex
462 2158 588 2214 sola
622 2158 779 2212 tituli
815 2158 1050 2226 notitia,
1081 2174 1266 2228 eaque
1306 2158 1593 2225 varia,_de
1623 2162 1742 2212 toto
1775 2162 2025 2212 tractatu

364 2265 483 2302 non
529 2263 849 2319 possumus
899 2246 1249 2301 sententiam
1287 2247 1453 2313 ferre,
1489 2251 1545 2301 et
1590 2262 1773 2301 unum
1808 2246 1879 2300 ab
1913 2245 2026 2300 alio

363 2336 756 2407 distinguere,
779 2336 1279 2407 quemadmodum
1312 2334 1371 2388 in
1405 2334 1541 2389 aliis
1566 2334 1920 2402 invenimus,
1945 2332 2029 2388 ita

366 2425 477 2481 tibi
508 2426 744 2495 damus,
777 2441 904 2495 quzs
951 2428 1105 2479 certo
1137 2424 1295 2479 edita
1333 2428 1472 2479 sunt
1502 2422 1741 2478 omnino
1792 2426 2027 2494 printer-

372 2520 611 2579 euntes,
643 2514 721 2569 sit
750 2529 887 2585 ergo
922 2530 934 2567 :

450 2602 590 2658 LIV.
636 2601 811 2658 Pselli
872 2600 1019 2657 liber
1066 2605 1268 2657 Contra
1320 2602 1677 2666 Eunomium,
1727 2604 1920 2655 Romae
1968 2598 2029 2653 in

375 2692 665 2747 Vaticana
696 2696 963 2746 servatur
998 2708 1010 2745 :
1046 2691 1342 2746 Gesnerus
1390 2690 1449 2744 in
1501 2689 1879 2755 Bibliotheca,
1912 2688 2030 2744 Gil-

378 2782 585 2836 bertus
618 2780 972 2834 Gaulminus
1011 2780 1167 2833 notis
1212 2779 1269 2832 in
1301 2780 1574 2834 eumdem
1608 2776 1738 2851 Περὶ
1769 2775 2035 2850 ἐνεργείας

380 2868 692 2938 Δαιμόνων,
725 2874 784 2923 et
833 2868 1177 2923 Franciscus
1227 2868 1650 2923 Feuardentius
1699 2866 2035 2939 praefatione

385 2959 447 3013 iu
485 2957 633 3012 Petri
675 2956 893 3012 Morelli
949 2957 1490 3029 interpretationem
1542 2958 1808 3028 ejusdem
1855 2954 2037 3010 libelli

393 3054 476 3104 De
508 3046 864 3102 daemonibus.

454 3136 668 3191 Scholia
694 3136 935 3205 eiusdem
960 3138 1019 3191 in
1042 3135 1243 3191 dictum
1266 3135 1539 3206 quoddam
1561 3135 1782 3203 Basilii,
1807 3135 2032 3203 Romae;

392 3229 690 3282 Gesnerus
720 3224 961 3280 ibidem.

455 3315 704 3386 Epitome
752 3314 1023 3369 librorum
1074 3314 1269 3384 Moysis
1300 3314 1359 3367 in
1392 3313 1422 3366 4
1452 3316 1556 3367 Ms.
1589 3311 1648 3366 in
1683 3311 2041 3366 bibliotheca

388 3403 767 3474 imperatoris
800 3403 1025 3458 Vienna:
1060 3418 1073 3459 :
1107 3404 1419 3458 Gesnerus.

459 3494 709 3563 Diaptra,
753 3492 809 3546 id
860 3497 950 3547 est
999 3492 1390 3563 Perspectiva,
1439 3490 1744 3547 continens
1792 3495 2044 3562 quatuor

389 3598 697 3637 sermones
729 3581 790 3636 in
813 3580 1029 3652 quibus
1060 3581 1295 3636 animus
1317 3584 1374 3635 et
1402 3596 1611 3652 corpus
1634 3580 1957 3651 disputant,
1981 3579 2040 3634 in

387 3670 752 3727 bibliotheca
809 3672 1151 3736 Augustana
1206 3686 1219 3724 :
1273 3670 1566 3725 Gesnerus
1608 3670 1719 3740 [36]
1765 3674 1821 3723 et
1868 3668 2042 3723 index

388 3764 783 3831 Augustanus
818 3776 831 3813 :
866 3760 1013 3814 Plut.
1045 3760 1099 3823 6,
1124 3775 1287 3813 num.
1322 3760 1409 3812 12.
1446 3760 1571 3813 Haec
1610 3775 1682 3813 an
1727 3758 1930 3812 eadem
1965 3756 2043 3811 sit

393 3864 529 3904 cum
566 3847 818 3918 Philippi
859 3846 1105 3902 solitarii
1154 3848 1409 3919 DiOptra,
1436 3848 1560 3916 jam
1611 3847 1770 3902 edita
1817 3846 2040 3913 Latine,

392 3953 510 3991 non
547 3952 787 4008 possum
813 3934 1093 4000 divinare,
1120 3940 1175 3991 et
1204 3936 1348 3990 forte
1380 3934 1595 3990 Indicis
1627 3937 1848 4005 auctor,
1873 3933 2045 3989 Pselli

392 4026 692 4098 praetentis
743 4028 812 4093 (υ)
870 4024 1108 4079 nomine
1173 4024 1488 4094 deceptus,
1546 4028 1732 4078 totum
1791 4023 2045 4093 Dioptrte

390 4132 564 4186 opus,
609 4131 642 4168 a
681 4130 811 4168 vero
864 4113 1148 4185 scriptore
1198 4112 1461 4183 Philippo
1515 4112 1805 4177 avulsum,
1852 4110 2043 4167 Psello

391 4203 803 4271 imprudenter
833 4201 1011 4256 nimis
1041 4202 1369 4273 supposuit.
1407 4200 1657 4273 Philippi
1692 4209 1885 4255 tamen
1918 4217 2045 4256 esse

390 4296 659 4364 apparet,
696 4308 828 4345 cum
883 4307 1034 4357 eam,
1068 4308 1136 4345 ex
1174 4289 1530 4344 bibliotheca
1580 4294 1918 4360 Augustana
1946 4290 2045 4344 de-

391 4386 752 4453 promptum,
801 4396 933 4435 cum
979 4378 1271 4448 Cabasila,
1305 4377 1628 4445 Philotheo,
1659 4378 1883 4434 Joanne
1912 4380 2046 4434 Car-

389 4470 616 4542 pathio,
650 4474 706 4525 et
734 4469 909 4540 Glyca
952 4468 1219 4523 Latinam
1252 4466 1578 4538 vulgaverit
1615 4468 1865 4523 Jacobus
1896 4468 2049 4522 Pon-

2135 1894 2275 1961 Quid
2320 1895 2748 1965 encyclopedia?
2795 1894 2861 1948 de
2913 1895 3225 1948 litterarum
3272 1893 3671 1959 inventoribus;
3721 1891 3787 1946 de

2131 1983 2527 2049 Amazonibus;
2556 1984 2623 2037 de
2642 1982 2964 2037 nominibus
2992 1999 3386 2037 mensurarum
3413 2007 3426 2049 ;
3458 1982 3522 2037 de
3549 1981 3788 2037 circulo-

2133 2088 2260 2125 rum
2292 2073 2502 2140 initiis;
2531 2087 2658 2143 quae
2693 2072 2930 2126 habeant
2967 2072 3183 2137 aetum,
3219 2088 3396 2138 mare,
3425 2072 3536 2131 sol;
3562 2071 3627 2126 de
3655 2080 3786 2126 ortu

2134 2162 2267 2216 solis
2294 2162 2526 2231 triplici,
2559 2161 2732 2232 (teque
2760 2163 2885 2231 igne
2912 2162 3127 2216 calitus
3156 2160 3225 2215 ad
3251 2159 3577 2232 philosophi
3600 2174 3789 2231 preces

2136 2249 2389 2321 delapso;
2421 2249 2487 2303 de
2533 2252 2785 2315 Potidca,
2826 2249 3092 2309 Arcadia;
3145 2266 3210 2304 ac
3254 2250 3557 2319 Aristotele,
3593 2248 3789 2303 Clean-

2137 2343 2245 2406 the,
2292 2339 2653 2406 Anaxagora;
2683 2339 2747 2393 de
2788 2338 3012 2402 Eubeea,
3048 2338 3263 2393 Sicilia.
3298 2337 3593 2393 Gesnerus
3626 2338 3785 2406 item,

2138 2427 2380 2498 ejusdem
2408 2427 2473 2482 de
2499 2426 2613 2498 ﬁde
2657 2426 2727 2481 ad
2773 2427 3088 2483 Michaelem
3135 2428 3370 2491 Ducam,
3391 2429 3593 2499 juncta
3641 2428 3789 2497 ejus-

2140 2518 2269 2572 dem
2300 2517 2543 2587 Epitome
2586 2516 2958 2587 philosophia?
2998 2516 3388 2581 Aristotelicas,
3420 2516 3477 2571 id
3524 2520 3601 2570 est
3645 2515 3789 2587 phy-

2139 2609 2290 2673 sicae,
2339 2605 2405 2660 de
2466 2606 2820 2676 generatione
2874 2609 2926 2659 et
2980 2606 3351 2676 corruptione,
3400 2606 3468 2660 de
3513 2606 3791 2673 meteoris,

2141 2711 2268 2752 eum
2310 2695 2683 2766 supplemento
2714 2694 2972 2763 Gregorii
3016 2694 3233 2749 Νίσαξηί
3279 2694 3348 2747 ad
3395 2695 3619 2748 Petrum
3667 2696 3791 2762 fra-

2142 2788 2282 2839 trem
2316 2785 2374 2837 in
2406 2783 2458 2853 4,
2489 2799 2591 2836 ms.
2624 2783 2946 2838 bibliotheca
2979 2786 3113 2854 imp.
3152 2784 3390 2839 Viennae.
3423 2783 3585 2837 Idem
3617 2781 3796 2837 habet

2145 2873 2322 2929 Israel
2354 2873 2637 2945 Spachius
2675 2872 2734 2927 in
2767 2874 3212 2930 Nomenclatore
3259 2872 3609 2943 scriptorum
3661 2871 3790 2942 phi-

2146 2962 2582 3034 losophicorum
2641 2967 2697 3017 et
2754 2960 3260 3034 philologicorum.
3296 2962 3436 3017 Item
3488 2960 3682 3015 Romae
3732 2960 3790 3015 in

2148 3050 2501 3106 bibliotheca
2540 3049 3122 3106 Sancto-Silvestrina
3168 3051 3226 3104 in
3280 3053 3476 3104 monte
3507 3048 3793 3114 Quirinali

2149 3144 2238 3194 est
2265 3140 2527 3209 ejusdem
2570 3138 2663 3193 hic
2710 3138 2857 3193 liber
2906 3156 3016 3194 ms.
3049 3139 3266 3206 Graece,
3300 3154 3474 3209 quem
3508 3154 3614 3208 ego
3644 3136 3793 3204 vidi;

2152 3227 2359 3283 titulus
2410 3232 2534 3282 erat
2569 3243 2582 3281 :
2626 3222 2851 3279 Ψελλοῦ
2882 3227 3015 3299 πρὸς
3062 3226 3154 3279 τὸν
3208 3223 3435 3301 βασιλέα
3472 3222 3658 3298 κύριον
3693 3229 3796 3276 Μι-

2151 3314 2303 3390 χαήλ
2341 3315 2432 3369 τὸν
2484 3319 2688 3368 Δοῦκαν
2722 3317 2823 3388 (ω).
2856 3318 3029 3371 Pselli
3068 3316 3139 3371 ad
3185 3318 3567 3387 imperatorem
3614 3315 3797 3369 domi-

2150 3423 2284 3460 num
2322 3405 2640 3461 Michaelem
2685 3406 2921 3467 Ducam;
2950 3404 3138 3476 capita
3182 3408 3365 3460 erant.
3400 3403 3464 3458 α’.
3496 3399 3799 3475 Ὁμολογία

2149 3499 2250 3561 τῆς
2308 3492 2558 3554 πίστεως.
2746 3492 2876 3567 Περὶ
2938 3491 3219 3564 ὀνομάτων
3276 3495 3438 3545 τινῶν
3483 3487 3795 3565 λεγομὲνων

2151 3575 2201 3629 ἐν
2260 3581 2340 3647 τῷ
2389 3580 2496 3630 τῶν
2557 3577 2891 3651 Χριστιανῶν
2940 3572 3193 3648 δόγματι.
3224 3580 3289 3650 γ’.
3324 3571 3451 3648 Περί
3504 3572 3794 3627 ἐνυποστά-

2149 3687 2279 3720 των.
2338 3662 2404 3721 δ.
2452 3664 2580 3739 Περὶ
2638 3664 2993 3736 Ὁμοουσίου.
3050 3666 3112 3721 ε’.
3162 3664 3295 3737 Περὶ
3340 3660 3791 3735 Ὀμοῦποστάτου

2153 3755 2210 3817 ς’.
2263 3754 2392 3828 Περὶ
2437 3752 2733 3815 οὐσιώδους
2782 3753 3045 3818 ἒνώσεως,
3098 3751 3189 3806 καὶ
3240 3749 3520 3830 διαφορᾶς.
3557 3751 3617 3818 ζ’.
3666 3748 3800 3823 Περὶ

2154 3842 2515 3911 ὑποστατικῆς
2566 3843 2827 3911 ἓνώσεως,
2885 3842 2974 3896 καὶ
3026 3839 3308 3918 διαφορᾶς.
3360 3842 3431 3910 η’.
3478 3837 3611 3914 Περῖ
3668 3858 3801 3913 σχε-

2150 3938 2306 4000 τικῆς
2340 3932 2603 3994 ἑνώσεως.
2638 3933 2701 3995 θ’.
2739 3931 2866 4006 Περὶ
2919 3937 3018 3999 τῆς
3068 3930 3223 4005 ἁγίας
3270 3926 3520 4001 Τριάδος.
3576 3928 3605 3979 ι’
3670 3926 3804 3999 Περὶ

2153 4022 2266 4093 [37]
2315 4021 2522 4094 τρόπου
2577 4023 2675 4089 τῆς
2733 4017 3077 4080 ἀντιδόσεως.
3142 4025 3226 4074 ια’.
3289 4018 3416 4093 Περὶ
3472 4016 3614 4081 θείας
3666 4015 3804 4069 lvd;-

2154 4129 2289 4170 σεως
2325 4110 2415 4176 ιβ’.
2458 4109 2588 4182 Περὶ
2638 4108 2865 4185 φύσεως.
2905 4112 2926 4165 1
2984 4110 3261 4178 Professio
3309 4108 3456 4178 ﬁdei.
3490 4107 3547 4163 2.
3580 4107 3655 4162 De
3684 4107 3809 4176 qui-

2155 4198 2381 4254 busdam
2410 4200 2734 4255 nominibus
2766 4200 2825 4253 in
2852 4198 3303 4255 Christianorum
3353 4198 3610 4267 dogmate
3637 4211 3805 4249 usur-

2150 4289 2315 4358 patis.
2374 4288 2427 4341 3.
2488 4288 2560 4342 De
2614 4291 2687 4359 (y)
2744 4288 3178 4359 enypostasibus.
3239 4287 3291 4340 4.
3351 4287 3428 4340 De
3490 4285 3799 4340 Homousio.

2152 4379 2207 4432 5.
2242 4378 2313 4432 De
2369 4379 2846 4448 Homohypostato.
2897 4378 2951 4433 6.
3007 4381 3083 4432 De
3137 4376 3422 4431 essentiali
3477 4376 3697 4438 unione,
3750 4376 3806 4425 et

2155 4466 2490 4537 lii/ferentia.
2524 4467 2577 4520 7.
2610 4467 2685 4521 De
2733 4466 3080 4537 hypostatica
3126 4467 3352 4531 unione,
3384 4472 3437 4520 et
3466 4462 3803 4534 (Ii/Ieremia.

390 4564 571 4613 tanus
623 4556 991 4629 Ingolstadii,
1023 4572 1092 4612 ex
1122 4555 1503 4628 typographis
1535 4555 1738 4611 Adami
1787 4556 2048 4627 Sertorii,
2082 4551 2129 4617 D
2159 4557 2211 4609 8.
2248 4560 2333 4609 De
2370 4556 2605 4610 relativo
2652 4556 2874 4610 unione.
2905 4555 2959 4607 9.
2994 4556 3068 4609 De
3113 4562 3309 4609 sancta
3360 4551 3574 4607 Triade.
3611 4551 3693 4605 10.
3730 4548 3808 4602 De

389 4647 555 4714 1604,
589 4646 646 4701 in
674 4647 725 4701 4.

2151 4644 2304 4700 modo
2339 4645 2411 4717 (π.)
2443 4643 2853 4700 retributionis.
2891 4644 2977 4699 11.
3010 4644 3083 4699 De
3128 4643 3316 4698 divina
3361 4642 3589 4711 unione,
3621 4639 3703 4693 12.
3736 4638 3812 4693 De

1984 4771 2218 4828 NOT/E.

467 4871 538 4936 (α)
569 4869 729 4923 Adde
779 4855 872 4924 bis
913 4869 984 4923 ab
1032 4866 1242 4923 Allatio
1273 4868 1579 4923 recensitis
1612 4869 1663 4923 1.
1697 4865 1931 4936 Σύνοψιν
1972 4866 2048 4929 εἷς

382 4942 490 5008 τὴν
528 4938 941 5014 Ἀριστοτὲλρρς
993 4941 1236 5013 Λογικήν
1270 4956 1448 5010 quam
1499 4940 1692 5014 Graece
1728 4938 2050 5014 _et_Latine

386 5010 603 5095 edidit'
633 5013 786 5095 Elius
827 5010 1185 5095 lEbinger‘us.
1211 5016 1484 5095 Augustas
1532 5010 1765 5066 Vindel.
1801 5012 1960 5081 1597,
1992 5015 2046 5095 8,

387 5088 711 5140 observans
746 5084 895 5139 Petri
945 5082 1188 5154 Hispani
1224 5082 1607 5153 summulam,
1642 5098 1855 5154 magna
1887 5087 2049 5154 parte

388 5174 463 5211 ex
494 5155 601 5210 hoc
637 5156 807 5211 Pselli
846 5151 1129 5225 opusculo
1178 5156 1418 5225 petitam
1469 5151 1616 5209 esse.
1650 5151 2045 5225 2.)’Μονὶρδίαν

385 5229 450 5283 in
486 5228 773 5297 templum
824 5224 1049 5297 sophiae
1082 5224 1239 5295 Cpol.
1272 5233 1438 5279 terra
1492 5231 1653 5279 motu
1683 5224 2043 5296 quassatam,

386 5316 571 5370 quam
604 5296 786 5353 edidit
825 5296 1074 5351 Allatius
1107 5297 1270 5370 potis
1302 5297 1372 5351 ad
1405 5296 1719 5370 Georgium
1751 5298 2047 5368 Acropoli-

386 5369 537 5435 t’am,
574 5387 627 5439 p.
682 5370 780 5423 281
837 5386 958 5439 seq.
993 5372 1072 5435 3.)
1104 5369 1279 5423 Breve
1329 5384 1559 5423 carmen
1612 5369 1925 5423 iambicum
1987 5370 2045 5424 in

391 5438 822 5511 depositionem
854 5438 942 5495 Joi
968 5438 1391 5566 Chrésostomi,
1414 5440 1715 5510 vulgatum
1750 5440 1945 5495 Graece
1975 5441 2046 5495 ab

397 5513 607 5566 Allatio
648 5512 707 5566 in
756 5512 1043 5566 exeerntis
1123 5527 1319 5565 rsecor.
1354 5512 1753 5566 sonhistarum
1803 5527 1869 5566 ac
1917 5512 2046 5566 rhe-

396 5513 607 5569 Allatio
648 5512 707 5567 in
756 5512 1043 5583 exeerptis
1073 5512 1319 5566 Graecor.
1354 5512 1753 5582 sOphistarum
1790 5527 1869 5583 iac
1917 5512 2048 5566 rhe-

389 5592 618 5652 torum,
671 5601 724 5654 p.
778 5584 901 5638 400.
930 5582 1125 5639 ’Rom.
1161 5583 1319 5649 1648,
1351 5583 1404 5636 8.
1448 5583 1605 5638 Idem
1658 5599 1727 5639 ex
1776 5582 2047 5639 Oratione

392 5657 623 5713 inedita
665 5655 734 5711 ad
775 5654 1232 5711 Constantinum
1276 5654 1724 5711 Monomachum
1774 5654 2048 5726 producit

2161 4866 2465 4935 nonnulla,
2500 4884 2555 4940 p.
2595 4868 2715 4936 102,
2753 4869 2826 4924 De
2873 4868 3242 4923 recentiorum
3296 4868 3616 4920 Graecorum
3671 4865 3807 4917 tem-

2198 4942 2288 4995 lis.

2156 4958 2304 5081 pilai)
2336 5010 2525 5064 Etiam
2574 5009 2685 5065 hoc
2734 5010 2929 5080 ipsum
2969 5025 3037 5064 ex
3083 5011 3413 5081 temporum
3472 5003 3801 5081 ratione-in

2160 5074 2622 5153 dubiumvocat,
2657 5074 2844 5153 neq-ue
2875 5074 3225 5153 persuadere
3247 5078 3366 5153 sibi
3393 5080 3603 5153 potest
3649 5074 3803 5153 Atla:

2158 5155 2299 5224 tius,
2354 5152 2529 5207 Mich.
2582 5147 2833 5208 Psellum
2875 5147 2951 5206 'in
3006 5150 3258 5224 Philippi
3309 5147 3807 5224 qui__l:\_._C._1_105

2159 5219 2394 5296 scripsit
2456 5224 2751 5293 [)ioptram
2811 5224 3120 5296 praefatum
3165 5219 3381 5277 'I'uisss.
3432 5220 3577 5275 Vide
3628 5219 3802 5285 infra,

2158 5314 2285 5365 cap.
2321 5296 2682 5365 antepenuit.

2278 5339 2285 5347 .
2321 5315 2682 5365 antepenult.

2228 5315 2308 5437 Fx)
2341 5366 2458 5421 Hoc
2490 5366 2775 5437 scriptum
2809 5365 2989 5421 habes
3018 5364 3171 5420 infra
3201 5363 3270 5419 ad
3304 5362 3520 5419 calcem
3556 5377 3801 5433 praesen.

2157 5440 2235 5494 tis
2266 5437 2549 5493 diatribae.

2227 5512 2306 5581 (ῃ)
2338 5508 2491 5581 Lege
2523 5526 2536 5564 :
2569 5508 2924 5580 enypostatis.

2227 5574 2690 5650 (suaenam
2749 5584 2919 5637 erat:
2967 5579 3031 5635 de
3084 5577 3244 5635 modo
3294 5574 3802 5633 communicationis

2154 5652 2499 5709 idiomatum.

2168 5654 2499 5709 hliomatum.
