4084 6140
333 294 447 354 511

1716 300 1996 362 LEONIS
2042 302 2083 360 Α
2101 299 2354 361 LLATII

3620 296 3743 355 512

334 435 557 484 natura.
591 429 725 494 Quae
755 428 955 485 omnia
993 446 1065 486 an
1102 447 1286 487 unum
1319 449 1464 503 opus
1496 433 1636 504 sint,
1668 433 1758 489 vel
1794 433 1985 489 diver-
2015 433 2071 501 Α
2172 434 2451 505 Expositio
2510 434 2570 488 in
2628 430 2997 504 Metaphysica
3054 429 3385 495 Aristotelis,
3434 427 3496 483 in
3556 428 3747 491 Italia,

336 535 422 587 sa,
466 517 845 589 judicabunt,
896 519 994 589 qui
1048 519 1259 591 legent.
1312 521 1429 595 Ego
1479 523 1747 578 existimo
1798 538 1984 577 unum

337 624 486 674 esse,
516 611 770 663 attamen
805 607 864 663 in
888 625 1003 664 uno
1027 610 1222 665 codice
1244 611 1644 668 abundantius
1666 610 1979 679 contineri;

336 712 404 751 ex
436 695 712 752 omnibus
742 701 937 753 tamen
976 717 1158 754 unum
1206 717 1377 771 posse
1417 702 1623 757 conﬁci
1660 703 1982 771 perlectum

2093 520 2410 578 Gesnerus.

2167 612 2614 668 Commentarius
2646 612 2704 666 in
2748 611 3064 667 Aristotelis
3092 610 3278 679 verba,
3313 614 3424 665 Ars
3444 610 3660 665 artium
3691 613 3752 666 et

2090 701 2337 756 scientia
2368 701 2772 768 scientiarum,
2807 705 2882 765 et,
2917 699 3188 768 Quomodo
3227 700 3419 753 omnia
3448 716 3481 754 a
3507 700 3752 771 philoso-

337 789 395 839 et
415 785 689 841 omnibus
718 788 985 857 partibus
1008 788 1367 845 absolutum.
1394 790 1531 853 Quae
1557 790 1848 861 provincia
1871 806 1984 844 non
2089 790 2225 862 phia
2249 790 2609 859 dependeant,
2644 790 2700 844 in
2736 788 2927 857 Italia,
2962 789 3273 845 Gesnerus.

337 879 495 929 esset
522 874 762 931 omnino
793 876 1039 932 eruditis
1069 877 1212 933 viris
1254 880 1703 935 contemnenda.
1736 877 1985 934 Consule

338 963 537 1031 etiam,
562 980 691 1035 quae
736 982 843 1020 nos
871 966 940 1021 de
973 965 1081 1021 hoc
1125 968 1532 1040 eodemzopere
1563 968 1806 1023 inferius
1830 968 1983 1022 dice-

340 1068 473 1108 mus
499 1070 511 1108 :
536 1053 722 1108 obiter
753 1058 946 1110 tamen
990 1054 1084 1111 hic
1116 1056 1578 1113 animadvertam
1618 1056 1859 1113 titulum
1892 1072 1985 1112 se-

338 1142 517 1197 cundi
546 1143 871 1214 Augustani
903 1161 1016 1200 non
1050 1161 1249 1200 carere
1278 1150 1416 1201 nota
1446 1146 1854 1217 falsitatis,qui
1880 1162 1984 1201 no-

338 1231 430 1287 bis
484 1248 586 1302 pro
643 1232 921 1288 Michaele
978 1233 1158 1303 Duca,
1206 1235 1545 1291 Michaelem
1603 1239 1985 1292 Commenum

337 1320 620 1387 obtrudit,
645 1322 814 1393 cujus
847 1325 1191 1379 auctoritate
1222 1325 1501 1397 deceptus
1532 1324 1896 1398 chgelinus
1928 1326 1986 1379 in

336 1426 445 1464 sua
474 1409 725 1465 editione
757 1411 1018 1479 retinuit,
1045 1417 1102 1467 et
1133 1412 1188 1467 in
1224 1414 1399 1481 notis,
1424 1414 1790 1471 Conslantini
1819 1413 1988 1469 Ducas

339 1497 529 1553 filium
562 1498 903 1555 Michaelem
933 1500 1083 1557 inter
1103 1506 1453 1571 Comnenos,
1474 1504 1621 1560 mira
1640 1501 1993 1576 ἀνιστορησῖᾳ

337 1588 513 1643 refert
543 1605 675 1643 cum
707 1589 945 1645 omnino
977 1595 1133 1646 esset
1164 1592 1590 1662 immutandus,
1621 1593 1994 1649 reclamanti-

336 1676 449 1731 bus
489 1676 712 1733 caeteris
745 1678 1067 1747 codicibus,
1104 1680 1203 1752 qui
1232 1698 1439 1737 omnes
1472 1699 1588 1737 uno
1620 1699 1717 1737 ore
1746 1682 1996 1737 Michae.

2163 881 2227 934 In
2268 881 2708 951 Psychogoniam
2755 880 3030 949 Platonis,
3071 878 3130 933 in
3178 877 3363 944 Italia,
3398 877 3697 933 Gesnerus
3732 895 3746 933 :

2094 966 2153 1023 in
2184 967 2537 1024 bibliotheca
2574 969 2912 1035 Augustana
2956 966 3057 1026 fol.
3088 967 3148 1022 in
3198 967 3451 1022 armario
3483 983 3539 1031 v,
3572 965 3753 1021 index

2092 1061 2476 1129 Augustanus
2506 1074 2618 1113 ms.
2642 1057 2701 1112 in
2726 1056 3080 1113 bibliotheca
3108 1056 3318 1127 imper.
3342 1055 3572 1111 Viennae
3606 1055 3748 1124 in-h,

2094 1146 2275 1202 Israel
2306 1146 2613 1218 Spachius.

2164 1237 2535 1307 Expositione
2562 1237 2740 1293 variae
2781 1237 2841 1291 in
2871 1236 3051 1291 varios
3090 1235 3337 1291 Platonis
3368 1233 3531 1303 locos,
3564 1231 3623 1287 in
3658 1232 3750 1286 bi-

2095 1324 2388 1381 bliolheca
2417 1326 2693 1381 Bavarica
2731 1326 2859 1381 cod.
2896 1326 3018 1380 165.
3056 1325 3234 1379 Index
3263 1322 3598 1378 Bavaricus.

2169 1413 2502 1469 Συνοπτικὸν
2528 1414 2807 1489 σύνταγμα
2825 1420 2925 1483 τῆς
2946 1411 3292 1491 φιλοσοφίας,
3312 1413 3371 1467 in
3394 1411 3753 1468 bibliotheca

2094 1506 2340 1561 Joannis
2368 1505 2664 1575 Sambuci,
2699 1505 3006 1560 Gesnerus.

2174 1597 2352 1650 Varia
2375 1594 2770 1665 philosophica,
2804 1594 2998 1649 Romae
3024 1593 3081 1648 in
3104 1592 3400 1651 Vaticana.
3426 1591 3748 1647 Gesnerus.

2101 1685 2358 1755 Physica,
2402 1686 2792 1751 astronomica,
2839 1685 3071 1753 musica,
3114 1683 3483 1746 arithmetica,
3528 1697 3749 1751 geome-

335 1763 450 1873 ἔξω
484 1766 705 1873 Ducam
750 1773 1106 1873 proponunt,
1142 1770 1235 1823 cui
1266 1771 1458 1841 capita
1484 1770 1585 1825 illa
1611 1772 1989 1842 nuncupavit.
2020 1811 2068 1873 Β
2104 1776 2262 1839 trica,
2293 1773 2494 1842 junctis
2540 1772 2892 1845 opinionibus
2938 1772 3004 1827 de
3050 1773 3259 1839 anima,
3292 1770 3436 1840 in-It,
3469 1768 3745 1824 biblioth.

333 1854 723 1926 Marquardus
752 1855 1038 1912 Freherus
1062 1857 1116 1911 in
1144 1858 1507 1926 Chronologia
1528 1861 1755 1915 imverii
1775 1861 1987 1915 utrius-

334 1958 438 2013 que
468 1961 487 1997 :
523 1944 617 1999 Ad
655 1945 973 2001 Michaelem
1009 1952 1216 2002 Ducam
1244 1950 1468 2019 scripsit
1496 1947 1729 2004 Michael
1772 1950 1991 2004 Pseltus

333 2046 398 2086 ea
427 2035 592 2088 aetate
616 2034 673 2087 in
703 2035 837 2104 jure
888 2043 939 2090 et
990 2037 1336 2109 philosOphia
1381 2038 1774 2093 scientissimus
1805 2047 1855 2093 ct
1886 2057 1987 2090 πο-

337 2114 785 2196 λυγραφώτατος,
835 2127 1133 2196 Synopsim
1185 2126 1365 2196 legum
1412 2127 1663 2183 versibus
1706 2128 1989 2198 politicis;

333 2213 517 2264 exstat
560 2227 664 2265 ms.
709 2212 767 2265 in
820 2212 1153 2269 bibliotheca
1198 2216 1458 2271 Palatina
1508 2220 1560 2271 et
1608 2215 1988 2272 Constantino-

331 2300 606 2367 politano.
642 2301 915 2371 Ejusdem
964 2303 1135 2358 Pselli
1162 2304 1231 2358 ad
1262 2304 1405 2361 hunc
1438 2306 1640 2360 Ducam
1688 2320 1990 2376 responsio-

332 2402 429 2441 nes
478 2386 549 2441 ad
596 2387 841 2443 diversas
894 2394 1221 2462 quaestiones
1272 2393 1601 2465 theologicas
1644 2403 1696 2450 et
1742 2394 1991 2450 doctrina

333 2476 670 2545 omnifaria,
725 2478 827 2533 194
879 2481 1154 2550 capitibus
1201 2483 1610 2554 comprehensae
1668 2486 1725 2538 in
1788 2484 1989 2539 biblio-

335 2564 486 2619 theca
535 2566 824 2624 Palatina.
859 2570 1098 2626 Codices
1146 2571 1227 2641 hi,
1262 2572 1417 2627 sicut
1465 2576 1521 2627 et
1567 2572 1777 2644 reliqui
1808 2573 1989 2627 Graeci

337 2657 395 2708 et
425 2654 612 2709 Latini
645 2659 1036 2729 manuscripti
1058 2660 1564 2716 Adecantatissimas
1595 2661 1754 2717 illius
1786 2661 1992 2716 biblio-

340 2741 546 2809 thecae,
582 2745 729 2800 meis
771 2745 1073 2802 laboribus
1105 2748 1202 2819 (a),
1234 2749 1451 2821 vigiliis
1498 2750 1732 2821 integri,
1764 2750 1988 2805 incolu-

339 2845 583 2902 mesque
613 2833 671 2887 in
705 2833 987 2890 Vaticana
1021 2843 1418 2893 asservantur.
1451 2839 1611 2903 Quod
1644 2844 1797 2894 certe
1828 2838 1988 2894 omni

350 2919 743 2977 admiratione
794 2922 1037 2995 dignum
1082 2930 1194 2994 est,
1240 2927 1455 2998 Deique
1507 2928 1727 2982 summi
1779 2944 1989 2983 muner

338 3007 777 3075 ascribendum,
806 3010 861 3065 in
896 3016 1016 3067 tam
1042 3018 1204 3069 vasto
1236 3014 1463 3082 itinere,
1490 3014 1810 3071 saevissimo
1843 3020 1986 3070 tem-

336 3111 497 3167 pore,
531 3101 881 3169 tempestate
929 3100 1194 3169 hiberna,
1246 3118 1312 3157 ac
1365 3102 1582 3175 pluvia,
1617 3120 1809 3159 rerum
1858 3119 1985 3159 om-

2098 1864 2369 1933 imperat.
2402 1862 2656 1917 Viennae.
2692 1862 3009 1917 Gesnerus.

2170 1954 2644 2023 Interpretationes
2672 1952 2967 2007 dubiorum
2986 1951 3353 2013 naturalium,
3378 1947 3744 2004 bibliotheca

2098 2041 2367 2110 imperat.
2420 2040 2674 2107 Viennae,
2722 2040 2871 2109 in-Ii,
2922 2039 3233 2103 Gesnerus,
3267 2041 3323 2091 et
3374 2035 3550 2091 Israel
3597 2036 3748 2107 Spa-

2099 2128 2268 2183 chius
2303 2147 2315 2185 :
2348 2130 2560 2185 Solutio
2592 2130 2759 2183 unius
2806 2133 2972 2199 atque
3019 2127 3258 2182 alterius
3305 2126 3623 2197 quaestionis
3655 2140 3751 2179 as—

2100 2220 2397 2288 trologicz,
2449 2217 2721 2273 biblioth.
2769 2219 3133 2290 Augustana,
3180 2215 3331 2284 in-li,
3363 2214 3422 2269 in
3473 2214 3753 2281 armario,

2100 2308 2276 2363 index
2304 2310 2689 2380 Augustanus
2720 2324 2828 2363 ms.

2171 2398 2339 2452 LVII.
2392 2400 2550 2453 Inter
2605 2396 2788 2452 libros
2845 2413 2995 2469 quos
3052 2394 3421 2451 bibliothecas
3471 2392 3762 2465 Lugdune

2101 2487 2324 2541 Batavus
2354 2486 2648 2557 Josephus
2676 2484 2933 2557 Scaliger
2964 2484 3196 2556 legavit,
3220 2484 3278 2538 in
3312 2482 3504 2538 indice
3534 2484 3764 2536 Graeco-

2101 2592 2232 2630 rum
2267 2574 2808 2646 manuscriptorum
2855 2573 3051 2629 in-fol.
3086 2572 3299 2645 legitur
3342 2588 3476 2627 cum
3512 2570 3766 2625 Heronis

2100 2663 2474 2736 geometrica,
2508 2663 2680 2719 Pselli
2716 2664 2984 2734 quaedam
3017 2661 3387 2733 astrologica.
3414 2663 3494 2715 An
3526 2660 3759 2729 eadem,

2098 2753 2186 2808 vel
2218 2753 2455 2808 diversa
2504 2769 2638 2808 cum
2690 2752 3116 2824 superioribus,
3150 2768 3265 2807 non
3315 2766 3635 2821 possumus
3666 2749 3761 2803 di-

2096 2843 2319 2897 vinare.
2353 2843 2435 2896 An
2473 2841 2650 2896 etiam
2684 2841 2785 2895 illa
2822 2845 2984 2911 sunt,
3013 2858 3137 2911 quae
3186 2840 3295 2895 sub
3327 2839 3425 2894 illo
3459 2837 3655 2893 libello
3688 2839 3762 2893 de

2098 2936 2349 3003 quatuor
2380 2930 2644 2987 scientiis
2693 2929 3126 2985 mathematicis
3174 2926 3592 2985 continentur?
3646 2926 3761 2982 Sed

2098 3019 2397 3089 suspendo
2433 3018 2757 3089 judicium.

2170 3107 2455 3180 Expositio
2525 3109 2931 3163 mathematices
2987 3108 3046 3163 in
3106 3109 3304 3165 Timaeo
3364 3107 3637 3168 Platonis.
3697 3105 3764 3160 de

336 3184 501 3240 nium
547 3187 810 3257 Penuria,
845 3206 948 3260 Per
1003 3190 1217 3262 oppida
1273 3208 1339 3246 ac
1386 3192 1641 3248 ditiones
1703 3192 1995 3266 hostium,
2026 3181 2071 3250 Ο
2108 3202 2314 3257 animm
2343 3202 2717 3269 generatione,
2750 3201 2865 3255 sive
2895 3200 3154 3267 essentia,
3186 3197 3245 3253 in
3278 3196 3375 3253 fol.
3408 3197 3767 3253 bibliotheca

334 3276 567 3329 tantum
601 3274 886 3332 librorum
911 3294 1221 3334 numerum
1249 3284 1474 3336 sartum
1499 3286 1714 3337 tectum
1744 3281 1995 3336 Romam

333 3360 741 3435 importatum,
776 3367 856 3421 ita
906 3372 972 3423 ut
1005 3385 1074 3424 ne
1117 3368 1399 3425 schedula
1447 3369 1684 3441 quidem
1736 3371 1993 3442 perierit.

335 3450 448 3506 Sed
481 3452 551 3506 ad
586 3453 870 3511 Psellum.

410 3539 549 3595 LVI.
584 3544 882 3613 ()puscula
912 3546 1178 3615 quaedam
1226 3550 1287 3604 In
1324 3551 1643 3605 Passionem
1669 3554 1722 3606 et
1750 3549 1999 3623 sepultu-

338 3647 468 3684 rum
499 3632 737 3695 Christi;
771 3635 1012 3691 Libellus
1047 3638 1228 3693 dictus
1258 3639 1660 3702 Antichristus;
1690 3642 1766 3696 De
1815 3648 1999 3697 Para-

338 3720 490 3785 diso;
521 3721 584 3774 In
615 3720 869 3778 Natalem
902 3725 1132 3794 Christi,
1157 3726 1305 3781 in-z’t.
1332 3727 1603 3784 biblioth.
1628 3729 2000 3801 imperatoris

343 3808 603 3875 Vienna.
633 3813 949 3885 Gesnerus,
983 3816 1357 3874 Possevinus.

414 3901 528 3971 [38]
566 3899 656 3962 Εἷς
684 3904 785 3972 τὴν
819 3903 1117 3977 σταύρωσιν
1162 3910 1259 3959 τοῦ
1308 3906 1526 3982 Κυρίου.
1559 3914 1625 3966 1η
1669 3911 2001 3980 cruci/ixio-

341 4006 471 4044 nem
518 3992 758 4059 Domini,
792 3993 853 4049 in
906 3994 1265 4052 bibliotheca
1322 3998 1640 4055 oardinalis
1683 4000 1999 4085 Columnae,

343 4078 653 4137 Gretserus
698 4084 850 4138 notis
908 4083 969 4138 in
1019 4085 1344 4142 orationem
1395 4088 1631 4144 Macarii
1685 4078 2003 4161 Chrysoce;

344 4166 505 4236 phali
561 4170 634 4225 de
688 4170 1040 4229 exaltatione
1098 4180 1312 4231 sancte
1362 4176 1566 4233 Crucis
1624 4182 1767 4233 tom.
1811 4179 1882 4243 ΙΙ,
1930 4178 2001 4233 de

344 4258 543 4313 Cruce.
577 4258 704 4314 Non
754 4264 1003 4330 constat,
1049 4279 1122 4317 an
1174 4264 1245 4319 de
1292 4265 1401 4321 hac
1448 4266 1739 4338 intelligat
1789 4266 1999 4338 ampli-

346 4345 551 4402 ﬁcator
606 4346 974 4405 Gesnerianae
1032 4351 1417 4422 bibliothecis,
1479 4354 1697 4426 Georgii
1750 4358 1997 4412 Nicome-

346 4432 459 4492 dia
514 4436 911 4508 archiepiscopi
960 4441 1036 4495 De
1095 4441 1298 4509 Cruce,
1359 4461 1525 4515 quam
1578 4446 1718 4514 [also
1776 4445 1997 4517 quidam

2109 3294 2470 3362 Augustana,
2530 3290 2708 3344 Index
2764 3292 3007 3360 August.
3062 3305 3173 3344 ms.
3221 3291 3309 3343 An
3365 3287 3567 3343 eadem
3627 3302 3763 3342 cum

2106 3378 2510 3451 Psychogonia
2534 3378 2561 3432 ‘t

2179 3468 2295 3538 [39]
2330 3468 2473 3538 Opus
2505 3467 2746 3522 Gracum
2784 3483 2853 3522 ex
2882 3466 3041 3521 libris
3091 3464 3539 3529 medicinalibus,
3570 3463 3766 3518 ordine

2106 3555 2415 3627 alphabeti,
2451 3557 2648 3611 Romae
2691 3556 2749 3609 in
2784 3555 3084 3610 Vaticana.
3118 3553 3431 3622 Gesnerus,
3466 3552 3765 3607 Paschalis

2109 3644 2332 3709 Gallus,
2363 3649 2419 3700 et
2445 3645 2707 3701 Joannes
2736 3644 3021 3716 Georgius
3051 3642 3412 3699 Schenckius
3454 3641 3516 3697 in
3551 3640 3764 3696 biblio-

2108 3733 2278 3790 theca
2308 3734 2554 3789 Medica.

2182 3824 2381 3892 Ecloga
2412 3823 2565 3878 utilis
2609 3838 2679 3878 ea:
2726 3823 2866 3879 libro
2892 3821 3318 3878 Parallelorum.
3353 3820 3595 3876 Ibidem.
3627 3823 3765 3875 Ges-

2111 3929 2287 3968 nerus
2318 3916 2375 3967 et
2402 3912 2709 3983 Spachius.

2182 4002 2444 4057 Encomia
2472 4001 2707 4057 diversa.
2738 4000 2987 4069 Ibidem,
3018 4000 3330 4057 Gesnerus.

2182 4090 2453 4155 Monodia,
2482 4093 2695 4155 Romae,
2722 4088 2782 4144 in
2811 4089 3092 4145 Vaticana
3122 4089 3438 4145 Gesnerus.

2182 4180 2493 4251 Explicatio
2537 4180 2597 4233 in
2647 4178 2855 4233 librum
2904 4177 3263 4245 Dioscoridis,
3299 4177 3359 4232 in
3411 4175 3769 4233 bibliotheca

2110 4268 2396 4325 Manuelis
2452 4266 2764 4338 Eugenici,
2824 4272 2883 4322 et
2936 4266 3183 4323 Joannis
3239 4266 3416 4321 Suzii.
3475 4267 3768 4321 Antonius

2106 4356 2423 4413 Verderius
2463 4356 2523 4412 in
2571 4355 3015 4427 Supplemento,
3048 4361 3107 4413 et
3153 4354 3515 4411 Schenckius
3564 4354 3624 4410 in
3676 4355 3763 4410 bi-

2107 4446 2404 4502 bliotheca
2433 4444 2676 4501 Medica.

346 4525 532 4621 {sella
580 4528 881 4598 ascripsere
929 4527 1113 4586 Graece
1154 4547 1255 4587 ms.
1292 4534 1351 4587 in
1400 4534 1454 4602 4,
1485 4534 1744 4590 Biblioth.
1798 4537 1989 4606 imper.
2024 4558 2071 4621 ο
2175 4537 2522 4606 xEnigmata,
2556 4533 2613 4588 in
2659 4532 2931 4589 biblioth.
2965 4532 3263 4597 Bavarica,
3297 4533 3423 4588 cod.
3455 4533 3544 4588 38.

355 4614 593 4671 Viennm.

418 4705 844 4776 Compendiosa
876 4706 1158 4778 expositio
1206 4708 1262 4762 in
1314 4710 1645 4768 Aristotelis
1692 4711 1874 4768 libros
1922 4714 1995 4769 De

346 4795 597 4849 naturali
624 4795 1049 4864 auscultatione,
1081 4800 1269 4852 exstat
1306 4798 1364 4852 in
1408 4798 1762 4856 bibliotheca
1790 4801 1994 4857 Didaci

348 4883 612 4939 Ilurtadi.
653 4888 969 4940 Gesnerus.
1020 4884 1083 4940 In
1136 4885 1495 4943 bibliotheca
1543 4888 1819 4945 Bavarica
1865 4890 1994 4945 cod.

352 4970 471 5026 145.
514 4971 693 5027 Index
744 4974 1078 5040 Bavaricus,
1110 4979 1169 5031 et
1215 4974 1275 5031 in
1327 4975 1682 5033 bibliotheca
1723 4978 1995 5049 imperat.

348 5059 609 5127 Viennae,
641 5061 820 5118 Israel
850 5063 1158 5134 Spachius.

419 5148 683 5222 Synopsis
730 5152 947 5222 Logicse
992 5154 1322 5222 Aristotelis,
1362 5152 1505 5220 in-h,
1537 5154 1595 5209 in
1646 5154 2001 5211 bibliotheca

350 5242 716 5312 Augustana,
746 5240 807 5295 in
838 5242 1091 5298 armario
1124 5258 1287 5297 num.
1312 5243 1365 5297 5.
1392 5241 1570 5298 Index
1597 5244 1999 5315 Augustanus.

2177 4624 2360 4679 LVIII.
2394 4623 2689 4679 Meursius
2742 4624 3113 4678 Historiarum
3162 4638 3296 4693 opus
3328 4621 3581 4677 Psellum
3614 4622 3759 4676 scri-

2105 4714 2289 4784 psisse
2340 4716 2630 4781 autumat,
2660 4710 2924 4782 illudque
2974 4709 3201 4766 laudari
3252 4727 3286 4765 a
3334 4710 3556 4764 Zonara
3583 4714 3625 4763 t.
3663 4710 3756 4764 III.

2106 4802 2167 4857 In
2202 4801 2421 4857 Isaacio
2452 4800 2772 4865 Comneno,
2805 4804 2861 4855 et
2891 4800 2952 4854 in
2996 4799 3259 4855 Romano
3312 4798 3581 4869 Diogene,
3618 4799 3759 4854 item

2106 4908 2140 4946 a
2168 4890 2473 4946 Theodoro
2507 4888 2825 4945 Metochita
2864 4890 3080 4945 Ilistor.
3110 4903 3283 4944 sacrae
3313 4886 3353 4942 l.
3389 4905 3451 4942 ιι.
3482 4888 3759 4955 Cedreno,

2105 4979 2334 5035 Joanne
2354 4977 2711 5048 Curopalata
2735 4978 2792 5031 in
2822 4976 3090 5033 Historiis
3113 4994 3231 5032 sua
3262 4976 3454 5047 initio,
3483 4975 3766 5032 Michaele

2107 5066 2283 5139 Glyca
2312 5066 2370 5121 in
2402 5064 2730 5121 Annalibus
2764 5064 2942 5121 semel
2968 5070 3143 5137 atque
3174 5067 3407 5121 iterum.
3433 5068 3567 5120 Erat
3588 5064 3765 5120 etiam

2110 5157 2169 5211 in
2204 5155 2467 5227 catalogo
2510 5154 2769 5209 exhibito
2819 5171 2852 5209 a
2901 5153 3309 5225 grammatico,
3341 5154 3497 5226 apud
3532 5153 3769 5208 Antoni-

2112 5260 2254 5300 num
2288 5243 2628 5300 Verderium
2662 5243 2721 5297 in
2760 5242 3192 5315 supplemento.

1933 5385 2171 5443 NOTIE.

423 5485 498 5555 (α)
534 5483 611 5539 De
663 5484 945 5539 Palatinis
996 5482 1297 5540 codicibus
1348 5498 1495 5608 (Ἠλοῦ
1544 5484 1805 5555 pontiﬁci
1859 5485 2002 5540 Gre-

432 5558 515 5608 rio
564 5554 659 5608 XV
709 5556 947 5608 donavit
992 5556 1313 5608 imperator
1414 5554 1773 5608 erdinandus
1822 5557 1893 5608 II.
1943 5556 2002 5608 in

351 5554 515 5628 gorio
564 5554 659 5610 XV
709 5556 947 5614 donavit
992 5556 1313 5628 imperator

348 5622 695 5685 Vaticanum
728 5628 870 5684 bibl.
902 5630 965 5683 A.
1001 5622 1143 5683 1623
1177 5622 1500 5692 translatis,
1533 5624 1819 5698 gloriatur
1844 5625 2002 5683 Alla-

1414 5554 1773 5611 erdinnndus
1822 5557 1893 5620 II,
1943 5556 2003 5611 in

2113 5483 2235 5538 tius
2266 5484 2510 5554 passim,
2543 5485 2628 5539 uti
2679 5485 2749 5539 ad
2800 5481 3175 5539 Eustathium
3223 5482 3652 5538 Antiochenum
3702 5483 3761 5538 in

2158 5555 2275 5609 riel'.
2309 5556 2455 5628 etin
2480 5556 2640 5628 notis
2670 5573 2727 5628 p.
2763 5556 2883 5628 ibi,
2935 5559 3113 5626 atque
3142 5554 3763 5628 in_animadversioni-

2158 5642 2225 5683 us
2256 5626 2329 5684 ad
2359 5624 2755 5699 Antiquitates
2785 5624 3082 5695 Etruscas,
3115 5640 3173 5698 p.
3202 5624 3296 5684 58.
