4046 6144
298 368 413 431 513

1544 364 1920 429 DIATRIBA
1960 364 2065 427 DE
2107 363 2453 426 PSELLIS.

3585 365 3705 424 514

316 479 330 487 “
368 501 720 559 Gaulminus
756 502 828 559 de
874 500 1049 559 Pselli
1098 501 1333 575 scriptis
1380 502 1504 558 haec
1554 501 1777 557 habet:
1811 498 1946 556 Alia
1975 500 2031 568 Α
2061 497 2473 571 unusquisque
2530 498 2703 554 debet
2735 514 2748 553 :
2779 498 2935 571 quod
2996 496 3046 552 si
3108 497 3418 568 nescirem,
3464 498 3524 555 in
3582 498 3709 555 sola

298 593 460 649 illius
488 595 548 648 in
590 594 745 665 regia
792 594 1005 664 pariter
1054 601 1105 648 et
1156 593 1424 648 Vaticana
1468 596 1690 647 exstare
1742 599 1952 646 certum

303 687 413 744 6³ιί
472 686 533 737 ut
583 680 919 757 ψυχογονίαν
965 682 1235 749 Platonis,
1299 679 1569 753 ἐπιτομὴν
1619 686 1717 748 τῆς
1779 677 1952 751 ἰατρι-

305 773 427 839 κῆς,
456 774 758 829 Comment.
793 774 854 826 in
884 771 1202 826 Aristotelis
1235 770 1584 842 Categorias,
1634 770 1947 840 Metaphys.

316 862 407 917 lib.
455 859 575 934 περὶ
628 859 941 932 ἑρμηνείας,
996 860 1296 932 Porphyrii
1344 861 1585 931 quinque
1613 874 1784 926 voces,
1824 874 1952 913 con-

318 961 399 1007 tra
429 952 753 1006 Eunomium
810 950 1017 1004 librum
1068 966 1267 1018 unum,
1298 948 1362 1004 de
1393 948 1604 1019 legibus
1641 948 1793 1010 duos,
1831 966 1959 1018 μον-

320 1037 499 1113 ῳδίαν,
557 1036 801 1112 ἐγκώμια
856 1041 1088 1094 diversa.
1148 1039 1427 1110 Epistolas
1496 1040 1630 1093 item
1685 1038 1957 1106 elegantes

316 1131 503 1186 laudat
534 1132 594 1185 in
620 1130 823 1201 adagio
854 1125 1064 1182 ἄκαπνα
1113 1127 1257 1183 Θύειν
1303 1128 1659 1185 Casaubonus
1690 1128 1750 1182 in
1793 1126 1957 1181 Athe-

316 1236 517 1275 meum.

384 1308 515 1363 LIX.
553 1308 721 1364 Plura
751 1307 927 1364 etiam
961 1311 1267 1365 enumerat
1306 1306 1595 1363 Antonius
1642 1304 1959 1361 Verderius

315 1398 371 1452 in
403 1398 823 1470 Supplemento
856 1398 1219 1453 bibliothecae
1239 1397 1631 1465 Gesnerianas,
1651 1411 1719 1451 ex
1749 1394 1959 1449 biblio-

314 1488 500 1543 thecis
556 1486 1251 1558 Constantinopolitanis.
1282 1486 1429 1540 Nam
1481 1485 1633 1539 inter
1661 1482 1776 1539 alia
1804 1482 1955 1553 apud

314 1578 559 1632 Joanem
592 1577 831 1632 Suzium
863 1580 1051 1641 erant,
1082 1574 1382 1630 Michaelis
1423 1573 1595 1629 Pselli
1645 1571 1963 1641 Explicatio

314 1669 373 1721 in
401 1667 736 1735 psalterium
766 1665 1006 1720 Davidis.
1058 1668 1126 1720 In
1160 1663 1477 1734 Gregorium
1525 1663 1961 1718 Nazianzenum.

313 1760 373 1810 In
407 1753 669 1825 cutalago
700 1771 733 1809 a
763 1753 1147 1826 grammatico
1197 1753 1477 1818 exhibito,
1509 1752 1832 1807 Medicinale
1860 1751 1965 1805 Mi-

313 1845 514 1900 chaelis
543 1843 737 1898 Pselli.
774 1843 935 1898 Liber
985 1842 1411 1913 philosophicas.
1462 1842 1523 1896 1η
1566 1841 1965 1936 ⁸ρὰὶίοεορῂὶεα
1996 1870 2041 1936 Β

310 1933 640 1989 Aristotelis.
690 1933 1154 1988 Astronomicum.
1196 1932 1502 2002 Explicatio
1552 1931 1610 1984 in
1670 1931 1965 2001 mysticam

305 2022 739 2094 philosophiam.
771 2023 832 2077 In
861 2021 1098 2095 quinque
1148 2036 1303 2075 voces
1348 2020 1671 2091 Porphyrii.
1722 2019 1783 2073 In
1812 2022 1963 2090 topo-

310 2112 583 2182 graphica
611 2111 924 2176 Strabonis,
955 2119 1006 2166 et
1036 2110 1340 2166 Ptolemaei.
1382 2111 1445 2164 In
1478 2110 1853 2164 arithmetica.
1902 2108 1964 2161 In

316 2200 513 2255 Caleni
539 2200 968 2270 explicationem
1024 2201 1080 2253 in
1114 2204 1348 2268 quatuor
1401 2196 1573 2252 libros
1617 2197 1965 2252 resolutionis

314 2291 682 2361 Hippocratis.
730 2288 1033 2343 Menandri
1064 2286 1336 2343 Comedzw
1393 2287 1566 2352 XXIII,
1628 2303 1659 2340 ο
1705 2286 1961 2341 Thesau-

316 2378 449 2433 ros!
512 2377 803 2448 explicata,
857 2395 894 2431 a
935 2376 1195 2431 Michaele
1253 2377 1448 2430 Psello.
1502 2376 1564 2430 In
1614 2375 1967 2430 bibliotheca

317 2467 496 2538 Regis
578 2466 1057 2521 Chritianissimi.
1118 2470 1185 2521 In
1251 2464 1515 2519 Elenchos
1570 2465 1963 2535 sophistarum.

315 2557 537 2612 Scholia
568 2557 625 2610 in
657 2556 1024 2625 deﬁnitiones.
1061 2556 1131 2610 De
1158 2558 1309 2608 motu
1338 2554 1617 2623 temporis.
1651 2554 1726 2607 De
1761 2554 1967 2608 circulo

315 2647 448 2701 solis
482 2654 534 2700 et
567 2645 735 2700 lunae.
780 2645 851 2698 De
890 2646 1206 2697 inventione
1253 2642 1364 2697 diei
1415 2642 1710 2697 Paschalis.
1745 2646 1823 2697 De
1862 2659 1966 2696 an-

314 2735 455 2803 gelis
486 2736 536 2788 et
567 2732 931 2789 daemonibus.
974 2733 1047 2786 De
1076 2733 1234 2786 novis
1264 2731 1576 2786 morborum
1628 2730 1967 2801 appellatio-

315 2823 503 2878 nibus.
540 2827 617 2877 De
644 2824 789 2876 notis
816 2821 1137 2893 spirituum.
1174 2822 1245 2875 De
1286 2820 1554 2875 divisione
1603 2820 1965 2874 animalium.

317 2913 379 2967 In
410 2911 811 2965 Salutationem
866 2907 1204 2977 angelicam.
1242 2909 1302 2962 In
1336 2908 1572 2978 Physica
1616 2908 1920 2962 Aristotelis
1950 2925 1969 2961 :

324 3004 535 3070 praeter
563 2998 677 3053 alia
698 2996 1158 3068 multa,quorum
1192 3013 1373 3068 supra
1403 2995 1972 3052 meminimus.lnfra

324 3104 558 3159 quoque
590 3086 875 3141 nonnulla
910 3085 1023 3140 alia
1072 3084 1529 3140 recensebimus.
1564 3084 1630 3138 Et
1658 3083 1716 3138 in
1764 3083 1968 3139 biblio-

325 3176 498 3230 theca
556 3175 798 3230 Ansonii
856 3174 1212 3245 Augustini,
1275 3172 1446 3227 Pselli
1519 3172 1967 3244 Apopthegmata,

326 3265 455 3320 cod.
528 3264 655 3317 2'27.
730 3263 1039 3333 Explicatio
1125 3262 1510 3317 mathematica
1584 3262 1971 3332 speculationis

317 3357 376 3408 in
406 3355 670 3408 Platonis
694 3352 804 3424 [40}
829 3353 1107 3407 Timaeum.
1132 3351 1396 3405 Absoluta
1418 3352 1698 3405 enarratio
1729 3350 1793 3405 de
1822 3351 1974 3406 Lem-

317 3447 486 3498 mate.
512 3442 819 3511 Explicatio
840 3441 905 3495 de
933 3441 1232 3495 Platonica
1252 3441 1605 3508 aurigatione
1634 3441 1972 3505 animorum,

314 3537 365 3587 et
395 3532 463 3587 de
497 3532 706 3586 militia
734 3531 981 3596 deorum,
1027 3531 1086 3585 in
1116 3530 1433 3586 Phaedrum.
1485 3530 1797 3601 Explicatio
1846 3529 1978 3584 nodi

314 3620 596 3690 difﬁcilis,
621 3636 724 3691 quo
744 3627 899 3691 pacto
931 3635 1003 3675 ex
1032 3621 1275 3690 quinque
1302 3619 1585 3689 secuplum
1611 3627 1711 3684 est,
1743 3622 1798 3673 et
1837 3617 1978 3689 quod

318 3712 471 3765 circa
503 3710 745 3781 quinque
770 3708 982 3778 ﬁguras
1012 3708 1126 3762 alia
1157 3708 1339 3776 figura
1368 3723 1477 3763 non
1522 3710 1802 3762 statuatur
1846 3723 1978 3763 con—

316 3808 475 3854 tenta
509 3798 612 3853 snb
640 3797 1057 3868 wguilateribus
1086 3800 1135 3851 et
1165 3796 1507 3866 rectangulis
1536 3800 1682 3851 inter
1710 3812 1768 3851 se
1792 3810 1978 3868 aequa.

318 3890 495 3955 libus,
528 3890 654 3942 cod.
691 3888 813 3941 191.

394 3977 522 4031 LX.
585 3975 714 4030 Hinc
769 3981 930 4043 sunt,
972 3974 1171 4043 lector,
1210 3974 1377 4030 Pselli
1412 3980 1816 4043 monumenta,
1849 3991 1975 4046 quae

321 4065 641 4128 hactenus,
702 4069 765 4118 ut
815 4063 959 4119 mihi
1003 4064 1253 4132 videtur,
1306 4064 1365 4118 in
1422 4063 1554 4118 istis
1604 4062 1977 4118 bibliothecis

326 4154 592 4226 reposita
622 4153 824 4219 latent,
857 4169 984 4221 quae
1013 4170 1125 4207 non
1160 4151 1353 4207 solum
1404 4152 1620 4218 videre,
1653 4152 1753 4207 sed
1803 4151 1979 4207 etiam

327 4260 518 4313 queas
551 4247 616 4297 ut
666 4244 747 4297 ita
797 4242 988 4297 dicam
1050 4257 1384 4312 usurpare:
1420 4240 1739 4312 usurpabis
1797 4240 1978 4305 enim,

326 4334 469 4387 dum
533 4331 893 4401 conferendi,
950 4330 1397 4402 interpretandi,
1454 4330 1781 4402 edendique
1811 4329 1981 4401 capia

329 4422 491 4489 data,
530 4420 655 4490 ipse
684 4425 909 4473 tantum
964 4420 1311 4491 scriptorem
1346 4419 1607 4473 studium
1642 4424 1700 4473 et
1748 4424 1981 4490 tempus

328 4510 621 4564 insumes.
657 4508 971 4580 Scriptioni
1010 4525 1145 4562 mea:
1180 4509 1352 4562 ﬁdem
1394 4506 1486 4561 hic
1519 4508 1815 4577 imponere
1850 4524 1976 4579 per-

2061 588 2417 660 optimorum
2449 587 2772 659 sriptorum
2802 586 3112 643 lectionem
3144 586 3544 643 collocandum
3577 604 3711 644 esse

2061 676 2461 733 existimarem
2496 693 2509 731 :
2543 681 2600 732 et
2630 677 2689 731 in
2724 676 2841 733 illis
2874 676 3296 731 conservandis
3354 682 3709 748 occupatum

2063 782 2362 823 summam
2394 767 2664 821 ducerem
2714 766 3077 821 felicitatem.
3116 766 3175 820 In
3210 765 3429 836 quibus
3476 782 3712 821 omnem

2065 858 2326 909 nostram
2386 852 2754 920 diligentiam
2822 852 3369 925 indulgentiamque
3443 854 3713 909 consumi

2061 941 2567 1014 jucundissimum
2618 959 2684 997 ac
2754 942 3175 1013 dignissimum
3221 948 3313 997 est
3368 942 3513 997 Mihi
3572 959 3714 998 sane

2064 1032 2264 1087 lumen
2314 1030 2477 1100 solis,
2538 1032 2684 1101 dies,
2743 1032 2978 1103 vitaque
3034 1033 3165 1103 ipsa
3194 1036 3367 1086 erunt
3400 1032 3631 1105 ingrata
3660 1037 3719 1087 et

2068 1137 2284 1187 amara,
2321 1118 2768 1191 si,qua31egam,
2796 1136 2911 1175 non
2949 1119 3233 1175 habeam:
3260 1120 3307 1175 si
3336 1129 3717 1177 monumenta

2068 1208 2531 1265 clarissimorum
2590 1208 2855 1264 vivorum
2906 1198 3263 1277 defecerint;
3314 1226 3432 1281 prae
3477 1209 3716 1265 illorum

2069 1313 2327 1369 namque
2352 1298 2657 1369 dignitate,
2680 1302 2737 1353 et
2758 1298 3064 1365 suavitate,
3097 1297 3334 1366 divitiae,
3367 1298 3715 1371 voluptates,

2070 1394 2125 1443 et
2175 1387 2460 1459 quidquid
2520 1387 2674 1458 apud
2734 1386 3001 1442 homines
3059 1388 3118 1442 in
3178 1388 3364 1459 pretio
3422 1392 3531 1457 est,
3591 1404 3715 1443 sor-

2072 1478 2173 1532 des
2205 1480 2345 1531 sunt
2391 1480 2449 1530 et
2494 1491 2682 1546 nuga.
2738 1475 2854 1530 Hac
2913 1478 3108 1545 itaque
3163 1475 3313 1546 sitis,
3386 1476 3507 1531 sive
3558 1477 3720 1531 furor

2073 1564 2263 1636 (liceat
2293 1564 2565 1637 propensi
2598 1566 2668 1619 ad
2703 1564 2925 1619 litteras
2945 1564 3129 1619 animi
3152 1565 3557 1636 cupiditatem,
3590 1582 3718 1636 quas

2072 1654 2298 1709 nesciat
2329 1654 2590 1721 modum,
2625 1654 2705 1707 ita
2738 1652 3052 1725 appellare)
3103 1654 3244 1709 dum
3294 1654 3441 1709 mihi
3481 1655 3717 1711 assidue

2074 1759 2253 1797 novos
2285 1746 2553 1797 auctores
2588 1743 2980 1814 investigandi
3006 1743 3269 1798 studium
3292 1742 3529 1815 ingerit,
3561 1759 3717 1799 sem-

2074 1848 2178 1904 per
2209 1848 2424 1887 novum
2457 1832 2598 1902 quid
2649 1831 2884 1903 ingenio
2930 1832 3133 1903 objicit
3164 1848 3177 1885 :
3213 1833 3368 1903 quod
3403 1836 3716 1903 postquam

2074 1921 2274 1987 didici,
2325 1936 2508 1991 angor
2530 1924 2585 1975 et
2614 1919 2800 1985 doleo,
2828 1937 2918 1975 me
2948 1920 3069 1989 illo,
3106 1925 3267 1976 tanto
3298 1926 3557 1993 tempore
3592 1922 3714 1976 fru-

2073 2013 2326 2064 stratum
2353 2008 2547 2063 fuisse.
2581 2009 2721 2063 llinc
2754 2007 2938 2080 magis
2967 2025 3033 2064 ac
3074 2008 3262 2080 magis
3284 2008 3554 2081 impellor
3578 2026 3716 2065 con-

2074 2096 2440 2152 citatioribus
2479 2096 2758 2151 stimulis.
2791 2096 2946 2152 Dabo
2986 2097 3166 2169 igitur
3197 2097 3326 2163 tibi,
3358 2097 3559 2165 lector,
3593 2097 3719 2153 sine

2075 2188 2197 2242 futo
2246 2192 2303 2241 et
2347 2185 2592 2241 fallaciis
2618 2202 2927 2241 numerum
2971 2186 3259 2241 librorum
3286 2186 3715 2259 manuscripto-

2076 2290 2205 2328 rum
2238 2272 2435 2340 Pselli,
2471 2274 2570 2344 qui
2595 2274 2721 2342 jam
2754 2273 2936 2327 latent
2968 2274 3025 2328 in
3060 2274 3449 2345 bibliothecis,
3501 2292 3607 2331 nec
3632 2276 3720 2331 lu-

2075 2378 2200 2418 cem
2232 2362 2520 2431 viderunt,
2553 2367 2609 2415 et
2634 2378 2836 2416 eorum
2862 2362 3037 2417 simul
3072 2363 3381 2436 principia,
3415 2370 3480 2419 ut
3524 2382 3719 2420 rerum

2076 2452 2283 2506 harum
2315 2451 2421 2505 tibi
2453 2450 2723 2505 notitiam
2757 2452 2970 2507 habeas
2998 2451 3424 2508 dilucidiorem.
3448 2454 3532 2509 Ad
3566 2454 3721 2510 Rho-

2077 2541 2220 2595 dum
2252 2540 2441 2611 ipsam
2472 2544 2528 2594 et
2557 2538 2797 2595 saltum.

2151 2637 2278 2693 LXI.
2313 2638 2436 2692 Visi
2469 2638 2671 2709 igitur,
2705 2644 2806 2693 aut
2834 2637 2967 2694 lecti
2998 2639 3169 2695 Pselli
3201 2656 3233 2694 a
3257 2656 3348 2695 me
3377 2640 3512 2695 libri
3543 2644 3720 2696 sunt:

2080 2725 2274 2801 Στίχοι
2352 2723 2651 2794 πολιτικοὶ,
2708 2725 2831 2801 περὶ
2905 2731 3291 2802 γραμματικῆς
3363 2728 3499 2803 πρὸς
3570 2728 3722 2801 κύριν

2078 2819 2471 2869 Κωνσταντῖνον
2532 2815 2623 2868 τὸν
2680 2816 3037 2890 Μονομάχον.
3100 2822 3174 2873 De
3235 2820 3604 2888 grammatica
3658 2818 3729 2873 ad

2078 2908 2493 2965 Constantinum
2550 2906 2992 2974 Monomachum,
3054 2908 3307 2963 carmina
3370 2908 3613 2979 politica.
3664 2909 3726 2963 P.

2081 2993 2312 3052 Μελέτω
2346 3014 2428 3048 σοι
2459 3000 2870 3068 γραμματικῆς,
2903 2993 2992 3048 καὶ
3023 3001 3121 3065 τῆς
3154 2993 3541 3075 ὀρθογραφίας.

2147 3086 2266 3155 [41]
2297 3082 2439 3157 Πρὸς
2484 3083 2575 3136 τὸν
2627 3081 2808 3155 αὐτὸν,
2836 3084 2958 3157 περὶ
3007 3083 3417 3159 Ἀντιστοίχων.
3458 3087 3537 3141 Ad
3574 3103 3727 3142 eum-

2083 3174 2226 3241 dem,
2283 3173 2349 3229 de
2404 3173 2781 3229 Antistwchis.
2836 3174 2895 3228 P.
2947 3173 3178 3248 ἅγγαρος
3229 3174 3334 3248 γὰρ
3393 3174 3421 3227 6
3478 3171 3729 3250 ἅγγελος,

2084 3261 2285 3336 ἀγῆλαι
2315 3261 2378 3316 τὸ
2407 3260 2683 3334 σεμνύναι.
2717 3262 2847 3317 Haec
2879 3262 2994 3318 duo
3025 3281 3058 3318 a
3100 3262 3393 3335 plerisque
3440 3263 3499 3318 in
3544 3280 3729 3319 unum

2083 3352 2261 3407 veluti
2294 3369 2505 3424 corpus
2555 3352 2762 3422 digeri,
2795 3357 2852 3407 et
2881 3352 2991 3407 sub
3032 3354 3447 3423 grammatices
3497 3354 3733 3409 nomine

2084 3440 2334 3507 laudari,
2371 3440 2533 3506 novi;
2585 3440 2767 3494 codex
2818 3446 3013 3495 tamen
3046 3440 3458 3496 Vallicellanus
3509 3441 3569 3497 in
3618 3441 3735 3496 duo

2085 3529 2313 3596 dividit,
2339 3528 2594 3584 secundo
2619 3528 2899 3599 primum,
2925 3528 3058 3585 aliis
3080 3530 3255 3585 etiam
3281 3528 3529 3586 aliorum
3562 3531 3738 3585 inter-

2082 3619 2274 3690 jectis,
2308 3618 2496 3689 primo
2528 3618 2854 3673 secundum
2897 3618 3163 3673 tribuens
3211 3618 3436 3687 locum;
3470 3623 3525 3675 et
3557 3635 3736 3691 argu-

2088 3712 2349 3762 mentum
2400 3706 2708 3777 utriusque
2740 3707 3030 3762 diversam
3061 3706 3239 3763 etiam
3289 3708 3477 3779 poscit
3518 3713 3731 3764 tracta-

2086 3796 2330 3851 tionem.
2364 3799 2477 3849 Nec
2508 3795 2567 3850 in
2619 3812 2801 3850 unum
2836 3796 3231 3867 grammaticas
3263 3797 3496 3868 regulae,
3525 3802 3582 3852 et
3612 3798 3733 3852 dic-

2086 3886 2314 3940 tionum
2346 3884 2764 3955 expositiones,
2798 3884 2909 3939 nisi
2943 3884 3266 3939 confundas
3297 3885 3516 3952 omnia,
3544 3885 3736 3941 coale-

2088 3978 2281 4029 scunt.
2318 3973 2580 4027 Meminit
2625 3973 3010 4029 Casaubonus
3054 3973 3114 4028 in
3148 3973 3488 4029 Athenaeum
3540 3974 3642 4030 lib.
3675 3992 3738 4040 II,

2056 4078 2137 4138 .c.
2168 4063 2258 4115 26.
2293 4060 2511 4117 Psellus
2557 4065 2615 4116 in
2665 4062 2908 4117 versibus
2936 4062 3199 4133 politicis,
3229 4063 3425 4134 quibus
3463 4063 3741 4120 obscurio-

2087 4167 2171 4205 res
2202 4166 2353 4206 voces
2393 4152 2667 4221 exposuit.
2698 4156 3010 4206 Auctorem
3044 4150 3253 4206 horum
3304 4168 3435 4207 esse
3480 4152 3739 4208 Psellum

2088 4238 2435 4296 Michaelem
2504 4239 2706 4294 nullus
2772 4239 2998 4295 dubito.
3061 4241 3348 4297 Meursius
3403 4242 3480 4313 (b)
3541 4246 3740 4298 tamen

2087 4330 2397 4396 Joannem,
2429 4328 2523 4383 cui
2556 4329 2625 4383 de
2671 4328 2991 4384 virtutibus
3041 4345 3107 4383 ac
3153 4329 3311 4385 vitiis
3362 4330 3589 4388 iambos
3635 4332 3741 4387 tri-

2089 4418 2237 4487 buit,
2290 4418 2497 4473 horum
2555 4422 2853 4472 auctorem
2912 4417 3204 4486 insinuat;
3255 4436 3388 4474 cum
3447 4420 3745 4476 existimet

2088 4507 2373 4562 Joannem
2422 4523 2549 4561 esse
2588 4522 2764 4576 quem
2816 4505 2875 4560 in
2927 4506 3202 4579 ἡγήτορες
3261 4509 3463 4562 laudat
3510 4507 3740 4574 Suidas,

333 4603 739 4669 opportunum
796 4597 1140 4663 videbatur;
1203 4596 1383 4650 habes
1442 4596 1617 4662 enim,
1680 4596 1737 4650 ni
1797 4596 1968 4651 fallor

2098 4594 2251 4669 Λέγει
2283 4591 2340 4647 δὲ
2371 4592 2459 4647 καὶ
2494 4594 2521 4647 6
2554 4592 2795 4661 Ψελλὸς,
2848 4593 3116 4667 ἡγητοοῖα
3169 4593 3374 4668 πέφυκε
3422 4599 3527 4649 τῶν
3568 4593 3744 4651 σύκων

334 4691 604 4741 exactam
627 4684 796 4741 Pselli
830 4685 1183 4755 scriptorum
1215 4684 1743 4752 enumerationem;
1769 4690 1985 4754 tamen,

338 4791 408 4829 ne
457 4773 890 4844 rempublicam
935 4772 1281 4828 litterariam
1338 4774 1606 4828 fraudare
1664 4774 1882 4841 videar,
1917 4774 1987 4829 de

337 4880 454 4934 qua
489 4864 637 4917 bene
671 4863 875 4917 mereri
908 4879 1142 4933 semper
1170 4861 1459 4916 sollicitus
1492 4878 1723 4929 sum,en
1749 4864 1986 4918 tertium

339 4951 432 5007 hic
457 4951 751 5006 ascribam
777 4950 1103 5021 catalogum
1124 4950 1405 5006 librorum
1437 4951 1625 5016 Pselli,
1648 4968 1818 5023 quos,
1845 4952 1988 5007 dum

339 5057 579 5112 semper
601 5040 821 5112 aliquid
852 5039 981 5095 novi
1013 5038 1220 5093 avidus
1242 5044 1432 5110 capto,
1461 5039 1600 5092 mihi
1628 5039 1837 5110 legisse
1856 5057 1989 5095 con-

341 5129 501 5201 tigit.
567 5129 779 5185 Mirum
824 5129 979 5183 enim
1012 5131 1120 5198 est,
1183 5132 1247 5181 ut
1275 5127 1508 5181 animus
1568 5128 1638 5181 ad
1672 5144 1762 5182 res
1815 5145 1991 5184 novas

343 5234 582 5289 semper
612 5216 845 5289 gestiat,
905 5215 1086 5271 nullis
1137 5214 1462 5280 laboribus,
1497 5214 1675 5271 nullis
1717 5233 1990 5272 succum-

344 5307 494 5361 bens
560 5304 803 5378 vigiliis.
835 5305 963 5359 Scio
1024 5303 1199 5359 aliam
1256 5302 1598 5360 hominibus
1656 5305 1992 5361 bcatitatem

342 5398 634 5466 paratam,
695 5394 767 5449 ad
826 5409 1006 5465 quam
1061 5392 1202 5449 totis
1256 5392 1565 5449 conatibus
1643 5394 1993 5450 contendere

2096 4686 2130 4751 ἡ
2164 4680 2406 4752 παλάθη.
2443 4684 2725 4738 Eumdem
2777 4684 3037 4740 Psellum
3088 4685 3304 4756 saepius
3336 4702 3369 4740 a
3396 4685 3577 4741 Suida
3615 4684 3741 4740 lau-

2096 4773 2302 4827 datum
2361 4772 2577 4843 inveni,
2636 4772 2695 4826 in
2755 4770 3006 4846 Δέρτρον.
3068 4770 3319 4847 Δὲρτρον,
3379 4776 3473 4825 τοῦ
3532 4771 3746 4847 ἐντέρου

2094 4861 2156 4914 τὸ
2190 4857 2385 4913 λεπτὸν
2435 4857 2578 4934 λέγει
2630 4860 2657 4914 ὁ
2697 4860 3082 4936 Ἱπποκράτης.
3135 4859 3277 4931 Φησὶ
3310 4860 3399 4915 καὶ
3440 4864 3467 4915 6
3502 4859 3749 4931 Ψελλὸς,

2095 4953 2191 5004 τοῦ
2242 4946 2298 5003 δὲ
2348 4947 2561 5025 ἐντέρου
2607 4949 2669 5003 τὸ
2725 4947 2919 5004 λεπτὸν
2971 4951 3329 5023 κατονομάζει
3390 4948 3631 5026 δέρτρον.
3684 4954 3753 5009 Et

2098 5038 2345 5110 Γηώρας,
2378 5037 2604 5113 Γηώρας
2654 5038 2682 5091 6
2736 5037 3051 5113 ἀλλότριος,
3102 5043 3199 5092 τοῦ
3228 5038 3476 5107 Ψελλοῦ,
3522 5040 3750 5112 Γηώρας

2100 5128 2128 5180 6
2166 5125 2482 5201 ἀλλότριος,
2517 5127 2608 5180 καὶ
2640 5123 2839 5201 γὲρδης
2873 5128 2899 5181 6
2934 5126 3191 5203 ὑφάντης.
3220 5132 3354 5195 Quae
3398 5146 3529 5186 cum
3564 5132 3621 5185 in
3658 5131 3751 5187 his

2101 5218 2172 5271 de
2203 5217 2610 5289 grammatice,
2636 5222 2693 5271 et
2712 5216 3079 5273 antistccchis
3109 5218 3399 5290 legantur,
3426 5236 3539 5275 non
3568 5219 3748 5275 alium

2101 5306 2331 5370 horum,
2362 5322 2539 5377 quam
2586 5306 2870 5362 Joannem
2924 5312 3225 5363 auctorem
3260 5309 3550 5366 Meursius
3580 5308 3752 5366 nobis

2106 5394 2377 5450 intrudit.

1940 5546 2171 5605 NOTIE.

420 5681 500 5755 (b)
531 5679 823 5740 Meursius
853 5682 925 5740 ad
958 5680 1212 5740 Psellum
1242 5681 1302 5739 in
1333 5681 1637 5740 Canticum
1670 5679 1973 5753 canticor.,
2003 5698 2062 5756 p.
2096 5682 2221 5740 17‘7.
