4046 6144
287 305 408 366 515

1671 299 1954 364 LEONIS
1999 300 2314 363 ALLATII

3571 297 3690 356 516

359 435 427 495 Τί
474 435 586 491 ἐστὶ
642 432 1125 513 Βαϐουτζικάριος.
1168 436 1310 506 Quid
1363 436 1437 492 sit
1492 435 1932 491 Babutzicarius.

2050 432 2392 490 ostendendi
2439 431 2661 505 ingenii
2719 447 2916 498 causa,
2963 433 3020 486 et
3049 429 3397 502 eloquentiae
3429 420 3692 499 divitias;

285 526 346 582 P.
380 527 440 582 Ὁ
474 525 656 599 μέντοι
687 520 1146 600 Βαϐουτζικάριος
1177 525 1251 594 ἐξ.

359 615 486 690 Περὶ
519 620 620 684 τῆς
652 613 906 684 ΓιλλΟὖς,
939 616 1008 671 de
1051 614 1202 671 Gillo
1236 614 1296 669 P.
1329 602 1389 668 Ἠ
1439 609 1496 667 δὲ
1545 608 1729 667 Γιλλὼ
1774 615 1935 666 τοῦτο

287 701 354 774 δὴ
385 704 447 758 τὸ
480 703 734 779 ἀρχαῖον.
771 703 894 760 Καί.

359 793 527 848 Πόθεν
558 793 620 846 τὸ
662 792 758 846 τοῦ
801 797 1006 864 Κερατᾶ
1055 787 1250 863 ὄνομα.
1287 793 1435 850 Unde
1480 807 1676 846 nomen
1709 791 1940 847 Cornuti

289 886 562 957 originem
630 883 908 939 habuerit.
971 883 1030 937 Ρ.
1089 881 1374 956 Τὲτριπται
1433 878 1484 935 ἐν
1538 879 1790 950 συνηθείᾳ
1840 883 1938 934 τοῦ

293 972 414 1048 βίου
443 971 506 1024 τὸ
537 974 630 1024 τοῦ
657 974 866 1045 Κερατᾶ
895 965 1090 1042 ὄνομα.

361 1058 427 1117 Τί
479 1060 732 1132 σημαίνει
780 1059 843 1113 τὸ
893 1057 1165 1134 Καίσαρος
1213 1054 1406 1131 ὄνομα.
1441 1059 1587 1124 Quid
1641 1058 1752 1113 sibi
1802 1057 1940 1112 velit

289 1149 534 1205 Caesaris
566 1166 802 1204 nomen.
838 1150 898 1204 P.
929 1147 1000 1201 Τὸ
1029 1151 1126 1202 τοῦ
1158 1147 1422 1220 Καίσαρος
1457 1141 1652 1219 ὄνομα.

362 1236 458 1300 Εἷς
505 1237 589 1305 τὸ,
621 1234 674 1291 εἷ’
719 1258 770 1291 τι
823 1233 1067 1311 ἔφθασεν.
1113 1239 1172 1293 [η
1220 1237 1382 1306 illud,
1413 1239 1462 1292 si
1513 1237 1643 1306 quid
1698 1236 1936 1291 advenit.

289 1330 352 1384 P.
385 1324 618 1404 Ἔφθασέ
647 1347 730 1388 τις
765 1325 955 1398 εἰπὼν,
989 1323 1072 1379 ὅτι
1106 1322 1352 1402 ἔφθασεν.

362 1415 650 1492 Έξήγησις
712 1413 789 1476 εἰς
845 1413 928 1486 τὸ,
993 1414 1153 1490 Λίγξε
1217 1413 1356 1490 βιὸς,
1416 1414 1579 1489 νευρὴ
1635 1410 1692 1468 δὶ
1745 1412 1939 1488 μεγάλ’

282 1503 465 1578 ’ἱαχεν.
516 1507 579 1561 tn
628 1504 794 1570 illud,
836 1504 1033 1560 Stridtt
1082 1521 1263 1569 arcus,
1308 1521 1506 1560 nervus
1552 1511 1739 1560 autem
1784 1503 1941 1558 valde

287 1596 495 1650 sonuit.
549 1593 784 1649 Homeri
837 1593 1000 1649 Iliad.
1050 1590 1118 1660 δ’,
1161 1612 1212 1648 v.
1249 1594 1370 1649 125.
1405 1594 1463 1649 Ρ.
1497 1593 1650 1648 Ἐστι
1687 1591 1779 1664 μὲν
1826 1588 1939 1645 οὐδ’

289 1681 419 1756 ὅπερ
453 1681 686 1756 εἰρήκειν
721 1680 874 1745 εὐθὺς
909 1680 1219 1756 ἐρωτηθείς.

2044 529 2103 578 et
2130 523 2271 593 vim,
2303 539 2430 593 quas
2465 539 2556 578 res
2595 526 2771 592 auget
2822 520 3136 582 laudando,
3189 519 3694 590 vituperandoque

2045 629 2254 667 rursus
2287 612 2499 684 afﬂigit
2522 628 2534 667 :
2559 616 2617 667 et
2663 611 2817 682 quod
2843 608 3224 680 spectabilius
3243 614 3351 676 est,
3385 624 3560 679 parva
3591 624 3692 678 pro

2047 701 2281 774 magnis
2311 701 2615 772 approbat,
2661 699 2920 770 itemque
2954 714 3168 770 magna
3197 701 3489 763 attenuat,
3521 701 3580 752 et
3621 697 3692 752 ad

2048 790 2295 845 minima
2325 789 2581 845 deducit.
2637 788 2822 844 Licuit
2880 803 3134 858 semper,
3201 792 3258 842 et
3313 785 3594 856 antiquis,
3639 791 3698 840 et

2047 879 2380 935 subsecutis
2437 879 2712 949 deinceps
2782 877 3148 949 temporibus
3206 874 3695 946 eloquentissimo

2048 969 2280 1040 cuique,
2307 974 2364 1025 et
2397 985 2553 1024 nunc
2584 967 2740 1023 licet.
2765 969 3124 1039 Argumenta
3155 964 3395 1031 similia,
3445 963 3696 1019 infames

2050 1063 2349 1133 materias,
2386 1062 2469 1117 vel
2498 1059 2891 1134 inopinabiles
2922 1056 3695 1130 nuncupabant.Flagitiosa

2048 1151 2341 1223 siquidem
2397 1151 2446 1206 si
2495 1150 3004 1214 commendarent,
3064 1146 3195 1217 ἆοξα
3241 1145 3330 1200 καὶ
3365 1141 3583 1198 ἄτοπαο
3635 1145 3687 1199 si

2049 1247 2256 1313 praeter
2285 1240 2593 1295 hominum
2625 1237 2984 1309 Opinionem,
3017 1231 3295 1310 παράδοξα
3323 1234 3562 1306 aggredi
3597 1235 3688 1289 di-

2049 1331 2352 1385 cebantur.
2383 1329 2681 1384 Ranarum
2718 1343 2971 1399 pugnam
3008 1326 3332 1393 Homerus;
3370 1340 3575 1379 unuse
3606 1341 3696 1378 sa-

2050 1419 2347 1490 pientibus
2397 1418 2628 1474 Graeciaa
2677 1416 2934 1472 Pittacus
2983 1413 3201 1470 molam
3251 1413 3561 1469 laudavit:
3598 1412 3697 1468 Dio

2049 1514 2357 1563 Prussasus
2386 1506 2683 1562 exornavit
2722 1506 3069 1577 psittacum,
3114 1503 3446 1574 Polycrates
3473 1518 3699 1567 mures,

2048 1598 2370 1653 teredinem
2401 1595 2750 1658 Clitarchus,
2785 1610 3052 1650 muscam
3087 1593 3402 1656 Lucianus,
3458 1590 3696 1645 Themi-

2049 1703 2155 1741 son
2216 1683 2638 1756 plantaginem,
2690 1682 2905 1738 Marcio
2971 1681 3319 1750 raphanum,
3374 1679 3698 1735 Erasistra-

360 1770 455 1833 Εἷς
485 1771 583 1839 τήν
617 1768 670 1825 ἐν
705 1770 1043 1842 Νικομηδεῖᾳ
1092 1769 1397 1845 λεγομένην
1446 1770 1642 1840 ἀκοήν.
1677 1776 1741 1827 1η
1775 1773 1936 1826 intel-

2050 1780 2145 1830 tus
2180 1773 2612 1846 lysimachiam,
2644 1771 3047 1843 Phythagoras
3077 1768 3310 1834 bulbos,
3344 1768 3572 1824 Diocles
3603 1785 3694 1824 ra-

290 1862 578 1918 lecttonem
607 1863 687 1916 sic
715 1863 941 1927 dictam,
973 1876 1098 1933 quae
1129 1862 1464 1918 Nicomediae
1491 1869 1590 1916 est.
1628 1866 1684 1916 1³.
1718 1862 1936 1932 Θαυμά-

292 1952 470 2016 ζουσιν
505 1948 557 2002 οἱ
587 1944 792 2002 πολλοὶ
824 1946 874 2000 ἐν
910 1944 1255 2019 Νικομηδείᾳ
1283 1950 1499 2022 ἡχεῖον.

358 2037 456 2099 Τίς
505 2038 540 2105 ἡ
593 2033 859 2112 διάκρισις
911 2039 1018 2089 τῶν
1066 2036 1532 2111 συγγραμμάτων,
1584 2035 1658 2088 ὧν
1711 2038 1790 2106 τῷ
1843 2034 1936 2106 μὲν

289 2127 324 2195 ἡ
358 2122 682 2197 Χαρίκλεια,
733 2129 812 2197 τῷ
859 2121 917 2178 δὲ
954 2127 989 2194 ἡ
1041 2125 1324 2195 Λευκίππη
1386 2123 1638 2188 ὑπόθεσις
1682 2125 1940 2193 καθεστή-

288 2235 470 2270 κατον.
504 2218 762 2285 Quaenam
802 2218 876 2271 sit
923 2217 1285 2287 scriptionum
1330 2215 1669 2288 diﬂerentia,
1703 2230 1940 2286 quarum

289 2307 460 2361 alteri
501 2306 808 2371 Chariclea,
864 2305 1031 2360 alteri
1078 2306 1350 2376 Lencz'ppe
1399 2309 1733 2377 argumento
1788 2311 1939 2359 sunt.

293 2399 349 2449 P.
387 2390 642 2453 Πολλοὺς
671 2389 789 2446 οἶδα
816 2391 905 2446 καὶ
936 2396 1042 2446 τῶν
1079 2389 1229 2467 ἄγαν·

363 2483 525 2539 LXII.
562 2479 690 2556 Περί
721 2478 1037 2557 παραδόξων
1071 2480 1451 2555 ἀκουσμάτων.
1487 2484 1561 2538 De
1588 2484 1940 2539 mirabilibus

290 2573 688 2629 auditionibus.
749 2573 881 2645 [42]
939 2577 998 2628 Ρ.
1049 2567 1201 2641 Μηδὲ
1252 2575 1448 2625 καινῶν
1503 2570 1936 2645 ἀναγνωσμάτων

292 2658 428 2729 εἶής.
468 2659 756 2716 Libellum
790 2660 1232 2716 Schediasmate
1263 2661 1333 2732 (ε)
1366 2659 1812 2716 illustravimus.

365 2750 671 2824 Ἐγκώμιον
723 2748 797 2810 εἷς
845 2747 975 2809 τοὺς
1022 2747 1260 2824 κόῤῥεις.
1290 2751 1437 2804 Laus
1481 2750 1736 2804 cimicum
1784 2751 1840 2806 Ρ.
1874 2749 1940 2806 Οἱ

294 2835 352 2892 δὲ
382 2835 586 2892 πολλοὶ
615 2837 742 2899 τοὺς
775 2835 1006 2912 Κὸῥρεις
1039 2836 1372 2905 κακίζουσιν.

361 2929 666 2999 Ἐγκώμιον
698 2925 773 2987 εἷς
810 2926 908 2994 τὴν
957 2929 1169 3002 φθεῖρα.
1204 2928 1350 2982 Laus
1395 2925 1652 2998 pediculi.
1688 2927 1749 2993 Ρ,
1787 2923 1941 2981 Ἀλλ’

295 3015 324 3069 ὁ
357 3016 508 3092 φθεὶρ
538 3011 668 3078 ἴσως
694 3019 762 3088 τῇ
795 3013 1002 3088 ψύλλῃ.

365 3103 670 3179 Ἑγκώμιον
721 3102 800 3167 εἷς
843 3103 940 3173 τὴν
990 3101 1204 3176 ψύλλαν
1255 3106 1395 3160 Laus
1439 3105 1666 3176 pulicis.
1712 3106 1771 3160 P.
1834 3104 1940 3160 Τὸν

2048 1880 2206 1936 pam,
2265 1862 2516 1916 Phanias
2574 1861 2846 1929 urticam,
2877 1863 3014 1914 Cato
3065 1858 3414 1928 brassicam,
3446 1862 3696 1913 mortem

2045 1951 2413 2017 Alcidamas,
2471 1950 2892 2020 Aristophanes
2951 1952 3400 2020 paupertatem,
3472 1948 3696 2002 febrem

2046 2045 2399 2113 quartanam
2457 2039 2843 2103 Phavorinus,
2905 2038 3189 2110 Synesius
3247 2035 3546 2105 cavitium,
3579 2036 3692 2108 [43]

2049 2131 2145 2186 alii
2179 2130 2384 2198 salem,
2415 2131 2570 2200 quod
2614 2128 2763 2184 ridet
2785 2127 2946 2182 Plato
2981 2127 3038 2181 in
3071 2126 3364 2192 Convivio,
3389 2124 3488 2180 alii
3521 2124 3701 2180 vomi-

2049 2227 2196 2284 tum,
2230 2217 2398 2284 ollas,
2459 2219 2701 2285 insecta,
2733 2221 2790 2272 et
2847 2233 2972 2288 quae
3026 2221 3166 2270 sunt
3213 2215 3392 2285 hujus
3443 2214 3700 2285 generis,

2049 2325 2176 2380 quas
2209 2307 2557 2362 Plutarchus
2587 2311 2645 2362 et
2677 2306 2985 2373 Isocrates,
3031 2309 3087 2360 et
3117 2309 3319 2360 nostra
3352 2307 3698 2375 tempestate

2050 2397 2146 2453 alii
2171 2397 2481 2470 magniﬁca
2510 2412 2577 2451 ac
2605 2395 2825 2451 diserta
2854 2394 3116 2449 oratione
3163 2392 3441 2448 laudibus
3494 2409 3697 2464 prose-

2049 2487 2166 2541 cuti
2199 2482 2376 2554 sunt;
2437 2485 2531 2540 hic
2583 2485 2827 2556 quidam
2878 2499 3076 2552 ovum,
3106 2481 3204 2537 ille
3254 2482 3513 2549 asinum,
3547 2480 3698 2537 alius

2050 2576 2418 2640 ebrietatem,
2449 2574 2601 2629 alius
2630 2572 2968 2638 stultitiam,
3022 2570 3174 2627 alius
3207 2571 3607 2638 mendacium,
3640 2575 3696 2625 et

2051 2665 2190 2735 quid
2239 2664 2399 2719 non?
2437 2680 2564 2734 quae
2622 2663 2681 2716 in
2744 2677 2925 2716 unum
2983 2660 3256 2716 volumen
3316 2659 3426 2714 sub
3488 2659 3696 2714 theatri

2046 2751 2372 2808 Joco-Serii
2397 2750 2632 2805 nomine
2655 2748 2951 2821 congessit
2980 2749 3205 2819 Gaspar
3234 2749 3562 2813 Dornanus,
3617 2748 3693 2819 (d)

2051 2847 2108 2896 et
2137 2839 2454 2913 publicavit
2506 2856 2619 2895 non
2661 2839 2788 2894 sine
2819 2838 3170 2910 Appendice.
3205 2842 3272 2892 Et
3318 2837 3474 2908 quod
3507 2838 3692 2907 magis

2052 2931 2285 2994 mirere,
2319 2928 2756 2999 Wittembergas
2787 2928 2976 2983 Bruno
3008 2927 3247 2998 quidam
3280 2926 3542 2981 Nolanus
3583 2926 3696 2980 im-

2053 3020 2144 3090 pie
2195 3017 2550 3090 praaconium
2601 3016 2818 3072 diaboli
2868 3015 3144 3071 recitasse
3188 3014 3428 3084 dicitur;
3480 3019 3536 3070 et
3565 3014 3698 3085 qui-

2051 3110 2187 3162 dam
2222 3108 2398 3175 alius,
2449 3121 2620 3176 quem
2669 3105 2974 3160 nominare
3025 3104 3424 3174 praetermitto,
3475 3103 3698 3158 lictoris

293 3191 541 3246 Κώνωπά
624 3213 780 3268 φασιν
865 3192 937 3254 ὡς
1003 3189 1320 3269 Ἐλὲφαντα,
1387 3193 1475 3248 καὶ
1540 3189 1634 3246 τίνα
1696 3213 1756 3268 γε
1819 3193 1936 3246 καθ’

2054 3197 2266 3267 publici
2301 3213 2315 3250 :
2351 3172 2550 3251 verum
2583 3211 2684 3266 pro
2718 3199 2885 3249 tanto
2916 3194 2974 3247 in
3020 3172 3368 3248 Acherontis
3396 3192 3698 3247 ministros

291 3280 439 3336 ὁδόν.
475 3282 663 3353 Hujus
709 3282 978 3338 meminit
1022 3281 1281 3337 Joannes
1326 3283 1562 3338 Tzetzes
1608 3283 1836 3338 chitiad.
1870 3284 1938 3352 II,

292 3375 493 3428 Hister.
528 3373 650 3427 185.

291 3478 352 3550 Ὁ
384 3475 616 3550 Μιχαὴλ
652 3476 804 3550 μὲν-ὁ
840 3474 1057 3550 Ψελλὸς
1088 3473 1302 3550 ψᾷλλας
1333 3475 1678 3550 ἐγκωμιάζει.

293 3546 622 3623 Ἠμῶἷπρὸ
655 3546 871 3622 χρόνων
904 3546 1385 3619 ἑκατὸείᾶκμάζων
1419 3546 1580 3621 ἐν’τῷ
1615 3548 1737 3623 βίῳ.

433 3637 666 3692 Michael
692 3637 914 3708 quidem
945 3637 1159 3693 Psellus
1188 3638 1404 3704 pultccs
1433 3639 1642 3706 loudat,

435 3710 607 3764 Annis
633 3713 762 3764 ante
790 3725 886 3765 nos
913 3713 1133 3764 centum
1159 3709 1360 3778 ﬂorens
1391 3725 1450 3764 ιη
1479 3711 1604 3765 vita.

362 3813 509 3889 Ηρὸς
537 3812 628 3868 τὸν
664 3814 912 3886 μαθητὴν
959 3814 1123 3868 αὐτοῦ
1171 3811 1421 3888 Σὲργιον,
1456 3813 1676 3869 εἰπόντα
1727 3816 1941 3888 μήποτε

295 3899 567 3979 δηχθῆναι
619 3902 721 3956 ὑπὸ
759 3901 999 3976 tam.
1050 3905 1110 3959 In
1154 3904 1490 3974 discipulum
1535 3909 1814 3976 Sergium,
1845 3908 1942 3976 pui

287 3993 526 4058 dixerat,
566 4009 861 4064 nunquam
910 4009 968 4048 se
1016 4009 1258 4048 morsum
1311 4010 1345 4048 a
1384 3994 1592 4064 pulice.
1629 3995 1688 4049 P.
1725 3991 1822 4046 Καὶ
1867 3993 1940 4055 ὡς

292 4079 517 4150 ἀληθῶς
545 4077 774 4154 δίπορον,
802 4079 847 4133 εἰ
879 4080 1119 4136 πάντων.

364 4169 507 4242 Πρὸς
550 4169 640 4222 τὸν
691 4166 859 4222 αὐτοῦ
903 4173 1111 4226 Παπᾶν.
1145 4169 1223 4225 Ad
1269 4187 1433 4226 suum
1480 4173 1708 4244 Papam.
1741 4177 1804 4227 P.
1838 4171 1939 4228 Καὶ

295 4257 540 4319 ποταπὸς
574 4262 759 4320 Ηαπᾶς
788 4257 816 4312 ὁ
848 4262 1060 4318 Ιῐαπᾶς.

363 4346 672 4421 Ἐγκώμιον
725 4345 799 4408 εἲς
845 4346 939 4401 τὸν
987 4347 1151 4403 οἶνον.
1196 4352 1340 4404 Laus
1389 4350 1532 4405 vini.
1576 4349 1637 4405 P.
1672 4347 1770 4404 οὐκ
1819 4346 1942 4404 οἴδα

293 4433 522 4510 πότερον
559 4434 631 4496 ὡς
665 4433 987 4506 ἀνθοσμίαν.

2049 3285 2354 3349 beneﬁcio,
2407 3283 2616 3355 reliqui
2671 3283 2848 3338 Italiae
2906 3282 3158 3350 lictores,
3195 3297 3266 3336 ne
3318 3281 3528 3354 ingrati
3571 3298 3700 3337 esse

2049 3374 2405 3438 viderentur,
2437 3372 2592 3428 datis
2640 3372 2712 3426 ad
2767 3371 3127 3426 laudatorem
3185 3370 3420 3436 litteris,
3453 3370 3698 3440 gratiam

2049 3464 2264 3518 referre
2294 3462 2486 3518 conati
2527 3466 2691 3529 sunt,
2731 3461 2924 3516 ofﬁcia
2954 3477 3062 3515 sua
3093 3459 3356 3532 polliciti,
3387 3477 3521 3515 cum
3553 3464 3697 3514 tem-

2050 3569 2160 3624 pus
2210 3551 2482 3618 adfuerit,
2526 3550 2692 3620 bene,
2717 3554 2773 3605 et
2793 3549 3048 3620 benigne
3069 3564 3200 3604 sese
3220 3548 3304 3602 illi
3340 3549 3693 3620 praatituros.

2048 3642 2174 3696 Non
2209 3641 2426 3696 mirum
2486 3640 2677 3710 itaque
2719 3639 2767 3694 si
2819 3637 3045 3694 Psellus
3100 3638 3274 3693 etiam
3337 3642 3556 3705 noster,
3606 3636 3698 3691 sui

2046 3730 2380 3802 experiendi
2412 3732 2620 3801 gratia,
2658 3728 2715 3782 in
2748 3726 3283 3798 contemptissimis
3312 3725 3443 3782 istis
3481 3725 3696 3797 stylum

2049 3819 2325 3874 exercuit.
2355 3817 2596 3873 Memini
2631 3833 2722 3872 me
2759 3818 2887 3872 fuse
2917 3816 3235 3872 admodum
3282 3817 3337 3870 in
3377 3813 3699 3871 Rhetoricis

2051 3908 2376 3974 dubitasse,
2435 3905 2814 3960 difﬁciliusne
2872 3904 2948 3960 sit
3005 3905 3252 3976 ideoque
3301 3905 3698 3976 praestantius,

2051 4002 2108 4052 et
2160 3995 2571 4051 admirabilius
2633 4010 2726 4049 res
2786 3994 2950 4056 viles,
3012 3995 3315 4061 minimas,
3369 3992 3457 4048 vel
3521 3994 3700 4049 etiam

2052 4086 2238 4141 malas
2269 4085 2515 4140 dicendo
2545 4099 2847 4151 exornare,
2882 4100 2954 4138 an
2990 4099 3116 4154 quas
3144 4082 3235 4137 bis
3268 4081 3581 4150 contraria,
3637 4086 3704 4137 ut

2052 4176 2348 4243 virtutem,
2399 4173 2771 4244 sapientiam,
2826 4177 2884 4228 et
2941 4172 3093 4228 viros
3125 4172 3219 4227 his
3268 4171 3415 4243 ipsis
3445 4170 3701 4227 celebres

2050 4272 2106 4320 et
2138 4263 2417 4319 illustres.
2451 4263 2638 4331 Nunc,
2699 4266 2763 4316 ut
2816 4261 3115 4330 lectorem,
3151 4261 3401 4317 lectione
3456 4277 3698 4332 operum

2051 4352 2224 4408 Pselli
2255 4352 2575 4419 defessum,
2600 4350 2996 4417 sublevemus,
3032 4366 3219 4422 pauca
3247 4366 3317 4404 ex
3347 4348 3553 4405 multis
3585 4348 3701 4404 illis

2051 4443 2413 4497 adducemus
2442 4458 2544 4512 pro
2578 4445 2826 4511 utraque
2860 4443 3022 4512 parte
3040 4438 3360 4510 exingenio
3383 4437 3698 4495 afferenda.

365 4524 506 4598 Πρὸς
545 4544 663 4579 τινα
693 4522 958 4594 Κάπηλον
998 4521 1374 4598 μεγάλαυχον,
1418 4525 1506 4579 καὶ
1539 4524 1936 4604 φιλοσοφοῦντα

2050 4533 2333 4587 Isocrates
2355 4529 2576 4586 similes
2598 4535 2844 4584 conatus
2865 4528 3056 4584 verbis
3071 4531 3248 4583 etiam
3273 4526 3695 4595 acerbissimis,

294 4609 528 4670 διάκενα.
551 4616 615 4670 In
647 4612 955 4675 Cauponem
980 4613 1276 4683 quemdam
1304 4615 1624 4684 superbum,
1650 4625 1704 4672 et
1729 4619 1946 4685 frustra

291 4704 780 4775 philosophantem.
816 4703 876 4757 P.
933 4697 1111 4755 Ἀλλὰ
1166 4698 1328 4764 ποίας
1377 4705 1542 4757 ταῦτα
1595 4702 1940 4783 φιλοσοφίας,

299 4789 603 4864 λογιώτατε
632 4786 851 4850 ἀδελφέ.

369 4875 461 4940 Ε’ίς
505 4899 627 4932 τινα
675 4875 964 4948 Κάπηλον,
999 4875 1290 4953 γενόμενον
1319 4877 1566 4950 νομικόν.
1621 4883 1677 4937 In
1731 4883 1948 4956 Caupo-

295 4984 421 5023 nem
469 4969 613 5040 leges
657 4972 1108 5039 pertractantem.
1144 4969 1203 5025 P.
1244 4966 1374 5023 Εἶτα
1405 4967 1450 5022 εἰ
1483 4967 1540 5023 σὲ
1580 4990 1665 5032 τις
1715 4968 1947 5042 δικάζειν

299 5054 782 5130 ἐπιτετραμμένον.

2056 4620 2325 4692 pluribus
2355 4619 2413 4673 in
2449 4619 2591 4673 locis
2622 4617 2979 4685 insectatur;
3023 4617 3185 4672 Plato
3217 4616 3444 4671 deridet
3464 4615 3522 4672 in
3554 4615 3700 4670 Con-

2057 4709 2248 4778 vivio;
2305 4707 2583 4780 Synesius
2641 4706 2697 4761 in
2761 4705 3039 4778 Epistolis
3107 4705 3440 4777 improbat;
3516 4720 3702 4775 eoque

2058 4797 2369 4871 praecipue,
2403 4797 2452 4852 si
2495 4813 2622 4867 quas
2667 4796 2809 4852 totis
2857 4795 3080 4850 viribus
3130 4798 3564 4862 consectamur,
3598 4793 3703 4848 im-

2058 4887 2241 4959 proba
2299 4885 2616 4941 decacitate
2676 4885 3122 4955 vituperentur;
3157 4888 3224 4937 ut
3282 4883 3353 4937 de
3405 4880 3703 4938 Carneade

2058 4975 2426 5047 vituperante
2446 4973 2742 5046 justitiam
2775 4973 3049 5029 traditur.
3080 4972 3243 5027 Adde
3274 4987 3288 5026 :
3333 4970 3488 5026 sicut
3533 4968 3704 5041 longe

2062 5063 2453 5138 praestabilius
2511 5067 2668 5120 esset
2723 5063 2793 5118 de
2849 5062 3028 5117 rebus
3086 5061 3333 5116 utilibus
3382 5059 3704 5115 mediocres

371 5145 564 5201 LXIII.
602 5145 922 5201 Levissima
971 5145 1086 5203 ista
1134 5150 1295 5217 sunt,
1329 5150 1386 5204 et
1434 5148 1633 5204 minus
1675 5149 1862 5221 seria;
1893 5157 1952 5208 at
2061 5155 2368 5228 opiniones
2399 5152 2637 5222 habere,
2671 5167 2849 5224 quam
2906 5165 3474 5224 supervacanearum
3505 5145 3702 5218 exqui-

1878 5297 2110 5355 NOT/E.

372 5405 928 5481 (c)_NequAe‘lib_ellus
973 5407 1168 5474 Pselli,
1203 5425 1390 5481 neque
1435 5409 1628 5466 Allatii
1672 5413 1936 5470 schedia-

301 5477 430 5534 sma
461 5477 742 5533 boc’vidit
771 5477 982 5532 lucem.

372 5551 448 5622 (d)
479 5549 748 5623 Hanovisa
807 5549 964 5623 1619,
1017 5548 1116 5623 fol.
1143 5550 1524 5623 _Dornaviano
1552 5557 1710 5623 operi
1749 5556 1947 5618 licebit

302 5619 516 5679 addere
537 5619 1018 5678 dissertationum
1061 5619 1417 5678 ludicrarum
1450 5627 1507 5677 et
1556 5619 1945 5691 amoeniorum

2047 5414 2363 5486 scriptores
2393 5412 2764 5486 variosLug.
2798 5411 2924 5466 Bat.
2962 5411 3122 5486 1644,
3155 5411 3244 5486 12,
3276 5412 3334 5464 et
3354 5403 3702 5486 admiranda

2055 5481 2253 5541 rerum
2277 5481 3035 5542 admirabilium—cummis.
3069 5481 3409 5553 Noviomagi
3440 5485 3701 5536 Batavor.

2055 5559 2216 5629 4666,
2251 5559 2338 5613 12.
