4084 6140
370 318 494 380 517

1630 317 2000 381 ΠΙΑἸἬῙΒΛ
2041 318 2144 384 DE
2187 320 2531 386 PSELLIS.

3668 338 3789 401 518

367 458 545 513 sitam
584 455 1011 530 cognitionem;
1046 458 1103 511 et
1148 453 1456 527 paululum
1486 454 1741 512 eminere
1793 454 1853 511 in
1902 471 2031 511 ma-
2059 457 2114 525 Α
2142 457 2501 529 apicularum
2531 476 2693 533 opera
2732 471 3025 538 stupemus,
3057 478 3223 540 quam
3260 470 3534 529 immensa
3560 489 3793 548 corpora

367 546 524 618 gnis,
560 563 739 619 quam
790 545 850 600 in
898 543 1113 616 parvis,
1149 544 1472 615 praesertim
1520 543 1789 616 iiis,qua:
1837 545 2018 600 vitam

366 635 516 691 nihil
559 639 790 707 juvant,
823 632 1134 701 excellere;
1174 632 1257 689 ita
1287 638 1344 689 et
1374 633 1432 688 in
1482 634 1728 690 dicendo
1760 632 2020 706 philoso-

365 724 673 796 phandum
706 728 814 779 est.
848 723 917 777 Et
957 722 1091 793 quis
1124 722 1309 778 nescit
1354 722 1701 795 gravitatem
1755 723 2020 779 scurrili-

366 815 495 881 tati,
528 830 622 869 res
662 812 848 868 serias
896 810 1054 867 ludis
1103 816 1159 866 et
1203 811 1351 882 jocis
1399 828 1525 867 esse
1570 811 2022 868 laboriosiores?

366 909 547 980 idque
596 926 662 964 ex
710 924 777 963 eo
826 907 1199 980 intelligitur,
1243 915 1307 963 ut
1354 908 1582 964 dicebat
1630 912 1916 964 Isocrates
1960 910 2019 963 in

371 998 600 1053 Helenae
646 996 1006 1063 laudatione,
1041 998 1195 1068 quod
1228 997 1526 1052 neminem
1577 1014 1837 1069 unquam
1888 996 2019 1053 illo-

372 1104 503 1141 rum
556 1086 731 1141 verba
779 1086 1120 1151 defecerint,
1143 1102 1275 1140 cum
1308 1085 1368 1140 hi
1412 1085 1668 1141 universi
1713 1087 1885 1157 longe
1931 1090 2021 1141 te-

372 1175 550 1231 nuius
581 1174 851 1243 dixerint,
879 1191 1053 1245 quam
1078 1174 1411 1247 argumenti
1447 1176 1788 1246 magnitudo
1820 1179 2020 1247 postu-

363 1263 474 1333 lat,
506 1266 646 1320 adeo
691 1264 763 1318 de
814 1263 991 1319 rebus
1021 1263 1335 1319 luculentis
1377 1263 1615 1319 difﬁcile
1662 1269 1751 1319 est
1797 1264 2020 1335 aliquid

363 1352 573 1408 afferre
603 1353 662 1407 in
697 1352 985 1418 medium,
1014 1353 1170 1423 quod
1219 1368 1391 1408 nemo
1422 1359 1557 1410 ante
1588 1353 1916 1425 usurparit;
1951 1354 2023 1409 de

360 1443 539 1497 rebus
570 1446 770 1497 autem
797 1442 1149 1513 contemptis
1179 1446 1237 1497 et
1267 1441 1927 1514 humillibus,quidquid
1960 1443 2018 1498 in

361 1539 612 1595 buccam
642 1540 890 1606 venerit,
925 1556 1096 1595 omne
1127 1541 1240 1611 [44]
1272 1542 1574 1612 prOprium
1615 1540 1810 1607 fuerit,
1844 1542 2018 1598 Vide-

357 1633 460 1683 tur
491 1633 687 1685 tamen
722 1629 912 1700 magis
962 1630 1261 1701 egregium
1315 1630 1571 1701 primum
1608 1647 1621 1685 :
1657 1630 1830 1701 primi
1860 1631 2015 1686 enim

359 1717 713 1789 eloquentiae
755 1718 1043 1787 magistri,
1077 1719 1176 1788 qui
1227 1718 1336 1773 sibi
1385 1719 1619 1774 laudem
1653 1736 2015 1790 comparare,

2138 546 2508 605 balaenarum.

2203 637 2402 692 LXIV.
2436 639 2546 694 Sed
2596 640 2665 695 de
2723 642 2918 713 parvis
2977 644 3331 716 paucahaec
3378 648 3559 705 etiam
3616 652 3788 725 satis_

2129 724 2345 781 Caetera
2376 727 2547 783 Pselli
2579 746 3027 802 persequamur.

2202 809 2296 873 Ei’c
2343 815 2430 867 τὸν
2472 813 2635 869 αὐτοῦ
2683 810 2902 892 ἔγγονον
2956 814 3035 874 ἔτι
3082 821 3272 891 νήπιον
3325 818 3468 881 ὄντα.
3502 829 3565 883 1η
3620 845 3782 886 suum

2127 904 2369 989 nepotem
2421 905 2606 961 aa’huc
2662 907 2953 979 infantem.
2991 910 3049 967 Ρ.
3100 910 3212 965 Οὐκ
3262 910 3469 986 ὅψομαί
3518 936 3574 970 σε
3623 913 3781 989 ἴσως,

2131 988 2387 1065 φίλτατόν
2424 1012 2518 1063 μοι
2549 993 2901 1071 βρεφύλλιον.

2203 1080 2315 1151 [45]
2374 1081 2685 1154 Ἐγκώμιον
2743 1083 2821 1144 εἷς
2877 1085 2996 1139 τινὰ
3056 1086 3329 1146 Νικόλαον
3384 1093 3650 1168 μοναχὸν,
3695 1115 3785 1168 γε-

2131 1165 2359 1238 νόμενον
2446 1170 2861 1244 καθηγούμενον
2934 1180 3036 1242 τῆς
3112 1175 3164 1229 ἐν
3239 1165 3782 1254 Ὀλύμπῳημονῆς.

2134 1257 2285 1312 Laus
2339 1260 2625 1328 cujusdam
2683 1262 2945 1318 monachi
2999 1266 3234 1333 Nicolai,
3284 1270 3386 1340 qui
3442 1272 3500 1325 in
3561 1271 3789 1344 Olympi

2132 1350 2464 1403 monasterio
2517 1364 2718 1420 przrses
2770 1352 2979 1421 fuerat.
3011 1354 3074 1409 P.
3116 1353 3476 1430 Ὑψηλότεροι
3538 1358 3632 1431 μὶν
3684 1366 3786 1429 τῆς

2131 1433 2237 1488 ἀπὸ
2268 1438 2373 1489 τῶν
2387 1479 2398 1492 .

2202 1524 2510 1597 Ἑγκώμιον
2570 1524 2649 1589 εἷς
2702 1526 2792 1580 τόν
2848 1530 3087 1605 μοναχὸν
3144 1531 3403 1604 Ἰωάννην
3460 1535 3550 1589 τὸν
3608 1543 3779 1612 Κρου-

2128 1610 2359 1667 στουλᾶν
2409 1614 2498 1667 τὸν
2558 1614 2853 1689 ἀναγνόντα
2906 1617 2959 1672 ἐν
3012 1622 3079 1692 τῇ
3134 1619 3294 1694 Ἀγίᾳ
3334 1626 3511 1697 Σορῷ.
3544 1610 3784 1685 Joannis

2131 1702 2406 1760 Crustulaz
2456 1707 2710 1761 monachi
2767 1708 2911 1774 laus,
2971 1711 3071 1779 qui
3127 1712 3189 1764 in
3245 1710 3299 1766 S.
3350 1713 3496 1769 Urna
3552 1716 3781 1787 legerat.

362 1811 421 1861 et
450 1822 656 1861 omnes
691 1807 747 1860 in
782 1806 873 1861 sui
903 1806 1357 1863 admirationem
1387 1807 1616 1863 trahere
1647 1808 2005 1863 studuerunt

2160 1798 2194 1847 ’.
2224 1790 2291 1847 Τί
2315 1796 2497 1861 τοῦτο,
2527 1792 2681 1855 εὐθὺς
2714 1794 2817 1867 γὰρ
2849 1794 2924 1856 εἰς
2959 1792 3220 1851 δεδυκότα
3253 1818 3319 1870 με
3347 1800 3437 1854 τὸν
3469 1801 3617 1860 ναόν.

361 1904 587 1959 similia
615 1908 966 1976 argumenta
1008 1910 1392 1976 usurparunt,
1420 1907 1724 1972 Homerus,
1758 1906 2023 1978 Gorgias,

361 1993 741 2064 Protagoras,
774 1992 992 2064 aliique
1042 2010 1155 2048 non
1207 1996 1397 2065 pauci,
1435 2001 1492 2049 et
1524 1998 1656 2065 post
1686 1994 1792 2049 hos
1841 1996 2022 2052 multo

368 2080 589 2150 plures.
623 2086 815 2152 Atque
864 2083 972 2138 has
1022 2082 1300 2137 materias
1350 2087 1572 2139 veteres
1621 2083 1806 2138 adorti
1858 2088 2019 2151 sunt,

361 2195 481 2233 non
536 2179 814 2250 sophistae
865 2178 1081 2247 solum,
1131 2181 1230 2235 sed
1287 2181 1618 2253 philosophi
1670 2198 1921 2253 quoque,
1956 2186 2023 2237 ut

357 2267 568 2338 probat
601 2274 669 2321 A.
705 2266 926 2322 Gellius
961 2266 1062 2322 lib.
1095 2285 1232 2335 xvn,
1259 2284 1308 2323 c.
1337 2270 1423 2337 12,
1448 2273 1505 2324 et
1539 2268 1929 2325 Philostratus
1960 2271 2017 2324 in

361 2355 500 2410 Vitis
538 2356 927 2426 sophistarum.
951 2355 1065 2411 Nec
1114 2358 1429 2412 dicendum
1483 2362 1592 2425 est,
1625 2363 1710 2412 tot
1756 2359 2019 2414 eruditos

358 2444 630 2499 homines
666 2444 727 2499 in
761 2444 870 2499 hac
912 2461 972 2500 re
1020 2444 1203 2500 fuisse
1254 2446 1528 2517 deceptos
1563 2463 1576 2501 :
1611 2462 1812 2502 eorum
1861 2448 2015 2517 apud

356 2549 565 2588 omnes
595 2533 904 2587 aestimatio
935 2533 1255 2605 singularis
1290 2534 1345 2588 id
1381 2538 1572 2605 negat.
1604 2535 1692 2599 Et,
1718 2534 1858 2589 dum
1894 2551 2014 2589 ma-

352 2621 515 2677 teriie
548 2622 894 2677 difﬁcultate
930 2623 1120 2694 magis
1160 2629 1501 2678 exercentur
1532 2624 1790 2695 ingenia,
1825 2624 2015 2696 magis

355 2710 536 2766 etiam
569 2708 766 2765 lucent
798 2727 810 2765 :
847 2711 1063 2767 etenim
1116 2712 1214 2766 ubi
1267 2711 1461 2767 deficit
1491 2713 1734 2768 materia
1781 2718 2016 2785 propter

357 2799 825 2871 improbitatem,
858 2803 959 2855 aut
1010 2800 1378 2871 tenuitatem,
1410 2800 1490 2855 ibi
1540 2800 1885 2872 eloquentiae
1925 2801 2013 2857 lu-

359 2888 526 2943 mina
554 2892 610 2943 et
636 2888 791 2944 vires
823 2888 1013 2961 magis
1054 2888 1296 2944 infensas
1328 2888 1761 2946 vehementiora
1791 2891 2015 2962 spicula

360 2985 423 3040 in
456 2985 820 3041 audientium
868 2986 1096 3041 animos
1144 2990 1550 3058 contorquent,
1586 2988 1797 3059 suique
1847 2989 2012 3060 copia

359 3075 424 3129 in
457 3075 707 3130 maxima
753 3074 954 3147 inopia
1000 3075 1273 3144 ingerunt
1322 3076 1792 3132 admirationem.
1827 3077 2012 3150 Magis

358 3163 519 3218 enim
569 3163 852 3218 facundiae
899 3179 1039 3235 opes
1097 3165 1156 3219 in
1206 3165 1381 3220 rebus
1440 3165 1615 3220 laude
1674 3166 2009 3222 carentibus
2041 3192 2084 3259 ρ

356 3263 750 3315 ostentantur.
808 3260 948 3315 Hinc
998 3260 1274 3315 omnibus
1325 3261 1557 3332 sibique
1605 3262 1702 3318 isti
1763 3264 2009 3334 scripto-

354 3365 452 3404 res
520 3349 905 3417 persuadent,
982 3347 1070 3408 Ὠς
1138 3346 1189 3401 εἷ’
1250 3348 1374 3423 περὶ
1437 3354 1691 3423 πονηρῶν
1759 3350 2009 3425 πραγμά-

351 3456 463 3489 των
543 3432 733 3510 ἔχουσί
808 3457 861 3490 τι
948 3435 1168 3511 λέγειν,
1260 3437 1383 3514 περὶ
1465 3443 1575 3492 τῶν
1660 3437 1843 3493 καλῶν
1918 3442 2010 3494 καὶ

355 3526 573 3600 ἀγαθῶν
643 3522 841 3601 ῥᾳδίως
906 3524 1293 3598 εὐπορήσουσι.
1364 3530 1462 3599 Se,
1530 3546 1654 3585 cum
1718 3532 1783 3585 de
1848 3531 2011 3585 rebus

353 3616 489 3672 adeo
556 3616 880 3689 improbatis
952 3618 1116 3673 verba
1180 3624 1503 3689 suppetant,
1582 3619 1653 3674 ad
1714 3637 1799 3675 res
1860 3636 2009 3690 prx-

356 3706 540 3761 claras
586 3706 943 3777 exponendas
993 3705 1283 3762 luculenta
1320 3711 1570 3763 oratione
1619 3709 1785 3778 facile
1832 3709 2009 3763 abun-

354 3804 603 3860 daturos.
667 3804 780 3858 Nec
840 3803 993 3859 male
1049 3803 1325 3859 Sidonius
1385 3805 1741 3877 Apollinaris
1797 3824 1809 3863 :
1870 3812 2012 3863 Nam

352 3894 527 3947 moris
591 3900 669 3947 est
731 3892 1111 3962 eloquentibus
1180 3894 1318 3948 viris
1398 3896 1752 3965 ingeniorum
1827 3896 2010 3968 facul-

354 3984 527 4036 tatem
573 3982 919 4050 negotiorum
977 3981 1211 4048 probare
1266 3982 1735 4052 difﬁcultatibus;
1793 3988 1843 4039 et
1895 3985 2013 4039 illic

350 4070 561 4141 stylum
614 4072 881 4141 peritum,
936 4073 1100 4140 quasi
1158 4072 1447 4141 quemdam
1502 4072 1728 4141 fecundi
1777 4076 2014 4144 pectoris

349 4173 634 4213 vomerem
670 4159 858 4228 figere,
894 4159 990 4213 ubi
1036 4160 1290 4213 materia:
1336 4160 1549 4214 sterilis
1600 4167 2010 4233 argumentum,

352 4254 508 4310 velut
535 4255 708 4309 arida
728 4256 948 4325 cespitis
978 4257 1163 4310 macri
1180 4256 1341 4325 gleba
1360 4256 1604 4327 jejunat.
1631 4257 1747 4312 Nec
1770 4258 2010 4313 minutae

350 4342 612 4399 bestiola
648 4343 843 4398 minus
899 4344 1244 4399 necessariae
1286 4343 1722 4401 existimantur.
1755 4346 1900 4401 Nam
1933 4364 2010 4403 eae

350 4448 591 4503 quoque
650 4432 709 4486 in
761 4448 868 4488 suo
916 4448 1129 4504 genere
1178 4434 1434 4504 pulchras
1486 4438 1651 4501 sunt,
1682 4440 1740 4489 et
1788 4436 2010 4508 aliquid

351 4521 583 4576 decoris
623 4521 991 4575 universitati
1041 4538 1262 4587 rerum,
1298 4526 1582 4592 tanquam
1637 4524 1694 4577 in
1744 4540 2008 4580 commu-

354 4624 491 4664 nem
524 4609 969 4680 rempublicam,
996 4627 1097 4681 pro
1125 4627 1233 4665 sua
1264 4611 1549 4681 portione,
1577 4614 1912 4683 conferunt;
1948 4620 2009 4669 ut

353 4703 564 4769 praater
592 4699 740 4754 alios
788 4699 1201 4755 adimadvertit
1229 4700 1565 4755 Aristoteles
1598 4718 1615 4755 ι
1647 4703 1721 4757 De
1748 4704 2005 4773 partibus

350 4787 600 4848 animal;
633 4802 757 4857 cap.
789 4788 842 4841 5.
877 4787 1119 4843 Divinus
1149 4786 1365 4858 quippe
1396 4788 1615 4843 Artifex
1644 4790 1727 4844 ita
1760 4807 2011 4862 magnus

351 4875 531 4931 estin
567 4876 800 4947 magnis
845 4876 1040 4943 rebus,
1077 4881 1139 4931 ut
1173 4877 1364 4931 minor
1393 4893 1508 4931 non
1561 4878 1637 4931 sit
1684 4879 1742 4933 in
1797 4881 2008 4951 parvis.

348 4978 645 5045 Recteque
702 4991 736 5030 a
790 4974 979 5029 Plinio
1039 4975 1139 5030 lib.
1194 4992 1233 5029 ιι
1281 4977 1470 5031 Natur.
1526 4978 1727 5032 Histor.
1779 4993 1904 5049 cap.
1950 4980 2005 5032 2.

347 5063 637 5132 scriptum
671 5068 761 5119 est
793 5079 806 5119 :
839 5068 904 5119 In
938 5066 1161 5134 magnis
1204 5065 1543 5135 corporibus,
1575 5075 1672 5121 aut
1716 5075 1861 5122 certe
1888 5084 2008 5121 ma-

336 5152 583 5224 joribus,
613 5152 837 5221 facilem
882 5151 1173 5222 ofﬁcinam
1216 5157 1438 5225 seqnaci
1483 5158 1719 5210 materia
1757 5171 1871 5211 esse
1898 5174 1917 5210 :
1948 5157 2009 5211 in

342 5242 556 5313 parvis,
589 5245 753 5312 atque
788 5257 892 5297 sua
922 5243 1168 5298 exilitate
1196 5243 1389 5313 nullis,
1423 5242 1662 5299 multam
1710 5246 2006 5316 rationem,

346 5340 682 5393 immensam
722 5340 851 5405 vim,
886 5339 1333 5395 inextricabilem
1374 5342 1805 5411 perfectionem;
1835 5345 1886 5397 et
1916 5358 2004 5398 re-

346 5444 477 5482 rum
507 5436 768 5482 naturam
795 5444 1083 5499 nunquam
1121 5432 1320 5499 magis,
1353 5446 1520 5500 quam
1548 5431 1608 5485 in
1638 5432 1889 5486 minimis
1922 5436 2005 5487 to-

349 5520 468 5572 tam
495 5531 626 5571 esse.
652 5516 848 5588 quue
880 5522 1103 5589 spectat
1131 5517 1277 5572 illud
1309 5518 1375 5573 D.
1402 5519 1719 5591 Augustini
1753 5518 1854 5574 lib.
1888 5536 2005 5575 xxn

350 5606 424 5661 de
456 5603 617 5660 Civil.
654 5606 782 5672 Dei,
806 5622 931 5677 cap.
962 5607 1032 5661 24
1057 5622 1069 5661 :
1100 5610 1180 5663 Ea
1202 5608 1329 5679 plus
1360 5606 1561 5664 habent
1592 5607 2004 5678 admirationis,

350 5709 473 5766 quae
508 5694 676 5750 molis
733 5694 1052 5752 minimum.
1101 5695 1235 5752 Plus
1276 5698 1426 5753 enim
1470 5698 1909 5770 formicularum
1956 5702 2009 5755 et

2207 1881 2465 1943 Ἐπαινος
2520 1886 2616 1936 τοῦ
2668 1881 2901 1953 Ἰταλοῦ,
2955 1887 3102 1942 Laus
3153 1889 3285 1944 Itali
3337 1894 3401 1946 P.
3447 1891 3534 1953 Ὦς
3595 1892 3651 1947 εὗ
3702 1897 3782 1967 τῷ

2134 1967 2349 2041 ἰταλῷ.
2382 1969 2444 2024 Εἰ
2478 1967 2535 2025 ’δὲ
2569 1969 2849 2045 βούλοιτο.

2202 2058 2341 2132 Πρὸς
2397 2058 2523 2120 τοὺς
2578 2059 2840 2132 μαθητὰς,
2888 2062 3009 2137 περὶ
3065 2066 3164 2128 τῆς
3225 2064 3392 2135 αὐτῆς
3451 2068 3782 2133 ὑποθέσεως.

2128 2147 2209 2237 {id
2233 2148 2553 2237 discipulos,
2586 2150 2651 2204 de
2696 2151 2886 2237 eodem
2932 2158 3275 2223 argumento.
3310 2156 3371 2211 P.
3406 2154 3600 2221 Οὐδεὶς
3651 2162 3781 2237 παρ’

2126 2235 2261 2307 ἡμῖν
2294 2231 2407 2289 οὔτ’
2434 2234 2743 2311 αἰχμητὴς,
2778 2234 2888 2292 οὔτ’
2923 2240 3267 2312 ἀκοντιστής.

2198 2322 2340 2397 Πρὸς
2368 2322 2496 2385 τοὺς
2534 2325 2915 2400 βασκαίνοντας
2957 2328 3124 2400 αὐτῷ,
3159 2331 3360 2388 Contra
3387 2336 3479 2391 sui
3502 2337 3779 2395 obtrecta-

2124 2418 2269 2469 tores
2301 2414 2356 2469 P.
2393 2413 2576 2484 Ὑμεῖς
2619 2415 2713 2487 μὲν
2748 2414 2944 2485 οὕτως,
2977 2414 3121 2493 λέγω
3153 2416 3211 2474 δὲ
3239 2419 3385 2485 τούς.

2198 2501 2340 2574 Πρὸς
2379 2500 2507 2563 τοὺς
2555 2502 2769 2565 αὐτούς.
2819 2505 2883 2560 1η
2928 2507 3171 2566 eosdem.
3226 2510 3286 2564 P.
3322 2506 3447 2566 050’
3503 2511 3627 2581 ὑμῖν
3680 2515 3775 2588 βα-

2124 2609 2251 2643 σκαν
2264 2588 2344 2651 ίας
2376 2610 2474 2664 περ
2487 2588 2816 2664 ιλελείψεται
2850 2592 3071 2669 ἀφορμή
3087 2636 3100 2649 .

2195 2677 2343 2733 Κατά
2388 2699 2531 2741 τινος
2591 2677 3020 2753 λοιδορήσαντος
3069 2682 3228 2739 αὐτὸν
3281 2686 3518 2763 ἀφανῶς.
3571 2692 3774 2748 Contra

2123 2769 2431 2853 quemdam,
2465 2771 2563 2840 qui
2614 2770 2702 2825 illi
2747 2769 3069 2828 clanculum
3113 2776 3499 2833 maledixerat.
3532 2783 3596 2837 P.
3630 2781 3772 2853 Πρὸς

2120 2856 2218 2923 τὴν
2249 2852 2525 2927 λοιδορίαν
2560 2857 2588 2911 6
2621 2856 2809 2931 λόγος.

2194 2945 2335 3020 Πρὸς
2363 2944 2489 3007 τοὺς
2533 2946 2775 3018 μαθητὰς
2831 2946 3257 3027 ἀπολειφθέντας
3307 2959 3409 3022 τῆς
3456 2952 3769 3029 ἑρμηνείας.

2118 3037 2215 3087 τοῦ
2248 3034 2374 3108 Περῖ
2408 3034 2714 3108 ἑρμηνείας.
2747 3038 2827 3093 Ad
2854 3038 3172 3111 discipulos,
3204 3043 3301 3114 qui
3329 3044 3777 3116 interpretationi

2122 3123 2254 3178 libri
2279 3126 2588 3181 Aristotelis
2632 3126 2697 3182 de
2741 3128 3201 3200 Interpretatione
3228 3148 3340 3188 non
3370 3134 3768 3206 interfuerunt.

2124 3217 2181 3267 P.
2217 3212 2360 3283 Πρὸς
2381 3211 2506 3274 τοὺς
2540 3212 2966 3289 ἀπολειφθέντας
2997 3216 3024 3270 6
3050 3214 3237 3293 λόγος.

2193 3302 2323 3356 ’Ότε
2377 3295 2668 3374 ἐϐράδυναν
2729 3303 2780 3356 οἱ
2827 3305 3061 3376 μαθηταὶ
3114 3305 3278 3361 αὐτοῦ
3324 3311 3392 3381 τῇ
3424 3316 3525 3378 τῆς
3556 3308 3771 3386 σχολῆς

2122 3388 2442 3462 ξυνελεύσει.
2480 3393 2620 3448 Cum
2660 3394 2923 3466 discipuli
2970 3396 3129 3452 tarde
3159 3397 3230 3453 ad
3258 3405 3583 3457 conventum
3611 3402 3774 3459 scho-

2124 3481 2383 3535 lastieum
2416 3483 2824 3552 processissent.
2861 3483 2919 3538 P.
2956 3480 3124 3539 Οὐδὲν
3175 3486 3356 3541 καινὸν
3408 3494 3616 3544 ποιεῖτε
3663 3490 3775 3547 ο⁸ιτε

2124 3564 2403 3629 δοκοῦντες
2439 3568 2565 3639 ὑμῖν
2600 3568 2915 3647 φιλόσοφοι.

2195 3656 2351 3712 LXV.
2414 3656 2673 3729 Μονῳδία
2729 3657 2816 3713 ἐπὶ
2876 3660 3139 3734 Ῥωμανῷ
3185 3661 3659 3740 Ῥαιφερενδαρίῳ,
3710 3670 3773 3724 in

2122 3747 2433 3801 Romanum
2509 3748 2998 3821 Referendarium,
3067 3751 3337 3809 Monodia.
3408 3755 3464 3810 P.
3520 3752 3774 3819 Πολλοὺς

2123 3832 2228 3909 ἐγὼ
2256 3837 2364 3887 τῶν
2398 3833 2573 3911 φίλων
2610 3837 2953 3906 τεθνηκότας.

2193 3920 2452 3995 Μονῳδία
2484 3922 2558 3986 εἷς
2607 3925 2698 3979 τὸν
2746 3924 3011 4003 πρόεδρον
3049 3927 3201 4003 κύριν
3250 3929 3483 4005 Μιχαὴλ
3512 3932 3603 3985 τὸν
3650 3933 3773 3987 Ῥα-

2124 4007 2308 4081 δηνόν,
2344 4015 2403 4068 in
2430 4016 2745 4070 aniislz'tem
2787 4016 3069 4072 dominum
3112 4020 3439 4076 Michaelem
3472 4021 3772 4094 Radenum,

2122 4102 2390 4171 Monodz’a,
2424 4106 2486 4157 P.
2521 4107 2651 4165 Τοῖς
2680 4103 2772 4174 μὶν
2804 4102 3000 4167 ἄλλοις
3031 4109 3130 4178 τῷ.

2194 4186 2448 4261 Μονῳδία
2498 4189 2573 4252 εἷς
2629 4192 2726 4260 τήν
2786 4196 2883 4245 τοῦ
2936 4193 3262 4269 ἀκτουαρίου
3309 4194 3559 4251 Ἰωάννου
3614 4196 3774 4254 ἀδελ-

2123 4279 2251 4355 φήν,
2296 4281 2357 4334 in
2402 4282 2643 4336 actuarii
2687 4284 2917 4338 Joannis
2961 4299 3222 4355 sororem,
3270 4286 3540 4343 Monodia.
3593 4292 3657 4345 P.
3709 4293 3774 4343 Ὢ

2122 4366 2281 4430 ποίας
2312 4368 2339 4421 6
2372 4367 2590 4440 Δαίμων
2622 4370 2872 4445 ἀφορμὰς
2906 4368 3107 4447 λόγων.

2195 4453 2450 4527 Μονῳδία
2500 4456 2575 4520 εἷς
2645 4458 2903 4529 Ἰωάννην
2973 4460 3068 4514 τὸν
3144 4461 3430 4533 Πατρίκιον
3494 4462 3770 4535 ὁμιλητὴν

2045 4567 2094 4629 D
2123 4544 2289 4598 αὐτοῦ
2322 4541 2470 4613 ὄντα,
2503 4549 2563 4601 in
2602 4550 2868 4604 Joannem
2912 4550 3227 4607 Patricium
3258 4552 3618 4626 discipulum,
3654 4559 3773 4611 Μο-

2121 4634 2309 4690 nodia.
2348 4635 2408 4690 Ρ.
2443 4635 2632 4711 Κωφὸν
2665 4638 2801 4708 ἡμῖν
2833 4638 2895 4691 τὸ
2926 4636 3306 4714 ἀκροατήριον.

2192 4721 2413 4795 Ἰωάννῃ
2476 4722 2719 4798 Βούρτζῃ
2799 4727 3110 4804 Βεστάρχῃ,
3181 4727 3609 4800 τελευτήσαντος
3673 4737 3771 4786 τοῦ

2121 4806 2358 4887 ἀδελφοῦ
2416 4810 2600 4881 αὐτοῦ,
2652 4814 2722 4869 ad
2765 4819 3043 4872 Joannem
3095 4823 3350 4873 Burtzem
3397 4822 3773 4893 Bestarcham,

2119 4902 2183 4956 οὺ
2213 4901 2418 4955 obitum
2452 4902 2607 4957 illius
2633 4906 2851 4973 fratris.
2889 4905 2946 4960 P.
2975 4903 3085 4959 Οὐκ
3115 4902 3235 4960 οἶδα
3262 4905 3382 4961 τίνα
3413 4929 3520 4965 σοι.

2192 4988 2508 5067 Ἐπιτάφιος
2569 4990 2646 5054 εἴς
2688 5013 2812 5047 τινα
2864 4992 3024 5071 φίλον
3082 4995 3271 5065 αὐτοῦ,
3327 4997 3417 5051 καὶ
3474 5010 3770 5072 συμμαθη-

2117 5077 2241 5146 τήν,
2274 5080 2336 5134 in
2367 5081 2662 5151 quemdam
2699 5085 2940 5139 amicum
2988 5088 3040 5139 et
3087 5085 3548 5159 condiscipulum,
3582 5088 3773 5147 Oratio

2117 5169 2389 5239 funebris.
2420 5169 2480 5223 P.
2517 5168 2653 5243 Ἐγὼ
2689 5170 2783 5241 μὲν
2814 5168 2973 5243 ᾤμην
3009 5172 3321 5248 ἀνακωχήν.

2192 5253 2508 5332 Ἐπιτάφιος
2543 5256 2617 5318 εἷς
2664 5259 2762 5327 τὴν
2815 5261 3077 5334 θυγατέρα
3125 5262 3429 5333 Στυλιανήν
3471 5266 3577 5341 πρὸ
3628 5265 3774 5342 ὥρας

2118 5347 2214 5398 τοῦ
2264 5345 2446 5419 γάμου
2490 5342 2906 5416 τελευτήσασαν,
2948 5353 3005 5405 in
3052 5352 3230 5422 ﬁliam
3271 5354 3616 5428 Stylt'anam,
3646 5374 3776 5430 qum
3874 5384 3877 5387 ί

2118 5438 2248 5521 ante
2292 5436 2616 5505 nuptiarum
2666 5446 2878 5508 tempus
2926 5443 3160 5495 mortem
3206 5443 3362 5499 obiit.
3408 5444 3467 5500 P.
3501 5444 3776 5521 Θυγατὲρα

2115 5525 2196 5593 τῷ
2225 5519 2374 5595 λόγῳ
2394 5527 2593 5594 τιμῶν.

2191 5611 2666 5689 [46]Ἐπιτοὶφιος
2725 5612 2801 5676 εἷς
2842 5616 2941 5685 τήν
2998 5616 3188 5672 ἑαυτοῦ
3247 5621 3475 5696 μητερα,
3532 5626 3593 5680 in
3647 5641 3767 5680 ma-

2114 5705 2271 5771 trem,
2304 5701 2494 5760 Oratio
2530 5705 2800 5776 funebris.
2834 5706 2895 5762 P.
2932 5705 3010 5763 Τὸ
3042 5705 3337 5783 ἐγκώμιον,
3368 5708 3496 5766 ἀλλ’
3531 5711 3633 5785 οὐχ
3670 5713 3767 5775 ὡς.
