4084 6140
373 229 496 289 519

1756 222 2034 288 LEONIS
2074 225 2393 288 ALLATII

3640 242 3736 307 520

443 360 763 437 Ἐπιτάφιος
810 358 889 422 είς
943 356 1180 435 Εἰρήνην
1241 358 1627 435 Καισάρισσαν.
1685 362 1748 417 In
1800 364 1983 416 [renes

2097 421 2103 428 D
2132 358 2415 446 Auxentii.
2449 359 2513 416 P.
2544 360 2723 435 Ἀρχή
2768 360 2863 433 μὲν
2903 363 3038 435 ἡμῖν
3071 369 3168 434 τῆς
3198 365 3336 439 πρὸς
3384 368 3444 422 τὸ
3488 368 3662 446 ἀγαθὸν
3689 371 3739 428 ἐκ

374 453 744 520 ϐεεειινίδεαηι,
782 452 964 507 Oratio
1008 452 1272 523 funebris.
1335 456 1398 506 P.
1450 449 1839 525 Ἐγκωμιάζειν
1886 468 1983 502 κατ

2127 450 2224 498 τοῦ
2254 444 2493 501 παλαιοῦ
2523 448 2841 521 πτώματος.

366 539 552 610 ταύτὸ,
584 538 671 594 καὶ
700 543 915 613 θρηνεῖν
949 538 1224 614 ἐπιτάφιοι.

442 630 631 685 LXVI.
666 628 977 702 Ἐγκώμιον
1026 627 1102 689 είς
1147 629 1245 696 τὴν
1295 627 1608 683 Δέσποιναν.
1642 630 1781 683 Lans
1813 628 1880 699 (e)
1912 628 2015 682 im-

363 723 661 792 peratoris.
692 722 753 775 P.
788 714 935 773 Ἐδει
966 717 1097 771 ποτε
1127 717 1218 771 τὸν
1253 714 1548 789 εὐδαίμονα
1575 716 1799 786 ταύτην.

441 808 532 869 Εἷς
568 808 660 863 τὸν
723 805 945 881 βασιλέα
1000 806 1090 859 τὸν
1160 805 1416 881 Διογένην
1478 806 1551 867 ὡς
1602 806 1662 859 ἐκ
1716 806 2013 874 προσώπου

362 897 510 958 τινὸς
556 900 656 950 τοῦ
703 894 952 951 πολίτου.
1003 898 1064 951 In
1109 897 1410 967 Diogenem
1460 898 1880 966 imperatorem:
1929 896 2011 950 lo-

363 990 557 1059 quitur
583 1002 724 1041 unus
772 1002 802 1040 e
848 984 1171 1056 civibus.[P.
1213 980 1317 1037 Νὖν
1349 986 1563 1058 πρῶτον
1597 980 1828 1050 ὁπλίτην
1866 982 2013 1057 βασι-

364 1074 463 1129 λέα
490 1076 764 1146 τεθέαμαι.

430 1164 569 1235 Ηρὸς
606 1160 830 1237 βασιλέα
857 1160 947 1215 τὸν
979 1159 1203 1232 Δοῦκαν,
1238 1164 1299 1216 in
1342 1164 1549 1217 Ducam
1596 1165 2005 1233 imperatorem.

358 1254 419 1309 P.
454 1252 694 1307 Δέσποτα
730 1272 837 1324 μου
870 1248 1004 1325 ἅγιε,
1040 1249 1409 1325 ἀνεθεώρησα.

428 1340 750 1415 Δημηγορία
781 1339 857 1401 εἷς
901 1339 991 1393 τὸν
1028 1336 1249 1412 βασιλέα
1293 1339 1386 1392 τὸν
1439 1338 1664 1394 Δούκαν.
1708 1342 1769 1397 1η
1799 1342 2005 1396 Ducam

356 1432 769 1503 imperatorem,
823 1429 1041 1485 Concio.
1084 1429 1144 1484 P.
1180 1427 1241 1484 Εἰ
1305 1426 1393 1481 καὶ
1452 1428 1557 1502 πρὸ
1610 1432 1707 1482 τοῦ
1764 1426 2002 1504 μεγάλου

352 1518 551 1573 τούτου
580 1518 864 1593 τροπαίου.

425 1609 513 1668 Ὡς
539 1607 644 1661 ἀπὸ
688 1605 988 1681 προσώπου
1019 1609 1112 1660 τοῦ
1166 1603 1452 1679 βασιλέως.
1491 1608 1769 1678 Tanquam
1798 1624 1867 1663 ea:
1896 1609 2000 1663 im-

349 1700 621 1769 peralOris
661 1713 921 1769 persona.
954 1696 1017 1751 P.
1052 1690 1394 1747 Παντοδαπόν
1435 1715 1489 1748 τι
1528 1697 1743 1769 χρῆμα,
1775 1696 1861 1750 καὶ
1897 1716 1997 1750 πο-

353 1785 646 1860 λυέραστον
681 1783 957 1860 βασιλεύς.

424 1873 965 1949 Προσφωνηματικὸς
1021 1873 1157 1947 πρὸς
1222 1872 1314 1926 τὸν
1372 1872 1559 1947 κῦριον
1616 1869 1848 1947 Μιχαὴλ
1906 1873 1996 1926 τὸν

351 1969 579 2020 Δουκᾶν.
630 1966 691 2019 1η
721 1964 1006 2019 dominum
1036 1963 1366 2018 Michaelem
1395 1965 1603 2018 Ducam
1651 1963 1996 2034 Prosphone-

346 2057 601 2110 maticus.
634 2054 694 2109 P.
728 2051 964 2107 Λέλυταί
999 2072 1091 2123 μοι
1121 2058 1220 2120 τῆς
1253 2050 1512 2126 ἀφωνίας.

419 2140 697 2197 Σελέντιον
767 2138 1148 2215 δημηγορικὸν
1222 2139 1367 2213 παρὰ
1433 2138 1702 2213 βασιλέως
1758 2137 1990 2213 Μιχαὴλ

340 2235 438 2285 τοῦ
468 2230 663 2286 Δούκα.
698 2231 995 2287 Silentium
1037 2246 1145 2301 pro
1186 2232 1445 2285 concione
1481 2229 1686 2284 dictum
1719 2230 1789 2285 ab
1820 2232 1991 2301 impe-

340 2327 527 2377 ratore
562 2321 824 2376 Michaele
853 2320 1019 2374 Duca.
1054 2323 1116 2374 P.
1150 2317 1213 2370 Εἰ
1261 2316 1350 2371 καὶ
1399 2314 1636 2380 πολλοῖς
1682 2321 1788 2371 τῶν
1843 2318 1993 2393 βασι-

340 2406 479 2463 λέων
513 2404 633 2472 ἔθος
661 2406 801 2462 ἐστὶν
832 2406 880 2480 ἐξ
916 2404 1282 2480 ὑψηλοτέρου.

411 2495 694 2552 Σελέντιον
728 2495 1032 2573 ἐκφωνηθέν
1068 2494 1153 2549 ἐπὶ
1198 2499 1304 2549 τῶν
1338 2496 1559 2569 ἡμερῶν
1599 2501 1698 2563 τῆς
1729 2495 1988 2550 Βασιλίς·-

336 2606 436 2655 σης
467 2583 655 2660 κυρίας
705 2582 1008 2660 Θεοδώρας.
1037 2584 1342 2640 Silentium
1383 2585 1590 2640 dictum
1620 2587 1718 2639 sub
1751 2587 1987 2655 imperio

336 2674 576 2731 domina:
621 2674 943 2731 Theodorus.
982 2674 1035 2728 P.
1070 2674 1138 2728 Η.
1187 2674 1308 2728 Τῶν
1344 2672 1544 2746 ἀρετῶν
1592 2669 1817 2733 Βασιλὶς
1853 2673 1987 2745 μετὰ

339 2768 438 2830 τῆς
466 2766 573 2816 τῶν
608 2762 764 2838 ὡρῶν
798 2758 1111 2825 Βασιλίὸος.

405 2846 814 2923 Χρυσόϐουλον,
874 2853 1056 2907 Aurea
1114 2851 1295 2906 Bulla.
1348 2855 1409 2905 P.
1442 2848 1519 2906 Οὔ
1578 2848 1883 2922 θαυμαστὸν
1934 2846 1991 2903 εἷ’

331 2961 414 3002 τις
445 2940 536 2994 τὸν
573 2940 740 3015 μέγαν
775 2940 1048 3012 θεώμενος
1075 2938 1237 3007 ἥλιον
1261 2938 1468 3012 ἀπείρῳ
1505 2938 1666 3015 φωτί.

401 3028 578 3103 Λόγος
638 3029 918 3099 ὑποθήκην
978 3026 1163 3106 φιλίας
1222 3026 1611 3103 εἰσηγούμενος
1683 3031 1800 3088 τοῖς
1859 3026 1978 3081 ἆνε-

2199 536 2344 610 ΙΙρὸς
2383 535 2476 590 τὸν
2528 536 3051 613 Ηρωτοσύγκελλον,
3083 542 3206 617 περὶ
3244 548 3341 597 τοῦ
3382 545 3526 619 ἁγίου
3554 554 3736 624 Γρηγο-

2128 623 2245 699 ρίου
2292 628 2387 678 τοῦ
2440 631 2881 704 Θαυματουργοῦ.
2940 633 3023 686 Ad
3074 634 3558 708 Protosyncellum,
3598 638 3656 694 de
3689 641 3734 696 S.

2127 714 2379 785 Gregorio
2446 717 2876 790 Thaumaturgo.
2936 724 2998 774 P.
3057 721 3148 788 Μὴ
3218 722 3495 798 θαυμάσῃς
3550 725 3575 779 ὁ
3626 725 3736 799 ἐμὸς

2128 802 2494 879 μουσηγέτης,
2544 804 2591 859 εἰ
2642 807 2802 880 τορόν
2854 828 2905 861 τι
2964 808 3053 863 καὶ
3107 809 3360 886 λαμπρὸν
3419 814 3691 891 φθέγξομαι
3724 862 3735 874 .

2121 893 2184 946 In
2226 894 2727 966 Protosyncellum
2779 896 2902 953 hac
2950 900 3126 955 etiam
3160 903 3422 959 carmina
3468 904 3625 960 Pselli
3669 906 3736 961 le-

2120 986 2388 1053 guntur:

2226 1093 2503 1177 ξύγγελος
2536 1097 2912 1177 ὡςμσύνοίκοᾳς,
2947 1098 3090 1177 sua
3109 1106 3213 1177 τοῦ
3247 1103 3446 1177 Λόγου.

2225 1171 2323 1261 Eat
2354 1174 2571 1261 πρῶτος
2599 1171 2673 1261 ὡς
2708 1170 2999 1261 Ιὶιράεδρος.
3033 1172 3191 1261 una
3207 1170 3535 1261 toG‘lJcSlou,

2224 1245 2334 1322 lli;
2350 1243 2456 1322 Αοᾷν
2489 1262 2583 1322 τιςῌ
2610 1243 2789 1322 αρτῥν.
2805 1243 3443 1322 Πρωτοσύγγελονῄλέγε,

2221 1312 2309 1374 Ὡς
2341 1313 2587 1389 Οὐρανοῦ
2618 1312 2913 1390 Ιίρόεδρον,
2948 1316 3022 1378 ὡς
3054 1312 3188 1372 Θεόῢ
3218 1312 3401 1396 φίλον.

2183 1428 2433 1486 LXVIII.
2486 1428 2656 1505 Λόγος
2718 1429 3148 1506 έγκωμιαστικὸς
3216 1433 3294 1498 εἷς
3351 1440 3606 1508 Συμεῶνα
3654 1436 3733 1490 τὸν

2111 1516 2496 1593 Μεταφράσ-την
2547 1521 2609 1574 1η
2653 1519 2968 1577 Simeonem
3017 1524 3553 1598 Metaphrastem,(/)
3604 1528 3730 1583 Ora-

2111 1607 2188 1660 tio
2252 1610 2610 1678 panegyrica.
2670 1610 2730 1664 P.
2788 1609 2887 1663 Τὸν
2948 1610 3113 1685 μέγαν
3170 1609 3222 1665 ἐν
3281 1613 3407 1687 βίῳ,
3465 1613 3552 1667 καὶ
3605 1612 3738 1688 λόγῳ

2112 1694 2337 1765 Συμεὼν
2369 1694 2603 1750 ἐπαινεῖν
2647 1695 3036 1771 προελόμενος.
3069 1701 3132 1755 In
3173 1718 3348 1773 quem
3380 1708 3437 1760 et
3465 1704 3734 1776 Ofﬁcium,

2105 1784 2199 1839 die
2232 1785 2343 1855 ipsi
2376 1802 2541 1842 sacro
2583 1787 2643 1841 in
2675 1788 2920 1843 ecclesia
2951 1790 3410 1862 decantandum,
3445 1794 3735 1849 concinna-

2103 1872 2204 1927 vit.
2236 1873 2519 1945 Troparia
2561 1876 2619 1930 in
2656 1876 2959 1932 Laudibus
2993 1884 3049 1932 et
3078 1876 3353 1950 Vesperis
3384 1880 3735 1951 conscripsit,

2104 1964 2163 2014 P.
2196 1961 2359 2034 Γέρας
2407 1962 2464 2015 νὸ
2516 1961 2794 2036 λαμπρὸν,
2841 1962 2903 2017 τὸ
2948 1959 3310 2039 περίϐλεπτον
3360 1965 3517 2040 ὕψος,
3547 1972 3601 2024 et
3641 1968 3735 2024 Ca-

2104 2066 2315 2105 nonem
2365 2067 2469 2123 pro
2501 2053 2807 2109 Matutinis
2854 2053 3015 2110 horis
3044 2056 3313 2122 confecit,
3350 2058 3521 2127 cujus
3549 2075 3611 2112 ea
3640 2057 3740 2111 fuit

2102 2140 2468 2210 acrostichis,
2526 2139 2739 2195 Μέλπω
2804 2162 2861 2195 σε
2917 2142 3006 2196 τὸν
3069 2142 3353 2216 γράψαντα
3418 2145 3512 2206 τὰς
3568 2147 3741 2201 Μετα-

2102 2227 2343 2302 φράσεις.
2406 2234 2463 2285 Ρ.
2520 2226 2702 2290 Μέλος
2764 2250 2856 2301 μοι
2908 2226 3174 2304 εὔρυθμον
3237 2228 3414 2289 δίδου.
3461 2234 3736 2290 Simeonis

2098 2333 2231 2372 vero
2282 2319 2564 2373 memoria
2610 2319 2940 2375 celebratur
2980 2339 3035 2377 IV
3082 2321 3207 2377 Kal.
3251 2324 3604 2393 Decembris,
3644 2340 3737 2379 eo—

2099 2406 2231 2460 dem
2265 2406 2392 2477 ipso
2423 2408 2536 2477 die,
2562 2425 2677 2479 quo
2709 2410 3040 2479 Stephanus
3061 2410 3236 2466 vitam
3270 2413 3549 2485 martyrio
3576 2413 3737 2482 ﬁniit,

2098 2499 2165 2550 ut
2204 2496 2432 2551 canitur
2472 2496 2589 2552 Οᾰο
2628 2499 2681 2551 9.
2708 2495 3034 2569 Είρηνικῶς,
3064 2500 3447 2573 τρισμακάριε,
3481 2497 3736 2572 ἐξεδήμη-

2097 2602 2161 2635 σα
2347 2583 2357 2603 Ὶ
2450 2583 2462 2601 ν
2518 2584 2558 2622 “
2663 2584 2676 2601 ἵ
2869 2584 2877 2600 ⁸
3151 2587 3165 2606 9
3202 2588 3225 2609 1‘
3536 2588 3548 2606 λ

2166 2603 2190 2643 ς
2241 2603 2338 2636 κατ
2407 2604 2572 2651 αυτηθ
2617 2605 2716 2652 την
2766 2586 2998 2658 ἡμεραν,
3044 2598 3144 2650 καθ
3193 2608 3258 2657 ην
3291 2588 3319 2642 ὁ
3372 2587 3587 2650 κλεινος
3625 2588 3739 2643 Στέ-

2095 2692 2257 2748 ιρανος
2288 2671 2609 2728 τελειοῦται⁹
2631 2674 2658 2727 ὁ
2681 2674 3031 2749 ὁσιομάρτυς.
3057 2678 3268 2746 Quiete,
3294 2687 3381 2733 ter
3402 2682 3569 2749 beate,
3592 2684 3737 2733 tran-

2091 2765 2355 2830 migrasti
2401 2780 2464 2818 eo
2516 2766 2636 2834 ipso
2663 2764 2775 2834 die,
2808 2780 2910 2836 quo
2950 2766 3198 2837 inclytus
3246 2766 3555 2838 Stephanus
3602 2784 3738 2822 mar-

2090 2854 2236 2922 tyrio
2270 2853 2369 2906 Deo
2414 2862 2780 2909 consecratur.
2818 2854 3100 2926 Loquitur
3129 2860 3324 2911 tamen
3374 2874 3490 2912 non
3523 2858 3590 2912 de
3620 2857 3734 2912 Ste-

2090 2941 2284 3010 phano
2316 2946 2763 3015 protomartyre,
2796 2944 2896 2998 sed
2948 2944 3018 2998 de
3062 2944 3300 3015 juniore
3331 2945 3471 3011 alio,
3506 2946 3602 3017 qui
3634 2945 3732 3001 sub

2089 3029 2471 3085 Constantino
2504 3034 2866 3103 Copronymo
2908 3049 3009 3103 pro
3041 3037 3382 3089 sanctarum
3414 3034 3728 3107 imaginum

328 3119 477 3190 ψιοῖς
530 3121 625 3172 τοῦ
674 3104 1016 3193 πατριάρχου
1062 3120 1229 3190 κυροῦ
1285 3114 1539 3191 Μιχαήλ.
1574 3118 1777 3186 Oratio,
1825 3132 1971 3188 pra?-

2097 3117 2247 3172 cultu
2281 3134 2414 3172 cum
2464 3117 2595 3173 aliis
2627 3119 2783 3175 vario
2816 3120 3245 3192 suppliciorum
3295 3138 3514 3194 genere
3544 3104 3731 3178 ivitam

326 3217 478 3279 cepta
510 3210 778 3266 amicitiae
807 3208 1028 3264 tradens
1065 3207 1353 3278 nepotibus
1396 3206 1736 3278 patriarchae
1768 3206 1981 3262 domini

326 3297 623 3354 Michaelis.
680 3303 737 3352 P.
779 3295 1057 3353 Πολλάκις
1107 3294 1383 3367 ἐθαύμασα
1441 3293 1523 3348 ὅτι
1588 3314 1653 3367 με
1706 3297 1812 3348 τῶν
1876 3291 1974 3347 ἂλ-

326 3385 461 3443 λων.

400 3476 541 3549 Πρὸς
570 3477 660 3529 τὸν
694 3475 894 3530 οἰκεῖον
920 3473 1327 3549 Γραμματικόν.
1362 3479 1429 3532 1η
1457 3477 1757 3547 praprium
1790 3474 1976 3530 Gram-

324 3569 608 3621 maticum.
643 3567 702 3637 P,
734 3564 901 3640 ,Ὑπὲρ
936 3568 1030 3618 σοῦ
1061 3565 1196 3639 πρὸς
1223 3561 1350 3625 τοὺς
1387 3564 1521 3617 κατά
1560 3566 1655 3617 σοῦ
1684 3562 1776 3616 τὸν
1810 3560 1970 3636 λόγον

324 3674 465 3708 πεπο
476 3652 525 3724 ίη
538 3674 655 3726 μαι.

393 3742 615 3799 LXVII.
684 3742 856 3817 Λόγος
916 3740 994 3802 εἷς
1058 3741 1156 3809 τήν
1221 3737 1557 3811 ἀνακομιδήν
1622 3744 1718 3794 τοῦ
1785 3741 1971 3813 τιμίου

319 3828 578 3905 λειψάνου
628 3830 784 3908 ἁγίου
824 3828 1294 3905 πρωτομάρτυρος
1341 3830 1642 3906 Στεφάνου.
1693 3825 1971 3892 Ἐκδοθεὶς

317 3917 695 3995 αὺτοσχὲδιος.
732 3922 916 3978 Oratio
960 3924 1019 3976 in
1068 3921 1496 3975 translationem
1524 3920 1971 3976 vcnerandarum

314 4012 684 4081 reliquiarum
742 4012 918 4066 sancti
970 4011 1398 4081 protomartyris
1448 4008 1759 4078 Stephani;
1816 4011 1970 4064 dicta

234 4152 237 4155 .
314 4116 388 4153 ea:
426 4101 748 4170 improviso,
783 4100 842 4154 P.
877 4099 938 4154 Ὀ
985 4098 1180 4172 Κύριος
1219 4098 1382 4168 ἡμῶν
1415 4097 1623 4165 Ἰησοῦς
1671 4096 1910 4170 Χριστὸς
1939 4098 1966 4150 ὁ

314 4187 500 4261 Πατὴρ
534 4189 746 4240 πάντων
778 4184 885 4240 τῶν
919 4184 1314 4257 ἐλπιζομένων.

386 4274 560 4351 Λόγος
615 4273 704 4329 ἐπὶ
758 4280 838 4347 τῷ
898 4273 948 4328 ἐν
1011 4272 1353 4348 Βλαχέρναις
1405 4271 1651 4348 γεγονότι
1707 4272 1961 4347 Θαύματι.

313 4369 375 4422 1η
405 4366 743 4421 miraculum
774 4368 833 4420 in
873 4366 1191 4420 Blachcrnis
1242 4368 1541 4434 patratum,
1575 4364 1760 4420 Oratio
1792 4366 1850 4420 P.
1886 4365 1962 4421 Οὕ

312 4452 598 4507 πολιτικὸν
630 4456 727 4507 τοῦ
758 4450 1047 4507 πολιτικοῦ
1080 4451 1392 4524 ζητήματος
1423 4450 1507 4506 τό.

378 4542 493 4615 [47]
527 4542 622 4603 Εἷς
669 4543 734 4595 τὰ
790 4542 1035 4613 θαύματα
1080 4544 1176 4593 τοῦ
1227 4540 1669 4614 ἀρχιστρατήγου
1710 4539 1959 4614 Μιχάήλ.

311 4637 375 4687 In
405 4633 681 4687 miracula
726 4634 952 4689 militia:
997 4631 1266 4702 principis
1316 4629 1619 4686 Michaelis.
1654 4634 1714 4685 P.
1753 4629 1967 4693 Σκοπὸς

316 4719 409 4790 μὶν
444 4719 533 4773 καὶ
564 4716 724 4781 τέλος
753 4718 1104 4794 ἐναγυμένοις
1136 4720 1273 4789 ἡμῖν
1306 4718 1463 4793 πρός.

379 4808 474 4869 Εἷς
523 4809 623 4877 τὴν
687 4808 933 4882 μεγάλην
992 4807 1292 4880 Κυριακήν,
1367 4807 1559 4879 ἑορτὴν
1626 4809 1725 4875 τῆς
1805 4806 1961 4881 ἁγίας

307 4895 565 4969 Ἀγάθης,
599 4897 690 4951 καὶ
735 4896 812 4958 εἷς
866 4896 962 4958 τὰς
1014 4894 1314 4970 μαθητρίας
1365 4895 1552 4960 αὐτῆς.
1587 4897 1648 4950 1η
1696 4914 1963 4967 magnam

308 4988 669 5055 Dominicam,
711 4989 856 5044 diem
905 4992 1104 5059 festum
1148 4985 1500 5058 5.Α9α11ιίε,·
1555 4988 1615 5041 in
1662 4986 1960 5057 discipulos

306 5076 484 5131 illius.
518 5076 579 5131 P.
613 5075 685 5130 Οὐ
711 5075 778 5130 τὰ
806 5075 1075 5131 σπουδαῖα
1109 5074 1273 5149 μόνον
1302 5075 1553 5148 αἱρεῖται.

376 5162 504 5224 Βίος
557 5168 653 5217 τοῦ
712 5163 861 5219 ὁσίου
917 5167 1124 5243 Ματρὸς
1160 5162 1447 5235 Αὐξεντίου
1496 5166 1613 5222 Vita
1663 5164 1715 5220 S.
1769 5166 1957 5220 Patris

2085 3207 2311 3262 effudit.

2157 3293 2464 3369 Αἰνίγματα
2504 3296 2639 3370 πρὸς
2679 3295 2911 3371 Μιχαὴλ
2941 3295 3032 3351 τὺν
3067 3303 3271 3353 Δουκᾶν
3301 3301 3386 3357 Ad
3426 3301 3731 3357 Michaelem

2082 3385 2286 3439 Ducam
2334 3386 2675 3454 Enigmata,
2726 3386 2995 3443 versibus
3053 3388 3306 3459 politicis
3362 3395 3423 3445 et
3476 3388 3731 3446 iambicis

2082 3474 2427 3544 composita,
2476 3475 2631 3546 apud
2686 3490 2778 3529 me
2818 3480 2961 3530 sunt
3011 3492 3174 3531 num.
3227 3477 3372 3546 XLI,
3423 3478 3619 3534 nescio
3665 3493 3731 3531 an

2083 3563 2302 3631 omnia,
2354 3563 2416 3618 P.
2459 3562 2609 3616 Ἔστι
2658 3584 2708 3616 τι
2763 3566 2899 3631 ζῶον
2962 3561 3202 3638 λογικὸν,
3255 3561 3496 3621 δέσποτα
3546 3585 3730 3637 στεφη-

2083 3651 2234 3729 φόρε.

2152 3741 2259 3813 [48]
2306 3737 2644 3807 Ἐπιστολαί,
2708 3741 2983 3812 Ερὶδιοὶειν,
3044 3742 3276 3799 circiter
3330 3745 3425 3813 33,
3488 3760 3728 3816 quarum

2081 3831 2271 3903 prima
2320 3830 2527 3903 incipit
2560 3848 2574 3886 :
2606 3829 2668 3885 Ὀ
2723 3830 2951 3905 πτωχὸς
3006 3831 3167 3893 οὗτος
3221 3832 3574 3906 ἠγαπημένε,
3619 3852 3727 3905 μοι,

2078 3917 2278 3992 ἀνεψιέ.
2314 3924 2421 3975 Eas
2467 3924 2799 3991 sequuntur
2855 3920 3123 3975 nonnulli
3176 3921 3382 3988 iambi,
3418 3940 3554 3978 cum
3605 3921 3731 3976 aliis

2078 4009 2211 4081 styli
2242 4008 2596 4064 exercitandi
2629 4009 2819 4080 gratia
2849 4009 3220 4080 conscriptis.
3245 4010 3425 4067 Pselli
3451 4009 3728 4083 Epistolas

2076 4098 2136 4153 in
2187 4098 2535 4154 bibliotheca
2587 4098 2858 4153 Bavarica
2908 4099 3193 4154 asservari
3227 4102 3369 4155 Cod.
3408 4102 3514 4156 165
3562 4098 3727 4155 disci-

2076 4204 2208 4241 mus
2239 4204 2307 4242 ex
2337 4188 2465 4257 ejus
2495 4187 2705 4257 indice,
2739 4192 2796 4241 et
2850 4187 3005 4257 apud
3057 4187 3347 4244 Joannem
3382 4190 3643 4253 Suzium,
3675 4191 3727 4242 et

2073 4274 2400 4332 Manuelcm
2462 4275 2841 4348 Eugenicum,
2903 4292 2971 4331 ex
3028 4276 3281 4332 Antonio
3340 4278 3617 4333 Verderio
3673 4278 3725 4331 in

2071 4364 2369 4437 Supplem.
2402 4364 2583 4419 Erant
2639 4368 2695 4419 et
2751 4365 2907 4435 apud
2956 4365 3275 4420 Antonium
3326 4366 3723 4436 Augustinum

1993 4475 2040 4538 Β
2070 4455 2207 4509 Cod.
2243 4454 2364 4520 191,
2404 4470 2653 4525 quarum
2705 4453 2968 4525 quinque
3019 4453 3242 4525 priores
3292 4456 3366 4511 ad
3419 4456 3724 4520 Caesarem,

2071 4544 2137 4598 ad
2196 4542 2565 4597 Emilianum
2634 4541 3026 4613 patriarcham
3057 4542 3385 4600 Antiochiae
3444 4550 3594 4611 tres;
3651 4542 3717 4597 ad

2074 4637 2318 4686 Leonem
2352 4629 2609 4701 primum
2643 4630 3015 4685 sacellarium
3046 4630 3246 4697 unica;
3285 4636 3344 4687 et
3375 4634 3449 4688 ad
3486 4631 3724 4705 Xiphili-

2072 4736 2211 4773 num
2247 4718 2438 4773 unica.
2464 4718 2575 4773 Eas
2596 4719 2964 4790 pereruditus
2996 4718 3311 4790 appellavit
3339 4722 3721 4778 Casaubonus

2069 4806 2450 4862 Animadvers.
2484 4809 2544 4861 in
2582 4807 2903 4864 Athenaeum
2944 4807 3048 4873 lib,
3080 4825 3119 4863 ι.
3153 4825 3279 4881 cap.
3314 4811 3372 4877 8,
3408 4816 3468 4865 et
3498 4815 3722 4880 tempo-

2070 4914 2130 4953 re
2160 4898 2335 4952 etiam
2386 4896 2576 4968 ipsius
2625 4895 2823 4963 Pselli,
2850 4898 3095 4968 Magnus
3127 4897 3500 4970 Drungarius
3528 4895 3721 4968 magni

2068 4984 2420 5051 resumebat,
2472 4984 2522 5038 si
2571 4984 2763 5039 Psello
2822 4984 2934 5054 ipsi
2991 4985 3314 5053 credimus,
3344 4986 3595 5059 epistola
3652 4984 3721 5040 ad

2067 5074 2339 5130 eumdem
2376 5091 2388 5128 :
2422 5068 2599 5126 Πάλαι
2627 5071 2760 5125 ποτὶ
2802 5072 3059 5126 ἀπέτεκον
3106 5071 3209 5148 ἐγὼ
3254 5070 3485 5147 ἄγαλμα
3534 5071 3721 5150 σοφίας

2067 5162 2359 5237 ἐπήρατον,
2413 5158 2617 5235 ὡραίας
2663 5157 3015 5233 Ἐπιπολὰς,
3063 5161 3145 5221 αῖς
3196 5157 3261 5229 δὴ
3294 5159 3357 5215 σὺ
3388 5159 3722 5237 περιτυγχά-

1880 5369 2117 5427 ΝΟΤίΕ.

368 5521 443 5665 5e)
475 5521 757 5594 Augusta.

391 5597 443 5665 ί)
475 5598 605 5650 Haec
654 5611 752 5651 ora

2053 5519 2249 5576 Graec
2278 5520 2336 5574 et
2366 5516 2568 5573 Latine
2599 5516 2756 5573 edita
2783 5518 2855 5573 ab
2888 5516 3105 5574 Allatio
3134 5517 3208 5572 ad
3240 5515 3463 5574 calcem
3495 5516 3714 5575 disser-

391 5589 443 5667 t)
475 5589 605 5650 Haec
654 5591 840 5651 oratio
890 5609 1009 5650 una
1063 5608 1197 5648 cum
1255 5592 1459 5649 Ofﬁcio
1511 5594 1571 5649 in
1619 5594 1947 5652 Simeonem
2056 5590 2300 5649 tationis
2329 5590 2400 5646 de
2429 5589 2828 5661 Simeonibus,
2864 5589 3027 5646 Paris
3056 5589 3216 5657 4664,
3250 5590 3301 5645 4.
