4084 6140
299 356 413 416 521

1555 354 1927 417 ΒΙΑΤΒΙΒΛ
1970 352 2073 414 DE
2118 353 2460 414 PSELLIS.

3591 354 3715 418 52!

299 509 405 542 νων
441 485 739 559 πολλάκις,
803 488 916 542 εἶτα
948 485 1013 556 δὴ
1045 488 1132 542 καὶ
1168 489 1455 560 Θαυμάζων
1509 486 1640 550 ἴσως
1688 494 1789 557 τῆς
1847 488 1923 562 χά

2064 503 2228 559 quam
2260 487 2505 544 dilucida
2536 488 2802 545 doctrina:
2831 488 2989 557 libri,
3022 489 3088 544 de
3129 491 3603 561 lntcrprelalioue.
3647 490 3711 549 P.

302 598 468 654 ριτος,
528 573 632 631 οἷέι
679 576 953 647 τοιαύτας,
1004 596 1071 647 με
1119 577 1205 630 καὶ
1266 576 1417 639 αὖθις
1474 578 1755 632 ἆποτεκεὶν
1785 574 1943 631 δῦνα-

298 678 439 730 σθαι.
500 665 604 720 Λιᾶ
653 670 816 720 τοῦτο
864 665 927 718 σὺ
994 665 1089 737 μὲν
1146 664 1269 736 ἐρᾷς
1339 670 1447 719 τῶν
1510 665 1655 738 ἐμῶν
1710 663 1941 722 ὠδίνων.

297 757 435 832 Ἐγὼ
469 751 527 810 δέ
557 776 642 808 σοι
677 754 905 831 ἐκφῆναι
932 754 1024 809 τὸν
1055 753 1216 809 τόκον
1251 754 1313 809 οὐ
1361 754 1658 830 βούλομαι.
1720 758 1779 811 Id
1813 761 1940 812 est:

291 848 456 902 Multo
504 845 707 901 abhinc
750 848 991 915 tempore
1039 847 1332 916 sapientiae
1378 848 1649 917 specimen
1680 848 1940 914 amabile,

288 935 540 1009 pulchras
566 934 823 1007 epistolas
851 934 1040 1005 genui,
1071 951 1207 1005 quas
1236 936 1353 1006 ipse
1379 952 1506 990 cum
1535 938 1734 1007 sapius
1785 952 1938 992 acce-

288 1027 479 1098 pisses,
506 1027 651 1093 forte
676 1039 869 1079 earum
897 1025 1110 1094 gratias
1134 1024 1464 1093 admiratus,
1497 1025 1709 1080 similes
1736 1041 1840 1093 me,
1890 1032 1943 1081 et

290 1129 507 1169 rursum
534 1112 690 1168 edere
732 1128 887 1183 posse
938 1113 1255 1168 existimas.
1298 1116 1597 1181 Propterea
1628 1122 1685 1168 tu
1720 1113 1941 1184 quidem

287 1205 431 1274 fetus
457 1218 602 1258 meos
651 1206 882 1274 exoptas
903 1218 924 1264 ;
964 1217 1057 1273 ego
1106 1218 1235 1257 vero
1264 1202 1371 1258 tibi
1395 1208 1619 1274 partum
1647 1203 1940 1258 excludere

291 1307 479 1347 renuo.

354 1379 537 1436 LXIX.
592 1378 765 1453 Λόγος
815 1376 1156 1454 σχεδιασθεὶς
1211 1378 1346 1452 πρὸς
1397 1378 1567 1433 Πόθον
1622 1377 1938 1454 Βεστάρχην

280 1467 579 1538 ἀξιώσαντα
660 1466 852 1523 τοῦτον
938 1468 1142 1543 γράψαι
1213 1469 1335 1542 περὶ
1423 1472 1520 1521 τοῦ
1607 1467 1937 1543 θεολογικοῦ

280 1563 649 1632 χαρακτῆρος.
695 1560 881 1615 Oratio
924 1575 999 1613 ea:
1038 1563 1277 1628 tempore
1327 1558 1400 1612 ad
1440 1558 1673 1613 Pothum
1719 1560 1931 1613 Vestor-

278 1648 461 1713 cham,
520 1648 619 1719 qui
673 1648 918 1704 Psetlum
946 1650 1188 1716 rogarat,
1219 1654 1278 1701 ut
1308 1646 1372 1702 de
1412 1647 1713 1715 theologica
1733 1648 1932 1703 chara-

277 1745 423 1792 ctere
448 1738 734 1792 scriberet.
766 1736 827 1791 P.
874 1735 967 1803 Μὴ
1010 1731 1315 1807 Θαυμόίσῃς,
1372 1729 1511 1788 Πόθε
1564 1755 1657 1807 μοι
1705 1732 1933 1812 φίλτατε

279 1822 330 1879 εἷ’
350 1827 483 1880 τῶν.
523 1830 655 1881 Duas
700 1826 773 1882 de
820 1825 930 1881 hac
978 1824 1225 1881 materia
1255 1824 1326 1880 ad
1354 1824 1599 1879 Polhum
1634 1826 1928 1881 orationes
1961 1858 2007 1923 Β

278 1913 704 1970 indicanturin
736 1914 1080 1970 Bibliotheca
1130 1913 1369 1969 Antonii
1428 1913 1744 1984 Augustini
1796 1914 1925 1969 cod.

282 2004 397 2060 191.
440 2009 525 2058 An
561 2004 682 2060 haec
716 2021 834 2059 una
863 2004 921 2058 in
951 2004 1098 2058 duas
1114 2002 1303 2058 divisa
1333 2004 1447 2071 sit;
1481 2001 1568 2058 vel
1597 2020 1726 2059 vere
1758 2004 1928 2059 binas

277 2091 602 2164 scripserit,
636 2092 777 2147 mihi
814 2109 929 2148 non
950 2091 1154 2162 liquet.

346 2188 726 2261 Paraphrasis
757 2191 817 2245 in
851 2192 1069 2246 Homeri
1098 2188 1298 2255 Iliada,
1320 2188 1500 2245 soluto
1524 2190 1578 2260 (ο
1605 2189 1661 2261 h)
1682 2205 1928 2244 sermone

273 2281 330 2335 P.
368 2278 483 2346 Τὴν
532 2276 649 2332 εἶπὶ
710 2278 894 2350 μηνὶν,
937 2277 982 2330 ὧ
1040 2277 1157 2347 θεὰ,
1211 2280 1307 2330 τοῦ
1366 2277 1485 2330 υἱοῦ
1531 2280 1628 2330 τοῦ
1676 2275 1924 2345 Πηλέως.

274 2369 355 2424 lta
381 2374 609 2437 tamen,
643 2372 709 2423 ut
739 2366 959 2439 singull
990 2383 1193 2423 versus
1224 2367 1470 2422 seorsim
1507 2366 1718 2422 redditi
1782 2367 1924 2421 sint.

274 2458 409 2513 Eam
451 2457 729 2513 habuisse
760 2456 936 2512 etiam
967 2456 1255 2512 Joannem
1278 2456 1601 2528 Oporinum
1636 2455 1927 2511 Busilecn-

273 2564 420 2612 sem,
459 2547 639 2601 tradit
666 2549 977 2602 ϐοεῦσι-ηε·

340 2634 621 2708 Εξήγησις
678 2632 753 2695 εἷς
781 2632 877 2694 τὰς
920 2633 956 2687 ε’
987 2631 1167 2710 φωνὰς
1194 2636 1291 2686 τοῦ
1341 2630 1677 2709 Πορφυρίου.
1741 2637 1916 2703 Expo-

273 2726 398 2780 sitio
436 2726 497 2779 in
528 2726 772 2796 quinque
800 2740 951 2780 voces
986 2723 1287 2795 Porphyrii
1329 2723 1387 2777 P.
1423 2721 1575 2776 Διατί
1624 2718 1924 2795 ἀπροσδιο-

273 2810 495 2885 ρίστως.

343 2901 622 2974 Εξήγησις
653 2898 728 2960 είς
764 2898 860 2960 τὰς
921 2897 1264 2972 Κατηγορίας
1329 2902 1425 2953 τοῦ
1481 2896 1921 2971 Ἀριστοτέλους.

269 2989 549 3062 Expositio
574 2994 636 3045 in
664 2990 1112 3047 Prtedicamenta
1142 2990 1471 3047 Aristotelis.
1515 2991 1573 3044 P.
1607 2992 1722 3042 Τῶν
1782 3008 1925 3061 πρα-

271 3075 525 3152 γμάτων,
554 3077 622 3130 τὰ
654 3078 747 3150 μὲν
780 3080 1052 3132 κοινωνεῖ.

339 3163 670 3220 ΔιδασκαΛία
741 3165 1009 3237 σῦντομος
1082 3164 1170 3219 καὶ
1250 3161 1549 3241 σαφεστᾶτη
1627 3166 1749 3241 περὶ
1809 3169 1916 3220 τῶν

267 3250 394 3309 δέκα
482 3257 834 3329 Κατηγοριῶν
866 3300 879 3325 ,
954 3254 1040 3307 καὶ
1115 3258 1223 3307 τῶν
1281 3251 1617 3327 Προτέσεων,
1657 3255 1746 3307 καὶ
1810 3259 1915 3309 τῶν

267 3342 696 3419 Συλλογισμῶν,
748 3343 871 3418 περὶ
920 3343 993 3396 ὧν
1025 3362 1109 3403 τις
1160 3337 1551 3416 προδιδαχθεὶς
1616 3340 1693 3405 εἰς
1746 3347 1916 3397 πᾶσαν

268 3433 360 3505 μὶν
418 3432 514 3487 καὶ
573 3429 751 3502 ἄλλην
803 3431 1112 3503 ἐπιστήμην
1175 3429 1265 3484 καὶ
1322 3428 1522 3505 τέχνην
1556 3476 1569 3501 ,
1634 3430 1917 3505 ἐξαιρέτως

265 3518 321 3576 δὲ
378 3521 462 3583 εἲς
508 3522 609 3591 τήν
688 3520 945 3596 ῥητορίαν
1025 3522 1135 3594 [49]
1216 3517 1450 3580 εὐκλεῶς
1503 3518 1916 3595 ἐμπορεύσεται.

264 3613 530 3668 Doctrina
575 3610 996 3683 compendiosa,
1051 3619 1102 3666 et
1148 3626 1314 3681 quam
1363 3612 1612 3665 maxime
1648 3610 1916 3676 dilucida,

262 3701 325 3756 de
352 3702 547 3757 decem
599 3699 1070 3763 Praedicamentis,
1120 3698 1597 3769 Propositionibus
1639 3707 1693 3754 et
1732 3698 1917 3770 Syllo-

262 3791 490 3862 gismis,
524 3804 758 3860 quorum
803 3788 1025 3854 notitia,
1077 3789 1235 3858 prius
1293 3786 1498 3854 habita,
1533 3788 1593 3841 in
1624 3788 1919 3857 quamlibet

262 3879 559 3935 scientiam
598 3883 649 3933 et
680 3888 876 3943 artem,
911 3876 1001 3931 sed
1032 3874 1316 3931 rhetorum
1344 3877 1713 3947 potissimum,
1762 3878 1921 3946 facili

264 3968 486 4037 negotio
516 3967 715 4037 cuique
764 3964 949 4020 aditus
999 3964 1227 4034 patebit.
1264 3967 1322 4017 P.
1384 3958 1604 4031 Ἐπειδή
1636 3982 1774 4015 τισιν
1819 3962 1920 4017 οὐκ

263 4050 368 4107 οἷδ’
397 4053 523 4117 ὅθεν
557 4051 727 4107 εἰπεῖν
757 4052 857 4120 τὴν
889 4054 991 4116 τῆς
1019 4048 1384 4121 διαλεκτικῆς.

333 4149 428 4212 Εἷς
514 4150 614 4216 τήν
685 4147 996 4225 Πορφυρὶου
1069 4146 1416 4222 Εἲσαγωγὴν,
1498 4148 1587 4201 καί
1645 4168 1763 4201 τινα
1809 4152 1919 4203 τῶν

262 4236 685 4313 Ἀριστοτέλους
736 4239 1124 4313 Κατηγοριῶν.
1158 4239 1219 4293 In
1269 4236 1730 4292 lntroductionem
1786 4239 1921 4292 Por-

259 4330 477 4400 phyrii,
509 4335 562 4383 et
595 4328 1036 4385 Praedicamenta
1068 4329 1125 4382 A;
1149 4326 1399 4382 istotelis.
1450 4325 1511 4380 P.
1577 4322 1785 4380 Πολλοὶ
1829 4325 1922 4397 μὶν

262 4414 578 4491 πολλαχῶς
604 4419 711 4469 τῶν
746 4414 1013 4491 ἀρχαίων.

330 4506 622 4578 Ἐεήγησις
700 4503 776 4565 εἴς
862 4503 923 4557 τὸ
1016 4501 1140 4578 περὶ
1215 4499 1542 4575 Ἐρμηνείας
1624 4501 1923 4575 Ἀριστοτέ-

2071 570 2439 648 Διαλαμϐάνιι
2470 577 2591 651 περί
2620 576 2961 650 Προτάσεων.

2125 663 2218 725 Εἰς
2265 665 2326 719 τὸ
2377 664 2501 740 περὶ
2563 664 2890 740 Ἑρμηνείας
2937 661 3147 727 ἔνδοσις
3209 664 3489 739 ἐπίτομος.
3549 669 3712 726 Libri

2052 754 2116 809 de
2146 756 2622 827 Interpretatione,
2654 758 3033 826 compendiosa
3062 759 3346 827 evpositio.
3379 757 3437 811 P.
3471 755 3553 812 Τὰ
3583 754 3698 828 εἷ’δη

2049 846 2147 895 τοῦ
2183 840 2352 918 λόγου
2384 844 2540 898 πέντε
2563 843 2654 898 τὸν
2689 842 2940 918 ἀριθμόν.

2124 930 2347 987 Ψελλοῦ
2403 933 2491 987 καὶ
2551 931 2735 987 ἄλλων
2786 932 3023 1007 Σχόλια,
3080 932 3169 987 καὶ
3222 934 3698 1006 Ἀποσημειώσεις

2050 1018 2127 1082 είς
2155 1020 2218 1074 τὸ
2246 1025 2460 1095 πρῶτον
2493 1026 2600 1075 τῶν
2648 1020 2925 1094 προτέρων
2989 1019 3356 1075 Ἀναλυτικῶν
3407 1026 3504 1076 τοῦ
3545 1024 3696 1099 Ἀρι-

2049 1106 2359 1173 στοτέλους.
2411 1111 2593 1166 Psetti
2633 1116 2684 1166 et
2712 1112 2953 1165 aliorum
2983 1111 3199 1167 Scholia
3228 1120 3278 1167 et
3306 1114 3698 1170 Annotationes

2056 1200 2113 1253 in
2140 1202 2384 1270 primum
2413 1203 2661 1271 priorum
2688 1200 3103 1271 Analyticorum
3134 1200 3465 1257 Aristotelis.
3504 1207 3560 1257 P.
3594 1203 3695 1255 Καὶ

2047 1286 2110 1340 τὸ
2142 1284 2364 1341 δέκατον
2391 1282 2610 1363 πρόϐλη
2623 1308 2717 1359 μα.

2118 1375 2401 1451 Ἐξήγησις
2458 1375 2534 1435 εἰς
2592 1377 2652 1429 τὸ
2703 1380 2920 1451 πρῶτον
2952 1375 3043 1430 καὶ
3101 1374 3349 1451 δεύτερον
3408 1382 3516 1432 τῶν
3554 1398 3690 1454 προ-

2041 1464 2210 1538 τέρων
2287 1463 2659 1519 Ἀναλυτικῶν
2715 1462 2811 1518 τοῦ
2871 1464 3319 1539 Ἀριστοτέλους.
3385 1471 3691 1541 Expositio,
3786 1508 3787 1511 η

2042 1555 2103 1609 in
2138 1557 2384 1625 primum
2415 1560 2467 1610 et
2494 1555 2789 1610 secundum
2817 1557 3079 1623 priorum
3116 1556 3532 1627 Analyticorum
3560 1559 3692 1612 Ari-

2040 1643 2272 1700 stotelis.
2310 1650 2367 1700 P.
2401 1645 2485 1697 Ἐν
2518 1648 2597 1715 τῷ
2627 1644 2829 1719 πρώτῳ
2862 1643 3053 1699 εἰπεῖν.

2109 1732 2396 1807 Ἐξήγησις
2423 1733 2499 1793 ei:
2528 1734 2589 1787 τὸ
2621 1738 2836 1807 πρῶτον
2873 1737 2980 1786 τῶν
3030 1733 3263 1807 ὑστέρων
3295 1732 3683 1792 ’Δναλυτικων.

2042 1822 2320 1893 Expositio
2352 1825 2410 1877 in
2441 1824 2687 1893 primum
2715 1825 3087 1893 posteriorum
3120 1824 3559 1895 Analyticorum.
3621 1825 3682 1882 P.

2041 1910 2256 1971 Σκοπός
2291 1909 2431 1964 ἐστιν
2466 1909 2693 1964 ἐνταῦθα
2723 1915 2801 1982 τῷ
2831 1909 3223 1985 Ἀριστοτέλει.

2108 2005 2497 2083 Προλεγόμενα
2546 2008 2621 2070 εἷς
2652 2008 2777 2072 τοὺς
2827 2007 3171 2086 σοφιστικοὺς
3228 2007 3528 2085 Ἐλέγχους
3588 2015 3683 2064 τοῦ

2034 2095 2447 2168 Ἀριστοτέλους
2476 2142 2488 2155 .
2549 2102 2610 2154 1η
2662 2099 2978 2169 saphisticos
3045 2101 3319 2157 Elenchos
3374 2102 3687 2157 Aristotelis

2035 2186 2456 2257 Prologomena.
2509 2188 2632 2241 Ὅτι
2690 2187 2782 2259 μὲν
2817 2187 2843 2240 6
2903 2186 3026 2261 περὶ
3082 2185 3438 2256 Ἀποδείξεως
3495 2187 3682 2263 λόγος.

2038 2274 2098 2328 In
2133 2274 2246 2329 alio
2277 2291 2408 2329 vero
2441 2276 2755 2347 exemplari
2789 2276 2902 2331 ista
2948 2276 3215 2331 Michaeli
3272 2276 3526 2348 Ephesio
3578 2279 3683 2333 tri-

2034 2362 2320 2418 buuntur.

2109 2451 2260 2506 LXX.
2310 2448 2444 2506 Τίνα
2500 2450 2622 2524 περῖ
2683 2449 2955 2523 δαιμόνων
3021 2449 3335 2523 δοξάζουσιν
3390 2453 3679 2524 Ἓλληνες.

2035 2540 2171 2607 Quae
2217 2541 2281 2594 de
2331 2542 2677 2597 Da’monibus
2731 2544 2909 2597 Graeci
2963 2545 3277 2614 opinentur.
3341 2545 3401 2599 P.
3455 2544 3518 2600 Ὀ
3580 2544 3679 2615 μὲν

2033 2628 2301 2699 ἡμέτερος
2385 2627 2552 2702 λόγος
2628 2630 2968 2704 προαιρέσεις
3052 2630 3141 2683 καὶ
3220 2636 3339 2693 τοῖς
3424 2630 3679 2706 ἀγγέλοις

2035 2712 2240 2777 διδούς.
2300 2719 2367 2772 Et
2424 2718 2577 2773 hunc
2612 2724 2749 2789 puto
2806 2736 2936 2775 esse
2976 2719 3223 2775 alterum
3256 2722 3320 2791 (ι)
3352 2721 3568 2777 librum
3603 2724 3675 2777 de

2033 2805 2430 2871 Demonibus,
2463 2823 2531 2861 ex
2578 2823 2692 2878 quo
2740 2807 3037 2863 Marsilius
3071 2808 3357 2880 excerpsit
3409 2826 3494 2877 ea,
3547 2827 3673 2883 quae

2034 2894 2311 2965 leguntur
2359 2894 2564 2950 ultimo
2618 2897 2807 2967 capite
2837 2897 2990 2968 apud
3025 2896 3245 2968 ipsum,
3274 2915 3456 2969 eoque
3488 2898 3675 2971 magis

2034 2983 2217 3038 ducor
2262 2984 2320 3038 in
2374 2984 2524 3040 hanc
2573 2985 2946 3051 sententiam,
3000 2987 3151 3058 quod
3208 2986 3265 3041 in
3308 3004 3433 3043 meo
3479 2988 3676 3044 codice

2034 3072 2235 3127 statim
2270 3077 2399 3142 post
2434 3073 2585 3127 hunc
2615 3077 2949 3130 Tractatum
2980 3075 3253 3146 sequitur
3286 3076 3557 3148 Dialogus
3606 3078 3679 3133 de

2035 3161 2419 3231 daemonibus,
2453 3161 2509 3214 in
2546 3178 2662 3232 quo
2708 3162 3192 3234 interloquuntur
3237 3164 3589 3220 Timotheus
3620 3170 3678 3221 et

2037 3250 2252 3313 Thrax,
2311 3250 2382 3304 de
2441 3266 2555 3321 quo
2613 3251 2884 3322 superius
2941 3252 2997 3305 in
3058 3252 3223 3307 libris
3273 3253 3445 3309 editis
3503 3253 3677 3309 Pselli

2028 3339 2278 3408 egimus.

2099 3423 2191 3486 Εἰς
2220 3426 2319 3493 τήν
2369 3424 2718 3499 Ψυχογονίαν
2778 3429 2874 3480 τοῦ
2925 3424 3241 3488 Πλάτωνος.
3278 3431 3350 3485 De
3376 3432 3549 3485 animi
3576 3447 3673 3499 ge-

2026 3518 2320 3571 neratione
2349 3517 2494 3586 apud
2522 3518 2828 3572 Platonem.
2865 3517 2923 3571 P.
2946 3516 3015 3570 Τὸ
3051 3517 3144 3589 μὲν
3179 3515 3473 3591 λεγόμενον
3504 3516 3669 3587 ἐστιν,

2027 3602 2109 3656 ὅτι
2140 3602 2200 3656 οὐ
2236 3601 2429 3674 μάτην.

2097 3694 2207 3764 [50]
2242 3693 2424 3748 Locus
2454 3709 2523 3748 ex
2553 3694 2837 3766 Physicis,
2866 3696 2937 3751 de
2995 3696 3195 3751 anima
3249 3700 3306 3751 et
3361 3701 3554 3753 mente
3604 3698 3666 3752 P.

2026 3783 2172 3842 Νοῦς
2202 3779 2340 3832 ἐστιν
2372 3777 2479 3849 ἕξις
2511 3783 2714 3856 ψυχῆς.

2102 3867 2231 3944 Περὶ
2280 3872 2484 3943 ψυχῆς.
2552 3874 2725 3927 Varia
2780 3875 3113 3944 quaestiones
3165 3874 3238 3929 de
3299 3876 3489 3930 anima
3525 3916 3537 3928 .
3615 3880 3675 3931 P.

2026 3956 2209 4032 Νοερὰ
2253 3958 2347 4030 μὶν
2381 3956 2471 4011 οῦν
2501 3961 2535 4027 ἡ
2568 3960 2747 4033 ψυχὴ,
2778 3956 2987 4033 νοερός.

2099 4054 2228 4130 Περὶ
2259 4059 2362 4108 τῶν
2393 4056 2548 4110 πέντε
2579 4053 2858 4127 δυνάμεων
2889 4064 2989 4127 τῆς
3038 4060 3244 4133 ψυχῆς.
3312 4065 3394 4116 De
3443 4063 3684 4134 quinque

2026 4148 2392 4217 facultatibus
2423 4142 2649 4206 animw.
2693 4150 2749 4204 Ρ.
2800 4152 2939 4209 Νοῦς
2971 4148 3065 4221 μέν
3099 4147 3238 4203 ἐστιν
3271 4150 3299 4203 ὁ
3330 4150 3519 4214 Θεόθεν
3548 4150 3685 4205 κατὰ

2033 4233 2189 4312 φύσιν
2219 4234 2562 4308 κινούμενος.

2103 4324 2231 4399 Περὶ
2262 4327 2362 4392 τῆς
2411 4327 2601 4399 χώρας
2649 4332 2748 4394 τῆς
2785 4331 2908 4401 γῆς.
2959 4329 3033 4383 De
3080 4329 3191 4383 situ
3240 4337 3425 4396 terrae,
3477 4331 3679 4402 ﬁgura,

2030 4420 2083 4469 et
2114 4415 2514 4485 magnitudine.
2585 4416 2645 4470 P.
2706 4415 2768 4470 Ἥ
2827 4420 2896 4490 γῆ
2956 4415 3055 4483 τὴν
3120 4416 3291 4488 μέσην
3321 4422 3418 4471 τοῦ
3478 4419 3680 4479 παντὸς

2034 4499 2204 4576 ἔλαχε
2248 4502 2454 4577 χώραν.
2506 4504 2628 4559 Non
2682 4521 2774 4560 me
2828 4504 2969 4560 latet
3002 4510 3218 4577 tamen,
3271 4507 3328 4561 in
3385 4508 3499 4563 alio
3558 4525 3682 4563 ma-

260 4615 391 4656 κους
451 4598 512 4651 In
544 4595 853 4649 Aristotelis
885 4594 1114 4658 librum,
1148 4592 1212 4647 de
1251 4592 1725 4663 lnterpretatione,
1760 4608 1895 4661 ειτρο
1960 4590 2002 4653 D
2035 4592 2339 4664 nuscripto
2394 4592 2745 4664 opusculum
2811 4594 2919 4649 hoc
2971 4594 3297 4667 Nicephoro
3344 4595 3684 4653 Blemmidaz

261 4687 410 4742 sitio.
440 4686 499 4740 P'
533 4683 595 4738 Ὀ
634 4681 835 4742 σκοπὸς
856 4684 951 4734 τοῦ
983 4679 1111 4756 περὶ
1144 4678 1474 4754 Ἑρμηνείας
1506 4679 1616 4734 ἐστῖ
1650 4676 1926 4734 διαλαϐεῖν

260 4771 382 4847 περὶ
415 4767 763 4845 Προτᾶίσεων,
798 4770 1031 4826 diversa
1060 4771 1133 4826 ab
1184 4770 1367 4838 edita,
1422 4771 1924 4842 quemadmodum

262 4867 319 4916 et
348 4865 687 4932 sequentes.

334 4949 623 5023 Ἐξήγησις
656 4946 734 5008 εἷς
764 4947 826 5001 τὸ
860 4947 982 5021 περὶ
1016 4946 1344 5021 Ἐρμηνείας
1391 4945 1828 5022 Ἀριστοτέλους.
1862 4950 1921 5003 In

260 5038 577 5093 Aristotelis
636 5038 845 5092 librum
893 5036 957 5092 de
1009 5038 1491 5109 Interpretatione,
1537 5038 1825 5109 expositio.
1864 5042 1915 5091 P.

258 5124 462 5180 ΘέσΟαι
483 5125 571 5179 νῦν
603 5124 718 5179 ἀντὶ
748 5128 845 5179 τοῦ
879 5122 1183 5197 ὁρίσασθαι.
1302 5122 1310 5128 ’

342 5211 568 5286 ἑῦνοψις
617 5212 708 5266 καὶ
767 5208 1100 5287 μετᾶφρασις
1160 5210 1461 5290 σαφεστᾶνη
1502 5218 1601 5280 τῆς
1676 5210 1924 5267 διδασκα-

258 5299 384 5363 λίας
415 5305 512 5355 τοῦ
561 5302 683 5377 περὶ
735 5301 1087 5374 Ἑρμηνείας·
1150 5304 1411 5376 Synopsis
1460 5311 1514 5359 et
1569 5304 1923 5376 Metaphrasis

2032 4681 2236 4737 tribui.

2101 4768 2239 4823 Πότε
2313 4767 2553 4825 ἐκλείπει
2633 4773 2660 4825 6
2740 4770 2929 4845 ἥλιος,
3006 4773 3091 4828 καὶ
3166 4770 3297 4827 πότε
3352 4774 3387 4842 ἡ
3448 4770 3679 4845 σελήνη,

2030 4859 2118 4912 καὶ
2182 4862 2297 4919 πῶς
2366 4860 2463 4927 τὴν
2529 4858 2770 4933 ἐκλιιψιν
2822 4860 3143 4938 ἀμφοτέρων
3201 4855 3487 4934 συμϐαίνει
3536 4860 3681 4937 γίνε-

2031 4958 2173 5011 σθαι.
2218 4950 2443 5017 Quando
2472 4950 2653 5020 deﬁcit
2687 4950 2789 5020 sol,
2822 4956 2876 5006 et
2901 4952 3123 5023 quando
3147 4950 3305 5021 luna,
3337 4954 3386 5007 et
3415 4952 3681 5025 quomodo

2030 5040 2313 5110 utriusqae
2340 5038 2582 5110 defectus
2610 5042 2915 5111 contingat.
2950 5046 3003 5095 P.
3038 5038 3102 5096 Εἰ
3138 5039 3233 5112 μὶν
3265 5038 3393 5101 τοὺς
3442 5040 3679 5117 τρόπους

2029 5124 2231 5201 ἐρωτᾷς
2257 5130 2365 5179 τῶν
2397 5125 2711 5200 ἐκλείψεων.

2103 5214 2230 5289 Περὶ
2262 5214 2513 5281 Θυτικῆς.
2551 5219 2623 5272 De
2650 5218 3006 5288 sacriﬁcandi
3035 5220 3268 5276 ratione.
3318 5223 3380 5275 P.
3416 5218 3545 5292 Περὶ
3576 5226 3677 5291 τῆς

2030 5310 2264 5372 Θυτικῆς
2296 5302 2602 5377 ἐπιστήμης
2631 5304 2892 5375 ἠξίωσας.

1867 5509 2075 5565 ΝΟΤΕ

338 5659 488 5733 (g-h)
520 5660 802 5719 Versibus
834 5658 1108 5734 politiois.

571 5790 833 5850 PATROL.
885 5788 995 5850 Gs.
1048 5788 1286 5849 CXXII.

2097 5661 2163 5736 (ί)
2195 5661 2335 5721 Vide
2363 5679 2564 5738 supra,
2596 5668 2625 5736 §
2654 5666 2743 5740 39,
2774 5682 2832 5741 p.
2862 5667 2952 5725 28.
