4046 6144
317 335 440 394 523

1705 321 1990 384 LEONIS
2036 320 2353 385 ALLATII

3619 331 3742 389 524

395 466 527 542 Περὶ
601 465 962 543 χρυσοποιίας
1023 464 1158 540 πρὸς
1233 465 1326 520 τὸν
1410 460 1757 538 πατριάρχην
1815 459 1966 530 κῦριν

2101 459 2302 514 mentis
2333 460 2642 533 celebrem,
2701 465 2964 537 artisque
2994 462 3268 520 exercitio
3323 462 3621 519 eruditum
3655 463 3740 517 in-

330 555 591 634 Μιχαήλ.
627 563 705 614 De
732 559 863 612 auri
910 556 1249 628 conﬁciendi
1278 556 1515 615 ratione;
1548 553 1621 607 ad
1653 555 1722 605 D.
1755 547 1981 603 Michae-

335 651 442 705 lem
472 647 874 719 patriarcham.
907 647 968 701 P.
1022 645 1206 720 Ὁρᾷς,
1267 643 1294 697 ὁ
1335 643 1466 715 ἐμὸς
1516 637 1802 707 δεσπότης,
1835 637 1864 690 ὃ
1917 655 1982 706 με

334 741 534 806 ποιεῖς,
584 737 618 804 ἠ
669 742 770 805 τῆς
810 733 950 806 ἐμῆς
1000 736 1185 808 ψυχῆς
1209 731 1474 807 τυραννίς.
1529 731 1674 785 Vide
1713 744 1894 799 supra
1924 727 1982 779 in

339 826 537 895 editis,
564 825 593 897 §
621 826 711 879 38.

414 912 543 987 Περὶ
576 916 875 990 Σφυγμῶν.
908 917 985 969 De
1013 912 1296 967 Pulsibus.
1348 911 1409 966 P.
1442 909 1599 965 ’Ήκω
1648 903 1714 976 δή
1759 925 1846 960 σοι
1893 902 1985 958 καὶ

338 1003 400 1058 τὸ
431 1003 554 1078 περὶ
586 1009 736 1079 Σφυγ
745 1006 882 1074 μῶν.

413 1093 616 1161 Ἀποση
629 1090 851 1163 μείωσις
880 1090 1298 1164 Πυρεττώντων,
1331 1090 1469 1145 Nota
1491 1088 1563 1144 de
1589 1084 1982 1143 Febrientz‘bus.

341 1187 398 1238 Ρ,
432 1180 495 1234 El
526 1177 816 1249 κατεκλίθη
852 1180 880 1233 6
913 1183 1083 1233 νοσῶν
1117 1177 1168 1232 ἐν
1201 1177 1372 1252 ἀρχῇ.

412 1270 600 1325 LXXI.
651 1268 909 1334 Ἰατρικὸν
968 1267 1104 1341 πρὸς
1155 1269 1554 1321 Κωνσταντῖνον
1620 1264 1712 1317 τὸν
1768 1267 1986 1336 Πορφυ-

337 1357 676 1432 ρογέννητον.
737 1356 1160 1414 Medicinalead
1209 1357 1632 1412 Constantinum
1669 1353 1984 1423 Porphyro-

334 1453 649 1519 gennelam.
722 1446 783 1501 P.
844 1444 952 1506 Τὰς
1027 1443 1459 1520 προσταχθείσας
1522 1441 1787 1514 ἐπιτομάς
1839 1439 1986 1510 παρὰ

333 1541 435 1603 τῆς
467 1540 565 1604 σῆς
599 1532 902 1603 θειότητος,
935 1535 1244 1590 Tractalus
1278 1531 1542 1605 prommii
1576 1531 1718 1586 mihi
1755 1529 1982 1601 copiam

334 1625 493 1694 fecit,
525 1624 612 1678 vir
637 1621 974 1696 τετράγωνος
1035 1622 1315 1678 Melchior
1371 1620 1655 1686 Inchol'er,
1720 1619 1987 1674 Messana

335 1713 506 1768 delati
536 1732 549 1780 ;
584 1711 954 1783 ipsum,quia
985 1712 1175 1766 adhuc
1209 1711 1494 1766 ineditum
1527 1713 1708 1780 est,ut
1741 1707 1982 1762 modum

2092 545 2263 615 nuit),
2314 553 2628 606 tractatum
2661 551 2831 608 illum
2878 553 3250 625 conscripsit,
3290 553 3418 622 jam
3482 551 3738 607 Psellum

2097 632 2248 690 ultra
2292 643 2525 694 centum
2580 645 2639 696 et
2685 642 3078 713 quadraginta
3134 657 3321 696 annos
3374 641 3609 707 vixisse,
3667 641 3740 695 ad

2094 724 2251 779 hunc
2285 727 2433 783 diem
2468 729 3152 796 inauditum,dicendum
3182 734 3293 785 est.
3317 731 3507 795 Quare
3538 728 3624 784 vel
3646 729 3746 784 hic

2093 811 2319 868 Psellus
2351 814 2502 871 alius
2532 821 2622 872 est
2650 834 2680 872 a
2713 817 3012 873 Michaelis
3042 817 3211 873 Ducas
3245 822 3620 890 praeceptore,
3653 815 3743 872 vel

2093 900 2320 957 Psellus
2351 905 2590 960 omnino
2623 922 2740 961 non
2780 910 2889 962 est.

2167 990 2375 1047 LXXII.
2437 989 2767 1047 Διδασκαλίαι
2823 989 3142 1062 παντοδαπή
3203 994 3314 1066 (j),
3374 992 3466 1048 καὶ
3526 993 3740 1054 πάντως

2093 1077 2490 1152 ἀναγκαιοτάτη
2550 1081 2602 1136 ἐν
2663 1082 2848 1136 ἑκατὸν
2905 1080 3225 1153 ἐνενήκοντα
3271 1083 3407 1156 πρὸς
3459 1087 3575 1143 τοῖς
3623 1083 3747 1136 τέσ-

2095 1187 2251 1240 σαρσι
2307 1168 2624 1245 κεφαλαίοις
2678 1169 3026 1245 θεωρουμένη
3057 1213 3071 1239 ,
3123 1173 3303 1246 χωρὶς
3357 1174 3464 1226 τῶν
3516 1167 3745 1246 σχεδια-

2095 1257 2326 1310 σθέντων
2385 1257 2578 1333 ἐτέρων
2639 1255 2911 1336 διαφόρων
2964 1257 3142 1334 λόγων
3199 1259 3290 1313 καὶ
3345 1252 3548 1334 στίχων
3603 1259 3742 1331 πρὸς

2095 1341 2387 1422 διαφόρους
2468 1347 2772 1418 ὑποθέσεις,
2847 1345 3116 1410 ἐκτεθεῖσα
3181 1346 3318 1421 πρὸς
3375 1348 3469 1402 τὸν
3529 1343 3746 1403 εὐσεϐέ-

2095 1454 2283 1488 στατον
2358 1434 2448 1489 καὶ
2509 1432 2760 1510 ἀοίδιμον
2835 1433 3063 1512 βασιλέα
3133 1435 3287 1511 κύριν
3357 1434 3592 1511 Μιχαὴλ
3649 1437 3751 1492 τὸν

2095 1527 2297 1576 Λοῦκαν
2355 1522 2726 1601 αὐτοκράτορα
2782 1525 3066 1602 γεγονότα.
3127 1527 3385 1582 Doctrina
3415 1529 3748 1598 omni/aria,

2093 1616 2143 1669 et
2171 1615 2393 1670 omnino
2422 1618 2735 1672 necessaria
2771 1620 2993 1672 centum
3021 1617 3330 1687 nonaginta
3360 1621 3598 1688 quatuor
3646 1633 3743 1672 ca-

2092 1704 2299 1775 pitibus
2346 1707 2756 1776 comprehensa,
2790 1710 2998 1777 praeter
3024 1706 3168 1761 alios
3203 1706 3390 1761 varios
3439 1705 3747 1772 discursus,

337 1803 508 1859 etiam
549 1800 855 1857 tractionis
885 1800 1124 1869 habeas,
1159 1799 1252 1854 hic
1313 1814 1602 1870 apponam
1628 1813 1640 1850 :
1676 1793 1785 1855 Τὰς
1813 1813 1981 1867 προσ·
2016 1819 2066 1886 Β
2095 1799 2148 1849 et
2175 1795 2428 1848 carmina
2455 1811 2525 1850 ex
2552 1799 2791 1866 tempore
2827 1795 3042 1850 dictata
3071 1793 3141 1850 ad
3181 1804 3516 1865 argumenta
3542 1797 3705 1850 varia
3732 1816 3752 1857 .-

335 1887 628 1964 ταχθείσας
701 1886 972 1959 ὲπιτομάς
1030 1887 1175 1961 παρὰ
1227 1888 1324 1955 τῆς
1385 1891 1484 1954 σῆς
1545 1883 1857 1954 θειότητος,
1931 1880 1990 1936 ἐκ

337 1981 475 2032 Θεοῦ
534 1976 910 2052 αὐτοκράτωρ,
972 1975 1097 2049 περὶ
1154 1981 1254 2043 τῆς
1310 1977 1418 2028 τῶν
1480 1973 1737 2048 ἰατρικῶν
1779 1983 1988 2046 θεωρη-

341 2068 522 2138 μάτων
606 2071 926 2140 συναγωγῆς
1008 2057 1238 2118 ἔσπευσα
1311 2065 1447 2118 κατὰ
1504 2065 1565 2116 τὸ
1621 2059 1844 2115 δυνατὸν
1904 2057 1992 2114 διὰ

335 2153 631 2226 συντομίας
683 2154 823 2226 ὁμοῦ
871 2152 961 2206 καὶ
1014 2152 1304 2223 σαφηνείας
1351 2156 1522 2205 πᾶσαν
1580 2152 1680 2219 τὴν
1741 2150 1990 2222 ἰατρικὴν

334 2242 604 2312 ἐπελθεῖν,
659 2240 828 2314 μηδὲν
872 2242 1009 2296 κατὰ
1041 2239 1270 2314 δύναμιν
1313 2245 1422 2295 τῶν
1479 2239 1783 2314 ἀναγκαίων
1832 2240 1993 2314 ὑπερ·

331 2337 483 2405 ορᾷν,
541 2329 770 2386 ἕκαστον
834 2329 1120 2402 ἐκθέμενος
1179 2333 1287 2384 τῶν
1344 2329 1710 2402 παθημάτων,
1769 2332 1991 2402 πρῶτον

335 2421 428 2492 μὲν
486 2421 582 2481 τὰς
644 2419 817 2480 αἰτίας
873 2417 1229 2492 ὑπαγορεύων
1293 2422 1520 2494 σαφῶς,
1591 2415 1837 2492 δεύτερον
1899 2418 1992 2478 τας

337 2509 672 2580 σημειώσεις
728 2506 796 2562 δι’
851 2509 924 2562 ῶν
988 2505 1190 2581 ῥᾳδίως
1235 2509 1667 2580 γνωσθήσονται,
1731 2507 1824 2570 εἶθ’
1878 2507 2001 2576 ἑξῆς

337 2598 439 2665 τὴν
493 2596 801 2672 θεραπείαν,
862 2593 932 2650 δι’
986 2597 1052 2663 ἣν
1108 2595 1284 2650 πάντα
1339 2595 1475 2649 κατά
1498 2595 1698 2669 τέχνην
1734 2593 2000 2668 θεραπεύ-

349 2705 540 2757 σομεν,
600 2685 864 2760 πρότερον
934 2683 1039 2737 ἀπὸ
1098 2683 1343 2756 κεφαλῆς
1401 2684 1733 2756 ἀρξάμενοι,
1796 2683 1884 2738 διά
1939 2684 2001 2737 τὸ

354 2773 526 2827 ἐκεῖσε
558 2770 830 2848 ἱδρύεσθαι
860 2773 924 2827 τὸ
968 2773 1113 2847 ἱερὸν
1154 2778 1254 2840 τῆς
1306 2769 1538 2845 λογικῆς
1591 2777 1795 2846 ψυχῆς.
1844 2776 2006 2830 Iussu.

357 2869 450 2918 tuo
481 2863 641 2930 mihi,
676 2863 1024 2918 divinissime
1047 2865 1366 2933 imperator,
1388 2864 1714 2934 compendia
1744 2865 1811 2919 de
1842 2866 2006 2920 Medi-

364 2952 644 3006 tationum
673 2950 1012 3006 medicamm
1057 2950 1380 3007 collectione
1406 2951 1762 3024 demandata,
1793 2971 1891 3026 pro
1921 2955 2006 3008 vi-

365 3041 517 3095 rium
547 3056 790 3096 mearum
823 3040 1059 3110 modulo,
1091 3040 1465 3111 compendiose
1503 3050 1662 3113 atque
1707 3045 2008 3115 perspicue,

360 3145 581 3184 omnem
617 3129 913 3188 medicinae
955 3130 1283 3200 facultatem
1311 3146 1655 3201 percurrens,
1687 3133 2012 3204 nullumque

361 3233 432 3274 ea:
472 3219 798 3274 necessariis
839 3219 1142 3290 negligens,
1187 3219 1285 3275 sed
1332 3221 1617 3275 universos
1663 3222 1882 3276 morbos
1909 3237 2006 3276 ea:-

353 3323 580 3378 ponens,
630 3308 911 3364 absolvere
959 3310 1116 3364 nisus
1153 3325 1294 3363 sum.
1342 3311 1599 3364 Primum
1627 3312 1777 3364 enim
1806 3327 2007 3366 causas

352 3400 542 3467 aperte
553 3398 783 3453 enuntio
797 3416 822 3463 ,ο
838 3397 1198 3468 secundo,per
1218 3414 1353 3468 quas
1368 3413 1478 3452 non
1490 3399 1682 3469 di/ﬁcu
1691 3399 1795 3454 lter
1813 3399 2004 3470 digno-

347 3488 592 3552 scentur,
620 3490 810 3548 notas;
841 3485 1064 3540 tandem
1093 3487 1300 3554 media,
1350 3502 1447 3558 per
1477 3504 1595 3557 qum
1643 3487 1755 3560 [51]
1817 3490 2004 3544 omnia

344 3575 644 3643 artiﬁciose
684 3574 1030 3630 curabimus.
1071 3575 1236 3630 Prius
1283 3591 1315 3628 a
1365 3577 1564 3646 capite,
1623 3577 1765 3646 quod
1825 3578 1887 3631 in
1941 3593 2001 3633 eo

342 3677 500 3717 sacra
528 3678 659 3732 pars
687 3663 893 3717 animm
924 3663 1217 3718 rationalis
1273 3663 1571 3732 inhaereat,
1621 3665 1997 3721 exordiamur.

350 3751 430 3804 Ex
487 3765 682 3823 ungue
729 3749 980 3820 leonem,
1041 3759 1094 3808 et
1125 3768 1193 3807 ex
1224 3751 1332 3806 hoc
1383 3752 1542 3808 disce
1572 3761 1797 3810 caatera.
1831 3755 2000 3811 Liber

344 3844 543 3895 tamen
577 3839 1044 3895 contemnendus
1067 3857 1182 3896 non
1214 3845 1324 3910 est,
1357 3843 1459 3896 sed
1494 3858 1645 3914 saepe
1677 3859 1785 3899 sua
1814 3843 1998 3899 brevi-

349 3932 466 3983 tate
496 3927 884 3998 expeditus,et
915 3928 1189 3984 remediis
1220 3947 1253 3985 a
1284 3931 1717 4002 probatissimis
1749 3932 1996 4005 scripto-

341 4015 517 4072 rebus
547 4015 787 4071 delectis
810 4016 1300 4088 transcriptisque
1331 4022 1388 4074 et
1421 4019 1686 4091 populari
1717 4020 1993 4093 loquendi

338 4105 531 4159 forma
561 4105 878 4175 proﬁcuus.
917 4105 1091 4160 Pselli
1141 4111 1338 4162 tamen
1380 4112 1681 4180 utcunque
1713 4127 1827 4164 non
1878 4116 1988 4166 est.

331 4192 530 4263 Neque
559 4193 716 4248 enim
751 4194 809 4248 in
844 4195 1090 4250 dicendo
1124 4195 1532 4264 acrimoniam,
1569 4214 1672 4253 nec
1705 4199 1762 4252 in
1797 4216 1857 4254 re
1888 4216 1982 4255 ex-

333 4281 621 4352 pedienda
670 4281 969 4338 solertiam
1021 4284 1373 4340 Psellianam
1423 4303 1539 4357 prae
1581 4303 1643 4341 se
1686 4287 1815 4342 fert.
1872 4289 1987 4344 Nec

328 4370 551 4441 patitur
613 4370 670 4425 id
731 4371 1072 4442 imperator,
1134 4372 1229 4428 cui
1286 4378 1571 4429 tractatus
1621 4375 1982 4431 inscribitur.

323 4456 454 4512 Sive
484 4456 641 4512 enim
688 4456 1154 4514 Constantinum
1213 4460 1828 4534 Porphyrogennetam
1863 4466 1981 4536 pri-

2098 1881 2168 1936 ad
2220 1884 2536 1954 piissimum
2584 1891 2635 1939 et
2697 1884 2965 1940 celebrem
3021 1885 3417 1955 imperatorem
3464 1883 3750 1939 dominum

2098 1971 2416 2027 Michaelem
2445 1973 2671 2027 Ducam.
2705 1977 2768 2027 P.
2801 1969 3048 2026 Πιστεύω
3102 1971 3177 2033 εἷς
3225 1967 3316 2025 ἕνα
3367 1971 3578 2046 Πατέρα
3634 1977 3752 2028 τῶν

2099 2059 2313 2114 πάντων
2347 2058 2550 2136 ἀρχήν.
2583 2061 2804 2133 Capita,
2839 2079 2966 2134 qua:
2997 2061 3055 2116 in
3088 2078 3157 2116 ea
3187 2064 3582 2128 continentur,
3615 2066 3761 2117 sunt

2105 2150 2450 2221 sequentia:
2514 2150 2578 2207 α’.
2625 2148 2756 2221 Περὶ
2797 2147 3079 2221 ὀνομάτων
3128 2147 3645 2224 τινῶνολεγομένων
3702 2147 3757 2203 ἐν

2101 2241 2180 2309 τῷ
2233 2241 2341 2292 τῶν
2397 2239 2730 2312 Χριστιανῶν
2778 2234 3034 2312 δόγματι.
3091 2238 3158 2312 β’.
3234 2238 3361 2313 Περὶ
3415 2238 3604 2299 οὐσίας
3660 2237 3754 2292 καὶ

2107 2326 2355 2403 φύσεως·
2413 2328 2499 2401 γ’.
2576 2327 2705 2402 Περὶ
2749 2325 3164 2383 ἐνυποστάτων.
3227 2324 3286 2381 δ’.
3348 2327 3478 2401 Περὶ
3549 2327 3756 2399 ὁμοου-

2108 2414 2246 2470 σίου.
2307 2417 2364 2472 ε’.
2437 2415 2568 2490 Περὶ
2642 2416 3080 2487 ὁμοῦποστάτου.
3143 2417 3206 2478 ς’.
3269 2414 3397 2491 Περὶ
3449 2415 3754 2470 ἐνυποστάο

2110 2523 2283 2560 σεων.
2346 2506 2405 2572 ζ’.
2476 2505 2604 2579 Περὶ
2666 2500 2967 2565 οὐσιώδους
3021 2503 3264 2567 ἑνώσεως
3317 2503 3407 2558 καὶ
3465 2501 3754 2581 διαφορᾶς.

2109 2593 2204 2662 η’,
2267 2594 2345 2657 θ’.
2421 2594 2550 2668 Περὶ
2621 2594 2989 2662 ὑποστατικῆς
3038 2591 3280 2655 ένώσεως
3323 2593 3414 2647 καὶ
3468 2590 3751 2671 διαφορᾶς.

2116 2682 2166 2748 ι’,
2203 2688 2286 2736 ια’.
2321 2682 2448 2756 Περὶ
2478 2688 2578 2750 τῆς
2624 2681 2774 2757 ἁγίας
2831 2678 3082 2754 Τριάδος.
3120 2682 3206 2755 ιβ’·
3263 2679 3395 2757 Περί
3423 2686 3519 2736 τοῦ
3549 2681 3756 2754 τρόπου

2111 2776 2211 2838 τῆς
2243 2768 2586 2833 ἀντιδόσεως.
2617 2778 2697 2845 ιγ’.
2756 2771 2885 2845 Περὶ
2915 2777 3014 2840 τῆς
3041 2769 3186 2833 θείας
3221 2768 3484 2832 ἐνώσεως.
3519 2768 3602 2826 ιδ’.
3627 2771 3757 2846 Περὶ

2116 2858 2322 2938 φύσεως
2355 2859 2612 2922 ἀπαθοῦς.
2650 2860 2728 2914 ιε’.
2784 2859 2874 2922 Τίς
2931 2860 2958 2913 ὁ
3001 2857 3148 2920 Θεός.
3205 2860 3288 2923 ις’.
3332 2859 3394 2915 Εἰ
3425 2857 3644 2934 ἄπειρον
3692 2858 3761 2914 τά

2117 2953 2272 3003 Θεῖον
2301 2949 2388 3002 καὶ
2422 2953 2537 3010 πῶς
2569 2949 2811 3023 ἄπειρον.
2845 2948 2925 3016 ιζ’.
2953 2951 3075 3009 Πῶς
3108 2944 3246 3001 οἶδεν
3280 2948 3308 3001 6
3340 2947 3470 3010 Θεὸς
3498 2948 3566 3002 τὰ.
3599 2969 3761 3020 μεταέ

2123 3035 2440 3112 βαλλόμενα
2485 3038 2800 3112 πράγματα.
2856 3038 2926 3106 ιη’
2969 3036 3102 3092 Ἀπὸ
3150 3035 3313 3091 ποίου
3357 3037 3578 3111 πρώτου
3611 3058 3759 3092 στοι-

2198 3126 2208 3146 ι
2315 3124 2340 3144 τι
2383 3127 2404 3152 ν
2575 3127 2588 3143 κ
3020 3130 3042 3140 υ
3260 3121 3272 3143 r
3411 3127 3422 3140 ο
3542 3125 3555 3142 ι
3677 3120 3700 3141 νο

2121 3147 2274 3201 χειου
2304 3147 2507 3198 ηρςατο
2536 3147 2628 3181 τον
2657 3125 2862 3198 κόσμον
2891 3145 3067 3180 ποιειν
3103 3125 3129 3178 ὁ
3173 3132 3322 3187 Θεος.
3361 3128 3408 3180 ιθ
3429 3169 3441 3182 .
3478 3133 3644 3190 Ποθεν
3675 3147 3758 3180 εν-

2119 3237 2265 3270 νοιαν
2319 3209 2482 3291 ἔσχον
2531 3219 2668 3270 Θεοῦ
2701 3217 2812 3288 [52]
2843 3210 3143 3290 ἄνθρωποι.
3176 3220 3241 3270 κ’.
3284 3215 3510 3289 Πότεροι
3541 3214 3766 3279 πλείους

2117 3308 2170 3361 οἱ
2218 3305 2460 3381 ἄγγελοι,
2577 3307 2628 3360 οἱ
2656 3305 2953 3381 ἅνθρωποι.
2987 3311 3084 3375 κα’,
3124 3305 3230 3380 κβ’,
3263 3307 3363 3381 κγ’,
3393 3303 3495 3374 κδ’,
3526 3307 3622 3377 κε’,
3654 3307 3758 3378 κς’,

2114 3397 2212 3467 κζ’,
2245 3403 2351 3467 κη’,
2381 3398 2477 3452 κθ’.
2508 3395 2636 3470 Περὶ
2667 3399 2781 3450 νοῦ.
2816 3395 2886 3462 Λ’,
2917 3392 3020 3461 λα’,
3055 3393 3166 3467 λβ’,
3195 3393 3298 3468 λγ’,
3352 3391 3454 3466 λδ’,
3504 3393 3599 3463 λε,
3652 3393 3758 3463 λς’,

2116 3483 2217 3553 λζ’.
2251 3482 2360 3554 λη’.
2391 3482 2493 3555 λθ’,
2533 3484 2606 3554 μ’,
2643 3489 2748 3556 μα’,
2785 3483 2900 3558 μβᾏ
2936 3483 3041 3556 μγ’,
3081 3479 3184 3555 μδί
3219 3489 3318 3554 με’,
3353 3489 3460 3555 με,
3496 3489 3597 3555 με.
3625 3483 3757 3558 Περὶ

2111 3576 2318 3647 ψυχῆς.
2364 3574 2480 3646 μη’.
2523 3572 2584 3628 Εἰ
2610 3566 2949 3644 μεταϐάλλοι
2972 3571 3126 3646 ψυχή
3159 3570 3235 3635 εἷς
3265 3569 3519 3646 ἄγγελον.
3554 3575 3652 3629 Αθ’.
3690 3573 3753 3630 El

2108 3662 2346 3738 ἄναρχος
2405 3665 2439 3727 ἡ
2505 3663 2682 3736 ψυχή.
2741 3662 2802 3717 ν’.
2855 3655 3264 3736 Ἀκριϐεστερον
3306 3660 3431 3736 περὶ
3493 3665 3749 3736 ψυχικῶν

2108 3747 2408 3823 δυνάμεων.
2457 3751 2552 3806 να’.
2601 3753 2723 3814 Πῶς
2778 3749 2806 3803 6
2866 3747 3091 3803 Πλάτων
3135 3750 3391 3824 γεννητὴν
3449 3750 3589 3824 ὁμοῦ
3647 3753 3751 3820 τήν

2105 3841 2287 3914 ψυχὴν
2335 3839 2424 3894 καὶ
2481 3839 2740 3894 ἀθάνατον
2802 3837 3172 3915 ἀποφαίνεται.
3230 3840 3330 3914 νβ’.
3395 3839 3563 3909 Τίςὴ
3601 3839 3754 3895 Πλα-

2101 3929 2302 3996 τωνική
2335 3926 2660 4004 ψυχογονία,
2709 3927 2809 4001 νγ’.
2846 3924 2995 3980 Διατί
3047 3929 3081 3995 ἡ
3130 3928 3283 4002 ψυχὴ
3320 3927 3458 3999 μέση
3503 3931 3612 3982 τῶν
3649 3949 3746 4001 με-

2103 4021 2298 4090 ριστῶν
2348 4014 2437 4070 καί
2479 4013 2782 4088 ἀμερίστων
2839 4011 3072 4087 λέγεται.
3127 4011 3225 4068 νδ’.
3285 4013 3445 4069 Ποίαν
3472 4014 3655 4090 ψυχὴν
3727 4015 3756 4068 6

2101 4102 2332 4161 Πλάτων
2384 4103 2434 4157 ἐν
2479 4102 2693 4176 Τιμαίῳ
2734 4105 2932 4177 γεννᾷ.
2987 4102 3096 4156 γε’.
3159 4099 3256 4162 Τίς
3307 4103 3338 4170 ἡ
3397 4108 3498 4171 τῆς
3561 4105 3748 4177 ψυχῆς

2099 4191 2350 4267 δύναμις.
2409 4194 2484 4256 νς’
2519 4235 2532 4248 .
2593 4195 2752 4246 Ποῖαι
2810 4191 2864 4244 αἱ
2919 4196 3017 4258 τῆς
3069 4196 3255 4264 ψυχῆς
3315 4187 3592 4262 δυνάμεις,
3652 4191 3741 4245 καὶ

2098 4282 2256 4344 τίνες.
2310 4283 2408 4350 νζ’.
2468 4281 2536 4338 Τί
2596 4279 2706 4334 ἐστι
2768 4278 2945 4356 φύσις
2997 4279 3101 4347 νη’.
3152 4279 3246 4340 Τίς
3278 4281 3312 4348 ἡ
3353 4276 3613 4353 διαίρεσις
3643 4284 3750 4333 τῶν

2093 4376 2286 4426 κοινῶν
2338 4368 2615 4445 ἐνεργῇῶν
2645 4375 2743 4437 τῆς
2787 4370 2972 4441 ψυχῆς
3004 4366 3140 4439 πρὸς
3165 4370 3227 4421 τδ
3264 4387 3445 4439 σωμα.
3479 4368 3580 4422 νθ’.
3619 4369 3759 4422 Πότε

2092 4463 2127 4530 ἡ
2160 4461 2311 4535 ψυχὴ
2343 4464 2422 4530 τῷ
2452 4456 2733 4530 κυουμένῳ
2773 4455 2979 4510 ἑνοῦται
3013 4456 3248 4528 σώματι.
3295 4456 3352 4527 ξ’.
3417 4459 3538 4516 Πῶς
3597 4455 3751 4510 ἑνοῦ-

325 4561 511 4611 mum,
570 4545 690 4601 sive
739 4549 1089 4618 secundum,
1145 4548 1248 4618 qui
1298 4565 1431 4604 cum
1465 4550 1680 4606 Basilio
1739 4552 1983 4624 imperio

2101 4571 2178 4604 ται
2206 4554 2284 4620 τῷ
2314 4548 2526 4620 σώματι
2567 4548 2600 4614 ἡ
2650 4545 2827 4619 ψυχή.
2862 4543 2956 4613 ξεί.
2993 4542 3126 4616 Περὶ
3157 4546 3255 4615 τῇς
3286 4541 3494 4618 ἀλόγου
3525 4545 3733 4618 ψυχῆς.

323 4634 575 4706 praefuit,
609 4633 928 4707 intelligas,
963 4635 1194 4691 Psellus
1225 4643 1430 4693 auctor
1460 4654 1588 4695 esse
1621 4657 1735 4696 non
1767 4643 1978 4713 potuit,

325 4740 499 4794 quem
535 4723 644 4779 sub
695 4722 941 4794 imperio
985 4725 1171 4779 Alexii
1201 4728 1500 4781 Commeni
1529 4729 1724 4784 vivum
1784 4732 1976 4787 adhuc

322 4811 844 4884 deprehendimus,
897 4811 1012 4867 nisi
1064 4817 1205 4868 tunc
1238 4815 1522 4886 primum,
1553 4822 1610 4873 et
1639 4824 1866 4888 natum,
1919 4826 1976 4876 et

2220 4637 2308 4700 Τίς
2341 4638 2376 4705 ἡ
2423 4633 2714 4710 βούλησις,
2764 4633 2855 4686 καὶ
2897 4629 2976 4691 τίς
3037 4631 3065 4684 ὁ
3118 4631 3413 4706 πρακτικὸς
3459 4631 3747 4705 λογισμός.

2087 4730 2178 4804 ξγ’.
2226 4726 2354 4801 Περὶ
2404 4721 2768 4800 προαιρέσεως
2813 4721 2904 4776 καὶ
2952 4727 3278 4797 προσοχῆς.
3350 4717 3439 4791 ξδ’.
3500 4721 3739 4794 Πότερον

2084 4821 2118 4888 ἡ
2169 4817 2323 4891 ψυχὴ
2360 4814 2543 4869 λύεται
2593 4811 2698 4866 ἀπὸ
2721 4810 2817 4864 τοῦ
2850 4811 3122 4884 σώματος,
3155 4809 3190 4878 ἢ
3221 4809 3284 4863 τὸ
3315 4814 3476 4882 σῶμα
3503 4808 3609 4863 ἀπὸ
3629 4816 3731 4878 τῆς

318 4900 503 4958 libros
532 4904 978 4974 componentem
1007 4901 1195 4958 dicere
1219 4902 1505 4972 velimus;
1541 4913 1599 4961 et
1627 4911 1766 4963 tunc
1796 4911 1972 4966 etiam

2101 4911 2293 4981 μυχῆς.
2357 4904 2455 4973 ξη’,
2515 4905 2636 4962 Πῶς
2672 4900 2951 4974 συνέχεται
2997 4902 3032 4969 ἡ
3084 4900 3239 4973 ψυχὴ
3301 4897 3353 4953 ἐν
3385 4903 3464 4971 τῷ
3494 4898 3731 4970 σώματι.

317 4991 494 5046 vitam
527 4992 654 5061 ejus
704 4991 860 5046 ultra
907 4992 1298 5048 centesimum
1352 5011 1576 5050 annum
1626 4998 1967 5067 productam

315 5080 483 5134 fateri
526 5095 822 5151 cogemur.
876 5081 1039 5146 Quod
1090 5081 1137 5136 si
1191 5081 1435 5154 triginta
1466 5100 1654 5140 annos
1687 5091 1859 5143 natus
1911 5093 1968 5144 et

315 5168 576 5238 amplius
635 5170 701 5223 ad
757 5169 980 5236 minus,
1033 5173 1096 5225 ut
1146 5171 1466 5229 verisimile
1510 5179 1599 5230 est
1645 5175 1963 5245 (auctorem

311 5258 496 5324 enim,
528 5256 771 5313 allatum
803 5258 1106 5316 exordium
1139 5264 1307 5318 aetate
1338 5268 1699 5334 provectum,
1742 5269 1963 5340 experi-

2081 4999 2176 5070 ξς’,
2228 4997 2321 5066 EC,
2354 4995 2454 5065 ξη’,
2488 4993 2559 5064 ξθ¹
2592 4997 2652 5058 ο’,
2689 4996 2787 5059 οα’,
2820 4989 2923 5064 οβ’,
2957 4989 3053 5064 ογ’,
3085 4985 3146 5042 οδ
3194 4989 3290 5056 σε’,
3340 4988 3437 5055 ος’,
3492 4989 3566 5056 οζ’
3627 4993 3733 5057 οη’,

2080 5089 2178 5156 οϐ’,
2230 5087 2303 5152 π’,
2354 5089 2460 5139 πα¹.
2513 5081 2639 5155 Περὶ
2689 5078 2914 5153 ἀρετῶν.
2964 5079 3076 5151 πβ“.
3127 5077 3249 5134 Τίνι
3285 5073 3523 5154 διαφέρει
3577 5076 3724 5150 ἀρχῆ

2074 5176 2168 5232 καὶ
2200 5177 2466 5248 στοιχεῖα.
2497 5171 2607 5244 πγ“.
2644 5169 2772 5240 Περῖ
2803 5171 2909 5221 τῶν
2943 5166 3156 5242 ἀρχῶν,
3188 5165 3240 5220 τί
3269 5165 3392 5238 εἰσι,
3436 5162 3543 5221 πδ’.
3596 5165 3730 5240 Περὶ

2077 5267 2241 5323 ἰδεῶν
2275 5270 2374 5321 πε’,
2411 5259 2540 5334 Περὶ
2571 5253 2871 5332 δαιμόνων,
2903 5255 2992 5310 καὶ
3012 5255 3236 5330 ἡρώων.
3270 5256 3379 5319 πς’.
3416 5254 3544 5330 Περὶ
3575 5252 3748 5323 ὕλης.

1932 5441 1979 5497 Ν
1985 5442 2145 5500 ΟΤίΕ

395 5570 460 5650 (1)
492 5565 900 5650 “statariae
947 5567 1179 5650 aliquot
1205 5574 1400 5646 capita
1447 5576 1641 5633 Grtace
1679 5583 1736 5634 et
1771 5582 1972 5641 Latine

320 5638 595 5714 vulgavit
611 5638 893 5712 Wdagelin
908 5656 997 5711 Ill,
1029 5638 1096 5698 ut
1125 5638 1346 5702 dictum
1381 5651 1470 5704 est
1499 5665 1678 5721 supra
1708 5654 1733 5718 ᾗ
1783 5655 1872 5724 46,
1907 5638 1974 5713 et

2083 5585 2370 5655 integram
2403 5573 2853 5655 communicabo
2883 5589 3017 5630 cum
3051 5571 3265 5630 lectore
3288 5570 3444 5627 infra
3465 5568 3536 5626 ad
3557 5565 3739 5641 hujus

2084 5648 2362 5713 Diat‘ribae
2394 5648 2634 5707 calcem.
