  <div class='ocr_page' id='page_1' title='image "/cluster/home/n/w/nwhite01/storage/ocr_20150623/122 pt.2/mdp.39015037401315/270.png"; bbox 0 0 4046 6144; ppageno 0'>
   <div class='ocr_carea' id='block_1_1' title="bbox 394 363 514 422">
    <p class='ocr_par' dir='ltr' id='par_1_1' title="bbox 394 363 514 422">
     <span class='ocr_line' id='line_1_1' title="bbox 394 363 514 422; baseline -0.017 0"><span class='ocrx_word' id='word_1_1' title='bbox 394 363 514 422; x_wconf 74' lang='grc'>525</span> 
     </span>
    </p>
   </div>
   <div class='ocr_carea' id='block_1_2' title="bbox 1651 340 2560 415">
    <p class='ocr_par' dir='ltr' id='par_1_2' title="bbox 1651 340 2560 415">
     <span class='ocr_line' id='line_1_2' title="bbox 1651 340 2560 415; baseline 0.004 -4"><span class='ocrx_word' id='word_1_2' title='bbox 1651 343 2031 412; x_wconf 78' lang='lat' dir='ltr'>DIATRIBA</span> <span class='ocrx_word' id='word_1_3' title='bbox 2068 340 2170 403; x_wconf 85' lang='lat' dir='ltr'><strong>DE</strong></span> <span class='ocrx_word' id='word_1_4' title='bbox 2214 343 2560 415; x_wconf 81' lang='lat' dir='ltr'>PSELLIS.</span> 
     </span>
    </p>
   </div>
   <div class='ocr_carea' id='block_1_3' title="bbox 3696 357 3816 418">
    <p class='ocr_par' dir='ltr' id='par_1_3' title="bbox 3696 357 3816 418">
     <span class='ocr_line' id='line_1_3' title="bbox 3696 357 3816 418; baseline -0.008 0"><span class='ocrx_word' id='word_1_5' title='bbox 3696 357 3816 418; x_wconf 75' lang='grc'>526</span> 
     </span>
    </p>
   </div>
   <div class='ocr_carea' id='block_1_4' title="bbox 393 475 3818 566">
    <p class='ocr_par' dir='ltr' id='par_1_4' title="bbox 393 475 3818 566">
     <span class='ocr_line' id='line_1_4' title="bbox 393 475 3818 566; baseline 0.001 -25"><span class='ocrx_word' id='word_1_6' title='bbox 393 492 500 560; x_wconf 57' lang='lat' dir='ltr'><strong><em>ecf.</em></strong></span> <span class='ocrx_word' id='word_1_7' title='bbox 565 487 694 563; x_wconf 81' lang='grc' dir='ltr'>Περὶ</span> <span class='ocrx_word' id='word_1_8' title='bbox 753 485 966 542; x_wconf 72' lang='grc' dir='ltr'>αἲτιῶν.</span> <span class='ocrx_word' id='word_1_9' title='bbox 1020 485 1134 554; x_wconf 86' lang='grc' dir='ltr'>πη’,</span> <span class='ocrx_word' id='word_1_10' title='bbox 1198 483 1325 560; x_wconf 82' lang='grc' dir='ltr'>Περὶ</span> <span class='ocrx_word' id='word_1_11' title='bbox 1390 484 1712 558; x_wconf 80' lang='grc' dir='ltr'>σχημάτων.</span> <span class='ocrx_word' id='word_1_12' title='bbox 1763 480 1869 543; x_wconf 88' lang='grc' dir='ltr'>πθ’.</span> <span class='ocrx_word' id='word_1_13' title='bbox 1920 475 2401 552; x_wconf 72' lang='grc' dir='ltr'>ΠερὶΑτῶντῆς</span> <span class='ocrx_word' id='word_1_14' title='bbox 2454 490 2557 558; x_wconf 75' lang='grc' dir='ltr'>γῆς</span> <span class='ocrx_word' id='word_1_15' title='bbox 2617 489 2815 560; x_wconf 82' lang='grc' dir='ltr'>μερῶν.</span> <span class='ocrx_word' id='word_1_16' title='bbox 2851 483 2977 562; x_wconf 83' lang='grc' dir='ltr'>ρξδ’.</span> <span class='ocrx_word' id='word_1_17' title='bbox 3015 487 3144 560; x_wconf 88' lang='grc' dir='ltr'>Περὶ</span> <span class='ocrx_word' id='word_1_18' title='bbox 3199 491 3457 560; x_wconf 83' lang='grc' dir='ltr'>σεισμῶν.</span> <span class='ocrx_word' id='word_1_19' title='bbox 3517 491 3632 564; x_wconf 75' lang='grc' dir='ltr'>ρξε’.</span> <span class='ocrx_word' id='word_1_20' title='bbox 3688 492 3818 566; x_wconf 80' lang='grc' dir='ltr'>Περὶ</span> 
     </span>
    </p>
   </div>
   <div class='ocr_carea' id='block_1_5' title="bbox 394 567 2052 656">
    <p class='ocr_par' dir='ltr' id='par_1_5' title="bbox 394 567 2052 656">
     <span class='ocr_line' id='line_1_5' title="bbox 394 567 2052 656; baseline -0.009 -21"><span class='ocrx_word' id='word_1_21' title='bbox 394 578 735 656; x_wconf 72' lang='grc' dir='ltr'>χρωμάτων.</span> <span class='ocrx_word' id='word_1_22' title='bbox 919 575 1048 650; x_wconf 81' lang='grc' dir='ltr'>Περὶ</span> <span class='ocrx_word' id='word_1_23' title='bbox 1101 573 1298 647; x_wconf 78' lang='grc' dir='ltr'>μίξεως</span> <span class='ocrx_word' id='word_1_24' title='bbox 1349 574 1437 628; x_wconf 80' lang='grc' dir='ltr'>καὶ</span> <span class='ocrx_word' id='word_1_25' title='bbox 1481 572 1746 646; x_wconf 85' lang='grc' dir='ltr'>κράσεως.</span> <span class='ocrx_word' id='word_1_26' title='bbox 1781 570 1882 646; x_wconf 61' lang='grc' dir='ltr'>ιμ’.</span> <span class='ocrx_word' id='word_1_27' title='bbox 1917 567 2052 643; x_wconf 82' lang='grc' dir='ltr'>Περὶ</span> 
     </span>
    </p>
   </div>
   <div class='ocr_carea' id='block_1_6' title="bbox 392 656 2055 747">
    <p class='ocr_par' dir='ltr' id='par_1_6' title="bbox 392 656 2055 747">
     <span class='ocr_line' id='line_1_6' title="bbox 392 656 2055 747; baseline -0.01 -22"><span class='ocrx_word' id='word_1_28' title='bbox 392 668 656 747; x_wconf 86' lang='grc' dir='ltr'>γενέσεως</span> <span class='ocrx_word' id='word_1_29' title='bbox 695 665 785 720; x_wconf 82' lang='grc' dir='ltr'>καὶ</span> <span class='ocrx_word' id='word_1_30' title='bbox 839 666 1059 742; x_wconf 80' lang='grc' dir='ltr'>φθορᾶς.</span> <span class='ocrx_word' id='word_1_31' title='bbox 1094 662 1204 740; x_wconf 50' lang='grc' dir='ltr'>ιβ’.</span> <span class='ocrx_word' id='word_1_32' title='bbox 1249 662 1381 737; x_wconf 85' lang='grc' dir='ltr'>Περὶ</span> <span class='ocrx_word' id='word_1_33' title='bbox 1427 661 1713 735; x_wconf 88' lang='grc' dir='ltr'>σωμάτων.</span> <span class='ocrx_word' id='word_1_34' title='bbox 1767 659 1872 736; x_wconf 46' lang='lat'>&#39;17&#39;.</span> <span class='ocrx_word' id='word_1_35' title='bbox 1926 656 2055 731; x_wconf 82' lang='grc' dir='ltr'>Περὶ</span> 
     </span>
    </p>
   </div>
   <div class='ocr_carea' id='block_1_7' title="bbox 397 748 2054 834">
    <p class='ocr_par' dir='ltr' id='par_1_7' title="bbox 397 748 2054 834">
     <span class='ocr_line' id='line_1_7' title="bbox 397 748 2054 834; baseline -0.009 -20"><span class='ocrx_word' id='word_1_36' title='bbox 397 758 734 834; x_wconf 77' lang='grc' dir='ltr'>ἐλαχίστων.</span> <span class='ocrx_word' id='word_1_37' title='bbox 793 751 895 832; x_wconf 62' lang='grc' dir='ltr'>ιβ’.</span> <span class='ocrx_word' id='word_1_38' title='bbox 951 751 1080 826; x_wconf 80' lang='grc' dir='ltr'>Περὶ</span> <span class='ocrx_word' id='word_1_39' title='bbox 1128 749 1388 828; x_wconf 78' lang='grc' dir='ltr'>διαφορᾶς</span> <span class='ocrx_word' id='word_1_40' title='bbox 1446 751 1719 826; x_wconf 86' lang='grc' dir='ltr'>γνώσεων.</span> <span class='ocrx_word' id='word_1_41' title='bbox 1777 748 1868 825; x_wconf 47' lang='grc' dir='ltr'>[ιε’.</span> <span class='ocrx_word' id='word_1_42' title='bbox 1932 749 2054 808; x_wconf 88' lang='grc' dir='ltr'>Πῶς</span> 
     </span>
    </p>
   </div>
   <div class='ocr_carea' id='block_1_8' title="bbox 402 836 2056 917">
    <p class='ocr_par' dir='ltr' id='par_1_8' title="bbox 402 836 2056 917">
     <span class='ocr_line' id='line_1_8' title="bbox 402 836 2056 917; baseline -0.008 -15"><span class='ocrx_word' id='word_1_43' title='bbox 402 847 504 902; x_wconf 78' lang='grc' dir='ltr'>οὐκ</span> <span class='ocrx_word' id='word_1_44' title='bbox 575 845 658 899; x_wconf 80' lang='grc' dir='ltr'>ἀεὶ</span> <span class='ocrx_word' id='word_1_45' title='bbox 751 841 1054 917; x_wconf 87' lang='grc' dir='ltr'>μετέχομεν</span> <span class='ocrx_word' id='word_1_46' title='bbox 1131 841 1228 896; x_wconf 77' lang='grc' dir='ltr'>τοῦ</span> <span class='ocrx_word' id='word_1_47' title='bbox 1308 844 1440 895; x_wconf 78' lang='grc' dir='ltr'>Θεοῦ</span> <span class='ocrx_word' id='word_1_48' title='bbox 1473 885 1486 908; x_wconf 94' lang='grc'>,</span> <span class='ocrx_word' id='word_1_49' title='bbox 1546 836 1626 894; x_wconf 82' lang='grc' dir='ltr'>ἀεί</span> <span class='ocrx_word' id='word_1_50' title='bbox 1713 838 2056 913; x_wconf 82' lang='grc' dir='ltr'>ἐνεργοῦντος</span> 
     </span>
    </p>
   </div>
   <div class='ocr_carea' id='block_1_9' title="bbox 407 927 2055 1010">
    <p class='ocr_par' dir='ltr' id='par_1_9' title="bbox 407 927 2055 1010">
     <span class='ocr_line' id='line_1_9' title="bbox 407 927 2055 1010; baseline -0.007 -19"><span class='ocrx_word' id='word_1_51' title='bbox 407 935 587 991; x_wconf 72' lang='grc' dir='ltr'>αὑτοῦ.</span> <span class='ocrx_word' id='word_1_52' title='bbox 643 935 746 1010; x_wconf 53' lang='grc' dir='ltr'>ιβ’.</span> <span class='ocrx_word' id='word_1_53' title='bbox 804 931 956 986; x_wconf 89' lang='grc' dir='ltr'>Διατί</span> <span class='ocrx_word' id='word_1_54' title='bbox 1015 928 1163 994; x_wconf 81' lang='grc' dir='ltr'>ὅλως</span> <span class='ocrx_word' id='word_1_55' title='bbox 1236 929 1344 984; x_wconf 85' lang='grc' dir='ltr'>ἐστὶ</span> <span class='ocrx_word' id='word_1_56' title='bbox 1412 929 1475 984; x_wconf 86' lang='grc' dir='ltr'>τὸ</span> <span class='ocrx_word' id='word_1_57' title='bbox 1540 927 1726 984; x_wconf 82' lang='grc' dir='ltr'>κακόν.</span> <span class='ocrx_word' id='word_1_58' title='bbox 1787 927 1889 1004; x_wconf 68' lang='lat' dir='ltr'><strong><em>L_§&#39;.</em></strong></span> <span class='ocrx_word' id='word_1_59' title='bbox 1949 928 2055 982; x_wconf 85' lang='grc' dir='ltr'>Τε-</span> 
     </span>
    </p>
   </div>
   <div class='ocr_carea' id='block_1_10' title="bbox 418 1014 2054 1097">
    <p class='ocr_par' dir='ltr' id='par_1_10' title="bbox 418 1014 2054 1097">
     <span class='ocr_line' id='line_1_10' title="bbox 418 1014 2054 1097; baseline -0.007 -17"><span class='ocrx_word' id='word_1_60' title='bbox 418 1025 676 1096; x_wconf 79' lang='grc' dir='ltr'>Λεώτερον</span> <span class='ocrx_word' id='word_1_61' title='bbox 736 1021 861 1097; x_wconf 86' lang='grc' dir='ltr'>περὶ</span> <span class='ocrx_word' id='word_1_62' title='bbox 917 1023 1014 1075; x_wconf 76' lang='grc' dir='ltr'>τοῦ</span> <span class='ocrx_word' id='word_1_63' title='bbox 1067 1023 1257 1075; x_wconf 77' lang='grc' dir='ltr'>κακοῦ.</span> <span class='ocrx_word' id='word_1_64' title='bbox 1319 1019 1428 1096; x_wconf 40' lang='lat' dir='ltr'><strong><em>L‘In&#39;.</em></strong></span> <span class='ocrx_word' id='word_1_65' title='bbox 1462 1019 1525 1073; x_wconf 82' lang='grc' dir='ltr'>Εἰ</span> <span class='ocrx_word' id='word_1_66' title='bbox 1581 1016 1692 1072; x_wconf 84' lang='grc' dir='ltr'>ἐστι</span> <span class='ocrx_word' id='word_1_67' title='bbox 1748 1037 1799 1070; x_wconf 89' lang='grc' dir='ltr'>τι</span> <span class='ocrx_word' id='word_1_68' title='bbox 1853 1014 1904 1069; x_wconf 85' lang='grc' dir='ltr'>ἐν</span> <span class='ocrx_word' id='word_1_69' title='bbox 1957 1015 2054 1089; x_wconf 85' lang='grc' dir='ltr'>ἆγ-</span> 
     </span>
    </p>
   </div>
   <div class='ocr_carea' id='block_1_11' title="bbox 407 1103 2055 1190">
    <p class='ocr_par' dir='ltr' id='par_1_11' title="bbox 407 1103 2055 1190">
     <span class='ocr_line' id='line_1_11' title="bbox 407 1103 2055 1190; baseline -0.007 -21"><span class='ocrx_word' id='word_1_70' title='bbox 407 1113 593 1190; x_wconf 89' lang='grc' dir='ltr'>γέλοις</span> <span class='ocrx_word' id='word_1_71' title='bbox 624 1110 812 1168; x_wconf 90' lang='grc' dir='ltr'>κακόν.</span> <span class='ocrx_word' id='word_1_72' title='bbox 863 1109 960 1187; x_wconf 47' lang='grc' dir='ltr'>[ιϐ’.</span> <span class='ocrx_word' id='word_1_73' title='bbox 1010 1108 1071 1164; x_wconf 68' lang='lat' dir='ltr'>El</span> <span class='ocrx_word' id='word_1_74' title='bbox 1111 1108 1163 1163; x_wconf 86' lang='grc' dir='ltr'>ἐν</span> <span class='ocrx_word' id='word_1_75' title='bbox 1207 1107 1360 1180; x_wconf 86' lang='grc' dir='ltr'>τόπῳ</span> <span class='ocrx_word' id='word_1_76' title='bbox 1402 1109 1466 1163; x_wconf 87' lang='grc' dir='ltr'>τὸ</span> <span class='ocrx_word' id='word_1_77' title='bbox 1515 1107 1832 1179; x_wconf 84' lang='grc' dir='ltr'>ἀσώματον.</span> <span class='ocrx_word' id='word_1_78' title='bbox 1875 1106 1939 1178; x_wconf 83' lang='grc' dir='ltr'>ρ’.</span> <span class='ocrx_word' id='word_1_79' title='bbox 1991 1103 2055 1159; x_wconf 74' lang='grc' dir='ltr'>Εἰ</span> 
     </span>
    </p>
   </div>
   <div class='ocr_carea' id='block_1_12' title="bbox 411 1190 2052 1274">
    <p class='ocr_par' dir='ltr' id='par_1_12' title="bbox 411 1190 2052 1274">
     <span class='ocr_line' id='line_1_12' title="bbox 411 1190 2052 1274; baseline -0.008 -15"><span class='ocrx_word' id='word_1_80' title='bbox 411 1204 576 1260; x_wconf 86' lang='grc' dir='ltr'>κακὸν</span> <span class='ocrx_word' id='word_1_81' title='bbox 606 1205 642 1272; x_wconf 77' lang='grc' dir='ltr'><strong>ἡ</strong></span> <span class='ocrx_word' id='word_1_82' title='bbox 677 1199 808 1270; x_wconf 75' lang='grc' dir='ltr'>ὕλη.</span> <span class='ocrx_word' id='word_1_83' title='bbox 843 1201 943 1274; x_wconf 87' lang='grc' dir='ltr'>ρα’.</span> <span class='ocrx_word' id='word_1_84' title='bbox 976 1199 1103 1273; x_wconf 82' lang='grc' dir='ltr'>Περὶ</span> <span class='ocrx_word' id='word_1_85' title='bbox 1130 1204 1232 1267; x_wconf 84' lang='grc' dir='ltr'>τῆς</span> <span class='ocrx_word' id='word_1_86' title='bbox 1261 1197 1398 1273; x_wconf 87' lang='grc' dir='ltr'>πρὸς</span> <span class='ocrx_word' id='word_1_87' title='bbox 1431 1197 1492 1252; x_wconf 86' lang='grc' dir='ltr'>τὸ</span> <span class='ocrx_word' id='word_1_88' title='bbox 1524 1200 1678 1251; x_wconf 84' lang='grc' dir='ltr'>Θεῖον</span> <span class='ocrx_word' id='word_1_89' title='bbox 1719 1199 1827 1249; x_wconf 91' lang='grc' dir='ltr'>τῶν</span> <span class='ocrx_word' id='word_1_90' title='bbox 1884 1190 2052 1248; x_wconf 76' lang='grc' dir='ltr'>ὄντων</span> 
     </span>
    </p>
   </div>
   <div class='ocr_carea' id='block_1_13' title="bbox 407 1284 2052 1369">
    <p class='ocr_par' dir='ltr' id='par_1_13' title="bbox 407 1284 2052 1369">
     <span class='ocr_line' id='line_1_13' title="bbox 407 1284 2052 1369; baseline -0.005 -20"><span class='ocrx_word' id='word_1_91' title='bbox 407 1293 758 1369; x_wconf 74' lang='grc' dir='ltr'>ἐπιστροφῆς.</span> <span class='ocrx_word' id='word_1_92' title='bbox 793 1289 896 1364; x_wconf 87' lang='grc' dir='ltr'>ρβ’.</span> <span class='ocrx_word' id='word_1_93' title='bbox 953 1289 1084 1363; x_wconf 77' lang='grc' dir='ltr'>Περὶ</span> <span class='ocrx_word' id='word_1_94' title='bbox 1143 1288 1368 1363; x_wconf 88' lang='grc' dir='ltr'>χρόνου.</span> <span class='ocrx_word' id='word_1_95' title='bbox 1431 1294 1531 1360; x_wconf 89' lang='grc' dir='ltr'>ργ’.</span> <span class='ocrx_word' id='word_1_96' title='bbox 1581 1284 1712 1361; x_wconf 79' lang='grc' dir='ltr'>Περὶ</span> <span class='ocrx_word' id='word_1_97' title='bbox 1763 1288 2052 1356; x_wconf 75' lang='grc' dir='ltr'>κινήσεως.</span> 
     </span>
    </p>
   </div>
   <div class='ocr_carea' id='block_1_14' title="bbox 404 1372 2055 1460">
    <p class='ocr_par' dir='ltr' id='par_1_14' title="bbox 404 1372 2055 1460">
     <span class='ocr_line' id='line_1_14' title="bbox 404 1372 2055 1460; baseline -0.008 -21"><span class='ocrx_word' id='word_1_98' title='bbox 404 1381 500 1460; x_wconf 90' lang='grc' dir='ltr'>ρδ’.</span> <span class='ocrx_word' id='word_1_99' title='bbox 543 1381 670 1455; x_wconf 82' lang='grc' dir='ltr'>Περὶ</span> <span class='ocrx_word' id='word_1_100' title='bbox 716 1379 974 1454; x_wconf 88' lang='grc' dir='ltr'>ἀνάγκης.</span> <span class='ocrx_word' id='word_1_101' title='bbox 1025 1385 1114 1453; x_wconf 89' lang='grc' dir='ltr'>ρε’.</span> <span class='ocrx_word' id='word_1_102' title='bbox 1178 1377 1308 1451; x_wconf 86' lang='grc' dir='ltr'>Περὶ</span> <span class='ocrx_word' id='word_1_103' title='bbox 1356 1375 1709 1452; x_wconf 74' lang='grc' dir='ltr'>εἱμαρμένης.</span> <span class='ocrx_word' id='word_1_104' title='bbox 1762 1381 1863 1449; x_wconf 65' lang='grc' dir='ltr'>ρξ’.</span> <span class='ocrx_word' id='word_1_105' title='bbox 1923 1372 2055 1441; x_wconf 79' lang='grc' dir='ltr'>Περὶ</span> 
     </span>
    </p>
   </div>
   <div class='ocr_carea' id='block_1_15' title="bbox 397 1463 2054 1548">
    <p class='ocr_par' dir='ltr' id='par_1_15' title="bbox 397 1463 2054 1548">
     <span class='ocr_line' id='line_1_15' title="bbox 397 1463 2054 1548; baseline -0.012 -13"><span class='ocrx_word' id='word_1_106' title='bbox 397 1471 600 1548; x_wconf 70' lang='grc' dir='ltr'>τύχης,</span> <span class='ocrx_word' id='word_1_107' title='bbox 640 1468 729 1524; x_wconf 75' lang='grc' dir='ltr'>καὶ</span> <span class='ocrx_word' id='word_1_108' title='bbox 761 1469 1100 1540; x_wconf 79' lang='grc' dir='ltr'>αὐτομάτου.</span> <span class='ocrx_word' id='word_1_109' title='bbox 1135 1467 1231 1541; x_wconf 76' lang='grc' dir='ltr'>ρξ’.</span> <span class='ocrx_word' id='word_1_110' title='bbox 1265 1467 1394 1541; x_wconf 81' lang='grc' dir='ltr'>Περὶ</span> <span class='ocrx_word' id='word_1_111' title='bbox 1440 1466 1662 1535; x_wconf 81' lang='grc' dir='ltr'>αἰῶνος,</span> <span class='ocrx_word' id='word_1_112' title='bbox 1689 1464 1780 1519; x_wconf 87' lang='grc' dir='ltr'>καὶ</span> <span class='ocrx_word' id='word_1_113' title='bbox 1828 1463 2054 1538; x_wconf 91' lang='grc' dir='ltr'>χρόνου.</span> 
     </span>
    </p>
   </div>
   <div class='ocr_carea' id='block_1_16' title="bbox 405 1555 2059 1636">
    <p class='ocr_par' dir='ltr' id='par_1_16' title="bbox 405 1555 2059 1636">
     <span class='ocr_line' id='line_1_16' title="bbox 405 1555 2059 1636; baseline -0.006 -19"><span class='ocrx_word' id='word_1_114' title='bbox 405 1563 508 1636; x_wconf 87' lang='grc' dir='ltr'>ρη’.</span> <span class='ocrx_word' id='word_1_115' title='bbox 538 1559 670 1632; x_wconf 81' lang='grc' dir='ltr'>Περὶ</span> <span class='ocrx_word' id='word_1_116' title='bbox 699 1563 806 1614; x_wconf 89' lang='grc' dir='ltr'>τῶν</span> <span class='ocrx_word' id='word_1_117' title='bbox 857 1559 895 1612; x_wconf 86' lang='grc' dir='ltr'>ε’</span> <span class='ocrx_word' id='word_1_118' title='bbox 925 1556 1250 1628; x_wconf 77' lang='grc' dir='ltr'>αἰσθήσεων.</span> <span class='ocrx_word' id='word_1_119' title='bbox 1289 1557 1387 1632; x_wconf 84' lang='grc' dir='ltr'>ρθ’.</span> <span class='ocrx_word' id='word_1_120' title='bbox 1424 1555 1489 1611; x_wconf 73' lang='grc' dir='ltr'>Εἴ</span> <span class='ocrx_word' id='word_1_121' title='bbox 1548 1555 1746 1625; x_wconf 72' lang='grc' dir='ltr'>ἀληθὲς</span> <span class='ocrx_word' id='word_1_122' title='bbox 1795 1555 1857 1608; x_wconf 88' lang='grc' dir='ltr'>τὸ</span> <span class='ocrx_word' id='word_1_123' title='bbox 1901 1574 2059 1608; x_wconf 85' lang='grc' dir='ltr'>κατα-</span> 
     </span>
    </p>
   </div>
   <div class='ocr_carea' id='block_1_17' title="bbox 402 1641 2056 1720">
    <p class='ocr_par' dir='ltr' id='par_1_17' title="bbox 402 1641 2056 1720">
     <span class='ocr_line' id='line_1_17' title="bbox 402 1641 2056 1720; baseline -0.007 -14"><span class='ocrx_word' id='word_1_124' title='bbox 402 1647 783 1712; x_wconf 71' lang='grc' dir='ltr'>ϐασκαίνεσθάί</span> <span class='ocrx_word' id='word_1_125' title='bbox 813 1667 958 1708; x_wconf 88' lang='grc' dir='ltr'>τινας</span> <span class='ocrx_word' id='word_1_126' title='bbox 992 1646 1095 1700; x_wconf 88' lang='grc' dir='ltr'>ὑπὸ</span> <span class='ocrx_word' id='word_1_127' title='bbox 1133 1649 1241 1700; x_wconf 87' lang='grc' dir='ltr'>τῶν</span> <span class='ocrx_word' id='word_1_128' title='bbox 1279 1646 1554 1720; x_wconf 86' lang='grc' dir='ltr'>ὁρώντων.</span> <span class='ocrx_word' id='word_1_129' title='bbox 1591 1645 1677 1720; x_wconf 87' lang='grc' dir='ltr'>ρι’.</span> <span class='ocrx_word' id='word_1_130' title='bbox 1711 1647 1836 1705; x_wconf 82' lang='grc' dir='ltr'>Πῶς</span> <span class='ocrx_word' id='word_1_131' title='bbox 1875 1641 2056 1697; x_wconf 82' lang='grc' dir='ltr'>ἐκλεί-</span> 
     </span>
    </p>
   </div>
   <div class='ocr_carea' id='block_1_18' title="bbox 400 1725 2053 1814">
    <p class='ocr_par' dir='ltr' id='par_1_18' title="bbox 400 1725 2053 1814">
     <span class='ocr_line' id='line_1_18' title="bbox 400 1725 2053 1814; baseline -0.004 -20"><span class='ocrx_word' id='word_1_132' title='bbox 400 1743 519 1814; x_wconf 76' lang='grc' dir='ltr'>ψεις</span> <span class='ocrx_word' id='word_1_133' title='bbox 565 1725 991 1813; x_wconf 81' lang='grc' dir='ltr'>γίνονται.</span> <span class='ocrx_word' id='word_1_134' title='bbox 1025 1739 1150 1796; x_wconf 87' lang='grc' dir='ltr'>Πῶς</span> <span class='ocrx_word' id='word_1_135' title='bbox 1208 1731 1404 1810; x_wconf 76' lang='grc' dir='ltr'>ἄῤῥενά</span> <span class='ocrx_word' id='word_1_136' title='bbox 1460 1732 1548 1787; x_wconf 77' lang='grc' dir='ltr'>καὶ</span> <span class='ocrx_word' id='word_1_137' title='bbox 1609 1731 1782 1803; x_wconf 76' lang='grc' dir='ltr'>θήλεά</span> <span class='ocrx_word' id='word_1_138' title='bbox 1827 1731 2053 1806; x_wconf 81' lang='grc' dir='ltr'>γίνεται.</span> 
     </span>
    </p>
   </div>
   <div class='ocr_carea' id='block_1_19' title="bbox 2161 569 3816 651">
    <p class='ocr_par' dir='ltr' id='par_1_19' title="bbox 2161 569 3816 651">
     <span class='ocr_line' id='line_1_19' title="bbox 2161 569 3816 651; baseline 0.008 -32"><span class='ocrx_word' id='word_1_139' title='bbox 2161 569 2259 619; x_wconf 82' lang='grc' dir='ltr'>τοῦ</span> <span class='ocrx_word' id='word_1_140' title='bbox 2311 569 2549 643; x_wconf 76' lang='grc' dir='ltr'>μεγάλου</span> <span class='ocrx_word' id='word_1_141' title='bbox 2597 577 2898 647; x_wconf 88' lang='grc' dir='ltr'>χειμῶνος.</span> <span class='ocrx_word' id='word_1_142' title='bbox 2934 573 3061 649; x_wconf 81' lang='grc' dir='ltr'>ρξς’.</span> <span class='ocrx_word' id='word_1_143' title='bbox 3110 575 3261 629; x_wconf 88' lang='grc' dir='ltr'>Διατί</span> <span class='ocrx_word' id='word_1_144' title='bbox 3309 575 3553 651; x_wconf 72' lang='grc' dir='ltr'>ἁλμυρὸν</span> <span class='ocrx_word' id='word_1_145' title='bbox 3598 578 3660 632; x_wconf 89' lang='grc' dir='ltr'>τὸ</span> <span class='ocrx_word' id='word_1_146' title='bbox 3717 581 3816 643; x_wconf 71' lang='grc' dir='ltr'>τῆς</span> 
     </span>
    </p>
   </div>
   <div class='ocr_carea' id='block_1_20' title="bbox 2165 653 3815 740">
    <p class='ocr_par' dir='ltr' id='par_1_20' title="bbox 2165 653 3815 740">
     <span class='ocr_line' id='line_1_20' title="bbox 2165 653 3815 740; baseline 0.016 -32"><span class='ocrx_word' id='word_1_147' title='bbox 2165 653 2438 728; x_wconf 78' lang='grc' dir='ltr'>θαλάσσης</span> <span class='ocrx_word' id='word_1_148' title='bbox 2497 658 2643 736; x_wconf 74' lang='grc' dir='ltr'>ὕδωρ</span> <span class='ocrx_word' id='word_1_149' title='bbox 2701 660 2835 718; x_wconf 73' lang='grc' dir='ltr'>ἐστί.</span> <span class='ocrx_word' id='word_1_150' title='bbox 2895 663 3018 738; x_wconf 78' lang='grc' dir='ltr'>ρξζ’.</span> <span class='ocrx_word' id='word_1_151' title='bbox 3067 663 3158 725; x_wconf 80' lang='grc' dir='ltr'>Τίς</span> <span class='ocrx_word' id='word_1_152' title='bbox 3199 666 3234 732; x_wconf 78' lang='grc' dir='ltr'>ἡ</span> <span class='ocrx_word' id='word_1_153' title='bbox 3292 663 3438 718; x_wconf 76' lang='grc' dir='ltr'>αἶ’τία</span> <span class='ocrx_word' id='word_1_154' title='bbox 3486 668 3585 719; x_wconf 68' lang='grc' dir='ltr'>τοῦ</span> <span class='ocrx_word' id='word_1_155' title='bbox 3637 665 3689 719; x_wconf 62' lang='grc' dir='ltr'>ἒν</span> <span class='ocrx_word' id='word_1_156' title='bbox 3745 671 3815 740; x_wconf 73' lang='grc' dir='ltr'>τῇ</span> 
     </span>
    </p>
   </div>
   <div class='ocr_carea' id='block_1_21' title="bbox 2166 743 3818 828">
    <p class='ocr_par' dir='ltr' id='par_1_21' title="bbox 2166 743 3818 828">
     <span class='ocr_line' id='line_1_21' title="bbox 2166 743 3818 828; baseline 0.008 -32"><span class='ocrx_word' id='word_1_157' title='bbox 2166 743 2406 821; x_wconf 79' lang='grc' dir='ltr'>θαλάσσῃ</span> <span class='ocrx_word' id='word_1_158' title='bbox 2437 748 2611 823; x_wconf 80' lang='grc' dir='ltr'>γλυκὺ</span> <span class='ocrx_word' id='word_1_159' title='bbox 2661 748 2807 824; x_wconf 78' lang='grc' dir='ltr'>ὕδωρ</span> <span class='ocrx_word' id='word_1_160' title='bbox 2857 752 3215 828; x_wconf 83' lang='grc' dir='ltr'>εὑρίσκεσθαι.</span> <span class='ocrx_word' id='word_1_161' title='bbox 3253 754 3388 828; x_wconf 82' lang='grc' dir='ltr'>ρξη’.</span> <span class='ocrx_word' id='word_1_162' title='bbox 3423 753 3573 808; x_wconf 88' lang='grc' dir='ltr'>Διατί</span> <span class='ocrx_word' id='word_1_163' title='bbox 3618 755 3681 810; x_wconf 86' lang='grc' dir='ltr'>τὸ</span> <span class='ocrx_word' id='word_1_164' title='bbox 3725 757 3818 809; x_wconf 84' lang='grc' dir='ltr'>Θα-</span> 
     </span>
    </p>
   </div>
   <div class='ocr_carea' id='block_1_22' title="bbox 2165 829 3817 918">
    <p class='ocr_par' dir='ltr' id='par_1_22' title="bbox 2165 829 3817 918">
     <span class='ocr_line' id='line_1_22' title="bbox 2165 829 3817 918; baseline 0.012 -32"><span class='ocrx_word' id='word_1_165' title='bbox 2165 829 2384 890; x_wconf 88' lang='grc' dir='ltr'>λάττιον</span> <span class='ocrx_word' id='word_1_166' title='bbox 2432 835 2578 913; x_wconf 80' lang='grc' dir='ltr'>ὕδωρ</span> <span class='ocrx_word' id='word_1_167' title='bbox 2630 839 2692 894; x_wconf 82' lang='grc' dir='ltr'>οὐ</span> <span class='ocrx_word' id='word_1_168' title='bbox 2740 841 2924 918; x_wconf 85' lang='grc' dir='ltr'>τρέφει</span> <span class='ocrx_word' id='word_1_169' title='bbox 2971 841 3038 895; x_wconf 81' lang='grc' dir='ltr'>τὰ</span> <span class='ocrx_word' id='word_1_170' title='bbox 3091 838 3305 916; x_wconf 87' lang='grc' dir='ltr'>δένδρα.</span> <span class='ocrx_word' id='word_1_171' title='bbox 3355 843 3484 917; x_wconf 80' lang='grc' dir='ltr'>ρξθ’.</span> <span class='ocrx_word' id='word_1_172' title='bbox 3518 843 3667 898; x_wconf 89' lang='grc' dir='ltr'>Διατί</span> <span class='ocrx_word' id='word_1_173' title='bbox 3717 847 3817 913; x_wconf 75' lang='grc' dir='ltr'>τῆς</span> 
     </span>
    </p>
   </div>
   <div class='ocr_carea' id='block_1_23' title="bbox 2163 921 3817 1011">
    <p class='ocr_par' dir='ltr' id='par_1_23' title="bbox 2163 921 3817 1011">
     <span class='ocr_line' id='line_1_23' title="bbox 2163 921 3817 1011; baseline 0.008 -35"><span class='ocrx_word' id='word_1_174' title='bbox 2163 921 2439 995; x_wconf 79' lang='grc' dir='ltr'>θαλάσσης</span> <span class='ocrx_word' id='word_1_175' title='bbox 2520 925 2690 1001; x_wconf 85' lang='grc' dir='ltr'>ἐλαίῳ</span> <span class='ocrx_word' id='word_1_176' title='bbox 2747 929 3268 1006; x_wconf 73' lang='grc' dir='ltr'>καταρῥαινομένης,</span> <span class='ocrx_word' id='word_1_177' title='bbox 3321 931 3524 1007; x_wconf 86' lang='grc' dir='ltr'>γίνεται</span> <span class='ocrx_word' id='word_1_178' title='bbox 3580 929 3817 1011; x_wconf 82' lang='grc' dir='ltr'>καταφά-</span> 
     </span>
    </p>
   </div>
   <div class='ocr_carea' id='block_1_24' title="bbox 2162 1014 3815 1094">
    <p class='ocr_par' dir='ltr' id='par_1_24' title="bbox 2162 1014 3815 1094">
     <span class='ocr_line' id='line_1_24' title="bbox 2162 1014 3815 1094; baseline 0.008 -30"><span class='ocrx_word' id='word_1_179' title='bbox 2162 1032 2278 1066; x_wconf 88' lang='grc' dir='ltr'>νεια</span> <span class='ocrx_word' id='word_1_180' title='bbox 2325 1014 2414 1068; x_wconf 83' lang='grc' dir='ltr'>καὶ</span> <span class='ocrx_word' id='word_1_181' title='bbox 2462 1015 2703 1090; x_wconf 73' lang='grc' dir='ltr'>γαλήνη.</span> <span class='ocrx_word' id='word_1_182' title='bbox 2757 1025 2852 1094; x_wconf 91' lang='grc' dir='ltr'>ρο’.</span> <span class='ocrx_word' id='word_1_183' title='bbox 2905 1019 3005 1080; x_wconf 91' lang='grc' dir='ltr'>Τίς</span> <span class='ocrx_word' id='word_1_184' title='bbox 3055 1022 3089 1088; x_wconf 79' lang='grc' dir='ltr'>ἡ</span> <span class='ocrx_word' id='word_1_185' title='bbox 3140 1020 3288 1075; x_wconf 74' lang='grc' dir='ltr'>αἰτία</span> <span class='ocrx_word' id='word_1_186' title='bbox 3340 1018 3410 1075; x_wconf 83' lang='grc' dir='ltr'>δι’</span> <span class='ocrx_word' id='word_1_187' title='bbox 3439 1023 3506 1090; x_wconf 80' lang='grc' dir='ltr'>ἣν</span> <span class='ocrx_word' id='word_1_188' title='bbox 3551 1021 3679 1077; x_wconf 73' lang='grc' dir='ltr'>ὅταν</span> <span class='ocrx_word' id='word_1_189' title='bbox 3738 1023 3815 1086; x_wconf 67' lang='grc' dir='ltr'>είς</span> 
     </span>
    </p>
   </div>
   <div class='ocr_carea' id='block_1_25' title="bbox 2162 1102 3813 1186">
    <p class='ocr_par' dir='ltr' id='par_1_25' title="bbox 2162 1102 3813 1186">
     <span class='ocr_line' id='line_1_25' title="bbox 2162 1102 3813 1186; baseline 0.007 -31"><span class='ocrx_word' id='word_1_190' title='bbox 2162 1103 2262 1170; x_wconf 73' lang='grc' dir='ltr'>τὴν</span> <span class='ocrx_word' id='word_1_191' title='bbox 2339 1102 2608 1166; x_wconf 84' lang='grc' dir='ltr'>θάλασσαν</span> <span class='ocrx_word' id='word_1_192' title='bbox 2685 1107 2890 1182; x_wconf 81' lang='grc' dir='ltr'>ἐμπέσῃ</span> <span class='ocrx_word' id='word_1_193' title='bbox 2965 1109 3245 1184; x_wconf 87' lang='grc' dir='ltr'>κεραυνὸς,</span> <span class='ocrx_word' id='word_1_194' title='bbox 3305 1111 3427 1186; x_wconf 79' lang='grc' dir='ltr'>ἆγες</span> <span class='ocrx_word' id='word_1_195' title='bbox 3502 1109 3813 1184; x_wconf 76' lang='grc' dir='ltr'>ἐξωθοῦσιν.</span> 
     </span>
    </p>
   </div>
   <div class='ocr_carea' id='block_1_26' title="bbox 2166 1191 3815 1275">
    <p class='ocr_par' dir='ltr' id='par_1_26' title="bbox 2166 1191 3815 1275">
     <span class='ocr_line' id='line_1_26' title="bbox 2166 1191 3815 1275; baseline 0.007 -31"><span class='ocrx_word' id='word_1_196' title='bbox 2166 1192 2298 1264; x_wconf 86' lang='grc' dir='ltr'>ροα’.</span> <span class='ocrx_word' id='word_1_197' title='bbox 2332 1194 2460 1267; x_wconf 84' lang='grc' dir='ltr'>Περὶ</span> <span class='ocrx_word' id='word_1_198' title='bbox 2490 1201 2589 1264; x_wconf 82' lang='grc' dir='ltr'>τῆς</span> <span class='ocrx_word' id='word_1_199' title='bbox 2637 1195 2688 1249; x_wconf 85' lang='grc' dir='ltr'>ἐν</span> <span class='ocrx_word' id='word_1_200' title='bbox 2732 1191 2939 1266; x_wconf 74' lang='grc' dir='ltr'>Εὐϐοίᾳ</span> <span class='ocrx_word' id='word_1_201' title='bbox 2969 1196 3320 1273; x_wconf 76' lang='grc' dir='ltr'>πολιρῥοίας.</span> <span class='ocrx_word' id='word_1_202' title='bbox 3359 1200 3494 1275; x_wconf 85' lang='grc' dir='ltr'>ροβ’.</span> <span class='ocrx_word' id='word_1_203' title='bbox 3529 1201 3678 1256; x_wconf 88' lang='grc' dir='ltr'>Διατί</span> <span class='ocrx_word' id='word_1_204' title='bbox 3712 1203 3815 1256; x_wconf 89' lang='grc' dir='ltr'>ὑπὸ</span> 
     </span>
    </p>
   </div>
   <div class='ocr_carea' id='block_1_27' title="bbox 2163 1281 3818 1364">
    <p class='ocr_par' dir='ltr' id='par_1_27' title="bbox 2163 1281 3818 1364">
     <span class='ocr_line' id='line_1_27' title="bbox 2163 1281 3818 1364; baseline 0.007 -30"><span class='ocrx_word' id='word_1_205' title='bbox 2163 1284 2273 1334; x_wconf 88' lang='grc' dir='ltr'>τῶν</span> <span class='ocrx_word' id='word_1_206' title='bbox 2310 1282 2494 1337; x_wconf 88' lang='grc' dir='ltr'>ὑετίων</span> <span class='ocrx_word' id='word_1_207' title='bbox 2534 1281 2746 1340; x_wconf 79' lang='grc' dir='ltr'>ὑδάτων</span> <span class='ocrx_word' id='word_1_208' title='bbox 2783 1283 3020 1358; x_wconf 80' lang='grc' dir='ltr'>μᾶλλον,</span> <span class='ocrx_word' id='word_1_209' title='bbox 3055 1286 3089 1355; x_wconf 79' lang='grc' dir='ltr'><strong>ἢ</strong></span> <span class='ocrx_word' id='word_1_210' title='bbox 3129 1291 3238 1341; x_wconf 88' lang='grc' dir='ltr'>τῶν</span> <span class='ocrx_word' id='word_1_211' title='bbox 3265 1286 3567 1364; x_wconf 73' lang='grc' dir='ltr'>ἐπιρῥὺτων</span> <span class='ocrx_word' id='word_1_212' title='bbox 3595 1289 3661 1346; x_wconf 70' lang='grc' dir='ltr'>τά</span> <span class='ocrx_word' id='word_1_213' title='bbox 3702 1288 3818 1346; x_wconf 85' lang='grc' dir='ltr'>δέν-</span> 
     </span>
    </p>
   </div>
   <div class='ocr_carea' id='block_1_28' title="bbox 2168 1365 3816 1454">
    <p class='ocr_par' dir='ltr' id='par_1_28' title="bbox 2168 1365 3816 1454">
     <span class='ocr_line' id='line_1_28' title="bbox 2168 1365 3816 1454; baseline 0.007 -31"><span class='ocrx_word' id='word_1_214' title='bbox 2168 1365 2290 1442; x_wconf 85' lang='grc' dir='ltr'>δρα,</span> <span class='ocrx_word' id='word_1_215' title='bbox 2324 1371 2412 1425; x_wconf 87' lang='grc' dir='ltr'>καὶ</span> <span class='ocrx_word' id='word_1_216' title='bbox 2461 1372 2528 1426; x_wconf 73' lang='grc' dir='ltr'>τὰ</span> <span class='ocrx_word' id='word_1_217' title='bbox 2575 1376 2857 1449; x_wconf 85' lang='grc' dir='ltr'>σπέρματα</span> <span class='ocrx_word' id='word_1_218' title='bbox 2894 1375 3098 1452; x_wconf 85' lang='grc' dir='ltr'>πέφυκε</span> <span class='ocrx_word' id='word_1_219' title='bbox 3134 1377 3442 1454; x_wconf 74' lang='grc' dir='ltr'>τρέφεσθαι,</span> <span class='ocrx_word' id='word_1_220' title='bbox 3492 1380 3624 1454; x_wconf 86' lang='grc' dir='ltr'>ρογ’.</span> <span class='ocrx_word' id='word_1_221' title='bbox 3667 1379 3816 1434; x_wconf 86' lang='grc' dir='ltr'>Διατί</span> 
     </span>
    </p>
   </div>
   <div class='ocr_carea' id='block_1_29' title="bbox 2163 1456 3818 1544">
    <p class='ocr_par' dir='ltr' id='par_1_29' title="bbox 2163 1456 3818 1544">
     <span class='ocr_line' id='line_1_29' title="bbox 2163 1456 3818 1544; baseline 0.007 -32"><span class='ocrx_word' id='word_1_222' title='bbox 2163 1463 2274 1512; x_wconf 89' lang='grc' dir='ltr'>τῶν</span> <span class='ocrx_word' id='word_1_223' title='bbox 2319 1456 2570 1536; x_wconf 76' lang='grc' dir='ltr'>ὀμϐρίων</span> <span class='ocrx_word' id='word_1_224' title='bbox 2621 1460 2825 1517; x_wconf 84' lang='grc' dir='ltr'>ὑδάτων</span> <span class='ocrx_word' id='word_1_225' title='bbox 2883 1462 3214 1538; x_wconf 82' lang='grc' dir='ltr'>εὐωδέστερα</span> <span class='ocrx_word' id='word_1_226' title='bbox 3262 1471 3379 1528; x_wconf 84' lang='grc' dir='ltr'>τοῖς</span> <span class='ocrx_word' id='word_1_227' title='bbox 3435 1468 3705 1544; x_wconf 89' lang='grc' dir='ltr'>σπέρμασι</span> <span class='ocrx_word' id='word_1_228' title='bbox 3751 1470 3818 1524; x_wconf 82' lang='grc' dir='ltr'>τά</span> 
     </span>
    </p>
   </div>
   <div class='ocr_carea' id='block_1_30' title="bbox 2171 1549 3815 1632">
    <p class='ocr_par' dir='ltr' id='par_1_30' title="bbox 2171 1549 3815 1632">
     <span class='ocr_line' id='line_1_30' title="bbox 2171 1549 3815 1632; baseline 0.009 -33"><span class='ocrx_word' id='word_1_229' title='bbox 2171 1549 2304 1618; x_wconf 80' lang='grc' dir='ltr'>μετά</span> <span class='ocrx_word' id='word_1_230' title='bbox 2339 1549 2580 1624; x_wconf 80' lang='grc' dir='ltr'>βροντῶν</span> <span class='ocrx_word' id='word_1_231' title='bbox 2611 1552 2700 1606; x_wconf 84' lang='grc' dir='ltr'>καὶ</span> <span class='ocrx_word' id='word_1_232' title='bbox 2745 1553 3032 1626; x_wconf 80' lang='grc' dir='ltr'>ἀστραπῶν</span> <span class='ocrx_word' id='word_1_233' title='bbox 3066 1551 3252 1610; x_wconf 81' lang='grc' dir='ltr'>ὕδατα.</span> <span class='ocrx_word' id='word_1_234' title='bbox 3289 1552 3427 1628; x_wconf 86' lang='grc' dir='ltr'>ροδ’.</span> <span class='ocrx_word' id='word_1_235' title='bbox 3475 1557 3604 1632; x_wconf 90' lang='grc' dir='ltr'>Περί</span> <span class='ocrx_word' id='word_1_236' title='bbox 3651 1579 3815 1613; x_wconf 90' lang='grc' dir='ltr'>τινων</span> 
     </span>
    </p>
   </div>
   <div class='ocr_carea' id='block_1_31' title="bbox 2169 1632 3820 1718">
    <p class='ocr_par' dir='ltr' id='par_1_31' title="bbox 2169 1632 3820 1718">
     <span class='ocr_line' id='line_1_31' title="bbox 2169 1632 3820 1718; baseline 0.008 -30"><span class='ocrx_word' id='word_1_237' title='bbox 2169 1632 2401 1708; x_wconf 90' lang='grc' dir='ltr'>λιμνῶν.</span> <span class='ocrx_word' id='word_1_238' title='bbox 2438 1641 2560 1712; x_wconf 85' lang='grc' dir='ltr'>ροε’.</span> <span class='ocrx_word' id='word_1_239' title='bbox 2596 1641 2726 1715; x_wconf 89' lang='grc' dir='ltr'>Περὶ</span> <span class='ocrx_word' id='word_1_240' title='bbox 2770 1646 3054 1714; x_wconf 87' lang='grc' dir='ltr'>ποταμῶν.</span> <span class='ocrx_word' id='word_1_241' title='bbox 3101 1643 3232 1716; x_wconf 84' lang='grc' dir='ltr'>ρος’.</span> <span class='ocrx_word' id='word_1_242' title='bbox 3277 1643 3404 1718; x_wconf 82' lang='grc' dir='ltr'>Περὶ</span> <span class='ocrx_word' id='word_1_243' title='bbox 3443 1644 3651 1700; x_wconf 79' lang='grc' dir='ltr'>Νείλου</span> <span class='ocrx_word' id='word_1_244' title='bbox 3699 1646 3820 1702; x_wconf 89' lang='grc' dir='ltr'>ἀνα·</span> 
     </span>
    </p>
   </div>
   <div class='ocr_carea' id='block_1_32' title="bbox 2166 1721 3818 1812">
    <p class='ocr_par' dir='ltr' id='par_1_32' title="bbox 2166 1721 3818 1812">
     <span class='ocr_line' id='line_1_32' title="bbox 2166 1721 3818 1812; baseline 0.007 -33"><span class='ocrx_word' id='word_1_245' title='bbox 2166 1721 2394 1791; x_wconf 77' lang='grc' dir='ltr'>ϐάσεως.</span> <span class='ocrx_word' id='word_1_246' title='bbox 2436 1730 2564 1802; x_wconf 66' lang='grc' dir='ltr'>ροζῖ</span> <span class='ocrx_word' id='word_1_247' title='bbox 2615 1730 2766 1784; x_wconf 89' lang='grc' dir='ltr'>Διατί</span> <span class='ocrx_word' id='word_1_248' title='bbox 2821 1731 2986 1804; x_wconf 89' lang='grc' dir='ltr'>μόνος</span> <span class='ocrx_word' id='word_1_249' title='bbox 3024 1737 3285 1806; x_wconf 79' lang='grc' dir='ltr'>ποταμῶν</span> <span class='ocrx_word' id='word_1_250' title='bbox 3336 1735 3363 1788; x_wconf 96' lang='lat'>6</span> <span class='ocrx_word' id='word_1_251' title='bbox 3393 1733 3594 1798; x_wconf 91' lang='grc' dir='ltr'>Νεῖλος</span> <span class='ocrx_word' id='word_1_252' title='bbox 3651 1734 3818 1812; x_wconf 74' lang='grc' dir='ltr'>αὔρας</span> 
     </span>
    </p>
   </div>
   <div class='ocr_carea' id='block_1_33' title="bbox 406 1817 3810 1910">
    <p class='ocr_par' dir='ltr' id='par_1_33' title="bbox 406 1817 3810 1910">
     <span class='ocr_line' id='line_1_33' title="bbox 406 1817 3810 1910; baseline 0.004 -32"><span class='ocrx_word' id='word_1_253' title='bbox 406 1829 530 1904; x_wconf 76' lang='grc' dir='ltr'>ριβ’.</span> <span class='ocrx_word' id='word_1_254' title='bbox 592 1825 742 1881; x_wconf 81' lang='grc' dir='ltr'>Διατί</span> <span class='ocrx_word' id='word_1_255' title='bbox 801 1825 939 1899; x_wconf 79' lang='grc' dir='ltr'>γυ·.ἠ</span> <span class='ocrx_word' id='word_1_256' title='bbox 993 1821 1266 1884; x_wconf 78' lang='grc' dir='ltr'>πολλάκις</span> <span class='ocrx_word' id='word_1_257' title='bbox 1327 1821 1748 1890; x_wconf 82' lang='grc' dir='ltr'>συνουσιάζουσα</span> <span class='ocrx_word' id='word_1_258' title='bbox 1808 1819 1870 1874; x_wconf 75' lang='grc' dir='ltr'>οὗ</span> <span class='ocrx_word' id='word_1_259' title='bbox 1923 1817 2132 1910; x_wconf 82' lang='grc' dir='ltr'>συλ-Β</span> <span class='ocrx_word' id='word_1_260' title='bbox 2166 1819 2264 1875; x_wconf 81' lang='grc' dir='ltr'>οὑκ</span> <span class='ocrx_word' id='word_1_261' title='bbox 2294 1819 2633 1879; x_wconf 85' lang='grc' dir='ltr'>ἀναδίδωσιν.</span> <span class='ocrx_word' id='word_1_262' title='bbox 2672 1829 2806 1898; x_wconf 81' lang='grc' dir='ltr'>ροη’.</span> <span class='ocrx_word' id='word_1_263' title='bbox 2842 1824 2973 1898; x_wconf 84' lang='grc' dir='ltr'>Περὶ</span> <span class='ocrx_word' id='word_1_264' title='bbox 3027 1829 3136 1880; x_wconf 89' lang='grc' dir='ltr'>τῶν</span> <span class='ocrx_word' id='word_1_265' title='bbox 3189 1824 3458 1901; x_wconf 84' lang='grc' dir='ltr'>μεγίστων</span> <span class='ocrx_word' id='word_1_266' title='bbox 3500 1829 3810 1904; x_wconf 88' lang='grc' dir='ltr'>βασιλειῶν.</span> 
     </span>
    </p>
   </div>
   <div class='ocr_carea' id='block_1_34' title="bbox 405 1907 2051 1988">
    <p class='ocr_par' dir='ltr' id='par_1_34' title="bbox 405 1907 2051 1988">
     <span class='ocr_line' id='line_1_34' title="bbox 405 1907 2051 1988; baseline -0.004 -17"><span class='ocrx_word' id='word_1_267' title='bbox 405 1911 698 1988; x_wconf 77' lang='grc' dir='ltr'>λαμϐάνει,</span> <span class='ocrx_word' id='word_1_268' title='bbox 758 1915 879 1988; x_wconf 84' lang='grc' dir='ltr'>ριγ’.</span> <span class='ocrx_word' id='word_1_269' title='bbox 933 1910 1082 1966; x_wconf 83' lang='grc' dir='ltr'>Διατί</span> <span class='ocrx_word' id='word_1_270' title='bbox 1134 1908 1334 1984; x_wconf 84' lang='grc' dir='ltr'>δίδυμα</span> <span class='ocrx_word' id='word_1_271' title='bbox 1390 1910 1478 1965; x_wconf 83' lang='grc' dir='ltr'>καὶ</span> <span class='ocrx_word' id='word_1_272' title='bbox 1537 1907 1774 1984; x_wconf 82' lang='grc' dir='ltr'>τρίδυμα</span> <span class='ocrx_word' id='word_1_273' title='bbox 1826 1909 2051 1984; x_wconf 87' lang='grc' dir='ltr'>γίνεται.</span> 
     </span>
    </p>
   </div>
   <div class='ocr_carea' id='block_1_35' title="bbox 404 1999 2054 2080">
    <p class='ocr_par' dir='ltr' id='par_1_35' title="bbox 404 1999 2054 2080">
     <span class='ocr_line' id='line_1_35' title="bbox 404 1999 2054 2080; baseline -0.004 -21"><span class='ocrx_word' id='word_1_274' title='bbox 404 2003 522 2080; x_wconf 83' lang='grc' dir='ltr'>ριδ’.</span> <span class='ocrx_word' id='word_1_275' title='bbox 561 2003 728 2068; x_wconf 88' lang='grc' dir='ltr'>Πόθεν</span> <span class='ocrx_word' id='word_1_276' title='bbox 761 2002 1006 2078; x_wconf 86' lang='grc' dir='ltr'>γίνονται</span> <span class='ocrx_word' id='word_1_277' title='bbox 1035 2005 1143 2056; x_wconf 86' lang='grc' dir='ltr'>τῶν</span> <span class='ocrx_word' id='word_1_278' title='bbox 1171 1999 1374 2075; x_wconf 81' lang='grc' dir='ltr'>γονέων</span> <span class='ocrx_word' id='word_1_279' title='bbox 1421 2001 1476 2054; x_wconf 75' lang='grc' dir='ltr'>αἱ</span> <span class='ocrx_word' id='word_1_280' title='bbox 1515 2000 1829 2072; x_wconf 82' lang='grc' dir='ltr'>ὁμοιώσεις,</span> <span class='ocrx_word' id='word_1_281' title='bbox 1861 1999 1950 2053; x_wconf 83' lang='grc' dir='ltr'>καὶ</span> <span class='ocrx_word' id='word_1_282' title='bbox 2000 1999 2054 2053; x_wconf 77' lang='grc' dir='ltr'>αἱ</span> 
     </span>
    </p>
   </div>
   <div class='ocr_carea' id='block_1_36' title="bbox 404 2083 2052 2169">
    <p class='ocr_par' dir='ltr' id='par_1_36' title="bbox 404 2083 2052 2169">
     <span class='ocr_line' id='line_1_36' title="bbox 404 2083 2052 2169; baseline -0.005 -20"><span class='ocrx_word' id='word_1_283' title='bbox 404 2096 538 2169; x_wconf 82' lang='grc' dir='ltr'>πρὸς</span> <span class='ocrx_word' id='word_1_284' title='bbox 583 2092 812 2154; x_wconf 75' lang='grc' dir='ltr'>τοὺτους</span> <span class='ocrx_word' id='word_1_285' title='bbox 860 2089 1283 2163; x_wconf 79' lang='grc' dir='ltr'>ἀνομοιότητες.</span> <span class='ocrx_word' id='word_1_286' title='bbox 1335 2090 1449 2165; x_wconf 90' lang='grc' dir='ltr'>ριε’.</span> <span class='ocrx_word' id='word_1_287' title='bbox 1484 2087 1550 2144; x_wconf 73' lang='lat' dir='ltr'><strong><em>Ei</em></strong></span> <span class='ocrx_word' id='word_1_288' title='bbox 1603 2089 1692 2142; x_wconf 83' lang='grc' dir='ltr'>καὶ</span> <span class='ocrx_word' id='word_1_289' title='bbox 1723 2089 1784 2142; x_wconf 88' lang='grc' dir='ltr'>τὸ</span> <span class='ocrx_word' id='word_1_290' title='bbox 1816 2083 2052 2162; x_wconf 77' lang='grc' dir='ltr'>ἔμϐρυον</span> 
     </span>
    </p>
   </div>
   <div class='ocr_carea' id='block_1_37' title="bbox 407 2172 2054 2257">
    <p class='ocr_par' dir='ltr' id='par_1_37' title="bbox 407 2172 2054 2257">
     <span class='ocr_line' id='line_1_37' title="bbox 407 2172 2054 2257; baseline -0.004 -19"><span class='ocrx_word' id='word_1_291' title='bbox 407 2181 684 2253; x_wconf 81' lang='grc' dir='ltr'>ζῶον,κάὶ</span> <span class='ocrx_word' id='word_1_292' title='bbox 730 2185 846 2244; x_wconf 89' lang='grc' dir='ltr'>πῶς</span> <span class='ocrx_word' id='word_1_293' title='bbox 889 2177 1138 2257; x_wconf 83' lang='grc' dir='ltr'>τρέφεται</span> <span class='ocrx_word' id='word_1_294' title='bbox 1182 2182 1365 2233; x_wconf 76' lang='grc' dir='ltr'>τοῦτο.</span> <span class='ocrx_word' id='word_1_295' title='bbox 1419 2179 1538 2254; x_wconf 82' lang='grc' dir='ltr'>ρις’.</span> <span class='ocrx_word' id='word_1_296' title='bbox 1587 2181 1706 2238; x_wconf 84' lang='grc' dir='ltr'>Πῶς</span> <span class='ocrx_word' id='word_1_297' title='bbox 1756 2178 1808 2231; x_wconf 74' lang='grc' dir='ltr'>οἱ</span> <span class='ocrx_word' id='word_1_298' title='bbox 1855 2172 2054 2252; x_wconf 79' lang='grc' dir='ltr'>ὄνειροι</span> 
     </span>
    </p>
   </div>
   <div class='ocr_carea' id='block_1_38' title="bbox 405 2266 2052 2346">
    <p class='ocr_par' dir='ltr' id='par_1_38' title="bbox 405 2266 2052 2346">
     <span class='ocr_line' id='line_1_38' title="bbox 405 2266 2052 2346; baseline -0.002 -20"><span class='ocrx_word' id='word_1_299' title='bbox 405 2273 673 2346; x_wconf 80' lang='grc' dir='ltr'>γίνονται,</span> <span class='ocrx_word' id='word_1_300' title='bbox 707 2271 824 2345; x_wconf 71' lang='grc' dir='ltr'>ριζ.</span> <span class='ocrx_word' id='word_1_301' title='bbox 882 2273 1013 2343; x_wconf 79' lang='grc' dir='ltr'>Περι</span> <span class='ocrx_word' id='word_1_302' title='bbox 1076 2266 1272 2343; x_wconf 82' lang='grc' dir='ltr'>ὑγείας,</span> <span class='ocrx_word' id='word_1_303' title='bbox 1332 2269 1422 2322; x_wconf 85' lang='grc' dir='ltr'>καὶ</span> <span class='ocrx_word' id='word_1_304' title='bbox 1479 2266 1661 2338; x_wconf 82' lang='grc' dir='ltr'>νόσου,</span> <span class='ocrx_word' id='word_1_305' title='bbox 1711 2267 1798 2321; x_wconf 83' lang='grc' dir='ltr'>καὶ</span> <span class='ocrx_word' id='word_1_306' title='bbox 1841 2269 2052 2342; x_wconf 79' lang='grc' dir='ltr'>γήρως.</span> 
     </span>
    </p>
   </div>
   <div class='ocr_carea' id='block_1_39' title="bbox 406 2353 2050 2436">
    <p class='ocr_par' dir='ltr' id='par_1_39' title="bbox 406 2353 2050 2436">
     <span class='ocr_line' id='line_1_39' title="bbox 406 2353 2050 2436; baseline -0.003 -22"><span class='ocrx_word' id='word_1_307' title='bbox 406 2363 534 2436; x_wconf 88' lang='grc' dir='ltr'>ριη’.</span> <span class='ocrx_word' id='word_1_308' title='bbox 572 2357 725 2414; x_wconf 86' lang='grc' dir='ltr'>Διατί</span> <span class='ocrx_word' id='word_1_309' title='bbox 756 2359 807 2412; x_wconf 73' lang='grc' dir='ltr'>οἱ</span> <span class='ocrx_word' id='word_1_310' title='bbox 836 2356 1187 2426; x_wconf 76' lang='grc' dir='ltr'>νηστεύοντες</span> <span class='ocrx_word' id='word_1_311' title='bbox 1219 2355 1416 2430; x_wconf 83' lang='grc' dir='ltr'>διψῶσι</span> <span class='ocrx_word' id='word_1_312' title='bbox 1452 2353 1688 2428; x_wconf 84' lang='grc' dir='ltr'>μᾶλλον,</span> <span class='ocrx_word' id='word_1_313' title='bbox 1806 2360 2050 2410; x_wconf 89' lang='grc' dir='ltr'>πεινῶσι.</span> 
     </span>
    </p>
   </div>
   <div class='ocr_carea' id='block_1_40' title="bbox 405 2441 2056 2527">
    <p class='ocr_par' dir='ltr' id='par_1_40' title="bbox 405 2441 2056 2527">
     <span class='ocr_line' id='line_1_40' title="bbox 405 2441 2056 2527; baseline -0.003 -24"><span class='ocrx_word' id='word_1_314' title='bbox 405 2451 526 2527; x_wconf 78' lang='grc' dir='ltr'>ριο’.</span> <span class='ocrx_word' id='word_1_315' title='bbox 580 2447 731 2503; x_wconf 86' lang='grc' dir='ltr'>Διατί</span> <span class='ocrx_word' id='word_1_316' title='bbox 778 2451 1089 2515; x_wconf 85' lang='grc' dir='ltr'>πεινῶντες,</span> <span class='ocrx_word' id='word_1_317' title='bbox 1132 2444 1221 2500; x_wconf 77' lang='grc' dir='ltr'>ἐάν</span> <span class='ocrx_word' id='word_1_318' title='bbox 1273 2446 1494 2512; x_wconf 88' lang='grc' dir='ltr'>πίνωσι,</span> <span class='ocrx_word' id='word_1_319' title='bbox 1546 2442 1804 2518; x_wconf 77' lang='grc' dir='ltr'>διψῶντες</span> <span class='ocrx_word' id='word_1_320' title='bbox 1857 2441 1934 2513; x_wconf 71' lang='grc' dir='ltr'>δὲ,</span> <span class='ocrx_word' id='word_1_321' title='bbox 1969 2442 2056 2498; x_wconf 80' lang='grc' dir='ltr'>ἐάν</span> 
     </span>
    </p>
   </div>
   <div class='ocr_carea' id='block_1_41' title="bbox 405 2530 2050 2612">
    <p class='ocr_par' dir='ltr' id='par_1_41' title="bbox 405 2530 2050 2612">
     <span class='ocr_line' id='line_1_41' title="bbox 405 2530 2050 2612; baseline -0.004 -19"><span class='ocrx_word' id='word_1_322' title='bbox 405 2537 670 2612; x_wconf 76' lang='grc' dir='ltr'>φάγωσιν,</span> <span class='ocrx_word' id='word_1_323' title='bbox 705 2535 1080 2592; x_wconf 85' lang='grc' dir='ltr'>ἐπιτείνονται.</span> <span class='ocrx_word' id='word_1_324' title='bbox 1116 2535 1213 2610; x_wconf 88' lang='grc' dir='ltr'>ρκ’.</span> <span class='ocrx_word' id='word_1_325' title='bbox 1265 2534 1330 2591; x_wconf 80' lang='grc' dir='ltr'>Εἰ</span> <span class='ocrx_word' id='word_1_326' title='bbox 1387 2530 1498 2588; x_wconf 81' lang='grc' dir='ltr'>ἔστι</span> <span class='ocrx_word' id='word_1_327' title='bbox 1535 2555 1585 2588; x_wconf 91' lang='grc' dir='ltr'>τι</span> <span class='ocrx_word' id='word_1_328' title='bbox 1628 2533 1778 2597; x_wconf 85' lang='grc' dir='ltr'>ἐκτὸς</span> <span class='ocrx_word' id='word_1_329' title='bbox 1815 2537 1910 2588; x_wconf 79' lang='grc' dir='ltr'>τοῦ</span> <span class='ocrx_word' id='word_1_330' title='bbox 1959 2533 2050 2587; x_wconf 76' lang='grc' dir='ltr'>οὐ·</span> 
     </span>
    </p>
   </div>
   <div class='ocr_carea' id='block_1_42' title="bbox 407 2622 2050 2703">
    <p class='ocr_par' dir='ltr' id='par_1_42' title="bbox 407 2622 2050 2703">
     <span class='ocr_line' id='line_1_42' title="bbox 407 2622 2050 2703; baseline -0.003 -22"><span class='ocrx_word' id='word_1_331' title='bbox 407 2631 590 2703; x_wconf 80' lang='grc' dir='ltr'>ρανοῢ.</span> <span class='ocrx_word' id='word_1_332' title='bbox 626 2627 761 2700; x_wconf 84' lang='grc' dir='ltr'>ρκά’.</span> <span class='ocrx_word' id='word_1_333' title='bbox 794 2625 924 2700; x_wconf 83' lang='grc' dir='ltr'>Περὶ</span> <span class='ocrx_word' id='word_1_334' title='bbox 953 2625 1052 2692; x_wconf 71' lang='grc' dir='ltr'>τῆς</span> <span class='ocrx_word' id='word_1_335' title='bbox 1083 2627 1179 2678; x_wconf 76' lang='grc' dir='ltr'>τοῦ</span> <span class='ocrx_word' id='word_1_336' title='bbox 1210 2622 1498 2698; x_wconf 86' lang='grc' dir='ltr'>ἀνθρώπου</span> <span class='ocrx_word' id='word_1_337' title='bbox 1530 2622 1734 2684; x_wconf 86' lang='grc' dir='ltr'>οὐσίας.</span> <span class='ocrx_word' id='word_1_338' title='bbox 1769 2623 1906 2698; x_wconf 83' lang='grc' dir='ltr'>ρκβ’.</span> <span class='ocrx_word' id='word_1_339' title='bbox 1957 2622 2050 2684; x_wconf 82' lang='grc' dir='ltr'>Εἷς</span> 
     </span>
    </p>
   </div>
   <div class='ocr_carea' id='block_1_43' title="bbox 405 2709 2052 2788">
    <p class='ocr_par' dir='ltr' id='par_1_43' title="bbox 405 2709 2052 2788">
     <span class='ocr_line' id='line_1_43' title="bbox 405 2709 2052 2788; baseline -0.003 -18"><span class='ocrx_word' id='word_1_340' title='bbox 405 2717 607 2778; x_wconf 86' lang='grc' dir='ltr'>πόσους</span> <span class='ocrx_word' id='word_1_341' title='bbox 662 2712 898 2776; x_wconf 78' lang='grc' dir='ltr'>κύκλους</span> <span class='ocrx_word' id='word_1_342' title='bbox 951 2710 1236 2788; x_wconf 85' lang='grc' dir='ltr'>διαιρεῖται</span> <span class='ocrx_word' id='word_1_343' title='bbox 1269 2714 1296 2768; x_wconf 91' lang='grc' dir='ltr'>ὁ</span> <span class='ocrx_word' id='word_1_344' title='bbox 1329 2712 1572 2786; x_wconf 84' lang='grc' dir='ltr'>οὐρανός.</span> <span class='ocrx_word' id='word_1_345' title='bbox 1609 2713 1743 2787; x_wconf 88' lang='grc' dir='ltr'>ρκγ’.</span> <span class='ocrx_word' id='word_1_346' title='bbox 1779 2709 1908 2787; x_wconf 85' lang='grc' dir='ltr'>Περὶ</span> <span class='ocrx_word' id='word_1_347' title='bbox 1955 2716 2052 2766; x_wconf 72' lang='grc' dir='ltr'>τοῦ</span> 
     </span>
    </p>
   </div>
   <div class='ocr_carea' id='block_1_44' title="bbox 409 2799 2051 2884">
    <p class='ocr_par' dir='ltr' id='par_1_44' title="bbox 409 2799 2051 2884">
     <span class='ocr_line' id='line_1_44' title="bbox 409 2799 2051 2884; baseline -0.002 -25"><span class='ocrx_word' id='word_1_348' title='bbox 409 2805 736 2884; x_wconf 68' lang='grc' dir='ltr'>φαινομένου</span> <span class='ocrx_word' id='word_1_349' title='bbox 768 2802 819 2858; x_wconf 84' lang='grc' dir='ltr'>έν</span> <span class='ocrx_word' id='word_1_350' title='bbox 845 2807 927 2875; x_wconf 77' lang='grc' dir='ltr'>τῷ</span> <span class='ocrx_word' id='word_1_351' title='bbox 977 2801 1192 2876; x_wconf 80' lang='grc' dir='ltr'>οὐρανῷ</span> <span class='ocrx_word' id='word_1_352' title='bbox 1239 2799 1662 2876; x_wconf 82' lang='grc' dir='ltr'>γαλακτοειδοῦς</span> <span class='ocrx_word' id='word_1_353' title='bbox 1713 2799 1938 2873; x_wconf 74' lang='grc' dir='ltr'>κὺκλου,</span> <span class='ocrx_word' id='word_1_354' title='bbox 1961 2800 2051 2855; x_wconf 80' lang='grc' dir='ltr'>καὶ</span> 
     </span>
    </p>
   </div>
   <div class='ocr_carea' id='block_1_45' title="bbox 413 2887 2052 2968">
    <p class='ocr_par' dir='ltr' id='par_1_45' title="bbox 413 2887 2052 2968">
     <span class='ocr_line' id='line_1_45' title="bbox 413 2887 2052 2968; baseline -0.003 -19"><span class='ocrx_word' id='word_1_355' title='bbox 413 2892 712 2967; x_wconf 83' lang='grc' dir='ltr'>λεγομένου</span> <span class='ocrx_word' id='word_1_356' title='bbox 757 2889 1047 2961; x_wconf 80' lang='grc' dir='ltr'>Γαλαξίου.</span> <span class='ocrx_word' id='word_1_357' title='bbox 1099 2887 1230 2966; x_wconf 84' lang='grc' dir='ltr'>ρκδ’.</span> <span class='ocrx_word' id='word_1_358' title='bbox 1281 2890 1410 2966; x_wconf 80' lang='grc' dir='ltr'>Περὶ</span> <span class='ocrx_word' id='word_1_359' title='bbox 1459 2895 1566 2946; x_wconf 91' lang='grc' dir='ltr'>τῶν</span> <span class='ocrx_word' id='word_1_360' title='bbox 1619 2890 1958 2968; x_wconf 71' lang='grc' dir='ltr'>φαινομένων</span> <span class='ocrx_word' id='word_1_361' title='bbox 2001 2891 2052 2945; x_wconf 74' lang='grc' dir='ltr'>ἐν</span> 
     </span>
    </p>
   </div>
   <div class='ocr_carea' id='block_1_46' title="bbox 410 2977 2050 3058">
    <p class='ocr_par' dir='ltr' id='par_1_46' title="bbox 410 2977 2050 3058">
     <span class='ocr_line' id='line_1_46' title="bbox 410 2977 2050 3058; baseline -0.003 -20"><span class='ocrx_word' id='word_1_362' title='bbox 410 2988 490 3054; x_wconf 76' lang='grc' dir='ltr'>τῶ</span> <span class='ocrx_word' id='word_1_363' title='bbox 520 2981 732 3057; x_wconf 80' lang='grc' dir='ltr'>οὖρανῷ</span> <span class='ocrx_word' id='word_1_364' title='bbox 764 2977 1039 3058; x_wconf 86' lang='grc' dir='ltr'>διαφόρων</span> <span class='ocrx_word' id='word_1_365' title='bbox 1083 2979 1321 3054; x_wconf 87' lang='grc' dir='ltr'>πυρίνων</span> <span class='ocrx_word' id='word_1_366' title='bbox 1371 2981 1687 3052; x_wconf 76' lang='grc' dir='ltr'>φασμάτων.</span> <span class='ocrx_word' id='word_1_367' title='bbox 1739 2981 1860 3056; x_wconf 83' lang='grc' dir='ltr'>ρκε’.</span> <span class='ocrx_word' id='word_1_368' title='bbox 1919 2978 2050 3054; x_wconf 70' lang='grc' dir='ltr'>Περὶ</span> 
     </span>
    </p>
   </div>
   <div class='ocr_carea' id='block_1_47' title="bbox 408 3068 2050 3147">
    <p class='ocr_par' dir='ltr' id='par_1_47' title="bbox 408 3068 2050 3147">
     <span class='ocr_line' id='line_1_47' title="bbox 408 3068 2050 3147; baseline -0.001 -23"><span class='ocrx_word' id='word_1_369' title='bbox 408 3076 513 3124; x_wconf 88' lang='grc' dir='ltr'>τῶν</span> <span class='ocrx_word' id='word_1_370' title='bbox 562 3069 897 3147; x_wconf 72' lang='grc' dir='ltr'>φαινομένων</span> <span class='ocrx_word' id='word_1_371' title='bbox 946 3068 998 3124; x_wconf 87' lang='grc' dir='ltr'>ἐν</span> <span class='ocrx_word' id='word_1_372' title='bbox 1042 3073 1122 3141; x_wconf 81' lang='grc' dir='ltr'>τῷ</span> <span class='ocrx_word' id='word_1_373' title='bbox 1165 3069 1382 3140; x_wconf 80' lang='grc' dir='ltr'>οὐρανῷ</span> <span class='ocrx_word' id='word_1_374' title='bbox 1435 3070 1749 3144; x_wconf 88' lang='grc' dir='ltr'>χρωμάτων</span> <span class='ocrx_word' id='word_1_375' title='bbox 1800 3068 2050 3142; x_wconf 74' lang='grc' dir='ltr'>αἱμάτω-</span> 
     </span>
    </p>
   </div>
   <div class='ocr_carea' id='block_1_48' title="bbox 406 3156 2049 3234">
    <p class='ocr_par' dir='ltr' id='par_1_48' title="bbox 406 3156 2049 3234">
     <span class='ocr_line' id='line_1_48' title="bbox 406 3156 2049 3234; baseline -0.001 -20"><span class='ocrx_word' id='word_1_376' title='bbox 406 3158 534 3228; x_wconf 89' lang='grc' dir='ltr'>δῶν,</span> <span class='ocrx_word' id='word_1_377' title='bbox 574 3159 663 3214; x_wconf 81' lang='grc' dir='ltr'>καὶ</span> <span class='ocrx_word' id='word_1_378' title='bbox 713 3158 1041 3234; x_wconf 86' lang='grc' dir='ltr'>χασμάτων.</span> <span class='ocrx_word' id='word_1_379' title='bbox 1094 3164 1226 3233; x_wconf 81' lang='grc' dir='ltr'>ρκς’.</span> <span class='ocrx_word' id='word_1_380' title='bbox 1278 3157 1413 3232; x_wconf 87' lang='grc' dir='ltr'>Περὶ</span> <span class='ocrx_word' id='word_1_381' title='bbox 1470 3161 1571 3223; x_wconf 82' lang='grc' dir='ltr'>τῆς</span> <span class='ocrx_word' id='word_1_382' title='bbox 1630 3157 1814 3220; x_wconf 78' lang='grc' dir='ltr'>οὐσίας</span> <span class='ocrx_word' id='word_1_383' title='bbox 1861 3156 2049 3226; x_wconf 83' lang='grc' dir='ltr'>ἡλίου,</span> 
     </span>
    </p>
   </div>
   <div class='ocr_carea' id='block_1_49' title="bbox 399 3245 2046 3323">
    <p class='ocr_par' dir='ltr' id='par_1_49' title="bbox 399 3245 2046 3323">
     <span class='ocr_line' id='line_1_49' title="bbox 399 3245 2046 3323; baseline -0.001 -20"><span class='ocrx_word' id='word_1_384' title='bbox 399 3247 487 3304; x_wconf 84' lang='grc' dir='ltr'>καὶ</span> <span class='ocrx_word' id='word_1_385' title='bbox 518 3247 564 3303; x_wconf 73' lang='grc' dir='ltr'>εἴ</span> <span class='ocrx_word' id='word_1_386' title='bbox 592 3245 797 3303; x_wconf 90' lang='grc' dir='ltr'>πολλοί</span> <span class='ocrx_word' id='word_1_387' title='bbox 832 3247 964 3302; x_wconf 79' lang='grc' dir='ltr'>εἰσιν</span> <span class='ocrx_word' id='word_1_388' title='bbox 1008 3245 1184 3316; x_wconf 75' lang='grc' dir='ltr'>ἣλιοι.</span> <span class='ocrx_word' id='word_1_389' title='bbox 1214 3249 1344 3323; x_wconf 87' lang='grc' dir='ltr'>ρκζ’.</span> <span class='ocrx_word' id='word_1_390' title='bbox 1378 3245 1507 3322; x_wconf 83' lang='grc' dir='ltr'>Περὶ</span> <span class='ocrx_word' id='word_1_391' title='bbox 1561 3246 1816 3320; x_wconf 87' lang='grc' dir='ltr'>μεγέθους</span> <span class='ocrx_word' id='word_1_392' title='bbox 1862 3245 2046 3316; x_wconf 82' lang='grc' dir='ltr'>ἡλίου,</span> 
     </span>
    </p>
   </div>
   <div class='ocr_carea' id='block_1_50' title="bbox 400 3334 2045 3412">
    <p class='ocr_par' dir='ltr' id='par_1_50' title="bbox 400 3334 2045 3412">
     <span class='ocr_line' id='line_1_50' title="bbox 400 3334 2045 3412; baseline -0.001 -18"><span class='ocrx_word' id='word_1_393' title='bbox 400 3339 491 3394; x_wconf 76' lang='grc' dir='ltr'>καὶ</span> <span class='ocrx_word' id='word_1_394' title='bbox 540 3339 801 3410; x_wconf 68' lang='grc' dir='ltr'>σελήνης,</span> <span class='ocrx_word' id='word_1_395' title='bbox 841 3340 932 3392; x_wconf 79' lang='grc' dir='ltr'>καὶ</span> <span class='ocrx_word' id='word_1_396' title='bbox 985 3344 1112 3412; x_wconf 82' lang='grc' dir='ltr'>γῆς.</span> <span class='ocrx_word' id='word_1_397' title='bbox 1164 3337 1303 3411; x_wconf 84' lang='grc' dir='ltr'>ρκη’.</span> <span class='ocrx_word' id='word_1_398' title='bbox 1348 3335 1476 3411; x_wconf 82' lang='grc' dir='ltr'>Περὶ</span> <span class='ocrx_word' id='word_1_399' title='bbox 1511 3335 1806 3409; x_wconf 79' lang='grc' dir='ltr'>ἐκλειψεως</span> <span class='ocrx_word' id='word_1_400' title='bbox 1853 3334 2045 3406; x_wconf 80' lang='grc' dir='ltr'>ἡλίου.</span> 
     </span>
    </p>
   </div>
   <div class='ocr_carea' id='block_1_51' title="bbox 401 3423 2048 3506">
    <p class='ocr_par' dir='ltr' id='par_1_51' title="bbox 401 3423 2048 3506">
     <span class='ocr_line' id='line_1_51' title="bbox 401 3423 2048 3506; baseline -0.001 -23"><span class='ocrx_word' id='word_1_401' title='bbox 401 3431 533 3506; x_wconf 78' lang='grc' dir='ltr'>ρκθ’.</span> <span class='ocrx_word' id='word_1_402' title='bbox 562 3428 693 3501; x_wconf 80' lang='grc' dir='ltr'>Περὶ</span> <span class='ocrx_word' id='word_1_403' title='bbox 724 3424 1023 3500; x_wconf 76' lang='grc' dir='ltr'>ἐκλείψεως</span> <span class='ocrx_word' id='word_1_404' title='bbox 1055 3424 1313 3495; x_wconf 80' lang='grc' dir='ltr'>σελήνης.</span> <span class='ocrx_word' id='word_1_405' title='bbox 1350 3423 1451 3499; x_wconf 87' lang='grc' dir='ltr'>ρλ’.</span> <span class='ocrx_word' id='word_1_406' title='bbox 1483 3424 1549 3480; x_wconf 65' lang='grc' dir='ltr'>Εἴ</span> <span class='ocrx_word' id='word_1_407' title='bbox 1577 3425 1776 3500; x_wconf 85' lang='grc' dir='ltr'>θερμὸς</span> <span class='ocrx_word' id='word_1_408' title='bbox 1806 3426 1833 3479; x_wconf 92' lang='lat'>6</span> <span class='ocrx_word' id='word_1_409' title='bbox 1864 3424 2048 3494; x_wconf 80' lang='grc' dir='ltr'>ἥλιος.</span> 
     </span>
    </p>
   </div>
   <div class='ocr_carea' id='block_1_52' title="bbox 404 3512 2048 3594">
    <p class='ocr_par' dir='ltr' id='par_1_52' title="bbox 404 3512 2048 3594">
     <span class='ocr_line' id='line_1_52' title="bbox 404 3512 2048 3594; baseline -0.002 -23"><span class='ocrx_word' id='word_1_410' title='bbox 404 3516 541 3594; x_wconf 90' lang='grc' dir='ltr'>ρλα’.</span> <span class='ocrx_word' id='word_1_411' title='bbox 575 3518 676 3579; x_wconf 84' lang='grc' dir='ltr'>Τίς</span> <span class='ocrx_word' id='word_1_412' title='bbox 707 3517 743 3586; x_wconf 85' lang='grc' dir='ltr'>ἡ</span> <span class='ocrx_word' id='word_1_413' title='bbox 776 3514 931 3570; x_wconf 81' lang='grc' dir='ltr'>οὐσία</span> <span class='ocrx_word' id='word_1_414' title='bbox 973 3519 1080 3569; x_wconf 90' lang='grc' dir='ltr'>τῶν</span> <span class='ocrx_word' id='word_1_415' title='bbox 1124 3514 1383 3588; x_wconf 87' lang='grc' dir='ltr'>ἀστέρων.</span> <span class='ocrx_word' id='word_1_416' title='bbox 1428 3512 1569 3588; x_wconf 80' lang='grc' dir='ltr'>ρλβ’.</span> <span class='ocrx_word' id='word_1_417' title='bbox 1607 3513 1734 3588; x_wconf 79' lang='grc' dir='ltr'>Περὶ</span> <span class='ocrx_word' id='word_1_418' title='bbox 1784 3521 1884 3584; x_wconf 83' lang='grc' dir='ltr'>τῆς</span> <span class='ocrx_word' id='word_1_419' title='bbox 1939 3519 2048 3569; x_wconf 90' lang='grc' dir='ltr'>τῶν</span> 
     </span>
    </p>
   </div>
   <div class='ocr_carea' id='block_1_53' title="bbox 404 3601 2046 3682">
    <p class='ocr_par' dir='ltr' id='par_1_53' title="bbox 404 3601 2046 3682">
     <span class='ocr_line' id='line_1_53' title="bbox 404 3601 2046 3682; baseline -0.002 -20"><span class='ocrx_word' id='word_1_420' title='bbox 404 3601 642 3682; x_wconf 82' lang='grc' dir='ltr'>ἀστέρων</span> <span class='ocrx_word' id='word_1_421' title='bbox 713 3611 882 3682; x_wconf 78' lang='grc' dir='ltr'>φορᾶς</span> <span class='ocrx_word' id='word_1_422' title='bbox 948 3605 1035 3658; x_wconf 82' lang='grc' dir='ltr'>καὶ</span> <span class='ocrx_word' id='word_1_423' title='bbox 1113 3605 1402 3673; x_wconf 75' lang='grc' dir='ltr'>κινήσεως.</span> <span class='ocrx_word' id='word_1_424' title='bbox 1450 3602 1584 3676; x_wconf 80' lang='grc' dir='ltr'>ρλγ“.</span> <span class='ocrx_word' id='word_1_425' title='bbox 1645 3605 1869 3658; x_wconf 78' lang='grc' dir='ltr'>Ποτάπά</span> <span class='ocrx_word' id='word_1_426' title='bbox 1941 3609 2046 3658; x_wconf 88' lang='grc' dir='ltr'>τῶν</span> 
     </span>
    </p>
   </div>
   <div class='ocr_carea' id='block_1_54' title="bbox 407 3689 2044 3772">
    <p class='ocr_par' dir='ltr' id='par_1_54' title="bbox 407 3689 2044 3772">
     <span class='ocr_line' id='line_1_54' title="bbox 407 3689 2044 3772; baseline -0.002 -21"><span class='ocrx_word' id='word_1_427' title='bbox 407 3697 646 3772; x_wconf 89' lang='grc' dir='ltr'>ἀστέρων</span> <span class='ocrx_word' id='word_1_428' title='bbox 694 3694 762 3749; x_wconf 75' lang='grc' dir='ltr'>τὰ</span> <span class='ocrx_word' id='word_1_429' title='bbox 811 3695 1089 3768; x_wconf 73' lang='grc' dir='ltr'>σχήματα.</span> <span class='ocrx_word' id='word_1_430' title='bbox 1143 3689 1278 3768; x_wconf 82' lang='grc' dir='ltr'>ρλδ’.</span> <span class='ocrx_word' id='word_1_431' title='bbox 1331 3692 1462 3766; x_wconf 84' lang='grc' dir='ltr'>Περὶ</span> <span class='ocrx_word' id='word_1_432' title='bbox 1527 3691 1726 3761; x_wconf 81' lang='grc' dir='ltr'>τάξεως</span> <span class='ocrx_word' id='word_1_433' title='bbox 1786 3692 2044 3768; x_wconf 89' lang='grc' dir='ltr'>ἀστέρων.</span> 
     </span>
    </p>
   </div>
   <div class='ocr_carea' id='block_1_55' title="bbox 2166 1909 3813 1988">
    <p class='ocr_par' dir='ltr' id='par_1_55' title="bbox 2166 1909 3813 1988">
     <span class='ocr_line' id='line_1_55' title="bbox 2166 1909 3813 1988; baseline 0.009 -25"><span class='ocrx_word' id='word_1_434' title='bbox 2166 1911 2294 1985; x_wconf 81' lang='grc' dir='ltr'>ροΘ’.</span> <span class='ocrx_word' id='word_1_435' title='bbox 2328 1910 2457 1985; x_wconf 80' lang='grc' dir='ltr'>Περί</span> <span class='ocrx_word' id='word_1_436' title='bbox 2486 1915 2705 1986; x_wconf 89' lang='grc' dir='ltr'>χυμῶν.</span> <span class='ocrx_word' id='word_1_437' title='bbox 2738 1914 2844 1988; x_wconf 84' lang='grc' dir='ltr'>ρπ’.</span> <span class='ocrx_word' id='word_1_438' title='bbox 2878 1915 3026 1967; x_wconf 88' lang='grc' dir='ltr'>Διατί</span> <span class='ocrx_word' id='word_1_439' title='bbox 3079 1909 3530 1988; x_wconf 80' lang='grc' dir='ltr'>παραϐάλλουσιν</span> <span class='ocrx_word' id='word_1_440' title='bbox 3580 1918 3715 1985; x_wconf 79' lang='grc' dir='ltr'>ἅλας</span> <span class='ocrx_word' id='word_1_441' title='bbox 3763 1923 3813 1977; x_wconf 78' lang='grc' dir='ltr'>οἱ</span> 
     </span>
    </p>
   </div>
   <div class='ocr_carea' id='block_1_56' title="bbox 2163 2001 3813 2082">
    <p class='ocr_par' dir='ltr' id='par_1_56' title="bbox 2163 2001 3813 2082">
     <span class='ocr_line' id='line_1_56' title="bbox 2163 2001 3813 2082; baseline 0.009 -31"><span class='ocrx_word' id='word_1_442' title='bbox 2163 2004 2350 2070; x_wconf 84' lang='grc' dir='ltr'>νομεῖς</span> <span class='ocrx_word' id='word_1_443' title='bbox 2381 2005 2496 2062; x_wconf 86' lang='grc' dir='ltr'>τοῖς</span> <span class='ocrx_word' id='word_1_444' title='bbox 2529 2001 2857 2076; x_wconf 81' lang='grc' dir='ltr'>Θρέμμασιν.</span> <span class='ocrx_word' id='word_1_445' title='bbox 2894 2004 3034 2078; x_wconf 90' lang='grc' dir='ltr'>ρπα’.</span> <span class='ocrx_word' id='word_1_446' title='bbox 3069 2003 3220 2058; x_wconf 87' lang='grc' dir='ltr'>Διατί</span> <span class='ocrx_word' id='word_1_447' title='bbox 3258 2006 3357 2075; x_wconf 66' lang='grc' dir='ltr'>τὴν</span> <span class='ocrx_word' id='word_1_448' title='bbox 3407 2007 3601 2082; x_wconf 79' lang='grc' dir='ltr'>χροιὰν</span> <span class='ocrx_word' id='word_1_449' title='bbox 3645 2010 3672 2063; x_wconf 90' lang='grc' dir='ltr'>ὁ</span> <span class='ocrx_word' id='word_1_450' title='bbox 3705 2031 3813 2066; x_wconf 84' lang='grc' dir='ltr'>πο-</span> 
     </span>
    </p>
   </div>
   <div class='ocr_carea' id='block_1_57' title="bbox 2165 2085 3813 2176">
    <p class='ocr_par' dir='ltr' id='par_1_57' title="bbox 2165 2085 3813 2176">
     <span class='ocr_line' id='line_1_57' title="bbox 2165 2085 3813 2176; baseline 0.007 -35"><span class='ocrx_word' id='word_1_451' title='bbox 2165 2085 2372 2150; x_wconf 79' lang='grc' dir='ltr'>λύπους</span> <span class='ocrx_word' id='word_1_452' title='bbox 2417 2087 2752 2160; x_wconf 81' lang='grc' dir='ltr'>ἐξαλλάττει,</span> <span class='ocrx_word' id='word_1_453' title='bbox 2807 2093 2891 2153; x_wconf 80' lang='grc' dir='ltr'>αἷς</span> <span class='ocrx_word' id='word_1_454' title='bbox 2960 2091 3018 2146; x_wconf 81' lang='grc' dir='ltr'>ἂν</span> <span class='ocrx_word' id='word_1_455' title='bbox 3095 2092 3316 2168; x_wconf 81' lang='grc' dir='ltr'>πέτραις</span> <span class='ocrx_word' id='word_1_456' title='bbox 3401 2096 3813 2176; x_wconf 70' lang='grc' dir='ltr'>προσομιλήσῃ,</span> 
     </span>
    </p>
   </div>
   <div class='ocr_carea' id='block_1_58' title="bbox 2166 2177 3808 2264">
    <p class='ocr_par' dir='ltr' id='par_1_58' title="bbox 2166 2177 3808 2264">
     <span class='ocr_line' id='line_1_58' title="bbox 2166 2177 3808 2264; baseline 0.007 -33"><span class='ocrx_word' id='word_1_457' title='bbox 2166 2178 2310 2253; x_wconf 84' lang='grc' dir='ltr'>ρπβ’.</span> <span class='ocrx_word' id='word_1_458' title='bbox 2346 2177 2496 2232; x_wconf 85' lang='grc' dir='ltr'>Διατί</span> <span class='ocrx_word' id='word_1_459' title='bbox 2525 2181 2624 2247; x_wconf 74' lang='grc' dir='ltr'>τῆς</span> <span class='ocrx_word' id='word_1_460' title='bbox 2653 2177 2852 2253; x_wconf 79' lang='grc' dir='ltr'>ἄρκτου</span> <span class='ocrx_word' id='word_1_461' title='bbox 2885 2183 2918 2250; x_wconf 79' lang='grc' dir='ltr'>ἡ</span> <span class='ocrx_word' id='word_1_462' title='bbox 2954 2180 3184 2255; x_wconf 72' lang='grc' dir='ltr'>παλόίμη</span> <span class='ocrx_word' id='word_1_463' title='bbox 3235 2186 3334 2252; x_wconf 77' lang='grc' dir='ltr'>τῆς</span> <span class='ocrx_word' id='word_1_464' title='bbox 3384 2186 3572 2260; x_wconf 89' lang='grc' dir='ltr'>χειρὸς</span> <span class='ocrx_word' id='word_1_465' title='bbox 3619 2193 3808 2264; x_wconf 81' lang='grc' dir='ltr'>φαγεῖν</span> 
     </span>
    </p>
   </div>
   <div class='ocr_carea' id='block_1_59' title="bbox 2162 2265 3813 2353">
    <p class='ocr_par' dir='ltr' id='par_1_59' title="bbox 2162 2265 3813 2353">
     <span class='ocr_line' id='line_1_59' title="bbox 2162 2265 3813 2353; baseline 0.006 -32"><span class='ocrx_word' id='word_1_466' title='bbox 2162 2265 2494 2342; x_wconf 86' lang='grc' dir='ltr'>γλυκυτάτη.</span> <span class='ocrx_word' id='word_1_467' title='bbox 2530 2270 2673 2343; x_wconf 85' lang='grc' dir='ltr'>ρπγ’.</span> <span class='ocrx_word' id='word_1_468' title='bbox 2707 2268 2860 2323; x_wconf 84' lang='grc' dir='ltr'>Διατί</span> <span class='ocrx_word' id='word_1_469' title='bbox 2892 2276 3118 2344; x_wconf 83' lang='grc' dir='ltr'>Δωριεῖς</span> <span class='ocrx_word' id='word_1_470' title='bbox 3149 2268 3406 2346; x_wconf 71' lang='grc' dir='ltr'>εὔχονται</span> <span class='ocrx_word' id='word_1_471' title='bbox 3455 2276 3624 2344; x_wconf 73' lang='grc' dir='ltr'>κακὴν</span> <span class='ocrx_word' id='word_1_472' title='bbox 3675 2277 3813 2353; x_wconf 87' lang='grc' dir='ltr'>χόρ-</span> 
     </span>
    </p>
   </div>
   <div class='ocr_carea' id='block_1_60' title="bbox 2161 2354 3814 2435">
    <p class='ocr_par' dir='ltr' id='par_1_60' title="bbox 2161 2354 3814 2435">
     <span class='ocr_line' id='line_1_60' title="bbox 2161 2354 3814 2435; baseline 0.007 -26"><span class='ocrx_word' id='word_1_473' title='bbox 2161 2377 2257 2410; x_wconf 88' lang='grc' dir='ltr'>του</span> <span class='ocrx_word' id='word_1_474' title='bbox 2291 2354 2652 2431; x_wconf 67' lang='grc' dir='ltr'>συγκομιδήν,</span> <span class='ocrx_word' id='word_1_475' title='bbox 2689 2355 2827 2432; x_wconf 85' lang='grc' dir='ltr'>ρπδ¹.</span> <span class='ocrx_word' id='word_1_476' title='bbox 2862 2359 3012 2412; x_wconf 89' lang='grc' dir='ltr'>Διατί</span> <span class='ocrx_word' id='word_1_477' title='bbox 3055 2362 3089 2428; x_wconf 86' lang='grc' dir='ltr'>ἠ</span> <span class='ocrx_word' id='word_1_478' title='bbox 3150 2357 3344 2435; x_wconf 75' lang='grc' dir='ltr'>ἄρκτος</span> <span class='ocrx_word' id='word_1_479' title='bbox 3395 2362 3495 2418; x_wconf 82' lang='grc' dir='ltr'>οὐκ</span> <span class='ocrx_word' id='word_1_480' title='bbox 3541 2363 3706 2420; x_wconf 83' lang='grc' dir='ltr'>ἐσθίει</span> <span class='ocrx_word' id='word_1_481' title='bbox 3747 2369 3814 2422; x_wconf 82' lang='grc' dir='ltr'>τά</span> 
     </span>
    </p>
   </div>
   <div class='ocr_carea' id='block_1_61' title="bbox 2164 2441 3812 2529">
    <p class='ocr_par' dir='ltr' id='par_1_61' title="bbox 2164 2441 3812 2529">
     <span class='ocr_line' id='line_1_61' title="bbox 2164 2441 3812 2529; baseline 0.007 -31"><span class='ocrx_word' id='word_1_482' title='bbox 2164 2441 2372 2511; x_wconf 85' lang='grc' dir='ltr'>δίκτυα,</span> <span class='ocrx_word' id='word_1_483' title='bbox 2407 2443 2531 2499; x_wconf 81' lang='grc' dir='ltr'>ὅταν</span> <span class='ocrx_word' id='word_1_484' title='bbox 2590 2444 2896 2511; x_wconf 81' lang='grc' dir='ltr'>ἁλίσκηται.</span> <span class='ocrx_word' id='word_1_485' title='bbox 2957 2448 3090 2518; x_wconf 89' lang='grc' dir='ltr'>ρπε’.</span> <span class='ocrx_word' id='word_1_486' title='bbox 3126 2449 3276 2502; x_wconf 86' lang='grc' dir='ltr'>Διατί</span> <span class='ocrx_word' id='word_1_487' title='bbox 3325 2451 3360 2519; x_wconf 81' lang='grc' dir='ltr'>ἡ</span> <span class='ocrx_word' id='word_1_488' title='bbox 3411 2452 3590 2516; x_wconf 82' lang='grc' dir='ltr'>τευθὶς</span> <span class='ocrx_word' id='word_1_489' title='bbox 3620 2475 3812 2529; x_wconf 81' lang='grc' dir='ltr'>φαινο-</span> 
     </span>
    </p>
   </div>
   <div class='ocr_carea' id='block_1_62' title="bbox 2165 2535 3808 2617">
    <p class='ocr_par' dir='ltr' id='par_1_62' title="bbox 2165 2535 3808 2617">
     <span class='ocr_line' id='line_1_62' title="bbox 2165 2535 3808 2617; baseline 0.008 -31"><span class='ocrx_word' id='word_1_490' title='bbox 2165 2535 2295 2606; x_wconf 89' lang='grc' dir='ltr'>μένη</span> <span class='ocrx_word' id='word_1_491' title='bbox 2354 2539 2580 2606; x_wconf 84' lang='grc' dir='ltr'>σημεῖον</span> <span class='ocrx_word' id='word_1_492' title='bbox 2635 2535 2912 2609; x_wconf 79' lang='grc' dir='ltr'>χειμῶνός</span> <span class='ocrx_word' id='word_1_493' title='bbox 2971 2535 3082 2591; x_wconf 78' lang='grc' dir='ltr'>ἐστι</span> <span class='ocrx_word' id='word_1_494' title='bbox 3154 2543 3293 2610; x_wconf 84' lang='grc' dir='ltr'>ρπς⁶.</span> <span class='ocrx_word' id='word_1_495' title='bbox 3340 2539 3490 2594; x_wconf 87' lang='grc' dir='ltr'>Διατί</span> <span class='ocrx_word' id='word_1_496' title='bbox 3557 2542 3649 2596; x_wconf 86' lang='grc' dir='ltr'>τὸν</span> <span class='ocrx_word' id='word_1_497' title='bbox 3714 2544 3808 2617; x_wconf 75' lang='grc' dir='ltr'>μέν</span> 
     </span>
    </p>
   </div>
   <div class='ocr_carea' id='block_1_63' title="bbox 2163 2621 3808 2703">
    <p class='ocr_par' dir='ltr' id='par_1_63' title="bbox 2163 2621 3808 2703">
     <span class='ocr_line' id='line_1_63' title="bbox 2163 2621 3808 2703; baseline 0.007 -27"><span class='ocrx_word' id='word_1_498' title='bbox 2163 2627 2308 2676; x_wconf 87' lang='grc' dir='ltr'>σῖτον</span> <span class='ocrx_word' id='word_1_499' title='bbox 2371 2622 2422 2677; x_wconf 78' lang='grc' dir='ltr'>ἐν</span> <span class='ocrx_word' id='word_1_500' title='bbox 2463 2621 2710 2694; x_wconf 70' lang='grc' dir='ltr'>πηλώδει</span> <span class='ocrx_word' id='word_1_501' title='bbox 2751 2623 3050 2701; x_wconf 76' lang='grc' dir='ltr'>φυτεόομεν</span> <span class='ocrx_word' id='word_1_502' title='bbox 3109 2629 3202 2701; x_wconf 77' lang='grc' dir='ltr'>γῇ,</span> <span class='ocrx_word' id='word_1_503' title='bbox 3243 2628 3342 2695; x_wconf 75' lang='grc' dir='ltr'>τήν</span> <span class='ocrx_word' id='word_1_504' title='bbox 3403 2626 3460 2684; x_wconf 75' lang='grc' dir='ltr'>δὲ</span> <span class='ocrx_word' id='word_1_505' title='bbox 3507 2633 3700 2703; x_wconf 76' lang='grc' dir='ltr'>κριθὴν</span> <span class='ocrx_word' id='word_1_506' title='bbox 3755 2633 3808 2688; x_wconf 80' lang='grc' dir='ltr'>ἐν</span> 
     </span>
    </p>
   </div>
   <div class='ocr_carea' id='block_1_64' title="bbox 2160 2712 3806 2796">
    <p class='ocr_par' dir='ltr' id='par_1_64' title="bbox 2160 2712 3806 2796">
     <span class='ocr_line' id='line_1_64' title="bbox 2160 2712 3806 2796; baseline 0.007 -30"><span class='ocrx_word' id='word_1_507' title='bbox 2160 2712 2464 2787; x_wconf 75' lang='grc' dir='ltr'>καταξηρῳ.</span> <span class='ocrx_word' id='word_1_508' title='bbox 2527 2714 2664 2788; x_wconf 80' lang='grc' dir='ltr'>ρπζ’.</span> <span class='ocrx_word' id='word_1_509' title='bbox 2726 2713 2876 2767; x_wconf 89' lang='grc' dir='ltr'>Διατί</span> <span class='ocrx_word' id='word_1_510' title='bbox 2929 2717 2963 2783; x_wconf 84' lang='grc' dir='ltr'><strong>ἡ</strong></span> <span class='ocrx_word' id='word_1_511' title='bbox 3022 2712 3272 2788; x_wconf 74' lang='grc' dir='ltr'>ἄμπελος</span> <span class='ocrx_word' id='word_1_512' title='bbox 3331 2714 3462 2791; x_wconf 51' lang='grc' dir='ltr'>οἴνῳ</span> <span class='ocrx_word' id='word_1_513' title='bbox 3519 2718 3806 2796; x_wconf 81' lang='grc' dir='ltr'>ῥαινομένη</span> 
     </span>
    </p>
   </div>
   <div class='ocr_carea' id='block_1_65' title="bbox 2165 2798 3808 2880">
    <p class='ocr_par' dir='ltr' id='par_1_65' title="bbox 2165 2798 3808 2880">
     <span class='ocr_line' id='line_1_65' title="bbox 2165 2798 3808 2880; baseline 0.008 -26"><span class='ocrx_word' id='word_1_514' title='bbox 2165 2798 2401 2872; x_wconf 86' lang='grc' dir='ltr'>μάλιστα</span> <span class='ocrx_word' id='word_1_515' title='bbox 2447 2805 2524 2874; x_wconf 80' lang='grc' dir='ltr'>τῷ</span> <span class='ocrx_word' id='word_1_516' title='bbox 2567 2799 2618 2870; x_wconf 80' lang='grc' dir='ltr'>ἐξ</span> <span class='ocrx_word' id='word_1_517' title='bbox 2662 2801 2828 2870; x_wconf 76' lang='grc' dir='ltr'>αὐτῆς</span> <span class='ocrx_word' id='word_1_518' title='bbox 2878 2801 3310 2878; x_wconf 83' lang='grc' dir='ltr'>ἀναξηραίνεται.</span> <span class='ocrx_word' id='word_1_519' title='bbox 3364 2809 3510 2880; x_wconf 84' lang='grc' dir='ltr'>ρπη’.</span> <span class='ocrx_word' id='word_1_520' title='bbox 3545 2810 3694 2865; x_wconf 89' lang='grc' dir='ltr'>Διατί</span> <span class='ocrx_word' id='word_1_521' title='bbox 3741 2811 3808 2867; x_wconf 75' lang='grc' dir='ltr'>τὰ</span> 
     </span>
    </p>
   </div>
   <div class='ocr_carea' id='block_1_66' title="bbox 2162 2888 3804 2975">
    <p class='ocr_par' dir='ltr' id='par_1_66' title="bbox 2162 2888 3804 2975">
     <span class='ocr_line' id='line_1_66' title="bbox 2162 2888 3804 2975; baseline 0.007 -31"><span class='ocrx_word' id='word_1_522' title='bbox 2162 2889 2294 2966; x_wconf 77' lang='grc' dir='ltr'>ῥόδα</span> <span class='ocrx_word' id='word_1_523' title='bbox 2326 2888 2539 2962; x_wconf 76' lang='grc' dir='ltr'>μᾶλλον</span> <span class='ocrx_word' id='word_1_524' title='bbox 2571 2891 2722 2955; x_wconf 87' lang='grc' dir='ltr'>ἀνθεῖ</span> <span class='ocrx_word' id='word_1_525' title='bbox 2753 2888 3012 2946; x_wconf 89' lang='grc' dir='ltr'>δυσωδῶν</span> <span class='ocrx_word' id='word_1_526' title='bbox 3067 2914 3226 2948; x_wconf 90' lang='grc' dir='ltr'>τινων</span> <span class='ocrx_word' id='word_1_527' title='bbox 3279 2902 3804 2975; x_wconf 80' lang='grc' dir='ltr'>παραφυτευομένων</span> 
     </span>
    </p>
   </div>
   <div class='ocr_carea' id='block_1_67' title="bbox 2159 2979 3804 3064">
    <p class='ocr_par' dir='ltr' id='par_1_67' title="bbox 2159 2979 3804 3064">
     <span class='ocr_line' id='line_1_67' title="bbox 2159 2979 3804 3064; baseline 0.007 -31"><span class='ocrx_word' id='word_1_528' title='bbox 2159 2979 2362 3041; x_wconf 82' lang='grc' dir='ltr'>αὐτοῖς.</span> <span class='ocrx_word' id='word_1_529' title='bbox 2415 2981 2554 3055; x_wconf 84' lang='grc' dir='ltr'>ρπθ’.</span> <span class='ocrx_word' id='word_1_530' title='bbox 2609 2980 2707 3034; x_wconf 78' lang='grc' dir='ltr'>Διά</span> <span class='ocrx_word' id='word_1_531' title='bbox 2752 2980 2874 3035; x_wconf 87' lang='grc' dir='ltr'>τίνα</span> <span class='ocrx_word' id='word_1_532' title='bbox 2925 2981 3096 3036; x_wconf 87' lang='grc' dir='ltr'>αἰτίαν</span> <span class='ocrx_word' id='word_1_533' title='bbox 3150 2985 3212 3038; x_wconf 89' lang='grc' dir='ltr'>τὸ</span> <span class='ocrx_word' id='word_1_534' title='bbox 3259 2989 3366 3039; x_wconf 91' lang='grc' dir='ltr'>τῶν</span> <span class='ocrx_word' id='word_1_535' title='bbox 3421 2985 3622 3064; x_wconf 86' lang='grc' dir='ltr'>ἀγρίων</span> <span class='ocrx_word' id='word_1_536' title='bbox 3663 2991 3804 3045; x_wconf 82' lang='grc' dir='ltr'>συῶν</span> 
     </span>
    </p>
   </div>
   <div class='ocr_carea' id='block_1_68' title="bbox 2161 3065 3812 3153">
    <p class='ocr_par' dir='ltr' id='par_1_68' title="bbox 2161 3065 3812 3153">
     <span class='ocr_line' id='line_1_68' title="bbox 2161 3065 3812 3153; baseline 0.007 -31"><span class='ocrx_word' id='word_1_537' title='bbox 2161 3065 2390 3142; x_wconf 73' lang='grc' dir='ltr'>δάκρυον</span> <span class='ocrx_word' id='word_1_538' title='bbox 2441 3065 2567 3138; x_wconf 78' lang='grc' dir='ltr'>ἡδὺ,</span> <span class='ocrx_word' id='word_1_539' title='bbox 2609 3069 2670 3122; x_wconf 87' lang='grc' dir='ltr'>τὸ</span> <span class='ocrx_word' id='word_1_540' title='bbox 2720 3067 2778 3123; x_wconf 76' lang='grc' dir='ltr'>δὲ</span> <span class='ocrx_word' id='word_1_541' title='bbox 2821 3074 2928 3123; x_wconf 82' lang='grc' dir='ltr'>τῶν</span> <span class='ocrx_word' id='word_1_542' title='bbox 2982 3069 3196 3144; x_wconf 82' lang='grc' dir='ltr'>ἐλάφων</span> <span class='ocrx_word' id='word_1_543' title='bbox 3245 3071 3512 3149; x_wconf 88' lang='grc' dir='ltr'>ἁλμυρόν.</span> <span class='ocrx_word' id='word_1_544' title='bbox 3561 3076 3663 3153; x_wconf 57' lang='lat' dir='ltr'><strong><em>pl&quot;.</em></strong></span> <span class='ocrx_word' id='word_1_545' title='bbox 3712 3079 3812 3134; x_wconf 76' lang='grc' dir='ltr'>Διά</span> 
     </span>
    </p>
   </div>
   <div class='ocr_carea' id='block_1_69' title="bbox 2153 3155 3810 3238">
    <p class='ocr_par' dir='ltr' id='par_1_69' title="bbox 2153 3155 3810 3238">
     <span class='ocr_line' id='line_1_69' title="bbox 2153 3155 3810 3238; baseline 0.007 -27"><span class='ocrx_word' id='word_1_546' title='bbox 2153 3157 2282 3212; x_wconf 85' lang='grc' dir='ltr'>-τίνα</span> <span class='ocrx_word' id='word_1_547' title='bbox 2326 3155 2498 3212; x_wconf 72' lang='grc' dir='ltr'>αῗτίαν</span> <span class='ocrx_word' id='word_1_548' title='bbox 2549 3159 2604 3210; x_wconf 74' lang='grc' dir='ltr'>αἱ</span> <span class='ocrx_word' id='word_1_549' title='bbox 2649 3155 2917 3232; x_wconf 87' lang='grc' dir='ltr'>χάληκες,</span> <span class='ocrx_word' id='word_1_550' title='bbox 2945 3159 3034 3212; x_wconf 80' lang='grc' dir='ltr'>καὶ</span> <span class='ocrx_word' id='word_1_551' title='bbox 3079 3161 3134 3213; x_wconf 77' lang='grc' dir='ltr'>αἱ</span> <span class='ocrx_word' id='word_1_552' title='bbox 3169 3158 3496 3232; x_wconf 76' lang='grc' dir='ltr'>μολυϐδίδες</span> <span class='ocrx_word' id='word_1_553' title='bbox 3526 3161 3810 3238; x_wconf 77' lang='grc' dir='ltr'>ἐμϐαλλό-</span> 
     </span>
    </p>
   </div>
   <div class='ocr_carea' id='block_1_70' title="bbox 2166 3245 3813 3332">
    <p class='ocr_par' dir='ltr' id='par_1_70' title="bbox 2166 3245 3813 3332">
     <span class='ocr_line' id='line_1_70' title="bbox 2166 3245 3813 3332; baseline 0.006 -29"><span class='ocrx_word' id='word_1_554' title='bbox 2166 3269 2319 3322; x_wconf 92' lang='grc' dir='ltr'>μεναι</span> <span class='ocrx_word' id='word_1_555' title='bbox 2368 3247 2706 3323; x_wconf 75' lang='grc' dir='ltr'>ψυχρότερον</span> <span class='ocrx_word' id='word_1_556' title='bbox 2749 3247 2814 3302; x_wconf 86' lang='grc' dir='ltr'>τὸ</span> <span class='ocrx_word' id='word_1_557' title='bbox 2863 3245 3008 3322; x_wconf 81' lang='grc' dir='ltr'>ὕδωρ</span> <span class='ocrx_word' id='word_1_558' title='bbox 3056 3255 3331 3309; x_wconf 74' lang='grc' dir='ltr'>ποιοῦσιν.</span> <span class='ocrx_word' id='word_1_559' title='bbox 3380 3254 3514 3332; x_wconf 53' lang='lat' dir='ltr'><strong><em>pla.</em></strong></span> <span class='ocrx_word' id='word_1_560' title='bbox 3550 3256 3648 3311; x_wconf 85' lang='grc' dir='ltr'>Διά</span> <span class='ocrx_word' id='word_1_561' title='bbox 3691 3256 3813 3314; x_wconf 82' lang='grc' dir='ltr'>τίνα</span> 
     </span>
    </p>
   </div>
   <div class='ocr_carea' id='block_1_71' title="bbox 2159 3335 3808 3422">
    <p class='ocr_par' dir='ltr' id='par_1_71' title="bbox 2159 3335 3808 3422">
     <span class='ocr_line' id='line_1_71' title="bbox 2159 3335 3808 3422; baseline 0.007 -32"><span class='ocrx_word' id='word_1_562' title='bbox 2159 3337 2330 3392; x_wconf 72' lang='grc' dir='ltr'>αἰτίαν</span> <span class='ocrx_word' id='word_1_563' title='bbox 2383 3337 2611 3411; x_wconf 77' lang='grc' dir='ltr'>ἀχύροις</span> <span class='ocrx_word' id='word_1_564' title='bbox 2668 3335 2759 3390; x_wconf 85' lang='grc' dir='ltr'>καὶ</span> <span class='ocrx_word' id='word_1_565' title='bbox 2807 3336 3048 3408; x_wconf 75' lang='grc' dir='ltr'>ἱματίοις</span> <span class='ocrx_word' id='word_1_566' title='bbox 3094 3341 3128 3407; x_wconf 82' lang='grc' dir='ltr'><strong>ἡ</strong></span> <span class='ocrx_word' id='word_1_567' title='bbox 3180 3341 3319 3415; x_wconf 72' lang='grc' dir='ltr'>χιὼν</span> <span class='ocrx_word' id='word_1_568' title='bbox 3368 3340 3808 3422; x_wconf 85' lang='grc' dir='ltr'>διαφυλάττεται.</span> 
     </span>
    </p>
   </div>
   <div class='ocr_carea' id='block_1_72' title="bbox 2160 3422 3812 3504">
    <p class='ocr_par' dir='ltr' id='par_1_72' title="bbox 2160 3422 3812 3504">
     <span class='ocr_line' id='line_1_72' title="bbox 2160 3422 3812 3504; baseline -0.001 -24"><span class='ocrx_word' id='word_1_569' title='bbox 2160 3425 2304 3502; x_wconf 40' lang='grc' dir='ltr'>ριθβῖ</span> <span class='ocrx_word' id='word_1_570' title='bbox 2338 3426 2405 3482; x_wconf 90' lang='grc' dir='ltr'>Τί</span> <span class='ocrx_word' id='word_1_571' title='bbox 2439 3423 2580 3479; x_wconf 85' lang='grc' dir='ltr'>ἐστιν</span> <span class='ocrx_word' id='word_1_572' title='bbox 2617 3425 2644 3478; x_wconf 92' lang='grc' dir='ltr'>ὁ</span> <span class='ocrx_word' id='word_1_573' title='bbox 2679 3422 2968 3499; x_wconf 80' lang='grc' dir='ltr'>βούλιμος.</span> <span class='ocrx_word' id='word_1_574' title='bbox 3008 3426 3146 3504; x_wconf 56' lang='grc' dir='ltr'>ριιγζ</span> <span class='ocrx_word' id='word_1_575' title='bbox 3179 3430 3280 3494; x_wconf 88' lang='grc' dir='ltr'>Τίς</span> <span class='ocrx_word' id='word_1_576' title='bbox 3321 3430 3467 3486; x_wconf 80' lang='grc' dir='ltr'>αἶτία</span> <span class='ocrx_word' id='word_1_577' title='bbox 3517 3430 3585 3486; x_wconf 86' lang='grc' dir='ltr'>δι’</span> <span class='ocrx_word' id='word_1_578' title='bbox 3614 3435 3674 3502; x_wconf 81' lang='grc' dir='ltr'>ἣν</span> <span class='ocrx_word' id='word_1_579' title='bbox 3723 3432 3812 3490; x_wconf 72' lang='grc' dir='ltr'>εἰς-</span> 
     </span>
    </p>
   </div>
   <div class='ocr_carea' id='block_1_73' title="bbox 2161 3513 3809 3599">
    <p class='ocr_par' dir='ltr' id='par_1_73' title="bbox 2161 3513 3809 3599">
     <span class='ocr_line' id='line_1_73' title="bbox 2161 3513 3809 3599; baseline 0.008 -32"><span class='ocrx_word' id='word_1_580' title='bbox 2161 3525 2368 3586; x_wconf 89' lang='grc' dir='ltr'>θρυπτα</span> <span class='ocrx_word' id='word_1_581' title='bbox 2395 3513 2597 3590; x_wconf 87' lang='grc' dir='ltr'>γίνεται</span> <span class='ocrx_word' id='word_1_582' title='bbox 2627 3514 2697 3568; x_wconf 77' lang='grc' dir='ltr'>τά</span> <span class='ocrx_word' id='word_1_583' title='bbox 2725 3513 2774 3567; x_wconf 81' lang='grc' dir='ltr'>έν</span> <span class='ocrx_word' id='word_1_584' title='bbox 2816 3518 2883 3588; x_wconf 84' lang='grc' dir='ltr'>τῇ</span> <span class='ocrx_word' id='word_1_585' title='bbox 2938 3519 3072 3589; x_wconf 78' lang='grc' dir='ltr'>συκῇ</span> <span class='ocrx_word' id='word_1_586' title='bbox 3123 3519 3537 3594; x_wconf 74' lang='grc' dir='ltr'>κρεμαννύμενα</span> <span class='ocrx_word' id='word_1_587' title='bbox 3591 3524 3809 3599; x_wconf 87' lang='grc' dir='ltr'>κρέατα.</span> 
     </span>
    </p>
   </div>
   <div class='ocr_carea' id='block_1_74' title="bbox 2160 3606 3812 3680">
    <p class='ocr_par' dir='ltr' id='par_1_74' title="bbox 2160 3606 3812 3680">
     <span class='ocr_line' id='line_1_74' title="bbox 2160 3606 3812 3680; baseline 0.007 -22"><span class='ocrx_word' id='word_1_588' title='bbox 2160 3606 2220 3659; x_wconf 84' lang='lat' dir='ltr'>Id</span> <span class='ocrx_word' id='word_1_589' title='bbox 2253 3610 2361 3659; x_wconf 82' lang='lat' dir='ltr'><strong><em>est.</em></strong></span> <span class='ocrx_word' id='word_1_590' title='bbox 2385 3607 2434 3659; x_wconf 87' lang='lat'>1.</span> <span class='ocrx_word' id='word_1_591' title='bbox 2455 3606 2526 3659; x_wconf 80' lang='lat' dir='ltr'><strong><em>De</em></strong></span> <span class='ocrx_word' id='word_1_592' title='bbox 2555 3606 2844 3660; x_wconf 81' lang='lat' dir='ltr'><strong><em>nonnullis</em></strong></span> <span class='ocrx_word' id='word_1_593' title='bbox 2877 3607 3214 3674; x_wconf 80' lang='lat' dir='ltr'>nominibus,</span> <span class='ocrx_word' id='word_1_594' title='bbox 3239 3626 3357 3680; x_wconf 62' lang='lat' dir='ltr'>qum</span> <span class='ocrx_word' id='word_1_595' title='bbox 3387 3613 3446 3666; x_wconf 89' lang='lat' dir='ltr'>in</span> <span class='ocrx_word' id='word_1_596' title='bbox 3480 3613 3812 3670; x_wconf 71' lang='lat' dir='ltr'><strong><em>Christiano-</em></strong></span> 
     </span>
    </p>
   </div>
   <div class='ocr_carea' id='block_1_75' title="bbox 2157 3693 3806 3766">
    <p class='ocr_par' dir='ltr' id='par_1_75' title="bbox 2157 3693 3806 3766">
     <span class='ocr_line' id='line_1_75' title="bbox 2157 3693 3806 3766; baseline 0.005 -18"><span class='ocrx_word' id='word_1_597' title='bbox 2157 3710 2285 3748; x_wconf 85' lang='lat' dir='ltr'>rum</span> <span class='ocrx_word' id='word_1_598' title='bbox 2313 3693 2572 3765; x_wconf 84' lang='lat' dir='ltr'><strong><em>dogmate</em></strong></span> <span class='ocrx_word' id='word_1_599' title='bbox 2599 3703 2964 3765; x_wconf 82' lang='lat' dir='ltr'><strong><em>usurpantur.</em></strong></span> <span class='ocrx_word' id='word_1_600' title='bbox 2987 3697 3041 3750; x_wconf 90' lang='lat'>2.</span> <span class='ocrx_word' id='word_1_601' title='bbox 3081 3697 3154 3751; x_wconf 87' lang='lat' dir='ltr'><strong><em>De</em></strong></span> <span class='ocrx_word' id='word_1_602' title='bbox 3180 3701 3442 3766; x_wconf 78' lang='lat' dir='ltr'><strong><em>essentia,</em></strong></span> <span class='ocrx_word' id='word_1_603' title='bbox 3479 3707 3533 3756; x_wconf 88' lang='lat' dir='ltr'>et</span> <span class='ocrx_word' id='word_1_604' title='bbox 3576 3712 3806 3758; x_wconf 85' lang='lat' dir='ltr'><strong><em>natura.</em></strong></span> 
     </span>
    </p>
   </div>
   <div class='ocr_carea' id='block_1_76' title="bbox 407 3777 2051 3859">
    <p class='ocr_par' dir='ltr' id='par_1_76' title="bbox 407 3777 2047 3859">
     <span class='ocr_line' id='line_1_76' title="bbox 407 3777 2047 3859; baseline -0.002 -20"><span class='ocrx_word' id='word_1_605' title='bbox 407 3783 541 3859; x_wconf 90' lang='grc' dir='ltr'>ρλε’.</span> <span class='ocrx_word' id='word_1_606' title='bbox 590 3783 760 3847; x_wconf 84' lang='grc' dir='ltr'>Πόθεν</span> <span class='ocrx_word' id='word_1_607' title='bbox 809 3781 1131 3859; x_wconf 82' lang='grc' dir='ltr'>φωτίζονται</span> <span class='ocrx_word' id='word_1_608' title='bbox 1182 3782 1233 3835; x_wconf 73' lang='grc' dir='ltr'>οἱ</span> <span class='ocrx_word' id='word_1_609' title='bbox 1284 3781 1520 3854; x_wconf 89' lang='grc' dir='ltr'>ἀστέρες.</span> <span class='ocrx_word' id='word_1_610' title='bbox 1573 3777 1710 3855; x_wconf 84' lang='grc' dir='ltr'>ρλς’.</span> <span class='ocrx_word' id='word_1_611' title='bbox 1763 3781 1889 3856; x_wconf 85' lang='grc' dir='ltr'>Περὶ</span> <span class='ocrx_word' id='word_1_612' title='bbox 1932 3782 2047 3836; x_wconf 83' lang='grc' dir='ltr'>ἐπι-</span> 
     </span>
    </p>
   </div>
   <div class='ocr_carea' id='block_1_77' title="bbox 2163 3777 3808 3859">
    <p class='ocr_par' dir='ltr' id='par_1_77' title="bbox 2163 3782 3808 3851">
     <span class='ocr_line' id='line_1_77' title="bbox 2163 3782 3808 3851; baseline 0.007 -14"><span class='ocrx_word' id='word_1_613' title='bbox 2163 3783 2210 3838; x_wconf 89' lang='lat'><strong><em>3.</em></strong></span> <span class='ocrx_word' id='word_1_614' title='bbox 2241 3785 2312 3838; x_wconf 85' lang='lat' dir='ltr'><strong><em>De</em></strong></span> <span class='ocrx_word' id='word_1_615' title='bbox 2340 3782 2740 3851; x_wconf 84' lang='lat' dir='ltr'><strong><em>enhypostatis.</em></strong></span> <span class='ocrx_word' id='word_1_616' title='bbox 2775 3784 2828 3837; x_wconf 84' lang='lat'><strong>4.</strong></span> <span class='ocrx_word' id='word_1_617' title='bbox 2871 3785 2946 3838; x_wconf 91' lang='lat' dir='ltr'><strong><em>De</em></strong></span> <span class='ocrx_word' id='word_1_618' title='bbox 2983 3787 3467 3843; x_wconf 86' lang='lat' dir='ltr'><strong><em>consubstantiali.</em></strong></span> <span class='ocrx_word' id='word_1_619' title='bbox 3498 3791 3552 3844; x_wconf 89' lang='lat'>5.</span> <span class='ocrx_word' id='word_1_620' title='bbox 3587 3793 3662 3846; x_wconf 89' lang='lat' dir='ltr'><strong><em>De</em></strong></span> <span class='ocrx_word' id='word_1_621' title='bbox 3708 3793 3808 3848; x_wconf 84' lang='lat' dir='ltr'>ho-</span> 
     </span>
    </p>
   </div>
   <div class='ocr_carea' id='block_1_78' title="bbox 403 3867 2051 3946">
    <p class='ocr_par' dir='ltr' id='par_1_78' title="bbox 403 3867 2048 3946">
     <span class='ocr_line' id='line_1_78' title="bbox 403 3867 2048 3946; baseline -0.002 -19"><span class='ocrx_word' id='word_1_622' title='bbox 403 3873 677 3946; x_wconf 80' lang='grc' dir='ltr'>σημασίας</span> <span class='ocrx_word' id='word_1_623' title='bbox 733 3870 993 3938; x_wconf 76' lang='grc' dir='ltr'>ἀστέρων,</span> <span class='ocrx_word' id='word_1_624' title='bbox 1023 3871 1110 3924; x_wconf 89' lang='grc' dir='ltr'>καὶ</span> <span class='ocrx_word' id='word_1_625' title='bbox 1164 3873 1280 3930; x_wconf 89' lang='grc' dir='ltr'>πῶς</span> <span class='ocrx_word' id='word_1_626' title='bbox 1307 3867 1504 3945; x_wconf 86' lang='grc' dir='ltr'>γίνεται</span> <span class='ocrx_word' id='word_1_627' title='bbox 1548 3871 1785 3945; x_wconf 81' lang='grc' dir='ltr'>χειμὼν,</span> <span class='ocrx_word' id='word_1_628' title='bbox 1812 3871 1903 3925; x_wconf 78' lang='grc' dir='ltr'>καὶ</span> <span class='ocrx_word' id='word_1_629' title='bbox 1961 3872 2048 3935; x_wconf 89' lang='grc' dir='ltr'>θέ-</span> 
     </span>
    </p>
   </div>
   <div class='ocr_carea' id='block_1_79' title="bbox 2163 3867 3811 3946">
    <p class='ocr_par' dir='ltr' id='par_1_79' title="bbox 2163 3873 3811 3944">
     <span class='ocr_line' id='line_1_79' title="bbox 2163 3873 3811 3944; baseline 0.006 -16"><span class='ocrx_word' id='word_1_630' title='bbox 2163 3877 2518 3944; x_wconf 84' lang='lat' dir='ltr'><strong><em>moypostato.</em></strong></span> <span class='ocrx_word' id='word_1_631' title='bbox 2565 3873 2619 3929; x_wconf 89' lang='lat'>6.</span> <span class='ocrx_word' id='word_1_632' title='bbox 2673 3873 2746 3928; x_wconf 86' lang='lat' dir='ltr'><strong><em>De</em></strong></span> <span class='ocrx_word' id='word_1_633' title='bbox 2791 3876 3231 3944; x_wconf 76' lang='lat' dir='ltr'><strong><em>enypostasibus.</em></strong></span> <span class='ocrx_word' id='word_1_634' title='bbox 3279 3879 3334 3932; x_wconf 90' lang='lat'>7.</span> <span class='ocrx_word' id='word_1_635' title='bbox 3396 3884 3478 3934; x_wconf 87' lang='lat' dir='ltr'><strong><em>De</em></strong></span> <span class='ocrx_word' id='word_1_636' title='bbox 3527 3885 3811 3938; x_wconf 83' lang='lat' dir='ltr'><strong><em>essentiali</em></strong></span> 
     </span>
    </p>
   </div>
   <div class='ocr_carea' id='block_1_80' title="bbox 405 3957 2051 4038">
    <p class='ocr_par' dir='ltr' id='par_1_80' title="bbox 405 3957 2051 4038">
     <span class='ocr_line' id='line_1_80' title="bbox 405 3957 2051 4038; baseline -0.002 -20"><span class='ocrx_word' id='word_1_637' title='bbox 405 3983 522 4038; x_wconf 86' lang='grc' dir='ltr'>ρος.</span> <span class='ocrx_word' id='word_1_638' title='bbox 560 3959 693 4036; x_wconf 85' lang='grc' dir='ltr'>ρλζ’.</span> <span class='ocrx_word' id='word_1_639' title='bbox 732 3959 906 4022; x_wconf 87' lang='grc' dir='ltr'>Πόσος</span> <span class='ocrx_word' id='word_1_640' title='bbox 935 3959 1143 4030; x_wconf 75' lang='grc' dir='ltr'>ἑκάστῳ</span> <span class='ocrx_word' id='word_1_641' title='bbox 1170 3963 1276 4012; x_wconf 88' lang='grc' dir='ltr'>τῶν</span> <span class='ocrx_word' id='word_1_642' title='bbox 1307 3957 1598 4028; x_wconf 88' lang='grc' dir='ltr'>πλανητῶν</span> <span class='ocrx_word' id='word_1_643' title='bbox 1634 3961 1744 4032; x_wconf 80' lang='grc'>[53]</span> <span class='ocrx_word' id='word_1_644' title='bbox 1775 3960 1803 4014; x_wconf 87' lang='lat'>6</span> <span class='ocrx_word' id='word_1_645' title='bbox 1848 3960 2051 4036; x_wconf 87' lang='grc' dir='ltr'>χρόνος</span> 
     </span>
    </p>
   </div>
   <div class='ocr_carea' id='block_1_81' title="bbox 2163 3957 3821 4038">
    <p class='ocr_par' dir='ltr' id='par_1_81' title="bbox 2163 3961 3821 4032">
     <span class='ocr_line' id='line_1_81' title="bbox 2163 3961 3821 4032; baseline 0.006 -14"><span class='ocrx_word' id='word_1_646' title='bbox 2163 3963 2363 4018; x_wconf 84' lang='lat' dir='ltr'><strong><em>unione</em></strong></span> <span class='ocrx_word' id='word_1_647' title='bbox 2397 3969 2453 4016; x_wconf 89' lang='lat' dir='ltr'>et</span> <span class='ocrx_word' id='word_1_648' title='bbox 2501 3961 2836 4032; x_wconf 72' lang='lat' dir='ltr'>differentia.</span> <span class='ocrx_word' id='word_1_649' title='bbox 2869 3963 2922 4032; x_wconf 86' lang='lat'><strong>8,</strong></span> <span class='ocrx_word' id='word_1_650' title='bbox 2972 3962 3022 4016; x_wconf 90' lang='lat'>9.</span> <span class='ocrx_word' id='word_1_651' title='bbox 3081 3964 3151 4017; x_wconf 88' lang='lat' dir='ltr'><strong><em>De</em></strong></span> <span class='ocrx_word' id='word_1_652' title='bbox 3206 3966 3438 4022; x_wconf 79' lang='lat' dir='ltr'><strong><em>relativa</em></strong></span> <span class='ocrx_word' id='word_1_653' title='bbox 3503 3973 3708 4026; x_wconf 79' lang='lat' dir='ltr'>unione</span> <span class='ocrx_word' id='word_1_654' title='bbox 3761 3980 3821 4028; x_wconf 86' lang='lat' dir='ltr'>et</span> 
     </span>
    </p>
   </div>
   <div class='ocr_carea' id='block_1_82' title="bbox 403 4045 2051 4124">
    <p class='ocr_par' dir='ltr' id='par_1_82' title="bbox 403 4045 2049 4124">
     <span class='ocr_line' id='line_1_82' title="bbox 403 4045 2049 4124; baseline -0.002 -17"><span class='ocrx_word' id='word_1_655' title='bbox 403 4056 502 4117; x_wconf 77' lang='grc' dir='ltr'>τῆς</span> <span class='ocrx_word' id='word_1_656' title='bbox 553 4045 834 4124; x_wconf 84' lang='grc' dir='ltr'>περιόδου.</span> <span class='ocrx_word' id='word_1_657' title='bbox 879 4045 1019 4122; x_wconf 86' lang='grc' dir='ltr'>ρλη’.</span> <span class='ocrx_word' id='word_1_658' title='bbox 1066 4047 1196 4120; x_wconf 86' lang='grc' dir='ltr'>Περὶ</span> <span class='ocrx_word' id='word_1_659' title='bbox 1234 4051 1342 4101; x_wconf 86' lang='grc' dir='ltr'>τῶν</span> <span class='ocrx_word' id='word_1_660' title='bbox 1397 4047 1632 4121; x_wconf 85' lang='grc' dir='ltr'>ἀστέρων</span> <span class='ocrx_word' id='word_1_661' title='bbox 1680 4052 1786 4103; x_wconf 88' lang='grc' dir='ltr'>τῶν</span> <span class='ocrx_word' id='word_1_662' title='bbox 1846 4047 2049 4104; x_wconf 83' lang='grc' dir='ltr'>καλου-</span> 
     </span>
    </p>
   </div>
   <div class='ocr_carea' id='block_1_83' title="bbox 2163 4045 3817 4124">
    <p class='ocr_par' dir='ltr' id='par_1_83' title="bbox 2163 4049 3817 4123">
     <span class='ocr_line' id='line_1_83' title="bbox 2163 4049 3817 4123; baseline 0.004 -15"><span class='ocrx_word' id='word_1_663' title='bbox 2163 4049 2502 4123; x_wconf 71' lang='lat' dir='ltr'>differentia.</span> <span class='ocrx_word' id='word_1_664' title='bbox 2537 4050 2622 4114; x_wconf 91' lang='grc'>10,</span> <span class='ocrx_word' id='word_1_665' title='bbox 2659 4050 2744 4103; x_wconf 85' lang='grc'>11.</span> <span class='ocrx_word' id='word_1_666' title='bbox 2781 4051 2854 4106; x_wconf 91' lang='lat' dir='ltr'><strong><em>De</em></strong></span> <span class='ocrx_word' id='word_1_667' title='bbox 2895 4056 3086 4107; x_wconf 87' lang='lat' dir='ltr'><strong><em>sancta</em></strong></span> <span class='ocrx_word' id='word_1_668' title='bbox 3135 4055 3343 4110; x_wconf 86' lang='lat' dir='ltr'><strong><em>Triade.</em></strong></span> <span class='ocrx_word' id='word_1_669' title='bbox 3397 4058 3482 4112; x_wconf 82' lang='lat'><strong><em>12.</em></strong></span> <span class='ocrx_word' id='word_1_670' title='bbox 3540 4059 3615 4114; x_wconf 90' lang='lat' dir='ltr'><strong><em>De</em></strong></span> <span class='ocrx_word' id='word_1_671' title='bbox 3655 4061 3817 4116; x_wconf 85' lang='lat' dir='ltr'><strong><em>modo</em></strong></span> 
     </span>
    </p>
   </div>
   <div class='ocr_carea' id='block_1_84' title="bbox 408 4133 2051 4216">
    <p class='ocr_par' dir='ltr' id='par_1_84' title="bbox 408 4133 2051 4212">
     <span class='ocr_line' id='line_1_84' title="bbox 408 4133 2051 4212; baseline -0.001 -19"><span class='ocrx_word' id='word_1_672' title='bbox 408 4140 586 4212; x_wconf 87' lang='grc' dir='ltr'>μένων</span> <span class='ocrx_word' id='word_1_673' title='bbox 632 4137 998 4207; x_wconf 78' lang='grc' dir='ltr'>Διοσκούρων.</span> <span class='ocrx_word' id='word_1_674' title='bbox 1051 4133 1186 4210; x_wconf 79' lang='grc' dir='ltr'>ρλϐ’.</span> <span class='ocrx_word' id='word_1_675' title='bbox 1241 4135 1375 4210; x_wconf 74' lang='grc' dir='ltr'>Ηέρὶ</span> <span class='ocrx_word' id='word_1_676' title='bbox 1435 4137 1706 4208; x_wconf 79' lang='grc' dir='ltr'>κομήτου.</span> <span class='ocrx_word' id='word_1_677' title='bbox 1758 4144 1866 4212; x_wconf 86' lang='grc' dir='ltr'>ρμ’.</span> <span class='ocrx_word' id='word_1_678' title='bbox 1925 4139 2051 4212; x_wconf 82' lang='grc' dir='ltr'>Περὶ</span> 
     </span>
    </p>
   </div>
   <div class='ocr_carea' id='block_1_85' title="bbox 2163 4133 3818 4216">
    <p class='ocr_par' dir='ltr' id='par_1_85' title="bbox 2163 4137 3818 4216">
     <span class='ocr_line' id='line_1_85' title="bbox 2163 4137 3818 4216; baseline 0.006 -21"><span class='ocrx_word' id='word_1_679' title='bbox 2163 4139 2568 4196; x_wconf 78' lang='lat' dir='ltr'>retributionis.</span> <span class='ocrx_word' id='word_1_680' title='bbox 2590 4137 2666 4209; x_wconf 83' lang='lat' dir='ltr'>(k)</span> <span class='ocrx_word' id='word_1_681' title='bbox 2698 4138 2784 4192; x_wconf 76' lang='lat'><strong><em>13.</em></strong></span> <span class='ocrx_word' id='word_1_682' title='bbox 2810 4140 2881 4194; x_wconf 89' lang='lat' dir='ltr'><strong><em>De</em></strong></span> <span class='ocrx_word' id='word_1_683' title='bbox 2917 4139 3114 4196; x_wconf 80' lang='lat' dir='ltr'><strong><em>divina</em></strong></span> <span class='ocrx_word' id='word_1_684' title='bbox 3136 4145 3356 4199; x_wconf 80' lang='lat' dir='ltr'><strong><em>unione.</em></strong></span> <span class='ocrx_word' id='word_1_685' title='bbox 3376 4146 3458 4201; x_wconf 93' lang='lat'><strong><em>14.</em></strong></span> <span class='ocrx_word' id='word_1_686' title='bbox 3484 4147 3558 4201; x_wconf 86' lang='lat' dir='ltr'><strong><em>De</em></strong></span> <span class='ocrx_word' id='word_1_687' title='bbox 3587 4157 3818 4216; x_wconf 85' lang='lat' dir='ltr'><strong><em>natura,</em></strong></span> 
     </span>
    </p>
   </div>
   <div class='ocr_carea' id='block_1_86' title="bbox 405 4220 3821 4302">
    <p class='ocr_par' dir='ltr' id='par_1_86' title="bbox 405 4220 3821 4302">
     <span class='ocr_line' id='line_1_86' title="bbox 405 4220 3821 4302; baseline 0.006 -19"><span class='ocrx_word' id='word_1_688' title='bbox 405 4229 582 4297; x_wconf 74' lang='grc' dir='ltr'>ὑετοῦ,</span> <span class='ocrx_word' id='word_1_689' title='bbox 623 4227 716 4280; x_wconf 87' lang='grc' dir='ltr'>καὶ</span> <span class='ocrx_word' id='word_1_690' title='bbox 746 4224 1018 4302; x_wconf 74' lang='grc' dir='ltr'>χαλάζης,</span> <span class='ocrx_word' id='word_1_691' title='bbox 1049 4223 1137 4279; x_wconf 86' lang='grc' dir='ltr'>καὶ</span> <span class='ocrx_word' id='word_1_692' title='bbox 1187 4220 1400 4300; x_wconf 84' lang='grc' dir='ltr'>χιόνος,</span> <span class='ocrx_word' id='word_1_693' title='bbox 1433 4224 1653 4300; x_wconf 87' lang='grc' dir='ltr'>πάχνης</span> <span class='ocrx_word' id='word_1_694' title='bbox 1696 4227 1785 4280; x_wconf 79' lang='grc' dir='ltr'>καὶ</span> <span class='ocrx_word' id='word_1_695' title='bbox 1832 4224 2048 4302; x_wconf 88' lang='grc' dir='ltr'>δρόσου.</span> <span class='ocrx_word' id='word_1_696' title='bbox 2164 4243 2290 4300; x_wconf 70' lang='lat' dir='ltr'><strong><em>qua?</em></strong></span> <span class='ocrx_word' id='word_1_697' title='bbox 2334 4229 2453 4299; x_wconf 72' lang='lat' dir='ltr'><strong><em>pati</em></strong></span> <span class='ocrx_word' id='word_1_698' title='bbox 2509 4229 2722 4298; x_wconf 70' lang='lat' dir='ltr'><strong><em>nequit.</em></strong></span> <span class='ocrx_word' id='word_1_699' title='bbox 2775 4228 2861 4281; x_wconf 80' lang='grc'>15·</span> <span class='ocrx_word' id='word_1_700' title='bbox 2905 4228 3037 4295; x_wconf 59' lang='lat' dir='ltr'>Quis</span> <span class='ocrx_word' id='word_1_701' title='bbox 3085 4233 3158 4285; x_wconf 65' lang='grc' dir='ltr'>δέ(</span> <span class='ocrx_word' id='word_1_702' title='bbox 3204 4237 3370 4288; x_wconf 62' lang='lat' dir='ltr'>Dem-</span> <span class='ocrx_word' id='word_1_703' title='bbox 3421 4236 3504 4289; x_wconf 75' lang='grc'>16-</span> <span class='ocrx_word' id='word_1_704' title='bbox 3538 4237 3600 4293; x_wconf 73' lang='grc' dir='ltr'>δέ</span> <span class='ocrx_word' id='word_1_705' title='bbox 3628 4239 3821 4301; x_wconf 65' lang='lat' dir='ltr'><strong><em>inﬁni-</em></strong></span> 
     </span>
    </p>
   </div>
   <div class='ocr_carea' id='block_1_87' title="bbox 411 4310 2051 4396">
    <p class='ocr_par' dir='ltr' id='par_1_87' title="bbox 411 4310 2051 4393">
     <span class='ocr_line' id='line_1_87' title="bbox 411 4310 2051 4393; baseline 0 -22"><span class='ocrx_word' id='word_1_706' title='bbox 411 4323 554 4393; x_wconf 86' lang='grc' dir='ltr'>ρμα⁹.</span> <span class='ocrx_word' id='word_1_707' title='bbox 605 4314 738 4390; x_wconf 85' lang='grc' dir='ltr'>Περὶ</span> <span class='ocrx_word' id='word_1_708' title='bbox 796 4311 997 4389; x_wconf 86' lang='grc' dir='ltr'>δρόσου</span> <span class='ocrx_word' id='word_1_709' title='bbox 1055 4310 1206 4376; x_wconf 75' lang='grc' dir='ltr'>αὖθις</span> <span class='ocrx_word' id='word_1_710' title='bbox 1267 4311 1357 4365; x_wconf 88' lang='grc' dir='ltr'>καὶ</span> <span class='ocrx_word' id='word_1_711' title='bbox 1414 4312 1650 4386; x_wconf 89' lang='grc' dir='ltr'>πάχνης.</span> <span class='ocrx_word' id='word_1_712' title='bbox 1713 4315 1861 4390; x_wconf 84' lang='grc' dir='ltr'>ρμβ’.</span> <span class='ocrx_word' id='word_1_713' title='bbox 1923 4316 2051 4389; x_wconf 81' lang='grc' dir='ltr'>Περὶ</span> 
     </span>
    </p>
   </div>
   <div class='ocr_carea' id='block_1_88' title="bbox 2163 4310 3821 4396">
    <p class='ocr_par' dir='ltr' id='par_1_88' title="bbox 2163 4319 3821 4396">
     <span class='ocr_line' id='line_1_88' title="bbox 2163 4319 3821 4396; baseline 0.007 -23"><span class='ocrx_word' id='word_1_714' title='bbox 2163 4327 2280 4373; x_wconf 88' lang='lat' dir='ltr'>tum</span> <span class='ocrx_word' id='word_1_715' title='bbox 2310 4319 2390 4371; x_wconf 84' lang='lat' dir='ltr'>est</span> <span class='ocrx_word' id='word_1_716' title='bbox 2417 4321 2654 4383; x_wconf 76' lang='lat' dir='ltr'><strong><em>Numen,</em></strong></span> <span class='ocrx_word' id='word_1_717' title='bbox 2697 4322 2746 4370; x_wconf 83' lang='lat' dir='ltr'>et</span> <span class='ocrx_word' id='word_1_718' title='bbox 2793 4331 2900 4387; x_wconf 86' lang='lat' dir='ltr'><strong><em>qua</em></strong></span> <span class='ocrx_word' id='word_1_719' title='bbox 2939 4319 3159 4375; x_wconf 83' lang='lat' dir='ltr'><strong><em>ratione</em></strong></span> <span class='ocrx_word' id='word_1_720' title='bbox 3211 4323 3519 4391; x_wconf 82' lang='lat' dir='ltr'><strong><em>inﬁnitum.</em></strong></span> <span class='ocrx_word' id='word_1_721' title='bbox 3559 4327 3643 4380; x_wconf 85' lang='lat'><strong><em>17.</em></strong></span> <span class='ocrx_word' id='word_1_722' title='bbox 3679 4329 3821 4396; x_wconf 78' lang='lat' dir='ltr'><strong><em>Quo-</em></strong></span> 
     </span>
    </p>
   </div>
   <div class='ocr_carea' id='block_1_89' title="bbox 411 4399 2051 4481">
    <p class='ocr_par' dir='ltr' id='par_1_89' title="bbox 411 4399 2051 4480">
     <span class='ocr_line' id='line_1_89' title="bbox 411 4399 2051 4480; baseline 0 -21"><span class='ocrx_word' id='word_1_723' title='bbox 411 4403 610 4480; x_wconf 78' lang='grc' dir='ltr'>ἴριδος.</span> <span class='ocrx_word' id='word_1_724' title='bbox 668 4409 814 4478; x_wconf 82' lang='grc' dir='ltr'>ρμγ’.</span> <span class='ocrx_word' id='word_1_725' title='bbox 872 4403 1002 4476; x_wconf 83' lang='grc' dir='ltr'>Περὶ</span> <span class='ocrx_word' id='word_1_726' title='bbox 1051 4407 1151 4470; x_wconf 82' lang='grc' dir='ltr'>τῆς</span> <span class='ocrx_word' id='word_1_727' title='bbox 1226 4399 1364 4458; x_wconf 78' lang='grc' dir='ltr'>ἅλω.</span> <span class='ocrx_word' id='word_1_728' title='bbox 1427 4399 1570 4475; x_wconf 82' lang='grc' dir='ltr'>ρμδ’.</span> <span class='ocrx_word' id='word_1_729' title='bbox 1631 4404 1760 4478; x_wconf 86' lang='grc' dir='ltr'>Περὶ</span> <span class='ocrx_word' id='word_1_730' title='bbox 1819 4399 2051 4479; x_wconf 78' lang='grc' dir='ltr'>ῥάϐδων.</span> 
     </span>
    </p>
   </div>
   <div class='ocr_carea' id='block_1_90' title="bbox 2163 4399 3820 4481">
    <p class='ocr_par' dir='ltr' id='par_1_90' title="bbox 2163 4406 3820 4481">
     <span class='ocr_line' id='line_1_90' title="bbox 2163 4406 3820 4481; baseline 0.005 -19"><span class='ocrx_word' id='word_1_731' title='bbox 2163 4406 2322 4462; x_wconf 64' lang='lat' dir='ltr'><strong><em>maio</em></strong></span> <span class='ocrx_word' id='word_1_732' title='bbox 2381 4406 2490 4475; x_wconf 79' lang='lat'><strong>[54]</strong></span> <span class='ocrx_word' id='word_1_733' title='bbox 2545 4407 2683 4460; x_wconf 79' lang='lat' dir='ltr'><strong><em>Deus</em></strong></span> <span class='ocrx_word' id='word_1_734' title='bbox 2741 4410 3022 4475; x_wconf 80' lang='lat' dir='ltr'><strong><em>cognoscat</em></strong></span> <span class='ocrx_word' id='word_1_735' title='bbox 3078 4425 3164 4464; x_wconf 87' lang='lat' dir='ltr'>res</span> <span class='ocrx_word' id='word_1_736' title='bbox 3210 4427 3338 4481; x_wconf 76' lang='lat' dir='ltr'><strong><em>quae</em></strong></span> <span class='ocrx_word' id='word_1_737' title='bbox 3383 4421 3693 4471; x_wconf 77' lang='lat' dir='ltr'>mutantur.</span> <span class='ocrx_word' id='word_1_738' title='bbox 3731 4418 3820 4472; x_wconf 89' lang='grc'>18.</span> 
     </span>
    </p>
   </div>
   <div class='ocr_carea' id='block_1_91' title="bbox 411 4489 2051 4569">
    <p class='ocr_par' dir='ltr' id='par_1_91' title="bbox 411 4489 2051 4569">
     <span class='ocr_line' id='line_1_91' title="bbox 411 4489 2051 4569; baseline 0 -20"><span class='ocrx_word' id='word_1_739' title='bbox 411 4495 549 4569; x_wconf 84' lang='grc' dir='ltr'>ρμε’.</span> <span class='ocrx_word' id='word_1_740' title='bbox 627 4492 761 4568; x_wconf 85' lang='grc' dir='ltr'>Περὶ</span> <span class='ocrx_word' id='word_1_741' title='bbox 861 4489 1261 4564; x_wconf 79' lang='grc' dir='ltr'>παραλλήλων.</span> <span class='ocrx_word' id='word_1_742' title='bbox 1367 4492 1511 4564; x_wconf 85' lang='grc' dir='ltr'>ρμς’.</span> <span class='ocrx_word' id='word_1_743' title='bbox 1615 4492 1744 4566; x_wconf 81' lang='grc' dir='ltr'>Περὶ</span> <span class='ocrx_word' id='word_1_744' title='bbox 1819 4493 2051 4566; x_wconf 83' lang='grc' dir='ltr'>ἀνέμων.</span> 
     </span>
    </p>
   </div>
   <div class='ocr_carea' id='block_1_92' title="bbox 2163 4489 3822 4569">
    <p class='ocr_par' dir='ltr' id='par_1_92' title="bbox 2166 4493 3822 4567">
     <span class='ocr_line' id='line_1_92' title="bbox 2166 4493 3822 4567; baseline 0.008 -18"><span class='ocrx_word' id='word_1_745' title='bbox 2166 4498 2204 4552; x_wconf 85' lang='grc' dir='ltr'><em>Α</em></span> <span class='ocrx_word' id='word_1_746' title='bbox 2249 4511 2352 4567; x_wconf 81' lang='lat' dir='ltr'>quo</span> <span class='ocrx_word' id='word_1_747' title='bbox 2403 4497 2586 4563; x_wconf 75' lang='lat' dir='ltr'><strong><em>primo</em></strong></span> <span class='ocrx_word' id='word_1_748' title='bbox 2637 4493 2908 4550; x_wconf 86' lang='lat' dir='ltr'><strong><em>elemento</em></strong></span> <span class='ocrx_word' id='word_1_749' title='bbox 2957 4497 3097 4552; x_wconf 87' lang='lat' dir='ltr'><strong><em>Deus</em></strong></span> <span class='ocrx_word' id='word_1_750' title='bbox 3148 4515 3379 4557; x_wconf 73' lang='lat' dir='ltr'><strong><em>exorsus</em></strong></span> <span class='ocrx_word' id='word_1_751' title='bbox 3426 4507 3506 4559; x_wconf 86' lang='lat' dir='ltr'>est</span> <span class='ocrx_word' id='word_1_752' title='bbox 3544 4507 3822 4562; x_wconf 86' lang='lat' dir='ltr'><strong><em>mundum</em></strong></span> 
     </span>
    </p>
   </div>
   <div class='ocr_carea' id='block_1_93' title="bbox 411 4573 2051 4658">
    <p class='ocr_par' dir='ltr' id='par_1_93' title="bbox 411 4577 2051 4658">
     <span class='ocr_line' id='line_1_93' title="bbox 411 4577 2051 4658; baseline -0.001 -21"><span class='ocrx_word' id='word_1_753' title='bbox 411 4584 552 4658; x_wconf 86' lang='grc' dir='ltr'>ρμζ’.</span> <span class='ocrx_word' id='word_1_754' title='bbox 587 4579 715 4656; x_wconf 83' lang='grc' dir='ltr'>Περί</span> <span class='ocrx_word' id='word_1_755' title='bbox 747 4584 1015 4653; x_wconf 86' lang='grc' dir='ltr'>τυφῶνος.</span> <span class='ocrx_word' id='word_1_756' title='bbox 1050 4586 1198 4654; x_wconf 88' lang='grc' dir='ltr'>ρμη¹.</span> <span class='ocrx_word' id='word_1_757' title='bbox 1244 4579 1380 4653; x_wconf 80' lang='grc' dir='ltr'>Περὶ</span> <span class='ocrx_word' id='word_1_758' title='bbox 1429 4577 1693 4658; x_wconf 84' lang='grc' dir='ltr'>ἐκνεφίου.</span> <span class='ocrx_word' id='word_1_759' title='bbox 1748 4584 1890 4655; x_wconf 85' lang='grc' dir='ltr'>ρμθ’.</span> <span class='ocrx_word' id='word_1_760' title='bbox 1929 4584 2051 4658; x_wconf 75' lang='grc' dir='ltr'><strong>ΙΙερῖ</strong></span> 
     </span>
    </p>
   </div>
   <div class='ocr_carea' id='block_1_94' title="bbox 2163 4573 3829 4658">
    <p class='ocr_par' dir='ltr' id='par_1_94' title="bbox 2167 4582 3829 4654">
     <span class='ocr_line' id='line_1_94' title="bbox 2167 4582 3829 4654; baseline 0.007 -14"><span class='ocrx_word' id='word_1_761' title='bbox 2167 4585 2448 4654; x_wconf 82' lang='lat' dir='ltr'><strong><em>conﬁcere.</em></strong></span> <span class='ocrx_word' id='word_1_762' title='bbox 2483 4582 2570 4636; x_wconf 87' lang='lat'><strong><em>19.</em></strong></span> <span class='ocrx_word' id='word_1_763' title='bbox 2607 4582 2754 4640; x_wconf 85' lang='lat' dir='ltr'><strong><em>Unde</em></strong></span> <span class='ocrx_word' id='word_1_764' title='bbox 2781 4585 3107 4640; x_wconf 85' lang='lat' dir='ltr'><strong><em>sententiam</em></strong></span> <span class='ocrx_word' id='word_1_765' title='bbox 3157 4587 3223 4642; x_wconf 85' lang='lat' dir='ltr'><strong><em>de</em></strong></span> <span class='ocrx_word' id='word_1_766' title='bbox 3267 4590 3372 4646; x_wconf 91' lang='lat' dir='ltr'><strong><em>Deo</em></strong></span> <span class='ocrx_word' id='word_1_767' title='bbox 3428 4591 3676 4650; x_wconf 84' lang='lat' dir='ltr'><strong><em>homines</em></strong></span> <span class='ocrx_word' id='word_1_768' title='bbox 3729 4613 3829 4651; x_wconf 89' lang='lat' dir='ltr'><strong><em>ac-</em></strong></span> 
     </span>
    </p>
   </div>
   <div class='ocr_carea' id='block_1_95' title="bbox 408 4663 2051 4752">
    <p class='ocr_par' dir='ltr' id='par_1_95' title="bbox 408 4663 2051 4744">
     <span class='ocr_line' id='line_1_95' title="bbox 408 4663 2051 4744; baseline 0.002 -22"><span class='ocrx_word' id='word_1_769' title='bbox 408 4663 708 4744; x_wconf 75' lang='grc' dir='ltr'>κεραυνῶ-ἳ.</span> <span class='ocrx_word' id='word_1_770' title='bbox 773 4669 867 4743; x_wconf 89' lang='grc' dir='ltr'>ρν’.</span> <span class='ocrx_word' id='word_1_771' title='bbox 920 4668 1050 4742; x_wconf 88' lang='grc' dir='ltr'>Περὶ</span> <span class='ocrx_word' id='word_1_772' title='bbox 1126 4674 1467 4741; x_wconf 83' lang='grc' dir='ltr'>πρηστῆρος.</span> <span class='ocrx_word' id='word_1_773' title='bbox 1543 4670 1673 4741; x_wconf 81' lang='grc' dir='ltr'>ρνά’.</span> <span class='ocrx_word' id='word_1_774' title='bbox 1734 4675 1860 4733; x_wconf 87' lang='grc' dir='ltr'>Πῶς</span> <span class='ocrx_word' id='word_1_775' title='bbox 1935 4693 2051 4726; x_wconf 88' lang='grc' dir='ltr'>συν-</span> 
     </span>
    </p>
   </div>
   <div class='ocr_carea' id='block_1_96' title="bbox 2163 4663 3831 4752">
    <p class='ocr_par' dir='ltr' id='par_1_96' title="bbox 2171 4673 3831 4752">
     <span class='ocr_line' id='line_1_96' title="bbox 2171 4673 3831 4752; baseline 0.008 -24"><span class='ocrx_word' id='word_1_776' title='bbox 2171 4674 2441 4744; x_wconf 82' lang='lat' dir='ltr'><strong><em>ceperint.</em></strong></span> <span class='ocrx_word' id='word_1_777' title='bbox 2491 4673 2582 4725; x_wconf 88' lang='lat'>20.</span> <span class='ocrx_word' id='word_1_778' title='bbox 2639 4673 2880 4739; x_wconf 83' lang='lat' dir='ltr'><strong><em>Quinam</em></strong></span> <span class='ocrx_word' id='word_1_779' title='bbox 2948 4679 3368 4749; x_wconf 84' lang='lat' dir='ltr'><strong><em>numerosiores,</em></strong></span> <span class='ocrx_word' id='word_1_780' title='bbox 3424 4684 3681 4752; x_wconf 86' lang='lat' dir='ltr'><strong><em>angeline</em></strong></span> <span class='ocrx_word' id='word_1_781' title='bbox 3754 4703 3831 4740; x_wconf 86' lang='lat' dir='ltr'>an</span> 
     </span>
    </p>
   </div>
   <div class='ocr_carea' id='block_1_97' title="bbox 412 4755 2051 4839">
    <p class='ocr_par' dir='ltr' id='par_1_97' title="bbox 412 4755 2051 4836">
     <span class='ocr_line' id='line_1_97' title="bbox 412 4755 2051 4836; baseline -0.007 -20"><span class='ocrx_word' id='word_1_782' title='bbox 412 4762 538 4830; x_wconf 83' lang='grc' dir='ltr'>έστη</span> <span class='ocrx_word' id='word_1_783' title='bbox 592 4761 620 4814; x_wconf 88' lang='lat'>6</span> <span class='ocrx_word' id='word_1_784' title='bbox 671 4758 909 4830; x_wconf 87' lang='grc' dir='ltr'>κόσμος.</span> <span class='ocrx_word' id='word_1_785' title='bbox 959 4758 1088 4832; x_wconf 88' lang='grc' dir='ltr'>ρνβ’.</span> <span class='ocrx_word' id='word_1_786' title='bbox 1136 4757 1198 4811; x_wconf 88' lang='grc' dir='ltr'><strong>Εἰ</strong></span> <span class='ocrx_word' id='word_1_787' title='bbox 1244 4755 1300 4810; x_wconf 86' lang='grc' dir='ltr'>’ἐν</span> <span class='ocrx_word' id='word_1_788' title='bbox 1350 4757 1412 4811; x_wconf 78' lang='grc' dir='ltr'>τὸ</span> <span class='ocrx_word' id='word_1_789' title='bbox 1460 4761 1587 4814; x_wconf 88' lang='grc' dir='ltr'>πᾶν.</span> <span class='ocrx_word' id='word_1_790' title='bbox 1630 4761 1760 4834; x_wconf 86' lang='grc' dir='ltr'>ρνγ’,</span> <span class='ocrx_word' id='word_1_791' title='bbox 1797 4759 1923 4836; x_wconf 86' lang='grc' dir='ltr'>Περὶ</span> <span class='ocrx_word' id='word_1_792' title='bbox 1970 4783 2051 4816; x_wconf 85' lang='grc' dir='ltr'>κε.</span> 
     </span>
    </p>
   </div>
   <div class='ocr_carea' id='block_1_98' title="bbox 2163 4755 3836 4839">
    <p class='ocr_par' dir='ltr' id='par_1_98' title="bbox 2176 4761 3836 4839">
     <span class='ocr_line' id='line_1_98' title="bbox 2176 4761 3836 4839; baseline 0.008 -22"><span class='ocrx_word' id='word_1_793' title='bbox 2176 4762 2461 4817; x_wconf 71' lang='lat' dir='ltr'><strong><em>homines?</em></strong></span> <span class='ocrx_word' id='word_1_794' title='bbox 2495 4761 2587 4824; x_wconf 83' lang='grc'>21,</span> <span class='ocrx_word' id='word_1_795' title='bbox 2637 4761 2730 4825; x_wconf 88' lang='grc'>22,</span> <span class='ocrx_word' id='word_1_796' title='bbox 2780 4762 2874 4828; x_wconf 85' lang='grc'>23,</span> <span class='ocrx_word' id='word_1_797' title='bbox 2920 4763 3010 4830; x_wconf 85' lang='lat'><strong>24,</strong></span> <span class='ocrx_word' id='word_1_798' title='bbox 3066 4765 3158 4832; x_wconf 86' lang='lat'>25,</span> <span class='ocrx_word' id='word_1_799' title='bbox 3207 4767 3298 4834; x_wconf 87' lang='grc'>26,</span> <span class='ocrx_word' id='word_1_800' title='bbox 3340 4770 3431 4833; x_wconf 87' lang='grc'>27,</span> <span class='ocrx_word' id='word_1_801' title='bbox 3479 4771 3568 4839; x_wconf 90' lang='lat'>28,</span> <span class='ocrx_word' id='word_1_802' title='bbox 3620 4774 3707 4828; x_wconf 85' lang='lat'>29.</span> <span class='ocrx_word' id='word_1_803' title='bbox 3760 4777 3836 4830; x_wconf 91' lang='lat' dir='ltr'><strong><em>De</em></strong></span> 
     </span>
    </p>
   </div>
   <div class='ocr_carea' id='block_1_99' title="bbox 409 4843 3837 4932">
    <p class='ocr_par' dir='ltr' id='par_1_99' title="bbox 409 4843 3837 4932">
     <span class='ocr_line' id='line_1_99' title="bbox 409 4843 3837 4932; baseline 0.004 -30"><span class='ocrx_word' id='word_1_804' title='bbox 409 4851 526 4903; x_wconf 74' lang='grc' dir='ltr'>νοῦ.</span> <span class='ocrx_word' id='word_1_805' title='bbox 579 4843 706 4920; x_wconf 77' lang='grc' dir='ltr'>ρνό’.</span> <span class='ocrx_word' id='word_1_806' title='bbox 754 4845 886 4920; x_wconf 87' lang='grc' dir='ltr'>Περὶ</span> <span class='ocrx_word' id='word_1_807' title='bbox 936 4844 1128 4901; x_wconf 90' lang='grc' dir='ltr'>τόπου.</span> <span class='ocrx_word' id='word_1_808' title='bbox 1181 4851 1303 4920; x_wconf 82' lang='grc' dir='ltr'>ρνε’.</span> <span class='ocrx_word' id='word_1_809' title='bbox 1354 4846 1482 4915; x_wconf 83' lang='grc' dir='ltr'>Περὶ</span> <span class='ocrx_word' id='word_1_810' title='bbox 1552 4847 1764 4922; x_wconf 86' lang='grc' dir='ltr'>χώρας.</span> <span class='ocrx_word' id='word_1_811' title='bbox 1815 4850 1945 4921; x_wconf 82' lang='grc' dir='ltr'>ρνς’.</span> <span class='ocrx_word' id='word_1_812' title='bbox 2001 4850 2067 4906; x_wconf 70' lang='grc' dir='ltr'>Εἴ</span> <span class='ocrx_word' id='word_1_813' title='bbox 2178 4859 2378 4914; x_wconf 85' lang='lat' dir='ltr'><strong><em>mente,</em></strong></span> <span class='ocrx_word' id='word_1_814' title='bbox 2429 4849 2518 4915; x_wconf 89' lang='lat' dir='ltr'>3o,</span> <span class='ocrx_word' id='word_1_815' title='bbox 2575 4849 2665 4914; x_wconf 80' lang='lat'>31,</span> <span class='ocrx_word' id='word_1_816' title='bbox 2715 4849 2804 4916; x_wconf 86' lang='lat'>32,</span> <span class='ocrx_word' id='word_1_817' title='bbox 2853 4851 2942 4916; x_wconf 90' lang='lat'>33,</span> <span class='ocrx_word' id='word_1_818' title='bbox 2996 4853 3084 4915; x_wconf 77' lang='grc'>34,</span> <span class='ocrx_word' id='word_1_819' title='bbox 3136 4853 3230 4922; x_wconf 87' lang='lat'>35,</span> <span class='ocrx_word' id='word_1_820' title='bbox 3264 4855 3471 4925; x_wconf 86' lang='lat'><strong>36,37,</strong></span> <span class='ocrx_word' id='word_1_821' title='bbox 3503 4860 3592 4930; x_wconf 92' lang='lat'>38,</span> <span class='ocrx_word' id='word_1_822' title='bbox 3624 4862 3713 4927; x_wconf 87' lang='lat'>39,</span> <span class='ocrx_word' id='word_1_823' title='bbox 3746 4862 3837 4932; x_wconf 62' lang='lat'><strong>40,</strong></span> 
     </span>
    </p>
   </div>
   <div class='ocr_carea' id='block_1_100' title="bbox 410 4929 3839 5010">
    <p class='ocr_par' dir='ltr' id='par_1_100' title="bbox 410 4929 3839 5010">
     <span class='ocr_line' id='line_1_100' title="bbox 410 4929 3839 5010; baseline 0.006 -21"><span class='ocrx_word' id='word_1_824' title='bbox 410 4932 664 5010; x_wconf 77' lang='grc' dir='ltr'>ἔμψυχος</span> <span class='ocrx_word' id='word_1_825' title='bbox 716 4935 743 4990; x_wconf 91' lang='lat'>6</span> <span class='ocrx_word' id='word_1_826' title='bbox 797 4933 1027 5005; x_wconf 89' lang='grc' dir='ltr'>κόσμος.</span> <span class='ocrx_word' id='word_1_827' title='bbox 1082 4938 1210 5008; x_wconf 85' lang='grc' dir='ltr'>ρνζ¹.</span> <span class='ocrx_word' id='word_1_828' title='bbox 1254 4933 1319 4989; x_wconf 71' lang='lat' dir='ltr'><strong><em>Ei</em></strong></span> <span class='ocrx_word' id='word_1_829' title='bbox 1372 4935 1596 5009; x_wconf 86' lang='grc' dir='ltr'>γενητὸς</span> <span class='ocrx_word' id='word_1_830' title='bbox 1645 4937 1673 4990; x_wconf 90' lang='lat'>6</span> <span class='ocrx_word' id='word_1_831' title='bbox 1721 4937 1930 5010; x_wconf 89' lang='grc' dir='ltr'>κόσμος</span> <span class='ocrx_word' id='word_1_832' title='bbox 1977 4941 2067 4993; x_wconf 81' lang='grc' dir='ltr'>καὶ</span> <span class='ocrx_word' id='word_1_833' title='bbox 2177 4941 2266 5007; x_wconf 86' lang='lat'><strong>41,</strong></span> <span class='ocrx_word' id='word_1_834' title='bbox 2299 4940 2388 5003; x_wconf 80' lang='lat'><strong>4‘2,</strong></span> <span class='ocrx_word' id='word_1_835' title='bbox 2421 4938 2510 5006; x_wconf 91' lang='lat'><strong>43,</strong></span> <span class='ocrx_word' id='word_1_836' title='bbox 2543 4938 2631 5006; x_wconf 84' lang='lat'>44,</span> <span class='ocrx_word' id='word_1_837' title='bbox 2669 4938 2756 5006; x_wconf 89' lang='lat'><strong>45,</strong></span> <span class='ocrx_word' id='word_1_838' title='bbox 2791 4939 2879 5005; x_wconf 88' lang='lat'><strong>46,</strong></span> <span class='ocrx_word' id='word_1_839' title='bbox 2930 4941 3018 4994; x_wconf 90' lang='lat'>47.</span> <span class='ocrx_word' id='word_1_840' title='bbox 3051 4943 3124 4995; x_wconf 84' lang='lat' dir='ltr'><strong><em>De</em></strong></span> <span class='ocrx_word' id='word_1_841' title='bbox 3171 4945 3380 5001; x_wconf 84' lang='lat' dir='ltr'><strong><em>anima.</em></strong></span> <span class='ocrx_word' id='word_1_842' title='bbox 3415 4948 3501 5002; x_wconf 91' lang='lat'>48.</span> <span class='ocrx_word' id='word_1_843' title='bbox 3535 4929 3600 5005; x_wconf 82' lang='lat' dir='ltr'><strong><em>Si</em></strong></span> <span class='ocrx_word' id='word_1_844' title='bbox 3651 4929 3839 5008; x_wconf 51' lang='lat' dir='ltr'><strong><em>muta;</em></strong></span> 
     </span>
    </p>
   </div>
   <div class='ocr_carea' id='block_1_101' title="bbox 409 5021 2051 5110">
    <p class='ocr_par' dir='ltr' id='par_1_101' title="bbox 409 5021 2051 5110">
     <span class='ocr_line' id='line_1_101' title="bbox 409 5021 2051 5110; baseline 0.001 -30"><span class='ocrx_word' id='word_1_845' title='bbox 409 5024 706 5102; x_wconf 73' lang='grc' dir='ltr'>ἄφθαρτος.</span> <span class='ocrx_word' id='word_1_846' title='bbox 770 5024 908 5096; x_wconf 86' lang='grc' dir='ltr'>ρνη’.</span> <span class='ocrx_word' id='word_1_847' title='bbox 953 5021 1017 5078; x_wconf 68' lang='lat' dir='ltr'>El</span> <span class='ocrx_word' id='word_1_848' title='bbox 1079 5023 1328 5110; x_wconf 84' lang='grc' dir='ltr'>τρέφεται</span> <span class='ocrx_word' id='word_1_849' title='bbox 1382 5023 1409 5077; x_wconf 88' lang='grc' dir='ltr'>ὁ</span> <span class='ocrx_word' id='word_1_850' title='bbox 1467 5023 1703 5097; x_wconf 85' lang='grc' dir='ltr'>κόσμος.</span> <span class='ocrx_word' id='word_1_851' title='bbox 1767 5038 1894 5100; x_wconf 88' lang='grc' dir='ltr'>ρνθ.</span> <span class='ocrx_word' id='word_1_852' title='bbox 1936 5030 2051 5103; x_wconf 75' lang='grc' dir='ltr'>Περ</span> 
     </span>
    </p>
   </div>
   <div class='ocr_carea' id='block_1_102' title="bbox 2163 5021 3841 5110">
    <p class='ocr_par' dir='ltr' id='par_1_102' title="bbox 2181 5028 3841 5110">
     <span class='ocr_line' id='line_1_102' title="bbox 2181 5028 3841 5110; baseline 0.008 -25"><span class='ocrx_word' id='word_1_853' title='bbox 2181 5033 2274 5085; x_wconf 84' lang='lat' dir='ltr'>tur</span> <span class='ocrx_word' id='word_1_854' title='bbox 2302 5028 2501 5083; x_wconf 87' lang='lat' dir='ltr'><strong><em>anima</em></strong></span> <span class='ocrx_word' id='word_1_855' title='bbox 2541 5028 2602 5080; x_wconf 88' lang='lat' dir='ltr'>in</span> <span class='ocrx_word' id='word_1_856' title='bbox 2632 5028 2917 5097; x_wconf 80' lang='lat' dir='ltr'><strong><em>angelum.</em></strong></span> <span class='ocrx_word' id='word_1_857' title='bbox 2953 5030 3042 5084; x_wconf 87' lang='lat'>49.</span> <span class='ocrx_word' id='word_1_858' title='bbox 3077 5031 3138 5086; x_wconf 88' lang='lat' dir='ltr'><strong><em>Si</em></strong></span> <span class='ocrx_word' id='word_1_859' title='bbox 3162 5034 3282 5089; x_wconf 87' lang='lat' dir='ltr'><strong><em>sine</em></strong></span> <span class='ocrx_word' id='word_1_860' title='bbox 3317 5036 3599 5110; x_wconf 85' lang='lat' dir='ltr'><strong><em>principio</em></strong></span> <span class='ocrx_word' id='word_1_861' title='bbox 3650 5043 3841 5097; x_wconf 88' lang='lat' dir='ltr'><strong><em>anima</em></strong></span> 
     </span>
    </p>
   </div>
   <div class='ocr_carea' id='block_1_103' title="bbox 413 5109 2051 5200">
    <p class='ocr_par' dir='ltr' id='par_1_103' title="bbox 413 5109 2051 5190">
     <span class='ocr_line' id='line_1_103' title="bbox 413 5109 2051 5190; baseline 0.002 -21"><span class='ocrx_word' id='word_1_862' title='bbox 413 5113 620 5182; x_wconf 80' lang='grc' dir='ltr'>τάξεως</span> <span class='ocrx_word' id='word_1_863' title='bbox 693 5113 926 5183; x_wconf 88' lang='grc' dir='ltr'>κόσμου.</span> <span class='ocrx_word' id='word_1_864' title='bbox 977 5111 1067 5186; x_wconf 79' lang='grc' dir='ltr'>ρξ’.</span> <span class='ocrx_word' id='word_1_865' title='bbox 1125 5109 1225 5174; x_wconf 88' lang='grc' dir='ltr'>Τίς</span> <span class='ocrx_word' id='word_1_866' title='bbox 1280 5113 1314 5180; x_wconf 78' lang='grc' dir='ltr'>ἡ</span> <span class='ocrx_word' id='word_1_867' title='bbox 1366 5111 1512 5166; x_wconf 75' lang='grc' dir='ltr'>αἰτία</span> <span class='ocrx_word' id='word_1_868' title='bbox 1559 5118 1656 5168; x_wconf 78' lang='grc' dir='ltr'>τοῦ</span> <span class='ocrx_word' id='word_1_869' title='bbox 1709 5116 1801 5170; x_wconf 88' lang='grc' dir='ltr'>τὸν</span> <span class='ocrx_word' id='word_1_870' title='bbox 1861 5117 2051 5190; x_wconf 51' lang='grc' dir='ltr'>κόσμοι</span> 
     </span>
    </p>
   </div>
   <div class='ocr_carea' id='block_1_104' title="bbox 2163 5109 3842 5200">
    <p class='ocr_par' dir='ltr' id='par_1_104' title="bbox 2179 5109 3842 5200">
     <span class='ocr_line' id='line_1_104' title="bbox 2179 5109 3842 5200; baseline 0.009 -26"><span class='ocrx_word' id='word_1_871' title='bbox 2179 5123 2259 5174; x_wconf 90' lang='lat' dir='ltr'>est</span> <span class='ocrx_word' id='word_1_872' title='bbox 2303 5118 2395 5170; x_wconf 83' lang='lat'>50.</span> <span class='ocrx_word' id='word_1_873' title='bbox 2436 5117 2757 5170; x_wconf 84' lang='lat' dir='ltr'><strong><em>Accuratius</em></strong></span> <span class='ocrx_word' id='word_1_874' title='bbox 2806 5117 2872 5172; x_wconf 83' lang='lat' dir='ltr'><strong><em>de</em></strong></span> <span class='ocrx_word' id='word_1_875' title='bbox 2909 5119 3270 5188; x_wconf 81' lang='lat' dir='ltr'><strong><em>facultatibus</em></strong></span> <span class='ocrx_word' id='word_1_876' title='bbox 3309 5109 3540 5185; x_wconf 72' lang='lat' dir='ltr'><strong><em>animae.</em></strong></span> <span class='ocrx_word' id='word_1_877' title='bbox 3570 5129 3660 5186; x_wconf 89' lang='grc'>51.</span> <span class='ocrx_word' id='word_1_878' title='bbox 3697 5132 3842 5200; x_wconf 86' lang='lat' dir='ltr'><strong><em>Quo-</em></strong></span> 
     </span>
    </p>
   </div>
   <div class='ocr_carea' id='block_1_105' title="bbox 417 5197 2051 5276">
    <p class='ocr_par' dir='ltr' id='par_1_105' title="bbox 417 5197 2051 5276">
     <span class='ocr_line' id='line_1_105' title="bbox 417 5197 2051 5276; baseline 0.001 -19"><span class='ocrx_word' id='word_1_879' title='bbox 417 5201 549 5257; x_wconf 80' lang='grc' dir='ltr'>δλον</span> <span class='ocrx_word' id='word_1_880' title='bbox 581 5199 919 5274; x_wconf 72' lang='grc' dir='ltr'>ἐγκλιθῆναι.</span> <span class='ocrx_word' id='word_1_881' title='bbox 957 5198 1082 5270; x_wconf 81' lang='grc' dir='ltr'>ρξα’.</span> <span class='ocrx_word' id='word_1_882' title='bbox 1119 5197 1290 5262; x_wconf 84' lang='grc' dir='ltr'>Πόθεν</span> <span class='ocrx_word' id='word_1_883' title='bbox 1327 5199 1388 5253; x_wconf 81' lang='grc' dir='ltr'>ἄν</span> <span class='ocrx_word' id='word_1_884' title='bbox 1420 5221 1503 5264; x_wconf 88' lang='grc' dir='ltr'>τις</span> <span class='ocrx_word' id='word_1_885' title='bbox 1528 5202 1683 5276; x_wconf 89' lang='grc' dir='ltr'>γνοίη</span> <span class='ocrx_word' id='word_1_886' title='bbox 1718 5201 2051 5274; x_wconf 67' lang='grc' dir='ltr'>Ἑλληνικαῖς</span> 
     </span>
    </p>
   </div>
   <div class='ocr_carea' id='block_1_106' title="bbox 2163 5197 3848 5276">
    <p class='ocr_par' dir='ltr' id='par_1_106' title="bbox 2181 5197 3848 5276">
     <span class='ocr_line' id='line_1_106' title="bbox 2181 5197 3848 5276; baseline 0.01 -15"><span class='ocrx_word' id='word_1_887' title='bbox 2181 5206 2342 5262; x_wconf 89' lang='lat' dir='ltr'><strong><em>modo</em></strong></span> <span class='ocrx_word' id='word_1_888' title='bbox 2383 5206 2540 5260; x_wconf 84' lang='lat' dir='ltr'><strong><em>Plato</em></strong></span> <span class='ocrx_word' id='word_1_889' title='bbox 2585 5207 2835 5272; x_wconf 86' lang='lat' dir='ltr'><strong><em>genitum</em></strong></span> <span class='ocrx_word' id='word_1_890' title='bbox 2892 5208 3059 5262; x_wconf 87' lang='lat' dir='ltr'><strong><em>simul</em></strong></span> <span class='ocrx_word' id='word_1_891' title='bbox 3103 5219 3154 5264; x_wconf 81' lang='lat' dir='ltr'>et</span> <span class='ocrx_word' id='word_1_892' title='bbox 3192 5212 3568 5272; x_wconf 83' lang='lat' dir='ltr'><strong><em>immortalem</em></strong></span> <span class='ocrx_word' id='word_1_893' title='bbox 3596 5197 3848 5276; x_wconf 80' lang='lat' dir='ltr'><strong><em>animum</em></strong></span> 
     </span>
    </p>
   </div>
   <div class='ocr_carea' id='block_1_107' title="bbox 413 5286 2051 5381">
    <p class='ocr_par' dir='ltr' id='par_1_107' title="bbox 413 5286 2051 5364">
     <span class='ocr_line' id='line_1_107' title="bbox 413 5286 2051 5364; baseline 0.002 -20"><span class='ocrx_word' id='word_1_894' title='bbox 413 5286 720 5358; x_wconf 80' lang='grc' dir='ltr'>ἀποδείξεσι</span> <span class='ocrx_word' id='word_1_895' title='bbox 762 5290 862 5356; x_wconf 75' lang='grc' dir='ltr'>τὴν</span> <span class='ocrx_word' id='word_1_896' title='bbox 920 5287 1130 5358; x_wconf 86' lang='grc' dir='ltr'>κόσμου</span> <span class='ocrx_word' id='word_1_897' title='bbox 1192 5287 1522 5344; x_wconf 89' lang='grc' dir='ltr'>συντέλειαν.</span> <span class='ocrx_word' id='word_1_898' title='bbox 1573 5292 1704 5364; x_wconf 78' lang='grc' dir='ltr'>ρξβ’.</span> <span class='ocrx_word' id='word_1_899' title='bbox 1751 5293 1878 5347; x_wconf 88' lang='grc' dir='ltr'>Τίνα</span> <span class='ocrx_word' id='word_1_900' title='bbox 1929 5291 2051 5364; x_wconf 72' lang='grc' dir='ltr'>δεξιε</span> 
     </span>
    </p>
   </div>
   <div class='ocr_carea' id='block_1_108' title="bbox 2163 5286 3843 5381">
    <p class='ocr_par' dir='ltr' id='par_1_108' title="bbox 2182 5293 3843 5381">
     <span class='ocr_line' id='line_1_108' title="bbox 2182 5293 3843 5381; baseline 0.009 -30"><span class='ocrx_word' id='word_1_901' title='bbox 2182 5295 2463 5350; x_wconf 82' lang='lat' dir='ltr'><strong><em>decernat.</em></strong></span> <span class='ocrx_word' id='word_1_902' title='bbox 2504 5294 2591 5346; x_wconf 83' lang='grc'>52.</span> <span class='ocrx_word' id='word_1_903' title='bbox 2632 5293 2761 5360; x_wconf 71' lang='lat' dir='ltr'><strong><em>Qua:</em></strong></span> <span class='ocrx_word' id='word_1_904' title='bbox 2789 5297 2861 5349; x_wconf 85' lang='lat' dir='ltr'>sit</span> <span class='ocrx_word' id='word_1_905' title='bbox 2907 5297 3199 5356; x_wconf 84' lang='lat' dir='ltr'><strong><em>Platonica</em></strong></span> <span class='ocrx_word' id='word_1_906' title='bbox 3239 5303 3556 5362; x_wconf 79' lang='lat' dir='ltr'><strong><em>animorum</em></strong></span> <span class='ocrx_word' id='word_1_907' title='bbox 3600 5325 3843 5381; x_wconf 89' lang='lat' dir='ltr'><strong><em>genera-</em></strong></span> 
     </span>
    </p>
   </div>
   <div class='ocr_carea' id='block_1_109' title="bbox 418 5375 2051 5472">
    <p class='ocr_par' dir='ltr' id='par_1_109' title="bbox 418 5375 2051 5454">
     <span class='ocr_line' id='line_1_109' title="bbox 418 5375 2051 5454; baseline 0 -21"><span class='ocrx_word' id='word_1_908' title='bbox 418 5382 518 5433; x_wconf 84' lang='grc' dir='ltr'>τοῦ</span> <span class='ocrx_word' id='word_1_909' title='bbox 582 5379 816 5449; x_wconf 89' lang='grc' dir='ltr'>κόσμου,</span> <span class='ocrx_word' id='word_1_910' title='bbox 863 5376 987 5430; x_wconf 87' lang='grc' dir='ltr'>τίνα</span> <span class='ocrx_word' id='word_1_911' title='bbox 1029 5375 1303 5450; x_wconf 85' lang='grc' dir='ltr'>ἀριστερά.</span> <span class='ocrx_word' id='word_1_912' title='bbox 1373 5377 1503 5452; x_wconf 83' lang='grc' dir='ltr'>ρξγ’.</span> <span class='ocrx_word' id='word_1_913' title='bbox 1559 5384 1695 5454; x_wconf 83' lang='grc' dir='ltr'>Περῖ</span> <span class='ocrx_word' id='word_1_914' title='bbox 1761 5377 2051 5454; x_wconf 76' lang='grc' dir='ltr'>μεταϐολῇ.</span> 
     </span>
    </p>
   </div>
   <div class='ocr_carea' id='block_1_110' title="bbox 2163 5375 3834 5472">
    <p class='ocr_par' dir='ltr' id='par_1_110' title="bbox 2184 5375 3834 5472">
     <span class='ocr_line' id='line_1_110' title="bbox 2184 5375 3834 5472; baseline 0.01 -32"><span class='ocrx_word' id='word_1_915' title='bbox 2184 5387 2282 5440; x_wconf 88' lang='lat' dir='ltr'><strong><em>tio.</em></strong></span> <span class='ocrx_word' id='word_1_916' title='bbox 2313 5383 2404 5439; x_wconf 91' lang='lat'>53.</span> <span class='ocrx_word' id='word_1_917' title='bbox 2439 5382 2619 5450; x_wconf 84' lang='lat' dir='ltr'><strong><em>Quare</em></strong></span> <span class='ocrx_word' id='word_1_918' title='bbox 2663 5384 2856 5438; x_wconf 85' lang='lat' dir='ltr'><strong><em>anima</em></strong></span> <span class='ocrx_word' id='word_1_919' title='bbox 2901 5386 3090 5443; x_wconf 85' lang='lat' dir='ltr'><strong><em>media</em></strong></span> <span class='ocrx_word' id='word_1_920' title='bbox 3131 5393 3487 5461; x_wconf 83' lang='lat' dir='ltr'><strong><em>partibilium</em></strong></span> <span class='ocrx_word' id='word_1_921' title='bbox 3532 5375 3834 5472; x_wconf 47' lang='lat' dir='ltr'><strong><em>et&#39;impar-</em></strong></span> 
     </span>
    </p>
   </div>
   <div class='ocr_carea' id='block_1_111' title="bbox 513 5555 2255 5712">
    <p class='ocr_par' dir='ltr' id='par_1_111' title="bbox 513 5555 2255 5712">
     <span class='ocr_line' id='line_1_111' title="bbox 513 5555 2255 5712; baseline -0.057 -6"><span class='ocrx_word' id='word_1_922' title='bbox 513 5637 589 5712; x_wconf 81' lang='lat' dir='ltr'>(k)</span> <span class='ocrx_word' id='word_1_923' title='bbox 623 5636 768 5696; x_wconf 85' lang='lat' dir='ltr'><strong><em>Vide</em></strong></span> <span class='ocrx_word' id='word_1_924' title='bbox 796 5653 980 5712; x_wconf 71' lang='lat' dir='ltr'><strong><em>supra</em></strong></span> <span class='ocrx_word' id='word_1_925' title='bbox 1008 5638 1035 5707; x_wconf 65' lang='grc' dir='ltr'>ς</span> <span class='ocrx_word' id='word_1_926' title='bbox 1063 5635 1153 5705; x_wconf 59' lang='lat'>55’</span> <span class='ocrx_word' id='word_1_927' title='bbox 1186 5650 1245 5709; x_wconf 49' lang='grc' dir='ltr'>Ρ.</span> <span class='ocrx_word' id='word_1_928' title='bbox 1277 5635 1369 5694; x_wconf 51' lang='grc' dir='ltr'>3γο</span> <span class='ocrx_word' id='word_1_929' title='bbox 2022 5555 2255 5614; x_wconf 70' lang='lat' dir='ltr'>NOTAE.</span> 
     </span>
    </p>
   </div>
  </div>
