4046 6144
268 353 386 413 527
1655 336 1938 398 LEONIS
1982 333 2292 393 ALLATH
3567 334 3691 393 528

265 487 520 542 tibilium
565 484 790 539 dicitur.
839 481 930 534 54.
984 479 1286 546 Quemnam
1329 475 1582 530 animum
1630 471 1789 527 Plato
1827 486 1915 540 ge-
1947 471 1998 534 Α
2031 467 2164 522 loco.
2224 466 2343 522 155.
2403 466 2477 520 De
2545 468 2716 520 terra.
2765 465 2887 519 156.
2937 465 3022 520 An
3085 465 3324 520 mundus
3379 466 3685 522 animatus.

264 584 424 631 nerat
454 576 513 629 in
547 571 868 628 Timaeo.55.
893 569 1018 635 qu
1049 567 1122 621 sit
1155 565 1366 620 anima?
1387 562 1762 633 faculuss.56.
1782 560 1924 626 Qua-

261 666 338 720 les
368 666 480 718 sint
509 664 687 716 animi
717 658 1034 729 facultates,
1067 662 1116 710 et
1149 668 1290 724 quae.
1322 653 1412 706 57.
1449 651 1582 718 Quae
1609 651 1684 704 sit
1723 647 1922 702 divisio

258 752 640 808 communium
710 747 1092 818 operationum
1163 741 1348 796 animi
1411 742 1490 794 ad
1554 753 1778 808 corpus.
1827 735 1918 789 59.

263 851 498 918 Quando
529 849 752 902 animus
779 841 1104 918 generando
1143 841 1337 893 unitur
1379 839 1624 908 corpori.
1653 836 1744 890 60.
1779 835 1919 902 Quo-

263 941 428 995 modo
457 939 678 1008 corpori
705 937 927 990 animus
974 932 1234 984 uniatur.
1266 928 1356 981 61.
1393 928 1462 982 De
1511 925 1704 980 anima
1745 925 1920 978 ratio~

265 1031 354 1082 nis
385 1029 627 1098 experte.
659 1025 748 1078 62.
783 1023 918 1090 Quae
961 1021 1034 1074 sit
1079 1017 1354 1081 voluntas,
1383 1017 1434 1069 et
1474 1029 1594 1085 quae
1641 1013 1921 1082 operaliva

267 1117 548 1187 cogitatio.
579 1114 670 1167 63.
703 1113 777 1166 De
821 1111 1087 1166 electione
1132 1114 1184 1161 et
1225 1105 1544 1160 attentione.
1597 1103 1688 1156 64.
1733 1102 1922 1157 Utrum

268 1208 489 1260 animus
546 1215 866 1272 a-corpore,
927 1215 1000 1252 an
1045 1211 1242 1265 corpus
1285 1194 1356 1248 ab
1413 1192 1603 1247 animo
1655 1190 1921 1244 dissolva-

272 1306 384 1350 tur.
434 1295 521 1349 65.
575 1288 845 1360 Quomodo
895 1288 1242 1342 contineatur
1290 1285 1508 1338 animus
1558 1283 1614 1334 in
1673 1294 1916 1348 corpore.

267 1385 360 1448 66,
406 1383 496 1448 67,
540 1381 630 1446 68,
681 1379 772 1444 69,
807 1379 899 1447 7ο,
939 1377 1030 1444 71,
1069 1374 1165 1438 72,
1205 1373 1298 1436 73,
1337 1371 1429 1436 74,
1461 1370 1550 1434 75,
1584 1370 1674 1433 76,
1707 1369 1798 1433 77,
1827 1367 1917 1436 78,

265 1474 357 1540 79,
389 1472 478 1537 80,
511 1471 602 1524 81.
638 1471 709 1522 De
756 1465 1076 1532 virtutibus,
1109 1463 1199 1516 82.
1249 1465 1312 1514 In
1353 1474 1456 1530 quo
1503 1457 1727 1528 differat
1769 1458 1920 1521 prin-

265 1563 472 1631 cipium
523 1560 590 1614 ab
637 1556 943 1613 elementis.
978 1554 1066 1606 83.
1105 1555 1184 1606 De
1227 1549 1551 1620 principiis,
1601 1545 1734 1616 quid
1783 1548 1916 1612 sint,

263 1652 352 1704 84.
389 1655 466 1704 De
497 1649 658 1704 ideis.
689 1647 778 1700 85.
813 1646 886 1699 De
923 1640 1266 1698 daemonibus
1314 1641 1362 1692 et
1415 1635 1686 1691 heroibus.
1720 1635 1809 1690 86.
1843 1635 1918 1689 De

261 1741 518 1793 materia.
551 1737 640 1790 87.
675 1735 747 1788 De
784 1735 984 1787 causis.
1035 1731 1123 1784 88.
1167 1728 1239 1781 De
1283 1725 1496 1794 figuris.
1529 1724 1618 1777 89.
1652 1724 1725 1778 De
1771 1723 1917 1778 colo-

263 1829 436 1882 ribus.
468 1826 558 1880 90.
598 1829 676 1879 De
726 1823 981 1876 mistione
1023 1827 1073 1873 et
1112 1819 1559 1887 temperamento.
1583 1813 1671 1866 91.
1704 1814 1778 1900 De
1821 1827 1914 1882 ge-
1947 1835 1992 1900 Β

265 1915 548 1970 neratione
594 1917 647 1968 et
695 1919 1062 1980 corruptione.
1093 1907 1184 1959 92.
1217 1905 1290 1958 De
1330 1902 1671 1971 corporibus.
1709 1899 1797 1954 93.
1845 1901 1918 1956 De

267 2005 534 2059 minimis.
568 2003 658 2056 94.
697 2006 774 2057 De
820 1997 1150 2069 differentiis
1191 1993 1588 2061 cognitionum.
1634 1989 1722 2043 95.
1765 1992 1917 2057 Quo-

270 2093 426 2148 modo
491 2109 606 2146 non
671 2104 887 2159 semper
932 2087 1100 2140 Deum
1161 2081 1581 2153 participamus,
1636 2095 1759 2132 cum
1806 2075 1918 2132 ille

263 2195 481 2246 semper
527 2184 800 2251 operetur.
831 2177 921 2229 96.
955 2177 1139 2243 Quare
1186 2170 1410 2226 omnino
1457 2167 1669 2220 malum
1698 2167 1790 2220 sit.
1821 2166 1912 2221 97.

263 2279 580 2336 Absolutius
628 2277 692 2333 de
731 2273 908 2330 malo.
940 2273 1030 2326 98.
1081 2269 1144 2324 Si
1191 2271 1274 2322 est
1321 2267 1383 2320 in
1425 2265 1642 2332 angelis
1688 2263 1915 2333 aliquod

261 2369 490 2423 malum.
543 2367 632 2421 99.
699 2365 758 2420 Si
821 2365 882 2418 in
948 2362 1063 2416 loco
1129 2359 1507 2426 incorporeum
1555 2355 1645 2406 sit.
1697 2352 1817 2406 100.
1853 2351 1914 2407 Si

257 2458 468 2512 malum
507 2455 768 2510 materia.
823 2451 944 2506 101.
995 2449 1071 2503 De
1119 2461 1308 2501 rerum
1351 2443 1426 2498 ad
1471 2442 1642 2495 Deum
1689 2455 1910 2494 conver-

251 2549 429 2602 sione.
482 2546 604 2599 102.
655 2545 729 2599 De
776 2549 1030 2610 tempore.
1086 2535 1207 2590 103.
1243 2534 1315 2588 De
1369 2540 1534 2585 motu.
1563 2531 1683 2583 104.
1719 2531 1794 2584 De
1821 2545 1910 2584 ne-

252 2637 524 2691 cessitate.
579 2633 700 2688 105.
757 2631 829 2686 De
872 2631 1007 2700 fato.
1057 2626 1177 2680 105.
1234 2627 1312 2676 De
1381 2623 1605 2688 fortuna
1661 2623 1712 2673 et
1754 2634 1907 2673 casu.

261 2726 384 2780 107.
422 2729 501 2778 De
536 2722 742 2778 seeoulo
789 2723 838 2775 et
887 2727 1151 2787 tempore.
1209 2711 1328 2765 108.
1372 2711 1449 2764 De
1496 2711 1738 2782 quinque
1784 2725 1907 2762 sen-

255 2813 423 2868 sibus.
488 2811 608 2866 109.
665 2811 744 2863 An
802 2821 992 2861 verum
1060 2805 1132 2857 sit
1195 2799 1494 2856 nonnullos
1548 2797 1827 2867 fascinari
1869 2813 1904 2851 a

254 2899 584 2956 videntibus.
637 2897 758 2950 110.
810 2891 1084 2963 Quomodo
1131 2889 1362 2959 eclipses
1407 2888 1562 2956 fiant.
1602 2885 1724 2940 111.
1761 2885 1901 2952 Quo-

256 2988 413 3044 modo
442 3003 626 3042 mares
651 2993 701 3042 et
729 2985 948 3054 feminx
995 2982 1352 3052 generentur.
1402 2977 1521 3029 112.
1560 2975 1737 3042 Quare
1783 2989 1907 3028 mu-

258 3079 364 3133 lier
390 3078 591 3149 saepius
621 3076 804 3130 virum
833 3075 1061 3143 experta
1090 3083 1198 3122 non
1247 3067 1500 3135 concipit.
1545 3064 1666 3118 113.
1713 3067 1907 3134 Quare

252 3168 464 3236 gemini
493 3170 544 3221 et
574 3163 864 3233 tergemini
909 3165 1228 3215 nascuntur.
1265 3155 1384 3209 114.
1423 3153 1574 3210 Unde
1611 3160 1902 3223 parentum

249 3253 648 3312 similitudines
713 3260 764 3308 et
831 3247 1322 3305 dissimilitudines
1388 3244 1544 3312 fiant.
1623 3241 1743 3295 115.
1817 3242 1901 3296 An

247 3345 536 3416 embrgum
565 3341 777 3398 animal
804 3341 898 3405 sit,
928 3343 981 3394 et
1009 3353 1114 3408 qua
1158 3335 1375 3389 ratione
1419 3332 1730 3386 nutriatur.
1777 3331 1897 3386 116.

247 3434 518 3502 Quomodo
565 3432 781 3488 somnia
819 3431 978 3500 fiunt.
1016 3427 1132 3480 117.
1165 3426 1240 3480 De
1280 3423 1536 3484 sanitate,
1589 3422 1640 3474 et
1685 3423 1896 3487 morbo,

243 3528 296 3579 et
350 3524 642 3578 senectute.
695 3520 817 3573 118.
870 3517 1051 3584 Quare
1099 3512 1192 3584 qui
1223 3512 1510 3583 jeiunant,
1559 3511 1763 3564 sitiunt
1805 3523 1899 3579 po—

245 3615 357 3667 tius
387 3627 560 3682 quam
599 3609 873 3664 esuriant.
902 3605 1022 3660 119.
1058 3604 1237 3671 Quare
1269 3603 1366 3672 qui
1411 3600 1684 3663 esuriant,
1717 3598 1768 3652 si
1816 3597 1898 3652 bi-

250 3702 406 3769 bant,
439 3702 503 3754 at
531 3698 627 3769 qui
653 3697 872 3762 sitiunt,
903 3695 952 3748 si
989 3691 1302 3756 comedunt,
1333 3685 1737 3742 distenduntur.
1773 3686 1895 3740 120.

252 3799 334 3853 An
365 3799 436 3853 sit
463 3794 678 3867 aliquid
707 3801 863 3850 extra
911 3791 1126 3847 emtum.
1157 3788 1279 3842 121.
1316 3788 1386 3842 De
1423 3785 1663 3839 hominis
1713 3799 1896 3837 essen-

251 3889 357 3942 tia.
392 3887 513 3941 122.
547 3887 608 3941 In
637 3887 766 3957 quot
798 3882 1032 3938 circulos
1061 3878 1256 3934 caelum
1297 3873 1598 3930 dividatur.
1653 3871 1775 3926 123.
1823 3872 1897 3927 De

251 3983 552 4047 apparente
583 3978 642 4030 in
666 3971 806 4029 caelo
854 3971 987 4026 lacti
1032 3967 1207 4024 simili
1252 3965 1482 4029 circulo,
1528 3962 1760 4017 Galaxia
1805 3960 1898 4014 di-

253 4070 360 4120 cto.
411 4065 534 4118 124.
585 4065 661 4118 De
706 4058 1094 4133 apparentibus
1136 4057 1196 4110 in
1238 4054 1366 4109 caelo
1431 4051 1664 4106 diversis
1721 4049 1898 4119 igneis

249 4155 492 4224 spectris.
545 4153 667 4206 125.
721 4155 804 4204 De
853 4144 1248 4220 apparentibus
1302 4147 1362 4198 in
1421 4141 1555 4195 oculo
1627 4137 1898 4193 coloribus

245 4240 587 4310 sanguineis,
621 4243 670 4294 et
703 4235 1073 4308 voraginibus.
1111 4234 1235 4287 126.
1279 4233 1356 4286 De
1390 4229 1624 4285 essentia
1659 4227 1816 4290 solis,
1847 4234 1900 4281 et

245 4330 358 4401 [55]
407 4347 475 4383 an
519 4329 702 4398 plures
748 4327 905 4382 soles.
943 4327 1062 4380 127.
1096 4325 1170 4378 De
1215 4317 1602 4389 magnitudine
1641 4317 1794 4380 solis,
1842 4323 1895 4370 et

239 4419 412 4483 lunae,
452 4421 504 4473 et
533 4425 716 4473 terra.
747 4417 848 4470 128
903 4419 979 4470 De
1007 4413 1203 4484 eclipsi
1227 4410 1420 4465 solari.
1457 4407 1579 4460 129.
1601 4411 1678 4460 De
1703 4405 1896 4475 eclipsi

237 4509 448 4562 lunari.
485 4508 606 4562 130.
643 4507 720 4560 An
751 4505 829 4560 sol
859 4503 1074 4559 calidus
1123 4505 1215 4557 sit.
1269 4499 1389 4554 131.
1427 4498 1553 4564 Quae
1599 4496 1672 4550 sit
1707 4509 1889 4549 essen-

2037 555 2156 610 157.
2189 557 2270 608 An
2299 554 2538 608 mundus
2563 552 2747 626 factus
2775 554 2865 622 sit,
2897 557 2948 607 et
2979 554 3438 625 incorruptibilis.
3466 556 3588 610 158.
3607 563 3688 610 An

2029 643 2268 698 mundus
2295 644 2599 698 nutriatur.
2633 641 2753 696 159.
2789 642 2863 695 De
2909 642 3106 697 ordine
3152 643 3370 698 mundi.
3416 645 3538 700 160.
3573 646 3694 713 Qua

2027 748 2189 787 causa
2239 734 2479 787 mundus
2521 733 2810 785 universus
2859 731 3163 786 inclinatus
3207 735 3298 786 sit.
3355 732 3480 787 161.
3513 733 3698 790 Unde-

2029 837 2162 875 nam
2207 823 2503 891 gentilium
2545 819 3104 875 demonstrationibus
3149 821 3348 875 mundi
3407 820 3536 890 ﬁnis
3584 821 3688 878 ha-

2033 910 2250 966 beatur.
2303 909 2428 964 162.
2479 911 2608 978 qu
2651 909 2854 964 dextra
2899 909 3120 976 mundi,
3171 917 3222 964 et
3267 925 3388 981 qua:
3434 911 3694 967 sinistra.

2031 999 2156 1055 163.
2189 1000 2264 1053 De
2293 999 2756 1053 transmutatione
2783 1004 2952 1054 terra
2978 999 3254 1068 partium.
3291 999 3414 1054 164.
3447 1001 3519 1054 De
3575 1005 3686 1056 ter-

2029 1105 2107 1142 rx
2140 1090 2394 1144 motibus.
2423 1088 2542 1142 165.
2581 1089 2653 1141 De
2680 1103 2886 1154 magna
2925 1087 3133 1158 hyeme.
3173 1089 3294 1142 166.
3329 1089 3508 1156 Quare
3536 1106 3687 1162 aqua

2029 1179 2259 1230 marina
2287 1185 2365 1230 est
2391 1176 2556 1230 salsa.
2575 1176 2695 1230 167.
2719 1176 2836 1243 Qua
2863 1191 3028 1229 causa
3063 1177 3125 1229 in
3153 1178 3308 1230 mari
3335 1193 3482 1247 aqua
3509 1177 3693 1232 dulcis
3771 1212 3783 1220 -

2031 1268 2374 1320 inveniatur.
2423 1265 2546 1320 168.
2613 1265 2791 1332 Quare
2833 1281 2978 1336 aqua
3029 1266 3251 1320 marina
3299 1267 3529 1322 arbores
3581 1281 3698 1322 non

2030 1356 2262 1408 nutriat.
2297 1354 2422 1409 169.
2458 1354 2642 1421 Quare
2673 1355 2730 1407 in
2762 1369 2915 1408 mare
2963 1355 3077 1408 oleo
3115 1355 3306 1425 effuso,
3339 1371 3493 1410 mare
3539 1354 3696 1410 dilu-

2029 1443 2220 1497 cidum
2275 1443 2379 1512 ﬁat
2427 1447 2482 1496 et
2537 1443 2804 1512 quietum.
2857 1441 2981 1496 170.
3034 1441 3152 1509 Qua
3218 1459 3404 1510 causa,
3449 1459 3574 1499 cum
3631 1445 3695 1498 in

2027 1547 2182 1586 mare
2217 1532 2428 1601 fulmen
2470 1530 2752 1600 ceciderit,
2801 1532 2886 1586 sal
2933 1535 3198 1600 emergat.
3245 1532 3369 1588 171.
3411 1533 3486 1588 De
3531 1534 3694 1603 ﬂuxu

2026 1623 2079 1674 et
2129 1621 2352 1689 reﬂuxu
2406 1620 2661 1676 Euboico.
2715 1620 2835 1675 172.
2889 1624 3076 1691 Quare
3119 1623 3282 1692 aquis
3349 1621 3698 1692 pluvialibus

2025 1711 2209 1777 magis
2239 1725 2405 1779 quam
2432 1711 2786 1764 currentibus
2815 1711 3036 1765 arbores
3075 1719 3126 1765 et
3155 1713 3386 1766 "semina
3433 1713 3696 1766 nutrian-

2029 1807 2145 1852 tur.
2183 1799 2302 1852 173.
2338 1799 2515 1865 Quare
2544 1815 2618 1852 ex
2649 1800 2809 1866 aquis
2835 1797 3201 1869 pluvialibus,
3233 1813 3361 1870 qua:
3387 1815 3514 1854 cum
3543 1801 3695 1856 toni-

2029 1894 2119 1941 tru
2168 1891 2221 1941 et
2275 1886 2494 1960 fulgore
2556 1886 2835 1952 decidunt,
2903 1903 3082 1955 magis
3145 1889 3363 1942 semina
3415 1889 3691 1946 irrorant.

2025 1975 2148 2030 174.
2215 1977 2290 2030 De
2357 1976 2640 2031 nonnullis
2708 1976 2954 2030 tacubus.
3020 1977 3144 2030 175.
3205 1979 3278 2032 De
3330 1978 3679 2048 ﬂuminibus.

2023 2063 2148 2119 176.
2191 2065 2266 2119 De
2314 2064 2432 2119 Nili
2479 2067 2836 2120 incremento.
2873 2065 2995 2118 177.
3029 2065 3213 2132 Quare
3259 2067 3414 2119 inter
3445 2066 3686 2134 ﬂumina

2021 2153 2180 2207 Nilus
2211 2153 2357 2208 solus
2388 2156 2572 2208 ventos
2623 2169 2732 2208 non
2779 2155 2956 2222 efﬂat.
2991 2153 3116 2208 178.
3161 2154 3234 2208 De
3279 2155 3544 2210 maximis
3587 2170 3680 2209 re-

2021 2242 2168 2308 gnis.
2195 2242 2314 2297 179.
2351 2243 2422 2297 De
2461 2241 2800 2297 humoribus.
2837 2242 2939 2297 180
2993 2243 3174 2310 Quare
3198 2251 3442 2313 pastores
3489 2259 3687 2316 recens

2019 2333 2166 2384 natis
2197 2333 2576 2386 animantibus
2617 2331 2702 2385 sal
2750 2332 3093 2401 inspergunt.
3121 2331 3246 2386 181.
3291 2333 3474 2400 Quare
3511 2333 3684 2403 poly-

2015 2435 2122 2489 pus
2169 2421 2406 2474 colorem
2449 2437 2732 2486 saxorum,
2777 2421 2976 2489 quibus
3013 2435 3127 2475 sese
3169 2421 3557 2492 applicaverit,
3589 2423 3682 2476 in-

2018 2507 2174 2562 duat.
2245 2509 2365 2562 182.
2445 2509 2627 2576 Quare
2693 2509 2882 2578 palma
2936 2523 3084 2564 ursae
3149 2511 3219 2562 ad
3281 2511 3681 2565 comedendum

2017 2598 2350 2651 suavissima
2404 2601 2504 2651 est.
2568 2597 2692 2651 183.
2761 2601 2957 2668 Quare
3015 2599 3300 2654 Dorienses
3373 2607 3680 2668 precantur

2016 2689 2226 2740 malum
2253 2685 2550 2740 herbarum
2577 2691 2928 2757 proventum.
2963 2687 3083 2740 184.
3121 2687 3301 2754 Quare
3329 2703 3466 2742 ursa
3489 2694 3676 2758 capta,

2019 2783 2133 2829 rete
2177 2791 2289 2829 non
2343 2775 2595 2830 comedit.
2653 2775 2774 2828 185.
2826 2775 3008 2842 Quare
3051 2775 3218 2842 lotigo
3285 2777 3404 2830 visa
3468 2785 3676 2847 tempe-

2018 2865 2208 2916 statem
2265 2854 2559 2934 praesagit.
2615 2863 2736 2916 186.
2797 2865 2978 2926 Quare
3041 2863 3288 2919 triticum
3347 2865 3408 2918 in
3468 2865 3669 2936 lutosa,

2017 2951 2278 3006 hordeum
2341 2955 2403 3006 in
2457 2952 2622 3008 arida
2680 2956 2830 3007 terra
2897 2955 3255 3007 seminamus.
3316 2953 3432 3007 187.
3490 2955 3670 3022 Quare

2016 3043 2142 3095 vitis
2171 3042 2318 3107 vino,
2350 3049 2400 3095 et
2425 3043 2703 3110 pra‘cipue
2724 3042 2774 3094 si
2801 3055 2919 3106 suo,
2957 3052 3301 3112 aspergatur,
3333 3043 3664 3098 exsiccatur.

2017 3130 2138 3183 188.
2157 3131 2336 3196 Quare
2354 3143 2495 3186 rosa:
2512 3131 2685 3197 magis
2701 3131 3067 3199 efﬂorescunt,
3083 3131 3132 3184 si
3150 3132 3298 3185 male
3319 3131 3534 3186 olentia
3557 3148 3667 3186 una

1931 3199 1974 3264 CI
2011 3235 2136 3272 cum
2163 3219 2295 3289 ipsis
2325 3219 2747 3272 inseminentur.
2783 3218 2904 3272 189.
2938 3219 3118 3286 Quare
3165 3235 3462 3290 porcorum
3507 3236 3665 3291 agre-

2005 3309 2178 3362 stium
2199 3307 2457 3378 lacrymae
2472 3306 2974 3374 dulces,cervorum
2993 3308 3162 3363 salsae
3180 3310 3326 3361 sunt.
3347 3307 3468 3361 190.
3487 3309 3668 3375 Quare

2009 3397 2198 3463 lapilli
2224 3397 2542 3467 plumbique
2574 3396 2796 3450 laminae
2827 3395 3043 3466 injectae
3070 3395 3419 3466 frigidiorem
3460 3413 3664 3467 aquam

2006 3486 2278 3554 efﬁciunt.
2311 3485 2433 3539 191.
2469 3485 2648 3551 Quare
2691 3483 2873 3554 paleis
2915 3488 2968 3538 et
3015 3483 3359 3539 indumentis
3387 3487 3494 3540 nix
3525 3501 3665 3540 con-

2005 3589 2275 3628 servatur.
2327 3573 2448 3627 192.
2487 3572 2626 3639 Quid
2665 3573 2736 3626 sit
2782 3571 3038 3627 bulimos.
3087 3572 3202 3627 193.
3252 3573 3430 3640 Quare
3465 3590 3663 3630 carnes

2009 3665 2070 3716 in
2119 3663 2227 3731 ﬁcu
2265 3675 2520 3732 appensa?
2570 3661 2874 3715 teneriores
2924 3660 3082 3730 ﬁant.
3126 3665 3203 3715 Ex
3251 3661 3433 3730 hisce,
3467 3661 3659 3718 CLXII

2007 3750 2199 3820 capita
2228 3750 2283 3803 in
2313 3749 2577 3821 linguam
2598 3765 2764 3803 versa
2785 3748 3038 3804 Latinam
3061 3767 3094 3804 ξι
3117 3751 3313 3805 nescio
3333 3767 3448 3820 quo
3469 3757 3662 3808 osten-

2009 3839 2092 3893 dit
2110 3838 2253 3892 mihi
2276 3839 2542 3894 acerrimi
2567 3838 2785 3908 ingenti
2809 3836 2895 3892 vir
2913 3839 2998 3893 ,Ιο-
3020 3838 3278 3894 Jacobus
3296 3839 3655 3895 Buccardus.

2078 3962 2189 4033 [56]
2225 3961 2464 4017 LXXIII.
2499 3956 2808 4020 Ἐπιλύσεις
2841 3959 3100 4032 σύντομοι
3133 3965 3372 4038 φυσικῶν
3400 3966 3535 4031 ζητῇ
3550 3960 3651 4034 μά-

2003 4071 2110 4104 των
2143 4050 2279 4124 πρὸς
2312 4047 2546 4122 Μιχαὴλ
2575 4047 2665 4101 τὸν
2695 4051 2896 4102 Δοῦκαν
2939 4047 2990 4102 ἐν
3028 4043 3269 4123 βιϐλίοις
3319 4047 3459 4106 δυσί.
3493 4051 3656 4106 Solu-

2007 4143 2184 4195 tioncs
2213 4138 2613 4210 compendiosa?
2656 4139 3000 4193 naturalium
3048 4141 3419 4210 quaestionum
3457 4141 3528 4194 ad
3557 4141 3656 4194 Mi-

2004 4228 2243 4283 chaclem
2277 4233 2486 4284 Ducam
2520 4227 2675 4280 libris
2703 4226 2934 4282 duobus.
2961 4231 3015 4278 P.
3049 4226 3110 4282 '0
3146 4226 3239 4298 μὲν
3270 4224 3652 4302 Πλούταρχος,

2010 4318 2228 4390 μέγιστε
2265 4315 2352 4370 καὶ
2411 4315 2648 4378 θειότατε
2709 4310 2952 4386 βασιλεῦ.
3007 4317 3213 4387 Capita
3267 4317 3366 4372 lib.
3421 4319 3466 4372 Ι.
3523 4315 3654 4390 Περὶ

2002 4409 2098 4460 τοῦ
2131 4400 2448 4482 σφαιροειδῆ
2483 4403 2613 4456 εἶναι
2645 4403 2742 4470 τὴν
2795 4409 2918 4476 γῆν.
2952 4403 3082 4477 Περὶ
3138 4406 3236 4456 τοῦ
3287 4407 3492 4467 κεῖσθαι
3555 4404 3652 4458 αὖ·

2002 4494 2099 4562 τήν
2163 4493 2212 4546 ἐν
2272 4494 2419 4566 μέσῳ
2472 4495 2570 4545 τοῦ
2630 4491 2849 4553 παντός.
2888 4492 3016 4566 Περὶ
3073 4492 3334 4566 μεγέθους
3363 4499 3464 4561 τῆς
3519 4499 3645 4567 γῆς,

232 4599 312 4652 ιία
360 4597 667 4653 stellaru-m.
721 4595 840 4649 132.
885 4593 956 4647 De
1006 4591 1292 4646 stellarum
1358 4587 1560 4641 latione
1617 4588 1667 4638 et
1715 4590 1881 4637 motu.

2011 4582 2302 4658 Ορῖζοντος
2350 4582 2692 4658 καταγραφή.
2743 4583 2946 4652 Capita
3022 4583 3287 4637 secundi.
3349 4582 3480 4656 Περὶ
3541 4585 3647 4635 τῶν

232 4686 354 4740 133.
389 4687 584 4754 Quales
625 4687 736 4739 sint
791 4683 1096 4738 stellarum
1137 4676 1614 4746 configurationes.
1649 4671 1770 4725 134.
1805 4672 1878 4726 De

227 4775 420 4830 ordine
446 4774 765 4831 stellarum.
802 4773 923 4826 135.
961 4768 1108 4826 Unde
1165 4767 1352 4821 lumen
1400 4763 1632 4818 habeant
1678 4761 1870 4815 stellae.

229 4871 349 4926 136.
397 4874 468 4929 De
513 4872 916 4944 signiﬁcatione
973 4867 1283 4930 stellarum,
1332 4865 1382 4917 et
1449 4858 1710 4932 quomodo
1777 4857 1876 4926 fiat

224 4959 397 5016 hiems
461 4965 510 5016 et
577 4969 760 5018 testas.
833 4959 953 5013 137.
1013 4957 1291 5024 Quantum
1355 4951 1428 5006 sit
1502 4950 1875 5018 cujuscunque

193 5049 462 5118 planetae
509 5051 778 5106 circuitus
818 5053 1047 5119 tempus.
1101 5043 1220 5098 138.
1259 5042 1334 5096 De
1382 5039 1555 5094 stellis
1600 5037 1875 5091 Dioscuri:

219 5140 572 5208 nuncupatis.
607 5139 727 5192 139.
765 5139 835 5191 De
863 5137 1084 5191 comete.
1120 5132 1241 5186 140.
1280 5133 1357 5184 De
1386 5127 1579 5188 imbre,
1613 5128 1666 5180 et
1703 5140 1870 5195 gran-

216 5225 365 5291 dine,
397 5227 543 5296 nive,
573 5229 776 5297 pruina
809 5235 858 5280 et
897 5240 1034 5278 rore.
1073 5221 1194 5275 141.
1235 5223 1316 5273 De
1363 5232 1495 5271 rore
1543 5229 1788 5282 rursum,
1817 5216 1872 5267 et

211 5315 442 5385 pruina.
499 5315 617 5370 142.
672 5317 748 5370 De
795 5313 955 5369 iride.
994 5311 1114 5366 143.
1165 5309 1235 5364 De
1283 5322 1435 5362 area.
1482 5305 1604 5359 144.
1657 5303 1728 5358 De
1776 5302 1870 5355 ba-

209 5403 369 5457 culis.
419 5405 541 5458 145.
596 5406 669 5458 De
713 5402 1027 5474 parallelis.
1085 5399 1208 5452 146.
1261 5397 1333 5452 De
1381 5395 1579 5449 ventis.
1636 5391 1754 5446 147.
1795 5391 1869 5443 De

209 5493 464 5563 typhone.
533 5493 658 5546 148.
723 5493 800 5546 De
859 5489 1146 5558 ccnephia.
1201 5486 1322 5540 149.
1375 5485 1448 5539 De
1511 5479 1865 5552 fulminibus.

211 5581 332 5634 150.
386 5583 457 5637 De
503 5590 762 5653 prestere.
819 5581 938 5632 151.
997 5575 1272 5643 Quomodo
1339 5571 1577 5626 mundus
1641 5569 1865 5631 coaluit,

205 5669 328 5726 152.
358 5671 442 5727 An
485 5686 664 5726 unum
705 5669 1049 5724 universum.
1102 5663 1224 5718 153.
1259 5663 1334 5716 De
1379 5675 1566 5716 vacuo.
1624 5657 1742 5712 154.
1795 5658 1868 5711 De

1990 4671 2184 4744 μεταξὺ
2240 4677 2340 4739 τῆς
2391 4676 2492 4744 γῆς
2548 4669 2637 4724 καὶ
2695 4673 2792 4722 τοῦ
2872 4667 3103 4742 οὐρανοῦ
3183 4669 3497 4745 στοιχείων,
3555 4670 3648 4724 καὶ

1981 4765 2088 4814 τῶν
2149 4759 2272 4833 περὶ
2348 4763 2516 4813 ταῦτα
2592 4761 2800 4821 παθῶν.
2862 4757 2992 4831 Περὶ
3071 4756 3252 4833 ἀέρος,
3307 4759 3394 4812 καὶ
3447 4758 3640 4836 πυρὸς,

1981 4849 2070 4903 καὶ
2116 4853 2312 4927 νεφῶν,
2357 4848 2446 4902 ναὶ
2499 4847 2690 4914 ὑετῶν,
2729 4847 2816 4900 καὶ
2873 4846 3184 4921 ἀστραπῶν,
3233 4848 3322 4901 καὶ
3377 4848 3636 4922 βροντῶν.

1983 4938 2112 5012 Περῖ
2171 4941 2432 5010 σεισμῶν.
2485 4936 2613 5010 Περὶ
2693 4936 2952 5007 κομήτων
3013 4935 3273 5010 ἀστέρων.
3335 4936 3465 5010 Περὶ
3523 4934 3641 4990 ἀνέ-

1985 5049 2122 5099 μων.
2177 5027 2302 5101 Περὶ
2355 5023 2551 5101 ἴριδος.
2589 5023 2718 5100 Περὶ
2771 5021 2909 5078 ἅλω.
2943 5024 3072 5097 Περί
3131 5027 3418 5099 σχήματος
3477 5022 3637 5098 οὐρα-

1979 5119 2094 5171 νοῦ.
2131 5115 2258 5188 Περὶ
2291 5113 2523 5186 κόσμου,
2555 5113 2599 5168 εἰ
2628 5107 2880 5186 ἔμψυχος
2935 5111 2962 5164 ὁ
3011 5111 3242 5185 κόσμος,
3273 5112 3362 5166 καὶ
3410 5112 3638 5187 προνοίᾳ

1981 5201 2373 5277 διοικούμενος.
2435 5201 2564 5278 Περῖ
2613 5202 2813 5271 τάξεως
2881 5199 3118 5271 κόσμου.
3179 5201 3306 5276 Περὶ
3381 5207 3482 5272 τῆς
3537 5205 3635 5255 τοῦ

1977 5294 2188 5366 κόσμου
2237 5292 2555 5367 ἐγκλίσεως.
2589 5289 2718 5366 Περὶ
2769 5293 2886 5356 τοῦ,
2923 5288 2968 5344 εἰ
3018 5285 3128 5345 ἔστι
3159 5292 3311 5346 κενὸν
3344 5289 3497 5353 ἔκτὸς
3541 5293 3637 5345 τοῦ

1976 5381 2211 5454 κόσμου.
2250 5381 2312 5439 Εἰ
2363 5379 2658 5460 ἄφθαρτος,
2687 5381 2714 5435 ὁ
2757 5378 2986 5452 κόσμος.
3033 5378 3158 5433 Τίνα
3207 5376 3354 5452 δεξιᾶ
3401 5381 3638 5452 κόσμου,

1975 5473 2067 5525 καὶ
2121 5469 2240 5525 τίνα
2287 5471 2354 5526 τὶ
2403 5471 2684 5546 ἀριστερά.
2744 5467 2835 5530 Τίς
2891 5469 2926 5534 ἡ
2981 5471 3082 5520 τοῦ
3140 5467 3371 5541 οὐρανοῦ
3451 5467 3630 5526 οὐσία.

1977 5561 2108 5634 Περὶ
2161 5563 2267 5614 τῶν
2319 5560 2370 5613 ἐν
2416 5563 2628 5634 ουρανῷ
2660 5555 2971 5629 νοουμένων
3003 5553 3246 5614 κύκλων.
3287 5560 3414 5632 Περὶ
3450 5557 3636 5620 οὐσίας

1978 5647 2234 5724 ἀστέρων.
2270 5649 2400 5726 Περὶ
2433 5652 2724 5725 σχήματος
2755 5643 3018 5722 ἀστέρων.
3054 5647 3186 5723 Περὶ
3224 5653 3324 5718 τῆς
3355 5649 3464 5702 τῶν
3489 5646 3636 5702 ἀστέ-
