4084 6140
376 370 499 431 529

1626 369 2001 434 DIATRIBA
2049 371 2152 432 DE
2195 372 2541 435 PSELLIS.

3669 371 3788 430 530

378 520 486 576 ρων
546 505 752 579 φορᾶς.
826 502 997 566 Πόθεν
1076 502 1400 579 φωτίζονται
1466 503 1523 558 bi
1600 503 1836 575 ἀστέρες.
1900 504 2025 564 Πῶς
2057 506 2205 577 Ατῃ
2235 501 2293 558 δὶ
2346 508 2444 559 τοῦ
2491 500 2840 578 Προδρόμου,
2889 503 2980 559 καὶ
3025 504 3271 575 καθεξῆς,
3311 498 3414 563 ἕως
3458 503 3565 556 τῶν
3625 501 3780 556 ἑπτά.

376 590 622 666 γίνονται
694 591 745 644 oi
802 591 1057 668 τέσσαρες
1108 592 1312 667 καιροί.
1371 591 1501 668 Περὶ
1554 592 1810 668 μεγέθους
1863 588 2033 660 ἠλίου

376 679 465 735 καὶ
525 676 782 750 σελήνης.
843 679 973 756 Περὶ
1026 687 1127 751 τῆς
1186 685 1283 736 τοῦ
1329 681 1493 751 ἡλίου
1543 679 1858 756 ἐκλείψεως.
1902 680 2029 754 Περῖ

380 767 584 837 ούσίας,
637 766 730 822 καὶ
785 773 1081 845 φωτισμῶν
1138 768 1394 843 σελήνης,
1425 770 1514 825 καὶ
1566 772 1869 845 σχήπατος.
1902 768 2031 842 Περὶ

380 853 677 930 ἰκλείψεως
706 854 965 928 σελήνης.
995 858 1114 913 Ἦτι
1142 858 1265 933 περὶ
1297 857 1594 933 ἐκλείψεως
1647 857 1906 929 σελήνης’
1940 855 2033 919 Εἷς

382 944 584 1008 πόσους
655 944 893 1008 κύκλους
972 943 1260 1021 διαιρεῖται
1320 948 1348 1002 ὁ
1410 946 1674 1021 οὐρανός.
1752 946 1884 1018 Περὶ
1931 952 2032 1015 τῆς

380 1039 488 1090 τῶν
548 1035 781 1111 ἀστέρων
860 1039 1029 1112 φορᾶς
1083 1037 1174 1091 καὶ
1238 1038 1542 1107 κινήσεως.
1604 1035 1771 1093 Πόθεν
1830 1033 1890 1089 ἂν
1946 1056 2032 1099 τις

379 1122 534 1197 γνοίη
599 1122 951 1195 Ἑλληνικαῖς
999 1122 1298 1199 ἀποδείξεσι
1355 1128 1455 1196 τήν
1506 1129 1605 1180 τοῦ
1659 1124 1870 1197 κόσμου
1899 1145 2027 1179 συν-

377 1208 610 1268 τέλειαν.
665 1216 891 1270 Terram
925 1231 1040 1271 esse
1068 1216 1424 1287 sphericam,
1456 1218 1517 1271 in
1546 1217 1732 1271 medio
1777 1216 2030 1270 universi

373 1302 564 1357 sitam.
597 1304 672 1359 De
701 1312 863 1362 terra;
909 1306 1307 1375 magnitudine.
1360 1306 1671 1361 Horizontis
1714 1304 2023 1374 descriptio.

372 1391 447 1446 De
470 1392 756 1448 elementis
803 1395 951 1449 inter
994 1399 1199 1449 terram
1250 1399 1302 1449 et
1338 1393 1558 1460 caelum,
1590 1400 1643 1449 et
1670 1410 1860 1450 eorum
1887 1394 2023 1464 affe-

369 1479 562 1535 ctibus.
593 1480 668 1535 De
697 1498 842 1549 aere,
873 1492 926 1537 et
957 1486 1103 1554 igne,
1133 1492 1185 1538 et
1213 1481 1445 1554 pluviis,
1472 1486 1525 1537 et
1569 1482 1921 1552 fulminibus,
1972 1490 2024 1537 et

370 1570 651 1625 tonitruis.
694 1571 765 1626 De
792 1576 957 1627 terrze
986 1574 1242 1627 motibus.
1291 1573 1367 1626 De
1411 1573 1651 1627 cometis.
1701 1571 1773 1626 De
1826 1571 2018 1625 ventis.

367 1656 443 1712 De
471 1658 637 1726 iride,
685 1660 761 1715 De
807 1676 967 1716 arcu.
1010 1661 1087 1716 De
1141 1661 1313 1732 ﬁgura
1357 1660 1503 1715 ctuti.
1556 1661 1629 1715 De
1667 1658 1892 1715 mundo.
1936 1660 2022 1713 An

367 1746 606 1802 mundus
633 1749 939 1817 animetur,
970 1753 1022 1804 et
1050 1749 1399 1820 prouidentia
1422 1749 1788 1821 gubernetur.
1820 1749 1894 1804 De
1917 1764 2018 1804 or-

2143 594 2323 661 Quare
2366 595 2553 665 angeli
2597 595 2774 664 atati,
2824 595 3109 661 coronati,
3177 593 3357 663 ﬁgura
3402 592 3668 656 humana,
3725 598 3779 646 et

2139 685 2413 754 sphaeram
2445 686 2502 739 in
2535 686 2794 739 manibus
2821 682 3585 754 gestantes,depingantur,et
3614 695 3786 750 quare

2139 787 2332 828 eorum
2361 775 2798 829 commemoratio
2827 773 2889 843 ﬁt
2932 773 3084 843 feria
3126 771 3367 826 secunda
3412 768 3781 833 hebdomadas,

2135 862 2284 933 feria
2336 878 2460 918 vero
2509 864 2680 917 tertia
2727 863 3120 928 Prwcursoris,
3168 863 3222 916 et
3270 861 3352 916 sic
3398 859 3652 930 deinceps
3687 875 3786 929 per

2137 953 2339 1020 septem
2366 950 2503 1007 dies.
2539 955 2597 1006 P.
2633 950 2761 1024 Περὶ
2811 948 2905 1022 μὲν
2953 951 3051 1002 τοῦ
3096 945 3599 1023 ἀνθρωπομόρφους
3649 945 3782 1000 εἶναι

2134 1058 2287 1099 τους.

2209 1125 2302 1188 Εἷς
2330 1127 2393 1181 τὸ
2424 1125 2741 1202 θεολογικὸν
2777 1125 2964 1202 ῥητὸν,
3003 1122 3145 1181 διατί
3179 1126 3346 1198 μονὰς
3370 1123 3461 1179 ἀπ’
3486 1123 3669 1199 ἀρχῆς
3701 1122 3779 1185 εἷς

2136 1212 2305 1270 δυάδα
2332 1220 2610 1284 κινηθεῖσα
2643 1216 2811 1290 μέχρι
2840 1212 3061 1290 τριάδος
3093 1211 3243 1284 ἔστη.
3293 1220 3360 1272 In
3406 1214 3776 1285 theologicam

2131 1304 2358 1375 dictum,
2408 1322 2577 1377 quare
2621 1308 2811 1361 unitas
2857 1322 2890 1360 a
2916 1306 3192 1376 principio
3225 1306 3280 1359 in
3315 1305 3600 1359 binarium
3627 1307 3775 1358 mota

2132 1396 2191 1449 in
2224 1398 2467 1451 ternario
2495 1395 2751 1450 consedit.
2784 1395 2845 1449 Ρ⁶
2880 1391 2995 1449 Οὐκ
3024 1390 3412 1467 ἀποκρύψομαι
3442 1391 3578 1466 πρὸς
3609 1390 3768 1462 ὑμᾶς,

2131 1481 2176 1535 ὧ
2206 1480 2481 1551 φίλτατοι.
2509 1483 2572 1539 In
2604 1483 2758 1539 idem
2785 1482 3007 1538 dictum
3037 1481 3150 1553 legi
3177 1486 3234 1537 et
3261 1480 3490 1553 Georgii
3516 1483 3770 1552 Acropo-

2128 1570 2245 1627 litte
2275 1572 2836 1645 interpretationem.
3578 1572 3582 1577 ’

2199 1659 2365 1722 Λύσις
2402 1666 2503 1728 τῆς
2556 1663 2743 1725 κοινῆς
2783 1658 3014 1734 ἀπορίας
3063 1657 3312 1714 ἀπάντων
3361 1661 3469 1713 τῶν
3514 1656 3616 1728 ἔξω
3670 1660 3769 1711 τοῦ

2126 1750 2397 1825 ἡμετέρου
2430 1746 2703 1825 δόγματος
2749 1753 2855 1803 τῶν
2904 1752 3272 1825 Χριστιανῶν,
3320 1746 3387 1816 ἥν
3430 1744 3574 1802 οὕτω
3604 1766 3770 1820 προσ-

366 1834 501 1891 dine
526 1836 740 1893 mundi.
776 1838 853 1894 De
901 1839 1266 1894 inclinatione
1294 1839 1509 1894 mundi.
1538 1839 1621 1893 An
1653 1842 1812 1895 extra
1852 1855 2012 1894 mun-

2137 1836 2347 1915 ρὲρουσι
2374 1836 2646 1913 λὲγοντες.
2676 1837 2768 1899 Τίς
2797 1840 2863 1908 ἧν
2915 1835 3179 1914 ἀναγκαία
3222 1836 3386 1937 χρεςία
3432 1838 3467 1905 ἡ
3517 1833 3768 1890 κατεπεί-

366 1923 501 1982 dum
530 1942 765 1982 vacuum
813 1930 903 1983 sit.
954 1929 1038 1983 Αη
1084 1928 1326 1984 mundus
1369 1928 1828 2000 incorruptibilis.
1885 1928 2012 1996 Quir

2137 1946 2297 2000 γουσα
2345 1927 2445 1995 τὴν
2492 1926 2804 1981 πανταιτίαν
2854 1925 3141 2000 οὐρανόθεν
3189 1922 3493 1992 κατελθεῖν,
3541 1924 3632 1979 xui
3689 1927 3768 1995 τῷ

363 2014 559 2071 dextra
586 2017 811 2084 mundi,
844 2033 964 2089 quae
989 2021 1039 2074 et
1067 2019 1325 2074 sinistra.
1354 2018 1489 2087 Qum
1520 2018 1644 2074 creti
1670 2018 2019 2073 essentia.De

360 2102 620 2175 circulis,
669 2121 801 2177 quos
853 2107 913 2161 in
970 2107 1108 2163 culo
1155 2108 1557 2180 imaginamur.
1610 2107 1685 2161 De
1728 2107 2017 2163 stellarum

358 2196 625 2251 essentia.
656 2196 731 2251 De
757 2196 1049 2252 stellarum
1078 2197 1277 2268 ﬁgura.
1330 2197 1403 2252 De
1450 2196 1742 2252 stellarum
1791 2197 2011 2252 latione.

364 2283 519 2341 Unde
546 2284 726 2341 stellae
758 2285 943 2341 lumen
972 2285 1228 2342 habeant.
1281 2284 1556 2355 Quomodo
1602 2285 1742 2356 ﬁant
1781 2288 2015 2357 quatuor

355 2378 726 2446 tempestates.
756 2375 826 2430 De
855 2376 1244 2446 magnitudine
1269 2376 1399 2431 solis
1427 2383 1478 2432 et
1513 2376 1688 2433 lunae.
1747 2371 1822 2431 De
1861 2376 2013 2453 defe-

356 2472 456 2519 ctu
503 2463 655 2518 solis.
704 2464 778 2519 De
823 2466 1065 2520 essentia
1112 2472 1165 2520 et
1223 2464 1725 2523 illuminationibus
1767 2465 1921 2521 lunae
1958 2474 2011 2520 et

358 2552 569 2624 ﬁgura.
622 2553 692 2608 De
736 2554 955 2624 defectu
1003 2554 1172 2610 luam.
1236 2553 1431 2609 .4dhuc
1466 2553 1532 2609 de
1579 2553 1797 2624 defectu
1844 2555 2008 2610 lunae.

355 2641 426 2697 In
458 2647 588 2713 quot
617 2641 855 2697 circulos
885 2642 1080 2697 castum
1118 2642 1417 2698 dividatur.
1471 2646 1552 2699 De
1579 2641 1879 2697 stellarum
1926 2644 2008 2699 Ia-

364 2730 519 2785 tione
541 2733 593 2786 et
620 2740 795 2787 motu.
837 2731 1115 2800 Quomodo
1144 2733 1268 2803 quis
1298 2747 1368 2787 ex
1394 2731 1642 2801 gentium
1668 2731 2008 2788 demonstra-

358 2819 610 2876 tionibus
638 2821 844 2876 mundi
868 2821 1034 2892 ﬁnem
1064 2821 1641 2892 cognoscet.Ejusdem
1674 2823 2006 2894 argumenti

356 2913 474 2977 est,
505 2913 563 2965 et
608 2909 762 2966 alius
809 2910 1077 2981 ejusdem
1118 2913 1421 2966 tractatus.
1482 2906 1737 2984 Ἀπορίαι
1789 2907 2007 2987 φυσικαί

354 2994 453 3051 καὶ
497 2993 737 3069 λογικαί.
790 2996 965 3053 Dubia
1012 2999 1313 3054 naturalia
1370 3006 1421 3055 et
1470 2998 1670 3069 logica,
1703 2997 1804 3069 qui
1859 2997 2005 3055 inci-

355 3085 485 3158 pit:
518 3082 728 3140 Πολλοὶ
763 3084 858 3157 μὲν
889 3082 1197 3161 πολλαχῶς
1223 3088 1331 3140 τῶν
1366 3084 1636 3161 ἀρχαίων,
1668 3092 1725 3142 et
1771 3086 1870 3143 alii
1894 3090 2005 3145 sub

351 3174 607 3231 divorsis
654 3174 847 3230 titulis
894 3178 953 3230 et
985 3174 1310 3247 principiis,
1346 3176 1447 3247 qui
1477 3176 1680 3232 eadem
1708 3181 1769 3231 ut
1818 3176 1999 3247 pluri-

351 3280 523 3321 mum
559 3262 881 3320 continent.
949 3264 1147 3336 Neque
1176 3265 1250 3320 ab
1318 3265 1409 3320 bis
1450 3264 1678 3321 diversa
1707 3266 2003 3336 videntur,

349 3369 489 3425 quae
520 3353 631 3409 sub
651 3352 826 3409 variis
846 3351 1041 3409 titulis
1073 3352 1129 3408 in
1154 3353 1507 3410 bibliotheca
1527 3355 1682 3426 regis
1703 3354 2002 3411 Gallorum

343 3442 654 3515 leguntur.
714 3441 1018 3498 Solutiones
1044 3444 1412 3514 quaestionum
1434 3444 1505 3498 ad
1534 3444 1859 3500 Michaclem
1892 3446 2002 3501 Du-

343 3547 498 3587 cam.
531 3532 782 3602 Epitome
821 3533 1188 3604 quaestionum
1226 3532 1597 3603 physicorum.
1634 3533 2005 3601 Qumstionum

344 3620 542 3691 capita
570 3636 716 3675 οισι.
765 3620 1103 3689 Quaestiones
1149 3620 1473 3693 theologica
1509 3625 1559 3677 et
1614 3623 1877 3695 physica.
1928 3625 2003 3681 De

340 3708 463 3765 Deo
492 3707 562 3763 ad
591 3707 908 3765 Michaelem
934 3708 1047 3780 [57]
1079 3709 1309 3765 Ducam.
1369 3706 1594 3763 Ψελλοῦ
1634 3707 2000 3785 Φιλοσοφικὰ,

342 3811 427 3852 ex
459 3795 679 3868 quibus
709 3796 1010 3867 omnibus,
1044 3800 1109 3852 ut
1129 3797 1306 3853 etiam
1340 3801 1475 3854 ante
1505 3799 1783 3866 diximus,
1817 3816 2001 3856 unum

342 3884 695 3941 absolutum
730 3884 934 3941 conﬁci
967 3886 1182 3958 poterit
1211 3903 1382 3959 opus.

428 4017 661 4076 LXXIV.
692 4016 1027 4096 ’Δντιγραφὴ
1068 4018 1588 4093 προσερωτήσαντός
1636 4040 1784 4083 τινος
1834 4041 2000 4092 μονα-

342 4108 464 4181 χοῦ
493 4106 618 4179 περὶ
649 4105 884 4182 ὁρισμοῦ
911 4109 1009 4162 τοῦ
1041 4106 1293 4163 θανάτου.
1347 4109 1643 4181 Responsio
1683 4109 1754 4165 ad
1799 4127 2001 4166 mona—

338 4194 518 4252 chum
546 4194 835 4267 quemdam
862 4195 927 4252 de
952 4198 1352 4252 terminatione
1395 4198 1605 4253 mortis.
1654 4202 1711 4252 P.
1756 4194 1878 4272 Οὐχ
1925 4198 2001 4260 ὡς

340 4280 609 4357 ἠπόρητο
630 4283 692 4337 τὸ
726 4277 1039 4357 προϐληθὲν
1070 4284 1218 4358 παρᾶ
1247 4284 1618 4356 σοῦνζήτημα.
1647 4287 1858 4342 Eadem
1893 4289 2002 4344 for-

342 4377 414 4429 te
445 4377 607 4439 sunt,
636 4389 764 4444 quae
793 4374 1099 4443 ejusdem:
1130 4373 1206 4429 De
1235 4375 1470 4430 termino
1525 4377 1674 4440 vita,
1726 4375 2004 4449 leguntur

343 4462 415 4517 in
446 4461 803 4517 bibliotheca
832 4461 988 4533 regis
1009 4460 1332 4517 Gallorum.

2128 2013 2448 2090 ἀνθρωπείῳ
2493 2015 2632 2091 γένει
2685 2010 3085 2091 συγκαταϐῆναι
3115 2061 3129 2087 ,
3189 2013 3281 2068 καὶ
3322 2018 3622 2089 τεχθῆναι,
3675 2010 3766 2066 xui

2124 2103 2295 2159 πάντα
2338 2105 2404 2160 τά
2452 2104 2764 2179 ἀνθρώπινα
2810 2105 2957 2173 πάθη
3003 2104 3322 2176 ὑποστῆναι,
3373 2101 3464 2156 καὶ
3526 2120 3768 2175 σταυρω-

2125 2194 2310 2263 θῆναι,
2369 2193 2459 2248 καὶ
2514 2201 2782 2272 ταφῆναι,
2846 2193 2936 2248 xui
3008 2193 3334 2261 ἀναστῆναι;
3402 2191 3463 2245 Τί
3521 2190 3625 2266 γὰρ
3671 2189 3771 2244 οὐκ

2121 2281 2357 2353 ἠδύνατο
2414 2282 2633 2354 νεύματι
2710 2282 2857 2356 μόνῳ
2918 2286 3087 2336 σῶσαι
3140 2281 3231 2335 τὸν
3282 2281 3489 2335 ἅπαντα
3534 2277 3763 2352 κόσμον,

2121 2373 2209 2427 xui
2247 2373 2322 2446 μή
2344 2375 2623 2435 κενοῦσθαι
2651 2374 2750 2436 τῆς
2781 2368 2920 2433 ἰδίας
2951 2368 3132 2442 δόξης,
3169 2365 3309 2442 μηδὲ
3334 2370 3398 2424 τὸ
3428 2367 3722 2443 ἐλάχιστον
3747 2388 3760 2438 ;

2120 2464 2298 2519 Τοῦτο
2344 2460 2447 2537 γὰρ
2477 2461 2545 2529 ἦν
2574 2460 2665 2515 καὶ
2692 2464 2790 2515 τοῦ
2838 2459 3006 2533 ὕψους
3036 2466 3134 2529 τῆς
3165 2458 3422 2529 θεότητος
3453 2454 3623 2528 ἄξιον,
3668 2456 3759 2512 καὶ

2119 2551 2255 2622 ἡμῖν
2289 2555 2405 2611 τοῖς
2436 2549 2741 2622 ἀνθρώποις
2786 2546 3244 2624 λυσιτελέστερον.
3302 2548 3569 2604 Enodatio
3614 2563 3759 2603 com-

2119 2642 2304 2696 munis
2333 2640 2490 2697 dubii
2515 2642 2761 2695 omnium
2790 2647 2955 2695 extra
2984 2639 3431 2695 Christianorum
3467 2636 3631 2707 ﬁdem
3679 2637 3757 2691 vi-

2117 2730 2385 2798 ventium,
2434 2729 2586 2801 quod
2630 2729 2712 2784 sic
2752 2731 3100 2799 proponunt:
3142 2730 3277 2797 Qum
3313 2735 3440 2782 erat
3467 2727 3760 2781 necessitas

2118 2820 2367 2876 omnium
2400 2835 2628 2874 causam
2646 2817 2994 2889 compellens,
3042 2820 3103 2871 ut
3131 2816 3197 2871 de
3226 2816 3360 2872 calo
3389 2813 3756 2880 descenderet,

2115 2912 2337 2981 prapter
2386 2907 2689 2963 humanum
2741 2922 2913 2977 genus
2959 2922 3016 2962 se
3044 2905 3371 2974 demitteret,
3414 2906 3759 2970 nasceretur,

2114 2998 2439 3054 mortalium
2481 2998 2763 3069 passiones
2807 2996 3039 3065 subiret,
3086 2996 3520 3067 cruciﬁgeretur,
3557 2991 3762 3065 sepeli-

2116 3095 2292 3153 retur,
2329 3088 2685 3158 resurgeret?
2729 3086 2925 3141 Annon
2966 3094 3110 3140 nutu
3138 3082 3258 3140 solo
3293 3087 3506 3154 poterat
3532 3083 3760 3138 univer-

2114 3193 2236 3233 sum
2280 3176 2521 3245 salvare,
2569 3174 2773 3246 absque
2817 3189 2877 3230 eo
2905 3174 3048 3246 quod
3079 3175 3316 3246 prapria
3357 3172 3635 3243 dignitate
3678 3175 3764 3228 vel

2114 3268 2409 3322 minimum
2439 3274 2737 3321 exueretur
2757 3269 2782 3320 .’
2808 3266 2916 3320 Hoc
2944 3265 3142 3336 quippe
3170 3268 3311 3333 erat,
3350 3272 3406 3319 et
3433 3264 3588 3335 apice
3612 3263 3756 3319 divi-

2111 3357 2309 3411 nitatis
2337 3355 2587 3427 dignum,
2619 3354 2885 3426 nobisque
2914 3354 3238 3410 mortalibus
3287 3353 3401 3425 [58]
3442 3353 3619 3424 magis
3660 3367 3757 3407 ex-

2108 3444 2350 3517 pediens.
2384 3448 2443 3497 P.
2498 3440 2715 3511 Ταύτην
2746 3442 2846 3511 τήν
2895 3440 3121 3515 ἀπορίαν
3158 3439 3256 3495 οὐκ
3304 3438 3595 3516 Ἀγαρηνοὶ
3649 3439 3754 3512 μό-

2110 3553 2225 3603 νον,
2260 3529 2403 3587 ἆλλά
2427 3529 2516 3585 xui
2544 3527 2839 3600 Ἕλληνες.

2185 3622 2401 3679 LXXV.
2443 3619 2539 3682 Εἰς
2568 3620 2653 3693 τὸ,
2685 3621 2748 3676 Ἠ
2771 3617 2915 3688 καλή
2948 3620 3043 3674 τὸν
3071 3619 3293 3695 ὡραῖον,
3329 3620 3390 3675 In
3420 3618 3586 3689 illud,
3617 3619 3753 3674 Pul-

2109 3717 2241 3768 chra
2268 3711 2596 3785 formosum.
2632 3714 2689 3766 P.
2724 3709 2851 3765 Κατ’
2882 3704 3128 3780 ἔλλειψιν
3158 3711 3278 3776 τοῦ,
3311 3705 3599 3780 Ἀπέτεμε.

2185 3798 2275 3860 Εἲς
2303 3798 2365 3853 τὸ
2415 3797 2706 3873 λεγόμενον
2739 3796 2791 3851 ἐν
2822 3799 2890 3870 τῇ
2924 3797 3086 3871 ἑορτῇ
3117 3801 3219 3865 τῆς
3268 3793 3630 3868 Ἀναλήψεως
3656 3798 3754 3849 τοῦ

2112 3888 2366 3963 Χριστοῦ,
2414 3886 2670 3961 Σήμερον
2701 3885 2768 3939 τὰ
2797 3885 2920 3959 ἅγια
2968 3880 3301 3960 Κούνδουρα,
3352 3882 3443 3938 xui
3481 3881 3668 3959 αὔριον
3717 3885 3753 3952 ἡ

2111 3974 2434 4049 Ἀνάληψις.
2486 3978 2548 4031 1η
2597 3975 2759 4043 illud,
2820 3974 2962 4046 quod
3016 3975 3076 4029 in
3132 3975 3367 4029 solemni
3416 3975 3758 4030 Ascensionis

2113 4066 2320 4123 Christi
2373 4066 2466 4121 die
2513 4065 2740 4130 dicitur,
2791 4064 2951 4119 hodie
2992 4064 3193 4119 Sancta
3245 4063 3528 4132 Cundura,
3554 4070 3607 4119 et
3636 4078 3756 4119 cras

2109 4156 2388 4211 Ascensio.
2426 4158 2483 4207 P.
2518 4152 2634 4209 Οὐκ
2658 4151 2765 4206 ἀπὸ
2793 4155 2901 4206 τῶν
2933 4150 3280 4227 ὑψηκοτὲρων
3315 4152 3504 4226 μόνον.

2181 4243 2245 4298 Τί
2271 4243 2357 4311 τὸ,
2388 4241 2514 4297 Κατ’
2541 4240 2743 4299 εἰκόνα.
2773 4242 2864 4296 καὶ
2892 4240 2945 4296 τί
2983 4242 3045 4296 τὸ
3094 4242 3222 4299 Καθ’
3266 4240 3553 4314 ὁμοίωσιν.
3612 4243 3758 4312 Quid

2109 4336 2181 4390 sit
2238 4332 2540 4389 secundum
2590 4333 2907 4404 imaginem,
2966 4341 3017 4388 et
3064 4332 3197 4406 quid
3223 4333 3519 4390 secundum
3548 4333 3755 4389 simili-

2110 4422 2378 4479 tudinem.
2411 4422 2473 4477 P.
2508 4419 2790 4475 Ἀπάντων
2820 4424 2927 4475 τῶν
2961 4421 3266 4496 γινομέντον
3304 4421 3492 4493 μόνος.

2179 4515 2233 4563 Ὁ
2256 4511 2491 4587 οΠατὴρ.
2541 4508 2727 4571 οὐσίας
2770 4509 2805 4579 ἢ
2856 4509 3120 4584 ἐνεργείας
3151 4506 3345 4584 ὄνομα,
3378 4513 3545 4567 Pater
3572 4527 3750 4568 essen-

426 4574 579 4630 Διατί
637 4581 741 4645 τῆς
787 4575 1197 4648 κοσμοκτησίας
1245 4577 1382 4631 κατὰ
1427 4576 1519 4631 τὸν
1561 4578 1799 4652 Μάρτιον
1853 4585 1999 4651 μῆνα

2137 4581 2298 4670 iane,
2329 4617 2401 4655 an
2421 4574 2668 4655 actionis
2696 4574 2897 4656 nomen
2927 4574 3048 4656 sit?
3078 4604 3136 4655 P.
3385 4595 3569 4674 ἕτερον
3599 4596 3749 4662 αὖθις

343 4665 452 4733 τὴν
498 4664 678 4739 ἀρχὴν
730 4661 1010 4739 εἶλήφὼς,
1060 4665 1088 4718 ὁ
1137 4664 1338 4739 χρόνος
1396 4664 1489 4720 ἀπ’
1527 4666 1706 4741 ἀρχῆς
1761 4671 1859 4723 τοῦ
1908 4674 2002 4723 Σε-

346 4746 659 4829 πτεμϐρίου
714 4753 889 4825 μηνὸς
938 4751 1271 4829 ἀπάρχεσθαι
1323 4750 1561 4829 λέγεται,
1609 4757 1856 4825 Quarum
1905 4775 2002 4813 ra-

350 4845 510 4900 tione
537 4843 690 4900 orbis
716 4843 984 4912 conditus,
1030 4859 1150 4899 cum
1194 4860 1375 4900 mense
1421 4844 1617 4901 Martio
1661 4848 2005 4919 principium

353 4931 631 5000 habuerit,
664 4934 733 4988 ab
763 4934 929 4989 initio
958 4934 1164 4987 mensis
1193 4933 1530 5004 Septembris
1578 4939 1791 5006 tempus
1836 4952 2004 4991 exor-

353 5020 474 5077 diri
520 5020 759 5077 dicatur.
824 5024 882 5076 P.
933 5019 1032 5074 Διᾶ
1085 5018 1149 5075 τὸ
1192 5017 1477 5084 καλεῖσθαι
1534 5021 1736 5095 χρόνος
1793 5023 1821 5076 ὁ
1874 5023 2008 5099 χρό-

356 5128 473 5172 νος.

432 5223 564 5299 Περὶ
592 5228 691 5279 τοῦ
721 5223 1118 5297 ἀποπομπαίου
1146 5229 1323 5299 κριοῦ.
1375 5229 1449 5283 De
1493 5228 1645 5285 hirco
1691 5230 2005 5285 emissario.

360 5319 425 5371 Α.
462 5313 776 5389 Ἐρώτησας
826 5312 1031 5385 πηνίκα
1057 5317 1155 5369 τοῦ
1184 5311 1337 5377 ἔτους
1369 5314 1397 5368 ὁ
1429 5314 1738 5392 ἀρχιερεύς.

434 5427 563 5504 Περὶ
593 5431 715 5495 τοῦ,
760 5424 903 5484 διατί
954 5429 1007 5483 υἱ
1083 5425 1306 5504 ἄγγελοι
1354 5432 1649 5505 πτερωτοὶ,
1697 5432 1785 5487 καὶ
1817 5430 2009 5506 ἐστεμ-

367 5515 544 5592 μένοι,
591 5516 683 5571 καὶ
741 5515 1204 5594 ἀνθρωπόμορφοι
1240 5560 1254 5583 ,
1331 5517 1422 5573 καὶ
1499 5525 1727 5597 σφαῖραν
1781 5520 1832 5575 ἐν
1892 5528 2010 5584 ταῖς

368 5605 525 5683 χερσὶ
588 5606 866 5684 φέροντες.
916 5605 1020 5664 Καὶ
1078 5602 1148 5660 δι’
1204 5608 1269 5677 ἣν
1329 5606 1505 5662 αἰτίαν
1560 5609 1784 5681 μνήμην
1832 5608 2007 5665 αὐτῶν

367 5692 674 5769 ποιούμεθα
700 5697 770 5769 τῇ
802 5691 1024 5769 δευτέρᾳ
1048 5699 1150 5766 τῆς
1180 5689 1486 5770 ἑϐδομάδος
1534 5696 1733 5773 ἡμέρα,
1789 5701 1860 5772 τῇ
1897 5699 2022 5776 τρι-ί

2109 4681 2433 4764 πρόϐλημα,

2181 4774 2477 4851 Ἑρμηνεία
2506 4774 2580 4837 εἷς
2608 4774 2671 4830 τὸ
2692 4775 2855 4855 Κύριε
2884 4778 3064 4848 Ἰησοῦ
3094 4778 3311 4854 Χριστὲ,
3343 4779 3370 4833 ὁ
3408 4779 3536 4840 Θεὸς
3567 4779 3750 4851 ἡμῶν,

2113 4862 2339 4929 ἐλέησον
2385 4865 2553 4936 ἡμᾶς.
2607 4864 2805 4938 Ἀμήν.
2854 4870 3133 4941 Expositio
3184 4870 3244 4924 in
3292 4868 3459 4925 illud.
3510 4870 3753 4925 Domine

2112 4955 2252 5012 Jesu
2283 4953 2530 5022 Christe,
2565 4958 2716 5012 Deus
2749 4962 2965 5027 noster,
2992 4958 3267 5014 miserere
3296 4958 3745 5016 nostrisAmeu.

2116 5049 2173 5099 P.
2206 5043 2415 5104 Παντὸς
2446 5039 2798 5119 δογματικοῦ.

2187 5128 2315 5206 Περὶ
2343 5137 2445 5200 τῆς
2478 5130 2783 5195 συντελείας
2810 5137 2907 5188 τοῦ
2933 5132 3153 5196 αἰῶνος.
3199 5140 3281 5192 De
3310 5136 3419 5207 ﬁne
3446 5138 3661 5195 saeculi.
3696 5142 3755 5195 P.

2114 5217 2286 5293 Εὗρον
2314 5217 2366 5272 ἐν
2396 5222 2466 5292 τῇ
2497 5220 2794 5294 Ἑρμηνείᾳ
2820 5228 2920 5290 τῆς
2951 5220 3402 5298 ’Λποκαλύψεως.

2259 5336 2324 5413 in
2346 5335 2463 5413 loca
2492 5336 2822 5413 d‘itﬁciliora
2854 5340 3080 5413 Basilii,
3109 5343 3405 5413 expositio.

2259 5408 2320 5463 In
2353 5407 2471 5463 loca
2500 5408 2821 5480 di/ﬁcitiora
2844 5407 3191 5469 Nazzanzeni
3216 5416 3512 5486 expositio.

2191 5519 2288 5584 Εἷς
2312 5521 2410 5582 τὰς
2445 5519 2748 5601 ἐπιγραφὰς
2786 5527 2892 5596 τῷν
2930 5523 3205 5597 Ψαλμῶν,
3256 5529 3321 5584 In
3375 5532 3761 5603 inscriptiones

2124 5612 2479 5668 Psalmorum.
2517 5612 2579 5669 P.
2610 5613 2730 5669 Τῶν
2765 5612 2817 5668 ἐν
2849 5620 2968 5677 τοῖς
3001 5614 3280 5690 Ψαλμοῖς.

2191 5699 2289 5762 Εἰς
2342 5699 2437 5763 τὰς
2494 5699 2791 5781 ἐπιγραφάς
2844 5707 2953 5760 τῶν
3011 5704 3305 5779 Ψαλμῶν,
3369 5705 3457 5761 καὶ
3513 5706 3575 5761 τὸ
3632 5705 3758 5760 Διά-
