4046 6144
340 330 459 389 533

1600 328 1977 396 DIATRIBA
2028 325 2132 385 DE
2178 327 2518 393 PSELLIS.

3657 340 3776 401 534

341 462 786 519 accommodare
853 462 1058 534 voluit,
1118 466 1385 538 contigit.
1453 467 1592 521 Mihi
1660 470 1813 522 certe
1885 455 2418 521 nonATheodorus
2466 479 2587 531 rem,
2636 464 2709 518 iis
2750 466 3003 535 cognitis,
3052 467 3115 519 in
3180 466 3458 522 Orientem
3512 471 3774 539 protinus

339 549 569 605 videtur
612 550 859 607 Michael
910 553 1157 622 Psellus,
1207 556 1307 627 qui
1359 557 1468 612 sub
1516 553 1898 611 Monomacho
1947 555 2007 606 et

338 636 515 693 Ducis
546 638 765 707 ﬂoruit,
800 657 866 697 eo
900 658 1087 713 usque
1118 644 1298 699 vitam
1340 645 1719 717 protraxisse,
1752 648 1817 699 ut
1874 645 2005 713 post

340 726 594 799 Philippi
627 728 877 796 obitum,
911 731 983 785 de
1014 749 1129 803 quo
1162 750 1277 787 non
1318 739 1549 790 tantum
1604 741 1746 790 tunc
1800 749 2003 788 recens

339 816 625 872 exstincto
649 817 930 889 loquitur,
950 820 1005 874 in
1033 822 1299 891 ejusdem
1330 823 1646 895 Dioptram,
1667 823 1799 878 licet
1822 822 2001 877 etiam

350 899 793 979 μακροϐιώτατον
828 896 1177 979 τωωῑωυΒ,
1232 913 1459 982 praefari
1536 912 1810 986 potuerit.
1862 911 2002 965 Phi-

341 993 541 1065 lippus
566 996 719 1050 enim
753 1013 905 1053 anno
940 999 1076 1053 1165
1124 1000 1439 1072 scribebat,
1474 1006 1538 1056 ut
1587 1002 1715 1073 ipse
1766 1000 2001 1055 fatetur.

342 1102 484 1199 Ἄδοξ
652 1106 759 1163 ἀπὸ
783 1113 1156 1199 τοῦΛΧριστοῦ
1186 1108 1318 1199 ἄχρι
1348 1110 1414 1181 δὴ
1446 1114 1537 1168 καὶ
1567 1119 1668 1182 τῆς
1709 1110 1864 1186 δεῦρο

339 1177 805 1275 ἓεπλνξρώτξιιτά
835 1177 1021 1272 χίλια,
1056 1185 1195 1272 πρὲς
1224 1177 1287 1240 ’δὲ
1326 1177 1415 1275 καὶ
1456 1177 1643 1265 ἐκατόν
1675 1204 1757 1275 χε,

341 1251 437 1327 lia?
468 1251 625 1327 πέντε
657 1251 744 1305 ἐπὶ
775 1251 991 1327 τοῖξτοις
1021 1251 1106 1327 γε,
1133 1252 1238 1317 ἕως
1272 1258 1357 1310 καὶ
1394 1256 1487 1311 τοῖ’)
1527 1262 1637 1325 νῦν,
1672 1251 1791 1325 ἔτή,

340 1322 437 1377 ‘Av
474 1319 521 1376 δ’
553 1323 791 1399 ἀριθμῇς
848 1325 903 1379 ἐκ
1086 1319 1285 1405 ’ταφῆς
1342 1335 1444 1397 τῆς
1493 1319 1713 1397 τούτου,
1756 1319 1861 1413 ’καί
1905 1327 2001 1379 τοῦ

1793 1417 2000 1458 παθους

340 1462 617 1541 Πεφύκασί
645 1487 706 1542 γε
736 1465 897 1543 χίλια
928 1463 1312 1542 ἑϐδομήκοντα
1344 1468 1427 1527 δύ.
1771 1401 1899 1471 [mm

413 1591 556 1645 Ecce
610 1595 761 1647 cnim
807 1611 841 1648 a
898 1594 1110 1651 Christo
1156 1613 1326 1667 usque
1373 1598 1431 1651 in
1477 1600 1810 1669 praesentem
1854 1595 2001 1651 diem

338 1683 597 1750 completi
635 1687 763 1738 sunt
810 1685 973 1741 mille
1009 1690 1061 1741 et
1110 1693 1352 1759 centum,
1391 1697 1444 1744 et
1492 1691 1716 1760 insuper
1761 1689 1841 1743 ad
1884 1687 2002 1742 hmo

340 1778 589 1839 tempora
623 1774 763 1827 anni
813 1777 1071 1847 quinque.
1106 1777 1168 1832 Si
1194 1793 1314 1832 vero
1342 1781 1626 1849 computus
1653 1795 1686 1833 a
1713 1778 2000 1848 sepultura

342 1866 392 1912 et
424 1861 684 1930 passione
713 1862 890 1934 illius,
918 1872 1051 1919 sunt
1081 1866 1235 1921 mille
1282 1868 1629 1938 septuaginta
1664 1867 1793 1923 duo.
1825 1867 1993 1921 Anno

345 1947 616 2004 videlicet
648 1950 714 2004 16
744 1950 947 2020 Alexii,
984 1957 1047 2007 ut
1074 1952 1227 2010 idem
1263 1955 1343 2010 ait
1370 1956 1638 2023 inferius,

340 2061 402 2117 Ὁ
452 2066 515 2116 οὗ
543 2083 603 2117 τε
632 2058 724 2134 ἔτη
756 2063 997 2139 γίνονται
1026 2066 1132 2122 ἀπὸ
1161 2070 1397 2158 Χριστοῦ
1426 2071 1487 2123 τὸ
1518 2068 1689 2133 πάθος

340 2083 507 2188 Χιλίκ
537 2130 939 2188 ἑϐδομήκοντα.
967 2139 1054 2188 καὶ
1088 2137 1183 2188 δῦο
1213 2142 1269 2188 (λέ
1298 2141 1433 2188 πηὸς
1464 2141 1680 2188 τού-ποία·

339 2130 507 2216 ξιλία
528 2130 1054 2216 Δἑϐδομᾶςκονταλκοιῖ
1088 2137 1183 2216 δύο
1210 2130 1269 2194 δὲ
1298 2141 1433 2216 πρὸς
1464 2130 1702 2211 τούτοις,

340 2207 453 2260 Ἰὀῦ
483 2207 750 2271 ’Ἄνακτος
784 2208 1065 2265 ἑκκαίδεκα
1096 2207 1349 2283 Ἀλεξίου
1373 2212 1594 2288 ἀρτίως.

408 2331 587 2389 Simul
619 2336 759 2389 anni
803 2337 945 2406 ﬁunt
974 2355 1006 2392 a
1039 2338 1247 2394 Christi
1290 2341 1539 2411 passione
1568 2340 1722 2393 mille
1768 2348 1988 2410 septua-

336 2422 496 2488 ginta
546 2422 674 2489 duo,
724 2426 1076 2495 imperatoris
1132 2428 1319 2483 Alexii
1374 2428 1652 2482 sexdecim
1716 2430 1986 2499 completi.

334 2508 449 2563 Nec
496 2510 689 2580 potuit
745 2512 843 2567 illo
900 2514 1103 2570 eodem
1162 2533 1314 2570 anno
1374 2515 1680 2588 Philippus
1736 2516 1990 2587 ingentis

338 2598 518 2652 studii
564 2615 631 2653 ac
686 2598 906 2657 laboris
954 2620 1100 2674 opus
1146 2602 1486 2661 absolvisse.
1536 2607 1608 2659 At
1654 2605 1987 2675 absolverit,

338 2686 622 2742 statimne
679 2689 749 2743 ad
808 2706 1023 2748 manus
1088 2693 1355 2756 omnium
1427 2694 1611 2765 potuit
1688 2696 1990 2765 pervenire

342 2774 731 2847 adornarique
794 2779 1132 2848 praefatione
1196 2780 1369 2836 etiam
1450 2781 1671 2837 Pselli?
1726 2784 1886 2847 Quod
1939 2782 1989 2837 si

348 2870 645 2920 momento
702 2868 904 2921 eodem
958 2869 1176 2923 factum
1234 2868 1290 2923 id
1337 2886 1466 2925 esse
1538 2871 1988 2939 afﬁrmabimus,

342 2951 571 3010 Psellus
601 2960 753 3011 certe
784 2955 917 3027 plus
963 2959 1135 3014 annis
1170 2964 1403 3015 centum
1455 2967 1629 3017 natus
1675 2962 1986 3029 scribebat,

341 3046 397 3096 et
444 3043 821 3101 verisimilius
876 3052 965 3102 est
1004 3047 1183 3103 alium
1217 3050 1289 3104 ab
1322 3050 1428 3103 hoc
1459 3048 1646 3105 Psello
1680 3052 1879 3106 fuisse.
1912 3054 1989 3105 De

340 3131 494 3186 notis
524 3131 644 3189 sive
674 3134 937 3204 scholiis,
974 3153 1099 3207 quae
1155 3154 1222 3192 ex
1272 3137 1460 3192 Psello
1510 3139 1567 3192 in
1620 3139 1853 3210 Dioptra
1901 3138 1988 3194 in-

338 3225 639 3289 seruntur,
673 3240 788 3278 non
840 3197 952 3296 [62d
991 3197 1232 3292 .morer;
1283 3226 1371 3281 vel
1420 3226 1576 3281 enim
1628 3246 1659 3281 a
1716 3197 1987 3299 praefante
2019 3197 2060 3263 C

338 3308 552 3376 Psello,
614 3326 683 3365 ex
740 3312 1058 3383 antiquiori
1108 3313 1318 3383 Psello,
1362 3319 1427 3369 ut
1492 3314 1687 3370 afﬁnis
1743 3315 1993 3386 gloriam

338 3404 733 3469 propagaret;
767 3401 855 3455 vel
914 3419 948 3455 a
996 3403 1311 3469 scribente,
1352 3402 1438 3458 vel
1498 3403 1723 3474 legente
1769 3405 1997 3460 adnexa

340 3491 524 3552 sunt;
558 3487 619 3541 ni
648 3490 1247 3561 eumdemmet,cujus
1279 3490 1379 3545 illa
1410 3492 1854 3563 praet'atiuncula
1883 3498 1993 3564 est,

338 3576 683 3631 eorumdem
732 3578 1079 3634 scholiorum
1128 3586 1428 3635 auctorem
1488 3598 1801 3653 agnoscere
1857 3583 1995 3638 veli-

338 3679 495 3718 mus.
530 3664 678 3719 Illud
714 3666 890 3721 etiam
917 3668 1061 3722 mihi
1097 3685 1199 3723 nec
1231 3668 1377 3724 satis
1420 3669 1682 3740 planum,
1719 3687 1824 3727 nec
1872 3688 1994 3727 cer-

338 3756 463 3808 tum
498 3759 607 3824 est,
640 3772 859 3810 annum
892 3758 1049 3826 1105,
1075 3774 1207 3812 cum
1243 3758 1483 3830 Dioptra
1512 3761 1878 3815 scribebatur
1899 3778 1995 3815 an-

339 3858 481 3896 num
515 3842 701 3898 Alexii
732 3850 960 3900 sextum
994 3847 1287 3901 decimum
1318 3847 1521 3916 fuisse,
1555 3865 1711 3914 cum,
1744 3849 1793 3904 si
1843 3855 1997 3905 recte

340 3947 635 3986 annorum
690 3934 870 3989 series
925 3940 1319 4006 computetur,
1368 3936 1545 3991 fuerit
1591 3953 1781 3993 annus
1837 3938 1997 3993 illius

338 4018 569 4089 imperii
601 4020 705 4087 25;
740 4038 933 4077 rerum
965 4023 1123 4077 enim
1159 4024 1383 4095 potitur
1430 4041 1582 4080 anno
1626 4026 1780 4080 1081.
1817 4027 1998 4097 quue

341 4124 447 4178 pro
478 4109 776 4163 tractatuli
808 4110 1054 4181 hujusce
1083 4113 1360 4169 brevitate
1410 4114 1677 4168 innuisse
1726 4118 1819 4169 sat
1866 4116 1994 4170 fuit.

416 4195 649 4251 LXXIX.
703 4198 1019 4269 Meursius,
1071 4200 1226 4256 notis
1272 4202 1330 4255 in
1393 4202 1654 4257 carmina
1711 4202 1887 4258 Pselli
1938 4205 1997 4259 in

336 4285 584 4341 Cantica
642 4286 1005 4343 canticorum
1068 4293 1232 4344 notat
1300 4295 1434 4361 post
1504 4290 1659 4345 hunc
1719 4291 1996 4362 Psellum,

337 4371 522 4427 alium
604 4374 778 4430 etiam
857 4375 1037 4432 fuisse
1121 4377 1473 4435 Michaelum
1550 4379 1859 4451 Psellum,
1912 4382 1995 4436 vi-

339 4478 473 4516 rum
554 4462 888 4531 militarem,
954 4466 1064 4521 sub
1153 4466 1458 4523 Theodoro
1532 4468 1781 4538 Lascari,
1827 4473 1998 4541 cujus

2112 549 2292 605 redire
2352 554 2618 618 maturat,
2688 553 2916 608 Lascare
2978 555 3155 625 patris
3224 556 3514 624 avunculo,
3571 563 3626 611 et
3674 560 3774 615 Μί-

2112 638 2297 693 chaele
2329 642 2506 696 Psello
2536 658 2663 696 cum
2692 645 2909 714 exiguis
2940 646 3130 713 copiis,
3171 648 3357 715 utpote
3404 649 3683 716 trecentis,
3714 650 3773 703 in

2116 729 2421 785 Occidentis
2474 732 2799 800 praesidium
2873 732 3094 789 relictis
3156 734 3435 805 Perilapo,
3487 740 3539 790 et
3590 738 3772 792 vicino

2113 820 2319 873 tractui
2350 819 2626 877 Theodoro
2666 821 3004 893 Calampaci,
3039 837 3199 893 quem
3252 824 3439 878 Totam
3488 824 3647 881 Aulée
3690 841 3775 881 σου

2112 908 2533 979 gnominabant,
2581 911 2938 966 Constantino
2990 911 3258 968 C/zabara:
3301 913 3502 968 Albani
3538 917 3772 985 praefec-

2112 1001 2300 1050 turam
2329 996 2681 1054 demandavit
2702 1018 2725 1064 ,-
2752 1001 2894 1055 mihi
2932 1004 3119 1056 autem
3150 1016 3471 1072 supremum
3501 1003 3560 1056 in
3590 1019 3776 1059 omnes

2112 1085 2409 1157 imperium
2438 1088 2686 1144 tradidit.

2180 1266 2313 1334 Sed,
2340 1269 2405 1319 ut
2430 1282 2629 1321 verum
2664 1266 2865 1333 fatear,
2884 1268 3159 1322 mendum
3194 1267 3252 1322 in
3284 1267 3393 1324 hoc
3423 1267 3547 1324 loco
3570 1268 3767 1325 inesse

2112 1354 2635 1425 suspicabar.Cum
2662 1355 2818 1411 enim
2854 1356 3216 1427 reliquorum
3241 1357 3764 1428 omnium,quibus

2109 1443 2425 1500 exercitum
2488 1446 2943 1501 demandaverat
3008 1446 3349 1517 imperator,
3409 1448 3651 1502 nomina
3707 1453 3765 1503 et

2111 1533 2464 1603 cognomina
2520 1537 2912 1605 opponantur,
2976 1533 3245 1589 Lascaris
3285 1533 3477 1588 solum
3522 1549 3760 1603 nomen,

2110 1638 2226 1677 non
2260 1638 2329 1676 ex
2361 1638 2520 1677 more
2568 1639 2695 1689 suo,
2729 1621 2984 1677 tacuisse
3025 1621 3315 1678 videbam.
3349 1621 3591 1689 Deinde,
3623 1638 3757 1678 cum

2109 1709 2242 1780 alia,
2291 1728 2395 1767 nec
2445 1711 2691 1765 minoris
2749 1710 3254 1779 considerationis,
3291 1710 3467 1766 unius
3524 1715 3754 1766 tantum

2028 1827 2075 1892 B
2108 1815 2259 1853 cura:
2292 1800 2725 1868 demandasset,
2759 1799 2921 1855 nulla
2952 1800 3259 1855 videbatur
3306 1800 3452 1855 ratio
3501 1799 3650 1854 duos
3693 1798 3750 1854 in

2104 1888 2349 1944 minimo
2407 1891 2636 1960 negotio
2693 1889 3043 1961 praetecisse,
3097 1894 3154 1945 et
3226 1887 3542 1944 ridiculum
3610 1904 3749 1943 sane

2101 1982 2209 2049 est,
2248 1982 2364 2032 tam
2413 1978 2652 2049 exiguas
2704 1978 2925 2050 copias,
2974 1981 3265 2034 trecentos
3312 1977 3555 2046 scilicet,
3606 1976 3746 2032 viris

2102 2067 2332 2123 duobus
2363 2068 2823 2123 commendasse.
2859 2069 2981 2123 Imo
3014 2066 3127 2123 alia
3172 2067 3434 2136 ejusdem
3467 2065 3748 2131 auctoris,

2099 2157 2171 2211 de
2201 2157 2403 2211 eodem
2437 2160 2783 2227 argumento
2817 2156 3017 2223 editio,
3044 2156 3306 2212 Lascaris
3334 2170 3547 2211 nomen
3578 2154 3751 2211 nobis

2098 2244 2326 2315 inserit,
2348 2262 2451 2299 nec
2484 2245 2740 2300 Psellum
2774 2245 3341 2313 comminiscitur;et
3370 2260 3503 2299 cum
3535 2242 3752 2315 saepius

2099 2333 2159 2387 in
2218 2334 2299 2388 rei
2357 2338 2528 2399 gestaa
2582 2334 2915 2388 narratione
2976 2333 3181 2388 horum
3224 2332 3489 2388 omnium
3544 2331 3751 2387 notitia

2099 2427 2154 2477 et
2184 2423 2554 2493 cognomina,
2592 2424 2663 2476 ad
2712 2422 3014 2477 fastidium
3067 2438 3274 2493 usque,
3308 2424 3552 2494 repetat,
3589 2420 3747 2476 Psel-

2100 2510 2222 2565 lum
2279 2513 2460 2567 istum
2521 2527 2821 2581 nunquam
2900 2510 3186 2565 nominat.
3241 2510 3399 2566 Duas
3453 2510 3746 2580 siquidem

2098 2600 2362 2671 ejusdem
2416 2601 2671 2656 historiae
2712 2596 2972 2665 ἐκδόσεις,
3024 2600 3331 2666 editiones,
3374 2599 3745 2670 conscripsit,

2098 2690 2364 2757 alteram,
2417 2706 2592 2761 quam
2640 2689 2978 2745 Theodorus
3033 2694 3232 2745 Dousa
3278 2689 3473 2745 Graece
3534 2692 3590 2743 et
3646 2688 3747 2743 La-

2097 2778 2219 2834 tine
2295 2778 2633 2850 publicavit,
2710 2779 2965 2849 brevem,
3032 2779 3349 2844 concisam,
3411 2793 3526 2832 non
3615 2793 3745 2830 nar-

2097 2872 2345 2936 rantem,
2406 2868 2507 2922 sed
2576 2871 2804 2922 tantum
2873 2868 3056 2938 digito
3113 2884 3236 2923 rem
3294 2870 3746 2935 monstrantem,

2102 2957 2253 3027 [63]
2332 2957 2580 3026 ideoque
2670 2957 3129 3027 perobscuram,
3194 2960 3251 3012 et
3335 2957 3744 3021 decurtatam,

2098 3063 2275 3117 quam
2309 3046 2358 3101 si
2390 3045 2628 3100 alterius
2661 3046 3075 3114 compendium
3109 3044 3342 3111 dixeris,
3376 3061 3491 3100 non
3522 3044 3749 3099 errabis

2101 3152 2135 3189 a
2164 3151 2371 3204 scopo:
2405 3133 2647 3189 alteram
2695 3134 2992 3203 diﬂ'usam,
3027 3150 3140 3188 non
3192 3134 3482 3205 praecipua
3531 3131 3747 3201 solum,

2102 3225 2203 3279 sed
2253 3223 2495 3278 minima
2538 3239 2803 3294 quisque,
2856 3223 3107 3277 oratorio
3167 3222 3517 3293 quandoque
3566 3237 3748 3283 more,

2102 3316 2511 3384 exponentem,
2563 3316 2619 3366 et
2664 3310 2835 3383 quasi
2902 3310 3349 3379 commentario,
3402 3310 3654 3365 obscura
3696 3313 3752 3363 ct

2103 3403 2287 3456 ardua
2317 3399 2737 3456 illustrantem.
2771 3401 3093 3470 Hanc,quae
3130 3398 3382 3454 Psellum
3416 3415 3530 3454 non
3556 3398 3751 3467 habet,

2104 3491 2196 3546 cui
2247 3490 2604 3546 elucidandaa
2644 3489 2958 3545 nonnullas
3002 3489 3178 3544 horas
3211 3489 3495 3559 impendi,
3526 3487 3754 3542 diutius

2104 3581 2258 3651 apud
2293 3579 2679 3645 me,maximo
2702 3577 3033 3648 reipublicte
3062 3576 3355 3633 litterariae
3385 3578 3620 3643 damno,
3640 3576 3755 3630 im-

2106 3668 2321 3724 morari
2370 3685 2485 3723 non
2536 3666 2745 3739 patiar,
2783 3667 2907 3733 sed,
2941 3683 3075 3721 cum
3134 3666 3393 3738 primum
3449 3681 3550 3737 per
3602 3664 3755 3719 vires

2104 3758 2321 3828 licebit,
2357 3758 2489 3813 usui
2545 3757 2778 3827 publico
2825 3757 3160 3811 excudetur.
3197 3754 3610 3811 Libentissime
3660 3752 3757 3808 hic

2106 3848 2271 3920 plura
2318 3847 2573 3902 auctoris
2624 3846 2996 3914 ascriberem,
3032 3850 3096 3900 ut
3142 3845 3280 3915 quid
3331 3844 3484 3899 inter
3537 3849 3756 3899 utram-

2106 3954 2219 4008 que
2262 3936 2574 3991 editionem
2622 3936 2873 4001 intersit,
2907 3934 3058 3989 facta
3114 3932 3426 3988 collatione
3482 3947 3757 4002 agnosce—

2108 4044 2221 4091 res,
2256 4026 2356 4081 sed
2391 4024 2570 4080 nimis
2604 4025 2780 4095 longa
2811 4024 3072 4079 oratione
3112 4022 3511 4094 prosequitur,
3543 4026 3601 4078 et
3646 4022 3759 4076 iter

2107 4132 2281 4172 suum
2343 4115 2410 4169 ad
2473 4113 2792 4185 Prilapum,
2840 4112 3028 4184 spatio
3072 4112 3251 4166 trium
3305 4111 3599 4167 mensium
3634 4126 3758 4182 per-

2108 4211 2337 4272 actum;
2371 4209 2428 4258 et
2456 4202 2673 4274 Prilapi
2706 4202 3195 4273 expugnationem
3223 4220 3236 4269 ;
3273 4202 3509 4257 tandem
3560 4200 3756 4255 infeli-

2107 4310 2225 4349 eem
2257 4293 2437 4363 hujus
2468 4289 2852 4362 expeditionis
2885 4291 3056 4345 ﬁnem
3086 4307 3100 4358 ;
3130 4290 3201 4345 de
3240 4290 3458 4361 quibus
3488 4288 3549 4344 in
3582 4289 3757 4344 editis

2107 4400 2211 4438 nec
2270 4381 2509 4436 verbum
2558 4379 2794 4451 quidem
2853 4383 2960 4433 est.
2996 4382 3185 4434 Pauca
3230 4383 3424 4435 tamen
3478 4394 3578 4448 pro
3626 4378 3753 4447 jam

2106 4472 2360 4541 ascripto
2407 4469 2552 4535 loco,
2587 4468 2686 4539 (τη)
2719 4466 2898 4522 veluti
2948 4468 3006 4522 in
3056 4472 3297 4539 gustum
3337 4468 3507 4523 dabo.
3540 4465 3601 4522 Ὀ
3657 4464 3751 4537 μὶν

344 4551 682 4606 meminerit
730 4552 1011 4625 Georgius
1063 4554 1413 4626 Logothetes
1475 4557 1533 4611 in
1583 4558 1701 4614 illis
1758 4559 1991 4615 verbis:

2108 4557 2197 4613 οὖν
2260 4554 2514 4627 βασιλεὺς
2575 4552 2876 4629 Θεόδωρος,
2937 4554 3052 4609 ἐπεὶ
3106 4558 3213 4609 τῶν
3267 4553 3638 4630 γεγενημένων
3699 4552 3751 4606 ἐν

340 4637 406 4692 Ὁ
466 4633 523 4690 δὲ
583 4636 839 4713 βασιλεὺς
900 4638 1202 4716 Θεόδωρος,
1254 4643 1370 4697 ἐπεὶ
1435 4643 1558 4717 περὶ
1614 4649 1721 4700 τῶν
1779 4666 1995 4721 γεγενη-

349 4726 528 4798 μένων
591 4724 841 4801 ἐπύθετο,
881 4725 1105 4785 ἔσπευσε
1155 4731 1292 4807 πρὸς
1353 4734 1453 4801 τὴν
1503 4736 1613 4788 Ἕω
1662 4734 1993 4805 παλινοστῆ-

346 4835 456 4870 σαι.
512 4815 613 4870 Καὶ
658 4816 809 4893 ἀφεὶς
864 4817 915 4873 ἐν
968 4820 1329 4895 Θεσσαλονίκῃ
1387 4823 1474 4877 καὶ
1531 4828 1646 4885 τοῖς
1700 4824 1837 4878 κατά
1894 4833 1995 4879 Δυ-

344 4904 491 4975 σμὴν
550 4904 763 4978 μέρεσιν
826 4906 899 4969 εἷς
960 4907 1184 4981 φύλαξιν
1243 4909 1335 4963 τὸν
1389 4910 1785 4987 πατρόπαππον
1853 4916 1993 4968 θεῖον

342 4992 510 5047 αὐτοῦ
572 4994 842 5070 Λάσκαριν
918 4996 1009 5051 καὶ
1096 4996 1327 5072 Μιχαὴλ
1399 4999 1490 5053 τὸν
1555 4998 1775 5055 Ψελλὸν
1868 5003 2002 5074 μετὰ

345 5086 545 5157 μικροῦ
609 5083 1027 5158 στρατεύματος,
1061 5085 1185 5140 ὅσον
1243 5086 1317 5148 εἷς
1366 5089 1712 5163 τριακοσίους
1764 5092 2003 5164 ἠριθμη-

343 5170 563 5243 μὲνους,
619 5171 716 5226 τοῦ
792 5194 849 5228 τε
924 5173 1231 5249 Πριλάπου,
1287 5177 1377 5230 καὶ
1452 5178 1519 5231 τὰ
1593 5179 1766 5253 πέριξ,
1827 5180 2004 5253 ἀφῆκε

342 5257 626 5335 Θεόδωρον
686 5261 1098 5337 Καλαμπάκην,
1153 5265 1211 5319 ὃν
1267 5266 1359 5320 καὶ
1418 5269 1598 5323 Τατᾶν
1656 5275 1755 5337 τῆς
1828 5268 2004 5339 αὐλῆς

339 5349 733 5422 κατωνόμαζον
765 5370 777 5383 ·
813 5353 903 5406 τὸν
934 5350 991 5407 δὲ
1030 5356 1433 5409 Κωνσταντῖνον
1477 5357 1567 5409 τὸν
1623 5353 1877 5432 Χαϐαρᾶν
1930 5358 2006 5420 εἷς

344 5438 643 5511 ἡγεμονίαν
674 5445 771 5496 τοῦ
803 5437 1096 5513 Ἀλϐάνου,
1129 5442 1226 5516 ἐμὲ
1256 5440 1313 5497 δὲ
1354 5445 1568 5499 πάντων
1621 5445 2003 5521 προίστασθαι·

2100 4648 2171 4719 τῇ
2225 4650 2330 4700 τῶν
2380 4641 2825 4716 Μουσουλμάνων
2882 4642 3106 4698 ἐπύθετο
3168 4642 3345 4717 χώρᾳ,
3381 4641 3441 4697 οὐ
3473 4641 3596 4717 περὶ
3626 4640 3753 4696 τού-

2101 4758 2208 4793 των
2256 4734 2466 4809 μᾶλλον
2515 4728 2657 4809 ἔχων
2704 4731 2979 4810 φροντίδα,
3011 4733 3045 4801 ἢ
3096 4732 3219 4806 περὶ
3258 4734 3364 4785 τῶν
3397 4732 3581 4799 αὐτοῦ,
3618 4730 3751 4804 (κίν-

2108 4823 2268 4880 δυνον
2320 4824 2425 4899 γὰρ
2470 4821 2531 4876 οὐ
2587 4822 2777 4896 μικρὸν
2824 4816 3230 4894 ἐπισυμϐαίνειν
3274 4825 3392 4883 τοῖς
3420 4821 3752 4893 Ῥωμαϊκοῖς

2109 4913 2409 4968 ὑπετόπασε
2462 4912 2714 4985 χώροις),
2747 4907 2966 4965 ἔσπευσε
3022 4910 3157 4984 πρὸς
3222 4910 3322 4977 τήν
3352 4911 3468 4965 Ἕω
3526 4907 3755 4963 παλινο-

2110 5008 2322 5070 στῆσαι.
2378 5001 2473 5054 Καὶ
2554 4996 2618 5068 δὴ
2704 5004 2875 5053 πᾶσαν
2954 5000 3052 5065 τὴν
3107 4999 3419 5069 Ῥωμαϊκὴν
3507 4997 3756 5074 στρατιὰν

2116 5092 2227 5164 μεθ’
2285 5090 2473 5143 ἑαυτοῦ
2530 5083 3008 5164 προσλαϐὼν,τῆς
3064 5086 3199 5160 πρὸς
3256 5087 3354 5154 τήν
3403 5089 3515 5142 Ἕω
3573 5085 3763 5164 φερού-

2112 5201 2212 5248 σης
2268 5177 2558 5255 ἐφήπτετο,
2610 5175 2998 5231 καταλελοίπει
3058 5173 3116 5229 δὲ
3168 5173 3219 5229 ἔν
3268 5197 3326 5230 τε
3376 5179 3444 5249 τῇ
3495 5176 3761 5232 Θεσσαλο-

2112 5268 2232 5340 νίκῃ
2262 5268 2350 5320 καὶ
2381 5272 2496 5328 τοῖς
2528 5268 2664 5321 κατὰ
2703 5268 2921 5339 Δυσμήν
2980 5266 3218 5341 μέρεσιν,
3254 5266 3327 5327 ὡς
3385 5265 3522 5342 πρὸς
3583 5266 3758 5345 φύλα-

2116 5358 2191 5426 ξιν
2223 5353 2379 5418 δῆθεν
2406 5363 2512 5424 τῆς
2537 5357 2725 5431 χώρας
2779 5355 2869 5409 τὸν
2928 5356 3064 5431 πρὸς
3120 5355 3346 5409 πάππου
3403 5357 3543 5410 Θεῖον
3598 5356 3762 5411 αὐτοῦ

2113 5445 2204 5500 τὸν
2256 5444 2525 5520 Λάσκαριν
2586 5442 2839 5519 Μιχαὴλ,
2901 5444 3093 5520 μικρόν
3150 5466 3203 5499 τι
3270 5445 3359 5499 καὶ
3437 5445 3761 5501 εὐσύνοπτον

1931 5553 2165 5610 NOT/E.

420 5643 519 5716 (τη)
549 5644 756 5719 Georg.
789 5648 1120 5720 Acropolita
1151 5665 1207 5720 p.
1239 5648 1309 5703 76
1342 5666 1462 5720 seq.
1496 5649 1714 5707 Allatii.
1750 5652 1935 5708 Paris.
1970 5653 2130 5719 1615,
2165 5650 2263 5705 fol.
