4046 6144
276 342 396 404 535

1240 339 1525 403 LEONIS
1571 333 1883 401 ALLATII
1932 327 2196 393 DlA'l‘B.
2242 328 2343 389 DE
2389 327 2736 391 PSELLIS.

3579 325 3699 389 536

275 474 335 529 ἐκ
382 475 757 552 Παφλαγόνων
814 472 1120 548 στράτευμα
1171 471 1392 536 ἐπιδοὺς
1451 473 1619 545 αὐτῷ,
1677 470 1782 526 κᾶκ
1836 467 2015 534 τοῦΑ
2045 456 2706 552 ἓλλυριόξνδδὲῇΧαϐάρον
2735 480 3064 552 επιστατην.

280 564 569 631 Σκυθικοῦ,
620 562 746 616 ὅσον
810 561 885 625 είς
937 561 1284 633 τριακοσίους
1351 561 1777 636 ἡριθμημένον³
1840 561 1934 611 τοῦ

280 650 337 707 δὶ
388 650 697 724 Ιιριλάπου,
754 651 845 705 καὶ
903 656 1010 706 τῶν
1089 650 1214 726 περὶ
1288 650 1445 705 αὐτὸν
1499 646 1935 725 στρατευμάτων,

278 742 370 795 τὸν
413 741 471 795 ’ὀν
531 740 649 815 εἶχε
702 740 1031 815 Σκουτέριον
1078 737 1288 793 Ξυλέαν
1319 739 1732 811 ὠνομασμένον,
1764 756 1937 813 φερω-

280 829 466 903 νύμως
495 830 593 899 τὴν
627 829 847 899 κλῆσιν,
880 831 945 897 νὴ
987 837 1086 898 τῆν
1147 830 1326 900 Θέμιν,
1355 826 1555 903 ἔχοντα
1591 846 1602 860 ⁸
1636 826 1713 888 εἲς
1747 823 1803 879 δὲ
1850 825 1942 878 τὸν

282 918 528 988 Βέλεσυν,
580 926 669 972 καί
724 918 791 972 τὰ
841 919 967 993 περὶ
1017 917 1174 972 αὐτὸν
1233 916 1326 971 τὸν
1384 914 1756 988 Καλαμπάκην
1817 912 1943 968 Θεό-

286 1005 487 1083 δωρον,
519 1008 577 1061 ὃν
635 1005 727 1061 καὶ
795 1009 975 1063 Τατᾶν
1024 1012 1124 1074 τῆς
1176 1003 1350 1074 αὐλῆς
1380 1003 1768 1077 κατωνόμαζον
1803 1021 1815 1034 ⁸
1848 1001 1940 1055 τὸν

290 1095 347 1152 δὶ
404 1091 703 1170 Χαϐάρωνα
762 1100 1163 1149 Κωνσταντῖνον
1220 1093 1294 1155 εἷς
1354 1092 1651 1168 ἡγεμονίαν
1697 1096 1791 1145 τοῦ
1823 1087 1943 1147 Ἀλ-

290 1181 455 1240 ϐάνου
508 1184 854 1253 κατέστησεν.
908 1184 1039 1256 Ἐμὲ
1107 1181 1164 1237 δὲ
1216 1182 1499 1255 πραίτωρα
1555 1181 1944 1257 χειροτονήσας

286 1274 503 1329 πάντων
564 1271 740 1327 αὐτῶν
800 1272 1003 1350 ἀφῆκεν
1068 1269 1450 1347 προίστασθαι.
1510 1274 1684 1327 Τοῦτο
1742 1266 1819 1340 δὲ,
1871 1268 1946 1329 ὡς

292 1365 472 1435 οἴμαι,
527 1360 848 1431 πεποίηκεν,
876 1358 971 1414 ’ίνα
1027 1363 1095 1433 τῇ
1149 1358 1201 1430 ἐξ
1258 1360 1422 1414 αὐτοῦ
1474 1359 1779 1434 μακροτέρα
1809 1357 1943 1410 ἀπο-

290 1448 464 1524 δημίᾳ
496 1450 573 1513 εἲς
607 1450 784 1521 λήθην
842 1450 914 1503 ὦν
966 1448 1280 1512 ἐπεπόνθειν
1337 1443 1792 1523 γενοίμην.ούδὶ
1844 1445 1945 1519 γὰρ

291 1538 398 1595 εἶδέ
456 1539 521 1613 μέ
578 1560 711 1594 ποτε
771 1540 905 1611 μετά
956 1539 1051 1600 τὰς
1104 1538 1328 1612 πληγὰς
1362 1536 1825 1612 ἐλευθεριάσαντα,
1855 1533 1945 1588 καὶ

294 1628 485 1703 λόγοις
541 1627 975 1704 χαροπωτέροις,
1028 1628 1102 1689 ὡς
1161 1626 1390 1695 εἰώθειν,
1422 1627 1560 1701 πρὸς
1616 1625 1774 1679 αὐτὸν
1804 1624 1946 1699 χρή-

298 1729 507 1781 σασθαι.
565 1720 683 1773 Ἵνα
737 1721 864 1792 γοῦν
929 1720 999 1790 τῇ
1063 1716 1261 1791 χρονίᾳ
1316 1714 1484 1789 ταύτῃ
1535 1709 1789 1789 διατριϐῇ
1846 1719 1947 1782 τῆς

297 1810 483 1881 ψυχῆς
510 1808 545 1875 ἡ
578 1805 966 1880 σκυθρωπότης
1001 1802 1281 1875 διαλυθείη
1323 1826 1444 1877 μοι,
1476 1804 1726 1879 πέπραχε
1762 1806 1945 1857 τοῦτο.

302 1896 462 1970 Τάχα
493 1892 549 1949 δὲ
578 1894 667 1948 καὶ
713 1894 788 1957 ὡς
821 1892 1189 1969 δυσχεραίνων
1246 1895 1338 1962 ἦν,
1370 1894 1466 1962 τὴν
1502 1892 1784 1964 ξυναυλίαν
1848 1909 1955 1963 μου

319 1982 686 2060 βαρυνόμενος
719 2001 732 2014 ’
785 1984 1149 2059 προσέκρουον
1207 1982 1307 2059 γὰρ
1365 1982 1512 2054 αὐτῷ
1560 1981 1850 2049 πολλάκις,
1886 1972 1961 2058 ἐφ’

317 2074 400 2136 οῖς
455 2070 605 2145 ᾔδειν
666 2071 732 2126 ού
790 2072 925 2126 κατὰ
977 2073 1069 2127 τὸν
1105 2069 1307 2125 δίκαιον
1344 2070 1509 2145 λόγον
1547 2068 1961 2143 διαπράττεσθαι

317 2162 565 2227 θέλοντα.
596 2162 653 2215 Ὃ
716 2162 808 2235 μὲν
870 2160 960 2216 οὖν
1026 2160 1279 2236 βασιλεὺς
1307 2161 1443 2235 πρὸς
1474 2162 1575 2229 τήν
1604 2162 1719 2216 "Em
1750 2158 1911 2231 ἀπῄει
1947 2175 1960 2189 ⁸

316 2251 425 2326 ἐγὼ
468 2249 525 2305 δὲ
562 2249 936 2324 κατελείμμην
994 2256 1111 2312 τοῖς
1164 2251 1214 2304 ὲν
1249 2253 1460 2323 Δυσμῇ,
1507 2257 1620 2307 etc.
1670 2253 1966 2322 Imperator

313 2345 499 2413 itaque
542 2342 848 2397 Theodorus
904 2342 968 2397 de
1010 2341 1168 2397 rebus
1197 2358 1230 2396 a
1260 2341 1621 2396 Musulmanis
1668 2342 1729 2394 in
1774 2353 1967 2393 eorum

313 2432 525 2486 ditione
566 2433 728 2502 gestis
780 2432 980 2486 certior
1025 2434 1221 2499 factus,
1253 2430 1433 2498 magis
1480 2431 1597 2483 suis
1644 2445 1808 2500 quam
1846 2426 1968 2483 illis

313 2521 569 2576 animum
616 2518 925 2585 advertens,
958 2520 1153 2588 ingens
1197 2518 1324 2573 inde
1363 2519 1623 2573 Romanis
1650 2517 1970 2586 regionibus

315 2610 609 2665 imminere
662 2609 973 2680 periculum
1018 2610 1330 2678 suspicatus
1377 2607 1435 2661 in
1487 2605 1767 2661 Orientem
1805 2622 1966 2676 quam

314 2699 603 2754 celerrime
636 2697 831 2768 pedem
881 2697 1099 2763 retulit,
1131 2712 1251 2750 cum
1302 2696 1574 2749 universis
1603 2696 1971 2749 Romanorum

318 2787 430 2858 [64]
463 2787 633 2858 copiis
683 2787 796 2840 iter
841 2785 911 2839 ad
958 2801 1023 2839 ea
1074 2785 1191 2839 loca
1240 2786 1538 2851 ingressus.
1582 2783 1970 2838 Thessalonica

316 2891 464 2941 vero,
495 2882 548 2929 et
604 2875 663 2929 in
716 2872 853 2928 aliis
910 2871 1210 2927 Occidentis
1253 2874 1511 2943 partibus
1561 2874 1619 2926 in
1668 2871 1971 2927 custodiam

317 2962 593 3018 duntaxat
620 2962 956 3017 avunculum
984 2961 1303 3016 Michaetem
1324 2962 1973 3033 Lascarim,consignata

322 3049 430 3106 illa
476 3053 698 3121 exigua,
727 3066 825 3105 nec
874 3050 1071 3121 ampla
1116 3048 1553 3121 Paphlagonum
1594 3066 1784 3116 manu,
1817 3054 1871 3104 et
1903 3064 1973 3104 ea:

316 3141 532 3213 Scythis
562 3156 671 3195 non
707 3140 852 3195 ultra
883 3141 1159 3208 trecentis,
1188 3139 1428 3209 reliquit.
1464 3140 1703 3211 Prilapi,
1737 3148 1788 3193 et
1831 3140 1967 3194 vici-

314 3245 514 3284 norum
546 3230 887 3285 exercituum
920 3228 1251 3298 Scuterium,
1282 3229 1504 3299 Xyleam
1535 3228 1967 3298 dictum,digno,

314 3319 552 3390 aedepol,
584 3320 947 3389 cognomine;
978 3317 1201 3382 Belessi,
1234 3326 1546 3387 tractusque
1576 3319 1722 3372 circa
1770 3318 1972 3388 ipsum,

318 3407 697 3479 Catampacem
731 3407 1083 3473 Theodorum,
1128 3422 1288 3478 quem
1327 3409 1521 3461 Tatam
1558 3408 1713 3463 Aulis
1759 3423 1972 3461 nuncu-

310 3498 519 3569 pabant
541 3514 561 3556 ;
595 3496 1011 3551 Constantinum
1041 3495 1422 3551 Chabaronem
1451 3496 1660 3551 Albano
1688 3497 1975 3567 praefecit;

316 3602 405 3640 me
444 3589 743 3656 praetorem
792 3593 1037 3638 creatum
1084 3584 1338 3637 omnibus
1384 3585 1531 3638 hisce
1575 3600 1810 3654 praeesse
1841 3589 1975 3657 jus-

317 3674 393 3728 sit
440 3688 547 3727 non
606 3673 741 3742 alio,
776 3673 845 3726 ni
890 3672 1080 3743 fallor,
1112 3687 1287 3743 scopo,
1318 3689 1483 3742 quam
1533 3677 1591 3727 ut
1642 3674 1882 3743 longiori
1909 3674 1976 3729 ab

320 3777 379 3817 eo
454 3760 697 3817 discessu
777 3766 1190 3832 prxteritorum
1255 3762 1530 3817 malorum
1606 3763 1974 3819 obticiscerer.

320 3866 556 3922 namque
579 3854 701 3921 post
737 3849 942 3922 plagas
972 3858 1245 3920 acceptas,
1278 3867 1566 3922 nunquam
1612 3868 1701 3905 me
1749 3853 1979 3908 liberius

319 3939 526 4010 dicere,
558 3955 679 4010 quae
724 3942 1007 4006 sentirem,
1048 3955 1339 4011 nunquam
1389 3942 1563 3995 verbis
1619 3942 1980 3998 hilarioribus

319 4044 471 4083 more
518 4044 636 4083 meo
667 4030 753 4083 uti
799 4036 1179 4099 conspexerat.
1210 4029 1273 4085 Ut
1327 4043 1461 4098 ergo
1490 4030 1661 4101 longa
1692 4033 1795 4086 ista
1825 4047 1981 4087 mora

321 4132 603 4173 maerorem
650 4131 679 4171 e
726 4120 942 4187 pectore
999 4115 1300 4183 demerem,
1348 4118 1405 4172 id
1474 4128 1698 4190 egerat;
1746 4120 1981 4192 fortasse

318 4206 485 4261 etiam
512 4206 622 4260 mei
646 4205 996 4261 contubernii
1022 4205 1164 4275 quod
1206 4206 1564 4275 fasdidiebat,
1604 4207 1790 4265 twdio.
1825 4208 1981 4279 Saepe

320 4296 470 4349 enim
516 4295 578 4348 in
628 4296 717 4361 iis,
750 4310 872 4364 quas
919 4294 1017 4350 ille
1056 4296 1362 4363 contraius
1406 4299 1606 4367 fasque
1646 4298 1976 4365 intentabat,

322 4383 437 4455 ipse
464 4383 812 4438 adversabor.
842 4384 1157 4449 Imperator
1186 4386 1379 4455 itaque
1425 4387 1483 4439 in
1535 4386 1811 4440 Orientem
1848 4403 1977 4456 pro-

323 4475 519 4534 cessit;
561 4488 655 4544 ego
703 4474 762 4526 in
810 4472 1052 4527 occiduis
1092 4474 1348 4544 partibus
1386 4476 1649 4529 remansi.
1683 4475 1978 4547 Suspicio-

326 4580 460 4619 nem
494 4562 656 4618 auxit
683 4560 1053 4633 Ephrmmius
1096 4562 1154 4616 in
1187 4562 1490 4633 Chronico,
1524 4564 1646 4635 qui,
1680 4581 1812 4619 cum
1860 4582 1974 4620 non
2005 4562 2053 4627 D

325 4651 677 4709 sententiam
703 4655 958 4716 tantum,
974 4650 1074 4706 sed
1097 4652 1271 4706 verba
1292 4652 1466 4706 etiam
1489 4653 1831 4724 Acropolitua
1854 4670 1972 4708 car-

326 4742 485 4797 mine
514 4738 975 4813 exprimat,licet
1008 4738 1152 4793 alios
1184 4740 1621 4795 accuratissime
1651 4749 1973 4811 enumerat,

326 4830 398 4885 de
431 4828 708 4884 Michaele
735 4828 845 4883 hoc
880 4826 1062 4882 Psello
1091 4828 1337 4883 verbum
1371 4828 1598 4885 nullum
1634 4831 1769 4885 facit
1804 4848 1817 4886 :

326 4965 479 5041 Πλὴν
513 4965 715 5030 διαθεὶς
744 4967 804 5041 εῦ
831 4966 897 5020 τὰ
925 4967 1062 5041 κατᾶ
1090 4967 1188 5041 τήν
1221 4967 1482 5041 Ἑσπέραν
1514 4970 1697 5040 ’ίΑναξ,

326 5040 473 5113 Μετᾷ
504 5044 755 5112 στρατιᾶς
788 5037 1033 5113 ἐκτρέχει
1066 5039 1203 5111 πρὸς
1232 5037 1502 5113 τὴνβἘω,

325 5108 1040 5183 Λιπὼν-στρατηγοὺςκαῖςᾶ
1065 5108 1461 5183 Θεσσαλονίκην

323 5178 551 5257 Μιχαὴλ
585 5178 884 5257 Ᾱασκάριον
916 5179 1080 5257 ἄνδρα
1104 5181 1350 5257 γεννάδα,

324 5252 500 5311 Ἐνδὶ
529 5252 794 5327 Πριλάπῲ
817 5252 1138 5327 Σκουτέριον
1160 5253 1405 5327 Ξυλέαν,

322 5325 671 5399 Ἑπῳνυμίαν
693 5325 903 5399 ,ἀτρεκῆ
934 5325 1096 5391 κεκτη
1109 5326 1285 5399 μένόνῗ

322 5400 421 5470 Ἐν
444 5395 489 5452 δ’
520 5393 584 5451 αῦ
616 5393 871 5470 Βελεσσῷ
900 5402 1015 5470 τοῖς
1045 5393 1361 5470 περικύκλῳ
1388 5396 1579 5459 τόποις

325 5469 552 5526 Φύλακα
573 5464 854 5542 Θεόδωρον
884 5468 975 5522 τὸν
1008 5464 1424 5543 Κωλαμπάκην.

2045 536 2189 609 Πρὸς
2202 531 2399 588 ’τοῖσδε
2413 531 2717 609 Τεώργιον-
2735 531 3167 609 Ἀκρομπολίτην,

2045 602 2324 680 ’Ἄρχοντα
2355 602 2567 660 πάντων
2581 602 2606 676 ,’
2624 604 2723 680 ,καὶ
2751 602 3019 680 πρόεδρον
3038 602 3309 680 δεικνύει,

2047 674 2284 753 Ηρόσϐεν
2311 680 2549 749 τιμήσας
2579 674 2649 748 τῇ
2678 674 2993 752 πραίτωρός
3027 674 3166 746 ἀξίᾳ.

2119 768 2495 823 Nihilominus
2550 767 2708 822 rebus
2765 766 3009 823 occiduis
3062 767 3197 820 bene
3250 765 3563 836 compositis
3597 765 3703 818 im-

2048 862 2270 929 perator
2313 872 2441 912 cum
2500 858 2749 911 exercitu
2781 858 2841 911 in
2873 856 3152 912 Orientem
3182 854 3450 924 convolat,
3479 851 3707 908 ducibus

2049 944 2258 1001 relictis
2308 945 2697 1000 Thessalonice:
2745 943 3003 1000 Michaele
3043 943 3270 998 Lascari
3309 942 3428 998 viro
3457 950 3704 1009 strenuo,

2050 1033 2269 1103 Pritapi
2298 1032 2549 1087 Scuterio
2578 1031 2770 1103 Xylea,
2796 1032 3119 1101 cognomine
3165 1046 3262 1086 suo
3304 1029 3558 1102 equidem
3595 1046 3709 1084 non

2051 1122 2364 1185 dissimili;
2395 1122 2623 1192 Betessi,
2655 1129 2705 1177 et
2749 1122 2881 1177 locis
2937 1121 3139 1176 vicinis
3187 1119 3407 1175 custode
3436 1118 3711 1175 Theodoro

2055 1210 2428 1283 Calampace;
2468 1210 2821 1284 Illyricorum
2876 1225 3007 1265 vero
3065 1208 3383 1265 Chabarone
3426 1207 3709 1280 praefecto.

2052 1301 2284 1368 Insuper
2313 1301 2671 1371 Acropolitem
2708 1299 2995 1368 Georgium
3019 1299 3272 1353 omnium
3301 1297 3597 1367 praesidem
3613 1312 3714 1359 ;ac

2049 1390 2349 1461 primatem
2376 1391 2680 1458 constituit,
2694 1391 2853 1460 prius
2870 1388 2983 1459 [65]
3003 1389 3258 1459 praetoris
3287 1388 3557 1457 dignitate
3577 1388 3715 1441 insi-

2053 1479 2285 1550 gnitum.
2301 1478 2584 1547 Tandem,
2599 1484 2806 1549 printer
2820 1493 3053 1533 omnem
3074 1475 3494 1548 suspicionem,
3514 1479 3715 1547 aperte

2055 1566 2227 1623 evicit
2258 1566 2452 1622 locum
2483 1566 2653 1622 illum
2689 1567 3071 1638 depravatum
3126 1582 3277 1632 esse,
3309 1570 3365 1621 et
3414 1579 3714 1633 mancum,

2057 1657 2236 1711 codex
2261 1654 3077 1727 perantiquusVaticanus,in
3096 1671 3211 1726 quo
3232 1653 3409 1709 editio
3429 1654 3723 1709 Dousiana

2059 1745 2434 1813 continetur;
2468 1745 2565 1816 qui
2601 1743 2858 1800 Psellum
2893 1744 3050 1799 hunc
3084 1760 3190 1799 nec
3220 1744 3291 1800 de
3315 1742 3552 1799 nomine
3581 1740 3720 1813 qui-

1984 1836 2032 1901 B
2064 1837 2194 1891 dem
2228 1835 2416 1891 novit.
2452 1835 2665 1891 Locum
2698 1835 2792 1890 hic
2819 1835 3168 1905 exscribam,
3201 1838 3265 1890 ut
3294 1837 3467 1890 antea
3493 1831 3719 1889 editum

2069 1926 2401 1996 aDousa(n)
2417 1924 2791 1994 mutilum,et
2817 1924 3228 1996 hiulcum,ope
3249 1921 3724 1979 emendatissimi

2070 2014 2288 2069 codicis
2319 2014 2593 2083 integres,
2624 2030 2689 2068 ac
2746 2012 3016 2084 impleas.
3048 2012 3109 2068 Ὀ
3170 2008 3229 2065 δὲ
3284 2007 3538 2086 βασιλεὺς
3593 2010 3735 2063 Θεό-

2073 2099 2290 2176 δωρος,
2377 2100 2491 2156 ἐπεὶ
2594 2100 2718 2176 περὶ
2802 2104 2910 2155 τῶν
2997 2100 3375 2176 γεγενημένων
3478 2097 3733 2167 έπύθετο,

2073 2188 2295 2245 ἔσπευσε
2352 2191 2486 2258 πρὸς
2540 2191 2639 2258 τὴν
2684 2192 2799 2244 Ἕω
2856 2188 3285 2258 παλινοστῆσαι,
3314 2187 3405 2242 καὶ
3464 2186 3617 2262 ἀφεὶς
3675 2185 3734 2240 έν

2072 2282 2141 2352 τῇ
2174 2277 2541 2353 Θεσσαλονίκῃ
2578 2278 2667 2332 καὶ
2698 2284 2817 2342 τοῖς
2847 2279 2985 2333 κατὰ
3016 2279 3235 2350 Δυσμὴν
3271 2278 3485 2351 μέρεσιν
3515 2276 3592 2337 εἷς
3633 2297 3739 2353 φυ-

2075 2365 2247 2434 λακήν
2274 2368 2370 2422 τόν
2404 2368 2545 2441 πρὸς
2573 2366 2797 2422 πάππου
2827 2369 2972 2421 θεῖον
3004 2366 3170 2421 αὐτοῦ
3198 2367 3289 2421 τὸν
3320 2364 3536 2439 Λάσκαρ
3549 2387 3591 2418 ιν
3624 2366 3742 2421 Μι-

2078 2454 2229 2531 χαὴλ
2295 2459 2429 2530 μετὰ
2492 2461 2689 2533 μικροῦ
2746 2456 3148 2528 στρατεύματος
3202 2453 3327 2510 ὅσον
3389 2454 3465 2517 εἷς
3514 2473 3741 2528 τριακο-

2078 2546 2224 2608 σίους
2252 2544 2632 2621 ἠριθμημένον
2666 2563 2681 2578 ⁸
2710 2550 2807 2602 τοῦ
2849 2543 2907 2601 δὲ
2968 2543 3285 2619 Ηριλάπου,
3315 2544 3405 2599 καὶ
3444 2547 3551 2598 τῶν
3610 2542 3741 2615 περὶ

2076 2635 2236 2690 αὐτὸν
2266 2636 2703 2711 στρατευμάτων,
2730 2635 2821 2690 τὸν
2874 2633 2931 2688 ὃν
2985 2636 3101 2709 εἶχε
3156 2632 3479 2708 Σκουτέριον
3521 2629 3742 2686 Ξυλέαν

2078 2724 2467 2798 ὠνομασμένον
2498 2745 2510 2759 ·
2545 2725 2621 2788 εἰς
2684 2722 2742 2779 δὶ
2794 2724 2885 2779 τὸν
2937 2722 3222 2792 Βελεσσὸν,
3251 2722 3342 2777 καὶ
3390 2721 3457 2777 τὰ
3484 2721 3610 2797 περὶ
3642 2720 3746 2775 αὖ·

2076 2812 2188 2883 τὸν,
2220 2812 2595 2886 Καλαμπάκην
2630 2810 2909 2888 Θεόδωρον
2943 2812 3000 2866 ὃν
3045 2811 3135 2867 καὶ
3175 2814 3350 2870 Τατᾶν
3408 2817 3509 2879 τῆς
3564 2806 3745 2879 αὐλῆς

2077 2902 2460 2975 κατωνόμαζον
2496 2921 2509 2935 ·
2550 2904 2642 2958 τὸν
2703 2900 2761 2957 δὲ
2814 2896 3115 2976 Χαόάρωνα
3170 2892 3583 2956 Κωνσταντῖνον
3664 2896 3745 2960 εἷς

2078 2992 2377 3066 ἠγεμονίαν
2437 2995 2534 3046 τοῦ
2594 2986 2886 3058 Ἀλόάνου,
2942 2988 3039 3063 ἐμὲ
3096 2986 3154 3044 δὲ
3210 2990 3427 3044 πάντων
3484 2984 3745 3063 προίστα-

2081 3092 2223 3148 σθαι,
2255 3086 2364 3137 etc.
2397 3081 2529 3138 Haec
2585 3086 2783 3138 autem
2835 3097 2950 3136 non
3004 3081 3133 3136 ideo
3166 3096 3200 3135 a
3229 3096 3324 3135 me
3371 3078 3527 3133 dicta
3576 3081 3745 3145 sunt,

1998 3201 2042 3270 ρ
2082 3176 2145 3225 ut
2164 3171 2429 3270 'Psellum
2463 3171 2641 3270 istpm
2673 3187 2741 3270 eo
2772 3175 3035 3270 tempore
3069 3168 3249 3270 fuisse
3282 3184 3520 3270 negem;
3555 3166 3749 3270 potuit

2082 3260 2232 3313 enim
2265 3275 2416 3325 esse,
2448 3265 2505 3313 et
2536 3261 2681 3314 forte
2714 3258 2861 3326 fuit;
2897 3258 2999 3313 sed
3035 3262 3101 3312 ut
3130 3257 3437 3312 ostendam
3466 3273 3533 3310 ex
3581 3255 3747 3309 hisce

2082 3347 2311 3417 Georgii
2341 3347 2537 3403 verbis
2569 3352 2725 3402 certo
2756 3347 2811 3400 id
2847 3345 3135 3400 afﬁrmari
3168 3361 3280 3400 non
3318 3361 3505 3416 posse.

2156 3435 2357 3491 LXXX.
2390 3437 2573 3491 Fuere
2603 3441 2660 3491 et
2689 3435 2790 3490 alii
2826 3433 2993 3489 Pselli
3026 3450 3039 3490 :
3068 3434 3221 3489 inter
3259 3448 3360 3489 eos
3411 3431 3743 3504 praecipuus

2082 3529 2340 3581 Joannes
2369 3524 2618 3581 Psellus.
2636 3524 2931 3579 Meursius
2948 3522 3127 3594 hujus
3151 3527 3318 3594 putat
3338 3538 3466 3577 esse
3488 3520 3743 3589 iambos,

2086 3630 2234 3686 quos
2257 3630 2389 3669 cum
2406 3612 2707 3669 Heraclide
2720 3612 2959 3667 Pontico
2979 3610 3238 3684 vulgavit
3264 3610 3404 3667 olim
3416 3613 3740 3678 Gesnerus;

2086 3718 2432 3774 errasseque
2457 3717 2760 3769 eum,cum
2804 3700 3069 3756 Michaeli
3090 3699 3315 3755 tribuit.
3336 3700 3445 3755 Sed
3470 3696 3741 3755 Michaeli

2089 3792 2293 3847 tribuit
2345 3791 2522 3846 etiam
2584 3791 2840 3845 Andreas
2911 3789 3213 3857 Schottus,
3261 3788 3602 3843 Praet'atione
3676 3785 3738 3842 in

2087 3881 2253 3936 (lant.
2287 3881 2500 3935 cantio.
2554 3880 2706 3935 Certe
2754 3878 3008 3933 iambicis
3059 3877 3126 3932 de
3169 3878 3462 3932 virtutibus
3509 3884 3559 3931 et
3588 3876 3744 3931 vitiis

2086 3985 2313 4040 gnomas
2359 3970 2691 4039 composuit,
2724 3982 2851 4037 quae
2894 3984 3016 4022 cum
3064 3966 3340 4021 Heraclidi
3393 3966 3610 4021 Pontici
3645 3965 3741 4019 al-

2090 4058 2310 4129 legoriis
2339 4057 2650 4113 Homericis
2680 4056 2838 4112 hodie
2867 4055 3148 4124 teguntur.
3181 4055 3307 4111 Non
3358 4070 3522 4127 aeque
3572 4054 3740 4109 bene.

2161 4147 2434 4216 Ejusdem
2466 4145 2643 4201 etiam
2676 4145 2833 4200 edita
2862 4148 3001 4200 sunt
3031 4143 3314 4213 carmina,
3336 4140 3428 4204 Εἲς
3448 4140 3575 4204 τοὺς
3596 4146 3745 4217 τρεῖς

2086 4232 2370 4310 ἱεράρχας,
2432 4230 2737 4303 Βασίλειον,
2787 4232 3118 4307 Γρηγόριον,
3167 4231 3257 4285 καὶ
3317 4231 3573 4300 Ἰωάννην
3649 4232 3742 4283 τὸν

2086 4322 2494 4397 Χρυσόστομον.
2552 4324 2700 4378 Item
2760 4319 2851 4383 Είς
2905 4321 2999 4381 τὰς
3057 4320 3210 4394 ἁγίας
3266 4319 3401 4374 έπτᾶ
3458 4316 3739 4387 συνόδους,

2087 4430 2218 4469 cum
2272 4412 2559 4468 Theodori
2609 4411 2916 4467 Prodromi
2962 4410 3344 4478 carminibus,
3377 4415 3434 4466 et
3480 4409 3745 4466 Xantho-

2087 4502 2229 4573 puli.
2274 4501 2511 4557 Basileaa
2572 4501 2727 4572 apud
2778 4498 3078 4555 Bebelium
3132 4499 3294 4567 1536,
3335 4500 3485 4554 in-8.
3526 4498 3742 4554 Verum

2085 4589 2461 4661 opusculum,
2511 4590 2583 4644 de
2650 4594 2873 4659 septem
2937 4588 3200 4661 synodis,
3251 4604 3380 4644 esse
3445 4586 3742 4643 Michaelis

2083 4678 2254 4733 Pselli
2286 4682 2457 4732 antea
2488 4676 2900 4731 indicavimus.

2156 4771 2299 4823 Item
2345 4766 2758 4821 Constantinus
2806 4764 3059 4832 Psellus,
3110 4766 3281 4835 cujus
3360 4766 3623 4821 Lexicum
3679 4765 3740 4820 in

2082 4856 2468 4927 evangelistas,
2518 4854 2639 4910 sive
2688 4854 2903 4909 brevem
2968 4855 3365 4924 expositionem
3419 4854 3741 4925 difﬁcilium

2084 4947 2145 5001 in
2176 4948 2245 5000 iis
2276 4946 2541 5013 locarum,
2574 4944 2657 4999 ait
2685 4948 2913 4998 exstare
2953 4959 3064 4997 ms.
3096 4946 3289 4997 Greece
3338 4943 3395 4998 in
3449 4942 3597 4999 Bibl.
3628 4943 3740 4998 im-

2083 5038 2270 5107 perat.
2302 5034 2540 5089 Viennae
2574 5033 2633 5088 in
2667 5034 2720 5089 4.
2762 5031 3081 5103 Gesnerus,
3120 5037 3179 5088 et
3206 5032 3583 5089 Possevinus.
3606 5031 3739 5104 Legi

2084 5124 2262 5180 etiam
2296 5123 2508 5195 ipsius.

2156 5212 2401 5267 Ἐκθεσιν
2452 5209 2705 5277 πίστεως,
2766 5210 3182 5281 Expositionem
3247 5209 3421 5276 Fidei,
3473 5227 3601 5283 qua
3646 5209 3740 5265 in-

2084 5300 2249 5371 cipit,
2281 5300 2525 5354 Πιστεύω
2559 5298 2637 5361 εἰς
2677 5296 2911 5373 Πατέρα,
2940 5297 3031 5352 καὶ
3095 5299 3235 5370 ι’ἲὸν,
3265 5298 3354 5354 καὶ
3408 5302 3628 5372 Πνεῦμα
3677 5297 3739 5352 τὸ

2084 5390 2258 5464 ἅγιον,
2292 5407 2420 5462 quis
2454 5390 2628 5447 etiam
2663 5388 2722 5444 in
2756 5388 3114 5444 bibliotheca
3144 5388 3381 5446 Antonii
3428 5387 3739 5462 Augustini

2082 5478 2213 5534 cod.
2250 5479 2369 5547 166,
2406 5476 2807 5549 manuscripts
2836 5475 3184 5534 habebatur.

394 5665 477 5736 (η)
506 5665 569 5718 Ρ.
603 5660 673 5717 48
697 5657 840 5716 edit.
871 5657 1163 5716 Theodori
1193 5658 1421 5730 Dousaa,
1453 5660 1637 5732 Lugd.
1670 5659 1795 5717 Bat.
1830 5572 2128 5733 1633133.
