  <div class='ocr_page' id='page_1' title='image "/cluster/home/n/w/nwhite01/storage/ocr_20150623/122 pt.2/mdp.39015037401315/276.png"; bbox 0 0 4084 6140; ppageno 0'>
   <div class='ocr_carea' id='block_1_1' title="bbox 387 466 3264 500">
    <p class='ocr_par' dir='ltr' id='par_1_1' title="bbox 387 466 3264 500">
     <span class='ocr_line' id='line_1_1' title="bbox 387 466 3264 500; baseline 0.001 -5"><span class='ocrx_word' id='word_1_1' title='bbox 387 466 3264 500; x_wconf 71' lang='lat' dir='ltr'><em>W</em></span> 
     </span>
    </p>
   </div>
   <div class='ocr_carea' id='block_1_2' title="bbox 920 654 3264 823">
    <p class='ocr_par' dir='ltr' id='par_1_2' title="bbox 920 654 3264 823">
     <span class='ocr_line' id='line_1_2' title="bbox 920 654 3264 823; baseline 0.001 -4"><span class='ocrx_word' id='word_1_2' title='bbox 920 654 2235 823; x_wconf 83' lang='lat' dir='ltr'><strong>MICHAELIS</strong></span> <span class='ocrx_word' id='word_1_3' title='bbox 2420 656 3264 823; x_wconf 87' lang='lat' dir='ltr'><strong>PSELLI</strong></span> 
     </span>
    </p>
   </div>
   <div class='ocr_carea' id='block_1_3' title="bbox 1448 989 2718 1107">
    <p class='ocr_par' dir='ltr' id='par_1_3' title="bbox 1448 989 2718 1107">
     <span class='ocr_line' id='line_1_3' title="bbox 1448 989 2718 1107; baseline -0.001 -4"><span class='ocrx_word' id='word_1_4' title='bbox 1448 989 1926 1104; x_wconf 79' lang='lat' dir='ltr'><strong>OPERUM</strong></span> <span class='ocrx_word' id='word_1_5' title='bbox 1990 990 2284 1107; x_wconf 82' lang='lat' dir='ltr'><strong>PARS</strong></span> <span class='ocrx_word' id='word_1_6' title='bbox 2351 993 2718 1103; x_wconf 82' lang='lat' dir='ltr'><strong>PRIMA</strong></span> 
     </span>
    </p>
   </div>
   <div class='ocr_carea' id='block_1_4' title="bbox 1831 1233 2344 1290">
    <p class='ocr_par' dir='ltr' id='par_1_4' title="bbox 1831 1233 2344 1290">
     <span class='ocr_line' id='line_1_4' title="bbox 1831 1233 2344 1290; baseline 0.002 -1"><span class='ocrx_word' id='word_1_7' title='bbox 1831 1233 2344 1290; x_wconf 88' lang='lat' dir='ltr'><strong>COMPLECTENS</strong></span> 
     </span>
    </p>
   </div>
   <div class='ocr_carea' id='block_1_5' title="bbox 1236 1438 2931 1537">
    <p class='ocr_par' dir='ltr' id='par_1_5' title="bbox 1236 1438 2931 1537">
     <span class='ocr_line' id='line_1_5' title="bbox 1236 1438 2931 1537; baseline 0 -4"><span class='ocrx_word' id='word_1_8' title='bbox 1236 1438 1741 1533; x_wconf 85' lang='lat' dir='ltr'><strong>OPERA</strong></span> <span class='ocrx_word' id='word_1_9' title='bbox 1861 1439 2931 1537; x_wconf 87' lang='lat' dir='ltr'><strong>THEOLOGICA.</strong></span> 
     </span>
    </p>
   </div>
   <div class='ocr_carea' id='block_1_6' title="bbox 2051 1765 2122 1777">
    <p class='ocr_par' dir='ltr' id='par_1_6' title="bbox 2051 1765 2122 1777">
     <span class='ocr_line' id='line_1_6' title="bbox 2051 1765 2122 1777; baseline 0 0"><span class='ocrx_word' id='word_1_10' title='bbox 2051 1765 2122 1777; x_wconf 68' lang='grc'><strong>-1</strong></span> 
     </span>
    </p>
   </div>
   <div class='ocr_carea' id='block_1_7' title="bbox 716 2018 2329 2150">
    <p class='ocr_par' dir='ltr' id='par_1_7' title="bbox 716 2018 2231 2150">
     <span class='ocr_line' id='line_1_7' title="bbox 716 2018 2231 2150; baseline 0.001 -2"><span class='ocrx_word' id='word_1_11' title='bbox 716 2018 1653 2150; x_wconf 85' lang='grc' dir='ltr'><strong>ΕΡΜΗΝΕΙΑ</strong></span> <span class='ocrx_word' id='word_1_12' title='bbox 1752 2020 2231 2150; x_wconf 84' lang='grc' dir='ltr'><strong>ΚΑΤΑ</strong></span> 
     </span>
    </p>
   </div>
   <div class='ocr_carea' id='block_1_8' title="bbox 1855 2018 3468 2150">
    <p class='ocr_par' dir='ltr' id='par_1_8' title="bbox 1855 2018 3468 2150">
     <span class='ocr_line' id='line_1_8' title="bbox 1855 2018 3468 2150; baseline 0.001 -1"><span class='ocrx_word' id='word_1_13' title='bbox 1855 2020 2231 2150; x_wconf 86' lang='lat' dir='ltr'><strong>.ATA</strong></span> <span class='ocrx_word' id='word_1_14' title='bbox 2333 2018 3468 2150; x_wconf 84' lang='grc' dir='ltr'><strong>ΠΑΡΑΦΡΑΣΙΝ</strong></span> 
     </span>
    </p>
   </div>
   <div class='ocr_carea' id='block_1_9' title="bbox 1117 2333 3057 2431">
    <p class='ocr_par' dir='ltr' id='par_1_9' title="bbox 1117 2333 3057 2431">
     <span class='ocr_line' id='line_1_9' title="bbox 1117 2333 3057 2431; baseline 0 -3"><span class='ocrx_word' id='word_1_15' title='bbox 1117 2333 1366 2429; x_wconf 86' lang='grc' dir='ltr'><strong>ΤΟΥ</strong></span> <span class='ocrx_word' id='word_1_16' title='bbox 1442 2333 2027 2431; x_wconf 85' lang='grc' dir='ltr'><strong>ΑΣΜΑΤΟΣ</strong></span> <span class='ocrx_word' id='word_1_17' title='bbox 2110 2334 2367 2430; x_wconf 85' lang='grc' dir='ltr'><strong>ΤΩΝ</strong></span> <span class='ocrx_word' id='word_1_18' title='bbox 2449 2333 3057 2430; x_wconf 85' lang='grc' dir='ltr'><strong>ΑΣΜΑΤΩΝ</strong></span> 
     </span>
    </p>
   </div>
   <div class='ocr_carea' id='block_1_10' title="bbox 381 2588 1994 2658">
    <p class='ocr_par' dir='ltr' id='par_1_10' title="bbox 381 2590 1994 2650">
     <span class='ocr_line' id='line_1_10' title="bbox 381 2590 1994 2650; baseline 0.001 -6"><span class='ocrx_word' id='word_1_19' title='bbox 381 2590 831 2647; x_wconf 78' lang='grc' dir='ltr'><strong>ΣΥΛΛΕΓΟΥΣΑ</strong></span> <span class='ocrx_word' id='word_1_20' title='bbox 867 2590 1012 2647; x_wconf 82' lang='grc' dir='ltr'><strong>ᾹΠΟ</strong></span> <span class='ocrx_word' id='word_1_21' title='bbox 1052 2591 1140 2647; x_wconf 85' lang='lat' dir='ltr'>TE</span> <span class='ocrx_word' id='word_1_22' title='bbox 1177 2590 1313 2650; x_wconf 68' lang='lat' dir='ltr'><strong>TON</strong></span> <span class='ocrx_word' id='word_1_23' title='bbox 1355 2592 1467 2647; x_wconf 84' lang='grc' dir='ltr'><strong>ΕΙΣ</strong></span> <span class='ocrx_word' id='word_1_24' title='bbox 1508 2591 1739 2648; x_wconf 86' lang='grc' dir='ltr'>ΤΟΥΤΟ</span> <span class='ocrx_word' id='word_1_25' title='bbox 1779 2594 1994 2647; x_wconf 71' lang='grc' dir='ltr'><strong>ΕΡΜίΙέ</strong></span> 
     </span>
    </p>
   </div>
   <div class='ocr_carea' id='block_1_11' title="bbox 2180 2588 3793 2658">
    <p class='ocr_par' dir='ltr' id='par_1_11' title="bbox 2216 2588 3793 2658">
     <span class='ocr_line' id='line_1_11' title="bbox 2216 2588 3793 2658; baseline -0.001 -15"><span class='ocrx_word' id='word_1_26' title='bbox 2216 2595 2345 2647; x_wconf 84' lang='grc' dir='ltr'><strong>ΤΟΥ</strong></span> <span class='ocrx_word' id='word_1_27' title='bbox 2399 2594 2601 2648; x_wconf 81' lang='grc' dir='ltr'><strong>ΑΓΙΟΥ</strong></span> <span class='ocrx_word' id='word_1_28' title='bbox 2640 2591 3014 2647; x_wconf 81' lang='grc' dir='ltr'><strong>ΓΡΙΙΓΟΓΙΟΥ</strong></span> <span class='ocrx_word' id='word_1_29' title='bbox 3056 2589 3372 2658; x_wconf 82' lang='grc' dir='ltr'><strong>ΝΥΣΣΗΣ,</strong></span> <span class='ocrx_word' id='word_1_30' title='bbox 3417 2588 3546 2645; x_wconf 85' lang='grc' dir='ltr'><strong>ΤΟΥ</strong></span> <span class='ocrx_word' id='word_1_31' title='bbox 3592 2590 3793 2647; x_wconf 84' lang='grc' dir='ltr'>ΑΓΙΟΥ</span> 
     </span>
    </p>
   </div>
   <div class='ocr_carea' id='block_1_12' title="bbox 1472 2683 2696 2754">
    <p class='ocr_par' dir='ltr' id='par_1_12' title="bbox 1472 2683 2696 2754">
     <span class='ocr_line' id='line_1_12' title="bbox 1472 2683 2696 2754; baseline 0.004 -18"><span class='ocrx_word' id='word_1_32' title='bbox 1472 2683 1746 2754; x_wconf 73' lang='grc' dir='ltr'><strong>ΝΕΙΑΟΥ,</strong></span> <span class='ocrx_word' id='word_1_33' title='bbox 1789 2683 1907 2739; x_wconf 82' lang='grc' dir='ltr'><strong>ΚΑΙ</strong></span> <span class='ocrx_word' id='word_1_34' title='bbox 1944 2684 2073 2739; x_wconf 74' lang='grc' dir='ltr'><strong>ΤΟΥ</strong></span> <span class='ocrx_word' id='word_1_35' title='bbox 2109 2683 2307 2738; x_wconf 77' lang='lat' dir='ltr'><strong>Amor</strong></span> <span class='ocrx_word' id='word_1_36' title='bbox 2346 2684 2696 2741; x_wconf 75' lang='grc' dir='ltr'><strong>ΜΑΞΙΜΟΥ.</strong></span> 
     </span>
    </p>
   </div>
   <div class='ocr_carea' id='block_1_13' title="bbox 386 3166 3795 3337">
    <p class='ocr_par' dir='ltr' id='par_1_13' title="bbox 386 3166 3795 3337">
     <span class='ocr_line' id='line_1_13' title="bbox 386 3166 3795 3337; baseline -0 -4"><span class='ocrx_word' id='word_1_37' title='bbox 386 3167 1479 3337; x_wconf 86' lang='lat' dir='ltr'><strong>EXPOSITIO</strong></span> <span class='ocrx_word' id='word_1_38' title='bbox 1593 3170 2391 3337; x_wconf 83' lang='lat' dir='ltr'><strong>CANTICI</strong></span> <span class='ocrx_word' id='word_1_39' title='bbox 2490 3166 3795 3335; x_wconf 83' lang='lat' dir='ltr'><strong>CANTICORUM</strong></span> 
     </span>
    </p>
   </div>
   <div class='ocr_carea' id='block_1_14' title="bbox 1519 3456 2644 3606">
    <p class='ocr_par' dir='ltr' id='par_1_14' title="bbox 1519 3456 2644 3606">
     <span class='ocr_line' id='line_1_14' title="bbox 1519 3456 2644 3606; baseline -0.002 -3"><span class='ocrx_word' id='word_1_40' title='bbox 1519 3494 1746 3603; x_wconf 82' lang='lat' dir='ltr'><strong>PER</strong></span> <span class='ocrx_word' id='word_1_41' title='bbox 1813 3456 2644 3606; x_wconf 79' lang='lat' dir='ltr'><strong>PABAPHRASIM</strong></span> 
     </span>
    </p>
   </div>
   <div class='ocr_carea' id='block_1_15' title="bbox 458 3744 3726 3815">
    <p class='ocr_par' dir='ltr' id='par_1_15' title="bbox 458 3744 3726 3815">
     <span class='ocr_line' id='line_1_15' title="bbox 458 3744 3726 3815; baseline -0.001 -11"><span class='ocrx_word' id='word_1_42' title='bbox 458 3744 824 3804; x_wconf 83' lang='lat' dir='ltr'><strong>COLLECTA</strong></span> <span class='ocrx_word' id='word_1_43' title='bbox 860 3746 959 3802; x_wconf 82' lang='lat' dir='ltr'>EX</span> <span class='ocrx_word' id='word_1_44' title='bbox 997 3745 1250 3803; x_wconf 83' lang='lat' dir='ltr'><strong>SANCTI</strong></span> <span class='ocrx_word' id='word_1_45' title='bbox 1290 3746 1634 3803; x_wconf 79' lang='lat' dir='ltr'><strong>GREGORII</strong></span> <span class='ocrx_word' id='word_1_46' title='bbox 1673 3747 1924 3804; x_wconf 76' lang='lat' dir='ltr'><strong>NYSS/E</strong></span> <span class='ocrx_word' id='word_1_47' title='bbox 1964 3745 2384 3815; x_wconf 84' lang='lat' dir='ltr'><strong>PONTIFICIS,</strong></span> <span class='ocrx_word' id='word_1_48' title='bbox 2422 3747 2510 3802; x_wconf 88' lang='lat' dir='ltr'><strong>ET</strong></span> <span class='ocrx_word' id='word_1_49' title='bbox 2550 3745 2807 3802; x_wconf 88' lang='lat' dir='ltr'><strong>SANCTI</strong></span> <span class='ocrx_word' id='word_1_50' title='bbox 2844 3746 2990 3802; x_wconf 87' lang='lat' dir='ltr'>NILI</span> <span class='ocrx_word' id='word_1_51' title='bbox 3034 3744 3119 3802; x_wconf 81' lang='lat' dir='ltr'><strong>ET</strong></span> <span class='ocrx_word' id='word_1_52' title='bbox 3159 3744 3415 3802; x_wconf 80' lang='lat' dir='ltr'><strong>SANCTI</strong></span> <span class='ocrx_word' id='word_1_53' title='bbox 3449 3744 3726 3801; x_wconf 81' lang='lat' dir='ltr'><strong>MAXIMI</strong></span> 
     </span>
    </p>
   </div>
   <div class='ocr_carea' id='block_1_16' title="bbox 1818 3836 2367 3894">
    <p class='ocr_par' dir='ltr' id='par_1_16' title="bbox 1818 3836 2367 3894">
     <span class='ocr_line' id='line_1_16' title="bbox 1818 3836 2367 3894; baseline 0 -1"><span class='ocrx_word' id='word_1_54' title='bbox 1818 3836 2367 3894; x_wconf 84' lang='lat' dir='ltr'><strong>COMMENTARIIS</strong></span> 
     </span>
    </p>
   </div>
   <div class='ocr_carea' id='block_1_17' title="bbox 456 4260 2069 4342">
    <p class='ocr_par' dir='ltr' id='par_1_17' title="bbox 456 4260 2069 4342">
     <span class='ocr_line' id='line_1_17' title="bbox 456 4260 2069 4342; baseline -0.001 -22"><span class='ocrx_word' id='word_1_55' title='bbox 456 4260 677 4333; x_wconf 75' lang='grc' dir='ltr'>Ἐπιιδή</span> <span class='ocrx_word' id='word_1_56' title='bbox 735 4264 824 4321; x_wconf 73' lang='grc' dir='ltr'>καὶ</span> <span class='ocrx_word' id='word_1_57' title='bbox 882 4266 979 4329; x_wconf 82' lang='grc' dir='ltr'><strong>τὰς</strong></span> <span class='ocrx_word' id='word_1_58' title='bbox 1031 4266 1368 4342; x_wconf 75' lang='grc' dir='ltr'>Ηαροιμίας,</span> <span class='ocrx_word' id='word_1_59' title='bbox 1412 4264 1502 4320; x_wconf 68' lang='grc' dir='ltr'><strong>καὶ</strong></span> <span class='ocrx_word' id='word_1_60' title='bbox 1557 4266 1648 4319; x_wconf 85' lang='grc' dir='ltr'><strong>τὸν</strong></span> <span class='ocrx_word' id='word_1_61' title='bbox 1709 4264 2069 4336; x_wconf 42' lang='grc' dir='ltr'>Ἐκκλησιαη</span> 
     </span>
    </p>
   </div>
   <div class='ocr_carea' id='block_1_18' title="bbox 2184 4260 3797 4342">
    <p class='ocr_par' dir='ltr' id='par_1_18' title="bbox 2222 4263 3797 4334">
     <span class='ocr_line' id='line_1_18' title="bbox 2222 4263 3797 4334; baseline -0.001 -12"><span class='ocrx_word' id='word_1_62' title='bbox 2222 4267 2463 4334; x_wconf 82' lang='lat' dir='ltr'><strong>Qoniam</strong></span> <span class='ocrx_word' id='word_1_63' title='bbox 2496 4270 2555 4323; x_wconf 84' lang='lat' dir='ltr'><strong>et</strong></span> <span class='ocrx_word' id='word_1_64' title='bbox 2582 4264 2893 4321; x_wconf 81' lang='lat' dir='ltr'><strong>Proverbia</strong></span> <span class='ocrx_word' id='word_1_65' title='bbox 2923 4268 2979 4320; x_wconf 88' lang='lat' dir='ltr'><strong>et</strong></span> <span class='ocrx_word' id='word_1_66' title='bbox 3010 4263 3398 4320; x_wconf 78' lang='lat' dir='ltr'><strong>Ecclesiasten</strong></span> <span class='ocrx_word' id='word_1_67' title='bbox 3431 4263 3645 4321; x_wconf 83' lang='lat' dir='ltr'><strong>cecinit</strong></span> <span class='ocrx_word' id='word_1_68' title='bbox 3694 4265 3797 4321; x_wconf 86' lang='lat' dir='ltr'><strong>Sa-</strong></span> 
     </span>
    </p>
   </div>
   <div class='ocr_carea' id='block_1_19' title="bbox 382 4343 1995 4431">
    <p class='ocr_par' dir='ltr' id='par_1_19' title="bbox 382 4351 1995 4431">
     <span class='ocr_line' id='line_1_19' title="bbox 382 4351 1995 4431; baseline 0.003 -26"><span class='ocrx_word' id='word_1_69' title='bbox 382 4353 519 4422; x_wconf 80' lang='grc' dir='ltr'>στήν</span> <span class='ocrx_word' id='word_1_70' title='bbox 568 4351 838 4427; x_wconf 84' lang='grc' dir='ltr'>Σολομῶν</span> <span class='ocrx_word' id='word_1_71' title='bbox 890 4353 1041 4429; x_wconf 71' lang='grc' dir='ltr'>ᾖσεν·</span> <span class='ocrx_word' id='word_1_72' title='bbox 1091 4354 1145 4409; x_wconf 83' lang='grc' dir='ltr'>ἐν</span> <span class='ocrx_word' id='word_1_73' title='bbox 1196 4355 1290 4428; x_wconf 76' lang='grc' dir='ltr'><strong>μὲν</strong></span> <span class='ocrx_word' id='word_1_74' title='bbox 1320 4360 1435 4417; x_wconf 85' lang='grc' dir='ltr'>ταῖς</span> <span class='ocrx_word' id='word_1_75' title='bbox 1496 4355 1845 4431; x_wconf 81' lang='grc' dir='ltr'><strong>Παροιμίαις,</strong></span> <span class='ocrx_word' id='word_1_76' title='bbox 1901 4355 1995 4410; x_wconf 79' lang='grc' dir='ltr'><strong>ἀπε</strong></span> 
     </span>
    </p>
   </div>
   <div class='ocr_carea' id='block_1_20' title="bbox 2184 4343 3797 4431">
    <p class='ocr_par' dir='ltr' id='par_1_20' title="bbox 2184 4343 3797 4425">
     <span class='ocr_line' id='line_1_20' title="bbox 2184 4343 3797 4425; baseline -0.001 -14"><span class='ocrx_word' id='word_1_77' title='bbox 2184 4373 2371 4423; x_wconf 79' lang='lat' dir='ltr'><strong>)mon,</strong></span> <span class='ocrx_word' id='word_1_78' title='bbox 2404 4356 2460 4411; x_wconf 93' lang='lat' dir='ltr'><strong>in</strong></span> <span class='ocrx_word' id='word_1_79' title='bbox 2497 4355 2823 4410; x_wconf 83' lang='lat' dir='ltr'><strong>Proverbiis</strong></span> <span class='ocrx_word' id='word_1_80' title='bbox 2854 4354 3092 4425; x_wconf 86' lang='lat' dir='ltr'><strong>quidem</strong></span> <span class='ocrx_word' id='word_1_81' title='bbox 3124 4343 3426 4408; x_wconf 74' lang='lat' dir='ltr'><strong>deter-rens</strong></span> <span class='ocrx_word' id='word_1_82' title='bbox 3461 4370 3494 4408; x_wconf 79' lang='grc' dir='ltr'><strong>ει</strong></span> <span class='ocrx_word' id='word_1_83' title='bbox 3525 4352 3685 4409; x_wconf 85' lang='lat' dir='ltr'><strong>vitiis</strong></span> <span class='ocrx_word' id='word_1_84' title='bbox 3737 4358 3797 4409; x_wconf 88' lang='lat' dir='ltr'><strong>et</strong></span> 
     </span>
    </p>
   </div>
   <div class='ocr_carea' id='block_1_21' title="bbox 378 4440 1991 4518">
    <p class='ocr_par' dir='ltr' id='par_1_21' title="bbox 378 4440 1991 4518">
     <span class='ocr_line' id='line_1_21' title="bbox 378 4440 1991 4518; baseline -0.002 -20"><span class='ocrx_word' id='word_1_85' title='bbox 378 4440 721 4517; x_wconf 77' lang='grc' dir='ltr'><strong>τρεπόμενος</strong></span> <span class='ocrx_word' id='word_1_86' title='bbox 779 4443 873 4516; x_wconf 78' lang='grc' dir='ltr'><strong>μὲν</strong></span> <span class='ocrx_word' id='word_1_87' title='bbox 930 4444 1035 4498; x_wconf 84' lang='grc' dir='ltr'><strong>ἀπὸ</strong></span> <span class='ocrx_word' id='word_1_88' title='bbox 1082 4448 1179 4498; x_wconf 75' lang='grc' dir='ltr'>τοῦ</span> <span class='ocrx_word' id='word_1_89' title='bbox 1226 4448 1434 4498; x_wconf 78' lang='grc' dir='ltr'><strong>κακοῦ·</strong></span> <span class='ocrx_word' id='word_1_90' title='bbox 1481 4445 1922 4518; x_wconf 76' lang='grc' dir='ltr'>προτρεπόμενος</span> <span class='ocrx_word' id='word_1_91' title='bbox 1982 4441 1991 4495; x_wconf 72' lang='grc' dir='ltr'><strong>ἑ</strong></span> 
     </span>
    </p>
   </div>
   <div class='ocr_carea' id='block_1_22' title="bbox 2179 4440 3792 4518">
    <p class='ocr_par' dir='ltr' id='par_1_22' title="bbox 2179 4441 3792 4513">
     <span class='ocr_line' id='line_1_22' title="bbox 2179 4441 3792 4513; baseline -0.001 -14"><span class='ocrx_word' id='word_1_92' title='bbox 2179 4446 2220 4500; x_wconf 90' lang='lat' dir='ltr'><strong>.d</strong></span> <span class='ocrx_word' id='word_1_93' title='bbox 2245 4445 2501 4501; x_wconf 84' lang='lat' dir='ltr'><strong>virtutes</strong></span> <span class='ocrx_word' id='word_1_94' title='bbox 2531 4444 2844 4500; x_wconf 87' lang='lat' dir='ltr'><strong>cohortans</strong></span> <span class='ocrx_word' id='word_1_95' title='bbox 2875 4446 3051 4513; x_wconf 84' lang='lat' dir='ltr'><strong>atque</strong></span> <span class='ocrx_word' id='word_1_96' title='bbox 3083 4441 3381 4496; x_wconf 82' lang='lat' dir='ltr'><strong>moraliter</strong></span> <span class='ocrx_word' id='word_1_97' title='bbox 3423 4442 3746 4496; x_wconf 85' lang='lat' dir='ltr'><strong>instituens</strong></span> <span class='ocrx_word' id='word_1_98' title='bbox 3780 4457 3792 4497; x_wconf 94' lang='lat'><strong>:</strong></span> 
     </span>
    </p>
   </div>
   <div class='ocr_carea' id='block_1_23' title="bbox 384 4528 1997 4608">
    <p class='ocr_par' dir='ltr' id='par_1_23' title="bbox 384 4530 1997 4608">
     <span class='ocr_line' id='line_1_23' title="bbox 384 4530 1997 4608; baseline 0.001 -23"><span class='ocrx_word' id='word_1_99' title='bbox 384 4530 523 4605; x_wconf 83' lang='grc' dir='ltr'>πρὸς</span> <span class='ocrx_word' id='word_1_100' title='bbox 552 4531 644 4586; x_wconf 87' lang='grc' dir='ltr'><strong>τὸν</strong></span> <span class='ocrx_word' id='word_1_101' title='bbox 675 4530 898 4608; x_wconf 71' lang='grc' dir='ltr'>ἀγαθόν,</span> <span class='ocrx_word' id='word_1_102' title='bbox 944 4533 1034 4587; x_wconf 86' lang='grc' dir='ltr'><strong>καὶ</strong></span> <span class='ocrx_word' id='word_1_103' title='bbox 1083 4530 1446 4608; x_wconf 80' lang='grc' dir='ltr'><strong>παιδαγωγῶν</strong></span> <span class='ocrx_word' id='word_1_104' title='bbox 1497 4534 1723 4603; x_wconf 73' lang='grc' dir='ltr'><strong>ἠθικῶς·</strong></span> <span class='ocrx_word' id='word_1_105' title='bbox 1776 4532 1827 4587; x_wconf 74' lang='grc' dir='ltr'>ἒν</span> <span class='ocrx_word' id='word_1_106' title='bbox 1857 4530 1915 4587; x_wconf 75' lang='grc' dir='ltr'><strong>δὲ</strong></span> <span class='ocrx_word' id='word_1_107' title='bbox 1957 4554 1997 4587; x_wconf 77' lang='grc' dir='ltr'><strong>τι</strong></span> 
     </span>
    </p>
   </div>
   <div class='ocr_carea' id='block_1_24' title="bbox 2178 4528 3791 4608">
    <p class='ocr_par' dir='ltr' id='par_1_24' title="bbox 2178 4528 3791 4601">
     <span class='ocr_line' id='line_1_24' title="bbox 2178 4528 3791 4601; baseline -0.002 -12"><span class='ocrx_word' id='word_1_108' title='bbox 2178 4551 2207 4589; x_wconf 89' lang='lat' dir='ltr'><strong>n</strong></span> <span class='ocrx_word' id='word_1_109' title='bbox 2238 4533 2586 4589; x_wconf 81' lang='lat' dir='ltr'><strong>Ecclesiaste</strong></span> <span class='ocrx_word' id='word_1_110' title='bbox 2618 4535 2812 4588; x_wconf 86' lang='lat' dir='ltr'><strong>autem</strong></span> <span class='ocrx_word' id='word_1_111' title='bbox 2845 4530 3171 4598; x_wconf 80' lang='lat' dir='ltr'><strong>declarans,</strong></span> <span class='ocrx_word' id='word_1_112' title='bbox 3198 4546 3392 4585; x_wconf 83' lang='lat' dir='ltr'><strong>rerum</strong></span> <span class='ocrx_word' id='word_1_113' title='bbox 3413 4528 3791 4601; x_wconf 72' lang='lat' dir='ltr'><strong>praesentium</strong></span> 
     </span>
    </p>
   </div>
   <div class='ocr_carea' id='block_1_25' title="bbox 384 4617 1997 4696">
    <p class='ocr_par' dir='ltr' id='par_1_25' title="bbox 384 4617 1997 4696">
     <span class='ocr_line' id='line_1_25' title="bbox 384 4617 1997 4696; baseline 0 -20"><span class='ocrx_word' id='word_1_114' title='bbox 384 4617 796 4694; x_wconf 75' lang='grc' dir='ltr'><strong>Ἐκκλησιαστῇ</strong></span> <span class='ocrx_word' id='word_1_115' title='bbox 842 4618 1210 4676; x_wconf 77' lang='grc' dir='ltr'><strong>ἀποδεικνύων</strong></span> <span class='ocrx_word' id='word_1_116' title='bbox 1240 4626 1349 4677; x_wconf 81' lang='grc' dir='ltr'><strong>τῶν</strong></span> <span class='ocrx_word' id='word_1_117' title='bbox 1381 4621 1662 4696; x_wconf 86' lang='grc' dir='ltr'><strong>παρόντων</strong></span> <span class='ocrx_word' id='word_1_118' title='bbox 1697 4623 1758 4677; x_wconf 88' lang='grc' dir='ltr'><strong>τὸ</strong></span> <span class='ocrx_word' id='word_1_119' title='bbox 1788 4621 1997 4694; x_wconf 63' lang='grc' dir='ltr'>μάταιοπ</span> 
     </span>
    </p>
   </div>
   <div class='ocr_carea' id='block_1_26' title="bbox 2184 4617 3797 4696">
    <p class='ocr_par' dir='ltr' id='par_1_26' title="bbox 2184 4619 3797 4695">
     <span class='ocr_line' id='line_1_26' title="bbox 2184 4619 3797 4695; baseline -0.002 -17"><span class='ocrx_word' id='word_1_120' title='bbox 2184 4622 2489 4692; x_wconf 82' lang='lat' dir='ltr'><strong>anitatem,</strong></span> <span class='ocrx_word' id='word_1_121' title='bbox 2514 4637 2733 4695; x_wconf 84' lang='lat' dir='ltr'><strong>easque</strong></span> <span class='ocrx_word' id='word_1_122' title='bbox 2753 4619 3162 4692; x_wconf 80' lang='lat' dir='ltr'><strong>despiciendas</strong></span> <span class='ocrx_word' id='word_1_123' title='bbox 3195 4619 3452 4673; x_wconf 82' lang='lat' dir='ltr'><strong>suadens</strong></span> <span class='ocrx_word' id='word_1_124' title='bbox 3470 4633 3536 4672; x_wconf 86' lang='lat' dir='ltr'><strong>ac</strong></span> <span class='ocrx_word' id='word_1_125' title='bbox 3566 4622 3797 4674; x_wconf 83' lang='lat' dir='ltr'><strong>natura-</strong></span> 
     </span>
    </p>
   </div>
   <div class='ocr_carea' id='block_1_27' title="bbox 382 4706 1995 4788">
    <p class='ocr_par' dir='ltr' id='par_1_27' title="bbox 382 4707 1995 4788">
     <span class='ocr_line' id='line_1_27' title="bbox 382 4707 1995 4788; baseline 0.001 -25"><span class='ocrx_word' id='word_1_126' title='bbox 382 4707 477 4763; x_wconf 72' lang='grc' dir='ltr'><strong>καὶ</strong></span> <span class='ocrx_word' id='word_1_127' title='bbox 532 4707 739 4764; x_wconf 68' lang='grc' dir='ltr'>τούτων</span> <span class='ocrx_word' id='word_1_128' title='bbox 801 4709 1004 4764; x_wconf 75' lang='grc' dir='ltr'>πείθων</span> <span class='ocrx_word' id='word_1_129' title='bbox 1072 4711 1425 4788; x_wconf 76' lang='grc' dir='ltr'>ὑπερφρονεῖν</span> <span class='ocrx_word' id='word_1_130' title='bbox 1463 4753 1477 4778; x_wconf 87' lang='grc'><strong><em>,</em></strong></span> <span class='ocrx_word' id='word_1_131' title='bbox 1553 4712 1642 4765; x_wconf 77' lang='grc' dir='ltr'><strong>καὶ</strong></span> <span class='ocrx_word' id='word_1_132' title='bbox 1703 4708 1995 4765; x_wconf 72' lang='grc' dir='ltr'><strong>ὶκπαιδεύα</strong></span> 
     </span>
    </p>
   </div>
   <div class='ocr_carea' id='block_1_28' title="bbox 2181 4706 3794 4788">
    <p class='ocr_par' dir='ltr' id='par_1_28' title="bbox 2181 4706 3794 4783">
     <span class='ocr_line' id='line_1_28' title="bbox 2181 4706 3794 4783; baseline -0.002 -17"><span class='ocrx_word' id='word_1_133' title='bbox 2181 4714 2281 4766; x_wconf 82' lang='lat' dir='ltr'><strong>iter</strong></span> <span class='ocrx_word' id='word_1_134' title='bbox 2310 4712 2526 4767; x_wconf 88' lang='lat' dir='ltr'><strong>docens</strong></span> <span class='ocrx_word' id='word_1_135' title='bbox 2558 4728 2627 4767; x_wconf 87' lang='lat' dir='ltr'><strong>ex</strong></span> <span class='ocrx_word' id='word_1_136' title='bbox 2661 4711 2879 4783; x_wconf 89' lang='lat' dir='ltr'><strong>quibus</strong></span> <span class='ocrx_word' id='word_1_137' title='bbox 2929 4708 3188 4765; x_wconf 83' lang='lat' dir='ltr'><strong>charitas</strong></span> <span class='ocrx_word' id='word_1_138' title='bbox 3221 4708 3280 4762; x_wconf 92' lang='lat' dir='ltr'><strong>in</strong></span> <span class='ocrx_word' id='word_1_139' title='bbox 3312 4707 3496 4763; x_wconf 87' lang='lat' dir='ltr'><strong>Deum</strong></span> <span class='ocrx_word' id='word_1_140' title='bbox 3529 4706 3794 4778; x_wconf 79' lang='lat' dir='ltr'><strong>proficis-</strong></span> 
     </span>
    </p>
   </div>
   <div class='ocr_carea' id='block_1_29' title="bbox 386 4795 1999 4877">
    <p class='ocr_par' dir='ltr' id='par_1_29' title="bbox 386 4797 1999 4877">
     <span class='ocr_line' id='line_1_29' title="bbox 386 4797 1999 4877; baseline 0.001 -26"><span class='ocrx_word' id='word_1_141' title='bbox 386 4798 653 4875; x_wconf 67' lang='grc' dir='ltr'><strong>φυσικῶς,</strong></span> <span class='ocrx_word' id='word_1_142' title='bbox 688 4797 740 4869; x_wconf 66' lang='grc' dir='ltr'><strong>ἐξ</strong></span> <span class='ocrx_word' id='word_1_143' title='bbox 801 4799 873 4853; x_wconf 84' lang='grc' dir='ltr'>ὧν</span> <span class='ocrx_word' id='word_1_144' title='bbox 923 4800 957 4868; x_wconf 82' lang='grc' dir='ltr'>ἡ</span> <span class='ocrx_word' id='word_1_145' title='bbox 990 4800 1126 4874; x_wconf 77' lang='grc' dir='ltr'>πρὸς</span> <span class='ocrx_word' id='word_1_146' title='bbox 1169 4799 1297 4855; x_wconf 87' lang='grc' dir='ltr'><strong>Θεὸν</strong></span> <span class='ocrx_word' id='word_1_147' title='bbox 1347 4800 1531 4872; x_wconf 80' lang='grc' dir='ltr'>ἀγάπη</span> <span class='ocrx_word' id='word_1_148' title='bbox 1581 4798 1884 4877; x_wconf 76' lang='grc' dir='ltr'>ὑφίσταταιο</span> <span class='ocrx_word' id='word_1_149' title='bbox 1946 4802 1999 4853; x_wconf 80' lang='grc' dir='ltr'>οἷ</span> 
     </span>
    </p>
   </div>
   <div class='ocr_carea' id='block_1_30' title="bbox 2184 4795 3797 4877">
    <p class='ocr_par' dir='ltr' id='par_1_30' title="bbox 2184 4795 3797 4871">
     <span class='ocr_line' id='line_1_30' title="bbox 2184 4795 3797 4871; baseline -0.003 -16"><span class='ocrx_word' id='word_1_150' title='bbox 2184 4804 2334 4868; x_wconf 83' lang='lat' dir='ltr'><strong>atur,</strong></span> <span class='ocrx_word' id='word_1_151' title='bbox 2383 4816 2511 4871; x_wconf 68' lang='lat' dir='ltr'><strong>quae</strong></span> <span class='ocrx_word' id='word_1_152' title='bbox 2561 4799 2840 4855; x_wconf 84' lang='lat' dir='ltr'><strong>nimirum</strong></span> <span class='ocrx_word' id='word_1_153' title='bbox 2892 4798 2966 4854; x_wconf 90' lang='lat' dir='ltr'><strong>ab</strong></span> <span class='ocrx_word' id='word_1_154' title='bbox 3009 4812 3076 4853; x_wconf 90' lang='lat' dir='ltr'><strong>eo</strong></span> <span class='ocrx_word' id='word_1_155' title='bbox 3108 4797 3262 4868; x_wconf 90' lang='lat' dir='ltr'><strong>quod</strong></span> <span class='ocrx_word' id='word_1_156' title='bbox 3294 4797 3515 4851; x_wconf 89' lang='lat' dir='ltr'><strong>bonum</strong></span> <span class='ocrx_word' id='word_1_157' title='bbox 3545 4795 3797 4862; x_wconf 84' lang='lat' dir='ltr'><strong>videtur,</strong></span> 
     </span>
    </p>
   </div>
   <div class='ocr_carea' id='block_1_31' title="bbox 378 4883 1991 4964">
    <p class='ocr_par' dir='ltr' id='par_1_31' title="bbox 378 4883 1991 4964">
     <span class='ocr_line' id='line_1_31' title="bbox 378 4883 1991 4964; baseline 0.001 -24"><span class='ocrx_word' id='word_1_158' title='bbox 378 4887 680 4941; x_wconf 68' lang='grc' dir='ltr'>κινούντων</span> <span class='ocrx_word' id='word_1_159' title='bbox 712 4886 849 4961; x_wconf 84' lang='grc' dir='ltr'>πρὸς</span> <span class='ocrx_word' id='word_1_160' title='bbox 877 4887 939 4943; x_wconf 85' lang='grc' dir='ltr'><strong>τὸ</strong></span> <span class='ocrx_word' id='word_1_161' title='bbox 970 4883 1139 4950; x_wconf 78' lang='grc' dir='ltr'>ὅντως</span> <span class='ocrx_word' id='word_1_162' title='bbox 1171 4889 1370 4964; x_wconf 79' lang='grc' dir='ltr'>ἀγαθὸν</span> <span class='ocrx_word' id='word_1_163' title='bbox 1404 4888 1510 4943; x_wconf 81' lang='grc' dir='ltr'><strong>ἀπὸ</strong></span> <span class='ocrx_word' id='word_1_164' title='bbox 1540 4892 1636 4944; x_wconf 76' lang='grc' dir='ltr'><strong>τοῦ</strong></span> <span class='ocrx_word' id='word_1_165' title='bbox 1666 4887 1991 4962; x_wconf 76' lang='grc' dir='ltr'>νομιζομὲνε</span> 
     </span>
    </p>
   </div>
   <div class='ocr_carea' id='block_1_32' title="bbox 2181 4883 3794 4964">
    <p class='ocr_par' dir='ltr' id='par_1_32' title="bbox 2182 4884 3794 4961">
     <span class='ocr_line' id='line_1_32' title="bbox 2182 4884 3794 4961; baseline -0.002 -17"><span class='ocrx_word' id='word_1_166' title='bbox 2182 4890 2298 4944; x_wconf 90' lang='lat' dir='ltr'><strong>did</strong></span> <span class='ocrx_word' id='word_1_167' title='bbox 2332 4889 2489 4961; x_wconf 89' lang='lat' dir='ltr'><strong>quod</strong></span> <span class='ocrx_word' id='word_1_168' title='bbox 2517 4905 2654 4944; x_wconf 88' lang='lat' dir='ltr'><strong>vere</strong></span> <span class='ocrx_word' id='word_1_169' title='bbox 2696 4888 2916 4944; x_wconf 93' lang='lat' dir='ltr'><strong>bonum</strong></span> <span class='ocrx_word' id='word_1_170' title='bbox 2950 4890 3060 4952; x_wconf 82' lang='lat' dir='ltr'><strong>est,</strong></span> <span class='ocrx_word' id='word_1_171' title='bbox 3092 4886 3321 4941; x_wconf 86' lang='lat' dir='ltr'><strong>animos</strong></span> <span class='ocrx_word' id='word_1_172' title='bbox 3356 4886 3588 4941; x_wconf 79' lang='lat' dir='ltr'><strong>nostros</strong></span> <span class='ocrx_word' id='word_1_173' title='bbox 3646 4884 3794 4940; x_wconf 91' lang='lat' dir='ltr'><strong>inci-</strong></span> 
     </span>
    </p>
   </div>
   <div class='ocr_carea' id='block_1_33' title="bbox 379 4973 1992 5049">
    <p class='ocr_par' dir='ltr' id='par_1_33' title="bbox 379 4975 1337 5049">
     <span class='ocr_line' id='line_1_33' title="bbox 379 4975 1337 5049; baseline 0.001 -18"><span class='ocrx_word' id='word_1_174' title='bbox 379 4975 478 5031; x_wconf 85' lang='grc' dir='ltr'><strong>τὸν</strong></span> <span class='ocrx_word' id='word_1_175' title='bbox 507 4975 676 5040; x_wconf 82' lang='grc' dir='ltr'>πόθον</span> <span class='ocrx_word' id='word_1_176' title='bbox 709 4978 896 5049; x_wconf 83' lang='grc' dir='ltr'>ἡμῶν,</span> <span class='ocrx_word' id='word_1_177' title='bbox 924 4976 1016 5032; x_wconf 78' lang='grc' dir='ltr'><strong>καὶ</strong></span> <span class='ocrx_word' id='word_1_178' title='bbox 1054 4976 1121 5032; x_wconf 79' lang='grc' dir='ltr'><strong>τὰ</strong></span> <span class='ocrx_word' id='word_1_179' title='bbox 1150 4976 1337 5033; x_wconf 83' lang='grc' dir='ltr'>λοιπά.</span> 
     </span>
    </p>
   </div>
   <div class='ocr_carea' id='block_1_34' title="bbox 1563 4973 3176 5049">
    <p class='ocr_par' dir='ltr' id='par_1_34' title="bbox 2145 4973 3176 5049">
     <span class='ocr_line' id='line_1_34' title="bbox 2145 4973 3176 5049; baseline -0.002 -16"><span class='ocrx_word' id='word_1_180' title='bbox 2145 4982 2231 5034; x_wconf 88' lang='lat' dir='ltr'><strong>tet</strong></span> <span class='ocrx_word' id='word_1_181' title='bbox 2260 4984 2432 5049; x_wconf 78' lang='lat' dir='ltr'><strong>atque</strong></span> <span class='ocrx_word' id='word_1_182' title='bbox 2463 4976 2811 5047; x_wconf 84' lang='lat' dir='ltr'><strong>inﬂammet,</strong></span> <span class='ocrx_word' id='word_1_183' title='bbox 2844 4980 2900 5032; x_wconf 88' lang='lat' dir='ltr'><strong>et</strong></span> <span class='ocrx_word' id='word_1_184' title='bbox 2929 4973 3176 5047; x_wconf 84' lang='lat' dir='ltr'><strong>reliqua.</strong></span> 
     </span>
    </p>
   </div>
  </div>
