4084 6140
343 346 461 408 539

1668 363 2093 426 MICHAELIS
2139 366 2411 426 PSELLI

3626 368 3740 428 540

1088 654 1783 786 ΕΤΕΡΑ
1956 662 2013 787 Ι

2101 634 3111 791 ΞΗΓΗΣΙΣ

1143 913 1339 1006 ΕΙΣ
1401 914 1563 1010 ΤΟ
1618 915 1960 1011 ΑΣΜΑ
2019 918 2275 1014 ΤΩΝ
2335 918 2942 1014 ΑΣΜΑΤΩΝ

974 1110 1340 1164 ΕΞΗΓΗΘΕΝ
1409 1116 1593 1168 UAPA
1663 1118 1786 1167 ΤΟΥ
1854 1116 2138 1173 ΨΕΛΛΟΥ
2203 1123 2317 1172 AIA
2385 1118 2642 1174 ΣἹῚΧΩΝ
2711 1120 3115 1175 ΠΟΛΙΤΙΚΩΝ.

1112 1449 1621 1573 ALIA
1792 1456 2968 1579 EXPOSITIO

1263 1684 1376 1767 IN
1434 1684 2027 1776 CANTICUM
2085 1687 2842 1776 CANTICORUM

1058 1858 1109 1917 A
1190 1859 1482 1923 PSELLO
1564 1864 1946 1927 VERSIBUS
2032 1866 2413 1929 CIVILIBUS
2497 1866 3020 1930 EXPLICATUM.

416 2145 563 2200 Cum
608 2146 842 2202 animus
899 2152 1037 2205 tuus
1097 2152 1362 2208 discendi
1423 2154 1691 2227 cupidus,
1724 2173 1755 2212 ο
1787 2157 1987 2213 diade-
2017 2160 2072 2225 Α

345 2237 501 2287 mate
560 2235 861 2305 redimite,
923 2254 989 2294 eo
1049 2240 1338 2297 desiderio
1393 2247 1678 2312 teneatur,
1729 2246 1989 2302 cantico-

347 2337 479 2376 rum
536 2324 839 2380 Canticum
871 2344 1018 2382 nova
1048 2332 1104 2384 et
1136 2331 1295 2387 varia
1343 2332 1770 2404 explanationis
1811 2340 1990 2407 atque

345 2410 741 2483 intelligentia
797 2415 1021 2472 ratione
1076 2419 1424 2490 declaretur,
1483 2439 1555 2478 en
1612 2422 1893 2480 voluntati
1924 2442 1989 2480 ao

344 2500 539 2556 studio
599 2507 699 2557 tuo
753 2505 1156 2577 obsequimur,
1217 2509 1572 2581 imperator;
1629 2517 1805 2586 atque
1873 2514 1988 2570 Do-

346 2588 490 2643 mini
541 2591 950 2650 universorum
1002 2596 1219 2652 auxilio
1269 2599 1419 2666 freti,
1472 2606 1654 2656 totam
1723 2602 1989 2658 Cantico-

342 2694 473 2732 rum
534 2680 955 2750 expositionem
1009 2685 1267 2757 simplici
1325 2697 1377 2743 el
1444 2689 1670 2761 vulgari
1729 2691 1990 2747 oratione

344 2766 749 2823 concinnatam
809 2772 1129 2830 aﬂerimus.
1183 2776 1667 2847 Sapientissimus
1717 2779 1813 2835 ille
1851 2798 1986 2852 pro-

344 2854 517 2923 pheta
574 2857 871 2927 Salomon,
932 2861 1172 2919 Davidis
1231 2864 1384 2921 ﬁlius
1451 2883 1518 2921 ex
1565 2884 1633 2923 ea
1692 2885 1817 2940 qua:
1879 2870 1989 2924 fuit

344 2941 527 3011 Uriae,
586 2946 699 3000 tria
756 2949 1023 3018 quaedam
1074 2952 1133 3006 in
1190 2953 1309 3008 vita
1366 2956 1666 3012 volumina
1727 2958 1985 3013 conscri-

346 3029 483 3099 psit.
532 3029 722 3087 Unum
776 3036 1093 3105 prudenter
1142 3041 1214 3094 ab
1257 3043 1532 3099 omnibus
1562 3047 1988 3102 Proverbiorum

353 3119 590 3174 nomine
651 3130 1045 3194 nuncupatur,
1108 3129 1259 3199 quod
1320 3146 1551 3188 morum
1596 3134 1855 3191 continet
1901 3136 1987 3190 di-

346 3203 677 3279 sciplinam,
710 3212 1215 3280 perturbationum
1272 3218 1450 3274 animi
1492 3223 1984 3293 emendationem,

345 3299 617 3367 recteque
673 3299 902 3355 vivendi
953 3303 1236 3360 rationem
1299 3324 1366 3362 ac
1415 3308 1613 3365 divina
1650 3318 1984 3385 praecepta:

343 3381 584 3440 alterum
655 3390 1005 3447 Ecclesiastes
1063 3395 1135 3450 ab
1215 3396 1551 3454 hominibus
1622 3381 1984 3474 appellatur,

345 3474 499 3541 quod
575 3476 703 3529 vitae
781 3479 1088 3548 praesentis
1163 3484 1350 3555 aperit
1422 3489 1736 3545 vanitatem

344 3562 538 3627 tium,
614 3565 887 3635 domine,
984 3572 1136 3639 quod
1230 3575 1598 3632 continenter
1680 3580 1985 3653 sequitur,

344 3655 433 3703 est
492 3652 686 3722 ipsum
763 3657 1050 3713 Canticum
1121 3665 1483 3733 canticorum,
1540 3668 1693 3737 quod
1750 3652 1989 3741 quidem

345 3737 450 3792 tibi
482 3740 779 3813 eleganter
806 3746 1148 3817 admodum,
1181 3756 1237 3806 et
1285 3753 1398 3807 sub
1446 3756 1639 3825 specie
1686 3737 1782 3812 ac_
1804 3759 1991 3832 ﬁgura

345 3829 603 3896 quadam
655 3834 997 3903 nuptiarum
1046 3838 1227 3893 tradit
1274 3838 1545 3898 humanae
1593 3845 1804 3902 animae
1849 3829 1989 3916 per-

344 3915 686 3974 lectionem.
749 3922 1057 3994 Sapienter
1128 3927 1284 3981 enim
1346 3932 1615 4001 proponit
1692 3915 1985 3991 Christum

345 4020 671 4077 sponsum,
748 4028 1084 4083 sponsaque
1151 4015 1397 4083 itidem,
1470 4021 1729 4075 animam
1788 4026 1991 4094 sponsi

346 4108 543 4149 amore
574 4095 951 4168 languentem
983 4106 1158 4172 atque
1190 4103 1634 4179 inﬂammatam,
1665 4115 1723 4165 et
1748 4112 1818 4166 ad
1851 4113 1989 4169 ilius

345 4182 567 4252 gratias
610 4189 668 4239 et
699 4202 937 4243 munera
965 4189 1243 4247 velociter
1273 4195 1691 4265 pervolantem.
1723 4200 1992 4259 Continet

348 4268 525 4326 etiam
584 4273 739 4329 dicta
784 4278 1051 4347 quaedam
1111 4280 1379 4337 Ecclesiae
1434 4288 1834 4358 congruentia.
1880 4292 1989 4347 Sed

338 4358 490 4428 jam,
549 4362 865 4432 adjuvante
920 4366 1035 4422 Deo
1080 4370 1253 4425 verba
1299 4371 1654 4445 incipiamus
1704 4377 1990 4450 interpre-

348 4447 480 4505 tari.

755 4652 837 4706 Ex
866 4652 1042 4708 tribus
1070 4656 1278 4709 sanctis
1308 4657 1584 4713 Patribus.

417 4755 455 4807 A
480 4754 789 4812 Salomone
810 4757 1161 4830 inscriptum
1186 4766 1275 4817 est
1295 4762 1653 4820 canticorum
1694 4768 1992 4826 Canticum

2175 2154 2500 2232 Ἐπειδήπερ
2532 2158 2593 2213 τὸ
2623 2156 2928 2235 φιλομαθὲς
2952 2159 3013 2213 τὸ
3046 2159 3159 2231 σὸν,
3194 2158 3239 2212 ὧ
3270 2155 3599 2235 στεφηφόρε,

2098 2246 2528 2318 Ἐρμηνευθῆναι
2558 2247 2808 2323 γλίχεται
2838 2250 2936 2317 τὴν
2971 2248 3123 2318 ξὲνην
3154 2247 3243 2301 καὶ
3274 2244 3535 2317 ποικίλην

2099 2338 2210 2391 Τοῦ
2238 2340 2346 2403 τῶν
2380 2335 2635 2409 ᾀσμάτων
2668 2338 2946 2411 ’ᾼσματος
2974 2336 3236 2411 ἐξήγησιν
3268 2336 3358 2391 καὶ
3388 2339 3604 2412 γνῶσιν,

2100 2422 2241 2479 Ἰδού
2270 2445 2365 2479 σου
2393 2430 2474 2497 τῷ
2506 2426 2829 2499 θεσπίσματι
2860 2424 3188 2494 πεισθέντες,
3215 2424 3589 2501 αὐτοκράτωρ,

2100 2513 2201 2569 Καὶ
2253 2514 2349 2575 τὰς
2405 2512 2628 2577 ἐλπίδας
2688 2514 2901 2589 θέμενοι
2957 2518 3093 2589 πρὸς
3150 2515 3239 2569 τὸν
3297 2513 3571 2578 Δεσπότην
3605 2510 3727 2567 triv-

3518 2604 3661 2675 [των,

2100 2687 2382 2762 Δηλοῦμες
2413 2692 2510 2760 τὴν
2544 2692 2795 2767 ἐξήγησιν
2828 2693 3000 2746 πᾶσάν
3034 2713 3117 2746 σοι
3147 2696 3255 2746 τῶν
3286 2690 3596 2764 ’ᾼσμάτων,

2098 2778 2184 2833 Ἐν
2218 2778 2613 2855 ἁπλουστέραις
2640 2779 2840 2851 λέξεσιν
2874 2782 2961 2835 καὶ
2997 2782 3517 2853 κατημαξευμέναις.

2096 2867 2157 2923 Ὁ
2183 2866 2282 2943 γὰρ
2314 2870 2601 2946 προφήτης
2638 2868 2929 2943 Σολομῶν,
2966 2872 2993 2924 ὁ
3024 2891 3294 2947 πανσοφος
3325 2868 3557 2940 ἐκεῖνος,

2097 2956 2153 3020 “ο
2185 2962 2311 3020 παῖς
2334 2976 2622 3032 τυγχάνων
2655 2962 2752 3012 τοῦ
2801 2952 2989 3026 Δαϐὶδ,
3020 2956 3147 3013 ἀλλ’
3205 2957 3264 3012 ἐκ
3320 2965 3424 3027 τῆς
3488 2960 3583 3010 τοῦ
3628 2954 3726 3011 Οὐ-

3509 3044 3665 3118 [ρίου,

2095 3140 2249 3209 Τρεῖς
2280 3134 2650 3209 συνεγράψατό
2679 3156 2825 3197 τινας
2857 3135 2908 3190 ἐν
2946 3134 3049 3211 βίῳ
3077 3135 3476 3210 πραγματείας·

2096 3225 2159 3280 Ἡ
2195 3224 2289 3296 μὲν
2320 3221 2564 3277 καλεῖται
2595 3228 2870 3299 νουνεχῶς
2902 3230 3019 3286 τοῖς
3058 3230 3188 3278 πᾶσι
3214 3223 3534 3299 Παροιμίαι,

2095 3316 2341 3387 Ἔχουσα
2370 3310 2642 3366 παίδευσιν
2695 3314 2866 3382 ἠθῶν,
2898 3316 3080 3367 παθῶν
3117 3312 3539 3387 ἐπανορθώσεις,

2100 3403 2202 3457 Καὶ
2231 3405 2339 3455 τῶν
2372 3400 2651 3474 πρακτέων
2687 3406 2929 3476 συνεχῶς
2957 3402 3046 3456 καὶ
3079 3401 3224 3462 Θείας
3257 3402 3560 3471 ὑποθήκας.

1791 3506 1805 3547 ι
1867 3496 1986 3547 ter-
2019 3527 2066 3591 B
2097 3491 2160 3546 Ἥ
2194 3487 2249 3545 δέ
2278 3510 2395 3551 πως
2430 3488 2871 3591 Ἰἓκκλησιαστὴς
2893 3488 3303 3591 κὲκληταιποῖς
3334 3489 3662 3591 ἐνθρώποις,

2099 3579 2177 3636 Τὸ
2212 3580 2437 3650 μάταιον
2469 3576 2794 3633 διδάσκουσα
2820 3580 2881 3634 τὸ
2910 3584 3006 3634 τοῦ
3036 3579 3303 3653 παρόντος
3341 3580 3465 3655 βίου

2098 3669 2160 3724 Ἦ
2194 3664 2251 3722 δέ
2279 3689 2338 3743 γε
2363 3668 2518 3742 τρίτη
2553 3673 2796 3743 συνεχῶς
2827 3667 3032 3723 ἐκείνου
3062 3668 3414 3744 πραγματεία

2102 3756 2268 3827 (Αὕτη
2302 3756 2586 3831 τυγχάνει,
2620 3755 2877 3828 δέσποτα,
2906 3758 2968 3811 τὸ
2993 3763 3179 3830 ’ᾼσμα
3208 3761 3315 3811 τῶν
3350 3755 3645 3829 ᾀσμάτων),

2099 3846 2206 3901 Τὸν
2234 3845 2435 3919 τρόπον
2464 3844 2782 3921 καταγγελεῖ
2810 3868 2894 3900 σοι
2923 3844 3375 3921 ποικιλοτρόπως
3400 3844 3529 3920 ἄγαν

2100 3936 2215 4002 Τῆς
2244 3935 2577 3996 τελειώσεως
2608 3935 2773 4003 αὐτῆς
2814 3938 3005 4009 ψυχῶν
3033 3939 3140 3988 τῶν
3173 3933 3548 4009 ἀνθρωπίνων,

2098 4020 2257 4076 Ἀλλ’
2288 4021 2360 4083 ὡς
2389 4021 2441 4076 ἐν
2476 4022 2723 4096 σχήματί
2750 4044 2854 4076 τινι
2886 4020 3483 4098 σεμνονυμιροστολίας.

2101 4115 2295 4187 Σοφῶς
2319 4112 2418 4185 γὰρ
2449 4110 2737 4181 ὑποτίθησι
2769 4112 2857 4165 τὸν
2897 4112 2989 4184 μὲν
3024 4113 3254 4187 Χριστὸν
3285 4108 3544 4185 νυμφίον,

2098 4199 2335 4277 Νύμφην
2369 4197 2426 4253 δὲ
2456 4198 2619 4254 πάλιν
2650 4202 2749 4268 τὴν
2779 4202 2965 4275 ψυχὴν
2996 4200 3199 4275 ἐρῶσαν
3229 4204 3329 4254 τοῦ
3354 4196 3607 4275 νυμφίου,

2100 4287 2201 4344 Καὶ
2232 4287 2625 4361 πεπυρωμένην
2659 4283 2818 4364 ἔρωτι
2852 4287 3010 4358 δῆθεν
3040 4293 3118 4359 τῷ
3141 4293 3238 4342 τοῦ
3270 4288 3526 4362 νυμφίον,

2099 4376 2203 4434 Καὶ
2234 4378 2369 4452 πρὸς
2388 4376 2591 4432 ἐκείνου
2622 4380 2851 4452 χάριτας
2886 4378 3253 4449 ἀνιπτιμὲνην
3284 4379 3450 4453 τάχα.

2099 4468 2258 4540 Ἔχει
2292 4463 2349 4520 δὲ
2380 4467 2598 4543 φράσεις
2616 4466 2704 4521 καί
2732 4488 2879 4529 τινας
2906 4466 3028 4541 περῖ
3059 4473 3160 4535 τῆς
3191 4464 3533 4536 Ἐκκλησίας.

2100 4551 2255 4611 Ἀλλ’
2283 4555 2648 4630 ἀπαρξώμεθα
2678 4554 2875 4610 λοιπὸν
2910 4554 3002 4609 σύν
3033 4576 3093 4631 γε
3124 4559 3239 4627 Θεῷ
3261 4559 3341 4625 τῷ
3374 4555 3554 4629 Λόγῳ.

2458 4662 2548 4717 Ἐκ
2575 4666 2683 4717 τῶν
2713 4666 2877 4736 τριῶν
2910 4661 3077 4738 ἁγίων
3106 4662 3381 4735 Πατὲρων.

2168 4769 2356 4841 νᾼυνμπι
2404 4767 2657 4841 ᾀσμάτων
2721 4773 2801 4840 τῷ
2869 4766 3163 4841 Σολομῶνι
3216 4766 3622 4843 ἀναγέγραπται,
3662 4756 3718 4812 τὸ

345 4841 405 4896 in
431 4858 545 4914 quo
563 4860 790 4915 sponsae
810 4847 1076 4904 Ecclesiae
1095 4850 1151 4903 in
1175 4850 1466 4907 Christum
1492 4851 1680 4925 ipsius
1704 4873 1989 4927 sponsum

349 4946 512 4957 MM-
544 4936 869 4957 -_.-_m_-_
922 4937 1061 4957 νη-
1113 4955 1173 4957 μ
1224 4946 1235 4957 .
1290 4944 1331 4957 ,κ
1506 4942 1559 4957 ..
1820 4947 1836 4957 .
1910 4948 1921 4957 .

2102 4853 2305 4925 δηλοῦν
2352 4858 2453 4925 τήν
2498 4857 2633 4929 πρὸς
2678 4858 2769 4912 τὸν
2818 4856 3052 4935 νυμφίον
3097 4857 3326 4932 Χριστὸν
3381 4854 3583 4930 ἀγάπην
3628 4854 3717 4915 τῆς

348 4946 512 4985 amor
541 4936 888 4990 ostenditur.
922 4937 1069 4992 Nam
1112 4946 1243 5009 post
1290 4942 1734 5000 Proverbiorum
1768 4947 1839 5002 ad
1869 4948 1986 5003 vir-

346 5022 503 5074 tutes
548 5023 1033 5094 cohortationem,
1068 5033 1126 5082 et
1159 5028 1623 5087 dehortationem
1656 5051 1689 5089 a
1720 5036 1897 5104 vitiis,
1931 5040 1987 5092 et

344 5111 477 5177 post
500 5123 692 5166 rerum
727 5112 1123 5170 humanarum
1148 5122 1323 5187 atque
1362 5119 1697 5177 mortalium
1723 5129 1983 5181 contem-

343 5200 510 5266 ptum
567 5214 737 5268 quem
798 5203 869 5257 ab
926 5204 1270 5259 Ecclesiaste
1320 5205 1622 5277 didicerat,
1670 5213 1828 5267 canit
1876 5214 1985 5285 ipsi

341 5287 566 5353 Sponso
595 5287 826 5344 Christo
858 5293 1120 5362 paciﬁco,
1154 5296 1304 5364 quod
1338 5299 1393 5350 et
1425 5297 1766 5355 nobisaDeo
1797 5301 1985 5359 factus

345 5378 434 5427 est
454 5390 585 5444 pax,
611 5380 666 5430 et
688 5393 790 5448 per
811 5381 1071 5450 seipsum
1099 5399 1206 5437 nos
1233 5384 1385 5438 Patri
1431 5402 1538 5441 suo
1569 5390 1982 5447 reconciliavit.

344 5463 464 5526 Qua
499 5464 737 5533 quidem
770 5466 1053 5524 charitate
1086 5470 1345 5526 ﬁdelium
1390 5473 1699 5531 Ecclesiam
1732 5479 1981 5551 despon-

344 5550 432 5605 dit
455 5550 566 5606 sibi
600 5553 800 5611 divina
835 5557 1059 5614 ratione
1090 5575 1157 5613 ac
1195 5558 1319 5630 lege
1367 5560 1642 5632 spiritali,
1675 5571 1733 5621 et
1762 5550 1983 5624 revela-

346 5641 502 5695 tione
533 5644 949 5715 mysteriorum
992 5663 1119 5717 quae
1171 5648 1240 5703 de
1273 5648 1401 5719 ipso
1436 5651 1651 5708 tradita
1683 5661 1821 5710 sunt
1851 5673 1983 5712 eru-

2098 4945 2316 5020 νύμφης
2364 4943 2527 5000 αὐτοῦ
2570 4943 2917 5014 Ἐκκλησίας·
2969 4946 3043 5007 ὡς
3095 4945 3154 5001 ἐκ
3197 4952 3296 5015 τῆς
3341 4943 3428 5000 διὰ
3618 4943 3717 5037 U1:

2097 5038 2328 5109 ροιμιῶν
2378 5041 2696 5109 προτροπῆς
2742 5035 2833 5088 καὶ
2883 5034 3220 5110 ἀποτροπῆς,
3253 5033 3343 5089 καὶ
3372 5039 3471 5101 τῆς
3501 5028 3585 5084 διὰ
3608 5045 3716 5133 ὀἷον

2095 5123 2527 5192 Ἐκκλησιαστοῦ
2589 5128 2697 5179 τῶν
2757 5121 3101 5194 προσκαίρων
3163 5121 3542 5197 καταγνώσεως
3597 5121 3713 5185 ᾀδο-

2099 5212 2263 5285 μένης
2302 5211 2448 5283 αὐτῷ
2492 5210 2570 5284 τῷ
2618 5213 2836 5289 νυμφίῳ
2884 5214 3102 5286 Χριστῷ
3144 5216 3225 5284 τῷ
3274 5211 3563 5306 εἷρτγνυῗῴζ
3601 5203 3713 5306 “0::

2092 5321 2151 5354 τε
2192 5302 2326 5372 ἡμῖν
2388 5300 2578 5375 εἰρήνη
2622 5301 2726 5355 ἀπὸ
2784 5304 2917 5355 Θεοῦ
2969 5300 3236 5376 γέγονεν,
3307 5298 3393 5353 καὶ
3454 5298 3609 5393 ἡμξὶςΙ
3650 5285 3697 5341 δι

2095 5389 2285 5443 ἑαυτοῦ
2336 5386 2647 5459 κατήλλαξε
2696 5394 2776 5461 τῷ
2825 5387 2949 5461 ἰδίῳ
2979 5389 3170 5463 ΙΙατρί.
3221 5389 3348 5445 Καθ’
3403 5386 3467 5453 ἣν
3523 5382 3716 5456 ἀγάπην

2092 5475 2351 5551 νυμφεύει
2411 5478 2585 5549 ἑαυτῷ
2611 5480 2710 5547 τὴν
2743 5482 2850 5532 τῶν
2904 5482 3110 5531 πιστῶν
3170 5475 3507 5544 Ἐκκλησίαν,
3558 5484 3712 5551 μυστ·

2093 5550 2316 5641 αΥωῨῶν
2377 5566 2547 5635 αὐτὴν
2624 5566 2953 5643 θεολογικῶς
3027 5565 3185 5638 νόμῳ
3261 5562 3597 5655 πνευματικῷ
3662 5550 3707 5655 ξν

2092 5658 2159 5727 τῇ
2205 5653 2545 5728 ἀποκαλύψει
2577 5659 2683 5710 τῶν
2726 5655 2849 5731 περὶ
2882 5654 3049 5709 αὐτοῦ
3092 5651 3416 5729 μυστηρίων,
3472 5647 3534 5715 ἣν
3586 5647 3710 5716 πρό·
