4084 6140
326 358 440 421 541

1377 354 1784 418 COMMENT.
1831 354 1911 416 IN
1958 356 2358 421 CANTICUM
2402 360 2715 423 CANTIC.

3617 356 3742 416 542

322 507 480 563 τερον
537 484 983 559 ἱνυμφοστολησε
1041 482 1131 539 διά
1183 489 1289 538 τῶν
1351 490 1693 560 Παροιμιῶν,
1745 484 1834 540 καὶ
1880 488 1976 539 τοῦ

2106 488 2258 545 liens
2278 490 2462 559 illam,
2487 508 2665 563 quam
2698 490 2863 563 prius
2892 506 2996 561 per
3027 488 3333 545 Proverbia
3361 492 3419 543 et
3445 486 3737 543 Ecclesia-

323 575 765 645 Ἐκκλησιαστοῦ
811 571 1240 648 παιδαγωγήσας
1288 572 1377 627 καὶ
1438 572 1790 635 ἐκπαιδεύσας
1855 576 1976 643 ἠθι-

320 670 434 726 κῶς
492 683 551 717 τε
598 662 690 717 καὶ
750 667 1009 738 φυσικῶς.
1069 664 1130 715 Ἠ
1190 663 1279 715 οὖν
1340 664 1846 735 προμνηστευθεῖσα
1900 667 1979 733 τῷ

329 756 549 828 Χριστῷ
599 750 919 821 Ἐκκλησία,
976 748 1063 804 διά
1112 771 1170 804 τε
1221 755 1319 804 τοῦ
1372 755 1615 825 γραπτοῦ
1662 752 1836 823 νόμου
1891 750 1981 804 καὶ

325 847 423 898 τοῦ
454 844 702 920 φυσικοῦ,
762 839 836 891 ὧν
876 839 970 901 τάς
1030 836 1287 911 δυνάμεις
1342 839 1614 911 Σολομῶν
1665 836 1715 894 ἕν
1757 861 1815 895 τε
1861 845 1980 900 ταῖς

331 930 663 1005 Παροιμίαις
712 928 800 983 καὶ
833 932 911 999 τῷ
961 926 1367 1001 Ἐκκλησιαστῇ
1418 929 1537 999 ᾖσε,
1574 930 1664 983 καὶ
1723 926 1812 983 διὰ
1876 933 1981 982 τῶν

331 1019 386 1075 ἐν
437 1019 580 1093 πασῃ
610 1021 678 1091 τῇ
714 1020 899 1093 Γραφῇ
930 1018 1019 1070 καὶ
1068 1020 1133 1090 τῇ
1168 1020 1340 1071 κτίσει
1392 1012 1686 1089 συμϐόλων
1749 1016 1986 1091 είσαγω-

324 1113 499 1184 γικῶς
554 1104 901 1169 παιδευθεῖσα
940 1105 1068 1166 τοὺς
1121 1105 1246 1180 περὶ
1302 1105 1562 1181 προνοίας
1610 1106 1701 1160 καὶ
1753 1104 1978 1167 κτίσεως

328 1198 547 1273 λόγους’
581 1195 684 1251 κάκ
733 1194 941 1250 τούτων
995 1192 1314 1269 διδαχθεῖσα
1367 1196 1434 1249 τὰ
1483 1196 1618 1270 πρὸς
1666 1196 1837 1263 αὐτὴν
1886 1199 1983 1248 τοῦ

322 1285 557 1358 νυμφίου
608 1283 849 1361 φίλτρα,
905 1282 1161 1358 βούλεται
1220 1281 1420 1337 λοιπὸν
1478 1283 1807 1359 τελεώτερον
1862 1282 1988 1337 τού-

321 1396 451 1436 τους
481 1380 606 1449 παρ’
638 1373 803 1427 αὐτοῦ
850 1377 948 1427 τοῦ
1000 1376 1138 1426 Θεοῦ
1180 1372 1362 1446 Λόγου
1392 1372 1536 1427 κατά
1579 1374 1677 1442 τὴν
1733 1368 1986 1447 ἔνσαρκον

320 1463 522 1519 τούτου
603 1461 919 1534 οἰκονομίαν
994 1461 1151 1534 νόμῳ
1217 1466 1575 1535 πνευματικῷ
1635 1458 1983 1536 διδαχθῆναι,

320 1552 542 1626 ἀμὲσως
582 1549 652 1606 δι’
710 1551 923 1627 ἀγάπης
984 1550 1134 1621 αότῷ
1215 1548 1577 1620 κολληθεῖσα,
1637 1551 1723 1604 καὶ
1776 1553 1991 1622 πνεῦμα

314 1638 374 1696 ’ἐν
432 1640 697 1717 γενομένη
732 1638 783 1694 ἐν
838 1644 918 1710 τῷ
963 1638 1150 1713 νύμφη
1209 1638 1373 1693 αὐτοῦ
1424 1638 1786 1714 χρηματίσαι·
1840 1637 1982 1712 Φέρε

315 1731 503 1787 τοίνυν
535 1728 615 1785 ἐπ’
650 1728 815 1799 αὐτὴν
868 1727 1113 1800 ἔλθωμεν
1160 1726 1360 1783 λοιπὸν
1407 1732 1515 1783 τῶν
1568 1727 1828 1804 ῥημάτων
1888 1730 1992 1796 τὴν

322 1818 620 1897 ἑρμηνείαν
634 1864 647 1877 .

400 1924 705 1997 Φιλησάτω
739 1946 806 1999 με
834 1926 939 1980 ἀπὸ
972 1924 1293 2002 φιλημάτων
1330 1925 1599 1995 στόματος
1628 1924 1816 1979 αὐτοῦ.

907 2018 1024 2069 Τῶν
1058 2014 1103 2089 γ’
1142 2014 1414 2087 Πατὲρων.

404 2108 631 2181 ἽΙγουν,
680 2102 856 2164 Αὺτὸς
906 2100 952 2157 δ’
1000 2104 1189 2157 ἑαυτοῦ
1228 2103 1326 2171 τήν
1377 2104 1498 2178 περὶ
1551 2102 1686 2176 ἐμοῦ
1718 2102 1983 2175 ὑπεράγα-

331 2206 427 2259 θον
461 2194 626 2249 αὐτοῦ
663 2190 869 2269 βουλὴν
900 2189 1165 2264 διδαξάτω
1200 2212 1286 2264 με,
1321 2188 1511 2267 λόγοις
1549 2192 1637 2246 καὶ
1666 2191 1982 2263 τρόποιςήτὸ

330 2288 580 2339 συνοῖσον
614 2279 980 2337 ὑποδεικνύων
1010 2302 1126 2353 μοι.

408 2373 632 2447 Ἀγαθοὶ
662 2372 855 2445 μαστοί
887 2390 983 2425 σου
1012 2370 1146 2446 ὑπὲρ
1179 2370 1345 2438 οἶνον,
1375 2371 1463 2426 καὶ
1498 2370 1642 2443 ὀσμὴ
1671 2369 1852 2446 μύρων
1888 2391 1983 2424 σου

336 2462 470 2536 ὑπὲρ
500 2461 669 2517 πάντα
708 2462 775 2515 τὰ
804 2460 1088 2536 ἀρώματα.

910 2569 1088 2642 Τριῶν
1140 2566 1414 2643 Πατὲρων.

411 2656 667 2722 Μαστοὺς
710 2654 767 2712 δὲ
810 2656 979 2712 πάλιν
1032 2656 1255 2711 ἐνταῦθα
1298 2655 1457 2711 καλεῖ
1510 2657 1573 2710 τὰ
1641 2653 1833 2731 δοχεῖα
1887 2658 1983 2711 τοῦ

335 2747 636 2824 γάλακτος,
694 2746 723 2801 ’ὁ
781 2751 897 2810 τοῖς
945 2745 1185 2801 ἀτελέσιν
1247 2744 1323 2800 ἔτι
1380 2746 1469 2800 καὶ
1500 2744 1717 2815 νηπίοις
1746 2745 1983 2819 προσφε-

340 2858 453 2911 ρειν
507 2833 649 2891 οἶδεν
701 2836 729 2890 ὁ
792 2834 1057 2909 μακάριος
1106 2834 1355 2897 Παῦλος.
1414 2832 1559 2889 Γάλα
1610 2835 1735 2910 γὰρ,
1796 2834 1981 2912 φησὶν,

342 2927 488 2998 ὑμᾶς
554 2924 810 2993 ἐπότισα,
871 2923 931 2978 οῦ
1012 2926 1244 2999 βρῶμα·
1325 2920 1477 2978 οὔπω
1550 2924 1651 2998 γαρ
1710 2921 1982 2979 ἐδύνασθε.

342 3014 422 3071 Οὐ
484 3011 571 3068 διὰ
632 3009 882 3068 τοῦτοδὲ
940 3011 1099 3086 μόνον
1148 3011 1371 3074 εἶ’κότως
1416 3016 1521 3066 τῶν
1572 3016 1783 3085 μαστῶν
1819 3010 1984 3083 ἐμνη-

344 3103 597 3177 μόνευσεν
668 3105 702 3172 ἡ
769 3102 999 3179 νύμφη⁸
1062 3100 1187 3156 ἀλλ’
1258 3098 1445 3169 ἐπειδή
1519 3102 1607 3155 καὶ
1664 3105 1733 3174 τῇ
1790 3098 1987 3175 καρδίᾳ

2019 1861 2066 1926 Β

2090 583 2215 633 sten
2248 580 2547 635 moraliter
2596 590 2653 635 et
2700 578 3047 635 naturaliter
3075 582 3416 634 exornatam
3467 576 3734 631 institue-

2090 672 2201 722 rat.
2253 667 2511 724 Ecclesia
2558 669 2739 739 igitur
2786 667 3015 723 Christo
3067 667 3444 737 desponsata,
3477 680 3604 735 quaa
3636 680 3739 734 per

2090 756 2277 828 legem
2310 764 2437 812 tum
2470 759 2749 830 scriptam
2777 762 2903 812 tum
2934 754 3556 825 naturalem,quarum
3588 753 3741 807 vires

2092 846 2152 899 in
2194 846 2522 902 Proverbiis
2561 853 2616 902 et
2658 846 3005 903 Ecclesiaste
3036 846 3311 900 Salomon
3346 846 3741 915 expresserat,

2095 950 2312 1006 perque
2345 936 2528 991 totius
2567 937 2870 1006 scripturae
2915 938 2971 989 et
3020 938 3301 989 creaturae
3353 937 3540 996 notas,
3572 930 3742 1001 quasi

2096 1023 2362 1079 tirocinio
2405 1029 2463 1080 et
2503 1024 2855 1080 rudimentis
2886 1023 3221 1095 quibusdan
3254 1038 3323 1077 ea
3352 1020 3581 1085 didicit,
3611 1034 3738 1090 quae

2096 1114 2167 1167 ad
2204 1114 2626 1184 providentiam
2658 1118 2710 1169 et
2743 1113 3095 1169 creationem
3122 1110 3434 1182 pertinent,
3471 1114 3646 1179 atque
3673 1124 3743 1162 ex

2098 1202 2171 1258 iis
2203 1202 2603 1258 incredibilem
2634 1203 2833 1274 sponsi
2864 1218 3001 1273 erga
3031 1218 3093 1256 se
3125 1216 3386 1255 amorem
3419 1196 3738 1265 intellexit;

2097 1291 2223 1345 vult
2250 1291 2494 1363 insuper
2524 1292 2891 1364 utperfectus
2915 1291 3035 1345 hinc
3061 1290 3132 1345 ab
3156 1286 3606 1361 ipsoDeiVerbo
3627 1302 3731 1357 per

2099 1380 2276 1451 hujus
2310 1381 2364 1435 in
2401 1398 2572 1437 carne
2602 1379 3101 1452 dispensationem
3136 1376 3386 1449 spiritali
3414 1376 3543 1447 lege
3573 1375 3745 1430 doce-

2099 1474 2252 1533 atur,
2283 1469 2411 1524 sine
2436 1468 2552 1524 ullo
2586 1470 2775 1525 medio
2809 1486 2909 1540 per
2958 1468 3302 1523 charitatem
3334 1465 3449 1537 ipsi
3498 1464 3745 1533 conjun-

2099 1563 2208 1625 cta,
2244 1575 2518 1630 unusque
2551 1558 2703 1614 facta
2734 1558 2978 1629 spiritus
3013 1573 3113 1627 per
3142 1556 3273 1625 hoc,
3323 1553 3475 1626 quod
3528 1569 3746 1624 sponsa

2084 1646 2227 1715 ejus
2252 1651 2508 1701 vocetur.
2540 1650 2657 1719 Age
2688 1647 2870 1718 igitur
2899 1647 2970 1702 ad
3001 1646 3194 1717 ipsam
3224 1660 3396 1715 porro
3438 1642 3746 1698 veniamus

2100 1734 2410 1792 verborum
2438 1735 3005 1808 interpretationem.

2168 1932 2450 1989 Osculetur
2470 1949 2560 1989 me
2589 1933 2791 1990 osculis
2819 1933 2935 1988 oris
2966 1932 3074 1986 sui.

2620 2024 2704 2077 Ex
2728 2023 2901 2077 tribus
2930 2021 3215 2076 Patribus.

2166 2114 2281 2166 Hoc
2310 2115 2401 2167 est
2432 2128 2444 2165 :
2484 2112 2611 2182 Ipse
2641 2127 2745 2182 per
2776 2128 2838 2167 se
2868 2110 3156 2182 optimam
3175 2124 3346 2164 suam
3368 2123 3504 2179 erga
3535 2124 3627 2163 me
3649 2124 3742 2163 vo-

2094 2200 2380 2255 luntatem
2439 2200 2662 2269 doceat,
2720 2199 3053 2270 verbisque,
3077 2203 3134 2254 et
3181 2197 3534 2268 rationibus,
3603 2196 3744 2268 quid

2093 2290 2389 2361 expediat,
2418 2289 2712 2344 ostendat.

2164 2378 2385 2433 Meliora
2414 2384 2545 2432 sunt
2572 2378 2749 2432 ubera
2777 2383 2877 2431 tua
2906 2378 3059 2447 vino,
3089 2385 3140 2431 et
3168 2375 3299 2431 odor
3329 2376 3739 2445 unguentorum

2094 2472 2319 2524 tuorum
2347 2484 2515 2539 super
2542 2468 2732 2522 omm'a
2760 2472 3040 2522 aromata.

2678 2575 2876 2631 Trium
2908 2578 3159 2628 Patrum.

2164 2664 2353 2720 Ubera
2376 2680 2610 2719 rursum
2637 2663 2728 2718 hic
2751 2666 2917 2717 vocat
2936 2661 3105 2717 lactis
3137 2659 3501 2733 receptacula
3534 2677 3545 2715 :
3582 2658 3738 2730 quod

2093 2752 2455 2825 imperfectis
2484 2750 2675 2806 adhuc
2696 2754 2753 2804 et
2784 2749 3104 2804 infantibus
3124 2749 3377 2819 praebere
3409 2746 3569 2801 novit
3597 2746 3737 2801 bea-

2092 2848 2190 2898 tus
2216 2841 2429 2897 Paulus
2458 2858 2470 2895 :
2508 2841 2611 2895 Lac
2642 2839 2807 2906 vobis,
2869 2837 3167 2909 inquiens,
3208 2846 3403 2909 potum
3448 2834 3592 2903 dedi,
3620 2850 3733 2889 non

2093 2932 2276 2987 cibum
2308 2948 2322 2985 :
2354 2930 2599 2985 nondum
2637 2930 2784 2984 enim
2830 2928 3161 2999 poteratis‘.
3219 2925 3420 2995 Neque
3449 2940 3582 2979 vero
3623 2923 3731 2978 hac

2096 3021 2289 3076 solum
2323 3020 2393 3074 de
2424 3036 2606 3073 causa
2639 3020 2885 3073 uberum
2919 3032 3136 3086 sponsa
3182 3014 3540 3070 mentionem
3582 3013 3739 3081 fecit,

2097 3111 2199 3166 sed
2258 3109 2432 3163 etiam
2499 3107 2636 3176 quia
2696 3106 3027 3177 propinqua
3084 3108 3220 3159 sunt
3270 3102 3455 3171 cordi,
3516 3101 3575 3155 in
3630 3118 3743 3171 quo

334 3191 756 3262 πλησιάζουσιν,
816 3192 867 3245 ἐν
996 3190 1059 3245 τὸ
1117 3190 1451 3264 ἡγεμονικὸν
1509 3186 1741 3265 ἵδρυται,
1804 3190 1892 3266 ἀφ’
1923 3187 1985 3242 οὗ

503 3282 513 3293 ,
772 3281 785 3293 .
879 3286 906 3293 -
996 3276 1020 3293 Α
1054 3276 1077 3293 ρ.
1225 3279 1278 3293 ,ι
1598 3278 1609 3293 .
1719 3284 1746 3293 Α
1888 3279 1936 3293 ι..

2106 3198 2392 3269 praecipua
2424 3194 2635 3250 mentis
2677 3201 2765 3249 est
2813 3194 3003 3260 sedes,
3034 3193 3187 3247 unde
3236 3190 3510 3246 doctrina:
3556 3191 3746 3244 fontes

337 3282 669 3356 προχέονται
739 3281 791 3334 οἱ
839 3286 939 3349 τῆς
993 3276 1343 3341 διδασκαλίας
1394 3278 1609 3350 κρουνοί
1640 3320 1653 3333 .
1713 3279 1985 3350 Θαυμάζει

339 3370 523 3426 τοίνυν
577 3374 672 3425 τοῦ
729 3369 971 3445 νυμφίου
1028 3367 1156 3431 τοὺς
1220 3368 1475 3441 μαστοὺς⁹
1533 3368 1607 3429 ὡς
1636 3372 1744 3421 τῶν
1773 3366 1988 3441 ἀγαθῶν

337 3460 720 3534 τυγχάνοντασ
749 3457 1037 3532 κρουνοὺς,
1095 3458 1181 3511 καὶ
1252 3456 1581 3535 προσφόρους
1632 3456 1757 3518 τούς
1813 3476 1871 3510 τε
1899 3478 1994 3526 νη-

337 3549 500 3610 πίους
552 3546 629 3603 ἔτι
656 3546 789 3609 τούς
846 3567 905 3601 τε
959 3544 1201 3610 τελείους
1241 3543 1640 3623 διατρέφονταςο
1698 3544 1785 3601 καὶ
1846 3543 1989 3621 λέγει

337 3636 537 3700 αὐτοὺς
592 3635 823 3709 ἀγαθοὺς
898 3635 1028 3708 ὑπὲρ
1090 3635 1275 3700 οἶνον,
1333 3635 1391 3696 ’ὸς
1450 3634 1720 3713 εὐφραίνει
1766 3632 1988 3707 καρδίαν

338 3726 656 3802 ἀνθρώπου,
705 3725 839 3779 κατά
886 3725 985 3792 τὴν
1040 3724 1181 3787 θείαν
1232 3726 1489 3802 Γραφήν.
1545 3728 1828 3799 Τροπικῶς
1887 3723 1989 3798 γὰρ

338 3816 432 3871 τὸν
490 3816 634 3869 οἷκον
700 3813 1029 3891 εὐφροσύνην
1090 3812 1391 3885 ὠνόμασεν,
1434 3810 1600 3883 δεῖξαι
1654 3811 1992 3888 βουλόμενος

342 3904 429 3959 ὅτι
481 3905 660 3974 πάσης
692 3904 831 3975 ὁμοῦ
889 3909 988 3971 τῆς
1045 3901 1095 3957 ἐν
1147 3903 1452 3975 ἀνθρώποις
1510 3901 1841 3979 εὐφροσύνης
1877 3900 1991 3973 μεί-

342 3999 449 4065 ζων
482 3995 517 4063 ἠ
566 3993 712 4068 παρά
757 3996 863 4046 τῶν
919 3990 1081 4046 αὐτοῦ
1121 3989 1338 4062 δωρεῶν
1372 3991 1689 4066 ἐγγινομένη
1742 3987 1993 4064 θυμηγδα

348 4088 468 4137 τοῖς
520 4076 817 4138 εὐσεϐὲσιν.
876 4081 942 4137 Εἴ
988 4078 1045 4135 δὲ
1078 4079 1265 4155 βούλει
1324 4080 1411 4134 καὶ
1475 4083 1747 4152 μυστικῶς
1803 4082 1991 4147 νοῆσαι

339 4178 443 4242 τῆς
499 4172 719 4249 νύμφης
777 4170 843 4224 τὰ
901 4169 1159 4244 ῥήματα,
1224 4168 1421 4236 νόησον
1479 4174 1606 4230 τοὺς
1667 4169 1797 4242 ὑπὲρ
1854 4169 1992 4222 οἶνον

346 4259 801 4332 θαυμαζομένους
852 4257 1270 4331 μαστοὺς,τοί›ς
1321 4257 1593 4333 ἀρρήτους
1632 4262 1729 4311 τοῦ
1773 4259 1990 4311 θυσιασ-

340 4348 540 4423 τηρίου
589 4345 873 4419 κρουνοὺς,
926 4344 995 4401 δι’
1056 4344 1129 4399 ὧν
1180 4347 1408 4407 ἅπαντες
1457 4346 1508 4399 οἱ
1563 4352 1663 4414 τῆς
1720 4341 1993 4408 εὐσεϐείας

349 4436 663 4515 τρεφόμεθα
717 4436 977 4512 τρόφιμοι
1014 4478 1027 4491 .
1106 4435 1237 4491 Εἶτα
1300 4434 1399 4502 τὴν
1455 4434 1629 4489 αἰτίαν
1690 4436 1836 4509 Λὲγει
1898 4440 1993 4489 τοῦ

352 4525 573 4583 πολλοῦ
604 4525 795 4595 πόθου,
846 4526 1065 4590 καὶτῆς
1114 4525 1251 4599 πρὸς
1284 4524 1444 4578 αὐτὸν
1479 4524 1693 4599 ἀγάπης
1744 4528 1853 4578 τῶν
1918 4525 1993 4596 μὴ

348 4619 689 4687 ἡττηθεισῶν
761 4617 829 4687 τῇ
898 4618 1005 4667 τῶν
1080 4613 1428 4688 προσκαίρων
1498 4612 1682 4686 σχέσει
1757 4616 1991 4687 ψυχῶν,
2029 4586 2073 4649 D

346 4705 648 4780 φάσκουσα,
701 4702 784 4757 ὅτι
846 4702 1072 4775 Ἀγαθοὶ
1127 4701 1319 4773 μαστοί
1366 4722 1459 4754 σου
1505 4701 1637 4775 ὑπὲρ
1684 4702 1849 4769 οἶνον,
1906 4701 1996 4755 καὶ

345 4794 494 4865 ὀσμή
531 4792 716 4865 μύρων
753 4811 849 4844 σου
882 4790 1014 4864 ὑπὲρ
1044 4789 1217 4843 πάντα
1244 4789 1310 4843 τὰ
1339 4787 1623 4863 ἀρώματα.

416 4881 600 4957 Μόρον
651 4879 940 4943 ἐκκενωθὶν
993 4874 1166 4951 ὄνομά
1216 4896 1353 4932 σουο
1403 4875 1494 4932 διὰ
1549 4882 1709 4932 τοῦτο
1762 4876 1992 4940 νεάνιδες

340 4971 634 5046 ἠγάπησαν
670 4990 747 5025 σε.

420 5056 609 5117 Εἷτουν
664 5055 885 5131 Ἀγαθαί
923 5055 1056 5111 εἰσιν
1087 5057 1121 5124 ἠ
1156 5054 1312 5133 φύσις
1340 5056 1447 5110 τῶν
1489 5054 1633 5110 ὅλων
1668 5057 1753 5109 καὶ
1789 5058 1822 5125 ἡ
1858 5061 1993 5131 Γρα-

344 5150 445 5228 φὴ,
515 5142 928 5221 λαμϐανόμεναι
981 5146 1055 5205 ὠς
1101 5151 1200 5213 τῆς
1252 5142 1506 5214 ἀληθείας
1568 5139 1841 5217 σύμϐολα,
1902 5145 1991 5200 καὶ

344 5241 438 5294 οἷα
472 5238 565 5310 μὶν
622 5234 782 5309 μαζοί
832 5255 925 5289 σου
956 5237 1301 5309 χορηγοῦσαι
1350 5235 1483 5305 ἡμῖν
1550 5232 1732 5303 ἁπλῆν
1759 5234 1991 5311 τροφὴν,

340 5328 442 5395 τὴν
485 5333 584 5397 τῆς
631 5324 707 5387 εἰς
739 5325 795 5378 σὲ
842 5323 1098 5390 πίστεως,
1132 5324 1219 5376 οἷα
1251 5320 1307 5377 δὲ
1336 5343 1424 5377 τισ
1468 5322 1613 5394 ὀσμὴ
1660 5322 1847 5395 μύρων
1894 5344 1990 5377 σου

345 5415 649 5490 μηνόουσαι
698 5414 765 5468 τα
812 5416 1188 5485 πνευματικῶς
1230 5414 1379 5482 ἡμᾶς
1429 5409 1791 5480 εὐωδιάζοντα
1850 5433 1989 5467 παν-

339 5507 514 5583 ἀγαθά
562 5525 656 5559 σου
714 5502 1037 5575 θελήματα,
1106 5502 1221 5556 καθ’
1272 5498 1303 5554 ἃ
1346 5502 1412 5555 τὰ
1462 5500 1634 5556 πάντα
1683 5502 1985 5577 γεγόνασιν.

418 5689 436 5723 ¹
473 5682 651 5740 lCor.
684 5697 774 5750 ιιι,
804 5680 858 5736 2.

2101 3290 2399 3341 emanant.
2431 3283 2645 3354 Sponsi
2680 3283 2861 3354 igitur
2891 3282 3073 3335 ubera
3104 3280 3188 3335 uti
3238 3279 3522 3334 bonorum
3558 3278 3751 3332 fontes

2101 3374 2447 3442 admiratur,
2503 3389 2571 3427 ex
2643 3371 2859 3442 quibus
2915 3369 3219 3425 commode
3295 3372 3422 3422 tum
3496 3366 3752 3421 infantes

2101 3464 2314 3530 adhuc,
2347 3468 2472 3516 tum
2504 3460 2681 3516 etiam
2714 3458 2956 3531 perfecti
2986 3457 3348 3512 nutriuntur.
3382 3457 3580 3527 anue
3604 3454 3747 3509 dicit

2102 3569 2230 3609 esse
2260 3551 2491 3606 meliora
2522 3551 2668 3615 vino,
2701 3548 2879 3619 quod,
2912 3546 3117 3601 divinae
3142 3546 3449 3617 Scriptura:
3480 3544 3751 3600 testimo-

2102 3643 2197 3697 nio
2229 3658 2328 3695 eor
2356 3639 2616 3695 hominis
2675 3636 2984 3693 exhilarat.
3030 3636 3295 3707 Figurate
3344 3634 3500 3689 enim
3546 3634 3750 3687 vinum

2099 3729 2358 3785 laetitiam
2393 3726 2724 3799 appellavit,
2760 3730 2823 3780 ut
2852 3724 3081 3780 cunctis
3114 3723 3389 3778 humanis
3435 3722 3752 3792 voluptati-

2100 3820 2212 3874 bus
2272 3824 2553 3889 praastare
2601 3814 2929 3870 declararet
2985 3811 3246 3867 laetitiam
3292 3812 3476 3880 illum,
3510 3828 3635 3881 quos
3684 3828 3754 3865 ex

2100 3907 2289 3980 ipsius
2321 3904 2491 3961 donis
2522 3905 2592 3960 ad
2628 3904 2753 3975 pios
2806 3900 3216 3974 proﬁciscitur.
3262 3900 3424 3965 Quod
3474 3899 3525 3954 si
3574 3900 3756 3955 ubera

2105 3996 2349 4069 mystice
2408 3994 2583 4050 etiam
2642 3993 2729 4047 vis
2812 3990 3175 4059 intelligere,
3238 4006 3339 4061 per
3394 3988 3576 4042 ubera
3652 3986 3754 4042 illa

2101 4085 2449 4141 admiranda
2474 4088 2530 4139 et
2559 4082 2692 4138 vino
2725 4080 3156 4152 praestantiora,
3188 4078 3381 4150 cogita
3428 4075 3755 4132 ineffabiles

2103 4173 2236 4229 illos
2266 4172 2469 4228 altaris
2504 4171 2717 4239 fontes,
2758 4173 2816 4224 et
2846 4169 3064 4238 quibus
3108 4183 3312 4221 omnes
3362 4181 3467 4219 nos
3515 4162 3751 4236 pietatis

2104 4260 2328 4316 alumni
2358 4259 2671 4315 nutrimur.
2734 4258 2883 4312 Tum
2942 4254 3202 4327 ingentis
3260 4252 3537 4309 desiderii
3571 4252 3661 4307 sui
3695 4254 3754 4305 et

2102 4349 2433 4406 dilectionis
2492 4364 2631 4419 erga
2680 4346 2878 4418 ipsum
2940 4345 3308 4411 animarum,
3368 4359 3495 4413 quas
3554 4357 3749 4395 rerum

2104 4440 2391 4494 ﬂuxarum
2450 4434 2756 4508 cupiditati
2810 4450 2924 4489 non
2985 4434 3444 4501 succubuerunt,
3513 4445 3753 4485 causam

2105 4527 2341 4599 exponit
2370 4527 2570 4582 dicens
2599 4541 2613 4580 :
2648 4523 2933 4590 Quoniam
2976 4522 3153 4578 ubera
3209 4527 3310 4576 tua
3346 4520 3581 4575 meliora
3627 4527 3755 4574 sunt

2104 4619 2230 4673 vino
2261 4634 2281 4671 :
2313 4624 2368 4671 et
2426 4615 2557 4670 odor
2610 4622 3016 4683 unguentorum
3066 4620 3293 4667 tuorum
3345 4624 3512 4679 super
3555 4608 3751 4663 omnia

2104 4710 2377 4763 aromata.

2179 4885 2525 4952 Unguentum
2547 4883 2785 4953 eiusum
2814 4896 3012 4936 nomen
3042 4887 3196 4935 tuum
3230 4895 3243 4933 :
3279 4876 3402 4933 ideo
3434 4874 3757 4931 adolescen-

2103 4973 2241 5029 tulae
2271 4973 2590 5027 dilexerusz
2616 4976 2688 5026 te.

2175 5062 2233 5117 Id
2264 5067 2354 5117 est
2385 5077 2399 5117 :
2433 5061 2601 5115 Bonae
2628 5063 2769 5114 sunt
2799 5061 3011 5113 natura
3040 5072 3236 5111 rerum
3269 5059 3326 5110 et
3355 5054 3669 5125 scriptura,
3701 5052 3756 5108 si

2102 5150 2337 5222 quidem
2391 5148 2757 5219 accipiantur
2804 5145 2984 5201 veluti
3045 5146 3307 5200 veritatis
3356 5141 3645 5215 symbols,
3700 5146 3759 5197 et

2102 5257 2230 5310 quae
2263 5238 2451 5293 instar
2483 5230 2731 5292 uberum
2765 5234 3002 5306 quidem
3032 5237 3351 5305 suggerant
3397 5231 3567 5286 nobis
3612 5229 3760 5285 sim-

2102 5327 2311 5399 plicem
2349 5325 2570 5389 cibum,
2621 5325 2749 5393 ejus
2801 5322 3070 5377 videlicet
3100 5340 3227 5394 qua:
3262 5323 3319 5376 in
3353 5326 3408 5376 te
3436 5325 3545 5385 est,
3579 5319 3757 5387 fidei;

2101 5422 2276 5487 atque
2298 5415 2484 5468 instar
2505 5413 2697 5467 odoris
2720 5413 3031 5481 cujusdam
3056 5417 3492 5483 unguentorum
3517 5415 3755 5463 tuorum

2101 5506 2349 5560 doceant
2373 5502 2631 5573 optimas
2656 5502 2988 5556 voluntates
3008 5504 3165 5570 tuas,
3203 5518 3330 5572 qua
3356 5517 3462 5555 nos
3497 5500 3756 5567 fragran-
