4046 6144
270 345 390 405 543

1604 346 2031 409 menaeus
2075 323 2350 409 psELLI

3562 336 3701 406 δη

270 480 359 533 tes
392 470 613 546 optimo
659 479 833 535 odore
881 479 1163 551 efficiant,
1218 497 1319 552 per
1367 497 1515 552 quas
1563 480 1914 535 exstiterunt

2049 480 2160 555 νπὲρ
2206 483 2303 534 τοῦ
2353 481 2474 543 καθ’
2526 480 2714 542 ἑαυτάς
2768 473 3172 553 λαμϐάνεσθαι,
3223 477 3318 533 καὶ
3373 474 3529 547 δίκην
3586 477 3684 549 μὶν

277 566 568 622 universa.
599 568 653 621 Si
709 584 862 624 enim
907 567 1231 625 secundum
1275 587 1336 625 se
1369 571 1493 625 istae
1540 568 1919 640 accipiantur,

272 656 460 711 instar
491 658 728 728 quidem
760 658 876 712 vini
911 665 1163 713 mentem
1216 665 1486 714 amovent
1537 679 1568 713 ει
1628 659 1738 714 tide
1777 658 1836 712 in
1868 664 1924 712 te

276 746 445 816 quasi
476 763 609 802 vero
641 755 906 803 aromata
931 750 1220 820 quaedam,
1255 766 1381 820 quae
1414 748 1684 802 videntur
1711 747 1925 802 habere

277 840 489 891 natura
520 853 625 892 sua
658 854 894 893 suavem
946 839 1205 905 ederem,
1240 839 1310 894 ad
1361 855 1423 893 se
1464 837 1623 909 ipsas
1655 835 1922 903 trahunt,

277 942 393 996 quo
424 926 533 980 t'rui
568 924 747 981 libeat
777 926 952 982 rebus
982 926 1318 981 carnalibus
1349 931 1406 981 et
1456 926 1795 982 mundanis.
1830 925 1925 981 Sic

277 1019 506 1082 natura,
540 1014 808 1087 inquam,
840 1020 897 1071 et
923 1015 1237 1087 scriptura,
1268 1016 1449 1071 veluti
1483 1020 1921 1087 unguentorum

277 1104 441 1173 odor,
471 1106 606 1159 tuas
628 1104 931 1160 declarant
967 1105 1321 1160 voluntates.
1358 1108 1500 1159 Nam
1537 1105 1768 1159 bonitas
1798 1107 1921 1168 tua,

278 1193 464 1247 instar
521 1194 806 1264 unguenti
864 1193 1055 1261 effusi,
1090 1195 1151 1249 in
1208 1210 1413 1249 omnes
1463 1198 1785 1263 creaturas,
1819 1207 1926 1263 per

279 1281 786 1353 participationem
814 1299 883 1338 ex
914 1284 967 1337 vi
1000 1300 1206 1354 sparsa
1238 1284 1605 1338 demonstrat
1641 1287 1697 1337 te
1730 1296 1923 1337 rerum

274 1372 539 1426 omnium
572 1375 894 1441 auctorem,
928 1389 997 1428 ex
1030 1372 1372 1428 nominibus
1404 1371 1673 1428 indicans
1697 1388 1764 1427 ea
1796 1387 1924 1442 qua

272 1461 677 1516 cemmunicas
710 1462 1024 1530 universis,
1054 1461 1390 1531 cuiusmodi
1423 1467 1585 1531 sunt,
1619 1477 1745 1531 ens,
1776 1460 1926 1529 vita,

271 1548 578 1621 sapientia,
600 1553 657 1605 et
680 1548 1071 1606 similia.Cum
1094 1550 1276 1622 igitur
1298 1553 1510 1605 natura
1530 1554 1587 1605 et
1609 1550 1924 1621 scriptura,

275 1638 326 1692 si
359 1637 468 1693 hoc
520 1639 691 1694 modo
733 1639 1115 1713 accipiantur,
1168 1640 1333 1695 bonae
1378 1639 1517 1709 sint,
1549 1639 1679 1695 ideo
1721 1638 1965 1694 animae"

276 1726 478 1782 dolum
498 1732 553 1783 et
581 1728 869 1794 fraudem,
893 1745 1021 1800 quae
1043 1745 1113 1784 ex
1135 1744 1330 1784 rerum
1354 1727 1680 1784 visibilium
1708 1726 1923 1799 specie,

2033 564 2185 622 οἷ’νου
2242 567 2446 639 ἐξιστᾷν
2500 575 2602 638 τῆς
2660 567 2735 630 εἷς
2768 570 2825 623 σὲ
2884 568 3134 630 πίστεως.
3186 571 3390 643 ’Ὠσπερ
3450 564 3506 621 δέ
3562 587 3685 621 τινα

2034 660 2297 734 ἀρώματα
2373 657 2636 714 δοκοῦντα
2696 659 2849 737 φύσει
2918 661 2981 715 τὸ
3057 656 3255 722 εὐῶδες
3327 657 3507 733 ἔχειν,
3555 657 3682 732 παρ’

2034 749 2244 810 ἑαυτοῖς
2282 751 2419 823 πρὸς
2478 746 2778 803 ἀπόλαυσιν
2837 753 2945 804 τῶν
3008 748 3062 803 ὲν
3123 748 3278 821 σαρκὶ
3335 748 3426 802 καὶ
3484 746 3682 818 κόσμῳ

2035 836 2360 915 ἐφέλκεται·
2422 838 2593 897 οὕτως
2664 840 2699 907 ἡ
2778 839 2954 900 κτίσις
3025 837 3116 893 καὶ
3176 840 3209 906 ἡ
3266 838 3451 915 Γραφὴ
3511 835 3682 891 οἱονεὶ

2036 926 2221 1002 μύρων
2282 928 2427 1001 ὀσμὴ
2484 929 2551 983 τά
2608 928 2674 982 σὰ
2730 928 2996 1001 μηνύουσι
3056 927 3365 999 θελήματα.
3430 931 3539 995 Τῆς
3579 926 3683 1001 γὰρ

2036 1015 2373 1092 ἀγαθότητός
2419 1037 2537 1083 σου,
2598 1018 2687 1071 οἷα
2748 1016 2922 1091 μύρου
2982 1014 3371 1076 ἐκκενωθὲντος
3428 1014 3685 1088 χεθείσης

2036 1103 2112 1167 είς
2170 1106 2343 1159 πάντα
2391 1104 2457 1158 τὰ
2497 1099 2622 1158 ὄντα
2668 1105 2805 1158 κατὰ
2852 1101 3161 1176 μετάδοσιν,
3194 1101 3253 1156 ἐκ
3281 1102 3381 1169 τῆς
3418 1101 3684 1177 ἐνεργείας

2035 1193 2111 1254 ὡς
2162 1196 2270 1248 τῶν
2328 1192 2473 1247 ὅλων
2527 1189 2704 1255 αἶ’τιος
2754 1191 3081 1270 καταφάσκει
3137 1196 3255 1255 τοῖς
3304 1191 3534 1263 ὀνόμασι
3578 1193 3687 1245 τῶν

2040 1286 2311 1358 μετοχῶν·
2375 1282 2508 1353 ἅπερ
2561 1281 2664 1336 εἷ’σὶ
2690 1282 2750 1336 τὸ
2784 1280 2867 1349 ὄν,
2917 1284 2951 1351 ἡ
3010 1274 3146 1351 ζώή,
3200 1283 3234 1350 ἡ
3278 1280 3461 1358 σοφία,
3494 1278 3584 1334 καὶ
3614 1280 3685 1333 τα

2035 1372 2222 1445 ὅμοια.
2280 1374 2403 1429 ’Ότι
2457 1369 2503 1426 δ’
2561 1370 2703 1426 οὕτω
2761 1366 3239 1444 λαμϐανόμεναιὴ
3292 1369 3462 1430 κτίσις
3506 1369 3596 1423 καὶ
3646 1370 3682 1437 ἡ

2035 1461 2221 1538 Γραφὴ
2282 1460 2471 1534 ἀγαθαί
2530 1456 2802 1527 εἰσιν,ὃιᾶ
2829 1463 2989 1515 τοῦτο
3032 1460 3086 1514 αἱ
3142 1461 3242 1528 τὴν
3300 1458 3360 1513 ἐκ
3414 1464 3512 1527 τῆς
3572 1456 3687 1512 ἐπι-

2037 1549 2252 1627 φανείας
2300 1553 2406 1604 τῶν
2484 1550 2691 1625 ὁρατῶν
2761 1549 2851 1603 καὶ
2932 1552 3026 1602 τοῦ
3092 1545 3417 1624 γράμματος
3473 1543 3683 1614 ἀπάτην

2036 1642 2299 1716 φυγοῦσαι
2346 1638 2569 1714 ψυχαὶ,
2621 1639 2902 1701 κάντεῦθεν
2952 1636 3043 1691 τὸν
3091 1637 3332 1712 πονηρὸν
3394 1637 3685 1707 νικήσασαι

2036 1728 2129 1784 σὺν
2185 1734 2303 1792 τοῖς
2357 1728 2599 1782 πάθεσιν·
2661 1724 2747 1781 διὸ
2803 1726 2894 1781 καὶ
2945 1724 3181 1790 νεάνιδες
3254 1725 3545 1796 κέκληνται
3594 1722 3687 1779 καὶ

282 1819 339 1871 et
368 1831 436 1871 ex
465 1814 668 1871 litterae
720 1834 862 1873 seno
916 1817 1201 1889 provenit,
1254 1817 1558 1883 evitantes,
1606 1814 1839 1872 diabolo
1869 1820 1927 1871 et

2049 1819 2319 1893 ἡγάπησάν
2376 1838 2452 1885 σε,
2511 1816 2859 1892 ἀγαπήσασαι
2919 1813 2976 1870 δέ
3007 1837 3064 1871 σε
3119 1816 3177 1870 ’ὸν
3230 1811 3291 1870 ἔκ
3341 1836 3400 1870 τε
3426 1818 3521 1870 τοῦ
3548 1833 3684 1889 γρα-

284 1904 829 1975 perturbationibus
848 1907 1167 1978 superatis,
1191 1923 1260 1962 ex
1290 1923 1406 1978 quo
1431 1911 1488 1961 et
1517 1905 1927 1961 adolescentu-

278 1993 349 2049 lae
378 2000 518 2050 sunt
547 1994 1208 2067 appellatae,dilexerunt
1229 1995 1391 2051 te.Te
1436 1999 1631 2050 autem
1685 1994 1930 2065 diligen-

284 2087 397 2148 tes,
428 2100 604 2154 quem
657 2101 726 2140 ex
758 2084 886 2157 lege
935 2089 1063 2140 tum
1109 2083 1333 2156 scripta
1359 2088 1497 2140 tunc
1523 2082 1777 2139 naturali
1801 2098 1931 2138 esse

290 2188 579 2245 sponsum
614 2173 915 2230 Christum
979 2174 1406 2239 intellexerant,
1437 2190 1468 2229 e
1496 2177 1739 2246 paterno
1798 2172 1933 2228 sinu

288 2263 593 2316 traxerunt
626 2264 700 2329 te,
752 2261 851 2332 qui
902 2265 1141 2333 propter
1180 2261 1312 2317 illos
1365 2261 1464 2333 qui
1516 2260 1765 2317 salutem
1795 2262 1936 2316 sunt

293 2349 584 2421 adepturi,
607 2349 665 2404 in
695 2366 869 2406 carae
892 2350 1123 2406 venisti.
1147 2350 1432 2422 Deinceps
1455 2351 1647 2422 inquit
1678 2368 1691 2406 :
1724 2352 1789 2406 In
1808 2349 1934 2406 odo-

289 2456 408 2494 rem
457 2444 865 2509 unguentorum
908 2443 1130 2496 tuorum
1180 2457 1485 2508 curramus,
1517 2440 1575 2495 id
1607 2445 1697 2496 est
1727 2456 1933 2511 seque-

294 2544 429 2582 mur
458 2534 533 2599 te,
576 2546 799 2584 morem
851 2533 1025 2601 atque
1073 2529 1412 2585 institutum
1461 2529 1783 2595 imitantes,
1819 2545 1932 2601 quo

292 2634 399 2673 nos
430 2617 501 2672 ad
535 2634 773 2673 sensum
805 2618 1040 2690 optimae
1071 2620 1391 2674 voluntatis
1429 2623 1543 2673 tua:
1584 2618 1932 2691 perduxisti,

292 2706 350 2761 id
382 2710 489 2772 est,
526 2710 590 2761 ut
618 2706 881 2761 animam
915 2724 1203 2779 ponamus
1237 2723 1340 2777 pro
1365 2706 1555 2763 salute
1588 2706 1935 2763 multorum.

294 2794 449 2865 quod
481 2794 746 2865 perfectae
778 2795 1082 2851 charitatis
1132 2795 1438 2866 indicium,
1494 2796 1693 2852 omnia
1741 2794 1939 2851 divina

298 2881 574 2939 mandata
602 2883 966 2956 complectis.

370 2972 437 3027 Et
465 2971 616 3039 odor,
648 2972 859 3045 inquit,
894 2978 1023 3029 tuus
1045 2989 1211 3047 super
1239 2975 1427 3032 omnia
1454 2979 1724 3032 aromata.

884 3109 1071 3163 Trium
1100 3112 1359 3164 Patrum.

363 3214 575 3269 Anima
604 3229 668 3270 ex
702 3213 918 3269 Christi
948 3213 1209 3269 Ecclesia
1255 3230 1359 3286 per
1394 3214 1571 3269 vitam
1625 3214 1938 3286 perfectam
1972 3215 2016 3283 ﬂ

294 3302 409 3373 ipsi
442 3303 819 3375 desponsata,
843 3307 901 3358 et
921 3303 1164 3359 docendi
1194 3320 1413 3359 munus
1443 3306 1733 3370 assecuta,
1761 3307 1933 3374 atque

294 3391 557 3463 ideojam
580 3392 788 3448 idonea
810 3409 937 3464 quae
960 3394 1184 3448 animas
1205 3392 1283 3447 im
1296 3392 1665 3462 perfectiores
1687 3393 1759 3447 ad
1802 3408 1934 3464 per-

296 3480 606 3536 fectionem
642 3482 915 3549 adducat,
944 3482 1030 3536 sic
1071 3499 1169 3537 eas
1217 3481 1541 3553 alloquitur
1574 3508 1586 3538 :
1621 3482 1938 3538 Introduxit

297 3585 381 3624 me
411 3585 511 3624 rex
531 3572 592 3625 in
619 3570 934 3625 cubiculum
960 3586 1143 3625 suum.
1178 3571 1296 3625 Sua
1326 3571 1607 3627 nimirum
1632 3570 1828 3625 divina
1850 3575 1938 3626 at-

294 3673 407 3728 que
440 3673 652 3713 arcana
683 3657 959 3729 mysteria
990 3659 1194 3714 retexit
1225 3659 1368 3713 mihi
1403 3677 1416 3715 :
1450 3660 1508 3714 id
1541 3661 1694 3731 quod
1726 3664 1785 3715 et
1816 3676 1938 3714 ma-

296 3761 412 3819 gno
445 3746 733 3819 contingit
768 3746 960 3813 Paulo,
995 3748 1092 3818 qui
1125 3764 1313 3820 usque
1345 3749 1416 3803 ad
1448 3749 1690 3803 tertium
1723 3747 1933 3803 coelum

299 3834 593 3902 sublatus,
626 3836 684 3891 id
739 3839 846 3904 est,
881 3836 1162 3893 moralem
1197 3842 1254 3894 et
1301 3836 1627 3892 naturalem
1679 3836 1939 3909 philoso-

300 3924 502 3996 phiam
535 3930 1007 3998 praatergressus,
1027 3927 1099 3980 ad
1140 3925 1493 3997 theologiam
1522 3943 1708 3998 usque
1739 3942 1940 3998 perve-

312 4013 424 4085 nit,
455 4017 511 4070 et
557 4015 777 4071 audivit
806 4030 1014 4070 arcana
1045 4015 1228 4083 verba,
1261 4032 1381 4087 qua
1408 4032 1518 4072 non
1553 4014 1699 4083 licet,
1731 4016 1946 4072 homini

302 4102 452 4175 loqui
465 4104 508 4159 ².

892 4240 1079 4294 Trium
1107 4240 1358 4295 Patrum.

377 4344 813 4415 Respondentes
835 4344 1037 4417 igitur,
1062 4351 1125 4401 ut
1163 4347 1387 4402 dictum
1436 4351 1525 4402 est
1573 4346 1781 4402 animae
1817 4364 1945 4418 qua

306 4432 692 4505 ducebantur,
717 4450 946 4506 sponsa:
979 4435 1238 4504 ducenti,
1280 4436 1587 4500 Quoniam,
1644 4436 1946 4506 inquiunt,

307 4528 374 4579 ut
403 4523 533 4595 ipsa
563 4523 676 4593 ais,
706 4522 1009 4578 inreduxit
1038 4528 1094 4579 te
1132 4541 1229 4579 rex
1259 4524 1318 4578 in
1350 4524 1687 4579 cubiculum
1720 4541 1892 4579 suum
1929 4540 1944 4579 :

2035 1912 2172 1962 πτοῦ
2230 1906 2320 1961 καὶ
2394 1907 2490 1961 τοῦ
2548 1910 2775 1983 φυσικοῦ
2842 1904 3020 1978 νόμου
3079 1904 3393 1978 ἐμυήθησαν
3448 1903 3685 1981 νυμφίον

2037 1997 2263 2072 Χριστὸν
2302 2040 2315 2065 ,
2385 1993 2614 2050 ἔλκυσάν
2673 2016 2730 2049 σε
2784 1994 2843 2049 ἐκ
2903 1998 3011 2049 τῶν
3072 1998 3349 2070 πατρικῶν
3410 1992 3633 2049 κόλπων
3672 2034 3687 2060 ,

2040 2084 2130 2141 διὰ
2181 2084 2308 2147 τοὺς
2370 2082 2672 2157 μέλλοντας
2725 2089 2913 2160 τυχεῖν
2948 2083 3223 2159 σωτηρίας
3263 2082 3315 2137 ἐν
3363 2081 3519 2156 σαρκὶ
3557 2080 3688 2149 ἐλη-

2042 2174 2291 2232 λυθότα.
2374 2172 2577 2229 Λοιπόν
2637 2192 2845 2251 φησιν’
2921 2172 3128 2231 Ὀπίσω
3205 2193 3299 2226 σου
3359 2170 3439 2233 εἷς
3508 2170 3686 2242 ὀσμὴν

2047 2265 2231 2338 μύρων
2265 2284 2360 2318 σου
2392 2259 2764 2337 δραμούμεθα.
2798 2263 3025 2336 Ἦγοτν.
3059 2257 3535 2333 Ἀκολουθήσομέν
3593 2278 3689 2312 σου

2041 2355 2132 2409 τὸν
2160 2352 2362 2429 τρόπον
2412 2352 2811 2425 μιμησάμεναι,
2852 2352 2969 2406 καθ’
3018 2351 3075 2404 ’ὸν
3129 2352 3277 2423 ἡμᾶς
3333 2348 3408 2411 εἷς
3440 2346 3688 2417 α’ίσθησιν

2042 2448 2149 2499 τῶν
2184 2441 2505 2515 παναγάθων
2536 2462 2632 2496 σου
2662 2440 2989 2512 θελημάτων
3021 2436 3237 2515 ἤγαγες·
3283 2438 3343 2500 ὃς
3392 2436 3503 2492 ἐστι
3552 2437 3689 2490 πάν-

2043 2554 2152 2595 τως
2183 2531 2244 2586 τὸ
2274 2532 2373 2600 τήν
2405 2531 2591 2605 ψυχήν
2622 2528 2824 2585 τιθέναι
2854 2529 2983 2599 ὑπὲρ
3015 2535 3115 2597 τῆς
3154 2531 3262 2581 τῶν
3303 2524 3533 2581 πολλῶν
3581 2546 3689 2578 σω-

2044 2621 2259 2694 τηρίας,
2292 2619 2365 2680 ὡς
2397 2618 2711 2696 ἐκφαντικὸς
2740 2624 2843 2687 τῆς
2885 2616 3291 2693 περιληπτικῆς
3338 2618 3523 2669 πασῶν
3578 2618 3689 2667 τῶν

2046 2707 2201 2764 θείων
2236 2706 2473 2764 ἐντολῶν
2505 2706 2715 2770 τελείας
2746 2707 2980 2783 ἀγάπης.

2048 2977 2150 3035 Καὶ
2182 2976 2325 3050 ὀσμή
2362 2995 2457 3030 σου
2490 2975 2622 3051 ὑπὲρ
2654 2973 2823 3029 πάντα
2849 2974 2917 3029 τά
2945 2972 3228 3049 ἀρώματα.

2617 3111 2741 3165 Τῶν
2775 3115 2819 3181 κ(
2848 3108 3123 3183 Πατέρων.

2125 3217 2327 3272 Λοιπὸν
2355 3218 2390 3285 ἡ
2420 3215 2480 3270 ἐκ
2506 3222 2605 3284 τῆς
2652 3218 2747 3268 τοῦ
2795 3216 3027 3290 Χριστοῦ
3070 3209 3399 3281 Ἐκκλησίας
3437 3206 3527 3264 διὰ
3573 3210 3695 3284 βίου

2040 3305 2253 3363 τελείου
2285 3306 2456 3361 αὐτοῦ
2482 3308 2845 3379 νυμφευθεῖσα
2893 3302 3069 3378 ψυχὴ,
3101 3301 3190 3356 καὶ
3227 3304 3324 3354 τοῦ
3374 3296 3692 3354 διδασκαλι-

2045 3401 2144 3451 κοῦ
2175 3398 2417 3470 τυχοῦσα
2447 3393 2778 3465 ἀξιώματος,
2823 3391 3106 3453 κάντεῦθεν
3160 3388 3366 3463 ἐνάγειν
3419 3385 3689 3459 δυναμένη

2043 3485 2181 3561 πρὸς
2221 3482 2542 3551 τελειότητα
2587 3481 2680 3542 τὰς
2727 3478 3074 3554 ἀτελεστέρας
3121 3477 3324 3552 ψυχὰς,
3374 3477 3512 3551 πρὸς
3559 3473 3694 3529 ταύ-

2043 3594 2138 3635 τας
2172 3570 2355 3650 φησίν·
2410 3567 2691 3645 Εἴτήγαγέ
2745 3590 2812 3641 με
2856 3569 2883 3622 ὁ
2924 3566 3179 3644 βασιλεὺς
3226 3566 3301 3628 εἷς
3345 3566 3407 3620 τὸ
3465 3568 3688 3637 ταμεῖον

2046 3660 2231 3717 αὐτοῦ’
2264 3658 2389 3731 ⁴ἤτοι
2443 3656 2786 3731 Ἀπεκάλυψὲ
2841 3678 2933 3731 μοι
2985 3657 3053 3711 τὰ
3094 3659 3216 3730 περί
3256 3656 3446 3709 ἑαυτοῦ
3480 3651 3595 3718 θεῖά
3639 3672 3696 3706 τε

2046 3750 2136 3806 καὶ
2170 3749 2456 3824 ἀπόκρυφοι
2491 3745 2924 3822 μυστήρια,ὅπερ
2955 3746 3043 3801 καὶ
3079 3745 3129 3800 ἰν
3152 3749 3230 3817 τῷ
3255 3743 3479 3819 μεγάλῳ
3508 3740 3697 3817 γέγονε

2049 3838 2252 3911 Παύλῳ
2297 3839 2428 3913 ἄχρι
2475 3837 2663 3911 τρίτου
2712 3835 2947 3910 ούρανοῦ
2996 3835 3230 3910 ἀρθὲντι,
3280 3831 3451 3907 ἤγουν
3497 3833 3596 3900 τήν
3640 3849 3700 3884 τε

2048 3930 2246 3999 ἠθικὴν
2295 3928 2385 3982 καὶ
2417 3927 2647 4004 φυσικὴν
2696 3922 3021 4002 φιλοσοφίαν
3070 3923 3383 3998 περάσαντι,
3431 3918 3523 3975 καὶ
3568 3916 3700 3993 ἄχρι

2049 4025 2151 4088 τῆς
2183 4016 2507 4091 θεολογικῆς
2537 4014 2816 4092 φθάσαντι,
2858 4012 2949 4069 καὶ
3007 4011 3295 4067 ἀκούσαντι
3343 4007 3551 4087 ἄρῥητα
3601 4006 3699 4084 ῥή-

2059 4127 2219 4180 ματα,
2249 4105 2281 4160 ἃ
2313 4104 2411 4160 ούκ
2439 4103 2552 4176 ἐξὸν
2587 4103 2855 4180 ἀνθρώπῳ
2886 4099 3150 4171 λαλῆσαι.

2618 4241 2736 4292 Τῶν
2769 4237 2817 4311 γ’
2851 4236 3126 4310 Πατὲρων.

2124 4346 2583 4420 Ἀποκρινόμεναι
2630 4341 2688 4398 δὲ
2742 4343 2931 4413 πάλιν,
2992 4342 3065 4402 ὡς
3126 4338 3360 4415 εἷ’ρηται,
3402 4339 3456 4393 αἱ
3508 4336 3699 4411 ἀναγό-

2060 4458 2213 4511 μεναι
2259 4435 2431 4509 ψυχαὶ
2488 4434 2624 4507 πρὸς
2650 4434 2751 4500 τὴν
2782 4428 3069 4505 ἐνάγουσάν
3121 4447 3300 4506 φασιν·
3351 4424 3600 4497 Ἐπειδὴ,
3633 4425 3708 4486 ὡς

2058 4526 2194 4592 αύτή
2254 4520 2410 4600 ἔφης,
2463 4518 2719 4596 εἰσήγαγὲ
2776 4541 2833 4574 σε
2884 4522 2910 4574 ὁ
2968 4516 3221 4595 βασιλεὺς
3250 4517 3325 4579 εἷς
3370 4517 3432 4570 τὸ
3480 4519 3707 4587 ταμεῖον

304 4613 366 4668 1η
399 4585 772 4684 quothesauri
814 4614 1097 4683 s‘apienliz
1137 4620 1268 4667 sunt
1312 4614 1631 4681 absconditi,
1683 4618 1739 4668 et
1766 4613 1937 4683 hujus

2060 4585 2245 4682 αὐτοῦ⁷
2293 4585 2475 4683 ῖΕΙννῷ
2526 4585 2977 4686 οἶάάτόκρυφοι-
3023 4606 3289 4680 θησαυροὶ
3355 4611 3455 4674 τῆς
3523 4585 3713 4681 σοφίας

301 4701 537 4757 divitias
564 4702 825 4757 ostendit
867 4701 998 4767 tibi,
1029 4702 1428 4757 exsultabimus
1456 4706 1511 4757 et
1541 4703 1861 4759 taetabimur
1888 4705 1949 4757 in

306 4790 416 4846 te”.
449 4791 777 4855 Quomodo
838 4789 1149 4859 diligemus
1209 4791 1389 4845 ubera
1445 4790 1583 4845 tua?
1638 4792 1826 4863 Super
1865 4791 1946 4845 vi-

306 4895 473 4946 num,
506 4879 564 4934 id
597 4883 705 4947 est,
740 4877 873 4951 plus
905 4895 1082 4950 quam
1133 4883 1406 4934 naturam
1454 4878 1573 4933 vini
1629 4897 1663 4935 a
1710 4881 1952 4935 veritate

306 4972 563 5023 mentem
593 4967 930 5037 avertentis,
962 4967 1094 5040 plus
1154 4984 1329 5040 quam
1383 4984 1577 5022 rerum
1629 4968 1951 5024 visibilium

308 5056 727 5127 speeiem,plus
749 5074 927 5128 quam
948 5057 1094 5130 legis
1125 5056 1719 5129 litteramjdiligemus
1740 5074 1807 5113 ea
1824 5074 1951 5128 quae

311 5148 430 5201 ate
472 5144 532 5200 in
563 5144 823 5203 Ecclesia
868 5147 1185 5201 traduntur
1230 5146 1585 5215 rudimenta,
1620 5146 1857 5217 quibus,
1889 5150 1953 5202 ut

304 5231 456 5288 lacte
486 5231 829 5305 disciplina,
857 5238 1023 5306 potas
1054 5234 1310 5290 infantes
1350 5234 1409 5288 in
1451 5233 1702 5302 Christo,
1737 5238 1793 5290 et
1841 5252 1949 5291 nu-

306 5320 415 5376 tris
446 5321 519 5376 ad
551 5320 847 5393 pietatem.
871 5323 1019 5389 Quid
1051 5322 1176 5379 ita?
1206 5323 1350 5389 Quia
1382 5323 1690 5392 rectitude,
1720 5324 1821 5396 qui
1863 5330 1953 5381 est

306 5408 601 5479 Christus,
635 5410 838 5466 dilexit
868 5415 943 5467 te.
978 5412 1109 5484 Ipse
1151 5413 1329 5481 enim,
1365 5416 1431 5468 ut
1475 5418 1564 5469 est
1593 5413 1831 5483 veritas,
1866 5415 1951 5470 sic

308 5497 486 5555 etiam
543 5502 633 5556 est
688 5499 998 5556 rectitude.
1063 5501 1318 5573 Diligens
1375 5506 1572 5559 autem
1610 5507 1689 5571 te,
1721 5504 1953 5575 aperuit

378 5683 402 5718 ¹
433 5680 481 5739 Il
514 5685 643 5754 Cor,
673 5697 776 5753 xu,
809 5680 863 5737 4.
940 5682 961 5716 ³
990 5679 1213 5738 Celoss.
1247 5698 1310 5750 ιι,
1341 5682 1394 5737 3.

2060 4702 2184 4771 εἶσὶ,
2230 4700 2320 4757 καὶ
2369 4701 2460 4755 τὸν
2506 4698 2707 4769 ταύτης
2760 4719 2843 4752 σοι
2894 4694 3135 4752 πλοῦτον
3186 4691 3453 4764 ὑπέδειξεν
3483 4734 3497 4762 ,
3546 4690 3713 4767 ἀγαλ-

2062 4791 2383 4864 λιασώμεθα
2440 4788 2530 4844 καὶ
2591 4787 2972 4865 εὐφρανθῶμεν
3030 4782 3081 4839 ἐν
3141 4784 3267 4840 σοί.
3334 4782 3449 4836 Τίνι
3523 4780 3713 4856 τρόπῳ

2060 4882 2411 4957 ἀγαπήσομεν
2462 4876 2697 4951 μαστούς
2744 4896 2878 4945 σου;
2928 4874 3083 4949 ’Υπὲρ
3136 4873 3303 4940 οἶνον,
3354 4868 3527 4945 ἤγουν
3580 4868 3713 4943 ὑπὲρ

2059 4970 2161 5037 τὴν
2194 4966 2347 5035 δίκην
2390 4964 2563 5035 οἷ’νου,
2620 4970 2721 5034 τῆς
2773 4962 3034 5033 ἀληθείας
3089 4960 3180 5015 τὸν
3231 4964 3354 5014 νοῦν
3403 4958 3715 5029 ἐξιστῶσαν,

2063 5055 2373 5135 ἐπιφάνειάν
2442 5076 2501 5110 τε
2551 5055 2761 5129 ὁρατῶν
2810 5051 2901 5106 καὶ
2955 5051 3017 5106 τὸ
3068 5054 3166 5105 τοῦ
3223 5048 3395 5122 νόμου
3437 5047 3665 5135 γράμμα
3697 5091 3713 5117 ,

2064 5134 2420 5221 ἀγαπήσομεν
2452 5144 2519 5198 τὰ
2548 5142 2694 5218 παρὰ
2722 5145 2817 5196 σοῦ
2848 5140 2901 5195 ἐν
2944 5143 3013 5214 τῇ
3064 5135 3367 5208 Ἐκκλησία
3410 5134 3716 5209 τελούμενα

2064 5230 2356 5308 σύμϐολα.
2410 5233 2488 5287 Δι’
2546 5233 2621 5287 ὧν
2679 5231 2778 5300 τὴν
2826 5228 3188 5305 εἰσαγωγικὴν
3239 5224 3587 5281 διδασκαλίαν
3642 5224 3714 5285 ὡς

2057 5323 2199 5400 γάλα
2244 5322 2481 5392 ποτίζεις
2528 5320 2655 5383 τοὺς
2701 5318 2751 5375 ἐν
2794 5320 3010 5390 Χριστῷ
3054 5315 3309 5387 νηπίους,
3358 5316 3450 5370 καὶ
3502 5312 3717 5391 τρὲφεις

2059 5415 2197 5489 πρὸς
2241 5407 2562 5477 θεοσὲϐειαν.
2596 5411 2674 5465 Δι’
2703 5411 2763 5479 ἣν
2798 5408 2972 5463 αἰτίαν
2999 5427 3014 5479 ;
3044 5408 3167 5464 ’Ότι
3201 5404 3434 5475 εὐθύτης
3464 5400 3722 5478 ἠγάπησέ

2061 5524 2139 5575 σε,
2185 5502 2308 5572 ⁴ἥτις
2355 5500 2462 5556 ἐστὶ
2516 5497 2770 5575 Χριστόςο
2821 5496 2985 5559 αὐτὸς
3031 5496 3136 5571 γὰρ
3187 5492 3417 5564 εὐθύτης
3472 5491 3614 5548 ἐστὶν
3645 5491 3719 5545 ὡ-
