4046 6144
324 329 443 387 545

1371 321 1777 383 COMMENT.
1825 322 1902 382 IN
1949 321 2346 384 CANTICUM
2394 322 2705 382 CANTlC.

3622 322 3742 382 546

318 458 573 528 ἀλήθεια.
608 454 959 530 Ἀγαπήσασα
993 451 1049 508 δέ
1079 473 1136 507 σε
1182 453 1251 507 τά
1288 453 1483 521 έαυτῆς
1535 474 1619 507 σοι
1669 452 1982 526 ἀπεκάλυψε

2095 454 2204 509 tibi
2238 455 2516 526 mysteria
2554 471 2682 521 sua,
2718 454 2873 509 unde
2921 451 3048 508 sine
3076 468 3272 508 errore
3319 469 3426 507 nos
3469 453 3638 508 ducis
3668 453 3739 509 ad

323 547 621 619 μυστήρια.
656 543 951 605 Κάντεῦθεν
984 539 1239 603 ἀπλανῶς
1271 541 1478 616 ἐνάγεις
1511 544 1659 614 ἡμᾶς
1702 541 1836 615 πρὸς
1884 543 1980 610 τήν

320 636 606 706 ἀλήθειαν,
643 630 731 687 διὰ
759 636 863 686 τῶν
890 632 1035 706 παρὰ
1066 635 1160 685 σοῦ
1181 628 1529 702 τελουμένων
1560 630 1611 685 ἐν
1643 634 1711 703 τῇ
1744 629 1984 701 Ἐκκλη-

321 726 411 795 σία
463 718 782 796 συμϐόλων.
816 721 906 775 Διὸ
948 719 1015 789 δὴ
1074 725 1243 774 ταῦτα
1292 720 1422 795 ὑπὲρ
1451 721 1517 774 τὰ
1546 718 1833 790 ἐξιστῶντα
1883 727 1983 789 τῆς

325 812 615 883 ἀληθείας,
643 811 706 866 τὸ
757 811 988 886 γράμμα
1034 830 1093 863 τε
1138 810 1228 863 καὶ
1273 809 1372 878 τὴν
1405 813 1511 863 τῶν
1546 809 1757 883 ὁρατῶν
1789 807 1984 885 ἐπιφά-

326 924 494 969 νειαν,
524 901 801 977 ἀγαπῆσαι
838 897 1277 974 ὑπισχνούμεθα.

894 1028 1009 1079 Τῶν
1037 1025 1084 1101 γ’
1125 1025 1400 1100 Ματέρων.

392 1147 460 1202 Ἡ
506 1144 690 1221 νύμφη
744 1140 834 1197 οὖν
883 1145 979 1196 τοῦ
1053 1142 1282 1215 Χριστοῦ
1330 1138 1630 1211 Ἐκκλησία
1680 1137 1867 1209 ἐπειδὴ
1930 1138 1980 1210 ἐξ

320 1234 489 1290 ἐθνῶν
522 1234 609 1289 καὶ
664 1232 713 1305 ἐξ
747 1228 1026 1288 Ἰουδαίων
1074 1229 1353 1298 συνετέθη,
1384 1228 1474 1283 καί
1532 1232 1583 1284 οἱ
1636 1230 1729 1302 μέν
1788 1229 1839 1300 ἐξ
1898 1229 1979 1283 έθ-

315 1327 423 1378 νῶν
481 1319 764 1384 παντελῶς
821 1320 1013 1393 πρώην
1081 1320 1332 1392 ὑπῆρχον
1395 1317 1713 1395 ἀφώτιστοι,
1765 1319 1841 1380 ὡς
1901 1319 1978 1391 μή

315 1417 435 1473 ταῖς
494 1418 594 1479 τῆς
652 1408 913 1489 ἀληθείας
972 1405 1159 1482 αὐγαῖς
1212 1404 1300 1460 διὰ
1348 1406 1520 1479 νόμου
1562 1408 1651 1461 καὶ
1683 1410 1981 1483 προφητῶν

319 1498 741 1571 έλλαμπύμενοι
770 1517 781 1528 ·
819 1497 871 1551 οἱ
923 1492 981 1549 δὲ
1036 1494 1088 1565 ἐξ
1138 1493 1383 1570 Ἰσραὴλ,
1426 1496 1499 1556 ὡς
1551 1494 1715 1562 οὕτω,
1763 1494 1981 1557 ταύταις

318 1587 763 1662 έναυγαζὸμενοι,
796 1583 856 1639 οὑ
889 1587 1063 1653 πάντη
1119 1587 1213 1636 τοῦ
1257 1583 1431 1638 καλοῦ
1480 1584 1730 1658 ὑπῆρχον
1782 1584 1980 1657 ἀμέτο-

318 1693 438 1753 χοι·
472 1673 795 1754 ἀμφοτέρων
848 1672 1046 1727 λοιπὸν
1097 1672 1327 1726 τουτωνί
1371 1677 1477 1726 τῶν
1534 1669 1680 1726 λαῶν
1724 1676 1831 1726 τῶν
1891 1674 1981 1727 καὶ

314 1766 520 1835 ταύτης
582 1768 760 1839 μερῶν
812 1764 879 1817 τά
937 1782 1071 1816 ποτε
1129 1759 1189 1815 ἐκ
1241 1761 1609 1835 προαιρέσεως
1669 1758 1781 1815 ἴδια
1838 1782 1981 1837 παρ-

2092 542 2400 598 veritatem
2448 541 2752 614 praeceptis
2801 541 2919 597 illis
2949 558 3076 612 qua:
3125 542 3309 596 tradis
3358 541 3416 595 in
3466 541 3739 597 Ecclesia.

2096 632 2484 697 Quamobrem
2518 649 2587 687 ea
2616 648 2723 687 nos
2758 631 2946 702 magis
2978 646 3154 701 quam
3202 629 3482 696 litteram,
3516 646 3744 685 rerum-

2095 736 2209 792 que
2236 721 2557 776 visibilium
2593 720 2846 792 speciem
2878 737 3005 792 quaa
3038 723 3282 775 avocant
3310 737 3344 774 ιι
3372 719 3634 790 veritate,
3659 719 3747 774 di-

2095 808 2272 879 ligere
2305 811 2669 882 proﬁtemur.

2683 1028 2869 1083 Trium
2907 1028 3158 1081 Patrum.

2166 1143 2451 1209 Quoniam
2484 1143 2664 1217 igitur
2701 1161 2922 1216 sponsa
2952 1143 3168 1200 Christi
3214 1142 3472 1199 Ecclesia
3501 1160 3571 1199 ex
3601 1159 3748 1215 gen-

2092 1231 2251 1288 tibus
2298 1238 2355 1288 et
2401 1233 2623 1289 Judzeis
2676 1233 2927 1289 conﬂata
2977 1239 3087 1300 est,
3140 1249 3205 1288 ac
3253 1237 3457 1304 gentes
3508 1233 3747 1305 quidem

2092 1322 2254 1393 prius
2284 1321 2522 1377 omnino
2554 1327 2721 1379 erant
2766 1323 3053 1390 obscurae,
3085 1322 3301 1394 quippe
3333 1339 3460 1393 quae
3490 1322 3748 1377 veritatis

2092 1410 2402 1483 splendore
2431 1428 2530 1482 per
2561 1412 2746 1483 legem
2790 1417 2847 1467 et
2888 1411 3203 1484 prophetas
3235 1428 3349 1465 non
3380 1415 3548 1466 erant
3577 1410 3746 1466 illus-

2092 1504 2253 1554 tratae
2289 1517 2300 1555 :
2332 1500 2520 1555 Judaei
2552 1516 2685 1556 vero
2731 1506 2930 1572 utpote
2962 1500 3055 1555 his
3100 1499 3443 1567 illuminati,
3476 1499 3630 1554 haud
3665 1499 3747 1554 ita

2092 1604 2335 1660 prorsus
2393 1594 2561 1645 erant
2616 1589 3079 1661 pulchritudinis
3133 1593 3401 1660 expertes
3457 1605 3470 1643 :
3531 1588 3745 1645 idcirco

2092 1678 2359 1748 proprias
2417 1678 2726 1749 utriusque
2785 1678 2982 1750 populi
3039 1682 3235 1749 partes
3296 1677 3551 1732 innuens
3601 1678 3684 1732 ait
3733 1692 3748 1732 :

2093 1768 2267 1834 Nigra
2310 1784 2431 1821 sum
2477 1773 2530 1822 et
2576 1768 2841 1839 formosa,
2887 1768 3027 1837 ﬁliae
3070 1765 3432 1822 Jerusalem:
3467 1782 3533 1821 ac
3582 1766 3751 1838 nigra

318 1856 519 1925 ίστησι,
569 1853 659 1908 καί
707 1873 869 1929 φησιν
907 1870 918 1883 '
965 1847 1213 1907 Μέλαινα
1264 1848 1377 1921 εἰμι
1440 1849 1526 1903 καὶ
1566 1848 1735 1917 καλή,
1771 1850 1982 1923 θυγατέ-

2095 1824 2333 1924 quidem
2380 1824 2613 1927 propter
2646 1824 2898 1929 populos
2920 1873 2988 1911 ex
3020 1855 3295 1927 gentibus
3342 1824 3744 1926 congregatos,

317 1966 404 2021 ρες
452 1942 860 2018 Ἰερουσαλήμ*
894 1938 985 1993 καὶ
1031 1938 1260 2011 μέλαινα
1326 1938 1419 2010 μέν
1470 1936 1557 1992 διὰ
1604 1937 1731 1999 τοὺς
1791 1938 1841 2008 ἐξ
1897 1938 1981 1992 έθ-

318 2039 451 2103 νῶν,
485 2033 559 2094 ὡς
588 2027 871 2091 παντελῶς
904 2028 1265 2105 ἆφωτίστους,
1298 2026 1387 2081 καὶ
1436 2027 1497 2081 τὸ
1549 2034 1650 2097 τῆς
1710 2023 1982 2090 εὐσεϐείας

314 2122 508 2182 σκότος
540 2117 951 2193 περικειμένους
986 2135 996 2148 ’
1030 2115 1175 2185 καλή
1227 2113 1283 2169 δὲ
1333 2113 1422 2169 διὰ
1469 2117 1596 2179 τοὺς
1646 2115 1697 2186 ἐξ
1730 2116 1977 2189 Ἰσραήλ,

317 2213 392 2273 ὡς
426 2208 517 2265 διὰ
543 2209 720 2281 νόμου
769 2207 862 2261 καὶ
913 2209 1214 2283 προφητῶν
1260 2209 1341 2276 τῷ
1378 2212 1477 2274 τῆς
1508 2200 1808 2267 θεοσεϐείας
1842 2204 1981 2259 κάλ-

332 2302 416 2355 λει
474 2297 970 2375 προωραϊσθέντας.
1028 2293 1191 2357 Αὖθις
1253 2291 1309 2348 δὲ
1366 2295 1439 2354 ὡς
1498 2295 1550 2349 ἐν
1581 2292 1980 2369 παραδείγματι

324 2391 423 2457 τὴν
479 2387 824 2461 μελανὸτητα
876 2380 1342 2458 παραδεικνύουσα
1388 2384 1478 2437 καὶ
1528 2385 1627 2452 τήν
1682 2382 1977 2451 καλλονήν,

325 2477 535 2554 φάσκει,
569 2477 658 2535 Ὧς
709 2474 1040 2544 σκηνώματα
1088 2469 1294 2547 Κηδὰρ,
1327 2472 1402 2535 ὡς
1448 2468 1618 2546 δέρεις
1679 2470 1976 2544 Σολομών.

321 2568 552 2639 ’Ἠγουν,
592 2561 820 2636 μέλαινα
873 2562 966 2635 μέν
1020 2560 1135 2633 εἶμι
1186 2558 1276 2615 διὰ
1320 2558 1445 2622 τοὺς
1491 2559 1542 2631 ἐξ
1578 2565 1763 2630 εθνῶν,
1800 2561 1978 2635 ὥσπερ

326 2654 624 2727 οἴκητήρια
653 2651 878 2714 σκότους
912 2671 925 2685 ·
957 2650 1266 2721 σκοτασμὸς
1295 2649 1397 2724 γὰρ
1447 2650 1509 2703 τὸ
1572 2646 1759 2723 Κηδᾶιρ
1808 2648 1980 2724 ἑρμη-

326 2742 527 2797 νεύεται
563 2761 577 2774 '
611 2740 753 2809 καλή
788 2738 844 2794 δέ
875 2738 966 2794 διὰ
992 2740 1119 2801 τοὺς
1152 2737 1200 2810 ἐξ
1236 2737 1482 2813 Ἰσραήλ,
1512 2739 1753 2813 καθάπερ
1804 2740 1977 2808 σκηνὴ

333 2831 607 2906 εῗρηνικοῦ
655 2827 943 2906 βασιλέως.
994 2825 1323 2902 Ἐπειδήπερ
1382 2828 1480 2895 τὴν
1544 2829 1744 2897 σκηνὴν
1798 2828 1890 2900 μὶν

338 2918 537 2997 δέρῥις,
568 2920 657 2973 τὸν
711 2915 769 2973 δὲ
818 2917 1088 2991 εἰρηνικὸν
1141 2917 1169 2970 6
1222 2913 1491 2989 Σολομὼν
1523 2921 1774 2990 παριστᾷ.
1808 2916 1979 2991 Εἴρη-

337 3010 486 3070 νικὸς
535 3006 591 3062 δέ
635 3008 852 3068 πάντως
903 3006 1043 3060 ἐστὶν
1074 3006 1101 3059 6
1138 3004 1440 3078 βασιλεύων
1485 3009 1593 3058 τῶν
1626 3004 1981 3079 Ἰσραηλιτῶν

328 3097 551 3169 νομικὸς
600 3096 690 3151 καὶ
748 3094 1088 3171 προφητικὸς
1143 3091 1329 3167 λόγος,
1380 3092 1414 3162 ἢ
1477 3091 1564 3147 διὰ
1620 3094 1681 3148 τὸ
1738 3094 1981 3148 ἀπαιτεῖν

2091 1944 2192 2014 qui
2227 1944 2397 2015 plane
2426 1950 2593 1999 erant
2630 1945 2888 2013 obscuri,
2923 1950 3100 2016 atque
3145 1944 3463 2016 impietatis
3494 1943 3745 1999 tenebris

2091 2033 2436 2088 circumfusi
2474 2050 2487 2088 :
2521 2034 2765 2104 pulchra
2816 2040 3011 2088 autem
3043 2034 3114 2088 ob
3147 2049 3245 2088 eos
3296 2032 3395 2103 qui
3446 2048 3515 2088 ex
3566 2034 3740 2089 Israel

2091 2124 2439 2177 advenerant
2474 2140 2575 2193 per
2604 2122 2790 2195 legem
2823 2127 2880 2177 et
2919 2122 3233 2193 prophetas
3264 2122 3474 2176 divinas
3508 2122 3744 2193 pietatis

2092 2210 2533 2281 pulchritudine
2592 2211 2869 2266 decorati.
2920 2219 3001 2265 Ac
3049 2227 3289 2265 rursum
3348 2209 3738 2265 similitudine

2090 2300 2345 2369 quadam
2379 2299 2743 2371 nigredinem
2776 2298 3081 2354 declarans
3120 2304 3178 2353 et
3219 2298 3740 2370 pulchritudinem,

2088 2387 2276 2441 dicit:
2319 2387 2471 2442 Sicut
2520 2388 2879 2443 tabernacula
2933 2387 3125 2453 Cedar,
3176 2389 3316 2443 sicut
3363 2389 3533 2459 pelles
3581 2388 3737 2443 Salo-

2087 2477 2283 2531 monis.
2339 2476 2516 2548 Nigra
2574 2492 2725 2545 sum,
2776 2476 3038 2547 inquam,
3101 2482 3339 2549 propter
3395 2476 3611 2532 electos
3669 2493 3739 2530 ex

2090 2565 2388 2636 gentibus,
2420 2570 2484 2619 ut
2521 2563 2856 2619 habitacula
2903 2565 3282 2620 tenebrarum
3319 2582 3332 2620 :
3374 2564 3724 2637 (obscurita-

2089 2660 2207 2709 tem
2258 2654 2413 2708 enim
2465 2653 2650 2709 Cedar
2699 2654 3158 2725 interpretamur
3191 2654 3242 2725 :)
3294 2652 3538 2725 pulchra
3581 2669 3741 2723 vero,

2092 2747 2330 2815 propter
2356 2759 2455 2799 eos
2497 2742 2599 2814 qui
2631 2748 2771 2798 sunt
2821 2759 2890 2798 ex
2940 2742 3142 2808 Israel,
3175 2742 3347 2813 quale
3394 2742 3741 2797 tabernacu-

2090 2832 2211 2886 lum
2247 2836 2336 2887 est
2379 2832 2605 2903 paciﬁci
2636 2832 2809 2903 regis.
2844 2832 2992 2887 Nam
3023 2830 3490 2895 tabernaculum,
3524 2830 3692 2902 pellis
3727 2848 3740 2886 :

2091 2920 2400 2992 paciﬁcum
2453 2937 2587 2976 vero
2637 2920 2929 2991 signiﬁcat
2967 2921 3262 2975 Salomon.
3298 2919 3582 2976 Paciﬁcus
3634 2936 3740 2974 au-

2088 3014 2207 3065 tem
2258 3009 2430 3082 plane
2476 3015 2566 3065 est
2620 3010 2765 3081 legis
2815 3013 2871 3065 et
2920 3009 3341 3081 prophetarum
3392 3024 3607 3077 sermo,
3641 3008 3744 3079 qui

2089 3098 2239 3170 regit
2282 3097 2605 3167 lsraelitas,
2637 3098 2775 3169 quia
2825 3098 3066 3167 requirit
3112 3098 3184 3153 ab
3230 3098 3316 3153 eis
3361 3097 3421 3151 in
3474 3101 3654 3152 Deum
3691 3101 3747 3152 et

322 3184 548 3247 τούτους
580 3186 679 3254 τὴν
715 3183 791 3245 εἷς
822 3185 910 3237 τὸν
963 3183 1089 3238 Θεὸν
1149 3181 1237 3237 καὶ
1293 3181 1385 3235 τὸν
1443 3180 1680 3252 πλησίον
1740 3182 1974 3257 ἀγάπην.

2095 3187 2423 3257 proximum
2455 3186 2854 3241 dilectionem.
2890 3190 3066 3241 Porro
3099 3185 3242 3240 illud
3279 3203 3291 3241 :
3325 3186 3492 3243 Filia?
3518 3190 3746 3243 Jerusa-

325 3275 403 3331 Τὸ
453 3271 530 3345 δὲ,
563 3272 859 3347 Θυγατέρες
912 3272 1299 3343 Ἰερουσαλὴμ,
1344 3270 1389 3325 εἰ
1430 3271 1519 3325 καὶ
1572 3271 1677 3346 πρὸ
1724 3276 1834 3325 τῶν
1877 3294 1979 3325 πα-

332 3360 708 3438 ραδειγμάτων
739 3368 838 3430 τῆς
876 3360 1246 3433 μελανότητος
1292 3360 1383 3414 καὶ
1429 3366 1529 3429 τῆς
1578 3359 1856 3429 καλλονῆς
1910 3360 1987 3432 EE-

334 3449 664 3521 εδόθη,ἀλλ’
696 3448 785 3505 οὖν
817 3444 1117 3522 ὑπέρϐατόν
1149 3448 1290 3504 ἐστιν
1313 3449 1387 3513 ὡς
1417 3450 1824 3523 συνηρτημένον
1853 3451 1987 3504 κατᾶ

330 3541 432 3608 τήν
466 3537 701 3611 ἔννοιαν,
729 3543 828 3610 τῷ,
860 3540 950 3607 Μὴ
989 3537 1229 3614 βλέῴητέ
1265 3558 1352 3610 με,
1385 3536 1467 3592 ὅτι
1511 3537 1616 3612 ἐγώ
1665 3537 1780 3610 εἰμι
1827 3560 1988 3612 μεμε-

338 3628 654 3701 λανωμένη.
686 3628 827 3697 Φησὶ
860 3628 1157 3703 γάρταῦτα
1186 3626 1249 3680 τὸ
1303 3625 1357 3680 ἓν
1409 3626 1571 3700 μέρος
1618 3633 1718 3695 τῆς
1752 3626 1986 3698 Ἐκκλη-

337 3718 452 3779 σέας
499 3718 635 3790 πρὸς
683 3720 744 3772 τὸ
791 3713 992 3791 ἕτερον,
1026 3717 1078 3770 οἱ
1126 3714 1177 3785 ἐξ
1226 3710 1388 3778 ἕθνῶν
1422 3712 1636 3785 δηλαδὴ
1669 3717 1805 3791 πρὸς
1860 3716 1986 3781 τοὺς

336 3805 389 3876 ἐξ
448 3805 695 3879 Ἰσραήλ.
750 3806 1045 3881 Θυγατέρες
1094 3806 1197 3880 γάρ
1249 3804 1380 3858 εἶσιν
1429 3803 1795 3876 Ἰερουσαλὴμ
1834 3806 1885 3859 οἱ
1934 3805 1985 3875 ἐξ

331 3894 555 3969 Ἰσραὴλ
597 3895 998 3961 πιστεύσαντες,
1034 3894 1085 3948 οῗ
1112 3892 1239 3954 τοὺς
1271 3892 1321 3963 ἐξ
1352 3891 1517 3946 ἐθνῶν
1559 3891 1657 3947 ούκ
1704 3890 1983 3967 ἐδέχοντο,

332 3983 465 4057 ὅπερ
518 3984 634 4037 κατ’
689 3983 866 4058 ἀρχὰς
924 3981 1010 4036 ἐπὶ
1070 3984 1186 4043 τοῖς
1264 3978 1591 4042 ἀποστόλοις
1675 3977 1986 4053 συμϐέϐηκε

332 4070 851 4144 σκανδαλιζομένοις
884 4070 959 4133 εἷς
1010 4071 1211 4145 Πέτρον
1266 4070 1358 4125 τὸν
1406 4076 1721 4144 κορυφαῖον,
1757 4070 1840 4125 ὅτι
1895 4072 1986 4125 τὸν

330 4160 643 4236 Κορνήλιον
679 4158 891 4231 ἐδέξατο
921 4179 934 4191 ·
982 4161 1180 4235 μέχρις
1220 4157 1281 4213 ἂν
1317 4159 1465 4213 οὗτοι
1496 4161 1623 4233 παρ’
1665 4160 1828 4215 αὑτοῦ
1883 4163 1983 4230 τήν

328 4248 678 4323 ἀποκάλυψιν
746 4256 845 4318 τῆς
924 4250 1116 4318 ὀθόνης
1192 4247 1471 4321 μαθόντες,
1529 4253 1626 4303 τοῦ
1685 4247 1985 4305 σκανδάλου

330 4336 756 4413 ἀπηλλάγησαν.
806 4344 1150 4413 Παρορᾶσθαι
1208 4337 1307 4412 γὰρ
1357 4337 1502 4413 παρᾶ
1551 4342 1657 4392 τῶν
1714 4338 1985 4412 Ἰσραηλι-

327 4433 437 4482 τῶν
470 4431 504 4496 ἡ
556 4427 606 4497 ἐξ
656 4426 821 4482 ἐθνῶν
876 4424 1175 4496 Ἐκκλησία
1230 4428 1329 4495 τὴν
1386 4427 1580 4494 ἑαυτῆς
1642 4427 1987 4499 μελανότητα

2095 3276 2237 3336 lem;
2269 3274 2400 3329 licet
2430 3279 2565 3330 ante
2605 3274 2931 3346 nigredinis
2960 3281 3017 3329 et
3057 3273 3519 3344 pulchritudinis
3549 3290 3741 3330 exem-

2095 3363 2193 3434 pla
2240 3364 2462 3418 dictum
2513 3364 2610 3429 sit,
2659 3368 2858 3418 tamen
2913 3362 3233 3433 superlatio
3282 3370 3388 3430 est,
3444 3367 3503 3418 et
3548 3361 3740 3418 solum

2095 3453 2166 3507 ad
2198 3451 2298 3507 illa
2324 3452 2544 3507 verba:
2595 3453 2673 3508 Ne
2709 3453 2993 3523 aspicz'atis
3042 3468 3150 3519 me,
3183 3450 3330 3523 quod
3375 3453 3542 3520 nigra
3586 3452 3690 3505 sim
3722 3468 3742 3505 :

2094 3542 2417 3597 secundum
2473 3540 2923 3613 intelligentiam
2980 3541 3536 3596 rei'erendum.Haac
3584 3539 3742 3595 enim

2092 3631 2267 3684 verba
2324 3646 2442 3683 una
2496 3629 2764 3685 Ecclesiae
2813 3647 2949 3701 pars
2998 3630 3141 3685 dicit
3192 3630 3262 3684 ad
3320 3627 3561 3685 alteram
3613 3644 3626 3683 :
3677 3645 3745 3684 ea

2094 3719 2375 3774 nimirum
2409 3735 2535 3790 quas
2582 3735 2651 3774 ex
2694 3719 2969 3789 gentibus
3009 3723 3259 3785 constat,
3293 3720 3365 3773 ad
3418 3717 3582 3773 illam
3615 3735 3743 3789 quas

2094 3822 2162 3863 ex
2221 3807 2419 3864 Israel.
2467 3806 2613 3862 Nam
2665 3808 2795 3863 ﬁlia:
2844 3807 3169 3863 Jerusalem
3222 3806 3594 3877 accipiuntur
3641 3823 3744 3878 pro

2094 3896 2168 3951 iis
2200 3897 2299 3969 qui
2342 3913 2411 3952 ex
2461 3896 2635 3952 Israel
2669 3896 3064 3962 crediderunt,
3096 3896 3195 3967 qui
3244 3899 3448 3967 gentes
3480 3912 3596 3950 non
3637 3895 3743 3951 ad-

2096 3986 2407 4041 mittebant
2470 4002 2481 4040 :
2541 3987 2692 4057 quod
2756 3985 2990 4057 quidem
3063 3985 3232 4039 initio
3293 3983 3535 4053 conligit
3591 3984 3746 4039 inter

2096 4073 2412 4145 apostolos,
2446 4074 2545 4144 qui
2597 4075 2877 4129 adversus
2907 4074 3144 4128 Petrum
3195 4072 3520 4145 principem
3575 4089 3743 4128 scan-

2095 4163 2322 4219 dalizati
2374 4168 2534 4232 sunt,
2567 4164 2720 4234 quod
2754 4162 3086 4219 Cornelium
3136 4163 3517 4233 suscepisset,
3564 4162 3744 4217 donec

2096 4253 2167 4308 ab
2214 4252 2344 4324 ipso
2393 4253 2560 4308 Petro
2612 4251 2773 4307 lintei
2821 4251 3270 4307 declarationem
3324 4250 3745 4323 intelligentes,

2096 4358 2124 4395 a
2160 4341 2438 4397 seandalo
2489 4341 2860 4396 destiterunt.
2893 4340 3124 4413 Despici
3175 4341 3331 4395 enim
3366 4356 3429 4396 se
3459 4340 3532 4394 ab
3562 4341 3745 4394 Israe-

2096 4430 2214 4485 litis
2261 4431 2505 4486 collecta
2534 4447 2601 4485 ex
2632 4430 2909 4502 gentibus
2958 4429 3216 4484 Ecclesia
3268 4434 3506 4501 propter
3551 4429 3748 4500 nigre-

333 4514 670 4591 βουλομένη,
705 4514 793 4569 καὶ
851 4516 926 4587 μὴ
979 4512 1067 4569 διὰ
1122 4513 1321 4584 ταύτην
1371 4515 1460 4569 ἀπ’
1491 4514 1665 4568 αὐτῶν
1719 4512 1979 4590 διακρίνε-

2096 4520 2292 4575 dinem
2334 4518 2555 4586 volens,
2588 4524 2645 4574 et
2676 4535 2789 4574 non
2843 4518 2917 4573 ob
2964 4517 3147 4583 illam,
3183 4519 3253 4573 ab
3287 4518 3433 4589 ipsis
3464 4516 3743 4587 separari,

330 4605 468 4671 σθαι,
501 4604 567 4657 τά
598 4602 857 4677 εἰρημένα
886 4602 1020 4674 πρὸς
1049 4602 1273 4663 τούτους
1306 4603 1492 4679 φησὶν,
1531 4602 1662 4673 μετᾶ
1707 4601 1762 4657 δὲ
1817 4609 1985 4659 ταῦτα

326 4691 417 4746 καὶ
453 4693 552 4760 τήν
604 4691 779 4745 αἰτίαν
832 4689 1018 4753 αὐτοῖς
1068 4690 1366 4765 ἀπαγγεΛεῖ
1416 4688 1485 4744 δι’
1513 4692 1575 4759 ἣν
1625 4690 1981 4763 μεμελάνωτο

330 4780 585 4855 λέγουσα,
614 4782 733 4834 Ὅτι
788 4773 1103 4853 Παρέϐλεψέ
1156 4799 1223 4850 με
1270 4780 1296 4833 6
1341 4778 1503 4847 ἥλιος
1540 4799 1552 4812 ο
1585 4779 1774 4855 ἤγουν,
1818 4802 2005 4855 μεμε-

328 4868 621 4941 λανωμένη
664 4867 774 4942 ἐγώ
828 4866 965 4939 εἶμι,
999 4866 1080 4922 ὅτι
1132 4862 1515 4941 παρεϐλέψατό
1566 4890 1631 4942 με
1680 4870 1708 4923 6
1756 4876 1855 4937 τῆς
1899 4868 1984 4924 δι-

325 4956 621 5027 καιοσύνης
648 4954 870 5022 “Ηλιος,
903 4957 1099 5031 νέφους
1156 4954 1621 5030 περικαλύψαντός
1678 4978 1743 5029 με
1781 4957 1978 5030 ἆθεΐας,

325 5046 412 5099 καὶ
445 5050 563 5106 ταῖς
594 5050 694 5113 τῆς
727 5043 1052 5118 θεογνωσίας
1085 5043 1289 5097 ἀκτῖσιν
1325 5045 1427 5098 ούκ
1468 5042 1720 5107 ἐάσαντός
1773 5066 1838 5118 με
1888 5068 1981 5101 κα-

323 5132 722 5206 ταλάμπεσθαι,
746 5132 985 5206 καθάπερ
1014 5133 1169 5187 αὐτοὶ
1202 5131 1357 5205 νόμῳ
1386 5132 1477 5186 καὶ
1509 5136 1817 5211 προφήταις
1849 5136 1984 5210 πρὸς

322 5220 645 5298 θεογνωσίαν
679 5219 1216 5296 παιδαγωγούμενοι.

789 5349 898 5401 Τοῦ
930 5344 1231 5422 ὑπερτίμου
1264 5343 1511 5405 Ψελλοῖλ

399 5463 580 5533 Φησὶν
611 5464 644 5531 ἡ
679 5461 865 5539 νύμφη
898 5460 1164 5536 παρευθὺς
1205 5462 1341 5535 πρὸς
1368 5459 1495 5523 τοὺς
1530 5460 1800 5536 ἀγγέλους
1827 5464 1977 5539 τάδε,

327 5552 435 5615 Οὖς
469 5555 764 5628 θυγατέρας
797 5557 897 5621 τῆς
934 5552 1073 5605 Σιὼν
1108 5551 1357 5607 ἐκάλεσεν
1385 5552 1410 5605 ὁ
1444 5549 1632 5626 λόγος.

327 5644 439 5697 ΜΔΛ
545 5643 558 5660 ‘
669 5641 685 5659 ’<
835 5662 847 5672 .
908 5641 920 5656 ‘
1073 5639 1137 5695 )‘
1280 5662 1330 5677 ..
1420 5639 1438 5672 ι
1592 5642 1606 5661 '
1887 5648 1900 5668 ι

384 5677 406 5697 τ.
448 5663 569 5697 αινα
638 5664 755 5715 ειμι
837 5662 924 5695 και
1000 5661 1068 5695 κα
1094 5663 1168 5714 .η,
1247 5651 1533 5717 θυγατέρες
1610 5644 1978 5721 Ιερουσαλημ,

2095 4610 2166 4663 ad
2225 4608 2389 4677 illos,
2444 4625 2512 4662 ea
2569 4624 2692 4678 quae
2744 4606 2898 4662 dicta
2956 4615 3128 4677 sunt,
3184 4607 3466 4677 loquitur.
3530 4604 3794 4659 Deinde‘

2095 4713 2334 4753 causam
2393 4697 2629 4768 exponit
2690 4697 3067 4768 quamobrem
3121 4696 3371 4750 evaserit
3418 4695 3588 4766 nigra
3624 4710 3636 4748 :
3671 4695 3749 4749 Me

2092 4787 2192 4854 sol,
2253 4786 2551 4858 inquiens,
2608 4785 2868 4857 despexit.
2938 4785 3270 4856 Nigret‘acta
3328 4800 3459 4837 sum
3519 4781 3748 4853 utique,

2095 4875 2373 4946 quoniam
2405 4874 2668 4947 despexit
2709 4891 2798 4930 me
2846 4874 2944 4929 Sol
2988 4874 3258 4944 justitiae,
3308 4871 3629 4941 impietatis
3660 4875 3750 4925 te-

2094 4964 2294 5018 nebris
2344 4980 2437 5018 me
2483 4963 2952 5035 contegentibus,
3002 4967 3066 5016 ut
3121 4961 3332 5016 divinae
3392 4959 3748 5032 cognitionis

2093 5052 2276 5107 radiis
2308 5051 2655 5119 illustrarer,
2686 5050 3185 5122 quemadmodum
3220 5048 3497 5105 Israelita:
3531 5065 3631 5120 per
3663 5048 3748 5104 le-

2093 5156 2221 5211 gem
2257 5145 2314 5196 et
2344 5141 2677 5213 prophetas,
2712 5140 2780 5195 ad
2833 5139 2931 5194 Dei
2971 5138 3384 5210 cogitationem
3436 5141 3576 5193 sunt
3625 5139 3747 5193 ins-

2092 5230 2270 5288 tituti.

2661 5355 2937 5411 Praeclari
2985 5354 3177 5410 Pselli.

2167 5471 2296 5526 Haec
2327 5470 2523 5526 statim
2559 5471 2630 5526 ad
2675 5470 2914 5543 angelos
2946 5487 3166 5541 sponsa
3197 5470 3485 5541 loquitur,
3518 5470 3615 5540 qui
3650 5486 3752 5540 per

2092 5560 2243 5615 ﬁlias
2298 5559 2432 5615 Sion
2485 5560 2897 5630 intelliguntur
2942 5576 2954 5616 :
3001 5561 3175 5630 Nigra
3222 5576 3343 5615 sum
3395 5567 3445 5615 el
3493 5559 3748 5630 pulchra,

2087 5650 2221 5722 ﬁliae
2247 5650 2574 5720 Jerusalem,
2606 5651 2752 5705 sicut
2782 5650 3144 5706 tabernacula.
3174 5649 3369 5716 Cedar,
3396 5649 3543 5704 sicut
3570 5645 3749 5718 pelle:
