4046 6144
315 352 431 411 54⁵7

1649 332 2076 396 MICHAELIS
2124 331 2393 392 PSELLI

3607 331 3732 416 548

316 484 653 541 Salomonis.
678 483 779 537 His
810 481 1005 536 verbis
1032 476 1272 550 angelos
1297 489 1514 547 sponsa
1544 471 1800 543 primum
1832 467 1971 523 allo-

2103 473 2173 527 Ως
2202 462 2533 535 σκηνώματα
2564 459 2771 537 Κηδὰρ,
2804 460 2878 523 ὡς
2912 458 3121 537 δέῤῥεις
3156 459 3454 539 Σολομών.

315 575 535 646 quitur.
579 574 818 645 Oportet
863 571 1019 626 enim
1072 570 1201 640 ipsa
1245 565 1419 620 verba
1469 578 1700 635 sponsae
1753 573 1976 629 praepo-

319 680 477 731 nere,
510 668 568 718 et
599 662 936 733 neutiquam
972 659 1273 730 implicare
1300 653 1591 717 versibus,
1623 654 1681 703 et
1712 663 1980 703 commu-

316 757 469 808 tare.
519 752 729 807 Audite
778 766 975 805 vocem
1028 763 1241 811 meam,
1292 742 1506 815 inquit,
1554 757 1585 795 o
1638 738 1770 793 filiae
1819 736 1979 789 illius

323 857 588 913 supernae
635 839 964 896 Jerusalem
1018 837 1273 891 maxime
1317 828 1669 887 venerabilis
1705 843 1718 882 ε
1760 824 1980 896 pariter

324 947 429 1001 ego
482 947 624 985 sane
676 928 944 1000 pulchra,
976 931 1034 981 et
1079 924 1249 995 nigra
1300 937 1455 975 sum.
1489 918 1665 989 Nigra
1713 914 1974 986 quidem,

328 1025 392 1074 ut
422 1020 606 1074 Cedar
632 1014 1106 1079 tabernaculum,
1134 1027 1445 1085 apparens,
1480 1021 1691 1077 nempe
1721 1021 1789 1059 ex
1817 1008 1975 1057 tran-

327 1108 658 1180 sgressione
699 1105 969 1178 praecepti
1016 1102 1178 1157 illius
1227 1100 1420 1172 primi.
1454 1098 1637 1151 Cedar
1684 1093 1838 1149 enim
1872 1092 1976 1145 ob-

328 1214 539 1253 scurus
582 1197 1048 1264 tenebrosusque
1097 1190 1331 1247 dicitur.
1368 1187 1614 1243 Pulchra
1662 1197 1817 1237 nunc
1848 1196 1977 1234 rur-

328 1304 430 1341 sus
461 1285 677 1340 exsisto
723 1301 825 1355 per
868 1280 1272 1355 pmnitentiam
1308 1294 1442 1333 cum
1474 1273 1704 1330 Christo
1747 1283 1979 1326 summe

326 1375 566 1447 pacifico
591 1373 964 1428 mortificata.
995 1370 1277 1425 Pacificus
1302 1367 1457 1423 enim
1484 1364 1737 1434 quisque
1769 1356 1977 1412 merito

328 1464 543 1519 dicitur
570 1461 863 1517 Salomon.
897 1462 983 1515 Tu
1016 1476 1148 1514 vero
1186 1474 1257 1512 ne
1288 1454 1537 1517 mireris,
1573 1450 1724 1522 quod
1760 1462 1979 1519 sponsa

326 1552 544 1623 pariter
573 1568 636 1606 se
666 1555 722 1604 et
753 1551 982 1621 nigram
1005 1552 1062 1602 et
1095 1546 1399 1616 pulchram
1435 1543 1752 1611 nuncupet.
1775 1533 1978 1623 Omnis

328 1622 482 1697 enim
539 1641 735 1695 anima
786 1656 912 1710 quae
966 1636 1194 1708 proficit
1242 1633 1301 1688 in
1350 1631 1585 1685 virtutis
1635 1625 1851 1691 studio,
1894 1622 1978 1677 sic

328 1732 399 1786 ad
433 1731 622 1786 lucem
657 1748 724 1784 ex
754 1729 1010 1783 tenebris
1060 1724 1450 1796 progreditur,
1484 1726 1547 1774 ut
1578 1736 1691 1773 non
1743 1718 1977 1785 repente

326 1825 449 1874 tota
495 1819 745 1874 illustris
801 1824 859 1872 et
918 1833 1064 1889 pura
1123 1816 1250 1881 fiat;
1308 1812 1409 1867 sed
1469 1827 1585 1881 quo
1627 1805 1869 1878 propius
1903 1801 1974 1855 ad

326 1909 602 1964 virtutem
659 1907 918 1972 accedit,
969 1922 1034 1960 eo
1092 1903 1329 1974 longius
1388 1900 1623 1956 recedat
1672 1914 1704 1950 a
1756 1891 1980 1948 fraudis

329 1998 711 2061 obscuritate,
736 2000 912 2065 atque
943 1994 1025 2048 ita
1056 1991 1419 2064 splendidior
1448 1992 1504 2043 et
1524 1985 1735 2042 clarior
1757 1980 1982 2037 evadat.

330 2086 551 2141 Deinde
584 2085 735 2139 filias
775 2084 935 2155 ipsas
967 2098 1184 2154 sponsa
1216 2078 1536 2151 alloquitur
1569 2075 1636 2130 ad
1675 2074 1829 2128 hunc
1862 2084 1985 2124 mo-

327 2177 468 2230 dum
505 2190 518 2229 :
551 2173 739 2229 Nolite
780 2174 1025 2243 aspicere
1067 2186 1173 2234 me,
1206 2170 1345 2241 quod
1375 2184 1474 2238 ego
1520 2168 1629 2219 sim
1675 2162 1985 2236 denigrata,

327 2266 463 2334 quia
512 2264 760 2333 despexit
808 2278 894 2317 me
941 2261 1038 2315 sol.
1090 2259 1195 2327 Ne,
1228 2257 1443 2328 inquit,
1477 2250 1845 2315 existimetis,
1894 2264 1987 2303 me

327 2354 409 2407 ita
468 2353 692 2406 fuscam
746 2355 803 2405 et
856 2350 1167 2404 obscuram
1218 2350 1275 2400 et
1322 2346 1551 2417 nigram
1613 2340 1797 2395 fuisse
1854 2352 1986 2408 pro-

326 2445 605 2496 creatam.
636 2440 783 2494 Tota
826 2439 980 2493 enim
1037 2436 1234 2490 lucida
1281 2451 1315 2488 a
1361 2437 1632 2487 Creatore
1682 2444 1812 2482 meo
1868 2426 1984 2478 for-

328 2536 487 2583 mala
544 2543 698 2583 sum.
757 2528 864 2580 Sed
926 2526 1141 2580 ardens
1200 2523 1312 2590 sol,
1354 2520 1747 2576 tentationum
1809 2518 1987 2567 aestus

329 2634 423 2673 me
476 2617 855 2671 vehementer
918 2613 1176 2670 excussit
1230 2628 1295 2666 ac
1354 2607 1701 2680 denigravit.
1774 2601 1989 2657 Deinde

329 2724 445 2777 quo
506 2706 678 2760 modo
738 2723 772 2760 a
823 2688 1069 2774 justitise
1132 2700 1260 2756 Sole
1312 2700 1587 2770 despecta
1638 2694 1750 2761 sit,
1803 2688 1987 2761 expli-

327 2800 439 2849 cat.

561 3334 696 3391 Filii
726 3334 937 3388 matris
965 3346 1113 3389 meae
1139 3332 1529 3403 pugnaverunt
1560 3330 1619 3383 in
1649 3345 1756 3383 me.

395 3445 440 3499 A
473 3446 658 3497 matre
688 3439 889 3510 igitur,
925 3443 990 3494 ut
1020 3454 1213 3493 rerum
1249 3441 1341 3492 est
1371 3435 1636 3491 omnium
1672 3451 1870 3501 causa,
1902 3452 1990 3491 sa-

328 3531 549 3604 pientia
579 3546 712 3584 cum
749 3528 1122 3593 defecissent,
1147 3542 1348 3581 eorum
1381 3542 1507 3595 quae
1532 3527 1673 3578 sunt
1709 3524 1991 3617 rationes,

326 3622 397 3677 ad
431 3636 559 3675 eam
592 3635 681 3672 me
714 3634 829 3672 non
862 3617 1257 3670 reduxerunt:
1284 3613 1611 3668 visibilium
1643 3612 1799 3666 enim
1826 3612 1990 3684 aspe;

326 3714 420 3763 ctu
454 3708 696 3778 decepta
728 3722 853 3760 sum
883 3720 897 3759 :
931 3704 1031 3760 sed
1073 3704 1214 3758 dum
1270 3702 1413 3756 mihi
1451 3701 1726 3756 videntur
1758 3705 1988 3756 eontra-

327 3798 451 3865 τίω,
475 3812 569 3851 me
600 3795 659 3849 in
693 3793 1001 3866 opiniones
1054 3790 1522 3847 innumerabiles
1570 3789 1987 3845 distraxerunt.

326 3888 515 3958 Atque
558 3884 669 3939 hoc
719 3883 958 3956 quidem
1014 3884 1185 3953 pacto
1242 3895 1327 3935 me
1383 3878 1653 3934 custodem
1702 3881 1761 3933 in
1814 3881 1991 3936 vineis

326 3976 754 4040 constituerunt,
786 3976 851 4027 ut
882 3972 941 4026 in
972 3971 1121 4043 ipsis
1173 3972 1444 4041 perstans
1492 3967 1891 4039 opinionibus,
1919 3970 1989 4023 ab

327 4081 395 4120 ea
425 4069 482 4119 et
514 4081 547 4118 a
576 4064 820 4117 veritate
872 4060 1106 4131 penitus
1158 4058 1528 4113 dissiderem.
1578 4059 1711 4122 Quo:
1752 4056 1989 4128 quidem

330 4152 475 4207 mihi
525 4159 829 4225 propterea
861 4150 1179 4221 contigere,
1212 4148 1350 4218 quia
1380 4148 1600 4202 vineam
1647 4163 1831 4201 meam
1880 4163 1990 4202 non

318 4242 611 4306 eustodivi,
646 4240 745 4311 qui
777 4244 880 4294 est
933 4238 1033 4293 ille
1068 4237 1166 4309 qui
1198 4236 1346 4292 dixit
1380 4252 1392 4291 :
1427 4236 1542 4307 Ego
1589 4252 1707 4290 sum
1758 4238 1888 4291 vitis
1936 4251 1992 4306 ει

324 4346 412 4385 vos
453 4330 719 4401 palmites
743 4330 784 4394 ⁸,
819 4326 1158 4399 unigenitus
1211 4325 1310 4381 Dci
1366 4324 1553 4380 Filius
1605 4329 1662 4379 et
1708 4324 1987 4394 Verbum,

321 4420 492 4489 cujus
537 4418 608 4473 ad
659 4416 977 4488 imaginem
1032 4417 1182 4470 facta
1229 4419 1438 4470 natura
1497 4414 1781 4483 humana,
1811 4415 1989 4485 simul

317 4526 445 4580 quas
488 4507 547 4562 in
604 4507 882 4561 universo
942 4510 1082 4559 sunt
1138 4522 1341 4559 omnes
1391 4503 1650 4559 obtinuit
1711 4504 1988 4573 rationes,

2086 554 2244 617 Ταῦθ’
2276 552 2465 625 ὁμιλεῖ
2491 552 2553 605 τὸ
2584 553 2886 626 πρώτιστον
2919 553 2953 620 ἡ
2985 550 3170 627 νύμφη
3202 555 3318 611 τοῖς
3351 548 3628 623 ἀγγέλοις.

2090 642 2211 717 Χρὴ
2243 643 2347 716 γὰρ
2380 640 2511 695 αὐτὰ
2538 640 2605 694 τὰ
2716 661 2855 713 ματα
2882 644 2983 704 τῆς
3014 638 3231 715 νύμφης
3261 638 3590 711 προτιθέναι,

2092 734 2186 789 Καὶ
2224 730 2494 805 μηδαμῶς
2528 729 2917 805 στιχοπλοκεῖν
2946 736 3112 786 ταῦτα
3140 731 3229 785 καὶ
3266 729 3677 804 μεταλλάττειν.

2088 821 2383 879 ’Δκούσατέ
2417 831 2521 894 μού
2550 829 2647 891 τῆς
2679 829 2883 898 φωνῆς,
2917 821 3101 898 φησὶν,
3135 822 3180 874 ὦ
3210 819 3489 897 θυγατέρες

2088 913 2203 979 Τῆς
2236 906 2346 965 ἅνω
2377 910 2739 985 Ἰερουσαλὴμ
2767 917 2867 979 τῆς
2913 905 3380 982 σεϐασμιωτάτης.

2088 1000 2263 1070 Ὁμοῦ
2291 1000 2390 1074 γάρ
2422 998 2594 1073 ἔγωγε
2622 998 2765 1068 καλή
2798 998 2886 1053 καὶ
2912 997 3145 1071 μέλαινα
3174 1000 3453 1075 τυγχάνω.

2090 1087 2332 1142 Μέλαινα
2376 1089 2469 1160 μὲν
2496 1091 2569 1151 ὡς
2598 1093 2696 1141 τοῦ
2727 1086 2914 1163 Κηδαρ
2942 1090 3207 1160 σκήνωμα
3239 1093 3593 1165 προφανεῖσα,

2089 1177 2245 1249 Φημὶ
2277 1174 2323 1230 δ’
2352 1175 2412 1230 ἐκ
2440 1172 2795 1253 παραϐάσεως
2823 1184 2923 1246 τῆς
2952 1175 3177 1245 ἐντολῆς
3204 1180 3301 1242 τῆς
3332 1178 3558 1251 πρώτης

2089 1266 2169 1339 (Ὀ
2200 1265 2298 1341 γὰρ
2332 1264 2515 1338 Κηδᾶρ
2551 1267 2577 1319 6
2613 1266 2836 1341 ζοφερὸς
2870 1264 3080 1341 λέγεται
3110 1266 3197 1319 καὶ
3242 1261 3543 1339 σκοτώδης)
3579 1284 3591 1298 ·

2089 1353 2244 1423 Καλὴ
2281 1351 2338 1408 δὲ
2367 1353 2531 1408 πάλιν
2560 1352 2769 1432 πέφυκα
2798 1355 2909 1409 νυνὶ
2952 1358 3020 1428 τῇ
3057 1353 3331 1427 μετανοίᾳ,

2090 1444 2528 1517 Συννεκριυθεῖσα
2558 1447 2782 1518 Χριστῷ
2813 1448 2890 1498 τῶ
2924 1442 3357 1518 εἰρηνικωτάτῳ,

2090 1531 2379 1605 Εἰρηνικὸς
2409 1531 2510 1607 γάρ
2544 1533 2759 1607 Λέγεται
2791 1538 2895 1596 πᾶς
2926 1531 3192 1605 Σολομὼν
3227 1532 3409 1604 ἀξίως,

2091 1618 2165 1672 Σὺ
2198 1617 2253 1673 δὲ
2289 1617 2416 1692 μηδ’
2446 1618 2592 1681 ὅλως
2625 1618 2904 1695 έκπλαγῇς
2935 1622 3067 1695 ἅπερ
3101 1623 3136 1689 ἠ
3168 1619 3353 1698 νύμφη
3389 1619 3555 1696 λέγει,

2086 1709 2195 1778 Ὧς,
2233 1710 2316 1762 Ἐν
2348 1713 2527 1779 ταυτῷ
2553 1708 2642 1763 καὶ
2677 1708 2906 1781 μέλαινα
2934 1709 3024 1764 καὶ
3054 1708 3197 1779 καλή
3229 1708 3316 1763 νῦν
3347 1711 3627 1785 τυγχάνω.

2091 1803 2240 1851 Πᾶσα
2269 1798 2369 1872 γὰρ
2407 1795 2685 1870 μέλλουσα
2715 1799 2867 1872 ψυχὴ
2901 1799 3037 1872 πρὸς
3068 1797 3259 1873 ἀρετάς
3287 1797 3637 1871 προκόπτειν,

2283 1852 2292 1872 Ι
2343 1852 2350 1867 ⁸
2407 1852 2417 1870 δ
2729 1852 2738 1871 Ι
2794 1852 2830 1872 Α·
2857 1852 2867 1867 ⁸
2944 1852 2952 1872 Ι
2992 1852 2995 1853 ν
3024 1852 3036 1860 ⁷
3076 1852 3079 1853 ν
3106 1852 3113 1873 Ι
3241 1852 3257 1862 ⁷
3331 1852 3339 1870 δ
3623 1852 3637 1871 ⁷

2012 1852 2057 1917 Β
2091 1886 2192 1942 Καὶ
2244 1886 2380 1962 πρὸς
2424 1887 2483 1940 τὸ
2529 1892 2641 1964 φῶς
2696 1886 2998 1963 ἀνάγεσθαι,
3030 1889 3116 1941 καὶ
3152 1886 3367 1964 φεύγειν
3400 1885 3458 1941 ἐκ
3485 1891 3581 1940 τοῦ
3615 1887 3745 1942 σκό-

3504 1978 3672 2049 [τους,

2094 2064 2171 2121 Οὐ
2198 2063 2462 2139 παρευθῦς
2493 2063 2776 2143 ὁλόφωτος
2808 2064 2896 2119 καὶ
2926 2066 3137 2140 καθαρὰ
3162 2063 3445 2140 τυγχάνει.

2095 2152 2252 2209 Ἀλλ’
2274 2154 2397 2209 ὅσον
2430 2157 2566 2225 πρὸς
2594 2158 2691 2225 τὴν
2724 2156 2918 2231 ἀρετὴν
2945 2155 3241 2230 προκόπτει
3278 2156 3410 2229 μετᾶ
3441 2155 3632 2224 πόνου,

2092 2248 2355 2298 Τοσοῦτον
2390 2244 2792 2299 ἀπαλλάττεται
2823 2249 2918 2299 τοῦ
2951 2244 3175 2308 σκότους
3203 2245 3436 2316 ἀπάτης,

2096 2334 2196 2387 Καὶ
2228 2330 2580 2409 λαμπροτέρα
2610 2333 2815 2409 γίνεται
2858 2334 3074 2398 πάντως
3102 2336 3188 2389 καὶ
3223 2332 3569 2411 φαιδροτέρα.

2096 2422 2226 2476 Εἶτά
2256 2444 2385 2500 φησι
2416 2423 2553 2496 πρὸς
2580 2424 2679 2485 τὰς
2709 2423 2874 2485 αὐτάς
2907 2426 2942 2493 ἡ
2975 2423 3159 2502 νύμφη
3196 2421 3491 2498 θυγατέρας
3523 2442 3537 2455 ’

2092 2511 2183 2579 Μὴ
2222 2511 2450 2586 βλέψετὲ
2485 2533 2573 2585 με,
2604 2511 2687 2566 ὅτι
2721 2512 2827 2586 ἐγώ
2862 2512 2974 2585 εἰμι
3002 2511 3469 2586 μεμαλανωμένη,

2094 2604 2218 2656 ’Ότι
2250 2596 2559 2675 παρέϐλεψέ
2592 2622 2659 2674 με
2685 2602 2712 2656 ὁ
2744 2599 2928 2670 ἣλιος.

2094 2690 2183 2757 Μὴ
2215 2694 2345 2765 γοῦν
2376 2690 2657 2762 νομίσητε,
2693 2690 2879 2767 φησὶν,
2908 2689 3080 2755 οὕτως
3118 2690 3214 2763 ἐμὲ
3240 2689 3566 2761 πλασθῆναι,

2095 2778 2328 2855 Ζοφερὰν
2360 2778 2447 2833 καὶ
2480 2780 2762 2848 σκοτεινὴν
2795 2779 2887 2834 καὶ
2923 2779 3407 2853 μεμελανωμένην.

2095 2864 2405 2936 Ἑπλάσθην
2440 2869 2543 2942 γάρ
2577 2867 2861 2945 ὁΛόφωτος
2892 2868 3038 2941 παρὰ
3068 2873 3164 2922 τοῦ
3194 2867 3573 2944 πλαστουργοῦ
3617 2890 3748 2942 μου.

2096 2952 2253 3007 Ἀλλ’
2281 2956 2308 3008 6
2341 2953 2639 3032 φλογώδης
2666 2956 2847 3029 ἥλιος,
2887 2961 2994 3011 τῶν
3024 2961 3338 3030 πειρασμῶν
3365 2960 3398 3027 ἡ
3445 2963 3606 3027 ζέσις,

2095 3046 2293 3105 Δεινῶς
2333 3065 2398 3115 με
2428 3039 2809 3119 παρεϐλέψατο
2840 3045 2929 3099 καὶ
2962 3044 3317 3119 μεμελάνωκέ
3348 3067 3432 3118 με.

2167 3132 2294 3187 Εἶτα
2323 3134 2413 3187 καὶ
2443 3135 2534 3188 τὸν
2566 3135 2767 3208 τρόπον
2800 3136 2920 3197 καθ’
2950 3134 3006 3188 ὃν
3038 3136 3321 3210 παροράθη
3361 3135 3463 3189 ὑπὸ
3494 3139 3588 3189 τοῦ
3643 3142 3747 3205 τῆς

2014 3212 2057 3280 C
2098 3218 2447 3293 δικαιοσύνης
2474 3222 2662 3279 Ἡλίου
2695 3223 2880 3301 φησίν.

2348 3329 2463 3383 Υἱοὶ
2500 3329 2705 3405 μητρός
2740 3351 2844 3402 μου
2872 3329 3211 3405 ἐμαχέσαντο
3245 3329 3296 3385 ἐν
3338 3329 3486 3403 ἐμοί.

2169 3437 2399 3509 ’¹Ηγουν,
2435 3437 2501 3493 Οἱ
2534 3436 2929 3512 άποταχθέντες
2972 3442 3040 3511 τῇ
3087 3438 3254 3512 μητρὶ
3308 3442 3415 3492 τῶν
3477 3434 3621 3492 ὅλων
3671 3437 3749 3501 ὡς

2098 3525 2243 3597 αἰτίᾳ
2296 3525 2484 3601 σοφίας
2536 3530 2643 3579 τῶν
2694 3523 2884 3594 ὄντων,
2919 3525 2980 3581 ού
3032 3528 3167 3601 πρὸς
3215 3527 3412 3597 ταύτην
3450 3548 3514 3599 με
3544 3527 3747 3603 ἀνηγα.

2096 3635 2210 3688 γον,
2240 3613 2454 3687 ἐπείπερ
2486 3616 2775 3685 ἠπατήθην
2810 3612 2897 3669 διά
2936 3618 3035 3683 τῆς
3086 3614 3405 3690 ἐπιφανείας
3452 3621 3559 3671 τῶν
3615 3618 3748 3691 ὁρα-

2099 3708 2231 3773 τῶν,
2264 3701 2390 3758 ἀλλ’
2421 3702 2816 3780 έναντιοφανεῖς
2853 3725 2944 3777 μοι
2981 3702 3225 3775 δόξαντες
3270 3704 3346 3767 εἷς
3406 3705 3600 3779 μυρίας
3655 3703 3746 3761 δό-

2100 3792 2190 3861 ξας
2246 3791 2561 3865 κατέτεμον.
2622 3794 2937 3861 Κάντεῦθεν,
2994 3794 3212 3850 Ἔθεντό
3275 3815 3340 3867 με
3415 3792 3748 3871 φυλάκισσαν

2100 3881 2151 3935 έν
2241 3879 2576 3953 ἀμπελῶσι·
2642 3888 2760 3946 ταῖς
2837 3881 3148 3959 εἰρημέναις
3227 3881 3403 3953 δόξαις
3477 3882 3749 3956 ἐμμένειν,

2097 3970 2188 4024 καὶ
2237 3971 2373 4044 πρὸς
2419 3972 2612 4039 ἑαυτὴν
2664 3972 2751 4026 καὶ
2813 3973 2909 4039 τήν
2962 3971 3221 4041 ἀληθειαν
3281 3966 3591 4045 ἀσύμϐατον
3657 3974 3751 4044 μέο

2097 4079 2203 4113 νειν
2260 4060 2772 4135 παρασκευάσαντες.
2832 4063 3012 4117 Ταῦτα
3070 4058 3127 4115 δέ
3177 4081 3271 4133 μοι
3331 4055 3746 4131 ἐπισυνέϐησαν,

2098 4145 2284 4217 ἐπειδὴ
2345 4148 2640 4221 ἀμπελῶνα
2706 4148 2835 4223 ἐμὸν
2922 4150 3022 4204 οὑκ
3094 4148 3348 4227 ἐφύλαξα,
3408 4148 3465 4212 ὅς
3517 4149 3657 4205 ἐστιν
3719 4150 3747 4204 ὀ

2099 4236 2356 4311 εἰρηκὼς,
2391 4237 2473 4291 ὅτι
2533 4240 2670 4312 Ἐγώ
2730 4238 2842 4311 εἶμι
2902 4241 2935 4307 ἡ
2996 4236 3262 4310 ἄμπελος,
3301 4239 3455 4311 ὑμεῖς
3499 4239 3566 4293 τά
3602 4236 3749 4309 κλή-

2101 4346 2264 4398 ματα,
2316 4327 2344 4381 ὁ
2407 4327 2709 4401 μονογενής
2765 4332 2861 4381 τοῦ
2919 4332 3052 4381 Θεοῦ
3110 4327 3234 4389 lio:
3290 4328 3379 4383 καὶ
3438 4327 3637 4402 Λόγος,
3690 4328 3752 4382 οὗ

2096 4415 2211 4468 κατ’
2243 4413 2423 4468 εἰκόνα
2478 4416 2756 4470 κτισθεῖσα
2813 4418 2847 4485 ἡ
2906 4415 3217 4491 ἀνθρωπεία
3266 4414 3440 4493 φύσις,
3494 4414 3751 4478 ἐνοειδῶς

2094 4502 2222 4567 τοὺς
2278 4503 2327 4556 έν
2386 4508 2466 4575 τῷ
2521 4504 2678 4559 παντῖ
2754 4503 2883 4580 ἔσχε
2940 4504 3140 4579 λόγους
3204 4507 3277 4567 ώς
3337 4505 3517 4581 μίγμα
3572 4504 3752 4575 πάσης

326 4598 544 4669 quippe
596 4596 803 4652 mistas
834 4595 893 4649 in
926 4612 987 4649 se
1020 4594 1452 4665 quodammodo
1504 4598 1804 4648 creaturas
1847 4594 1981 4648 uni-

2103 4594 2334 4662 ιιτησεως
2371 4609 2385 4628 ⁶
2416 4593 2489 4665 μή
2533 4595 2816 4667 τηρήσασα
2855 4590 2913 4648 δὲ
2954 4595 3043 4648 τὸν
3078 4591 3169 4648 ἕνα
3227 4592 3394 4669 λόγον
3446 4601 3544 4663 τῆς
3605 4590 3745 4655 ἷὸίας

322 4703 523 4741 versas
555 4685 819 4741 continet
858 4689 918 4739 et
960 4682 1427 4752 comprehendit.
1462 4681 1608 4737 Vero
1640 4698 1772 4736 cum
1807 4699 1985 4737 unam

336 4775 583 4848 propria:
615 4780 834 4829 natura:
867 4772 1154 4827 rationem
1190 4788 1303 4825 non
1338 4776 1650 4841 servasset,
1673 4772 1771 4826 sed
1804 4771 1861 4825 in
1895 4789 1987 4826 va-

332 4866 448 4920 rias
502 4866 782 4919 distracta
814 4861 1141 4934 opiniones,
1176 4860 1314 4915 deos
1347 4858 1700 4930 multiplices
1747 4859 1985 4927 coleret,

330 4954 628 5025 propriam
652 4953 882 5007 vineam
915 4968 1030 5006 non
1058 4949 1394 5005 custodivit.
1418 4949 1617 5019 Neque
1639 4950 1795 5003 enim
1828 4953 1986 5005 recta

326 5058 429 5112 per
460 5043 749 5097 mundum
781 5040 961 5097 veluti
1012 5055 1116 5112 per
1161 5038 1481 5111 imaginem
1515 5038 1585 5092 ad
1620 5039 1747 5108 ejus
1782 5038 1985 5094 arche-

326 5136 529 5203 typum
584 5132 839 5203 respexit
871 5148 884 5185 :
916 5130 1027 5185 hoc
1077 5136 1162 5185 est
1207 5145 1273 5183 ex
1325 5128 1500 5183 rebus
1551 5128 1869 5199 procreatis
1910 5130 1981 5183 ad

331 5236 533 5275 earum
565 5220 867 5276 contendit
898 5224 1218 5274 auctorem.

568 5327 706 5382 Filii
736 5328 930 5381 matris
960 5338 1099 5382 mea:
1124 5329 1512 5397 pugnaverunt
1546 5325 1601 5378 in
1633 5341 1739 5379 me.

400 5433 489 5488 Me
523 5432 678 5488 enim
726 5436 1234 5504 oppugnaverunt,
1269 5430 1462 5502 inquit
1511 5448 1753 5503 sponsa,
1786 5449 1851 5487 ac
1881 5434 1979 5488 de-

328 5522 620 5578 fectricem
682 5520 1064 5606 reddider_unt
1111 5521 1406 5579 daemones
1460 5520 1805 5578 desertores.
1863 5523 1979 5579 Hos

402 5670 423 5703 ‘
450 5668 615 5724 Joan.
649 5683 743 5735 xv,
782 5666 834 5720 4.

2097 4681 2328 4758 φύσεως,
2382 4680 2507 4737 ἀλλ’
2556 4681 2631 4744 εἷς
2692 4680 2906 4744 πολλὰς
2962 4680 3119 4753 δόξας
3176 4688 3607 4755 κατατμηθεῖσα,
3658 4682 3750 4736 καὶ

2082 4770 2359 4843 ,πολυθείᾳ
2389 4769 2743 4840 δουλεύσασα,
2774 4773 2862 4827 τὸν
2915 4769 3052 4826 ἴδιον
3111 4769 3411 4845 ἀμπελῶνα
3471 4772 3570 4826 οὐκ
3619 4770 3752 4846 ἐφύ-

2097 4860 2251 4930 λαξεν
2287 4880 2299 4893 ·
2356 4858 2479 4914 οὐδὲ
2528 4860 2629 4936 γὰρ
2692 4859 2941 4924 ἷθυτενῶς
2999 4858 3087 4915 διὰ
3142 4866 3239 4915 τοῦ
3298 4861 3494 4921 παντὸς
3548 4860 3623 4921 ὡς
3679 4857 3752 4914 δι’

2094 4946 2300 5009 εῗκόνος
2358 4948 2501 5021 ἑώρα
2557 4948 2691 5023 πρὸς
2748 4948 2811 5003 τὸ
2863 4947 3194 5023 ἀρχέτυπον,
3248 4947 3440 5023 ἤγουν,
3492 4944 3579 5002 διὰ
3634 4952 3744 5002 τῶν

2094 5033 2348 5089 αἷτιατῶν
2382 5034 2517 5110 πρὸς
2544 5055 2606 5088 το
2637 5032 2830 5091 αἶ’τιον.

2348 5322 2465 5375 Υἱοί
2503 5321 2709 5396 μητρός
2739 5342 2843 5394 μου
2875 5319 3219 5395 ἐμαχέσαντο
3250 5319 3301 5375 ἐν
3332 5318 3479 5392 ἐμοί.

2164 5429 2296 5500 Ἐμὲ
2342 5428 2444 5505 γάρ
2494 5427 2859 5502 ἐπολέμησαν,
2894 5427 3055 5504 φησὶν
3104 5428 3139 5496 ἡ
3196 5426 3382 5504 νύμφη
3432 5424 3624 5498 πάλιν,
3653 5425 3745 5480 καὶ

2088 5512 2406 5593 παραϐάτην
2493 5515 2693 5589 ἔδειξαν
2785 5514 3035 5591 δαίμονες
3112 5514 3446 5572 ἀποστάται.
3506 5514 3745 5579 Τούτους
