4046 6144
386 327 507 388 549

1434 314 1843 377 COMMENT.
1889 311 1971 372 IN
2016 310 2415 373 CANTICUM
2459 313 2766 376 CANTlC.

3683 325 3806 390 550

383 457 486 532 γάρ
513 453 747 525 εἴρηκεν,
791 448 941 512 υἱοὺς
991 448 1199 524 μητρὸς
1246 447 1414 517 αὐτῆς
1454 448 1766 523 τυγχάνειν,
1827 444 1900 504 ὡς
1962 436 2027 508 δὴ

2150 439 2302 495 enim
2334 443 2548 499 matris
2579 462 2700 499 suae
2732 445 2884 501 ﬁlios
2915 447 3079 516 dicit,
3110 449 3330 520 quippe
3365 452 3461 521 qui
3495 470 3629 511 cum
3665 458 3776 513 reli

499 542 728 602 τούτους
765 539 824 595 ἐκ
852 542 984 593 Θεοῦ
1025 538 1333 601 κτισθέντας
1388 536 1522 608 μετά
1569 536 1808 589 πάντων.
1860 529 2039 587 Ἐπεί-

381 654 481 707 περ
515 631 614 686 ὅσα
643 630 915 701 κτίσματα
954 627 1296 702 τυγχάνομεν
1349 624 1399 678 ἐν
1450 624 1578 699 βίῳ,
1628 621 1722 678 κᾶν
1782 616 2035 695 ἄγγελοι,

381 721 476 778 κᾶν
531 721 832 795 ἅνθρωποι,
876 715 975 770 κᾶν
1026 713 1299 787 δαίμονες,
1349 713 1445 768 κ’ἀν
1476 713 1645 782 λίθοι,
1705 712 1777 765 ὡς
1806 707 2033 785 ἀδελφοὶ

383 809 729 887 τυγχάνομεν
810 806 884 867 εἷς
959 804 1161 879 λόγους
1224 800 1668 878 πλαστουργίας·
1733 800 2035 887 σύμπαντες

390 886 894 976 γαργὲπλάσθημεν
954 892 1014 948 ἐκ
1069 896 1201 947 Θεοῦ
1256 892 1672 966 παντεργάτου·
1758 889 1889 945 Εἶτα
1944 886 2036 940 καὶ

394 975 537 1057 λέγει
584 987 718 1057 πρὸς
746 984 908 1046 αὐτάς
938 982 1028 1037 τὸν
1081 980 1282 1056 τρόπον
1333 986 1430 1036 τοῦ
1483 977 1761 1052 πολέμου.
1815 975 2036 1040 Ἔθεντό

395 1045 483 1151 με.
544 1045 874 1153 φυλάκισσαν
962 1067 1014 1123 ἐν
1098 1045 1434 1139 ἀμπελῶνιο
1521 1045 1823 1153 ἀμπελῶνα
1907 1061 2037 1134 ἐμὸν

390 1165 487 1220 οὐκ
536 1151 794 1240 ἕτρύλαξα.
855 1160 940 1215 Ἐν
993 1154 1302 1233 παραδείσῳ
1331 1155 1457 1231 γὰρ,
1506 1155 1662 1229 φησὶ,
1714 1151 2037 1221 πλασθεῖσα,

388 1254 478 1309 καὶ
508 1254 743 1319 τεθεῖσα,
777 1250 914 1304 ὥστε
944 1245 1235 1326 φυλάσσειν
1290 1243 1512 1311 ἐντολὴν
1573 1248 1669 1297 τοῦ
1717 1244 1792 1315 μὴ
1852 1246 2036 1319 φαγεῖν

388 1342 653 1417 ἀκαίρως,
682 1341 771 1394 τὸν
805 1338 972 1410 νόμον
1016 1335 1115 1390 οὐκ
1164 1333 1421 1411 ἐφύλαξα,
1471 1333 1569 1401 τὴν
1622 1330 1848 1398 ἐντολὴν
1899 1351 2037 1405 παρ-

390 1428 540 1502 έϐην.
600 1430 699 1485 Καὶ
746 1428 913 1483 ταῦτα
965 1425 1060 1500 μέν
1115 1420 1357 1499 ὠδύρετο
1408 1422 1545 1499 πρὸς
1595 1420 1722 1483 τοῦς
1776 1418 2043 1496 ἀγγέλους

392 1520 579 1591 δῆθεν.

965 1635 1078 1686 Τῶν
1110 1632 1154 1705 γ’
1194 1631 1470 1706 Πατέρων.

464 1761 669 1817 Λοιπὸν
723 1761 749 1814 ὁ
818 1759 978 1820 αὐτὸς
1034 1757 1164 1830 ἐμὸς
1214 1753 1478 1827 ἀμπελὼν
1542 1754 1602 1808 o6
1672 1772 1737 1825 με
1782 1749 2044 1825 πρότερον

2148 528 2283 600 quis
2342 531 2518 587 rebus
2568 550 2602 587 a
2656 533 2770 589 Deo
2815 536 2936 589 sint
2976 538 3287 607 procreati.
3318 540 3805 614 Quandoquidem

2151 634 2355 674 omnes
2396 637 2522 690 quas
2555 638 2766 678 sumus
2811 623 2867 678 in
2921 626 3165 695 mundo,
3198 632 3498 698 creaturae,
3534 634 3656 689 sive
3700 652 3809 690 an-

2148 707 2292 778 geli,
2341 708 2464 764 sivc
2522 710 2816 779 homines,
2865 714 2985 769 sive
3033 715 3350 784 daemones,
3386 719 3507 775 sive
3556 720 3808 794 lapides,

2152 796 2374 853 ralione
2405 800 2719 856 creationis
2770 807 3049 874 tanquam
3082 804 3291 861 fratres
3322 824 3567 877 sumus;
3602 828 3807 870 omnes

2150 886 2302 941 enim
2335 903 2525 943 rerum
2558 889 2825 944 omnium
2859 890 3053 962 Opifex
3082 897 3234 949 Deus
3262 895 3397 950 fecit
3434 902 3491 951 et
3520 900 3806 957 condidit.

2149 974 2373 1031 Deinde
2402 975 2537 1031 belli
2573 978 2861 1034 rationem
2908 981 3163 1037 declarat
3214 983 3301 1038 his
3336 986 3526 1042 verbis
3561 1004 3573 1041 :
3608 991 3810 1045 Posue-

2149 1068 2285 1118 runt
2340 1081 2428 1121 me
2483 1067 2759 1121 custodem
2813 1069 2876 1122 in
2927 1072 3151 1126 vineis:
3190 1074 3409 1128 vineam
3465 1092 3648 1132 meam
3700 1095 3809 1134 non

2148 1154 2452 1208 custodivi.
2486 1154 2550 1209 In
2595 1156 2868 1225 paradiso
2899 1157 3112 1230 inquit,
3147 1160 3397 1216 formata
3420 1168 3478 1218 et
3507 1164 3807 1238 collocata,

2151 1246 2217 1295 ut
2268 1243 2635 1299 observarem
2694 1248 3041 1303 mandatum
3102 1249 3271 1320 illud,
3322 1269 3394 1307 ne
3441 1256 3805 1312 comederem

2153 1330 2583 1403 intempestive,
2617 1333 2803 1406 legem
2856 1353 2970 1392 non
3017 1339 3328 1409 custodivi,
3361 1345 3642 1400 mandato
3692 1362 3805 1401 non

2152 1419 2569 1491 obtemperavi.
2599 1423 2669 1477 Et
2698 1422 2822 1479 haec
2853 1424 3091 1497 quidem
3127 1443 3262 1483 cum
3293 1431 3519 1502 angelis
3551 1433 3633 1489 ita
3663 1450 3806 1489 con-

2156 1509 2535 1578 querebatur.

2740 1629 2926 1685 Trium
2966 1631 3219 1687 Patrum.

2224 1750 2357 1805 Jam
2405 1750 2569 1806 vinea
2620 1769 2767 1823 mea,
2803 1772 2835 1808 a
2883 1771 3000 1826 qua
3049 1773 3141 1812 me
3189 1758 3451 1830 divulsit,
3507 1761 3813 1836 multiplex

396 1850 673 1919 διέστηκεν
708 1851 742 1919 ἡ
773 1848 1042 1910 πολύθεος
1072 1847 1280 1916 πλάνη,
1313 1846 1400 1899 καὶ
1436 1842 1509 1905 εἷς
1542 1844 1600 1897 ’ὀν
1632 1846 1718 1895 νῦν
1750 1839 2035 1918 ἐφυτεύθην

2755 1811 2766 1823 1
2899 1811 2916 1826 ι
3127 1811 3132 1812 '
3199 1811 3451 1830 ""““"1
3507 1811 3813 1836 ““““““““Ι.’““’-

2155 1838 2397 1894 deorum
2445 1839 2660 1909 cultus,
2694 1845 2752 1896 et
2800 1840 2859 1897 in
2892 1859 3009 1913 qua
3042 1862 3246 1902 rursus
3298 1847 3478 1904 insita
3525 1867 3657 1906 sum
3712 1869 3816 1924 per

397 1945 464 2014 τῇ
512 1939 713 1995 πίστει.
766 1933 1120 2013 Ἀπάγγειλον
1170 1956 1303 2007 μοι,
1359 1932 1415 1986 ’ὸν
1475 1930 1756 2007 ἠγάπησεν
1807 1933 1840 2000 ἡ
1890 1930 2043 2004 ψυχὴ

404 2050 527 2103 μου,
590 2028 642 2082 ἐν
700 2031 777 2099 τῷ
829 2026 928 2094 τὴν
988 2023 1297 2102 ἐπιφάνειαν
1354 2026 1462 2077 τῶν
1494 2021 1763 2091 αἴσθητιῃν
1815 2018 2046 2093 ὑπερκύ-

396 2122 515 2192 ψαι,
540 2117 631 2172 xui
664 2116 739 2178 εἷς
787 2114 913 2176 τοῦς
967 2112 1165 2188 λόγους
1204 2115 1312 2166 τῶν
1361 2113 1569 2179 νοητῶν
1611 2107 1942 2183 παρακύψει,
1995 2105 2048 2161 o'i

393 2206 575 2268 καλῶς
636 2203 1005 2278 θεωρούμενοι
1074 2201 1210 2275 πρὸς
1281 2201 1380 2268 τὴν
1459 2196 1719 2268 ἀλήθεια)
1801 2197 2043 2270 φέρουσι.

391 2299 494 2350 ποῦ
555 2292 867 2366 ποιμαίνεις
915 2290 1185 2368 ἐκτρέφων
1246 2289 1362 2342 κατ’
1412 2287 1607 2362 ἀρετὴν
1654 2285 1744 2340 καὶ
1801 2283 2043 2353 ποτίζων

387 2384 522 2440 κατά
548 2388 751 2459 γνῶσιν
788 2379 931 2454 ὕδωρ
972 2384 1073 2448 ζῶν
1107 2378 1166 2433 ἐκ
1194 2384 1296 2447 τῆς
1327 2374 1552 2431 ἀεννάου
1596 2377 1773 2449 πηγῆς
1830 2374 1894 2428 τά
1954 2375 2045 2427 λο-

387 2473 509 2547 γικά
559 2465 845 2547 πρόϐατα*
894 2468 981 2523 καὶ
1030 2467 1131 2543 γὰρ
1183 2467 1250 2521 οὐ
1305 2465 1469 2538 μόνον
1502 2467 1536 2533 ἡ
1571 2462 1839 2537 ἄμπελος,
1895 2460 2042 2517 ἀλλά

386 2561 476 2615 καὶ
508 2562 536 2615 ὁ
597 2558 767 2620 καλὸς
798 2558 1033 2630 ποιμὴν,
1086 2555 1310 2618 ὁτιθεὶς
1352 2555 1453 2622 τήν
1506 2553 1690 2627 ψυχὴν
1743 2553 1873 2623 ὑπὲρ
1932 2555 2039 2605 τῶν

388 2645 705 2725 προϐάτων,
764 2646 923 2708 αὐτὸς
978 2646 1071 2716 εἴ,
1126 2644 1304 2707 καθὼς
1368 2643 1418 2698 ἐν
1468 2640 1825 2716 Εὐαγγελίοις
1886 2639 2037 2717 ἔφης·

389 2740 477 2793 καὶ
508 2743 615 2792 ποῦ
645 2739 923 2805 ποιτάζεις
953 2734 1002 2789 ἐν
1055 2755 1190 2806 μεση
1204 2728 1393 2807 μϐρίᾳ,
1423 2737 1519 2787 τοῦ
1544 2730 1765 2787 πολλοῦ
1794 2731 2041 2802 καμάτου

392 2826 680 2883 ἀναπαύων
738 2824 789 2879 ἐν
858 2829 936 2895 τῷ
992 2823 1161 2894 ἀσκίῳ
1218 2822 1396 2891 πάσης
1448 2818 1675 2894 ψευδοῦς
1710 2819 2041 2891 ὑπολήψεως

393 2916 525 2993 φωτὶ
585 2922 688 2983 τῆς
746 2911 1087 2985 ἐπιγνώσεώς
1143 2931 1286 2979 σου,
1360 2914 1458 2963 τοῦ
1532 2915 1633 2978 τῆς
1688 2906 2036 2978 δικαιοσύνης

393 3003 599 3074 Ἠλίου,
628 3002 760 3064 τοὺς
795 3000 1273 3069 ἀποπλανηθέντας
1318 3004 1417 3066 τῆς
1445 2995 1573 3052 ὁδοῦ
1610 3004 1709 3063 τῆς
1757 2994 2035 3067 ἀληθείας,

395 3093 480 3146 καὶ
536 3093 609 3156 είς
668 3089 953 3167 κρημνοὺς
1003 3090 1090 3143 καὶ
1155 3088 1416 3163 βάραθρα,
1472 3087 1566 3148 τὰς
1621 3086 1860 3148 ἐναντίας
1891 3086 2035 3162 φημὶ

2158 1928 2356 1995 ﬁdem,
2380 1931 2599 1985 Nuntia
2624 1931 2763 1985 mihi
2781 1948 2941 2004 quem
2967 1949 3154 1991 amore
3179 1937 3465 2009 complexa
3489 1948 3567 1995 est
3598 1942 3813 2009 anima,

2154 2032 2275 2071 mea
2307 2018 2446 2072 dum
2480 2035 2547 2074 ex
2579 2036 2775 2075 rerum
2808 2038 2934 2093 quae
2965 2039 3144 2078 sensu
3178 2026 3604 2099 percipiuntur,
3638 2046 3813 2102 aspe-

2156 2112 2272 2177 ctu,
2297 2108 2366 2162 ad
2401 2125 2737 2181 earumqnm
2772 2116 2968 2167 mente
2996 2117 3052 2168 et
3082 2114 3437 2186 cogitatione
3465 2124 3619 2174 recte
3650 2136 3813 2175 com-

2158 2195 2460 2267 prehensae
2503 2199 2571 2252 ad
2606 2200 2906 2255 veritatem
2940 2202 3185 2271 ducunt,
3216 2203 3670 2278 intelligentiam
3704 2209 3813 2263 tol-

2156 2286 2326 2353 litur;
2373 2287 2472 2340 ubi
2524 2305 2732 2358 pascas
2781 2290 3012 2346 virtutis
3068 2292 3264 2348 cibum
3324 2295 3533 2351 ovibus
3588 2296 3813 2353 ratione

2153 2374 2413 2445 praeditis
2465 2393 2807 2448 suggerens,
2841 2384 2900 2434 et
2949 2396 3112 2450 aqua;
3153 2381 3294 2438 viva!
3342 2388 3543 2454 potum
3593 2402 3662 2440 ex
3714 2404 3812 2458 pe-

2154 2463 2319 2517 renni
2365 2464 2524 2519 fonte
2559 2466 2845 2537 praebens.
2878 2472 2954 2522 Tu
2999 2468 3153 2523 enim
3188 2472 3709 2542 (quemadmodum
3742 2475 3802 2529 in

2152 2551 2479 2624 Evangeliis
2540 2555 2853 2626 proﬁteris)
2913 2574 3028 2612 non
3085 2558 3277 2614 solum
3335 2560 3470 2616 vitis
3528 2577 3621 2630 es,
3697 2565 3798 2619 sed

2149 2644 2328 2695 etiam
2363 2643 2551 2698 bonus
2582 2643 2679 2699 ille
2709 2650 2908 2714 pastor
2924 2646 2964 2716 ⁵,
2999 2646 3098 2717 qui
3144 2648 3315 2718 ponis
3347 2649 3604 2706 animam
3636 2656 3805 2706 tuam

2150 2745 2254 2799 pro
2307 2730 2513 2786 ovibus
2554 2732 2687 2787 tuis.
2722 2732 2969 2788 Ubinam
3006 2736 3198 2805 pascis
3256 2737 3314 2791 in
3365 2738 3630 2807 meridie,
3664 2741 3806 2795 dum

2152 2818 2312 2873 omni
2350 2819 2625 2876 falsitatis
2671 2822 2881 2877 umbra
2921 2824 3212 2891 discussa,
3248 2829 3310 2880 tu
3343 2826 3445 2898 qui
3474 2844 3536 2883 es
3559 2828 3807 2899 justitiae

2152 2906 2269 2976 Sol,
2295 2924 2429 2964 oves
2450 2909 2521 2963 de
2544 2910 2807 2967 veritatis
2837 2910 2929 2967 via
2950 2912 3331 2981 declinantes,
3360 2916 3806 2989 praecipitesque

2148 2993 2208 3051 in
2241 2996 2584 3067 opinionum
2637 3000 3099 3070 perniciosarum
3152 3004 3497 3060 barathrum
3547 3012 3805 3076 ruentes,

2146 3084 2498 3155 cognitionis
2548 3090 2661 3142 tuae
2690 3086 2821 3143 luce
2862 3090 3187 3160 perfundis,
3220 3097 3276 3146 et
3307 3110 3340 3146 a
3371 3094 3568 3148 labore
3617 3094 3799 3150 nimio

392 3179 562 3251 δόξας,
616 3165 1032 3254 κατασυρέντας.
1075 3180 1207 3234 Εἶτα
1248 3176 1479 3239 θέλουσα
1523 3177 1622 3244 τὴν
1675 3174 1847 3230 αἰτίαν
1901 3176 2031 3229 ἀνα-

2150 3174 2427 3229 recreas?
2480 3178 2649 3241 Tum,
2709 3180 2773 3231 ut
2826 3194 3063 3233 causam
3121 3180 3354 3249 doceat,
3411 3184 3795 3252 quamobrem

389 3266 619 3340 διδάξαι,
648 3266 718 3323 δι’
750 3270 811 3337 ἦν
849 3271 998 3337 ζητεῖ
1033 3270 1219 3338 μαθεῖν
1249 3265 1342 3320 τὸν
1369 3265 1535 3319 τόπον
1567 3262 1617 3318 ἐν
1668 3265 1713 3336 ᾧ
1755 3264 2035 3337 ποιμαίνει

382 3380 440 3413 τε
468 3359 554 3413 xui
587 3357 851 3425 κοιτάζει,
885 3357 958 3417 ὡς
990 3351 1223 3428 εἴρηται,
1257 3354 1285 3407 ὁ
1314 3352 1482 3415 καλὸς
1516 3354 1747 3425 ποιμὴν,
1783 3352 2032 3430 φησί’Μή

390 3468 518 3502 ποτε
547 3446 791 3520 γένωμαι
825 3445 898 3506 ὡς
932 3438 1382 3519 περιϐαλλομένη
1419 3440 1501 3495 ἐπ’
1540 3440 1758 3516 ἀγέλαις
1808 3440 2031 3517 ἑταίρων

388 3557 503 3604 σου,
543 3533 733 3610 ἤγουν,
767 3535 994 3603 Μήποτε
1026 3531 1078 3586 ἐν
1109 3536 1188 3603 τῷ
1225 3537 1323 3599 τῆς
1353 3537 1454 3599 σῆς
1483 3527 1833 3592 διδασκαλίας
1868 3530 2034 3603 ἀμοι-

388 3632 568 3700 ρῆσαι,
599 3622 847 3701 γένωμαι
881 3622 953 3683 ὡς
984 3618 1177 3695 ψεῦδος
1212 3616 1533 3693 ἐνδεδυμένη
1584 3618 1667 3672 ἐπ’
1717 3617 2034 3693 ἀλλοτρίαις

383 3717 479 3767 τοῦ
509 3718 604 3767 σοῦ
634 3712 896 3784 ποιμνίου
947 3709 1189 3786 ἀγέλαις,
1235 3715 1336 3778 τῆς
1389 3708 1605 3785 ἀγνοίας
1645 3714 1743 3776 τῆς
1776 3706 2035 3777 ἀληθείας

388 3800 827 3878 συναγελασάσης
862 3820 950 3873 με.

1024 3925 1134 3981 Τοῦ
1165 3920 1410 3979 Ψελλοῦ.

452 4044 514 4101 Ἠ
573 4043 765 4119 νύμφη
834 4044 983 4115 γοῦν,
1036 4038 1358 4113 προκόψασα
1410 4039 1601 4112 μικρὸν
1652 4037 1702 4092 ἐν
1754 4059 2032 4111 μετανοιᾳ,

384 4138 549 4208 φωνεῖ
615 4128 851 4205 μεγάλα,
900 4129 989 4183 καὶ
1041 4133 1190 4200 ζητεῖ
1252 4128 1342 4183 τὸν
1401 4127 1577 4201 Λόγον
1626 4126 1716 4181 xui
1771 4128 2028 4205 νυμφίον.

386 4222 525 4291 Φησὶ
571 4221 674 4297 γὰρ
735 4217 878 4272 οὕτω
939 4218 1076 4291 πρὸς
1135 4216 1318 4283 αὐτὸν,
1378 4214 1558 4289 ὥσπερ
1587 4216 1762 4290 ἐρῶσα
1816 4221 2029 4301 τοῦτον·

381 4306 743 4385 Ἀπάγγειλόν
811 4327 904 4379 μοι
958 4306 1015 4361 ’ὀν
1071 4306 1353 4379 ἠγάπησεν
1412 4307 1446 4374 ἡ
1500 4307 1653 4379 ψυχή
1725 4327 1867 4377 μου,
1926 4311 2031 4361 ποῦ

382 4399 717 4471 ποιμαίνεις,
804 4399 909 4449 ποῦ
980 4395 1247 4463 κοιτάζεις
1304 4395 1355 4449 ἐν
1418 4389 1775 4469 μεσημϐρίᾳ;
1830 4397 2027 4467 Φησίν·

383 4489 466 4544 Ἑν
496 4489 655 4562 τάχει
712 4486 837 4560 Λέγε
899 4504 1014 4557 μοι,
1047 4488 1151 4538 ποῦ
1182 4483 1510 4556 ποιμαίνεις,
1542 4485 1647 4538 ποῦ
1677 4486 1967 4557 κοιτάζεις,
2002 4488 2029 4541 ὁ

385 4576 552 4650 Λόγος
603 4576 665 4631 ὃν
711 4574 976 4649 ἠγάπησα
1027 4576 1213 4647 ψυχῆς
1255 4573 1423 4640 αὐτῆς
1456 4572 1516 4627 ἐκ
1549 4574 1739 4647 μέσης.
1793 4576 1881 4631 Ἐν
1934 4595 2030 4647 με-

385 4661 627 4741 σημϐρίᾷ
689 4664 766 4738 μή
827 4684 960 4717 ποτε
1014 4664 1306 4732 κοιτάζεις,
1357 4663 1673 4740 ὧνυμφίες
1729 4663 2026 4735 Πέπεισμαι

383 4756 479 4831 γάρ
519 4758 773 4827 καθαρῶς
825 4751 877 4806 ἐν
930 4746 1247 4826 μεσημϐρίᾳ
1310 4750 1507 4823 μένειν,
1570 4750 1737 4825 ἤγουν
1792 4751 1865 4813 εἷς
1914 4757 2028 4829 φῶς

384 4843 673 4919 ἀπρόσιτον
712 4839 841 4915 μηδ’
894 4839 1039 4902 ὅλως
1072 4840 1226 4894 σκιάν
1278 4837 1430 4914 ἔχον.
1477 4840 1643 4903 Ἔνθα
1688 4840 1754 4894 τὰ
1785 4837 2030 4916 πρόϐατα

378 4933 445 4986 τά
473 4933 538 4986 σα
565 4931 904 5004 ποιμαίνεις,
957 4932 1091 4983 Θεοῦ
1140 4927 1299 5003 Λόγε,
1347 4926 1436 4981 καὶ
1486 4930 1836 4994 κατατάττεις
1892 4929 2031 4999 ἀλη-

382 5026 488 5084 θῶς
515 5021 655 5098 φωτὶ
689 5023 785 5074 τοῦ
834 5022 929 5073 σοῦ
960 5017 1260 5092 προσώπου
1301 5017 1361 5071 ’ἀν
1411 5017 1462 5071 ἐν
1516 5016 1703 5091 ἐκείνῳ
1755 5021 2028 5097 φθάσωσιν

376 5114 546 5164 ταῦτά
596 5129 682 5163 σοι
737 5111 1119 5171 καθυπνοῦντι.
1167 5109 1301 5162 Εἶτα
1342 5108 1442 5176 τήν
1499 5106 1710 5178 πλάνην
1758 5110 2032 5183 τρέμουσα

376 5202 476 5263 τῆς
532 5197 669 5271 πρὸς
730 5195 931 5251 ἐκεῖνον
980 5190 1198 5269 τρίϐου,
1260 5196 1391 5273 φησῖ
1441 5197 1601 5251 τοῦτο
1660 5196 1796 5271 πρὸς
1846 5197 2029 5269 αὐτὸν,

378 5286 622 5341 τουτέστι
687 5284 778 5339 τὸν
826 5283 1083 5361 νυμφίον·
1136 5285 1229 5354 Μή
1283 5304 1416 5339 ποτε
1463 5286 1706 5360 γένωμαι
1763 5287 1837 5348 ὡς
1878 5308 2030 5363 περι-

384 5372 716 5445 πλανωμένη
787 5372 871 5427 ἐπ’
944 5369 1168 5448 ἀγέλαις
1241 5372 1464 5447 ἑταίρων
1547 5394 1661 5430 σου.
1738 5376 1851 5444 Τὴν
1923 5380 2030 5430 τῶν

382 5456 673 5538 προϐάτων
703 5481 800 5515 σου
829 5461 1024 5533 νομὴν,
1060 5460 1249 5537 φησὶν,
1277 5460 1606 5539 ἀπάγγειλον
1641 5484 1756 5537 μοι.
1809 5462 2035 5521 Δέδοικα

447 5640 477 5713 ,⁵
506 5640 676 5698 Joan.
708 5657 790 5710 χι,
821 5638 909 5695 14.

2146 3265 2541 3333 percontetur,
2575 3281 2689 3336 quo
2727 3264 2788 3319 in
2839 3265 2966 3322 loco
3016 3273 3238 3338 pascat,
3271 3274 3328 3324 et
3358 3270 3551 3339 cubet,
3585 3276 3648 3326 ut
3679 3273 3798 3327 dic-

2148 3358 2270 3406 tum
2301 3357 2411 3421 est,
2446 3353 2635 3409 bonus
2682 3359 2883 3425 pastor
2916 3374 2928 3411 :
2962 3358 3039 3412 Ne
3084 3358 3324 3429 quando,
3359 3360 3571 3431 inquit,
3618 3363 3798 3418 veluti

2144 3442 2515 3497 circumventa
2559 3442 2932 3515 deprehendar
2960 3447 3105 3502 inter
3132 3464 3323 3518 greges
3350 3449 3625 3504 sodalium
3664 3457 3795 3505 tuo-

2145 3546 2291 3600 rum,
2324 3530 2433 3586 hoc
2479 3536 2586 3587 est.
2622 3532 2702 3587 Ne
2752 3535 2986 3604 quando
3044 3536 3245 3608 procul
3296 3554 3329 3592 a
3380 3537 3644 3595 doctrina
3695 3545 3796 3595 tua

2147 3624 2389 3687 remota,
2423 3621 2746 3678 mendaciis
2795 3623 3247 3680 circumscribar
3288 3625 3439 3681 inter
3483 3643 3690 3699 greges
3724 3631 3794 3685 ab

2147 3707 2281 3763 ovili
2321 3711 2618 3779 sejunctas
2668 3715 2790 3781 tuo,
2823 3713 3087 3770 veritatis
3136 3714 3372 3771 inscitia
3401 3732 3496 3771 me
3544 3718 3615 3772 ad
3664 3717 3796 3775 illos

2146 3803 2521 3871 aggregante.

2865 3924 3064 3981 Pselli.

2216 4040 2442 4108 Sponsa
2480 4039 2679 4112 igitur,
2714 4056 2845 4095 cum
2899 4039 3141 4111 paulum
3174 4040 3232 4095 in
3266 4042 3612 4113 paenitentia
3660 4061 3798 4116 pro-

2143 4144 2346 4201 gressa
2377 4129 2473 4197 sit,
2500 4146 2715 4201 magna
2744 4128 3023 4200 loquitur,
3047 4133 3101 4185 et
3124 4131 3381 4186 Verbum
3407 4149 3473 4188 ac
3498 4133 3793 4205 Sponsum

2143 4218 2369 4289 quaerit.
2402 4218 2496 4273 Sic
2547 4219 2705 4273 enim
2739 4219 2955 4290 ipsum,
2989 4223 3271 4290 tanquam
3304 4237 3501 4278 amore
3547 4222 3606 4278 in
3656 4240 3792 4279 eum

2142 4308 2400 4375 incitata,
2433 4307 2748 4379 compellat
2779 4323 2791 4361 :
2828 4308 3017 4363 Indica
3047 4309 3210 4374 mihi,
3242 4326 3404 4380 quem
3437 4311 3641 4368 dilexit
3670 4315 3792 4368 ani-

2141 4415 2230 4452 ma
2264 4414 2405 4467 mea,
2437 4397 2539 4452 ubi
2564 4412 2776 4467 pascas,
2806 4396 2904 4450 ubi
2945 4398 3104 4452 cubes
3132 4399 3194 4451 in
3233 4401 3483 4455 meridie.
3518 4402 3792 4455 Actutum

2142 4486 2253 4556 die,
2296 4485 2512 4557 inquit.
2547 4485 2712 4555 mihi,
2748 4484 2847 4539 ubi
2896 4485 3111 4556 pascis,
3145 4487 3244 4540 ubi
3278 4491 3480 4555 cubas,
3514 4488 3793 4558 Verbum,

2142 4575 2295 4645 quod
2351 4590 2419 4629 ex
2470 4574 2681 4628 intima
2728 4574 2927 4629 anima
2977 4574 3150 4629 dilexi
3197 4591 3347 4629 mea.
3381 4576 3681 4647 Numquid
3733 4578 3794 4632 in

2138 4662 2379 4717 meridie
2410 4662 2687 4733 quiescis,
2720 4678 2934 4733 sponse
2966 4664 3091 4717 mi?
3123 4664 3474 4719 Persuasum
3508 4666 3665 4720 enim
3694 4665 3795 4722 ba-

2138 4752 2267 4821 beo,
2298 4755 2353 4805 te
2385 4752 2609 4822 puriter
2648 4750 2973 4817 meridiari,
3005 4752 3063 4806 in
3113 4750 3242 4807 luce
3298 4751 3576 4807 nimirum
3627 4754 3789 4810 inac-

2139 4856 2323 4909 cessa,
2357 4840 2429 4894 ab
2469 4840 2625 4894 omni
2676 4857 2917 4911 prorsus
2968 4841 3177 4896 umbra
3223 4844 3469 4897 remota.
3505 4842 3613 4898 Ubi
3659 4860 3793 4900 oves

2138 4932 2271 4984 tuas
2303 4927 2514 4999 pascis,
2547 4928 2648 4984 Dei
2680 4930 2955 4997 Verbum,
2990 4946 3055 4984 ac
3096 4945 3228 4985 vere
3257 4929 3523 4987 illustres
3573 4931 3792 4988 lumine

2141 5034 2402 5090 personae
2432 5022 2564 5085 tuaa,
2600 5018 2647 5073 si
2680 5018 2739 5072 in
2768 5017 2867 5073 illo
2898 5019 2970 5072 ad
3002 5023 3058 5073 te
3090 5017 3492 5090 quiescentes:
3526 5037 3790 5078 accesse-

2141 5107 2277 5163 rint.
2314 5111 2519 5162 Postea
2549 5107 3085 5178 pertimescens,ne
3110 5109 3339 5165 aberret
3370 5127 3403 5165 a
3425 5112 3636 5167 semita
3666 5129 3793 5183 quas

2142 5197 2213 5251 ad
2244 5212 2527 5267 sponsum
2562 5195 2744 5259 ducit,
2780 5197 2898 5251 haec
2941 5196 3078 5251 item
3113 5197 3184 5252 ad
3236 5196 3401 5253 illum
3434 5200 3611 5256 verba
3660 5218 3791 5272 pro-

2142 5286 2422 5341 nuntiat:
2465 5286 2541 5340 Ne
2570 5286 2786 5355 quando
2834 5285 3096 5341 oberrans
3144 5288 3203 5341 in
3250 5287 3523 5343 sodalium
3572 5297 3793 5346 tuorum

2140 5390 2327 5446 greges
2369 5377 2672 5443 incurram,
2708 5373 2901 5429 ovium
2938 5378 3173 5429 tuarum
3206 5392 3490 5447 pascuum
3524 5378 3792 5435 demons-

2141 5468 2233 5519 tra
2276 5463 2440 5519 mihi.
2476 5467 2692 5518 Vereor
2724 5463 2899 5534 enim,
2924 5480 2995 5521 ne
3028 5480 3238 5521 cursus
3292 5483 3487 5523 errore
3526 5472 3796 5541 provecta
