  <div class='ocr_page' id='page_1' title='image "/cluster/home/n/w/nwhite01/storage/ocr_20150623/122 pt.2/mdp.39015037401315/283.png"; bbox 0 0 4046 6144; ppageno 0'>
   <div class='ocr_carea' id='block_1_1' title="bbox 287 305 397 364">
    <p class='ocr_par' dir='ltr' id='par_1_1' title="bbox 287 305 397 364">
     <span class='ocr_line' id='line_1_1' title="bbox 287 305 397 364; baseline 0 0"><span class='ocrx_word' id='word_1_1' title='bbox 287 305 397 364; x_wconf 80' lang='grc'>551</span> 
     </span>
    </p>
   </div>
   <div class='ocr_carea' id='block_1_2' title="bbox 1624 295 2369 362">
    <p class='ocr_par' dir='ltr' id='par_1_2' title="bbox 1624 295 2369 362">
     <span class='ocr_line' id='line_1_2' title="bbox 1624 295 2369 362; baseline -0.001 0"><span class='ocrx_word' id='word_1_2' title='bbox 1624 298 2051 362; x_wconf 82' lang='lat' dir='ltr'>MICHAELIS</span> <span class='ocrx_word' id='word_1_3' title='bbox 2094 295 2369 361; x_wconf 86' lang='lat' dir='ltr'>PSELLI</span> 
     </span>
    </p>
   </div>
   <div class='ocr_carea' id='block_1_3' title="bbox 3575 304 3694 365">
    <p class='ocr_par' dir='ltr' id='par_1_3' title="bbox 3575 304 3694 365">
     <span class='ocr_line' id='line_1_3' title="bbox 3575 304 3694 365; baseline 0.017 -2"><span class='ocrx_word' id='word_1_4' title='bbox 3575 304 3694 365; x_wconf 79' lang='lat'>552</span> 
     </span>
    </p>
   </div>
   <div class='ocr_carea' id='block_1_4' title="bbox 287 425 1914 509">
    <p class='ocr_par' dir='ltr' id='par_1_4' title="bbox 287 432 1914 509">
     <span class='ocr_line' id='line_1_4' title="bbox 287 432 1914 509; baseline -0.004 -17"><span class='ocrx_word' id='word_1_5' title='bbox 287 441 493 509; x_wconf 69' lang='lat' dir='ltr'>praeter</span> <span class='ocrx_word' id='word_1_6' title='bbox 524 452 687 508; x_wconf 85' lang='lat' dir='ltr'>spem</span> <span class='ocrx_word' id='word_1_7' title='bbox 719 435 779 491; x_wconf 88' lang='lat' dir='ltr'>in</span> <span class='ocrx_word' id='word_1_8' title='bbox 802 450 1004 507; x_wconf 83' lang='lat' dir='ltr'>greges</span> <span class='ocrx_word' id='word_1_9' title='bbox 1028 438 1087 491; x_wconf 93' lang='lat' dir='ltr'>et</span> <span class='ocrx_word' id='word_1_10' title='bbox 1115 449 1333 506; x_wconf 90' lang='lat' dir='ltr'>pascua</span> <span class='ocrx_word' id='word_1_11' title='bbox 1356 432 1599 489; x_wconf 79' lang='lat' dir='ltr'>forsitan</span> <span class='ocrx_word' id='word_1_12' title='bbox 1628 432 1914 488; x_wconf 68' lang='lat' dir='ltr'>haedorum</span> 
     </span>
    </p>
   </div>
   <div class='ocr_carea' id='block_1_5' title="bbox 2026 425 3693 509">
    <p class='ocr_par' dir='ltr' id='par_1_5' title="bbox 2042 425 3693 508">
     <span class='ocr_line' id='line_1_5' title="bbox 2042 425 3693 508; baseline 0.004 -26"><span class='ocrx_word' id='word_1_13' title='bbox 2042 427 2142 505; x_wconf 76' lang='grc' dir='ltr'>γὰρ</span> <span class='ocrx_word' id='word_1_14' title='bbox 2206 429 2281 502; x_wconf 81' lang='grc' dir='ltr'>μή</span> <span class='ocrx_word' id='word_1_15' title='bbox 2339 428 2607 502; x_wconf 84' lang='grc' dir='ltr'>πλανηθῷ</span> <span class='ocrx_word' id='word_1_16' title='bbox 2661 425 2941 506; x_wconf 75' lang='grc' dir='ltr'>δραμοῦσα</span> <span class='ocrx_word' id='word_1_17' title='bbox 3000 437 3125 508; x_wconf 88' lang='grc' dir='ltr'>παρ’</span> <span class='ocrx_word' id='word_1_18' title='bbox 3180 429 3378 487; x_wconf 80' lang='grc' dir='ltr'>ἐλπίδα</span> <span class='ocrx_word' id='word_1_19' title='bbox 3430 433 3566 508; x_wconf 86' lang='grc' dir='ltr'>πρὸς</span> <span class='ocrx_word' id='word_1_20' title='bbox 3597 436 3693 498; x_wconf 82' lang='grc' dir='ltr'>τὰς</span> 
     </span>
    </p>
   </div>
   <div class='ocr_carea' id='block_1_6' title="bbox 285 520 1937 596">
    <p class='ocr_par' dir='ltr' id='par_1_6' title="bbox 285 520 1937 596">
     <span class='ocr_line' id='line_1_6' title="bbox 285 520 1937 596; baseline -0.004 -14"><span class='ocrx_word' id='word_1_21' title='bbox 285 528 464 595; x_wconf 83' lang='lat' dir='ltr'>lerar;</span> <span class='ocrx_word' id='word_1_22' title='bbox 498 533 676 596; x_wconf 82' lang='lat' dir='ltr'>alque</span> <span class='ocrx_word' id='word_1_23' title='bbox 708 523 788 580; x_wconf 90' lang='lat' dir='ltr'>ita</span> <span class='ocrx_word' id='word_1_24' title='bbox 818 523 1050 595; x_wconf 90' lang='lat' dir='ltr'>lengius</span> <span class='ocrx_word' id='word_1_25' title='bbox 1080 522 1325 577; x_wconf 86' lang='lat' dir='ltr'>divellar</span> <span class='ocrx_word' id='word_1_26' title='bbox 1362 522 1434 577; x_wconf 86' lang='lat' dir='ltr'>ab</span> <span class='ocrx_word' id='word_1_27' title='bbox 1466 522 1674 578; x_wconf 88' lang='lat' dir='ltr'>ovibus</span> <span class='ocrx_word' id='word_1_28' title='bbox 1704 520 1845 591; x_wconf 90' lang='lat' dir='ltr'>tuis,</span> <span class='ocrx_word' id='word_1_29' title='bbox 1878 524 1937 575; x_wconf 92' lang='lat' dir='ltr'>et</span> 
     </span>
    </p>
   </div>
   <div class='ocr_carea' id='block_1_7' title="bbox 286 611 1933 684">
    <p class='ocr_par' dir='ltr' id='par_1_7' title="bbox 286 611 1933 684">
     <span class='ocr_line' id='line_1_7' title="bbox 286 611 1933 684; baseline -0.005 -13"><span class='ocrx_word' id='word_1_30' title='bbox 286 615 558 671; x_wconf 88' lang='lat' dir='ltr'>sinistras</span> <span class='ocrx_word' id='word_1_31' title='bbox 587 614 886 669; x_wconf 74' lang='lat' dir='ltr'>haedorum</span> <span class='ocrx_word' id='word_1_32' title='bbox 921 616 1116 684; x_wconf 78' lang='lat' dir='ltr'>partes</span> <span class='ocrx_word' id='word_1_33' title='bbox 1147 611 1467 677; x_wconf 88' lang='lat' dir='ltr'>obtineam,</span> <span class='ocrx_word' id='word_1_34' title='bbox 1487 626 1622 665; x_wconf 92' lang='lat' dir='ltr'>cum</span> <span class='ocrx_word' id='word_1_35' title='bbox 1656 614 1933 679; x_wconf 85' lang='lat' dir='ltr'>tanquam</span> 
     </span>
    </p>
   </div>
   <div class='ocr_carea' id='block_1_8' title="bbox 281 697 1936 775">
    <p class='ocr_par' dir='ltr' id='par_1_8' title="bbox 281 697 1936 775">
     <span class='ocr_line' id='line_1_8' title="bbox 281 697 1936 775; baseline -0.005 -16"><span class='ocrx_word' id='word_1_36' title='bbox 281 703 529 759; x_wconf 81' lang='lat' dir='ltr'>humani</span> <span class='ocrx_word' id='word_1_37' title='bbox 560 701 794 775; x_wconf 85' lang='lat' dir='ltr'>generis</span> <span class='ocrx_word' id='word_1_38' title='bbox 829 701 1015 772; x_wconf 83' lang='lat' dir='ltr'>judex</span> <span class='ocrx_word' id='word_1_39' title='bbox 1053 699 1296 755; x_wconf 90' lang='lat' dir='ltr'>sederis.</span> <span class='ocrx_word' id='word_1_40' title='bbox 1330 699 1461 754; x_wconf 69' lang='lat' dir='ltr'>Haec</span> <span class='ocrx_word' id='word_1_41' title='bbox 1492 698 1691 754; x_wconf 90' lang='lat' dir='ltr'>anima</span> <span class='ocrx_word' id='word_1_42' title='bbox 1723 697 1936 769; x_wconf 91' lang='lat' dir='ltr'>pudica</span> 
     </span>
    </p>
   </div>
   <div class='ocr_carea' id='block_1_9' title="bbox 281 786 1936 861">
    <p class='ocr_par' dir='ltr' id='par_1_9' title="bbox 281 786 1936 861">
     <span class='ocr_line' id='line_1_9' title="bbox 281 786 1936 861; baseline -0.005 -12"><span class='ocrx_word' id='word_1_43' title='bbox 281 797 337 849; x_wconf 90' lang='lat' dir='ltr'>et</span> <span class='ocrx_word' id='word_1_44' title='bbox 366 792 593 848; x_wconf 85' lang='lat' dir='ltr'>Christo</span> <span class='ocrx_word' id='word_1_45' title='bbox 623 792 980 861; x_wconf 83' lang='lat' dir='ltr'>desponsata</span> <span class='ocrx_word' id='word_1_46' title='bbox 1010 789 1081 843; x_wconf 89' lang='lat' dir='ltr'>ad</span> <span class='ocrx_word' id='word_1_47' title='bbox 1110 788 1402 859; x_wconf 88' lang='lat' dir='ltr'>Sponsum</span> <span class='ocrx_word' id='word_1_48' title='bbox 1434 786 1632 843; x_wconf 90' lang='lat' dir='ltr'>locuta</span> <span class='ocrx_word' id='word_1_49' title='bbox 1652 789 1762 854; x_wconf 91' lang='lat' dir='ltr'>est,</span> <span class='ocrx_word' id='word_1_50' title='bbox 1788 801 1936 841; x_wconf 89' lang='lat' dir='ltr'>com-</span> 
     </span>
    </p>
   </div>
   <div class='ocr_carea' id='block_1_10' title="bbox 283 873 1930 949">
    <p class='ocr_par' dir='ltr' id='par_1_10' title="bbox 283 873 1930 949">
     <span class='ocr_line' id='line_1_10' title="bbox 283 873 1930 949; baseline -0.006 -11"><span class='ocrx_word' id='word_1_51' title='bbox 283 884 430 938; x_wconf 87' lang='lat' dir='ltr'>mori</span> <span class='ocrx_word' id='word_1_52' title='bbox 462 879 727 936; x_wconf 79' lang='lat' dir='ltr'>celeriter</span> <span class='ocrx_word' id='word_1_53' title='bbox 768 895 900 933; x_wconf 85' lang='lat' dir='ltr'>cum</span> <span class='ocrx_word' id='word_1_54' title='bbox 942 877 1071 949; x_wconf 90' lang='lat' dir='ltr'>ipso</span> <span class='ocrx_word' id='word_1_55' title='bbox 1102 876 1366 949; x_wconf 88' lang='lat' dir='ltr'>cupiens.</span> <span class='ocrx_word' id='word_1_56' title='bbox 1400 877 1484 931; x_wconf 92' lang='lat' dir='ltr'>Tu</span> <span class='ocrx_word' id='word_1_57' title='bbox 1537 880 1735 932; x_wconf 89' lang='lat' dir='ltr'>autem</span> <span class='ocrx_word' id='word_1_58' title='bbox 1786 873 1930 930; x_wconf 88' lang='lat' dir='ltr'>mihi</span> 
     </span>
    </p>
   </div>
   <div class='ocr_carea' id='block_1_11' title="bbox 281 964 1930 1043">
    <p class='ocr_par' dir='ltr' id='par_1_11' title="bbox 281 964 1930 1043">
     <span class='ocr_line' id='line_1_11' title="bbox 281 964 1930 1043; baseline -0.005 -15"><span class='ocrx_word' id='word_1_59' title='bbox 281 986 557 1043; x_wconf 82' lang='lat' dir='ltr'>sponsam</span> <span class='ocrx_word' id='word_1_60' title='bbox 591 968 803 1041; x_wconf 86' lang='lat' dir='ltr'>cogita,</span> <span class='ocrx_word' id='word_1_61' title='bbox 830 972 894 1021; x_wconf 91' lang='lat' dir='ltr'>ut</span> <span class='ocrx_word' id='word_1_62' title='bbox 922 967 981 1021; x_wconf 93' lang='lat' dir='ltr'>in</span> <span class='ocrx_word' id='word_1_63' title='bbox 1013 972 1385 1038; x_wconf 87' lang='lat' dir='ltr'>argumento,</span> <span class='ocrx_word' id='word_1_64' title='bbox 1414 970 1636 1021; x_wconf 89' lang='lat' dir='ltr'>castam</span> <span class='ocrx_word' id='word_1_65' title='bbox 1670 964 1930 1019; x_wconf 89' lang='lat' dir='ltr'>animam</span> 
     </span>
    </p>
   </div>
   <div class='ocr_carea' id='block_1_12' title="bbox 278 1052 1930 1127">
    <p class='ocr_par' dir='ltr' id='par_1_12' title="bbox 278 1052 1930 1127">
     <span class='ocr_line' id='line_1_12' title="bbox 278 1052 1930 1127; baseline -0.005 -12"><span class='ocrx_word' id='word_1_66' title='bbox 278 1059 468 1127; x_wconf 87' lang='lat' dir='ltr'>illam,</span> <span class='ocrx_word' id='word_1_67' title='bbox 497 1074 631 1113; x_wconf 89' lang='lat' dir='ltr'>cum</span> <span class='ocrx_word' id='word_1_68' title='bbox 685 1072 893 1126; x_wconf 86' lang='lat' dir='ltr'>magno</span> <span class='ocrx_word' id='word_1_69' title='bbox 934 1054 1112 1110; x_wconf 85' lang='lat' dir='ltr'>Paulo</span> <span class='ocrx_word' id='word_1_70' title='bbox 1161 1055 1232 1111; x_wconf 87' lang='lat' dir='ltr'>ad</span> <span class='ocrx_word' id='word_1_71' title='bbox 1283 1054 1521 1109; x_wconf 91' lang='lat' dir='ltr'>tertium</span> <span class='ocrx_word' id='word_1_72' title='bbox 1571 1052 1805 1119; x_wconf 70' lang='lat' dir='ltr'>cmlum,</span> <span class='ocrx_word' id='word_1_73' title='bbox 1838 1070 1930 1108; x_wconf 89' lang='lat' dir='ltr'>ar-</span> 
     </span>
    </p>
   </div>
   <div class='ocr_carea' id='block_1_13' title="bbox 277 1142 1931 1215">
    <p class='ocr_par' dir='ltr' id='par_1_13' title="bbox 277 1142 1931 1215">
     <span class='ocr_line' id='line_1_13' title="bbox 277 1142 1931 1215; baseline -0.003 -11"><span class='ocrx_word' id='word_1_74' title='bbox 277 1166 423 1204; x_wconf 90' lang='lat' dir='ltr'>cana</span> <span class='ocrx_word' id='word_1_75' title='bbox 454 1147 675 1203; x_wconf 84' lang='lat' dir='ltr'>ratione</span> <span class='ocrx_word' id='word_1_76' title='bbox 708 1144 1027 1212; x_wconf 82' lang='lat' dir='ltr'>sublatam,</span> <span class='ocrx_word' id='word_1_77' title='bbox 1063 1160 1332 1215; x_wconf 73' lang='lat' dir='ltr'>supernae</span> <span class='ocrx_word' id='word_1_78' title='bbox 1365 1142 1715 1210; x_wconf 85' lang='lat' dir='ltr'>Jerusalem,</span> <span class='ocrx_word' id='word_1_79' title='bbox 1748 1142 1805 1197; x_wconf 87' lang='lat' dir='ltr'>id</span> <span class='ocrx_word' id='word_1_80' title='bbox 1841 1146 1931 1199; x_wconf 85' lang='lat' dir='ltr'>est</span> 
     </span>
    </p>
   </div>
   <div class='ocr_carea' id='block_1_14' title="bbox 276 1230 1930 1308">
    <p class='ocr_par' dir='ltr' id='par_1_14' title="bbox 276 1230 1930 1308">
     <span class='ocr_line' id='line_1_14' title="bbox 276 1230 1930 1308; baseline -0.004 -17"><span class='ocrx_word' id='word_1_81' title='bbox 276 1235 535 1308; x_wconf 83' lang='lat' dir='ltr'>angelos.</span> <span class='ocrx_word' id='word_1_82' title='bbox 570 1236 683 1290; x_wconf 90' lang='lat' dir='ltr'>Sed</span> <span class='ocrx_word' id='word_1_83' title='bbox 731 1233 1061 1303; x_wconf 87' lang='lat' dir='ltr'>videamus,</span> <span class='ocrx_word' id='word_1_84' title='bbox 1094 1232 1237 1304; x_wconf 91' lang='lat' dir='ltr'>quid</span> <span class='ocrx_word' id='word_1_85' title='bbox 1282 1231 1481 1286; x_wconf 87' lang='lat' dir='ltr'>dicant</span> <span class='ocrx_word' id='word_1_86' title='bbox 1528 1230 1703 1285; x_wconf 87' lang='lat' dir='ltr'>etiam</span> <span class='ocrx_word' id='word_1_87' title='bbox 1756 1230 1930 1285; x_wconf 81' lang='lat' dir='ltr'>amici</span> 
     </span>
    </p>
   </div>
   <div class='ocr_carea' id='block_1_15' title="bbox 279 1317 1930 1397">
    <p class='ocr_par' dir='ltr' id='par_1_15' title="bbox 279 1317 1930 1397">
     <span class='ocr_line' id='line_1_15' title="bbox 279 1317 1930 1397; baseline -0.005 -17"><span class='ocrx_word' id='word_1_88' title='bbox 279 1324 506 1397; x_wconf 89' lang='lat' dir='ltr'>sponsi,</span> <span class='ocrx_word' id='word_1_89' title='bbox 529 1339 677 1395; x_wconf 92' lang='lat' dir='ltr'>quos</span> <span class='ocrx_word' id='word_1_90' title='bbox 706 1320 873 1375; x_wconf 87' lang='lat' dir='ltr'>initio</span> <span class='ocrx_word' id='word_1_91' title='bbox 895 1319 1153 1375; x_wconf 85' lang='lat' dir='ltr'>diximus</span> <span class='ocrx_word' id='word_1_92' title='bbox 1179 1335 1309 1374; x_wconf 90' lang='lat' dir='ltr'>esse</span> <span class='ocrx_word' id='word_1_93' title='bbox 1340 1317 1527 1373; x_wconf 90' lang='lat' dir='ltr'>ﬁlias:</span> <span class='ocrx_word' id='word_1_94' title='bbox 1553 1321 1609 1372; x_wconf 91' lang='lat' dir='ltr'>et</span> <span class='ocrx_word' id='word_1_95' title='bbox 1638 1317 1930 1388; x_wconf 89' lang='lat' dir='ltr'>quomodo</span> 
     </span>
    </p>
   </div>
   <div class='ocr_carea' id='block_1_16' title="bbox 279 1405 1929 1485">
    <p class='ocr_par' dir='ltr' id='par_1_16' title="bbox 279 1405 1929 1485">
     <span class='ocr_line' id='line_1_16' title="bbox 279 1405 1929 1485; baseline -0.005 -15"><span class='ocrx_word' id='word_1_96' title='bbox 279 1413 483 1485; x_wconf 88' lang='lat' dir='ltr'>sponsi</span> <span class='ocrx_word' id='word_1_97' title='bbox 511 1411 702 1467; x_wconf 91' lang='lat' dir='ltr'>cubile</span> <span class='ocrx_word' id='word_1_98' title='bbox 724 1410 1153 1465; x_wconf 88' lang='lat' dir='ltr'>demonstrent.</span> <span class='ocrx_word' id='word_1_99' title='bbox 1186 1406 1286 1462; x_wconf 84' lang='lat' dir='ltr'>His</span> <span class='ocrx_word' id='word_1_100' title='bbox 1318 1407 1473 1462; x_wconf 89' lang='lat' dir='ltr'>enim</span> <span class='ocrx_word' id='word_1_101' title='bbox 1503 1405 1694 1461; x_wconf 88' lang='lat' dir='ltr'>verbis</span> <span class='ocrx_word' id='word_1_102' title='bbox 1722 1422 1929 1478; x_wconf 91' lang='lat' dir='ltr'>puram</span> 
     </span>
    </p>
   </div>
   <div class='ocr_carea' id='block_1_17' title="bbox 276 1499 1026 1574">
    <p class='ocr_par' dir='ltr' id='par_1_17' title="bbox 276 1499 1026 1574">
     <span class='ocr_line' id='line_1_17' title="bbox 276 1499 1026 1574; baseline -0.008 -17"><span class='ocrx_word' id='word_1_103' title='bbox 276 1503 562 1574; x_wconf 84' lang='lat' dir='ltr'>virginem</span> <span class='ocrx_word' id='word_1_104' title='bbox 597 1499 980 1570; x_wconf 84' lang='lat' dir='ltr'>alloquuntur</span> <span class='ocrx_word' id='word_1_105' title='bbox 1012 1514 1026 1552; x_wconf 88' lang='lat'><strong>:</strong></span> 
     </span>
    </p>
   </div>
   <div class='ocr_carea' id='block_1_18' title="bbox 2046 515 3692 599">
    <p class='ocr_par' dir='ltr' id='par_1_18' title="bbox 2046 515 3692 599">
     <span class='ocr_line' id='line_1_18' title="bbox 2046 515 3692 599; baseline 0.005 -29"><span class='ocrx_word' id='word_1_106' title='bbox 2046 515 2244 591; x_wconf 89' lang='grc' dir='ltr'>ἀγέλας</span> <span class='ocrx_word' id='word_1_107' title='bbox 2294 519 2383 572; x_wconf 85' lang='grc' dir='ltr'>καὶ</span> <span class='ocrx_word' id='word_1_108' title='bbox 2433 517 2605 591; x_wconf 81' lang='grc' dir='ltr'>νομὰς</span> <span class='ocrx_word' id='word_1_109' title='bbox 2646 516 2776 581; x_wconf 59' lang='grc' dir='ltr'>ἴσως</span> <span class='ocrx_word' id='word_1_110' title='bbox 2816 520 2911 582; x_wconf 76' lang='grc' dir='ltr'>τὰς</span> <span class='ocrx_word' id='word_1_111' title='bbox 2951 524 3059 575; x_wconf 89' lang='grc' dir='ltr'>τῶν</span> <span class='ocrx_word' id='word_1_112' title='bbox 3115 519 3312 599; x_wconf 75' lang='grc' dir='ltr'>ἐρίφων</span> <span class='ocrx_word' id='word_1_113' title='bbox 3339 539 3352 554; x_wconf 92' lang='grc'>·</span> <span class='ocrx_word' id='word_1_114' title='bbox 3412 522 3692 587; x_wconf 88' lang='grc' dir='ltr'>κάντεῦθεν</span> 
     </span>
    </p>
   </div>
   <div class='ocr_carea' id='block_1_19' title="bbox 2045 604 3692 684">
    <p class='ocr_par' dir='ltr' id='par_1_19' title="bbox 2045 604 3692 684">
     <span class='ocr_line' id='line_1_19' title="bbox 2045 604 3692 684; baseline 0.005 -25"><span class='ocrx_word' id='word_1_115' title='bbox 2045 604 2402 680; x_wconf 74' lang='grc' dir='ltr'>έλαθήσωμαι</span> <span class='ocrx_word' id='word_1_116' title='bbox 2469 607 2676 683; x_wconf 80' lang='grc' dir='ltr'>μακρὰν</span> <span class='ocrx_word' id='word_1_117' title='bbox 2730 612 2838 663; x_wconf 89' lang='grc' dir='ltr'>τῶν</span> <span class='ocrx_word' id='word_1_118' title='bbox 2900 612 3006 663; x_wconf 87' lang='grc' dir='ltr'>σῶν</span> <span class='ocrx_word' id='word_1_119' title='bbox 3065 604 3380 684; x_wconf 76' lang='grc' dir='ltr'>προϐάτων,</span> <span class='ocrx_word' id='word_1_120' title='bbox 3432 610 3525 666; x_wconf 84' lang='grc' dir='ltr'>καὶ</span> <span class='ocrx_word' id='word_1_121' title='bbox 3582 617 3692 667; x_wconf 87' lang='grc' dir='ltr'>τῶν</span> 
     </span>
    </p>
   </div>
   <div class='ocr_carea' id='block_1_20' title="bbox 2046 692 3695 776">
    <p class='ocr_par' dir='ltr' id='par_1_20' title="bbox 2046 692 3695 776">
     <span class='ocr_line' id='line_1_20' title="bbox 2046 692 3695 776; baseline 0.005 -29"><span class='ocrx_word' id='word_1_122' title='bbox 2046 692 2244 771; x_wconf 81' lang='grc' dir='ltr'>ἐρίφων</span> <span class='ocrx_word' id='word_1_123' title='bbox 2275 692 2519 771; x_wconf 81' lang='grc' dir='ltr'>κερδανῶ</span> <span class='ocrx_word' id='word_1_124' title='bbox 2548 696 2642 759; x_wconf 81' lang='grc' dir='ltr'>τὰς</span> <span class='ocrx_word' id='word_1_125' title='bbox 2675 695 2990 771; x_wconf 77' lang='grc' dir='ltr'>εὐωνύμους</span> <span class='ocrx_word' id='word_1_126' title='bbox 3028 698 3245 772; x_wconf 88' lang='grc' dir='ltr'>μοίρας,</span> <span class='ocrx_word' id='word_1_127' title='bbox 3292 698 3415 757; x_wconf 79' lang='grc' dir='ltr'>ὅταν</span> <span class='ocrx_word' id='word_1_128' title='bbox 3467 698 3695 776; x_wconf 80' lang='grc' dir='ltr'>καθίσῃς</span> 
     </span>
    </p>
   </div>
   <div class='ocr_carea' id='block_1_21' title="bbox 2043 783 3694 863">
    <p class='ocr_par' dir='ltr' id='par_1_21' title="bbox 2043 783 3694 863">
     <span class='ocr_line' id='line_1_21' title="bbox 2043 783 3694 863; baseline 0.005 -26"><span class='ocrx_word' id='word_1_129' title='bbox 2043 783 2117 844; x_wconf 86' lang='grc' dir='ltr'>ὡς</span> <span class='ocrx_word' id='word_1_130' title='bbox 2168 786 2359 859; x_wconf 80' lang='grc' dir='ltr'>κριτής</span> <span class='ocrx_word' id='word_1_131' title='bbox 2412 789 2511 840; x_wconf 87' lang='grc' dir='ltr'>τοῦ</span> <span class='ocrx_word' id='word_1_132' title='bbox 2570 785 2760 861; x_wconf 74' lang='grc' dir='ltr'>γένους</span> <span class='ocrx_word' id='word_1_133' title='bbox 2815 791 2922 841; x_wconf 90' lang='grc' dir='ltr'>τῶν</span> <span class='ocrx_word' id='word_1_134' title='bbox 2982 787 3307 862; x_wconf 79' lang='grc' dir='ltr'>ἀνθρώπων.</span> <span class='ocrx_word' id='word_1_135' title='bbox 3361 792 3543 846; x_wconf 87' lang='grc' dir='ltr'>Ταῦτα</span> <span class='ocrx_word' id='word_1_136' title='bbox 3596 791 3694 863; x_wconf 77' lang='grc' dir='ltr'>μὶν</span> 
     </span>
    </p>
   </div>
   <div class='ocr_carea' id='block_1_22' title="bbox 2043 871 3693 956">
    <p class='ocr_par' dir='ltr' id='par_1_22' title="bbox 2043 871 3693 956">
     <span class='ocr_line' id='line_1_22' title="bbox 2043 871 3693 956; baseline 0.005 -31"><span class='ocrx_word' id='word_1_137' title='bbox 2043 871 2133 925; x_wconf 84' lang='grc' dir='ltr'>οὗν</span> <span class='ocrx_word' id='word_1_138' title='bbox 2188 871 2471 949; x_wconf 82' lang='grc' dir='ltr'>ἐφθέγξατο</span> <span class='ocrx_word' id='word_1_139' title='bbox 2532 873 2748 936; x_wconf 88' lang='grc' dir='ltr'>πάντως</span> <span class='ocrx_word' id='word_1_140' title='bbox 2815 876 2952 951; x_wconf 85' lang='grc' dir='ltr'>πρὸς</span> <span class='ocrx_word' id='word_1_141' title='bbox 3000 876 3090 932; x_wconf 85' lang='grc' dir='ltr'>τὸν</span> <span class='ocrx_word' id='word_1_142' title='bbox 3122 877 3351 954; x_wconf 77' lang='grc' dir='ltr'>νυμφίον</span> <span class='ocrx_word' id='word_1_143' title='bbox 3403 880 3438 948; x_wconf 77' lang='grc' dir='ltr'><strong>ἡ</strong></span> <span class='ocrx_word' id='word_1_144' title='bbox 3490 881 3693 956; x_wconf 69' lang='grc' dir='ltr'>παρθε-</span> 
     </span>
    </p>
   </div>
   <div class='ocr_carea' id='block_1_23' title="bbox 2038 959 3688 1043">
    <p class='ocr_par' dir='ltr' id='par_1_23' title="bbox 2038 959 3688 1043">
     <span class='ocr_line' id='line_1_23' title="bbox 2038 959 3688 1043; baseline 0.007 -30"><span class='ocrx_word' id='word_1_145' title='bbox 2038 959 2265 1016; x_wconf 87' lang='grc' dir='ltr'>νεύουσα</span> <span class='ocrx_word' id='word_1_146' title='bbox 2310 963 2462 1039; x_wconf 81' lang='grc' dir='ltr'>ψυχή</span> <span class='ocrx_word' id='word_1_147' title='bbox 2513 963 2605 1017; x_wconf 88' lang='grc' dir='ltr'>καὶ</span> <span class='ocrx_word' id='word_1_148' title='bbox 2665 964 3215 1042; x_wconf 80' lang='grc' dir='ltr'>νυμφοστολισθεῖσα,</span> <span class='ocrx_word' id='word_1_149' title='bbox 3245 966 3335 1021; x_wconf 80' lang='grc' dir='ltr'>καὶ</span> <span class='ocrx_word' id='word_1_150' title='bbox 3370 966 3688 1043; x_wconf 81' lang='grc' dir='ltr'>βουλομένη</span> 
     </span>
    </p>
   </div>
   <div class='ocr_carea' id='block_1_24' title="bbox 2039 1053 3689 1136">
    <p class='ocr_par' dir='ltr' id='par_1_24' title="bbox 2039 1053 3689 1136">
     <span class='ocr_line' id='line_1_24' title="bbox 2039 1053 3689 1136; baseline 0.006 -32"><span class='ocrx_word' id='word_1_151' title='bbox 2039 1054 2119 1121; x_wconf 77' lang='grc' dir='ltr'>τῷ</span> <span class='ocrx_word' id='word_1_152' title='bbox 2151 1056 2366 1126; x_wconf 82' lang='grc' dir='ltr'>Χριστῷ</span> <span class='ocrx_word' id='word_1_153' title='bbox 2410 1053 2557 1128; x_wconf 84' lang='grc' dir='ltr'>τάχα</span> <span class='ocrx_word' id='word_1_154' title='bbox 2605 1056 3062 1127; x_wconf 80' lang='grc' dir='ltr'>συννεκρωθῆναι.</span> <span class='ocrx_word' id='word_1_155' title='bbox 3115 1055 3190 1110; x_wconf 74' lang='grc' dir='ltr'><strong>Σὺ</strong></span> <span class='ocrx_word' id='word_1_156' title='bbox 3240 1053 3297 1111; x_wconf 82' lang='grc' dir='ltr'>δέ</span> <span class='ocrx_word' id='word_1_157' title='bbox 3331 1077 3421 1130; x_wconf 88' lang='grc' dir='ltr'>μοι</span> <span class='ocrx_word' id='word_1_158' title='bbox 3470 1057 3689 1136; x_wconf 87' lang='grc' dir='ltr'>νύμφην</span> 
     </span>
    </p>
   </div>
   <div class='ocr_carea' id='block_1_25' title="bbox 2040 1139 3685 1223">
    <p class='ocr_par' dir='ltr' id='par_1_25' title="bbox 2040 1139 3685 1223">
     <span class='ocr_line' id='line_1_25' title="bbox 2040 1139 3685 1223; baseline 0.004 -28"><span class='ocrx_word' id='word_1_159' title='bbox 2040 1139 2239 1209; x_wconf 83' lang='grc' dir='ltr'>νόησον</span> <span class='ocrx_word' id='word_1_160' title='bbox 2266 1139 2446 1215; x_wconf 83' lang='grc' dir='ltr'>ὥσπερ</span> <span class='ocrx_word' id='word_1_161' title='bbox 2479 1141 2530 1196; x_wconf 79' lang='grc' dir='ltr'>ἐν</span> <span class='ocrx_word' id='word_1_162' title='bbox 2577 1142 2827 1207; x_wconf 75' lang='grc' dir='ltr'>ὑποθέσει</span> <span class='ocrx_word' id='word_1_163' title='bbox 2864 1145 2965 1212; x_wconf 79' lang='grc' dir='ltr'>τήν</span> <span class='ocrx_word' id='word_1_164' title='bbox 2999 1145 3431 1219; x_wconf 84' lang='grc' dir='ltr'>παρθενεύουσαν</span> <span class='ocrx_word' id='word_1_165' title='bbox 3474 1149 3685 1223; x_wconf 78' lang='grc' dir='ltr'>ψυχήν,</span> 
     </span>
    </p>
   </div>
   <div class='ocr_carea' id='block_1_26' title="bbox 2038 1229 3687 1309">
    <p class='ocr_par' dir='ltr' id='par_1_26' title="bbox 2038 1229 3687 1309">
     <span class='ocr_line' id='line_1_26' title="bbox 2038 1229 3687 1309; baseline 0.006 -26"><span class='ocrx_word' id='word_1_166' title='bbox 2038 1230 2137 1296; x_wconf 65' lang='grc' dir='ltr'>τὴν</span> <span class='ocrx_word' id='word_1_167' title='bbox 2169 1233 2265 1284; x_wconf 89' lang='grc' dir='ltr'>τοῦ</span> <span class='ocrx_word' id='word_1_168' title='bbox 2300 1229 2539 1305; x_wconf 84' lang='grc' dir='ltr'>μεγάλου</span> <span class='ocrx_word' id='word_1_169' title='bbox 2593 1230 2815 1288; x_wconf 80' lang='grc' dir='ltr'>Παύλου</span> <span class='ocrx_word' id='word_1_170' title='bbox 2843 1236 2940 1287; x_wconf 87' lang='grc' dir='ltr'>τοῦ</span> <span class='ocrx_word' id='word_1_171' title='bbox 2978 1233 3113 1307; x_wconf 87' lang='grc' dir='ltr'>πρὸς</span> <span class='ocrx_word' id='word_1_172' title='bbox 3162 1234 3290 1297; x_wconf 72' lang='grc' dir='ltr'>τοὺς</span> <span class='ocrx_word' id='word_1_173' title='bbox 3338 1234 3554 1309; x_wconf 83' lang='grc' dir='ltr'>τρίτους</span> <span class='ocrx_word' id='word_1_174' title='bbox 3601 1237 3687 1293; x_wconf 80' lang='grc' dir='ltr'>οὗο</span> 
     </span>
    </p>
   </div>
   <div class='ocr_carea' id='block_1_27' title="bbox 2042 1317 3684 1400">
    <p class='ocr_par' dir='ltr' id='par_1_27' title="bbox 2042 1317 3684 1400">
     <span class='ocr_line' id='line_1_27' title="bbox 2042 1317 3684 1400; baseline 0.007 -30"><span class='ocrx_word' id='word_1_175' title='bbox 2042 1317 2231 1393; x_wconf 77' lang='grc' dir='ltr'>ρανοὺς</span> <span class='ocrx_word' id='word_1_176' title='bbox 2272 1317 2527 1394; x_wconf 83' lang='grc' dir='ltr'>ἀρθέντος</span> <span class='ocrx_word' id='word_1_177' title='bbox 2575 1319 2903 1398; x_wconf 71' lang='grc' dir='ltr'>ἀπορῥήτως</span> <span class='ocrx_word' id='word_1_178' title='bbox 2956 1329 3058 1392; x_wconf 83' lang='grc' dir='ltr'>τῆς</span> <span class='ocrx_word' id='word_1_179' title='bbox 3116 1320 3227 1377; x_wconf 77' lang='grc' dir='ltr'>ὄίνω</span> <span class='ocrx_word' id='word_1_180' title='bbox 3280 1322 3684 1400; x_wconf 82' lang='grc' dir='ltr'>Ἰερουσαλὴμ,</span> 
     </span>
    </p>
   </div>
   <div class='ocr_carea' id='block_1_28' title="bbox 2037 1407 3687 1491">
    <p class='ocr_par' dir='ltr' id='par_1_28' title="bbox 2037 1407 3687 1491">
     <span class='ocr_line' id='line_1_28' title="bbox 2037 1407 3687 1491; baseline 0.006 -30"><span class='ocrx_word' id='word_1_181' title='bbox 2037 1410 2281 1462; x_wconf 78' lang='grc' dir='ltr'>τουτέστι</span> <span class='ocrx_word' id='word_1_182' title='bbox 2333 1408 2459 1470; x_wconf 79' lang='grc' dir='ltr'>τοὺς</span> <span class='ocrx_word' id='word_1_183' title='bbox 2517 1407 2809 1486; x_wconf 80' lang='grc' dir='ltr'>ἀγγέλους.</span> <span class='ocrx_word' id='word_1_184' title='bbox 2850 1409 3004 1467; x_wconf 80' lang='grc' dir='ltr'>Ἀλλ’</span> <span class='ocrx_word' id='word_1_185' title='bbox 3054 1409 3255 1485; x_wconf 65' lang='grc' dir='ltr'>ἴδωμεν</span> <span class='ocrx_word' id='word_1_186' title='bbox 3285 1414 3375 1467; x_wconf 86' lang='grc' dir='ltr'>καὶ</span> <span class='ocrx_word' id='word_1_187' title='bbox 3417 1413 3471 1468; x_wconf 89' lang='grc' dir='ltr'>τί</span> <span class='ocrx_word' id='word_1_188' title='bbox 3527 1437 3687 1491; x_wconf 89' lang='grc' dir='ltr'>φασιν</span> 
     </span>
    </p>
   </div>
   <div class='ocr_carea' id='block_1_29' title="bbox 2040 1494 3684 1575">
    <p class='ocr_par' dir='ltr' id='par_1_29' title="bbox 2040 1494 3684 1575">
     <span class='ocr_line' id='line_1_29' title="bbox 2040 1494 3684 1575; baseline 0.006 -26"><span class='ocrx_word' id='word_1_189' title='bbox 2040 1497 2092 1549; x_wconf 72' lang='grc' dir='ltr'>οἱ</span> <span class='ocrx_word' id='word_1_190' title='bbox 2154 1494 2310 1573; x_wconf 90' lang='grc' dir='ltr'>φίλοι</span> <span class='ocrx_word' id='word_1_191' title='bbox 2360 1497 2457 1552; x_wconf 84' lang='grc' dir='ltr'>τοῦ</span> <span class='ocrx_word' id='word_1_192' title='bbox 2513 1496 2773 1575; x_wconf 80' lang='grc' dir='ltr'>νυμφίου,</span> <span class='ocrx_word' id='word_1_193' title='bbox 2818 1499 2908 1553; x_wconf 87' lang='grc' dir='ltr'>καὶ</span> <span class='ocrx_word' id='word_1_194' title='bbox 2952 1500 3070 1564; x_wconf 81' lang='grc' dir='ltr'>πῶς</span> <span class='ocrx_word' id='word_1_195' title='bbox 3116 1497 3454 1557; x_wconf 80' lang='grc' dir='ltr'>διδάσκουσιν</span> <span class='ocrx_word' id='word_1_196' title='bbox 3512 1504 3684 1573; x_wconf 73' lang='grc' dir='ltr'>αὐτὴν</span> 
     </span>
    </p>
   </div>
   <div class='ocr_carea' id='block_1_30' title="bbox 273 1583 3685 1667">
    <p class='ocr_par' dir='ltr' id='par_1_30' title="bbox 273 1583 3685 1667">
     <span class='ocr_line' id='line_1_30' title="bbox 273 1583 3685 1667; baseline 0.001 -22"><span class='ocrx_word' id='word_1_197' title='bbox 273 1594 374 1660; x_wconf 78' lang='grc' dir='ltr'>τὴν</span> <span class='ocrx_word' id='word_1_198' title='bbox 406 1591 596 1659; x_wconf 81' lang='grc' dir='ltr'>κοίτην</span> <span class='ocrx_word' id='word_1_199' title='bbox 627 1592 725 1644; x_wconf 87' lang='grc' dir='ltr'>τοῦ</span> <span class='ocrx_word' id='word_1_200' title='bbox 754 1587 1013 1665; x_wconf 89' lang='grc' dir='ltr'>νυμφίου,</span> <span class='ocrx_word' id='word_1_201' title='bbox 1048 1584 1139 1649; x_wconf 67' lang='grc' dir='ltr'>οῦς</span> <span class='ocrx_word' id='word_1_202' title='bbox 1168 1586 1284 1639; x_wconf 83' lang='grc' dir='ltr'>κατ’</span> <span class='ocrx_word' id='word_1_203' title='bbox 1313 1584 1488 1660; x_wconf 72' lang='grc' dir='ltr'>ἀρχὰς</span> <span class='ocrx_word' id='word_1_204' title='bbox 1521 1583 1814 1657; x_wconf 71' lang='grc' dir='ltr'>ε”ρηκαμεν</span> <span class='ocrx_word' id='word_1_205' title='bbox 1844 1588 1940 1639; x_wconf 89' lang='grc' dir='ltr'>τοῦ</span> <span class='ocrx_word' id='word_1_206' title='bbox 1972 1584 2152 1662; x_wconf 86' lang='grc' dir='ltr'>Λόγου</span> <span class='ocrx_word' id='word_1_207' title='bbox 2184 1586 2498 1662; x_wconf 77' lang='grc' dir='ltr'>θυγατέρας.</span> <span class='ocrx_word' id='word_1_208' title='bbox 2536 1588 2676 1643; x_wconf 84' lang='grc' dir='ltr'>Φασὶ</span> <span class='ocrx_word' id='word_1_209' title='bbox 2704 1588 2804 1665; x_wconf 74' lang='grc' dir='ltr'>γὰρ</span> <span class='ocrx_word' id='word_1_210' title='bbox 2838 1587 2981 1645; x_wconf 61' lang='grc' dir='ltr'>οὕτω</span> <span class='ocrx_word' id='word_1_211' title='bbox 3010 1590 3149 1667; x_wconf 80' lang='grc' dir='ltr'>πρὸς</span> <span class='ocrx_word' id='word_1_212' title='bbox 3179 1590 3345 1661; x_wconf 77' lang='grc' dir='ltr'>αὐτὴν</span> <span class='ocrx_word' id='word_1_213' title='bbox 3377 1594 3476 1663; x_wconf 86' lang='grc' dir='ltr'>τήν</span> <span class='ocrx_word' id='word_1_214' title='bbox 3520 1606 3685 1659; x_wconf 89' lang='grc' dir='ltr'>καθα-</span> 
     </span>
    </p>
   </div>
   <div class='ocr_carea' id='block_1_31' title="bbox 276 1678 688 1757">
    <p class='ocr_par' dir='ltr' id='par_1_31' title="bbox 276 1678 688 1757">
     <span class='ocr_line' id='line_1_31' title="bbox 276 1678 688 1757; baseline 0.002 -23"><span class='ocrx_word' id='word_1_215' title='bbox 276 1680 370 1757; x_wconf 81' lang='grc' dir='ltr'>ρὰν</span> <span class='ocrx_word' id='word_1_216' title='bbox 404 1678 688 1753; x_wconf 70' lang='grc' dir='ltr'>παρθένον.</span> 
     </span>
    </p>
   </div>
   <div class='ocr_carea' id='block_1_32' title="bbox 345 1781 2002 1864">
    <p class='ocr_par' dir='ltr' id='par_1_32' title="bbox 345 1781 2002 1864">
     <span class='ocr_line' id='line_1_32' title="bbox 345 1781 2002 1864; baseline -0.005 -21"><span class='ocrx_word' id='word_1_217' title='bbox 345 1787 403 1843; x_wconf 82' lang='lat' dir='ltr'>Sz</span> <span class='ocrx_word' id='word_1_218' title='bbox 452 1789 674 1857; x_wconf 81' lang='lat' dir='ltr'>ignoras</span> <span class='ocrx_word' id='word_1_219' title='bbox 722 1792 771 1840; x_wconf 79' lang='lat' dir='ltr'>te</span> <span class='ocrx_word' id='word_1_220' title='bbox 812 1785 1016 1854; x_wconf 81' lang='lat' dir='ltr'>ipsam,</span> <span class='ocrx_word' id='word_1_221' title='bbox 1066 1799 1099 1837; x_wconf 93' lang='grc' dir='ltr'>ο</span> <span class='ocrx_word' id='word_1_222' title='bbox 1144 1781 1384 1854; x_wconf 77' lang='lat' dir='ltr'>pulchra</span> <span class='ocrx_word' id='word_1_223' title='bbox 1440 1782 1587 1836; x_wconf 76' lang='lat' dir='ltr'>inter</span> <span class='ocrx_word' id='word_1_224' title='bbox 1645 1781 1923 1851; x_wconf 77' lang='lat' dir='ltr'>mulieres,</span> <span class='ocrx_word' id='word_1_225' title='bbox 1959 1798 2002 1864; x_wconf 78' lang='grc' dir='ltr'><strong>Β</strong></span> 
     </span>
    </p>
   </div>
   <div class='ocr_carea' id='block_1_33' title="bbox 272 1870 1922 1949">
    <p class='ocr_par' dir='ltr' id='par_1_33' title="bbox 272 1870 1922 1949">
     <span class='ocr_line' id='line_1_33' title="bbox 272 1870 1922 1949; baseline -0.003 -17"><span class='ocrx_word' id='word_1_226' title='bbox 272 1876 532 1949; x_wconf 80' lang='lat' dir='ltr'>egredere</span> <span class='ocrx_word' id='word_1_227' title='bbox 561 1883 618 1930; x_wconf 85' lang='lat' dir='ltr'>tu</span> <span class='ocrx_word' id='word_1_228' title='bbox 651 1876 712 1928; x_wconf 87' lang='lat' dir='ltr'>in</span> <span class='ocrx_word' id='word_1_229' title='bbox 740 1873 987 1942; x_wconf 75' lang='lat' dir='ltr'>vestigiis</span> <span class='ocrx_word' id='word_1_230' title='bbox 1015 1887 1242 1943; x_wconf 87' lang='lat' dir='ltr'>gregum</span> <span class='ocrx_word' id='word_1_231' title='bbox 1273 1878 1515 1940; x_wconf 81' lang='lat' dir='ltr'>tuorum,</span> <span class='ocrx_word' id='word_1_232' title='bbox 1539 1878 1593 1926; x_wconf 83' lang='lat' dir='ltr'>et</span> <span class='ocrx_word' id='word_1_233' title='bbox 1616 1886 1779 1943; x_wconf 71' lang='lat' dir='ltr'>pasce</span> <span class='ocrx_word' id='word_1_234' title='bbox 1808 1870 1922 1927; x_wconf 68' lang='lat' dir='ltr'>haz-</span> 
     </span>
    </p>
   </div>
   <div class='ocr_carea' id='block_1_34' title="bbox 272 1962 1358 2033">
    <p class='ocr_par' dir='ltr' id='par_1_34' title="bbox 272 1962 1358 2033">
     <span class='ocr_line' id='line_1_34' title="bbox 272 1962 1358 2033; baseline -0.006 -12"><span class='ocrx_word' id='word_1_235' title='bbox 272 1966 370 2021; x_wconf 88' lang='lat' dir='ltr'>dos</span> <span class='ocrx_word' id='word_1_236' title='bbox 400 1974 518 2020; x_wconf 81' lang='lat' dir='ltr'>tuos</span> <span class='ocrx_word' id='word_1_237' title='bbox 550 1965 609 2019; x_wconf 86' lang='lat' dir='ltr'>in</span> <span class='ocrx_word' id='word_1_238' title='bbox 642 1962 1028 2019; x_wconf 81' lang='lat' dir='ltr'>tabernaculis</span> <span class='ocrx_word' id='word_1_239' title='bbox 1052 1970 1358 2033; x_wconf 74' lang='lat' dir='ltr'>pastorum.</span> 
     </span>
    </p>
   </div>
   <div class='ocr_carea' id='block_1_35' title="bbox 342 2136 1919 2213">
    <p class='ocr_par' dir='ltr' id='par_1_35' title="bbox 342 2136 1919 2213">
     <span class='ocr_line' id='line_1_35' title="bbox 342 2136 1919 2213; baseline -0.005 -13"><span class='ocrx_word' id='word_1_240' title='bbox 342 2146 387 2200; x_wconf 93' lang='lat'>0</span> <span class='ocrx_word' id='word_1_241' title='bbox 431 2147 617 2213; x_wconf 91' lang='lat' dir='ltr'>casta,</span> <span class='ocrx_word' id='word_1_242' title='bbox 667 2141 968 2213; x_wconf 84' lang='lat' dir='ltr'>inquiunt,</span> <span class='ocrx_word' id='word_1_243' title='bbox 1019 2138 1218 2195; x_wconf 88' lang='lat' dir='ltr'>anima</span> <span class='ocrx_word' id='word_1_244' title='bbox 1266 2155 1332 2193; x_wconf 89' lang='lat' dir='ltr'>ac</span> <span class='ocrx_word' id='word_1_245' title='bbox 1379 2137 1734 2207; x_wconf 88' lang='lat' dir='ltr'>veneranda,</span> <span class='ocrx_word' id='word_1_246' title='bbox 1766 2136 1813 2192; x_wconf 93' lang='lat' dir='ltr'>si</span> <span class='ocrx_word' id='word_1_247' title='bbox 1848 2137 1919 2192; x_wconf 87' lang='lat' dir='ltr'>ad</span> 
     </span>
    </p>
   </div>
   <div class='ocr_carea' id='block_1_36' title="bbox 272 2226 1918 2303">
    <p class='ocr_par' dir='ltr' id='par_1_36' title="bbox 272 2226 1918 2303">
     <span class='ocr_line' id='line_1_36' title="bbox 272 2226 1918 2303; baseline -0.005 -14"><span class='ocrx_word' id='word_1_248' title='bbox 272 2232 468 2289; x_wconf 89' lang='lat' dir='ltr'>ovium</span> <span class='ocrx_word' id='word_1_249' title='bbox 521 2247 725 2303; x_wconf 86' lang='lat' dir='ltr'>greges</span> <span class='ocrx_word' id='word_1_250' title='bbox 784 2229 950 2301; x_wconf 89' lang='lat' dir='ltr'>cupis</span> <span class='ocrx_word' id='word_1_251' title='bbox 1006 2226 1326 2301; x_wconf 83' lang='lat' dir='ltr'>pervenire,</span> <span class='ocrx_word' id='word_1_252' title='bbox 1379 2242 1554 2281; x_wconf 81' lang='lat' dir='ltr'>nosce</span> <span class='ocrx_word' id='word_1_253' title='bbox 1603 2230 1659 2281; x_wconf 91' lang='lat' dir='ltr'>te</span> <span class='ocrx_word' id='word_1_254' title='bbox 1706 2226 1918 2296; x_wconf 89' lang='lat' dir='ltr'>ipsam,</span> 
     </span>
    </p>
   </div>
   <div class='ocr_carea' id='block_1_37' title="bbox 270 2314 1918 2393">
    <p class='ocr_par' dir='ltr' id='par_1_37' title="bbox 270 2314 1918 2393">
     <span class='ocr_line' id='line_1_37' title="bbox 270 2314 1918 2393; baseline -0.004 -18"><span class='ocrx_word' id='word_1_255' title='bbox 270 2320 464 2393; x_wconf 89' lang='lat' dir='ltr'>qualis</span> <span class='ocrx_word' id='word_1_256' title='bbox 498 2321 647 2376; x_wconf 83' lang='lat' dir='ltr'>facta</span> <span class='ocrx_word' id='word_1_257' title='bbox 695 2319 954 2387; x_wconf 84' lang='lat' dir='ltr'>sis,cum</span> <span class='ocrx_word' id='word_1_258' title='bbox 1008 2320 1182 2372; x_wconf 88' lang='lat' dir='ltr'>antea</span> <span class='ocrx_word' id='word_1_259' title='bbox 1230 2314 1377 2371; x_wconf 88' lang='lat' dir='ltr'>nihil</span> <span class='ocrx_word' id='word_1_260' title='bbox 1426 2314 1666 2370; x_wconf 88' lang='lat' dir='ltr'>omnino</span> <span class='ocrx_word' id='word_1_261' title='bbox 1718 2314 1918 2383; x_wconf 85' lang='lat' dir='ltr'>fueris,</span> 
     </span>
    </p>
   </div>
   <div class='ocr_carea' id='block_1_38' title="bbox 269 2403 1918 2483">
    <p class='ocr_par' dir='ltr' id='par_1_38' title="bbox 269 2403 1918 2483">
     <span class='ocr_line' id='line_1_38' title="bbox 269 2403 1918 2483; baseline -0.004 -17"><span class='ocrx_word' id='word_1_262' title='bbox 269 2411 564 2483; x_wconf 89' lang='lat' dir='ltr'>quomodo</span> <span class='ocrx_word' id='word_1_263' title='bbox 612 2407 839 2464; x_wconf 89' lang='lat' dir='ltr'>Domini</span> <span class='ocrx_word' id='word_1_264' title='bbox 900 2406 1159 2478; x_wconf 82' lang='lat' dir='ltr'>imagine</span> <span class='ocrx_word' id='word_1_265' title='bbox 1215 2405 1299 2461; x_wconf 90' lang='lat' dir='ltr'>sis</span> <span class='ocrx_word' id='word_1_266' title='bbox 1347 2405 1638 2460; x_wconf 86' lang='lat' dir='ltr'>decorata.</span> <span class='ocrx_word' id='word_1_267' title='bbox 1672 2403 1918 2460; x_wconf 87' lang='lat' dir='ltr'>Omnem</span> 
     </span>
    </p>
   </div>
   <div class='ocr_carea' id='block_1_39' title="bbox 271 2491 1917 2565">
    <p class='ocr_par' dir='ltr' id='par_1_39' title="bbox 271 2491 1917 2565">
     <span class='ocr_line' id='line_1_39' title="bbox 271 2491 1917 2565; baseline -0.004 -11"><span class='ocrx_word' id='word_1_268' title='bbox 271 2499 477 2554; x_wconf 90' lang='lat' dir='ltr'>mundi</span> <span class='ocrx_word' id='word_1_269' title='bbox 538 2498 801 2553; x_wconf 80' lang='lat' dir='ltr'>fraudem</span> <span class='ocrx_word' id='word_1_270' title='bbox 851 2495 1101 2561; x_wconf 89' lang='lat' dir='ltr'>declina,</span> <span class='ocrx_word' id='word_1_271' title='bbox 1136 2500 1193 2550; x_wconf 87' lang='lat' dir='ltr'>et</span> <span class='ocrx_word' id='word_1_272' title='bbox 1241 2493 1488 2565; x_wconf 88' lang='lat' dir='ltr'>vestigia</span> <span class='ocrx_word' id='word_1_273' title='bbox 1539 2508 1783 2565; x_wconf 76' lang='lat' dir='ltr'>gregum</span> <span class='ocrx_word' id='word_1_274' title='bbox 1835 2491 1917 2548; x_wconf 90' lang='lat' dir='ltr'>sic</span> 
     </span>
    </p>
   </div>
   <div class='ocr_carea' id='block_1_40' title="bbox 268 2582 1918 2659">
    <p class='ocr_par' dir='ltr' id='par_1_40' title="bbox 268 2582 1918 2659">
     <span class='ocr_line' id='line_1_40' title="bbox 268 2582 1918 2659; baseline -0.004 -17"><span class='ocrx_word' id='word_1_275' title='bbox 268 2587 526 2659; x_wconf 87' lang='lat' dir='ltr'>explora,</span> <span class='ocrx_word' id='word_1_276' title='bbox 562 2591 625 2641; x_wconf 92' lang='lat' dir='ltr'>ut</span> <span class='ocrx_word' id='word_1_277' title='bbox 673 2602 801 2657; x_wconf 70' lang='lat' dir='ltr'>quas</span> <span class='ocrx_word' id='word_1_278' title='bbox 850 2584 922 2640; x_wconf 88' lang='lat' dir='ltr'>ad</span> <span class='ocrx_word' id='word_1_279' title='bbox 955 2583 1107 2639; x_wconf 83' lang='lat' dir='ltr'>viam</span> <span class='ocrx_word' id='word_1_280' title='bbox 1158 2582 1411 2654; x_wconf 85' lang='lat' dir='ltr'>amplam</span> <span class='ocrx_word' id='word_1_281' title='bbox 1463 2582 1761 2653; x_wconf 86' lang='lat' dir='ltr'>latamque</span> <span class='ocrx_word' id='word_1_282' title='bbox 1806 2582 1918 2636; x_wconf 88' lang='lat' dir='ltr'>du-</span> 
     </span>
    </p>
   </div>
   <div class='ocr_carea' id='block_1_41' title="bbox 266 2669 1915 2746">
    <p class='ocr_par' dir='ltr' id='par_1_41' title="bbox 266 2669 1915 2746">
     <span class='ocr_line' id='line_1_41' title="bbox 266 2669 1915 2746; baseline -0.003 -15"><span class='ocrx_word' id='word_1_283' title='bbox 266 2681 428 2744; x_wconf 88' lang='lat' dir='ltr'>cunt,</span> <span class='ocrx_word' id='word_1_284' title='bbox 476 2675 769 2746; x_wconf 87' lang='lat' dir='ltr'>despicias</span> <span class='ocrx_word' id='word_1_285' title='bbox 827 2678 1002 2745; x_wconf 87' lang='lat' dir='ltr'>atque</span> <span class='ocrx_word' id='word_1_286' title='bbox 1047 2671 1289 2727; x_wconf 89' lang='lat' dir='ltr'>oderis:</span> <span class='ocrx_word' id='word_1_287' title='bbox 1335 2675 1473 2727; x_wconf 91' lang='lat' dir='ltr'>sunt</span> <span class='ocrx_word' id='word_1_288' title='bbox 1520 2669 1674 2726; x_wconf 88' lang='lat' dir='ltr'>enim</span> <span class='ocrx_word' id='word_1_289' title='bbox 1724 2670 1915 2726; x_wconf 83' lang='lat' dir='ltr'>haedo-</span> 
     </span>
    </p>
   </div>
   <div class='ocr_carea' id='block_1_42' title="bbox 267 2760 1915 2831">
    <p class='ocr_par' dir='ltr' id='par_1_42' title="bbox 267 2760 1915 2831">
     <span class='ocr_line' id='line_1_42' title="bbox 267 2760 1915 2831; baseline -0.003 -11"><span class='ocrx_word' id='word_1_290' title='bbox 267 2781 421 2820; x_wconf 89' lang='lat' dir='ltr'>rum.</span> <span class='ocrx_word' id='word_1_291' title='bbox 455 2765 590 2828; x_wconf 82' lang='lat' dir='ltr'>Quae</span> <span class='ocrx_word' id='word_1_292' title='bbox 622 2779 754 2818; x_wconf 89' lang='lat' dir='ltr'>vero</span> <span class='ocrx_word' id='word_1_293' title='bbox 800 2762 871 2817; x_wconf 88' lang='lat' dir='ltr'>ad</span> <span class='ocrx_word' id='word_1_294' title='bbox 922 2760 1130 2817; x_wconf 90' lang='lat' dir='ltr'>callem</span> <span class='ocrx_word' id='word_1_295' title='bbox 1163 2764 1484 2831; x_wconf 89' lang='lat' dir='ltr'>angustum</span> <span class='ocrx_word' id='word_1_296' title='bbox 1529 2764 1706 2831; x_wconf 91' lang='lat' dir='ltr'>atque</span> <span class='ocrx_word' id='word_1_297' title='bbox 1746 2776 1915 2831; x_wconf 88' lang='lat' dir='ltr'>aspe-</span> 
     </span>
    </p>
   </div>
   <div class='ocr_carea' id='block_1_43' title="bbox 270 2847 1914 2921">
    <p class='ocr_par' dir='ltr' id='par_1_43' title="bbox 270 2847 1914 2921">
     <span class='ocr_line' id='line_1_43' title="bbox 270 2847 1914 2921; baseline -0.002 -13"><span class='ocrx_word' id='word_1_298' title='bbox 270 2870 401 2909; x_wconf 91' lang='lat' dir='ltr'>rum</span> <span class='ocrx_word' id='word_1_299' title='bbox 454 2853 728 2919; x_wconf 90' lang='lat' dir='ltr'>tendunt,</span> <span class='ocrx_word' id='word_1_300' title='bbox 792 2848 1007 2921; x_wconf 88' lang='lat' dir='ltr'>diligas</span> <span class='ocrx_word' id='word_1_301' title='bbox 1064 2852 1122 2904; x_wconf 89' lang='lat' dir='ltr'>et</span> <span class='ocrx_word' id='word_1_302' title='bbox 1179 2847 1586 2920; x_wconf 90' lang='lat' dir='ltr'>complcctaris</span> <span class='ocrx_word' id='word_1_303' title='bbox 1648 2865 1663 2904; x_wconf 86' lang='lat'><strong>:</strong></span> <span class='ocrx_word' id='word_1_304' title='bbox 1718 2848 1914 2904; x_wconf 89' lang='lat' dir='ltr'>ovium</span> 
     </span>
    </p>
   </div>
   <div class='ocr_carea' id='block_1_44' title="bbox 268 2937 1916 3010">
    <p class='ocr_par' dir='ltr' id='par_1_44' title="bbox 268 2937 1916 3010">
     <span class='ocr_line' id='line_1_44' title="bbox 268 2937 1916 3010; baseline -0.002 -12"><span class='ocrx_word' id='word_1_305' title='bbox 268 2942 425 2999; x_wconf 90' lang='lat' dir='ltr'>enim</span> <span class='ocrx_word' id='word_1_306' title='bbox 477 2944 636 2997; x_wconf 90' lang='lat' dir='ltr'>sunt.</span> <span class='ocrx_word' id='word_1_307' title='bbox 687 2939 934 2996; x_wconf 87' lang='lat' dir='ltr'>Proinde</span> <span class='ocrx_word' id='word_1_308' title='bbox 982 2953 1138 3009; x_wconf 90' lang='lat' dir='ltr'>cave,</span> <span class='ocrx_word' id='word_1_309' title='bbox 1180 2953 1251 2992; x_wconf 90' lang='lat' dir='ltr'>ne</span> <span class='ocrx_word' id='word_1_310' title='bbox 1298 2937 1600 2994; x_wconf 68' lang='lat' dir='ltr'>baadorum</span> <span class='ocrx_word' id='word_1_311' title='bbox 1651 2937 1916 3010; x_wconf 84' lang='lat' dir='ltr'>vestigiis</span> 
     </span>
    </p>
   </div>
   <div class='ocr_carea' id='block_1_45' title="bbox 269 3029 582 3104">
    <p class='ocr_par' dir='ltr' id='par_1_45' title="bbox 269 3029 582 3104">
     <span class='ocr_line' id='line_1_45' title="bbox 269 3029 582 3104; baseline -0.01 -17"><span class='ocrx_word' id='word_1_312' title='bbox 269 3029 582 3104; x_wconf 87' lang='lat' dir='ltr'>decipiare.</span> 
     </span>
    </p>
   </div>
   <div class='ocr_carea' id='block_1_46' title="bbox 791 3133 1389 3191">
    <p class='ocr_par' dir='ltr' id='par_1_46' title="bbox 791 3133 1389 3191">
     <span class='ocr_line' id='line_1_46' title="bbox 791 3133 1389 3191; baseline -0.005 0"><span class='ocrx_word' id='word_1_313' title='bbox 791 3136 874 3191; x_wconf 76' lang='lat' dir='ltr'>Ea:</span> <span class='ocrx_word' id='word_1_314' title='bbox 904 3133 1080 3191; x_wconf 81' lang='lat' dir='ltr'>tribus</span> <span class='ocrx_word' id='word_1_315' title='bbox 1107 3133 1389 3190; x_wconf 79' lang='lat' dir='ltr'>Patribus.</span> 
     </span>
    </p>
   </div>
   <div class='ocr_carea' id='block_1_47' title="bbox 339 3220 1912 3297">
    <p class='ocr_par' dir='ltr' id='par_1_47' title="bbox 339 3220 1912 3297">
     <span class='ocr_line' id='line_1_47' title="bbox 339 3220 1912 3297; baseline -0.003 -15"><span class='ocrx_word' id='word_1_316' title='bbox 339 3225 719 3297; x_wconf 77' lang='lat' dir='ltr'>Respondeas</span> <span class='ocrx_word' id='word_1_317' title='bbox 750 3223 931 3297; x_wconf 87' lang='lat' dir='ltr'>igitur</span> <span class='ocrx_word' id='word_1_318' title='bbox 950 3224 1023 3279; x_wconf 91' lang='lat' dir='ltr'>ad</span> <span class='ocrx_word' id='word_1_319' title='bbox 1046 3222 1198 3279; x_wconf 87' lang='lat' dir='ltr'>hanc</span> <span class='ocrx_word' id='word_1_320' title='bbox 1218 3239 1286 3279; x_wconf 83' lang='lat' dir='ltr'>ex</span> <span class='ocrx_word' id='word_1_321' title='bbox 1311 3222 1586 3297; x_wconf 89' lang='lat' dir='ltr'>gentibus</span> <span class='ocrx_word' id='word_1_322' title='bbox 1607 3220 1912 3278; x_wconf 82' lang='lat' dir='ltr'>collectam</span> 
     </span>
    </p>
   </div>
   <div class='ocr_carea' id='block_1_48' title="bbox 263 3309 1913 3383">
    <p class='ocr_par' dir='ltr' id='par_1_48' title="bbox 263 3309 1913 3383">
     <span class='ocr_line' id='line_1_48' title="bbox 263 3309 1913 3383; baseline -0.003 -13"><span class='ocrx_word' id='word_1_323' title='bbox 263 3314 581 3371; x_wconf 88' lang='lat' dir='ltr'>Ecclesiam</span> <span class='ocrx_word' id='word_1_324' title='bbox 616 3314 822 3369; x_wconf 85' lang='lat' dir='ltr'>Pastor</span> <span class='ocrx_word' id='word_1_325' title='bbox 858 3313 1072 3381; x_wconf 89' lang='lat' dir='ltr'>bonus,</span> <span class='ocrx_word' id='word_1_326' title='bbox 1102 3321 1157 3367; x_wconf 85' lang='lat' dir='ltr'>et</span> <span class='ocrx_word' id='word_1_327' title='bbox 1202 3316 1467 3383; x_wconf 90' lang='lat' dir='ltr'>Sponsus</span> <span class='ocrx_word' id='word_1_328' title='bbox 1497 3310 1688 3383; x_wconf 90' lang='lat' dir='ltr'>ipsius</span> <span class='ocrx_word' id='word_1_329' title='bbox 1721 3324 1737 3370; x_wconf 86' lang='lat'><strong>:</strong></span> <span class='ocrx_word' id='word_1_330' title='bbox 1769 3309 1831 3365; x_wconf 88' lang='lat' dir='ltr'>Si</span> <span class='ocrx_word' id='word_1_331' title='bbox 1857 3315 1913 3365; x_wconf 81' lang='lat' dir='ltr'>te</span> 
     </span>
    </p>
   </div>
   <div class='ocr_carea' id='block_1_49' title="bbox 263 3398 1909 3477">
    <p class='ocr_par' dir='ltr' id='par_1_49' title="bbox 263 3398 1909 3477">
     <span class='ocr_line' id='line_1_49' title="bbox 263 3398 1909 3477; baseline -0.004 -18"><span class='ocrx_word' id='word_1_332' title='bbox 263 3405 467 3477; x_wconf 78' lang='lat' dir='ltr'>ipsam,</span> <span class='ocrx_word' id='word_1_333' title='bbox 502 3403 717 3474; x_wconf 84' lang='lat' dir='ltr'>inquit,</span> <span class='ocrx_word' id='word_1_334' title='bbox 749 3417 858 3457; x_wconf 82' lang='lat' dir='ltr'>non</span> <span class='ocrx_word' id='word_1_335' title='bbox 902 3402 1091 3457; x_wconf 82' lang='lat' dir='ltr'>nosti:</span> <span class='ocrx_word' id='word_1_336' title='bbox 1119 3401 1170 3456; x_wconf 92' lang='lat' dir='ltr'>si</span> <span class='ocrx_word' id='word_1_337' title='bbox 1220 3400 1455 3473; x_wconf 89' lang='lat' dir='ltr'>ignoras</span> <span class='ocrx_word' id='word_1_338' title='bbox 1503 3403 1560 3455; x_wconf 89' lang='lat' dir='ltr'>te</span> <span class='ocrx_word' id='word_1_339' title='bbox 1611 3399 1820 3470; x_wconf 88' lang='lat' dir='ltr'>ipsam,</span> <span class='ocrx_word' id='word_1_340' title='bbox 1850 3398 1909 3453; x_wconf 91' lang='lat' dir='ltr'>in</span> 
     </span>
    </p>
   </div>
   <div class='ocr_carea' id='block_1_50' title="bbox 263 3488 1909 3565">
    <p class='ocr_par' dir='ltr' id='par_1_50' title="bbox 263 3488 1909 3565">
     <span class='ocr_line' id='line_1_50' title="bbox 263 3488 1909 3565; baseline -0.004 -17"><span class='ocrx_word' id='word_1_341' title='bbox 263 3509 380 3565; x_wconf 90' lang='lat' dir='ltr'>qua</span> <span class='ocrx_word' id='word_1_342' title='bbox 409 3508 512 3563; x_wconf 85' lang='lat' dir='ltr'>ego</span> <span class='ocrx_word' id='word_1_343' title='bbox 543 3491 644 3563; x_wconf 91' lang='lat' dir='ltr'>qui</span> <span class='ocrx_word' id='word_1_344' title='bbox 675 3489 1082 3546; x_wconf 88' lang='lat' dir='ltr'>circumscribi</span> <span class='ocrx_word' id='word_1_345' title='bbox 1112 3504 1361 3562; x_wconf 88' lang='lat' dir='ltr'>nequeo,</span> <span class='ocrx_word' id='word_1_346' title='bbox 1390 3488 1720 3560; x_wconf 89' lang='lat' dir='ltr'>descriptus</span> <span class='ocrx_word' id='word_1_347' title='bbox 1750 3503 1909 3557; x_wconf 90' lang='lat' dir='ltr'>sum,</span> 
     </span>
    </p>
   </div>
   <div class='ocr_carea' id='block_1_51' title="bbox 262 3577 1908 3652">
    <p class='ocr_par' dir='ltr' id='par_1_51' title="bbox 262 3577 1908 3652">
     <span class='ocr_line' id='line_1_51' title="bbox 262 3577 1908 3652; baseline -0.004 -14"><span class='ocrx_word' id='word_1_348' title='bbox 262 3586 319 3638; x_wconf 88' lang='lat' dir='ltr'>et</span> <span class='ocrx_word' id='word_1_349' title='bbox 348 3581 502 3637; x_wconf 87' lang='lat' dir='ltr'>sicut</span> <span class='ocrx_word' id='word_1_350' title='bbox 546 3580 604 3634; x_wconf 93' lang='lat' dir='ltr'>in</span> <span class='ocrx_word' id='word_1_351' title='bbox 638 3578 896 3652; x_wconf 82' lang='lat' dir='ltr'>imagine</span> <span class='ocrx_word' id='word_1_352' title='bbox 940 3577 1345 3650; x_wconf 88' lang='lat' dir='ltr'>archetypum,</span> <span class='ocrx_word' id='word_1_353' title='bbox 1378 3594 1584 3633; x_wconf 88' lang='lat' dir='ltr'>cernor</span> <span class='ocrx_word' id='word_1_354' title='bbox 1617 3593 1630 3631; x_wconf 89' lang='lat'><strong>:</strong></span> <span class='ocrx_word' id='word_1_355' title='bbox 1661 3580 1719 3632; x_wconf 91' lang='lat' dir='ltr'>et</span> <span class='ocrx_word' id='word_1_356' title='bbox 1750 3593 1783 3631; x_wconf 89' lang='lat' dir='ltr'>a</span> <span class='ocrx_word' id='word_1_357' title='bbox 1813 3593 1908 3631; x_wconf 85' lang='lat' dir='ltr'>ra-</span> 
     </span>
    </p>
   </div>
   <div class='ocr_carea' id='block_1_52' title="bbox 261 3665 1909 3739">
    <p class='ocr_par' dir='ltr' id='par_1_52' title="bbox 261 3665 1909 3739">
     <span class='ocr_line' id='line_1_52' title="bbox 261 3665 1909 3739; baseline -0.002 -14"><span class='ocrx_word' id='word_1_358' title='bbox 261 3670 419 3725; x_wconf 88' lang='lat' dir='ltr'>tione</span> <span class='ocrx_word' id='word_1_359' title='bbox 445 3668 665 3724; x_wconf 90' lang='lat' dir='ltr'>alienos</span> <span class='ocrx_word' id='word_1_360' title='bbox 690 3683 901 3724; x_wconf 84' lang='lat' dir='ltr'>sensus</span> <span class='ocrx_word' id='word_1_361' title='bbox 924 3670 1057 3723; x_wconf 91' lang='lat' dir='ltr'>tuos</span> <span class='ocrx_word' id='word_1_362' title='bbox 1088 3666 1315 3739; x_wconf 89' lang='lat' dir='ltr'>corrigo</span> <span class='ocrx_word' id='word_1_363' title='bbox 1341 3682 1353 3722; x_wconf 91' lang='lat'>:</span> <span class='ocrx_word' id='word_1_364' title='bbox 1378 3672 1434 3722; x_wconf 89' lang='lat' dir='ltr'>et</span> <span class='ocrx_word' id='word_1_365' title='bbox 1455 3665 1909 3722; x_wconf 87' lang='lat' dir='ltr'>comminatione</span> 
     </span>
    </p>
   </div>
   <div class='ocr_carea' id='block_1_53' title="bbox 260 3754 1909 3831">
    <p class='ocr_par' dir='ltr' id='par_1_53' title="bbox 260 3754 1909 3831">
     <span class='ocr_line' id='line_1_53' title="bbox 260 3754 1909 3831; baseline -0.002 -17"><span class='ocrx_word' id='word_1_366' title='bbox 260 3758 429 3831; x_wconf 87' lang='lat' dir='ltr'>quasi</span> <span class='ocrx_word' id='word_1_367' title='bbox 459 3758 640 3831; x_wconf 87' lang='lat' dir='ltr'>virga,</span> <span class='ocrx_word' id='word_1_368' title='bbox 667 3755 1095 3830; x_wconf 87' lang='lat' dir='ltr'>promissisque</span> <span class='ocrx_word' id='word_1_369' title='bbox 1119 3760 1395 3828; x_wconf 90' lang='lat' dir='ltr'>tanquam</span> <span class='ocrx_word' id='word_1_370' title='bbox 1430 3754 1630 3810; x_wconf 82' lang='lat' dir='ltr'>ﬁstula</span> <span class='ocrx_word' id='word_1_371' title='bbox 1655 3756 1724 3809; x_wconf 87' lang='lat' dir='ltr'>ad</span> <span class='ocrx_word' id='word_1_372' title='bbox 1748 3759 1909 3811; x_wconf 68' lang='lat' dir='ltr'>aeter-</span> 
     </span>
    </p>
   </div>
   <div class='ocr_carea' id='block_1_54' title="bbox 258 3844 1906 3917">
    <p class='ocr_par' dir='ltr' id='par_1_54' title="bbox 258 3844 1906 3917">
     <span class='ocr_line' id='line_1_54' title="bbox 258 3844 1906 3917; baseline -0.001 -14"><span class='ocrx_word' id='word_1_373' title='bbox 258 3865 365 3903; x_wconf 88' lang='lat' dir='ltr'>nas</span> <span class='ocrx_word' id='word_1_374' title='bbox 391 3852 447 3903; x_wconf 89' lang='lat' dir='ltr'>te</span> <span class='ocrx_word' id='word_1_375' title='bbox 470 3846 668 3903; x_wconf 83' lang='lat' dir='ltr'>caulas</span> <span class='ocrx_word' id='word_1_376' title='bbox 691 3848 863 3916; x_wconf 86' lang='lat' dir='ltr'>duco,</span> <span class='ocrx_word' id='word_1_377' title='bbox 889 3846 946 3901; x_wconf 93' lang='lat' dir='ltr'>in</span> <span class='ocrx_word' id='word_1_378' title='bbox 973 3844 1189 3917; x_wconf 93' lang='lat' dir='ltr'>quibus</span> <span class='ocrx_word' id='word_1_379' title='bbox 1214 3846 1474 3900; x_wconf 89' lang='lat' dir='ltr'>secundo</span> <span class='ocrx_word' id='word_1_380' title='bbox 1500 3844 1750 3900; x_wconf 85' lang='lat' dir='ltr'>adventu</span> <span class='ocrx_word' id='word_1_381' title='bbox 1780 3860 1906 3901; x_wconf 90' lang='lat' dir='ltr'>meo</span> 
     </span>
    </p>
   </div>
   <div class='ocr_carea' id='block_1_55' title="bbox 256 3932 1907 4008">
    <p class='ocr_par' dir='ltr' id='par_1_55' title="bbox 256 3932 1907 4008">
     <span class='ocr_line' id='line_1_55' title="bbox 256 3932 1907 4008; baseline -0.002 -15"><span class='ocrx_word' id='word_1_382' title='bbox 256 3940 312 3993; x_wconf 88' lang='lat' dir='ltr'>te</span> <span class='ocrx_word' id='word_1_383' title='bbox 344 3937 556 3993; x_wconf 79' lang='lat' dir='ltr'>faciam</span> <span class='ocrx_word' id='word_1_384' title='bbox 596 3936 1029 4008; x_wconf 88' lang='lat' dir='ltr'>conquiescere,</span> <span class='ocrx_word' id='word_1_385' title='bbox 1061 3951 1194 3990; x_wconf 92' lang='lat' dir='ltr'>cum</span> <span class='ocrx_word' id='word_1_386' title='bbox 1228 3938 1468 4007; x_wconf 85' lang='lat' dir='ltr'>propter</span> <span class='ocrx_word' id='word_1_387' title='bbox 1512 3932 1907 4006; x_wconf 82' lang='lat' dir='ltr'>incorruptio-</span> 
     </span>
    </p>
   </div>
   <div class='ocr_carea' id='block_1_56' title="bbox 258 4022 1909 4097">
    <p class='ocr_par' dir='ltr' id='par_1_56' title="bbox 258 4022 1909 4097">
     <span class='ocr_line' id='line_1_56' title="bbox 258 4022 1909 4097; baseline -0.002 -16"><span class='ocrx_word' id='word_1_388' title='bbox 258 4042 389 4081; x_wconf 89' lang='lat' dir='ltr'>nem</span> <span class='ocrx_word' id='word_1_389' title='bbox 426 4030 600 4097; x_wconf 86' lang='lat' dir='ltr'>atque</span> <span class='ocrx_word' id='word_1_390' title='bbox 630 4023 1133 4081; x_wconf 81' lang='lat' dir='ltr'>immortalitatem</span> <span class='ocrx_word' id='word_1_391' title='bbox 1168 4022 1331 4078; x_wconf 90' lang='lat' dir='ltr'>nulla</span> <span class='ocrx_word' id='word_1_392' title='bbox 1360 4027 1415 4078; x_wconf 87' lang='lat' dir='ltr'>te</span> <span class='ocrx_word' id='word_1_393' title='bbox 1442 4022 1653 4078; x_wconf 87' lang='lat' dir='ltr'>umbra</span> <span class='ocrx_word' id='word_1_394' title='bbox 1684 4026 1909 4095; x_wconf 87' lang='lat' dir='ltr'>pertur-</span> 
     </span>
    </p>
   </div>
   <div class='ocr_carea' id='block_1_57' title="bbox 253 4112 1909 4186">
    <p class='ocr_par' dir='ltr' id='par_1_57' title="bbox 253 4112 1909 4186">
     <span class='ocr_line' id='line_1_57' title="bbox 253 4112 1909 4186; baseline -0.001 -16"><span class='ocrx_word' id='word_1_395' title='bbox 253 4114 561 4170; x_wconf 87' lang='lat' dir='ltr'>bationum</span> <span class='ocrx_word' id='word_1_396' title='bbox 612 4112 941 4186; x_wconf 90' lang='lat' dir='ltr'>occupabit.</span> <span class='ocrx_word' id='word_1_397' title='bbox 977 4112 1016 4168; x_wconf 95' lang='lat'><em>0</em></span> <span class='ocrx_word' id='word_1_398' title='bbox 1044 4113 1285 4184; x_wconf 80' lang='lat' dir='ltr'>pulchra</span> <span class='ocrx_word' id='word_1_399' title='bbox 1332 4114 1478 4168; x_wconf 81' lang='lat' dir='ltr'>inter</span> <span class='ocrx_word' id='word_1_400' title='bbox 1525 4112 1807 4180; x_wconf 81' lang='lat' dir='ltr'>mulieres,</span> <span class='ocrx_word' id='word_1_401' title='bbox 1842 4129 1909 4168; x_wconf 90' lang='lat' dir='ltr'>ac</span> 
     </span>
    </p>
   </div>
   <div class='ocr_carea' id='block_1_58' title="bbox 254 4201 1906 4276">
    <p class='ocr_par' dir='ltr' id='par_1_58' title="bbox 254 4201 1906 4276">
     <span class='ocr_line' id='line_1_58' title="bbox 254 4201 1906 4276; baseline -0.002 -17"><span class='ocrx_word' id='word_1_402' title='bbox 254 4203 523 4276; x_wconf 90' lang='lat' dir='ltr'>speciosa</span> <span class='ocrx_word' id='word_1_403' title='bbox 567 4206 805 4276; x_wconf 90' lang='lat' dir='ltr'>propter</span> <span class='ocrx_word' id='word_1_404' title='bbox 833 4202 1008 4257; x_wconf 87' lang='lat' dir='ltr'>ﬁdem</span> <span class='ocrx_word' id='word_1_405' title='bbox 1039 4206 1097 4257; x_wconf 90' lang='lat' dir='ltr'>et</span> <span class='ocrx_word' id='word_1_406' title='bbox 1126 4201 1474 4257; x_wconf 88' lang='lat' dir='ltr'>cbaritatem</span> <span class='ocrx_word' id='word_1_407' title='bbox 1529 4217 1668 4273; x_wconf 88' lang='lat' dir='ltr'>erga</span> <span class='ocrx_word' id='word_1_408' title='bbox 1699 4217 1813 4271; x_wconf 86' lang='lat' dir='ltr'>me,</span> <span class='ocrx_word' id='word_1_409' title='bbox 1846 4201 1906 4256; x_wconf 89' lang='lat' dir='ltr'>in</span> 
     </span>
    </p>
   </div>
   <div class='ocr_carea' id='block_1_59' title="bbox 252 4289 1909 4364">
    <p class='ocr_par' dir='ltr' id='par_1_59' title="bbox 252 4289 1909 4364">
     <span class='ocr_line' id='line_1_59' title="bbox 252 4289 1909 4364; baseline -0.002 -16"><span class='ocrx_word' id='word_1_410' title='bbox 252 4292 414 4348; x_wconf 90' lang='lat' dir='ltr'>omni</span> <span class='ocrx_word' id='word_1_411' title='bbox 443 4296 616 4364; x_wconf 89' lang='lat' dir='ltr'>gente</span> <span class='ocrx_word' id='word_1_412' title='bbox 647 4289 1009 4346; x_wconf 88' lang='lat' dir='ltr'>inﬁdelitatis</span> <span class='ocrx_word' id='word_1_413' title='bbox 1039 4290 1240 4347; x_wconf 89' lang='lat' dir='ltr'>morbo</span> <span class='ocrx_word' id='word_1_414' title='bbox 1280 4289 1605 4359; x_wconf 88' lang='lat' dir='ltr'>laborante,</span> <span class='ocrx_word' id='word_1_415' title='bbox 1629 4293 1684 4346; x_wconf 84' lang='lat' dir='ltr'>et</span> <span class='ocrx_word' id='word_1_416' title='bbox 1714 4289 1909 4345; x_wconf 87' lang='lat' dir='ltr'>carnis</span> 
     </span>
    </p>
   </div>
   <div class='ocr_carea' id='block_1_60' title="bbox 250 4378 1910 4454">
    <p class='ocr_par' dir='ltr' id='par_1_60' title="bbox 250 4378 1910 4454">
     <span class='ocr_line' id='line_1_60' title="bbox 250 4378 1910 4454; baseline 0.001 -19"><span class='ocrx_word' id='word_1_417' title='bbox 250 4380 652 4454; x_wconf 89' lang='lat' dir='ltr'>voluptatibus</span> <span class='ocrx_word' id='word_1_418' title='bbox 694 4379 973 4447; x_wconf 88' lang='lat' dir='ltr'>involuta,</span> <span class='ocrx_word' id='word_1_419' title='bbox 1007 4380 1271 4449; x_wconf 84' lang='lat' dir='ltr'>egredere</span> <span class='ocrx_word' id='word_1_420' title='bbox 1303 4385 1386 4434; x_wconf 81' lang='lat' dir='ltr'>tu.</span> <span class='ocrx_word' id='word_1_421' title='bbox 1421 4380 1530 4447; x_wconf 91' lang='lat' dir='ltr'>Tu,</span> <span class='ocrx_word' id='word_1_422' title='bbox 1563 4378 1827 4449; x_wconf 87' lang='lat' dir='ltr'>inquam,</span> <span class='ocrx_word' id='word_1_423' title='bbox 1857 4396 1910 4452; x_wconf 77' lang='lat' dir='ltr'>si</span> 
     </span>
    </p>
   </div>
   <div class='ocr_carea' id='block_1_61' title="bbox 251 4467 1911 4543">
    <p class='ocr_par' dir='ltr' id='par_1_61' title="bbox 251 4467 1911 4543">
     <span class='ocr_line' id='line_1_61' title="bbox 251 4467 1911 4543; baseline 0 -18"><span class='ocrx_word' id='word_1_424' title='bbox 251 4470 359 4527; x_wconf 91' lang='lat' dir='ltr'>tibi</span> <span class='ocrx_word' id='word_1_425' title='bbox 384 4488 445 4527; x_wconf 89' lang='lat' dir='ltr'>es</span> <span class='ocrx_word' id='word_1_426' title='bbox 477 4469 796 4543; x_wconf 88' lang='lat' dir='ltr'>incognita,</span> <span class='ocrx_word' id='word_1_427' title='bbox 822 4468 871 4524; x_wconf 91' lang='lat' dir='ltr'>si</span> <span class='ocrx_word' id='word_1_428' title='bbox 898 4468 1249 4542; x_wconf 83' lang='lat' dir='ltr'>mysterium</span> <span class='ocrx_word' id='word_1_429' title='bbox 1274 4472 1442 4523; x_wconf 88' lang='lat' dir='ltr'>tuum</span> <span class='ocrx_word' id='word_1_430' title='bbox 1466 4467 1766 4524; x_wconf 91' lang='lat' dir='ltr'>intellectu</span> <span class='ocrx_word' id='word_1_431' title='bbox 1796 4485 1911 4525; x_wconf 88' lang='lat' dir='ltr'>non</span> 
     </span>
    </p>
   </div>
   <div class='ocr_carea' id='block_1_62' title="bbox 2104 1782 3678 1866">
    <p class='ocr_par' dir='ltr' id='par_1_62' title="bbox 2104 1782 3678 1866">
     <span class='ocr_line' id='line_1_62' title="bbox 2104 1782 3678 1866; baseline 0.006 -28"><span class='ocrx_word' id='word_1_432' title='bbox 2104 1782 2227 1838; x_wconf 75' lang='grc' dir='ltr'>Ἐάν</span> <span class='ocrx_word' id='word_1_433' title='bbox 2289 1784 2365 1855; x_wconf 84' lang='grc' dir='ltr'>μή</span> <span class='ocrx_word' id='word_1_434' title='bbox 2436 1788 2582 1857; x_wconf 88' lang='grc' dir='ltr'>γνῶς</span> <span class='ocrx_word' id='word_1_435' title='bbox 2644 1786 2911 1856; x_wconf 76' lang='grc' dir='ltr'>σεαυτὴν,</span> <span class='ocrx_word' id='word_1_436' title='bbox 2985 1789 3019 1857; x_wconf 75' lang='grc' dir='ltr'>ἡ</span> <span class='ocrx_word' id='word_1_437' title='bbox 3080 1786 3224 1857; x_wconf 79' lang='grc' dir='ltr'>καλὴ</span> <span class='ocrx_word' id='word_1_438' title='bbox 3290 1788 3341 1845; x_wconf 75' lang='grc' dir='ltr'>ἐν</span> <span class='ocrx_word' id='word_1_439' title='bbox 3414 1791 3678 1866; x_wconf 73' lang='grc' dir='ltr'>γυναιξὲν,</span> 
     </span>
    </p>
   </div>
   <div class='ocr_carea' id='block_1_63' title="bbox 2034 1870 3675 1952">
    <p class='ocr_par' dir='ltr' id='par_1_63' title="bbox 2034 1870 3675 1952">
     <span class='ocr_line' id='line_1_63' title="bbox 2034 1870 3675 1952; baseline 0.007 -26"><span class='ocrx_word' id='word_1_440' title='bbox 2034 1870 2211 1944; x_wconf 78' lang='grc' dir='ltr'>ἔξελθε</span> <span class='ocrx_word' id='word_1_441' title='bbox 2284 1870 2346 1926; x_wconf 83' lang='grc' dir='ltr'>τὺ</span> <span class='ocrx_word' id='word_1_442' title='bbox 2422 1872 2473 1927; x_wconf 75' lang='grc' dir='ltr'>ὲν</span> <span class='ocrx_word' id='word_1_443' title='bbox 2541 1874 2793 1949; x_wconf 88' lang='grc' dir='ltr'>πτέρναις</span> <span class='ocrx_word' id='word_1_444' title='bbox 2866 1880 2975 1930; x_wconf 91' lang='grc' dir='ltr'>τῶν</span> <span class='ocrx_word' id='word_1_445' title='bbox 3043 1877 3316 1951; x_wconf 86' lang='grc' dir='ltr'>ποιμνίων</span> <span class='ocrx_word' id='word_1_446' title='bbox 3391 1901 3507 1952; x_wconf 88' lang='grc' dir='ltr'>σου,</span> <span class='ocrx_word' id='word_1_447' title='bbox 3585 1884 3675 1938; x_wconf 82' lang='grc' dir='ltr'>καὶ</span> 
     </span>
    </p>
   </div>
   <div class='ocr_carea' id='block_1_64' title="bbox 2030 1958 3674 2043">
    <p class='ocr_par' dir='ltr' id='par_1_64' title="bbox 2030 1958 3674 2043">
     <span class='ocr_line' id='line_1_64' title="bbox 2030 1958 3674 2043; baseline 0.008 -30"><span class='ocrx_word' id='word_1_448' title='bbox 2030 1958 2296 2034; x_wconf 88' lang='grc' dir='ltr'>ποίμαινε</span> <span class='ocrx_word' id='word_1_449' title='bbox 2364 1960 2492 2024; x_wconf 78' lang='grc' dir='ltr'>τοὺς</span> <span class='ocrx_word' id='word_1_450' title='bbox 2563 1960 2782 2042; x_wconf 78' lang='grc' dir='ltr'>ἐρίφους</span> <span class='ocrx_word' id='word_1_451' title='bbox 2858 1985 2953 2019; x_wconf 90' lang='grc' dir='ltr'>σου</span> <span class='ocrx_word' id='word_1_452' title='bbox 3021 1964 3107 2020; x_wconf 79' lang='grc' dir='ltr'>ἐπὶ</span> <span class='ocrx_word' id='word_1_453' title='bbox 3191 1969 3515 2043; x_wconf 86' lang='grc' dir='ltr'>σκηνώμασῖ</span> <span class='ocrx_word' id='word_1_454' title='bbox 3566 1975 3674 2026; x_wconf 88' lang='grc' dir='ltr'>τῶν</span> 
     </span>
    </p>
   </div>
   <div class='ocr_carea' id='block_1_65' title="bbox 2031 2050 2334 2121">
    <p class='ocr_par' dir='ltr' id='par_1_65' title="bbox 2031 2050 2334 2121">
     <span class='ocr_line' id='line_1_65' title="bbox 2031 2050 2334 2121; baseline 0.003 -17"><span class='ocrx_word' id='word_1_455' title='bbox 2031 2070 2124 2104; x_wconf 88' lang='grc' dir='ltr'>ποι</span> <span class='ocrx_word' id='word_1_456' title='bbox 2136 2050 2308 2121; x_wconf 82' lang='grc' dir='ltr'>μένων</span> <span class='ocrx_word' id='word_1_457' title='bbox 2322 2093 2334 2105; x_wconf 94' lang='grc'><strong>.</strong></span> 
     </span>
    </p>
   </div>
   <div class='ocr_carea' id='block_1_66' title="bbox 2099 2138 3673 2225">
    <p class='ocr_par' dir='ltr' id='par_1_66' title="bbox 2099 2138 3673 2225">
     <span class='ocr_line' id='line_1_66' title="bbox 2099 2138 3673 2225; baseline 0.008 -33"><span class='ocrx_word' id='word_1_458' title='bbox 2099 2140 2167 2192; x_wconf 76' lang='grc' dir='ltr'>Ὠ</span> <span class='ocrx_word' id='word_1_459' title='bbox 2217 2138 2617 2215; x_wconf 85' lang='grc' dir='ltr'>παρθενεύουσα</span> <span class='ocrx_word' id='word_1_460' title='bbox 2662 2142 2840 2217; x_wconf 73' lang='grc' dir='ltr'>ψυχὴ,</span> <span class='ocrx_word' id='word_1_461' title='bbox 2873 2144 3022 2221; x_wconf 82' lang='grc' dir='ltr'>φασὶ,</span> <span class='ocrx_word' id='word_1_462' title='bbox 3072 2143 3160 2198; x_wconf 82' lang='grc' dir='ltr'>καὶ</span> <span class='ocrx_word' id='word_1_463' title='bbox 3202 2139 3493 2219; x_wconf 75' lang='grc' dir='ltr'>σεϐασμία,</span> <span class='ocrx_word' id='word_1_464' title='bbox 3523 2146 3673 2225; x_wconf 78' lang='grc' dir='ltr'>εἷ’περ</span> 
     </span>
    </p>
   </div>
   <div class='ocr_carea' id='block_1_67' title="bbox 2030 2224 3673 2312">
    <p class='ocr_par' dir='ltr' id='par_1_67' title="bbox 2030 2224 3673 2312">
     <span class='ocr_line' id='line_1_67' title="bbox 2030 2224 3673 2312; baseline 0.008 -32"><span class='ocrx_word' id='word_1_465' title='bbox 2030 2229 2214 2291; x_wconf 85' lang='grc' dir='ltr'>ποθεῖς</span> <span class='ocrx_word' id='word_1_466' title='bbox 2282 2224 2607 2284; x_wconf 77' lang='grc' dir='ltr'>καταλαϐεῖν</span> <span class='ocrx_word' id='word_1_467' title='bbox 2676 2228 2878 2306; x_wconf 72' lang='grc' dir='ltr'>ἀγέλας</span> <span class='ocrx_word' id='word_1_468' title='bbox 2948 2236 3055 2287; x_wconf 87' lang='grc' dir='ltr'>τῶν</span> <span class='ocrx_word' id='word_1_469' title='bbox 3129 2228 3444 2307; x_wconf 78' lang='grc' dir='ltr'>προϐάτων,</span> <span class='ocrx_word' id='word_1_470' title='bbox 3503 2224 3673 2312; x_wconf 87' lang='grc' dir='ltr'>γνῶθι</span> 
     </span>
    </p>
   </div>
   <div class='ocr_carea' id='block_1_68' title="bbox 2031 2316 3671 2396">
    <p class='ocr_par' dir='ltr' id='par_1_68' title="bbox 2031 2316 3671 2396">
     <span class='ocr_line' id='line_1_68' title="bbox 2031 2316 3671 2396; baseline 0.008 -27"><span class='ocrx_word' id='word_1_471' title='bbox 2031 2317 2232 2385; x_wconf 78' lang='grc' dir='ltr'>σαυτὴν</span> <span class='ocrx_word' id='word_1_472' title='bbox 2288 2316 2371 2379; x_wconf 89' lang='grc' dir='ltr'>τίς</span> <span class='ocrx_word' id='word_1_473' title='bbox 2428 2318 2688 2393; x_wconf 82' lang='grc' dir='ltr'>πέφυκας,</span> <span class='ocrx_word' id='word_1_474' title='bbox 2737 2320 2799 2375; x_wconf 81' lang='grc' dir='ltr'>τὸ</span> <span class='ocrx_word' id='word_1_475' title='bbox 2858 2321 2982 2396; x_wconf 80' lang='grc' dir='ltr'>πρὶν</span> <span class='ocrx_word' id='word_1_476' title='bbox 3045 2319 3158 2376; x_wconf 71' lang='grc' dir='ltr'>οὔδ’</span> <span class='ocrx_word' id='word_1_477' title='bbox 3219 2322 3363 2386; x_wconf 77' lang='grc' dir='ltr'>ὅλως</span> <span class='ocrx_word' id='word_1_478' title='bbox 3398 2323 3549 2396; x_wconf 74' lang='grc' dir='ltr'>οὖσα,</span> <span class='ocrx_word' id='word_1_479' title='bbox 3580 2327 3671 2382; x_wconf 82' lang='grc' dir='ltr'>καὶ</span> 
     </span>
    </p>
   </div>
   <div class='ocr_carea' id='block_1_69' title="bbox 2029 2404 3672 2485">
    <p class='ocr_par' dir='ltr' id='par_1_69' title="bbox 2029 2404 3672 2485">
     <span class='ocr_line' id='line_1_69' title="bbox 2029 2404 3672 2485; baseline 0.009 -29"><span class='ocrx_word' id='word_1_480' title='bbox 2029 2408 2143 2466; x_wconf 87' lang='grc' dir='ltr'>πῶς</span> <span class='ocrx_word' id='word_1_481' title='bbox 2199 2404 2358 2460; x_wconf 74' lang='grc' dir='ltr'>εἰκὼν</span> <span class='ocrx_word' id='word_1_482' title='bbox 2410 2407 2697 2479; x_wconf 88' lang='grc' dir='ltr'>τετίμησαι</span> <span class='ocrx_word' id='word_1_483' title='bbox 2753 2410 3042 2485; x_wconf 83' lang='grc' dir='ltr'>τυγχάνειν</span> <span class='ocrx_word' id='word_1_484' title='bbox 3091 2415 3187 2466; x_wconf 86' lang='grc' dir='ltr'>τοῦ</span> <span class='ocrx_word' id='word_1_485' title='bbox 3231 2412 3522 2483; x_wconf 80' lang='grc' dir='ltr'>Δεσπότου,</span> <span class='ocrx_word' id='word_1_486' title='bbox 3580 2416 3672 2471; x_wconf 88' lang='grc' dir='ltr'>καὶ</span> 
     </span>
    </p>
   </div>
   <div class='ocr_carea' id='block_1_70' title="bbox 2026 2491 3667 2574">
    <p class='ocr_par' dir='ltr' id='par_1_70' title="bbox 2026 2491 3667 2574">
     <span class='ocr_line' id='line_1_70' title="bbox 2026 2491 3667 2574; baseline 0.009 -29"><span class='ocrx_word' id='word_1_487' title='bbox 2026 2491 2205 2561; x_wconf 88' lang='grc' dir='ltr'>πάσης</span> <span class='ocrx_word' id='word_1_488' title='bbox 2264 2495 2687 2565; x_wconf 82' lang='grc' dir='ltr'>μετανάστευσον</span> <span class='ocrx_word' id='word_1_489' title='bbox 2755 2499 2853 2566; x_wconf 76' lang='grc' dir='ltr'>τῆς</span> <span class='ocrx_word' id='word_1_490' title='bbox 2929 2506 3202 2572; x_wconf 77' lang='grc' dir='ltr'>κοσμικῆς</span> <span class='ocrx_word' id='word_1_491' title='bbox 3269 2501 3501 2574; x_wconf 81' lang='grc' dir='ltr'>ἀπάτης,</span> <span class='ocrx_word' id='word_1_492' title='bbox 3576 2507 3667 2560; x_wconf 80' lang='grc' dir='ltr'>καὶ</span> 
     </span>
    </p>
   </div>
   <div class='ocr_carea' id='block_1_71' title="bbox 2028 2577 3670 2663">
    <p class='ocr_par' dir='ltr' id='par_1_71' title="bbox 2028 2577 3670 2663">
     <span class='ocr_line' id='line_1_71' title="bbox 2028 2577 3670 2663; baseline 0.009 -28"><span class='ocrx_word' id='word_1_493' title='bbox 2028 2577 2185 2656; x_wconf 85' lang='grc' dir='ltr'>δεῦρο</span> <span class='ocrx_word' id='word_1_494' title='bbox 2214 2580 2650 2639; x_wconf 86' lang='grc' dir='ltr'>κατασκόπευσον</span> <span class='ocrx_word' id='word_1_495' title='bbox 2684 2583 2810 2661; x_wconf 67' lang='grc' dir='ltr'>ἴχνη</span> <span class='ocrx_word' id='word_1_496' title='bbox 2860 2586 2926 2641; x_wconf 81' lang='grc' dir='ltr'>τὰ</span> <span class='ocrx_word' id='word_1_497' title='bbox 2953 2592 3059 2642; x_wconf 90' lang='grc' dir='ltr'>τῶν</span> <span class='ocrx_word' id='word_1_498' title='bbox 3111 2590 3407 2663; x_wconf 84' lang='grc' dir='ltr'>ποιμένων,</span> <span class='ocrx_word' id='word_1_499' title='bbox 3456 2593 3545 2647; x_wconf 86' lang='grc' dir='ltr'>καὶ</span> <span class='ocrx_word' id='word_1_500' title='bbox 3602 2594 3670 2650; x_wconf 75' lang='grc' dir='ltr'>τά</span> 
     </span>
    </p>
   </div>
   <div class='ocr_carea' id='block_1_72' title="bbox 2029 2666 3665 2757">
    <p class='ocr_par' dir='ltr' id='par_1_72' title="bbox 2029 2666 3665 2757">
     <span class='ocr_line' id='line_1_72' title="bbox 2029 2666 3665 2757; baseline 0.009 -33"><span class='ocrx_word' id='word_1_501' title='bbox 2029 2670 2124 2742; x_wconf 74' lang='grc' dir='ltr'>μὶν</span> <span class='ocrx_word' id='word_1_502' title='bbox 2154 2666 2281 2725; x_wconf 80' lang='grc' dir='ltr'>ὄντα</span> <span class='ocrx_word' id='word_1_503' title='bbox 2310 2672 2447 2746; x_wconf 84' lang='grc' dir='ltr'>πρὸς</span> <span class='ocrx_word' id='word_1_504' title='bbox 2479 2670 2602 2729; x_wconf 86' lang='grc' dir='ltr'>ὁδὸν</span> <span class='ocrx_word' id='word_1_505' title='bbox 2639 2673 2884 2749; x_wconf 85' lang='grc' dir='ltr'>μεγάλην</span> <span class='ocrx_word' id='word_1_506' title='bbox 2916 2676 3007 2731; x_wconf 88' lang='grc' dir='ltr'>καὶ</span> <span class='ocrx_word' id='word_1_507' title='bbox 3038 2675 3665 2757; x_wconf 72' lang='grc' dir='ltr'>πλατεῖαν,βδελύχθητι</span> 
     </span>
    </p>
   </div>
   <div class='ocr_carea' id='block_1_73' title="bbox 2024 2760 3667 2845">
    <p class='ocr_par' dir='ltr' id='par_1_73' title="bbox 2024 2760 3667 2845">
     <span class='ocr_line' id='line_1_73' title="bbox 2024 2760 3667 2845; baseline 0.009 -33"><span class='ocrx_word' id='word_1_508' title='bbox 2024 2760 2113 2813; x_wconf 81' lang='grc' dir='ltr'>καὶ</span> <span class='ocrx_word' id='word_1_509' title='bbox 2157 2761 2411 2832; x_wconf 88' lang='grc' dir='ltr'>μίσησον·</span> <span class='ocrx_word' id='word_1_510' title='bbox 2446 2761 2547 2817; x_wconf 81' lang='grc' dir='ltr'>εἰσὶ</span> <span class='ocrx_word' id='word_1_511' title='bbox 2579 2764 2677 2838; x_wconf 77' lang='grc' dir='ltr'>γάρ</span> <span class='ocrx_word' id='word_1_512' title='bbox 2703 2769 2812 2819; x_wconf 88' lang='grc' dir='ltr'>τῶν</span> <span class='ocrx_word' id='word_1_513' title='bbox 2846 2764 3068 2843; x_wconf 78' lang='grc' dir='ltr'>ἐρίφων·</span> <span class='ocrx_word' id='word_1_514' title='bbox 3114 2768 3181 2820; x_wconf 75' lang='grc' dir='ltr'>τά</span> <span class='ocrx_word' id='word_1_515' title='bbox 3211 2764 3267 2822; x_wconf 73' lang='grc' dir='ltr'>δὲ</span> <span class='ocrx_word' id='word_1_516' title='bbox 3298 2770 3434 2843; x_wconf 89' lang='grc' dir='ltr'>πρὸς</span> <span class='ocrx_word' id='word_1_517' title='bbox 3481 2767 3667 2845; x_wconf 76' lang='grc' dir='ltr'>τρίϐον</span> 
     </span>
    </p>
   </div>
   <div class='ocr_carea' id='block_1_74' title="bbox 2023 2851 3665 2935">
    <p class='ocr_par' dir='ltr' id='par_1_74' title="bbox 2023 2851 3665 2935">
     <span class='ocr_line' id='line_1_74' title="bbox 2023 2851 3665 2935; baseline 0.009 -33"><span class='ocrx_word' id='word_1_518' title='bbox 2023 2868 2245 2921; x_wconf 88' lang='grc' dir='ltr'>κειμενα</span> <span class='ocrx_word' id='word_1_519' title='bbox 2276 2851 2461 2920; x_wconf 73' lang='grc' dir='ltr'>στενὴν</span> <span class='ocrx_word' id='word_1_520' title='bbox 2493 2852 2582 2905; x_wconf 84' lang='grc' dir='ltr'>καὶ</span> <span class='ocrx_word' id='word_1_521' title='bbox 2609 2851 2977 2925; x_wconf 82' lang='grc' dir='ltr'>τεθλιμμένην</span> <span class='ocrx_word' id='word_1_522' title='bbox 3009 2854 3287 2931; x_wconf 87' lang='grc' dir='ltr'>ἀγάπησον</span> <span class='ocrx_word' id='word_1_523' title='bbox 3326 2859 3414 2912; x_wconf 82' lang='grc' dir='ltr'>καὶ</span> <span class='ocrx_word' id='word_1_524' title='bbox 3464 2859 3665 2935; x_wconf 86' lang='grc' dir='ltr'>κράτη-</span> 
     </span>
    </p>
   </div>
   <div class='ocr_carea' id='block_1_75' title="bbox 2024 2937 3666 3021">
    <p class='ocr_par' dir='ltr' id='par_1_75' title="bbox 2024 2937 3666 3021">
     <span class='ocr_line' id='line_1_75' title="bbox 2024 2937 3666 3021; baseline 0.008 -30"><span class='ocrx_word' id='word_1_525' title='bbox 2024 2955 2139 2991; x_wconf 79' lang='grc' dir='ltr'>σον·</span> <span class='ocrx_word' id='word_1_526' title='bbox 2172 2937 2274 2991; x_wconf 75' lang='grc' dir='ltr'>εἶσὶ</span> <span class='ocrx_word' id='word_1_527' title='bbox 2306 2940 2411 3014; x_wconf 82' lang='grc' dir='ltr'>γὰρ</span> <span class='ocrx_word' id='word_1_528' title='bbox 2435 2943 2544 2994; x_wconf 87' lang='grc' dir='ltr'>τῶν</span> <span class='ocrx_word' id='word_1_529' title='bbox 2575 2938 2887 3013; x_wconf 75' lang='grc' dir='ltr'>προϐάτων.</span> <span class='ocrx_word' id='word_1_530' title='bbox 2923 2942 3162 3020; x_wconf 85' lang='grc' dir='ltr'>χρὸσεχε</span> <span class='ocrx_word' id='word_1_531' title='bbox 3193 2945 3283 3000; x_wconf 76' lang='grc' dir='ltr'>οὗν</span> <span class='ocrx_word' id='word_1_532' title='bbox 3330 2948 3407 3020; x_wconf 78' lang='grc' dir='ltr'>μὴ</span> <span class='ocrx_word' id='word_1_533' title='bbox 3457 2961 3666 3021; x_wconf 74' lang='grc' dir='ltr'>πλανη-</span> 
     </span>
    </p>
   </div>
   <div class='ocr_carea' id='block_1_76' title="bbox 2024 3024 2867 3108">
    <p class='ocr_par' dir='ltr' id='par_1_76' title="bbox 2024 3024 2867 3108">
     <span class='ocr_line' id='line_1_76' title="bbox 2024 3024 2867 3108; baseline 0.007 -29"><span class='ocrx_word' id='word_1_534' title='bbox 2024 3027 2120 3097; x_wconf 81' lang='grc' dir='ltr'>θῇς</span> <span class='ocrx_word' id='word_1_535' title='bbox 2152 3024 2203 3080; x_wconf 84' lang='grc' dir='ltr'>ἐν</span> <span class='ocrx_word' id='word_1_536' title='bbox 2237 3028 2486 3104; x_wconf 69' lang='grc' dir='ltr'>πτέρναις</span> <span class='ocrx_word' id='word_1_537' title='bbox 2512 3032 2619 3083; x_wconf 89' lang='grc' dir='ltr'>τῶν</span> <span class='ocrx_word' id='word_1_538' title='bbox 2652 3028 2867 3108; x_wconf 81' lang='grc' dir='ltr'>ἐρίφων.</span> 
     </span>
    </p>
   </div>
   <div class='ocr_carea' id='block_1_77' title="bbox 2590 3136 3091 3214">
    <p class='ocr_par' dir='ltr' id='par_1_77' title="bbox 2590 3136 3091 3214">
     <span class='ocr_line' id='line_1_77' title="bbox 2590 3136 3091 3214; baseline 0.002 -21"><span class='ocrx_word' id='word_1_539' title='bbox 2590 3138 2711 3193; x_wconf 90' lang='grc' dir='ltr'>Τῶν</span> <span class='ocrx_word' id='word_1_540' title='bbox 2742 3138 2790 3213; x_wconf 88' lang='grc' dir='ltr'>γ’</span> <span class='ocrx_word' id='word_1_541' title='bbox 2818 3136 3091 3214; x_wconf 79' lang='grc' dir='ltr'>Πατὲρων.</span> 
     </span>
    </p>
   </div>
   <div class='ocr_carea' id='block_1_78' title="bbox 2096 3222 3662 3302">
    <p class='ocr_par' dir='ltr' id='par_1_78' title="bbox 2096 3222 3662 3302">
     <span class='ocr_line' id='line_1_78' title="bbox 2096 3222 3662 3302; baseline 0.007 -24"><span class='ocrx_word' id='word_1_542' title='bbox 2096 3222 2547 3298; x_wconf 85' lang='grc' dir='ltr'>Ἀποκρινόμενος</span> <span class='ocrx_word' id='word_1_543' title='bbox 2606 3225 2697 3279; x_wconf 85' lang='grc' dir='ltr'>οὗν</span> <span class='ocrx_word' id='word_1_544' title='bbox 2747 3226 2883 3301; x_wconf 86' lang='grc' dir='ltr'>πρὸς</span> <span class='ocrx_word' id='word_1_545' title='bbox 2938 3227 3165 3300; x_wconf 76' lang='grc' dir='ltr'>ταύτην,</span> <span class='ocrx_word' id='word_1_546' title='bbox 3222 3230 3322 3298; x_wconf 77' lang='grc' dir='ltr'>τήν</span> <span class='ocrx_word' id='word_1_547' title='bbox 3384 3229 3436 3302; x_wconf 69' lang='lat' dir='ltr'>t5</span> <span class='ocrx_word' id='word_1_548' title='bbox 3494 3230 3662 3289; x_wconf 79' lang='grc' dir='ltr'>ἐθνῶν</span> 
     </span>
    </p>
   </div>
   <div class='ocr_carea' id='block_1_79' title="bbox 2021 3306 3664 3398">
    <p class='ocr_par' dir='ltr' id='par_1_79' title="bbox 2021 3306 3664 3398">
     <span class='ocr_line' id='line_1_79' title="bbox 2021 3306 3664 3398; baseline 0.007 -34"><span class='ocrx_word' id='word_1_549' title='bbox 2021 3306 2235 3398; x_wconf 84' lang='grc' dir='ltr'>δηλαδή</span> <span class='ocrx_word' id='word_1_550' title='bbox 2296 3310 2648 3385; x_wconf 84' lang='grc' dir='ltr'>Ἐκκλησίαν,</span> <span class='ocrx_word' id='word_1_551' title='bbox 2708 3314 2736 3368; x_wconf 87' lang='grc' dir='ltr'>ὁ</span> <span class='ocrx_word' id='word_1_552' title='bbox 2793 3312 2959 3377; x_wconf 77' lang='grc' dir='ltr'>καλὸς</span> <span class='ocrx_word' id='word_1_553' title='bbox 3012 3317 3222 3389; x_wconf 72' lang='grc' dir='ltr'>ποιμὴν</span> <span class='ocrx_word' id='word_1_554' title='bbox 3284 3318 3374 3372; x_wconf 82' lang='grc' dir='ltr'>καὶ</span> <span class='ocrx_word' id='word_1_555' title='bbox 3431 3321 3664 3398; x_wconf 85' lang='grc' dir='ltr'>νυμφίος</span> 
     </span>
    </p>
   </div>
   <div class='ocr_carea' id='block_1_80' title="bbox 2020 3397 3659 3478">
    <p class='ocr_par' dir='ltr' id='par_1_80' title="bbox 2020 3397 3659 3478">
     <span class='ocr_line' id='line_1_80' title="bbox 2020 3397 3659 3478; baseline 0.007 -25"><span class='ocrx_word' id='word_1_556' title='bbox 2020 3397 2228 3470; x_wconf 82' lang='grc' dir='ltr'>αὐτῆς,</span> <span class='ocrx_word' id='word_1_557' title='bbox 2283 3400 2481 3477; x_wconf 83' lang='grc' dir='ltr'>φησίν·</span> <span class='ocrx_word' id='word_1_558' title='bbox 2544 3401 2609 3458; x_wconf 73' lang='grc' dir='ltr'>Εἴ</span> <span class='ocrx_word' id='word_1_559' title='bbox 2670 3404 2745 3475; x_wconf 79' lang='grc' dir='ltr'>μὴ</span> <span class='ocrx_word' id='word_1_560' title='bbox 2802 3400 2968 3478; x_wconf 77' lang='grc' dir='ltr'>ἔγνως</span> <span class='ocrx_word' id='word_1_561' title='bbox 3028 3407 3294 3476; x_wconf 74' lang='grc' dir='ltr'>σεαυτήν·</span> <span class='ocrx_word' id='word_1_562' title='bbox 3353 3428 3473 3477; x_wconf 82' lang='grc' dir='ltr'>τοι,</span> <span class='ocrx_word' id='word_1_563' title='bbox 3534 3397 3659 3466; x_wconf 80' lang='grc' dir='ltr'>Ἐὰν</span> 
     </span>
    </p>
   </div>
   <div class='ocr_carea' id='block_1_81' title="bbox 2019 3486 3657 3575">
    <p class='ocr_par' dir='ltr' id='par_1_81' title="bbox 2019 3486 3657 3575">
     <span class='ocr_line' id='line_1_81' title="bbox 2019 3486 3657 3575; baseline 0.007 -34"><span class='ocrx_word' id='word_1_564' title='bbox 2019 3486 2215 3562; x_wconf 83' lang='grc' dir='ltr'>ἀγνοῇς</span> <span class='ocrx_word' id='word_1_565' title='bbox 2260 3490 2485 3559; x_wconf 72' lang='grc' dir='ltr'>σεαυτὴν</span> <span class='ocrx_word' id='word_1_566' title='bbox 2553 3489 2603 3546; x_wconf 79' lang='grc' dir='ltr'>ἐν</span> <span class='ocrx_word' id='word_1_567' title='bbox 2673 3490 2710 3565; x_wconf 74' lang='grc' dir='ltr'>ᾖ</span> <span class='ocrx_word' id='word_1_568' title='bbox 2762 3491 3159 3569; x_wconf 77' lang='grc' dir='ltr'>ἀπερίγραπτος</span> <span class='ocrx_word' id='word_1_569' title='bbox 3204 3499 3607 3575; x_wconf 85' lang='grc' dir='ltr'>περιγράφομαι</span> <span class='ocrx_word' id='word_1_570' title='bbox 3641 3541 3657 3568; x_wconf 88' lang='grc'>,</span> 
     </span>
    </p>
   </div>
   <div class='ocr_carea' id='block_1_82' title="bbox 2018 3576 3667 3663">
    <p class='ocr_par' dir='ltr' id='par_1_82' title="bbox 2018 3576 3667 3663">
     <span class='ocr_line' id='line_1_82' title="bbox 2018 3576 3667 3663; baseline 0.008 -33"><span class='ocrx_word' id='word_1_571' title='bbox 2018 3576 2106 3631; x_wconf 82' lang='grc' dir='ltr'>καὶ</span> <span class='ocrx_word' id='word_1_572' title='bbox 2168 3579 2381 3653; x_wconf 86' lang='grc' dir='ltr'>ὁρῶμαι</span> <span class='ocrx_word' id='word_1_573' title='bbox 2405 3578 2480 3641; x_wconf 82' lang='grc' dir='ltr'>ὡς</span> <span class='ocrx_word' id='word_1_574' title='bbox 2512 3578 2563 3634; x_wconf 76' lang='grc' dir='ltr'>ἐν</span> <span class='ocrx_word' id='word_1_575' title='bbox 2598 3578 2760 3634; x_wconf 77' lang='grc' dir='ltr'>εἰκόνι</span> <span class='ocrx_word' id='word_1_576' title='bbox 2812 3581 3140 3656; x_wconf 79' lang='grc' dir='ltr'>ἀρχέτυπον,</span> <span class='ocrx_word' id='word_1_577' title='bbox 3188 3584 3275 3639; x_wconf 87' lang='grc' dir='ltr'>καὶ</span> <span class='ocrx_word' id='word_1_578' title='bbox 3306 3584 3400 3648; x_wconf 87' lang='grc' dir='ltr'>τάς</span> <span class='ocrx_word' id='word_1_579' title='bbox 3430 3584 3667 3663; x_wconf 83' lang='grc' dir='ltr'>ἀλόγους</span> 
     </span>
    </p>
   </div>
   <div class='ocr_carea' id='block_1_83' title="bbox 2018 3664 3671 3744">
    <p class='ocr_par' dir='ltr' id='par_1_83' title="bbox 2018 3664 3671 3744">
     <span class='ocr_line' id='line_1_83' title="bbox 2018 3664 3671 3744; baseline 0.008 -25"><span class='ocrx_word' id='word_1_580' title='bbox 2018 3665 2295 3736; x_wconf 72' lang='grc' dir='ltr'>αἰσθήσεις</span> <span class='ocrx_word' id='word_1_581' title='bbox 2326 3664 2422 3722; x_wconf 73' lang='lat' dir='ltr'>aiio</span> <span class='ocrx_word' id='word_1_582' title='bbox 2456 3666 2726 3744; x_wconf 81' lang='grc' dir='ltr'>ῥυθμίςω,</span> <span class='ocrx_word' id='word_1_583' title='bbox 2770 3669 2862 3724; x_wconf 74' lang='grc' dir='ltr'>καί</span> <span class='ocrx_word' id='word_1_584' title='bbox 2913 3669 3002 3726; x_wconf 86' lang='grc' dir='ltr'>διά</span> <span class='ocrx_word' id='word_1_585' title='bbox 3047 3693 3105 3727; x_wconf 89' lang='grc' dir='ltr'>τε</span> <span class='ocrx_word' id='word_1_586' title='bbox 3149 3677 3256 3728; x_wconf 87' lang='grc' dir='ltr'>τῶν</span> <span class='ocrx_word' id='word_1_587' title='bbox 3307 3674 3546 3731; x_wconf 83' lang='grc' dir='ltr'>ἀπειλῶν</span> <span class='ocrx_word' id='word_1_588' title='bbox 3596 3678 3671 3739; x_wconf 85' lang='grc' dir='ltr'>ὡς</span> 
     </span>
    </p>
   </div>
   <div class='ocr_carea' id='block_1_84' title="bbox 2017 3750 3658 3841">
    <p class='ocr_par' dir='ltr' id='par_1_84' title="bbox 2017 3750 3658 3841">
     <span class='ocr_line' id='line_1_84' title="bbox 2017 3750 3658 3841; baseline 0.007 -32"><span class='ocrx_word' id='word_1_589' title='bbox 2017 3753 2107 3810; x_wconf 78' lang='grc' dir='ltr'>διὰ</span> <span class='ocrx_word' id='word_1_590' title='bbox 2136 3750 2372 3832; x_wconf 75' lang='grc' dir='ltr'>ῥάϐδων,</span> <span class='ocrx_word' id='word_1_591' title='bbox 2420 3757 2508 3811; x_wconf 81' lang='grc' dir='ltr'>καὶ</span> <span class='ocrx_word' id='word_1_592' title='bbox 2557 3762 2661 3812; x_wconf 89' lang='grc' dir='ltr'>τῶν</span> <span class='ocrx_word' id='word_1_593' title='bbox 2713 3757 3051 3835; x_wconf 82' lang='grc' dir='ltr'>ἐπαγγελιῶν</span> <span class='ocrx_word' id='word_1_594' title='bbox 3101 3763 3173 3824; x_wconf 85' lang='grc' dir='ltr'>ὡς</span> <span class='ocrx_word' id='word_1_595' title='bbox 3221 3762 3474 3839; x_wconf 86' lang='grc' dir='ltr'>σύριγγος</span> <span class='ocrx_word' id='word_1_596' title='bbox 3521 3767 3658 3841; x_wconf 87' lang='grc' dir='ltr'>πρὸς</span> 
     </span>
    </p>
   </div>
   <div class='ocr_carea' id='block_1_85' title="bbox 2014 3843 3662 3924">
    <p class='ocr_par' dir='ltr' id='par_1_85' title="bbox 2014 3843 3662 3924">
     <span class='ocr_line' id='line_1_85' title="bbox 2014 3843 3662 3924; baseline 0.007 -26"><span class='ocrx_word' id='word_1_597' title='bbox 2014 3844 2111 3906; x_wconf 79' lang='grc' dir='ltr'>τὰς</span> <span class='ocrx_word' id='word_1_598' title='bbox 2154 3843 2407 3908; x_wconf 80' lang='grc' dir='ltr'>αἰωνίους</span> <span class='ocrx_word' id='word_1_599' title='bbox 2460 3866 2516 3900; x_wconf 91' lang='grc' dir='ltr'>σε</span> <span class='ocrx_word' id='word_1_600' title='bbox 2564 3847 2681 3922; x_wconf 77' lang='grc' dir='ltr'>ἄγω</span> <span class='ocrx_word' id='word_1_601' title='bbox 2731 3846 2991 3924; x_wconf 80' lang='grc' dir='ltr'>μάνδρας·</span> <span class='ocrx_word' id='word_1_602' title='bbox 3029 3849 3079 3904; x_wconf 83' lang='grc' dir='ltr'>ἐν</span> <span class='ocrx_word' id='word_1_603' title='bbox 3133 3853 3217 3913; x_wconf 81' lang='grc' dir='ltr'>αἷς</span> <span class='ocrx_word' id='word_1_604' title='bbox 3264 3872 3321 3906; x_wconf 88' lang='grc' dir='ltr'>σε</span> <span class='ocrx_word' id='word_1_605' title='bbox 3371 3852 3662 3909; x_wconf 88' lang='grc' dir='ltr'>ἀναπαύσω</span> 
     </span>
    </p>
   </div>
   <div class='ocr_carea' id='block_1_86' title="bbox 2017 3931 3660 4011">
    <p class='ocr_par' dir='ltr' id='par_1_86' title="bbox 2017 3931 3660 4011">
     <span class='ocr_line' id='line_1_86' title="bbox 2017 3931 3660 4011; baseline 0.007 -24"><span class='ocrx_word' id='word_1_606' title='bbox 2017 3932 2068 3987; x_wconf 81' lang='grc' dir='ltr'>ὲν</span> <span class='ocrx_word' id='word_1_607' title='bbox 2121 3937 2189 4007; x_wconf 83' lang='grc' dir='ltr'>τῇ</span> <span class='ocrx_word' id='word_1_608' title='bbox 2245 3931 2466 4011; x_wconf 77' lang='grc' dir='ltr'>δευτέρᾳ</span> <span class='ocrx_word' id='word_1_609' title='bbox 2516 3957 2620 4009; x_wconf 88' lang='grc' dir='ltr'>μου</span> <span class='ocrx_word' id='word_1_610' title='bbox 2666 3938 2952 4011; x_wconf 80' lang='grc' dir='ltr'>παρουσίᾳ·</span> <span class='ocrx_word' id='word_1_611' title='bbox 3004 3937 3129 3993; x_wconf 78' lang='grc' dir='ltr'>ὅταν</span> <span class='ocrx_word' id='word_1_612' title='bbox 3179 3937 3296 3995; x_wconf 79' lang='grc' dir='ltr'>οὐδ’</span> <span class='ocrx_word' id='word_1_613' title='bbox 3355 3941 3457 3996; x_wconf 85' lang='grc' dir='ltr'>ὑπό</span> <span class='ocrx_word' id='word_1_614' title='bbox 3510 3964 3660 4006; x_wconf 88' lang='grc' dir='ltr'>τινος</span> 
     </span>
    </p>
   </div>
   <div class='ocr_carea' id='block_1_87' title="bbox 2017 4022 3658 4108">
    <p class='ocr_par' dir='ltr' id='par_1_87' title="bbox 2017 4022 3658 4108">
     <span class='ocr_line' id='line_1_87' title="bbox 2017 4022 3658 4108; baseline 0.007 -32"><span class='ocrx_word' id='word_1_615' title='bbox 2017 4022 2273 4094; x_wconf 86' lang='grc' dir='ltr'>συσκιάζη</span> <span class='ocrx_word' id='word_1_616' title='bbox 2334 4022 2536 4088; x_wconf 87' lang='grc' dir='ltr'>πάθους</span> <span class='ocrx_word' id='word_1_617' title='bbox 2594 4022 2683 4079; x_wconf 89' lang='grc' dir='ltr'>διά</span> <span class='ocrx_word' id='word_1_618' title='bbox 2738 4027 2799 4080; x_wconf 88' lang='grc' dir='ltr'>τὸ</span> <span class='ocrx_word' id='word_1_619' title='bbox 2851 4025 3121 4105; x_wconf 77' lang='grc' dir='ltr'>ἄφθαρτόν</span> <span class='ocrx_word' id='word_1_620' title='bbox 3174 4050 3233 4084; x_wconf 90' lang='grc' dir='ltr'>τε</span> <span class='ocrx_word' id='word_1_621' title='bbox 3283 4029 3371 4083; x_wconf 79' lang='grc' dir='ltr'>καὶ</span> <span class='ocrx_word' id='word_1_622' title='bbox 3418 4031 3658 4108; x_wconf 75' lang='grc' dir='ltr'>ἀναμάρο</span> 
     </span>
    </p>
   </div>
   <div class='ocr_carea' id='block_1_88' title="bbox 2014 4110 3658 4193">
    <p class='ocr_par' dir='ltr' id='par_1_88' title="bbox 2014 4110 3658 4193">
     <span class='ocr_line' id='line_1_88' title="bbox 2014 4110 3658 4193; baseline 0.005 -28"><span class='ocrx_word' id='word_1_623' title='bbox 2014 4132 2198 4182; x_wconf 80' lang='grc' dir='ltr'>τητον.</span> <span class='ocrx_word' id='word_1_624' title='bbox 2246 4113 2309 4169; x_wconf 88' lang='grc' dir='ltr'><strong><em>Ἡ</em></strong></span> <span class='ocrx_word' id='word_1_625' title='bbox 2357 4110 2501 4183; x_wconf 76' lang='grc' dir='ltr'>καλή</span> <span class='ocrx_word' id='word_1_626' title='bbox 2557 4113 2608 4168; x_wconf 87' lang='grc' dir='ltr'>ἐν</span> <span class='ocrx_word' id='word_1_627' title='bbox 2651 4114 2909 4190; x_wconf 84' lang='grc' dir='ltr'>γυναιξίν·</span> <span class='ocrx_word' id='word_1_628' title='bbox 2965 4117 3028 4172; x_wconf 88' lang='grc' dir='ltr'>ἹΙ</span> <span class='ocrx_word' id='word_1_629' title='bbox 3078 4117 3251 4193; x_wconf 82' lang='grc' dir='ltr'>ὡραία</span> <span class='ocrx_word' id='word_1_630' title='bbox 3300 4116 3390 4173; x_wconf 80' lang='grc' dir='ltr'>διὰ</span> <span class='ocrx_word' id='word_1_631' title='bbox 3428 4122 3529 4189; x_wconf 79' lang='grc' dir='ltr'>τὴν</span> <span class='ocrx_word' id='word_1_632' title='bbox 3582 4120 3658 4179; x_wconf 60' lang='grc' dir='ltr'>εἲς</span> 
     </span>
    </p>
   </div>
   <div class='ocr_carea' id='block_1_89' title="bbox 2020 4200 3658 4281">
    <p class='ocr_par' dir='ltr' id='par_1_89' title="bbox 2020 4200 3658 4281">
     <span class='ocr_line' id='line_1_89' title="bbox 2020 4200 3658 4281; baseline 0.007 -27"><span class='ocrx_word' id='word_1_633' title='bbox 2020 4201 2086 4274; x_wconf 74' lang='grc' dir='ltr'>μὶ</span> <span class='ocrx_word' id='word_1_634' title='bbox 2125 4200 2311 4281; x_wconf 39' lang='grc' dir='ltr'>,πίστιν</span> <span class='ocrx_word' id='word_1_635' title='bbox 2366 4224 2425 4257; x_wconf 89' lang='grc' dir='ltr'>τε</span> <span class='ocrx_word' id='word_1_636' title='bbox 2472 4204 2561 4257; x_wconf 84' lang='grc' dir='ltr'>καὶ</span> <span class='ocrx_word' id='word_1_637' title='bbox 2610 4202 2862 4279; x_wconf 86' lang='grc' dir='ltr'>ἀγάπην,</span> <span class='ocrx_word' id='word_1_638' title='bbox 2914 4202 2965 4259; x_wconf 76' lang='grc' dir='ltr'>ἐν</span> <span class='ocrx_word' id='word_1_639' title='bbox 3006 4205 3164 4260; x_wconf 86' lang='grc' dir='ltr'>παντὶ</span> <span class='ocrx_word' id='word_1_640' title='bbox 3212 4202 3349 4271; x_wconf 82' lang='grc' dir='ltr'>ἔθνει</span> <span class='ocrx_word' id='word_1_641' title='bbox 3408 4208 3658 4265; x_wconf 84' lang='grc' dir='ltr'>ἀπιστίαν</span> 
     </span>
    </p>
   </div>
   <div class='ocr_carea' id='block_1_90' title="bbox 2015 4292 3660 4370">
    <p class='ocr_par' dir='ltr' id='par_1_90' title="bbox 2015 4292 3660 4370">
     <span class='ocr_line' id='line_1_90' title="bbox 2015 4292 3660 4370; baseline 0.006 -28"><span class='ocrx_word' id='word_1_642' title='bbox 2015 4293 2262 4346; x_wconf 78' lang='grc' dir='ltr'>νοσοῦντι</span> <span class='ocrx_word' id='word_1_643' title='bbox 2324 4292 2411 4346; x_wconf 88' lang='grc' dir='ltr'>καὶ</span> <span class='ocrx_word' id='word_1_644' title='bbox 2478 4295 2594 4354; x_wconf 83' lang='grc' dir='ltr'>ταῖς</span> <span class='ocrx_word' id='word_1_645' title='bbox 2661 4298 2762 4362; x_wconf 77' lang='grc' dir='ltr'>τῆς</span> <span class='ocrx_word' id='word_1_646' title='bbox 2820 4293 3017 4370; x_wconf 83' lang='grc' dir='ltr'>σαρκὸς</span> <span class='ocrx_word' id='word_1_647' title='bbox 3078 4292 3302 4363; x_wconf 78' lang='grc' dir='ltr'>ἡδοναῖς</span> <span class='ocrx_word' id='word_1_648' title='bbox 3360 4295 3660 4368; x_wconf 81' lang='grc' dir='ltr'>ἐκθηλυνο-</span> 
     </span>
    </p>
   </div>
   <div class='ocr_carea' id='block_1_91' title="bbox 2023 4376 3660 4460">
    <p class='ocr_par' dir='ltr' id='par_1_91' title="bbox 2023 4376 3660 4460">
     <span class='ocr_line' id='line_1_91' title="bbox 2023 4376 3660 4460; baseline 0.005 -27"><span class='ocrx_word' id='word_1_649' title='bbox 2023 4378 2186 4453; x_wconf 76' lang='grc' dir='ltr'>μένῳ·</span> <span class='ocrx_word' id='word_1_650' title='bbox 2243 4376 2425 4449; x_wconf 79' lang='grc' dir='ltr'>ἔξελθε</span> <span class='ocrx_word' id='word_1_651' title='bbox 2473 4380 2572 4434; x_wconf 90' lang='grc' dir='ltr'>σύ·</span> <span class='ocrx_word' id='word_1_652' title='bbox 2618 4378 2825 4458; x_wconf 69' lang='grc' dir='ltr'>ἤγουν,</span> <span class='ocrx_word' id='word_1_653' title='bbox 2888 4380 3074 4452; x_wconf 79' lang='grc' dir='ltr'>ἐπειδή</span> <span class='ocrx_word' id='word_1_654' title='bbox 3136 4382 3198 4438; x_wconf 81' lang='grc' dir='ltr'>σὺ</span> <span class='ocrx_word' id='word_1_655' title='bbox 3252 4385 3327 4457; x_wconf 74' lang='grc' dir='ltr'>μὴ</span> <span class='ocrx_word' id='word_1_656' title='bbox 3378 4381 3548 4460; x_wconf 80' lang='grc' dir='ltr'>ἔγνως</span> <span class='ocrx_word' id='word_1_657' title='bbox 3597 4387 3660 4442; x_wconf 86' lang='grc' dir='ltr'>τὸ</span> 
     </span>
    </p>
   </div>
   <div class='ocr_carea' id='block_1_92' title="bbox 1989 4467 3660 4547">
    <p class='ocr_par' dir='ltr' id='par_1_92' title="bbox 1989 4467 3660 4547">
     <span class='ocr_line' id='line_1_92' title="bbox 1989 4467 3660 4547; baseline 0.004 -24"><span class='ocrx_word' id='word_1_658' title='bbox 1989 4467 2142 4543; x_wconf 48' lang='grc' dir='ltr'>νπερὶ</span> <span class='ocrx_word' id='word_1_659' title='bbox 2200 4468 2257 4523; x_wconf 63' lang='grc' dir='ltr'>σε</span> <span class='ocrx_word' id='word_1_660' title='bbox 2318 4473 2618 4543; x_wconf 78' lang='grc' dir='ltr'>μυστήριον</span> <span class='ocrx_word' id='word_1_661' title='bbox 2676 4475 2916 4547; x_wconf 82' lang='grc' dir='ltr'>νοερῶς,</span> <span class='ocrx_word' id='word_1_662' title='bbox 2986 4470 3163 4542; x_wconf 77' lang='grc' dir='ltr'>ἔξελθε</span> <span class='ocrx_word' id='word_1_663' title='bbox 3214 4472 3321 4529; x_wconf 87' lang='grc' dir='ltr'>ἀπὸ</span> <span class='ocrx_word' id='word_1_664' title='bbox 3369 4476 3469 4543; x_wconf 75' lang='grc' dir='ltr'>τῆς</span> <span class='ocrx_word' id='word_1_665' title='bbox 3523 4476 3660 4531; x_wconf 78' lang='grc' dir='ltr'>κατὰ</span> 
     </span>
    </p>
   </div>
   <div class='ocr_carea' id='block_1_93' title="bbox 249 4545 1914 4638">
    <p class='ocr_par' dir='ltr' id='par_1_93' title="bbox 249 4556 1899 4633">
     <span class='ocr_line' id='line_1_93' title="bbox 249 4556 1899 4633; baseline -0.001 -18"><span class='ocrx_word' id='word_1_666' title='bbox 249 4560 681 4633; x_wconf 80' lang='lat' dir='ltr'>complecteris,</span> <span class='ocrx_word' id='word_1_667' title='bbox 714 4576 781 4615; x_wconf 83' lang='lat' dir='ltr'>ex</span> <span class='ocrx_word' id='word_1_668' title='bbox 812 4562 973 4630; x_wconf 85' lang='lat' dir='ltr'>parte</span> <span class='ocrx_word' id='word_1_669' title='bbox 1006 4558 1219 4612; x_wconf 89' lang='lat' dir='ltr'>mentis</span> <span class='ocrx_word' id='word_1_670' title='bbox 1253 4556 1528 4614; x_wconf 90' lang='lat' dir='ltr'>interiore</span> <span class='ocrx_word' id='word_1_671' title='bbox 1559 4558 1628 4613; x_wconf 84' lang='lat' dir='ltr'>ad</span> <span class='ocrx_word' id='word_1_672' title='bbox 1661 4574 1899 4614; x_wconf 89' lang='lat' dir='ltr'>sensum</span> 
     </span>
    </p>
   </div>
   <div class='ocr_carea' id='block_1_94' title="bbox 2026 4545 3655 4638">
    <p class='ocr_par' dir='ltr' id='par_1_94' title="bbox 2026 4545 3655 4638">
     <span class='ocr_line' id='line_1_94' title="bbox 2026 4545 3655 4638; baseline 0.004 -27"><span class='ocrx_word' id='word_1_673' title='bbox 2026 4561 2136 4612; x_wconf 74' lang='grc' dir='ltr'>νοῦν</span> <span class='ocrx_word' id='word_1_674' title='bbox 2172 4554 2458 4629; x_wconf 79' lang='grc' dir='ltr'>ἐνδότητος</span> <span class='ocrx_word' id='word_1_675' title='bbox 2490 4559 2625 4634; x_wconf 86' lang='grc' dir='ltr'>πρὸς</span> <span class='ocrx_word' id='word_1_676' title='bbox 2653 4561 2751 4629; x_wconf 71' lang='grc' dir='ltr'>τὴν</span> <span class='ocrx_word' id='word_1_677' title='bbox 2776 4545 3063 4631; x_wconf 60' lang='grc' dir='ltr'>αἴσθησιν,</span> <span class='ocrx_word' id='word_1_678' title='bbox 3113 4560 3175 4615; x_wconf 77' lang='grc' dir='ltr'>σὺ</span> <span class='ocrx_word' id='word_1_679' title='bbox 3224 4563 3259 4631; x_wconf 81' lang='grc' dir='ltr'>ἡ</span> <span class='ocrx_word' id='word_1_680' title='bbox 3292 4558 3487 4638; x_wconf 84' lang='grc' dir='ltr'>λογική</span> <span class='ocrx_word' id='word_1_681' title='bbox 3520 4565 3655 4619; x_wconf 75' lang='grc' dir='ltr'>πάν-</span> 
     </span>
    </p>
   </div>
   <div class='ocr_carea' id='block_1_95' title="bbox 249 4647 1895 4722">
    <p class='ocr_par' dir='ltr' id='par_1_95' title="bbox 249 4647 1895 4722">
     <span class='ocr_line' id='line_1_95' title="bbox 249 4647 1895 4722; baseline 0.001 -19"><span class='ocrx_word' id='word_1_682' title='bbox 249 4649 619 4722; x_wconf 83' lang='lat' dir='ltr'>progredcre,</span> <span class='ocrx_word' id='word_1_683' title='bbox 642 4653 728 4716; x_wconf 91' lang='lat' dir='ltr'>tu,</span> <span class='ocrx_word' id='word_1_684' title='bbox 753 4664 879 4720; x_wconf 66' lang='lat' dir='ltr'>quae</span> <span class='ocrx_word' id='word_1_685' title='bbox 902 4647 1126 4703; x_wconf 89' lang='lat' dir='ltr'>ratione</span> <span class='ocrx_word' id='word_1_686' title='bbox 1149 4664 1390 4719; x_wconf 88' lang='lat' dir='ltr'>prorsus</span> <span class='ocrx_word' id='word_1_687' title='bbox 1412 4664 1474 4703; x_wconf 90' lang='lat' dir='ltr'>es</span> <span class='ocrx_word' id='word_1_688' title='bbox 1500 4652 1725 4704; x_wconf 89' lang='lat' dir='ltr'>ornata.</span> <span class='ocrx_word' id='word_1_689' title='bbox 1751 4653 1895 4705; x_wconf 88' lang='lat' dir='ltr'>Nam</span> 
     </span>
    </p>
   </div>
   <div class='ocr_carea' id='block_1_96' title="bbox 248 4735 1899 4811">
    <p class='ocr_par' dir='ltr' id='par_1_96' title="bbox 248 4735 1899 4811">
     <span class='ocr_line' id='line_1_96' title="bbox 248 4735 1899 4811; baseline 0.001 -19"><span class='ocrx_word' id='word_1_690' title='bbox 248 4738 296 4792; x_wconf 89' lang='lat' dir='ltr'>si</span> <span class='ocrx_word' id='word_1_691' title='bbox 332 4737 431 4793; x_wconf 92' lang='lat' dir='ltr'>ubi</span> <span class='ocrx_word' id='word_1_692' title='bbox 466 4754 571 4811; x_wconf 89' lang='lat' dir='ltr'>ego</span> <span class='ocrx_word' id='word_1_693' title='bbox 616 4753 875 4810; x_wconf 87' lang='lat' dir='ltr'>pascam,</span> <span class='ocrx_word' id='word_1_694' title='bbox 908 4735 1149 4792; x_wconf 89' lang='lat' dir='ltr'>omnino</span> <span class='ocrx_word' id='word_1_695' title='bbox 1180 4736 1267 4790; x_wconf 90' lang='lat' dir='ltr'>vis</span> <span class='ocrx_word' id='word_1_696' title='bbox 1317 4736 1562 4806; x_wconf 87' lang='lat' dir='ltr'>discere,</span> <span class='ocrx_word' id='word_1_697' title='bbox 1596 4752 1666 4791; x_wconf 89' lang='lat' dir='ltr'>ne</span> <span class='ocrx_word' id='word_1_698' title='bbox 1699 4737 1758 4791; x_wconf 92' lang='lat' dir='ltr'>in</span> <span class='ocrx_word' id='word_1_699' title='bbox 1789 4737 1899 4793; x_wconf 89' lang='lat' dir='ltr'>hac</span> 
     </span>
    </p>
   </div>
   <div class='ocr_carea' id='block_1_97' title="bbox 248 4824 1897 4900">
    <p class='ocr_par' dir='ltr' id='par_1_97' title="bbox 248 4824 1897 4900">
     <span class='ocr_line' id='line_1_97' title="bbox 248 4824 1897 4900; baseline 0 -19"><span class='ocrx_word' id='word_1_700' title='bbox 248 4827 484 4899; x_wconf 88' lang='lat' dir='ltr'>quidem</span> <span class='ocrx_word' id='word_1_701' title='bbox 530 4827 864 4900; x_wconf 81' lang='lat' dir='ltr'>egressione</span> <span class='ocrx_word' id='word_1_702' title='bbox 892 4828 1122 4897; x_wconf 80' lang='lat' dir='ltr'>oportet</span> <span class='ocrx_word' id='word_1_703' title='bbox 1151 4829 1207 4880; x_wconf 92' lang='lat' dir='ltr'>te</span> <span class='ocrx_word' id='word_1_704' title='bbox 1237 4841 1270 4879; x_wconf 88' lang='lat' dir='ltr'>a</span> <span class='ocrx_word' id='word_1_705' title='bbox 1302 4824 1525 4881; x_wconf 88' lang='lat' dir='ltr'>ratione</span> <span class='ocrx_word' id='word_1_706' title='bbox 1569 4826 1805 4897; x_wconf 87' lang='lat' dir='ltr'>penitus</span> <span class='ocrx_word' id='word_1_707' title='bbox 1837 4827 1897 4881; x_wconf 91' lang='lat' dir='ltr'>in</span> 
     </span>
    </p>
   </div>
   <div class='ocr_carea' id='block_1_98' title="bbox 248 4913 1899 4985">
    <p class='ocr_par' dir='ltr' id='par_1_98' title="bbox 248 4913 1899 4985">
     <span class='ocr_line' id='line_1_98' title="bbox 248 4913 1899 4985; baseline -0.001 -14"><span class='ocrx_word' id='word_1_708' title='bbox 248 4915 605 4972; x_wconf 90' lang='lat' dir='ltr'>contrarium</span> <span class='ocrx_word' id='word_1_709' title='bbox 656 4915 936 4972; x_wconf 88' lang='lat' dir='ltr'>converti.</span> <span class='ocrx_word' id='word_1_710' title='bbox 988 4913 1253 4985; x_wconf 81' lang='lat' dir='ltr'>Egredere</span> <span class='ocrx_word' id='word_1_711' title='bbox 1300 4917 1497 4969; x_wconf 89' lang='lat' dir='ltr'>autem</span> <span class='ocrx_word' id='word_1_712' title='bbox 1543 4914 1602 4968; x_wconf 82' lang='lat' dir='ltr'>in</span> <span class='ocrx_word' id='word_1_713' title='bbox 1656 4917 1899 4985; x_wconf 76' lang='lat' dir='ltr'>vestigiis</span> 
     </span>
    </p>
   </div>
   <div class='ocr_carea' id='block_1_99' title="bbox 243 5003 1897 5077">
    <p class='ocr_par' dir='ltr' id='par_1_99' title="bbox 243 5003 1897 5077">
     <span class='ocr_line' id='line_1_99' title="bbox 243 5003 1897 5077; baseline 0.001 -18"><span class='ocrx_word' id='word_1_714' title='bbox 243 5021 501 5077; x_wconf 84' lang='lat' dir='ltr'>gregum,</span> <span class='ocrx_word' id='word_1_715' title='bbox 534 5022 743 5077; x_wconf 90' lang='lat' dir='ltr'>nempe</span> <span class='ocrx_word' id='word_1_716' title='bbox 784 5007 843 5061; x_wconf 91' lang='lat' dir='ltr'>in</span> <span class='ocrx_word' id='word_1_717' title='bbox 887 5003 1252 5059; x_wconf 90' lang='lat' dir='ltr'>diversarum</span> <span class='ocrx_word' id='word_1_718' title='bbox 1300 5007 1642 5059; x_wconf 87' lang='lat' dir='ltr'>naturarum</span> <span class='ocrx_word' id='word_1_719' title='bbox 1679 5022 1738 5060; x_wconf 90' lang='lat' dir='ltr'>re</span> <span class='ocrx_word' id='word_1_720' title='bbox 1768 5005 1897 5077; x_wconf 90' lang='lat' dir='ltr'>ipsa</span> 
     </span>
    </p>
   </div>
   <div class='ocr_carea' id='block_1_100' title="bbox 246 5090 1895 5165">
    <p class='ocr_par' dir='ltr' id='par_1_100' title="bbox 246 5090 1895 5165">
     <span class='ocr_line' id='line_1_100' title="bbox 246 5090 1895 5165; baseline 0.001 -17"><span class='ocrx_word' id='word_1_721' title='bbox 246 5092 541 5163; x_wconf 83' lang='lat' dir='ltr'>expressis</span> <span class='ocrx_word' id='word_1_722' title='bbox 573 5094 853 5165; x_wconf 83' lang='lat' dir='ltr'>vestigiis,</span> <span class='ocrx_word' id='word_1_723' title='bbox 888 5109 987 5164; x_wconf 91' lang='lat' dir='ltr'>per</span> <span class='ocrx_word' id='word_1_724' title='bbox 1030 5108 1159 5164; x_wconf 70' lang='lat' dir='ltr'>quas</span> <span class='ocrx_word' id='word_1_725' title='bbox 1209 5090 1508 5164; x_wconf 88' lang='lat' dir='ltr'>sigillatim</span> <span class='ocrx_word' id='word_1_726' title='bbox 1561 5092 1895 5165; x_wconf 84' lang='lat' dir='ltr'>indagando</span> 
     </span>
    </p>
   </div>
   <div class='ocr_carea' id='block_1_101' title="bbox 246 5179 1889 5254">
    <p class='ocr_par' dir='ltr' id='par_1_101' title="bbox 246 5179 1889 5254">
     <span class='ocr_line' id='line_1_101' title="bbox 246 5179 1889 5254; baseline 0.002 -19"><span class='ocrx_word' id='word_1_727' title='bbox 246 5182 629 5254; x_wconf 83' lang='lat' dir='ltr'>progrediens</span> <span class='ocrx_word' id='word_1_728' title='bbox 661 5183 808 5238; x_wconf 88' lang='lat' dir='ltr'>ratio</span> <span class='ocrx_word' id='word_1_729' title='bbox 831 5181 1132 5238; x_wconf 87' lang='lat' dir='ltr'>deﬁnitur.</span> <span class='ocrx_word' id='word_1_730' title='bbox 1152 5179 1368 5254; x_wconf 90' lang='lat' dir='ltr'>Greges</span> <span class='ocrx_word' id='word_1_731' title='bbox 1391 5181 1674 5237; x_wconf 90' lang='lat' dir='ltr'>dicuntur</span> <span class='ocrx_word' id='word_1_732' title='bbox 1698 5199 1889 5239; x_wconf 89' lang='lat' dir='ltr'>rerum</span> 
     </span>
    </p>
   </div>
   <div class='ocr_carea' id='block_1_102' title="bbox 245 5268 1891 5343">
    <p class='ocr_par' dir='ltr' id='par_1_102' title="bbox 245 5268 1891 5343">
     <span class='ocr_line' id='line_1_102' title="bbox 245 5268 1891 5343; baseline 0.001 -17"><span class='ocrx_word' id='word_1_733' title='bbox 245 5274 467 5326; x_wconf 64' lang='lat' dir='ltr'>naturas</span> <span class='ocrx_word' id='word_1_734' title='bbox 500 5272 781 5341; x_wconf 87' lang='lat' dir='ltr'>quoniam</span> <span class='ocrx_word' id='word_1_735' title='bbox 813 5286 1015 5326; x_wconf 89' lang='lat' dir='ltr'>earum</span> <span class='ocrx_word' id='word_1_736' title='bbox 1049 5268 1293 5342; x_wconf 69' lang='lat' dir='ltr'>singulae</span> <span class='ocrx_word' id='word_1_737' title='bbox 1328 5270 1489 5326; x_wconf 63' lang='lat' dir='ltr'>facta</span> <span class='ocrx_word' id='word_1_738' title='bbox 1513 5276 1653 5327; x_wconf 91' lang='lat' dir='ltr'>sunt</span> <span class='ocrx_word' id='word_1_739' title='bbox 1683 5272 1891 5343; x_wconf 68' lang='lat' dir='ltr'>dignae,</span> 
     </span>
    </p>
   </div>
   <div class='ocr_carea' id='block_1_103' title="bbox 240 5358 1894 5433">
    <p class='ocr_par' dir='ltr' id='par_1_103' title="bbox 240 5358 1894 5433">
     <span class='ocr_line' id='line_1_103' title="bbox 240 5358 1894 5433; baseline 0.002 -20"><span class='ocrx_word' id='word_1_740' title='bbox 240 5376 392 5431; x_wconf 87' lang='lat' dir='ltr'>quas</span> <span class='ocrx_word' id='word_1_741' title='bbox 418 5358 784 5429; x_wconf 88' lang='lat' dir='ltr'>providentia</span> <span class='ocrx_word' id='word_1_742' title='bbox 832 5375 936 5414; x_wconf 90' lang='lat' dir='ltr'>sua</span> <span class='ocrx_word' id='word_1_743' title='bbox 966 5363 1170 5413; x_wconf 88' lang='lat' dir='ltr'>auctor</span> <span class='ocrx_word' id='word_1_744' title='bbox 1197 5359 1463 5415; x_wconf 89' lang='lat' dir='ltr'>omnium</span> <span class='ocrx_word' id='word_1_745' title='bbox 1512 5358 1668 5416; x_wconf 90' lang='lat' dir='ltr'>Deus</span> <span class='ocrx_word' id='word_1_746' title='bbox 1720 5371 1894 5433; x_wconf 82' lang='lat' dir='ltr'>quasi</span> 
     </span>
    </p>
   </div>
   <div class='ocr_carea' id='block_1_104' title="bbox 239 5446 1891 5519">
    <p class='ocr_par' dir='ltr' id='par_1_104' title="bbox 239 5446 1891 5519">
     <span class='ocr_line' id='line_1_104' title="bbox 239 5446 1891 5519; baseline 0.002 -17"><span class='ocrx_word' id='word_1_747' title='bbox 239 5451 439 5518; x_wconf 91' lang='lat' dir='ltr'>pastor</span> <span class='ocrx_word' id='word_1_748' title='bbox 472 5447 779 5519; x_wconf 86' lang='lat' dir='ltr'>gubernet,</span> <span class='ocrx_word' id='word_1_749' title='bbox 812 5446 1148 5502; x_wconf 89' lang='lat' dir='ltr'>moderetur</span> <span class='ocrx_word' id='word_1_750' title='bbox 1176 5462 1241 5500; x_wconf 89' lang='lat' dir='ltr'>ae</span> <span class='ocrx_word' id='word_1_751' title='bbox 1276 5452 1458 5519; x_wconf 91' lang='lat' dir='ltr'>regat.</span> <span class='ocrx_word' id='word_1_752' title='bbox 1498 5449 1561 5502; x_wconf 82' lang='lat' dir='ltr'>Et</span> <span class='ocrx_word' id='word_1_753' title='bbox 1589 5465 1753 5519; x_wconf 80' lang='lat' dir='ltr'>pasce</span> <span class='ocrx_word' id='word_1_754' title='bbox 1781 5452 1891 5506; x_wconf 72' lang='lat' dir='ltr'>hae-</span> 
     </span>
    </p>
   </div>
   <div class='ocr_carea' id='block_1_105' title="bbox 236 5534 1889 5607">
    <p class='ocr_par' dir='ltr' id='par_1_105' title="bbox 236 5534 1889 5607">
     <span class='ocr_line' id='line_1_105' title="bbox 236 5534 1889 5607; baseline 0.002 -16"><span class='ocrx_word' id='word_1_755' title='bbox 236 5535 330 5591; x_wconf 85' lang='lat' dir='ltr'>dos</span> <span class='ocrx_word' id='word_1_756' title='bbox 361 5545 479 5592; x_wconf 80' lang='lat' dir='ltr'>tuos</span> <span class='ocrx_word' id='word_1_757' title='bbox 501 5554 521 5593; x_wconf 93' lang='grc'>.·</span> <span class='ocrx_word' id='word_1_758' title='bbox 545 5536 811 5592; x_wconf 87' lang='lat' dir='ltr'>turbidos</span> <span class='ocrx_word' id='word_1_759' title='bbox 844 5534 1067 5590; x_wconf 88' lang='lat' dir='ltr'>scilicet</span> <span class='ocrx_word' id='word_1_760' title='bbox 1087 5534 1271 5590; x_wconf 88' lang='lat' dir='ltr'>animi</span> <span class='ocrx_word' id='word_1_761' title='bbox 1303 5542 1520 5607; x_wconf 88' lang='lat' dir='ltr'>motus,</span> <span class='ocrx_word' id='word_1_762' title='bbox 1542 5541 1605 5592; x_wconf 93' lang='lat' dir='ltr'>ut</span> <span class='ocrx_word' id='word_1_763' title='bbox 1635 5538 1889 5595; x_wconf 68' lang='lat' dir='ltr'>sinistras</span> 
     </span>
    </p>
   </div>
   <div class='ocr_carea' id='block_1_106' title="bbox 236 5623 1891 5699">
    <p class='ocr_par' dir='ltr' id='par_1_106' title="bbox 236 5623 1891 5699">
     <span class='ocr_line' id='line_1_106' title="bbox 236 5623 1891 5699; baseline 0.004 -18"><span class='ocrx_word' id='word_1_764' title='bbox 236 5625 417 5699; x_wconf 83' lang='lat' dir='ltr'>partis</span> <span class='ocrx_word' id='word_1_765' title='bbox 452 5626 769 5682; x_wconf 88' lang='lat' dir='ltr'>retinentes</span> <span class='ocrx_word' id='word_1_766' title='bbox 805 5623 1020 5680; x_wconf 88' lang='lat' dir='ltr'>locum.</span> <span class='ocrx_word' id='word_1_767' title='bbox 1053 5625 1113 5680; x_wconf 84' lang='lat' dir='ltr'>In</span> <span class='ocrx_word' id='word_1_768' title='bbox 1143 5623 1520 5682; x_wconf 74' lang='lat' dir='ltr'>tabernaculis</span> <span class='ocrx_word' id='word_1_769' title='bbox 1557 5637 1840 5698; x_wconf 82' lang='lat' dir='ltr'>pastorum</span> <span class='ocrx_word' id='word_1_770' title='bbox 1869 5644 1891 5688; x_wconf 83' lang='lat'>.°</span> 
     </span>
    </p>
   </div>
   <div class='ocr_carea' id='block_1_107' title="bbox 2007 4645 3656 4725">
    <p class='ocr_par' dir='ltr' id='par_1_107' title="bbox 2007 4645 3656 4725">
     <span class='ocr_line' id='line_1_107' title="bbox 2007 4645 3656 4725; baseline 0.004 -25"><span class='ocrx_word' id='word_1_771' title='bbox 2007 4667 2137 4707; x_wconf 89' lang='grc' dir='ltr'>τως.</span> <span class='ocrx_word' id='word_1_772' title='bbox 2174 4645 2234 4701; x_wconf 81' lang='grc' dir='ltr'>Εἰ</span> <span class='ocrx_word' id='word_1_773' title='bbox 2264 4646 2364 4723; x_wconf 81' lang='grc' dir='ltr'>γὰρ</span> <span class='ocrx_word' id='word_1_774' title='bbox 2422 4652 2528 4702; x_wconf 87' lang='grc' dir='ltr'>ποῦ</span> <span class='ocrx_word' id='word_1_775' title='bbox 2586 4648 2865 4721; x_wconf 86' lang='grc' dir='ltr'>ποιμαίνω</span> <span class='ocrx_word' id='word_1_776' title='bbox 2927 4647 3113 4725; x_wconf 82' lang='grc' dir='ltr'>βούλει</span> <span class='ocrx_word' id='word_1_777' title='bbox 3144 4648 3292 4712; x_wconf 78' lang='grc' dir='ltr'>ὅλως</span> <span class='ocrx_word' id='word_1_778' title='bbox 3322 4653 3533 4724; x_wconf 87' lang='grc' dir='ltr'>μαθεῖν,</span> <span class='ocrx_word' id='word_1_779' title='bbox 3558 4652 3656 4706; x_wconf 87' lang='grc' dir='ltr'>ού-</span> 
     </span>
    </p>
   </div>
   <div class='ocr_carea' id='block_1_108' title="bbox 2010 4732 3653 4816">
    <p class='ocr_par' dir='ltr' id='par_1_108' title="bbox 2010 4732 3653 4816">
     <span class='ocr_line' id='line_1_108' title="bbox 2010 4732 3653 4816; baseline 0.002 -26"><span class='ocrx_word' id='word_1_780' title='bbox 2010 4732 2096 4790; x_wconf 76' lang='grc' dir='ltr'>δέν</span> <span class='ocrx_word' id='word_1_781' title='bbox 2126 4738 2194 4809; x_wconf 83' lang='grc' dir='ltr'>τῇ</span> <span class='ocrx_word' id='word_1_782' title='bbox 2240 4733 2423 4807; x_wconf 80' lang='grc' dir='ltr'>τοιᾷδε</span> <span class='ocrx_word' id='word_1_783' title='bbox 2454 4736 2714 4809; x_wconf 80' lang='grc' dir='ltr'>ἐξελεύσει</span> <span class='ocrx_word' id='word_1_784' title='bbox 2748 4735 2889 4792; x_wconf 82' lang='grc' dir='ltr'>δεῖσε</span> <span class='ocrx_word' id='word_1_785' title='bbox 2919 4737 3053 4814; x_wconf 90' lang='grc' dir='ltr'>πρὸς</span> <span class='ocrx_word' id='word_1_786' title='bbox 3083 4738 3307 4812; x_wconf 84' lang='grc' dir='ltr'>ἀλογίαν</span> <span class='ocrx_word' id='word_1_787' title='bbox 3359 4747 3653 4816; x_wconf 78' lang='grc' dir='ltr'>τραπῆναι.</span> 
     </span>
    </p>
   </div>
   <div class='ocr_carea' id='block_1_109' title="bbox 2008 4821 3655 4903">
    <p class='ocr_par' dir='ltr' id='par_1_109' title="bbox 2008 4821 3655 4903">
     <span class='ocr_line' id='line_1_109' title="bbox 2008 4821 3655 4903; baseline 0.004 -23"><span class='ocrx_word' id='word_1_788' title='bbox 2008 4821 2231 4895; x_wconf 84' lang='grc' dir='ltr'>’Έξελθε</span> <span class='ocrx_word' id='word_1_789' title='bbox 2280 4822 2337 4879; x_wconf 72' lang='grc' dir='ltr'>δὲ</span> <span class='ocrx_word' id='word_1_790' title='bbox 2385 4825 2436 4880; x_wconf 82' lang='grc' dir='ltr'>ἐν</span> <span class='ocrx_word' id='word_1_791' title='bbox 2483 4828 2737 4903; x_wconf 77' lang='grc' dir='ltr'>πτέρναις</span> <span class='ocrx_word' id='word_1_792' title='bbox 2775 4831 2882 4881; x_wconf 84' lang='grc' dir='ltr'>τῶν</span> <span class='ocrx_word' id='word_1_793' title='bbox 2917 4828 3214 4900; x_wconf 84' lang='grc' dir='ltr'>ποιμνίων,</span> <span class='ocrx_word' id='word_1_794' title='bbox 3265 4825 3392 4898; x_wconf 75' lang='grc' dir='ltr'>ἤτοι</span> <span class='ocrx_word' id='word_1_795' title='bbox 3431 4828 3484 4884; x_wconf 86' lang='grc' dir='ltr'>ἐν</span> <span class='ocrx_word' id='word_1_796' title='bbox 3534 4836 3655 4892; x_wconf 82' lang='grc' dir='ltr'>ταῖς</span> 
     </span>
    </p>
   </div>
   <div class='ocr_carea' id='block_1_110' title="bbox 2005 4912 3655 4995">
    <p class='ocr_par' dir='ltr' id='par_1_110' title="bbox 2005 4912 3655 4995">
     <span class='ocr_line' id='line_1_110' title="bbox 2005 4912 3655 4995; baseline 0.004 -28"><span class='ocrx_word' id='word_1_797' title='bbox 2005 4914 2123 4968; x_wconf 87' lang='grc' dir='ltr'>κατ’</span> <span class='ocrx_word' id='word_1_798' title='bbox 2182 4912 2443 4990; x_wconf 70' lang='grc' dir='ltr'>ἐνέργειαν</span> <span class='ocrx_word' id='word_1_799' title='bbox 2503 4916 2687 4991; x_wconf 85' lang='grc' dir='ltr'>βάσεσι</span> <span class='ocrx_word' id='word_1_800' title='bbox 2735 4921 2842 4970; x_wconf 88' lang='grc' dir='ltr'>τῶν</span> <span class='ocrx_word' id='word_1_801' title='bbox 2900 4913 3173 4994; x_wconf 86' lang='grc' dir='ltr'>διαφόρων</span> <span class='ocrx_word' id='word_1_802' title='bbox 3251 4917 3458 4995; x_wconf 82' lang='grc' dir='ltr'>φύσεων</span> <span class='ocrx_word' id='word_1_803' title='bbox 3497 4938 3508 4953; x_wconf 93' lang='grc'>·</span> <span class='ocrx_word' id='word_1_804' title='bbox 3583 4917 3655 4973; x_wconf 87' lang='grc' dir='ltr'>δι’</span> 
     </span>
    </p>
   </div>
   <div class='ocr_carea' id='block_1_111' title="bbox 2008 5002 3649 5083">
    <p class='ocr_par' dir='ltr' id='par_1_111' title="bbox 2008 5002 3649 5083">
     <span class='ocr_line' id='line_1_111' title="bbox 2008 5002 3649 5083; baseline 0.005 -28"><span class='ocrx_word' id='word_1_805' title='bbox 2008 5002 2081 5055; x_wconf 83' lang='grc' dir='ltr'>ὧν</span> <span class='ocrx_word' id='word_1_806' title='bbox 2158 5002 2382 5075; x_wconf 71' lang='grc' dir='ltr'>ἑκάστην</span> <span class='ocrx_word' id='word_1_807' title='bbox 2457 5002 2663 5059; x_wconf 87' lang='grc' dir='ltr'>τούτων</span> <span class='ocrx_word' id='word_1_808' title='bbox 2738 5004 3036 5079; x_wconf 74' lang='grc' dir='ltr'>ἀνιχνεύων</span> <span class='ocrx_word' id='word_1_809' title='bbox 3089 5005 3116 5059; x_wconf 90' lang='grc' dir='ltr'>ὁ</span> <span class='ocrx_word' id='word_1_810' title='bbox 3176 5005 3342 5080; x_wconf 88' lang='grc' dir='ltr'>λόγος</span> <span class='ocrx_word' id='word_1_811' title='bbox 3395 5006 3649 5083; x_wconf 81' lang='grc' dir='ltr'>ὁρίζεται.</span> 
     </span>
    </p>
   </div>
   <div class='ocr_carea' id='block_1_112' title="bbox 2007 5090 3651 5172">
    <p class='ocr_par' dir='ltr' id='par_1_112' title="bbox 2007 5090 3651 5172">
     <span class='ocr_line' id='line_1_112' title="bbox 2007 5090 3651 5172; baseline 0.005 -27"><span class='ocrx_word' id='word_1_812' title='bbox 2007 5091 2246 5165; x_wconf 84' lang='grc' dir='ltr'>Ιιοίμνια</span> <span class='ocrx_word' id='word_1_813' title='bbox 2302 5090 2347 5147; x_wconf 88' lang='grc' dir='ltr'>δ’</span> <span class='ocrx_word' id='word_1_814' title='bbox 2404 5093 2458 5147; x_wconf 75' lang='grc' dir='ltr'>αἱ</span> <span class='ocrx_word' id='word_1_815' title='bbox 2514 5094 2619 5148; x_wconf 85' lang='grc' dir='ltr'>τῶν</span> <span class='ocrx_word' id='word_1_816' title='bbox 2680 5090 2851 5149; x_wconf 72' lang='grc' dir='ltr'>ὄντων</span> <span class='ocrx_word' id='word_1_817' title='bbox 2903 5092 3114 5169; x_wconf 81' lang='grc' dir='ltr'>εἷ’ρηται</span> <span class='ocrx_word' id='word_1_818' title='bbox 3173 5092 3389 5172; x_wconf 86' lang='grc' dir='ltr'>φύσεις,</span> <span class='ocrx_word' id='word_1_819' title='bbox 3450 5094 3538 5151; x_wconf 81' lang='grc' dir='ltr'>διὰ</span> <span class='ocrx_word' id='word_1_820' title='bbox 3588 5098 3651 5153; x_wconf 86' lang='grc' dir='ltr'>τὸ</span> 
     </span>
    </p>
   </div>
   <div class='ocr_carea' id='block_1_113' title="bbox 2005 5180 3653 5261">
    <p class='ocr_par' dir='ltr' id='par_1_113' title="bbox 2005 5180 3653 5261">
     <span class='ocr_line' id='line_1_113' title="bbox 2005 5180 3653 5261; baseline 0.005 -27"><span class='ocrx_word' id='word_1_821' title='bbox 2005 5180 2279 5251; x_wconf 79' lang='grc' dir='ltr'>ἀξιοῦσθαι</span> <span class='ocrx_word' id='word_1_822' title='bbox 2328 5181 2417 5237; x_wconf 88' lang='grc' dir='ltr'>καὶ</span> <span class='ocrx_word' id='word_1_823' title='bbox 2463 5183 2532 5238; x_wconf 73' lang='grc' dir='ltr'>τὰ</span> <span class='ocrx_word' id='word_1_824' title='bbox 2581 5183 2666 5260; x_wconf 86' lang='grc' dir='ltr'>ὑφ’</span> <span class='ocrx_word' id='word_1_825' title='bbox 2716 5182 2946 5254; x_wconf 71' lang='grc' dir='ltr'>εκάστην</span> <span class='ocrx_word' id='word_1_826' title='bbox 3003 5182 3213 5239; x_wconf 88' lang='grc' dir='ltr'>τούτων</span> <span class='ocrx_word' id='word_1_827' title='bbox 3268 5184 3466 5261; x_wconf 82' lang='grc' dir='ltr'>μερικά</span> <span class='ocrx_word' id='word_1_828' title='bbox 3519 5206 3653 5261; x_wconf 91' lang='grc' dir='ltr'>προ-</span> 
     </span>
    </p>
   </div>
   <div class='ocr_carea' id='block_1_114' title="bbox 2003 5269 3649 5350">
    <p class='ocr_par' dir='ltr' id='par_1_114' title="bbox 2003 5269 3649 5350">
     <span class='ocr_line' id='line_1_114' title="bbox 2003 5269 3649 5350; baseline 0.003 -26"><span class='ocrx_word' id='word_1_829' title='bbox 2003 5269 2177 5339; x_wconf 85' lang='grc' dir='ltr'>νοίας,</span> <span class='ocrx_word' id='word_1_830' title='bbox 2226 5270 2303 5331; x_wconf 86' lang='grc' dir='ltr'>ὡς</span> <span class='ocrx_word' id='word_1_831' title='bbox 2349 5272 2494 5344; x_wconf 82' lang='grc' dir='ltr'>παρά</span> <span class='ocrx_word' id='word_1_832' title='bbox 2521 5270 2785 5345; x_wconf 69' lang='grc' dir='ltr'>ποιμένος</span> <span class='ocrx_word' id='word_1_833' title='bbox 2822 5276 2921 5327; x_wconf 91' lang='grc' dir='ltr'>τοῦ</span> <span class='ocrx_word' id='word_1_834' title='bbox 2967 5275 3076 5326; x_wconf 88' lang='grc' dir='ltr'>τῶν</span> <span class='ocrx_word' id='word_1_835' title='bbox 3135 5269 3282 5327; x_wconf 72' lang='grc' dir='ltr'>ὅλων</span> <span class='ocrx_word' id='word_1_836' title='bbox 3338 5278 3649 5350; x_wconf 85' lang='grc' dir='ltr'>προνοητοῦ</span> 
     </span>
    </p>
   </div>
   <div class='ocr_carea' id='block_1_115' title="bbox 2000 5358 3648 5439">
    <p class='ocr_par' dir='ltr' id='par_1_115' title="bbox 2000 5358 3648 5439">
     <span class='ocr_line' id='line_1_115' title="bbox 2000 5358 3648 5439; baseline 0.003 -26"><span class='ocrx_word' id='word_1_837' title='bbox 2000 5358 2090 5413; x_wconf 81' lang='grc' dir='ltr'>καὶ</span> <span class='ocrx_word' id='word_1_838' title='bbox 2168 5364 2321 5415; x_wconf 89' lang='grc' dir='ltr'>Θεοῦ.</span> <span class='ocrx_word' id='word_1_839' title='bbox 2397 5359 2495 5414; x_wconf 84' lang='grc' dir='ltr'>Καὶ</span> <span class='ocrx_word' id='word_1_840' title='bbox 2561 5360 2819 5434; x_wconf 86' lang='grc' dir='ltr'>ποίμαινε</span> <span class='ocrx_word' id='word_1_841' title='bbox 2892 5359 3019 5422; x_wconf 80' lang='grc' dir='ltr'>τοὺς</span> <span class='ocrx_word' id='word_1_842' title='bbox 3093 5359 3313 5439; x_wconf 66' lang='grc' dir='ltr'>ἐρίφους</span> <span class='ocrx_word' id='word_1_843' title='bbox 3382 5382 3507 5418; x_wconf 91' lang='grc' dir='ltr'>σου·</span> <span class='ocrx_word' id='word_1_844' title='bbox 3581 5362 3648 5418; x_wconf 73' lang='grc' dir='ltr'>τὰ</span> 
     </span>
    </p>
   </div>
   <div class='ocr_carea' id='block_1_116' title="bbox 2001 5448 3647 5529">
    <p class='ocr_par' dir='ltr' id='par_1_116' title="bbox 2001 5448 3647 5529">
     <span class='ocr_line' id='line_1_116' title="bbox 2001 5448 3647 5529; baseline 0.004 -27"><span class='ocrx_word' id='word_1_845' title='bbox 2001 5448 2145 5518; x_wconf 84' lang='grc' dir='ltr'>πάθη</span> <span class='ocrx_word' id='word_1_846' title='bbox 2197 5448 2432 5519; x_wconf 84' lang='grc' dir='ltr'>πάντως,</span> <span class='ocrx_word' id='word_1_847' title='bbox 2482 5450 2557 5511; x_wconf 86' lang='grc' dir='ltr'>ὡς</span> <span class='ocrx_word' id='word_1_848' title='bbox 2602 5457 2703 5519; x_wconf 77' lang='grc' dir='ltr'>τῆς</span> <span class='ocrx_word' id='word_1_849' title='bbox 2734 5450 3015 5526; x_wconf 77' lang='grc' dir='ltr'>ἀριστερᾶς</span> <span class='ocrx_word' id='word_1_850' title='bbox 3066 5450 3262 5524; x_wconf 85' lang='grc' dir='ltr'>μοίρας</span> <span class='ocrx_word' id='word_1_851' title='bbox 3305 5452 3647 5529; x_wconf 84' lang='grc' dir='ltr'>ὑπάρχοντα.</span> 
     </span>
    </p>
   </div>
   <div class='ocr_carea' id='block_1_117' title="bbox 2002 5536 3646 5612">
    <p class='ocr_par' dir='ltr' id='par_1_117' title="bbox 2002 5536 3646 5612">
     <span class='ocr_line' id='line_1_117' title="bbox 2002 5536 3646 5612; baseline 0.002 -19"><span class='ocrx_word' id='word_1_852' title='bbox 2002 5536 2123 5593; x_wconf 83' lang='grc' dir='ltr'>Ἐπὶ</span> <span class='ocrx_word' id='word_1_853' title='bbox 2198 5538 2544 5611; x_wconf 83' lang='grc' dir='ltr'>σκηνώμασιν</span> <span class='ocrx_word' id='word_1_854' title='bbox 2615 5543 2721 5593; x_wconf 84' lang='grc' dir='ltr'>τῶν</span> <span class='ocrx_word' id='word_1_855' title='bbox 2797 5539 3095 5612; x_wconf 87' lang='grc' dir='ltr'>ποιμνίων·</span> <span class='ocrx_word' id='word_1_856' title='bbox 3172 5537 3259 5592; x_wconf 81' lang='grc' dir='ltr'>ἐπὶ</span> <span class='ocrx_word' id='word_1_857' title='bbox 3332 5545 3452 5603; x_wconf 83' lang='grc' dir='ltr'>ταῖς</span> <span class='ocrx_word' id='word_1_858' title='bbox 3510 5536 3646 5612; x_wconf 76' lang='grc' dir='ltr'>ἕξεσι</span> 
     </span>
    </p>
   </div>
   <div class='ocr_carea' id='block_1_118' title="bbox 2001 5622 3641 5708">
    <p class='ocr_par' dir='ltr' id='par_1_118' title="bbox 2001 5622 3641 5708">
     <span class='ocr_line' id='line_1_118' title="bbox 2001 5622 3641 5708; baseline 0.004 -27"><span class='ocrx_word' id='word_1_859' title='bbox 2001 5623 2216 5698; x_wconf 79' lang='grc' dir='ltr'>δηλαδὴ</span> <span class='ocrx_word' id='word_1_860' title='bbox 2248 5630 2355 5683; x_wconf 88' lang='grc' dir='ltr'>τῶν</span> <span class='ocrx_word' id='word_1_861' title='bbox 2390 5627 2619 5708; x_wconf 85' lang='grc' dir='ltr'>φύσεων·</span> <span class='ocrx_word' id='word_1_862' title='bbox 2654 5628 2727 5683; x_wconf 79' lang='grc' dir='ltr'>ὡς</span> <span class='ocrx_word' id='word_1_863' title='bbox 2758 5622 3175 5703; x_wconf 79' lang='grc' dir='ltr'>μεταϐάλλουσα</span> <span class='ocrx_word' id='word_1_864' title='bbox 3221 5634 3641 5707; x_wconf 80' lang='grc' dir='ltr'>προαιρετικῶς,</span> 
     </span>
    </p>
   </div>
  </div>
