4084 6140
278 382 396 440 553

1338 376 1746 437 COMMENT.
1796 377 1873 435 ΙΝ
1918 376 2323 440 CANTICUM
2370 379 2674 439 CANTIC.

3577 386 3695 444 554.

277 511 377 578 τὴν
424 508 519 581 μὶν
580 505 753 562 αἰτίαν
806 504 1019 561 πάντων
1078 509 1186 560 τῶν
1237 508 1413 559 κακῶν
1471 504 1763 580 ῥᾳθυμίαν,
1792 506 1926 581 πρὸς

2065 507 2319 580 :xemplis
2344 508 2549 580 utique
2570 524 2766 565 rerum
2791 512 3384 584 naturalium,sponte
3405 514 3693 570 desidiam

276 599 376 667 τήν
408 597 528 661 καθ’
560 594 666 670 ἕξιν
726 595 961 671 φυσικὴν
1004 592 1410 670 ἇνυπᾶρχουσαν
1453 598 1522 667 τῇ
1557 593 1807 668 μύρμηκι
1841 597 1933 648 καὶ

278 691 349 761 τῇ
399 684 634 761 μελίσσῃ
680 682 1019 758 ἐπιμέλειαν,
1065 683 1427 757 ἑτοιμάζουσα
1471 682 1561 737 καὶ
1618 683 1754 750 αύτή
1799 683 1936 738 κατὰ

283 777 345 832 τὸ
398 776 569 850 παρὸν
615 777 716 843 τὴν
791 778 902 829 τῶν
985 771 1303 847 μελλόντων
1366 769 1690 840 ἀπόλαυσιν,
1751 770 1932 848 ὥσπερ

283 866 525 921 κάκεῖναι
584 860 741 939 ἔαρος
794 862 910 937 ὥρᾳ
964 862 1053 917 καὶ
1114 860 1303 937 Οέρους
1349 863 1448 931 τήν
1502 864 1598 915 τοῦ
1653 865 1934 936 χειμῶνος

285 956 492 1033 τροφὴν
546 951 657 1028 (διὰ
705 951 806 1029 γάρ
864 959 963 1021 τῆς
1038 949 1356 1023 ἐπιμελείας
1411 955 1672 1026 τρυγᾶται
1725 950 1785 1004 ἐκ
1837 954 1934 1003 τοῦ

286 1051 387 1115 τῆς
440 1047 622 1119 ψυχῆς
678 1046 973 1117 τριμεροῦς
1026 1043 1061 1111 ἡ
1122 1038 1457 1110 δικαιοσύνη,
1495 1038 1619 1109 ἤτις
1650 1038 1937 1112 ἐτοιμασία

287 1142 387 1204 τῆς
440 1138 547 1189 τῶν
580 1130 890 1205 μελλόντων
937 1129 1074 1186 ἐστὶν
1121 1128 1519 1202 ἀπολαύσεως),
1548 1129 1647 1197 τὴν
1681 1125 1739 1183 δὲ
1768 1128 1935 1207 ἀφρο-

290 1222 479 1294 σύνην,
535 1218 658 1291 ἤτις
715 1220 775 1277 ἐκ
828 1224 926 1275 τοῦ
981 1220 1118 1275 κατὰ
1165 1219 1321 1297 φύσιν
1372 1219 1509 1294 πρὸς
1548 1219 1611 1273 τὸ
1659 1218 1805 1290 παρὰ
1836 1216 1935 1295 φύ-

290 1333 394 1381 σιν,
426 1312 606 1387 τροπὴ
637 1316 738 1379 τῆς
787 1308 1019 1384 λογικῆς
1073 1309 1307 1383 ὑπάρχει
1339 1304 1638 1381 δυνάμεως,
1670 1307 1807 1383 πρὸς
1835 1307 1933 1375 τήν

286 1398 494 1473 ὁμοίως
522 1397 740 1453 ἐνοῦσαν
772 1402 853 1471 τῷ
898 1393 1017 1475 ὄφει
1067 1391 1325 1474 φρόνησιν
1381 1394 1518 1467 ὅλην
1563 1397 1758 1465 ὲαυτῆν
1797 1415 1938 1471 προ-

289 1485 535 1556 διδοῦσα,
592 1487 724 1563 ὑπὲρ
765 1491 863 1542 τοῦ
929 1484 1162 1564 φυλάξαι
1206 1486 1295 1540 τὸν
1328 1484 1493 1560 λόγον
1533 1492 1633 1555 τῆς
1680 1484 1935 1554 πίστεως,

288 1576 473 1651 ὥσπερ
516 1576 770 1639 κάκεῖνος
826 1574 957 1632 ὅλον
1012 1572 1343 1651 προδίδωσιν
1404 1575 1616 1644 ἑαυτὸν,
1666 1574 1797 1649 ὑπὲρ
1840 1576 1937 1628 τοῦ

291 1666 524 1742 φυλάξαι
554 1667 653 1735 τὴν
687 1666 879 1721 ἑαυτοῦ
907 1663 1150 1743 κεφαλήν
1186 1682 1199 1696 ⁸
1258 1665 1357 1733 τὴν
1393 1661 1451 1718 δὲ
1484 1670 1669 1737 μῆνιν,
1701 1660 1822 1733 ἥτις
1839 1665 1938 1733 τῆς

287 1759 527 1829 θυμικῆς
588 1752 867 1829 δυνάμεώς
917 1754 1055 1809 ἇστιν
1108 1752 1369 1827 ἑκτροπή,
1426 1753 1561 1829 πρὸς
1609 1754 1708 1822 τὴν
1760 1749 1932 1807 ὡσαύ-

281 1866 398 1907 τως
451 1842 863 1920 ἐνυπάρχουσαν
934 1841 1295 1917 ἀκεραιότητα
1365 1844 1435 1915 τῇ
1491 1846 1794 1917 περιπεσᾷ,
1859 1840 1936 1914 μὴ

286 1933 633 2011 ἀφιπταμένη
682 1933 817 1989 κατὰ
866 1930 1102 1995 διάθεσιν
1144 1937 1251 1986 τῶν
1301 1930 1715 2003 πολεμούντων,
1761 1929 1941 2002 ὥσπερ

288 2020 360 2094 δὴ
394 2022 639 2093 κάκείνη,
689 2021 785 2077 κᾶν
840 2021 1003 2097 μυρία
1052 2015 1496 2090 ἑπιϐουλεύηται.
1532 2017 1628 2073 κᾶν
1662 2018 1729 2073 τὰ
1758 2017 1946 2073 νοσσία

286 2113 465 2182 αὐτῆς
525 2110 854 2181 ἀπόλλυσιν,
921 2110 983 2166 οὔ
1046 2110 1253 2184 μακρὰν
1301 2114 1410 2164 τῶν
1478 2102 1941 2163 ἐπιϐουλευόντων

286 2199 621 2279 ἀφίσταται·
682 2201 770 2256 καὶ
824 2201 925 2269 τὴν
973 2198 1287 2269 ἀκολασίαν,
1343 2195 1465 2267 ἤτις
1529 2204 1629 2267 τῆς
1683 2195 1946 2269 ἐπιτυμη-

282 2297 450 2361 τικῆς
509 2287 791 2363 δυνάμεώς
868 2287 1008 2344 ἐστιν
1081 2288 1344 2364 ἐκτροπὴ,
1397 2287 1532 2361 πρὸς
1586 2287 1684 2355 τὴν
1735 2284 1944 2358 ὁμοίως

283 2380 701 2455 ἐνυπάρχουσαν
759 2380 829 2451 τῇ
891 2376 1111 2453 τρυγόνι
1178 2374 1531 2454 σωφροσύνην
1569 2393 1581 2406 ⁸
1650 2373 1944 2451 ἐγκρατῶς,

287 2465 423 2533 ἔνθα
451 2469 718 2543 ἄναγκαία
764 2466 928 2543 χρεία
974 2464 1298 2541 κατεπείγει,
1327 2462 1591 2540 χρωμένη
1623 2466 1690 2536 τῇ
1722 2461 1896 2537 ἡδονῇ
1930 2484 1943 2496 ·

288 2558 477 2634 ὥσπερ
538 2555 605 2627 δὴ
694 2556 916 2627 κάκείνη
1005 2552 1093 2610 διά
1173 2554 1492 2631 γονοτοκίαν
1552 2556 1947 2627 μονοζυγοῢσα.

284 2644 453 2702 Ἀλλ’
506 2646 862 2719 ἀκουσώμετα
922 2643 1116 2700 λοιπὸν
1176 2643 1267 2698 καὶ
1314 2647 1409 2698 τοῦ
1464 2642 1637 2698 καλοῦ
1686 2640 1946 2718 νυμφίου.

283 2733 434 2808 Ἦδη
466 2736 569 2812 γὰρ
600 2736 835 2812 πρώτως
861 2733 1051 2808 ὁμιλεῖ
1079 2737 1147 2808 τῇ
1179 2732 1364 2811 νύμφῃ
1394 2731 1571 2809 λέγων
1610 2730 1740 2787 τάδε
1774 2751 1786 2765 ·

368 3006 448 3067 Τῆ
488 3000 648 3076 ’ίππῳ
708 3022 814 3077 μου
868 3021 919 3056 εν
974 3000 1180 3077 ἅρμασι
1238 3000 1442 3076 Φαραὼ
1491 2997 1758 3074 ὠμοίωσά
1810 2999 1947 3073 σε,ἠ

294 3090 541 3163 πλησίον
576 3112 700 3163 μου.

1003 3197 1248 3253 ΨελΑοῦ.

367 3307 598 3364 Βλέπων
629 3304 795 3374 αὐτὴν
827 3301 1199 3382 σφαδάζουσαν
1232 3302 1282 3373 ἐξ
1315 3301 1716 3378 ὶρωτοληψίας,

302 3397 407 3454 Καὶ
442 3396 577 3471 πρὸς
636 3393 838 3449 ἐκεῖνον
894 3390 1226 3447 σπεύδουσαν
1282 3388 1507 3468 δραμεῖν
1567 3392 1657 3446 καὶ
1712 3411 1948 3446 καταπε-

1677 3484 1877 3557 [ρᾶσαι,

291 3576 478 3647 Ἵππῳ
499 3571 819 3649 παρείκασεν
852 3571 1021 3639 αὐτὴν
1050 3565 1627 3645 αἰθεροπτηνοδρόμῳ.

292 3661 483 3725 Οὕτως
526 3662 629 3739 γάρ
688 3659 933 3737 θραύσεις
978 3658 1108 3723 τοὺς
1163 3657 1429 3735 ἐχθροὺς,
1489 3658 1622 3736 φησὶ
1671 3658 1810 3732 πρὸς
1852 3659 1953 3727 τὴν

1571 3745 1856 3822 [παρθένον
1868 3790 1881 3815 ,

299 3848 505 3915 ’Ὥσπερ
536 3838 863 3913 κατὲθραυσί
892 3857 1026 3892 ποτε
1054 3835 1143 3892 καὶ
1170 3835 1521 3912 Φαραωνίτας

298 3934 360 3987 Ἥ
398 3927 627 4004 δύναμις
658 3935 759 3997 τῆς
782 3926 959 3982 ’ίππου
994 3948 1098 3999 μου
1126 3928 1224 3994 τῆς
1254 3925 1707 4000 ἀνατεταγμὲνης,

302 4019 566 4078 Τουτίστι
590 4025 657 4087 τῆ
670 4039 694 4080 ς
721 4015 1015 4094 ἀγγελικῆς
1045 4014 1682 4092 ταγματοστραταρχίας.

302 4109 459 4170 Τίνος
489 4105 548 4163 δὲ
576 4107 760 4184 χάριν
795 4106 1022 4181 ἐρωτᾷς,
1046 4106 1143 4173 τήν
1174 4108 1283 4159 τῶν
1317 4102 1561 4180 άγγέλων
1595 4103 1740 4176 τάξιν

305 4206 491 4272 νΙππῳ
512 4197 830 4274 παρείκασεν
864 4194 1058 4257 ἁπλῶς
1089 4195 1117 4248 ὁ
1150 4193 1323 4269 Λόγος
1353 4192 1442 4247 καὶ
1464 4192 1699 4267 νυμφίος
1733 4212 1746 4263 ;

307 4295 424 4350 Πᾶς
453 4308 537 4349 τις
564 4287 791 4357 τοξότης
824 4281 1072 4356 πόλεμον
1108 4283 1387 4337 συνάπτων
1421 4281 1720 4355 ἀντιπάλῳ,

303 4379 478 4447 Τόξον
512 4370 780 4449 λαμϐάνει
825 4374 913 4429 καὶ
960 4373 1148 4448 νευρὰν
1195 4371 1285 4426 καὶ
1335 4369 1531 4445 κράνος
1581 4392 1639 4426 τε
1667 4372 1755 4425 καὶ
1783 4368 1914 4445 δόρυ
1947 4388 1959 4401 ⁶

308 4466 482 4534 mre;
514 4467 664 4536 πεζῷ
709 4464 812 4539 γὰρ
855 4459 1113 4533 πολεμεῖ,
1169 4454 1479 4535 ῥαϐδοῦχὸς
1532 4479 1592 4513 τε
1645 4454 1964 4534 ῥαϐδούχῳ.

306 4554 462 4610 Ἐπεὶ
494 4557 622 4629 γοῦν
655 4554 689 4621 ἡ
722 4550 1017 4625 παράταξις
1043 4549 1169 4603 τότε
1187 4549 1295 4602 τῶν
1330 4547 1668 4622 Αἰγυπτίων,

306 4645 389 4703 Τὸ
420 4642 708 4719 κράτιστον
744 4640 1000 4709 ἐκέκτητο
1032 4644 1139 4707 τῆσ
1171 4636 1358 4712 μάχης
1385 4636 1450 4691 ἐκ
1484 4642 1591 4691 τῶν
1618 4636 1825 4707 ἳππων,

306 4730 525 4791 Τούτου
559 4728 627 4800 δή
663 4728 826 4805 χάριν
859 4726 1073 4802 εἶ’ρηκεν
1112 4724 1281 4781 ἵππου
1312 4724 1363 4795 ἐξ
1386 4724 1511 4780 ’ἴσου
1536 4726 1725 4801 λόγος,

311 4822 431 4891 Τὴν
461 4820 781 4876 ἀντιστᾶσαν
809 4814 1040 4889 δύναμιν
1071 4814 1391 4891 ἀγγελικὴν,
1422 4813 1668 4877 ἐκείνοις.

312 4912 428 4969 Ἰνα
458 4909 534 4984 μὴ
570 4905 727 4981 δόξῃς
756 4903 815 4961 δὶ
836 4905 1030 4961 λοιπὸν
1062 4899 1374 4977 ὑϐρίζεσθαι
1402 4904 1502 4973 τὴν
1535 4903 1778 4982 νύμφην,

311 4994 707 5073 Ἐξισουμὲνην
736 4994 992 5073 ιμφανῶς
1020 4990 1180 5065 ἵππῷ
1208 4993 1354 5069 παρὰ
1382 4998 1480 5048 τοῦ
1511 4991 1709 5070 λόγου,

312 5090 595 5145 -Ακουσον
624 5085 676 5139 τί
701 5105 863 5163 φησιν
898 5082 1020 5154 ἑξῆς
1052 5083 1189 5158 πρὸς
1209 5081 1410 5154 ταύτην
1444 5084 1472 5138 ὁ
1500 5083 1731 5162 νυμφίος
1765 5105 1778 5118 .

387 5175 451 5232 Τί
538 5173 895 5250 ὡραιώθησαν
1002 5167 1247 5248 σιαγόνες
1352 5192 1448 5226 σου
1525 5172 1601 5236 ὡς
1676 5170 1973 5253 τρυγόνος;

309 5262 597 5343 τράχηλοί
628 5286 726 5319 σου
753 5264 828 5325 ὡς
862 5261 1121 5338 ὄρμίσκοι
1152 5280 1167 5329 ;
1948 5258 1951 5259 κ

391 5354 497 5411 Καὶ
517 5351 677 5425 Ἵππῳ
708 5372 767 5406 σε
796 5350 1117 5426 παρείκασα,
1144 5348 1298 5427 φησὶ,
1345 5346 1762 5426 δρομικωτάτῳ.

315 5442 477 5502 Ἀλλ’
511 5442 708 5498 οὔκουν
742 5440 973 5516 χρῄζεις
998 5436 1262 5515 χαλινοὺς
1296 5437 1347 5493 ἐν
1383 5438 1591 5514 σιαγόνι
1624 5439 1818 5517 φὲρείν.

319 5534 395 5592 Δί
428 5533 515 5589 σαὶ
545 5533 648 5607 γὰρ
681 5532 1039 5607 ὡραιώθησαν
1075 5528 1278 5605 ἰξόχως
1310 5532 1572 5607 σιαγόνες,

323 5624 439 5692 Τὴν
473 5619 709 5700 ἔμφυτον
739 5621 814 5683 ὠς
848 5620 1078 5695 χαλινὸν
1110 5618 1337 5694 ἔχουσαι
1366 5620 1746 5696 σωφροσύνην,

324 5712 494 5786 Δίκην
527 5711 791 5790 τρυγόνος
821 5710 1127 5790 σώφρονος,
1158 5708 1416 5785 τρυγόνος
1449 5710 1784 5790 φιλερήμου.

655 5844 921 5906 ΡΑτιιοι.
969 5843 1084 5905 Gn.
1128 5840 1371 5903 CXXII.

2047 596 2334 652 malorum
2370 598 2637 654 omnium
2668 615 2934 666 causam,
2965 601 3023 655 in
3057 601 3447 673 diligentiam,
3482 619 3609 675 quas
3639 604 3693 657 vi

2045 685 2299 741 naturali
2331 686 2583 742 formicis
2632 694 2810 758 atque
2860 688 2955 759 api
3003 690 3195 745 inesse
3243 692 3521 758 cernitur,
3556 708 3694 747 con-

2042 782 2370 843 vertens,ac
2394 792 2608 847 parans
2630 776 2758 847 ipsa
2780 793 3013 849 quoque
3032 778 3091 833 in
3115 783 3385 850 praesenti
3408 786 3689 851 tempore,

2044 880 2160 935 quo
2187 863 2245 919 in
2279 865 2474 920 futuro
2533 865 2854 936 perfruaris
2888 882 2901 920 :
2936 869 3436 938 quemadmodum
3470 874 3526 924 et
3556 867 3688 936 illas,

2044 969 2175 1008 vere
2197 957 2373 1023 atque
2393 958 2593 1009 testate
2613 955 2809 1009 cibum
2826 963 3258 1026 comparantes,
3292 956 3469 1011 hiemi
3488 973 3694 1012 consu-

2043 1039 2195 1104 lunt,
2231 1042 2359 1113 (Per
2389 1042 2755 1114 diligentiam
2804 1045 2959 1099 enim
2993 1061 3063 1099 ex
3091 1045 3281 1100 tribus
3311 1046 3520 1100 animae
3560 1062 3693 1117 par-

2045 1129 2467 1202 tibusjustitiae
2498 1131 2816 1200 vindemia,
2839 1150 2964 1204 quae
2987 1140 3076 1189 est
3098 1151 3290 1189 rerum
3324 1134 3464 1189 olim
3496 1136 3694 1189 fruen-

2045 1219 2254 1274 darum
2295 1221 2674 1291 comparatio,
2706 1221 3043 1294 colligitur.)
3074 1223 3539 1295 Imprudentiam
3590 1240 3694 1279 au-

2044 1314 2187 1377 tem,
2215 1326 2341 1380 qua
2364 1315 2452 1364 est
2474 1310 2718 1365 rationis
2749 1316 2901 1366 recte
2933 1328 3002 1367 ex
3033 1317 3244 1367 natura
3272 1313 3602 1368 constitutas
3634 1312 3695 1368 in

2045 1400 2266 1453 statum
2291 1402 2510 1453 naturae
2528 1404 2951 1470 repugnantem
2974 1400 3299 1465 aversio,ad
3323 1401 3697 1472 prudentiam

2045 1484 2306 1556 exemplo
2336 1487 2625 1557 serpentis
2650 1488 2730 1542 ita
2760 1488 3317 1559 redigens,ut,sicut
3339 1489 3458 1559 ille,
3474 1506 3575 1561 pro
3598 1505 3697 1546 ca~

2048 1573 2185 1646 pitis
2217 1574 2576 1646 defensione,
2606 1580 2794 1632 totum
2827 1593 3039 1649 corpus
3070 1578 3276 1634 offerre
3304 1595 3419 1633 non
3446 1578 3696 1648 dubitat,

2048 1662 2132 1719 sic
2156 1668 2219 1718 tu
2251 1681 2356 1735 pro
2388 1665 2519 1719 ﬁdei
2551 1666 2990 1722 conservatione
3020 1672 3075 1722 te
3105 1667 3294 1739 ipsam
3326 1672 3510 1723 totam
3543 1667 3698 1739 peri-

2048 1751 2200 1809 culis
2230 1753 2507 1809 omnibus
2534 1754 2796 1823 objicias.
2833 1755 3233 1823 Iracundiam,
3264 1757 3439 1820 iram,
3461 1774 3587 1828 quea
3609 1761 3701 1812 est

2050 1842 2233 1898 animi
2262 1843 2578 1899 commotio
2610 1843 2822 1899 rationi
2856 1844 3095 1901 minime
3126 1847 3562 1918 obtemperans,
3602 1861 3699 1900 co-

2052 1929 2264 1985 lumbas
2303 1932 2564 2003 exemplo
2612 1949 2890 1989 revocans
2916 1935 2985 1988 ad
3020 1934 3479 2006 simplicitatem,
3509 1939 3574 1989 ut
3601 1950 3702 1990 eos

2053 2020 2155 2091 qui
2185 2024 2241 2076 te
2272 2021 2507 2092 injuriis
2564 2022 2829 2078 afficiunt
2858 2028 3034 2095 atque
3064 2029 3428 2096 oppugnant,
3461 2023 3704 2080 minime

2054 2110 2449 2181 persequaris,
2482 2112 2717 2182 quando
2748 2128 2820 2168 ne
2849 2112 3121 2168 columba
3170 2114 3410 2184 quidem
3468 2117 3705 2185 propter

2054 2198 2302 2255 insidias
2333 2206 2435 2255 aut
2456 2200 2750 2272 pullorum
2782 2219 3023 2258 suorum
3055 2202 3545 2273 direptionem,ab
3567 2201 3708 2257 insi-

2055 2287 2355 2345 diantibus
2386 2306 2452 2344 ac
2482 2289 2893 2361 diripientibus
2925 2292 3160 2346 recedit.
3183 2292 3706 2364 Intemperantiam

2056 2380 2331 2450 denique,
2364 2396 2490 2450 quas
2520 2385 2611 2435 est
2640 2380 2822 2435 animi
2870 2381 3167 2451 appetitus
3215 2382 3426 2437 rationi
3475 2385 3707 2436 contra-

2056 2468 2201 2534 rius,
2226 2466 2297 2521 ad
2320 2467 2770 2538 temperantiam
2793 2469 2873 2523 ita
2894 2469 3210 2524 traducens
3240 2469 3488 2524 turturis
3511 2469 3708 2524 imita-

2055 2556 2232 2622 tione,
2266 2558 2351 2622 ut,
2384 2571 2517 2610 cum
2566 2572 2715 2627 opus
2758 2562 2868 2623 est,
2897 2572 2930 2611 a
2956 2556 3131 2612 rebus
3180 2558 3379 2613 sensui
3424 2556 3709 2628 jucundis

2056 2644 2373 2711 abstineas,
2408 2644 2907 2714 quemadmodum
2940 2650 2997 2700 et
3028 2644 3148 2713 illa,
3184 2646 3402 2702 amisso
3434 2647 3705 2718 conjuge,

2055 2732 2233 2788 vidua
2262 2733 2439 2788 vitam
2471 2734 2763 2806 transigit.
2795 2738 3011 2790 Verum
3040 2739 3098 2789 et
3129 2752 3421 2807 sponsum
3445 2736 3573 2806 jam
3608 2752 3713 2791 au-

2057 2822 2314 2893 diamus,
2345 2839 2626 2894 sponsam
2671 2839 2828 2878 nunc
2877 2824 3136 2895 primum
3185 2822 3582 2896 alloquentem
3613 2824 3710 2880 his

2056 2912 2249 2968 verbis
2282 2929 2295 2968 :

2128 3002 2294 3072 Equw
2356 3016 2500 3058 mea
2548 3018 2607 3057 ιη
2652 3002 2906 3058 curribus
2945 3003 3253 3060 Pharaonis
3300 3004 3609 3061 assimilavi
3637 3008 3711 3073 te,

2057 3094 2370 3165 propinqua
2398 3109 2542 3149 mea.

2788 3203 2980 3258 Pselli.

2133 3308 2275 3363 Cum
2308 3324 2587 3378 sponsam
2620 3307 2837 3362 amoris
2868 3307 3108 3363 stimulo
3136 3308 3443 3379 percitam,
3466 3312 3524 3364 et
3555 3310 3627 3363 ad
3651 3326 3713 3365 se

2061 3411 2294 3452 currere
2323 3395 2697 3450 festinantem
2746 3399 3028 3462 cerneret,
3056 3411 3218 3466 equa;
3250 3395 3509 3468 aeripedi
3541 3394 3708 3451 simi-

2061 3483 2177 3539 lem
2227 3482 2373 3538 dixit
2419 3499 2568 3539 esse.
2612 3483 2706 3538 Sic
2753 3484 2910 3538 enim
2943 3488 3028 3549 tu,
3061 3484 3243 3556 virgo,
3268 3483 3484 3555 inquit,
3508 3483 3712 3542 hostes

2062 3572 2423 3644 proﬂigabis,
2456 3577 2521 3627 ut
2567 3571 2705 3627 olim
2756 3573 3054 3645 equitatus
3101 3573 3213 3628 mei
3266 3572 3557 3643 instructi,
3599 3572 3710 3630 hoc

2064 3666 2174 3730 est,
2198 3660 2445 3733 angelici
2471 3662 2722 3734 agminis
2738 3661 2947 3728 virtus,
2971 3662 3292 3718 Pharaonis
3311 3663 3511 3735 copias
3540 3663 3711 3719 dissi-

2066 3749 2241 3822 pavit.
2274 3750 2437 3814 Quod
2470 3751 2518 3804 si
2550 3768 2778 3821 qumras
2811 3767 2914 3806 cur
2944 3751 3231 3822 equitatui
3263 3769 3515 3823 sponsus
3538 3768 3712 3823 ange-

2065 3838 2255 3893 lorum
2281 3839 2545 3894 ordinem
2579 3844 2899 3910 comparet,
2923 3840 3111 3894 facilis
3133 3839 3241 3895 erit
3259 3840 3584 3910 responsio.
3608 3839 3725 3902 Qui

2070 3927 2287 3983 bellum
2320 3928 2491 3998 gerit,
2515 3928 2563 3983 si
2596 3945 2730 3982 cum
2763 3928 3061 3999 sagittario
3086 3929 3471 4000 pugnandum
3496 3934 3607 3995 est,
3628 3945 3721 3983 ar-

2071 4034 2206 4072 cum
2229 4022 2285 4072 et
2307 4018 2553 4087 sagittas
2584 4023 2751 4088 parat
2776 4034 2788 4071 :
2814 4016 2863 4072 si
2888 4019 3065 4089 pedes
3096 4033 3229 4072 cum
3258 4017 3473 4088 pedite,
3498 4018 3727 4088 galeam

2072 4113 2249 4177 atque
2282 4106 2511 4161 hastam
2544 4108 2728 4163 sumit
2753 4126 2765 4163 :
2790 4124 2968 4178 eques
3000 4124 3133 4162 cum
3163 4107 3377 4178 equite,
3407 4108 3733 4178 imperator

2073 4209 2207 4248 cum
2240 4193 2593 4264 imperatore
2638 4195 3032 4266 congreditur.
3067 4196 3312 4262 Quando
3344 4195 3525 4267 igitur
3554 4194 3735 4250 robur

2074 4282 2364 4337 exercitus
2397 4281 2719 4339 Pharaonis
2747 4284 2808 4339 in
2839 4284 3105 4355 equitatu
3158 4283 3538 4355 potissimum
3592 4300 3737 4338 con-

2076 4371 2342 4437 sistebat,
2376 4372 2593 4429 idcirco
2633 4374 2922 4445 equitatui
2964 4374 3092 4443 ejus
3124 4388 3191 4429 ex
3222 4374 3461 4429 sdverso
3512 4374 3736 4428 instru-

2077 4466 2231 4516 ctam
2264 4463 2508 4532 opponit
2538 4463 2721 4518 aciem
2752 4461 3112 4534 angelorum.
3150 4463 3234 4516 Ac
3265 4479 3335 4517 ne
3369 4464 3512 4517 forte
3557 4478 3735 4532 spon-

2079 4565 2201 4603 sam
2235 4550 2386 4604 affici
2419 4557 2587 4621 putes
2609 4550 2983 4612 contumelia.
3008 4552 3164 4622 quod
3192 4551 3499 4622 perspicue
3522 4549 3738 4605 similis

2001 4631 2047 4696 Β
2077 4654 2239 4709 equa
2270 4638 2519 4711 dicatur,
2546 4641 2683 4696 audi
2714 4639 2854 4712 quid
2882 4640 2954 4695 ad
2985 4657 3113 4696 eam
3157 4640 3434 4711 deinceps
3476 4654 3733 4711 sponsus

2082 4727 2238 4784 dicat
2271 4744 2285 4784 :

2160 5174 2299 5244 Quid
2339 5174 2590 5245 pulchrae
2634 5176 2791 5243 facta
2835 5176 2966 5229 sunt
3010 5187 3166 5244 genae
3203 5177 3335 5242 tum,
3366 5174 3423 5227 ut
3452 5168 3741 5229 turturis!

2085 5265 2292 5322 collum
2322 5272 2478 5318 tuum
2506 5266 2649 5319 sicut
2678 5261 2963 5318 monilia?

2086 5357 2231 5409 Cum
2290 5368 2439 5423 equo
2487 5358 2545 5407 te
2594 5352 2849 5406 similem
2898 5350 3145 5406 dixerim
3199 5350 3568 5407 velocissimo
3610 5376 3626 5419 ς
3684 5350 3746 5407 in

2089 5441 2328 5499 maxilla
2358 5450 2459 5495 tua
2482 5458 2593 5497 non
2618 5440 2847 5512 indiges
2872 5441 3034 5495 freno
3064 5458 3075 5495 :
3100 5456 3260 5513 genae
3287 5442 3443 5496 enim
3470 5446 3582 5496 tua:
3608 5446 3751 5496 sunt

2092 5530 2503 5597 ornatissimae,
2536 5534 2592 5584 et
2640 5530 2785 5584 freni
2839 5530 2983 5597 loco,
3036 5530 3287 5584 naturali
3340 5531 3561 5601 pudore
3611 5535 3752 5584 sunt

2093 5620 2369 5694 praeditas,
2393 5621 2581 5673 instar
2602 5619 2823 5690 pudicae
2856 5620 3107 5674 turturis
3132 5644 3145 5686 ;
3171 5620 3439 5687 turturis,
3482 5620 3747 5688 inquam,

2094 5710 2339 5769 amantis
2369 5708 2765 5765 solitudinem.
2789 5708 3015 5765 Collum
3048 5713 3219 5764 tuum
3252 5706 3615 5777 admirabile,
3640 5722 3741 5761 au-

3346 5837 3423 5896 18
