4046 6144
334 378 451 437 555

1716 367 2137 428 MICUAELIS
2182 369 2456 429 PSELLI

3636 370 3754 428 556

333 523 503 565 reum
534 508 774 578 gestans
798 502 1014 559 monile
1035 499 1501 557 Proverbiorum.
1520 498 1810 570 Torquem
1831 499 1989 554 enim

2120 499 2173 553 Τί
2220 497 2498 574 τράχηλοί
2558 518 2653 552 σου
2709 497 3007 569 Θαυμαστοὶ
3051 498 3141 551 καὶ
3207 495 3753 570 κεκαλλωπισμένου

334 597 485 656 mihi
512 594 728 669 cogita,
754 591 991 661 monile,
1025 592 1181 663 quod
1215 589 1355 645 dixi.

934 788 1117 843 Trium
1152 788 1270 841 Pah
1285 802 1399 841 um.

408 881 553 937 Cum
586 878 765 949 igitur
796 893 1053 949 sponsus
1098 874 1415 929 Ecclesiam
1440 890 1507 929 ex
1528 873 1800 947 gentibus
1824 873 1994 930 colle-

340 973 494 1025 ctam
539 968 599 1023 in
649 983 764 1038 qua
812 964 1019 1037 pascit,
1055 963 1363 1035 allegorice
1407 963 1896 1019 demonstraverit
1926 979 1994 1017 ex

341 1058 443 1112 illa
474 1054 875 1127 responsione,
909 1053 969 1109 Si
998 1069 1104 1108 non
1139 1054 1288 1107 nosti
1316 1061 1367 1106 te
1391 1054 1590 1123 ipsam,
1636 1070 1792 1107 nunc
1837 1054 1989 1107 idem

341 1146 601 1216 apertius
633 1142 872 1210 indicat,
908 1146 1106 1214 Equw,
1139 1142 1440 1213 inquiens,
1481 1157 1619 1198 me?
1648 1144 1709 1197 in
1740 1143 1994 1198 curribus

340 1235 649 1292 Pharaonis
696 1233 1009 1288 assimiluvi
1050 1241 1118 1298 te,
1159 1233 1472 1303 propinqua
1516 1248 1655 1286 mea.
1689 1232 1823 1294 Quis
1865 1232 1995 1303 qui-

340 1326 474 1380 dem
502 1323 679 1379 verba
708 1327 775 1378 ut
802 1322 949 1376 ﬁant
981 1322 1169 1391 magis
1203 1320 1529 1392 perspicua,
1555 1320 1639 1376 sic
1670 1321 1998 1377 ordinanda

341 1418 482 1469 sunt
515 1431 528 1469 :
564 1414 732 1483 liqua?
779 1426 920 1467 mea?
970 1410 1285 1465 assimilavi
1315 1418 1387 1477 te,
1417 1412 1727 1481 prepinqua
1754 1426 1902 1479 mea,
1938 1412 1998 1465 in

341 1503 598 1558 curribus
627 1502 943 1557 Pharaonis
973 1518 993 1555 :
1028 1500 1135 1554 hoc
1159 1505 1248 1554 est
1269 1500 1549 1569 apostolis
1574 1500 1743 1567 meis,
1766 1500 1823 1554 in
1848 1515 1997 1569 quos

345 1592 611 1649 celeriter
636 1591 707 1646 ad
733 1589 1107 1661 Evangelium
1134 1587 1555 1660 divulgandum
1578 1593 1878 1643 currentes
1892 1605 1998 1661 ego

347 1680 773 1746 conscendens,
806 1693 1011 1733 omnes
1042 1677 1201 1732 orbis
1231 1682 1519 1732 terrarum
1551 1678 1835 1733 terminos
1866 1693 1998 1733 sum

348 1772 723 1842 pervagatus,
755 1772 811 1823 te
840 1766 1059 1823 virtute
1090 1765 1342 1821 similem
1374 1766 1514 1821 dixi.
1547 1766 1694 1831 Quia
1739 1766 1892 1821 sicut
1940 1766 1998 1821 in

2094 588 2194 641 Τὸν
2230 586 2465 662 χρύσεον
2504 586 2861 661 βαστάζοντες
2892 584 3078 642 κλοιὸν
3110 587 3211 657 τής
3244 584 3574 661 Παροιμίας.

2098 677 2390 751 Ὀρμίσκον
2413 676 2513 753 γὰρ
2549 697 2642 750 μοι
2670 677 2869 746 νόησον
2905 676 2962 731 ὃν
2997 671 3123 755 ἔφην
3156 674 3345 731 κλοιόν
3371 696 3452 753 γε.

2670 788 2785 838 Τῶν
2826 785 2872 860 γ’
2904 784 3182 859 Ηατὲρων.

2172 874 2232 929 Ὁ
2258 877 2387 948 γοῦν
2437 894 2671 950 νυμφιος
2726 880 2824 942 τῆς
2873 873 2923 944 ἐξ
2974 872 3139 927 ἐθνῶν
3203 872 3531 943 Ἑκκλησίας
3561 872 3761 942 αἷνιζά-

2107 984 2269 1035 μενος
2302 962 2489 1036 ταύτῃ,
2543 964 2625 1017 δτι
2676 961 2728 1017 ἐν
2784 962 2919 1036 αὐτῇ
2968 962 3273 1035 ποιμαίνει,
3326 960 3415 1016 διὰ
3470 967 3568 1017 τοῦ
3618 962 3759 1017 ἀπο-

2102 1059 2353 1125 κριθῆναι
2412 1053 2579 1124 ταύτῃ
2633 1052 2718 1123 τὸ,
2778 1052 2841 1107 El
2932 1053 3006 1125 μὴ
3062 1046 3228 1124 ἔγνως
3287 1053 3535 1121 σεαυτὴν,
3593 1056 3681 1106 νῦν
3730 1052 3759 1106 ὃ

2103 1140 2326 1214 ᾐνίξατο
2361 1138 2733 1195 ἀποδεικνύων
2773 1140 2905 1217 φησί
2939 1160 2951 1172 ⁸
2997 1144 3073 1215 Τῇ
3128 1141 3277 1213 ίππῳ
3330 1162 3436 1213 μου
3482 1139 3533 1194 ἐν
3583 1138 3759 1216 ἅρμα-

2106 1252 2185 1285 σιν
2248 1231 2449 1305 Φαραὼ
2544 1229 2808 1302 ὡμοίωσά
2868 1252 2946 1302 σε,
3012 1232 3046 1299 ἡ
3107 1229 3340 1299 πλησίον
3410 1251 3534 1302 μου.
3578 1232 3763 1286 Ταῦτα

2107 1318 2164 1374 δὲ
2206 1318 2295 1374 ’ίνα
2352 1323 2496 1397 σαφῆ
2552 1321 2787 1394 γένοιτο,
2850 1318 2991 1373 οὕτω
3051 1319 3366 1374 συντακτὲον
3404 1338 3417 1350 ⁸
3478 1321 3553 1391 Τῇ
3601 1316 3761 1390 ’ίππῳ

2110 1432 2212 1481 μου
2294 1409 2541 1481 ὁμοίωσά
2624 1429 2700 1479 σε,
2778 1409 2812 1478 ἠ
2891 1406 3126 1478 πλησίον
3215 1429 3341 1481 μου,
3438 1406 3489 1461 ἐν
3559 1405 3761 1482 ἅρμασι

2107 1499 2330 1574 Φαραὼ,
2381 1497 2547 1571 ἤγουν
2606 1503 2721 1559 τοῖς
2773 1495 3102 1558 ἀποστόλοις
3166 1518 3269 1570 μου
3324 1495 3403 1575 ἐφ’
3454 1496 3544 1560 οὓς
3574 1491 3767 1558 ἐπιϐὰς

2104 1590 2203 1657 την
2260 1588 2518 1642 ἱππασίαν
2600 1587 2695 1642 ἐπο
2707 1610 2757 1658 ιη
2768 1586 2951 1660 σάμεν,

2113 1679 2278 1749 μὲνης
2326 1678 2395 1731 τὰ
2467 1676 2672 1751 πέρατα
2758 1676 2923 1747 ὀξέως
3006 1674 3312 1750 δραμόντας
3391 1675 3466 1737 εἷς
3516 1677 3579 1730 τὸ
3628 1674 3764 1747 ἐμὸν

2108 1768 2386 1842 κήρυγμα.
2445 1765 2681 1819 ἐοικυῖαν
2758 1766 2875 1819 κατ’
2945 1765 3139 1838 ἀρετήν
3211 1785 3266 1819 σε
3342 1762 3613 1833 ἀπέδειξα.
3670 1764 3766 1817 Διὸ

3033 1586 3120 1641 ἐπὶ
3185 1589 3365 1641 πάντα
3419 1593 3520 1656 τῆς
3579 1584 3762 1640 οἶκουο

348 1858 467 1914 illis
499 1873 734 1930 pascere
761 1855 926 1911 visus
956 1872 1113 1919 sum,
1138 1854 1219 1910 sic
1249 1861 1307 1910 et
1336 1855 1395 1909 in
1428 1858 1511 1925 te,
1539 1872 1669 1927 quae
1716 1855 1859 1910 mihi
1900 1872 2002 1927 per

2120 1855 2290 1928 ὥσπερ
2350 1854 2401 1909 ἐν
2450 1853 2677 1917 ἐκείνοις
2737 1854 3043 1927 ποίμαίνων
3105 1852 3401 1928 δὲδειγμαι,
3446 1855 3534 1908 καὶ
3593 1852 3643 1907 ἐν
3679 1855 3763 1908 σοὶ

351 1949 529 2003 fidem
578 1952 740 2002 tuam
773 1945 830 2000 in
865 1960 978 2011 me,
1015 1943 1158 1998 mihi
1210 1944 1543 2016 prOpinqua
1571 1960 1632 1999 es
1664 1950 1720 1999 et
1750 1945 2003 2000 necessi-

353 2037 560 2093 tudine
589 2036 927 2106 conjuncta.
961 2035 1024 2088 1η
1051 2033 1308 2089 curribus
1353 2034 1681 2101 Pharaonis,
1714 2034 1771 2089 id
1803 2039 1911 2101 est,
1942 2034 2003 2089 in

354 2125 872 2199 gentibus,quibus
894 2123 1158 2179 insidens
1180 2123 1403 2178 Pharao
1425 2123 1817 2196 intelligibilis
1838 2124 2006 2179 vehe-

354 2217 547 2271 batur.
579 2216 780 2285 Equus
810 2212 965 2267 enim
995 2212 1205 2284 plurali
1238 2228 1483 2268 numero
1513 2212 1807 2285 signiﬁcat
1834 2229 2008 2284 eque-

355 2308 508 2360 stres
556 2302 771 2373 copias.
812 2306 960 2355 Sunt
997 2305 1195 2355 autem
1229 2301 1416 2355 sancti
1447 2300 1714 2372 apostoli,
1742 2302 1912 2371 juxta
1941 2301 2007 2354 il-

355 2393 456 2449 lud
492 2411 505 2448 :
538 2391 836 2448 Ascendens
878 2405 1049 2460 super
1093 2405 1255 2462 equos
1301 2394 1445 2461 tuos,
1477 2394 1528 2445 et
1575 2390 1862 2461 quadrigae
1895 2400 2008 2446 tum

354 2481 628 2537 :alvatz'o‘.
654 2480 876 2535 Currus
899 2482 1095 2534 autem
1121 2478 1351 2550 mystici
1370 2478 1690 2534 Pharaonis
1712 2485 1852 2534 sunt
1873 2495 2010 2551 gen-

356 2569 506 2626 tium
540 2574 746 2636 cmtus,
786 2568 858 2622 ab
891 2567 1334 2639 improbissima
1366 2567 1552 2637 ipsius
1581 2567 1878 2622 voluntate
1911 2568 2007 2621 ἀο-

357 2659 699 2732 pendentes.
731 2656 955 2721 Quibus
986 2656 1043 2710 in
1076 2656 1321 2711 coetibus
1352 2655 1609 2711 Ecclesia
1656 2656 2013 2727 praedicatio-

359 2764 495 2804 nem
527 2745 925 2819 apostolorum
971 2746 1238 2811 audiens,
1265 2749 1322 2799 et
1354 2745 1594 2800 credens
1625 2745 1684 2799 in
1714 2745 2008 2801 Christum

360 2836 460 2908 qui
484 2836 555 2891 ab
578 2835 725 2906 ipsis
747 2834 1196 2905 praedicabatur,
1223 2838 1399 2904 atque
1422 2834 1611 2904 ipsius
1642 2834 1845 2889 effecta
1877 2850 2011 2905 pro-

362 2926 585 2997 pinqua
616 2940 627 2979 :
664 2920 1138 2994 quandoquidem
1168 2922 1313 2976 ﬁdes
1336 2922 1711 2991 credentis,et
1732 2922 1889 2978 illius
1910 2923 2011 2995 qui

358 3012 635 3082 creditur,
664 3016 751 3068 est
772 3011 1114 3066 immediate.
1146 3011 1481 3079 conjunctio
1508 3027 1520 3067 :
1547 3011 1828 3082 apostolis
1860 3012 2011 3068 assi-

361 3100 563 3159 milata
583 3106 672 3158 est
693 3102 765 3157 ab
790 3100 917 3171 ipso
941 3098 1333 3168 Christo,cum
1366 3098 1529 3156 illius
1560 3101 1860 3157 mandatis
1876 3101 2011 3157 obe-

358 3191 531 3259 diret,
563 3194 620 3246 et
648 3189 1029 3262 apostolicam
1061 3188 1237 3245 vitam
1269 3188 1621 3245 imitaretur.

427 3371 559 3427 Jam
592 3386 708 3443 quo
740 3369 914 3424 modo
962 3368 1152 3440 ipsam
1205 3367 1485 3439 apostolis
1534 3368 1898 3437 assimilarit,
1930 3369 2021 3424 vi-

358 3462 628 3516 deamus.
653 3458 815 3527 Quid,
843 3457 1059 3529 inquit,
1080 3456 1335 3528 pulchrae
1352 3458 1516 3527 factae
1538 3468 1665 3513 sunt
1695 3474 1852 3527 genae
1883 3463 2017 3525 tuae,

353 3551 493 3605 sicut
526 3549 759 3603 turturis
780 3550 805 3600 .9
828 3546 1043 3601 Mirum
1074 3545 1133 3599 in
1168 3546 1407 3599 modum
1453 3548 1708 3617 profecto
1758 3548 2015 3619 pulchrae

362 3640 526 3693 factm
562 3644 699 3691 sunt
724 3651 885 3706 genze
919 3640 1052 3696 tuae,
1078 3650 1205 3703 quae
1238 3634 1308 3687 ad
1344 3632 1791 3690 similitudinem
1824 3642 2014 3691 turtu-

360 3727 441 3782 ris
488 3725 899 3781 verecundiam
948 3728 1004 3778 et
1050 3722 1473 3777 continentiam
1522 3725 1913 3795 amplecteris,
1959 3730 2015 3781 et

360 3814 760 3887 apostolorum
793 3812 1277 3868 consuetudinem
1311 3811 1581 3879 imitaris,
1612 3830 1716 3869 nec
1745 3814 2011 3885 gentium

359 3924 540 3977 more,
575 3905 962 3961 immoderato
993 3920 1277 3975 genarum
1314 3908 1479 3959 motu
1513 3904 1693 3960 uteris
1726 3907 1779 3959 in
1814 3906 2013 3978 dispu-

352 3995 678 4053 tationibus
708 3999 765 4050 et
796 3994 971 4066 nugis
1014 3998 1072 4048 et
1113 3992 1502 4061 orationibus,
1537 4010 1601 4049 ac
1631 3995 1919 4050 edacitate
1951 3997 2010 4051 in

354 4084 501 4139 cibis
532 4084 685 4139 unde
719 4082 943 4154 reliqua
974 4082 1170 4137 omnis
1202 4082 1467 4137 nascitur
1510 4082 1960 4155 intemperantia
1992 4102 2007 4142 ;

355 4173 456 4229 sed
490 4172 779 4243 ejusmodi
811 4170 1006 4243 potius
1040 4170 1459 4243 moderatione,
1495 4176 1559 4227 ut
1585 4174 1819 4229 concise
1849 4190 2010 4230 com-

354 4260 662 4333 positoque
696 4276 965 4315 sermone
1001 4276 1491 4331 supervacaneam
1539 4260 1868 4316 Graecorum
1917 4280 2012 4318 sa-

355 4349 639 4421 pientiam
674 4349 882 4404 viceris
916 4366 927 4402 :
965 4348 1025 4402 in
1057 4348 1419 4403 orationibus
1451 4353 1644 4404 autem
1667 4366 1895 4420 regnum
1915 4352 2014 4410 Dei

355 4442 407 4495 et
435 4439 709 4508 iustitiam
740 4453 857 4507 ειυς
896 4438 1307 4493 tantummodo
1357 4440 1645 4510 quaeras":
1679 4439 1826 4494 cibis
1873 4457 2009 4496 vero

357 4545 474 4584 non
506 4527 815 4600 exquisitis
848 4532 904 4583 et
926 4528 1209 4599 jucundis
1236 4529 1511 4597 vescaris,
1535 4529 1636 4583 sed
1666 4530 2010 4586 necessariis

358 4621 629 4673 contenta
660 4616 764 4672 sis.
799 4618 879 4671 Ex
911 4633 1026 4688 quo
1059 4616 1144 4685 ﬁt,
1177 4621 1242 4671 ut
1272 4617 1548 4671 omnibus
1581 4617 1639 4671 in
1671 4619 1845 4674 rebus
1873 4625 2012 4674 tem-
2042 4640 2087 4704 D

356 4712 633 4779 peranter
668 4707 852 4773 vivas,
880 4722 1069 4777 neque
1098 4722 1230 4760 vero
1265 4706 1385 4760 haae
1419 4707 1632 4761 referas
1661 4708 1732 4761 ad
1764 4707 2009 4779 gloriam

357 4800 414 4851 et
435 4794 888 4852 ostentationem
914 4812 925 4848 :
952 4793 1094 4864 quin
1119 4793 1316 4862 etiam,
1338 4795 1493 4865 quod
1519 4796 1586 4849 ad
1612 4796 2009 4853 fortitudinem

358 4889 413 4940 et
443 4885 784 4957 patientiam
819 4887 1064 4954 spectat,
1099 4887 1217 4937 tam
1244 4882 1357 4937 leni
1389 4884 1587 4939 animo
1619 4885 1768 4941 feras
1792 4886 1849 4940 in
1873 4887 2009 4941 dex-

357 4977 482 5028 tera
510 4991 656 5044 gena
684 4978 740 5028 te
774 4972 1047 5045 percutis,
1083 4977 1145 5027 ut
1178 4973 1524 5044 percutienti
1557 4973 1731 5027 etiam
1764 4975 2008 5031 alteram

356 5063 642 5134 prmbeas,
664 5063 733 5117 ad
757 5062 967 5117 Christi
993 5061 1380 5116 imitationem
1404 5078 1566 5133 aequo
1593 5064 1785 5119 animo
1808 5064 2009 5137 alapas

358 5150 727 5217 sustinentis,
775 5156 830 5205 et
879 5152 1224 5205 mandatum
1286 5150 1503 5206 servari
1555 5168 1726 5222 posse
1775 5170 1835 5209 re
1883 5155 2011 5225 ipsa

357 5240 827 5310 comprobantis;
854 5244 1029 5310 atque
1052 5240 1239 5295 instar
1268 5241 1516 5295 turturis
1536 5240 1788 5297 volucris
1809 5243 2009 5300 solita-

357 5327 476 5397 τίω,
520 5327 845 5383 secedentis
878 5328 934 5382 in
969 5329 1370 5398 solitudinem,
1421 5329 1620 5402 ibique
1658 5331 2009 5402 jejunantis,

354 5414 530 5482 atque
570 5410 652 5464 ita
698 5410 959 5465 docentis
992 5412 1444 5467 ostentationem
1494 5419 1668 5486 atque
1718 5415 2010 5474 humanas

350 5497 557 5556 laudes
587 5514 714 5555 esse
745 5498 1075 5570 fugiendas.
1098 5502 1283 5572 Atque
1315 5500 1424 5557 hoc
1456 5503 1696 5574 quidem
1726 5511 1894 5577 pacto
1916 5509 2011 5565 de~

419 5694 442 5730 ⁸
470 5692 687 5752 Habao.
720 5709 808 5765 ιιι,
836 5693 892 5751 8.
922 5693 941 5728 “¹
974 5693 1179 5751 Matth.
1209 5711 1287 5765 v1,
1320 5694 1411 5751 33.
1448 5696 1467 5733 ⁸
1499 5696 1707 5761 Matth.
1740 5718 1795 5774 ν,
1823 5702 1913 5761 39.

2109 1948 2177 2018 τῇ
2211 1941 2298 1998 διὰ
2327 1944 2425 2013 την
2460 1943 2535 2006 εἷς
2563 1942 2658 2016 ἐμὲ
2702 1943 2881 1998 πίστιν
2940 1944 3099 2018 ἐγγῦς
3150 1965 3274 2016 μου.
3338 1945 3423 1997 Ἐν
3471 1948 3588 2005 τοῖς
3616 1963 3768 2018 χρη-

2116 2032 2395 2105 ματίσασιν
2458 2031 2659 2107 ἅρμασι
2717 2038 2813 2087 τοῦ
2864 2038 3064 2103 νοητοῦ
3118 2034 3344 2101 Φαραὼ,
3407 2028 3632 2103 ἔθνεσιν,
3689 2034 3767 2093 ὡς

2114 2122 2332 2199 φέρουσι
2388 2126 2577 2177 τοῦτον
2639 2120 2690 2176 ἐν
2771 2124 2981 2183 ἑαυτοῖς
3043 2121 3442 2196 ὲποχοόμινον.
3507 2121 3601 2177 Καὶ
3658 2120 3765 2195 γὰρ

2106 2209 2277 2273 τίππος
2311 2212 2403 2284 μὲν
2448 2209 2827 2282 πληθυντικῶς
2878 2209 3122 2266 καλεῖτοι
3230 2211 3431 2279 ἱππική
3491 2207 3717 2283 δύναμις
3752 2229 3765 2239 ·

2114 2302 2237 2371 ἥτις
2294 2299 2435 2355 ἐστὶν
2476 2301 2525 2354 o't
2566 2302 2713 2374 ἅγιοι
2785 2300 3085 2355 ἀπόστολοι
3163 2301 3299 2354 κατά
3349 2300 3434 2371 τὸ,
3494 2294 3769 2373 Ἐπιϐήσῃ

2942 2390 3037 2443 Καὶ
3098 2392 3131 2458 ἡ
3214 2390 3442 2443 ἱππασία
3519 2410 3614 2443 σου
3654 2411 3769 2443 σω-

2114 2480 2289 2555 τηρία.
2326 2483 2577 2552 ’Ἁρματα
2627 2477 2683 2533 δὲ
2724 2484 2826 2533 τοῦ
2881 2483 3083 2549 νοητοῦ
3134 2481 3336 2553 Φαραὼ
3365 2479 3431 2533 τὰ
3460 2482 3565 2532 τῶν
3603 2478 3779 2532 ἐθνῶν

2123 2571 2460 2641 συστήματα,
2522 2569 2595 2630 ὡς
2659 2567 3001 2643 ἐξηρτημένα
3063 2572 3159 2622 τοῦ
3216 2568 3596 2643 πονηροτάτου
3642 2568 3777 2641 βου-

2121 2658 2372 2729 λήματος
2404 2657 2589 2713 αὐτοῦ.
2643 2659 2727 2711 Ἐν
2770 2658 2849 2719 οἷς
2912 2658 3246 2729 συστήμασιν
3298 2659 3334 2725 ἡ
3362 2660 3456 2711 τοῦ
3487 2655 3781 2731 κηρύγμα-

2120 2768 2213 2809 τος
2282 2752 2389 2801 τῶν
2452 2746 2771 2801 ἀποστόλων
2826 2746 3095 2800 ἀκούσασα
3156 2744 3477 2817 Ἐκκλησία,
3527 2745 3617 2800 καὶ
3676 2766 3775 2798 πι-

2123 2836 2384 2890 στεύσασα
2426 2835 2501 2897 εἷς
2557 2837 2649 2889 τὸν
2698 2836 2783 2889 ὑπ’
2836 2835 3011 2889 αὐτῶν
3071 2834 3474 2909 κηρυττόμενον
3532 2836 3768 2908 Χριστὸν

2120 2924 2207 2978 καὶ
2261 2924 2455 2978 τοῦτου
2514 2922 2753 2994 πλησίον
2813 2924 3107 2998 γενομένη.
3166 2921 3493 2999 Ἐπειδήπερ
3526 2927 3559 2994 ἡ
3593 2924 3779 2985 πίστις

2118 3016 2215 3068 τοῦ
2274 3012 2618 3075 πιστεύοντος
2664 3012 2753 3066 καὶ
2801 3017 2897 3067 τοῦ
2947 3011 3339 3085 πιστευομένου
3381 3013 3578 3085 ἅμεσός
3630 3012 3777 3067 ἐστιν

2120 3100 2329 3165 ἔνωσις.

2117 2390 2202 2445 ἐπὶ
2260 2389 2387 2452 τοῦς
2445 2388 2650 2451 ἵππους
2737 2412 2851 2447 σου.

2415 3105 2547 3164 Τοῖς
2632 3097 2963 3163 ἀποστόλοις
3038 3101 3324 3174 ὡμοίωται
3412 3103 3536 3177 παρ’
3606 3102 3777 3156 αὐτοῦ

2121 3194 2353 3265 Χριστοῦ
2406 3198 2683 3254 πεισθεῖσα
2762 3196 2878 3253 ταῖς
2963 3191 3127 3245 αὐτοῦ
3205 3189 3472 3259 ἐντολαῖς,
3534 3190 3623 3245 καὶ
3680 3191 3774 3245 τὸν

2042 3259 2083 3326 C
2122 3278 2487 3334 ἀποστολικὸν
2526 3280 2641 3355 βίον
2681 3280 3062 3353 μιμησαμένη.

2202 3370 2407 3424 Λοιπὸν
2457 3370 2606 3431 ὅπως
2668 3368 2952 3441 ὠμοίωσεν
3021 3368 3188 3438 αὐτὴν
3245 3374 3362 3430 τοῖς
3419 3367 3772 3435 ἀποστόλοις,

2130 3459 2260 3533 φησί
2293 3480 2305 3493 ⁸
2360 3458 2419 3512 Τί
2477 3459 2836 3533 ὠραιώοησαν
2881 3458 3121 3534 σιαγόνες
3184 3479 3279 3513 σου
3335 3458 3411 3520 ὡς
3468 3457 3773 3533 τρυγόνος;

2126 3549 2305 3615 Ἤτοι,
2366 3548 2692 3620 Θαυμασίῳς
2726 3548 2779 3600 αἱ
2840 3548 3076 3620 σιαγόνες
3114 3568 3210 3601 σου
3266 3546 3599 3621 ὡραῖσμὲναι
3645 3546 3777 3599 εἰσί-

2129 3639 2521 3709 μιμησαμὲνης
2579 3637 2677 3704 τήν
2750 3633 2903 3706 δίκην
2968 3636 3226 3711 τρυγόνος
3286 3634 3664 3708 ἐνδειξαμὲνην
3723 3634 3777 3690 ἐν

2124 3724 2407 3801 ἐγκρατείᾳ
2461 3726 2523 3780 τὸ
2598 3729 2836 3802 σῶφρον,
2920 3730 3027 3779 τῶν
3102 3723 3423 3780 ἀποστόλων
3487 3723 3776 3800 ὁμήγυριν.

2120 3817 2278 3877 "Huc
2311 3815 2371 3869 οῦ
2425 3815 2559 3869 κατά
2611 3816 2673 3868 τὰ
2730 3810 2855 3884 ἔθνη
2907 3812 3195 3887 ἀκολάστῳ
3255 3818 3321 3887 τῇ
3365 3818 3470 3868 τῶν
3516 3814 3777 3886 σιαγόνων

2120 3906 2330 3973 κινήσει
2392 3902 2688 3977 ἐχρήσατο,
2730 3904 2865 3977 πρός
2914 3925 2973 3957 τε
3029 3900 3357 3978 ἀδολεσχίας
3385 3903 3436 3956 ἐν
3486 3899 3776 3972 διαλὲξεσι,

2118 3993 2207 4047 καὶ
2269 3991 2621 4066 βαττολογίας
2695 3991 2748 4046 ἐν
2808 3998 3139 4068 προσευχαῖς
3210 3993 3298 4047 καὶ
3360 3990 3664 4067 ἀδηφαγίας
3722 3992 3775 4047 ἐν

2124 4083 2426 4157 βρώμασιν,
2480 4081 2530 4153 ἐξ
2594 4085 2658 4150 ’ἧς
2716 4086 2808 4137 καῖ
2856 4082 2889 4151 ἡ
2948 4080 3117 4151 λοιπή
3178 4087 3320 4136 πᾶσα
3378 4079 3641 4136 ἀκολασία
3678 4081 3776 4158 ὑφ-

2123 4172 2330 4225 ίσταται
2364 4192 2376 4203 ⁸
2424 4169 2570 4227 ἀλλὰ
2623 4169 2837 4243 μᾶλλον
2890 4172 3129 4247 σώφρονι
3178 4174 3459 4239 τοσοῦτον,
3516 4170 3655 4224 ὥστε
3698 4174 3777 4241 τῷ

2120 4261 2541 4333 συντετμημένῳ
2604 4261 2696 4332 μὲν
2770 4259 2859 4313 καὶ
2948 4259 3409 4332 συντετελεσμένῳ
3470 4259 3620 4336 λόγῳ
3671 4262 3772 4328 την

2120 4350 2564 4423 καταργουμένην
2612 4354 2718 4403 τῶν
2752 4346 3039 4419 Ἑλλήνων
3096 4356 3312 4418 νικῆσαι
3356 4348 3546 4425 σοφίαν
3583 4370 3595 4381 ⁸

2123 4435 2180 4492 δὲ
2237 4443 2570 4514 προσευχαῖς
2629 4439 2729 4506 τήν
2795 4437 3073 4513 βασιλείαν

3657 4356 3775 4411 ταῖς

3167 4442 3264 4492 τοῦ
3334 4443 3466 4492 Θεοῦ
3524 4438 3611 4493 καὶ
3668 4440 3768 4507 την

2123 4525 2468 4597 δικαιοσύνην
2547 4527 2711 4582 αὐτοῦ
2792 4528 2956 4599 μόνον
3042 4532 3267 4598 ζητεῖν⁸
3329 4527 3418 4581 καὶ
3492 4528 3775 4602 βρώμασιν

2122 4618 2182 4671 οὐ
2238 4622 2354 4672 τοῖς
2407 4624 2681 4690 περιττοῖς
2744 4616 2834 4670 καὶ
2902 4614 3057 4686 ἡδέσι
3129 4618 3390 4692 χρῆσθαι,
3452 4615 3596 4671 ἀλλὰ
3653 4623 3776 4678 τοῖς

2120 4706 2428 4782 ἀναγκαίοις
2473 4705 2746 4778 ἀρκεῖσθαι
2781 4725 2793 4737 ⁸
2879 4706 2976 4759 κᾶν
3062 4706 3299 4761 ἐντεῦθεν
3379 4705 3431 4761 ἐν
3491 4712 3621 4761 πᾶσι
3676 4710 3774 4780 ζῇν

2120 4792 2413 4869 ἐγκρατῶς,
2472 4795 2560 4849 καὶ
2621 4792 2761 4867 μηδὲ
2816 4796 2953 4869 πρὸς
3009 4792 3262 4867 ἐπίδειξιν
3321 4800 3487 4849 ταῦτα
3544 4800 3718 4849 ποιεῖν
3760 4815 3772 4827 ⁸

2124 4883 2333 4955 μᾶλλον
2368 4881 2424 4938 δὲ
2454 4884 2542 4938 καὶ
2572 4886 2635 4939 τὸ
2699 4882 2943 4959 ἀνδρεῖον
2992 4888 3247 4939 τοσοῦτον
3285 4881 3670 4954 ἐνδείκνυσθαι,
3699 4885 3776 4946 ὡς

2119 4972 2292 5036 οὕτως
2348 4972 2600 5034 ἐπιεικῶς
2657 4974 2832 5049 φέρειν
2879 4974 2941 5027 τὸ
3001 4973 3051 5027 ἐν
3103 4978 3170 5046 τῇ
3222 4971 3367 5046 δεξιᾷ
3424 4974 3625 5047 σιαγόνι
3678 4973 3774 5049 ῥά-

2118 5083 2317 5133 πισμα,
2352 5062 2489 5116 ὥστε
2535 5062 2778 5140 στρέφειν
2820 5067 2898 5134 τῷ
2951 5062 3227 5139 ραπίζοντι
3282 5063 3371 5116 καὶ
3402 5065 3501 5131 την
3565 5061 3770 5132 ἄλλην,

2117 5150 2252 5204 κατά
2298 5148 2531 5223 μίμησιν
2610 5152 2844 5226 Χριστοῦ
2922 5152 3175 5225 φέροντος
3222 5151 3549 5223 ἀνεξικάκως
3609 5150 3773 5227 ραπί·

2121 5260 2316 5311 σματα,
2350 5242 2435 5294 καὶ
2486 5240 2547 5293 τὸ
2606 5237 2827 5294 δυνατοί
2880 5247 2979 5309 τῆς
3039 5239 3270 5309 ἐντολῆς
3317 5244 3383 5313 τῇ
3438 5240 3625 5314 πράξει
3689 5241 3775 5315 βε-

2120 5324 2419 5399 ϐαιοῦντος,
2470 5329 2559 5383 καὶ
2607 5330 2743 5385 κατά
2788 5331 2849 5385 τὸ
2903 5328 3212 5407 φιλέρημον
3260 5326 3442 5403 ὄρνεον
3500 5330 3599 5399 την
3642 5350 3774 5403 τρυ-

2119 5419 2250 5493 γόνα
2324 5419 2787 5494 ἀναχωρήσαντος
2889 5419 2967 5481 εἷς
3060 5420 3158 5487 τὴν
3248 5413 3478 5494 ἔρημον,
3559 5419 3777 5474 κάκεῖσε

2118 5507 2527 5582 νηπεοόσαντος,
2574 5509 2663 5564 καὶ
2691 5506 2863 5574 οὕτως
2908 5506 3218 5583 διδάξαντος
3265 5508 3330 5566 τὸ
3382 5505 3775 5568 ἆνεπίδιικτον.
