4084 6140
372 370 491 426 557

1416 362 1823 423 COMMENT.
1874 360 1949 420 IN
1995 358 2396 419 CANTICUM
2445 357 2743 417 CANTIC.

3668 360 3788 421 558

371 500 471 553 Καὶ
504 497 651 553 οὕτω
685 498 778 570 μὲν
840 495 1155 568 θαυμασίως
1212 494 1570 569 ὡραιώθησαν
1624 492 1871 569 σιαγόνες
1928 511 2023 546 σου

2144 508 2283 548 corsa
2317 492 2480 547 factae
2510 496 2649 547 sunt
2678 505 2837 562 gena
2889 494 2997 544 tua:
3048 492 3219 560 quasi
3270 493 3537 563 turturis,
3560 495 3695 548 dum
3733 500 3789 550 te

371 590 444 651 ὡς
517 588 817 664 τρυγόνος,
889 586 987 654 τήν
1049 584 1399 663 σωφροσύνην
1452 586 1567 639 κατ’
1625 582 1909 656 ἐπιθυμίαν
1970 581 2023 636 ἐν

369 676 675 753 ἐγκρατείᾳ,
750 676 838 731 καὶ
909 676 1009 744 τήν
1061 671 1308 750 ἀνδρείαν
1361 674 1498 728 κατά
1554 673 1723 746 θυμὸν
1776 670 1826 725 ἐν
1887 672 2023 725 ὑπο-

374 770 517 840 μονῇ
577 763 1026 838 ἐπιδεικνυμένης
1088 784 1206 821 σου.
1264 762 1506 836 Ὁμοίως
1565 759 1622 816 δὶ
1652 760 1868 822 τούτοις
1902 781 2022 814 συν-

372 856 633 927 ωραιώθη
712 851 995 930 τράχηλός
1082 873 1177 907 σου
1263 853 1337 914 ὡς
1412 850 1713 927 ὁρμίσκον
1800 850 1863 904 οῦ
1919 853 2023 924 γὰρ

376 941 634 1018 σιδηροῦς
693 963 787 997 σου
848 940 1215 1016 ὁτράχηΛος,
1249 940 1324 1002 ὡς
1379 938 1470 994 διὰ
1496 941 1595 1009 τὴν
1656 937 2021 1014 ὑπερηφανίαν

377 1030 752 1106 δύσκαμπτος⁶
814 1028 961 1085 ἀλλά
1015 1030 1321 1103 κέκαμπται
1384 1026 1473 1083 διὰ
1529 1026 2022 1105 μετριοφροσύνην,

377 1122 453 1186 ὡς
509 1121 758 1197 ὁρμίσκοι
818 1117 871 1174 οἳ
927 1116 1410 1188 κατεσκευασμένοι
1472 1117 1605 1172 εἶ’σίν
1662 1115 1721 1171 ἐκ
1776 1118 2021 1191 χρυσοῦ·

376 1209 439 1266 οῦ
493 1212 555 1266 τὸ
614 1206 840 1283 δόκιμον
899 1208 988 1263 καὶ
1043 1207 1278 1283 καθαρὸν
1313 1205 1492 1263 διὰτὸ
1550 1206 1905 1280 ἀνυπόκριτον
1944 1226 2028 1276 μι-

376 1299 557 1375 μεῖταί
588 1321 683 1354 σου
712 1300 774 1354 τὸ
803 1298 1052 1353 ταπεινὸν
1114 1296 1393 1375 φρόνημα.
1440 1296 1501 1353 Εἰ
1559 1293 1615 1350 δὲ
1665 1294 2023 1370 ἀνυπόκριτον

367 1387 870 1466 ταπεινοφροσύνην
930 1388 958 1442 6
1018 1386 1281 1462 ὁρμίσκος
1314 1384 1590 1459 σημαίνει,
1626 1384 1699 1445 ὡς
1733 1381 1964 1457 έίρηται,
1998 1384 2026 1436 6

367 1481 465 1547 τῆς
524 1478 747 1555 νύμφης
780 1474 1014 1553 Χριστοῦ
1071 1473 1354 1551 τράχηλος
1381 1475 1455 1537 ὡς
1482 1473 1734 1549 ὁρμίσκοι
1768 1469 2024 1527 ἐπαινού-

373 1589 577 1642 μενος,
627 1568 717 1621 καὶ
776 1564 990 1636 πλῆθος
1050 1564 1297 1643 ἐμφαίνει
1356 1565 1596 1639 ἀρετῶν,
1644 1561 1734 1617 καὶ
1788 1563 1889 1631 τήν
1944 1558 2024 1638 ἐφ’

371 1657 568 1730 ἑκάστῃ
623 1653 1119 1732 ταπεινοφροσύνην
1158 1698 1170 1710 .
1237 1660 1323 1715 Ὡς
1399 1653 1504 1728 γὰρ
1564 1653 1591 1706 6
1652 1651 1916 1728 ὁρμίσκος
1968 1652 2021 1705 ἑν

374 1746 524 1822 ὀρθῷ
552 1750 631 1817 τῷ
663 1747 909 1820 σχήματι
942 1742 1291 1819 χαλκωθεὶς,
1342 1740 1563 1815 ὕστερον
1622 1742 1924 1813 κάμπτεται
1953 1742 2021 1813 τῇ

2132 586 2189 637 et
2236 582 2295 637 in
2344 581 2687 638 cohibendis
2736 596 2838 652 per
2887 581 3308 637 abstinentiam
3360 582 3786 655 cupiditatibus

2132 676 2583 745 temperantem,
2608 676 2665 727 et
2695 671 2753 726 in
2781 670 3082 728 iracundia
3102 689 3207 745 per
3226 673 3570 745 patientiam
3594 678 3790 732 mode-

2134 763 2320 818 randa
2350 763 2561 818 fortem
2594 778 2659 818 ac
2696 766 2998 817 strenuam
3043 762 3288 833 praebes.
3324 764 3538 819 Collum
3584 765 3787 822 itidem

2131 852 2429 923 pulchrum
2455 852 2726 907 effectum
2768 855 2877 917 est,
2908 853 3048 905 sicut
3095 852 3350 909 monilia.
3384 853 3585 926 Neque
3631 856 3788 911 enim

2135 941 2238 996 tibi
2274 942 2525 997 ferreum
2549 946 2639 997 est
2660 940 2895 1011 collum,
2921 945 2984 995 ut
3005 946 3242 1013 propter
3271 943 3611 1014 superbiam
3637 945 3791 1001 ﬂecti

2138 1035 2421 1100 nequeat:
2453 1031 2553 1086 sed
2586 1036 2822 1102 propter
2851 1031 3192 1086 modestiam
3215 1030 3383 1087 facile
3404 1034 3550 1088 verti
3581 1036 3791 1106 possit,

2136 1124 2200 1175 ut
2231 1120 2475 1176 monilia
2504 1138 2572 1176 ex
2604 1138 2747 1176 auro
2796 1121 3092 1176 elaborata
3127 1140 3139 1177 :
3173 1124 3344 1193 cujus
3389 1124 3628 1196 quidem
3662 1126 3791 1181 auri

2136 1210 2488 1280 probitatem
2513 1228 2578 1265 ac
2610 1211 2925 1282 puritatem
2959 1211 3264 1267 humilitas
3285 1217 3388 1269 tua
3410 1214 3790 1287 simplicitate

2136 1315 2253 1353 non
2285 1298 2424 1355 ﬁcta
2454 1300 2742 1355 imitatur.
2766 1301 2927 1364 Quod
2962 1300 3007 1355 si
3044 1301 3287 1355 minime
3314 1303 3655 1360 simulatam
3686 1305 3793 1361 hu-

2136 1386 2446 1443 militatem
2480 1388 2697 1444 monile
2728 1389 3040 1461 signiﬁcat,
3076 1393 3140 1444 ut
3171 1390 3393 1445 dictum
3426 1397 3536 1462 est,
3559 1410 3789 1465 sponsae

2134 1474 2352 1532 Christi
2385 1476 2597 1532 collum
2624 1482 2907 1549 tanquam
2939 1478 3181 1535 monilia
3207 1483 3705 1550 commendatum,
3733 1488 3791 1540 et

2133 1565 2416 1621 virtutum
2466 1566 2690 1622 indicat
2738 1568 3202 1640 multitudinem,
3245 1574 3301 1624 et
3349 1570 3698 1643 implicitam
3732 1573 3792 1628 in

2134 1654 2384 1729 singulis
2428 1657 2746 1713 virtutibus
2809 1657 3226 1714 humilitatem.
3281 1662 3789 1725 Quemadmodum

2132 1743 2290 1799 enim
2319 1746 2532 1800 monile
2560 1750 2716 1801 recta
2739 1746 2927 1818 ﬁgura
2949 1747 3112 1818 prius
3138 1749 3208 1803 ab
3238 1747 3460 1804 artiﬁce
3483 1752 3789 1819 conﬂatur,

369 1833 534 1912 χρείᾳ
590 1833 1159 1910 συσχηματιζόμενος,
1192 1830 1366 1894 οὕτως
1398 1831 1425 1884 6
1455 1832 1555 1899 τήν
1590 1830 1782 1934 ἀρετὴν
1814 1828 2024 1934 τέλειρς

2144 1835 2341 1891 ieinde
2372 1836 2431 1891 in
2462 1836 2748 1892 circulum
2782 1840 3229 1894 accommodate
3252 1841 3322 1895 ad
3350 1858 3525 1896 usum
3548 1841 3793 1898 circum-

366 1928 717 1979 ταπεινοῦται
777 1920 866 1977 διὰ
922 1916 1350 1997 συγκατάϐασιν,
1413 1919 1588 1994 ὀρθῶς
1646 1915 1718 1972 ὢν
1776 1918 1854 1990 τῷ
1922 1916 2026 1993 βίῳ

368 2014 458 2068 καὶ
520 2012 588 2078 τῆ
649 2011 1080 2090 μετριοφροσύνῃ
1136 2010 1557 2083 καμπτόμενος.
1617 2008 1917 2084 Τράχηλος
1974 2004 2034 2061 δὲ

367 2096 846 2177 περιϐεϐλημένος
893 2102 991 2169 τήν
1068 2097 1610 2176 ταπεινοφροσύνηνξ,
1687 2098 1748 2151 τὸ
1807 2095 2031 2171 λογικόν

368 2192 481 2247 ἐστι
512 2198 611 2261 τῆς
639 2193 844 2266 ψυχῆς·
880 2188 910 2243 6'
957 2185 1111 2259 δίκην
1159 2186 1450 2264 τραχήλου
1509 2186 1867 2246 συνάπτοντος
1928 2186 2028 2253 τὴν

364 2278 613 2359 κεφαλὴν
673 2284 753 2352 τῷ
812 2278 994 2350 λοιπῷ
1043 2278 1278 2350 σώματι,
1341 2277 1594 2331 συνάπτει
1651 2275 1742 2330 τὸν
1789 2278 1913 2329 νοῦν
1963 2277 2031 2348 τῇ

372 2371 645 2441 αἰσθήσει,
694 2367 823 2431 τοὺς
892 2368 985 2440 μὲν
1032 2368 1169 2422 κατὰ
1214 2371 1337 2421 νοῦν
1395 2365 1592 2441 λόγους
1640 2368 1750 2419 τῶν
1805 2365 2032 2446 ἀρετῶν,

377 2460 517 2515 κατά
544 2458 674 2522 τους
724 2457 934 2513 τούτῶν
975 2457 1212 2533 τρόπους
1244 2454 1473 2529 κατάγον
1528 2454 1665 2530 πρὸς
1696 2456 1796 2523 τὴν
1842 2450 2033 2524 αἴσθη-

371 2572 479 2617 σιν,
536 2548 668 2610 τοὺς
726 2545 783 2602 δὲ
835 2545 1075 2622 τρόπους
1106 2543 1270 2600 πάλιν
1319 2545 1499 2599 αὐτῶν
1531 2542 1665 2598 κατά
1722 2540 1875 2611 τοῦςέ
1901 2541 2034 2597 τού-

370 2660 479 2693 των
539 2636 736 2711 λόγους
794 2635 991 2711 ἀνάγον
1051 2633 1189 2707 πρὸς
1244 2637 1388 2688 νοῦν.
1447 2633 1515 2689 ’Ὀ
1574 2631 1663 2685 καὶ
1729 2629 2032 2703 κάμπτεται

373 2725 465 2783 διὰ
492 2724 1008 2802 ταπεινοφροσύνην,
1042 2724 1118 2797 μὴ
1171 2720 1259 2777 διὰ
1308 2723 1403 2791 τήν
1456 2720 1602 2791 ἀξίαν
1652 2719 2034 2794 ἐπαιρόμενον,

370 2813 520 2872 ἀλλά
551 2812 641 2869 διά
688 2815 779 2869 τὸν
841 2817 977 2888 χοῦν
1012 2806 1469 2884 συστελλόμενον.
1529 2808 1635 2865 Καὶ
1680 2808 1822 2863 οὕτω
1853 2808 1953 2876 τὴν
1980 2806 2032 2877 ἐξ

370 2904 539 2960 ἐθνῶν
608 2902 955 2973 Ἐκκλησίαν,
1024 2905 1093 2974 τῇ
1168 2899 1219 2970 ἐξ
1309 2897 1531 2974 Ἰσραὴλ
1587 2895 1876 2972 ,ὁμηγύρει
1924 2900 2032 2951 τῶν

378 2993 701 3049 ἀποστόλων
762 2990 1020 3065 ὡμοίωσε
1081 2987 1169 3044 διὰ
1222 2995 1324 3059 τῆς
1382 2989 1459 3049 εἱς
1524 2986 1684 3042 αὐτὸν
1741 2985 2029 3046 πίστεωςὸ

379 3082 612 3160 νυμφίος
661 3080 863 3151 ταύτης
923 3079 1194 3155 Χριστός’
1253 3079 1316 3133 τὸ
1390 3076 1646 3152 τριμερὶς
1695 3081 1796 3144 τῆς
1843 3078 2029 3149 ψυχῆς

373 3168 447 3227 δι’
505 3170 815 3248 ἐγκρατείας
870 3168 959 3225 καὶ
1032 3169 1314 3240 ὑπομονῆς
1382 3166 1472 3220 καὶ
1529 3162 2028 3241 ταπεινοφροσύνης

2144 1923 2400 1979 ﬂectitur
2427 1943 2440 1981 :
2479 1926 2562 1981 sic
2594 1926 2769 1981 homo
2798 1927 3013 1982 virtute
3045 1928 3503 1998 perfectus,cum
3527 1931 3798 1988 absoluta

2140 2012 2270 2067 vitae
2312 2014 2712 2069 moderatione
2754 2020 2948 2072 rectus
2980 2016 3077 2080 sit,
3110 2018 3333 2073 caeteris
3381 2020 3795 2092 compatiendo

2143 2118 2245 2173 per
2275 2102 2667 2160 humilitatem
2702 2105 2954 2160 ﬂectitur
2992 2109 3167 2178 atque
3200 2108 3546 2163 demittitur.
3571 2111 3642 2165 At
3672 2110 3794 2166 col-

2143 2189 2266 2245 lum
2298 2192 2632 2248 humilitate
2653 2193 3108 2262 circumdatum,
3130 2201 3218 2251 est
3252 2196 3430 2251 animi
3463 2200 3610 2254 ratio
3644 2217 3794 2271 quas,

2144 2285 2206 2334 ut
2239 2281 2451 2336 collum
2485 2281 2708 2352 reliquo
2735 2284 2963 2353 corpori
2996 2292 3173 2355 caput
3201 2287 3523 2358 conjungit,
3558 2289 3642 2344 sic
3672 2290 3801 2361 ipsa

2144 2374 2403 2425 mentem
2428 2388 2559 2425 cum
2590 2372 2862 2427 sensibus
2889 2372 3182 2428 connectit
3209 2390 3221 2427 :
3246 2375 3388 2429 dum
3412 2392 3479 2430 ex
3512 2377 3792 2433 virtutum

2145 2458 2348 2513 habitu
2405 2464 2657 2515 mentem
2720 2477 2822 2532 per
2868 2461 3127 2516 actiones
3175 2462 3447 2519 sensibus
3498 2465 3798 2538 applicat:

2146 2564 2476 2619 sensusque
2508 2566 2743 2603 rursum
2765 2566 2833 2604 ex
2864 2552 3149 2605 virtutum
3173 2553 3511 2624 praescripto
3533 2556 3605 2609 ad
3639 2572 3803 2611 men-

2144 2641 2261 2691 tem
2294 2637 2542 2692 reducit.
2578 2638 2856 2692 Flectitur
2900 2638 3037 2693 item
3072 2656 3176 2710 per
3205 2640 3624 2710 humilitatem,
3658 2644 3801 2699 dum

2144 2742 2262 2782 non
2294 2743 2362 2781 ex
2393 2727 2626 2798 propria
2649 2727 2947 2783 extollitur
2969 2728 3292 2799 dignitate:
3319 2730 3417 2785 sed
3443 2747 3511 2785 ex
3542 2732 3802 2803 pulveris

2143 2831 2207 2869 ac
2258 2816 2513 2869 materiae
2563 2815 2889 2887 abjectione
2937 2816 3286 2873 demittitur.
3320 2818 3423 2873 His
3475 2820 3805 2876 rationibus

2144 2903 2460 2959 Ecclesiam
2504 2920 2574 2959 ex
2625 2905 2901 2976 gentibus
2947 2914 3206 2961 coactam
3256 2923 3359 2978 per
3404 2908 3579 2963 fidem
3631 2910 3691 2964 in
3742 2927 3805 2966 se

2141 3009 2399 3064 sponsus
2457 2993 2647 3064 ipsius
2695 2993 2995 3063 Christus,
3045 2994 3445 3064 apostolorum
3493 2999 3662 3054 castui
3725 3016 3795 3054 ex

2140 3080 2321 3136 Israel
2371 3080 2719 3136 assimilavit
2766 3098 2779 3137 :
2830 3082 3123 3153 triplicem
3183 3083 3362 3139 animi
3415 3091 3645 3157 partem
3695 3104 3798 3159 per

2138 3170 2557 3227 continentiam
2576 3175 2633 3226 et
2664 3170 3005 3243 patientiam
3025 3176 3081 3227 et
3104 3172 3519 3243 humilitatem,
3544 3193 3613 3232 ex
3637 3181 3799 3233 statu

370 3262 435 3317 ἔκ
503 3244 611 3316 τοῦ
676 3258 823 3336 παρά
901 3258 1055 3334 φύσιν
1130 3257 1267 3331 πρὸς
1339 3254 1402 3310 τὸ
1461 3254 1596 3309 κατά
1652 3253 1807 3331 φύσιν
1867 3251 2029 3307 ἐπαν-

2144 3265 2365 3315 naturee
2398 3259 2687 3315 contrario
2715 3260 2785 3315 ad
2818 3260 3087 3315 habitum
3123 3266 3344 3317 natura:
3378 3271 3799 3337 congruentem

365 3350 615 3427 αγαγὼν,
664 3348 755 3403 καὶ
812 3344 1131 3417 ἀπαλλάξας
1191 3351 1292 3414 τῆς
1357 3340 1447 3399 διὰ
1504 3344 1603 3412 τὴν
1664 3340 1912 3396 ἀπιστίαν
1947 3362 2034 3414 με·

367 3440 698 3509 λανότητος.

947 3547 1059 3597 Τῶν
1103 3550 1148 3619 γ’
1186 3540 1461 3617 Πατέρων.

446 3637 517 3693 O't
575 3632 633 3691 δὶ
688 3635 786 3689 τοῦ
841 3633 1079 3711 νυμφίου
1129 3630 1282 3711 φίλοι
1339 3631 1463 3705 (εἶεν
1526 3627 1583 3684 δὲ
1634 3629 1850 3692 πάντως
1882 3631 2033 3685 οὗτοι

377 3727 437 3781 οἱ
497 3726 641 3802 ἅγιοι
697 3721 938 3800 ἄγγελοι,
999 3723 1073 3783 ὡς
1126 3723 1187 3777 τὸ
1243 3721 1406 3775 αὐτοῦ
1457 3724 1740 3783 ποιοῦντες
1779 3721 2037 3794 πανάγιον

378 3812 622 3887 θέλημα)
676 3814 743 3867 τά
798 3812 919 3883 ἑξῆς
975 3812 1361 3887 ὑπισχνοῦνται
1393 3814 1462 3883 τῇ
1490 3809 1702 3886 νύμφῃ,
1758 3806 2032 3883 λέγοντες·

373 3904 746 3977 Ὀμοιώματα
804 3900 1034 3975 χρυσίου
1092 3899 1412 3972 ποιήσωμέν
1474 3919 1557 3952 σοι
1621 3897 1754 3969 μετά
1808 3899 2037 3973 στιγμά-

374 4015 486 4048 των
548 3996 645 4046 τοῦ
703 3991 990 4066 ἀργυρίου,
1044 3986 1147 4050 ἓως
1206 3990 1267 4042 οὗ
1327 3991 1355 4042 6
1416 3984 1673 4062 βασιλεὺς
1730 3985 1780 4040 ἐν
1822 3985 2038 4040 ἀνακλί-

377 4103 459 4137 σει
518 4080 704 4137 αὐτοῦ.
769 4082 999 4154 “Ὴγοῦν,
1047 4075 1269 4146 Ἐπειδὴ
1327 4083 1427 4146 τῆς
1484 4073 1573 4130 διὰ
1600 4076 1697 4144 τὴν
1733 4073 2037 4130 εἰδωλολα-

372 4171 555 4246 τρείαν
593 4169 965 4242 μελανότητος
999 4165 1356 4240 ἀπηλλάγης,
1402 4165 1490 4219 καὶ
1541 4169 1657 4227 τοῖς
1707 4161 2035 4227 ἀποστόλοις

374 4262 492 4315 κατ’
546 4259 739 4334 ἀρετήν
777 4257 1098 4330 ὡμοιώθης,
1147 4255 1237 4309 καὶ
1266 4260 1367 4323 τῆς
1415 4252 1672 4323 ἀληθείας
1718 4253 1851 4307 κατὰ
1894 4258 2037 4329 γνῶ-

379 4370 464 4404 σιν
499 4347 643 4421 ἐρᾷς,
674 4347 775 4415 τήν
828 4346 921 4419 μὲν
967 4346 1110 4399 θείαν
1161 4342 1316 4421 φύσιν
1355 4340 1521 4411 αὐτὴν
1554 4342 1652 4410 τήν
1706 4340 2039 4417 ἀσυγκρίτως

380 4437 563 4506 πάσης
629 4436 839 4513 φύσεως
913 4434 1316 4509 ὑπιρίχουσαν,
1373 4430 1612 4507 καθάπερ
1668 4435 1774 4486 τῶν
1827 4430 2037 4486 λοιπῶν

384 4524 534 4581 ὑλων
611 4526 638 4579 6
722 4525 966 4601 χρυσὸς,
1044 4520 1386 4600 παραστῆσαί
1457 4542 1546 4575 σοι
1613 4521 1674 4575 οὐ
1743 4518 2035 4593 δυναίμεθα⁹

2143 3348 2436 3420 redigens,
2461 3351 2517 3403 et
2549 3349 2911 3421 nigredinem
2944 3350 3135 3422 ipsius
3160 3350 3406 3409 abluens
3439 3358 3802 3411 contractam

2143 3454 2211 3493 ex
2239 3437 2606 3493 inﬁdelitate.

2730 3546 2920 3601 Trium
2960 3552 3189 3602 Patrum
3202 3589 3214 3601 .

2216 3634 2398 3689 Amici
2432 3637 2629 3689 autem
2654 3635 2854 3705 sponsi
2880 3634 3021 3703 (sint
3041 3639 3237 3691 autem
3266 3635 3327 3690 hi
3351 3638 3592 3694 omnino
3615 3638 3807 3695 sancti

2147 3722 2361 3795 angeli,
2394 3723 2612 3794 quippe
2644 3723 2745 3794 qui
2778 3723 3171 3779 sanctissimae
3202 3724 3366 3781 illius
3398 3727 3811 3799 obtemperant

2145 3812 2454 3883 voluntati)
2484 3829 2551 3867 ea
2582 3829 2709 3883 qua
2752 3818 3095 3883 sequuntur,
3128 3830 3358 3883 sponsae
3401 3816 3759 3886 pollicentur
3795 3836 3808 3875 :

2145 3901 2561 3957 Similitudines
2618 3904 2753 3957 auri
2804 3901 3077 3975 faciemus
3145 3903 3249 3957 tibi
3317 3920 3443 3958 cum
3494 3905 3810 3961 distinctio-

2145 3993 2306 4046 nibus
2355 3992 2590 4061 argenti,
2623 4007 2895 4063 quousque
2942 4008 3041 4046 νεα
3069 3992 3129 4045 in
3161 3992 3414 4047 accubitu
3460 3997 3633 4064 luerit
3687 4011 3805 4066 suo_

2148 4080 2323 4146 Quasi
2374 4080 2572 4135 dicant
2606 4097 2618 4135 :
2653 4080 2930 4151 quoniam
2965 4097 2997 4134 a
3035 4079 3340 4150 nigredine
3391 4097 3459 4136 ex
3512 4082 3805 4140 idolorum

2147 4168 2307 4224 cultu
2338 4172 2639 4225 contracta
2678 4168 2926 4225 liberata
2969 4184 3053 4237 es,
3086 4172 3143 4224 et
3174 4170 3456 4241 apostolis
3488 4188 3591 4243 per
3620 4173 3809 4229 virtu-

2146 4264 2262 4313 tem
2296 4257 2509 4314 similis
2558 4258 2805 4326 reddita,
2839 4262 2894 4313 et
2925 4260 3345 4330 cognoscendae
3374 4261 3635 4319 veritatis
3681 4268 3805 4320 stu-

2147 4346 2360 4402 diosa:
2408 4363 2514 4401 nos
2566 4350 2840 4401 naturam
2899 4346 3141 4417 quidem
3202 4346 3489 4419 divinam,
3539 4366 3687 4419 quae,
3744 4356 3811 4405 ut

2148 4452 2357 4491 aurum
2389 4435 2504 4491 alia
2530 4451 2664 4489 eum
2697 4435 2944 4489 materia
2976 4434 3160 4501 nulla,
3188 4435 3274 4491 sic
3306 4435 3436 4507 ipsa
3466 4437 3647 4493 nullis
3671 4455 3803 4493 cum

2148 4524 2281 4579 aliis
2313 4523 2540 4579 naturis
2572 4522 2897 4594 comparari
2934 4528 3147 4594 potest,
3177 4525 3409 4580 tradere
3432 4525 3676 4581 minime
3707 4544 3805 4582 va-

383 4614 609 4679 ἁθὲατος
665 4615 765 4688 γάρ
821 4614 931 4668 ἐστι
987 4617 1116 4667 πᾶσι
1165 4612 1255 4667 καὶ
1286 4609 1693 4680 ἀκατάληπτος.
1725 4608 2030 4682 Εἷκάσματα

2146 4613 2337 4668 lemus
2372 4630 2385 4669 :
2419 4629 2551 4668 cum
2583 4629 2650 4667 ea
2700 4628 2805 4667 nec
2838 4611 3029 4667 oculis
3063 4613 3245 4682 cerni,
3280 4631 3385 4668 nec
3417 4619 3613 4669 mente
3645 4632 3809 4671 com-

385 4702 447 4759 δέ
475 4725 597 4759 τινα
650 4704 853 4773 ταύτης
911 4701 971 4757 ἐκ
1019 4705 1118 4774 τῆς
1172 4706 1276 4756 τῶν
1336 4696 1505 4755 ὅντων
1541 4699 1785 4774 θεωρίας,
1818 4696 2033 4770 δηλαδὴ

382 4794 515 4855 τοὺς
548 4791 705 4863 δίκην
738 4792 1049 4866 στιγμάτων
1082 4790 1346 4867 ἀργυρίου
1395 4786 1685 4863 τηλαυγεῖς
1735 4789 1822 4842 καὶ
1870 4809 2037 4861 μεμε-

386 4882 677 4959 ρισμὲνους
708 4879 759 4935 ἐν
789 4885 869 4952 τῷ
901 4882 1053 4935 παντὶ
1090 4879 1311 4955 λόγους,
1360 4875 1715 4949 ὑποδείξομέν
1770 4898 1876 4944 σοι,
1932 4875 2035 4939 ἓως

385 4970 453 5026 οὗ
504 4972 532 5025 6
561 4974 672 5025 τῶν
703 4970 845 5024 ὃΛῶν
878 4968 1151 5039 Δεσπότης
1183 4967 1317 5035 αῦτή
1362 4969 1396 5035 ἡ
1429 4964 1679 5035 ἀλήθεια,
1735 4965 1785 5020 ἐν
1842 4965 2038 5020 ἐπανα-

382 5058 580 5115 παύσει
641 5057 805 5113 αὐτοῦ
847 5059 918 5128 τῇ
970 5057 1022 5112 ἐν
1072 5057 1178 5128 σοὶ,
1230 5055 1430 5109 οἰκεῖον
1479 5053 1854 5132 ἐκσφράγισμα
1886 5076 2038 5109 σεαυ-

382 5146 487 5214 τὴν
538 5142 817 5219 ἀποδείξῃ,
846 5146 1131 5208 κάντεῦθεν
1182 5147 1327 5218 γνῷς
1377 5143 1569 5212 ἑαυτὴν
1608 5143 1699 5215 μὶν
1733 5141 1913 5197 εἰκόνα
1942 5143 2040 5197 αύ-

382 5239 485 5290 τοῦ
515 5235 604 5290 καὶ
661 5235 944 5309 ὁμοίωμα,
995 5234 1157 5288 αὐτὸν
1206 5229 1262 5287 δὲ
1308 5230 1357 5286 ἐν
1394 5231 1478 5286 σοὶ
1509 5232 1891 5304 ποιμαίνοντα,
1949 5232 2039 5288 καὶ

386 5322 569 5398 ὥσπερ
600 5345 704 5379 τινι
732 5321 985 5399 σφραγῖδι
1024 5322 1075 5377 ἐν
1132 5326 1210 5394 τῷ
1270 5317 1394 5393 ἴδίῳ
1451 5318 1799 5394 ἐκτυπώματι
1856 5342 2039 5377 κοιτα-

387 5414 450 5485 ζό
460 5433 619 5488 μενον
630 5457 644 5471 .

464 5700 530 5755 Ol.
578 5699 766 5775 μιντοι
796 5695 952 5784 φίλοι
986 5605 1520 5778 βλίιῗθῖζῖἒυτούτων
1547 5694 1644 5759 τὰς
1671 5694 1912 5773 ὁμιλίας,

2145 4702 2427 4774 prehendi
2459 4706 2637 4772 queat
2672 4717 2684 4754 :
2720 4702 3039 4757 simulacra
3086 4706 3284 4757 tamen
3318 4703 3508 4774 ipsius
3538 4705 3808 4775 quaedam

2145 4807 2214 4846 ex
2243 4806 2438 4846 rerum
2472 4789 2837 4845 naturalium
2889 4794 3128 4862 aspectu
3178 4795 3236 4845 et
3286 4791 3808 4863 contemplatione,

2146 4885 2386 4952 argento
2429 4879 2597 4951 quasi
2647 4878 2928 4934 distincta
2972 4896 3039 4934 ac
3087 4879 3473 4935 vermiculata
3522 4881 3807 4939 faciemus

2145 4969 2273 5035 tibi,
2298 4984 2501 5023 eorum
2526 4985 2655 5039 quae
2686 4968 2742 5022 in
2775 4968 2996 5023 mundo
3021 4973 3181 5032 sunt,
3207 4969 3465 5025 rationes
3501 4972 3810 5027 ostenden-

2146 5062 2256 5121 tes,
2291 5058 2486 5128 quoad
2538 5074 2733 5112 rerum
2784 5056 3047 5111 omnium
3096 5056 3401 5124 Dominus,
3427 5059 3523 5129 qui
3557 5064 3646 5115 est
3676 5060 3807 5133 ipsa

2147 5146 2385 5215 veritas,
2418 5147 2477 5201 in
2507 5150 2563 5201 te
2592 5145 2766 5201 veluti
2812 5145 2869 5198 in
2903 5146 3178 5199 accubitu
3209 5151 3266 5200 et
3297 5149 3495 5216 requie
3526 5165 3634 5204 sua
3665 5166 3804 5205 con-

2150 5237 2481 5308 quiescens,
2510 5235 2801 5307 propriam
2837 5234 3289 5290 similitudinem
3324 5253 3493 5292 suam
3525 5243 3581 5293 te
3612 5239 3806 5311 ipsam

2149 5326 2442 5394 ostendat,
2475 5328 2538 5380 ut
2587 5327 2833 5379 tutemet
2880 5322 3070 5394 ipsius
3128 5323 3445 5396 imaginem
3496 5344 3808 5399 agnoscas,

2149 5430 2404 5485 eumque
2442 5414 2503 5468 in
2533 5418 2591 5469 te
2620 5415 2961 5485 pascentem
3009 5417 3067 5467 et
3113 5416 3399 5486 tanquam
3452 5416 3717 5489 sigillum
3747 5417 3809 5474 in

2148 5502 2380 5577 proprio
2414 5502 2583 5575 signo
2613 5517 2952 5574 expressum
2980 5503 3382 5563 recubantem.

2883 5610 3076 5666 Pselli.

2883 5626 3076 5667 metu.

2219 5700 2405 5758 Amici
2443 5699 2627 5774 igitur
2673 5698 2899 5773 sponsi,
2931 5716 3001 5756 ex
3029 5699 3103 5757 iis
3135 5717 3261 5774 quae
3291 5701 3449 5758 dicta
3477 5705 3644 5770 sunt,
3680 5705 3812 5761 tum
