4040 6146
345 306 461 364 559
1680 298 2100 362 MICHAELIS
2144 300 2413 361 PSELLI
3637 308 3761 369 560

340 428 639 509 ingentem
707 452 935 507 sponsae
1002 452 1141 509 erga
1196 453 1479 509 sponsum
1549 434 1766 492 amoris
1823 433 1960 487 ﬁam

2111 430 2214 485 Καὶ
2246 430 2309 484 τὸ
2337 438 2439 500 τῆς
2469 432 2689 509 νύμφης
2721 433 2967 517 ζώπυρον
3000 434 3144 490 πολὺ
3174 436 3310 510 πρὸς
3337 438 3427 491 τὸν
3460 439 3718 517 νυμφίον,

338 541 532 597 mam,
580 529 704 580 tum
758 542 1111 598 propensam
1163 526 1343 599 hujus
1394 544 1533 599 erga
1580 540 1856 597 sponsam
1904 538 1960 577 vc

2109 519 2251 593 Πρὸς
2285 517 2361 587 δὶ,
2392 522 2491 590 τὴν
2528 516 2917 595 συγκατάϐασιν
2950 521 3152 579 ἐκείνου
3182 525 3317 602 πρὸς
3347 527 3445 595 τὴν
3472 516 3718 603 νύμφην,

343 613 637 671 luntatem
699 616 1172 686 considerantes,
1232 622 1406 687 atque
1478 617 1613 671 inde
1680 615 1760 670 rei
1822 614 1960 668 ﬁne:

2107 607 2219 661 Κάκ
2245 609 2452 663 τούτων
2481 608 2872 685 ἐπιγνώσαντες
2906 617 3002 667 106
3032 614 3348 690 πράγματος
3376 616 3437 670 τὸ
3464 616 3645 685 τέλος,

2104 697 2194 760 Ὦς
2228 699 2329 771 ἄρα
2358 694 2717 770 καταϐήσεται
2750 703 2885 776 πρὸς
2916 702 3116 773 ταύτην
3149 705 3177 758 6
3207 705 3462 780 νυμφίος,

2106 786 2714 862 Ἐπανακλιθησόμενος
2749 790 3049 864 βασιλικῶς
3082 792 3134 847 έν
3165 794 3358 868 ταύτῃ,

2103 877 2214 945 Τήν
2241 876 2459 956 νύμφην
2492 877 2861 954 εὐτρεπίζουσι
2895 877 3053 950 δῆθεν
3087 889 3568 958 καταχρυσοῦντες.

2103 967 2220 1035 Ἵν’,
2254 964 2465 1021 ἐπειδὰν
2501 969 2528 1021 6
2564 966 2816 1042 βασιλεὺς
2847 967 3187 1043 ἐπιδημῆσαι
3220 971 3372 1048 θέλῃ,

2102 1055 2323 1130 Εὑρησῃ
2351 1057 2486 1131 πρὸς
2516 1057 2807 1112 ἀνάπαυσιν
2836 1057 3003 1129 αὐτὴν
3033 1059 3413 1134 ἑτοιμοτάτην.

2102 1145 2242 1198 Φασὶ
2272 1146 2373 1221 γάρ
2405 1145 2547 1201 οὕτω
2580 1148 2716 1221 πρὸς
2746 1146 2911 1217 αὐτὴν
2944 1150 2995 1203 οἱ
3026 1149 3177 1227 φίλοι
3206 1156 3303 1206 106
3331 1152 3585 1230 νυμφίου·

337 704 789 775 prospicientes,
826 706 977 777 quod
1026 706 1097 760 ad
1131 722 1258 761 eam
1300 705 1501 776 procul
1532 703 1711 759 dubio
1743 717 1997 772 sponsus

331 797 489 848 esset
534 793 955 863 descensurus,
989 810 1055 850 ac
1099 794 1257 866 regio
1307 810 1467 849 more
1496 793 1557 847 in
1588 791 1691 847 illa
1720 789 1996 860 conquie-

334 887 529 949 turus,
563 898 845 955 sponsam
887 884 1010 954 jam
1046 883 1352 939 instruunt
1406 888 1583 954 atque
1631 897 1774 936 auro
1822 896 1994 935 exor-

329 976 495 1040 nant,
527 977 585 1027 et
614 989 750 1027 cum
804 988 905 1027 rex
935 971 1185 1028 voluerit
1234 974 1531 1041 advenire,
1563 988 1689 1027 eam
1721 971 1792 1025 ad
1828 968 1991 1040 quie-

326 1062 611 1116 scendum
673 1061 1047 1132 aptissimam
1109 1062 1379 1134 reperiat.
1450 1062 1651 1133 Itaque
1710 1059 1793 1114 sic
1849 1057 1990 1113 allo-

335 1152 558 1220 quntur
585 1167 599 1206 :

2169 1271 2525 1343 Ὃμοιώματα
2555 1273 2785 1347 χρυσίου
2812 1276 3135 1347 ποιήσωμέν
3157 1296 3239 1331 σοι
3275 1278 3408 1349 μετὰ
3438 1281 3751 1353 στιγμάτων

2096 1364 2193 1413 106
2220 1360 2506 1436 ἀργυρίου,
2538 1358 2642 1422 ἓως
2683 1362 2744 1415 06
2805 1363 2832 1416 6
2895 1361 3148 1438 βασιλεὺς
3208 1363 3259 1419 έν
3317 1364 3594 1423 ἀνακλίσει
3655 1370 3754 1424 αὖ·

2095 1469 2212 1503 του.

2096 1538 2268 1610 Ἐπεὶ,
2300 1538 2481 1613 φασὶν,
2510 1540 2537 1593 6
2569 1538 2820 1615 βασιλεὺς
2855 1540 3211 1613 ἀνακλιθῆναι
3245 1543 3440 1617 μέλλει

388 1274 800 1332 Similitudines
819 1276 955 1332 auri
980 1277 1251 1345 faciemus
1271 1276 1376 1331 tibi
1394 1292 1523 1333 cum
1542 1273 1989 1338 distinctionibus

318 1365 562 1434 argenti,
595 1380 873 1435 quousque
905 1380 1005 1420 rex
1033 1366 1104 1419 sit
1133 1364 1195 1419 in
1224 1364 1479 1419 accubitu
1507 1379 1625 1419 suo.

391 1542 657 1609 Quando,
695 1542 994 1614 inquiunt,
1053 1542 1320 1597 futurum
1378 1545 1470 1597 est
1526 1544 1592 1595 ut
1650 1554 1745 1594 rex
1802 1536 1859 1591 in
1907 1539 1983 1605 te,

320 1648 446 1701 quae
479 1630 678 1703 ipsum
730 1633 956 1703 puriter
1012 1648 1177 1687 amas
1226 1637 1283 1687 et
1336 1630 1570 1702 quaeris,
1623 1626 1950 1698 requiescat

2094 1628 2181 1683 Ἐν
2214 1629 2320 1696 σοὶ,
2351 1632 2418 1701 τῇ
2449 1633 2639 1684 τοῦτον
2673 1632 2920 1703 καθαρῶς
2949 1629 3184 1708 φιλούσῃ
3213 1635 3302 1688 καὶ
3335 1636 3601 1708 ζητούσῃ,

319 1735 449 1791 age,
483 1720 610 1775 sine
640 1725 698 1775 te
728 1736 761 1775 a
793 1719 962 1775 nobis
992 1720 1207 1776 instrui
1241 1725 1417 1790 atque
1447 1716 1732 1775 exornari.
1766 1715 1951 1779 Quam

2095 1721 2261 1791 Δεῦρο
2290 1716 2481 1773 λοιπὸν
2513 1719 2601 1773 καὶ
2628 1721 2756 1795 παρ’
2786 1722 2946 1793 ἡμῶν
2969 1720 3154 1785 καλῶς
3183 1696 3594 1798 ἅτοιμασθεῖσά.

320 1810 409 1863 vis
440 1809 596 1863 enim
645 1826 762 1863 non
796 1814 860 1863 ut
890 1826 1127 1876 aurum,
1158 1826 1190 1864 o
1222 1825 1460 1880 sponsa,
1493 1806 1814 1861 virtutibus
1862 1802 1960 1858 ful-

2092 1804 2197 1862 Κᾶν
2225 1806 2324 1882 γάρ
2358 1808 2419 1861 o6
2453 1806 2693 1880 λάμπεις
2723 1810 2798 1871 ὡς
2847 1811 3048 1885 χρυσὸς
3077 1818 3197 1875 ταῖς
3238 1814 3452 1885 ἀρεταῖς
3481 1816 3671 1894 νύμφη

323 1913 482 1969 geas,
516 1899 615 1953 sed
668 1898 860 1954 adhuc
903 1903 969 1953 ut
1017 1903 1327 1971 argentum
1362 1896 1674 1968 splendeas
1721 1910 1836 1964 prae
1888 1892 1960 1947 ni-

2090 1896 2326 1967 (Ἀκμὴν
2360 1896 2462 1970 γάρ
2495 1896 2942 1972 ἀργυρολαμπεῖς
2972 1899 3077 1954 ἀπὸ
3107 1908 3205 1970 τῆς
3232 1892 3632 1979 σκοτομήνης),

318 1988 674 2060 gredine;te
727 1990 798 2044 ad
859 1990 987 2045 auri
1045 1994 1241 2045 tamen
1299 1986 1751 2044 similitudinem
1808 1984 1977 2039 deco-

328 2078 613 2146 rabimus,
646 2078 1013 2150 similemque
1045 2080 1358 2134 reddemus
1384 2076 1697 2133 cherubico
1729 2078 1785 2130 et
1818 2072 1979 2127 [lam-

329 2182 458 2221 meo
503 2183 568 2221 ac
614 2169 944 2223 venerando
993 2167 1161 2235 solio,
1195 2169 1254 2222 in
1304 2184 1419 2239 quo
1469 2182 1567 2221 rex
1615 2163 1978 2218 descendens

2089 1982 2242 2040 Ἀλλ’
2272 1982 2425 2057 ὅμως
2458 1989 2913 2061 χρυσαυγήσομεν
2946 1988 3033 2042 καὶ
3066 1991 3465 2065 παρεικάσομέν
3495 2014 3555 2048 σε

2088 2068 2406 2147 Χερυυϐικῷ
2434 2075 2521 2127 καὶ
2556 2073 2814 2152 φλογερῷ
2851 2077 2939 2131 καὶ
2971 2073 3250 2152 σεϐασμίῳ
3280 2081 3478 2156 θρόνῳ.

2087 2163 2147 2218 Ὁ
2183 2160 2437 2235 ΙΒασιλεὺς
2468 2165 2567 2239 γὰρ
2598 2164 2874 2229 κατελθὼν
2904 2166 3322 2239 ἀνακλιθήσεταί
3346 2191 3453 2228 σοι.

323 2271 387 2310 se
430 2255 670 2311 reclinet
700 2262 756 2311 et
786 2258 1140 2328 acquiescat.
1174 2256 1454 2327 Superior
1500 2254 1694 2309 omnis
1726 2268 1973 2323 appara-

318 2347 437 2412 tus,
489 2361 617 2401 meo
663 2346 901 2417 quidem
954 2347 1199 2418 judicio,
1255 2344 1585 2400 mirabilem
1635 2358 1866 2413 sponsae
1918 2344 1974 2395 et

318 2433 561 2505 virginis
617 2449 686 2490 ex
744 2441 982 2506 argento
1042 2436 1101 2489 in
1160 2451 1370 2490 aurum
1433 2432 1841 2497 mutationem,
1902 2429 1974 2483 ab

317 2523 523 2578 amicis
553 2521 728 2578 Verbi
759 2530 814 2579 et
846 2524 1049 2596 sponsi
1105 2528 1373 2578 accurate
1420 2519 1843 2590 conquisitam,
1914 2516 1971 2570 id

318 2616 427 2681 est,
469 2613 737 2667 decorem
788 2621 842 2667 et
889 2614 1141 2683 gratiam
1190 2628 1422 2683 sponsae
1473 2610 1545 2664 ab
1592 2607 1813 2679 angelis
1879 2605 1972 2661 Dei

317 2699 644 2756 adhibitam
688 2700 1000 2772 signiﬁcat.
1035 2701 1138 2755 Hic
1168 2700 1325 2755 enim
1365 2696 1597 2753 Domini
1645 2697 1971 2751 amicorum

315 2792 407 2842 est
456 2805 583 2844 mos
631 2794 805 2861 atque
861 2790 1224 2859 institutum,
1260 2794 1324 2844 ut
1371 2804 1505 2843 cum
1553 2786 1813 2841 animam
1862 2783 1971 2838 ali-

317 2892 493 2947 quam
543 2877 829 2949 virginem
884 2879 954 2933 ad
1006 2878 1305 2933 Christum
1366 2876 1631 2931 studiose
1689 2873 1970 2929 festinan-

317 2971 437 3020 tem
488 2967 641 3023 nacti
690 2969 831 3037 sint,
865 2968 1125 3039 undique
1153 2972 1435 3038 tanquam
1485 2964 1758 3020 custodes
1806 2961 1971 3017 illam

314 3053 683 3110 circumdent
728 3060 904 3127 atque
952 3056 1253 3126 adjuvent,
1283 3059 1339 3109 et
1378 3054 1450 3108 ad
1497 3058 1683 3107 rectas
1731 3055 1789 3104 et
1836 3065 1971 3103 cum

310 3142 526 3199 virtute
555 3145 901 3215 conjunctae
926 3143 1156 3199 vivendi
1189 3143 1441 3198 rationes
1471 3140 1739 3210 incitent,
1773 3138 1965 3209 quoad

308 3230 474 3288 illam
542 3232 790 3289 Domino
859 3237 1057 3305 aptam
1130 3236 1469 3302 gratamque
1528 3230 1796 3285 reddant.
1852 3226 1964 3282 Sed

297 3320 424 3390 jam
475 3320 913 3392 interpretando
963 3321 1198 3392 longius
1248 3317 1713 3393 progrediamur,
1746 3320 1804 3371 et
1835 3331 1964 3386 quae

303 3426 542 3480 sponsa,
577 3410 901 3465 amicorum
954 3411 1151 3466 studio
1198 3425 1264 3464 ac
1309 3408 1615 3479 diligentia
1662 3409 1959 3470 exornata,

302 3499 375 3553 ad
436 3498 658 3553 amicos
715 3499 898 3570 ipsos,
954 3499 1010 3553 id
1066 3501 1157 3553 est
1214 3496 1478 3568 angelos,
1529 3496 1705 3563 dicat,
1754 3493 1957 3549 audia-

301 3602 437 3641 mus
478 3602 492 3642 Ξ

645 3857 865 3913 Nardu:
896 3872 1016 3911 mea
1048 3854 1194 3911 dedit
1223 3854 1444 3911 odorem
1472 3854 1612 3925 ejus.

367 4037 589 4093 Animae
623 4037 856 4093 virtutis
901 4037 1182 4092 studiosa:
1232 4033 1661 4107 progressionis
1694 4032 1949 4087 fructum

296 4126 601 4199 perspicis.
634 4127 776 4183 Cum
828 4125 984 4182 enim
1032 4124 1093 4180 in
1143 4128 1303 4179 recta
1341 4123 1467 4178 vitae
1518 4123 1741 4179 ratione
1788 4121 1949 4193 virgo

289 4216 623 4288 proiecerit,
656 4220 829 4285 atque
877 4215 960 4269 ita
990 4215 1062 4269 ad
1099 4213 1349 4270 Verbum
1380 4217 1438 4268 et
1467 4227 1750 4283 sponsum
1783 4213 1949 4281 opta-

290 4310 419 4361 tum
444 4304 950 4376 appropinquarit,
977 4302 1179 4374 sponsi
1200 4301 1698 4372 pulchritudinem
1724 4315 1784 4354 se
1806 4297 1949 4352 dicit

288 4396 619 4467 agnovisse,
641 4393 739 4449 sed
763 4410 865 4465 per
888 4408 1130 4449 sensum
1150 4391 1464 4463 quemdam
1484 4389 1673 4445 solum
1697 4404 1709 4442 :
1737 4403 1947 4458 nempe

286 4486 615 4541 odoratum.
646 4483 764 4538 Cur
815 4487 1034 4549 autem,
1084 4481 1303 4551 inquis,
1340 4480 1565 4535 nullum
1617 4478 1773 4533 aliud
1831 4494 1942 4531 un-

2086 2253 2195 2319 Τὴν
2224 2252 2326 2326 γάρ
2362 2252 2612 2327 ῥηθεῖσαν
2649 2254 2853 2308 ἅπασαν
2888 2253 2993 2310 ὧδε
3024 2253 3484 2335 δραματουργίαν.

2084 2341 2198 2408 Τὴν
2233 2343 2545 2413 θαυμαστὴν
2577 2339 2879 2397 ἀλλοίωσιν
2909 2351 3007 2413 τῆς
3037 2345 3250 2423 νύμφης
3283 2348 3372 2402 καί
3413 2349 3705 2426 παρθένου,

2083 2430 2189 2497 Τὴν
2224 2429 2274 2499 ἐξ
2308 2429 2546 2504 ἀργύρου
2578 2429 2714 2499 πρὸς
2746 2432 2948 2506 χρυσόν
2982 2455 3123 2507 φημι
3157 2438 3535 2513 γεγενημένην,

2084 2518 2237 2591 Hirpi:
2261 2523 2369 2572 τῶν
2401 2518 2571 2594 φίλων
2603 2518 2817 2590 δηλαδὴ
2851 2525 2945 2574 106
2978 2522 3154 2597 Λόγου
3186 2526 3276 2579 καὶ
3308 2527 3567 2605 νυμφίου,

2083 2608 2171 2670 Ὠς
2202 2607 2539 2681 ἀρωγῆννμοι
2573 2609 2789 2678 νόησον,
2823 2611 2912 2664 καὶ
2943 2612 3103 2685 χάριν
3138 2614 3273 2688 πρὸς
3300 2617 3397 2685 τήν
3426 2617 3674 2693 νύμφην,

2086 2698 2178 2751 Ἐκ
2207 2701 2315 2751 τῶν
2348 2694 2595 2771 ἀγγέλων
2624 2702 2721 2752 106
2753 2703 2885 2753 Θεοῦ
2917 2697 3162 2755 δοθεῖσαν
3196 2700 3440 2774 ἐπαξίως·

2081 2781 2250 2839 T0610
2283 2784 2383 2858 γὰρ
2418 2782 2537 2848 ἔθος
2567 2784 2768 2861 πέφυκε
2795 2791 2914 2849 τοῖς
2947 2786 3132 2864 φίλοις
3165 2794 3261 2843 106
3293 2793 3587 2862 Δεσπότου,

2083 2871 2149 2930 Οἵ
2180 2871 2391 2927 ἐπειδὰν
2426 2874 2703 2949 ἀθρήσωσι
2732 2877 2919 2950 ψυχή-ι
2944 2897 3061 2931 τινα
3083 2878 3369 2952 παρθένον,

2084 2964 2475 3037 Ἐπειγομένην
2514 2963 2650 3038 πρὸς
2684 2965 2912 3039 Χριστὸν
2945 2964 3129 3029 καλῶς
3164 2964 3513 3039 ἐπαναλύσαι,

2083 3051 2357 3108 Κυκλόθεν
2391 3047 2873 3127 παρεμϐάλλουσιν
2907 3055 2982 3116 ὡς
3014 3054 3251 3132 φύλακες
3282 3056 3512 3130 ἐκείνης,

2084 3142 2427 3216 Ἀρήγοντες,
2462 3139 2757 3216 ἐγείροντες
2790 3143 2927 3215 πρὸς
2955 3144 3234 3219 ἐναρέτους
3256 3146 3513 3222 τρόπους,

2080 3228 2292 3304 Μέχρις
2323 3228 2382 3284 ἂν
2417 3226 2656 3302 δείξωσιν
2692 3231 2857 3300 αὑτὴν
2891 3228 3062 3302 δεξιάν
3090 3237 3170 3306 τῷ
3200 3235 3464 3312 Δεσπότῃ.

2071 3318 2227 3376 Ἂλλ⁹
2258 3316 2367 3388 ἤδη
2398 3322 2853 3394 προχωρήσωμεν
2880 3325 2959 3393 τῷ
2990 3319 3138 3397 λόγῳ
3167 3326 3489 3399 περαιτέρω.

2071 3408 2178 3464 Καὶ
2211 3410 2563 3483 προκόψασαν
2594 3411 2779 3484 ψυχὴν
2806 3415 2925 3473 ταῖς
2957 3410 3143 3486 χάρισι
3173 3418 3280 3469 τῶν
3314 3414 3489 3492 φίλων

2070 3494 2327 3569 Ἰδωμεν,
2360 3496 2412 3551 τί
2444 3518 2605 3572 φησιν
2640 3497 2794 3561 εὐθὺς
2826 3498 2961 3569 αὕτη
2995 3500 3069 3563 ὡς
3101 3502 3236 3578 πρὸς
3265 3503 3390 3566 τοὺς
3424 3504 3642 3582 φίλους.

2070 3586 2212 3654 Φησί
2248 3582 2294 3639 δ’
2324 3586 2509 3647 αὑταῖς
2541 3591 2660 3648 ταῖς
2694 3585 2894 3657 λέξεσιν
2956 3586 3128 3651 οὕτως
3184 3591 3322 3665 πρὸς
3369 3592 3501 3656 τοὺς
3564 3595 3727 3671 ἀγγέ-

3536 3681 3715 3757 [λουςο

2386 3852 2596 3931 Νάρδος
2632 3877 2735 3929 μου
2769 3854 2964 3913 ἔδωκεν
2992 3857 3168 3932 ὀσμὴν
3201 3861 3389 3920 αὑτοῦ.

2061 4034 2291 4097 Βλέπεις
2320 4033 2526 4107 καρπὸν
2553 4040 2652 4103 τῆς
2683 4042 2973 4110 προκοπῆς
3017 4040 3204 4113 ψυχῆς
3234 4045 3334 4108 τῆς
3366 4037 3638 4117 ἐναρέτου·

2061 4120 2200 4180 Ἰδοὺ
2232 4122 2334 4195 γὰρ
2374 4124 2407 4191 ἡ
2442 4124 2763 4197 προκύψασα
2792 4126 2927 4199 πρὸς
2959 4125 3147 4198 ἀρετὰς
3174 4127 3458 4203 παρθένος,

2058 4214 2261 4284 ’Ὠσπερ
2292 4210 2385 4265 καί
2413 4211 2779 4287 προεγγίσασα
2808 4212 2886 4285 τῷ
2915 4214 3240 4288 ποθουμένῳ
3274 4218 3454 4292 Λόγῳ,

2057 4300 2455 4373 Ἐπεγνωκέναι
2493 4301 2588 4373 μὶν
2620 4299 2735 4375 ἐρεῖ
2758 4302 2819 4356 τὸ
2851 4301 3058 4365 κάλλος
3088 4307 3183 4357 τοῦ
3212 4304 3471 4382 νυμφίου,

2057 4386 2210 4458 Πλὴν
2245 4388 2314 4442 δι’
2343 4387 2643 4459 αἰσθήσεώς
2675 4411 2822 4452 τινος
2848 4390 3213 4468 ἀσφραντικῆς
3244 4395 3331 4448 καὶ
3366 4394 3559 4467 μόνης,

2054 4477 2215 4541 Τίνος
2245 4475 2301 4531 δὲ
2332 4480 2515 4552 χάριν,
2552 4477 2773 4552 ἐρωτᾷς,
2806 4481 2870 4534 οὑ
2904 4476 3052 4555 λέγει
3087 4483 3255 4555 μύρον
3297 4481 3461 4554 ἄλλο,

285 4582 596 4649 guentum,
618 4575 718 4631 sed
747 4575 996 4629 nardum
1022 4573 1306 4627 duntaxat
1333 4571 1639 4625 Dominum
1664 4568 1745 4623 ait
1776 4568 1945 4623 redo-

2085 4565 2229 4622 Ᾱλλὰ
2256 4572 2352 4621 106
2381 4564 2579 4640 νάρδου
2613 4569 2885 4640 μέμνηται
2920 4570 3160 4645 μυρίζειν
3191 4571 3282 4626 τὸν
3317 4574 3590 4644 Δεσπότην
3615 4597 3630 4628 ι

282 4665 441 4722 lere?
474 4673 557 4719 An
589 4665 729 4736 quia
762 4664 914 4717 inter
947 4667 1250 4733 unguenta
1282 4661 1502 4715 nardus
1532 4658 1753 4715 obtinet
1784 4657 1940 4729 prin-

2049 4655 2126 4711 Τὸ
2164 4656 2277 4727 μὶν,
2310 4654 2391 4709 ὅτι
2419 4657 2505 4710 καὶ
2540 4655 2842 4730 πρώτιστόν
2875 4656 2986 4713 ἰστι
3014 4663 3121 4713 τῶν
3155 4658 3341 4715 ἄλλων
3380 4668 3587 4737 μύρωνο

285 4754 587 4827 cipatum?
618 4760 704 4808 An
739 4754 935 4825 potius
968 4750 1225 4805 divinius
1257 4749 1479 4820 aliquid
1512 4748 1634 4802 vult
1660 4748 1941 4802 innuere?

2090 4744 2116 4797 6
2148 4742 2193 4798 δ’
2221 4745 2306 4812 αὗ,
2341 4744 2421 4798 ὅτι
2452 4746 2541 4798 καὶ
2572 4744 2803 4823 πέφυκεν
2837 4746 3096 4824 ἐμφάσεις
3126 4748 3255 4823 ἔχον
3286 4749 3454 4813 θείας·

284 4844 343 4899 Si
376 4844 507 4915 quis
539 4843 695 4899 enim
728 4843 903 4897 homo
949 4858 1016 4896 ex
1062 4838 1335 4911 praesenti
1384 4840 1521 4907 vita,
1550 4837 1688 4892 licet
1733 4853 1937 4892 omnes

281 4933 481 4987 labore
512 4936 569 4986 et
608 4930 898 4986 industria
929 4930 1238 5000 acquirens
1269 4927 1533 4994 virtutes,
1580 4931 1729 4981 recte
1761 4926 1933 4993 vivat,

283 5021 395 5075 nisi
419 5021 715 5076 Christum
741 5021 937 5074 divino
960 5018 1314 5090 baptismate
1336 5017 1616 5082 induerit,
1633 5015 1712 5069 nil
1738 5029 1936 5069 revera

279 5111 406 5164 vitaz
427 5115 653 5164 internae
678 5110 836 5163 hisce
859 5108 1177 5163 virtutibus
1200 5110 1614 5177 consequetur.
1640 5106 1931 5157 Arcanum

2045 4834 2244 4909 Ὥσπερ
2268 4830 2322 4887 εἶ’
2344 4854 2424 4894 τις
2456 4832 2739 4907 ἅνθρωπος
2771 4833 2829 4889 ἐκ
2854 4840 2951 4890 106
2982 4836 3248 4911 παρόντος
3285 4840 3431 4915 βίου,

2046 4921 2148 4976 Κᾶν
2181 4923 2352 4983 πάσας
2383 4921 2558 4998 φέρων
2590 4929 2850 4995 κατορθοῖ
2876 4924 2970 4988 τὰς
2995 4923 3186 4998 ἄρετὰς
3219 4928 3497 5001 έμπόνως,

2044 5012 2146 5064 "Av
2182 5012 2255 5083 μὴ
2293 5011 2521 5083 Χριστὸν
2544 5008 2815 5066 ἐνδέδυται
2854 5014 3186 5088 βαπτίσματι
3216 5021 3294 5087 τῷ
3327 5018 3479 5091 θείῳ,

2043 5096 2209 5156 Οὐδὲν
2246 5100 2400 5160 οὗτος
2434 5097 2640 5169 ὀνίνησι
2672 5106 2792 5163 ταῖς
2825 5102 3038 5177 ἀρεταῖς
3070 5103 3317 5169 άπάσαις·

2044 5192 2248 5245 Τοῦτον
2272 5190 2362 5242 τὸν
2391 5187 2591 5263 τρόπον
2622 5185 2710 5263 ἴδῃ
2743 5211 2823 5251 τις
2850 5190 3100 5267 ἀρρήτως
3131 5191 3183 5247 ἐν
3214 5192 3432 5271 καρδίᾳ,

2043 5276 2191 5347 Παρά
2220 5298 2366 5338 τινος
2398 5282 2505 5330 τῶν
2544 5281 2801 5351 μυρεψῶν
2832 5284 3368 5353 κατασκευαζομένου

2041 5366 2106 5421 O't
2128 5366 2226 5440 γάρ
2265 5364 2591 5440 βουλόμενοί
2627 5387 2757 5421 ποτε
2786 5368 3169 5424 κατασκευάσαι
3192 5369 3404 5446 νάρδον,

2042 5452 2144 5507 Κᾶν
2176 5450 2293 5523 εἷ’δη
2332 5452 2580 5529 βάλλωσι
2608 5454 2793 5511 πολλά
2822 5457 3093 5533 μυρεψικά
3122 5460 3259 5533 πρὸς
3289 5466 3471 5532 10610,

2039 5542 2103 5598 Εἰ
2139 5543 2213 5616 μὴ
2242 5544 2329 5599 καὶ
2362 5540 2557 5615 νάρδον
2590 5543 2901 5621 βάλλωσιν,
2941 5545 3062 5616 ἥτις
3087 5545 3198 5603 ἐστὶ
3233 5549 3460 5626 βοτάνη,

2037 5631 2132 5696 Εἷς
2171 5633 2345 5708 μάτην
2372 5634 2741 5705 πεπονήκασιν
2773 5629 2944 5701 ὅντως
2974 5637 3025 5692 οἱ
3054 5634 3432 5719 ναρδεργάται.

278 5199 384 5253 hoe
453 5199 604 5269 quod
663 5199 860 5252 animo
917 5196 1346 5267 complecteris,
1408 5192 1929 5264 unguentariorum

274 5286 539 5359 exemplo
582 5288 646 5341 fit
692 5287 1089 5342 manifestum.
1121 5291 1259 5341 Cum
1295 5283 1450 5338 enim
1486 5282 1799 5337 nardinum
1834 5296 1930 5334 vo-

274 5379 405 5432 lunt
436 5378 743 5445 conﬁcere,
778 5376 910 5430 licet
934 5376 1043 5429 alia
1076 5375 1267 5428 multa
1295 5373 1354 5426 in
1380 5389 1563 5426 unum
1595 5371 1930 5440 conjiciant,

275 5467 389 5522 nisi
422 5466 700 5535 nardum,
734 5482 862 5537 quae
896 5464 1132 5535 quidem
1186 5468 1274 5517 est
1325 5462 1522 5528 herba,
1557 5459 1735 5516 simul
1766 5457 1930 5513 adhi-

271 5556 529 5627 buerint,
553 5557 772 5611 frustra
794 5569 1033 5625 operam
1052 5554 1317 5607 sumunt.
1340 5551 1622 5605 Przsterea
1638 5547 1928 5612 Christus,

273 5647 376 5721 qui
404 5647 563 5704 idem
584 5648 643 5702 et
664 5659 921 5719 sponsus
943 5646 1053 5712 est,
1077 5641 1149 5697 ad
1173 5654 1400 5695 coenam
1425 5638 1685 5696 Simonis
1712 5635 1929 5710 leprosi
