4040 6146
337 368 453 431 561

1383 362 1797 425 COMMENT.
1846 365 1924 424 IN
1969 364 2370 427 CANTICUM
2415 365 2724 428 CANI‘IC.

3645 367 3762 427 562

334 468 567 560 ’Λλλως
595 519 655 553 τε
685 494 743 553 δὶ
768 497 860 552 καὶ
887 496 914 551 6
936 493 1306 570 προσκληθεὶς
1331 493 1561 569 Χριστὸς
1582 495 1611 549 6
1632 493 1723 549 καὶ
1743 492 1997 572 νυμφίος,

2121 500 2376 564 vocatus,
2419 498 2526 553 hoc
2580 503 2795 554 unctus
2848 503 2938 555 est
2988 502 3288 571 unguento
3336 516 3371 555 a
3423 499 3766 571 peccatricc.

338 587 431 650 Εἲς
464 586 679 643 δεῖπνον
706 586 958 660 Σίμωνος
988 584 1196 660 λεπροῦ
1227 604 1575 653 καταπεπονη
1587 582 1774 657 μένου,

336 681 507 733 Τοῦτο
536 676 600 732 τὸ
633 674 803 752 μύρον
833 672 1087 745 ἤλειπται
1118 673 1265 750 παρὰ
1291 679 1391 742 τῆς
1425 670 1780 748 μοιχαλίδος.

338 769 397 826 Ὀ
429 765 593 843 λόγος
623 767 806 821 τοίνυν
843 766 1112 837 μέμνηται
1142 767 1239 818 τοῦ
1268 759 1469 838 νάρδου
1507 763 1925 839 προσηκόντως.

900 878 1019 929 Τῶν
1058 875 1106 949 γ’
1146 872 1420 946 ΙΙατέρων.

419 969 686 1030 Ἐντεῦθεν
721 962 811 1019 οὖν
841 966 875 1034 ἡ
908 964 1094 1040 νύμφη
1126 968 1243 1024 τοῖς
1290 967 1395 1015 τῶν
1456 962 1658 1036 ἀρετῶν
1720 958 2002 1035 διαφόροις

346 1057 483 1112 κατᾶ
533 1056 721 1130 πρᾶξιν
781 1054 877 1125 μὶν
932 1052 1184 1124 τρόποις,
1212 1051 1348 1105 κατὰ
1405 1050 1636 1125 θεωρίαν
1699 1048 1753 1103 δὲ
1806 1050 1999 1124 λόγοις

345 1150 690 1220 καθαρθεῖσα,
751 1144 863 1197 εἶτα
933 1142 1008 1203 εἷς
1079 1139 1397 1209 τελειότητα
1472 1138 1801 1213 ἐναγομένη,
1862 1140 2000 1213 πρὸς

340 1233 469 1295 τοὺς
517 1235 584 1287 τὰ
639 1230 1015 1307 προειρημένα
1057 1229 1195 1302 πρὸς
1247 1228 1413 1296 αὐτὴν
1466 1230 1739 1304 φήσαντας
1801 1227 2002 1302 φίλους

338 1326 435 1377 τοῦ
486 1320 742 1399 νυμφίου,
783 1318 1191 1394 ἀποκρινομένη
1241 1316 1392 1395 φησί’
1439 1313 1656 1391 Νάρδος
1714 1338 1817 1390 μου
1869 1312 2002 1371 ἔδω-

341 1432 430 1465 κεν
489 1410 668 1482 ὀσμήν
718 1408 902 1463 αὐτοῦ’
928 1404 1121 1481 ἤγουν,
1164 1407 1228 1461 Ἡ
1286 1406 1345 1459 ἐκ
1391 1409 1498 1459 τῶν
1547 1402 1819 1481 διαφόρων
1870 1404 2005 1459 κατὰ

344 1500 538 1574 πρᾶξιν
594 1493 813 1572 τρόπων
860 1494 950 1550 καὶ
998 1495 1133 1550 κατὰ
1179 1494 1406 1567 θεωρίαν
1459 1491 1660 1569 λόγων,
1704 1491 1860 1561 δίκην
1905 1500 2004 1563 τῆς

345 1590 406 1645 ἐκ
457 1586 734 1666 διαφόρων
808 1584 1113 1660 ἀρωμάτων
1194 1583 1548 1658 συγκειμένης
1598 1579 1823 1656 νάρδου,
1874 1602 2005 1655 κρα-

344 1677 575 1749 τηθεῖσά
635 1695 729 1749 μοι
786 1672 1096 1749 ἔμπρακτος
1151 1676 1371 1747 γνῶσις,
1434 1673 1706 1747 παρέσχεν
1769 1669 2001 1750 ἔμφασιν

349 1767 540 1834 αὐτοῦ,
571 1763 669 1820 τοῦ
724 1763 842 1819 κατ’
896 1761 1082 1818 οὐσίαν
1129 1759 1428 1836 ἀπροσίτου
1483 1760 1737 1839 νυμφίου,
1800 1761 1861 1814 οὗ
1912 1760 2002 1815 τὸν

2108 587 2305 642 Merito
2336 586 2518 659 igitur
2547 587 2716 643 nardi
2750 588 2969 644 mentio
3002 588 3157 643 facta
3186 592 3297 643 est.

2699 877 2884 931 Trium
2919 878 3181 931 Patrum.

2184 966 2413 1036 Sponsa
2435 965 2735 1037 deinceps,
2758 966 2935 1020 variis
2959 965 3242 1019 virtutum
3266 980 3400 1020 cum
3434 964 3491 1018 in
3519 966 3767 1036 agendo,

2112 1058 2239 1109 tum
2270 1054 2327 1108 in
2362 1054 2815 1125 contemplando
2857 1054 3112 1125 expolita
3143 1054 3379 1109 dotibus
3412 1058 3586 1124 atque
3634 1053 3769 1108 illu-

2114 1150 2321 1212 strata,
2346 1149 2405 1198 et
2425 1144 2497 1199 ad
2526 1143 2939 1214 perfectionem
2967 1144 3369 1213 progrediens,
3384 1147 3439 1197 et
3460 1144 3530 1197 ad
3555 1160 3620 1197 ea
3643 1160 3771 1213 quae

2114 1234 2227 1288 sibi
2274 1234 2345 1287 ab
2397 1232 2603 1287 amicis
2656 1232 2859 1303 sponsi
2911 1232 3066 1286 dicta
3114 1232 3367 1297 fuerant,
3403 1232 3767 1303 respondet:

2113 1321 2350 1388 Nardus,
2378 1321 2672 1392 inquiens,
2696 1337 2816 1376 mea
2846 1321 2992 1376 dedit
3019 1322 3347 1375 suavitatem
3372 1322 3542 1389 ejus-:
3572 1320 3630 1375 id
3659 1325 3770 1390 est,

2115 1412 2318 1466 efﬁcax
2346 1427 2414 1465 ex
2440 1411 2686 1465 diversis
2715 1409 2925 1481 agendi
2948 1409 3413 1481 speculandique
3445 1408 3773 1465 rationibus

2115 1500 2367 1571 cognitio
2397 1499 2750 1569 conquisita,
2784 1499 2972 1554 instar
3022 1498 3187 1554 nardi
3219 1516 3288 1553 ex
3316 1497 3491 1553 variis
3543 1514 3773 1553 aroma-

2114 1590 2277 1643 tibus
2309 1587 2558 1643 conditae
2594 1588 2844 1659 praebuit
2887 1588 3185 1659 specimen
3235 1589 3394 1658 ejus;
3428 1587 3631 1658 sponsi
3679 1587 3776 1640 ni-

2116 1677 2356 1742 mirum,
2390 1692 2493 1748 per
2525 1681 2797 1731 naturam
2834 1676 3144 1741 inaccessi,
3176 1676 3346 1747 cujus
3377 1692 3480 1746 ego
3512 1675 3772 1746 speciem

2116 1783 2182 1821 ac
2215 1769 2409 1822 notam
2435 1780 2592 1836 gero,
2619 1771 2683 1819 ut
2703 1765 2897 1837 imago
2928 1764 3118 1836 ipsius
3149 1781 3215 1821 ac
3246 1764 3595 1819 similitudo.
3625 1763 3771 1818 Cum

349 1860 676 1931 χαρακτῆρα
733 1851 900 1930 φέρω,
960 1851 1036 1914 ὡς
1100 1849 1258 1904 εἰκὼν
1324 1850 1487 1904 αὐτοῦ
1556 1848 1646 1903 καὶ
1722 1848 1999 1922 ὁμοίωμα.

2121 1855 2273 1911 enim
2336 1854 2535 1909 mistio
2587 1855 2854 1926 quaedam
2889 1853 2960 1909 sil
2994 1870 3198 1909 eorum
3246 1870 3376 1924 quae
3433 1852 3494 1907 in
3548 1853 3771 1907 mundo

348 1944 544 2020 Μίγμα
570 1943 675 2019 γὰρ
702 1940 837 2011 αὕτη
870 1944 977 1995 τῶν
1012 1939 1064 1994 ἰν
1092 1942 1173 2011 τῷ
1220 1938 1380 1992 παντὶ
1435 1941 1686 2012 μετοχῶν
1740 1942 1836 1991 τοῦ
1888 1938 2005 1999 ἑνὸς

348 2038 460 2090 τῶν
513 2030 661 2087 ὅλων
704 2029 879 2086 αἰτίου
928 2028 1266 2104 ὑπάρχουσα’
1296 2027 1373 2089 ὡς
1415 2032 1600 2101 κρᾶμα
1655 2027 1792 2080 κατὰ
1849 2026 2003 2104 φύσιν

353 2124 489 2177 οὖσα
515 2127 719 2191 νοητῆς
750 2118 840 2174 καὶ
889 2117 1156 2187 αἰσθητῆς
1198 2115 1443 2183 κτίσεως,
1474 2117 1562 2170 καὶ
1615 2115 1750 2169 κατᾶ
1776 2113 2003 2189 γνώμην

346 2210 478 2275 τοὺς
507 2209 558 2265 ἐν
599 2214 679 2281 τῷ
725 2208 885 2262 παντὶ
935 2206 1138 2281 λόγους
1178 2206 1269 2259 καὶ
1316 2203 1553 2281 τρόπους
1604 2202 1655 2258 ἐν
1702 2205 1866 2277 ἑαυτῇ
1914 2224 2003 2257 κε-

350 2300 577 2377 ράσασα.
636 2297 923 2352 Κάντεῦθεν
979 2292 1257 2349 ἀποδοῦσα
1310 2298 1391 2364 τῷ
1447 2294 1562 2347 κατ’
1615 2291 1798 2346 εἷ’κὸνα
1858 2291 2006 2368 λόγῳ

346 2388 441 2443 τὸν
488 2386 607 2442 καθ’
632 2384 894 2459 ὁμοίωσιν
944 2383 1170 2459 τρόπον,
1200 2382 1251 2437 ἐν
1304 2383 1469 2455 ἑαυτῇ
1519 2385 1709 2436 τοῦτον
1750 2378 2001 2450 δεικνίῖι,

349 2479 426 2540 ὡς
461 2475 513 2532 ἐν
534 2474 701 2531 εἰκόνι
734 2474 1059 2550 ἀρχέτυπον.
1094 2472 1245 2529 Ἐπεὶ
1277 2468 1342 2539 δ’,
1368 2471 1443 2534 ὡς
1472 2470 1707 2546 εἶ’ρηκεν,
1728 2468 1779 2524 ἐν
1814 2468 2002 2539 αἰσθή-

353 2587 434 2620 σει
491 2563 703 2640 γέγονεν
760 2566 858 2618 τοῦ
931 2560 1192 2637 νυμφίου,
1249 2558 1301 2614 τί
1360 2558 1565 2632 rat-5m;
1626 2558 1797 2620 Οὗτός
1868 2557 2002 2631 ἔστι,

352 2656 541 2732 φησὶν,
617 2650 927 2725 ἀπόδεσμος
1001 2656 1232 2718 στακτῆς
1305 2646 1595 2725 ἀδελφιδός
1669 2668 1771 2720 μου
1857 2646 2002 2718 ἐμοί,

353 2746 536 2811 Ἤτοι,
573 2743 787 2817 Συνοχή
821 2739 961 2795 ἐστιν
996 2738 1119 2812 ἐμοὶ
1145 2739 1235 2793 καὶ
1266 2740 1588 2813 συντήρησις
1616 2743 1717 2806 τῆς
1770 2734 2001 2809 μεταδο-

349 2839 512 2902 τικῆς
562 2830 818 2905 σταγόνος
864 2835 965 2898 τῆς
1017 2827 1159 2892 θείας
1206 2826 1454 2902 χάριτος,
1487 2827 1514 2879 ὁ
1562 2824 1697 2880 κατᾶ
1752 2825 1850 2893 τὴν
1905 2827 2003 2879 τοῦ

357 2918 671 2997 Συμμάχου
711 2918 998 2994 ἑρμηνείαν
1049 2917 1325 2992 ἀγαπητός
1376 2936 1502 2988 μου.
1536 2914 1788 2989 Ἐπείπερ
1845 2913 2006 2976 αὐτὸς

355 3009 743 3082 πιστευόμενος
791 3008 860 3063 τὰ
904 3007 1245 3078 πνευματικά
1291 3009 1545 3076 συντηρεῖ
1588 3007 1656 3076 τῇ
1708 3000 2005 3073 Ἐκκλησία

358 3098 693 3175 χαρίσματα,
724 3098 813 3152 καὶ
844 3097 964 3166 ἱστᾷ
1010 3096 1133 3156 τοὺς
1182 3093 1405 3155 πιστοὺς
1462 3097 1559 3147 τοῦ
1607 3094 1683 3165 μή
1741 3091 1847 3145 ἀπὸ
1903 3098 2005 3160 τῆς

355 3187 614 3259 ἀληθείας
663 3185 971 3261 τρέπεσθαι.
1004 3184 1134 3240 Εἶτα
1175 3182 1312 3237 ὅπου
1368 3180 1419 3236 ἐν
1481 3180 1615 3255 αὐτῇ
1674 3178 1999 3256 περιπολεύ-

355 3298 450 3339 σας
502 3278 598 3344 τὴν
660 3275 913 3350 ἀτρεψίαν
974 3272 1172 3342 ταύτην
1230 3269 1534 3346 χαρίσεται,
1594 3271 1811 3347 φάσκει·
1873 3268 2004 3324 Ἀνὰ

359 3365 522 3439 μέσον
575 3370 681 3420 τῶν
746 3367 960 3437 μαστῶν
1030 3383 1134 3433 μου
1205 3360 1611 3429 αὐλισθήσεται.
1672 3357 1884 3412 Τούτων
1952 3356 2010 3412 δὲ

358 3456 518 3526 μέσον
576 3456 611 3522 ἡ
670 3449 864 3525 καρδία
908 3450 1069 3518 ἐστὶν,
1131 3447 1183 3519 ἐξ
1237 3450 1303 3517 ἧς
1356 3452 1434 3519 τῷ
1493 3447 1673 3518 λοιπῷ
1705 3448 1914 3519 σώματι
1946 3447 2009 3501 τὸ

358 3544 587 3613 ζωτικὸν
654 3538 956 3596 διαδίδοται
1014 3542 1271 3611 πνεῦμα·
1327 3536 1449 3606 ἥτις
1527 3536 1849 3614 ὑπεμφαίνει
1913 3536 2005 3590 τὸν

356 3632 607 3708 ἡγεμόνα
652 3635 800 3686 νοῦν’
836 3628 887 3684 ἰν
938 3630 984 3701 ᾧ
1031 3625 1415 3703 περιπολεύσει
1464 3627 1491 3681 6
1540 3624 1764 3701 Κύριος,
1797 3623 1921 3680 ὅταν
1970 3627 2005 3696 ἡ

358 3721 546 3797 νύμφη
581 3715 747 3773 αὖτοῦ
778 3715 869 3772 διὰ
890 3715 1209 3786 τελειότητα
1237 3715 1386 3786 αὐτῷ
1415 3712 1751 3784 κολληθεῖσα
1797 3718 2008 3787 πνεῦμα

357 3810 584 3885 γένηται
627 3804 721 3862 ἓν·
757 3804 1154 3878 εἷ’σοικιζομένη
1208 3806 1307 3874 τὴν
1367 3801 1474 3874 ἕξιν
1533 3810 1633 3873 τῆς
1675 3803 1869 3879 ἀρετῆς
1918 3800 2009 3857 διὰ

355 3905 456 3969 τῆς
493 3902 589 3953 τοῦ
645 3895 912 3971 παναγίου
958 3894 1268 3967 Πνεύματος
1314 3891 1595 3969 ἐνεργείας.
1642 3894 1720 3947 Δι’
1750 3895 1816 3961 ἧς
1866 3894 1900 3961 ἡ
1952 3890 2002 3946 ἐν

356 3989 571 4062 Χριστῷ
625 3982 975 4060 κεκρυμμένη
1039 3983 1176 4054 ζωὴ,
1209 3981 1284 4043 εἷς
1343 3993 1515 4043 πασας
1570 3980 1664 4042 τὰς
1691 3986 1791 4050 τῆς
1823 3983 2007 4056 ψυχῆς

357 4073 613 4147 δυνάμεις
644 4074 717 4135 ὡς
745 4072 946 4141 ταύτης
1011 4068 1151 4144 μέλη
1213 4067 1552 4137 διοδεύσασα,
1595 4070 1847 4145 ἀτρεψίαν
1908 4070 2006 4123 αὐ-

352 4170 476 4226 ταῖς
535 4163 850 4238 ἐμποιήσει.
886 4160 987 4216 Καὶ
1037 4160 1180 4213 οὕτω
1244 4158 1336 4231 μὶν
1371 4159 1398 4211 ὁ
1428 4158 1658 4234 νυμφίος
1698 4161 1765 4230 τῇ
1816 4156 2003 4232 νύμφῃ

354 4249 529 4309 ἔσεται
577 4256 683 4307 τῶν
732 4248 915 4306 καλῶν
967 4246 1214 4323 ἀτρεψία,
1266 4246 1388 4301 ὅταν
1443 4243 1627 4301 τελεία
1683 4243 2003 4321 ἀναδειχθῇ.

1058 4352 1304 4409 Ψελλοῦ.

428 4446 582 4505 Ἀλλ’
607 4446 965 4517 ἀκουσώμεθα
995 4442 1188 4498 λοιπὸν
1217 4442 1308 4495 καὶ
1335 4445 1445 4495 τῶν
1486 4441 1607 4513 ἑξῆς
1639 4438 1859 4515 λογίων.

353 4539 420 4594 'H
451 4537 637 4614 νύμφη
663 4534 765 4611 γὰρ
794 4538 912 4594 ταῖς
944 4535 1252 4606 προκοπαῖς
1280 4530 1353 4591 ὡς
1385 4525 1569 4590 ἔνθους
1600 4534 1886 4603 γινομένη,

352 4629 474 4682 Ἔτι
507 4624 762 4700 συνείρειν
793 4622 972 4696 ἀγαπᾷ
1000 4620 1089 4675 τὸν
1118 4618 1280 4694 λόγον
1306 4620 1441 4694 πρὸς
1472 4619 1599 4681 τοὺς
1634 4618 1845 4696 φίλους.

356 4714 501 4787 Φησὶ
576 4718 705 4789 γοῦν
775 4708 903 4768 τάδε
974 4711 1111 4785 πρὸς
1188 4708 1382 4770 αὐτοὺς
1465 4709 1600 4781 μετά
1655 4709 1745 4763 τὸν
1804 4705 2004 4783 νάρδου

1723 4796 1929 4872 [λόγον-

424 4889 769 4963 Ἀπόδεσμος
850 4894 1084 4957 στακτῆς
1158 4887 1187 4941 6
1263 4884 1554 4964 ἀδελφιδός
1640 4908 1746 4959 μου
1839 4886 2002 4962 ἐμοὶ,

352 4982 455 5039 ἀνᾶ
517 4982 687 5056 μάσω
737 4981 845 5033 τῶν
904 4981 1121 5050 μαστῶν
1183 4997 1288 5048 μου
1345 4974 1753 5047 αὐλισθήσεται.

422 5073 585 5135 Ἔθος
662 5066 825 5135 ἐστὶν,
885 5065 961 5128 ὡς
1037 5063 1308 5141 λέγουσιν,
1368 5065 1555 5139 κόραις
1608 5070 1725 5126 ταῖς
1783 5063 2006 5143 φιλοκὸ..

1725 5156 1927 5227 [sime

354 5250 443 5317 Μὴ
479 5247 643 5322 μόνον
672 5241 861 5318 ἔξωθεν
896 5242 1063 5305 αὐτὰς
1095 5242 1303 5318 ἐξόχως
1332 5241 1726 5312 καλλωπίζειν,

347 5340 441 5401 Ὠς
471 5335 838 5415 ἐφελκύσωσιν
873 5331 1050 5387 αὐτῶν
1082 5333 1173 5386 τὸν
1203 5331 1431 5405 ἐραστὴν
1465 5330 1515 5386 έν
1544 5332 1727 5407 τάχει,

351 5425 533 5485 Ἀλλά
560 5424 649 5480 καὶ
686 5421 898 5496 μᾶλλον
935 5417 1129 5484 ἔσωθεν
1155 5421 1332 5475 αὐτῶν
1358 5425 1465 5475 τῶν
1499 5421 1752 5492 ἱματίων,

356 5513 691 5574 Κατασκευὰς
716 5511 956 5575 τιθέασιν
991 5509 1096 5564 ἀπὸ
1125 5513 1231 5564 τῶν
1263 5509 1600 5583 μυριπνόων.

429 5698 451 5733 ⁸
479 5694 703 5754 Coloss.
739 5708 826 5764 ιιι,
844 5691 898 5748 3.

2118 1960 2297 1999 unam
2346 1942 2506 1999 illam
2540 1960 2737 1998 rerum
2768 1943 3033 1999 omnium
3085 1959 3322 1998 causam
3369 1942 3769 2014 participant:

2116 2034 2335 2105 quippe
2375 2049 2501 2104 quae
2551 2049 2618 2087 ex
2674 2031 3031 2104 intelligihili
3082 2036 3139 2087 et
3187 2029 3451 2087 sensibili
3507 2035 3775 2086 creatura

2117 2121 2464 2177 naturaliter
2505 2124 2752 2191 constet,
2788 2121 3151 2192 scientiaque
3194 2121 3452 2175 rationes
3484 2134 3677 2174 rerum
3707 2133 3774 2173 ac

2117 2211 2325 2266 modos
2353 2210 2411 2264 id
2444 2228 2506 2266 se
2537 2211 2961 2281 complectatur
2997 2228 3009 2267 :
3044 2214 3352 2281 propterea
3399 2207 3661 2263 moribus
3692 2208 3777 2267 8i-

2117 2300 2511 2354 militudinem
2549 2300 2826 2367 referens,
2851 2315 2985 2353 eum
3026 2299 3086 2352 in
3130 2314 3192 2353 se
3225 2303 3508 2368 tanquam
3540 2298 3596 2350 in
3632 2297 3775 2351 ima-

2115 2389 2249 2461 gine
2278 2387 2574 2458 exemplar
2604 2390 2993 2458 repraesentat.
3030 2386 3273 2450 Verum,
3308 2386 3447 2455 quia
3480 2402 3683 2452 sensu,
3708 2388 3773 2439 ut

2115 2477 2283 2545 dixit,
2307 2492 2590 2547 sponsum
2623 2476 2877 2547 agnovit,
2914 2476 3052 2547 quid
3097 2474 3226 2546 ipso
3258 2490 3438 2530 sensu
3470 2474 3567 2542 sit,
3591 2473 3772 2544 expli-

2115 2570 2228 2636 cat,
2261 2565 2461 2620 dicens
2494 2581 2505 2618 :
2540 2564 2855 2619 Fasciculus
2892 2563 3147 2634 myrrhas
3189 2579 3357 2633 nepos
3407 2578 3559 2617 meus
3606 2562 3772 2618 mihi.

2114 2655 2308 2709 Nexus
2352 2658 2442 2709 est
2472 2659 2529 2708 et
2562 2652 2925 2707 conservatio
2968 2652 3143 2707 stillae
3175 2652 3380 2706 divinae
3413 2652 3612 2723 gratias
3644 2668 3771 2721 quae

2116 2742 2261 2797 mihi
2292 2743 2725 2797 communicata
2754 2745 2865 2811 est,
2892 2740 3140 2796 dilectus
3174 2757 3340 2795 meus
3371 2757 3383 2794 :
3420 2744 3485 2794 ut
3510 2743 3777 2811 Symma-

2114 2832 2264 2887 chus
2297 2832 2733 2902 interpretatur.
2766 2830 2877 2885 Per
2908 2830 3079 2885 fidem
3126 2829 3281 2884 enim
3330 2831 3627 2897 acceptus,
3650 2828 3772 2899 spi-

2115 2919 2307 2975 ritalia
2346 2924 2543 2974 tuetur
2592 2924 2767 2990 atque
2819 2922 3127 2973 conservat
3174 2916 3445 2973 Ecclesiae
3501 2931 3769 2984 munera,

2116 3008 2436 3080 fidelesque
2480 3008 2791 3063 conﬁrmat
2836 3013 2893 3062 et
2936 3007 3295 3072 corroborat,
3328 3022 3401 3061 ne
3449 3022 3483 3060 a
3535 3006 3775 3061 veritate

2115 3096 2467 3153 desciscant.
2510 3098 2680 3166 Tum,
2726 3097 2827 3151 ubi
2882 3112 3139 3167 sponsus
3197 3096 3255 3148 in
3314 3095 3445 3166 ipsa
3503 3111 3773 3162 manens,

2116 3187 2510 3243 constantiam
2544 3185 2688 3242 hanc
2721 3183 3027 3256 largiatur,
3060 3185 3317 3255 exponit,
3349 3186 3413 3239 1η
3445 3184 3647 3249 medio,
3681 3184 3772 3240 in-

2116 3275 2347 3347 quiens,
2405 3274 2632 3331 uberum
2699 3290 2942 3329 meorum
3011 3273 3455 3328 commorabitur.
3516 3271 3772 3329 Uberum

2118 3364 2378 3420 medium
2411 3364 2636 3419 obtinet
2674 3379 2792 3433 cor,
2826 3362 2981 3417 unde
3011 3361 3205 3417 vitalis
3236 3361 3480 3433 spiritus
3523 3361 3585 3416 in
3636 3361 3773 3417 reli-

2119 3470 2301 3526 quum
2334 3470 2546 3523 corpus
2575 3452 2947 3507 diffunditur.
2980 3456 3363 3506 Praestantem
3397 3466 3529 3505 vero
3562 3450 3771 3505 animae

2118 3546 2340 3614 partem
2392 3546 2648 3597 mentem
2698 3540 2914 3609 innuit,
2939 3540 2998 3594 in
3031 3556 3149 3611 qua
3197 3539 3476 3595 Dominus
3523 3538 3769 3607 habitat,

2118 3648 2251 3686 cum
2285 3632 2413 3702 ejus
2454 3647 2674 3701 sponsa
2717 3628 3069 3701 perfectione
3122 3628 3233 3684 sibi
3286 3627 3583 3700 copulata,
3615 3644 3770 3683 unus

2116 3718 2359 3791 spiritus
2390 3720 2663 3788 efficitur,
2690 3718 2925 3774 virtutis
2976 3718 3240 3773 habitum
3285 3717 3618 3789 adipiscens
3668 3733 3771 3787 per

2117 3808 2299 3863 sancti
2335 3807 2588 3878 Spiritus
2633 3807 3053 3879 Operationem,
3088 3808 3242 3861 unde
3284 3808 3401 3861 vita
3447 3808 3507 3860 in
3552 3806 3769 3861 Christo

2116 3897 2483 3952 abscondita"
2526 3896 2585 3951 in
2630 3912 2835 3951 omnes
2886 3894 3093 3950 anima
3143 3895 3455 3965 potentias,
3490 3899 3769 3964 tanquam

2115 3985 2175 4041 in
2207 3987 2386 4056 hujus
2421 3984 2701 4054 membra,
2735 3984 3009 4054 inﬂuens,
3036 3983 3309 4038 stabilem
3340 3982 3487 4055 ipsis
3520 3982 3768 4038 ﬁrmita-

2115 4080 2231 4131 tem
2264 4092 2330 4130 ac
2360 4075 2539 4130 robur
2569 4073 2835 4129 instillat.
2858 4075 3044 4143 Atque
3074 4072 3155 4127 ita
3181 4089 3437 4143 sponsus
3459 4071 3569 4127 erit
3597 4089 3771 4143 spon-

2117 4181 2213 4231 sa,
2249 4180 2383 4219 cum
2415 4164 2482 4217 ad
2518 4163 2932 4235 perfectionem
2965 4160 3206 4233 venerit,
3240 4162 3525 4217 virtutum
3558 4161 3769 4216 immo-

2116 4251 2231 4308 bile
2260 4253 2722 4308 ﬁrmamentum.

2845 4358 3035 4412 Psclli.

2186 4448 2292 4502 Sed
2322 4447 2444 4518 jam
2477 4451 2535 4502 et
2564 4461 2631 4501 ea
2660 4462 2787 4516 qua:
2814 4446 3025 4501 deinde
3058 4449 3408 4518 sequuntur,
3435 4446 3769 4501 audiamus.

2113 4541 2340 4608 Sponsa
2379 4536 2535 4590 enim
2587 4551 2898 4605 progressu
2951 4535 3119 4605 quasi
3172 4535 3374 4590 afﬂatu
3427 4534 3767 4589 institutum

2035 4607 2084 4670 D
2116 4607 2250 4680 cum
2308 4624 2515 4679 amicis
2572 4639 2900 4679 sermonem
2954 4624 3219 4679 studiose
3275 4623 3674 4694 persequitur,
3717 4627 3774 4680 et

2118 4718 2249 4787 post
2282 4713 2446 4767 nardi
2479 4712 2859 4783 mentionem,
2893 4712 2977 4768 sic
3009 4712 3089 4767 ait
3123 4727 3137 4766 :

2184 4893 2503 4947 Fasciculus
2532 4894 2731 4947 stacies
2760 4892 2915 4961 ﬁlius
2957 4891 3165 4945 sororis
3193 4905 3326 4945 meae
3375 4888 3535 4959 mihi,
3567 4890 3626 4944 in
3657 4906 3770 4945 mc-

2113 4983 2205 5039 dio
2233 4982 2466 5037 uberum
2493 4996 2741 5036 meorum
2769 4979 3218 5036 commorabitur.

2186 5070 2550 5143 Elegantium
2601 5069 2889 5137 virginum
2950 5084 3078 5123 mos
3135 5071 3244 5135 est,
3279 5071 3345 5122 ut
3400 5084 3517 5122 non
3574 5068 3768 5124 solum

2114 5160 2380 5215 exteriori
2435 5163 2639 5213 ornatu
2690 5175 2753 5213 se
2800 5159 3093 5224 decorent,
3128 5173 3243 5228 quo
3296 5156 3561 5213 celeriter
3605 5174 3769 5213 ama-

2114 5254 2271 5305 tores
2302 5264 2438 5303 suos
2479 5246 2758 5313 alliciant,
2791 5262 2989 5301 verum
3042 5246 3216 5301 etiam
3268 5244 3472 5302 suavia
3501 5246 3558 5300 in
3591 5246 3768 5301 vesti-

2114 5337 2330 5393 mentis
2381 5341 2682 5408 unguenta
2729 5340 2953 5407 gerant.
3005 5333 3291 5398 Quoniam
3343 5335 3523 5407 igitur
3570 5334 3767 5390 Canti-

2113 5442 2313 5481 corum
2347 5424 2539 5480 verbis
2570 5424 2767 5478 anima
2796 5429 2858 5477 ut
2888 5423 3133 5494 pulchra
3164 5424 3323 5497 virgo
3346 5429 3433 5479 est
3465 5429 3764 5493 exornata,

2112 5520 2170 5571 et
2200 5515 2505 5571 hominum
2550 5530 2709 5570 more
2755 5512 3135 5585 sponsalibus
3160 5514 3370 5569 decora
3400 5513 3768 5569 vestimentis
