  <div class='ocr_page' id='page_1' title='image "/cluster/home/n/w/nwhite01/storage/ocr_20150623/122 pt.2/mdp.39015037401315/289.png"; bbox 0 0 4046 6144; ppageno 0'>
   <div class='ocr_carea' id='block_1_1' title="bbox 256 357 374 416">
    <p class='ocr_par' dir='ltr' id='par_1_1' title="bbox 256 357 374 416">
     <span class='ocr_line' id='line_1_1' title="bbox 256 357 374 416; baseline 0 0"><span class='ocrx_word' id='word_1_1' title='bbox 256 357 374 416; x_wconf 81' lang='grc'>563</span> 
     </span>
    </p>
   </div>
   <div class='ocr_carea' id='block_1_2' title="bbox 1589 355 2337 422">
    <p class='ocr_par' dir='ltr' id='par_1_2' title="bbox 1589 355 2337 422">
     <span class='ocr_line' id='line_1_2' title="bbox 1589 355 2337 422; baseline -0.008 -2"><span class='ocrx_word' id='word_1_2' title='bbox 1589 355 2019 422; x_wconf 86' lang='lat' dir='ltr'>MICHAELIS</span> <span class='ocrx_word' id='word_1_3' title='bbox 2065 355 2337 416; x_wconf 85' lang='lat' dir='ltr'>PSELLI</span> 
     </span>
    </p>
   </div>
   <div class='ocr_carea' id='block_1_3' title="bbox 3556 350 3678 412">
    <p class='ocr_par' dir='ltr' id='par_1_3' title="bbox 3556 350 3678 412">
     <span class='ocr_line' id='line_1_3' title="bbox 3556 350 3678 412; baseline -0.025 0"><span class='ocrx_word' id='word_1_4' title='bbox 3556 350 3678 412; x_wconf 70' lang='grc'>564</span> 
     </span>
    </p>
   </div>
   <div class='ocr_carea' id='block_1_4' title="bbox 262 479 1929 561">
    <p class='ocr_par' dir='ltr' id='par_1_4' title="bbox 262 486 1917 558">
     <span class='ocr_line' id='line_1_4' title="bbox 262 486 1917 558; baseline 0 -16"><span class='ocrx_word' id='word_1_5' title='bbox 262 488 333 542; x_wconf 87' lang='lat' dir='ltr'>ad</span> <span class='ocrx_word' id='word_1_6' title='bbox 368 486 606 558; x_wconf 81' lang='lat' dir='ltr'>nuptias</span> <span class='ocrx_word' id='word_1_7' title='bbox 655 488 910 543; x_wconf 87' lang='lat' dir='ltr'>adducta</span> <span class='ocrx_word' id='word_1_8' title='bbox 943 530 956 555; x_wconf 91' lang='lat'>,</span> <span class='ocrx_word' id='word_1_9' title='bbox 990 494 1448 547; x_wconf 82' lang='lat' dir='ltr'>consentaneum</span> <span class='ocrx_word' id='word_1_10' title='bbox 1488 494 1578 546; x_wconf 88' lang='lat' dir='ltr'>est</span> <span class='ocrx_word' id='word_1_11' title='bbox 1629 495 1694 545; x_wconf 91' lang='lat' dir='ltr'>ut</span> <span class='ocrx_word' id='word_1_12' title='bbox 1742 488 1917 545; x_wconf 89' lang='lat' dir='ltr'>verba</span> 
     </span>
    </p>
   </div>
   <div class='ocr_carea' id='block_1_5' title="bbox 2059 479 3510 561">
    <p class='ocr_par' dir='ltr' id='par_1_5' title="bbox 2059 479 3510 561">
     <span class='ocr_line' id='line_1_5' title="bbox 2059 479 3510 561; baseline -0.003 -21"><span class='ocrx_word' id='word_1_13' title='bbox 2059 484 2180 541; x_wconf 79' lang='grc' dir='ltr'>Επεὶ</span> <span class='ocrx_word' id='word_1_14' title='bbox 2211 489 2339 561; x_wconf 87' lang='grc' dir='ltr'>γοῦν</span> <span class='ocrx_word' id='word_1_15' title='bbox 2368 484 2767 559; x_wconf 82' lang='grc' dir='ltr'>γεγυναίκισται</span> <span class='ocrx_word' id='word_1_16' title='bbox 2795 488 2878 556; x_wconf 78' lang='grc' dir='ltr'>τῶ</span> <span class='ocrx_word' id='word_1_17' title='bbox 2907 480 3059 557; x_wconf 88' lang='grc' dir='ltr'>λόγῳ</span> <span class='ocrx_word' id='word_1_18' title='bbox 3086 487 3193 538; x_wconf 88' lang='grc' dir='ltr'>τῶν</span> <span class='ocrx_word' id='word_1_19' title='bbox 3224 479 3510 554; x_wconf 68' lang='grc' dir='ltr'>’ᾼσμᾶτων</span> 
     </span>
    </p>
   </div>
   <div class='ocr_carea' id='block_1_6' title="bbox 270 576 1916 650">
    <p class='ocr_par' dir='ltr' id='par_1_6' title="bbox 270 576 1916 650">
     <span class='ocr_line' id='line_1_6' title="bbox 270 576 1916 650; baseline 0.001 -20"><span class='ocrx_word' id='word_1_20' title='bbox 270 577 541 647; x_wconf 67' lang='lat' dir='ltr'>quaedam</span> <span class='ocrx_word' id='word_1_21' title='bbox 597 576 870 632; x_wconf 86' lang='lat' dir='ltr'>muliebri</span> <span class='ocrx_word' id='word_1_22' title='bbox 903 578 1200 650; x_wconf 82' lang='lat' dir='ltr'>loquatur,</span> <span class='ocrx_word' id='word_1_23' title='bbox 1249 580 1381 636; x_wconf 88' lang='lat' dir='ltr'>licet</span> <span class='ocrx_word' id='word_1_24' title='bbox 1429 580 1682 637; x_wconf 91' lang='lat' dir='ltr'>interius</span> <span class='ocrx_word' id='word_1_25' title='bbox 1754 595 1916 634; x_wconf 90' lang='lat' dir='ltr'>arca-</span> 
     </span>
    </p>
   </div>
   <div class='ocr_carea' id='block_1_7' title="bbox 267 667 1917 741">
    <p class='ocr_par' dir='ltr' id='par_1_7' title="bbox 267 667 1917 741">
     <span class='ocr_line' id='line_1_7' title="bbox 267 667 1917 741; baseline 0.002 -23"><span class='ocrx_word' id='word_1_26' title='bbox 267 682 410 720; x_wconf 89' lang='lat' dir='ltr'>num</span> <span class='ocrx_word' id='word_1_27' title='bbox 442 681 682 721; x_wconf 82' lang='lat' dir='ltr'>sensum</span> <span class='ocrx_word' id='word_1_28' title='bbox 723 667 1080 724; x_wconf 80' lang='lat' dir='ltr'>contineant.</span> <span class='ocrx_word' id='word_1_29' title='bbox 1114 670 1322 740; x_wconf 83' lang='lat' dir='ltr'>Aperte</span> <span class='ocrx_word' id='word_1_30' title='bbox 1366 669 1547 741; x_wconf 82' lang='lat' dir='ltr'>igitur</span> <span class='ocrx_word' id='word_1_31' title='bbox 1573 668 1742 740; x_wconf 91' lang='lat' dir='ltr'>quasi</span> <span class='ocrx_word' id='word_1_32' title='bbox 1774 667 1917 722; x_wconf 88' lang='lat' dir='ltr'>deli-</span> 
     </span>
    </p>
   </div>
   <div class='ocr_carea' id='block_1_8' title="bbox 266 754 1918 828">
    <p class='ocr_par' dir='ltr' id='par_1_8' title="bbox 266 754 1918 828">
     <span class='ocr_line' id='line_1_8' title="bbox 266 754 1918 828; baseline 0.001 -20"><span class='ocrx_word' id='word_1_33' title='bbox 266 754 386 809; x_wconf 92' lang='lat' dir='ltr'>cias</span> <span class='ocrx_word' id='word_1_34' title='bbox 436 755 678 810; x_wconf 75' lang='lat' dir='ltr'>iaciens.</span> <span class='ocrx_word' id='word_1_35' title='bbox 710 755 1008 826; x_wconf 84' lang='lat' dir='ltr'>Quamvis,</span> <span class='ocrx_word' id='word_1_36' title='bbox 1058 758 1271 828; x_wconf 84' lang='lat' dir='ltr'>inquit,</span> <span class='ocrx_word' id='word_1_37' title='bbox 1326 758 1603 813; x_wconf 84' lang='lat' dir='ltr'>mulieres</span> <span class='ocrx_word' id='word_1_38' title='bbox 1652 757 1918 827; x_wconf 67' lang='lat' dir='ltr'>quaedam</span> 
     </span>
    </p>
   </div>
   <div class='ocr_carea' id='block_1_9' title="bbox 266 845 1919 919">
    <p class='ocr_par' dir='ltr' id='par_1_9' title="bbox 266 845 1919 919">
     <span class='ocr_line' id='line_1_9' title="bbox 266 845 1919 919; baseline 0.001 -21"><span class='ocrx_word' id='word_1_39' title='bbox 266 845 335 898; x_wconf 87' lang='lat' dir='ltr'>ad</span> <span class='ocrx_word' id='word_1_40' title='bbox 371 860 631 899; x_wconf 87' lang='lat' dir='ltr'>amorem</span> <span class='ocrx_word' id='word_1_41' title='bbox 680 847 1051 901; x_wconf 80' lang='lat' dir='ltr'>excitandum</span> <span class='ocrx_word' id='word_1_42' title='bbox 1086 847 1199 902; x_wconf 89' lang='lat' dir='ltr'>alia</span> <span class='ocrx_word' id='word_1_43' title='bbox 1242 852 1474 919; x_wconf 82' lang='lat' dir='ltr'>gestent</span> <span class='ocrx_word' id='word_1_44' title='bbox 1528 852 1830 917; x_wconf 89' lang='lat' dir='ltr'>unguenta</span> <span class='ocrx_word' id='word_1_45' title='bbox 1859 845 1919 899; x_wconf 89' lang='lat' dir='ltr'>in</span> 
     </span>
    </p>
   </div>
   <div class='ocr_carea' id='block_1_10' title="bbox 263 933 1919 1006">
    <p class='ocr_par' dir='ltr' id='par_1_10' title="bbox 263 933 1919 1006">
     <span class='ocr_line' id='line_1_10' title="bbox 263 933 1919 1006; baseline 0 -21"><span class='ocrx_word' id='word_1_46' title='bbox 263 933 667 1001; x_wconf 80' lang='lat' dir='ltr'>vestimentis;</span> <span class='ocrx_word' id='word_1_47' title='bbox 721 950 825 1003; x_wconf 92' lang='lat' dir='ltr'>ego</span> <span class='ocrx_word' id='word_1_48' title='bbox 887 940 1086 991; x_wconf 86' lang='lat' dir='ltr'>tamen</span> <span class='ocrx_word' id='word_1_49' title='bbox 1145 936 1407 1006; x_wconf 86' lang='lat' dir='ltr'>cujusvis</span> <span class='ocrx_word' id='word_1_50' title='bbox 1463 933 1919 1006; x_wconf 85' lang='lat' dir='ltr'>fragrantissimi</span> 
     </span>
    </p>
   </div>
   <div class='ocr_carea' id='block_1_11' title="bbox 265 1020 1916 1097">
    <p class='ocr_par' dir='ltr' id='par_1_11' title="bbox 265 1020 1916 1097">
     <span class='ocr_line' id='line_1_11' title="bbox 265 1020 1916 1097; baseline 0 -21"><span class='ocrx_word' id='word_1_51' title='bbox 265 1020 462 1076; x_wconf 91' lang='lat' dir='ltr'>odoris</span> <span class='ocrx_word' id='word_1_52' title='bbox 494 1022 618 1077; x_wconf 89' lang='lat' dir='ltr'>loco</span> <span class='ocrx_word' id='word_1_53' title='bbox 662 1023 1124 1092; x_wconf 87' lang='lat' dir='ltr'>pulcherrimum</span> <span class='ocrx_word' id='word_1_54' title='bbox 1176 1042 1487 1097; x_wconf 89' lang='lat' dir='ltr'>sponsum,</span> <span class='ocrx_word' id='word_1_55' title='bbox 1519 1025 1604 1080; x_wconf 88' lang='lat' dir='ltr'>uti</span> <span class='ocrx_word' id='word_1_56' title='bbox 1637 1022 1916 1079; x_wconf 71' lang='lat' dir='ltr'>suavnssi-</span> 
     </span>
    </p>
   </div>
   <div class='ocr_carea' id='block_1_12' title="bbox 266 1113 1914 1185">
    <p class='ocr_par' dir='ltr' id='par_1_12' title="bbox 266 1113 1914 1185">
     <span class='ocr_line' id='line_1_12' title="bbox 266 1113 1914 1185; baseline 0.002 -21"><span class='ocrx_word' id='word_1_57' title='bbox 266 1127 429 1165; x_wconf 89' lang='lat' dir='ltr'>mum</span> <span class='ocrx_word' id='word_1_58' title='bbox 478 1116 915 1183; x_wconf 91' lang='lat' dir='ltr'>unguentorum</span> <span class='ocrx_word' id='word_1_59' title='bbox 949 1113 1294 1169; x_wconf 81' lang='lat' dir='ltr'>fasciculum</span> <span class='ocrx_word' id='word_1_60' title='bbox 1327 1113 1474 1170; x_wconf 92' lang='lat' dir='ltr'>collo</span> <span class='ocrx_word' id='word_1_61' title='bbox 1524 1113 1914 1185; x_wconf 85' lang='lat' dir='ltr'>suspendens,</span> 
     </span>
    </p>
   </div>
   <div class='ocr_carea' id='block_1_13' title="bbox 266 1198 1915 1273">
    <p class='ocr_par' dir='ltr' id='par_1_13' title="bbox 266 1198 1915 1273">
     <span class='ocr_line' id='line_1_13' title="bbox 266 1198 1915 1273; baseline 0.001 -20"><span class='ocrx_word' id='word_1_62' title='bbox 266 1198 549 1254; x_wconf 85' lang='lat' dir='ltr'>retinebo.</span> <span class='ocrx_word' id='word_1_63' title='bbox 584 1199 681 1255; x_wconf 92' lang='lat' dir='ltr'>Vel</span> <span class='ocrx_word' id='word_1_64' title='bbox 718 1202 911 1271; x_wconf 87' lang='lat' dir='ltr'>potius</span> <span class='ocrx_word' id='word_1_65' title='bbox 958 1202 1066 1257; x_wconf 86' lang='lat' dir='ltr'>hoc</span> <span class='ocrx_word' id='word_1_66' title='bbox 1112 1203 1403 1273; x_wconf 79' lang='lat' dir='ltr'>signiﬁcat</span> <span class='ocrx_word' id='word_1_67' title='bbox 1436 1222 1448 1259; x_wconf 89' lang='lat'><strong>:</strong></span> <span class='ocrx_word' id='word_1_68' title='bbox 1483 1203 1760 1270; x_wconf 83' lang='lat' dir='ltr'>Quamvis</span> <span class='ocrx_word' id='word_1_69' title='bbox 1792 1201 1915 1255; x_wconf 67' lang='lat' dir='ltr'>aliae</span> 
     </span>
    </p>
   </div>
   <div class='ocr_carea' id='block_1_14' title="bbox 268 1288 1916 1365">
    <p class='ocr_par' dir='ltr' id='par_1_14' title="bbox 268 1288 1916 1365">
     <span class='ocr_line' id='line_1_14' title="bbox 268 1288 1916 1365; baseline 0.002 -22"><span class='ocrx_word' id='word_1_70' title='bbox 268 1288 480 1343; x_wconf 69' lang='lat' dir='ltr'>animae</span> <span class='ocrx_word' id='word_1_71' title='bbox 511 1290 717 1344; x_wconf 82' lang='lat' dir='ltr'>mundi</span> <span class='ocrx_word' id='word_1_72' title='bbox 766 1291 925 1347; x_wconf 89' lang='lat' dir='ltr'>curis</span> <span class='ocrx_word' id='word_1_73' title='bbox 971 1298 1028 1349; x_wconf 89' lang='lat' dir='ltr'>et</span> <span class='ocrx_word' id='word_1_74' title='bbox 1075 1293 1321 1365; x_wconf 87' lang='lat' dir='ltr'>negotiis</span> <span class='ocrx_word' id='word_1_75' title='bbox 1353 1292 1762 1365; x_wconf 85' lang='lat' dir='ltr'>implicentur;</span> <span class='ocrx_word' id='word_1_76' title='bbox 1812 1307 1916 1362; x_wconf 87' lang='lat' dir='ltr'>ego</span> 
     </span>
    </p>
   </div>
   <div class='ocr_carea' id='block_1_15' title="bbox 269 1378 1919 1454">
    <p class='ocr_par' dir='ltr' id='par_1_15' title="bbox 269 1378 1919 1454">
     <span class='ocr_line' id='line_1_15' title="bbox 269 1378 1919 1454; baseline 0.002 -22"><span class='ocrx_word' id='word_1_77' title='bbox 269 1378 473 1449; x_wconf 81' lang='lat' dir='ltr'>sponsi</span> <span class='ocrx_word' id='word_1_78' title='bbox 504 1380 618 1435; x_wconf 90' lang='lat' dir='ltr'>mei</span> <span class='ocrx_word' id='word_1_79' title='bbox 650 1382 979 1452; x_wconf 87' lang='lat' dir='ltr'>percipiens</span> <span class='ocrx_word' id='word_1_80' title='bbox 1012 1385 1391 1454; x_wconf 85' lang='lat' dir='ltr'>voluptatem,</span> <span class='ocrx_word' id='word_1_81' title='bbox 1422 1400 1555 1438; x_wconf 89' lang='lat' dir='ltr'>eum</span> <span class='ocrx_word' id='word_1_82' title='bbox 1588 1381 1919 1451; x_wconf 90' lang='lat' dir='ltr'>insculpam</span> 
     </span>
    </p>
   </div>
   <div class='ocr_carea' id='block_1_16' title="bbox 270 1466 1921 1529">
    <p class='ocr_par' dir='ltr' id='par_1_16' title="bbox 270 1466 1921 1529">
     <span class='ocr_line' id='line_1_16' title="bbox 270 1466 1921 1529; baseline 0.002 -8"><span class='ocrx_word' id='word_1_83' title='bbox 270 1466 330 1522; x_wconf 90' lang='lat' dir='ltr'>in</span> <span class='ocrx_word' id='word_1_84' title='bbox 356 1467 576 1525; x_wconf 84' lang='lat' dir='ltr'>tabulis</span> <span class='ocrx_word' id='word_1_85' title='bbox 604 1471 796 1526; x_wconf 87' lang='lat' dir='ltr'>cordis</span> <span class='ocrx_word' id='word_1_86' title='bbox 837 1472 971 1528; x_wconf 89' lang='lat' dir='ltr'>mei.</span> <span class='ocrx_word' id='word_1_87' title='bbox 1006 1472 1261 1529; x_wconf 90' lang='lat' dir='ltr'>Uberum</span> <span class='ocrx_word' id='word_1_88' title='bbox 1294 1472 1451 1528; x_wconf 88' lang='lat' dir='ltr'>enim</span> <span class='ocrx_word' id='word_1_89' title='bbox 1497 1471 1759 1528; x_wconf 90' lang='lat' dir='ltr'>medium</span> <span class='ocrx_word' id='word_1_90' title='bbox 1789 1487 1921 1526; x_wconf 86' lang='lat' dir='ltr'>cor-</span> 
     </span>
    </p>
   </div>
   <div class='ocr_carea' id='block_1_17' title="bbox 272 1557 703 1616">
    <p class='ocr_par' dir='ltr' id='par_1_17' title="bbox 272 1557 703 1616">
     <span class='ocr_line' id='line_1_17' title="bbox 272 1557 703 1616; baseline 0.007 -5"><span class='ocrx_word' id='word_1_91' title='bbox 272 1557 363 1612; x_wconf 92' lang='lat' dir='ltr'>dis</span> <span class='ocrx_word' id='word_1_92' title='bbox 393 1562 485 1615; x_wconf 90' lang='lat' dir='ltr'>est</span> <span class='ocrx_word' id='word_1_93' title='bbox 513 1559 703 1616; x_wconf 87' lang='lat' dir='ltr'>sedes.</span> 
     </span>
    </p>
   </div>
   <div class='ocr_carea' id='block_1_18' title="bbox 870 2180 1344 2235">
    <p class='ocr_par' dir='ltr' id='par_1_18' title="bbox 870 2180 1344 2235">
     <span class='ocr_line' id='line_1_18' title="bbox 870 2180 1344 2235; baseline 0.002 -3"><span class='ocrx_word' id='word_1_94' title='bbox 870 2180 1055 2235; x_wconf 81' lang='lat' dir='ltr'>Trium</span> <span class='ocrx_word' id='word_1_95' title='bbox 1093 2181 1344 2235; x_wconf 82' lang='lat' dir='ltr'>Patrum.</span> 
     </span>
    </p>
   </div>
   <div class='ocr_carea' id='block_1_19' title="bbox 349 2263 1935 2337">
    <p class='ocr_par' dir='ltr' id='par_1_19' title="bbox 349 2263 1935 2337">
     <span class='ocr_line' id='line_1_19' title="bbox 349 2263 1935 2337; baseline 0.006 -21"><span class='ocrx_word' id='word_1_96' title='bbox 349 2263 544 2317; x_wconf 79' lang='lat' dir='ltr'>Botrus</span> <span class='ocrx_word' id='word_1_97' title='bbox 596 2264 765 2335; x_wconf 85' lang='lat' dir='ltr'>Cypri</span> <span class='ocrx_word' id='word_1_98' title='bbox 811 2268 1016 2322; x_wconf 76' lang='lat' dir='ltr'>sorori:</span> <span class='ocrx_word' id='word_1_99' title='bbox 1063 2281 1209 2323; x_wconf 71' lang='lat' dir='ltr'>meae</span> <span class='ocrx_word' id='word_1_100' title='bbox 1255 2267 1407 2337; x_wconf 77' lang='lat' dir='ltr'>ﬁlius</span> <span class='ocrx_word' id='word_1_101' title='bbox 1456 2268 1598 2323; x_wconf 85' lang='lat' dir='ltr'>mihi</span> <span class='ocrx_word' id='word_1_102' title='bbox 1644 2269 1707 2322; x_wconf 82' lang='lat' dir='ltr'>in</span> <span class='ocrx_word' id='word_1_103' title='bbox 1753 2270 1935 2325; x_wconf 76' lang='lat' dir='ltr'>vineis</span> 
     </span>
    </p>
   </div>
   <div class='ocr_carea' id='block_1_20' title="bbox 284 2351 554 2423">
    <p class='ocr_par' dir='ltr' id='par_1_20' title="bbox 284 2351 554 2423">
     <span class='ocr_line' id='line_1_20' title="bbox 284 2351 554 2423; baseline 0.011 -19"><span class='ocrx_word' id='word_1_104' title='bbox 284 2351 554 2423; x_wconf 79' lang='lat' dir='ltr'>Engaddi.</span> 
     </span>
    </p>
   </div>
   <div class='ocr_carea' id='block_1_21' title="bbox 354 2442 1933 2518">
    <p class='ocr_par' dir='ltr' id='par_1_21' title="bbox 354 2442 1933 2518">
     <span class='ocr_line' id='line_1_21' title="bbox 354 2442 1933 2518; baseline 0.004 -22"><span class='ocrx_word' id='word_1_105' title='bbox 354 2442 555 2507; x_wconf 87' lang='lat' dir='ltr'>Qualis</span> <span class='ocrx_word' id='word_1_106' title='bbox 585 2446 674 2499; x_wconf 89' lang='lat' dir='ltr'>est</span> <span class='ocrx_word' id='word_1_107' title='bbox 706 2460 815 2499; x_wconf 90' lang='lat' dir='ltr'>uva</span> <span class='ocrx_word' id='word_1_108' title='bbox 863 2444 1056 2501; x_wconf 88' lang='lat' dir='ltr'>adhuc</span> <span class='ocrx_word' id='word_1_109' title='bbox 1096 2446 1331 2513; x_wconf 89' lang='lat' dir='ltr'>ﬂorens,</span> <span class='ocrx_word' id='word_1_110' title='bbox 1365 2463 1491 2518; x_wconf 69' lang='lat' dir='ltr'>qum</span> <span class='ocrx_word' id='word_1_111' title='bbox 1522 2446 1723 2503; x_wconf 89' lang='lat' dir='ltr'>vinum</span> <span class='ocrx_word' id='word_1_112' title='bbox 1774 2447 1933 2503; x_wconf 91' lang='lat' dir='ltr'>cordi</span> 
     </span>
    </p>
   </div>
   <div class='ocr_carea' id='block_1_22' title="bbox 282 2530 1936 2609">
    <p class='ocr_par' dir='ltr' id='par_1_22' title="bbox 282 2530 1936 2609">
     <span class='ocr_line' id='line_1_22' title="bbox 282 2530 1936 2609; baseline 0.004 -24"><span class='ocrx_word' id='word_1_113' title='bbox 282 2530 545 2587; x_wconf 68' lang='lat' dir='ltr'>laetitiam</span> <span class='ocrx_word' id='word_1_114' title='bbox 576 2532 824 2588; x_wconf 84' lang='lat' dir='ltr'>aﬂ&#39;erens</span> <span class='ocrx_word' id='word_1_115' title='bbox 857 2533 1165 2605; x_wconf 90' lang='lat' dir='ltr'>pollicetur</span> <span class='ocrx_word' id='word_1_116' title='bbox 1195 2554 1208 2591; x_wconf 90' lang='lat'><strong>:</strong></span> <span class='ocrx_word' id='word_1_117' title='bbox 1239 2536 1371 2591; x_wconf 86' lang='lat' dir='ltr'>talis</span> <span class='ocrx_word' id='word_1_118' title='bbox 1400 2542 1489 2591; x_wconf 90' lang='lat' dir='ltr'>est</span> <span class='ocrx_word' id='word_1_119' title='bbox 1522 2538 1666 2593; x_wconf 90' lang='lat' dir='ltr'>mihi</span> <span class='ocrx_word' id='word_1_120' title='bbox 1699 2542 1936 2609; x_wconf 90' lang='lat' dir='ltr'>propter</span> 
     </span>
    </p>
   </div>
   <div class='ocr_carea' id='block_1_23' title="bbox 283 2621 1935 2696">
    <p class='ocr_par' dir='ltr' id='par_1_23' title="bbox 283 2621 1935 2696">
     <span class='ocr_line' id='line_1_23' title="bbox 283 2621 1935 2696; baseline 0.004 -21"><span class='ocrx_word' id='word_1_121' title='bbox 283 2621 786 2693; x_wconf 84' lang='lat' dir='ltr'>imperfectionem</span> <span class='ocrx_word' id='word_1_122' title='bbox 822 2640 1011 2679; x_wconf 84' lang='lat' dir='ltr'>meam</span> <span class='ocrx_word' id='word_1_123' title='bbox 1042 2624 1292 2679; x_wconf 91' lang='lat' dir='ltr'>dilectus</span> <span class='ocrx_word' id='word_1_124' title='bbox 1320 2642 1487 2681; x_wconf 87' lang='lat' dir='ltr'>meus</span> <span class='ocrx_word' id='word_1_125' title='bbox 1510 2628 1567 2681; x_wconf 90' lang='lat' dir='ltr'>in</span> <span class='ocrx_word' id='word_1_126' title='bbox 1593 2627 1800 2696; x_wconf 89' lang='lat' dir='ltr'>vineis,</span> <span class='ocrx_word' id='word_1_127' title='bbox 1825 2627 1935 2682; x_wconf 86' lang='lat' dir='ltr'>hoc</span> 
     </span>
    </p>
   </div>
   <div class='ocr_carea' id='block_1_24' title="bbox 285 2710 1936 2787">
    <p class='ocr_par' dir='ltr' id='par_1_24' title="bbox 285 2710 1936 2787">
     <span class='ocr_line' id='line_1_24' title="bbox 285 2710 1936 2787; baseline 0.004 -21"><span class='ocrx_word' id='word_1_128' title='bbox 285 2711 461 2766; x_wconf 85' lang='lat' dir='ltr'>estin</span> <span class='ocrx_word' id='word_1_129' title='bbox 494 2710 673 2765; x_wconf 89' lang='lat' dir='ltr'>variis</span> <span class='ocrx_word' id='word_1_130' title='bbox 723 2728 917 2767; x_wconf 86' lang='lat' dir='ltr'>rerum</span> <span class='ocrx_word' id='word_1_131' title='bbox 969 2714 1217 2781; x_wconf 88' lang='lat' dir='ltr'>naturis,</span> <span class='ocrx_word' id='word_1_132' title='bbox 1252 2732 1378 2786; x_wconf 70' lang='lat' dir='ltr'>quae</span> <span class='ocrx_word' id='word_1_133' title='bbox 1428 2716 1748 2787; x_wconf 65' lang='lat' dir='ltr'>perspicuae</span> <span class='ocrx_word' id='word_1_134' title='bbox 1797 2722 1936 2773; x_wconf 90' lang='lat' dir='ltr'>sunt</span> 
     </span>
    </p>
   </div>
   <div class='ocr_carea' id='block_1_25' title="bbox 286 2800 1935 2876">
    <p class='ocr_par' dir='ltr' id='par_1_25' title="bbox 286 2800 1935 2876">
     <span class='ocr_line' id='line_1_25' title="bbox 286 2800 1935 2876; baseline 0.004 -21"><span class='ocrx_word' id='word_1_135' title='bbox 286 2800 455 2855; x_wconf 90' lang='lat' dir='ltr'>oculo</span> <span class='ocrx_word' id='word_1_136' title='bbox 502 2801 845 2856; x_wconf 88' lang='lat' dir='ltr'>tentationis</span> <span class='ocrx_word' id='word_1_137' title='bbox 877 2802 958 2870; x_wconf 91' lang='lat' dir='ltr'>(id</span> <span class='ocrx_word' id='word_1_138' title='bbox 992 2805 1146 2858; x_wconf 88' lang='lat' dir='ltr'>enim</span> <span class='ocrx_word' id='word_1_139' title='bbox 1184 2809 1274 2859; x_wconf 91' lang='lat' dir='ltr'>est</span> <span class='ocrx_word' id='word_1_140' title='bbox 1303 2805 1511 2876; x_wconf 88' lang='lat' dir='ltr'>Gaddi)</span> <span class='ocrx_word' id='word_1_141' title='bbox 1543 2806 1709 2861; x_wconf 89' lang='lat' dir='ltr'>oculo</span> <span class='ocrx_word' id='word_1_142' title='bbox 1760 2807 1935 2861; x_wconf 89' lang='lat' dir='ltr'>nimi-</span> 
     </span>
    </p>
   </div>
   <div class='ocr_carea' id='block_1_26' title="bbox 286 2888 1935 2951">
    <p class='ocr_par' dir='ltr' id='par_1_26' title="bbox 286 2888 1935 2951">
     <span class='ocr_line' id='line_1_26' title="bbox 286 2888 1935 2951; baseline 0.005 -9"><span class='ocrx_word' id='word_1_143' title='bbox 286 2904 418 2943; x_wconf 91' lang='lat' dir='ltr'>rum</span> <span class='ocrx_word' id='word_1_144' title='bbox 450 2888 694 2943; x_wconf 87' lang='lat' dir='ltr'>rationis</span> <span class='ocrx_word' id='word_1_145' title='bbox 738 2894 984 2946; x_wconf 90' lang='lat' dir='ltr'>naturas</span> <span class='ocrx_word' id='word_1_146' title='bbox 1031 2909 1225 2947; x_wconf 90' lang='lat' dir='ltr'>rerum</span> <span class='ocrx_word' id='word_1_147' title='bbox 1271 2910 1337 2949; x_wconf 90' lang='lat' dir='ltr'>ac</span> <span class='ocrx_word' id='word_1_148' title='bbox 1383 2896 1686 2950; x_wconf 86' lang='lat' dir='ltr'>veritatem</span> <span class='ocrx_word' id='word_1_149' title='bbox 1718 2896 1776 2950; x_wconf 91' lang='lat' dir='ltr'>in</span> <span class='ocrx_word' id='word_1_150' title='bbox 1810 2913 1935 2951; x_wconf 90' lang='lat' dir='ltr'>om-</span> 
     </span>
    </p>
   </div>
   <div class='ocr_carea' id='block_1_27' title="bbox 285 2976 1935 3054">
    <p class='ocr_par' dir='ltr' id='par_1_27' title="bbox 285 2976 1935 3054">
     <span class='ocr_line' id='line_1_27' title="bbox 285 2976 1935 3054; baseline 0.004 -22"><span class='ocrx_word' id='word_1_151' title='bbox 285 2977 463 3032; x_wconf 87' lang='lat' dir='ltr'>nibus</span> <span class='ocrx_word' id='word_1_152' title='bbox 512 2976 887 3048; x_wconf 85' lang='lat' dir='ltr'>explorantis.</span> <span class='ocrx_word' id='word_1_153' title='bbox 941 2980 1069 3035; x_wconf 67' lang='lat' dir='ltr'>Haec</span> <span class='ocrx_word' id='word_1_154' title='bbox 1120 2982 1276 3036; x_wconf 88' lang='lat' dir='ltr'>enim</span> <span class='ocrx_word' id='word_1_155' title='bbox 1325 2999 1423 3037; x_wconf 92' lang='lat' dir='ltr'>eas</span> <span class='ocrx_word' id='word_1_156' title='bbox 1472 2983 1759 3054; x_wconf 88' lang='lat' dir='ltr'>indagans</span> <span class='ocrx_word' id='word_1_157' title='bbox 1808 2988 1935 3038; x_wconf 77' lang='lat' dir='ltr'>tan-</span> 
     </span>
    </p>
   </div>
   <div class='ocr_carea' id='block_1_28' title="bbox 285 3066 1933 3144">
    <p class='ocr_par' dir='ltr' id='par_1_28' title="bbox 285 3066 1933 3144">
     <span class='ocr_line' id='line_1_28' title="bbox 285 3066 1933 3144; baseline 0.006 -25"><span class='ocrx_word' id='word_1_158' title='bbox 285 3083 463 3138; x_wconf 86' lang='lat' dir='ltr'>quam</span> <span class='ocrx_word' id='word_1_159' title='bbox 498 3066 798 3123; x_wconf 86' lang='lat' dir='ltr'>ﬂorentem</span> <span class='ocrx_word' id='word_1_160' title='bbox 840 3086 1033 3138; x_wconf 89' lang='lat' dir='ltr'>uvam,</span> <span class='ocrx_word' id='word_1_161' title='bbox 1066 3086 1135 3125; x_wconf 80' lang='lat' dir='ltr'>ex</span> <span class='ocrx_word' id='word_1_162' title='bbox 1172 3071 1318 3141; x_wconf 90' lang='lat' dir='ltr'>ipsis</span> <span class='ocrx_word' id='word_1_163' title='bbox 1348 3071 1567 3144; x_wconf 87' lang='lat' dir='ltr'>colligit</span> <span class='ocrx_word' id='word_1_164' title='bbox 1596 3074 1933 3143; x_wconf 88' lang='lat' dir='ltr'>veritatem;</span> 
     </span>
    </p>
   </div>
   <div class='ocr_carea' id='block_1_29' title="bbox 286 3154 1935 3234">
    <p class='ocr_par' dir='ltr' id='par_1_29' title="bbox 286 3154 1935 3234">
     <span class='ocr_line' id='line_1_29' title="bbox 286 3154 1935 3234; baseline 0.005 -24"><span class='ocrx_word' id='word_1_165' title='bbox 286 3172 415 3227; x_wconf 66' lang='lat' dir='ltr'>quae</span> <span class='ocrx_word' id='word_1_166' title='bbox 444 3154 623 3211; x_wconf 88' lang='lat' dir='ltr'>veluti</span> <span class='ocrx_word' id='word_1_167' title='bbox 672 3156 871 3212; x_wconf 89' lang='lat' dir='ltr'>vinum</span> <span class='ocrx_word' id='word_1_168' title='bbox 906 3160 1203 3229; x_wconf 89' lang='lat' dir='ltr'>quoddam</span> <span class='ocrx_word' id='word_1_169' title='bbox 1236 3178 1268 3216; x_wconf 86' lang='lat' dir='ltr'>a</span> <span class='ocrx_word' id='word_1_170' title='bbox 1300 3161 1503 3234; x_wconf 86' lang='lat' dir='ltr'>ﬁguris</span> <span class='ocrx_word' id='word_1_171' title='bbox 1557 3168 1811 3219; x_wconf 89' lang='lat' dir='ltr'>mentem</span> <span class='ocrx_word' id='word_1_172' title='bbox 1846 3163 1935 3219; x_wconf 90' lang='lat' dir='ltr'>di-</span> 
     </span>
    </p>
   </div>
   <div class='ocr_carea' id='block_1_30' title="bbox 1950 1864 2000 1930">
    <p class='ocr_par' dir='ltr' id='par_1_30' title="bbox 1950 1864 2000 1930">
     <span class='ocr_line' id='line_1_30' title="bbox 1950 1864 2000 1930; baseline 0 0"><span class='ocrx_word' id='word_1_173' title='bbox 1950 1864 2000 1930; x_wconf 91' lang='lat' dir='ltr'><strong>B</strong></span> 
     </span>
    </p>
   </div>
   <div class='ocr_carea' id='block_1_31' title="bbox 2028 570 3479 650">
    <p class='ocr_par' dir='ltr' id='par_1_31' title="bbox 2028 570 3479 650">
     <span class='ocr_line' id='line_1_31' title="bbox 2028 570 3479 650; baseline -0.004 -19"><span class='ocrx_word' id='word_1_174' title='bbox 2028 576 2092 633; x_wconf 87' lang='grc' dir='ltr'><strong><em>Ἡ</em></strong></span> <span class='ocrx_word' id='word_1_175' title='bbox 2120 574 2519 650; x_wconf 81' lang='grc' dir='ltr'>παρθενεύουσα</span> <span class='ocrx_word' id='word_1_176' title='bbox 2549 574 2702 648; x_wconf 89' lang='grc' dir='ltr'>ψυχή</span> <span class='ocrx_word' id='word_1_177' title='bbox 2736 573 2825 628; x_wconf 88' lang='grc' dir='ltr'>καὶ</span> <span class='ocrx_word' id='word_1_178' title='bbox 2856 574 3084 646; x_wconf 82' lang='grc' dir='ltr'>τρόποις</span> <span class='ocrx_word' id='word_1_179' title='bbox 3113 570 3479 649; x_wconf 73' lang='grc' dir='ltr'>ἀρῥινόφρων,</span> 
     </span>
    </p>
   </div>
   <div class='ocr_carea' id='block_1_32' title="bbox 2030 660 3556 744">
    <p class='ocr_par' dir='ltr' id='par_1_32' title="bbox 2030 660 3556 744">
     <span class='ocr_line' id='line_1_32' title="bbox 2030 660 3556 744; baseline -0.004 -24"><span class='ocrx_word' id='word_1_180' title='bbox 2030 667 2129 720; x_wconf 84' lang='grc' dir='ltr'>Καὶ</span> <span class='ocrx_word' id='word_1_181' title='bbox 2156 670 2439 744; x_wconf 86' lang='grc' dir='ltr'>νυμφικῶς</span> <span class='ocrx_word' id='word_1_182' title='bbox 2463 663 2812 720; x_wconf 72' lang='grc' dir='ltr'>συνέσταλται</span> <span class='ocrx_word' id='word_1_183' title='bbox 2844 664 2981 738; x_wconf 87' lang='grc' dir='ltr'>πρὸς</span> <span class='ocrx_word' id='word_1_184' title='bbox 3009 662 3218 738; x_wconf 81' lang='grc' dir='ltr'>γάμους</span> <span class='ocrx_word' id='word_1_185' title='bbox 3246 660 3556 737; x_wconf 75' lang='grc' dir='ltr'>ὲπηγμένη,</span> 
     </span>
    </p>
   </div>
   <div class='ocr_carea' id='block_1_33' title="bbox 2032 751 3370 829">
    <p class='ocr_par' dir='ltr' id='par_1_33' title="bbox 2032 751 3370 829">
     <span class='ocr_line' id='line_1_33' title="bbox 2032 751 3370 829; baseline -0.004 -20"><span class='ocrx_word' id='word_1_186' title='bbox 2032 754 2240 829; x_wconf 83' lang='grc' dir='ltr'>Λόγους</span> <span class='ocrx_word' id='word_1_187' title='bbox 2274 755 2418 816; x_wconf 83' lang='grc' dir='ltr'>τινὰς</span> <span class='ocrx_word' id='word_1_188' title='bbox 2447 753 2696 828; x_wconf 85' lang='grc' dir='ltr'>γυναικὸς</span> <span class='ocrx_word' id='word_1_189' title='bbox 2731 752 2877 817; x_wconf 78' lang='grc' dir='ltr'>εἷ’κός</span> <span class='ocrx_word' id='word_1_190' title='bbox 2906 752 3015 807; x_wconf 71' lang='grc' dir='ltr'>ἐστι</span> <span class='ocrx_word' id='word_1_191' title='bbox 3046 752 3136 807; x_wconf 78' lang='grc' dir='ltr'>καὶ</span> <span class='ocrx_word' id='word_1_192' title='bbox 3168 751 3370 826; x_wconf 86' lang='grc' dir='ltr'>λέγειν,</span> 
     </span>
    </p>
   </div>
   <div class='ocr_carea' id='block_1_34' title="bbox 2032 839 3438 919">
    <p class='ocr_par' dir='ltr' id='par_1_34' title="bbox 2032 839 3438 919">
     <span class='ocr_line' id='line_1_34' title="bbox 2032 839 3438 919; baseline -0.001 -22"><span class='ocrx_word' id='word_1_193' title='bbox 2032 842 2138 902; x_wconf 71' lang='grc' dir='ltr'>Κᾶν</span> <span class='ocrx_word' id='word_1_194' title='bbox 2170 841 2400 919; x_wconf 66' lang='grc' dir='ltr'>ξ’σχωσιν</span> <span class='ocrx_word' id='word_1_195' title='bbox 2430 843 2740 919; x_wconf 72' lang='grc' dir='ltr'>ἀπόρρητον</span> <span class='ocrx_word' id='word_1_196' title='bbox 2767 843 2857 897; x_wconf 85' lang='grc' dir='ltr'>τὸν</span> <span class='ocrx_word' id='word_1_197' title='bbox 2888 840 3151 917; x_wconf 85' lang='grc' dir='ltr'>λογισμὸν</span> <span class='ocrx_word' id='word_1_198' title='bbox 3185 839 3235 895; x_wconf 83' lang='grc' dir='ltr'>ἐν</span> <span class='ocrx_word' id='word_1_199' title='bbox 3269 841 3438 915; x_wconf 78' lang='grc' dir='ltr'>βάθει.</span> 
     </span>
    </p>
   </div>
   <div class='ocr_carea' id='block_1_35' title="bbox 2028 929 3465 1009">
    <p class='ocr_par' dir='ltr' id='par_1_35' title="bbox 2028 929 3465 1009">
     <span class='ocr_line' id='line_1_35' title="bbox 2028 929 3465 1009; baseline -0.003 -22"><span class='ocrx_word' id='word_1_200' title='bbox 2028 938 2196 987; x_wconf 91' lang='grc' dir='ltr'>Τοῦτο</span> <span class='ocrx_word' id='word_1_201' title='bbox 2226 937 2356 1008; x_wconf 88' lang='grc' dir='ltr'>γοῦν</span> <span class='ocrx_word' id='word_1_202' title='bbox 2392 931 2535 1009; x_wconf 83' lang='grc' dir='ltr'><strong>λέγει</strong></span> <span class='ocrx_word' id='word_1_203' title='bbox 2567 936 2859 1009; x_wconf 77' lang='grc' dir='ltr'>προφανῶς</span> <span class='ocrx_word' id='word_1_204' title='bbox 2888 931 3069 1006; x_wconf 82' lang='grc' dir='ltr'>ὥσπερ</span> <span class='ocrx_word' id='word_1_205' title='bbox 3110 929 3465 1002; x_wconf 80' lang='grc' dir='ltr'>ἀκκιζομένη,</span> 
     </span>
    </p>
   </div>
   <div class='ocr_carea' id='block_1_36' title="bbox 2022 1016 3357 1100">
    <p class='ocr_par' dir='ltr' id='par_1_36' title="bbox 2022 1016 3357 1100">
     <span class='ocr_line' id='line_1_36' title="bbox 2022 1016 3357 1100; baseline -0.007 -20"><span class='ocrx_word' id='word_1_206' title='bbox 2022 1025 2148 1080; x_wconf 82' lang='grc' dir='ltr'>’Ὁτι</span> <span class='ocrx_word' id='word_1_207' title='bbox 2182 1023 2286 1077; x_wconf 81' lang='grc' dir='ltr'>Κᾶν</span> <span class='ocrx_word' id='word_1_208' title='bbox 2322 1022 2556 1100; x_wconf 81' lang='grc' dir='ltr'>φέρωσίν</span> <span class='ocrx_word' id='word_1_209' title='bbox 2588 1042 2729 1083; x_wconf 81' lang='grc' dir='ltr'>τινες</span> <span class='ocrx_word' id='word_1_210' title='bbox 2750 1026 3001 1095; x_wconf 81' lang='grc' dir='ltr'>γυναῖκες</span> <span class='ocrx_word' id='word_1_211' title='bbox 3034 1016 3180 1075; x_wconf 75' lang='grc' dir='ltr'>ἄλλα</span> <span class='ocrx_word' id='word_1_212' title='bbox 3215 1018 3357 1094; x_wconf 87' lang='grc' dir='ltr'>μύρα</span> 
     </span>
    </p>
   </div>
   <div class='ocr_carea' id='block_1_37' title="bbox 2025 1104 3334 1188">
    <p class='ocr_par' dir='ltr' id='par_1_37' title="bbox 2025 1104 3334 1188">
     <span class='ocr_line' id='line_1_37' title="bbox 2025 1104 3334 1188; baseline -0.005 -22"><span class='ocrx_word' id='word_1_213' title='bbox 2025 1112 2167 1188; x_wconf 88' lang='grc' dir='ltr'>Πρὸς</span> <span class='ocrx_word' id='word_1_214' title='bbox 2198 1111 2380 1186; x_wconf 80' lang='grc' dir='ltr'>ἔρωτα</span> <span class='ocrx_word' id='word_1_215' title='bbox 2402 1112 2729 1185; x_wconf 83' lang='grc' dir='ltr'>θερμότερον</span> <span class='ocrx_word' id='word_1_216' title='bbox 2763 1104 2913 1164; x_wconf 79' lang='grc' dir='ltr'>ἔνδον</span> <span class='ocrx_word' id='word_1_217' title='bbox 2935 1113 3046 1164; x_wconf 85' lang='grc' dir='ltr'>τῶν</span> <span class='ocrx_word' id='word_1_218' title='bbox 3080 1107 3334 1180; x_wconf 76' lang='grc' dir='ltr'>ἱματίων,</span> 
     </span>
    </p>
   </div>
   <div class='ocr_carea' id='block_1_38' title="bbox 2024 1192 3444 1275">
    <p class='ocr_par' dir='ltr' id='par_1_38' title="bbox 2024 1192 3444 1275">
     <span class='ocr_line' id='line_1_38' title="bbox 2024 1192 3444 1275; baseline -0.006 -17"><span class='ocrx_word' id='word_1_219' title='bbox 2024 1197 2183 1258; x_wconf 81' lang='grc' dir='ltr'>Ἀλλ’</span> <span class='ocrx_word' id='word_1_220' title='bbox 2215 1196 2387 1274; x_wconf 80' lang='grc' dir='ltr'>ἔγωδε</span> <span class='ocrx_word' id='word_1_221' title='bbox 2426 1200 2769 1275; x_wconf 90' lang='grc' dir='ltr'>μυρίσματος</span> <span class='ocrx_word' id='word_1_222' title='bbox 2800 1198 2916 1252; x_wconf 76' lang='grc' dir='ltr'>ἀντὶ</span> <span class='ocrx_word' id='word_1_223' title='bbox 2957 1197 3157 1258; x_wconf 87' lang='grc' dir='ltr'>παντὸς</span> <span class='ocrx_word' id='word_1_224' title='bbox 3188 1192 3444 1262; x_wconf 78' lang='grc' dir='ltr'>εὐώδους,</span> 
     </span>
    </p>
   </div>
   <div class='ocr_carea' id='block_1_39' title="bbox 2028 1284 3490 1362">
    <p class='ocr_par' dir='ltr' id='par_1_39' title="bbox 2028 1284 3490 1362">
     <span class='ocr_line' id='line_1_39' title="bbox 2028 1284 3490 1362; baseline -0.005 -16"><span class='ocrx_word' id='word_1_225' title='bbox 2028 1291 2206 1346; x_wconf 74' lang='grc' dir='ltr'>Αὐτὸν</span> <span class='ocrx_word' id='word_1_226' title='bbox 2241 1289 2446 1344; x_wconf 81' lang='grc' dir='ltr'>ἐκεῖνον</span> <span class='ocrx_word' id='word_1_227' title='bbox 2477 1291 2751 1361; x_wconf 72' lang='grc' dir='ltr'>κτήσομαι</span> <span class='ocrx_word' id='word_1_228' title='bbox 2779 1288 2871 1342; x_wconf 88' lang='grc' dir='ltr'>τὸν</span> <span class='ocrx_word' id='word_1_229' title='bbox 2904 1284 3201 1341; x_wconf 83' lang='grc' dir='ltr'>κάλλιστον</span> <span class='ocrx_word' id='word_1_230' title='bbox 3234 1284 3490 1362; x_wconf 80' lang='grc' dir='ltr'>νυμφίον,</span> 
     </span>
    </p>
   </div>
   <div class='ocr_carea' id='block_1_40' title="bbox 2029 1372 3378 1455">
    <p class='ocr_par' dir='ltr' id='par_1_40' title="bbox 2029 1372 3378 1455">
     <span class='ocr_line' id='line_1_40' title="bbox 2029 1372 3378 1455; baseline -0.005 -20"><span class='ocrx_word' id='word_1_231' title='bbox 2029 1383 2230 1455; x_wconf 83' lang='grc' dir='ltr'>’Ὠσπερ</span> <span class='ocrx_word' id='word_1_232' title='bbox 2257 1376 2569 1449; x_wconf 82' lang='grc' dir='ltr'>ἀπόδεσμόν</span> <span class='ocrx_word' id='word_1_233' title='bbox 2599 1399 2715 1433; x_wconf 92' lang='grc' dir='ltr'>τινα</span> <span class='ocrx_word' id='word_1_234' title='bbox 2750 1375 2934 1451; x_wconf 88' lang='grc' dir='ltr'>μύρων</span> <span class='ocrx_word' id='word_1_235' title='bbox 2970 1372 3378 1443; x_wconf 75' lang='grc' dir='ltr'>εὐωδεστάτων,</span> 
     </span>
    </p>
   </div>
   <div class='ocr_carea' id='block_1_41' title="bbox 2031 1463 3404 1543">
    <p class='ocr_par' dir='ltr' id='par_1_41' title="bbox 2031 1463 3404 1543">
     <span class='ocr_line' id='line_1_41' title="bbox 2031 1463 3404 1543; baseline -0.007 -18"><span class='ocrx_word' id='word_1_236' title='bbox 2031 1469 2227 1532; x_wconf 86' lang='grc' dir='ltr'>Καλῶς</span> <span class='ocrx_word' id='word_1_237' title='bbox 2255 1470 2650 1543; x_wconf 68' lang='grc' dir='ltr'>ἀπαιωρήσασα</span> <span class='ocrx_word' id='word_1_238' title='bbox 2680 1468 2803 1542; x_wconf 72' lang='grc' dir='ltr'>περὶ</span> <span class='ocrx_word' id='word_1_239' title='bbox 2833 1466 2924 1521; x_wconf 88' lang='grc' dir='ltr'>τὸν</span> <span class='ocrx_word' id='word_1_240' title='bbox 2955 1463 3242 1541; x_wconf 85' lang='grc' dir='ltr'>τράχηλόν</span> <span class='ocrx_word' id='word_1_241' title='bbox 3278 1485 3404 1537; x_wconf 90' lang='grc' dir='ltr'>μου.</span> 
     </span>
    </p>
   </div>
   <div class='ocr_carea' id='block_1_42' title="bbox 2032 1552 3475 1632">
    <p class='ocr_par' dir='ltr' id='par_1_42' title="bbox 2032 1552 3475 1632">
     <span class='ocr_line' id='line_1_42' title="bbox 2032 1552 3475 1632; baseline -0.007 -15"><span class='ocrx_word' id='word_1_242' title='bbox 2032 1558 2265 1617; x_wconf 81' lang='grc' dir='ltr'>Μᾶλλον</span> <span class='ocrx_word' id='word_1_243' title='bbox 2296 1556 2354 1612; x_wconf 76' lang='grc' dir='ltr'>δὲ</span> <span class='ocrx_word' id='word_1_244' title='bbox 2390 1561 2551 1612; x_wconf 85' lang='grc' dir='ltr'>τοῦτο</span> <span class='ocrx_word' id='word_1_245' title='bbox 2582 1561 2831 1632; x_wconf 79' lang='grc' dir='ltr'>καθαρῶς</span> <span class='ocrx_word' id='word_1_246' title='bbox 2862 1554 3159 1609; x_wconf 78' lang='grc' dir='ltr'>αἰνίσσεται</span> <span class='ocrx_word' id='word_1_247' title='bbox 3188 1557 3267 1624; x_wconf 77' lang='grc' dir='ltr'>τῷ</span> <span class='ocrx_word' id='word_1_248' title='bbox 3300 1552 3475 1627; x_wconf 84' lang='grc' dir='ltr'>λόγῳ,</span> 
     </span>
    </p>
   </div>
   <div class='ocr_carea' id='block_1_43' title="bbox 2037 1642 3497 1721">
    <p class='ocr_par' dir='ltr' id='par_1_43' title="bbox 2037 1642 3497 1721">
     <span class='ocr_line' id='line_1_43' title="bbox 2037 1642 3497 1721; baseline -0.004 -19"><span class='ocrx_word' id='word_1_249' title='bbox 2037 1650 2156 1702; x_wconf 89' lang='grc' dir='ltr'>Ὃτι</span> <span class='ocrx_word' id='word_1_250' title='bbox 2190 1646 2299 1704; x_wconf 77' lang='grc' dir='ltr'>Κᾶν</span> <span class='ocrx_word' id='word_1_251' title='bbox 2328 1644 2498 1703; x_wconf 75' lang='grc' dir='ltr'>ἄλλαι</span> <span class='ocrx_word' id='word_1_252' title='bbox 2520 1651 2628 1701; x_wconf 88' lang='grc' dir='ltr'>τῶν</span> <span class='ocrx_word' id='word_1_253' title='bbox 2661 1649 2855 1721; x_wconf 83' lang='grc' dir='ltr'>ψυχῶν</span> <span class='ocrx_word' id='word_1_254' title='bbox 2885 1649 2965 1717; x_wconf 84' lang='grc' dir='ltr'>τῷ</span> <span class='ocrx_word' id='word_1_255' title='bbox 2998 1642 3105 1720; x_wconf 82' lang='grc' dir='ltr'>βίῳ</span> <span class='ocrx_word' id='word_1_256' title='bbox 3135 1642 3497 1720; x_wconf 74' lang='grc' dir='ltr'>πεφυρμέναι,</span> 
     </span>
    </p>
   </div>
   <div class='ocr_carea' id='block_1_44' title="bbox 2041 1729 3699 1815">
    <p class='ocr_par' dir='ltr' id='par_1_44' title="bbox 2041 1729 3699 1815">
     <span class='ocr_line' id='line_1_44' title="bbox 2041 1729 3699 1815; baseline -0.005 -22"><span class='ocrx_word' id='word_1_257' title='bbox 2041 1734 2253 1800; x_wconf 81' lang='grc' dir='ltr'>Ἀλλας</span> <span class='ocrx_word' id='word_1_258' title='bbox 2327 1732 2619 1815; x_wconf 81' lang='grc' dir='ltr'>φροντίδας</span> <span class='ocrx_word' id='word_1_259' title='bbox 2702 1729 2905 1810; x_wconf 78' lang='grc' dir='ltr'>ἔχωσιν</span> <span class='ocrx_word' id='word_1_260' title='bbox 2989 1737 3097 1788; x_wconf 88' lang='grc' dir='ltr'>τῶν</span> <span class='ocrx_word' id='word_1_261' title='bbox 3164 1735 3445 1807; x_wconf 87' lang='grc' dir='ltr'>κοσμικῶν</span> <span class='ocrx_word' id='word_1_262' title='bbox 3521 1750 3699 1815; x_wconf 84' lang='grc' dir='ltr'>πραγ-</span> 
     </span>
    </p>
   </div>
   <div class='ocr_carea' id='block_1_45' title="bbox 3400 1819 3629 1895">
    <p class='ocr_par' dir='ltr' id='par_1_45' title="bbox 3400 1819 3629 1895">
     <span class='ocr_line' id='line_1_45' title="bbox 3400 1819 3629 1895; baseline 0 -20"><span class='ocrx_word' id='word_1_263' title='bbox 3400 1819 3629 1895; x_wconf 80' lang='grc' dir='ltr'>[μάτων,</span> 
     </span>
    </p>
   </div>
   <div class='ocr_carea' id='block_1_46' title="bbox 2052 1910 3627 1993">
    <p class='ocr_par' dir='ltr' id='par_1_46' title="bbox 2052 1910 3627 1993">
     <span class='ocr_line' id='line_1_46' title="bbox 2052 1910 3627 1993; baseline -0.008 -17"><span class='ocrx_word' id='word_1_264' title='bbox 2052 1917 2181 1993; x_wconf 89' lang='grc' dir='ltr'>Εγὼ</span> <span class='ocrx_word' id='word_1_265' title='bbox 2212 1914 2258 1972; x_wconf 88' lang='grc' dir='ltr'>δ’</span> <span class='ocrx_word' id='word_1_266' title='bbox 2285 1913 2462 1986; x_wconf 81' lang='grc' dir='ltr'>ἄλλην</span> <span class='ocrx_word' id='word_1_267' title='bbox 2494 1917 2594 1985; x_wconf 82' lang='grc' dir='ltr'>τήν</span> <span class='ocrx_word' id='word_1_268' title='bbox 2620 1911 2826 1984; x_wconf 73' lang='grc' dir='ltr'>ἡδονὴν</span> <span class='ocrx_word' id='word_1_269' title='bbox 2855 1914 3056 1989; x_wconf 88' lang='grc' dir='ltr'>γνοῦσά</span> <span class='ocrx_word' id='word_1_270' title='bbox 3089 1933 3193 1985; x_wconf 90' lang='grc' dir='ltr'>μου</span> <span class='ocrx_word' id='word_1_271' title='bbox 3232 1915 3331 1967; x_wconf 89' lang='grc' dir='ltr'>τοῦ</span> <span class='ocrx_word' id='word_1_272' title='bbox 3371 1910 3627 1989; x_wconf 83' lang='grc' dir='ltr'>νυμφίου⁹</span> 
     </span>
    </p>
   </div>
   <div class='ocr_carea' id='block_1_47' title="bbox 2040 1998 3403 2081">
    <p class='ocr_par' dir='ltr' id='par_1_47' title="bbox 2040 1998 3403 2081">
     <span class='ocr_line' id='line_1_47' title="bbox 2040 1998 3403 2081; baseline -0.006 -20"><span class='ocrx_word' id='word_1_273' title='bbox 2040 2006 2213 2063; x_wconf 81' lang='grc' dir='ltr'>Αὐτὸν</span> <span class='ocrx_word' id='word_1_274' title='bbox 2246 2005 2469 2081; x_wconf 80' lang='grc' dir='ltr'>χαράξω</span> <span class='ocrx_word' id='word_1_275' title='bbox 2497 2008 2617 2066; x_wconf 87' lang='grc' dir='ltr'>ταῖς</span> <span class='ocrx_word' id='word_1_276' title='bbox 2649 2002 2812 2075; x_wconf 75' lang='grc' dir='ltr'>πλαξὶ</span> <span class='ocrx_word' id='word_1_277' title='bbox 2842 2008 2942 2073; x_wconf 77' lang='grc' dir='ltr'>τῆς</span> <span class='ocrx_word' id='word_1_278' title='bbox 2972 2000 3110 2074; x_wconf 77' lang='grc' dir='ltr'>ἐμῆς</span> <span class='ocrx_word' id='word_1_279' title='bbox 3141 1998 3366 2075; x_wconf 76' lang='grc' dir='ltr'>καρδίας</span> <span class='ocrx_word' id='word_1_280' title='bbox 3391 2017 3403 2029; x_wconf 89' lang='grc'><strong>·</strong></span> 
     </span>
    </p>
   </div>
   <div class='ocr_carea' id='block_1_48' title="bbox 2040 2088 3520 2171">
    <p class='ocr_par' dir='ltr' id='par_1_48' title="bbox 2040 2088 3520 2171">
     <span class='ocr_line' id='line_1_48' title="bbox 2040 2088 3520 2171; baseline -0.005 -18"><span class='ocrx_word' id='word_1_281' title='bbox 2040 2099 2275 2156; x_wconf 81' lang='grc' dir='ltr'>Μαστῶν</span> <span class='ocrx_word' id='word_1_282' title='bbox 2309 2095 2411 2171; x_wconf 80' lang='grc' dir='ltr'>γὰρ</span> <span class='ocrx_word' id='word_1_283' title='bbox 2448 2095 2610 2168; x_wconf 92' lang='grc' dir='ltr'>μέσον</span> <span class='ocrx_word' id='word_1_284' title='bbox 2644 2094 2874 2170; x_wconf 83' lang='grc' dir='ltr'>πέφυκεν</span> <span class='ocrx_word' id='word_1_285' title='bbox 2901 2092 2929 2146; x_wconf 85' lang='grc' dir='ltr'>ὁ</span> <span class='ocrx_word' id='word_1_286' title='bbox 2952 2090 3120 2153; x_wconf 86' lang='grc' dir='ltr'>τόπος</span> <span class='ocrx_word' id='word_1_287' title='bbox 3150 2096 3249 2161; x_wconf 78' lang='grc' dir='ltr'>τῆς</span> <span class='ocrx_word' id='word_1_288' title='bbox 3276 2088 3520 2165; x_wconf 82' lang='grc' dir='ltr'>καρδίας.</span> 
     </span>
    </p>
   </div>
   <div class='ocr_carea' id='block_1_49' title="bbox 2608 2181 3105 2255">
    <p class='ocr_par' dir='ltr' id='par_1_49' title="bbox 2608 2181 3105 2255">
     <span class='ocr_line' id='line_1_49' title="bbox 2608 2181 3105 2255; baseline -0.004 -18"><span class='ocrx_word' id='word_1_289' title='bbox 2608 2186 2725 2237; x_wconf 90' lang='grc' dir='ltr'>Τῶν</span> <span class='ocrx_word' id='word_1_290' title='bbox 2756 2188 2799 2255; x_wconf 58' lang='grc' dir='ltr'><em>Υ</em></span> <span class='ocrx_word' id='word_1_291' title='bbox 2828 2181 3105 2255; x_wconf 75' lang='grc' dir='ltr'>Ματέρων.</span> 
     </span>
    </p>
   </div>
   <div class='ocr_carea' id='block_1_50' title="bbox 2115 2265 3698 2349">
    <p class='ocr_par' dir='ltr' id='par_1_50' title="bbox 2115 2265 3698 2349">
     <span class='ocr_line' id='line_1_50' title="bbox 2115 2265 3698 2349; baseline -0.004 -21"><span class='ocrx_word' id='word_1_292' title='bbox 2115 2277 2320 2349; x_wconf 89' lang='grc' dir='ltr'>Βότρυς</span> <span class='ocrx_word' id='word_1_293' title='bbox 2350 2275 2450 2340; x_wconf 78' lang='grc' dir='ltr'>τῆς</span> <span class='ocrx_word' id='word_1_294' title='bbox 2508 2272 2725 2346; x_wconf 79' lang='grc' dir='ltr'>Κύπρου</span> <span class='ocrx_word' id='word_1_295' title='bbox 2773 2266 3064 2344; x_wconf 85' lang='grc' dir='ltr'>ἆδελφιδός</span> <span class='ocrx_word' id='word_1_296' title='bbox 3125 2288 3229 2341; x_wconf 92' lang='grc' dir='ltr'>μου</span> <span class='ocrx_word' id='word_1_297' title='bbox 3288 2268 3413 2340; x_wconf 68' lang='grc' dir='ltr'>ἐμοὶ</span> <span class='ocrx_word' id='word_1_298' title='bbox 3472 2265 3524 2321; x_wconf 84' lang='grc' dir='ltr'>έν</span> <span class='ocrx_word' id='word_1_299' title='bbox 3583 2266 3698 2340; x_wconf 84' lang='grc' dir='ltr'>ἆμ-</span> 
     </span>
    </p>
   </div>
   <div class='ocr_carea' id='block_1_51' title="bbox 2042 2358 2588 2437">
    <p class='ocr_par' dir='ltr' id='par_1_51' title="bbox 2042 2358 2588 2437">
     <span class='ocr_line' id='line_1_51' title="bbox 2042 2358 2588 2437; baseline -0.007 -19"><span class='ocrx_word' id='word_1_300' title='bbox 2042 2362 2282 2418; x_wconf 89' lang='grc' dir='ltr'>πελῶσιν</span> <span class='ocrx_word' id='word_1_301' title='bbox 2311 2358 2588 2437; x_wconf 84' lang='grc' dir='ltr'>Ἐγγαδδί.</span> 
     </span>
    </p>
   </div>
   <div class='ocr_carea' id='block_1_52' title="bbox 2113 2441 3700 2521">
    <p class='ocr_par' dir='ltr' id='par_1_52' title="bbox 2113 2441 3700 2521">
     <span class='ocr_line' id='line_1_52' title="bbox 2113 2441 3700 2521; baseline -0.007 -14"><span class='ocrx_word' id='word_1_302' title='bbox 2113 2453 2293 2520; x_wconf 85' lang='grc' dir='ltr'>”Ητοι,</span> <span class='ocrx_word' id='word_1_303' title='bbox 2328 2448 2483 2520; x_wconf 89' lang='grc' dir='ltr'>δίκην</span> <span class='ocrx_word' id='word_1_304' title='bbox 2529 2446 2809 2521; x_wconf 78' lang='grc' dir='ltr'>σταφυλῆς</span> <span class='ocrx_word' id='word_1_305' title='bbox 2869 2444 2947 2501; x_wconf 82' lang='grc' dir='ltr'>ἔτι</span> <span class='ocrx_word' id='word_1_306' title='bbox 2998 2443 3284 2517; x_wconf 78' lang='grc' dir='ltr'>ἀνθούσης,</span> <span class='ocrx_word' id='word_1_307' title='bbox 3332 2442 3423 2499; x_wconf 82' lang='grc' dir='ltr'>καί</span> <span class='ocrx_word' id='word_1_308' title='bbox 3470 2444 3559 2498; x_wconf 86' lang='grc' dir='ltr'>τὸν</span> <span class='ocrx_word' id='word_1_309' title='bbox 3608 2441 3700 2496; x_wconf 81' lang='grc' dir='ltr'>εύ-</span> 
     </span>
    </p>
   </div>
   <div class='ocr_carea' id='block_1_53' title="bbox 2045 2530 3699 2617">
    <p class='ocr_par' dir='ltr' id='par_1_53' title="bbox 2045 2530 3699 2617">
     <span class='ocr_line' id='line_1_53' title="bbox 2045 2530 3699 2617; baseline -0.007 -21"><span class='ocrx_word' id='word_1_310' title='bbox 2045 2542 2332 2617; x_wconf 85' lang='grc' dir='ltr'>φραντικὸν</span> <span class='ocrx_word' id='word_1_311' title='bbox 2366 2546 2463 2608; x_wconf 77' lang='grc' dir='ltr'>τῆς</span> <span class='ocrx_word' id='word_1_312' title='bbox 2492 2536 2714 2614; x_wconf 84' lang='grc' dir='ltr'>καρδίας</span> <span class='ocrx_word' id='word_1_313' title='bbox 2749 2537 2891 2591; x_wconf 76' lang='grc' dir='ltr'>οἶνον</span> <span class='ocrx_word' id='word_1_314' title='bbox 2943 2531 3452 2610; x_wconf 77' lang='grc' dir='ltr'>έπαγγελλομένης,</span> <span class='ocrx_word' id='word_1_315' title='bbox 3503 2532 3529 2586; x_wconf 86' lang='grc' dir='ltr'>ὁ</span> <span class='ocrx_word' id='word_1_316' title='bbox 3562 2530 3699 2604; x_wconf 81' lang='grc' dir='ltr'>ἀγα-</span> 
     </span>
    </p>
   </div>
   <div class='ocr_carea' id='block_1_54' title="bbox 2043 2619 3697 2701">
    <p class='ocr_par' dir='ltr' id='par_1_54' title="bbox 2043 2619 3697 2701">
     <span class='ocr_line' id='line_1_54' title="bbox 2043 2619 3697 2701; baseline -0.007 -17"><span class='ocrx_word' id='word_1_317' title='bbox 2043 2631 2213 2700; x_wconf 80' lang='grc' dir='ltr'>πητός</span> <span class='ocrx_word' id='word_1_318' title='bbox 2280 2651 2383 2701; x_wconf 93' lang='grc' dir='ltr'>μου</span> <span class='ocrx_word' id='word_1_319' title='bbox 2436 2624 2861 2701; x_wconf 82' lang='grc' dir='ltr'>καρποφορεῖταί</span> <span class='ocrx_word' id='word_1_320' title='bbox 2924 2645 3015 2695; x_wconf 91' lang='grc' dir='ltr'>μοι</span> <span class='ocrx_word' id='word_1_321' title='bbox 3077 2621 3164 2677; x_wconf 86' lang='grc' dir='ltr'>διὰ</span> <span class='ocrx_word' id='word_1_322' title='bbox 3218 2624 3318 2691; x_wconf 80' lang='grc' dir='ltr'>τήν</span> <span class='ocrx_word' id='word_1_323' title='bbox 3378 2620 3515 2691; x_wconf 72' lang='grc' dir='ltr'>ἐμὴν</span> <span class='ocrx_word' id='word_1_324' title='bbox 3574 2619 3697 2673; x_wconf 77' lang='grc' dir='ltr'>διτέ-</span> 
     </span>
    </p>
   </div>
   <div class='ocr_carea' id='block_1_55' title="bbox 2045 2705 3695 2789">
    <p class='ocr_par' dir='ltr' id='par_1_55' title="bbox 2045 2705 3695 2789">
     <span class='ocr_line' id='line_1_55' title="bbox 2045 2705 3695 2789; baseline -0.008 -14"><span class='ocrx_word' id='word_1_325' title='bbox 2045 2718 2217 2785; x_wconf 90' lang='grc' dir='ltr'>λειαν,</span> <span class='ocrx_word' id='word_1_326' title='bbox 2260 2720 2334 2779; x_wconf 84' lang='grc' dir='ltr'>ὡς</span> <span class='ocrx_word' id='word_1_327' title='bbox 2388 2716 2437 2771; x_wconf 85' lang='grc' dir='ltr'>έν</span> <span class='ocrx_word' id='word_1_328' title='bbox 2498 2713 2784 2789; x_wconf 77' lang='grc' dir='ltr'>ἀμπελῶσι</span> <span class='ocrx_word' id='word_1_329' title='bbox 2839 2718 2958 2774; x_wconf 85' lang='grc' dir='ltr'>ταῖς</span> <span class='ocrx_word' id='word_1_330' title='bbox 3018 2710 3303 2788; x_wconf 83' lang='grc' dir='ltr'>διαφόροις</span> <span class='ocrx_word' id='word_1_331' title='bbox 3358 2715 3464 2763; x_wconf 90' lang='grc' dir='ltr'>τῶν</span> <span class='ocrx_word' id='word_1_332' title='bbox 3525 2705 3695 2763; x_wconf 78' lang='grc' dir='ltr'>ὅντων</span> 
     </span>
    </p>
   </div>
   <div class='ocr_carea' id='block_1_56' title="bbox 2044 2799 3695 2886">
    <p class='ocr_par' dir='ltr' id='par_1_56' title="bbox 2044 2799 3695 2886">
     <span class='ocr_line' id='line_1_56' title="bbox 2044 2799 3695 2886; baseline -0.006 -25"><span class='ocrx_word' id='word_1_333' title='bbox 2044 2806 2282 2886; x_wconf 77' lang='grc' dir='ltr'>φύσεσιν,</span> <span class='ocrx_word' id='word_1_334' title='bbox 2317 2804 2370 2859; x_wconf 81' lang='grc' dir='ltr'>α’ί</span> <span class='ocrx_word' id='word_1_335' title='bbox 2403 2804 2533 2859; x_wconf 81' lang='grc' dir='ltr'>εἰσιν</span> <span class='ocrx_word' id='word_1_336' title='bbox 2586 2802 2833 2879; x_wconf 79' lang='grc' dir='ltr'>διοραταὶ</span> <span class='ocrx_word' id='word_1_337' title='bbox 2890 2806 2969 2874; x_wconf 81' lang='grc' dir='ltr'>τῷ</span> <span class='ocrx_word' id='word_1_338' title='bbox 3031 2799 3299 2879; x_wconf 78' lang='grc' dir='ltr'>ὀφθαλμῷ</span> <span class='ocrx_word' id='word_1_339' title='bbox 3354 2804 3451 2853; x_wconf 88' lang='grc' dir='ltr'>τοῦ</span> <span class='ocrx_word' id='word_1_340' title='bbox 3506 2818 3695 2873; x_wconf 90' lang='grc' dir='ltr'>πειρα-</span> 
     </span>
    </p>
   </div>
   <div class='ocr_carea' id='block_1_57' title="bbox 2042 2885 3700 2972">
    <p class='ocr_par' dir='ltr' id='par_1_57' title="bbox 2042 2885 3700 2972">
     <span class='ocr_line' id='line_1_57' title="bbox 2042 2885 3700 2972; baseline -0.007 -21"><span class='ocrx_word' id='word_1_341' title='bbox 2042 2885 2255 2972; x_wconf 84' lang='grc' dir='ltr'>τηρίου.</span> <span class='ocrx_word' id='word_1_342' title='bbox 2310 2899 2476 2970; x_wconf 85' lang='grc' dir='ltr'>Ὅπερ</span> <span class='ocrx_word' id='word_1_343' title='bbox 2536 2892 2891 2969; x_wconf 75' lang='grc' dir='ltr'>ἑρμηνεύεται</span> <span class='ocrx_word' id='word_1_344' title='bbox 2946 2892 3007 2946; x_wconf 82' lang='grc' dir='ltr'>τὸ</span> <span class='ocrx_word' id='word_1_345' title='bbox 3058 2887 3255 2945; x_wconf 86' lang='grc' dir='ltr'>Γαδδί·</span> <span class='ocrx_word' id='word_1_346' title='bbox 3317 2885 3576 2957; x_wconf 84' lang='grc' dir='ltr'>δηλονότι</span> 
     </span>
    </p>
   </div>
   <div class='ocr_carea' id='block_1_58' title="bbox 2045 2974 3696 3060">
    <p class='ocr_par' dir='ltr' id='par_1_58' title="bbox 2045 2974 3696 3060">
     <span class='ocr_line' id='line_1_58' title="bbox 2045 2974 3696 3060; baseline -0.007 -20"><span class='ocrx_word' id='word_1_347' title='bbox 2045 2982 2165 3060; x_wconf 70' lang='grc' dir='ltr'>ὄψει</span> <span class='ocrx_word' id='word_1_348' title='bbox 2221 2989 2319 3040; x_wconf 86' lang='grc' dir='ltr'>τοῦ</span> <span class='ocrx_word' id='word_1_349' title='bbox 2356 2983 2730 3059; x_wconf 80' lang='grc' dir='ltr'>βασανίζοντος</span> <span class='ocrx_word' id='word_1_350' title='bbox 2760 2982 2855 3043; x_wconf 82' lang='grc' dir='ltr'>τὰς</span> <span class='ocrx_word' id='word_1_351' title='bbox 2902 2981 3105 3057; x_wconf 82' lang='grc' dir='ltr'>φύσεις,</span> <span class='ocrx_word' id='word_1_352' title='bbox 3136 2978 3225 3034; x_wconf 85' lang='grc' dir='ltr'>καὶ</span> <span class='ocrx_word' id='word_1_353' title='bbox 3273 2979 3372 3045; x_wconf 70' lang='grc' dir='ltr'>τὴν</span> <span class='ocrx_word' id='word_1_354' title='bbox 3433 2975 3485 3030; x_wconf 86' lang='grc' dir='ltr'>έν</span> <span class='ocrx_word' id='word_1_355' title='bbox 3544 2974 3696 3037; x_wconf 80' lang='grc' dir='ltr'>ὅλοις</span> 
     </span>
    </p>
   </div>
   <div class='ocr_carea' id='block_1_59' title="bbox 2044 3062 3697 3148">
    <p class='ocr_par' dir='ltr' id='par_1_59' title="bbox 2044 3062 3697 3148">
     <span class='ocr_line' id='line_1_59' title="bbox 2044 3062 3697 3148; baseline -0.007 -18"><span class='ocrx_word' id='word_1_356' title='bbox 2044 3074 2304 3145; x_wconf 69' lang='grc' dir='ltr'>ἀλήθειαν</span> <span class='ocrx_word' id='word_1_357' title='bbox 2357 3074 2682 3148; x_wconf 82' lang='grc' dir='ltr'>ἐρευνῶντος</span> <span class='ocrx_word' id='word_1_358' title='bbox 2734 3069 2928 3145; x_wconf 84' lang='grc' dir='ltr'>λόγου.</span> <span class='ocrx_word' id='word_1_359' title='bbox 2963 3068 3150 3130; x_wconf 73' lang='grc' dir='ltr'>Οὕτως</span> <span class='ocrx_word' id='word_1_360' title='bbox 3199 3067 3302 3143; x_wconf 77' lang='grc' dir='ltr'>γὰρ</span> <span class='ocrx_word' id='word_1_361' title='bbox 3360 3064 3557 3126; x_wconf 84' lang='grc' dir='ltr'>ταύτας</span> <span class='ocrx_word' id='word_1_362' title='bbox 3608 3062 3697 3119; x_wconf 86' lang='grc' dir='ltr'>δι-</span> 
     </span>
    </p>
   </div>
   <div class='ocr_carea' id='block_1_60' title="bbox 2046 3151 3693 3239">
    <p class='ocr_par' dir='ltr' id='par_1_60' title="bbox 2046 3151 3693 3239">
     <span class='ocr_line' id='line_1_60' title="bbox 2046 3151 3693 3239; baseline -0.008 -20"><span class='ocrx_word' id='word_1_363' title='bbox 2046 3164 2409 3239; x_wconf 83' lang='grc' dir='ltr'>εριυνὼμενος</span> <span class='ocrx_word' id='word_1_364' title='bbox 2440 3163 2513 3223; x_wconf 85' lang='grc' dir='ltr'>ὡς</span> <span class='ocrx_word' id='word_1_365' title='bbox 2540 3163 2799 3216; x_wconf 84' lang='grc' dir='ltr'>ἀνθοῦντα</span> <span class='ocrx_word' id='word_1_366' title='bbox 2834 3158 3026 3235; x_wconf 85' lang='grc' dir='ltr'>βότρυν</span> <span class='ocrx_word' id='word_1_367' title='bbox 3085 3161 3201 3218; x_wconf 83' lang='grc' dir='ltr'>τοῖς</span> <span class='ocrx_word' id='word_1_368' title='bbox 3244 3155 3452 3210; x_wconf 85' lang='grc' dir='ltr'>τούτων</span> <span class='ocrx_word' id='word_1_369' title='bbox 3507 3151 3693 3228; x_wconf 88' lang='grc' dir='ltr'>λόγοις</span> 
     </span>
    </p>
   </div>
   <div class='ocr_carea' id='block_1_61' title="bbox 290 3238 1929 3330">
    <p class='ocr_par' dir='ltr' id='par_1_61' title="bbox 290 3245 1929 3323">
     <span class='ocr_line' id='line_1_61' title="bbox 290 3245 1929 3323; baseline 0.006 -24"><span class='ocrx_word' id='word_1_370' title='bbox 290 3245 567 3312; x_wconf 89' lang='lat' dir='ltr'>movebit,</span> <span class='ocrx_word' id='word_1_371' title='bbox 598 3262 733 3301; x_wconf 90' lang='lat' dir='ltr'>cum</span> <span class='ocrx_word' id='word_1_372' title='bbox 782 3247 1063 3319; x_wconf 89' lang='lat' dir='ltr'>diversas,</span> <span class='ocrx_word' id='word_1_373' title='bbox 1097 3266 1223 3321; x_wconf 79' lang='lat' dir='ltr'>quae</span> <span class='ocrx_word' id='word_1_374' title='bbox 1273 3251 1331 3305; x_wconf 93' lang='lat' dir='ltr'>in</span> <span class='ocrx_word' id='word_1_375' title='bbox 1384 3252 1603 3308; x_wconf 90' lang='lat' dir='ltr'>mundo</span> <span class='ocrx_word' id='word_1_376' title='bbox 1652 3258 1812 3323; x_wconf 91' lang='lat' dir='ltr'>sunt,</span> <span class='ocrx_word' id='word_1_377' title='bbox 1844 3270 1929 3309; x_wconf 91' lang='lat' dir='ltr'>ra-</span> 
     </span>
    </p>
   </div>
   <div class='ocr_carea' id='block_1_62' title="bbox 2059 3238 3697 3330">
    <p class='ocr_par' dir='ltr' id='par_1_62' title="bbox 2059 3238 3697 3330">
     <span class='ocr_line' id='line_1_62' title="bbox 2059 3238 3697 3330; baseline -0.007 -23"><span class='ocrx_word' id='word_1_378' title='bbox 2059 3238 2385 3330; x_wconf 68' lang='grc' dir='ltr'>ιαρποφορεῖ</span> <span class='ocrx_word' id='word_1_379' title='bbox 2427 3251 2529 3319; x_wconf 79' lang='grc' dir='ltr'>τὴν</span> <span class='ocrx_word' id='word_1_380' title='bbox 2582 3247 2867 3320; x_wconf 69' lang='grc' dir='ltr'>ἀλήθειαν,</span> <span class='ocrx_word' id='word_1_381' title='bbox 2898 3247 3021 3316; x_wconf 68' lang='grc' dir='ltr'>ἥτις</span> <span class='ocrx_word' id='word_1_382' title='bbox 3052 3246 3230 3320; x_wconf 81' lang='grc' dir='ltr'>ὥσπερ</span> <span class='ocrx_word' id='word_1_383' title='bbox 3276 3265 3359 3306; x_wconf 92' lang='grc' dir='ltr'>τις</span> <span class='ocrx_word' id='word_1_384' title='bbox 3406 3246 3553 3306; x_wconf 78' lang='grc' dir='ltr'>οἶνος</span> <span class='ocrx_word' id='word_1_385' title='bbox 3605 3242 3697 3296; x_wconf 86' lang='grc' dir='ltr'>τὸν</span> 
     </span>
    </p>
   </div>
   <div class='ocr_carea' id='block_1_63' title="bbox 287 3332 1508 3412">
    <p class='ocr_par' dir='ltr' id='par_1_63' title="bbox 287 3332 1508 3412">
     <span class='ocr_line' id='line_1_63' title="bbox 287 3332 1508 3412; baseline 0.005 -23"><span class='ocrx_word' id='word_1_386' title='bbox 287 3334 476 3391; x_wconf 85' lang='lat' dir='ltr'>tiones</span> <span class='ocrx_word' id='word_1_387' title='bbox 505 3332 565 3389; x_wconf 92' lang='lat' dir='ltr'>in</span> <span class='ocrx_word' id='word_1_388' title='bbox 600 3351 660 3391; x_wconf 88' lang='lat' dir='ltr'>se</span> <span class='ocrx_word' id='word_1_389' title='bbox 688 3335 819 3407; x_wconf 88' lang='lat' dir='ltr'>ipsa</span> <span class='ocrx_word' id='word_1_390' title='bbox 847 3342 1078 3394; x_wconf 86' lang='lat' dir='ltr'>coactas</span> <span class='ocrx_word' id='word_1_391' title='bbox 1109 3338 1508 3412; x_wconf 85' lang='lat' dir='ltr'>amplectetur.</span> 
     </span>
    </p>
   </div>
   <div class='ocr_carea' id='block_1_64' title="bbox 1025 3516 1213 3571">
    <p class='ocr_par' dir='ltr' id='par_1_64' title="bbox 1025 3516 1213 3571">
     <span class='ocr_line' id='line_1_64' title="bbox 1025 3516 1213 3571; baseline 0 -1"><span class='ocrx_word' id='word_1_392' title='bbox 1025 3516 1213 3571; x_wconf 80' lang='lat' dir='ltr'>Pselli.</span> 
     </span>
    </p>
   </div>
   <div class='ocr_carea' id='block_1_65' title="bbox 359 3603 1934 3680">
    <p class='ocr_par' dir='ltr' id='par_1_65' title="bbox 359 3603 1934 3680">
     <span class='ocr_line' id='line_1_65' title="bbox 359 3603 1934 3680; baseline 0.008 -28"><span class='ocrx_word' id='word_1_393' title='bbox 359 3603 439 3654; x_wconf 84' lang='lat' dir='ltr'>Ex</span> <span class='ocrx_word' id='word_1_394' title='bbox 468 3616 698 3672; x_wconf 69' lang='lat' dir='ltr'>sponsae</span> <span class='ocrx_word' id='word_1_395' title='bbox 727 3603 918 3658; x_wconf 89' lang='lat' dir='ltr'>verbis</span> <span class='ocrx_word' id='word_1_396' title='bbox 966 3606 1232 3676; x_wconf 69' lang='lat' dir='ltr'>quaedam</span> <span class='ocrx_word' id='word_1_397' title='bbox 1284 3612 1621 3678; x_wconf 87' lang='lat' dir='ltr'>supersunt,</span> <span class='ocrx_word' id='word_1_398' title='bbox 1645 3626 1772 3679; x_wconf 68' lang='lat' dir='ltr'>quae</span> <span class='ocrx_word' id='word_1_399' title='bbox 1804 3610 1934 3680; x_wconf 91' lang='lat' dir='ltr'>qui-</span> 
     </span>
    </p>
   </div>
   <div class='ocr_carea' id='block_1_66' title="bbox 279 3689 1932 3767">
    <p class='ocr_par' dir='ltr' id='par_1_66' title="bbox 279 3689 1932 3767">
     <span class='ocr_line' id='line_1_66' title="bbox 279 3689 1932 3767; baseline 0.007 -25"><span class='ocrx_word' id='word_1_400' title='bbox 279 3689 412 3743; x_wconf 90' lang='lat' dir='ltr'>dem</span> <span class='ocrx_word' id='word_1_401' title='bbox 443 3705 600 3744; x_wconf 89' lang='lat' dir='ltr'>nunc</span> <span class='ocrx_word' id='word_1_402' title='bbox 630 3706 735 3760; x_wconf 91' lang='lat' dir='ltr'>pro</span> <span class='ocrx_word' id='word_1_403' title='bbox 766 3690 990 3747; x_wconf 91' lang='lat' dir='ltr'>viribus</span> <span class='ocrx_word' id='word_1_404' title='bbox 1034 3698 1174 3748; x_wconf 91' lang='lat' dir='ltr'>sunt</span> <span class='ocrx_word' id='word_1_405' title='bbox 1219 3695 1565 3767; x_wconf 85' lang='lat' dir='ltr'>explicanda</span> <span class='ocrx_word' id='word_1_406' title='bbox 1597 3714 1609 3752; x_wconf 92' lang='lat'>:</span> <span class='ocrx_word' id='word_1_407' title='bbox 1645 3698 1730 3753; x_wconf 87' lang='lat' dir='ltr'>sic</span> <span class='ocrx_word' id='word_1_408' title='bbox 1776 3699 1932 3754; x_wconf 91' lang='lat' dir='ltr'>enim</span> 
     </span>
    </p>
   </div>
   <div class='ocr_carea' id='block_1_67' title="bbox 281 3777 1110 3853">
    <p class='ocr_par' dir='ltr' id='par_1_67' title="bbox 281 3777 1110 3853">
     <span class='ocr_line' id='line_1_67' title="bbox 281 3777 1110 3853; baseline 0.007 -22"><span class='ocrx_word' id='word_1_409' title='bbox 281 3777 445 3849; x_wconf 90' lang='lat' dir='ltr'>ipsos</span> <span class='ocrx_word' id='word_1_410' title='bbox 476 3778 717 3850; x_wconf 87' lang='lat' dir='ltr'>angelos</span> <span class='ocrx_word' id='word_1_411' title='bbox 749 3780 1069 3853; x_wconf 90' lang='lat' dir='ltr'>alloquitur</span> <span class='ocrx_word' id='word_1_412' title='bbox 1098 3798 1110 3836; x_wconf 91' lang='lat'><strong>:</strong></span> 
     </span>
    </p>
   </div>
   <div class='ocr_carea' id='block_1_68' title="bbox 358 3902 1937 3980">
    <p class='ocr_par' dir='ltr' id='par_1_68' title="bbox 358 3902 1937 3980">
     <span class='ocr_line' id='line_1_68' title="bbox 358 3902 1937 3980; baseline 0.008 -25"><span class='ocrx_word' id='word_1_413' title='bbox 358 3902 554 3957; x_wconf 70' lang='lat' dir='ltr'>Botrus</span> <span class='ocrx_word' id='word_1_414' title='bbox 604 3903 772 3975; x_wconf 82' lang='lat' dir='ltr'>Cypri</span> <span class='ocrx_word' id='word_1_415' title='bbox 824 3907 1027 3961; x_wconf 74' lang='lat' dir='ltr'>sororis</span> <span class='ocrx_word' id='word_1_416' title='bbox 1073 3923 1214 3965; x_wconf 66' lang='lat' dir='ltr'>mea?</span> <span class='ocrx_word' id='word_1_417' title='bbox 1263 3909 1420 3980; x_wconf 79' lang='lat' dir='ltr'>ﬁlius</span> <span class='ocrx_word' id='word_1_418' title='bbox 1466 3912 1608 3966; x_wconf 82' lang='lat' dir='ltr'>mihi</span> <span class='ocrx_word' id='word_1_419' title='bbox 1656 3913 1717 3967; x_wconf 85' lang='lat' dir='ltr'>in</span> <span class='ocrx_word' id='word_1_420' title='bbox 1762 3911 1937 3968; x_wconf 71' lang='lat' dir='ltr'>vineis</span> 
     </span>
    </p>
   </div>
   <div class='ocr_carea' id='block_1_69' title="bbox 285 3992 553 4062">
    <p class='ocr_par' dir='ltr' id='par_1_69' title="bbox 285 3992 553 4062">
     <span class='ocr_line' id='line_1_69' title="bbox 285 3992 553 4062; baseline 0.007 -17"><span class='ocrx_word' id='word_1_421' title='bbox 285 3992 553 4062; x_wconf 85' lang='lat' dir='ltr'>Engaddi.</span> 
     </span>
    </p>
   </div>
   <div class='ocr_carea' id='block_1_70' title="bbox 357 4080 1934 4160">
    <p class='ocr_par' dir='ltr' id='par_1_70' title="bbox 357 4080 1934 4160">
     <span class='ocr_line' id='line_1_70' title="bbox 357 4080 1934 4160; baseline 0.006 -25"><span class='ocrx_word' id='word_1_422' title='bbox 357 4080 401 4135; x_wconf 94' lang='grc' dir='ltr'><strong>Ο</strong></span> <span class='ocrx_word' id='word_1_423' title='bbox 434 4081 769 4152; x_wconf 70' lang='lat' dir='ltr'>praeclaram</span> <span class='ocrx_word' id='word_1_424' title='bbox 806 4086 1232 4157; x_wconf 84' lang='lat' dir='ltr'>progressionis</span> <span class='ocrx_word' id='word_1_425' title='bbox 1257 4105 1482 4160; x_wconf 79' lang='lat' dir='ltr'>sponsae</span> <span class='ocrx_word' id='word_1_426' title='bbox 1516 4090 1934 4147; x_wconf 84' lang='lat' dir='ltr'>mutationem!</span> 
     </span>
    </p>
   </div>
   <div class='ocr_carea' id='block_1_71' title="bbox 286 4170 1938 4252">
    <p class='ocr_par' dir='ltr' id='par_1_71' title="bbox 286 4170 1938 4252">
     <span class='ocr_line' id='line_1_71' title="bbox 286 4170 1938 4252; baseline 0.008 -30"><span class='ocrx_word' id='word_1_427' title='bbox 286 4170 420 4235; x_wconf 61' lang='lat' dir='ltr'>Quae</span> <span class='ocrx_word' id='word_1_428' title='bbox 452 4170 607 4224; x_wconf 89' lang='lat' dir='ltr'>enim</span> <span class='ocrx_word' id='word_1_429' title='bbox 640 4173 947 4243; x_wconf 89' lang='lat' dir='ltr'>perspicue</span> <span class='ocrx_word' id='word_1_430' title='bbox 980 4174 1150 4246; x_wconf 93' lang='lat' dir='ltr'>paulo</span> <span class='ocrx_word' id='word_1_431' title='bbox 1181 4181 1315 4232; x_wconf 89' lang='lat' dir='ltr'>ante</span> <span class='ocrx_word' id='word_1_432' title='bbox 1343 4178 1557 4234; x_wconf 90' lang='lat' dir='ltr'>similis</span> <span class='ocrx_word' id='word_1_433' title='bbox 1587 4196 1753 4252; x_wconf 57' lang='lat' dir='ltr'>equae</span> <span class='ocrx_word' id='word_1_434' title='bbox 1783 4179 1938 4235; x_wconf 86' lang='lat' dir='ltr'>dicta</span> 
     </span>
    </p>
   </div>
   <div class='ocr_carea' id='block_1_72' title="bbox 286 4258 1933 4340">
    <p class='ocr_par' dir='ltr' id='par_1_72' title="bbox 286 4258 1933 4340">
     <span class='ocr_line' id='line_1_72' title="bbox 286 4258 1933 4340; baseline 0.007 -29"><span class='ocrx_word' id='word_1_435' title='bbox 286 4258 501 4325; x_wconf 79' lang='lat' dir='ltr'>fuerat,</span> <span class='ocrx_word' id='word_1_436' title='bbox 536 4276 690 4315; x_wconf 92' lang='lat' dir='ltr'>nunc</span> <span class='ocrx_word' id='word_1_437' title='bbox 721 4261 1043 4317; x_wconf 91' lang='lat' dir='ltr'>amicorum</span> <span class='ocrx_word' id='word_1_438' title='bbox 1073 4265 1356 4337; x_wconf 90' lang='lat' dir='ltr'>obsequio</span> <span class='ocrx_word' id='word_1_439' title='bbox 1396 4267 1570 4337; x_wconf 91' lang='lat' dir='ltr'>plane</span> <span class='ocrx_word' id='word_1_440' title='bbox 1603 4268 1933 4340; x_wconf 82' lang='lat' dir='ltr'>proficiens,</span> 
     </span>
    </p>
   </div>
   <div class='ocr_carea' id='block_1_73' title="bbox 285 4346 1936 4427">
    <p class='ocr_par' dir='ltr' id='par_1_73' title="bbox 285 4346 1936 4427">
     <span class='ocr_line' id='line_1_73' title="bbox 285 4346 1936 4427; baseline 0.007 -26"><span class='ocrx_word' id='word_1_441' title='bbox 285 4362 348 4401; x_wconf 90' lang='lat' dir='ltr'>se</span> <span class='ocrx_word' id='word_1_442' title='bbox 388 4346 576 4417; x_wconf 89' lang='lat' dir='ltr'>ipsam</span> <span class='ocrx_word' id='word_1_443' title='bbox 635 4353 700 4403; x_wconf 92' lang='lat' dir='ltr'>ut</span> <span class='ocrx_word' id='word_1_444' title='bbox 757 4351 933 4407; x_wconf 91' lang='lat' dir='ltr'>vitem</span> <span class='ocrx_word' id='word_1_445' title='bbox 994 4354 1353 4409; x_wconf 82' lang='lat' dir='ltr'>fructiferam</span> <span class='ocrx_word' id='word_1_446' title='bbox 1414 4357 1696 4427; x_wconf 87' lang='lat' dir='ltr'>agnoscit.</span> <span class='ocrx_word' id='word_1_447' title='bbox 1730 4356 1936 4412; x_wconf 91' lang='lat' dir='ltr'>Omnis</span> 
     </span>
    </p>
   </div>
   <div class='ocr_carea' id='block_1_74' title="bbox 288 4436 1938 4518">
    <p class='ocr_par' dir='ltr' id='par_1_74' title="bbox 288 4436 1938 4518">
     <span class='ocr_line' id='line_1_74' title="bbox 288 4436 1938 4518; baseline 0.008 -29"><span class='ocrx_word' id='word_1_448' title='bbox 288 4436 444 4490; x_wconf 90' lang='lat' dir='ltr'>enim</span> <span class='ocrx_word' id='word_1_449' title='bbox 478 4436 676 4492; x_wconf 88' lang='lat' dir='ltr'>anima</span> <span class='ocrx_word' id='word_1_450' title='bbox 706 4455 875 4511; x_wconf 91' lang='lat' dir='ltr'>pura,</span> <span class='ocrx_word' id='word_1_451' title='bbox 899 4441 1127 4496; x_wconf 91' lang='lat' dir='ltr'>Domini</span> <span class='ocrx_word' id='word_1_452' title='bbox 1149 4460 1435 4499; x_wconf 89' lang='lat' dir='ltr'>succensa</span> <span class='ocrx_word' id='word_1_453' title='bbox 1465 4445 1773 4517; x_wconf 89' lang='lat' dir='ltr'>desiderio,</span> <span class='ocrx_word' id='word_1_454' title='bbox 1805 4464 1938 4518; x_wconf 88' lang='lat' dir='ltr'>ope—</span> 
     </span>
    </p>
   </div>
   <div class='ocr_carea' id='block_1_75' title="bbox 285 4529 1933 4604">
    <p class='ocr_par' dir='ltr' id='par_1_75' title="bbox 285 4529 1933 4604">
     <span class='ocr_line' id='line_1_75' title="bbox 285 4529 1933 4604; baseline 0.008 -25"><span class='ocrx_word' id='word_1_455' title='bbox 285 4541 421 4580; x_wconf 91' lang='lat' dir='ltr'>rum</span> <span class='ocrx_word' id='word_1_456' title='bbox 464 4542 776 4597; x_wconf 90' lang='lat' dir='ltr'>progressu</span> <span class='ocrx_word' id='word_1_457' title='bbox 802 4529 865 4583; x_wconf 83' lang='lat' dir='ltr'>fit</span> <span class='ocrx_word' id='word_1_458' title='bbox 892 4530 1107 4586; x_wconf 91' lang='lat' dir='ltr'>omnia.</span> <span class='ocrx_word' id='word_1_459' title='bbox 1133 4532 1300 4587; x_wconf 92' lang='lat' dir='ltr'>Nunc</span> <span class='ocrx_word' id='word_1_460' title='bbox 1322 4533 1559 4604; x_wconf 86' lang='lat' dir='ltr'>quidem</span> <span class='ocrx_word' id='word_1_461' title='bbox 1594 4537 1763 4591; x_wconf 83' lang='lat' dir='ltr'>sedes</span> <span class='ocrx_word' id='word_1_462' title='bbox 1787 4536 1933 4591; x_wconf 82' lang='lat' dir='ltr'>Che-</span> 
     </span>
    </p>
   </div>
   <div class='ocr_carea' id='block_1_76' title="bbox 287 4610 2009 4691">
    <p class='ocr_par' dir='ltr' id='par_1_76' title="bbox 287 4610 2009 4691">
     <span class='ocr_line' id='line_1_76' title="bbox 287 4610 2009 4691; baseline 0.008 -25"><span class='ocrx_word' id='word_1_463' title='bbox 287 4613 510 4683; x_wconf 90' lang='lat' dir='ltr'>rubim,</span> <span class='ocrx_word' id='word_1_464' title='bbox 536 4631 693 4670; x_wconf 90' lang='lat' dir='ltr'>nunc</span> <span class='ocrx_word' id='word_1_465' title='bbox 723 4619 888 4672; x_wconf 88' lang='lat' dir='ltr'>sedes</span> <span class='ocrx_word' id='word_1_466' title='bbox 931 4618 1125 4691; x_wconf 81' lang='lat' dir='ltr'>Regis,</span> <span class='ocrx_word' id='word_1_467' title='bbox 1151 4638 1306 4676; x_wconf 91' lang='lat' dir='ltr'>nunc</span> <span class='ocrx_word' id='word_1_468' title='bbox 1337 4628 1534 4678; x_wconf 90' lang='lat' dir='ltr'>autem</span> <span class='ocrx_word' id='word_1_469' title='bbox 1566 4624 1700 4679; x_wconf 89' lang='lat' dir='ltr'>vitis</span> <span class='ocrx_word' id='word_1_470' title='bbox 1734 4625 1933 4680; x_wconf 87' lang='lat' dir='ltr'>fructi-</span> <span class='ocrx_word' id='word_1_471' title='bbox 1961 4610 2009 4674; x_wconf 86' lang='lat' dir='ltr'>D</span> 
     </span>
    </p>
   </div>
   <div class='ocr_carea' id='block_1_77' title="bbox 286 4702 1935 4786">
    <p class='ocr_par' dir='ltr' id='par_1_77' title="bbox 286 4702 1935 4786">
     <span class='ocr_line' id='line_1_77' title="bbox 286 4702 1935 4786; baseline 0.008 -30"><span class='ocrx_word' id='word_1_472' title='bbox 286 4702 408 4757; x_wconf 89' lang='lat' dir='ltr'>fera</span> <span class='ocrx_word' id='word_1_473' title='bbox 454 4702 513 4757; x_wconf 92' lang='lat' dir='ltr'>in</span> <span class='ocrx_word' id='word_1_474' title='bbox 563 4704 697 4759; x_wconf 89' lang='lat' dir='ltr'>aula</span> <span class='ocrx_word' id='word_1_475' title='bbox 738 4706 987 4761; x_wconf 91' lang='lat' dir='ltr'>Domini.</span> <span class='ocrx_word' id='word_1_476' title='bbox 1018 4710 1178 4773; x_wconf 88' lang='lat' dir='ltr'>Quod</span> <span class='ocrx_word' id='word_1_477' title='bbox 1233 4710 1414 4780; x_wconf 88' lang='lat' dir='ltr'>igitur</span> <span class='ocrx_word' id='word_1_478' title='bbox 1464 4713 1689 4782; x_wconf 88' lang='lat' dir='ltr'>puriter</span> <span class='ocrx_word' id='word_1_479' title='bbox 1717 4730 1935 4786; x_wconf 88' lang='lat' dir='ltr'>sponsa</span> 
     </span>
    </p>
   </div>
   <div class='ocr_carea' id='block_1_78' title="bbox 284 4791 1931 4872">
    <p class='ocr_par' dir='ltr' id='par_1_78' title="bbox 284 4791 1931 4872">
     <span class='ocr_line' id='line_1_78' title="bbox 284 4791 1931 4872; baseline 0.007 -26"><span class='ocrx_word' id='word_1_480' title='bbox 284 4791 447 4860; x_wconf 89' lang='lat' dir='ltr'>dicit,</span> <span class='ocrx_word' id='word_1_481' title='bbox 480 4793 588 4848; x_wconf 90' lang='lat' dir='ltr'>hoc</span> <span class='ocrx_word' id='word_1_482' title='bbox 619 4799 708 4850; x_wconf 91' lang='lat' dir='ltr'>est</span> <span class='ocrx_word' id='word_1_483' title='bbox 740 4811 753 4850; x_wconf 91' lang='lat'><strong>:</strong></span> <span class='ocrx_word' id='word_1_484' title='bbox 788 4797 879 4851; x_wconf 92' lang='lat' dir='ltr'>Sic</span> <span class='ocrx_word' id='word_1_485' title='bbox 919 4798 1126 4868; x_wconf 88' lang='lat' dir='ltr'>agnovi</span> <span class='ocrx_word' id='word_1_486' title='bbox 1176 4800 1395 4855; x_wconf 84' lang='lat' dir='ltr'>sororis</span> <span class='ocrx_word' id='word_1_487' title='bbox 1444 4818 1581 4856; x_wconf 82' lang='lat' dir='ltr'>meae</span> <span class='ocrx_word' id='word_1_488' title='bbox 1632 4804 1841 4872; x_wconf 74' lang='lat' dir='ltr'>tilium,</span> <span class='ocrx_word' id='word_1_489' title='bbox 1873 4804 1931 4859; x_wconf 91' lang='lat' dir='ltr'>id</span> 
     </span>
    </p>
   </div>
   <div class='ocr_carea' id='block_1_79' title="bbox 281 4884 1936 4959">
    <p class='ocr_par' dir='ltr' id='par_1_79' title="bbox 281 4884 1936 4959">
     <span class='ocr_line' id='line_1_79' title="bbox 281 4884 1936 4959; baseline 0.008 -24"><span class='ocrx_word' id='word_1_490' title='bbox 281 4884 371 4936; x_wconf 86' lang='lat' dir='ltr'>cst</span> <span class='ocrx_word' id='word_1_491' title='bbox 417 4898 725 4954; x_wconf 89' lang='lat' dir='ltr'>sponsum,</span> <span class='ocrx_word' id='word_1_492' title='bbox 777 4886 930 4940; x_wconf 91' lang='lat' dir='ltr'>sicut</span> <span class='ocrx_word' id='word_1_493' title='bbox 978 4887 1235 4954; x_wconf 89' lang='lat' dir='ltr'>botrum,</span> <span class='ocrx_word' id='word_1_494' title='bbox 1267 4889 1367 4959; x_wconf 89' lang='lat' dir='ltr'>qui</span> <span class='ocrx_word' id='word_1_495' title='bbox 1417 4891 1587 4945; x_wconf 90' lang='lat' dir='ltr'>nobis</span> <span class='ocrx_word' id='word_1_496' title='bbox 1634 4892 1936 4948; x_wconf 84' lang='lat' dir='ltr'>distillavit</span> 
     </span>
    </p>
   </div>
   <div class='ocr_carea' id='block_1_80' title="bbox 286 4974 1931 5053">
    <p class='ocr_par' dir='ltr' id='par_1_80' title="bbox 286 4974 1931 5053">
     <span class='ocr_line' id='line_1_80' title="bbox 286 4974 1931 5053; baseline 0.009 -31"><span class='ocrx_word' id='word_1_497' title='bbox 286 4976 549 5026; x_wconf 87' lang='lat' dir='ltr'>mustum</span> <span class='ocrx_word' id='word_1_498' title='bbox 580 4974 941 5030; x_wconf 68' lang='lat' dir='ltr'>aeternitatis.</span> <span class='ocrx_word' id='word_1_499' title='bbox 967 4976 1129 5031; x_wconf 86' lang='lat' dir='ltr'>Haud</span> <span class='ocrx_word' id='word_1_500' title='bbox 1165 4978 1439 5033; x_wconf 89' lang='lat' dir='ltr'>omnibus</span> <span class='ocrx_word' id='word_1_501' title='bbox 1463 4980 1709 5035; x_wconf 89' lang='lat' dir='ltr'>virtutes</span> <span class='ocrx_word' id='word_1_502' title='bbox 1740 4998 1931 5053; x_wconf 89' lang='lat' dir='ltr'>capes-</span> 
     </span>
    </p>
   </div>
   <div class='ocr_carea' id='block_1_81' title="bbox 285 5059 1930 5139">
    <p class='ocr_par' dir='ltr' id='par_1_81' title="bbox 285 5059 1930 5139">
     <span class='ocr_line' id='line_1_81' title="bbox 285 5059 1930 5139; baseline 0.009 -28"><span class='ocrx_word' id='word_1_503' title='bbox 285 5059 556 5114; x_wconf 91' lang='lat' dir='ltr'>sentibus</span> <span class='ocrx_word' id='word_1_504' title='bbox 588 5063 897 5119; x_wconf 86' lang='lat' dir='ltr'>animabus</span> <span class='ocrx_word' id='word_1_505' title='bbox 929 5070 1018 5119; x_wconf 91' lang='lat' dir='ltr'>est</span> <span class='ocrx_word' id='word_1_506' title='bbox 1064 5072 1353 5135; x_wconf 90' lang='lat' dir='ltr'>maturus,</span> <span class='ocrx_word' id='word_1_507' title='bbox 1382 5070 1482 5123; x_wconf 87' lang='lat' dir='ltr'>sed</span> <span class='ocrx_word' id='word_1_508' title='bbox 1516 5085 1619 5139; x_wconf 90' lang='lat' dir='ltr'>pro</span> <span class='ocrx_word' id='word_1_509' title='bbox 1649 5070 1930 5125; x_wconf 88' lang='lat' dir='ltr'>virtutum</span> 
     </span>
    </p>
   </div>
   <div class='ocr_carea' id='block_1_82' title="bbox 286 5152 1934 5221">
    <p class='ocr_par' dir='ltr' id='par_1_82' title="bbox 286 5152 1934 5221">
     <span class='ocr_line' id='line_1_82' title="bbox 286 5152 1934 5221; baseline 0.008 -21"><span class='ocrx_word' id='word_1_510' title='bbox 286 5162 567 5203; x_wconf 89' lang='lat' dir='ltr'>mensura</span> <span class='ocrx_word' id='word_1_511' title='bbox 596 5152 1029 5221; x_wconf 74' lang='lat' dir='ltr'>jucunditatem</span> <span class='ocrx_word' id='word_1_512' title='bbox 1065 5172 1232 5211; x_wconf 86' lang='lat' dir='ltr'>suam</span> <span class='ocrx_word' id='word_1_513' title='bbox 1274 5158 1523 5213; x_wconf 90' lang='lat' dir='ltr'>subinde</span> <span class='ocrx_word' id='word_1_514' title='bbox 1555 5163 1762 5214; x_wconf 87' lang='lat' dir='ltr'>mutat.</span> <span class='ocrx_word' id='word_1_515' title='bbox 1794 5159 1934 5215; x_wconf 89' lang='lat' dir='ltr'>Aliis</span> 
     </span>
    </p>
   </div>
   <div class='ocr_carea' id='block_1_83' title="bbox 285 5238 1933 5315">
    <p class='ocr_par' dir='ltr' id='par_1_83' title="bbox 285 5238 1933 5315">
     <span class='ocr_line' id='line_1_83' title="bbox 285 5238 1933 5315; baseline 0.009 -26"><span class='ocrx_word' id='word_1_516' title='bbox 285 5253 541 5308; x_wconf 87' lang='lat' dir='ltr'>namque</span> <span class='ocrx_word' id='word_1_517' title='bbox 579 5238 764 5306; x_wconf 90' lang='lat' dir='ltr'>ﬂoret,</span> <span class='ocrx_word' id='word_1_518' title='bbox 798 5242 855 5296; x_wconf 91' lang='lat' dir='ltr'>in</span> <span class='ocrx_word' id='word_1_519' title='bbox 884 5243 1014 5298; x_wconf 85' lang='lat' dir='ltr'>aliis</span> <span class='ocrx_word' id='word_1_520' title='bbox 1066 5245 1359 5315; x_wconf 87' lang='lat' dir='ltr'>nigrescit,</span> <span class='ocrx_word' id='word_1_521' title='bbox 1393 5247 1451 5301; x_wconf 90' lang='lat' dir='ltr'>in</span> <span class='ocrx_word' id='word_1_522' title='bbox 1484 5247 1616 5303; x_wconf 90' lang='lat' dir='ltr'>aliis</span> <span class='ocrx_word' id='word_1_523' title='bbox 1663 5253 1933 5304; x_wconf 83' lang='lat' dir='ltr'>maturus</span> 
     </span>
    </p>
   </div>
   <div class='ocr_carea' id='block_1_84' title="bbox 282 5325 1931 5409">
    <p class='ocr_par' dir='ltr' id='par_1_84' title="bbox 282 5325 1931 5409">
     <span class='ocr_line' id='line_1_84' title="bbox 282 5325 1931 5409; baseline 0.007 -29"><span class='ocrx_word' id='word_1_524' title='bbox 282 5331 391 5394; x_wconf 88' lang='lat' dir='ltr'>est,</span> <span class='ocrx_word' id='word_1_525' title='bbox 426 5326 484 5379; x_wconf 91' lang='lat' dir='ltr'>in</span> <span class='ocrx_word' id='word_1_526' title='bbox 515 5325 647 5382; x_wconf 90' lang='lat' dir='ltr'>aliis</span> <span class='ocrx_word' id='word_1_527' title='bbox 678 5328 849 5398; x_wconf 90' lang='lat' dir='ltr'>plane</span> <span class='ocrx_word' id='word_1_528' title='bbox 879 5338 1077 5387; x_wconf 90' lang='lat' dir='ltr'>coctus</span> <span class='ocrx_word' id='word_1_529' title='bbox 1109 5350 1175 5387; x_wconf 90' lang='lat' dir='ltr'>ac</span> <span class='ocrx_word' id='word_1_530' title='bbox 1205 5334 1397 5390; x_wconf 91' lang='lat' dir='ltr'>dulcis</span> <span class='ocrx_word' id='word_1_531' title='bbox 1428 5340 1535 5392; x_wconf 91' lang='lat' dir='ltr'>est.</span> <span class='ocrx_word' id='word_1_532' title='bbox 1571 5338 1797 5408; x_wconf 89' lang='lat' dir='ltr'>Sponsa</span> <span class='ocrx_word' id='word_1_533' title='bbox 1824 5337 1931 5409; x_wconf 83' lang='lat' dir='ltr'>igi-</span> 
     </span>
    </p>
   </div>
   <div class='ocr_carea' id='block_1_85' title="bbox 281 5414 1932 5490">
    <p class='ocr_par' dir='ltr' id='par_1_85' title="bbox 281 5414 1932 5490">
     <span class='ocr_line' id='line_1_85' title="bbox 281 5414 1932 5490; baseline 0.008 -24"><span class='ocrx_word' id='word_1_534' title='bbox 281 5418 398 5479; x_wconf 89' lang='lat' dir='ltr'>tur,</span> <span class='ocrx_word' id='word_1_535' title='bbox 429 5414 569 5469; x_wconf 87' lang='lat' dir='ltr'>dum</span> <span class='ocrx_word' id='word_1_536' title='bbox 602 5416 904 5471; x_wconf 85' lang='lat' dir='ltr'>ﬂorentem</span> <span class='ocrx_word' id='word_1_537' title='bbox 952 5420 1185 5475; x_wconf 87' lang='lat' dir='ltr'>botrum</span> <span class='ocrx_word' id='word_1_538' title='bbox 1218 5439 1279 5477; x_wconf 90' lang='lat' dir='ltr'>se</span> <span class='ocrx_word' id='word_1_539' title='bbox 1308 5423 1454 5478; x_wconf 77' lang='lat' dir='ltr'>ferre</span> <span class='ocrx_word' id='word_1_540' title='bbox 1486 5424 1646 5490; x_wconf 91' lang='lat' dir='ltr'>dicit,</span> <span class='ocrx_word' id='word_1_541' title='bbox 1679 5426 1932 5481; x_wconf 90' lang='lat' dir='ltr'>ostendit</span> 
     </span>
    </p>
   </div>
   <div class='ocr_carea' id='block_1_86' title="bbox 279 5505 1930 5583">
    <p class='ocr_par' dir='ltr' id='par_1_86' title="bbox 279 5505 1930 5583">
     <span class='ocr_line' id='line_1_86' title="bbox 279 5505 1930 5583; baseline 0.008 -27"><span class='ocrx_word' id='word_1_542' title='bbox 279 5519 341 5557; x_wconf 89' lang='lat' dir='ltr'>se</span> <span class='ocrx_word' id='word_1_543' title='bbox 375 5505 637 5559; x_wconf 90' lang='lat' dir='ltr'>nondum</span> <span class='ocrx_word' id='word_1_544' title='bbox 667 5507 737 5560; x_wconf 91' lang='lat' dir='ltr'>ad</span> <span class='ocrx_word' id='word_1_545' title='bbox 784 5508 1197 5577; x_wconf 81' lang='lat' dir='ltr'>perfectionem</span> <span class='ocrx_word' id='word_1_546' title='bbox 1250 5513 1603 5583; x_wconf 90' lang='lat' dir='ltr'>pervenisse.</span> <span class='ocrx_word' id='word_1_547' title='bbox 1638 5520 1753 5569; x_wconf 80' lang='lat' dir='ltr'>Aut</span> <span class='ocrx_word' id='word_1_548' title='bbox 1798 5519 1930 5569; x_wconf 92' lang='lat' dir='ltr'>tan-</span> 
     </span>
    </p>
   </div>
   <div class='ocr_carea' id='block_1_87' title="bbox 282 5593 1928 5674">
    <p class='ocr_par' dir='ltr' id='par_1_87' title="bbox 282 5593 1928 5674">
     <span class='ocr_line' id='line_1_87' title="bbox 282 5593 1928 5674; baseline 0.008 -28"><span class='ocrx_word' id='word_1_549' title='bbox 282 5609 462 5661; x_wconf 89' lang='lat' dir='ltr'>quam</span> <span class='ocrx_word' id='word_1_550' title='bbox 524 5593 784 5650; x_wconf 82' lang='lat' dir='ltr'>ﬂorentis</span> <span class='ocrx_word' id='word_1_551' title='bbox 844 5595 1343 5666; x_wconf 79' lang='lat' dir='ltr'>pulchritudinem</span> <span class='ocrx_word' id='word_1_552' title='bbox 1396 5618 1773 5674; x_wconf 86' lang='lat' dir='ltr'>exaggerans,</span> <span class='ocrx_word' id='word_1_553' title='bbox 1828 5604 1928 5671; x_wconf 91' lang='lat' dir='ltr'>ita,</span> 
     </span>
    </p>
   </div>
   <div class='ocr_carea' id='block_1_88' title="bbox 280 5680 1929 5760">
    <p class='ocr_par' dir='ltr' id='par_1_88' title="bbox 280 5680 1929 5760">
     <span class='ocr_line' id='line_1_88' title="bbox 280 5680 1929 5760; baseline 0.008 -25"><span class='ocrx_word' id='word_1_554' title='bbox 280 5680 491 5752; x_wconf 85' lang='lat' dir='ltr'>inquit,</span> <span class='ocrx_word' id='word_1_555' title='bbox 525 5683 667 5739; x_wconf 89' lang='lat' dir='ltr'>mihi</span> <span class='ocrx_word' id='word_1_556' title='bbox 701 5684 867 5740; x_wconf 90' lang='lat' dir='ltr'>ﬂoret</span> <span class='ocrx_word' id='word_1_557' title='bbox 897 5686 1161 5743; x_wconf 84' lang='lat' dir='ltr'>Christus</span> <span class='ocrx_word' id='word_1_558' title='bbox 1194 5694 1249 5743; x_wconf 89' lang='lat' dir='ltr'>et</span> <span class='ocrx_word' id='word_1_559' title='bbox 1271 5706 1547 5760; x_wconf 88' lang='lat' dir='ltr'>sponsus,</span> <span class='ocrx_word' id='word_1_560' title='bbox 1573 5698 1635 5748; x_wconf 92' lang='lat' dir='ltr'>ut</span> <span class='ocrx_word' id='word_1_561' title='bbox 1662 5693 1929 5748; x_wconf 86' lang='lat' dir='ltr'>odoriferi</span> 
     </span>
    </p>
   </div>
   <div class='ocr_carea' id='block_1_89' title="bbox 2016 3330 3695 3411">
    <p class='ocr_par' dir='ltr' id='par_1_89' title="bbox 2016 3330 3695 3411">
     <span class='ocr_line' id='line_1_89' title="bbox 2016 3330 3695 3411; baseline -0.007 -14"><span class='ocrx_word' id='word_1_562' title='bbox 2016 3347 2171 3397; x_wconf 65' lang='lat' dir='ltr'>,voiiv</span> <span class='ocrx_word' id='word_1_563' title='bbox 2205 3341 2451 3411; x_wconf 70' lang='grc' dir='ltr'>έκστήσει</span> <span class='ocrx_word' id='word_1_564' title='bbox 2480 3344 2588 3394; x_wconf 90' lang='grc' dir='ltr'>τῶν</span> <span class='ocrx_word' id='word_1_565' title='bbox 2632 3338 2839 3406; x_wconf 86' lang='grc' dir='ltr'>τύπων,</span> <span class='ocrx_word' id='word_1_566' title='bbox 2873 3336 3107 3407; x_wconf 80' lang='grc' dir='ltr'>ὁπηνίκα</span> <span class='ocrx_word' id='word_1_567' title='bbox 3146 3334 3272 3397; x_wconf 84' lang='grc' dir='ltr'>τοὺς</span> <span class='ocrx_word' id='word_1_568' title='bbox 3320 3333 3372 3388; x_wconf 77' lang='grc' dir='ltr'>έν</span> <span class='ocrx_word' id='word_1_569' title='bbox 3416 3337 3497 3404; x_wconf 79' lang='grc' dir='ltr'>τῷ</span> <span class='ocrx_word' id='word_1_570' title='bbox 3538 3330 3695 3386; x_wconf 87' lang='grc' dir='ltr'>παντὶ</span> 
     </span>
    </p>
   </div>
   <div class='ocr_carea' id='block_1_90' title="bbox 2050 3419 3499 3509">
    <p class='ocr_par' dir='ltr' id='par_1_90' title="bbox 2050 3419 3499 3509">
     <span class='ocr_line' id='line_1_90' title="bbox 2050 3419 3499 3509; baseline -0.006 -23"><span class='ocrx_word' id='word_1_571' title='bbox 2050 3430 2338 3509; x_wconf 84' lang='grc' dir='ltr'>διαφόρους</span> <span class='ocrx_word' id='word_1_572' title='bbox 2370 3428 2570 3504; x_wconf 87' lang='grc' dir='ltr'>λόγους</span> <span class='ocrx_word' id='word_1_573' title='bbox 2601 3427 2726 3503; x_wconf 86' lang='grc' dir='ltr'>περὶ</span> <span class='ocrx_word' id='word_1_574' title='bbox 2756 3427 2950 3494; x_wconf 75' lang='grc' dir='ltr'>ἑαυτὴν</span> <span class='ocrx_word' id='word_1_575' title='bbox 2980 3423 3198 3498; x_wconf 81' lang='grc' dir='ltr'>συνάψει</span> <span class='ocrx_word' id='word_1_576' title='bbox 3229 3419 3499 3483; x_wconf 77' lang='grc' dir='ltr'>ένοειδῶς.</span> 
     </span>
    </p>
   </div>
   <div class='ocr_carea' id='block_1_91' title="bbox 2747 3514 2994 3571">
    <p class='ocr_par' dir='ltr' id='par_1_91' title="bbox 2747 3514 2994 3571">
     <span class='ocr_line' id='line_1_91' title="bbox 2747 3514 2994 3571; baseline -0.004 -1"><span class='ocrx_word' id='word_1_577' title='bbox 2747 3514 2994 3571; x_wconf 87' lang='grc' dir='ltr'>Ψελλοῦ.</span> 
     </span>
    </p>
   </div>
   <div class='ocr_carea' id='block_1_92' title="bbox 2116 3596 3694 3683">
    <p class='ocr_par' dir='ltr' id='par_1_92' title="bbox 2116 3596 3694 3683">
     <span class='ocr_line' id='line_1_92' title="bbox 2116 3596 3694 3683; baseline -0.01 -18"><span class='ocrx_word' id='word_1_578' title='bbox 2116 3609 2357 3683; x_wconf 81' lang='grc' dir='ltr'>Ἐχομὲν</span> <span class='ocrx_word' id='word_1_579' title='bbox 2388 3609 2448 3682; x_wconf 74' lang='grc' dir='ltr'>γέ</span> <span class='ocrx_word' id='word_1_580' title='bbox 2477 3628 2527 3661; x_wconf 92' lang='grc' dir='ltr'>τι</span> <span class='ocrx_word' id='word_1_581' title='bbox 2560 3604 2815 3679; x_wconf 76' lang='grc' dir='ltr'>λείψανον</span> <span class='ocrx_word' id='word_1_582' title='bbox 2838 3609 2945 3659; x_wconf 88' lang='grc' dir='ltr'>τῶν</span> <span class='ocrx_word' id='word_1_583' title='bbox 2979 3602 3037 3659; x_wconf 87' lang='grc' dir='ltr'>έκ</span> <span class='ocrx_word' id='word_1_584' title='bbox 3072 3605 3172 3671; x_wconf 72' lang='grc' dir='ltr'>τῆς</span> <span class='ocrx_word' id='word_1_585' title='bbox 3220 3600 3440 3679; x_wconf 77' lang='grc' dir='ltr'>νύμφης</span> <span class='ocrx_word' id='word_1_586' title='bbox 3489 3596 3694 3673; x_wconf 90' lang='grc' dir='ltr'>λόγων,</span> 
     </span>
    </p>
   </div>
   <div class='ocr_carea' id='block_1_93' title="bbox 2043 3688 3344 3773">
    <p class='ocr_par' dir='ltr' id='par_1_93' title="bbox 2043 3688 3344 3773">
     <span class='ocr_line' id='line_1_93' title="bbox 2043 3688 3344 3773; baseline -0.005 -20"><span class='ocrx_word' id='word_1_587' title='bbox 2043 3701 2211 3772; x_wconf 86' lang='grc' dir='ltr'>Ὅπερ</span> <span class='ocrx_word' id='word_1_588' title='bbox 2239 3699 2312 3759; x_wconf 84' lang='grc' dir='ltr'>ὡς</span> <span class='ocrx_word' id='word_1_589' title='bbox 2345 3691 2484 3751; x_wconf 79' lang='grc' dir='ltr'>ἔστιν</span> <span class='ocrx_word' id='word_1_590' title='bbox 2517 3694 2729 3773; x_wconf 70' lang='grc' dir='ltr'>ἐφικτὸν</span> <span class='ocrx_word' id='word_1_591' title='bbox 2760 3694 2823 3748; x_wconf 90' lang='grc' dir='ltr'>τὸ</span> <span class='ocrx_word' id='word_1_592' title='bbox 2850 3697 2939 3747; x_wconf 91' lang='grc' dir='ltr'>νῦν</span> <span class='ocrx_word' id='word_1_593' title='bbox 2969 3688 3344 3767; x_wconf 78' lang='grc' dir='ltr'>έρμηνευτέον.</span> 
     </span>
    </p>
   </div>
   <div class='ocr_carea' id='block_1_94' title="bbox 2045 3772 3690 3863">
    <p class='ocr_par' dir='ltr' id='par_1_94' title="bbox 2045 3772 3690 3863">
     <span class='ocr_line' id='line_1_94' title="bbox 2045 3772 3690 3863; baseline -0.009 -21"><span class='ocrx_word' id='word_1_594' title='bbox 2045 3788 2200 3863; x_wconf 84' lang='grc' dir='ltr'>Λέγει</span> <span class='ocrx_word' id='word_1_595' title='bbox 2232 3788 2335 3862; x_wconf 80' lang='grc' dir='ltr'>γαρ</span> <span class='ocrx_word' id='word_1_596' title='bbox 2369 3785 2511 3840; x_wconf 71' lang='grc' dir='ltr'>οὕτω</span> <span class='ocrx_word' id='word_1_597' title='bbox 2540 3772 2677 3853; x_wconf 78' lang='grc' dir='ltr'>πρὸς</span> <span class='ocrx_word' id='word_1_598' title='bbox 2709 3780 2904 3844; x_wconf 74' lang='grc' dir='ltr'>αὐτοὺς</span> <span class='ocrx_word' id='word_1_599' title='bbox 2934 3784 2969 3851; x_wconf 78' lang='grc' dir='ltr'>ἡ</span> <span class='ocrx_word' id='word_1_600' title='bbox 3002 3780 3186 3859; x_wconf 87' lang='grc' dir='ltr'>νύμφη</span> <span class='ocrx_word' id='word_1_601' title='bbox 3220 3778 3345 3841; x_wconf 80' lang='grc' dir='ltr'>τοὺς</span> <span class='ocrx_word' id='word_1_602' title='bbox 3388 3772 3655 3852; x_wconf 68' lang='grc' dir='ltr'>ἀγγέλους</span> <span class='ocrx_word' id='word_1_603' title='bbox 3678 3794 3690 3807; x_wconf 92' lang='grc'><strong>·</strong></span> 
     </span>
    </p>
   </div>
   <div class='ocr_carea' id='block_1_95' title="bbox 2116 3899 3695 3987">
    <p class='ocr_par' dir='ltr' id='par_1_95' title="bbox 2116 3899 3695 3987">
     <span class='ocr_line' id='line_1_95' title="bbox 2116 3899 3695 3987; baseline -0.009 -20"><span class='ocrx_word' id='word_1_604' title='bbox 2116 3912 2319 3987; x_wconf 89' lang='grc' dir='ltr'>Βότρυς</span> <span class='ocrx_word' id='word_1_605' title='bbox 2373 3918 2472 3980; x_wconf 82' lang='grc' dir='ltr'>τῆς</span> <span class='ocrx_word' id='word_1_606' title='bbox 2536 3909 2753 3983; x_wconf 80' lang='grc' dir='ltr'>Κύπρου</span> <span class='ocrx_word' id='word_1_607' title='bbox 2800 3903 3091 3984; x_wconf 81' lang='grc' dir='ltr'>ἀδελφιδός</span> <span class='ocrx_word' id='word_1_608' title='bbox 3149 3925 3253 3977; x_wconf 91' lang='grc' dir='ltr'>μου</span> <span class='ocrx_word' id='word_1_609' title='bbox 3309 3901 3434 3976; x_wconf 74' lang='grc' dir='ltr'>ἐμοὶ</span> <span class='ocrx_word' id='word_1_610' title='bbox 3484 3900 3535 3955; x_wconf 80' lang='grc' dir='ltr'>έν</span> <span class='ocrx_word' id='word_1_611' title='bbox 3583 3899 3695 3972; x_wconf 85' lang='grc' dir='ltr'>ἀμ-</span> 
     </span>
    </p>
   </div>
   <div class='ocr_carea' id='block_1_96' title="bbox 2044 3995 2587 4074">
    <p class='ocr_par' dir='ltr' id='par_1_96' title="bbox 2044 3995 2587 4074">
     <span class='ocr_line' id='line_1_96' title="bbox 2044 3995 2587 4074; baseline -0.002 -20"><span class='ocrx_word' id='word_1_612' title='bbox 2044 4002 2283 4055; x_wconf 89' lang='grc' dir='ltr'>πελῶσιν</span> <span class='ocrx_word' id='word_1_613' title='bbox 2313 3995 2587 4074; x_wconf 77' lang='grc' dir='ltr'>Ἐγγαδδί.</span> 
     </span>
    </p>
   </div>
   <div class='ocr_carea' id='block_1_97' title="bbox 2114 4074 3693 4159">
    <p class='ocr_par' dir='ltr' id='par_1_97' title="bbox 2114 4074 3693 4159">
     <span class='ocr_line' id='line_1_97' title="bbox 2114 4074 3693 4159; baseline -0.01 -15"><span class='ocrx_word' id='word_1_614' title='bbox 2114 4091 2178 4142; x_wconf 80' lang='grc' dir='ltr'><em>Ὢ</em></span> <span class='ocrx_word' id='word_1_615' title='bbox 2206 4095 2305 4157; x_wconf 86' lang='grc' dir='ltr'>τῆς</span> <span class='ocrx_word' id='word_1_616' title='bbox 2337 4085 2548 4157; x_wconf 84' lang='grc' dir='ltr'>καλλῆς</span> <span class='ocrx_word' id='word_1_617' title='bbox 2577 4083 2887 4159; x_wconf 79' lang='grc' dir='ltr'>έναλλαγῆς</span> <span class='ocrx_word' id='word_1_618' title='bbox 2933 4090 3032 4152; x_wconf 79' lang='grc' dir='ltr'>τῆς</span> <span class='ocrx_word' id='word_1_619' title='bbox 3076 4086 3363 4157; x_wconf 78' lang='grc' dir='ltr'>προκοπῆς</span> <span class='ocrx_word' id='word_1_620' title='bbox 3410 4083 3509 4146; x_wconf 81' lang='grc' dir='ltr'>τῆς</span> <span class='ocrx_word' id='word_1_621' title='bbox 3558 4074 3693 4147; x_wconf 83' lang='grc' dir='ltr'>νύμ-</span> 
     </span>
    </p>
   </div>
   <div class='ocr_carea' id='block_1_98' title="bbox 3453 4166 3619 4243">
    <p class='ocr_par' dir='ltr' id='par_1_98' title="bbox 3453 4166 3619 4243">
     <span class='ocr_line' id='line_1_98' title="bbox 3453 4166 3619 4243; baseline 0.018 -3"><span class='ocrx_word' id='word_1_622' title='bbox 3453 4166 3619 4243; x_wconf 69' lang='grc' dir='ltr'>[φηςι</span> 
     </span>
    </p>
   </div>
   <div class='ocr_carea' id='block_1_99' title="bbox 2043 4258 3538 4341">
    <p class='ocr_par' dir='ltr' id='par_1_99' title="bbox 2043 4258 3538 4341">
     <span class='ocr_line' id='line_1_99' title="bbox 2043 4258 3538 4341; baseline -0.008 -20"><span class='ocrx_word' id='word_1_623' title='bbox 2043 4268 2101 4322; x_wconf 84' lang='grc' dir='ltr'><strong>Ἦ</strong></span> <span class='ocrx_word' id='word_1_624' title='bbox 2137 4266 2241 4341; x_wconf 87' lang='grc' dir='ltr'>πρὸ</span> <span class='ocrx_word' id='word_1_625' title='bbox 2273 4268 2470 4340; x_wconf 80' lang='grc' dir='ltr'>μικροῦ</span> <span class='ocrx_word' id='word_1_626' title='bbox 2500 4263 2600 4339; x_wconf 77' lang='grc' dir='ltr'>γὰρ</span> <span class='ocrx_word' id='word_1_627' title='bbox 2633 4262 2886 4339; x_wconf 83' lang='grc' dir='ltr'>ἐμφανῶς</span> <span class='ocrx_word' id='word_1_628' title='bbox 2912 4259 3071 4333; x_wconf 65' lang='grc' dir='ltr'>ἵππῳ</span> <span class='ocrx_word' id='word_1_629' title='bbox 3101 4258 3538 4333; x_wconf 85' lang='grc' dir='ltr'>παρεικασθεῖσα,</span> 
     </span>
    </p>
   </div>
   <div class='ocr_carea' id='block_1_100' title="bbox 2044 4342 3591 4430">
    <p class='ocr_par' dir='ltr' id='par_1_100' title="bbox 2044 4342 3591 4430">
     <span class='ocr_line' id='line_1_100' title="bbox 2044 4342 3591 4430; baseline -0.008 -21"><span class='ocrx_word' id='word_1_630' title='bbox 2044 4357 2107 4409; x_wconf 81' lang='grc' dir='ltr'><strong>Ἀ</strong></span> <span class='ocrx_word' id='word_1_631' title='bbox 2121 4375 2203 4430; x_wconf 91' lang='grc' dir='ltr'>ρτι</span> <span class='ocrx_word' id='word_1_632' title='bbox 2239 4352 2508 4428; x_wconf 89' lang='grc' dir='ltr'>λαμπρῶς</span> <span class='ocrx_word' id='word_1_633' title='bbox 2536 4350 2856 4424; x_wconf 79' lang='grc' dir='ltr'>προκύψασα</span> <span class='ocrx_word' id='word_1_634' title='bbox 2882 4355 3001 4411; x_wconf 85' lang='grc' dir='ltr'>ταῖς</span> <span class='ocrx_word' id='word_1_635' title='bbox 3033 4348 3220 4423; x_wconf 81' lang='grc' dir='ltr'>χάρισι</span> <span class='ocrx_word' id='word_1_636' title='bbox 3251 4350 3359 4401; x_wconf 89' lang='grc' dir='ltr'>τῶν</span> <span class='ocrx_word' id='word_1_637' title='bbox 3392 4342 3591 4422; x_wconf 86' lang='grc' dir='ltr'>φίλων,</span> 
     </span>
    </p>
   </div>
   <div class='ocr_carea' id='block_1_101' title="bbox 2041 4437 3370 4520">
    <p class='ocr_par' dir='ltr' id='par_1_101' title="bbox 2041 4437 3370 4520">
     <span class='ocr_line' id='line_1_101' title="bbox 2041 4437 3370 4520; baseline -0.005 -22"><span class='ocrx_word' id='word_1_638' title='bbox 2041 4450 2125 4506; x_wconf 76' lang='grc' dir='ltr'>Ὦς</span> <span class='ocrx_word' id='word_1_639' title='bbox 2156 4444 2489 4520; x_wconf 82' lang='grc' dir='ltr'>βοτρυφόρον</span> <span class='ocrx_word' id='word_1_640' title='bbox 2523 4439 2768 4514; x_wconf 75' lang='grc' dir='ltr'>ἄμπελον</span> <span class='ocrx_word' id='word_1_641' title='bbox 2801 4438 2966 4507; x_wconf 74' lang='grc' dir='ltr'>αὐτὴν</span> <span class='ocrx_word' id='word_1_642' title='bbox 3009 4437 3370 4512; x_wconf 76' lang='grc' dir='ltr'>ἐπιγινώσκει.</span> 
     </span>
    </p>
   </div>
   <div class='ocr_carea' id='block_1_102' title="bbox 2045 4524 3477 4609">
    <p class='ocr_par' dir='ltr' id='par_1_102' title="bbox 2045 4524 3477 4609">
     <span class='ocr_line' id='line_1_102' title="bbox 2045 4524 3477 4609; baseline -0.008 -21"><span class='ocrx_word' id='word_1_643' title='bbox 2045 4534 2213 4609; x_wconf 75' lang='grc' dir='ltr'>Ψυχὴ</span> <span class='ocrx_word' id='word_1_644' title='bbox 2243 4534 2341 4608; x_wconf 73' lang='grc' dir='ltr'>γὰρ</span> <span class='ocrx_word' id='word_1_645' title='bbox 2374 4538 2516 4587; x_wconf 80' lang='grc' dir='ltr'>πᾶσα</span> <span class='ocrx_word' id='word_1_646' title='bbox 2547 4530 2753 4601; x_wconf 81' lang='grc' dir='ltr'>καθαρὰ</span> <span class='ocrx_word' id='word_1_647' title='bbox 2782 4532 3024 4591; x_wconf 82' lang='grc' dir='ltr'>ποθοῦσα</span> <span class='ocrx_word' id='word_1_648' title='bbox 3051 4528 3143 4581; x_wconf 85' lang='grc' dir='ltr'>τὸν</span> <span class='ocrx_word' id='word_1_649' title='bbox 3179 4524 3477 4593; x_wconf 86' lang='grc' dir='ltr'>Δεσπότην,</span> 
     </span>
    </p>
   </div>
   <div class='ocr_carea' id='block_1_103' title="bbox 2045 4610 3439 4693">
    <p class='ocr_par' dir='ltr' id='par_1_103' title="bbox 2045 4610 3439 4693">
     <span class='ocr_line' id='line_1_103' title="bbox 2045 4610 3439 4693; baseline -0.008 -17"><span class='ocrx_word' id='word_1_650' title='bbox 2045 4624 2277 4676; x_wconf 81' lang='grc' dir='ltr'>Πάντοτε</span> <span class='ocrx_word' id='word_1_651' title='bbox 2307 4621 2481 4675; x_wconf 83' lang='grc' dir='ltr'>πάντα</span> <span class='ocrx_word' id='word_1_652' title='bbox 2508 4620 2712 4693; x_wconf 88' lang='grc' dir='ltr'>γίνεται</span> <span class='ocrx_word' id='word_1_653' title='bbox 2743 4622 2811 4689; x_wconf 78' lang='grc' dir='ltr'>τῇ</span> <span class='ocrx_word' id='word_1_654' title='bbox 2841 4619 3094 4692; x_wconf 77' lang='grc' dir='ltr'>προκοπῇ</span> <span class='ocrx_word' id='word_1_655' title='bbox 3125 4619 3232 4669; x_wconf 90' lang='grc' dir='ltr'>τῶν</span> <span class='ocrx_word' id='word_1_656' title='bbox 3271 4610 3439 4689; x_wconf 76' lang='grc' dir='ltr'>ἔργων</span> 
     </span>
    </p>
   </div>
   <div class='ocr_carea' id='block_1_104' title="bbox 2041 4701 3510 4786">
    <p class='ocr_par' dir='ltr' id='par_1_104' title="bbox 2041 4701 3510 4786">
     <span class='ocr_line' id='line_1_104' title="bbox 2041 4701 3510 4786; baseline -0.007 -20"><span class='ocrx_word' id='word_1_657' title='bbox 2041 4714 2150 4769; x_wconf 83' lang='grc' dir='ltr'>Νῦν</span> <span class='ocrx_word' id='word_1_658' title='bbox 2188 4712 2281 4784; x_wconf 68' lang='grc' dir='ltr'>μὲν</span> <span class='ocrx_word' id='word_1_659' title='bbox 2313 4710 2494 4786; x_wconf 89' lang='grc' dir='ltr'>θρόνοι</span> <span class='ocrx_word' id='word_1_660' title='bbox 2530 4703 2831 4783; x_wconf 76' lang='grc' dir='ltr'>Χερουϐὶμ⁹</span> <span class='ocrx_word' id='word_1_661' title='bbox 2862 4706 2951 4761; x_wconf 79' lang='grc' dir='ltr'>καὶ</span> <span class='ocrx_word' id='word_1_662' title='bbox 2984 4706 3174 4779; x_wconf 88' lang='grc' dir='ltr'>θρόνος</span> <span class='ocrx_word' id='word_1_663' title='bbox 3210 4701 3510 4767; x_wconf 74' lang='grc' dir='ltr'>Βασιλέως,</span> 
     </span>
    </p>
   </div>
   <div class='ocr_carea' id='block_1_105' title="bbox 2041 4789 3577 4873">
    <p class='ocr_par' dir='ltr' id='par_1_105' title="bbox 2041 4789 3577 4873">
     <span class='ocr_line' id='line_1_105' title="bbox 2041 4789 3577 4873; baseline -0.007 -19"><span class='ocrx_word' id='word_1_664' title='bbox 2041 4805 2145 4854; x_wconf 86' lang='grc' dir='ltr'>Νῦν</span> <span class='ocrx_word' id='word_1_665' title='bbox 2172 4798 2217 4854; x_wconf 87' lang='grc' dir='ltr'>δ’</span> <span class='ocrx_word' id='word_1_666' title='bbox 2250 4797 2495 4873; x_wconf 79' lang='grc' dir='ltr'>ἄμπελος</span> <span class='ocrx_word' id='word_1_667' title='bbox 2526 4798 2867 4870; x_wconf 83' lang='grc' dir='ltr'>κατάκαρπος</span> <span class='ocrx_word' id='word_1_668' title='bbox 2901 4794 2951 4849; x_wconf 77' lang='grc' dir='ltr'>ἐν</span> <span class='ocrx_word' id='word_1_669' title='bbox 2983 4800 3100 4854; x_wconf 88' lang='grc' dir='ltr'>ταῖς</span> <span class='ocrx_word' id='word_1_670' title='bbox 3134 4792 3329 4853; x_wconf 83' lang='grc' dir='ltr'>αὐλαῖς</span> <span class='ocrx_word' id='word_1_671' title='bbox 3358 4789 3577 4865; x_wconf 80' lang='grc' dir='ltr'>Κυρίου.</span> 
     </span>
    </p>
   </div>
   <div class='ocr_carea' id='block_1_106' title="bbox 2040 4879 3502 4963">
    <p class='ocr_par' dir='ltr' id='par_1_106' title="bbox 2040 4879 3502 4963">
     <span class='ocr_line' id='line_1_106' title="bbox 2040 4879 3502 4963; baseline -0.01 -17"><span class='ocrx_word' id='word_1_672' title='bbox 2040 4894 2212 4963; x_wconf 76' lang='grc' dir='ltr'>⁸Ὀπερ</span> <span class='ocrx_word' id='word_1_673' title='bbox 2241 4890 2332 4943; x_wconf 81' lang='grc' dir='ltr'>οὗν</span> <span class='ocrx_word' id='word_1_674' title='bbox 2362 4888 2506 4963; x_wconf 80' lang='grc' dir='ltr'>λέγει</span> <span class='ocrx_word' id='word_1_675' title='bbox 2536 4890 2785 4961; x_wconf 85' lang='grc' dir='ltr'>καθαρῶς</span> <span class='ocrx_word' id='word_1_676' title='bbox 2818 4887 2852 4953; x_wconf 87' lang='grc' dir='ltr'>ἡ</span> <span class='ocrx_word' id='word_1_677' title='bbox 2885 4884 3092 4961; x_wconf 83' lang='grc' dir='ltr'>νόμφη,</span> <span class='ocrx_word' id='word_1_678' title='bbox 3124 4886 3287 4937; x_wconf 89' lang='grc' dir='ltr'>τοῦτο</span> <span class='ocrx_word' id='word_1_679' title='bbox 3320 4879 3465 4955; x_wconf 74' lang='grc' dir='ltr'>λέγει</span> <span class='ocrx_word' id='word_1_680' title='bbox 3487 4897 3502 4911; x_wconf 78' lang='grc' dir='ltr'><strong>ο</strong></span> 
     </span>
    </p>
   </div>
   <div class='ocr_carea' id='block_1_107' title="bbox 2039 4967 3511 5053">
    <p class='ocr_par' dir='ltr' id='par_1_107' title="bbox 2039 4967 3511 5053">
     <span class='ocr_line' id='line_1_107' title="bbox 2039 4967 3511 5053; baseline -0.008 -20"><span class='ocrx_word' id='word_1_681' title='bbox 2039 4980 2126 5040; x_wconf 80' lang='grc' dir='ltr'>Ὦς</span> <span class='ocrx_word' id='word_1_682' title='bbox 2158 4974 2325 5053; x_wconf 80' lang='grc' dir='ltr'>ἔγνων</span> <span class='ocrx_word' id='word_1_683' title='bbox 2355 4978 2447 5032; x_wconf 87' lang='grc' dir='ltr'>τὸν</span> <span class='ocrx_word' id='word_1_684' title='bbox 2477 4971 2823 5052; x_wconf 84' lang='grc' dir='ltr'>ἀδελφιδοῦν,</span> <span class='ocrx_word' id='word_1_685' title='bbox 2851 4971 3095 5027; x_wconf 85' lang='grc' dir='ltr'>τουτέστι</span> <span class='ocrx_word' id='word_1_686' title='bbox 3135 4971 3225 5025; x_wconf 86' lang='grc' dir='ltr'>τὸν</span> <span class='ocrx_word' id='word_1_687' title='bbox 3256 4967 3511 5046; x_wconf 84' lang='grc' dir='ltr'>νυμφίον,</span> 
     </span>
    </p>
   </div>
   <div class='ocr_carea' id='block_1_108' title="bbox 2039 5060 3316 5138">
    <p class='ocr_par' dir='ltr' id='par_1_108' title="bbox 2039 5060 3316 5138">
     <span class='ocr_line' id='line_1_108' title="bbox 2039 5060 3316 5138; baseline -0.008 -15"><span class='ocrx_word' id='word_1_688' title='bbox 2039 5072 2223 5131; x_wconf 85' lang='grc' dir='ltr'>Ὅστις</span> <span class='ocrx_word' id='word_1_689' title='bbox 2253 5066 2538 5135; x_wconf 82' lang='grc' dir='ltr'>ἀπέσταξεν</span> <span class='ocrx_word' id='word_1_690' title='bbox 2563 5067 2696 5137; x_wconf 79' lang='grc' dir='ltr'>ἡμῖν</span> <span class='ocrx_word' id='word_1_691' title='bbox 2724 5061 2957 5138; x_wconf 87' lang='grc' dir='ltr'>γλεῦκος</span> <span class='ocrx_word' id='word_1_692' title='bbox 2989 5060 3277 5125; x_wconf 82' lang='grc' dir='ltr'>ἀθανασίας</span> <span class='ocrx_word' id='word_1_693' title='bbox 3304 5077 3316 5090; x_wconf 78' lang='grc'><strong>⁸</strong></span> 
     </span>
    </p>
   </div>
   <div class='ocr_carea' id='block_1_109' title="bbox 2041 5150 3475 5229">
    <p class='ocr_par' dir='ltr' id='par_1_109' title="bbox 2041 5150 3475 5229">
     <span class='ocr_line' id='line_1_109' title="bbox 2041 5150 3475 5229; baseline -0.01 -13"><span class='ocrx_word' id='word_1_694' title='bbox 2041 5159 2155 5216; x_wconf 81' lang='grc' dir='ltr'>Οὐκ</span> <span class='ocrx_word' id='word_1_695' title='bbox 2184 5157 2295 5213; x_wconf 80' lang='grc' dir='ltr'>ἔστι</span> <span class='ocrx_word' id='word_1_696' title='bbox 2328 5160 2521 5217; x_wconf 81' lang='grc' dir='ltr'>πάσαις</span> <span class='ocrx_word' id='word_1_697' title='bbox 2549 5155 2760 5229; x_wconf 82' lang='grc' dir='ltr'>ὥριμος</span> <span class='ocrx_word' id='word_1_698' title='bbox 2790 5156 2996 5228; x_wconf 86' lang='grc' dir='ltr'>ψυχαῖς</span> <span class='ocrx_word' id='word_1_699' title='bbox 3027 5156 3144 5215; x_wconf 87' lang='grc' dir='ltr'>ταῖς</span> <span class='ocrx_word' id='word_1_700' title='bbox 3183 5150 3475 5225; x_wconf 77' lang='grc' dir='ltr'>έναρέταις,</span> 
     </span>
    </p>
   </div>
   <div class='ocr_carea' id='block_1_110' title="bbox 2042 5234 3588 5318">
    <p class='ocr_par' dir='ltr' id='par_1_110' title="bbox 2042 5234 3588 5318">
     <span class='ocr_line' id='line_1_110' title="bbox 2042 5234 3588 5318; baseline -0.01 -16"><span class='ocrx_word' id='word_1_701' title='bbox 2042 5246 2201 5302; x_wconf 86' lang='grc' dir='ltr'>Ἀλλ’</span> <span class='ocrx_word' id='word_1_702' title='bbox 2232 5245 2547 5318; x_wconf 75' lang='grc' dir='ltr'>ἐξαλλάσσει</span> <span class='ocrx_word' id='word_1_703' title='bbox 2579 5245 2638 5297; x_wconf 87' lang='grc' dir='ltr'>τὸ</span> <span class='ocrx_word' id='word_1_704' title='bbox 2667 5242 2894 5315; x_wconf 84' lang='grc' dir='ltr'>τερπνὸν</span> <span class='ocrx_word' id='word_1_705' title='bbox 2928 5238 3067 5301; x_wconf 83' lang='grc' dir='ltr'>εἶδος</span> <span class='ocrx_word' id='word_1_706' title='bbox 3098 5238 3261 5293; x_wconf 80' lang='grc' dir='ltr'>αὐτοῦ</span> <span class='ocrx_word' id='word_1_707' title='bbox 3292 5234 3588 5301; x_wconf 68' lang='grc' dir='ltr'>πολλάκις,</span> 
     </span>
    </p>
   </div>
   <div class='ocr_carea' id='block_1_111' title="bbox 2040 5328 3400 5409">
    <p class='ocr_par' dir='ltr' id='par_1_111' title="bbox 2040 5328 3400 5409">
     <span class='ocr_line' id='line_1_111' title="bbox 2040 5328 3400 5409; baseline -0.009 -18"><span class='ocrx_word' id='word_1_708' title='bbox 2040 5337 2191 5391; x_wconf 73' lang='grc' dir='ltr'>Κατὰ</span> <span class='ocrx_word' id='word_1_709' title='bbox 2218 5336 2280 5389; x_wconf 87' lang='grc' dir='ltr'>τὸ</span> <span class='ocrx_word' id='word_1_710' title='bbox 2315 5336 2509 5409; x_wconf 77' lang='grc' dir='ltr'>μέτρον</span> <span class='ocrx_word' id='word_1_711' title='bbox 2544 5328 2758 5401; x_wconf 73' lang='grc' dir='ltr'>δηλαδὴ</span> <span class='ocrx_word' id='word_1_712' title='bbox 2785 5334 2889 5384; x_wconf 88' lang='grc' dir='ltr'>τῶν</span> <span class='ocrx_word' id='word_1_713' title='bbox 2918 5329 3118 5403; x_wconf 71' lang='grc' dir='ltr'>ἀρετῶν</span> <span class='ocrx_word' id='word_1_714' title='bbox 3153 5328 3400 5384; x_wconf 69' lang='grc' dir='ltr'>ἑκάστου.</span> 
     </span>
    </p>
   </div>
   <div class='ocr_carea' id='block_1_112' title="bbox 2040 5410 3690 5499">
    <p class='ocr_par' dir='ltr' id='par_1_112' title="bbox 2040 5410 3690 5499">
     <span class='ocr_line' id='line_1_112' title="bbox 2040 5410 3690 5499; baseline -0.008 -20"><span class='ocrx_word' id='word_1_715' title='bbox 2040 5426 2216 5480; x_wconf 81' lang='grc' dir='ltr'>Ἀνθεῖ</span> <span class='ocrx_word' id='word_1_716' title='bbox 2270 5424 2366 5499; x_wconf 69' lang='grc' dir='ltr'>γᾶς</span> <span class='ocrx_word' id='word_1_717' title='bbox 2415 5420 2613 5482; x_wconf 75' lang='grc' dir='ltr'>ἄλλαις</span> <span class='ocrx_word' id='word_1_718' title='bbox 2684 5424 2791 5474; x_wconf 90' lang='grc' dir='ltr'>τῶν</span> <span class='ocrx_word' id='word_1_719' title='bbox 2855 5422 3070 5493; x_wconf 88' lang='grc' dir='ltr'>ψυχῶν,</span> <span class='ocrx_word' id='word_1_720' title='bbox 3126 5418 3177 5471; x_wconf 79' lang='grc' dir='ltr'>ἰν</span> <span class='ocrx_word' id='word_1_721' title='bbox 3234 5414 3431 5475; x_wconf 82' lang='grc' dir='ltr'>ἄλλαις</span> <span class='ocrx_word' id='word_1_722' title='bbox 3481 5410 3537 5467; x_wconf 67' lang='grc' dir='ltr'>δὲ</span> <span class='ocrx_word' id='word_1_723' title='bbox 3593 5433 3690 5467; x_wconf 85' lang='grc' dir='ltr'>κυ-</span> 
     </span>
    </p>
   </div>
   <div class='ocr_carea' id='block_1_113' title="bbox 3390 5502 3613 5577">
    <p class='ocr_par' dir='ltr' id='par_1_113' title="bbox 3390 5502 3613 5577">
     <span class='ocr_line' id='line_1_113' title="bbox 3390 5502 3613 5577; baseline -0.009 -1"><span class='ocrx_word' id='word_1_724' title='bbox 3390 5502 3613 5577; x_wconf 60' lang='grc' dir='ltr'>μερίζει,</span> 
     </span>
    </p>
   </div>
   <div class='ocr_carea' id='block_1_114' title="bbox 2041 5591 3577 5676">
    <p class='ocr_par' dir='ltr' id='par_1_114' title="bbox 2041 5591 3577 5676">
     <span class='ocr_line' id='line_1_114' title="bbox 2041 5591 3577 5676; baseline -0.006 -18"><span class='ocrx_word' id='word_1_725' title='bbox 2041 5604 2128 5660; x_wconf 86' lang='grc' dir='ltr'>Ἐν</span> <span class='ocrx_word' id='word_1_726' title='bbox 2164 5602 2359 5664; x_wconf 79' lang='grc' dir='ltr'>ἄλλαις</span> <span class='ocrx_word' id='word_1_727' title='bbox 2390 5599 2434 5656; x_wconf 83' lang='grc' dir='ltr'>δ’</span> <span class='ocrx_word' id='word_1_728' title='bbox 2468 5597 2677 5676; x_wconf 81' lang='grc' dir='ltr'>ὥριμός</span> <span class='ocrx_word' id='word_1_729' title='bbox 2709 5596 2874 5665; x_wconf 77' lang='grc' dir='ltr'>ἐστιν,</span> <span class='ocrx_word' id='word_1_730' title='bbox 2908 5595 2959 5649; x_wconf 84' lang='grc' dir='ltr'>έν</span> <span class='ocrx_word' id='word_1_731' title='bbox 2990 5592 3185 5657; x_wconf 71' lang='grc' dir='ltr'>ἄλλαις</span> <span class='ocrx_word' id='word_1_732' title='bbox 3218 5591 3275 5649; x_wconf 77' lang='grc' dir='ltr'>δὲ</span> <span class='ocrx_word' id='word_1_733' title='bbox 3300 5594 3577 5667; x_wconf 78' lang='grc' dir='ltr'>περκάζει.</span> 
     </span>
    </p>
   </div>
   <div class='ocr_carea' id='block_1_115' title="bbox 2037 5683 3541 5769">
    <p class='ocr_par' dir='ltr' id='par_1_115' title="bbox 2037 5683 3541 5769">
     <span class='ocr_line' id='line_1_115' title="bbox 2037 5683 3541 5769; baseline -0.008 -21"><span class='ocrx_word' id='word_1_734' title='bbox 2037 5694 2103 5748; x_wconf 85' lang='grc' dir='ltr'><strong>Ἦ</strong></span> <span class='ocrx_word' id='word_1_735' title='bbox 2134 5692 2318 5769; x_wconf 85' lang='grc' dir='ltr'>νύμφη</span> <span class='ocrx_word' id='word_1_736' title='bbox 2352 5689 2527 5747; x_wconf 90' lang='grc' dir='ltr'>τοίνυν</span> <span class='ocrx_word' id='word_1_737' title='bbox 2561 5686 2795 5765; x_wconf 81' lang='grc' dir='ltr'>φέρουσα</span> <span class='ocrx_word' id='word_1_738' title='bbox 2826 5684 3152 5762; x_wconf 83' lang='grc' dir='ltr'>κυπρίζοντα</span> <span class='ocrx_word' id='word_1_739' title='bbox 3183 5683 3274 5739; x_wconf 83' lang='grc' dir='ltr'>τὸν</span> <span class='ocrx_word' id='word_1_740' title='bbox 3322 5683 3541 5756; x_wconf 89' lang='grc' dir='ltr'>βότρυν,</span> 
     </span>
    </p>
   </div>
  </div>
