4040 6146
334 353 454 412 565

338 480 607 536 Δείκνυσιν
641 480 723 537 δτι
755 482 1040 559 προκοπὴν
1076 480 1174 537 οὐκ
1204 478 1399 559 ἔφθασε
1427 483 1661 543 τελείαν.

337 571 452 627 Εἶθ’
479 569 663 643 ὥσπερ
699 571 1071 643 ὑπαυξάνουσα
1098 576 1194 626 τοῦ
1226 578 1537 647 κυπρισμοῦ
1566 576 1628 628 τὸ
1657 574 1882 643 κάλλος,

334 659 548 733 υῦτως,
582 660 737 736 φησὶ,
772 659 1018 734 κυπρίζει
1055 682 1152 733 μοι
1183 663 1411 737 Χριστὸς
1444 663 1472 717 ὁ
1497 663 1585 716 καὶ
1617 664 1869 741 νυμφίος,

334 752 537 823 Ὥσπερ
569 748 889 824 κυπρίζουσι
915 754 1161 824 τερπνῶς
1195 750 1247 805 ἐν
1278 756 1357 824 τῷ
1382 749 1543 806 Γαδδὶ
1569 754 1647 824 τῷ
1676 754 1831 825 τόπῳ

338 839 406 895 Οἱ
433 843 539 892 τῶν
573 837 835 910 ἀμπέλων
869 838 1091 914 βότρυες
1126 838 1345 902 εὐώδεις
1374 844 1670 919 πεφυκότες
1699 860 1710 872 ·

342 933 415 996 Γῆ
449 928 575 1003 γὰρ,
608 927 680 988 ὥς
706 947 857 1004 φασι,
883 934 980 981 τοῦ
1014 926 1175 983 Γαδδὶ
1206 929 1629 1006 ἀμπελοτρόφος
1659 932 1811 999 οὖσα,

342 1020 446 1082 Γῆν
478 1022 647 1071 πᾶσαν
681 1016 1016 1093 ὑπερήλασεν
1051 1018 1125 1079 εἷς
1155 1019 1253 1087 τήν
1287 1014 1648 1095 ἡδυϐοτρύαν.

338 1112 447 1176 Τῆς
477 1110 606 1181 γοῦν
640 1108 806 1181 ἁγνῆς
834 1107 925 1160 καὶ
957 1108 1191 1180 καθαρᾶς
1222 1112 1407 1183 ψυχῆς
1442 1108 1700 1180 εἰπούσης
1732 1107 1880 1179 τάδε,

339 1196 401 1251 Ὀ
434 1193 598 1268 λόγος
633 1195 982 1269 ἀποκρίνεται
1006 1193 1179 1269 λέγων
1213 1202 1381 1251 ταῦτα
1405 1217 1415 1227 ·

408 1281 546 1339 Ἰδοὺ
603 1284 653 1338 εἴ
706 1284 872 1353 καλὴ,
936 1287 970 1353 ἡ
1029 1284 1266 1354 πλησίον
1331 1307 1455 1358 μου,
1514 1284 1634 1341 ἰδοὺ
1690 1286 1877 1357 καλή·
1938 1289 1991 1342 οἱ

337 1371 622 1445 ὀφθαλμοί
650 1394 765 1440 σου,
800 1373 1127 1449 περιστεραί.

406 1464 611 1535 ’Ὠσπερ
647 1463 697 1515 οἱ
728 1464 1206 1537 χρυσογνώμονις,
1240 1463 1329 1525 οὕς
1360 1486 1484 1542 φασι
1517 1465 1883 1541 χρυσοχόους,

329 1554 424 1606 ‘Av
449 1552 537 1604 τὸν
574 1552 776 1625 χρυσὸν
820 1549 1093 1621 θελήσωσι
1120 1553 1213 1607 τὸν
1246 1549 1750 1626 κεκιϐδηλωμένον,

338 1639 735 1714 Λαμπρότερον
769 1640 1087 1714 ἐργάσασθαι
1117 1642 1204 1695 καὶ
1236 1644 1464 1718 καθαρὸν
1500 1643 1729 1719 ἐξόχως,

336 1728 617 1790 Πολλάκις
656 1727 952 1803 βάλλουσιν
980 1730 1138 1784 αὐτὸν
1169 1730 1219 1784 ἐν
1247 1738 1364 1794 τοῖς
1396 1734 1791 1809 χωνευτηρίοις

330 1822 529 1872 Τοῦτον
561 1819 652 1873 τὸν
684 1819 884 1893 τρόπον
918 1817 1150 1873 δείκνυσι
1180 1822 1280 1889 τὴν
1311 1821 1529 1900 νύμφην
1557 1828 1647 1875 νῦν
1682 1823 1709 1876 ὁ
1742 1821 1930 1898 λόγος,

330 1909 395 1964 Ὀ
418 1912 525 1962 τῶν
558 1911 753 1981 ψυχῶν
787 1911 1121 1982 θεραπευτής
1150 1915 1256 1963 τῶν
1295 1911 1764 1984 μεμελανωμὲνων
1789 1932 1801 1944 ·

330 2000 513 2067 Ἵππῳ
533 1996 634 2071 γὰρ
664 1996 864 2066 ταύτην
898 1996 1161 2073 πρότερον
1192 2003 1270 2069 τῷ
1304 1998 1452 2075 λόγῳ
1480 2002 1830 2075 παρεικάσας,

333 2086 429 2139 Καὶ
467 2082 642 2154 δείξας
673 2084 750 2139 ἔτι
780 2094 1040 2161 χαμερπῆ
1072 2086 1355 2163 τυγχάνειν
1383 2091 1481 2157 τήν
1514 2091 1802 2164 παρθένον,

331 2176 476 2249 Πρὸς
510 2174 703 2248 ἀρετὴν
737 2174 953 2250 ἠρέθισε
980 2175 1179 2245 ταύτην
1213 2175 1580 2253 ὑψηλοτέραν.

324 2270 387 2320 Ἡ
421 2261 479 2318 δὶ
509 2262 828 2337 προκόψασα
857 2266 1067 2339 τρανῶς
1097 2270 1215 2327 ταῖς
1249 2266 1435 2342 χάρισι
1466 2273 1571 2322 τῶν
1605 2267 1803 2345 φίλων,

333 2354 545 2406 Γίνεται
579 2350 771 2424 θρόνος
801 2351 1025 2424 πύρινος
1055 2352 1150 2407 τοῦ
1181 2354 1395 2409 πάντων
1430 2357 1718 2417 Βασιλέως.

330 2438 537 2496 mm
682 2439 733 2493 ’λ
862 2440 920 2493 θ’
1437 2450 1458 2459 υ
1540 2445 1553 2465 ν
1620 2445 1645 2464 θ’

540 2461 591 2494 τι
622 2460 697 2493 πα
744 2462 787 2492 ιν
822 2462 855 2516 φ
896 2462 1091 2495 ανουσα
1121 2463 1239 2503 ται..
1274 2464 1486 2517 αρεταις
1511 2466 1586 2506 εις
1619 2448 1776 2518 υψος,

330 2529 437 2585 Καὶ
469 2529 636 2583 πάλιν
672 2529 1071 2605 προσεγγίσασα
1099 2536 1178 2603 τῷ
1208 2534 1425 2608 καθαρῷ
1456 2534 1695 2607 νυμφίῳ,

325 2623 609 2692 Λαμπρῶς
643 2617 1037 2691 ἐγκωμιάζεται
1070 2621 1155 2675 καὶ
1192 2622 1337 2697 παρὰ
1364 2627 1459 2676 τοῦ
1490 2623 1746 2700 νυμφίου.

328 2705 471 2764 Ἰδοὺ
501 2706 599 2781 γάρ
632 2708 677 2761 εἴ
706 2706 872 2778 καλὴ,
906 2709 1091 2785 φησὶν,
1124 2712 1158 2778 ἡ
1192 2710 1425 2781 πλησίον
1462 2734 1587 2784 μου.

326 2797 457 2852 Δῖτα
516 2793 743 2857 διπλοῦς
795 2797 887 2851 τὸν
940 2797 1155 2852 ἔπαινον
1213 2805 1311 2853 τοῦ
1388 2800 1629 2863 κάλλους
1710 2802 1979 2881 ἐπιφέρων

1696 2891 1904 2963 [πάλιν,

329 2972 494 3043 Ἰδοὺ,
528 2976 681 3052 φησί,
713 2972 854 3043 καλὴ
888 2975 1200 3050 τυγχάνεις,
1235 2979 1279 3031 ὦ
1310 2980 1559 3055 παρθένε.

331 3063 522 3136 Ἔχεις
553 3063 652 3137 γὰρ
681 3057 905 3135 ὄμματα
934 3065 1136 3134 τερπνὰ
1167 3073 1483 3140 περιστερᾶς
1514 3068 1803 3139 παρθένου,

323 3149 559 3207 Ὀπόταν
593 3171 688 3204 σου
717 3151 844 3213 τοὺς
890 3150 1211 3229 ὀφθαλμοὺς
1243 3154 1572 3229 ἀπέστρεψας
1610 3164 1709 3225 τῆς
1739 3155 1972 3228 πλάνης,

323 3246 362 3293 Κ
405 3238 420 3257 κ
544 3239 558 3255 ε
634 3238 649 3257 ,
1323 3242 1337 3260 ε
1534 3243 1546 3261 ς

367 3260 421 3293 αι
462 3259 600 3313 προς
632 3239 729 3311 εμὲ
758 3239 849 3294 τὸν
877 3239 1255 3317 πλαστουργὸν
1284 3262 1374 3296 τον
1406 3244 1497 3297 σὸν
1531 3246 1867 3317 ενατενίζεις,

326 3332 653 3403 Ηεριστερᾶς
679 3324 737 3382 δὲ
770 3329 1041 3401 μέμνηται
1072 3328 1163 3383 νῦν
1199 3330 1517 3409 ὀφθαλμοὺς
1548 3335 1575 3387 ὁ
1608 3332 1799 3408 λόγος,

318 3418 392 3471 Τὸ
421 3417 656 3491 καθαρὸν
684 3421 780 3471 τοῦ
815 3418 1135 3492 βλέμματος
1168 3422 1451 3493 σημαίνων
1483 3429 1581 3492 τῆς
1616 3424 1905 3497 παρθένου.

323 3507 429 3561 Καὶ
462 3506 565 3582 γὰρ
597 3510 854 3561 τοσοῦτον
886 3508 1118 3583 καθαρὸν
1148 3504 1305 3584 ἔσχεν
1338 3510 1514 3579 ἐκείνη
1553 3509 1798 3586 βλέμμα,

321 3597 486 3650 ’Ώστε
515 3592 731 3650 κατεῖδε
750 3597 998 3673 καθαρῶς
1025 3598 1115 3652 τὸν
1151 3598 1446 3655 κάλλιστον
1476 3600 1727 3680 νυμφίον.

886 3708 998 3758 Τῶν
1040 3712 1084 3781 γ’
1125 3706 1397 3781 Πατέρων.

394 3792 556 3849 Οὕτω
604 3791 781 3846 τοίνυν
834 3794 933 3861 τὴν
988 3795 1206 3872 νύμφην
1267 3798 1294 3851 ὁ
1352 3796 1585 3872 νυμφίος
1646 3799 1784 3873 ὁρῶν
1846 3797 1981 3851 κατὰ

324 3882 518 3957 πρᾶξιν
578 3882 673 3954 μὲν
732 3884 993 3958 καθαρὰν,
1044 3886 1178 3938 κατὰ
1235 3887 1459 3960 Θεωρίαν
1522 3884 1579 3940 δὲ
1631 3888 1979 3959 πεφωτισμέ-

317 3992 443 4039 νην,
478 3970 611 4048 φησί
642 3973 778 4045 πρὸς
809 3972 999 4041 αὐτήν·
1034 3971 1171 4029 Ἰδοὺ
1205 3977 1254 4028 εἴ
1277 3974 1441 4043 καλὴ,
1476 3978 1510 4044 ἡ
1562 3974 1798 4045 πλησίον
1849 3997 1976 4049 μου,

324 4057 448 4115 ἰδοὺ
505 4060 550 4114 εἴ
610 4058 776 4131 καλή·
848 4061 1124 4137 ὀφθαλμοί
1202 4085 1317 4131 σου,
1378 4064 1706 4139 περιστεραί.
1756 4066 1977 4139 ’Ίίγουν,

319 4146 469 4203 Ἰδοὺ
506 4150 771 4224 ὑπάργεις
804 4148 978 4224 ὡραία
1008 4152 1144 4205 κατὰ
1178 4153 1420 4226 μετοχὴν
1447 4160 1547 4221 τῆς
1588 4151 1725 4225 ἐμῆς
1777 4153 1976 4227 ὡραιό-

322 4259 513 4307 τητος,
548 4238 621 4299 ὡς
672 4239 733 4292 τὸ
780 4235 865 4292 διὰ
913 4240 1013 4307 τήν
1062 4241 1286 4315 πρώτην
1320 4241 1567 4296 ἀπιστίαν
1596 4244 1786 4316 αἶσχος
1844 4243 1977 4297 ἀπο-

326 4322 634 4401 ϐαλομὲνη,
694 4328 782 4381 καὶ
857 4327 1107 4403 ἐγγίσασά
1188 4350 1280 4402 μοι
1344 4332 1458 4385 κατ’
1515 4331 1709 4405 ἀρετὴν
1781 4330 1833 4386 ἐν
1901 4336 1978 4402 τῷ

329 4418 671 4488 μιμήσασθαι
719 4416 847 4479 τοὺς
896 4417 1062 4490 ἐμοὺς
1137 4420 1380 4492 μιμητὰς
1431 4418 1788 4481 ἀποστόλους.
1840 4418 1978 4478 Ἰδοὺ

326 4505 594 4580 ὑπάρχεις
654 4505 825 4580 ὡραία
888 4507 963 4567 ὡς
1022 4508 1167 4581 παρὰ
1218 4514 1324 4563 τῶν
1371 4508 1610 4585 ἀγγέλων
1649 4531 1752 4582 μου
1781 4511 1876 4572 τὰς
1922 4509 1973 4564 ἐν

321 4592 405 4665 τῷ
494 4594 650 4647 παντὶ
723 4591 1041 4670 διδαχθεῖσα
1118 4596 1374 4675 ἐμφάσεις

328 4684 655 4757 ὡραῖσθεῖσα
703 4684 795 4739 καὶ
851 4687 986 4740 κατὰ
1059 4692 1281 4760 γνῶσιν,
1341 4686 1633 4763 ἐπειδήπερ
1692 4689 1741 4742 οἱ
1800 4688 1979 4764 νοεροὶ

330 4772 609 4849 ὀφθαλμοί
646 4794 741 4828 σου
771 4775 1151 4847 πνευματικοὶ,
1184 4775 1235 4830 ἐν
1266 4782 1347 4848 τῷ
1388 4779 1462 4849 μὴ
1512 4776 1808 4831 ἀπατᾶσθαι
1867 4783 1981 4838 τοῖς

334 4861 389 4915 ἐν
421 4861 696 4931 αἰσθήσεσι
745 4870 1015 4937 τερπνοῖς,
1054 4864 1181 4920 ἀλλ’
1212 4867 1284 4926 ὡς
1330 4866 1379 4920 ἐν
1436 4865 1717 4942 ἐσόπτροις
1767 4866 1982 4930 τούτοις

326 4951 397 5005 τὰ
427 4950 775 5026 κεκρυμμένα
807 4950 988 5027 διορᾷν
1022 4955 1194 5025 νοητὰ
1221 4954 1426 5027 κάλλη.

889 5064 1005 5113 Τῶν
1044 5063 1088 5135 γ’
1129 5062 1405 5133 ΙΙατὲρων.

407 5147 547 5219 Πρὸς
579 5151 745 5201 ταῦτα
775 5144 833 5202 δὲ
863 5151 897 5217 ἡ
930 5149 1141 5225 νύμφη,
1170 5148 1356 5218 ἐπειδή
1408 5151 1554 5227 παρά
1594 5156 1690 5206 τοῦ
1746 5151 1982 5227 νυμφίου

342 5235 756 5307 μεμαρτύρηται
818 5237 1213 5311 πνευματικοὺς
1276 5238 1419 5313 ἔχειν
1478 5240 1816 5317 ἀφθαλμους,
1856 5242 1983 5296 κάν-

328 5325 511 5377 τεῦθεν
572 5326 647 5397 μή
707 5326 1096 5399 ἀπατωμένους
1131 5347 1144 5360 ·
1209 5326 1355 5381 ἀλλᾶ
1418 5330 1479 5382 τὸ
1538 5330 1737 5403 κυρίως
1790 5328 1982 5399 καλὸν,

330 5412 452 5466 ὅθεν
487 5415 516 5482 ἡ
558 5414 833 5485 ὡραιότης
882 5416 1018 5489 αὐτῇ
1068 5416 1253 5491 γέγονε
1303 5418 1438 5471 κατὰ
1488 5421 1753 5492 μετοχὴν,
1784 5419 1981 5493 γνωρί-

325 5509 538 5570 ζοντας,
582 5502 708 5558 τάδε
755 5506 937 5582 φησίν·
997 5503 1136 5562 Ἰδοὺ
1181 5507 1225 5559 εἴ
1256 5508 1443 5567 καλὸς.
1497 5505 1822 5585 ἀδελφιδοῦς
1877 5530 1982 5580 μου

324 5590 610 5663 δηλονότι,
647 5594 721 5648 Σὺ
784 5595 949 5666 μόνος
998 5593 1057 5647 ἂν
1101 5591 1323 5655 δικαίως
1370 5593 1558 5671 λέγοιο
1602 5594 1767 5658 καλὸς
1794 5599 1821 5651 ὁ
1853 5596 1981 5672 ἀγα-

326 5681 505 5751 πητός
560 5702 686 5753 μου,
723 5682 783 5737 οὗ
830 5684 965 5737 κατὰ
1029 5686 1271 5758 μετοχὴν
1311 5682 1545 5740 καλάτᾶ
1593 5683 1734 5740 καλά
1765 5706 1776 5718 ο
1834 5686 1984 5761 καίγι

1380 352 1791 417 COMMENT.
1838 356 1917 416 IN
1964 355 2364 418 GANTlCUM
2410 360 2717 421 CANTIC.

3640 361 3761 422 566

2027 497 2069 555 Α
2107 487 2257 543 hotri
2289 490 2542 560 jucunde
2575 492 2780 547 ﬂorent
2810 492 2865 546 in
2901 492 3085 549 Gaddi
3113 510 3125 549 :
3159 510 3286 565 quae
3318 493 3558 565 quidem
3600 493 3759 565 regio

2103 576 2318 634 vitibus
2368 581 2680 637 abundans
2709 598 2833 637 uva;
2866 582 3155 637 suavitate
3203 582 3426 637 caeteris
3480 582 3759 637 omnibus

2103 668 2419 725 antecellit.
2452 670 2580 725 Haec
2631 671 2828 726 anima
2880 677 3041 727 casta
3071 676 3128 727 et
3152 688 3299 743 pura
3325 688 3458 725 cum
3489 671 3755 738 dixisset,

2102 769 2353 824 sponsus
2385 759 2697 829 respondet
2726 758 2807 814 ita
2831 775 3110 830 sponsam
3142 758 3449 831 alloquens
3485 775 3499 813 :

2172 1288 2306 1341 Ecce
2329 1284 2563 1356 pulchra
2591 1300 2666 1351 es,
2696 1287 3011 1357 prapinqua
3054 1301 3204 1351 mea,
3238 1300 3361 1340 ecce
3384 1282 3617 1354 pulchra
3644 1298 3699 1339 es
3732 1300 3752 1337 .·

2100 1377 2246 1433 οειιιὶ
2275 1376 2358 1429 tui
2365 1417 2377 1439 ,
2411 1374 2697 1430 columbae.

2172 1464 2674 1529 Quemadmodum
2709 1465 2808 1535 qui
2842 1480 3051 1518 aurum
3076 1467 3333 1518 tractant
3350 1466 3406 1517 et
3423 1462 3748 1531 elaborant,

2098 1571 2247 1625 quos
2277 1553 2547 1607 auriﬁces
2587 1552 2970 1624 appellamus,
3022 1552 3070 1608 si
3102 1569 3312 1607 aurum
3345 1551 3746 1607 adulteratum

2094 1644 2274 1699 velint
2303 1660 2644 1714 expurgare,
2676 1649 2733 1698 et
2763 1645 2967 1714 purius
3000 1649 3172 1714 atque
3202 1642 3572 1713 splendidius
3614 1643 3747 1697 red-

2096 1734 2251 1800 dere,
2289 1734 2502 1805 saapius
2535 1733 2681 1787 illud
2714 1734 2771 1787 in
2806 1734 3069 1788 fornaces
3100 1732 3425 1803 conjiciunt
3456 1749 3469 1787 :
3504 1732 3588 1786 sic
3619 1732 3744 1786 ani-

2098 1839 2222 1877 mas
2247 1840 2374 1894 quae
2398 1823 2761 1893 nigredinem
2786 1825 3395 1889 contraxerunt,curat
3413 1820 3744 1890 cxpolitque

2099 1917 2266 1967 Deus.
2294 1914 2439 1967 Cum
2461 1913 2619 1966 enim
2645 1911 2807 1983 prius
2830 1928 3109 1982 sponsam
3135 1928 3295 1982 equae
3318 1913 3745 1980 comparasset,

2092 2002 2559 2071 ostendissetque
2590 2019 2713 2056 eam
2747 2002 2939 2056 adhuc
2981 2001 3146 2056 humi
3200 2017 3418 2072 repere,
3452 1998 3737 2071 virginem

2092 2092 2163 2146 ad
2187 2091 2337 2146 hanc
2359 2092 2761 2147 sublimiorem
2791 2091 3061 2145 virtutem
3088 2090 3384 2145 incitavit:
3412 2088 3515 2143 illa
3543 2094 3737 2143 autem

2092 2180 2414 2236 amicorum
2460 2180 2670 2235 ofﬁciis
2700 2197 2829 2235 vere
2858 2180 3191 2251 proﬁciens,
3243 2180 3308 2233 Iit
3352 2178 3522 2249 ignea
3568 2177 3738 2233 sedes

2093 2270 2268 2341 Regis
2293 2270 2945 2325 universorum.Deinde
2968 2268 3284 2323 virtutibus
3305 2283 3539 2322 rursum
3564 2265 3741 2321 altius

2092 2364 2379 2428 provecta,
2412 2364 2587 2429 atque
2616 2360 2828 2413 iterum
2862 2358 2934 2413 ad
2968 2373 3178 2429 purum
3221 2372 3497 2427 sponsum
3528 2372 3741 2426 appr0«

2090 2446 2405 2517 pinquans,
2440 2449 2510 2501 ab
2540 2464 2605 2501 eo
2638 2446 2907 2518 praeclare
2939 2446 3385 2500 commendatur
3414 2446 3542 2498 Ecce
3568 2446 3737 2511 enim,

2089 2535 2303 2606 inquit,
2322 2537 2559 2609 pulchra
2579 2553 2653 2603 es,
2681 2539 2987 2607 propinqua
3011 2551 3131 2590 mea
3150 2551 3172 2597 ;
3194 2538 3251 2588 et
3282 2532 3739 2605 pulchritudinis

2088 2613 2323 2684 laud'em
2382 2628 2774 2700 ingeminans,
2824 2644 2963 2697 ecce,
3022 2625 3235 2698 inquit,
3284 2624 3517 2695 pulchra
3570 2639 3645 2689 es,
3704 2639 3736 2677 o

2088 2717 2269 2789 virgo.
2318 2718 2575 2773 Jucundi
2624 2719 2779 2771 enim
2829 2734 2888 2771 es
2932 2714 3120 2770 oculis
3169 2715 3411 2786 praedita
3452 2712 3735 2767 columbis

2088 2807 2352 2879 virginis,
2389 2824 2519 2863 cum
2552 2806 2751 2862 oculos
2798 2812 2932 2860 tuos
2981 2805 3052 2859 ab
3105 2819 3299 2859 errore
3347 2802 3647 2865 averteris,
3678 2804 3737 2854 et

2087 2912 2185 2951 eos
2224 2897 2282 2950 in
2333 2915 2425 2952 me
2472 2898 2800 2952 Creatorem
2852 2900 3020 2949 tuum
3064 2893 3409 2948 intenderis.
3440 2889 3733 2945 Columbae

2086 2991 2284 3041 autem
2317 2986 2517 3042 oculos
2549 2989 2854 3051 memorat,
2880 2988 2944 3038 ut
2966 2999 3179 3054 purum
3202 2981 3444 3053 virginis
3466 2981 3732 3035 obtutum

2086 3074 2394 3145 significet.
2426 3077 2566 3131 Tam
2598 3074 2851 3129 mundos
2878 3071 3035 3127 enim
3067 3071 3266 3127 oculos
3298 3071 3494 3138 habet,
3528 3072 3591 3124 ut
3621 3084 3736 3139 pu-

2084 3164 2225 3220 riter
2255 3164 2716 3237 pulcherrimum
2750 3178 3033 3233 sponsum
3066 3161 3333 3233 aspiciat.

2683 3709 2865 3761 Trium
2897 3710 3147 3762 Patrum.

2159 3801 2253 3856 Sic
2284 3798 2467 3871 igitur
2489 3812 2767 3866 sponsam
2791 3795 3039 3849 actionis
3062 3792 3315 3864 puritate
3336 3794 3735 3863 praestantem,

2086 3895 2145 3947 et
2174 3884 2685 3957 contemplationis
2716 3883 2844 3938 luce
2876 3882 3278 3953 splendentem
3312 3895 3565 3950 sponsus
3587 3878 3737 3949 aspi-

2086 3980 2247 4036 ciens
2294 3975 2612 4047 alloquitur
2641 3991 2659 4027 .·
2686 3975 2815 4027 Ecce
2845 3971 3072 4043 pulchra
3101 3986 3175 4039 es,
3208 3970 3517 4041 prOpinqua
3562 3984 3685 4021 mea
3717 3985 3736 4021 :

2085 4087 2202 4127 ecce
2251 4066 2483 4139 pulchra
2528 4082 2627 4121 es:
2661 4062 2815 4119 oculi
2862 4064 2965 4127 tui,
3016 4061 3303 4117 columbae.
3355 4060 3439 4113 En
3489 4058 3738 4113 formosa

2088 4158 2362 4223 exsistis;
2406 4156 2545 4227 quia
2591 4153 2881 4225 particeps
2929 4169 2990 4206 es
3038 4149 3498 4222 pulchritudinis
3547 4164 3686 4202 mea:
3723 4163 3736 4203 :

2087 4247 2367 4322 quoniam
2403 4245 2663 4317 pristiam
2696 4240 3124 4297 incredulitatis
3178 4238 3604 4310 turpitudinem
3637 4238 3737 4292 ab-

2079 4338 2296 4409 jecisti,
2332 4344 2405 4403 et,
2437 4333 2767 4387 imitatores
2810 4346 2972 4386 meos
3001 4326 3298 4400 apostolos
3327 4326 3633 4393 imitando,
3667 4326 3737 4380 ad

2089 4442 2183 4481 mc
2231 4440 2332 4495 per
2378 4422 2652 4477 virtutem
2707 4418 3212 4491 apprOpinquasti.
3252 4417 3393 4471 Ecce
3419 4416 3627 4471 decora
3657 4432 3741 4481 es,

2090 4515 2307 4587 quippe
2338 4529 2464 4583 quae
2497 4512 2567 4565 ab
2602 4508 2824 4580 angelis
2873 4508 3018 4562 meis
3068 4506 3289 4577 species
3333 4510 3466 4560 tuas
3516 4520 3638 4574 quae
3680 4503 3739 4557 in

1471 4620 1574 4669 μου
1609 4644 1622 4669 ,
1698 4600 1960 4654 κάντεῦθεπ

2098 4603 2312 4658 mundo
2362 4604 2521 4665 sunt,
2556 4596 2838 4667 didicisti,
2872 4601 3046 4667 atque
3078 4594 3157 4648 ita
3189 4593 3517 4665 cognitione
3561 4591 3737 4645 etiam

2090 4697 2146 4747 et
2176 4688 2422 4746 scicntia
2450 4706 2512 4744 es
2544 4689 2840 4743 exornata.
2880 4683 3093 4741 Mentis
3122 4682 3277 4737 enim
3314 4680 3467 4737 oculi
3499 4678 3583 4734 tui
3616 4679 3738 4751 spi-

2087 4779 2286 4835 ritales
2320 4780 2494 4833 rebus
2526 4775 2723 4832 sensui
2750 4773 3034 4845 jucundis
3075 4771 3317 4827 minime
3340 4768 3736 4840 decipiuntur,

2089 4870 2187 4924 sed
2213 4868 2272 4922 in
2295 4866 2367 4921 iis
2392 4871 2670 4935 tanquam
2701 4864 2758 4917 in
2786 4864 3023 4935 speculo
3056 4860 3383 4916 reconditas
3416 4856 3738 4930 pulchritu-

2089 4958 2255 5013 dines
2287 4954 2684 5026 intelligibiles
2717 4951 3209 5023 contemplantur.

2688 5061 2873 5115 Trium
2901 5065 3153 5113 Patrum.

2161 5153 2243 5207 Ad
2278 5153 2398 5207 haec
2430 5168 2667 5223 sponsa,
2694 5166 2828 5203 cum
2862 5145 3198 5202 testimonio
3222 5144 3423 5217 sponsi
3447 5142 3743 5215 spiritales

2094 5243 2302 5297 habeat
2332 5240 2532 5296 oculos
2562 5239 2663 5311 qui
2695 5238 2883 5309 decipi
2918 5241 3228 5306 nequeant,
3261 5235 3363 5290 sed
3416 5234 3568 5305 quod
3613 5249 3745 5287 vere

2093 5330 2405 5402 pulchrum
2438 5336 2549 5398 est,
2590 5328 2743 5382 unde
2772 5326 2901 5397 ipsa
2932 5341 3163 5396 quoque
3192 5325 3256 5378 fit
3287 5322 3744 5395 pulchritudinis

2095 5420 2406 5491 particeps,
2462 5417 2876 5488 conspiciant:
2912 5414 3320 5485 Ecce;inquit,
3370 5429 3432 5468 es
3482 5411 3746 5483 pulcher,

2094 5524 2309 5579 sponse
2359 5509 2460 5562 mi.
2492 5512 2571 5561 'I‘u
2628 5506 2789 5561 solus
2832 5504 3121 5572 videlicet,
3164 5505 3297 5573 jure
3342 5501 3585 5573 pulcher
3630 5498 3747 5555 dici

2096 5602 2281 5669 potes,
2308 5596 2514 5652 dilecte
2545 5597 2647 5663 mi,
2701 5596 2869 5664 cujus
2902 5593 3293 5665 partipatione
3324 5590 3574 5663 pulchra
3605 5594 3745 5642 sunt

2094 5687 2357 5759 pulchra.
2393 5687 2660 5755 Pulcher,
2696 5687 2959 5757 inquam,
2992 5684 3291 5740 inaccessa
3339 5686 3564 5737 natura:
3613 5677 3745 5749 pul-
