4040 6146
318 319 442 380 567
1658 319 2083 381 MICHAELIS
2126 317 2402 379 PSELLl
3634 317 3748 378 568

323 449 685 507 chritudine.
718 451 812 507 Sic
842 452 1024 525 igitur
1058 453 1322 525 pulcher,
1352 454 1421 509 ad
1449 453 1666 509 lectum
1716 457 1978 508 nostrum
2013 451 2050 519 Α

2152 454 2300 524 ραῖος
2330 453 2409 523 τῷ
2438 448 2721 525 άπροσίτῳ
2752 447 2948 506 κάλλει
2978 456 3079 520 τῆς
3130 448 3336 511 οὐσίας.
3366 449 3430 506 Ὁ
3475 451 3610 523 γοῦν
3662 447 3720 502 οὕ

327 543 669 612 umbrosus,
698 542 756 596 in
793 547 1002 597 natura
1032 548 1233 598 nostra
1264 543 1566 611 nimirum,
1598 544 1657 597 in
1690 551 1835 614 qua'
1862 547 1989 597 tan-

2152 560 2203 600 υς
2234 540 2439 613 ὡραῖος
2473 540 2609 614 πρὸς
2655 537 2849 609 κλίνην
2910 540 3071 611 ἡμῶν
3127 536 3367 609 σύσκιος,
3396 534 3528 606 ἤτοι
3584 537 3635 591 ἐν
3682 541 3748 611 τῇ

330 648 505 703 quam
559 631 617 685 in
671 630 821 687 lecto
874 632 1187 703 quiescens
1218 637 1278 687 tu
1314 632 1410 687 Dei
1440 637 1498 687 et
1530 632 1715 687 Patris
1745 631 1988 687 lucidis-

2152 629 2340 704 μετὲρᾳ
2386 628 2560 707 φύσει,
2622 627 2701 706 ἐφ’
2854 628 2930 689 ὡς
2988 626 3073 682 ἐπὶ
3121 625 3281 701 κλίνῃ
3310 624 3562 701 ἀναπαύῃ
3596 627 3630 695 ἡ
3658 629 3749 680 τοῦ

331 720 521 775 simus
554 724 612 774 et
642 719 765 775 sine
797 722 1009 776 umbra
1040 721 1260 787 radius,
1294 737 1398 793 per
1446 722 1716 776 umbram
1767 720 1991 791 aspice-

2152 721 2233 772 εοῦ
2262 718 2351 772 καὶ
2385 718 2594 791 Ηατρὸς
2625 715 2957 790 ὁλολαμπής
3002 715 3092 771 καὶ
3150 716 3335 777 ἄσκιος
3383 714 3559 783 ἀκτὶς,
3599 735 3750 769 σκιω-

334 808 438 878 ris,
489 814 774 880 tanquam
826 808 883 864 in
938 809 1197 880 imagine
1245 809 1554 880 exemplar.
1605 810 1889 873 Quoniam
1938 813 1996 864 et

2152 812 2213 868 ὒς
2264 808 2363 883 ὁρᾷ
2394 807 2468 868 ὡς
2494 806 2545 860 ἐν
2576 806 2743 861 εἰκόνι
2776 807 3106 881 ἀρχέτυπον.
3136 805 3287 861 Ἐπεὶ
3348 802 3404 859 δὲ
3453 803 3544 859 καὶ
3602 802 3749 873 οἴκη-

340 899 554 953 domus
583 903 687 953 tua
716 915 845 965 nos,
876 898 1138 954 Ecclesia
1170 899 1450 953 nimirum
1476 916 1603 971 quae
1629 900 1687 953 in
1710 903 1766 955 te
1788 899 1991 967 credit,

2152 896 2290 971 ἧριόν
2354 917 2449 950 σου
2504 898 2747 969 ἡμεῖς,ἡ
2802 894 3129 950 πιστεύσασα
3188 894 3263 957 εἷς
3321 894 3377 949 σὶ
3433 894 3748 963 Ἐκκλησία,

342 1003 547 1042 sumus
595 989 762 1056 Tigna
818 990 1027 1051 nostra,
1077 988 1232 1043 cedri
1274 1005 1292 1041 :
1338 988 1447 1043 hoc
1497 993 1604 1054 est,
1650 988 1885 1060 pietatis
1941 992 1998 1044 et

2152 986 2288 1057 τμὶν,
2319 985 2479 1039 Δοκοὶ
2531 986 2691 1058 ἡμῶν
2752 982 3157 1061 κέδροιηῖςγουν,
3199 984 3267 1038 τὰ
3322 989 3423 1052 τῆς
3487 976 3751 1043 εὐσεϐείας

344 1075 642 1146 religionis
665 1076 943 1149 dogmata
968 1093 1094 1147 quae
1118 1081 1400 1148 tanquam
1424 1078 1588 1150 tigna
1610 1079 1998 1144 domum,hoc

2152 1075 2373 1151 ἇγματα,
2408 1074 2439 1129 ἃ
2473 1072 2624 1145 δίκην
2670 1071 2846 1129 δοκῶν
2897 1077 3240 1150 συνεχουσῶν
3275 1071 3469 1143 οἰκίαν,
3502 1071 3605 1139 τὴν
3651 1075 3751 1125 τῶν

347 1168 456 1228 est,
500 1163 760 1219 ﬁdelium
814 1165 1134 1220 Ecclesiam
1182 1168 1503 1237 continent,
1536 1171 1593 1221 et
1621 1167 1789 1238 quasi
1820 1166 1999 1232 cedri,

2157 1168 2312 1218 ιστῶν
2376 1163 2702 1234 Ἐκκλησίαν
2755 1162 3095 1238 συνέχουσιν,
3144 1163 3231 1218 καὶ
3312 1161 3509 1236 οἷάπερ
3580 1156 3752 1234 κέδροι

350 1253 573 1308 fortiter
602 1253 924 1309 constituta
958 1255 1145 1309 solida
1175 1254 1231 1308 in
1264 1256 1557 1311 Christum
1594 1257 1705 1310 ﬁde
1738 1258 2002 1311 innitun-

2152 1250 2342 1323 Βραίως
2399 1251 2756 1327 ἐρριζωμένοι
2808 1256 2877 1325 τῇ
2938 1252 3014 1313 εἲς
3066 1251 3301 1326 Χριστὸν
3331 1248 3531 1326 στερῥᾷ
3586 1247 3753 1304 πίστει

348 1346 482 1397 tur:
509 1359 701 1413 neque
750 1342 1072 1399 Ecclesiam
1114 1343 1369 1399 assiduis
1408 1344 1695 1400 haeresum
1731 1350 1787 1400 et
1813 1350 2002 1401 tenta-

2154 1340 2463 1411 δραίωνται·
2498 1340 2587 1395 καὶ
2646 1346 2762 1402 ταῖς
2816 1336 3295 1417 προσϐαλλούσαις
3334 1343 3405 1413 τῇ
3466 1337 3757 1408 Ἐκκλησία

350 1432 579 1487 tionum
636 1432 919 1501 motibus,
951 1432 1129 1487 veluti
1188 1434 1361 1488 variis
1410 1434 1839 1491 vehementium
1893 1437 2002 1491 im-

2154 1438 2270 1498 ίκην
2331 1428 2577 1509 σφοδρῶν
2636 1431 2798 1485 ὑετῶν
2857 1430 2947 1485 καὶ
3002 1429 3215 1503 άνέμων
3273 1433 3501 1504 συχναῖς
3558 1426 3755 1503 ἐπαγω-

356 1519 552 1575 brium
608 1526 786 1590 atque
840 1526 1146 1576 ventorum
1203 1523 1541 1579 incursibus
1605 1529 2005 1597 oppugnatam

2152 1526 2234 1582 αῖς
2304 1522 2413 1575 τῶν
2481 1517 2754 1598 διαφόρων
2832 1518 3087 1594 αἱρέσεών
3153 1540 3213 1574 τε
3274 1518 3366 1573 καὶ
3426 1520 3755 1592 πειρασμῶν,

357 1608 698 1663 labefactari
736 1626 800 1664 ac
834 1625 1000 1665 ruere
1048 1611 1375 1681 patiuntur.
1424 1617 1749 1685 Laquearz'a
1794 1618 2007 1686 nostra,

2152 1610 2219 1665 ὖκ
2294 1609 2421 1664 ἐῶσι
2501 1609 2705 1680 ταύτην
2779 1614 3119 1665 καταπεσεῖν.
3182 1607 3531 1681 Φατνώματα
3611 1608 3759 1679 ἡμῶν

361 1700 627 1769 cupressi.
656 1698 976 1769 Laquearia
1007 1700 1224 1755 variam
1256 1701 1396 1757 recti
1428 1703 1728 1759 continent
1755 1704 2011 1775 pulchri-

2152 1699 2480 1771 um'zpweou'
2514 1698 2844 1772 φατνώματα
2902 1695 2959 1752 δὲ
3015 1696 3116 1753 εἶσι
3174 1694 3637 1752 διαποικίλλουσά
3686 1715 3761 1758 τις

364 1786 653 1856 tudinem,
694 1804 823 1860 quae
873 1792 1103 1844 constat
1147 1806 1214 1845 ex
1260 1790 1547 1847 concinna
1591 1796 1649 1848 et
1696 1793 2050 1854 fabrefactum

2154 1788 2181 1843 ὸ
2206 1795 2306 1858 τῆς
2343 1786 2550 1865 ὀροφῆς
2578 1784 2788 1849 κάλλος
2819 1785 3138 1863 ἐναρμόνιος
3168 1786 3256 1841 καὶ
3277 1782 3760 1890 γλυφώδηςνπῆξις

370 1876 805 1948 contignatione
862 1877 1236 1947 tabularum;
1291 1896 1420 1950 quae
1466 1881 1701 1952 quidem
1735 1883 1786 1937 si
1813 1897 1881 1937 ex
1911 1899 2015 1937 cu-
2044 1883 2050 1892 ⁴

2152 1875 2372 1933 ἀνίδωνο
2426 1874 2582 1953 α’ίπερ
2627 1877 2715 1932 ἐὰν
2753 1878 2882 1931 ὦσιν
2925 1875 2985 1931 ἐκ
3023 1874 3396 1949 κυπαρίσσων,
3427 1874 3493 1929 τὸ
3550 1870 3762 1929 εῦπνουν

368 1980 572 2036 presso
619 1965 893 2020 confectae
940 1966 1080 2035 sint,
1120 1971 1245 2021 tum
1277 1967 1423 2023 bene
1452 1967 1629 2036 olent,
1662 1974 1788 2025 tum
1819 1974 2017 2041 putre-

2155 1987 2339 2041 χουσι,
2370 1966 2458 2020 καὶ
2501 1964 2799 2037 σηπεδόνος
2848 1962 3041 2040 σχεδόν
3086 1962 3217 2019 εἷ’σιν
3263 1960 3649 2039 ἀπαράδεκτοι.
3679 1965 3763 2016 Ὧν

371 2054 569 2109 dinem
616 2070 732 2108 non
784 2054 1125 2109 admittunt.
1160 2055 1261 2111 His
1292 2057 1533 2112 virtutes
1584 2062 1724 2112 sunt
1770 2058 2017 2128 similes,

371 2142 591 2214 quibus
635 2143 1146 2215 perturbationum
1192 2149 1249 2199 et
1299 2145 1571 2201 vitiorum
1627 2146 2018 2220 corruptionis

370 2231 710 2303 expertibus
769 2236 1089 2287 exornatur
1144 2233 1399 2290 Ecclesia
1459 2251 1473 2289 :
1530 2252 1850 2308 earumque
1903 2236 2019 2291 fra-

368 2320 601 2394 grantia
628 2321 879 2392 spiritali
912 2328 1387 2396 consperguntur
1432 2326 1533 2396 qui
1582 2327 1785 2382 animae
1834 2343 2021 2382 sensus

370 2409 571 2466 habent
599 2412 925 2467 exercitatos
956 2411 1017 2465 ¹⁰.

2128 2053 2282 2125 δίκην
2341 2056 2396 2109 αἱ
2454 2055 2638 2131 ἀρεταὶ
2685 2056 2786 2124 τήν
2832 2052 3160 2124 Ἐκκλησίαν
3214 2050 3644 2129 καθωραΐζουσι,
3683 2050 3765 2105 καὶ

2126 2152 2225 2214 τῆς
2310 2149 2417 2199 τῶν
2495 2146 2679 2199 παθῶν
2757 2141 3058 2215 σηπεδόνος
3148 2141 3279 2198 εἷ’σὶν
3370 2136 3765 2215 ἀπαράδικτοι·

2128 2234 2218 2290 καὶ
2278 2233 2506 2289 εὐωδίαν
2556 2234 2925 2306 πνευματικὴν
2986 2230 3172 2307 ἀφιᾶἱσι
3225 2238 3345 2294 τοῖς
3399 2226 3766 2307 γεγυμνασμέ-

2128 2344 2242 2385 νοις
2270 2323 2337 2378 τὰ
2359 2329 2461 2393 τῆς
2491 2326 2678 2398 ψυχῆς
2709 2321 3060 2397 αἰσθητήρια.

1095 2521 1287 2575 Pselli.
1860 2572 1869 2583 ,

2824 2514 3070 2573 Ψελλοῦ.

442 2608 731 2680 Sponsam
769 2624 955 2679 purus
1004 2625 1260 2680 sponsus
1307 2609 1568 2666 laudavit
1602 2629 1616 2668 :
1645 2627 1822 2683 quem
1866 2627 2023 2668 nunc

2202 2610 2310 2678 Τὴν
2364 2606 2577 2684 νύμφην
2655 2604 3029 2665 ἐπαινέσαντος
3087 2601 3183 2659 τοῦ
3246 2604 3489 2675 καθαροῦ
3547 2596 3764 2675 νυμφίου

371 2696 633 2752 vicissim
668 2713 889 2767 sponsa
917 2699 1312 2769 commendat,

2153 2699 2611 2770 Ανταποκρίνεται
2646 2694 2839 2751 λοιπὸν
2868 2693 3088 2764 κάκείνη
3121 2693 3211 2748 τὸν
3243 2692 3501 2769 νυμφίον,

448 2787 597 2852 Ecce,
647 2786 945 2856 inquiens,
989 2788 1217 2857 pulcher
1253 2805 1327 2860 es,
1358 2805 1523 2858 nepos
1569 2807 1759 2861 meus;
1791 2795 2023 2861 natura,

2208 2784 2348 2844 Ἰδοὺ
2407 2785 2576 2847 καλὸς
2619 2782 2709 2839 καί
2748 2805 2808 2860 γε
2839 2783 3041 2858 ὡραῖος
3098 2778 3394 2860 ἆδελφιδὸς
3448 2796 3587 2854 μου’
3638 2773 3765 2855 φημῖ

378 2876 646 2946 inquam,
696 2891 758 2930 es
811 2876 1099 2946 pulcher:
1135 2880 1273 2933 Ecce
1323 2878 1604 2949 formosus
1650 2896 1705 2936 es
1751 2898 1816 2937 ac
1861 2883 2030 2951 plane

2152 2876 2195 2933 Ξὶ
2254 2875 2407 2950 φύσει
2457 2877 2677 2949 ὡραῖος.
2711 2871 2853 2930 Ἰδοὺ
2912 2869 3082 2935 καλὸς
3138 2872 3227 2926 καὶ
3280 2868 3348 2924 σὺ
3398 2869 3698 2944 τυγχάνεις,
3728 2864 3765 2917 ὥ

378 2964 602 3019 decorus
634 2967 687 3018 et
714 2967 795 3035 tu,
826 2982 1022 3037 sponse
1052 2969 1152 3021 mi.

2152 2965 2356 3041 νυμφίε.

451 3054 531 3108 Ac
554 3054 1050 3124 quemadmodum
1075 3056 1309 3127 gemina
1326 3056 1426 3111 ille
1447 3057 1619 3114 laude
1639 3076 1917 3131 sponsam
1942 3078 2032 3116 ex-

2208 3058 2413 3130 ’Ώσπερ
2447 3050 2491 3107 δ’
2521 3053 2724 3115 ἐκεῖνος
2755 3049 2940 3125 εἴρηκε
2970 3046 3201 3112 διπλοῦς
3242 3046 3384 3121 αὐτῇ
3417 3045 3673 3115 ἐπαίνους,

378 3142 553 3198 tulit:
580 3143 664 3199 sic
690 3144 790 3199 illa
818 3143 1035 3216 duplici
1058 3146 1229 3200 laude
1251 3163 1533 3218 sponsum
1560 3149 1739 3205 effert.
1763 3150 2026 3221 Pulcher,

2152 3142 2297 3202 ῧῦτω
2329 3142 2556 3204 διπλοῦς
2586 3141 2893 3216 ἀπείρηκεν
2928 3137 3102 3208 ἱκείνη
3134 3136 3263 3199 τοὺς
3292 3136 3566 3202 ἐπαίνους,

378 3232 1187 3306 inquiens,es,sponse,atque
1206 3236 1808 3309 formosuchpotem
1832 3246 2027 3295 autem

2152 3234 2341 3301 Καλὸς,
2376 3232 2618 3299 εἰποῦσα,
2650 3229 2908 3309 πέφυκας,
2942 3229 2987 3282 ὧ
3016 3226 3234 3304 νυμφίε,
3260 3226 3356 3280 καὶ
3387 3226 3606 3298 ὡραῖος.

379 3339 597 3394 sponsa
647 3324 957 3378 Dominum
1018 3324 1292 3395 appellat,
1325 3343 1454 3381 eam
1507 3327 1761 3383 innuens
1810 3338 2032 3401 partem

2152 3319 2493 3399 Αδελφιδοῦν
2522 3319 2567 3375 δ’
2600 3318 2881 3391 ὠνόμασεν
2914 3320 2948 3386 ἡ
2981 3316 3165 3403 νύμφη
3188 3314 3283 3370 τόν
3316 3312 3608 3415 Δεσπότηνὲ
3720 3394 3730 3415 Ι

381 3409 571 3483 ipsius
603 3428 705 3484 per
734 3429 912 3483 quam
972 3413 1054 3467 illi
1101 3414 1432 3487 propinqua
1479 3421 1567 3471 est
1616 3434 1743 3489 quae
1788 3399 2038 3491 pertinet

2152 3412 2245 3480 [ἢν
2305 3410 2410 3463 ἀπὸ
2464 3412 2565 3474 τῆς
2612 3407 2933 3482 σαρκώσεως
2982 3400 3146 3459 αὐτοῦ
3203 3404 3344 3479 πρὸς
3389 3401 3517 3463 τοὺς
3579 3399 3763 3472 ἀνθρώ·

384 3502 455 3555 ad
491 3501 948 3567 humanitatem,
982 3519 1160 3569 quam
1206 3504 1439 3574 quidem
1472 3505 1626 3561 infra
1656 3490 1890 3577 planius
1937 3525 2037 3564 ex-
3560 3490 3702 3562 [πους

387 3588 628 3663 plicabit
662 3606 673 3645 :
708 3607 992 3662 sponsum
1020 3592 1176 3646 enim
1207 3610 1426 3665 sponsa
1452 3594 1717 3651 vicissim
1766 3595 2038 3669 laudans,

2152 3588 2506 3663 Αἶνιττομὲνη
2539 3589 2833 3664 προφανῶς
2858 3583 3174 3661 συγγενικὴν
3210 3579 3407 3669 μερίδα
3430 3600 3443 3613 ·

390 3678 476 3735 sic
504 3679 575 3733 ad
606 3695 741 3735 eum
773 3680 974 3736 statim
1006 3680 1148 3736 dicit
1180 3699 1192 3737 :
1225 3683 1308 3737 Ad
1343 3682 1558 3739 lectum
1594 3689 1862 3741 nostrum
1894 3668 2042 3758 um¥

2152 3686 2243 3735 Ἦν
2282 3678 2520 3752 μάλιστα
2547 3674 2883 3750 πλατύτερον
2910 3673 3148 3736 κάτωθεν
3182 3668 3510 3747 διδαχθήσῃ.

390 3769 624 3826 brosus.

2156 3948 2300 4024 Πρὸς
2322 3945 2517 4015 κλίνην
2549 3945 2707 4016 ἡμῶν
2738 3942 2974 4004 σύσκιος.

469 4054 877 4121 Adinﬁmum,
942 4054 1148 4126 inquit,
1211 4056 1425 4111 lectum
1486 4062 1753 4114 nostrum
1815 4060 1899 4115 sic
1955 4078 2050 4116 ac-

396 4143 665 4212 cessisti,
735 4149 799 4197 ut
873 4145 1072 4199 dedita
1146 4163 1320 4217 opera
1368 4147 1692 4204 divinitatis
1764 4148 2050 4222 fulgorem

3594 4132 3717 4195 [νην.

399 4232 802 4288 obumbrares.
837 4232 959 4291 Nisi
993 4251 1123 4289 eam
1170 4239 1230 4289 tu
1276 4236 1349 4291 iis
1399 4237 1726 4293 rationibus
1773 4255 1898 4310 quas
1946 4238 2050 4295 tibi

2162 4235 2277 4302 Τὴν
2314 4231 2589 4306 ἀστραπὴν
2613 4229 2711 4296 τὴν
2748 4227 2931 4295 θεϊκήν
2964 4224 3231 4299 ἐντέχνως
3259 4222 3566 4280 συσκιάσας.

399 4321 509 4377 soli
542 4321 787 4393 cognitte
819 4328 977 4392 sunt,
1009 4325 1443 4392 abscondisses,
1494 4326 1688 4381 divino
1744 4328 2050 4399 splendore

2163 4322 2231 4377 Ei’
2263 4323 2338 4394 μή
2369 4304 2469 4393 γάρ
2500 4316 2736 4393 ἔκρυψας
2766 4316 2933 4383 αὐτην
2966 4317 3046 4376 οἷς
3079 4310 3228 4375 οἶδας
3258 4304 3685 4399 τρόποις-μόνος,

401 4411 550 4466 forte
596 4412 930 4482 consumpti
988 4428 1276 4469 essemus.
1329 4414 1489 4478 Quod
1547 4396 1796 4486 quidem
1842 4421 2050 4484 totum,

2162 4411 2294 4485 Τάχ]
2323 4407 2381 4463 ἂν
2413 4405 2777 4477 κατηναλώθη
2789 4425 2883 4478 μεν
2916 4403 2967 4473 ἐξ
2998 4404 3277 4477 ἀστραπῆς
3297 4407 3397 4469 τῆς
3426 4396 3587 4457 Θείας·

401 4500 591 4555 Verbo
640 4499 1003 4556 divinitatem
1054 4502 1298 4571 celante,
1336 4504 1546 4559 factum
1582 4509 1690 4560 est.
1724 4510 1864 4561 Cum
1900 4508 2050 4561 enim

2167 4499 2330 4557 ³Ολον
2365 4496 2419 4552 δὲ
2441 4501 2602 4551 τοῦτο
2632 4494 2834 4572 πέφυκε
2860 4496 2957 4547 τοῦ
2989 4492 3163 4565 Λόγου
3192 4491 3255 4545 τὸ
3285 4486 3589 4565 κρυψίνουν.

406 4589 577 4644 amici
609 4589 709 4660 qui
742 4606 1019 4660 sponsam
1054 4590 1440 4662 deducebant,
1488 4598 1551 4647 ut
1590 4610 1769 4665 supra
1800 4593 2050 4650 declara-

2169 4588 2318 4646 Ἐπεὶ
2347 4587 2447 4663 γάρ
2475 4587 2526 4641 οἱ
2557 4582 2915 4663 νυμφαγωγοὶ
2944 4580 3032 4636 καὶ
3066 4578 3217 4658 φίλοι
3248 4584 3345 4634 τοῦ
3378 4574 3625 4650 νυμφίου,

405 4680 621 4745 vimus,
650 4694 717 4733 ex
748 4683 1020 4749 argentea
1067 4696 1305 4735 auream
1358 4682 1773 4753 reddidissent,
1824 4688 1881 4739 et
1927 4689 2050 4738 tan-

2169 4681 2256 4740 Ὠς
2287 4675 2487 4740 ἄνωθεν
2517 4674 2808 4749 εἰρήκαμεν
2838 4672 2931 4728 τὸν
2965 4669 3131 4745 λόγον
3163 4669 3289 4743 περὶ
3318 4666 3527 4729 τούτου,

407 4783 586 4838 quam
614 4766 890 4822 lectulum
917 4769 1143 4840 regium
1176 4786 1435 4841 purpura
1461 4776 1732 4826 ornatum
1758 4773 2050 4829 instruxis-

2169 4765 2661 4841 Ὑπαργυρίζουσαν
2695 4762 2859 4830 αὐτὴν
2894 4760 3210 4837 ἐχρύσωσαν
3241 4762 3360 4821 τοῖς
3396 4752 3628 4841 τρόποις,

2174 4857 2270 4912 Καὶ
2301 4840 2495 4924 κλίνην
2530 4853 2921 4927 ἀπειργάσαντο
2956 4848 3247 4924 βασιλικὴν
3272 4840 3568 4920 πορφύραν·

2174 4943 2531 5007 Ἐπανεκλίθη
2558 4943 2844 5016 τοιγαροῦν
2879 4940 2907 4993 ὁ
2940 4934 3197 4998 Βασιλεὺς
3230 4935 3282 4990 ἐν
3312 4930 3499 5003 ταύτῃ.

2176 5035 2379 5089 Λοιπὸν
2411 5035 2446 5102 ἡ
2476 5013 2670 5106 νύμφη.
2697 5013 2832 5104 πρὸς
2861 5027 3019 5082 αὐτὸν
3054 5018 3466 5106 ἐκθαμϐουμίνη
3499 5013 3653 5106 λέγει’

2178 5124 2318 5198 Πρὸς
2348 5122 2543 5190 κλίνην
2574 5103 2748 5188 ἦλθες
2774 5117 2993 5177 σύσκιος
3024 5118 3163 5188 ἡμῖν
3194 5114 3269 5175 ὡς
3309 5103 3635 5198 ἠϐουλήθης-

2177 5190 2336 5268 ’Ᾰλλ’
2366 5210 2725 5281 ἀκουσώμεθα
2756 5206 2950 5261 λοιπὸν
2978 5204 3068 5259 καὶ
3098 5207 3205 5257 τῶν
3240 5202 3357 5271 ἑξῆς
3391 5190 3670 5281 ’ᾼσμάτωνι

2179 5302 2323 5372 Φησὶ
2354 5300 2457 5374 γὰρ
2490 5297 2566 5353 ἔτι
2588 5298 2724 5369 πρὸς
2755 5295 2915 5350 αὐτὸν
2946 5296 2981 5363 ἠ
3013 5293 3199 5365 νύμφη
3230 5291 3317 5345 τὸν
3350 5280 3588 5356 νυμφίον’

2180 5390 2340 5446 Δοκοὶ
2367 5371 2526 5462 ἦμῶν
2559 5384 2764 5457 κέδροι,
2798 5384 3132 5462 φατνώματα
3159 5384 3317 5454 ἡμῶν
3343 5371 3656 5462 κυπάριςῖσοι·

2182 5478 2353 5547 Ἐπεὶ,
2388 5453 2573 5555 φησὶν,
2604 5453 2883 5545 ἐλήλυθας
2913 5453 3003 5525 νῦν
3028 5471 3162 5546 πρὸς
3192 5453 3358 5542 ἡμᾶς,
3386 5453 3587 5532 νυμφίε,

410 4860 576 4924 sent;
612 4856 671 4910 in
702 4872 769 4911 eo
802 4856 920 4911 Rex
951 4858 1243 4913 accubuit.
1290 4860 1491 4930 Itaque
1542 4878 1761 4933 sponsa
1808 4861 2063 4917 admira-

406 4945 609 4999 bunda
658 4945 742 4999 sic
794 4962 927 5000 eum
974 4945 1337 5016 alloquitur:
1372 4950 1457 5002 Ad
1503 4950 1719 5005 lectum
1771 4955 2062 5016 nostrum,

408 5033 749 5100 umbrosus,
782 5039 847 5089 ut
876 5035 1071 5101 libuit,
1098 5037 1415 5092 accessisti.
1458 5039 1694 5103 Verum,
1732 5056 1859 5110 quae
1900 5037 2067 5094 dein-

407 5136 544 5191 cepe
575 5121 634 5175 in
666 5123 917 5178 Canticis
960 5130 1307 5195 sequuntur,
1333 5127 1869 5200 audiamus.Pergit
1909 5127 2066 5182 enim

408 5210 598 5265 adhuc
629 5227 848 5283 sponsa
886 5230 1170 5284 sponsum
1222 5215 1463 5286 alloqui,
1514 5217 1720 5288 Tigna,
1769 5217 2064 5289 inquiens,

410 5304 633 5368 nostra,
682 5301 838 5354 cedri
877 5319 888 5356 :
924 5302 1247 5373 laquearia,
1299 5306 1585 5376 cupressi.
1629 5307 1871 5372 Quando
1914 5321 2069 5361 nunc

412 5389 481 5443 ad
518 5405 649 5455 nos,
682 5405 714 5442 o
748 5405 983 5459 sponse,
1017 5392 1251 5458 venisti,
1289 5393 1485 5449 nullos
1526 5395 1783 5466 amplius
1825 5395 2069 5451 horren-

416 5476 522 5533 dos
582 5476 825 5545 imbres,
882 5477 1076 5533 nullos
1132 5482 1479 5536 torrentium
1538 5482 1815 5554 impetus,
1877 5482 2072 5539 nullos

493 5660 539 5695 ¹⁰
564 5658 738 5717 Hebr.
772 5675 825 5728 ν,
861 5659 948 5714 14.

2151 3749 2597 3827 Ἀντεπαινέσασα
2666 3764 2756 3819 καὶ
2796 3749 2927 3839 γὰρ
3002 3762 3036 3831 ἠ
3112 3759 3300 3837 νύμφη
3376 3759 3468 3814 τὸν
3549 3749 3773 3839 νυμφίον,

2154 3859 2310 3935 φησὶ,
2343 3856 2433 3911 καὶ
2478 3858 2646 3909 ταῦτα
2693 3850 2965 3929 παρευθὺς
3011 3850 3146 3925 πρὸς
3198 3850 3291 3904 τὸν
3342 3847 3500 3903 αὐτὸν
3537 3838 3775 3918 νυμφίον·

2229 4050 2449 4121 Ἧλθες,
2480 4048 2636 4129 φησὶ,
2677 4048 2815 4124 πρὸς
2871 4048 2972 4115 τὴν
3030 4047 3190 4119 ἡμῶν
3249 4042 3629 4108 ἀσθενεστάτην
3675 4028 3776 4087 κλί-
