4046 6144
333 348 449 412 569

335 478 522 536 οὗκέτι
557 475 912 553 δεδιστόμεθα
943 477 1152 555 βροχάς
1180 500 1331 542 τινας
1362 477 1643 557 ραγδαίας,

336 566 477 629 Οὔτε
506 571 747 640 κινήσεις
777 574 1039 643 ποταμῶν
1070 575 1179 625 τῶν
1211 574 1468 646 πονηρῶν
1502 570 1807 645 ῥευμάτων,

336 657 495 715 Ἀλλ’
530 656 659 714 οὐδὲ
686 659 931 720 πνεύσεις
960 664 1056 714 τοῦ
1090 658 1261 736 βορρᾶ
1288 659 1595 733 πνεύματος
1619 659 1878 717 ἐναντίου.

341 749 470 821 Ἐμὶ
496 748 597 824 γὰρ
622 745 687 818 ἥν
722 746 1017 821 εὐδόκησας
1049 748 1182 803 εἶναί
1214 770 1310 803 σου
1339 749 1639 819 κατοικίαν,

349 837 535 899 Καλῶς
565 835 1000 910 ἰπῳκοδόμησας
1031 837 1083 894 ἐν
1117 845 1344 912 σεαυτῷ,
1376 838 1595 916 νυμφίε,

350 929 409 987 Ὀ
434 927 583 993 λίθος
616 925 783 990 ὅντως
815 929 843 983 ὁ
873 931 1101 1004 τερπνὸς
1128 929 1215 985 καὶ
1246 937 1347 1001 τῆς
1374 934 1518 999 ζωῆς
1541 933 1575 1001 ἡ
1607 930 1795 1006 πέτρα.

350 1020 492 1073 Ὅθεν
522 1016 767 1091 δοκῶμεν
796 1017 924 1081 τοὺς
950 1016 1143 1083 δοκοὺς
1170 1020 1330 1092 ἡμῶν
1361 1017 1642 1095 κεδρίνους
1673 1020 1829 1089 εἶναι,

350 1109 441 1165 Καὶ
472 1106 635 1163 πάλιν
665 1107 734 1162 τὰ
764 1107 1095 1186 φατνώματα
1127 1105 1358 1182 δένδρων
1393 1108 1451 1163 ἐκ
1479 1107 1843 1184 κυπαρίσσων.

344 1197 489 1254 Ἐπεὶ
520 1200 646 1272 γοῦν
677 1196 1075 1270 ἐμνημόνευσεν
1102 1197 1285 1261 ἐνθάδε
1312 1200 1612 1266 κατοικίας,

344 1286 439 1341 Καὶ
472 1286 845 1364 φατνωμὰτων
874 1287 961 1341 καὶ
989 1284 1165 1341 δοκῶν
1195 1287 1293 1342 οὐκ
1325 1287 1466 1342 εἴασε
1500 1296 1805 1362 μνησθῆναι
1831 1307 1844 1319 ·

344 1374 417 1429 Σὺ
451 1372 509 1429 δέ
537 1395 630 1448 μοι
662 1374 729 1429 τὰ
749 1376 1081 1453 φατνώματα
1111 1376 1355 1439 καὶτοὺς
1386 1375 1579 1440 δοκοὺς
1611 1376 1844 1446 ἀκούων,

344 1464 440 1518 Καὶ
470 1462 664 1538 ἀρετὰς
697 1462 946 1534 ἐννόησον
978 1465 1264 1540 τυγχάνειν
1298 1470 1463 1521 ταῦτα
1484 1466 1657 1521 πάντα
1687 1484 1701 1498 ·

342 1554 433 1609 Ἐν
466 1554 550 1613 αἷς
582 1551 754 1607 ἐλθὼν
787 1551 1063 1628 ἐστεγασεν
1097 1554 1264 1625 αὐτὴν
1297 1556 1324 1609 ὁ
1357 1555 1500 1619 θεῖος
1528 1556 1722 1632 Λόγος,

344 1641 444 1695 Καὶ
478 1645 794 1716 πειρασμῶν
826 1639 1135 1697 ἄνὲνδεκτον
1178 1645 1466 1718 εἱργάσατο
1495 1644 1740 1706 τελείως.

342 1728 609 1805 Ἀνέμους
638 1728 820 1785 τοίνυν
846 1731 935 1785 γαὶ
970 1732 1178 1807 βροχὰς
1204 1730 1240 1801 ἤ
1264 1732 1548 1806 ποταμοὺς
1577 1733 1811 1802 ἀκούων,

342 1819 632 1892 Δαιμόνων
660 1823 829 1875 ταῦτα
858 1820 1194 1896 πειρασμοὺς
1220 1822 1451 1898 γίνωσκε
1480 1823 1792 1901 πεφυκέναι.

490 1935 635 2011 Ἐγὼ
661 1932 815 1998 ἄνθος
848 1940 945 1991 τοῦ
982 1933 1199 1992 πεδίου.
1231 1936 1413 2011 κρίνον
1454 1936 1845 2012 κοιλωμάτων.

916 2083 1035 2134 Τῶν
1072 2080 1126 2155 γ’
1153 2078 1426 2155 Πατὲρων.

414 2206 596 2274 Ἤτοι,
626 2204 771 2280 Ἐγὼ
800 2206 835 2274 ἡ
876 2204 927 2275 ἐξ
963 2203 1185 2280 Ἰσραὴλ
1233 2207 1322 2260 καὶ
1375 2205 1427 2278 ἐξ
1478 2206 1643 2272 ἐθνῶν
1671 2206 1994 2281 Ἐκκλησία,

338 2294 484 2350 κατὰ
515 2293 611 2367 μὶν
640 2292 768 2355 τοὺς
808 2292 857 2366 ἐξ
917 2290 1161 2367 Ἰσραὴλ,
1210 2293 1284 2357 ὠς
1329 2297 1485 2369 νὸμῳ
1540 2298 1630 2352 καὶ
1687 2300 1996 2375 προφήταις

340 2382 599 2444 ἀπιστίας
675 2383 766 2437 καὶ
856 2381 1047 2447 κακίας
1147 2386 1638 2461 προκαθαρθὲντας,
1715 2386 1997 2444 κάντεῦθεν

345 2470 512 2543 δίκην
566 2468 757 2526 πεδίου
821 2471 1345 2547 προομαλισθὲντας,
1403 2474 1491 2529 καὶ
1546 2474 1645 2530 οὐκ
1703 2474 1788 2531 ἐπὶ
1854 2475 1998 2532 πολὺ

343 2566 448 2617 τοῦ
505 2559 679 2617 καλοῦ
733 2561 1124 2635 ἀφεστηκότας.
1177 2560 1383 2633 ἤνθησα
1428 2566 1496 2637 τῆ
1541 2565 1730 2637 ἀρετῇ,
1774 2565 1864 2620 τὸν
1894 2566 1996 2638 ὅμ-

350 2647 485 2726 6ρον
512 2654 825 2725 γνωστικῶς
883 2647 1143 2723 δεξαμένη
1192 2651 1282 2706 τὸν
1341 2650 1661 2727 ἐπουράνιον
1699 2672 1711 2684 ⁶
1762 2655 1896 2709 κατὰ
1943 2652 2001 2709 δὶ

350 2739 481 2801 τοὺς
526 2738 577 2809 ἑξ
632 2737 820 2805 ἐθνῶν,
873 2739 947 2801 ὡς
1000 2736 1089 2793 διὰ
1155 2741 1253 2808 τήν
1312 2742 1537 2816 πρώτην
1593 2741 1840 2798 ἀπιστίαν
1897 2750 1999 2812 τῆς

353 2835 589 2905 φυσικῆς
645 2824 991 2901 ὁμαλότητος
1040 2830 1415 2905 στερηθέντας,
1475 2831 1565 2885 καὶ
1628 2836 1709 2903 τῷ
1764 2836 1999 2908 χειμῶνι

349 2923 459 2974 τῶν
516 2918 699 2972 παθῶν
760 2917 1180 2981 κοιλανθὲντας·
1255 2918 1441 2994 οἷάπερ
1511 2920 1691 2996 κρίνον
1750 2921 1856 2976 ἀπὸ
1902 2926 2000 2977 τοῦ

355 3007 549 3062 κοίλου
574 3007 711 3082 πρὸς
740 3006 803 3061 τὸ
857 3005 1067 3079 ὑψηλὸν
1119 3006 1448 3077 ἂναθάλλον,
1481 3010 1569 3064 καὶ
1619 3009 1699 3087 ἐφ’
1729 3000 1912 3065 ἱκανὸν
1945 3011 2003 3066 ὲκ

364 3104 462 3165 τῆς
510 3095 662 3171 ῥίζης
717 3093 1100 3168 καλαμοειδῶς
1147 3097 1467 3172 ἁνατρέχον,
1501 3099 1575 3160 ὡς
1618 3097 1677 3152 ἂν
1749 3100 1825 3170 μὴ
1870 3100 2002 3175 κρύ-

356 3206 549 3241 πτοιτο
596 3190 713 3246 τοῖς
756 3182 1116 3258 κοιλώμασιν,
1149 3184 1294 3241 ἀλλὰ
1340 3188 1402 3241 τὸ
1448 3187 1653 3251 κάλλος
1705 3188 1900 3243 τούτου
1949 3188 2001 3244 ἐν

358 3276 623 3349 μετεώρῳ
671 3275 870 3348 ὁρῷτο,
921 3277 990 3347 τῇ
1044 3273 1120 3338 εἷς
1173 3276 1403 3350 Χριστὸν
1458 3275 1634 3331 πίστει
1680 3275 2004 3353 ἐῤῥίζωμαι,

354 3365 444 3420 καὶ
509 3361 600 3418 διὰ
650 3364 985 3439 καθάρσεως,
1025 3370 1122 3433 τῆς
1156 3369 1263 3418 τῶν
1293 3366 1478 3419 παθῶν
1511 3365 1859 3436 ὑπεξανέστην
1890 3387 2009 3442 συγ·-

1367 349 1771 411 COMMENT.
1820 348 1900 409 IN
1943 348 2353 411 CANTIGUM
2397 350 2708 411 CANTIC.

3624 338 3747 401 570

2010 480 2343 552 Afurentis
2399 482 2588 538 Boreae
2658 484 2832 538 ﬂatus
2900 478 3362 535 extimescimus.
3422 475 3513 531 Me
3583 472 3745 529 enim

2097 587 2276 643 quam
2308 571 2414 626 tibi
2461 570 2826 626 domicilium
2878 586 3007 625 esse
3060 566 3316 633 voluisti,
3364 562 3637 637 praclare
3684 561 3745 618 in

2098 668 2172 728 te,
2205 676 2438 732 eponse,
2473 659 2868 730 exaediﬁcasti,
2919 658 3019 730 qui
3070 673 3201 713 vere
3231 654 3381 727 lapis
3410 670 3472 709 es
3504 651 3751 724 pulcher

2097 754 2153 805 et
2183 751 2310 806 vitae
2338 756 2520 823 petra.
2554 750 2803 805 Ccdrina
2850 752 2989 804 sunt
3037 748 3202 819 tigna
3252 748 3473 810 nostra,
3509 757 3747 813 cupres-

2096 840 2226 895 sina
2281 841 2598 912 laquearia.
2655 840 2943 907 Quoniam
3010 838 3105 893 hic
3168 838 3380 891 domus
3433 836 3524 888 est
3595 831 3748 886 facta

2100 930 2339 999 mentio,
2371 931 2442 985 de
2486 930 2663 1002 tignis
2711 929 2888 984 etiam
2938 932 2995 982 et
3041 924 3417 997 laquearibus
3461 918 3743 992 loquitur.

2097 1019 2230 1083 Qua:
2263 1019 2498 1091 quidem
2531 1020 2730 1075 omnia
2762 1023 2824 1073 tu
2855 1034 2960 1089 pro
2989 1016 3308 1072 virtutibus
3355 1011 3574 1084 accipe,
3616 1008 3746 1082 qui-

2098 1108 2209 1164 bus
2241 1125 2366 1164 eam
2418 1109 2675 1164 Verbum
2727 1108 3064 1171 adveniens,
3117 1106 3398 1160 adversus
3447 1103 3652 1156 ventos
3692 1099 3750 1152 et

2099 1198 2318 1254 imbres
2350 1203 2406 1254 et
2437 1198 2701 1265 ﬂumina,
2734 1198 2793 1252 id
2825 1200 2933 1265 est,
2966 1199 3168 1250 contra
3197 1192 3544 1249 lentationes
3587 1203 3747 1243 com-

2101 1288 2370 1343 munivit.

2384 1938 2501 2009 Ego
2525 1934 2624 2004 ﬂos
2651 1930 2863 2001 campi,
2881 1928 3070 1984 lilium
3096 1922 3462 1982 convallium.

2703 2077 2890 2131 Trium
2916 2074 3163 2129 Patrum.

2173 2215 2292 2283 Ego
2323 2206 2558 2280 quidem
2590 2200 2848 2259 Ecclesia
2877 2214 2946 2255 ex
2977 2194 3258 2254 Israelitis
3288 2197 3345 2250 et
3374 2209 3444 2250 ex
3481 2190 3756 2264 gentibus

2105 2280 2497 2372 congregata;
2529 2298 2818 2367 quantum
2868 2287 3122 2360 pertinet
3163 2285 3234 2340 ad
3284 2281 3603 2349 Israelitas,
3653 2280 3757 2347 qui

2107 2371 2426 2464 perlegem
2475 2388 2533 2439 et
2580 2380 2896 2455 prophetas
2946 2377 3019 2433 ab
3068 2371 3481 2430 incredulitate
3529 2375 3587 2427 et
3633 2386 3757 2425 ma-

2107 2457 2234 2533 litia
2279 2457 2412 2531 a—nte
2461 2470 2713 2545 purgati,
2744 2472 2922 2538 atque
2973 2463 3161 2520 instar
3205 2461 3398 2533 campi
3446 2457 3756 2531 exequati,

2108 2566 2267 2623 haud
2300 2564 2378 2618 ita
2410 2560 2664 2616 multum
2697 2556 2771 2612 ab
2800 2554 3046 2610 honesto
3075 2550 3394 2613 distabant,
3419 2547 3616 2619 pluvia
3644 2562 3755 2600 coe-

2109 2656 2273 2713 lestis
2303 2649 2657 2724 cognitionis
2680 2645 2942 2718 irrigata,
2977 2640 3291 2696 virtutibus
3322 2636 3492 2692 ﬂorui
3524 2652 3535 2691 :
3569 2651 3757 2706 quan-

2109 2751 2234 2802 tum
2268 2747 2452 2799 autem
2488 2738 2697 2794 attinet
2722 2736 2793 2791 ad
2826 2736 3048 2807 gentes,
3080 2728 3177 2800 qui
3206 2743 3310 2800 per
3352 2724 3757 2781 infidelitatem

2110 2833 2361 2890 naturali
2421 2826 2751 2901 aequalitate
2797 2821 3029 2895 privati,
3074 2823 3131 2876 et
3186 2816 3463 2872 vitiorum
3521 2814 3759 2869 turbine

2110 2921 2372 2995 depressi
2420 2923 2586 2975 erant
2627 2913 2851 2970 :veluti
2904 2910 3097 2966 lilium
3128 2924 3195 2964 ex
3226 2906 3344 2962 imo
3394 2905 3456 2960 in
3506 2902 3761 2958 sublime

2110 3026 2493 3081 consurgens,
2525 3011 2584 3062 et
2613 3006 2683 3059 ab
2717 3002 2911 3058 radice
2959 3000 3029 3054 ad
3079 2998 3351 3053 idoneam
3404 2990 3761 3064 magnitudi-

2113 3118 2244 3157 nem
2279 3116 2380 3171 per
2427 3096 2722 3152 calamum
2766 3089 3111 3149 ascendens,
3146 3102 3219 3141 ne
3246 3083 3482 3140 vallium
3517 3081 3759 3154 profun-

2114 3192 2292 3246 ditate
2337 3184 2750 3248 abscondatur,
2784 3179 2885 3237 sed
2925 3176 3211 3233 excelsam
3261 3171 3758 3246 pulchritudinem

2118 3295 2285 3335 suam
2332 3275 2618 3347 praferat,
2652 3271 2765 3326 ﬁde
2809 3269 2869 3323 in
2926 3266 3223 3320 Christum
3267 3261 3506 3326 innitor,
3557 3263 3615 3314 et
3661 3274 3764 3330 per

2116 3366 2522 3441 purgationem
2555 3378 2622 3417 ex
2652 3356 2990 3415 confusione
3018 3354 3291 3409 vitiorum
3323 3348 3561 3415 emersi,
3585 3351 3763 3419 atque

356 3452 598 3529 χύσεως,
626 3450 716 3507 καὶ
761 3450 848 3506 ἐπὶ
886 3456 964 3523 τῷ
1012 3451 1132 3525 ὕψει
1190 3459 1288 3521 τῆς
1332 3453 1625 3527 γνωςτικῆς
1672 3453 1899 3531 θεωρίας
1929 3439 1985 3525 1d

2123 3439 2176 3512 in
2210 3449 2723 3525 contemplationis
2773 3444 3025 3517 fastigio,
3057 3443 3343 3499 virtutum
3391 3439 3597 3495 decore
3628 3450 3760 3492 sum

354 3541 557 3599 κάλλει
589 3544 687 3607 τῆς
716 3542 909 3617 ἀρετῆς
937 3542 1340 3618 καθωράϊσμαι.

1054 3683 1301 3742 Ψελλοῦ.

429 3812 633 3885 Καιρὸς
666 3807 864 3864 λοιπὸν
894 3811 983 3864 καὶ
1012 3814 1121 3865 τῶν
1153 3810 1277 3881 ἑξῆς
1309 3811 1532 3866 ἀκοῦσαι
1561 3811 1764 3884 ταύτης
1800 3810 2009 3890 λόγων.

357 3899 511 3971 Φησὶ
541 3900 642 3976 γὰρ
676 3896 818 3953 οὕτω
848 3899 985 3976 πρὸς
1017 3897 1177 3954 αὐτὸν
1210 3898 1389 3974 ὥσπερ
1422 3899 1824 3978 ἐγκαυχωμὲνη
1860 3922 1873 3935 '

449 4097 595 4170 Ἐγὼ
625 4094 682 4151 δὲ
711 4091 871 4160 ἄνθος
901 4099 998 4151 τοῦ
1026 4092 1237 4168 πεδίου,
1266 4095 1447 4171 κρίνον
1476 4101 1585 4152 τῶν
1619 4096 1915 4156 κοιλάδων.

430 4203 717 4279 ’Υπὲρευγε
736 4210 838 4273 τῆς
869 4207 1155 4279 προκοπῆς
1184 4210 1284 4273 τῆς
1314 4205 1551 4279 καθαρᾶς
1581 4206 1845 4280 παρθένου
1872 4209 1884 4263 l

360 4292 506 4351 Ἰδοὺ
540 4293 662 4368 γὰρ.
698 4288 834 4368 ἔγνω
855 4292 1049 4360 δαυτήν
1078 4297 1176 4347 τοῦ
1206 4292 1517 4366 ξύμπαντος
1545 4292 1735 4350 πεδίου

373 4387 492 4453 Τῆς
526 4380 870 4457 ἀνθρωπίνης
899 4381 1109 4459 φύσεως
1140 4379 1296 4444 ἄνθος
1328 4381 1744 4457 ἐκλεΛεγμὲνον,

363 4476 499 4529 Εἶτα
528 4470 619 4525 καὶ
649 4470 831 4545 κρίνον
854 4471 1081 4541 καθεξῆς
1110 4469 1171 4525 ἐκ
1196 4492 1303 4525 των
1333 4470 1608 4527 κοιλάδων
1642 4475 1782 4528 θεῖον
1817 4494 1830 4507 ο

362 4560 588 4635 Μυρίζει
618 4559 719 4635 γὰρ
752 4558 825 4621 ὠς
859 4557 1082 4629 ἀληθῶς
1104 4564 1246 4614 πᾶσα
1271 4561 1425 4636 ψυχὴ
1454 4567 1571 4624 τοῖς
1594 4563 1843 4638 τρόποις,

359 4655 492 4711 Ταῖς
524 4649 740 4723 ἀρεταῖς
770 4646 1046 4718 ἀνθήσασα
1072 4648 1163 4702 καὶ
1191 4651 1639 4725 καθωραϊσθεῖσα.

364 4739 463 4793 Καὶ
498 4740 577 4810 μῆ
612 4738 903 4812 μερίμναις
929 4742 1220 4810 κοσμικαῖς
1246 4736 1390 4800 ὅλως
1424 4740 1799 4816 ἀποπνιγήσα.

368 4826 465 4884 Καὶ
503 4826 707 4901 μάρτυς
734 4825 931 4881 τούτου
961 4825 1164 4904 πέφυκε
1192 4828 1430 4903 Χριστὸς
1461 4828 1489 4883 ὁ
1518 4828 1608 4883 καὶ
1638 4828 1889 4907 νυμφίος,

370 4923 811 4992 Προσμαρτυρών
843 4915 918 4977 ὡς
949 4914 1171 4987 ἀληθῶς
1214 4921 1294 4988 τῷ
1323 4915 1472 4993 λόγώ
1500 4921 1581 4990 τῷ
1606 4925 1705 4988 τῆς
1733 4917 1975 4996 νύμφης.

370 5005 522 5077 Φησὶ
550 5004 650 5081 γὰρ
682 5003 826 5059 οὕτω
856 5004 991 5081 πρὸς
1038 5004 1228 5078 αὐτὴν,
1262 5005 1337 5069 ὠς
1365 5006 1688 5081 καθέίρμὸν
1721 5008 1970 5083 εὑρήσεις
1996 5024 2010 5041 ·

440 5132 530 5192 Ὠς
560 5129 741 5205 κρίνον
775 5128 828 5184 ἐν
863 5127 1010 5201 μὲσῳ
1053 5132 1161 5184 τῶν
1212 5128 1475 5200 ἀκανθῶν,
1509 5127 1653 5186 οὕτω
1700 5132 1734 5202 ἡ
1785 5129 2013 5204 κλησίον

376 5240 481 5292 μου
513 5218 563 5273 ἐν
602 5218 750 5292 μέσῳ
781 5222 888 5273 τῶν
913 5219 1242 5292 θυγατέρων.

446 5337 677 5411 Ὀρθῶς,
710 5332 864 5412 φησὶ,
900 5331 1215 5404 λελάληκας
1242 5356 1365 5411 περι
1398 5342 1620 5409 σαυτῆς,
1647 5334 1692 5391 ὦ
1720 5337 1906 5416 νύμφη
1942 5360 1955 5374 ο

376 5420 569 5485 Οὕτως
599 5423 702 5499 γὰρ
739 5422 900 5495 μέσον
927 5426 1035 5477 τῶν
1067 5425 1260 5499 ψυχῶν
1290 5428 1397 5479 τῶν
1425 5423 1581 5493 δῆθεν
1599 5427 1925 5503 θυγατέρων,

378 5514 504 5569 Τῶν
528 5510 578 5565 ἐν
605 5511 892 5587 μερίμναις
919 5512 1148 5566 πάντοτε
1178 5516 1781 5588 συγκαταπνιγομένων,

384 5600 459 5655 Σὺ
493 5599 628 5671 μόνη
654 5605 749 5656 νῦν
779 5599 1073 5671 ἐξήνθησας
1102 5599 1281 5675 ὥσπερ
1313 5599 1587 5672 ἡδύπνουν
1615 5600 1773 5678 ῥόδον

385 5687 560 5746 Καλιῖ
583 5688 639 5746 δὲ
667 5689 869 5761 ταύτην
899 5687 1140 5759 ἀδελφήν
1174 5690 1202 5745 ὁ
1232 5690 1407 5768 Λόγος
1435 5690 1524 5747 καὶ
1543 5692 1801 5767 νυμφίος,

2116 3548 2415 3603 exornata.

2828 3677 3045 3751 ⁸Ρεεὶίἱ.

2190 3815 2449 3881 Tempus
2472 3811 2598 3882 jam
2629 3812 2737 3875 est,
2769 3809 2835 3861 ut
2880 3820 3008 3875 quae
3039 3802 3315 3871 deinceps
3348 3811 3567 3870 sponsa
3604 3793 3768 3861 dicit,

2118 3904 2449 3961 audiamus.
2500 3899 2593 3954 Sic
2635 3897 2793 3954 enim
2844 3892 2985 3949 dicit
3029 3891 3101 3947 ad
3159 3904 3293 3945 eum
3348 3886 3509 3943 velut
3552 3883 3768 3956 gloria-

2120 3993 2367 4049 bunda:

2297 4101 2404 4169 Ego
2435 4103 2621 4152 autem
2644 4094 2742 4163 ﬂos
2768 4089 2989 4161 campi:
3013 4086 3202 4143 lilium
3228 4081 3586 4139 convallium.

2194 4205 2238 4261 Ο
2269 4202 2608 4276 praeclaram
2640 4214 2799 4271 puris
2834 4192 3089 4267 Virginis
3120 4183 3628 4263 progressionem!
3662 4184 3766 4239 Ec-

2123 4312 2186 4351 ce
2244 4294 2400 4349 enim
2460 4296 2517 4347 te
2575 4290 2764 4361 ipsam
2823 4300 2957 4341 cum
3011 4280 3290 4337 eximium
3354 4276 3537 4333 totius
3610 4288 3771 4329 cam-

2124 4384 2202 4456 pi,
2234 4388 2459 4438 naturae
2508 4380 2779 4434 humane
2827 4374 3054 4439 ﬂorem,
3084 4376 3209 4425 tum
3245 4366 3507 4423 divinum
3537 4361 3768 4419 conval-

2123 4473 2266 4528 lium
2299 4471 2485 4526 lilium
2518 4463 2825 4539 agnovisti.
2860 4460 3065 4517 Omnis
3094 4457 3250 4515 enim
3282 4454 3540 4529 profecto
3572 4450 3771 4508 anima

2123 4562 2252 4616 vitae
2303 4537 2590 4632 probitate
2620 4571 2688 4610 ac
2732 4550 3051 4608 virtutibus
3094 4548 3308 4603 ﬂorens
3356 4548 3533 4614 atque
3578 4537 3768 4603 excel—

2045 4604 2092 4670 Β
2122 4604 2271 4718 lenus,
2303 4604 3197 4704 hecvm'undi'sollicitudinibus
3224 4634 3342 4689 ullo
3373 4604 3546 4687 modo
3586 4629 3768 4718 suffo-

2125 4717 2274 4807 cata,
2307 4736 2545 4793 redolet.
2577 4733 2759 4804 Cujus
2799 4729 3036 4803 quidem
3080 4726 3163 4781 rei
3194 4721 3362 4780 testis
3388 4725 3477 4776 est
3503 4717 3770 4774 Christus

2125 4847 2191 4887 ac
2224 4843 2514 4901 sponsus;
2543 4824 2639 4897 qui
2691 4836 2920 4893 sponsae
2952 4830 3308 4882 sermonem,
3340 4816 3408 4867 ut
3445 4809 3650 4866 ordine
3679 4807 3773 4863 in-

2124 4920 2343 4989 venies,
2369 4918 2453 4972 ita
2480 4913 2789 4971 conﬁrmat
2821 4926 2835 4966 :

2198 5135 2351 5191 Sicut
2382 5134 2566 5189 lilium
2596 5131 2655 5185 in
2683 5126 2866 5182 medio
2893 5124 3203 5197 spinarum,
3217 5120 3296 5176 sic
3319 5117 3633 5191 propinqua
3651 5130 3776 5170 mea

2131 5226 2187 5279 in
2217 5223 2395 5279 medio
2424 5223 2694 5293 ﬁliarum.

2202 5341 2397 5405 Recte,
2429 5336 2645 5408 inquit,
2676 5335 2749 5389 de
2776 5336 2828 5388 te
2859 5330 3050 5386 locuta
3083 5344 3165 5398 es,
3201 5341 3438 5398 sponsa.
3471 5322 3567 5379 Sic
3616 5321 3774 5378 enim

2130 5431 2284 5486 inter
2313 5428 2563 5493 animas,
2596 5441 2722 5496 qua:
2753 5435 3026 5477 curarum
3065 5421 3123 5473 et
3152 5413 3619 5472 sollicitudinum
3652 5411 3772 5483 spi-

2133 5519 2225 5574 nis
2275 5517 2656 5578 sufl'ocantur,
2688 5516 2753 5565 ut
2782 5508 3067 5565 odorifero
3118 5521 3253 5561 rosa
3299 5501 3566 5559 floruisti.
3614 5499 3776 5555 Hanc

2134 5613 2327 5665 autem
2361 5620 2619 5662 sororem
2644 5601 2898 5657 Verbum
2924 5615 2989 5653 ac
3019 5611 3273 5669 sponsus
3301 5588 3774 5663 vocat,quoniam

2136 5696 2341 5753 divinis
2371 5694 2729 5766 obtemperat
2761 5686 3068 5746 voluntati.
3100 5685 3212 5742 Eos
3240 5682 3396 5740 enim
3429 5680 3488 5735 in
3517 5682 3775 5749 Evange-
