4046 6144
221 315 329 374 571

1559 321 1990 384 MICHAELIS
2037 324 2304 384 PSELLI

3524 320 3643 381 5'72

219 447 333 517 liis,
364 451 570 507 fratres
602 455 659 507 et
709 453 1071 527 propinquos
1102 463 1158 514 et
1188 460 1409 517 amicos
1455 459 1738 533 appellat,
1772 459 1872 531 qui

2009 468 2075 523 Ως
2107 458 2533 536 έκπληρώσασαν
2566 458 2754 523 καλῶς
2784 460 2845 515 τὸ
2878 457 3097 532 θέλημα
3127 459 3189 515 τὸ
3221 465 3388 525 θεῖον.

226 540 406 595 Patris
436 541 527 596 sui
558 540 839 597 voluntati
875 553 1101 615 parent.

818 815 1003 869 Trium
1036 818 1287 871 Patrum.

290 920 490 990 Itaque
534 936 790 991 sponsus
822 919 943 975 lilio
998 939 1276 993 sponsam
1328 923 1583 980 similem
1618 923 1780 993 dicit,
1815 928 1883 980 ut

228 1024 359 1079 quae
388 1009 517 1063 vitae
546 1009 735 1080 spinis
768 1026 881 1064 non
914 1012 1271 1069 suffocatur:

294 1099 447 1153 Sicut
477 1099 680 1166 lilium,
729 1098 945 1169 inquit,
988 1101 1135 1156 inter
1180 1106 1390 1174 spinas,
1437 1106 1522 1158 ita
1567 1106 1886 1175 propinqua

222 1203 345 1242 mea
384 1190 534 1243 inter
575 1189 743 1257 ﬁlias.
781 1194 846 1242 Et
894 1190 1046 1245 hanc
1094 1193 1332 1262 quidem
1385 1194 1506 1248 lilio
1558 1197 1883 1267 comparat,

226 1277 502 1347 quoniam
552 1293 753 1332 eorum
808 1295 934 1348 quae
986 1281 1058 1334 ad
1107 1282 1324 1337 victum
1378 1284 1690 1354 pertinent,
1728 1282 1890 1338 nulla

229 1367 511 1438 premitur
561 1368 981 1439 sollicitudine,
1015 1371 1113 1425 sed
1166 1373 1340 1427 rebus
1372 1372 1557 1428 obviis
1600 1372 1889 1428 satisfecit

226 1458 485 1528 corporis
521 1457 878 1513 necessitati.
913 1460 1073 1522 Quod
1117 1461 1290 1515 etiam
1326 1460 1383 1515 in
1416 1463 1749 1534 Evangeliis
1781 1463 1888 1516 do-

223 1563 360 1601 cens
396 1565 409 1603 :
445 1552 528 1602 De
587 1549 927 1615 vestimento,
989 1548 1196 1618 inquit,
1250 1550 1382 1621 quid
1439 1552 1666 1607 solliciti
1720 1536 1892 1607 estis?

220 1636 563 1693 considerate
622 1638 745 1693 lilia
825 1641 969 1708 agri,
1032 1655 1135 1709 quo
1189 1640 1350 1695 modo
1419 1649 1719 1703 crescunt;
1776 1657 1890 1697 non

225 1726 502 1793 laborant,
533 1742 707 1797 neque
736 1736 870 1782 nent
900 1728 965 1780 υ.
1001 1727 1294 1795 Ostendit,
1327 1745 1426 1784 eos
1458 1730 1560 1801 qui
1593 1729 1890 1802 tranquil-

223 1815 342 1872 lam
374 1822 426 1871 el
461 1816 747 1887 frugalern
785 1816 1014 1871 vivendi
1047 1816 1335 1873 rationem
1375 1823 1612 1891 pr0pter
1642 1836 1886 1892 regnum

2009 1824 2162 1889 ιιοπιᾷ
2192 1816 2319 1873 οὐδὲ
2363 1819 2513 1887 νήθει
2548 1836 2563 1849 ⁸

227 1905 506 1961 ccelorum
556 1905 1049 1976 complectuntur,
1104 1906 1245 1963 liliis
1294 1925 1424 1964 esse
1467 1909 1717 1979 similes,
1762 1927 1886 1980 quae

227 1994 514 2049 naturalis
544 1994 742 2066 gloria:
777 1996 965 2050 nitore
995 1995 1327 2053 Salomonis
1358 2015 1681 2070 purpuram
1713 2015 1887 2070 supe-

225 2090 375 2141 rant.
404 2084 646 2141 Animas
678 2102 814 2141 vero
848 2085 1040 2140 carnis
1074 2085 1473 2156 voluptatibus
1498 2088 1883 2155 eii‘eminatas,

230 2192 296 2230 ac
326 2178 636 2246 propterea
667 2173 887 2229 diaboli
920 2174 1165 2241 ﬁlias,ut
1194 2176 1252 2229 in
1285 2176 1618 2247 Evangeliis
1650 2195 1887 2233 rursum

227 2263 487 2319 declarat
534 2264 677 2331 (Vos,
712 2262 1005 2334 inquiens,
1037 2280 1107 2319 ex
1152 2269 1316 2332 patre
1363 2266 1583 2321 diabolo
1628 2268 1759 2323 estis
1800 2269 1887 2337 η),

227 2353 418 2424 spinis
450 2351 764 2419 assimilat,
786 2352 926 2423 quia
958 2369 1192 2409 omnem
1227 2369 1423 2410 curam
1452 2360 1509 2410 et
1542 2354 1889 2411 sollicitudi-

232 2458 363 2497 nem
399 2441 457 2495 in
491 2458 588 2497 eas
621 2441 926 2496 conferunl
958 2458 1051 2496 res
1085 2458 1213 2513 qua:
1266 2443 1336 2498 ad
1369 2443 1554 2498 vitam
1580 2444 1733 2499 hanc
1765 2462 1893 2516 spe-

231 2535 415 2599 ctant,
448 2534 512 2585 ut
554 2530 815 2600 undique
849 2530 1217 2600 voluptatum
1252 2533 1556 2587 materiam
1592 2550 1894 2604 aucupen-

236 2624 352 2673 tur.
385 2617 528 2672 Cum
560 2618 717 2672 enim
751 2633 985 2673 omnem
1019 2634 1188 2673 suam
1237 2636 1424 2690 spem,
1458 2637 1569 2675 non
1602 2620 1662 2675 in
1693 2637 1760 2676 eo
1792 2622 1892 2690 qui

238 2706 529 2779 sapientia
560 2723 668 2761 sua
700 2712 912 2760 cuncta
945 2707 1287 2762 moderatur
1315 2712 1371 2763 et
1402 2709 1578 2763 rebus
1618 2709 1894 2765 omnibus

240 2793 518 2859 consulit,
550 2795 651 2849 sed
704 2795 761 2848 in
796 2810 856 2849 se
904 2794 1051 2864 ipsis
1101 2796 1276 2850 sitam
1325 2797 1599 2864 habeant,
1649 2799 1896 2854 terrenis

243 2883 744 2940 sollicitudinibus
763 2883 1259 2953 suﬂ‘ocantur,nec
1292 2888 1614 2958 perfectum
1641 2889 1895 2944 fructum

248 2976 463 3031 ferunt.

670 3066 854 3120 Trium
884 3070 1201 3122 sanctorum
1229 3070 1488 3124 Patrum.

312 3170 597 3236 Quoniam
623 3187 725 3241 per
747 3176 935 3226 totum
964 3172 1072 3227 hoc
1098 3173 1303 3229 drama
1330 3192 1586 3245 sponsus
1607 3181 1663 3231 et
1683 3192 1898 3247 sponsa
1928 3210 1970 3276 α

245 3260 469 3315 mutuis
526 3259 796 3314 cantibus
847 3277 907 3315 se
965 3260 1221 3316 vicissim
1284 3262 1599 3331 celebrant,
1643 3265 1897 3320 assiduis

244 3349 462 3404 amoris
486 3348 1015 3419 signiﬁcationibus
1047 3352 1445 3420 ostendentes,
1476 3351 1725 3409 alterum
1757 3353 1897 3409 alte-

246 3438 369 3493 rius
398 3438 600 3493 ardere
632 3438 921 3493 desiderio
948 3454 960 3493 :
992 3439 1072 3494 ita
1105 3457 1311 3496 rursus
1342 3458 1561 3511 sponsa
1612 3460 1897 3514 sponsum

248 3524 568 3595 alloquitur
601 3540 614 3580 :
650 3524 801 3579 Sicut
826 3542 1050 3595 pomum
1080 3528 1232 3582 inter
1262 3528 1415 3597 ligna
1443 3531 1615 3594 silvae,
1646 3532 1725 3585 sic
1739 3546 1902 3601 nepos

244 3628 396 3667 meus
427 3613 576 3666 inter
606 3611 767 3680 ﬁlios.
818 3615 981 3667 Certe
1019 3614 1176 3668 sicut
1221 3631 1485 3685 pomum,
1534 3621 1661 3671 tum
1710 3617 1901 3689 specie

245 3701 606 3769 decora,tum
640 3702 816 3757 odore
847 3702 1167 3767 suavi,tum
1204 3708 1378 3775 gustu
1415 3705 1595 3774 dulci,
1629 3723 1695 3762 ac
1726 3723 1899 3778 prop-

246 3794 403 3844 terea
460 3788 804 3844 hominibus
865 3792 935 3845 ad
998 3793 1292 3848 edendum
1353 3793 1504 3861 utili,
1536 3799 1626 3849 ter
1669 3801 1905 3850 arbores

246 3877 426 3948 hujus
458 3875 761 3948 qualitatis
799 3883 1064 3949 expertes
1097 3879 1347 3949 excellit,
1382 3882 1438 3935 in
1464 3880 1610 3936 silva
1642 3899 1767 3953 quae
1799 3899 1904 3937 ne-

249 3983 483 4021 morosa
506 3974 613 4036 est,
645 3970 700 4021 et
724 3967 975 4022 fructum
1001 3968 1069 4022 ad
1114 3970 1468 4025 vescendum
1505 3988 1617 4025 non
1652 3971 1905 4026 homini-

249 4055 381 4120 bus,
415 4055 515 4108 sed
565 4054 771 4108 bestiis
804 4055 1080 4111 idoneum
1132 4059 1512 4129 suppeditat;
1543 4060 1628 4115 sic
1660 4060 1907 4116 dilectus

250 4157 417 4195 meus
450 4140 603 4194 inter
635 4140 941 4197 hominum
978 4142 1130 4199 filios
1173 4150 1427 4215 prastat.
1464 4146 1909 4201 Pulchritudine

248 4229 406 4283 enim
427 4230 700 4299 speciosus
722 4234 798 4285 est
822 4232 967 4286 inter
985 4232 1129 4302 ﬁlios
1164 4234 1452 4289 hominum
1474 4236 1537 4303 ιθ,
1570 4252 1686 4290 non
1714 4235 1909 4290 solum

250 4326 318 4374 ut
349 4320 445 4373 Dei
495 4318 676 4374 Filius
727 4320 1071 4392 unigenitus
1102 4327 1159 4378 et
1188 4323 1471 4389 Verbum,
1502 4341 1702 4380 verum
1735 4326 1909 4380 etiam

250 4414 317 4463 ut
348 4408 497 4463 inter
522 4408 791 4464 homines
822 4411 986 4466 solus
1018 4412 1145 4467 sine
1190 4419 1446 4484 peccato.
1480 4414 1666 4470 Odore
1718 4420 1909 4470 autem

242 4499 510 4570 jucundo
539 4498 808 4570 fragrans
840 4506 1076 4571 propter
1110 4502 1404 4573 spiritalia
1434 4504 1753 4575 gratiarum
1784 4521 1913 4559 mu-

1991 555 2030 603 0
2054 548 2227 624 λέγων
2261 551 2364 625 γάρ
2399 550 2558 613 αὐτός
2584 551 2723 605 έστιν
2757 547 2809 603 έν
2840 554 2956 610 τοῖς
2987 547 3368 624 Εύαγγελίοις.

1993 638 2257 702 Ἐκείνους
2287 634 2430 714 ἔχειν
2465 635 2731 711 ἀδελφοὺς
2762 637 2851 692 καὶ
2884 642 3158 714 συγγενεῖς
3189 638 3277 692 καῖ
3315 637 3532 715 φίλους,

1990 726 2134 790 Τοὺς
2161 727 2460 803 πληρωτὰς
2489 732 2594 782 τῶν
2628 731 2907 801 Ιῐατρικῶν
2940 727 3145 781 έκείνου
3175 726 3579 801 κελευσμάτων.

2557 838 2677 892 Τῶν
2721 836 2765 909 γ’
2796 833 3070 908 Πατὲρων,

2060 929 2218 989 "Ost
2267 926 2295 980 ὁ
2347 925 2583 999 νυμφίος
2628 924 2798 999 κρίνῳ
2846 922 3189 999 παρεικάζων
3247 925 3345 993 τὴν
3404 923 3646 1001 νύμφην,

1992 1019 2066 1079 ὡς
2096 1016 2171 1087 μὴ
2204 1014 2648 1090 συμπνιγομένην
2697 1018 2816 1077 ταῖς
2862 1016 2959 1067 τοῦ
3014 1012 3135 1088 βίου
3184 1012 3647 1091 ἀκάνθαις,φησί.

2062 1106 2150 1166 Ὠς
2204 1103 2385 1178 κρίνον
2472 1102 2522 1158 ἐν
2614 1105 2762 1175 μέσῳ
2844 1107 2951 1156 τῶν
3038 1103 3303 1174 ἀκανθῶν,
3380 1101 3550 1163 οὕτως
3608 1102 3645 1169 ἡ

1992 1193 2228 1262 πλησιον
2294 1214 2398 1266 μου
2449 1192 2500 1247 ἐν
2563 1193 2713 1265 μέσῳ
2782 1196 2892 1246 τῶν
2968 1189 3294 1266 θυγατέρων.
3355 1192 3458 1246 Καὶ
3518 1189 3647 1245 ταύ-

1992 1305 2090 1351 την
2128 1284 2221 1354 μὲν
2254 1281 2424 1357 κρίνῳ
2457 1286 2783 1357 παρομοιοῖ,
2826 1278 2913 1335 διὰ
2954 1281 3015 1334 τὸ
3050 1278 3178 1351 μηδ’
3213 1280 3359 1343 ὅλως
3388 1280 3518 1334 ποτὶ
3546 1281 3647 1348 τὴν

2000 1374 2132 1447 ὑπὲρ
2188 1377 2296 1426 τῶν
2388 1373 2655 1445 βιωτικῶν
2730 1371 3001 1445 μόριμναν
3080 1366 3451 1445 ἀναδέχεσθαι,
3521 1367 3649 1424 ἀλλ’

1997 1461 2358 1538 ὀφροντίστως
2415 1466 2534 1523 τοῖς
2581 1464 2986 1535 παρατυχοῦσιν
3051 1456 3360 1533 ἐκπληροῦν
3402 1458 3499 1527 τήν
3551 1455 3648 1511 τοῦ

1998 1550 2252 1624 σώματος
2309 1550 2516 1626 χρείαν.
2576 1552 2747 1623 ’Όπερ
2822 1549 2912 1603 καὶ
2974 1547 3024 1602 έν
3086 1547 3445 1623 Εὐαγγελίοις
3498 1544 3650 1602 διδά-

1999 1662 2139 1695 σκων
2194 1638 2391 1711 λέγει·
2452 1638 2582 1711 Περὶ
2656 1637 2951 1711 ἐνδύματος
3028 1636 3081 1692 τί
3149 1642 3491 1712 μεριμνᾶτε;
3558 1657 3652 1690 καο

1996 1732 2260 1803 ταμάθετε
2315 1730 2381 1782 τὰ
2459 1728 2616 1803 κρίνα
2686 1732 2782 1782 τοῦ
2860 1726 3032 1801 ἀγροῦ
3104 1730 3221 1786 πῶς
3272 1724 3524 1795 αύξᾶνει’
3586 1724 3649 1779 οὗ

2607 1815 2839 1889 δεικνὺς,
2891 1814 2973 1871 ὅτι
3024 1816 3075 1870 οἱ
3118 1815 3218 1883 τὴν
3266 1813 3650 1889 ἀταλαίπωρον

1996 1909 2085 1965 καὶ
2144 1905 2496 1983 αὐτοσχέδιον
2560 1904 2836 1982 διαγωγὴν
2920 1902 3007 1959 διά
3052 1905 3152 1972 τὴν
3214 1901 3493 1979 βασιλείαν
3540 1908 3649 1957 τῶν

1997 1998 2237 2071 οὐρανῶν
2280 1996 2558 2069 έλὸμενοι,
2616 1994 2996 2069 παραπλήσιοί
3047 1993 3147 2047 εἶσι
3197 1992 3398 2068 κρίνεις
3427 1992 3655 2069 ἀμφιεν-

1995 2088 2247 2159 νυμένοις
2308 2086 2522 2147 ἀπόνως
2573 2085 2673 2152 τὴν
2717 2090 2820 2152 τῆς
2873 2079 3203 2159 ἀλουργίδος
3226 2085 3322 2135 τοῦ
3361 2085 3655 2153 Σολομῶν-

1996 2196 2088 2237 τος
2158 2172 2497 2248 ἐνδοξοτέραν
2530 2182 2759 2250 φυσικήν
2812 2169 2968 2242 δόξαν
3004 2190 3016 2203 ·
3050 2171 3144 2232 τὰς
3188 2167 3245 2225 δὲ
3275 2169 3654 2241 ἐκθηλυνομέ-

1998 2287 2089 2327 νας
2150 2264 2329 2338 ψυχὰς
2380 2269 2498 2324 ταῖς
2547 2266 2828 2335 σαρκικαῖς
2897 2258 3142 2330 ἡδοναῖς,
3196 2258 3287 2313 καὶ
3346 2255 3434 2312 διὰ
3492 2261 3653 2311 τοῦτο

2001 2355 2297 2428 θυγατέρας
2328 2358 2424 2408 τοῦ
2457 2346 2718 2406 διαϐόλου
2770 2350 2862 2417 (ὡς
2891 2347 3058 2404 πάλιν
3113 2348 3275 2425 φησὶν
3310 2347 3361 2401 ἐν
3421 2344 3654 2421 Εὒαγγε-

2001 2444 2165 2511 λίοις,
2198 2442 2280 2497 ὅτι
2311 2444 2487 2514 Ὑμεῖς
2537 2440 2596 2495 ἐκ
2636 2444 2733 2494 τοῦ
2776 2440 2980 2514 πατρὸς
3028 2440 3178 2509 ὑμῶν
3229 2441 3326 2491 τοῦ
3385 2431 3652 2491 διαϐόλου

2002 2533 2161 2603 ἐστὲ),
2219 2531 2469 2592 ἀκάνθαις
2520 2529 2854 2604 παρεικάζει,
2915 2524 3004 2581 διὰ
3057 2528 3118 2580 τὸ
3168 2530 3337 2580 πᾶσαν
3395 2525 3494 2593 τήν
3549 2523 3641 2595 μέ-

2004 2642 2199 2697 ριμναν
2254 2619 2377 2693 περῖ
2428 2620 2494 2674 τὰ
2556 2617 2786 2695 βιωτικά
2841 2615 3238 2691 ἠσχοληκέναι,
3275 2612 3348 2667 'iv’
3380 2614 3655 2688 εὐπορῶσι

2001 2718 2101 2779 τῆς
2133 2709 2271 2779 ὕλης
2299 2713 2406 2762 τῶν
2438 2705 2653 2777 ἡδονῶν
2691 2726 2700 2736 ·
2735 2705 2791 2759 αἳ
2822 2704 2949 2779 ούχῖ
2986 2708 3064 2774 τῷ
3091 2708 3199 2756 τῶν
3232 2701 3377 2757 ὅλων
3406 2721 3655 2777 προνοηο

2002 2804 2072 2873 τῇ
2125 2800 2466 2853 πιστεύουσιν
2522 2795 2729 2860 έαυτᾶς,
2788 2793 2934 2849 ἀλλὰ
2996 2794 3059 2847 τὸ
3113 2797 3216 2846 πᾶν
3275 2792 3486 2851 ἑαυταῖς
3521 2810 3533 2822 ·
3566 2790 3657 2843 καὶ

2008 2886 2095 2943 διὰ
2122 2893 2281 2943 τοῦτο
2310 2892 2429 2948 ταῖς
2472 2890 2582 2939 τῶν
2627 2882 2974 2960 προσκαίρων
3032 2881 3275 2959 φροντίσι
3320 2878 3658 2954 ωμπνῖγον-

2005 2999 2114 3046 ται,
2144 2977 2233 3031 καὶ
2265 2976 2325 3030 οὐ
2351 2974 2787 3049 τελεσφοροῦσιν.

2474 3085 2590 3135 Σῶν
2625 3079 2791 3154 ἁγίων
2833 3080 2876 3153 γ’
2920 3077 3191 3153 Πατέρων.

2078 3173 2224 3227 Ἐπεὶ
2274 3169 2330 3226 δὲ
2379 3168 2467 3225 διὰ
2514 3169 2714 3233 παντὸς
2756 3172 2854 3222 τοῦ
2930 3165 3224 3242 δράματος,
3287 3165 3466 3239 ὥσπερ
3510 3162 3658 3218 ἐναν·

2007 3264 2351 3341 τιοφθόγγοις
2408 3257 2703 3333 μελῳδίαις
2764 3259 2789 3312 ὁ
2848 3257 3084 3331 νυμφίος
3142 3276 3199 3311 τε
3255 3254 3345 3309 καὶ
3401 3253 3653 3331 ἡνύμφη

2008 3354 2441 3429 ἀντευφημοῦσιν
2513 3345 2820 3417 ἀλλήλους,
2902 3343 3299 3418 ἐνδεικνύμενοι
3358 3348 3476 3404 ταῖς
3535 3363 3655 3396 συν-

2009 3441 2155 3517 εχέσι
2182 3428 2633 3517 φιλοφροσύναις
2660 3437 2754 3491 τὸν
2787 3435 2924 3508 πρὸς
2967 3434 3255 3505 ἀλλήλους
3288 3434 3455 3497 πόθον
3483 3452 3493 3463 ·
3527 3428 3654 3485 τάδε

2008 3528 2175 3584 πάλιν
2233 3527 2640 3605 ἀντιφθέγγεται
2705 3525 2841 3599 πρὸς
2897 3524 2988 3578 τὸν
3046 3521 3277 3599 νυμφίον
3321 3523 3355 3591 ἡ
3413 3520 3599 3597 νύμφη
3638 3541 3649 3553 ·

2008 3621 2095 3680 Ὡς
2158 3617 2335 3691 μῆλον
2393 3615 2443 3670 ἐν
2532 3620 2647 3678 τοῖς
2733 3612 2916 3684 ξύλοις
2989 3616 3086 3667 τοῦ
3169 3609 3420 3687 δρυμοῦ,
3489 3606 3662 3670 οὕτως

2012 3705 2302 3784 ἀδελφιδὸς
2357 3727 2464 3778 μου
2514 3705 2607 3759 ἀνά
2673 3702 2832 3775 μέσον
2889 3706 2995 3756 τῶν
3055 3701 3207 3757 υῗῶν.
3265 3702 3446 3767 ’Ὴτοι,
3479 3701 3661 3761 Καθα-

2012 3818 2111 3873 περ
2157 3804 2336 3868 μῆλον
2398 3795 2496 3863 τὴν
2559 3794 2700 3867 ὥραν
2757 3793 2850 3865 μὲν
2892 3790 3174 3865 εὐπρεπὲς,
3234 3786 3430 3850 εὐῶδες
3475 3785 3532 3841 δὲ
3559 3787 3681 3855 τὴν,

2015 3888 2192 3959 ὀσμὴν
2252 3884 2339 3938 καὶ
2393 3884 2489 3952 τήν
2549 3882 2729 3957 γεῦσιν
2787 3878 2983 3955 γλυκὺ,
3042 3879 3321 3940 κάντεῦθεν
3383 3879 3661 3953 χρήσιμον

2014 3977 2148 4050 πρὸς
2194 3970 2402 4041 ἐδωδὴν
2456 3971 2722 4045 λογικοῖς,
2773 3970 2822 4023 ἐν
2864 3975 2981 4029 τοῖς
3031 3968 3226 4022 τούτου
3286 3964 3669 4039 ἐστερημένοις

2016 4063 2200 4136 ξύλοις
2249 4066 2346 4116 τοῦ
2398 4058 2628 4133 δρυμοῦ,
2681 4060 2740 4122 ’ὸς
2799 4054 3017 4126 ὑλώδης
3065 4058 3123 4111 τέ
3171 4055 3280 4110 ἐστι
3329 4056 3416 4109 καὶ
3465 4054 3672 4129 καρπὸν

2018 4156 2163 4233 φέρει
2217 4151 2441 4226 ἀλόγοις
2488 4150 2624 4223 πρὸς
2677 4150 2878 4221 βρῶσιν
2925 4145 3015 4201 καί
3066 4146 3126 4200 οὗ
3177 4143 3426 4219 λογικοῖς
3478 4142 3671 4233 ἐπιτή-

2020 4232 2161 4297 δειον
2198 4260 2209 4272 ·
2273 4240 2445 4299 οὕοως
2478 4239 2504 4291 ὁ
2537 4236 2831 4312 ἀγαπητός
2866 4256 2969 4307 μου
2999 4233 3051 4288 ἐν
3080 4239 3199 4295 τοῖς
3242 4237 3349 4287 τῶν
3376 4232 3673 4307 ἀνθρώπων

2020 4333 2182 4392 υἱοῖς.
2217 4328 2422 4386 Κάλλει
2468 4328 2563 4401 μέν
2603 4326 2702 4401 γὰρ
2749 4327 2951 4397 ὡραῖος
2998 4324 3145 4397 παρά
3189 4321 3317 4384 τοὺς
3364 4321 3517 4383 υἱοὺς
3564 4325 3674 4376 τῶν

2024 4421 2347 4494 ἀνθρώπων,
2405 4416 2466 4471 οὐ
2525 4417 2691 4489 μόνον
2741 4415 2814 4475 ὡς
2869 4418 3003 4469 Θεοῦ
3056 4413 3361 4486 μονογενὴς
3400 4410 3525 4471 Υἱὸς
3587 4409 3676 4464 καὶ

2024 4511 2219 4583 Λόγος,
2252 4506 2516 4563 ἀλλὰκαὶ
2566 4507 2639 4567 ὡς
2687 4503 2738 4558 ἐν
2794 4502 3101 4578 ἀνθρώποις
3149 4501 3532 4575 ἀναμάρτητος
3576 4499 3677 4572 μό-

255 4606 397 4644 nera
426 4606 555 4660 quae
607 4591 664 4644 in
695 4607 756 4645 se
804 4592 1179 4648 credentibus
1226 4594 1560 4666 dilargitur,
1596 4613 1664 4651 ex
1694 4596 1897 4668 quibus

2020 4619 2134 4658 νος.
2188 4593 2419 4664 Εύώδης
2451 4592 2507 4649 δὲ
2535 4599 2653 4655 ταῖς
2687 4592 2821 4664 πρὸς
2847 4590 2977 4652 τοὺς
3012 4589 3088 4652 εἷς
3121 4589 3279 4644 αὐτὸν
3326 4587 3677 4647 πιστεύοντας

252 4698 496 4736 sensum
532 4681 721 4753 ipsius
754 4683 1345 4754 percipimus.Gustu
1379 4703 1513 4742 vero
1547 4688 1745 4744 suavis
1775 4694 1866 4743 est

2028 4686 2342 4760 μεταδόσεσι
2372 4688 2480 4738 τῶν
2529 4682 2899 4758 χαρισμάτων
2961 4683 3057 4733 τοῦ
3116 4676 3455 4750 Πνεύματος,
3498 4674 3565 4730 δι’
3606 4676 3678 4729 ὧν

255 4771 492 4836 Gustata,
526 4771 708 4839 enim,
741 4772 1014 4842 inquit,et
1049 4775 1250 4839 videte,
1296 4777 1560 4845 quoniam
1605 4778 1791 4833 suavis
1837 4794 1891 4832 es

2021 4776 2217 4830 τούτου
2276 4771 2327 4828 ἐν
2383 4771 2628 4841 αἶ’σθήσει
2663 4769 2945 4844 γινόμεθα.
2979 4768 3093 4835 Τὴν
3123 4764 3181 4821 δὶ
3208 4770 3388 4841 γεῦσιν
3419 4764 3631 4840 γλυχύς
3664 4783 3677 4796 ·

256 4860 514 4915 Dominus
550 4861 614 4915 1‘.
651 4860 797 4915 Nam
849 4860 1040 4916 mellis
1102 4861 1347 4918 dulcedo
1396 4863 1515 4919 illis
1564 4865 1756 4920 solum
1815 4882 1889 4937 qu

2028 4864 2286 4919 Γεύσασθε
2315 4863 2438 4935 γὰρ,
2475 4860 2633 4934 φησὶ,
2665 4858 2757 4913 καὶ
2804 4855 2946 4912 ἴδετε
2993 4856 3076 4910 ὅτι
3116 4855 3362 4930 χρηστὸς
3393 4855 3422 4908 ὁ
3455 4854 3679 4926 Κύριος.

254 4950 662 5013 gustaverunt,
691 4948 927 5019 cognita
952 4955 1059 5004 est.
1095 4951 1487 5014 Quamobrem
1519 4956 1577 5007 et
1606 4952 1897 5008 hominum

2025 4942 2248 5020 Ἐπειδή
2273 4949 2549 5026 γλυκύτης
2578 4947 2802 5021 μέλιτος
2825 4947 2888 5001 οὐ
2918 4950 3035 5007 τοῖς
3059 4945 3134 5018 μή
3146 4945 3521 5020 γευσαμένοις,
3539 4938 3685 4996 ἀλλά

257 5034 423 5088 cibus
452 5040 562 5104 est,
582 5036 683 5106 qui
707 5037 887 5091 vitam
912 5038 996 5093 eis
1016 5039 1225 5094 tribuit
1248 5039 1593 5111 spiritalem.
1627 5046 1700 5097 At
1729 5047 1897 5098 center

2027 5048 2143 5103 τοῖς
2175 5040 2533 5115 γευσαμένοις
2562 5038 2800 5112 γνωστή.
2847 5038 3005 5098 Ὅθεν
3051 5033 3141 5088 καὶ
3183 5036 3357 5110 τροφή
3383 5030 3493 5086 ἐστι
3526 5028 3684 5104 λογι-

262 5122 569 5178 hominum
621 5124 752 5194 ﬂlll,
786 5127 924 5198 quia
954 5145 1159 5185 omnes
1210 5135 1596 5201 peccaverunt
1637 5136 1693 5187 et
1723 5132 1897 5188 divin:

2029 5136 2161 5199 κῶν,
2192 5130 2335 5199 ζωὴν
2355 5128 2724 5201 πνευματικὴν
2750 5125 2965 5183 τούτοις
2986 5120 3187 5183 διδούς.
3209 5123 3275 5179 Οἱ
3295 5119 3353 5175 δὲ
3373 5118 3562 5176 λοιποὶ
3578 5122 3684 5171 τῶν

262 5212 452 5282 gloria
500 5214 705 5283 privati
755 5222 916 5282 sunt,
950 5219 1020 5273 ad
1071 5220 1230 5275 silvae
1271 5222 1717 5277 similitudinem
1749 5222 1887 5277 luxu

2032 5220 2329 5294 ἀνθρώπων
2371 5217 2505 5282 υἱοὶ,
2556 5211 2743 5282 ἐπειδὴ
2785 5214 2981 5274 πάντες
3020 5210 3268 5283 ἥμαρτον
3304 5210 3390 5264 καὶ
3419 5215 3519 5277 τῆς
3548 5206 3689 5268 θείας

263 5304 438 5367 Fiant,
464 5307 520 5356 et
543 5301 820 5360 belluinis
842 5305 1239 5377 voluptatibus
1276 5311 1642 5365 nutriuntur.
1683 5312 1897 5365 Idcirco

2035 5307 2194 5380 δόξης
2219 5308 2550 5380 ἐστέρηνται,
2584 5302 2741 5373 δίκην
2788 5300 2998 5374 δρυμοῦ
3139 5300 3319 5375 σχέσει
3347 5303 3457 5353 τῶν
3485 5295 3688 5368 παρόν-

263 5392 323 5444 in
343 5390 563 5457 umbra,
595 5391 807 5460 inquit,
839 5396 955 5465 ejus
984 5399 1171 5468 cupivi
1201 5402 1247 5453 et
1277 5400 1653 5456 sedi.Umbra
1684 5401 1897 5456 omnim

2035 5421 2141 5452 των
2180 5397 2512 5467 ὑλομανοῦσι
2550 5414 2562 5425 ·
2594 5393 2683 5448 καὶ
2715 5390 2805 5446 διὰ
2834 5396 2941 5445 τῶν
2974 5392 3157 5444 παθῶν
3190 5392 3296 5442 τῶν
3322 5386 3535 5462 ἀλόγων
3561 5386 3686 5439 ἑαυ-

260 5479 502 5551 Christi,
536 5485 628 5536 est
657 5480 991 5541 Christiana
1021 5487 1373 5560 respublica,
1391 5490 1447 5543 in
1483 5507 1601 5562 qua
1630 5490 1731 5562 qui
1768 5490 1891 5545 desi

2031 5486 2158 5541 τοὺς
2183 5483 2549 5561 ἓκτρέφουσιν.
2600 5481 2693 5536 Διό
2738 5502 2921 5551 φησιν.
2967 5480 3053 5534 Ἐν
3107 5482 3175 5551 τῇ
3213 5482 3335 5547 σκιᾷ
3365 5476 3531 5531 αὐτοῦ
3562 5474 3684 5529 ἐπε-

334 5660 375 5695 “
408 5658 618 5717 Matth.
652 5677 728 5729 v1,
760 5662 848 5717 28.

931 5664 975 5698 ¹²
1005 5665 1167 5721 Joan.
1204 5683 1329 5735 vm,
1362 5667 1451 5721 44.

1532 5669 1576 5703 ¹³
1606 5667 1757 5725 Psal.
1789 5684 1941 5737 XLIV,
1972 5668 2025 5723 3.
2107 5668 2150 5702 ¹⁴
2183 5664 2334 5722 Psal.
2365 5679 2564 5730 χχχιιι,
2595 5662 2649 5717 9.
