4046 6144
328 372 447 434 573

1375 380 1784 445 COMMENT.
1827 381 1910 444 IN
1953 381 2357 445 CANTIGUM
2401 384 2703 446 CANTIC.

3631 383 3748 444 5⁸74

326 500 554 575 θύμησα
602 502 692 558 καὶ
722 502 957 559 ἐκάθισασ
993 507 1119 562 σκιὰ
1149 505 1205 564 δέ
1235 499 1448 572 πάντως
1478 513 1713 588 Χριστοῦ
1760 514 1795 582 ἡ
1853 512 1929 589 Χρ

2098 513 2256 569 derio
2279 519 2368 571 est
2390 515 2792 586 conﬁrmatus,
2825 515 3170 588 cupidinum
3193 519 3336 572 aastu
3361 532 3474 570 non
3507 514 3747 570 combu-

326 589 581 658 στοειδὴς
611 591 880 667 πολιτεία,
940 593 1023 671 ἐφ’
1052 598 1120 666 ἧς
1176 599 1203 652 6
1262 596 1350 653 διὰ
1406 599 1577 655 πόθου
1610 598 1875 678 ἰδρυνθεὶς
1906 606 1988 674 τῷ

326 680 570 735 καύσωνι
611 685 720 736 τῶν
768 688 954 747 παθῶν
1008 686 1071 740 τὺ
1120 688 1455 762 συγκαίεται,
1496 687 1621 745 ἀλλ⁸
1678 691 1764 745 ὑπ’
1820 690 1988 756 αὑτῆς

334 769 606 826 σκίπεται.
691 771 789 826 Καὶ
874 774 901 827 6
985 776 1194 849 καρπὸς
1279 778 1443 832 αὑτοῦ
1519 778 1724 853 γλυκὺς
1786 779 1836 833 ἐν
1908 784 1986 851 τῷ

337 855 569 933 λάρυγγί
655 878 794 932 μου·
867 861 1075 936 καρπὸς
1134 860 1191 917 δὲ
1239 863 1435 918 τούτου
1494 864 1633 920 ἐστὶν
1694 867 1721 920 6
1777 866 1982 940 καρπὸς

338 951 436 1000 τοῦ
490 945 813 1020 πνεύματος.
875 955 968 1011 "Oc
1030 949 1141 1006 ἐστι
1192 953 1327 1007 κατὰ
1353 954 1448 1008 τὸν
1481 956 1642 1030 μέγαν
1677 955 1981 1010 ἀπόστοΛον

343 1032 571 1104 Παῦλον,
659 1037 825 1111 χαρὰ,
907 1038 1121 1114 εἷ’ρηνη,
1205 1043 1570 1117 μακροθυμία,
1646 1044 1984 1120 χρηστότης,

331 1125 422 1178 καὶ
469 1124 537 1179 τὰ
563 1124 750 1179 Koma"
803 1123 863 1180 οὗ
918 1133 1019 1197 τῆς
1050 1127 1388 1204 γλυκύτητος
1446 1133 1496 1186 ἐν
1531 1132 1776 1202 αἰσθήσει
1813 1134 1984 1207 ὑπαρ-

332 1234 496 1289 χουσι
549 1215 600 1268 οἱ
648 1215 783 1268 κατὰ
835 1221 1022 1292 πεῖραν
1056 1219 1250 1274 τούτου
1289 1221 1632 1296 τρεφόμενοι.
1662 1220 1830 1279 Οὐδὲν
1885 1223 1984 1298 γὰρ

331 1308 509 1378 χαρᾶς
551 1308 922 1377 πνευματικῆς
981 1307 1238 1372 ἀπαθείας
1293 1331 1352 1365 τε
1395 1312 1481 1366 καὶ
1517 1310 1730 1388 ἀγάπης
1775 1309 1985 1387 γλυκύ-

332 1411 513 1466 τερον.
575 1391 787 1468 Λάρυγξ
818 1392 874 1448 δὲ
921 1399 1020 1461 τῆς
1068 1395 1406 1472 γλυκύτητος
1460 1405 1561 1455 τοῦ
1618 1406 1986 1474 πνευματικοῦ

2097 603 2268 674 ritur,
2301 606 2398 660 sed
2431 605 2542 660 sub
2586 621 2653 660 ea
2686 605 3026 677 protegitur.
3060 608 3124 660 El
3150 609 3366 677 [ructus
3410 606 3529 676 ejus
3569 603 3747 658 dulcis

2093 695 2306 764 gutturi
2358 710 2497 750 meo.
2560 693 2806 750 Fructus
2865 701 3061 752 autem
3117 695 3328 766 ipsius,
3375 696 3464 748 est
3520 692 3746 749 fructus

2095 783 2362 855 spiritus,
2396 784 2491 855 qui
2545 789 2652 853 est,
2688 789 2752 840 ut
2798 802 3050 858 magnus
3097 783 3290 856 inquit
3333 782 3576 848 Paulus,
3606 797 3744 853 gau-

2093 871 2271 942 dium,
2300 890 2435 944 pax,
2467 876 2874 945 longanimitas,
2918 875 3129 931 bonitas
3163 876 3225 940 ι’,
3258 879 3317 929 et
3373 877 3595 928 caetera.
3629 872 3745 927 Cu-

2087 963 2188 1032 jus
2219 961 2589 1016 dulcedinem
2640 961 2904 1017 sentiunt
2934 962 3020 1016 illi
3052 963 3153 1034 qui
3203 960 3584 1032 experiuntur
3617 974 3631 1015 :
3666 958 3749 1013 ni-

2096 1050 2177 1105 hil
2211 1050 2365 1106 enim
2421 1051 2636 1123 gaudio
2669 1052 2917 1124 spiritali
2951 1057 3004 1107 et
3055 1050 3483 1123 tranquillitate
3522 1052 3579 1103 et
3608 1046 3748 1102 cha-

2095 1139 2263 1195 ritate
2310 1140 2561 1195 dulcius.
2611 1144 2684 1195 At
2729 1146 2935 1212 guttur
2983 1141 3136 1210 quod
3191 1140 3414 1194 fructus
3463 1135 3746 1209 spiritalis

2095 1229 2407 1285 dulcedine
2458 1231 2687 1298 fruitur,
2718 1237 2806 1286 est
2852 1231 2939 1285 vis
2971 1231 3177 1284 animas
3211 1229 3432 1285 ratione
3480 1227 3743 1299 praedita,

2096 1319 2221 1374 sine
2254 1337 2370 1390 qua
2403 1320 2648 1376 Verbum
2681 1337 2796 1375 non
2829 1322 3208 1376 admovetur:
3243 1317 3743 1390 quemadmodum

2097 1424 2202 1462 nec
2230 1408 2397 1463 cibus
2425 1409 2551 1464 sine
2581 1415 2838 1480 gutture.

334 1484 550 1574 κξξρπῗῢ
581 1481 991 1574 ᾳῗσθανᾷμενος,
1026 1484 1198 1574 ε’ίηγᾶν
1230 1491 1264 1558 ἡ
1301 1489 1499 1565 λογική
1534 1489 1759 1566 δύναμις
1786 1499 1886 1562 τῆς
1918 1496 2122 1569 ψυχῆς·
2157 1494 2449 1572 ἐπειδήπερ
2479 1495 2678 1568 ταύτης
2704 1497 2879 1572 χωρὶς
2907 1497 2967 1552 o6
3000 1497 3328 1574 προφέρεται
3349 1491 3536 1569 λόγος’
3564 1489 3744 1566 ὥσπερ

333 1566 460 1625 οὔτε
493 1571 762 1646 βρώματα
788 1571 1061 1651 λάρυγγος
1093 1573 1233 1635 ἄνευ.

1033 1759 1280 1820 Ψελλοῦ.

334 1952 558 2006 Τούτων
589 1953 662 2017 ὡς
688 1951 736 2008 δ’
772 1950 972 2025 ἤκουσε
1004 1957 1197 2014 λοιπὸν
1230 1961 1265 2029 ἠ
1296 1959 1483 2039 νύμφη
1514 1965 1622 2016 τῶν
1655 1961 1905 2031 ἐπαίνων,

342 2041 982 2119 ’Λντιτεχνάζεταίτινας
1014 2046 1265 2112 ἐπαίνους
1292 2055 1372 2123 τῷ
1392 2052 1634 2126 νυμφίῳ.

344 2129 504 2205 Λέγει
532 2133 636 2207 γὰρ
668 2130 868 2206 λέξεσιν
901 2136 1090 2199 αὑταῖς
1119 2137 1248 2193 τάδε
1277 2140 1414 2215 πρὸς
1443 2139 1532 2194 τὸν
1568 2141 1864 2212 Δεσπότην·

359 2226 430 2282 Ως
465 2227 646 2292 μῆλον
680 2222 732 2276 έν
761 2229 878 2286 τοῖς
910 2223 1092 2296 ξύλοις
1119 2233 1214 2282 τοῦ
1246 2225 1476 2304 δρυμοῦ,

340 2306 529 2371 Οὕτως
561 2306 851 2384 ἀδελφιδός
884 2335 988 2386 μου
1017 2315 1115 2370 ἀνὰ
1149 2317 1312 2388 μέσον
1344 2323 1449 2372 τῶν
1481 2320 1632 2375 υἱῶν.

337 2397 565 2473 Ὠσπερ,
598 2397 649 2454 ἰν
677 2407 795 2463 ταῖς
825 2405 1028 2478 ψυχαῖς
1057 2405 1284 2467 ἁπάσαις
1313 2411 1423 2460 τῶν
1453 2408 1776 2481 ἀνθρώπων,

338 2486 438 2546 "Ac
473 2498 766 2564 θυγατερας
796 2487 1039 2566 εἴρηκας,
1069 2494 1112 2547 ὧ
1145 2494 1284 2570 Λόγε
1314 2497 1402 2550 καὶ
1433 2498 1653 2574 νυμφίε,

339 2575 550 2650 Ἔγωγε
584 2576 724 2648 μόνη
759 2579 967 2657 πέφυκα
991 2580 1177 2656 κρίνον
1213 2583 1392 2658 ὥσπερ
1426 2584 1476 2639 ἐν
1511 2587 1652 2662 φύεν

341 2663 500 2717 Οὕτω
532 2665 622 2718 καί
652 2665 714 2719 σὺ
743 2668 868 2731 τοὺς
899 2670 1166 2744 οὐρανοὺς
1199 2671 1590 2749 ἆῤῥητοτύπως
1611 2673 1820 2745 κλίνας,

342 2752 443 2807 Καὶ
475 2753 753 2818 κατελθὼν
784 2755 871 2811 ἐπὶ
900 2762 1000 2823 τῆς
1025 2767 1126 2834 γῆς
1159 2760 1234 2823 εἷς
1273 2760 1458 2833 ὑλώδη
1501 2764 1643 2838 βίον,

345 2841 443 2896 Καὶ
476 2845 776 2915 σαρκωθεὶς
807 2847 869 2900 τὸ
897 2851 1019 2911 καθ’
1047 2850 1195 2922 ἡμᾶς
1227 2850 1278 2904 ἐν
1308 2848 1449 2922 τῷδε
1473 2856 1554 2924 τῷ
1585 2850 1847 2925 δρυμῶνι,

344 2929 549 3007 Ὠφθης
581 2931 633 2985 ἐν
674 2933 822 3006 μέσῳ
851 2940 958 2990 τῶν
985 2938 1116 2992 υἱῶν
1143 2938 1239 2994 τοῦ
1269 2938 1401 3014 τῇδε
1427 2945 1534 2995 τῶν
1565 2941 1884 3015 ἀνθρώπων,

349 3018 435 3080 Ὠς
469 3019 640 3090 μῆλον
677 3021 1039 3081 εὐωδέστατον
1071 3030 1159 3082 καὶ
1185 3033 1364 3103 γεῦσιν
1397 3027 1723 3100 καθηδύνον,

349 3106 499 3171 Τίνος
532 3106 587 3166 δὲ
615 3112 802 3186 χάριν,
837 3113 1063 3190 έρωτᾷς,
1094 3119 1185 3172 τὸν
1220 3119 1396 3193 Λόγον
1431 3118 1573 3196 λέγει
1611 3119 1829 3193 μῆλον;

344 3198 462 3254 Ὅτι
494 3199 583 3254 καὶ
615 3201 846 3276 χάριτας
875 3203 1096 3268 πολλὰς
1130 3205 1245 3281 ἔχει
1270 3209 1476 3284 καρπὸς
1495 3210 1558 3264 τὸ
1592 3207 1795 3282 μῆλον.

345 3288 451 3343 Καὶ
485 3288 586 3364 γὰρ
615 3287 1050 3366 ἀποθλιϐόμενον
1083 3297 1229 3370 παρά
1255 3317 1422 3367 τινος,
1453 3298 1526 3360 ὡς
1560 3298 1739 3371 θέμις,

340 3377 444 3444 Τὴν
478 3377 581 3450 γὰρ
606 3377 757 3455 ῥύσιν
787 3381 1184 3456 αἱματόμικτον
1209 3386 1308 3454 τήν
1343 3384 1596 3462 ὑδαρώδη
1624 3388 1850 3461 πέμπει.

342 3465 634 3530 Κᾶντεῦθεν
664 3469 1028 3527 ὑπαινίττεται
1057 3475 1324 3548 κρουνοὺς
1354 3476 1480 3538 τοὺς
1514 3477 1840 3552 σωτηρίους,

337 3553 474 3619 Τοὺς
524 3557 652 3632 πρὶν
704 3561 990 3636 πνευρόθεν
1046 3562 1346 3637 βλύσαντας
1391 3570 1488 3620 τοῦ
1518 3565 1695 3641 Λόγου
1724 3569 1811 3622 καὶ
1862 3575 1984 3622 Σω-

1775 3661 1986 3734 [τῆρος.

338 3735 427 3800 Ὠς
455 3737 662 3811 ἄγαμαι
693 3739 791 3808 τήν
824 3741 1082 3818 φρόνησιν
1113 3750 1212 3814 τῆς
1244 3745 1476 3818 καθᾶρας
1507 3747 1768 3822 παρθένου
1795 3749 1806 3803 !

343 3830 537 3901 Σοφῶς
566 3827 666 3903 γὰρ
698 3826 908 3904 εἴρηκεν
937 3833 1096 3887 αὑτὸν
1125 3835 1414 3908 τυγχάνειν
1446 3830 1614 3898 ὅντως
1652 3835 1848 3908 μῆλον.

344 3920 490 3970 Πᾶσα
524 3917 618 3988 μὲν
651 3919 751 3993 γὰρ
783 3919 858 3983 ὡς
887 3919 1109 3991 ἀληθῶς
1141 3924 1295 3998 ψυχὴ
1326 3926 1360 3993 ἡ
1397 3924 1738 4000 ἀνθρωπίνη,

343 4003 449 4060 Κᾶν
480 4004 696 4080 ἀρεταῖς
727 4007 1024 4084 ὑπεραρθῇ,
1057 4009 1152 4065 κᾶν
1186 4013 1321 4088 πρὸς
1354 4013 1621 4088 ἀγγέλους
1651 4016 1850 4092 φθάσῃ,

339 4095 539 4158 ’Ἄνθος
565 4095 654 4150 καὶ
690 4096 853 4169 μόνον
885 4099 1118 4173 κρίνεται
1149 4101 1240 4155 καὶ
1269 4102 1452 4176 κρίνον
1484 4101 1544 4158 ἐκ
1573 4100 1868 4173 κοιλάδων,

339 4183 450 4271 Τόν
473 4185 717 4259 γεωργὸν
750 4187 814 4241 οὑ
843 4187 1113 4264 τρέφουσα
1139 4191 1365 4265 (βοτάνη
1390 4192 1491 4266 γὰρ
1526 4193 1588 4247 οὗ
1616 4193 1838 4271 τρέφει),

342 4270 493 4327 Ἀλλ’
526 4273 720 4344 έαυτήν
754 4273 1148 4351 λαμπρύνουσα
1174 4284 1256 4353 τῷ
1284 4278 1478 4336 κάλλει
1507 4289 1606 4351 τῆς
1638 4280 1800 4345 ἰδέας.

339 4358 476 4416 Οὑδέ
505 4363 610 4437 γὰρ
644 4364 840 4439 χρῄζει
870 4368 996 4441 παρ’
1025 4369 1188 4439 ἡμῶν
1221 4370 1248 4423 ὁ
1273 4370 1512 4446 γεωργὸς
1543 4369 1864 4445 κερδαίνειν,

336 4450 430 4512 ’Ὡς
459 4451 565 4505 πού
588 4473 748 4530 φησιν
783 4454 810 4508 6
844 4455 1160 4529 Ψαλμῳδὸς
1189 4459 1323 4533 πρὸς
1354 4460 1445 4514 τὸν
1466 4461 1625 4516 αὑτὸν
1648 4461 1906 4533 νυμφίον’

337 4538 422 4600 Ὠς
464 4540 680 4615 ἀγαθῶν
713 4542 773 4597 σὺ
803 4549 911 4600 τῶν
939 4544 1084 4618 ἐμῶν
1119 4545 1238 4602 οὐδ’
1263 4547 1408 4610 ὅλως
1434 4548 1622 4624 χρείαν
1652 4545 1818 4626 ἔχεις.

339 4627 492 4686 Ἀλλ’
524 4632 551 4685 6
581 4633 808 4706 Χριστὸς
839 4635 867 4688 6
895 4637 1135 4710 γεωργὸς
1166 4639 1324 4710 ἡμῶν
1358 4639 1385 4692 ὁ
1415 4638 1503 4692 καὶ
1534 4639 1781 4716 νυμφίος,

338 4719 393 4771 '0
426 4719 603 4793 μῆλον
639 4718 805 4780 ὄντως
833 4724 1072 4799 γεγονὼς
1106 4725 1211 4780 ἀπὸ
1241 4731 1336 4780 τοῦ
1368 4735 1735 4802 σαρκωθῆναι,

338 4808 437 4872 Τὰς
462 4815 606 4884 τρεῖς
633 4808 723 4864 καὶ
754 4812 972 4886 πρώτας
1002 4810 1052 4867 ἐν
1086 4817 1221 4887 ἡμῖν
1255 4814 1528 4886 αἲσθήσεις
1560 4814 1919 4895 ἐπευφραίνει,

338 4898 442 4966 Τὴν
475 4897 683 4972 ὅρασιν,
712 4902 810 4970 τὴν
844 4899 1128 4976 ὄσφρησιν,
1161 4903 1249 4957 καὶ
1280 4902 1516 4977 μάλιστα
1543 4907 1643 4974 τὴν
1672 4911 1869 4982 γεῦσιν·

338 4987 549 5061 Ὠραῖος
578 4988 679 5063 γὰρ
713 4989 786 5050 εἷς
821 4986 1006 5064 ὅρασιν
1035 4991 1111 5054 ὡς
1142 4990 1364 5063 ἀληθῶς
1386 4993 1665 5068 τυγχάνει,

336 5075 394 5132 Ὁ
422 5075 636 5130 πάντων
665 5077 1005 5152 ὡραιότατος
1033 5084 1141 5134 τῶν
1164 5086 1408 5157 γηγενῶν
1430 5082 1728 5154 Δεσπότης,

338 5166 432 5222 Καὶ
464 5164 592 5231 τοὺς
617 5167 856 5242 ὁρῶντας
887 5167 962 5230 εἷς
994 5170 1151 5224 αὑτὸν
1180 5169 1454 5247 ἐργάζεται
1489 5180 1800 5247 φωστῆρας.

333 5250 491 5315 Ἡδύς
522 5275 581 5309 τε
610 5255 744 5328 πρὸς
773 5257 874 5324 τὴν
906 5253 1170 5333 ὄσφρησιν
1199 5259 1461 5335 ὑπάρχων
1496 5260 1670 5336 μύρου
1700 5263 1885 5318 πλέον·

334 5341 408 5398 Τὸ
443 5343 608 5417 μέχρι
637 5344 737 5419 γὰρ
767 5350 864 5399 τοῦ
893 5345 1156 5422 πώγωνος
1186 5350 1312 5423 πρὶν
1346 5345 1668 5405 καταϐαῖνον
1701 5352 1868 5428 μύρον

331 5434 432 5484 Τοῦ
463 5431 696 5507 Ἀαρὼν,
729 5433 888 5495 αὑτός
919 5433 1058 5489 ἐστιν
1093 5436 1120 5490 6
1151 5438 1386 5511 καθαρὸς
1419 5439 1447 5493 6
1480 5439 1734 5517 νυμφίος.

403 5615 597 5689 ιξοαι.
631 5633 686 5689 ν,
715 5617 808 5689 2-2,
838 5618 930 5675 23.

1033 5619 1076 5655 ιθ
1107 5619 1258 5677 Psal.
1289 5637 1429 5689 xvu,
1462 5622 1551 5678 lO.

329 5700 406 5757 vx,
433 5686 525 5744 55.

1655 5624 1698 5658 ³⁷
1730 5623 1885 5681 Psal.
1917 5643 2010 5700 xv,
2040 5631 2092 5683 2.

2823 1771 3017 1827 Pselli.

2172 1967 2288 2023 Has
2317 1968 2523 2025 laudes
2570 1985 2789 2040 sponsa
2836 1985 2966 2026 cum
3017 1969 3358 2037 audivisset,
3390 1966 3751 2040 quibusdam

2100 2057 2230 2129 ipsa
2261 2075 2495 2130 quoque
2525 2075 2811 2131 sponsum
2851 2058 3128 2115 laudibus
3158 2057 3400 2114 extollit.
3438 2055 3751 2110 Dominum

2021 2149 2065 2213 Β
2094 2146 2251 2202 enim
2283 2147 2448 2203 hisce
2494 2148 2688 2203 verbis
2740 2147 3064 2219 alloquitur
3096 2165 3108 2202 :
3140 2147 3295 2203 Sicut
3335 2161 3558 2217 pomum
3606 2144 3752 2197 inter

2101 2238 2259 2308 ligna
2286 2238 2443 2292 silvae
2475 2255 2494 2292 :
2522 2239 2603 2292 sic
2631 2253 2795 2308 nepos
2840 2253 2994 2292 meus
3041 2239 3189 2292 inter
3235 2237 3401 2307 ﬁlios.
3457 2233 3752 2300 Quemad-

2103 2326 2583 2398 modum,inquit,
2616 2324 3748 2394 interomneshominumanimas,quas,

2101 2434 2132 2471 ο
2158 2417 2413 2472 Verbum
2437 2426 2490 2472 et
2512 2433 2744 2489 sponse,
2777 2415 2931 2472 filias
2957 2416 3287 2488 appellasti,
3321 2430 3426 2486 ego
3459 2413 3584 2469 sola
3614 2430 3746 2468 sum

2101 2515 2383 2578 tanquam
2403 2507 2590 2562 lilium
2617 2507 2675 2561 in
2708 2505 3006 2578 germine:
3032 2505 3116 2561 sic
3133 2504 3309 2561 etiam
3333 2509 3393 2559 tu
3418 2520 3631 2560 arcana
3651 2521 3748 2558 ra-

2099 2598 2257 2651 tione
2300 2598 2459 2652 caelos
2481 2598 2778 2666 inclinans,
2810 2601 2868 2652 et
2888 2595 3217 2652 descendens
3256 2595 3302 2631 ¹⁶
3322 2610 3501 2665 super
3528 2597 3746 2649 terram

2098 2687 2158 2741 in
2191 2686 2340 2741 hanc
2373 2687 2549 2741 vitam
2584 2684 2910 2752 mortalem,
2936 2691 2994 2740 et
3018 2701 3252 2740 carnem
3288 2689 3546 2739 nostram
3580 2699 3750 2738 assu-

2103 2792 2286 2841 mens,
2320 2774 2378 2829 in
2414 2775 2517 2828 hac
2549 2773 2695 2828 silva
2721 2777 2777 2828 te
2807 2773 2958 2828 inter
2985 2773 3138 2828 filios
3169 2772 3477 2826 hominum
3511 2772 3746 2841 conspi-

2101 2881 2275 2919 cuum
2309 2863 2934 2934 praebuisti,tanquam
2967 2878 3209 2934 pomum
3241 2859 3658 2916 suavissimum
3694 2870 3749 2914 et

2100 2958 2277 3029 gustu
2297 2953 2820 3023 jucundissimum.
2844 2952 2959 3008 Cur
2979 2956 3176 3007 autem
3201 2951 3459 3005 Verbum
3492 2947 3750 3019 appellat

2101 3059 2342 3114 pomum
2364 3041 2392 3096 ?
2414 3042 2558 3107 Quia
2579 3041 2892 3112 multiplici
2916 3040 3103 3112 gratia
3124 3039 3218 3094 hic
3241 3041 3464 3094 fructus
3495 3042 3584 3092 est
3613 3053 3755 3108 prae-

2100 3132 2279 3188 ditus.
2314 3131 2538 3186 Etenim
2573 3131 2624 3186 si
2656 3134 2802 3185 forte
2833 3147 2866 3185 a
2894 3129 3175 3200 quopiam
3210 3127 3659 3197 comprimatur,
3683 3125 3752 3179 li-

2099 3237 2344 3291 quorem
2376 3220 2760 3290 sanguineum
2791 3224 2849 3274 et
2878 3234 3132 3290 aqueum
3166 3216 3401 3279 emittit,
3421 3221 3480 3270 et
3509 3213 3753 3286 proinde

2097 3308 2295 3364 innuit
2325 3310 2513 3364 fontes
2561 3308 2690 3363 illos
2737 3307 3048 3377 salutares,
3081 3305 3182 3378 qui
3232 3322 3300 3361 ex
3348 3303 3525 3359 latere
3573 3301 3747 3358 Verbi

2098 3405 2154 3453 et
2181 3397 2496 3453 Salvatoris
2525 3401 2894 3453 emanarunt.
2927 3397 2971 3450 Ο
3003 3413 3160 3468 ραι-ιε
3195 3393 3444 3466 Virginis
3487 3391 3749 3463 pruden-

2098 3487 2244 3542 tiam
2276 3485 2680 3542 admirabilem
2708 3485 2720 3539 !
2756 3486 3053 3558 sapienter
3077 3483 3234 3540 enim
3267 3482 3464 3554 ipsum
3489 3496 3623 3536 vere
3652 3496 3749 3551 po-

2099 3593 2263 3632 mum
2297 3577 2442 3631 dixit
2488 3591 2638 3631 esse.
2673 3575 2818 3631 Nam
2851 3575 3046 3630 omnis
3094 3573 3351 3644 profecto
3400 3569 3589 3626 anima
3633 3569 3744 3624 hu-

2099 3663 2441 3734 mana,licet
2460 3663 2745 3718 virtutum
2770 3661 3106 3734 praestantia
3129 3661 3200 3716 ad
3229 3658 3465 3731 angelos
3488 3657 3745 3728 accedat,

2098 3753 2205 3808 ﬂos
2234 3752 2644 3808 tantummodo
2693 3757 2750 3807 et
2782 3751 2971 3807 lilium
3021 3748 3374 3806 convallium
3400 3746 3742 3818 judicatur;

2094 3853 2234 3909 (non
2268 3843 2430 3898 alens
2461 3841 2802 3912 agricolam,
2835 3857 3022 3911 neque
3053 3839 3208 3894 enim
3243 3838 3424 3892 herba
3463 3837 3610 3907 alit),
3643 3837 3746 3891 sed

2095 3947 2157 3986 se
2187 3931 2375 4003 ipsam
2424 3930 2635 4002 speciei
2681 3928 3123 4002 pulchritudine
3172 3941 3481 3981 exornans.
3517 3923 3741 3978 Etenim

2092 4019 2319 4076 lucrum
2367 4037 2434 4075 ex
2466 4019 2634 4075 nobis
2683 4036 2799 4074 non
2833 4018 3043 4090 quaerit
3091 4014 3367 4088 agricola,
3399 4017 3464 4068 ut
3494 4013 3744 4084 quodam

2093 4109 2149 4164 in
2180 4109 2304 4165 loco
2336 4109 2628 4181 sponsum"
2652 4109 2847 4180 ipsum
2883 4103 3481 4178 alloquens,ostendit
3510 4101 3688 4158 David
3724 4119 3737 4157 :

2094 4199 2233 4253 Deus
2259 4199 2474 4270 inquit,
2507 4215 2656 4253 meus
2687 4215 2743 4254 es
2768 4202 2848 4263 tu,
2883 4198 3013 4266 quia
3045 4196 3311 4250 bonorum
3357 4207 3600 4248 meorum
3629 4206 3742 4246 non

2089 4304 2209 4358 eges
2247 4289 2310 4342 ¹“¹.
2343 4292 2417 4342 At
2463 4287 2732 4342 Christus
2789 4284 3045 4358 agricola
3095 4298 3470 4355 sponsusque
3523 4284 3741 4349 noster,

2091 4393 2225 4431 cum
2285 4393 2518 4432 carnem
2580 4376 2904 4430 humanam
2968 4373 3245 4438 induens,
3305 4387 3436 4428 vere
3495 4385 3737 4442 pomum

2089 4466 2360 4536 evaserit,
2420 4471 2537 4521 tres
2595 4469 2827 4518 nostros
2883 4479 3101 4534 eosque
3148 4460 3472 4534 praecipuos
3528 4474 3738 4514 sensus

2089 4553 2360 4622 oblectat,
2384 4555 2597 4621 visum,
2631 4553 2938 4608 odoratum
2961 4557 3138 4622 atque
3159 4551 3217 4604 in
3243 4549 3449 4622 primis
3469 4553 3734 4619 gustum.

2086 4648 2345 4714 Aspectu
2381 4641 2538 4698 enim
2579 4657 2720 4697 sane
2741 4658 2912 4712 quam
2937 4641 3185 4695 decorus
3206 4644 3290 4694 est
3318 4655 3330 4692 :
3356 4637 3569 4708 quippe
3600 4651 3733 4690 cum

2089 4732 2166 4786 sit
2189 4731 2452 4785 omnium
2474 4731 2653 4802 quiin
2678 4735 2832 4786 terra
2855 4729 2977 4785 nati
3004 4734 3145 4785 sunt
3164 4725 3732 4798 “,speciosissimus,

2087 4820 2582 4892 respicientesque
2614 4836 2674 4875 se
2725 4819 3084 4875 clarissimos
3114 4817 3334 4872 reddat.
3370 4813 3598 4870 Olfactu
3629 4830 3734 4868 au-

2011 4898 2056 4962 D
2087 4916 2206 4965 tem
2231 4910 2630 4982 perjucundus
2655 4927 2668 4965 :
2693 4915 2782 4964 est
2804 4909 2960 4964 enim
3004 4911 3302 4978 unguento
3338 4903 3550 4976 plenus
3577 4920 3589 4958 :
3615 4902 3736 4957 imo

2087 5005 2456 5071 unguentum
2523 4999 2719 5070 ipsum
2775 4998 2925 5068 quod
2993 4994 3298 5052 descendit
3363 4995 3422 5047 in
3489 4991 3733 5047 barbam

2083 5091 2273 5144 Aaron
2308 5090 2372 5144 1³.
2415 5088 2662 5144 Gustatu
2714 5103 2847 5141 vero
2905 5101 3085 5157 quam
3134 5082 3522 5139 suavissimus
3557 5097 3570 5137 :
3601 5097 3734 5153 gus-

2083 5179 2349 5234 tantibus
2379 5177 2535 5233 enim
2567 5193 2628 5232 se
2676 5176 2853 5230 vitam
2891 5174 3098 5229 tribuit
3141 5170 3552 5228 immortalem.
3585 5169 3733 5224 Nam

2087 5267 2187 5337 qui
2219 5268 2397 5338 digne
2438 5267 2755 5322 manducet
2801 5280 3014 5336 corpus
3058 5264 3206 5334 ejus,
3257 5262 3383 5333 ipse
3423 5261 3521 5325 ait,
3553 5259 3732 5315 vitam

2084 5375 2218 5413 vere
2264 5362 2536 5412 aeternam
2572 5355 2896 5428 possidebit
2917 5356 2981 5409 9°.
3017 5357 3093 5409 Ac
3134 5355 3205 5422 de
3232 5351 3524 5425 proposito
3556 5351 3733 5422 hujus

2088 5447 2330 5503 carmini
2379 5446 2691 5502 hactenus.
2728 5444 2810 5499 Ad
2843 5442 3071 5515 reliqua
3126 5428 3496 5499 Canticorum
3548 5439 3732 5512 expli-

3483 5621 3530 5656 ²⁰
3556 5620 3726 5676 Joan.

2201 5629 2243 5667 ¹⁸
2274 5627 2424 5684 Psal.
2471 5644 2620 5695 xmv,
2654 5628 2705 5682 3.
2812 5627 2854 5662 ¹⁹
2883 5625 3034 5683 Psal.
3081 5642 3293 5692 cxxxu,
3325 5625 3376 5680 2.
