4040 6146
292 327 414 387 575

1634 326 2058 391 MICHAELIS
2102 326 2378 388 PSELLI

3596 317 3722 381 576

295 461 486 518 canda
540 477 877 535 pergamus.
939 466 1189 538 Sponsa,
1246 465 1317 521 de
1374 465 1564 521 Verbo
1617 464 1834 520 divino.
1888 465 1947 519 In

2082 458 2401 522 έλυκύτατος
2432 457 2533 537 γὰρ
2565 457 2769 537 πέφυκε
2796 456 2887 512 καὶ
2923 454 3158 530 μάλιστα
3182 454 3317 531 πρὸς
3346 456 3554 529 γεῦσιν,

292 551 511 618 umbra,
561 552 775 622 inquit,
828 555 947 624 ejus
990 554 1294 610 desideravi
1337 559 1390 610 et
1436 555 1594 622 sedi,-
1640 558 1691 610 ει
1732 556 1946 625 fructus

291 640 468 695 dulcis
496 642 709 712 gutturi
737 659 875 698 meo.
910 643 1121 715 Hujus,
1152 644 1366 715 inquit,
1398 643 1768 700 admirabilis
1800 643 1948 699 vita-

291 730 487 803 lisque
535 731 695 804 pomi
742 749 1145 803 saspenumero
1192 734 1464 789 umbram
1515 734 1775 806 aspicere
1819 748 1951 788 con-

294 820 511 891 eupivi,
562 837 697 877 cum
751 823 924 877 ardor
979 823 1377 879 tentationum
1434 839 1528 878 me
1579 823 1954 878 vehementer

297 913 583 963 exureret.
612 911 684 964 At
713 925 845 965 ecce
892 910 950 965 in
985 927 1052 966 ea
1091 912 1217 981 jam
1269 912 1572 966 confidens
1604 910 1865 966 oblector
1893 912 1952 963 et

294 996 544 1068 gaudeo,
606 1002 783 1069 atque
842 999 1109 1054 ardorem
1193 999 1584 1055 tentationum
1646 997 1875 1054 declino
1937 1013 1951 1053 :

300 1086 781 1158 quandoquidem
834 1105 926 1142 me
958 1088 1017 1143 in
1072 1089 1348 1143 omnibus
1381 1088 1677 1143 mandatis
1724 1086 1953 1141 Domini

300 1173 967 1242 meditantem,‘Verbum
1002 1193 1067 1231 ac
1090 1194 1344 1248 sponsus
1372 1194 1541 1233 meus
1572 1176 1955 1231 dulcissimus

303 1263 519 1320 divinis
552 1265 676 1320 suis
703 1265 1065 1321 obumbrans
1099 1265 1227 1330 alis,
1264 1265 1464 1337 procul
1517 1265 1725 1320 avertit
1768 1269 1953 1320 tenta-

300 1356 533 1413 tionum
568 1354 740 1410 faces.
797 1359 928 1411 Haec
983 1371 1115 1411 cum
1146 1353 1324 1414 veluti
1373 1355 1710 1410 laetabunda
1761 1357 1957 1425 protu-

300 1446 488 1513 lisset,
524 1444 595 1499 ad
614 1445 836 1500 amicos
860 1444 1060 1517 sponsi
1088 1444 1373 1500 convertit
1395 1457 1722 1500 sermonem
1755 1459 1953 1509 suum,

302 1533 693 1603 hortaturque
711 1532 938 1598 illos,ut
955 1533 1426 1605 progrediamur,
1459 1538 1515 1589 et
1539 1533 1611 1588 ad
1634 1532 1956 1588 formosum

303 1638 591 1695 sponsum
625 1626 955 1678 accurrant.
988 1623 1093 1678 Sed
1153 1623 1329 1677 verba
1385 1623 1574 1694 ipsius
1623 1621 1765 1677 mihi
1816 1623 1957 1676 sunt

303 1713 685 1785 expendenda
718 1731 732 1768 :

383 2502 714 2559 lntroducite
758 2519 848 2557 me
878 2504 939 2558 in
985 2504 1181 2559 cellam
1232 2505 1512 2560 vinariam
1547 2522 1565 2559 :
1595 2507 1853 2563 ordinate
1902 2510 1963 2563 in

309 2592 399 2631 me
425 2576 776 2630 charitatem.
810 2575 1015 2631 Fulcilc
1043 2592 1131 2631 me
1158 2580 1455 2647 unguentis
1474 2594 1493 2632 :
1522 2580 1722 2649 stipata
1770 2596 1855 2636 me
1902 2583 1961 2635 in

307 2649 506 2721 pomis,
538 2650 799 2718 quoniam
826 2663 924 2717 ego
953 2663 1149 2703 amore
1177 2663 1298 2702 sum
1327 2649 1641 2704 vulnerata.

385 2823 493 2879 Siti
526 2839 758 2895 urgeor,
790 2823 1007 2895 inquit,
1038 2825 1109 2880 ad
1142 2842 1428 2896 sponsum
1482 2842 1702 2888 meum.
1734 2829 1805 2882 ad
1837 2829 1966 2884 vitae

316 2912 549 2968 botrum
582 2911 748 2967 illum
801 2917 1099 2967 maturum
1149 2919 1326 2984 atque
1374 2915 1656 2984 divinum,
1692 2933 1794 2988 per
1834 2934 1968 2973 cru-

317 3001 403 3058 cis
462 3004 712 3058 mortem
772 3000 1080 3057 dulcedine
1139 3003 1434 3059 ﬂuentem.
1469 3004 1861 3068 Quamobrem
1904 3006 1966 3061 in

316 3093 498 3163 hujus
555 3089 761 3146 cellam
821 3107 911 3145 me
967 3108 1201 3163 quoque
1255 3094 1625 3164 introducite,
1683 3098 1767 3164 ut,
1826 3111 1970 3168 pure

2059 551 2147 612 Ὠς
2177 550 2279 618 τὴν
2313 549 2455 618 ζωὴν
2484 549 2575 603 τὸν
2611 545 2853 618 ἄληκτον
2884 542 3066 607 διδοὺς
3096 549 3210 606 τοῖς
3236 541 3614 618 γευσαμένοις·

2057 640 2120 695 Ὀ
2150 639 2372 713 τρώγων
2397 638 2523 713 γάρ,
2556 638 2719 716 φησὶν
2762 635 2944 704 αὐτὸς,
2972 639 3131 707 σῶμα
3160 632 3367 706 τούμὸν
3400 631 3590 703 ἀξίως,

2061 729 2228 790 Αὐτὸς
2259 724 2511 803 κερδήσει
2537 729 2637 797 τήν
2673 727 2817 795 ζωὴν
2848 726 2946 793 τὴν
2975 720 3146 785 ὅντως
3178 722 3430 780 αἰωνίαν.

2060 818 2316 893 Ἀρκοῢσι
2344 820 2509 870 ταῦτα
2528 816 2607 887 τῷ
2641 818 2829 886 σκοπῷ
2855 813 2944 868 καὶ
2977 810 3132 886 λόγῳ
3164 815 3244 884 τῷ
3270 816 3367 865 τοῦ
3402 809 3634 883 μέλους,

2058 906 2128 960 Τὸ
2152 910 2260 959 τῶν
2290 906 2577 976 ’ᾼσμάτων
2612 901 2669 958 δὲ
2698 902 2893 959 λοιπὸν
2922 900 3111 962 καλῶς
3143 899 3529 975 ἐρμηνευτὲον·

2063 994 2237 1064 Φησὶν
2269 996 2303 1062 ἡ
2337 993 2521 1069 νύμφη
2554 993 2778 1061 καθεξῆς
2810 990 2933 1064 περὶ
2962 995 3061 1045 τοῖ’)
3093 989 3235 1044 θείου
3263 989 3466 1062 Λόγουο

2063 1086 2148 1140 Ἐν
2182 1086 2250 1157 τῇ
2278 1086 2399 1152 σκιᾷ
2428 1081 2590 1136 αὐτοῦ
2620 1080 2939 1153 ἐπεθύμησα
2962 1081 3051 1132 καὶ
3081 1076 3319 1133 ἐκάθισα.

2066 1173 2164 1229 Καὶ
2196 1173 2223 1226 6
2254 1173 2460 1245 καρπὸς
2490 1171 2652 1225 αὐτοῦ
2682 1169 2883 1244 γλυκὺς
2915 1167 2965 1223 ἐν
2998 1172 3078 1239 τῷ
3108 1165 3340 1241 λάρυγγί
3378 1187 3507 1237 μου.

2059 1260 2262 1315 Τούτου
2294 1261 2425 1337 φησὶ
2453 1263 2549 1314 τοῦ
2589 1261 2901 1331 θαυμαστοῦ
2931 1256 3021 1311 καὶ
3056 1256 3347 1329 ζωηφόρου
3382 1252 3573 1327 μήλου

2066 1348 2345 1411 Πολλάκις
2376 1347 2691 1420 ἐπεθύμησά
2720 1367 2825 1400 που
2854 1346 2951 1414 τὴν
2984 1346 3135 1400 σκιάν
3165 1338 3540 1418 προσϐλέψαι,

2062 1442 2228 1497 ’Όταν
2260 1442 2294 1507 ἡ
2329 1437 2464 1515 φλὸξ
2494 1442 2601 1491 τῶν
2630 1440 2948 1510 πειρασμῶν
2980 1431 3189 1512 σφόδρα
3218 1430 3511 1510 κατέφλεξὲ
3546 1452 3639 1505 με.

2066 1527 2223 1583 Ἀλλ’
2254 1526 2372 1582 ἰδοὺ
2404 1527 2495 1580 νῦν
2526 1525 2764 1592 ἒκάθισα,
2798 1522 2887 1579 καί
2918 1523 3211 1597 τέρπομαι,
3242 1522 3331 1577 καὶ
3361 1521 3543 1597 χαίρω

2066 1618 2169 1674 Καὶ
2197 1617 2287 1671 τὸν
2322 1616 2571 1694 φλογμὸν
2607 1613 2858 1692 ἑξὲφυγον
2890 1613 2982 1668 τὸν
3010 1617 3120 1667 τῶν
3155 1610 3542 1686 πειρατηρίων,

2065 1706 2168 1764 Καὶ
2207 1704 2417 1780 μελετῶ
2447 1705 2539 1767 τὰς
2571 1702 2793 1763 ἐντολὰς
2823 1703 3031 1764 ἁπάσας
3060 1705 3158 1756 τοῦ
3189 1701 3414 1776 Κυρίου,

2063 1795 2295 1853 Ὁπόταν
2330 1795 2358 1849 ὁ
2386 1792 2722 1869 γλυκύτατος
2750 1792 2779 1846 6
2812 1792 2988 1867 Λόγος
3016 1792 3109 1845 καὶ
3140 1789 3395 1868 νυμφίος,

2067 1883 2405 1958 Κατασκιάσῃ
2432 1882 2522 1937 καὶ
2552 1881 2717 1950 αὐτὴν
2750 1885 2869 1945 ταῖς
2897 1880 3116 1956 πτέρυξι
3144 1885 3263 1942 ταῖς
3296 1878 3489 1947 θείαις,

2067 1972 2424 2048 ’Δποτειχίσῃ
2462 1969 2520 2027 δὲ
2552 1970 2759 2046 μακράν
2791 1974 2889 2025 τοτὶ
2918 1973 3224 2046 πειρασμοῦ
3254 1970 3353 2038 τήν
3386 1966 3588 2046 φλόγα.

2063 2066 2237 2118 Ταῦτα
2272 2063 2366 2135 μὶν
2395 2059 2569 2122 οὕτως
2600 2058 2812 2135 εἷ’ρηκιν
2839 2058 3020 2134 ὥσπερ
3046 2055 3468 2133 ἰγκαυχωμὲνη.

2068 2149 2380 2227 Ηαρακαλεῖ
2413 2147 2470 2204 δὲ
2498 2149 2727 2219 καθεξῆς
2756 2147 2883 2209 τοὺς
2915 2147 3109 2223 φίλους
3132 2151 3227 2201 τοῦ
3248 2145 3509 2224 νυμφίου,

2068 2243 2187 2298 Ἒτι
2215 2238 2486 2314 προκόψαι
2514 2239 2603 2293 καὶ
2635 2235 2859 2311 δραμεῖν
2891 2237 3027 2308 πρὸς
3054 2237 3146 2292 τὸν
3176 2234 3343 2292 καλὸν
3373 2233 3635 2312 νυμφίον.

2072 2329 2217 2401 Φησὶ
2245 2329 2344 2405 γὰρ
2376 2326 2523 2382 οὓτω
2552 2327 2688 2403 πρὸς
2718 2326 2931 2388 αὐτούς.
2962 2324 3141 2381 Ἀλλά
3174 2345 3266 2398 μοι
3291 2323 3617 2394 σκοπητὲον·

2143 2505 2210 2563 Ε”
2331 2508 2341 2525 ’
2449 2506 2459 2525 '
2655 2504 2672 2559 ἶ
2784 2505 2812 2543 τ
3010 2507 3036 2518 ⁴
3099 2501 3125 2556 ’ί
3311 2504 3342 2557 ἆ
3557 2504 3571 2530 ’
3632 2499 3647 2519 ’

2159 2578 2166 2582 _
2194 2526 2466 2582 ισαγαγετε
2488 2526 2579 2582 ’με
2605 2527 2651 2582 ἐ
2680 2526 2703 2567 ς
2757 2524 2911 2582 οχον.
2945 2524 3041 2558 του
3073 2525 3100 2559 o
3128 2524 3256 2582 von,
3275 2524 3304 2557 τ
3346 2503 3465 2582 ξατε
3491 2501 3558 2582 ἐπ
3628 2501 3737 2582 εμὲ

2074 2570 2308 2653 ἀγάπην,
2340 2570 2622 2653 στηρίξατε
2665 2597 2733 2653 με
2763 2576 2814 2653 ἐν
2844 2574 3058 2653 μύροις,
3106 2570 3391 2630 medea-ie
3424 2594 3491 2647 με
3521 2573 3573 2628 ἐν
3613 2570 3734 2645 μη-

2076 2646 2336 2719 161:,6'11
2366 2646 2680 2726 τετρωμένη
2710 2646 2928 2723 ἀγάπης
2952 2646 3078 2722 ἐγώ.

2078 2828 2242 2899 Φησί·
2278 2826 2428 2901 Δίψῶ
2458 2827 2555 2896 τὴν
2588 2826 2875 2901 προκοπὴν
2905 2826 3005 2895 τὴν
3041 2824 3116 2887 ὡς
3147 2824 3284 2900 πρὸς
3328 2823 3419 2878 τὸν
3469 2822 3736 2899 νυμφίον,

2074 2918 2172 2971 Τὸν
2202 2916 2395 2991 βότρυν
2426 2915 2569 2991 λέγω
2598 2922 2696 2985 τῆς
2729 2920 2898 2985 ζωῆς,
2926 2916 3018 2970 τὸν
3051 2914 3331 2989 πέπειρον,
3362 2913 3453 2967 τὸν
3487 2913 3656 2979 θεῖον,

2077 3007 2184 3064 Τὸν
2217 3003 2446 3079 γλεῦκος
2480 3004 2848 3072 ἀποστάζοντα
2870 3008 2948 3075 τῷ
2978 3006 3251 3076 σταυρικῷ
3282 3004 3509 3073 θανάτῳ.

2081 3094 2179 3152 Καὶ
2207 3093 2382 3149 τοίνυν
2415 3092 2726 3168 εἷ’σαγάγετε
2752 3092 2893 3164 κάμὲ
2920 3092 3057 3165 πρὸς
3086 3092 3232 3145 οἶκον
3258 3091 3476 3156 τούτου,

317 3184 521 3256 sponsi
566 3181 1066 3253 pulchritudinem
1120 3183 1476 3255 conspicata,
1504 3186 1722 3241 amoris
1772 3186 1966 3257 ignem

2082 3186 2167 3248 Ὠς
2194 3183 2253 3237 ἃν
2287 3181 2476 3237 ἰδοῦσα
2503 3183 2752 3256 καθαρῶς
2784 3182 2845 3235 τὸ
2874 3178 3084 3242 κάλλος
3116 3183 3211 3235 τοῦ
3240 3180 3502 3256 νυμφίου,

314 3289 454 3346 erga
499 3271 667 3326 illum
718 3271 1063 3343 adaugeam.
1116 3272 1317 3327 Adhuc
1360 3279 1559 3329 autem
1592 3278 1649 3329 et
1696 3274 2001 3346 supplico.

315 3366 381 3418 ut
412 3360 638 3431 majora
683 3376 1058 3431 consequar:
1094 3360 1221 3417 Haec
1264 3362 1423 3418 enim
1475 3362 1545 3418 ad
1601 3362 1841 3434 angelos
1887 3361 1969 3417 lo-

316 3449 523 3522 quitur
552 3466 567 3503 :

390 3696 599 3753 Fulcite
628 3710 714 3751 me
741 3697 1041 3765 unguentis
1070 3713 1084 3753 :
1115 3698 1312 3768 stipata
1344 3714 1429 3754 me
1453 3698 1513 3752 in
1543 3700 1738 3771 pomis.

394 3875 661 3944 Quando,
692 3873 903 3947 inquit,
937 3873 1139 3930 dilexit
1164 3891 1257 3931 me
1278 3876 1567 3947 abjectam
1590 3878 1975 3934 admirandus

321 3966 421 4022 ille
433 3964 771 4021 etmetuend
782 3981 850 4020 us
862 3967 1036 4035 atque
1049 3963 1468 4036 pulcherrimus
1482 3968 1833 4039 sponsus,ad
1848 3969 1975 4039 ejus

326 4070 422 4110 me
449 4052 920 4123 charitatem,vos
950 4052 1051 4124 qui
1083 4053 1254 4109 Verbi
1288 4058 1344 4109 et
1374 4056 1572 4126 sponsi
1606 4056 1777 4112 amici
1809 4056 1975 4123 estis,

324 4141 596 4197 incitate:
626 4141 725 4212 qui
742 4141 905 4211 prius
924 4140 1067 4196 mihi
1087 4142 1851 4210 adhibuistisaurum,nunc
1873 4162 1977 4201 au-

325 4234 444 4285 tem
467 4228 741 4285 adhibete
765 4234 1218 4304 unguenta,qua3
1239 4248 1471 4288 omnem
1486 4234 1977 4290 arceanttetorem

328 4318 571 4390 peccati,
596 4333 669 4371 ne
696 4316 950 4388 amplius
974 4319 1238 4375 aberrem
1264 4326 1367 4376 aut
1386 4338 1594 4377 rursus
1616 4338 1647 4377 e
1678 4323 1768 4377 via
1797 4322 1978 4378 decli-

326 4407 579 4464 nem.Tu
603 4423 736 4462 vero
756 4422 857 4477 per
876 4408 1199 4464 amicorum
1226 4417 1525 4482 unguenta
1544 4411 1792 4468 virtutes
1809 4411 1977 4467 intel-

325 4496 463 4569 lige.
496 4495 609 4551 Sed
641 4496 835 4567 pomis
887 4502 1167 4568 praeterea
1213 4499 1437 4572 ﬂagitat
1479 4504 1546 4556 ut
1593 4500 1977 4573 constipatur.

2080 3273 2159 3330 Τὸ
2193 3273 2438 3345 ζώπυρον
2472 3270 2688 3341 αὑξῆσω
2722 3291 2827 3343 μου
2850 3273 2950 3339 τῆς
2977 3269 3115 3345 πρὸς
3144 3269 3302 3324 αὐτὸν
3339 3268 3571 3341 ἀγάπης.

2074 3364 2195 3418 ’Ἐτι
2231 3359 2288 3416 δὲ
2316 3358 2481 3415 πάλιν
2511 3358 2745 3414 δυσωπῶ
2773 3364 2961 3435 τυχεῖν
2992 3363 3099 3414 τῶν
3137 3358 3488 3433 μειζοτὲρων.

2075 3447 2214 3505 Τάδε
2240 3451 2342 3526 γὰρ
2404 3447 2548 3525 λέγει
2605 3448 2742 3525 πρὸς
2800 3447 3017 3517 αὐτοὺς,
3073 3446 3318 3502 τουτέστι
3372 3445 3501 3506 τοὺς
3561 3442 3740 3517 ἀγγὲ-

3552 3529 3737 3606 [λους⁶

2154 3696 2449 3775 Στηρίξατέ
2509 3719 2576 3772 με
2628 3698 2681 3752 ἐν
2746 3695 2981 3771 μύροις,
3040 3690 3327 3750 στιϐάσατέ
3386 3715 3454 3768 με
3511 3692 3560 3747 ἐν
3623 3693 3739 3765 μή·

2082 3790 2229 3851 λοις.

2081 3878 2257 3948 Ἐπεὶ,
2289 3876 2475 3955 φησὶν,
2508 3876 2789 3949 ἠγάπησεν
2823 3873 2921 3946 ἐμὶ
2948 3874 3047 3941 τὴν
3080 3869 3410 3944 ἀπωσμένην

2079 3969 2140 4025 Ὀ
2171 3968 2499 4037 θαυμαστὸς,
2534 3964 2561 4018 6
2593 3958 2845 4041 φοϐερὸς,
2878 3963 2906 4016 6
2934 3958 3232 4021 κάλλιστος
3261 3958 3521 4037 νυμφίος,

2086 4054 2379 4131 Στηρίξατέ
2414 4074 2480 4127 με
2506 4054 2569 4107 τὸ
2600 4051 2794 4107 λοιπὸν
2829 4051 2982 4123 ὑμεῖς
3016 4049 3068 4104 οἱ
3097 4050 3292 4103 τούτου
3325 4045 3504 4124 φίλοι,

2086 4146 2230 4220 Πρὸς
2258 4145 2355 4212 τὴν
2389 4142 2599 4218 ἀγάπην
2632 4141 2730 4209 τήν
2765 4136 2927 4195 αὐτου
2957 4143 3053 4193 τοῦ
3097 4136 3277 4212 Λόγου
3317 4136 3405 4191 καὶ
3452 4134 3725 4211 νυμφίου*

2085 4239 2289 4309 ’Ὠσπερ
2326 4254 2418 4307 μοι
2449 4232 2708 4307 πρότερον
2742 4231 2944 4306 χρυσὸν
2969 4226 3329 4288 ἀντιδιδόντες
3364 4226 3530 4301 μύρα,

2086 4326 2161 4378 Τά
2189 4324 2366 4394 πάσης
2399 4322 2765 4396 ἀποτρεπτικὰ
2796 4316 3076 4379 δυσώδους
3109 4316 3397 4392 ἁμαρτίας,

2087 4415 2178 4476 Ὠς
2208 4412 2265 4467 ἂν
2303 4409 2495 4485 μηκέτι
2528 4407 2795 4480 πλανηθῶ
2820 4408 2908 4463 καὶ
2939 4404 3287 4482 παρεκκλίνω
3316 4403 3507 4460 πάλιν.

2094 4500 2168 4557 Σὺ
2201 4499 2247 4555 δ’
2279 4500 2469 4576 ἀρετὰς
2498 4498 2753 4568 ἐννοήσον
2782 4498 2849 4551 τά
2881 4495 3025 4572 μύρα
3052 4494 3118 4549 τὰ
3139 4492 3246 4550 τῶν
3280 4491 3476 4569 φίλων.

327 4586 566 4641 Amicos
595 4585 751 4640 enim
784 4584 1106 4657 alloquitur
1135 4587 1354 4653 anima,
1388 4590 1562 4645 modo
1584 4594 1649 4645 ut
1677 4607 1896 4662 sponsa
1926 4595 1968 4646 et

2091 4588 2246 4647 Ἀλλ’
2276 4590 2355 4643 ὶτι
2385 4586 2552 4644 πάλιν
2585 4585 2809 4661 λιπαρεῖ
2836 4590 2953 4648 τοῖς
2978 4583 3179 4657 μήλοις
3213 4577 3590 4650 στιϐασθῆναι.

325 4674 491 4746 virgo
539 4673 901 4746 nuptialibus
947 4676 1309 4731 vestimentis
1358 4684 1675 4735 exornata:
1711 4679 1884 4735 modo
1916 4683 1981 4734 ut

326 4762 517 4819 lectus
548 4780 689 4819 auro
711 4763 1036 4837 spendidus
1063 4789 1077 4831 ;
1102 4765 1275 4820 modo
1300 4767 1644 4823 utdivinum
1668 4768 1978 4824 solium.In

328 4869 447 4908 una
466 4852 623 4907 enim
646 4853 904 4924 profecto
925 4853 1247 4924 eademque
1268 4854 1466 4909 anima
1489 4855 1808 4927 purissima
1825 4856 1983 4911 Chri-

329 4945 459 4997 stus
486 4946 545 4996 et
572 4958 827 5013 sponsus
858 4957 1016 4997 nunc
1046 4939 1478 5013 quiescit,nunc
1508 4944 1867 5011 ambulat,et
1886 4961 1980 5001 se-

329 5030 432 5085 det
451 5029 1189 5102 saepissimeﬂuaequidem
1212 5031 1412 5087 omnia
1431 5032 1649 5088 indicat
1668 5050 1978 5105 pomorum

330 5117 703 5188 constipatio.
738 5120 984 5175 Prorsus
1014 5122 1202 5174 autem
1233 5119 1442 5191 ﬂagrat
1472 5137 1690 5191 sponsa
1712 5138 1777 5177 ac
1809 5122 1983 5194 plane

331 5205 498 5261 ardet
528 5206 817 5263 desiderio
848 5207 1073 5279 sponsi,
1106 5208 1205 5280 qui
1239 5208 1454 5264 dicitur
1486 5226 1727 5281 pomum
1753 5227 1783 5266 e
1814 5211 1980 5283 silva,

330 5293 793 5364 cupitqueillum
836 5313 1064 5368 semper
1084 5296 1205 5351 hac
1245 5296 1356 5352 sibi
1380 5312 1509 5353 esse
1531 5299 1748 5364 omnia,
1783 5300 1981 5355 cibum

332 5383 713 5455 deliciasque,
738 5390 794 5441 et
813 5387 1173 5453 umbram,et
1203 5387 1601 5458 stipationem,
1626 5393 1684 5445 et
1710 5395 1930 5445 tectum
1966 5409 1980 5448 :

334 5476 833 5546 quemadmodum
860 5481 913 5531 et
936 5477 1066 5548 ipsa
1086 5493 1223 5549 erga
1241 5476 1409 5532 illum
1435 5476 1555 5532 haec
1577 5482 1665 5534 est
1687 5481 1981 5536 universa:

336 5578 554 5636 sponsa
603 5564 909 5632 nimirum,
941 5570 999 5620 et
1041 5566 1232 5631 sedes,
1275 5569 1332 5620 et
1382 5565 1594 5629 cubile.
1646 5572 1703 5623 et
1750 5572 1981 5625 domus.

335 5659 480 5710 Tum
510 5653 762 5711 assiduae
796 5651 1327 5726 ﬂagitationisjsuaa
1360 5671 1596 5713 causam
1630 5659 1854 5730 angelis
1885 5675 1985 5716 ex-

2087 4680 2229 4736 Ιὶοτὶ
2262 4679 2356 4751 μὶν
2388 4678 2491 4752 γάρ
2520 4674 2853 4751 προσομιλεῖ
2875 4678 2991 4735 τοῖς
3025 4672 3228 4751 φίλοις,
3263 4672 3444 4745 ὥσπερ
3478 4669 3693 4746 νύμφη,

2083 4771 2146 4826 Ἠ
2178 4764 2575 4843 παρθενεύουσα
2604 4765 2757 4839 ψυχὴ
2791 4762 2879 4817 καὶ
2912 4758 3464 4840 νυμφοστολουμὲνη.

2089 4858 2228 4913 Ilo-ce
2259 4854 2305 4911 δ’
2337 4857 2411 4916 ὡς
2441 4852 2603 4923 κλίνη
2639 4852 2971 4928 χρυσαυγὴς,
3002 4851 3135 4905 ποτὶ
3166 4846 3212 4903 δ’
3243 4849 3319 4911 ὡς
3351 4850 3496 4909 θεῖος
3525 4847 3742 4921 θρόνος.

2090 4947 2191 5001 Καὶ
2224 4945 2327 5020 γὰρ
2362 4944 2435 5004 ὡς
2469 4937 2637 4997 ὅντως
2673 4940 2724 4995 ὶν
2761 4945 2861 5013 μιᾷ
2889 4942 3043 5015 ψυχῇ
3073 4936 3452 5012 καθαρωτάτη,

2089 5034 2224 5090 Νυνὶ
2255 5033 2351 5104 μὲν
2390 5028 2730 5086 ἀνακλίνεται
2761 5030 2991 5105 Χριστὸς
3023 5029 3051 5083 6
3081 5026 3170 5083 καὶ
3198 5024 3454 5103 νυμφίος·

2089 5122 2220 5177 Νυνὶ
2252 5118 2310 5176 δὲ
2338 5124 2643 5196 περιπατεῖ,
2675 5118 2764 5173 καὶ
2797 5118 3025 5189 κάθηται
3057 5115 3354 5176 πολλάκις.

2090 5214 2261 5268 Ἀπαν
2296 5206 2353 5263 δὲ
2381 5206 2545 5262 τοῦτο
2576 5209 2806 5285 πέφυκεν
2844 5208 2871 5261 ὁ
2904 5201 3203 5278 στιϐασμὸς
3232 5208 3339 5258 τῶν
3373 5200 3594 5277 μήλων.

2092 5306 2259 5363 Ιιοθεῖ
2288 5299 2376 5353 καὶ
2405 5296 2661 5375 φλέγεται
2693 5295 2879 5359 καλῶς
2909 5299 2943 5365 ἡ
2983 5296 3168 5370 νύμφη
3203 5298 3282 5365 τῷ
3321 5294 3561 5371 νυμφίῳ·

2090 5395 2279 5451 ’Ὀστις
2304 5390 2393 5444 καὶ
2429 5388 2606 5461 μῆλον
2640 5388 2851 5463 λέγεται
2883 5388 3040 5467 φανὶν
3072 5386 3129 5442 ἰκ
3156 5391 3253 5441 τοῦ
3285 5382 3594 5461 δρυμῶνος,

2093 5479 2190 5533 Καὶ
2220 5478 2363 5542 θὲλει
2394 5483 2586 5533 τοῦτον
2620 5479 2862 5553 γενέσθαι
2891 5477 3120 5532 πάντοτε
3147 5480 3315 5531 ταῦτα
3344 5476 3539 5543 πάντα,

2093 5570 2315 5646 Τροφὴν
2370 5569 2577 5646 τρυφήν
2634 5589 2693 5623 τε
2766 5568 2856 5623 καὶ
2924 5568 3075 5622 σκιάν
3132 5566 3225 5621 καὶ
3282 5559 3579 5637 στιϐασμὸν
3638 5568 3743 5632 τῆς

3497 5649 3743 5727 [στέγης
