4040 6146
321 369 448 425 577

319 500 527 572 Ὠσπερ
558 495 781 565 κάκείνη
813 494 1015 569 γίνεται
1049 492 1329 567 ξύμπαντα
1356 493 1494 568 πρὸς
1525 490 1754 561 ἐκεῖνον,

324 585 553 660 Νύμφη,
586 585 674 640 καὶ
704 583 916 658 θρόνος,
948 584 1037 638 καὶ
1070 582 1352 657 στρωμνὴ,
1384 585 1474 637 καὶ
1506 579 1672 637 πάλιν
1710 580 1979 638 κατοικία.

329 677 463 734 Εἶτά
493 696 627 754 φησι
658 675 796 749 πρὸς
822 672 949 735 τοὺς
982 671 1176 737 αὐτοὺς
1204 670 1468 748 ἀγγέλους
1498 673 1596 742 τήν
1627 670 1822 740 αἰτίαν,

328 768 445 836 Τῆς
479 761 877 839 παρακλήσεως
909 761 1073 831 αὐτῆς
1102 769 1201 831 τῆς
1234 766 1492 837 συνεχοῦς
1521 762 1658 835 πρὸς
1685 761 1932 833 τούτους,

330 858 453 913 ’Ὁτι
483 853 795 930 τετρωμὲνη
844 851 1053 926 ἀγάπης
1102 850 1229 927 ἐγώ.
1284 852 1423 926 Ἐγὼ
1472 851 1637 923 φησὶν
1687 849 1986 905 ἰκδυσωπῶ

1355 941 1474 1013 [τήν
1509 940 1766 1013 ὑμετέραν
1799 938 1983 1015 χάριν,

336 1033 442 1102 Τὴν
476 1033 667 1106 στέγην
701 1029 837 1101 ὅλην
866 1051 976 1103 μου
1005 1026 1189 1091 καλῶς
1224 1026 1277 1083 ἐν
1314 1026 1515 1101 μήλοις
1547 1023 1922 1098 στιϐασθῆναι,

336 1122 453 1176 Ὅτι
480 1126 559 1193 τῷ
592 1118 738 1197 βέλει
768 1118 1046 1194 τέτρωμαι
1075 1123 1153 1191 τῷ
1180 1124 1280 1187 τῆς
1310 1118 1524 1194 ἀγάπης
1554 1117 1769 1174 τούτου.

336 1208 579 1284 Ἀγάπην
606 1208 788 1264 τοίνυν
822 1209 1016 1279 νόησον
1044 1208 1139 1262 τὸν
1167 1203 1402 1281 ἄναρχον
1436 1204 1663 1282 Πατίρα,

332 1297 432 1353 Καὶ
468 1297 629 1375 βέλος
660 1294 833 1358 ὅντως
865 1294 950 1352 ἐκ)
967 1296 1117 1351 εκτὸν
1150 1295 1242 1350 τὸν
1275 1294 1450 1371 Λόγον
1482 1294 1570 1349 καὶ
1601 1294 1854 1371 νυμφίον·

328 1391 528 1444 Τοῦτον
562 1386 666 1464 γὰρ
697 1385 932 1461 πέμπειν
968 1383 1153 1451 εἶ’ωθεν
1187 1382 1274 1441 ἐπὶ
1304 1385 1431 1447 τοὺς
1464 1385 1829 1459 σωζομένους.

910 1503 1034 1558 Τῶν
1064 1506 1110 1575 γ’
1143 1500 1395 1573 Ηατὲρων

404 1607 563 1667 Οὕτω
624 1609 720 1682 μὶν
779 1609 814 1677 ἡ
865 1605 1050 1684 νύμφη
1107 1610 1203 1661 τοῦ
1251 1605 1490 1684 νυμφίου
1537 1606 1600 1661 τὸ
1629 1605 1857 1675 κάλλος,
1888 1607 1988 1676 τήν

330 1694 590 1766 εὐωδίαν,
640 1698 740 1766 τὴν
796 1695 1022 1766 σκέπην,
1072 1695 1174 1763 τήν
1223 1692 1540 1769 γλυκύτητα
1580 1699 1986 1768 καταμαθοῦσα,

332 1786 691 1861 ἀνακηρύττιι
766 1783 895 1841 τάδε
981 1784 1058 1847 εἷς
1147 1780 1417 1838 διακονίαν
1514 1781 1983 1857 ἀποστελλόμενα.

1378 357 1788 422 ΟΟΜΜΕΝΤ.
1838 358 1915 419 ΙΝ
1960 357 2365 421 CANTICUM
2411 358 2714 420 CANTIC.

2011 502 2063 569 Α
2098 492 2324 562 plicans
2358 512 2370 550 :
2404 495 2522 567 Ego
2547 495 2727 560 enim,
2780 492 2995 563 inquit,
3046 508 3239 547 amore
3284 509 3407 548 sum
3466 497 3744 550 sauciata.

3623 362 3742 421 578

2094 583 2213 655 Ego
2245 588 2494 639 vestram
2529 599 2696 655 opem
2732 582 3003 655 imploro.
3034 581 3241 637 Totam
3273 582 3514 638 domum
3553 598 3743 639 meam

2095 673 2287 743 pomis
2317 672 2635 743 constipari
2683 672 2898 743 cupio:
2933 671 3213 743 quoniam
3264 672 3479 743 sagitta
3528 672 3747 729 amoris

2093 759 2268 817 istius
2318 762 2545 817 conﬁxa
2592 778 2747 816 sum.
2780 764 2889 816 Per
2913 776 3173 816 amorem
3204 760 3463 833 intellige
3497 765 3745 833 Patrem,

2098 850 2197 921 qui
2227 850 2454 905 nullum
2489 851 2662 905 habet
2694 850 3047 921 principium
3076 868 3089 917 ;
3142 866 3245 922 per
3288 849 3560 923 sagittam
3609 866 3747 906 vero

2095 938 2363 1007 electam,
2416 938 2670 994 Verbum
2722 946 2779 994 et
2823 956 3133 1010 sponsum.
3167 939 3333 995 Hunc
3363 939 3523 995 enim
3554 941 3613 995 in
3646 955 3746 996 eos

2095 1026 2197 1100 qui
2229 1028 2554 1099 salvantur,
2585 1028 2870 1099 conjicere
2900 1028 3224 1085 consuevit.

2680 1500 2865 1555 Trium
2895 1501 3145 1557 Patrum.

2168 1611 2254 1664 Ita
2285 1606 2523 1681 quidem
2549 1623 2768 1679 sponsa
2797 1606 3092 1679 cognitam
3120 1606 3324 1679 sponsi
3357 1606 3746 1679 pulchritudi-

2097 1712 2257 1765 nem,
2306 1696 2679 1763 suavitatem,
2728 1696 2992 1762 domum,
3024 1695 3396 1752 dulcedinem
3447 1699 3746 1769 praedicat.

2096 1786 2392 1840 Ministros
2424 1788 2618 1840 autem
2653 1784 2917 1855 spiritus,
2968 1783 3026 1838 in
3080 1784 3477 1841 ministerium
3532 1787 3750 1844 missos

334 1876 434 1930 Διά
460 1873 588 1936 τοὺς
641 1871 941 1948 μίλλοντας
981 1871 1346 1945 κληρονομεῖν
1392 1871 1686 1947 σωτηρίαν,
1740 1872 1982 1948 λειτουρ-

2099 1880 2333 1947 propter
2388 1890 2487 1930 eos
2536 1873 2635 1945 qui
2689 1872 2897 1929 salutis
2955 1872 3354 1930 hereditatem
3414 1881 3554 1931 sunt
3607 1877 3748 1933 ade-

332 1966 461 2041 γικά
534 1963 814 2036 πνεύματα
891 1960 1351 2037 προσκαλουμένη
1410 1966 1678 2037 συνεργεῖν
1737 1963 1874 2036 πρὸς
1913 1960 1988 2017 δι-

335 2055 506 2124 ηνεκῆ
566 2051 730 2107 αὐτοῦ
788 2048 1113 2120 ἀπόλαυσιν,
1176 2050 1357 2125 φησίν·
1420 2049 1745 2125 Εἶσαγάγετὲ
1799 2073 1864 2125 με
1912 2051 1988 2115 εἷς

336 2143 484 2197 οἶκον
540 2145 639 2195 τοῦ
690 2137 862 2195 οἷἏρου·
924 2141 1148 2215 ’Ήγουν,
1212 2137 1465 2209 Διδάξατὲ
1528 2160 1593 2212 με
1640 2139 1766 2201 τοὺς
1811 2140 1985 2202 θείους

334 2233 461 2309 περὶ
517 2233 838 2307 σαρκώσεως
897 2231 1115 2307 λόγους.
1175 2232 1332 2285 Οἶνον
1388 2231 1489 2306 γάρ
1556 2252 1685 2306 φησι
1742 2231 1836 2285 τὸν
1896 2232 1987 2285 εύ-

335 2321 629 2401 φραίνοντα
673 2321 769 2385 τὰς
815 2321 995 2396 ψυχας
1038 2325 1145 2375 τῶν
1195 2319 1393 2375 τούτου
1437 2315 1985 2392 μεταλαμϐανόντων,

334 2412 428 2466 καί
484 2411 623 2483 πρὸς
679 2408 869 2464 θέωσιν
925 2407 1213 2478 ἐξιστῶντα
1268 2408 1395 2462 Θεὸν
1443 2407 1655 2475 Λόγον.
1717 2408 1790 2462 Οὗ
1845 2409 1992 2472 οἶκος

336 2503 373 2569 ἡ
454 2498 869 2577 προσληφθεῖσα
944 2498 1070 2573 παρ’
1124 2495 1287 2551 αὐτοῦ
1354 2497 1480 2571 σάρξ
1515 2516 1526 2527 ⁸
1586 2497 1660 2558 εἰς
1720 2497 1780 2551 ὃν
1838 2499 1985 2552 οἷκον

338 2588 606 2665 ιἰσάγεται
679 2591 713 2657 ἡ
792 2585 1087 2655 Ἐκκλησία
1169 2585 1263 2659 μία
1341 2586 1467 2659 σὰρξ
1550 2587 1684 2658 μετά
1757 2587 1990 2661 Χριστοῦ

338 2676 597 2749 ἰσομὲνη,
659 2674 733 2738 ὥς
792 2697 953 2754 φησιν
1004 2677 1032 2730 ὁ
1091 2672 1427 2737 Ἀπόστολος
1454 2675 1577 2751 περὶ
1606 2677 1989 2743 τοῦ,Ἕσονται

338 2767 393 2822 οἱ
462 2763 561 2821 δύο
620 2765 694 2827 εἷς
768 2767 938 2841 σάρκα
1011 2764 1174 2837 μίαν·
1238 2763 1321 2818 ὅτι
1389 2765 1532 2838 Ἐγὼ
1602 2761 1659 2818 δὲ
1717 2764 1857 2839 λέγω
1918 2765 1993 2827 εἰς

346 2856 580 2929 Χρ.στὸν
667 2854 756 2909 καὶ
838 2854 913 2915 εἷς
991 2858 1091 2921 τήν
1170 2851 1520 2923 Ἐκκλησίαν.
1598 2854 1804 2927 Σαρκὸς
1886 2854 1991 2928 γὰρ

348 2943 440 2999 καὶ
470 2941 698 3015 αἳματος
756 2946 996 3019 Χριστοῦ
1053 2944 1088 3011 ἡ
1146 2946 1252 2996 τῶν
1314 2946 1516 2996 πιστῶν
1571 2941 1872 3012 Ἐκκλησία
1905 2964 1995 3017 με·

345 3026 790 3105 ταλαμϐάνουσα,
848 3031 937 3086 καὶ
998 3030 1285 3103 σύσσωμος
1343 3030 1487 3103 αὐτῷ
1540 3032 1842 3105 γινομένη,
1901 3033 1990 3087 καὶ

338 3121 477 3175 κατά
526 3125 720 3197 γνῶσιν
781 3119 907 3182 τοὺς
960 3119 1086 3195 περὶ
1145 3117 1466 3194 σαρκώσεως
1527 3118 1725 3195 λόγους
1773 3116 1843 3173 δι’
1896 3120 1990 3195 ἀγ-

336 3209 516 3285 γέλων
578 3209 916 3282 μανθάνουσα
950 3256 963 3277 ,
1022 3208 1112 3263 καὶ
1170 3209 1286 3262 κατ’
1345 3209 1539 3284 ἀρετὴν
1598 3207 1727 3270 τοὺς
1781 3209 1987 3263 τούτων

332 3299 572 3372 τρόπους
624 3298 966 3377 ἐκφαίνουσα,
1024 3296 1100 3360 εἶς
1150 3298 1302 3352 οἶκον
1328 3301 1425 3352 τοῦ
1471 3294 1620 3351 οἷ’νου
1664 3297 1989 3373 εἰσέρχεται,

338 3386 664 3461 οἰκητήριον
736 3390 868 3442 Θεοῦ
936 3386 1349 3459 ἀποτελουμὲνη
1397 3384 1450 3440 ἐν
1507 3385 1647 3461 ἀγίῳ
1696 3386 1989 3459 Πνεύματι.

339 3473 497 3531 Οὕτω
529 3473 587 3531 Si
638 3474 714 3539 εἷς
764 3477 914 3530 οἶκον
961 3479 1059 3531 τοῦ
1110 3473 1258 3530 οἷ’νου
1302 3475 1677 3549 εἰσαγαγόντες
1710 3496 1778 3549 με
1806 3476 1993 3546 τάξατε

342 3564 425 3620 ἐπ’
513 3563 611 3637 ἰμὶ
692 3564 929 3639 ἀγάπην
1010 3562 1157 3637 ¹ἤτοι,
1235 3566 1341 3633 Τὴν
1420 3564 1554 3619 κατά
1626 3564 1786 3640 χάριν
1846 3565 1989 3620 θείαν

340 3653 625 3709 κοινωνίαν
662 3697 676 3723 ,
735 3654 803 3722 ἧς
855 3659 1066 3728 πρῶτοι
1120 3654 1274 3709 αὐτοὶ
1322 3655 1457 3709 κατὰ
1510 3652 1654 3724 τάξιν
1718 3652 1994 3727 μεταλαμ-

338 3737 545 3798 ϐάνετιο
604 3744 795 3816 τάξατε
848 3743 937 3797 καὶ
997 3743 1080 3798 ἐπ’
1136 3743 1256 3817 ἐμὲ,
1308 3740 1592 3818 ἀναλόγως
1622 3740 1842 3798 ἕκαστον
1881 3749 1987 3799 τῶν

336 3835 545 3887 πιστῶν
636 3835 1123 3906 μυπαγωγοῦντες
1205 3831 1272 3886 τά
1350 3833 1484 3888 θεῖα.
1566 3831 1861 3902 Στηρίξατὲ
1924 3855 1992 3905 με

322 3919 380 3977 ἒν
444 3920 661 3996 μύροις’
724 3918 963 3992 δηλαδὴ,
1016 3919 1234 3975 Ῥύσατέ
1270 3942 1334 3993 με
1364 3920 1416 3975 ἐν
1454 3926 1568 3982 τοῖς
1600 3917 1749 3986 δίκην
1801 3919 1990 3997 μύρων

347 4007 732 4079 ιύωδιάζουσιν
782 4010 880 4073 τάς
928 4009 1108 4086 ψυχὰς
1155 4014 1265 4064 τῶν
1313 4014 1517 4064 πιστῶν
1573 4013 1668 4064 τοῦ
1724 4008 1992 4084 παναγίου

334 4098 649 4171 Πνεύματος
729 4098 1055 4175 χαρίσματι,
1137 4099 1225 4154 καὶ
1305 4098 1444 4173 πρὸς
1529 4093 1831 4153 θεοσέϐειαν
1907 4098 1987 4153 ἰν-

330 4187 590 4263 ισχύσατε
645 4188 745 4256 τὴν
798 4185 887 4242 διὰ
942 4188 1039 4257 τήν
1104 4187 1421 4259 σωματικὴν
1483 4186 1751 4251 ἀσθένειαν
1798 4186 1989 4242 ἐκλυοο

335 4284 525 4351 μξνην.
561 4271 859 4331 Στιϐάσατέ
910 4297 977 4349 με
1026 4276 1076 4331 ἰν
1132 4274 1354 4349 μήλοις⁹
1413 4273 1607 4349 ἤγουν,
1656 4274 1989 4347 ΙΙληρώσατὲ

336 4386 406 4438 με
434 4365 687 4441 γνώσεως
730 4365 873 4427 θείας
922 4363 974 4420 ἐν
1018 4370 1137 4427 τοῖς
1186 4362 1342 4435 δίκην
1391 4364 1584 4437 μήλων
1617 4364 1707 4419 τὸν
1742 4363 1989 4441 λάρυγγα
2023 4435 2046 4457 .

328 4452 683 4530 γλυκαίνουσι
762 4454 927 4518 θείοις
1004 4454 1239 4529 λογίοις’
1318 4456 1488 4508 ταῦτα
1564 4450 1619 4507 δὲ
1676 4452 1809 4507 αἰτῶ
1864 4462 1989 4527 παρ’

329 4543 505 4616 ὑμῶν,
564 4544 688 4601 ’Ὀτι
742 4544 1057 4619 τετρωμένη
1113 4542 1328 4618 ἀγάπης
1374 4541 1503 4617 ἐγώ.
1555 4545 1733 4609 "Etet,
1760 4540 1981 4612 Ἐπειδὴ

2096 1964 2253 2037 pturi
2285 1964 2353 2027 ⁵⁸,
2388 1968 2552 2035 rogat
2582 1968 2648 2017 ut
2697 1963 2810 2019 sibi
2864 1968 3073 2034 praesto
3124 1963 3265 2029 sint,
3309 1964 3382 2019 ad
3433 1982 3744 2036 perennem

2098 2055 2223 2126 ejus
2274 2053 2611 2108 fruitionem
2664 2053 3095 2123 assequendam
3146 2068 3160 2107 :
3220 2054 3600 2124 Introducite,
3653 2056 3747 2110 in-

2099 2143 2329 2215 quiens,
2384 2158 2476 2197 me
2525 2142 2581 2196 in
2616 2141 2823 2198 cellam
2855 2141 2995 2209 vini,
3028 2141 3136 2197 hoc
3167 2147 3277 2209 est,
3310 2143 3510 2197 docete
3538 2160 3630 2198 me
3660 2144 3750 2199 di-

2096 2232 2263 2287 vinas
2292 2230 2716 2286 incarnationis
2749 2230 3024 2285 rationes.
3058 2230 3242 2285 Deum
3274 2231 3431 2287 enim
3478 2231 3737 2288 Verbum

2098 2319 2994 2393 appellatvinum,quodanimas
3012 2320 3381 2391 gustantium
3400 2319 3749 2376 ltetitiaafﬁ-

2101 2412 2178 2464 cit
2199 2410 2269 2464 ad
2294 2409 2780 2479 divinitatemque
2802 2406 3087 2477 perducit.
3122 2409 3309 2477 Hujus
3331 2408 3479 2464 cella
3499 2425 3635 2465 caro
3664 2414 3756 2465 est

2101 2499 2173 2555 ab
2194 2497 2322 2570 ipso
2347 2502 2654 2568 assumpta
2676 2515 2687 2552 ε
2708 2503 2882 2568 qu’am
2906 2497 3144 2567 quidem
3171 2497 3228 2551 in
3255 2497 3462 2553 cellam
3499 2498 3757 2554 Ecclesia

2102 2584 2638 2652 introducitur,una
2656 2600 2786 2639 caro
2812 2600 2944 2639 cum
2968 2582 3199 2639 Christo
3225 2584 3445 2641 futura.
3470 2586 3565 2642 Sic
3594 2585 3753 2641 enim

2100 2673 2411 2745 Apostolus
2436 2672 2628 2728 locum
2653 2671 2847 2739 illum,
2876 2675 2942 2727 Et
2969 2680 3136 2728 erunt
3156 2674 3268 2729 duo
3290 2674 3350 2727 in
3368 2690 3536 2729 carne
3567 2691 3679 2731 una
3708 2675 3755 2710 ³⁸

2101 2763 2526 2835 interpretatur
2556 2779 2570 2817 ε
2606 2763 2713 2831 Ego
2738 2771 2946 2828 autem,
2979 2761 3193 2833 inquit,
3246 2762 3373 2817 dico
3429 2765 3487 2818 in
3539 2763 3756 2819 Christo

2100 2861 2154 2908 et
2177 2854 2236 2908 in
2268 2853 2507 2908 Ecclesia
2539 2852 2605 2905 ³³.
2631 2848 2918 2906 Fidelium
2951 2850 3105 2905 enim
3140 2850 3420 2919 Ecclesia,
3446 2853 3585 2908 dum
3620 2869 3752 2908 car-

2102 2942 2195 2997 nis
2217 2946 2273 2996 et
2294 2939 2601 3013 sanguinis
2626 2939 2838 2995 Christi
2860 2938 3174 3011 particeps,
3194 2944 3367 3011 atque
3399 2957 3583 2997 unum
3615 2958 3750 2998 cum

2101 3030 2229 3101 ipso
2261 3047 2474 3101 corpus
2504 3028 2777 3099 efficitur,
2811 3028 3348 3100 incarnationisque
3378 3030 3635 3086 rationes
3678 3030 3750 3087 ab

2101 3118 2327 3190 angelis
2356 3118 2530 3173 discit
2557 3122 2734 3189 atque
2764 3134 2863 3173 eas
2895 3117 3158 3173 moribus
3179 3119 3608 3190 comprobat,in
3634 3119 3753 3176 vini

2100 3206 2307 3262 cellam
2341 3206 2689 3278 ingreditur,
2721 3211 2779 3261 et
2808 3204 3205 3261 habitaculum
3242 3207 3339 3261 Dei
3388 3207 3641 3263 efﬁcitur
3690 3208 3751 3264 in

2103 3294 2323 3367 Spiritu
2359 3294 2732 3349 sancto.Cum
2767 3294 2845 3348 ita
2876 3308 2969 3348 me
2998 3293 3058 3348 in
3089 3293 3298 3349 cellam
3331 3296 3450 3350 vini
3482 3296 3751 3353 introdu-

2101 3385 2271 3451 xerit,
2321 3384 2580 3439 ordinate
2636 3382 2998 3453 charitatem,
3050 3381 3210 3438 illam
3268 3384 3491 3441 scilicet
3541 3386 3750 3443 divine

2102 3473 2300 3545 gratias
2347 3472 2845 3539 communionem,
2901 3488 3017 3543 qua
3063 3488 3165 3527 vos
3198 3472 3404 3529 ordine
3434 3474 3697 3530 fruimini
3732 3493 3747 3532 :

2101 3564 2162 3618 In
2196 3579 2289 3618 me
2318 3578 2551 3634 quoque
2582 3560 2781 3616 ﬁdeles
2803 3559 3067 3633 singulos
3093 3578 3195 3632 pro
3217 3563 3507 3634 cujusque
3530 3564 3751 3621 ratione

2100 3651 2316 3708 divinis
2348 3649 2642 3724 mysteriis
2674 3649 3076 3719 instituentes,
3110 3650 3400 3707 ordinate.
3430 3652 3634 3709 Fulcile
3664 3669 3752 3709 me

2099 3743 2445 3812 unguentis:
2480 3738 2840 3796 sanctissimi
2883 3738 3139 3810 Spiritus
3183 3739 3374 3811 donis,
3425 3747 3755 3814 unguento-

2100 3847 2231 3885 rum
2260 3830 2448 3885 instar
2478 3827 2741 3883 fidelium
2776 3827 3006 3883 animas
3037 3827 3233 3884 odoris
3273 3829 3564 3886 suavitate
3609 3847 3752 3888 con-

2100 3918 2515 3990 spergentibus
2547 3933 2640 3971 me
2662 3916 3052 3984 corroborate,
3087 3921 3146 3971 et
3164 3918 3424 3989 corporis
3446 3918 3754 3976 imbecilli-

2098 4012 2217 4062 tate
2247 4007 2543 4061 labantem
2578 4005 2636 4059 in
2670 4005 2869 4060 divina
2900 4004 3115 4076 pietate
3145 4005 3510 4062 conﬁrmato.
3545 4007 3756 4080 Stipate

2097 4112 2185 4151 me
2212 4098 2273 4151 in
2299 4097 2478 4167 pomis
2509 4113 2528 4151 :
2559 4092 2794 4165 implete
2825 4110 2918 4149 me
2950 4092 3048 4148 Dei
3081 4093 3415 4165 cognitione
3446 4096 3504 4151 in
3535 4096 3751 4154 divinis

2098 4185 2490 4249 sermonibus,
2524 4184 2624 4255 qui
2658 4199 2963 4255 pomorum
2994 4182 3183 4238 instar
3210 4184 3434 4255 gutturi
3466 4202 3593 4242 meo
3624 4187 3751 4243 dul-

2098 4274 2363 4329 cedinem
2397 4272 2667 4327 atl'erunt.
2700 4275 2830 4326 Haec
2869 4275 3066 4326 autem
3117 4288 3151 4325 a
3198 4272 3364 4328 vobis
3412 4280 3564 4346 peto,
3619 4278 3752 4347 quia

2099 4363 2396 4418 vulnerata
2444 4377 2563 4415 sum
2613 4361 2902 4414 charitale.
2935 4359 3081 4423 Quia
3110 4359 3338 4416 scilicet
3369 4378 3483 4417 non
3515 4363 3749 4434 timore,

2095 4451 2196 4507 sed
2229 4466 2427 4506 amore
2456 4448 2698 4504 incitata
2728 4449 2995 4519 (Charitas
3023 4447 3178 4503 enim
3208 4451 3357 4519 foras
3384 4452 3558 4505 mittit
3588 4453 3749 4508 timo-

2096 4556 2209 4595 rem
2238 4540 2328 4610 "),
2379 4555 2514 4593 cum
2563 4535 2779 4592 Christi
2828 4554 2931 4608 per
2983 4536 3156 4591 iidem
3221 4538 3536 4609 conjuncta
3590 4556 3746 4597 sum.

327 4633 638 4705 νυττομὲνη
699 4628 811 4707 οὐχ
873 4632 975 4687 ὑπὸ
1034 4626 1226 4710 φόϐου.
1290 4629 1415 4686 ἀλλ’
1462 4630 1562 4685 ὑπό
1614 4631 1824 4705 ἀγάπης
1861 4624 1982 4705 (ἔξω

2099 4634 2238 4684 Nam
2273 4633 2336 4682 ut
2366 4631 2501 4681 ante
2533 4642 2833 4698 poenarum
2870 4625 3184 4680 formidine
3218 4631 3485 4698 purgata,
3537 4627 3747 4685 deinde

330 4720 434 4795 γὰρ
492 4720 629 4789 αὖτή
710 4720 903 4793 βάλλει
980 4720 1070 4775 τὸν
1144 4714 1336 4798 φόϐον)
1409 4718 1523 4792 εῗμὶ
1595 4718 1704 4792 ἐγὼ
1761 4721 1795 4788 ἡ
1852 4742 1989 4792 νυμ-

330 4811 585 4887 φευθεῖσα
639 4813 721 4881 τῶ
755 4813 973 4883 Χριστῷ
1004 4806 1095 4862 διὰ
1151 4808 1404 4869 πίστεως.
1453 4813 1537 4869 Ὡς
1586 4809 1693 4883 γὰρ
1725 4808 1986 4883 πρότερον

333 4897 471 4967 αὕτη
529 4902 609 4969 τῷ
660 4892 814 4970 φόϐῳ
858 4899 953 4971 μὲν
1002 4902 1108 4952 τῶν
1160 4894 1437 4952 κολάσεων
1487 4898 1832 4971 καθαρθεῖσαι,
1878 4898 1989 4952 εἶτα

331 4983 391 5041 δὲ
420 4987 510 5041 καὶ
540 4990 609 5060 τῇ
643 4984 827 5042 ἑλπίδι
873 4991 979 5041 τῶν
1036 4984 1348 5059 μελλόντων
1390 4986 1605 5061 ἀγαθῶν
1638 4988 1987 5063 φωτισθιῖσα,

327 5079 420 5129 νῦν
475 5073 691 5130 σπεύδει
772 5073 860 5130 διὰ
921 5082 1023 5144 τῆς
1092 5075 1305 5151 ἀγάπης
1386 5074 1463 5139 εἲς
1518 5073 1837 5145 τελειότητα
1901 5075 1987 5129 ἀν-

329 5171 571 5240 αχθῆναι
631 5166 779 5239 παρά
832 5169 940 5219 τῶν
1004 5164 1165 5240 ἀγίων
1235 5163 1502 5240 ἀγγέλων.
1556 5168 1713 5227 ’Ὁθεν
1774 5164 1935 5238 φησίν
1970 5185 1983 5199 ο

329 5252 633 5324 Εὐώνυμος
710 5252 873 5306 αὑτοῦ
958 5252 1062 5307 ὑπὸ
1132 5253 1231 5320 τήν
1291 5250 1533 5329 κεφαλὴν
1615 5272 1767 5324 μου,
1816 5252 1902 5306 καὶ
1949 5254 1983 5321 ἡ

333 5338 482 5410 δεξιά
540 5340 702 5397 αὐτοῦ
782 5338 1143 5415 περιλήψεταί
1226 5360 1310 5412 με.
1391 5338 1679 5410 Δηλονότι,
1741 5339 1809 5395 Αἰ
1879 5346 1987 5395 τῶν

329 5428 638 5498 κολάσεων,
710 5428 783 5491 ὠς
867 5426 1291 5504 ὑποδεχομένων
1348 5428 1475 5488 τοὺς
1545 5428 1595 5499 ἐξ
1667 5428 1984 5502 εὐωνύμων,

331 5516 575 5591 ἀπειλαὶ,
637 5518 740 5574 ὑπὸ
797 5518 858 5574 τὸ
914 5514 1069 5589 δίκην
1127 5516 1369 5594 κεφαλῆς
1398 5517 1624 5595 ἀρχικὸν
1654 5524 1751 5588 τῆς
1800 5521 1987 5593 ψυχῆς

404 5683 451 5721 ’ί
484 5682 659 5741 Hebr.
694 5699 734 5757 ι,
768 5682 857 5740 14.
933 5683 980 5718 ²¹
1008 5681 1152 5740 Gen.
1186 5698 1271 5758 ιιι,
1300 5682 1392 5739 24.
1469 5681 1515 5718 ³³
1542 5681 1755 5759 Bphes.
1786 5698 1842 5753 v,
1872 5682 1963 5739 32.

2099 4717 2432 4771 futurorum
2479 4716 2769 4771 bonorum
2820 4731 2923 4786 spe
2965 4714 3283 4785 illustrata,
3317 4715 3399 4770 ita
3428 4732 3585 4770 nunc
3615 4716 3747 4773 cha-

2098 4805 2269 4860 ritate
2312 4808 2603 4860 commota
2654 4805 2891 4859 festinat
2937 4818 3040 4876 per
3088 4806 3325 4858 sanctos
3383 4802 3624 4875 angelos
3671 4805 3743 4861 ad

2098 4892 2510 4966 perfectionem
2558 4893 2796 4961 adduci,
2842 4892 3234 4957 Quamobrem
3284 4891 3368 4947 ait
3399 4909 3411 4947 :
3442 4892 3605 4950 Laeva
3629 4894 3744 4966 ejus

2099 4984 2199 5038 sub
2221 4985 2401 5055 capite
2431 5000 2552 5038 meo
2589 4999 2601 5037 :
2632 4992 2686 5037 et
2716 4983 2941 5038 dextera
2970 4982 3125 5036 illius
3170 4982 3586 5053 amplexabitur
3630 4988 3739 5039 me.

2097 5072 2483 5127 Comminatio
2542 5071 2967 5143 suppliciorum
3031 5086 3162 5140 qua:
3215 5086 3247 5124 a
3292 5069 3551 5125 sinistris
3599 5087 3744 5128 con-

2098 5161 2338 5216 stitutos
2371 5164 2631 5227 manent,
2668 5160 2777 5215 sub
2810 5159 2999 5231 capite
3030 5174 3182 5227 meo,
3215 5158 3321 5213 sub
3360 5174 3429 5215 ea
3472 5158 3744 5218 videlicet

2096 5256 2279 5322 parte,
2313 5267 2439 5320 quae
2473 5256 2535 5303 ut
2565 5253 2740 5320 caput
2766 5249 2823 5302 in
2856 5264 3117 5320 corpore,
3150 5248 3235 5303 sic
3266 5247 3393 5320 ipsa
3440 5248 3499 5305 in
3544 5250 3745 5307 anima

2098 5338 2494 5411 principatum
2544 5338 2790 5403 obtinet,
2842 5343 3037 5393 mente
3069 5336 3350 5392 nimirum
3384 5354 3595 5394 sensus
3628 5339 3743 5410 ipsi

2098 5426 2463 5497 snbjiciente.
2519 5432 2723 5498 Itaque
2771 5427 3009 5482 dextera
3051 5424 3237 5495 illius,
3288 5431 3355 5481 ut
3402 5443 3595 5498 spero,
3619 5428 3748 5497 jam

2096 5516 2521 5590 amplexabitur
2551 5531 2664 5571 me.
2700 5515 3014 5573 Promissio
3045 5515 3268 5572 scilicet
3296 5515 3583 5573 bonorum
3615 5530 3748 5589 quas

2037 5682 2084 5720 ²⁴
2112 5681 2135 5739 Ι
2164 5680 2335 5740 Joan.
2368 5695 2447 5752 1v,
2480 5680 2567 5738 18.
