4046 6144
296 329 413 387 579

1633 320 2059 382 MICHAELIS
2102 321 2377 382 PSELLI

3603 324 3722 384 580

297 478 330 514 a
362 458 583 514 dextris
612 455 877 513 collocati
911 455 1279 527 suscipient;
1313 470 1561 527 regnum
1598 453 1801 525 utique
1850 454 1947 508 Dei

2069 472 2174 523 μου
2225 450 2441 513 πάντως
2495 452 2555 506 τὸ
2604 454 2789 526 νοερὸν
2843 451 3411 525 ὑποτάσσουσαιαύτῷ
3440 455 3503 509 τὸ
3533 454 3721 526 αἰσθη-

295 549 356 603 in
388 546 602 604 seculo
637 548 959 614 futura,me
990 543 1411 615 complectetur
1445 560 1457 599 :
1494 544 1646 613 quod
1686 560 1821 597 cum
1854 558 1959 597 nec

294 637 581 709 temporis
615 635 849 691 initium
884 650 988 690 nec
1020 633 1195 688 ﬁnem
1228 632 1463 701 habeat,
1489 632 1637 687 mihi
1668 636 1868 687 tamen
1902 640 1960 687 et

296 725 655 798 principium
685 729 740 781 et
769 724 906 780 finis
940 724 1260 789 invenitur,
1292 722 1509 795 quippe
1541 738 1668 793 quae
1701 724 1759 777 et
1788 725 1957 776 ortus

296 815 533 871 initium
568 819 738 870 nacta
769 813 905 883 sim,
924 817 989 868 ut
1021 813 1183 884 regni
1216 811 1471 867 caelestis
1500 826 1735 866 cernam
1770 809 1954 865 haere-

296 906 565 971 ditatem,
598 908 655 960 et
682 903 742 958 in
775 920 841 958 eo
870 904 1110 957 tandem
1145 907 1387 974 propter
1416 900 1849 956 humanitatem
1882 898 1951 953 il-

295 993 435 1061 lius,
467 999 749 1064 tanquam
787 993 904 1046 ﬁne
934 1008 999 1046 ac
1031 991 1283 1046 termino
1314 990 1781 1061 circumscripta,
1818 1005 1950 1060 pro-

295 1082 387 1139 cul
415 1084 487 1137 ab
517 1082 677 1138 omni
712 1080 1038 1137 mutatione
1066 1080 1501 1151 conquiescam.

2070 540 2240 595 τικόνο
2300 537 2387 594 διὰ
2439 545 2600 595 τοῦτο
2661 540 2851 596 λοιπὸν
2914 542 2963 597 ἰν
3020 541 3230 598 ἐλπίσιν
3294 543 3428 615 εἰμὶ,
3490 544 3571 599 ὅτι
3632 547 3717 600 καὶ

2067 632 2103 700 ἡ
2155 627 2302 700 δεξιὰ
2354 629 2517 685 αὐτοῦ
2573 629 2934 706 περιλήψεταί
2988 651 3074 706 με·
3124 630 3270 702 ἤτοι,
3320 636 3393 688 Τά
3447 631 3498 687 ἐν
3557 632 3719 710 ἐπαγ-

2066 718 2279 795 γελίαις
2336 718 2512 794 ἀγαθὰ
2568 721 2642 782 ὡς
2688 721 2815 782 τοὺς
2867 719 2928 777 έκ
2982 718 3167 791 δεξιῶν
3226 719 3627 798 ὑποδεχόμενα,
3681 725 3717 793 ἡ

2073 807 2321 883 βασιλεία
2371 805 2583 879 δηλαδή
2633 813 2731 864 τοῦ
2779 814 2913 865 Θεοῦ
2942 813 3078 865 κατὰ
3105 811 3197 866 τὸν
3243 809 3522 885 μέλλοντα
3549 813 3722 869 αἰῶνα

2069 895 2470 970 περικυκλώσει
2508 919 2595 970 με,
2627 898 2700 960 ὡς
2755 906 2829 972 μή
2874 899 3054 975 ἀρχήν
3091 902 3356 976 χρονικὴν
3394 903 3533 974 μήτε
3560 900 3722 967 τέλος

2070 981 2290 1062 ἔχουσα·
2348 986 2472 1061 ἐμοὶ
2530 985 2587 1042 δὲ
2636 987 2725 1043 καὶ
2781 989 2927 1065 ἄρχή
2985 989 3074 1045 καὶ
3124 989 3283 1053 τέλος
3326 991 3714 1066 εὑρισκομὲνη.

2065 1077 2143 1130 Δι’
2191 1076 2358 1145 αὐτὴν
2413 1078 2513 1153 γάρ
2572 1078 2647 1139 ὡς
2716 1076 2775 1131 ’ἀν
2829 1078 3029 1149 ταύτην
3079 1074 3491 1155 κληρονομήσω
3542 1082 3603 1135 τὸ
3662 1081 3715 1152 ἐξ

294 1171 475 1244 ἀρχῆς
532 1167 730 1245 γέγονα
763 1186 776 1198 ·
833 1167 923 1223 καὶ
982 1166 1057 1229 εἰς
1113 1166 1315 1238 ταύτην
1363 1164 1530 1222 πάλιν
1593 1164 1683 1221 διὰ
1739 1165 2149 1244 φιλανθρωπίαν
2210 1171 2477 1235 καταντῶ,
2530 1168 2811 1240 παυομένη
2891 1170 3071 1239 πάσης
3142 1172 3426 1240 κινήσεως,
3476 1171 3565 1225 καὶ
3628 1170 3718 1225 ὑπ’

295 1261 468 1329 αὐτῆς
500 1257 820 1333 ὁριζομένη.

1028 1366 1217 1421 Pselli.

372 1459 471 1513 His
532 1473 739 1512 rursus
816 1473 1036 1528 sponsa
1105 1454 1349 1526 subjicit
1424 1454 1691 1526 quaedam
1749 1453 1949 1520 verba,

296 1547 801 1618 quemadmodum
836 1545 1040 1600 ordine
1072 1545 1342 1616 reperies.
1380 1544 1530 1598 Sunt
1560 1547 1753 1597 autem
1785 1542 1945 1598 haec:

294 1638 459 1693 Laeva
489 1636 609 1705 ejus
638 1635 736 1689 sub
766 1636 941 1706 capite
968 1650 1090 1690 meo
1121 1651 1138 1688 .·
1168 1638 1222 1688 et
1252 1634 1479 1688 dextera
1526 1633 1685 1687 illius
1732 1632 1948 1705 ample-

296 1727 534 1781 xabitur
562 1741 666 1780 me.

2767 1363 3013 1422 Ψελλοῦ⁸

2130 1450 2303 1508 ,Αλλὰ
2351 1452 2675 1541 προστίθησί
2741 1475 2889 1516 τινας
2930 1456 2965 1523 ἡ
3024 1455 3208 1533 νύμφη
3266 1455 3432 1512 πάλιν
3491 1454 3712 1541 λόγους,

2060 1537 2290 1615 λέγουσα
2372 1539 2499 1596 τάδε
2565 1543 2698 1617 πρὸς
2758 1542 2974 1612 αὐτοὺς,
3035 1545 3109 1605 ὡς
3183 1547 3302 1599 καθ’
3368 1545 3555 1620 εἱρμὸν
3617 1537 3713 1602 eo;

2058 1632 2261 1705 ρήσεις.
2293 1636 2468 1687 Ταῦτα
2528 1629 2585 1687 δέ
2643 1632 2807 1688 εἰσιν
2844 1634 3175 1708 Εὐώνυμνος
3227 1634 3390 1691 αὐτοῦ
3450 1635 3551 1692 ὑπὸ
3609 1639 3712 1708 τὴν

2055 1719 2301 1796 κεφαλήν
2362 1743 2486 1795 μου,
2546 1722 2637 1777 καὶ
2697 1724 2731 1793 ἡ
2793 1721 2942 1797 δεξιὰ
2995 1725 3163 1779 αὐτοῦ
3216 1725 3576 1802 περιλήψεταί
3624 1749 3713 1801 με.

372 1814 591 1870 Horum
626 1813 984 1870 canticorum
1016 1812 1103 1868 vis
1147 1812 1218 1867 de
1262 1828 1423 1868 more
1477 1811 1757 1883 procedit.
1807 1810 1947 1866 Ecce

2125 1816 2183 1866 Ἠ
2212 1815 2318 1865 τῶν
2352 1810 2603 1884 ᾀσμάτων
2636 1809 2865 1885 δύναμις
2891 1813 3096 1868 τούτων
3125 1815 3491 1889 καταθεμίζει.

298 1904 455 1960 enim
489 1906 633 1976 [quae
667 1902 841 1975 paulo
873 1907 1007 1958 ante
1040 1900 1295 1957 mirabili
1330 1900 1544 1973 sagitta
1576 1899 1777 1953 saucia
1805 1901 1949 1966 erat,

296 2010 453 2049 nnnc
486 1993 700 2065 sagitta
732 1992 797 2047 ﬁt
827 1991 1102 2047 manibus
1134 1990 1466 2061 iaculantis.
1502 1988 1563 2043 Id
1595 1989 1765 2060 {quod
1821 1987 1949 2042 ani-

296 2099 403 2137 mae
437 2081 683 2153 contigit
712 2079 878 2136 Pauli
911 2079 1251 2136 vulneratae.
1286 2078 1586 2150 Siquidem
1636 2081 1691 2131 et
1738 2075 1835 2131 ille
1882 2092 1951 2132 ex

296 2170 516 2227 infideli
550 2172 738 2227 factus
780 2169 969 2225 ﬁdelis
1001 2187 1035 2224 a
1063 2168 1292 2224 Christo
1323 2166 1512 2224 Verbo
1543 2171 1600 2221 et
1630 2165 1950 2233 Salvatore,

293 2261 601 2318 confestim
634 2259 808 2315 veluti
843 2259 1061 2330 sagitta
1093 2257 1313 2313 missus
1359 2261 1447 2312 est
1494 2274 1527 2310 a
1575 2255 1771 2309 divino
1820 2254 1950 2326 Spi-

292 2351 407 2406 ritu
440 2351 499 2405 in
531 2355 734 2422 gentes
763 2354 1015 2404 remotas
1048 2351 1221 2419 atque
1253 2348 1309 2400 in
1344 2362 1536 2401 errore
1559 2346 1953 2412 demersas;ut

293 2439 726 2512 prmdicationis
756 2442 813 2494 et
844 2437 1119 2494 doctrinm
1149 2436 1325 2492 verbo
1358 2437 1587 2491 animas
1610 2435 1951 2490 aberrantes

290 2530 351 2585 in
385 2530 534 2586 viam
558 2529 687 2584 vitae
717 2529 1039 2584 reduceret.
1076 2526 1226 2595 Haec,
1259 2543 1389 2580 mea
1433 2525 1669 2596 quidem
1722 2528 1947 2579 senten-

289 2621 390 2686 tia,
441 2619 773 2673 diademate
821 2616 1110 2687 redimite,
1164 2616 1244 2670 ita
1293 2631 1355 2670 se
1401 2613 1639 2669 habent.
1691 2613 1769 2668 Te
1816 2628 1949 2667 vero

294 2708 539 2763 minime
586 2710 834 2775 moveat,
887 2705 1041 2777 quod
1091 2705 1259 2775 cujus
1311 2703 1556 2758 sinistra
1605 2703 1713 2756 sub
1764 2701 1949 2771 capite

294 2813 524 2868 sponsa:
556 2795 653 2861 sit,
687 2799 751 2849 ut
782 2795 912 2866 ipsa
934 2794 1033 2863 ait,
1068 2793 1198 2865 ejus
1229 2792 1466 2847 dextera
1496 2790 1660 2845 illam
1694 2789 1948 2861 comple-

296 2890 486 2940 ctatur
520 2901 533 2939 :
563 2882 1045 2955 quandoquidem
1079 2883 1148 2937 ad
1200 2880 1648 2938 similitudinem
1700 2879 1949 2935 volantis

295 2973 522 3047 sagitize
555 2973 775 3029 emissa
807 2972 991 3028 fuisse
1022 2971 1177 3027 dicta
1206 2979 1310 3027 est.

886 3330 1074 3386 Trium
1105 3335 1351 3385 Patrum.

365 3422 645 3494 Magistra
668 3420 962 3489 anima,ad
984 3421 1160 3474 rudes
1190 3436 1320 3490 quae
1349 3417 1948 3487 instituuntur,Adju-

293 3512 414 3567 ravi
449 3529 570 3579 vos,
610 3511 823 3581 inquit,
859 3509 987 3563 ﬁliae
1019 3508 1367 3564 Jerusalem.
1402 3510 1525 3572 Quo
1557 3512 1752 3562 autem
1782 3514 1947 3577 pacto

295 3602 595 3672 adjaravi?
626 3602 825 3673 sponsi
860 3601 1051 3655 minas
1082 3606 1137 3653 et
1167 3598 1743 3671 promissiones,quee
1777 3598 1948 3652 audi-

294 3698 452 3746 tores
483 3690 871 3762 cogendi,non
905 3705 1075 3745 secus
1107 3706 1171 3744 ac
1196 3689 1645 3760 jusjurandum,
1676 3687 1793 3742 vim
1843 3687 1946 3741 ha-

294 3780 620 3849 bent,vobis
645 3796 975 3851 proponens
1001 3784 1064 3833 ut
1087 3777 1272 3848 ipsius
1295 3778 1495 3849 sponsi
1519 3784 1750 3832 tantum
1786 3782 1945 3832 metu

293 3887 359 3924 ac
392 3869 683 3925 desiderio
718 3867 1057 3923 teneamini.
1092 3866 1278 3922 Doceo
1311 3873 1506 3922 autem
1542 3867 1783 3922 omnino
1814 3884 1942 3934 vos;

292 3976 442 4030 quas
475 3958 650 4030 genui
684 3957 743 4011 in
776 3958 995 4029 Spiritu
1028 3961 1252 4025 sancto,
1286 3956 1386 4027 qui
1419 3961 1507 4011 est
1560 3956 1706 4010 visio
1757 3956 1944 4027 pacis,

295 4053 495 4119 utpote
526 4048 625 4119 qui
677 4064 782 4101 nos
835 4048 996 4100 ducit
1042 4044 1101 4100 in
1152 4062 1388 4100 omnem
1439 4046 1766 4109 veritatem,
1818 4062 1943 4117 quae

292 4137 549 4191 Verbum
580 4141 688 4203 est,
722 4135 906 4191 Filius
939 4135 1315 4208 unigenitus;
1346 4153 1379 4189 a
1406 4151 1519 4206 quo
1550 4135 1707 4189 Patri
1751 4152 1948 4189 recon-

294 4225 475 4281 ciliati
506 4242 714 4281 sumus
747 4225 812 4278 π.
844 4224 1167 4281 Jerusalem
1208 4225 1365 4279 enim
1418 4224 1573 4278 idem
1624 4228 1733 4289 est,
1788 4224 1944 4294 quod

293 4314 456 4386 pacis
506 4314 672 4369 visio.
719 4316 826 4370 Per
870 4316 1147 4386 patentius
1191 4323 1244 4369 et
1288 4314 1642 4385 fortitudines
1689 4315 1834 4381 agri,
1885 4315 1946 4367 ut

290 4404 562 4460 suscitatis
593 4412 643 4459 et
671 4406 919 4460 excitetis
949 4405 1291 4472 charitatem,
1342 4403 1473 4458 dum
1522 4406 1637 4474 ipse
1684 4402 1944 4457 voluerit.

295 4494 411 4549 Hoc
445 4492 628 4565 igitur
658 4496 827 4565 pacto
859 4509 958 4547 vos
1006 4492 1297 4562 adjuravi,
1349 4499 1412 4546 ut
1459 4508 1561 4562 per
1609 4490 1792 4545 animi
1839 4508 1944 4563 po-

294 4583 513 4639 tentias
560 4587 617 4638 et
665 4580 923 4653 corporis
968 4598 1182 4637 sensus
1214 4581 1447 4652 (animae
1479 4581 1636 4635 enim
1669 4580 1944 4651 potentiae

294 4672 353 4726 in
391 4672 633 4738 mundo,
666 4676 946 4738 tanquam
1003 4670 1059 4723 in
1112 4686 1277 4740 agro,
1327 4686 1429 4739 per
1479 4686 1691 4725 sensus
1740 4669 1944 4741 agunt)

294 4763 350 4817 in
384 4763 547 4818 vobis
579 4760 724 4833 ipsis
751 4776 853 4831 per
882 4759 1156 4814 virtutem
1190 4759 1512 4826 suscitetis,
1544 4764 1601 4814 et
1642 4759 1831 4831 magis
1879 4774 1943 4813 ao

296 4851 483 4923 magis
516 4867 618 4922 per
648 4848 1208 4919 contemplationem
1245 4848 1509 4903 excitetis
1554 4848 1900 4903 charitatem
1928 4864 1942 4916 ;

294 4959 419 5013 quae
452 4940 688 5011 quidem
721 4942 810 4993 est
838 4937 937 4992 ille
990 4936 1091 5007 qui
1141 4953 1245 5007 pro
1300 4937 1490 4992 salute
1540 4942 1743 4993 nostra
1790 4953 1947 4991 mor-

295 5036 410 5085 tem
468 5026 732 5099 oppetiit,
788 5026 1128 5097 unigenitus
1180 5023 1279 5080 Dei
1335 5025 1515 5080 Filius
1566 5031 1623 5080 et
1658 5026 1944 5081 Verbum:

294 5120 475 5173 donec
497 5116 608 5189 ipsi
634 5116 919 5187 placuerit
939 5116 1159 5170 visione
1183 5132 1292 5169 sua
1315 5132 1420 5169 nos
1443 5114 1650 5185 dignos
1682 5116 1948 5181 reddere,

292 5213 349 5262 et
380 5223 484 5279 per
512 5205 760 5277 gratiam
793 5203 1109 5275 provehere
1143 5204 1214 5257 ad
1244 5202 1768 5258 divinitatem.Nisi
1789 5204 1947 5258 enim

290 5296 575 5352 charitate
606 5294 689 5349 sic
717 5294 934 5348 affectae
970 5293 1219 5362 fueritis,
1268 5294 1486 5349 frustra
1535 5292 1697 5347 vobis
1747 5291 1947 5364 sponsi

292 5385 486 5442 minas
518 5388 574 5439 et
604 5382 897 5455 promissa
927 5399 1309 5455 proposuero,
1345 5398 1480 5438 cum
1514 5398 1615 5454 per
1662 5381 1764 5437 illa
1810 5385 1949 5438 tan-

290 5492 468 5549 quam
500 5489 603 5547 per
652 5471 1101 5544 jusjurandum,
1150 5472 1427 5527 timorem
1480 5476 1538 5527 et
1587 5470 1946 5527 desuderium

286 5568 416 5639 ejus
470 5564 533 5621 in
592 5561 755 5619 vobis
813 5577 930 5616 non
988 5560 1309 5631 excitarim,
1369 5560 1563 5635 quoad
1640 5560 1767 5634 ipse
1840 5560 1945 5635 qui

359 5674 408 5713 ⁸⁸
434 5672 604 5733 Joan.
636 5686 755 5741 xw,
790 5668 876 5725 13.

2060 1897 2201 1957 Ἰδοὺ
2228 1901 2328 1976 γὰρ
2365 1898 2525 1975 βέλος
2555 1900 2757 1976 γίνεται
2790 1903 2945 1978 χερσὶ
2979 1908 3100 1965 ταῖς
3129 1908 3226 1958 τοῦ
3256 1905 3500 1975 τοξότου,

2058 1991 2120 2046 Ἡ
2152 1991 2256 2064 πρὸ
2292 1994 2490 2064 μικροῦ
2521 1989 2600 2063 τῷ
2627 1992 2920 2064 θαυμαστῷ
2946 1999 3350 2067 κατατρωθεῖσα
3393 1993 3563 2070 βέλει,

2057 2080 2144 2141 Ὠς
2172 2082 2205 2149 ἡ
2237 2084 2332 2134 τοῦ
2366 2078 2583 2136 Παύλου
2612 2079 2843 2136 πέπονθε
2872 2084 3025 2157 ψυχὴ
3059 2082 3244 2147 καλῶς
3272 2090 3560 2160 τρωθεῖσα.

2060 2170 2313 2231 Κάκεῖνος
2370 2170 2471 2244 γὰρ
2531 2172 2823 2245 γενόμενος
2871 2171 3084 2242 πιστὸς,
3120 2171 3169 2242 ἐξ
3200 2171 3449 2234 ἀπιστίας
3477 2178 3713 2248 ζωγρευ-

3480 2264 3635 2335 [θεὶς.

2060 2348 2156 2402 Kui
2189 2350 2333 2422 παρὰ
2366 2352 2598 2422 Χριστοῦ
2626 2352 2723 2403 τοῦ
2755 2348 2931 2425 Λόγου
2968 2348 3057 2404 xui
3090 2356 3372 2425 Σωτῆρος,

2060 2436 2229 2499 Εὐθὺς
2273 2438 2406 2512 πρὸς
2440 2434 2564 2507 ἔθνη
2597 2438 2664 2492 τὰ
2698 2438 2902 2511 μακρὰν
2933 2438 3024 2493 καὶ
3054 2436 3234 2513 πλάνῃ
3268 2435 3567 2513 βεϐυσμὲνα

2061 2528 2211 2603 Παρὰ
2238 2532 2334 2581 τοῦ
2367 2528 2514 2590 Θείου
2549 2528 2858 2600 ΙΙνεύματος
2890 2528 3044 2584 οὗτος
3080 2526 3438 2602 ἐξαπεστάλη,

2062 2616 2152 2678 Εἰς
2179 2618 2240 2670 τὸ
2265 2617 2549 2693 ζωγρεύειν
2577 2618 2673 2679 τὰς
2703 2618 2884 2691 ψυχάς
2912 2618 3007 2679 τάς
3042 2617 3548 2691 έκπεπλανημένας,

2057 2710 2143 2777 Τῷ
2186 2704 2342 2779 Λόγῳ
2370 2703 2464 2760 τοῦ
2494 2705 2848 2780 κηρύγματος
2881 2707 2969 2761 xui
3000 2714 3097 2776 τῆς
3130 2704 3508 2772 διδασκαλίας.

2058 2799 2229 2849 Ταῦτα
2266 2795 2357 2868 μὲν
2393 2794 2565 2857 οὕτως
2598 2791 2838 2871 ἔχουσιν,
2873 2795 2947 2858 ὡς
2980 2797 3155 2869 οἶμαι,
3191 2796 3523 2875 στεφηφόρε·

2060 2883 2136 2937 Σὺ
2164 2881 2220 2938 δὲ
2251 2881 2378 2957 μηδ’
2409 2884 2554 2947 ὅλως
2588 2882 2867 2959 έκπλαγῇς
2899 2886 3031 2960 ἅπερ
3063 2888 3096 2954 ἡ
3129 2886 3314 2960 νύμφη
3351 2886 3524 2962 λέγει.

2056 2974 2143 3035 Ὠς
2177 2971 2278 3049 ἄρα
2309 2974 2432 3050 χεὶρ
2465 2974 2744 3047 εὐώνυμος
2773 2974 2936 3029 αὐτοῦ
2965 2978 3034 3049 τῇ
3056 2974 3264 3052 κεφαλῇ
3295 2997 3421 3049 μου,

2057 3063 2118 3118 ἹΙ
2144 3061 2340 3118 τούτου
2374 3060 2419 3117 δ’
2450 3062 2601 3127 αὖθις
2633 3061 2777 3133 δεξιᾶ
2805 3064 2893 3118 καὶ
2924 3063 3287 3141 περιλήψεταί
3321 3086 3407 3139 με.

1976 3183 2019 3249 C
2058 3152 2275 3228 Τρόπον
2307 3153 2407 3229 γάρ
2446 3153 2641 3228 βέλους
2669 3158 2938 3226 κοσμικοῦ
2967 3154 3055 3209 xui
3087 3156 3389 3228 πετομένου
3428 3154 3597 3231 λέγω,

2059 3243 2120 3299 Ὁ
2148 3240 2311 3317 λόγος
2341 3242 2712 3318 ἐσχημάτισεν
2739 3243 2905 3312 αύτήν
2936 3242 3333 3314 ἐξαποστεῖλαι.

2625 3334 2740 3386 Τῶν
2781 3335 2825 3407 γ’
2866 3333 3139 3408 Πατέρων.

2127 3425 2188 3475 Ἡ
2263 3418 2587 3483 διδάσκαλος
2661 3424 2813 3498 ψυχή
2880 3422 3017 3497 πρὸς
3089 3422 3182 3484 τὰς
3260 3424 3707 3496 μαθητευομένας

2059 3508 2266 3585 φησίν’
2343 3512 2572 3585 ’Ὠρκισα
2666 3511 2851 3583 ὑμᾶς,
2930 3512 3213 3587 θυγατέρες
3287 3509 3705 3588 Ἰερουσαλήμ.

2056 3600 2283 3674 ’Ὠρκισα
2343 3596 2399 3653 δὲ
2455 3604 2610 3669 πῶς;
2666 3601 2768 3661 Τὰς
2844 3605 2939 3655 τοῦ
3016 3602 3254 3679 νυμφίου
3332 3600 3559 3665 ἀπειλάς
3614 3601 3706 3656 καὶ

2054 3688 2147 3749 τὰς
2233 3687 2579 3764 ἐπαγγελίας,
2639 3689 2733 3753 τάς
2816 3687 2973 3760 δίκην
3051 3690 3215 3766 ὅρκου
3296 3691 3705 3767 ἀναγκαζούσας

2053 3776 2181 3841 τοὺς
2236 3777 2529 3840 ἀκούοντας
2563 3779 2710 3849 αύτῷ
2745 3780 2896 3852 μόνῳ
2951 3779 3045 3834 τὸν
3096 3776 3263 3859 φόϐον
3313 3782 3400 3836 xui
3461 3783 3551 3836 τὸν
3602 3781 3703 3837 πό-

2057 3868 2148 3919 θον
2206 3865 2826 3943 τηρεῖν.Ἀναδιδάξασα
2857 3867 3060 3931 πάντας
3119 3870 3257 3944 ὑμᾶς
3314 3870 3408 3931 τὰς
3468 3869 3520 3925 έν
3573 3870 3709 3946 ἁγίῳ

2056 3955 2449 4031 άποτεχθείσας
2508 3979 2600 4029 μοι
2653 3957 2945 4031 Πνεύματι,
2994 3961 3125 4034 ὅπερ
3192 3959 3377 4028 ὅρασίς
3437 3958 3577 4015 ἐστιν
3634 3959 3711 4015 εἰ-

2057 4047 2251 4115 ρήνης,
2282 4046 2357 4107 ὡς
2408 4042 2641 4121 ὁδηγοῦν
2696 4049 2843 4117 ἡμᾶς
2898 4046 2974 4109 εἰς
3025 4054 3194 4102 πᾶσαν
3247 4050 3345 4117 τὴν
3403 4048 3705 4119 ἀλήθειαν·

2055 4133 2177 4203 ἥτις
2220 4132 2358 4188 ἐστὶν
2399 4135 2425 4188 ὁ
2469 4132 2809 4205 καταλλάξας
2847 4138 2996 4208 ἡμᾶς
3055 4140 3134 4209 τῷ
3196 4134 3319 4211 ἰδίῳ
3376 4138 3545 4213 Πατρὶ
3606 4160 3706 4212 μο-

2054 4224 2283 4297 νογενὴς
2314 4222 2476 4278 αὐτοῦ
2502 4224 2697 4299 Λόγος·
2731 4223 2916 4300 ὅρασις
2967 4226 3072 4301 γὰρ
3131 4225 3354 4302 εἰρήνης
3406 4231 3468 4282 τὸ
3510 4228 3711 4302 Ἰερου-

2055 4310 2244 4385 σαλὴμ
2291 4310 2658 4388 ἑρμηνεύεται.
2702 4315 2782 4368 Ἐν
2840 4321 2960 4377 ταῖς
3020 4312 3279 4387 δυνάμεσι
3328 4316 3417 4370 καὶ
3477 4315 3527 4370 ἐν
3587 4322 3709 4379 ταῖς

2056 4401 2300 4477 ἰσχύσεσι
2361 4406 2455 4455 τοῦ
2513 4403 2699 4478 ἀγροῦ,
2760 4402 2845 4457 έὲιν
2928 4403 3168 4477 ἐγείρητε
3242 4405 3330 4458 καὶ
3406 4405 3710 4481 έξεγείρητε

2054 4491 2151 4559 την
2213 4490 2446 4563 ἀγάπην,
2503 4488 2607 4552 τέως
2661 4491 2718 4545 av
2777 4491 3003 4567 θελήσῃ.
3066 4494 3289 4568 Ἤγουν,
3346 4490 3706 4570 Τοιουτοτρό-

1973 4562 2171 4641 Dxa):
2224 4578 2430 4653 ὥρκισα
2489 4580 2649 4652 ὑμᾶς,
2692 4580 2776 4635 ἐὰν
2837 4579 2888 4636 ἐν
2947 4588 3064 4644 ταῖς
3124 4562 3387 4658 ψυχικαῖς
3445 4562 3703 4657 δυνάμεσι

2055 4668 2143 4723 καὶ
2200 4675 2321 4731 ταῖς
2376 4675 2713 4741 σωματικαῖς
2760 4670 3041 4741 αἰσθήσεσι
3093 4670 3185 4745 (δι’
3216 4673 3287 4725 ὧν
3349 4673 3404 4727 αἱ
3460 4678 3707 4729 τοιαῦται

2058 4754 2307 4830 δυνάμεις
2341 4756 2573 4834 ἐνεργεῖν
2604 4758 2887 4834 ἰσχύουσιν
2931 4762 3004 4825 ὡς
3053 4763 3105 4815 ἐν
3158 4762 3305 4837 ἀγρῷ
3352 4766 3431 4833 τῷ
3488 4762 3707 4834 κόσμῳ)

2058 4845 2304 4921 έγείρητε
2358 4848 2476 4901 κατ’
2530 4847 2725 4923 ἀρετὴν
2781 4848 2832 4903 έν
2884 4851 3101 4912 ἑαυταῖς
3175 4850 3264 4904 καὶ
3343 4850 3431 4906 ἐπὶ
3506 4849 3703 4905 πλεῖον

2059 4935 2356 5011 ἐξεγείρῃ-ξε
2440 4936 2575 4991 κατὰ
2657 4942 2849 5012 γνῶσιν
2924 4940 3021 5008 τὴν
3084 4939 3324 5014 ἀγάπην,
3385 4939 3418 5008 ἤ
3478 4938 3617 4994 ἐστιν
3678 4940 3706 4994 ὁ

2061 5024 2193 5099 ὑπὶρ
2250 5032 2351 5095 τῆς
2421 5028 2579 5098 ἡμῶν
2654 5026 2925 5101 σωτηρίας
2987 5025 3413 5101 καταδεξάμενος
3479 5028 3703 5093 θάνατον

2061 5114 2359 5189 μονογενὴς
2406 5119 2502 5167 τοῦ
2560 5120 2692 5169 Θεοῦ
2751 5117 2873 5178 Υἱὸς
2930 5117 3017 5170 καὶ
3050 5111 3246 5191 Λόγος,
3278 5114 3381 5180 ἓως
3413 5116 3471 5172 ἂν
3504 5117 3707 5192 θελήσῃ

2059 5202 2281 5272 ἀξιῶσαι
2332 5204 2478 5275 ἡμᾶς
2526 5210 2626 5273 τῆς
2685 5204 2850 5259 αὐτοῦ
2910 5204 3195 5283 ἐμφανείας
3260 5203 3348 5260 διὰ
3411 5214 3511 5276 τῆς
3570 5206 3705 5262 κατᾶ

2057 5292 2221 5367 χάριν
2284 5293 2547 5355 θεώσεως.
2605 5292 2665 5347 Εἰ
2724 5294 2827 5369 γάρ
2889 5295 2966 5367 μὴ
3027 5294 3168 5349 οὕτω
3240 5292 3521 5361 διατεθῆτε
3576 5295 3701 5371 περί

2054 5381 2153 5449 τήν
2211 5379 2440 5456 ἀγάπην,
2500 5380 2575 5443 εἰς
2639 5384 2811 5455 μάτην
2873 5381 3069 5438 λοιπὸν
3130 5382 3409 5457 ἀνεδίδαξα
3442 5386 3581 5458 ὑμᾶς
3608 5384 3705 5447 τὰς

2056 5473 2152 5524 τοῦ
2181 5467 2417 5547 νυμφίου
2449 5468 2700 5540 ἀπειλὰς,
2732 5471 2821 5527 καὶ
2878 5470 3224 5548 ἐπαγγελίας,
3288 5475 3363 5547 μὴ
3401 5469 3705 5548 βεϐαιώσας

2060 5556 2149 5615 διὰ
2202 5558 2414 5615 τούτων
2469 5560 2649 5636 ὥσπερ
2710 5557 2779 5616 δι’
2809 5560 2974 5637 ὅρκου
3010 5562 3101 5617 τὸν
3160 5562 3296 5640 πρὸς
3345 5561 3503 5619 αὐτὸν
3579 5560 3709 5637 ὑμέ·
