4046 6144
344 341 455 402 581

1391 341 1801 403 COMMENT.
1847 341 1928 401 IN
1971 341 2366 403 CAN'l‘lCUM
2414 342 2726 405 CANTIC.

3646 346 3764 405 582

346 494 500 549 τερον
563 466 730 547 φόϐον
794 471 883 526 καὶ
961 469 1151 538 πόθον,
1210 468 1313 535 ἕως
1384 471 1443 526 ἂν
1500 473 1656 537 αὐτὸς
1715 477 1750 544 ἡ
1798 473 1994 548 ἀγάπη,

2155 474 2373 530 haritas
2404 480 2493 530 est
2534 476 2597 543 1°,
2647 493 2765 548 quae
2811 491 3096 547 nunquam
3143 477 3353 531 excidit
3401 476 3467 546 ³⁷,
3513 478 3768 534 adventu

347 562 471 632 ἥτις
503 558 629 616 οὐδά
657 582 790 615 ποτε
814 558 1083 629 ἐκπίπτει,
1111 559 1386 635 ἐπιφανεὶς
1418 565 1552 636 ἡμῖν
1606 564 1704 632 την
1751 563 2003 640 στρεψίαν

349 652 679 730 χαρίσηται.

1063 774 1310 832 Ψελλοῦ.

361 893 534 953 Ἀλλά
569 894 761 970 καιρὸς
800 893 892 948 καὶ
920 897 1028 947 τῶν
1062 893 1184 964 ἑξῆς
1218 893 1500 967 ’ᾼσμάτων
1537 895 1850 950 ἐπακοῦσαι.

367 979 664 1043 Ἀντιϐολεῖ
692 985 796 1059 γὰρ
827 985 1051 1056 καθεξῆς
1081 984 1170 1037 καὶ
1200 982 1364 1038 πάλιν
1396 984 1522 1046 τοὺς
1557 983 1841 1059 ἀγγὲλους·

435 1167 664 1238 ’Ὡρκισα
752 1163 910 1234 ὑμᾶς,
1001 1160 1283 1238 θυγατέρες
1343 1159 1709 1237 Ἰερουσαλὴμ
1769 1162 1820 1217 ἐν
1895 1168 2013 1224 ταῖς

362 1251 618 1324 δυνάμεσι
698 1251 788 1306 καὶ
847 1250 902 1304 ἐν
957 1256 1077 1313 ταῖς
1176 1251 1422 1326 ἷσχύσεσι
1501 1256 1599 1306 τοῦ
1683 1251 1872 1328 ἀγροῦ,
1926 1250 2014 1306 ἰάν

361 1341 614 1416 ὲγείρητε
661 1339 750 1395 καὶ
813 1340 1118 1415 ἐξεγείρητε
1191 1342 1291 1410 την
1364 1341 1600 1417 ἀγαπην,
1657 1338 1762 1404 ἕως
1811 1339 1869 1395 ἂν
1931 1353 2016 1404 θι-

356 1430 526 1505 λήσῃ.

437 1519 634 1596 Ἀγρὸν
664 1520 756 1574 τὸν
789 1518 994 1591 κόσμον
1024 1518 1223 1588 νόησον
1251 1537 1264 1551 ·
1299 1517 1456 1594 ἰσχὺν
1492 1516 1547 1573 δὲ
1589 1518 1785 1574 τούτου
1830 1518 2018 1594 πάλιν,

359 1610 468 1677 Τὴν
499 1613 598 1663 τοῦ
632 1609 901 1663 Δεσπότου
929 1605 1156 1680 δύναμιν
1183 1612 1280 1661 τοῦ
1324 1603 1502 1682 Λόγου
1532 1610 1621 1662 καὶ
1652 1609 1910 1684 νυμφίου.

366 1697 512 1766 Φησὶ
544 1697 669 1773 γὰρ,
704 1702 769 1752 Ὦ
797 1697 1154 1775 νυμφαγωγοὶ
1186 1697 1276 1750 καὶ
1311 1695 1462 1775 φίλοι
1491 1701 1589 1752 τοῦ
1620 1697 1875 1773 νυμφίου,

363 1785 608 1849 Ἐκείνας
637 1783 1008 1859 καταλείψασα
1038 1787 1132 1849 τὰς
1162 1792 1412 1861 συνεχεῖς
1445 1787 1706 1857 αἶ’τησεις,

368 1877 502 1939 Μεθ’
536 1875 703 1951 ὅρκου
735 1874 882 1950 φὲρω
917 1872 1096 1944 δέησιν
1133 1876 1260 1947 ὑμῖν
1294 1875 1398 1929 ἀπο
1439 1873 1685 1951 καρδίας,

367 1961 664 2035 Μηδέποτε
692 1965 1060 2034 παυθήσεσθαι
1096 1963 1504 2038 λαμπρύνοντές
1541 1986 1605 2037 με
1635 1963 1826 2031 πλέον,

371 2053 475 2109 Καὶ
505 2054 602 2120 τὴν
634 2052 771 2125 ἐμὴν
805 2053 1116 2125 αὐξάνοντες
1149 2052 1362 2127 ἀγάπην
1395 2053 1530 2128 πρὸς
1560 2054 1652 2107 τὸν
1686 2053 1879 2127 Λόγον.

365 2141 584 2217 Μὲχρις
617 2141 676 2195 ἂν
710 2141 848 2211 ὅλην
885 2162 952 2214 με
980 2141 1156 2210 καλὴν
1193 2141 1488 2218 ὲργάσησθε
1511 2148 1630 2206 τοῖς
1656 2143 1903 2218 τρόποις,

374 2231 476 2286 Καὶ
513 2231 708 2306 μᾶχρις
737 2228 797 2284 ἃν
831 2228 1168 2306 ἐκπληρωθῇ
1211 2229 1428 2302 θέλημα
1452 2235 1548 2285 τοῦ
1588 2231 1842 2309 νυμφίου.

373 2322 548 2376 Τοῦτο
581 2317 626 2374 δ’
658 2318 769 2374 ἐστὶ
797 2319 860 2374 τὸ
894 2318 1112 2393 θέλημα
1143 2319 1233 2373 καὶ
1268 2317 1435 2391 μόνον
1465 2324 1562 2374 τοῦ
1592 2322 1853 2397 νυμφίου,

371 2409 484 2464 Τοῦ
517 2407 772 2472 θέλοντος
799 2409 861 2462 τὸ
893 2409 1156 2476 σώζεσθαι
1207 2408 1409 2470 πάντας
1465 2410 1782 2483 ἀνθρώπους
1832 2405 2026 2480 ὅντως,

371 2497 443 2551 Τὸ
473 2497 709 2570 καθαράν
745 2518 811 2568 με
839 2495 1121 2559 παντελῶς
1154 2496 1243 2552 καί
1272 2499 1472 2572 θεαυγῆ
1507 2505 1756 2567 φανῆναι.

374 2583 538 2641 Ἀλλ’
566 2584 722 2650 αὖθις
755 2587 1118 2661 θεωρήσωμεν
1148 2587 1216 2640 τὰ
1243 2587 1359 2641 καθ’
1389 2585 1581 2662 εἷ’ρμὸν
1617 2592 1714 2641 τοῦ
1747 2586 1935 2663 λόγου,

799 2710 965 2779 Φωνὴ
1006 2714 1102 2764 τοῦ
1141 2707 1439 2788 ἀδελφιδοῦ
1483 2732 1608 2783 μου.

447 2830 721 2885 Τοσοῦτον
751 2824 1134 2897 ἀκατάληπτον
1169 2823 1337 2889 ὅντως
1368 2826 1479 2883 ἐστὶ
1511 2828 1571 2882 τὸ
1603 2834 1778 2898 Θεῖον,

377 2920 494 2972 Ὅτι
523 2914 618 2971 κᾶν
652 2915 825 2978 πάσας
857 2917 1047 2991 ἀρετάς
1076 2937 1158 2978 τις
1189 2916 1508 2993 κατορθώσῃ
1542 2918 1744 2989 πόνοις,

386 3004 487 3060 Κᾶν
522 3006 713 3080 ὕψωθῇ
743 3007 878 3081 πρὸς
913 3005 1174 3082 οὐρανοὺς
1203 3011 1322 3068 τοῖς
1354 3005 1625 3080 ἐναρέτοις
1657 3004 1904 3082 τρόποις,

392 3095 675 3152 Κάντεῦθεν
708 3094 965 3171 σύνεγγυς
995 3099 1129 3151 Θεοῦ
1157 3096 1359 3169 νομίσῃ
1386 3095 1720 3167 καθεστάναι,

391 3190 546 3239 Ἵστω
577 3185 866 3260 τυγχάνειν
899 3183 1178 3260 πόρῤωθεν
1209 3191 1308 3254 τῆς
1339 3187 1523 3254 θεϊκῆς
1555 3185 1764 3249 οὐσίας.

387 3270 526 3330 Ἰδοὺ
555 3273 660 3349 γὰρ
693 3275 727 3342 ἡ
760 3275 1082 3349 προκύψασα
1110 3273 1198 3328 καὶ
1229 3275 1472 3351 φθάσασα
1496 3275 1632 3349 πρὸς
1663 3273 1820 3348 ὕψος,

387 3364 492 3417 Καὶ
521 3360 883 3438 προσδοκῶσα
922 3363 1175 3438 σύνεγγυς
1199 3362 1410 3417 ἑστάναι
1441 3367 1536 3417 τοῦ
1566 3364 1820 3442 νυμφίου,

386 3450 584 3508 Οὐσίαν
612 3458 711 3520 τῆς
747 3451 1008 3521 θεότητος
1037 3449 1153 3506 οὐδ’
1186 3451 1332 3513 ὅλως
1365 3451 1679 3528 ἐπεγνώκει.

385 3541 583 3609 Φωνὴν
613 3538 670 3594 δὲ
695 3539 892 3595 τούτου
922 3540 1120 3612 νόησον
1152 3545 1259 3596 τῶν
1292 3546 1588 3618 προφητῶν
1619 3542 1714 3604 τὰς
1749 3542 1960 3617 ῥήσεις,

383 3629 490 3690 Τὰς
522 3631 621 3699 τὴν
649 3633 746 3684 τοῦ
778 3629 952 3706 Λόγου
983 3630 1253 3704 σάρκωσιν
1282 3629 1533 3707 ἀρῥήτως
1559 3629 1966 3704 προδηλώσας.

387 3719 518 3775 Εἶτα
546 3719 637 3773 καὶ
667 3719 718 3772 τί
750 3741 908 3796 φησιν
943 3719 1087 3792 ἑξῆς,
1122 3719 1294 3774 ἐκεῖνο
1327 3720 1646 3791 σκοπητὲον.

461 3895 604 3953 Ἰδοὺ
654 3898 811 3960 οὗτος
851 3897 972 3968 ἥκει
1022 3895 1212 3969 πηδῶν
1259 3897 1347 3954 ἐπὶ
1394 3899 1461 3954 τὰ
1507 3893 1634 3975 ὅρη,
1677 3897 2043 3974 διαλλόμενος

393 3987 478 4041 ἰπὶ
511 3985 639 4049 τοὺς
675 3987 922 4062 βουνούς,

467 4075 710 4130 Εἷποῦσα
738 4080 954 4150 πρῶτον
986 4079 1083 4146 τῆς
1129 4083 1313 4152 φωνῆς
1366 4078 1590 4132 ἀκοῦσαι
1638 4082 1735 4133 τοῦ
1785 4078 2042 4156 νυμφίου,

393 4166 580 4232 Οὗτος,
617 4164 771 4239 φησὶ,
806 4169 892 4220 νῦν
927 4163 1143 4241 ἔρχεται
1173 4163 1359 4236 πηδῶν
1393 4165 1481 4221 ἐπὶ
1509 4166 1576 4221 τὰ
1605 4162 1730 4241 ὅρη.

395 4252 593 4316 Καλῶς
629 4252 1028 4331 ἐφιλοσόφησεν
1061 4257 1096 4325 ἡ
1127 4256 1336 4331 καθαρά
1363 4257 1646 4332 παρθένος,

392 4345 453 4402 Ὁ
483 4342 584 4419 γάρ
612 4365 698 4398 τοι
731 4344 905 4418 Λόγος
932 4348 1028 4399 τοῦ
1060 4349 1193 4399 Θεοῦ
1223 4346 1328 4414 πρὸ
1360 4352 1457 4414 τῆς
1488 4345 1562 4407 εἷς
1590 4349 1691 4421 γῆν
1719 4343 1973 4416 καθόδου,

395 4435 690 4510 Προφήτας
720 4433 1059 4506 ἐξαπέστειλε
1088 4433 1374 4511 προλέγειν
1401 4436 1500 4504 την
1530 4434 1736 4490 ἐκείνου

395 4523 510 4591 Τήν
538 4523 669 4596 πρὸς
700 4523 1019 4598 ἀνθρώπους
1046 4521 1299 4596 κάθοδον,
1330 4524 1420 4579 καὶ
1455 4524 1722 4600 σάρκωσιν
1752 4526 1850 4594 τὴν
1882 4525 2045 4590 θείαν.

397 4612 547 4668 Μετᾶ
572 4609 628 4666 δὲ
651 4612 876 4674 τούτους
906 4608 1102 4690 ἔφθασε
1125 4613 1374 4677 κάκεῖνος
1405 4613 1717 4690 οὐρανόθεν.

397 4701 463 4758 Ὀ
495 4698 552 4755 δὲ
577 4702 762 4773 παρὼν
796 4701 1086 4757 αἰνίττεται
1120 4701 1288 4778 λόγος
1320 4704 1347 4757 ὁ
1385 4707 1494 4758 τῶν
1525 4703 1836 4776 ’ᾼσμάτων,

400 4790 481 4845 Τὸ
510 4793 609 4854 τῆς
644 4788 1103 4864 ἐνανθρωπήσεως
1131 4796 1226 4846 τοῦ
1258 4793 1606 4868 θεανθρώπου
1639 4795 1841 4868 Λόγου.

401 4880 482 4932 Δι’
512 4881 578 4947 ἧς
607 4878 898 4935 εἷλκύσατο
930 4883 1110 4954 ψυγας
1140 4880 1192 4935 ἐν
1227 4881 1404 4935 σκότει
1436 4881 1769 4953 καθημένας,

404 4967 675 5041 Δαίμονας
708 4966 873 5031 ὅλους
903 4967 1147 5033 καθελὼν
1183 4970 1272 5024 καὶ
1309 4969 1447 5044 μόνῃ
1480 4967 1752 5029 κελεύσει.

402 5056 636 5117 Τούτους
663 5058 765 5133 γὰρ
799 5053 898 5132 ὅρη
935 5056 1170 5128 κέκληκε
1197 5059 1284 5112 καὶ
1319 5056 1482 5113 πάλιν
1516 5058 1744 5134 βουνοὺς
1779 5059 1947 5134 λέγει.

404 5151 840 5222 Θαυματουργῶν
895 5147 996 5223 γὰρ
1053 5149 1080 5202 ὁ
1140 5148 1401 5223 Χριστὸς,
1465 5150 1555 5203 καὶ
1633 5146 1892 5221 δαίμονας
1966 5147 2055 5203 ἐκ·

1734 5233 1982 5306 Ιϐάλλων

405 5324 494 5396 Τῷ
526 5323 678 5399 λόγῳ
711 5323 885 5398 μόνῳ,
919 5323 1224 5398 ξύμπαντας
1256 5323 1446 5397 ἐπίσης
1490 5325 1803 5400 ἐταρτάρου,

403 5411 728 5476 Ἑλάττονας
759 5415 848 5470 καὶ
882 5415 1128 5488 μείζονας
1157 5415 1249 5470 καὶ
1283 5413 1495 5488 μᾶλλον
1529 5413 1821 5490 λεγεῶνας.

403 5503 632 5559 Ἔπειτα
658 5500 712 5559 τί
745 5523 906 5582 φησιν
940 5502 1094 5568 εὐθὺς
1125 5505 1160 5574 ἡ
1199 5503 1410 5582 νύμφη,
1445 5505 1767 5576 σκοπητὲονο

478 5665 526 5705 ﬂ
556 5666 579 5724 Ι
605 5665 778 5726 Joan.
808 5682 888 5741 ιν,
920 5667 1008 5724 16.
1085 5667 1129 5705 ³⁷
1160 5667 1183 5726 Ι
1211 5668 1342 5727 Cor.
1374 5684 1500 5742 xm,
1529 5667 1586 5726 8.
1661 5667 1704 5706 ³⁸
1735 5670 1760 5728 Ι
1788 5665 1942 5728 Tim.
1977 5685 2039 5743 ιι,
2070 5669 2124 5729 4.

2121 583 2228 620 suo
2260 565 2426 620 nobis
2456 563 2998 620 immutabililatcm
3031 563 3338 636 largiatur.

2846 779 3040 835 Psetli.

2191 897 2406 953 Verum
2438 901 2673 969 tempus
2702 900 2809 962 est,
2841 902 2907 952 ut
2937 914 3070 969 quae
3102 904 3434 969 sequuntur
3463 897 3522 953 in
3567 899 3772 955 Canti-

2123 986 2207 1041 cis
2240 985 2575 1042 audiamus.
2628 987 2853 1043 Rursus
2904 988 3057 1042 enim
3113 987 3353 1060 angelos
3402 989 3672 1046 obsecrat
3721 992 3778 1044 et

2125 1075 2453 1130 obtestatur
2485 1092 2497 1130 :

2193 1164 2459 1232 Adiuran
2514 1180 2623 1232 vos,
2683 1165 2817 1234 ﬁlia:
2871 1165 3205 1234 Jerusalem,
3259 1182 3355 1236 per
3401 1169 3684 1238 potentias
3728 1172 3781 1222 et

2123 1252 2489 1326 fortitudines
2519 1254 2664 1325 agri,
2694 1262 2754 1309 ut
2776 1255 3044 1310 suscitetis
3075 1262 3125 1311 et
3153 1256 3398 1310 excitetis
3428 1257 3778 1328 charitatem,

2125 1343 2297 1398 donec
2327 1344 2586 1399 voluerit.

2198 1522 2346 1593 Ager
2376 1520 2484 1576 tibi
2515 1521 2591 1576 sit
2625 1523 2882 1577 mundus
2918 1538 2930 1577 :
2964 1521 3145 1592 hujus
3175 1521 3479 1593 fortitudo,
3514 1525 3779 1594 potestas

2129 1609 2363 1666 Domini
2391 1609 2564 1664 Verbi
2599 1627 2666 1665 ac
2696 1611 2919 1682 sponsi.
2974 1611 3112 1676 Vos,
3164 1610 3372 1682 inquit,
3429 1611 3530 1683 qui
3577 1612 3780 1683 sponsi

2130 1699 2470 1769 nuptiarum
2505 1699 2763 1754 ministri
2795 1701 2936 1755 estis
2969 1704 3145 1771 atque
3174 1701 3640 1766 amici,assiduis
3673 1702 3781 1756 ﬂa-

2132 1787 2515 1860 gitationibus
2548 1787 2806 1856 omissis,
2828 1788 3218 1860 jurejurando
3251 1805 3458 1861 precor
3487 1806 3556 1846 ex
3584 1789 3784 1847 animo

2053 1852 2103 1917 B
2133 1852 2308 1948 atque
2338 1877 2618 1945 obtestor,
2664 1894 2736 1932 ne
2786 1852 3094 1948 prius'me
3143 1852 3415 1934 decorare
3465 1879 3785 1949 desistatis,

2132 1982 2314 2036 quam
2363 1966 2636 2037 partibus
2684 1982 2750 2021 ac
2785 1968 3048 2022 numeris
3077 1968 3356 2023 omnibus
3385 1974 3660 2023 ornatum
3693 1974 3784 2024 at-

2134 2070 2247 2126 que
2277 2054 2592 2126 expolitam
2625 2055 2886 2110 moribus
2917 2056 3316 2127 reddideritis,
3348 2062 3406 2111 et
3436 2058 3638 2129 sponsi
3688 2073 3788 2113 vo-

2132 2142 2329 2199 luntas
2361 2142 2586 2215 expleta
2619 2145 2813 2212 fuerit,
2847 2145 3018 2215 cujus
3050 2145 3286 2217 quidem
3319 2145 3440 2201 haec
3473 2152 3562 2202 est
3592 2146 3791 2202 volun-

2130 2238 2222 2287 tas
2255 2233 2428 2288 unica
2457 2233 2593 2300 “,ut
2619 2233 2890 2289 homines
2922 2234 3168 2305 pervelit
3197 2251 3402 2291 omnes
3423 2235 3615 2292 salvos
3637 2236 3788 2306 ﬁeri,

2140 2339 2346 2394 meque
2380 2322 2550 2393 plane
2580 2324 2864 2378 mundam
2897 2341 2964 2379 ac
3014 2325 3209 2379 divino
3259 2325 3570 2395 splendore
3616 2325 3790 2382 illus—

2134 2415 2282 2466 trem
2316 2426 2466 2466 esse.
2499 2412 2609 2466 Sed
2638 2411 2920 2467 orationis
2958 2414 3167 2468 seriem
3214 2413 3600 2485 contemplari
3654 2431 3788 2486 per-

2135 2514 2367 2570 gamus.

2656 2715 2766 2770 Vox
2794 2714 3111 2770 consobrini
3136 2716 3265 2771 mei.

2206 2831 2462 2886 Tantum
2494 2831 2672 2886 abest
2705 2835 2770 2886 ut
2803 2831 3079 2886 divinitas
3109 2832 3530 2904 comprehendi
3562 2838 3739 2905 queat
3774 2849 3787 2889 :

2139 2919 2361 2984 ut,licet
2388 2919 2708 2976 virtutibus
2731 2919 2809 2975 sit
2831 2920 3124 2992 quispiam
3151 2921 3428 2977 omnibus
3451 2926 3791 2988 exornatus,

2138 3009 2430 3079 rectisque
2461 3007 2692 3064 vivendi
2743 3008 3068 3064 rationibus
3116 3009 3392 3066 sublimis
3443 3009 3684 3066 tollatur
3731 3009 3792 3064 in

2139 3097 2446 3163 coalum,ac
2476 3101 2782 3168 propterea
2814 3114 2876 3153 se
2907 3098 3168 3168 proxime
3199 3098 3273 3154 ad
3303 3099 3488 3155 Deum
3513 3104 3678 3171 putet
3697 3117 3795 3155 ac-

2062 3224 2106 3288 c
2143 3187 2365 3256 cedere,
2397 3187 2469 3242 ab
2501 3186 2630 3256 ejus
2661 3190 2858 3242 tamen
2911 3191 3124 3242 natura
3173 3187 3224 3243 is
3274 3187 3494 3244 distare
3541 3205 3605 3244 se
3651 3187 3801 3244 sciat

2144 3292 2322 3347 quam
2349 3275 2714 3346 longissime.
2746 3275 2893 3331 Ecce
2939 3276 3094 3330 enim
3145 3292 3388 3348 sponsa,
3439 3293 3567 3348 quae
3619 3277 3799 3348 proﬁ-

2144 3365 2350 3422 ciendo
2376 3365 2447 3420 ad
2471 3381 2602 3420 eam
2623 3363 3050 3420 sublimitatem
3077 3381 3389 3437 progressa
3407 3371 3588 3437 est,ut
3607 3365 3799 3438 proxi-

2147 3470 2238 3509 me
2267 3455 2340 3509 ad
2395 3470 2679 3525 sponsum
2729 3453 3029 3509 videretur
3076 3455 3420 3522 accessisse,
3471 3454 3800 3510 divinitatis

2147 3541 2462 3599 essentiam
2491 3541 2648 3597 haud
2684 3541 2942 3614 percepit
2987 3542 3250 3598 omnino.
3303 3543 3392 3598 Tu
3441 3559 3540 3614 per
3591 3560 3795 3600 vocem

2149 3632 2352 3701 sponsi
2384 3630 2621 3687 oracula
2653 3631 3066 3702 prophetarum
3103 3631 3322 3703 accipe,
3353 3648 3483 3703 quae
3522 3648 3802 3689 arcanam

2147 3721 2320 3777 Verbi
2393 3720 2859 3776 incarnationem
2932 3721 3338 3792 prodiderunt.
3396 3721 3545 3786 Quid
3606 3726 3803 3778 autem

2157 3811 2436 3881 deinceps
2459 3809 2635 3874 dicat,
2665 3815 2755 3864 est
2783 3810 3230 3865 attendendum.

2222 3901 2354 3954 Ecce
2405 3899 2493 3954 hic
2547 3899 2698 3954 venit
2745 3899 2955 3954 saliens
3012 3900 3073 3953 in
3129 3899 3427 3966 montibus,
3483 3901 3808 3956 transiliens

2153 3990 2342 4046 colles.

2225 4078 2368 4133 Cum
2401 4080 2577 4132 antea
2607 4076 2806 4148 sponsi
2841 4092 3037 4131 vocem
3071 4076 3274 4132 audire
3305 4093 3369 4133 se
3399 4077 3811 4151 dixissetjam,

2154 4167 2367 4238 inquit,
2399 4167 2490 4222 hic
2511 4169 2660 4221 venit
2705 4165 2917 4221 saliens
2962 4183 3127 4236 super
3175 4175 3402 4223 montes.
3459 4168 3610 4224 Scite
3663 4186 3813 4241 pura

2155 4256 2333 4327 Virgo
2367 4254 2837 4326 philosophatur.
2871 4255 3015 4309 Nam
3047 4254 3302 4310 Verbum
3334 4256 3459 4325 Dei,
3491 4262 3808 4329 antequam

2157 4346 2537 4401 descenderet
2564 4343 2624 4398 in
2657 4343 3186 4414 terram,pra3misit
3216 4344 3532 4416 prophetas
3563 4346 3662 4416 qui
3705 4347 3814 4401 ad-

2156 4438 2393 4490 ventum
2426 4449 2601 4488 suum
2636 4436 2691 4485 et
2723 4432 2980 4486 divinam
3033 4433 3493 4492 incarnationem
3545 4451 3815 4505 prmnun-

2158 4524 2391 4579 tierent.
2427 4521 2559 4577 Mox
2591 4526 2647 4576 et
2676 4519 2801 4592 ipse
2856 4521 2926 4575 de
2973 4521 3117 4576 cmlo
3165 4523 3462 4593 profectus
3521 4527 3630 4578 est.
3683 4523 3814 4578 Haec

2081 4593 2128 4657 D
2160 4613 2342 4684 igitur
2370 4611 2547 4666 verba
2574 4610 2947 4664 Canticorum
2983 4609 3238 4664 innuunt
3269 4611 3449 4666 divini
3497 4611 3670 4667 Verbi
3720 4613 3811 4666 in-

2167 4701 2592 4766 carnationem,
2628 4714 2731 4770 per
2760 4716 2938 4770 quam
2973 4698 3204 4755 animas
3233 4700 3291 4754 in
3328 4700 3587 4756 tenebris
3618 4701 3819 4756 consi-

2165 4793 2370 4846 dentes
2429 4788 2719 4857 liberavit,
2767 4789 2944 4858 jussu
2996 4787 3119 4843 solo
3177 4788 3389 4858 fugatis
3447 4788 3816 4846 daemonibus

2166 4878 2480 4945 universis,
2516 4895 2662 4949 quos
2696 4881 2928 4933 montes
2955 4876 3211 4948 appellat
3261 4894 3326 4932 ac
3378 4877 3590 4933 deinde
3634 4877 3815 4933 colles

2162 4974 2350 5024 vocat.
2385 4968 2654 5023 Christus
2686 4967 2844 5021 enim
2878 4967 3056 5021 edens
3089 4966 3393 5035 miracula,
3430 4971 3608 5038 atque
3661 4972 3814 5025 inte-

2164 5075 2300 5131 gras
2332 5059 2662 5113 daemonum
2694 5056 2955 5127 legiones
2985 5056 3226 5125 ejiciens
3250 5057 3424 5112 verbo
3472 5057 3620 5128 solo,
3672 5074 3820 5114 cun-

2165 5153 2287 5202 ctos
2319 5145 2494 5201 simul
2528 5150 2652 5200 tum
2687 5146 2942 5216 majores
2974 5148 3098 5199 tum
3135 5143 3389 5201 minores
3421 5145 3478 5199 in
3528 5149 3817 5203 tartarum

2165 5237 2433 5292 detrusit.
2465 5235 2610 5300 Quid
2645 5235 2847 5289 statim
2880 5250 3100 5306 sponsa
3133 5234 3325 5291 dicere
3357 5238 3582 5308 pergat,
3603 5251 3818 5310 expen-

2164 5327 2398 5381 damus.
