4040 6146
333 352 447 413 583

401 485 617 542 δίηιὶιίε
671 490 754 541 εει
804 486 1181 542 comobrimus
1239 502 1389 543 meus
1428 502 1633 559 capreae
1677 486 1976 542 hinnulove
2003 491 2056 557 Α

331 590 613 632 cervorum
642 576 708 630 in
734 575 1014 631 montibus
1045 576 1264 632 Bethel.

398 666 529 721 Haec
561 681 741 737 prope
771 665 962 721 simile
1010 667 1289 735 quiddam
1341 666 1678 740 signiﬁcant
1724 665 1798 722 iis
1846 683 1974 738 quae

325 754 481 810 dicta
510 760 669 810 sunt.
701 753 1010 809 Declarant
1053 755 1230 825 enim,
1280 755 1535 811 Verbum
1582 762 1641 811 et
1687 771 1973 827 sponsum

322 845 621 917 expulisse
650 845 962 913 daemones,
1014 850 1186 916 atque
1214 844 1273 900 in
1306 850 1594 901 tartarum
1626 847 1971 902 detrusisse.

322 939 617 1007 Sponsum
635 938 831 989 autem
855 933 1102 989 hinnulo
1126 950 1431 990 cervorum
1453 939 1755 1007 comparat
1774 935 1972 1007 Virgo,

322 1025 405 1080 ita
457 1026 748 1079 daemones
802 1023 1231 1095 profligantem,
1280 1030 1346 1079 ut
1386 1024 1672 1080 hinnulus
1703 1025 1971 1081 destruit.

321 1112 617 1169 Hinnulus
648 1112 743 1167 hic
774 1113 833 1167 in
866 1112 1169 1168 montibus
1201 1114 1393 1169 foveas
1415 1113 1785 1169 habet.Mons
1816 1113 1972 1169 enim

322 1202 523 1259 Bethel
584 1201 821 1257 caeleste
872 1201 1093 1257 indicat
1136 1201 1525 1257 domicilium.
1575 1205 1794 1274 Caprea
1841 1219 1974 1259 vero

322 1290 631 1363 allegorice
661 1290 995 1362 (videntem)
1029 1288 1343 1361 signiﬁcat.
1376 1290 1523 1346 Nam
1549 1291 1675 1363 ipse
1704 1290 1971 1348 omnium

323 1382 500 1438 corda
528 1379 815 1436 intuetur.

915 1576 1101 1632 Trium
1128 1576 1381 1632 Patrum.

393 1683 511 1740 Hoc
540 1686 737 1739 autem
769 1685 937 1754 pacto
976 1698 1110 1738 cum
1165 1681 1458 1739 discentes
1501 1683 1732 1740 animas
1782 1683 1967 1757 magi-

321 1778 445 1830 stra
493 1788 714 1845 sponsa
772 1771 1088 1841 docuisset,
1137 1775 1205 1827 ut
1249 1776 1377 1828 tum
1428 1788 1608 1844 prensa
1656 1773 1968 1830 formidine

1664 352 2081 415 MICHAELIS
2125 354 2400 416 PSELLI

3624 356 3748 417 584

2158 486 2391 558 Ὅμοιός
2421 485 2560 541 ἐστιν
2593 481 2885 562 ἀδελφιδός
2920 505 3024 559 μου
3193 482 3416 560 δορκάδι
3461 487 3496 556 ἢ
3549 487 3745 565 ἐλάφῳ

2084 573 2171 629 ἐπὶ
2201 575 2268 630 τὰ
2298 575 2399 651 ὸρη
2433 573 2668 646 Βαιθήλ.

2159 661 2365 739 Σχεδὸν
2390 666 2582 719 ταυτόν
2612 685 2664 719 τι
2695 663 2899 741 πξφυκε
2927 668 3086 720 τοῦτο
3116 669 3233 728 τοῖς
3264 665 3655 743 προρῥηθεῖαι,

2086 750 2376 807 Κάντεῦθεν
2406 754 2506 830 γὰρ
2549 750 2829 824 δεδήλωκε
2852 754 2943 809 τὸν
2974 754 3154 829 Λόγον
3181 754 3271 809 καὶ
3301 756 3561 833 νυμφίον,

2083 840 2219 903 Τοὺς
2251 840 2506 915 δαίμονας
2540 840 2831 898 ἐλαύνοντα
2860 844 2949 897 καὶ
2979 849 3500 920 καταταρταροῦντα.

2083 926 2278 1004 Νεϐρῷ
2310 929 2355 986 δ’
2381 932 2478 987 αὐτ
2494 954 2540 986 »ν
2572 932 2889 1009 παρείκασεν
2921 931 3135 1011 ἐλάφων
3168 935 3203 1002 ἡ
3234 933 3527 1010 Παρθένος.

2082 1021 2171 1080 Ὠς
2205 1017 2364 1089 δῆθεν
2395 1019 2756 1076 ἀναλίσκοντα
2782 1022 2880 1090 τὴν
2911 1020 3065 1098 φύσιν
3093 1026 3200 1076 τῶν
3236 1019 3534 1095 δαιμόνων,

2080 1113 2283 1183 Ὠσπερ
2313 1108 2441 1173 τοὺς
2468 1106 2615 1187 ὄφεις
2639 1113 2674 1180 ἡ
2705 1105 2912 1186 νεϐρός.
2946 1109 3107 1166 Ἀλλ’
3135 1113 3170 1181 ἡ
3204 1107 3391 1185 νεϐρὸς
3421 1112 3629 1183 ἐκείνη,

2081 1200 2240 1260 "Hth
2271 1197 2354 1253 ἐπ’
2384 1193 2543 1274 ὅρους
2571 1203 2668 1254 τοῦ
2693 1198 2904 1268 Βαιθὴλ
2933 1196 3049 1276 ἔχει
3079 1201 3178 1269 τὴν
3212 1199 3318 1255 ἄνω
3358 1202 3666 1259 κατοικίαν.

2081 1292 2246 1361 ’Ὀριις
2280 1284 2337 1342 δὲ
2363 1288 2594 1364 γίνωσκε
2624 1290 2838 1359 Βαιθὴλ
2867 1290 2968 1358 τήν
2999 1286 3108 1343 ἄνω
3138 1290 3439 1346 κατοικίαν.

2079 1377 2141 1431 Ἦ
2173 1373 2230 1431 δὲ
2260 1374 2457 1451 δορκάς
2490 1398 2575 1432 σοι
2602 1382 2878 1453 τροπικῶς
2905 1378 2997 1433 τὸν
3030 1375 3303 1454 βλέποντα
3334 1379 3609 1453 σημαίνει.

2079 1467 2253 1528 Ουτος
2280 1467 2384 1543 γὰρ
2420 1464 2638 1543 βλέπων
2670 1468 2901 1545 πέφυκεν
2931 1467 3178 1523 ἀπάντων
3209 1468 3305 1534 τὰς
3330 1467 3583 1546 καρδίας.

2640 1578 2756 1629 Τῶν
2793 1576 2841 1651 γ’
2879 1573 3157 1650 Πατέρων.

2147 1679 2305 1738 Οὕτω
2354 1678 2608 1752 διδάξασα
2654 1683 2748 1743 τάς
2799 1681 3244 1755 μαθητευομένας
3280 1684 3463 1760 ψυχὰς
3492 1686 3527 1754 ἡ
3580 1681 3737 1740 διδά-

2080 1766 2303 1837 σκαλος,
2329 1766 2416 1825 διά
2442 1791 2501 1825 τε
2528 1774 2625 1824 τοῦ
2656 1765 2829 1836 φόϐου
2857 1775 2966 1825 τῶν
3014 1768 3292 1827 κολάσεων
3342 1774 3431 1827 καὶ
3478 1779 3579 1844 τῆς
3635 1772 3735 1829 ἐλ-

316 1867 439 1919 tam
466 1862 893 1934 promissorum
926 1877 1029 1931 spe
1059 1860 1336 1916 virtutem
1390 1860 1739 1929 excolentes,
1792 1861 1851 1916 in
1903 1877 1964 1918 se

2079 1856 2231 1921 πίδος
2261 1863 2369 1913 τῶν
2399 1858 2729 1934 ἐπαγγελιῶν
2793 1858 3017 1936 ἐγείρειν
3067 1863 3184 1915 κατ’
3231 1861 3446 1936 ἀρετὴν,
3499 1862 3589 1917 καὶ
3647 1862 3735 1936 ιε-

319 1951 664 2008 charitatem
695 1949 1081 2005 accenderent
1108 1966 1353 2020 eamque
1383 1965 1487 2021 per
1516 1950 1960 2022 contemplatio-

322 2056 458 2098 nem
516 2040 987 2106 inﬂammarent;
1043 2038 1227 2094 donec
1286 2055 1505 2109 sponso
1573 2039 1827 2109 placeret
1891 2039 1962 2094 ad

316 2134 481 2206 ipsas
554 2131 845 2197 advenire,
880 2135 1056 2199 atque
1112 2146 1210 2186 eas
1262 2129 1321 2184 in
1380 2134 1536 2184 statu
1608 2130 1963 2185 immutabili

318 2222 675 2278 constituere
718 2237 732 2275 :
788 2235 861 2275 ne
906 2219 1067 2286 forte,
1124 2218 1326 2290 sponsi
1372 2219 1685 2274 adventum
1740 2220 1963 2275 tardius

317 2311 581 2366 futurum
613 2310 1040 2377 existimantes,
1069 2307 1396 2363 excolendae
1423 2307 1657 2364 virtutis
1705 2307 1960 2364 laborem

319 2401 732 2470 detrectarent,
764 2397 899 2454 illas
926 2397 1258 2467 conﬁrmat,
1296 2396 1422 2464 Vox,
1458 2398 1755 2468 inquiens,
1803 2413 1965 2468 nepo-

316 2492 386 2545 tis
415 2491 546 2545 mei.
576 2488 722 2544 Nam
756 2486 955 2542 dilecti
986 2502 1094 2541 vox
1125 2489 1458 2542 Praecursor
1487 2490 1595 2551 est,
1640 2486 1736 2541 ille
1776 2487 1964 2559 potni-

312 2577 507 2633 tentiaa
539 2574 1211 2650 promulgator,[divinas
1242 2574 1544 2631 instruens
1572 2574 1696 2631 vias
1726 2592 1792 2631 ac
1821 2575 1962 2630 diri-

313 2683 460 2740 gens
491 2667 754 2723 semitas.
791 2665 969 2721 Voces
1000 2668 1142 2719 sunt
1191 2664 1363 2718 minae
1411 2668 1469 2718 et
1516 2662 1962 2734 promissiones,

313 2772 442 2828 quas
475 2754 690 2828 partim
719 2752 1020 2809 auditores
1048 2751 1120 2806 ad
1152 2750 1549 2823 penitentiam
1598 2751 1914 2824 impellunt
1944 2767 1959 2806 :

312 2844 527 2915 partim
576 2842 700 2898 vias
749 2839 978 2897 Domini
1017 2857 1085 2896 ex
1113 2840 1328 2896 virtute
1361 2839 1755 2907 constituunt,
1787 2846 1844 2896 et
1872 2857 1962 2895 re-

314 2935 441 2988 ctas
472 2948 574 3004 per
603 2930 999 3003 cognitionem
1033 2930 1091 2983 in
1123 2928 1270 3001 ipsis
1300 2929 1525 2985 faciunt
1546 2930 1786 2985 semitas
1810 2930 1961 3001 ejus.

314 3021 446 3077 Ecce
476 3021 565 3077 hic
591 3022 759 3077 venit.
796 3018 970 3074 Venit
999 3019 1278 3091 profecto,
1311 3033 1442 3075 ecce
1481 3018 1608 3089 jam
1653 3019 1840 3086 adest,
1888 3019 1961 3089 si,

318 3109 805 3166 comminationes
835 3106 994 3164 illius
1026 3112 1203 3179 atque
1226 3107 1516 3179 promissa
1562 3108 1962 3179 exaudientes,

2075 1947 2301 2023 εγείρειν
2332 1950 2469 2003 κατὰ
2497 1953 2699 2023 γνῶσιν
2746 1948 2798 2003 ἐν
2847 1949 3062 2013 ἑαυταῖς
3113 1951 3214 2019 τήν
3257 1950 3490 2026 ἀγάπην,
3522 1961 3730 2027 με’χρις

2074 2034 2136 2090 ἃν
2182 2036 2385 2111 θελήσῃ
2416 2038 2444 2092 6
2483 2036 2714 2114 νυμφίος
2760 2036 3157 2115 ἐμφανισθῆναι
3204 2039 3412 2109 αὐταῖς,
3443 2041 3532 2095 καὶ
3591 2062 3731 2111 στη-

2075 2124 2213 2200 ρίξαι
2247 2126 2323 2190 εἷς
2377 2126 2667 2200 ἀτρεψίανο
2711 2124 2903 2182 λοιπὸν
2939 2125 3031 2182 ’ίνα
3091 2128 3168 2201 μή
3224 2129 3376 2184 αὗται
3438 2126 3722 2205 βραδύνειν

2071 2216 2171 2283 τήν
2228 2219 2325 2269 τοῦ
2381 2216 2618 2293 νυμφίου
2671 2213 2965 2289 ἐπιδημίαν
3040 2213 3279 2288 δόξασαι,
3334 2218 3724 2295 ἀπαγορεύωσι

2074 2301 2163 2359 διὰ
2209 2305 2270 2359 τὸ
2327 2311 2425 2373 τῆς
2484 2305 2678 2379 ἀρετῆς
2733 2304 3015 2378 ἐπίμονον,
3074 2309 3536 2381 παραμυθουμένη
3585 2309 3727 2364 ταύ-

2070 2415 2185 2459 τας,
2248 2394 2399 2471 φησί’
2462 2395 2627 2463 Φωνῆ
2682 2399 2779 2449 τοῦ
2836 2392 3267 2473 ἀδελφιδοῦμου·
3319 2394 3505 2467 ἐπειδὴ
3564 2400 3726 2477 φωνή

2071 2488 2167 2536 τοῦ
2197 2484 2483 2558 ἀγαπητοῦ
2515 2484 2541 2538 6
2576 2481 2919 2560 Πρόδρομος,
2946 2485 3022 2546 ὡς
3049 2487 3220 2561 κήρυξ
3276 2490 3375 2552 τῆς
3436 2488 3729 2560 μετανοίας

2072 2572 2161 2627 καὶ
2215 2572 2542 2646 ὲτοιμαστὴς
2589 2577 2697 2628 τῶν
2749 2574 2908 2638 θείων
2954 2571 3096 2629 ὁδῶν
3141 2575 3231 2630 καὶ
3278 2571 3514 2650 τρίϐων·
3548 2578 3733 2654 φωναί

2074 2660 2205 2715 εῗσιν
2264 2660 2318 2714 α’ί
2374 2680 2432 2715 τε
2488 2659 2709 2716 ἀπειλαὶ
2765 2662 2855 2716 καὶ
2906 2663 2961 2717 αἱ
3020 2662 3358 2739 ἐπαγγελίαι·
3392 2666 3467 2729 ὡς
3521 2668 3576 2721 αἱ
3631 2668 3731 2740 μὶν

2073 2748 2429 2828 ἐφελκόμεναι
2487 2749 2612 2811 τοὺς
2660 2750 2955 2813 ἀκούοντας
3013 2753 3151 2828 πρὸς
3214 2753 3519 2827 μετάνοιαν,
3551 2757 3605 2810 αἱ
3668 2754 3733 2813 δὲ

2072 2837 2453 2911 ἐτοιμάζουσαι
2485 2840 2601 2893 κατ’
2630 2840 2825 2913 ἀρετήν
2875 2841 2971 2902 τὰς
3014 2839 3174 2904 ὁδοὺς
3218 2846 3315 2897 τοῦ
3368 2845 3597 2919 Κυρίου,
3630 2847 3722 2901 καὶ

2073 2924 2283 2990 εὐθείας
2340 2930 2592 2981 ποιοῦσαι
2651 2927 2789 2981 κατὰ
2840 2932 3039 3002 γνῶσιν
3075 2927 3126 2983 ἐν
3176 2928 3393 2992 τούτοις
3450 2930 3546 2993 τὰς
3600 2932 3725 3007 τρί-

2072 3011 2203 3078 ϐους
2255 3016 2440 3083 αὐτοῦ,
2482 3013 2623 3072 Ἰδοὺ
2656 3017 2812 3078 οὗτος
2854 3016 2998 3086 ἥκει·
3031 3015 3180 3087 ἤτοι,
3214 3016 3353 3074 Ἰδοὺ
3413 3018 3573 3083 οὗτος
3632 3017 3721 3097 ἔρ-

2072 3124 2259 3181 χεται·
2293 3104 2343 3160 εἴ
2386 3110 2496 3159 τῶν
2556 3103 2796 3160 ἀπειλῶν
2856 3104 3021 3161 αὐτοῦ
3066 3106 3157 3161 καὶ
3214 3112 3323 3162 τῶν
3374 3107 3720 3185 ἐπαγγελιῶν

316 3214 351 3255 a
381 3198 675 3273 prioribus
704 3197 955 3270 peccatis
984 3213 1087 3269 per
1116 3197 1519 3268 paenitentiam
1552 3198 1886 3253 recedamus
1908 3202 1966 3255 et

2079 3193 2393 3257 ἀκούσαντες
2447 3195 2799 3271 καθαρθῶμεν
2852 3198 2959 3249 τῶν
3025 3194 3304 3271 προτέρων
3369 3195 3721 3272 πλημμελη-

314 3305 420 3361 per
448 3305 613 3361 spem
646 3288 980 3344 futurorum
1013 3287 1300 3342 bonorum
1352 3285 1739 3342 illustremur.
1795 3289 1965 3344 Venit

313 3383 510 3434 autem
541 3379 610 3435 ad
646 3395 775 3444 nos,
802 3382 866 3432 ut
896 3378 1121 3432 dictum
1154 3382 1263 3441 est,
1306 3381 1660 3448 praeparatos
1694 3392 1707 3431 :
1743 3376 1961 3433 saliens

310 3486 490 3542 super
538 3467 765 3525 excelsa
819 3466 1085 3522 videlicet
1145 3467 1378 3521 decreta
1434 3466 1758 3522 divinitatis
1817 3484 1956 3537 suae,

306 3558 602 3624 sublimis,
636 3573 761 3628 quae
804 3555 1039 3610 verticis
1089 3556 1377 3609 montium
1431 3554 1621 3610 instar
1666 3557 1955 3612 obtinent.

2078 3282 2259 3357 μάτων
2289 3281 2379 3338 διὰ
2411 3282 2718 3355 μετανοίας,
2749 3283 2837 3337 καὶ
2889 3287 2957 3357 τῇ
3007 3282 3188 3339 ἐλπίδι
3232 3289 3341 3339 τῶν
3398 3285 3718 3358 μελλόντων

2069 3371 2280 3446 ἀγαθῶν
2331 3376 2713 3447 φωτισθῶμεν.
2745 3374 3005 3447 Ἔρχεται
3055 3369 3113 3427 δέ
3160 3372 3242 3451 ἐφ’
3286 3376 3437 3445 ἡμᾶς
3494 3376 3721 3449 ἑτοιμα-

2069 3460 2308 3531 σθέντας,
2369 3462 2442 3523 ὡς
2501 3460 2732 3535 εἷίρηται,
2792 3459 2982 3532 πηδῶν
3032 3461 3121 3517 ἐπὶ
3194 3463 3261 3518 τὰ
3323 3460 3460 3537 ὅρηο
3517 3462 3720 3540 ἤγουν,

2072 3550 2375 3623 ὑψούμενος
2462 3550 2548 3604 ἐπὶ
2624 3552 2693 3605 τὰ
2760 3547 2913 3621 δίκην
2997 3551 3390 3626 ὑπερκειμένης
3467 3562 3721 3632 κορυφῆς

2066 3642 2229 3711 ἡμῶν
2263 3640 2507 3717 ὑπερφυῆ
2544 3637 2791 3714 δόγματα
2818 3646 2918 3709 τῆς
2951 3640 3118 3694 αὐτοῦ
3164 3640 3440 3711 θεότητος.
3475 3644 3569 3697 Ἐκ
3614 3643 3717 3718 γὰρ

306 3650 389 3701 Ex
418 3646 768 3701 afﬁrmativa
797 3645 953 3700 enim
986 3645 1182 3716 ipsum
1232 3642 1526 3716 theologia
1572 3645 1957 3717 comprehen-

2060 3735 2164 3797 τῆς
2238 3731 2604 3806 καταφατικῆς
2693 3726 2975 3804 θεολογίας
3055 3725 3452 3793 καταλαϐέσθαι
3553 3731 3715 3787 αὐτὸν

306 3736 443 3792 dere
474 3740 774 3803 conantes,
810 3737 867 3790 in
900 3750 1019 3807 qua
1048 3733 1406 3789 constitutus
1427 3751 1496 3789 ex
1544 3739 1675 3789 actu
1723 3734 1955 3806 praecel-

304 3842 410 3882 sus
440 3825 789 3891 ostenditur,
822 3840 892 3879 ex
921 3824 1030 3878 hac
1060 3838 1195 3878 eum
1229 3822 1551 3894 aspicimus
1584 3822 1643 3876 in
1686 3824 1955 3895 negativa

2079 3818 2485 3893 ἑπιχειροῦντες,
2546 3816 2597 3871 ἐν
2751 3816 2948 3893 βαίνων
2983 3824 3096 3871 κατ’
3128 3816 3393 3894 ἐνέργειαν
3444 3816 3714 3876 δείκνυται

300 3913 613 3987 theologia,
647 3918 937 3986 quatenus
968 3911 1225 3967 essentia
1255 3911 1630 3983 praestantior
1657 3916 1748 3967 est
1785 3918 1951 3967 tran-

2079 3907 2514 3981 impatpdpsvoc,
2549 3904 2608 3961 ἐκ
2634 3905 2837 3977 ταύτης
2860 3911 3051 3961 τοῦτον
3086 3908 3299 3980 ὁρῶμεν
3346 3907 3396 3962 ἐν
3446 3913 3516 3983 τῇ
3575 3909 3713 3965 ἀπο-

300 4003 504 4059 siliens
554 4002 752 4059 colles.
802 4001 1019 4058 Verum
1072 4000 1252 4056 colles
1301 4001 1461 4068 item,
1513 4005 1577 4056 ut
1625 4000 1951 4057 eminentes

2079 4000 2259 4069 ρατικῇ
2315 3993 2570 4070 θεολογίᾳ
2623 3997 2759 4051 κατὰ
2825 3996 2887 4050 τὸ
2947 3996 3267 4072 ὑπερούσιον
3343 3995 3711 4071 διαλλόμενον

299 4096 459 4158 sunt,
492 4091 954 4164 dispensationis
985 4090 1306 4145 extendunt
1336 4090 1633 4160 instituta,
1662 4106 1791 4161 qum
1823 4091 1950 4162 ipsa

2079 4084 2147 4138 ιπὶ
2203 4084 2330 4147 τοὺς
2389 4084 2632 4160 βουνούς.
2684 4086 2775 4147 Ὁς
2835 4083 2893 4139 δὲ
2962 4085 3477 4159 ὑπερανεπηκότες,
3523 4088 3611 4143 καὶ
3659 4091 3715 4144 οἱ

296 4196 531 4252 quoque
562 4184 865 4251 nequeunt
890 4178 1328 4251 comprehendi.
1385 4179 1573 4250 Super
1622 4179 1800 4235 colles
1846 4197 1949 4235 au-

2079 4173 2249 4229 ioovoi
2295 4174 2361 4229 τὰ
2414 4177 2514 4244 τῆς
2545 4174 2861 4247 οἲκονομίας
2890 4171 3121 4243 δηλοῦσι
3159 4172 3430 4251 δόγματα,
3462 4173 3592 4233 ὅντά
3621 4179 3711 4233 καὶ

295 4275 440 4339 tem,
489 4274 774 4340 quantum
825 4267 895 4322 ad
955 4266 1345 4339 cognitionem
1395 4272 1656 4322 nostram
1717 4267 1948 4334 attinet,

2079 4266 2222 4317 ταῦτα
2281 4263 2411 4338 ὑπὲρ
2477 4262 2807 4336 κατάληψιν.
2851 4264 2966 4341 Ἐφ“
3011 4262 3042 4317 ἃ
3097 4265 3232 4319 κατᾶ
3287 4267 3385 4334 τήν
3440 4267 3712 4342 ἡμετέραν

294 4374 553 4429 sponsus
600 4356 882 4423 transilit,
931 4356 1073 4411 dum
1126 4372 1191 4411 ex
1237 4372 1302 4412 eo
1353 4357 1507 4428 quod
1559 4355 1736 4424 Deus,
1788 4354 1946 4411 vide-

2079 4356 2247 4406 γνῶσιν
2280 4351 2564 4430 ὁνυμφίος
2596 4349 2875 4407 διάλλεται
2933 4353 3037 4407 ἀπὸ
3094 4352 3191 4408 τοῦ
3251 4354 3382 4416 Θεὸς
3440 4354 3514 4408 ὢν
3578 4357 3710 4432 ὁρᾶ-

293 4454 391 4503 tur
422 4451 486 4502 ut
531 4447 728 4503 homo.
780 4447 847 4501 Et
895 4445 1115 4501 saliens
1166 4447 1221 4500 in
1273 4445 1332 4499 id
1386 4446 1541 4516 quod
1603 4446 1776 4500 homo
1834 4449 1945 4510 est,

2079 4442 2176 4494 r01:
2203 4441 2278 4502 ὡς
2310 4442 2614 4513 ἄνθρωπος’
2646 4440 2736 4495 καὶ
2793 4438 3123 4510 καταπηδῶν
3179 4441 3256 4504 εἷς
3302 4443 3366 4498 τὸ
3424 4442 3709 4518 ἅνθρωπος

292 4537 670 4609 cognoscitur
697 4538 764 4590 ut
796 4540 966 4590 Deus.
1001 4535 1163 4600 Quod
1197 4539 1393 4589 autem
1427 4535 1499 4588 de
1530 4550 1748 4605 sponso
1779 4533 1941 4599 dixit,

2079 4526 2130 4583 ὸν
2185 4530 2545 4604 γινώσκεσθαι
2601 4530 2676 4592 ὡς
2730 4530 3031 4591 Θεός.“οτι
3083 4528 3140 4585 δὲ
3192 4529 3378 4606 εἶ’ρηκε
3432 4532 3557 4607 περὶ
3611 4539 3710 4589 τοῦ

291 4625 465 4681 salire
494 4640 674 4697 super
704 4628 957 4689 montes,
988 4628 1047 4678 et
1077 4622 1255 4678 colles
1287 4622 1582 4678 transilire
1617 4639 1630 4678 ε
1665 4621 1838 4678 salire
1890 4626 1945 4677 et

2085 4615 2511 4695 υμφίου,πηδᾷν
2544 4616 2632 4672 ἐπὶ
2659 4619 2726 4672 τά
2774 4617 2875 4693 ὅρη
2919 4618 3009 4673 καὶ
3061 4604 3381 4683 διάλλεσθαι
3437 4604 3524 4676 ἐπῖ
3583 4623 3709 4684 τοὺς

289 4714 588 4771 transilire
614 4730 800 4785 capra:
826 4718 881 4768 et
903 4710 1053 4767 cervi
1075 4710 1436 4767 lascivientis
1465 4717 1555 4767 est
1585 4712 1889 4783 pr0prium
1925 4727 1939 4780 ;

2079 4706 2308 4777 ιουνοὸς,
2332 4708 2394 4762 τὸ
2426 4705 2484 4762 δὶ
2509 4704 2685 4777 πηδᾷν
2739 4709 2829 4762 καὶ
2876 4704 3190 4763 διάλλεσθαι
3241 4706 3507 4783 δορκάδος
3558 4709 3705 4767 ’ίδιον

289 4804 507 4876 quibus
532 4803 807 4874 deinceps
838 4800 1177 4857 assimilans
1208 4816 1493 4871 sponsum
1528 4816 1540 4854 :
1588 4800 1808 4855 Similis
1839 4804 1941 4865 est,

2079 4796 2141 4850 ιαὶ
2190 4796 2395 4873 ἐλάφου
2450 4797 2754 4865 νεάζοντος,
2808 4794 3024 4859 τούτοις
3083 4794 3278 4853 λοιπὸν
3358 4800 3703 4875 παρεικάζων

284 4893 501 4965 inquit,
531 4909 696 4964 nepos
723 4907 876 4948 meus
904 4904 1126 4962 capreae
1154 4890 1496 4961 hinnuloque
1543 4905 1831 4945 cervoeum
1880 4890 1943 4944 in

2079 4885 2238 4951 ιῦτὸν,
2297 4884 2479 4963 φησὶν,
2538 4885 2769 4957 Ὃμοιός
2820 4884 2961 4940 ἐστιν
3035 4883 3329 4964 ἀδελφιδός
3412 4910 3518 4961 μου
3576 4887 3703 4965 δορ-

283 4983 561 5037 montibus
607 4981 812 5038 Bethel.
869 4979 1072 5035 Bethel
1123 4983 1319 5034 autem
1371 4978 1667 5048 signiﬁcat
1716 4977 1942 5033 domum

2079 4971 2171 5029 ,άδι
2220 4975 2255 5043 ἢ
2314 4968 2491 5047 νεϐρῷ
2546 4971 2762 5049 ἐλάφων
2821 4973 2909 5028 ἐπὶ
2965 4974 3031 5030 τὰ
3090 4971 3191 5049 ὅρη
3227 4976 3455 5048 Βαιθήλ.
3490 4978 3704 5048 Βαπθήλ

284 5072 410 5139 Dei,
442 5089 569 5143 quae
596 5076 688 5129 est
715 5070 977 5126 ﬁdelium
1009 5068 1288 5125 Ecclesia.
1344 5068 1529 5138 Cujus
1580 5072 1808 5123 montes
1851 5068 1938 5122 in-

2082 5064 2108 5117 ὲ
2164 5061 2517 5138 ἐρμηνεύεται
2568 5063 2716 5125 οἶκος
2772 5068 2927 5135 Θεοῦ,
2961 5063 3024 5118 οὗ
3080 5062 3222 5120 ἐστιν
3254 5067 3289 5134 ἡ
3329 5071 3439 5121 τῶν
3497 5072 3701 5123 πιστῶν

282 5160 633 5233 telliguntur
664 5165 899 5232 propter
928 5157 1332 5215 excellentiam
1368 5156 1751 5212 sanctissima
1798 5156 1937 5211 Uni-

2079 5150 2370 5219 Ἐκκλησία,
2402 5154 2466 5220 ἧς
2501 5151 2836 5229 ὑπάρχουσιν
2871 5147 2973 5229 ὅρη
3008 5150 3099 5208 διὰ
3150 5154 3211 5208 τὸ
3266 5154 3425 5229 ὕψος,
3457 5157 3523 5212 τὰ
3577 5156 3704 5232 περὶ

281 5249 460 5324 geniti
484 5250 805 5305 divinitatis
826 5255 1001 5320 atque
1022 5246 1413 5303 humanitatis
1444 5246 1740 5311 instituta,
1762 5261 1940 5317 super

2080 5248 2144 5311 ἧς
2202 5235 2459 5310 Θεότητος
2534 5240 2622 5295 καὶ
2699 5241 3118 5317 ἆνθρωπότητος
3189 5248 3287 5298 τοῦ
3364 5250 3705 5318 Μονογινοῦς

281 5356 410 5411 qua
462 5338 555 5393 hic
605 5354 834 5410 sponsae
883 5336 1301 5392 dilectissimus
1351 5333 1592 5401 saliens,
1647 5343 1709 5390 ut
1755 5350 1937 5406 supra

2079 5325 2396 5385 ὗσεϐἐστατα
2448 5328 2708 5403 δόγματα·
2770 5331 2852 5405 ἐφ’
2910 5331 2943 5385 ἃ
3004 5331 3161 5393 οὗτος
3217 5334 3245 5387 6
3300 5339 3403 5402 τῆς
3481 5333 3703 5413 νύμφης

280 5428 562 5492 diximus,
614 5436 788 5497 atque
841 5424 1179 5481 transiliens
1212 5440 1372 5479 more
1406 5422 1753 5478 animalium
1787 5440 1935 5494 prae-

2081 5418 2327 5494 γαπητὸς
2373 5416 2587 5489 πηδῶν,
2628 5419 2704 5480 ὡς
2759 5417 3104 5493 προείρηται,
3162 5419 3253 5475 καὶ
3312 5418 3700 5495 διαλλόμενος,

279 5519 594 5583 dictorum,
642 5514 940 5586 spiritales
1004 5515 1178 5583 feras,
1233 5530 1363 5584 qua:
1412 5511 1592 5567 veluti
1642 5528 1930 5566 venenum

2082 5506 2254 5580 μοίως
2310 5513 2428 5571 τοῖς
2485 5508 2795 5583 είρημὲνοις
2833 5510 3014 5577 ’ζώοις
3069 5510 3137 5563 τὰ
3188 5511 3356 5581 νοητὰ
3409 5512 3575 5587 θηρία
3610 5514 3700 5579 ⁴τά

280 5608 589 5681 opiniones
618 5604 849 5661 veritati
895 5603 1221 5660 contrarias
1278 5602 1560 5657 adversus
1611 5600 1930 5656 Ecclesium

2079 5594 2354 5651 ίσπνὲοντα
2413 5594 2567 5667 δίκην
2629 5596 2713 5650 ἰοῦ
2768 5598 2835 5651 τὰ
2886 5594 3099 5652 ἐναντία
3143 5606 3243 5668 τῆς
3294 5598 3552 5669 ἀληθείας
3600 5598 3695 5657 δό-

271 5698 632 5778 jaculantur,
694 5696 767 5755 ab
823 5711 891 5754 ea
947 5691 1153 5771 procul
1201 5690 1450 5766 repellit.
1501 5690 1722 5748 Natura
1772 5690 1930 5749 enim

2084 5707 2224 5763 ματα
2265 5686 2403 5745 κατᾶ
2455 5692 2556 5759 τῆς
2584 5684 2937 5761 Ἐκκλησίας,
2970 5684 3261 5745 ἀπελαύνει
3317 5687 3525 5763 ταύτης
3582 5712 3692 5767 μα-
