4046 6144
307 319 438 382 585

1364 318 1772 380 COMMENT.
1823 318 1899 376 ΙΝ
1945 316 2348 379 CANTICUM
2393 316 2698 378 CANTIC.

3609 323 3732 386 586

309 451 443 527 κράν
481 471 492 484 ⁸
530 450 718 523 ἐπειδή
777 453 1041 531 πεφύκασι
1093 448 1412 531 φυγαδεύειν
1459 452 1526 506 τὰ
1557 447 1752 504 ἱοϐόλα
1793 448 1929 525 θηρίι

2072 465 2292 522 capreae
2322 467 2390 506 ac
2417 467 2585 507 cervo
2622 451 2866 507 insitum
2897 458 3010 524 est,
3044 456 3108 508 ut
3133 469 3461 512 venenosae
3505 455 3726 514 bestias

310 544 348 612 ἠ
379 539 579 618 δορκᾶς
609 543 699 597 καὶ
731 545 765 613 ἡ
799 539 1024 621 ἔλαφος.

884 639 998 687 Των
1045 632 1094 708 γ’
1125 631 1397 706 Πατέρων.

382 719 520 778 Ἰδοὺ
583 722 741 784 οὗτος
818 719 1037 792 ἕστηκεν
1125 719 1300 775 όπίσω
1378 724 1474 773 τοῦ
1527 716 1722 793 τοίχου
1779 719 1963 791 ἡμῶν,

316 812 678 887 παρακύπτων
771 811 859 866 διὰ
956 815 1064 866 τῶν
1160 806 1412 884 θυρίδων,
1516 808 1790 862 ἐκκύπτων
1877 806 1966 861 διὰ

317 906 424 955 τῶν
456 899 703 956 δικτύων.

387 987 602 1058 Ἐπειδή
647 987 916 1066 πεφύκασι
985 985 1302 1066 φυγαδεύειν
1345 987 1412 1041 τὰ
1454 982 1650 1041 ἷοϐόλα
1703 985 1869 1060 θηρία
1924 987 1958 1054 ἡ

311 1077 506 1152 δορκὰς
553 1080 639 1133 καὶ
701 1081 736 1146 ἡ
798 1077 999 1156 ἔλαφος
1033 1097 1045 1110 ·
1101 1074 1239 1130 Ἰδοὺ
1298 1077 1455 1136 οὗτος
1513 1074 1732 1144 ἔστηκεν
1783 1073 1960 1127 ὀπίσω

303 1171 405 1222 τοῦ
434 1165 631 1242 τοίχου
682 1169 863 1240 ἡμῶν.
899 1170 1107 1242 Τοῖχος
1132 1164 1189 1220 δὲ
1217 1168 1380 1238 ἡμῶν
1440 1165 1552 1219 ἐστι
1602 1163 1665 1217 τὸ
1719 1162 1957 1230 κτιστὸν,

304 1256 370 1308 0-3
430 1255 603 1310 ὀπίσω
657 1252 882 1326 ἕστηκεν
944 1255 971 1310 6
1021 1251 1270 1315 ἅκτιστος
1318 1254 1406 1307 καὶ
1446 1255 1657 1307 πάντων
1687 1249 1956 1326 δημιουρ-

299 1345 404 1418 γὸς
434 1346 561 1407 Θεὸς
593 1342 780 1421 λόγος,
831 1345 906 1407 ὡς
953 1343 1101 1418 ἀρχὴ
1159 1347 1268 1396 τῶν
1319 1340 1557 1417 ἐχόντων
1614 1341 1749 1416 πρὸς
1799 1339 1957 1404 τέλος

294 1434 402 1502 τὴν
427 1433 662 1502 κίνησιν.
699 1433 760 1490 Εἰ
794 1433 897 1508 γάρ
960 1431 1069 1487 ἐστι
1127 1432 1217 1486 καὶ
1261 1426 1563 1505 ἔμπροσθεν
1625 1431 1653 1484 6
1685 1429 1846 1490 αὐτὸς
1877 1430 1954 1491 ὡς

291 1527 408 1576 τῶν
462 1520 607 1576 ὅλων
663 1522 812 1598 ἀρχὴ
871 1523 959 1577 καὶ
1020 1520 1224 1584 τέλος’
1289 1518 1415 1575 ἀλλ’
1463 1516 1757 1592 ἐπειδήπερ
1783 1520 1952 1594 μήπω

292 1610 461 1665 αὐτὸν
488 1612 798 1684 εὑρήκαμεν
852 1611 912 1666 ἐκ
953 1615 1050 1664 τοῦ
1095 1608 1288 1671 τέλους
1321 1629 1334 1642 ο
1391 1606 1545 1664 οὔπω
1576 1608 1676 1682 γὰρ
1710 1607 1761 1661 ἐν
1804 1606 1950 1677 αύτῷ

284 1702 396 1769 τήν
455 1705 624 1754 πᾶσαν
707 1699 1079 1773 ἀνεπαύσαμεν
1163 1699 1396 1768 κίνησιν.
1456 1699 1620 1772 ὅσπερ
1670 1697 1733 1750 τὸ
1787 1697 1948 1758 τέλος

286 1788 437 1842 ἐστίν
473 1809 485 1821 ·

283 1881 403 1932 τῶν
463 1875 714 1951 θυρίδων.
774 1875 995 1952 Θυρίδες
1077 1874 1134 1931 δέ
1199 1883 1297 1946 τῆς
1352 1881 1573 1944 κτιστῆς
1634 1874 1842 1952 φύσεως
1892 1875 1948 1928 αἱ

292 1965 536 2040 μέτοχοί
592 1965 694 2020 siet
723 1970 819 2020 τοῦ
853 1965 1105 2020 ἀκτίστου
1138 1984 1150 1998 ⁸
1209 1962 1278 2018 δι’
1336 1966 1408 2018 ῶν
1467 1964 1622 2025 οὗτος
1667 1962 1748 2016 ἐπ’
1778 1962 1946 2030 αὐτὴν

283 2055 632 2129 πκρακύπτει
688 2050 999 2109 ἐπιϐλέπων
1049 2055 1116 2108 τὰ
1171 2059 1288 2108 κατ’
1347 2053 1515 2121 αὐτὴν
1569 2049 1948 2124 κηδεμονικῶς

290 2141 372 2214 (εἰ
434 2144 508 2214 μή
550 2143 746 2206 ταύτας
793 2142 940 2214 αύτῴ
991 2139 1371 2214 ἀποκλείωμεν
1423 2146 1542 2201 ταῖς
1595 2159 1742 2215 παρα
1790 2139 1945 2217 φύσιν

287 2233 622 2305 κινήσεσιν).
700 2231 1013 2288 Ἐκκύπτων
1088 2228 1177 2285 διά
1247 2235 1354 2284 τῶν
1408 2226 1636 2284 δικτύων
1682 2247 1694 2260 ·
1754 2226 1946 2304 ἤγουν,

285 2319 608 2376 ἐποπτεύων
655 2323 802 2393 ἡμᾶς
835 2318 923 2375 διὰ
975 2327 1074 2390 τῆς
1123 2317 1506 2394 ἆλληλουχίας
1558 2322 1666 2372 τῶν
1718 2317 1943 2393 ἀρετῶν.

285 2410 362 2466 Εἰ
417 2411 519 2486 γάρ
579 2405 780 2484 ἔχομεν
849 2409 942 2464 τὰς
999 2408 1289 2483 εἰρημένας
1348 2404 1588 2482 θυρίδας,
1639 2408 1945 2462 ἀναπεπτα-

290 2498 462 2570 μένας
517 2499 636 2570 μὲν,
685 2495 1100 2576 πεφυλαγμένας
1162 2494 1219 2551 δὶ
1268 2501 1336 2569 τῇ
1385 2501 1492 2550 τῶν
1552 2497 1755 2569 ἀρετῶν
1810 2496 1947 2550 κατά

284 2587 459 2662 λόγον
510 2585 867 2663 ἀλληλουχίᾳ
899 2607 912 2619 ·
946 2587 1125 2650 καθώς
1178 2587 1308 2640 εἰσιν
1341 2583 1496 2640 αὗται
1529 2582 1683 2655 δίκην
1713 2582 1942 2639 δικτύων

282 2674 796 2752 περιπεπλεγμέναι
845 2674 1119 2746 ἀλλήλαις
1157 2694 1170 2706 ·
1229 2673 1321 2728 τίνα
1383 2676 1514 2748 μήτι
1547 2678 1653 2728 τῶν
1686 2677 1942 2728 πετεινῶν

289 2767 537 2834 πάντως,
594 2771 702 2820 τῶν
755 2764 1006 2839 έναερίων
1080 2764 1424 2836 πνευμάτων,
1471 2762 1634 2818 λαθὸν
1703 2761 1943 2838 εἰσέλθῃ,

286 2855 385 2909 καὶ
413 2855 501 2910 τὸν
536 2854 948 2927 ἐναποκείμενον
981 2855 1118 2926 ἡμῖν
1180 2853 1381 2928 σπόρον
1431 2860 1533 2922 τῆς
1592 2852 1735 2916 θείας
1794 2849 1943 2906 διδα-

292 2945 521 3006 σκαλίας
596 2943 912 3017 λυμήνηται
945 2964 958 2977 ·
1013 2944 1262 2998 ἐκκύπτει
1341 2942 1420 3019 ἐφ’
1493 2945 1642 3014 ἡμᾶς
1697 2939 1784 2996 διὰ
1835 2947 1941 2996 τῶν

294 3033 558 3088 τοιούτων
606 3031 836 3089 δικτύων
894 3036 928 3102 ἡ
987 3032 1160 3088 αὐτῶν
1214 3037 1321 3087 τῶν
1380 3031 1582 3105 ἀρετῶν
1613 3031 1770 3086 οὐσία
1803 3051 1815 3065 ·
1847 3029 1943 3102 δη-

292 3119 439 3190 λαδή
480 3122 782 3195 ἀγενηθεὶς
839 3125 975 3195 ἡμῖν
1029 3121 1136 3177 ἀπὸ
1192 3125 1325 3176 Θεοῦ
1386 3120 1567 3198 σοφία,
1629 3117 1938 3190 δικαιοσύνη

2074 539 2399 597 insectentu
2409 559 2454 596 r.
2648 551 2650 554 '
2813 585 2816 588 .

2658 631 2847 686 Trium
2885 637 3139 688 Patrum.

2144 719 2223 772 En
2256 720 2372 789 ipse
2415 721 2562 774 stetit
2609 729 2728 787 post
2762 721 3030 791 parietem
3059 725 3330 793 nostrum,
3373 725 3724 796 prospiciens

2072 823 2172 876 per
2194 811 2486 879 fenestras,
2517 808 2820 881 despiciens
2846 827 2875 866 e
2903 810 3131 866 retibus.

2139 987 2383 1050 Quando
2423 1004 2644 1060 capreas
2673 993 2729 1044 et
2759 1006 2927 1046 cervo
2972 990 3258 1046 naturalis
3288 1007 3356 1047 ea
3383 991 3471 1047 vis
3518 995 3629 1059 est,
3661 993 3728 1047 ut

2069 1077 2377 1147 pestiferas
2418 1078 2640 1133 bestias
2692 1079 2898 1149 fugent
2928 1096 2941 1134 :
2973 1081 3122 1148 Ecce,
3156 1081 3372 1151 inquit,
3405 1083 3525 1147 ipse
3570 1082 3728 1139 stetit

2067 1169 2186 1234 post
2237 1169 2508 1236 parietem
2561 1176 2830 1224 nostrum.
2862 1169 3060 1224 Paries
3115 1176 3312 1226 noster
3367 1175 3456 1226 est
3511 1178 3727 1228 natura

2066 1261 2278 1320 creata,
2316 1262 2447 1325 post
2477 1274 2653 1328 quam
2706 1257 2870 1313 stetit
2898 1259 2999 1329 qui
3029 1266 3259 1315 creatus
3309 1276 3425 1315 non
3474 1265 3585 1329 est,
3615 1261 3720 1317 sed

2064 1349 2292 1400 creator
2319 1351 2410 1400 est
2439 1348 2704 1401 omnium
2743 1349 2891 1402 Deus
2923 1348 3201 1417 Verbum,
3236 1354 3300 1403 ut
3329 1365 3523 1404 rerum
3557 1349 3719 1420 prin-

2063 1433 2281 1505 cipium
2315 1451 2443 1505 quae
2485 1440 2709 1490 motum
2742 1435 2965 1492 habent
3015 1437 3086 1491 ad
3137 1437 3339 1492 ﬁnem.
3373 1438 3717 1510 Quanquam

2061 1522 2218 1578 enim
2249 1527 2308 1578 et
2337 1524 2500 1593 prius
2529 1529 2620 1580 est
2651 1526 2799 1596 ipse,
2833 1531 3033 1596 utpote
3063 1525 3299 1582 initium
3331 1531 3388 1582 et
3419 1527 3554 1583 ﬁnis
3587 1528 3718 1583 uni-

2058 1628 2395 1682 versorum;
2428 1617 2624 1668 tamen
2658 1615 2936 1685 quoniam
2974 1615 3170 1686 ipsum
3204 1632 3272 1671 ex
3304 1617 3420 1672 fine
3451 1617 3718 1672 nondum

2059 1700 2393 1757 invenimus
2427 1718 2440 1755 :
2477 1702 2737 1758 nondum
2780 1703 2938 1758 enim
2989 1703 3049 1758 in
3081 1721 3147 1760 eo
3181 1705 3283 1777 qui
3333 1705 3470 1761 ﬁnis
3519 1710 3632 1774 est,
3662 1709 3720 1762 et

549 1787 725 1843 ὀπίσω
801 1789 1079 1858 έστηκέναι
1139 1787 1378 1862 λέγεται,
1435 1785 1798 1862 παρακύπτων
1860 1782 1929 1838 διέ

2059 1790 2130 1845 ab
2162 1791 2321 1846 omni
2368 1796 2529 1846 motu
2579 1792 3026 1864 conquievimus
3057 1813 3074 1850 :
3107 1800 3240 1865 post
3289 1799 3444 1851 stare
3475 1795 3714 1866 dicitur,

2053 1881 2402 1952 prospiciens
2427 1897 2527 1952 per
2569 1883 2858 1951 fenestras.
2893 1881 3179 1939 Fenestra
3229 1888 3427 1940 autem
3476 1888 3618 1940 sunt
3645 1901 3715 1941 ea

2058 1984 2184 2038 quae
2251 1973 2474 2024 naturae
2538 1975 2743 2026 creatis
2809 1971 2882 2025 ab
2950 1970 3206 2028 increato
3279 1972 3714 2029 communicata

2057 2063 2231 2124 sunt;
2285 2075 2386 2127 per
2433 2075 2564 2130 quae
2610 2059 2738 2130 ipse
2765 2061 2838 2114 ad
2870 2075 2998 2115 eam
3049 2061 3354 2133 prospicit,
3384 2062 3528 2117 dum
3575 2078 3709 2134 pro-

2055 2146 2309 2200 videntia
2369 2164 2475 2202 sua
2532 2153 2746 2203 cuncta
2797 2151 3160 2216 moderatur,
3215 2151 3504 2222 nobisque
3559 2151 3709 2218 (nisi

2056 2234 2345 2291 fenestras
2378 2235 2485 2290 has
2516 2239 2796 2292 adversus
2827 2254 2961 2293 eum
2996 2239 3357 2294 motionibus
3389 2240 3572 2295 animi
3605 2257 3709 2296 na-

2056 2328 2201 2377 turae
2232 2326 2541 2380 contrariis
2575 2327 3019 2396 concludamus)
3054 2327 3709 2400 prospicit.'Respiciens

2055 2424 2153 2481 per
2198 2413 2358 2480 retia,
2392 2412 2502 2468 hoc
2549 2417 2659 2484 est,
2689 2413 3012 2485 inspiciens
3059 2431 3162 2483 per
3207 2420 3478 2474 mutuam
3529 2417 3711 2472 virtu-

2055 2506 2178 2554 tum
2240 2501 2680 2555 connexionem.
2715 2501 2861 2556 Nam
2919 2502 2971 2558 si
3033 2503 3318 2559 fenestras
3367 2521 3494 2575 quas
3542 2504 3711 2560 dicte

2055 2591 2215 2658 sunt,
2246 2587 2633 2644 habuerimus
2665 2595 2896 2662 apertas
2929 2590 3062 2646 illas
3093 2593 3356 2663 quidem,
3383 2594 3484 2648 sed
3513 2597 3712 2649 tamen

2053 2677 2138 2732 ita
2169 2681 2371 2733 mutuo
2420 2677 2729 2746 virtutum,
2763 2679 2978 2735 retium
3020 2680 3230 2752 instar,
3263 2685 3417 2737 recte
3463 2680 3710 2753 compli-

2055 2773 2320 2822 catarum
2369 2772 2641 2822 contextu
2693 2768 3113 2837 communitas,
3139 2775 3204 2824 ut
3252 2769 3418 2825 nulla
3446 2787 3515 2826 ex
3543 2769 3707 2827 volu-

2053 2856 2270 2924 cribus,
2294 2873 2362 2912 ex
2393 2857 2577 2912 aereis
2608 2857 2888 2912 nimirum
2917 2859 3250 2929 spiritibus,
3273 2859 3474 2915 nullus
3501 2860 3706 2916 furtim

2053 2945 2443 3014 ingrediatur,
2476 2951 2650 3016 atque
2681 2947 3047 3003 reconditum
3081 2947 3139 3002 in
3175 2949 3344 3005 nobis
3374 2948 3583 3004 divinae
3615 2949 3706 3004 di-

2054 3033 2310 3105 sciplinae
2343 3051 2543 3090 semen
2571 3041 2946 3106 corrumpat:
2981 3037 3218 3108 respicit
3246 3038 3304 3092 in
3331 3055 3436 3094 nos
3461 3055 3563 3110 per
3583 3039 3704 3094 haec

2053 3125 2218 3188 retia,
2251 3124 2514 3194 ipsarum
2541 3123 2818 3180 virtutum
2851 3127 3128 3191 essentia,
3161 3126 3286 3198 ipse
3307 3127 3578 3184 videlicet
3607 3130 3707 3200 qui

283 3231 350 3266 τε
404 3213 488 3266 καὶ
540 3210 804 3287 ἀγιασμὸς
861 3211 950 3265 καὶ
1027 3209 1428 3286 ἀπολύτρωσις,
1490 3209 1786 3282 μονογενὴς
1843 3207 1929 3262 αύ-

2059 3215 2230 3273 factus
2260 3191 2340 3268 est
2367 3213 2523 3268 nobis
2552 3229 2587 3268 a
2617 3215 2723 3268 Deo
2755 3216 3029 3285 sapientia
3057 3220 3108 3269 et
3128 3191 3352 3286 justitia
3379 3225 3431 3273 et
3457 3191 3704 3289 sanctiﬁ-

285 3307 390 3357 τοῦ
423 3303 544 3366 Υἱὸς
576 3302 664 3357 καὶ
698 3303 902 3377 Λόγος.

354 3481 493 3540 Ἰδοῦ
525 3484 681 3544 οὗτος
728 3478 944 3553 ἔστηκεν
1006 3481 1280 3537 ὀπίσωτοῦ
1332 3482 1530 3556 τοίχου
1589 3483 1751 3552 ἡμῶν
1827 3501 1934 3534 πα-

279 3573 575 3651 ρακύπτων
646 3570 735 3627 διὰ
813 3577 920 3628 τῶν
996 3569 1250 3646 θυρίδων,
1329 3570 1606 3625 ἐκκύπτων
1686 3567 1774 3624 διὰ
1827 3573 1932 3624 τῶν

282 3661 548 3718 δικτύων.

984 3748 1232 3805 ΙῙΡελλοῧ.

357 3839 563 3912 Ἰδηοί),
597 3842 747 3918 φσίν,
782 3837 1047 3910 ἐλήλυθεν
1079 3840 1105 3893 6
1137 3839 1315 3914 Λόγος
1343 3837 1431 3893 καὶ
1461 3838 1716 3913 νυμφίος,

274 3932 344 3988 Ὀ
367 3934 636 3984 κατοικῶν
661 3929 767 3983 ἀπὸ
797 3927 1010 3997 Βαιθήλ
1034 3934 1134 3997 τῆς
1168 3924 1280 3982 ἅνω
1318 3926 1619 3997 κατοικίας,

277 4017 510 4073 Οὐδέπω
544 4015 588 4073 δ’
620 4015 966 4087 εἰσελήλυθεν
996 4015 1142 4078 ἐντὸς
1172 4020 1270 4072 τοῦ
1295 4010 1616 4091 περιϐόλου.

275 4107 423 4162 ’Λλλ
458 4105 646 4178 ἔξωθεν
679 4106 964 4178 ἱστάμενος
994 4105 1266 4176 ἐξόπισθεν
1297 4110 1393 4160 τοῦ
1424 4105 1642 4180 τοίχου,

277 4197 382 4251 Διὰ
409 4194 642 4270 θυρίδων
675 4194 872 4259 ἔσωθεν
905 4194 1074 4251 ἐθέλει
1101 4194 1488 4270 παρακύπτειν.

279 4285 359 4340 Σὺ
391 4283 449 4340 δέ
483 4306 576 4359 μοι
605 4291 800 4361 τοῖχον
831 4285 1066 4359 γίνωσκε
1085 4285 1175 4338 τὸν
1207 4284 1375 4355 νόμον
1407 4287 1496 4338 τὸν
1531 4284 1785 4358 ἀρχαῖον,

274 4374 387 4432 Τὸν
422 4373 756 4447 ἐμποιοῦντα
783 4375 882 4443 τὴν
913 4374 1061 4428 σκιὰν
1092 4373 1182 4428 καὶ
1211 4371 1425 4443 πλάνην
1456 4377 1561 4426 τῶν
1595 4373 1924 4448 ἀνθρώπων·

273 4460 510 4538 Θυρίδας
543 4460 600 4518 δὲ
619 4465 706 4518 καὶ
741 4461 951 4530 δίκτυα,
980 4467 1088 4518 τῶν
1120 4467 1419 4538 προφητῶν
1446 4466 1574 4522 135:
1605 4461 1824 4537 λόγους,

2049 3305 2193 3356 cutio
2252 3312 2305 3357 et
2361 3302 2663 3374 redemptio
2699 3304 2763 3374 ’9,
2818 3302 3158 3374 unigenitus
3219 3305 3348 3375 ejus
3413 3305 3592 3362 Filius
3648 3309 3705 3362 et

2052 3393 2326 3448 Verbum.

2119 3483 2252 3535 Ecce
2282 3480 2375 3536 hic
2410 3483 2560 3537 stetit
2603 3485 2722 3552 post
2771 3485 3040 3550 parietem
3089 3487 3358 3552 nostrum,
3392 3485 3704 3554 respiciens

2046 3585 2143 3639 per
2171 3572 2464 3640 fenestras,
2498 3572 2842 3642 prospiciens
2869 3589 2972 3643 per
3000 3577 3077 3629 rel
3087 3573 3162 3629 ia.

2773 3751 2966 3806 Pselli.

2113 3839 2279 3909 Ecce,
2329 3839 2544 3912 inquit,
2577 3839 2826 3895 Verbum
2879 3845 2937 3896 et
2981 3856 3237 3912 sponsus
3284 3840 3460 3912 venit,
3503 3841 3689 3898 demi-

2040 3944 2219 4000 grans
2249 3945 2317 3984 ex
2346 3929 2571 3994 Bethel,
2602 3945 2632 3984 e
2657 3945 2912 4000 superna
2941 3929 3114 3983 domo
3149 3946 3162 3984 :
3197 3929 3461 3984 nondum
3491 3933 3687 3986 autem

2040 4019 2150 4073 sub
2182 4023 2403 4074 tectum
2454 4017 2714 4073 introivit
2745 4035 2758 4073 :
2794 4019 2895 4073 sed
2928 4017 3067 4073 foris
3105 4023 3270 4072 stans
3320 4023 3453 4089 post
3501 4019 3688 4089 parie-

2040 4113 2178 4173 tem,
2228 4123 2328 4178 per
2386 4106 2672 4163 fenestras
2729 4107 2856 4162 vult
2909 4106 3312 4177 introspicere.
3345 4107 3431 4162 Tu
3491 4113 3688 4163 autem

2041 4196 2182 4251 mihi
2218 4213 2320 4267 per
2363 4195 2645 4266 parietem
2688 4194 2874 4266 legem
2907 4195 3212 4266 antiquam
3246 4195 3526 4265 intellige,
3560 4213 3691 4252 um-

2037 4286 2204 4340 bram
2235 4289 2292 4340 et
2321 4301 2547 4341 errores
2579 4284 2920 4340 hominibus
2952 4285 3314 4355 injicientem
3351 4301 3364 4339 :
3401 4302 3502 4356 per
3533 4286 3690 4341 feneo

2039 4380 2191 4429 atras
2212 4390 2346 4430 vero
2368 4378 2423 4429 et
2454 4373 2619 4438 retia,
2645 4373 2884 4428 oracula
2912 4373 3354 4444 prophetarum.
3377 4373 3522 4430 Nam
3557 4378 3691 4429 ante

2036 4462 2216 4517 divini
2249 4463 2414 4518 Verbi
2466 4462 2930 4518 incarnationem
2978 4463 3355 4532 multifariam
3400 4464 3692 4533 multisque

274 4553 378 4608 Καὶ
412 4553 515 4626 γὰρ
544 4553 651 4628 πρὸ
679 4559 778 4622 τῆς
827 4553 1151 4628 σαρκώσεως
1179 4555 1277 4607 τοῦ
1319 4551 1668 4626 θεανθρώπου
1717 4551 1920 4626 Λόγου,

2059 4553 2204 4607 nodis
2235 4552 2436 4606 locutus
2465 4560 2543 4606 est
2560 4551 2625 4606 3°.
2660 4550 2771 4606 Sed
2821 4550 2962 4622 quid
3017 4567 3236 4623 sponsa
3285 4551 3460 4622 dicat,
3493 4551 3686 4607 consi-

274 4638 616 4716 Ηολυμερῶς
646 4640 886 4712 ἐλάλησε
914 4642 1002 4696 καὶ
1027 4642 1165 4696 πάνυ
1195 4638 1585 4716 πολυτρόπως.

272 4728 438 4784 Ἀλλ’
468 4729 600 4805 ὅπερ
633 4727 783 4804 λέγει
810 4732 930 4794 καθ’
976 4729 1163 4804 εἱρμὸν
1197 4733 1230 4799 ἡ
1252 4729 1439 4806 νύμφη
1472 4729 1793 4801 σκοπητέον.

348 4817 727 4894 Ἀποκρίνεται
753 4821 781 4872 ὁ
813 4815 1104 4895 ἀδελφιδός
1139 4840 1262 4891 μου,
1296 4817 1441 4894 λέγει
1467 4840 1558 4890 μοι
1585 4837 1598 4852 ο

273 4906 525 4975 Ἀνάστα,
576 4905 723 4977 ἐλθὲ,
777 4909 812 4977 ἡ
870 4905 1106 4977 πλησίον
1171 4928 1298 4980 μου,
1346 4907 1488 4978 καλή
1555 4929 1681 4981 μου,
1728 4911 1762 4979 ἡ
1819 4929 1920 4964 πε-

1519 4999 1738 5071 ριστερά
1771 5001 1921 5072 μου.]

271 5083 450 5153 Ἐπεὶ,
481 5084 667 5158 φησὶν,
700 5082 963 5155 ἐλήλυθεν
993 5085 1021 5139 ὁ
1053 5084 1222 5160 Λόγος
1253 5084 1340 5139 καὶ
1368 5085 1619 5162 νυμφίος,

268 5174 325 5226 '0
347 5177 468 5236 ταῖς
497 5174 804 5249 προφήταις
835 5175 1124 5249 χρώμενος
1153 5169 1334 5248 ὥσπερ
1364 5174 1471 5228 τισὶ
1507 5175 1704 5248 θυρίσι,

264 5265 436 5316 Τοῦτο
466 5261 528 5315 τὸ
559 5266 772 5334 πρῶτον
803 5261 1014 5338 εἴρηκεν
1047 5259 1241 5325 ἔσωθεν
1273 5261 1634 5337 παρακύπτων
1670 5283 1683 5296 ·

265 5349 556 5420 Ἀνάστηθι
584 5355 681 5405 τοῦ
712 5352 1006 5424 πτώματος
1032 5357 1131 5421 τῆς
1161 5349 1374 5423 πλάνης
1407 5351 1496 5406 καὶ
1525 5356 1622 5407 τοῦ
1654 5353 1914 5422 σκὸπους,

265 5434 361 5494 Καὶ
394 5439 669 5514 πρόσελθέ
701 5462 795 5513 μοι
819 5444 1089 5517 καθαρῶς.
1121 5441 1209 5496 καὶ
1240 5442 1386 5516 γίνου
1425 5463 1518 5514 μοι
1546 5441 1808 5513 πλησίον.

264 5528 411 5602 Εἶτα,
446 5530 637 5608 φησὶν,
668 5529 842 5600 έξεῖπέ
867 5551 962 5603 μοι
990 5530 1080 5584 καὶ
1109 5527 1238 5586 τάδε
1258 5531 1394 5606 πρὸς
1421 5537 1536 5594 τοῖς
1572 5528 1766 5597 ἄλλοις
1794 5552 1806 5564 ’

330 5656 376 5692 ³⁸
405 5658 428 5712 Ι
459 5655 592 5712 Cor.
627 5673 668 5724 ι,
701 5656 790 5712 30.
867 5657 912 5693 ³ο
941 5657 1114 5714 Hebr.
1147 5674 1187 5727 ι,
1221 5659 1272 5713 1.

586 5785 851 5846 ΡΑτιιοι..
900 5786 1012 5848 Gn.
1057 5785 1296 5848 CXXII.

2035 4657 2256 4698 remus.

2101 4821 2399 4894 Respondet
2439 4821 2828 4890 consobrinus:
2851 4837 3024 4888 meus,
3057 4829 3108 4876 et
3136 4819 3274 4876 dicit
3321 4820 3464 4874 mihi
3493 4838 3509 4875 :
3542 4819 3681 4876 Sur-

2028 4926 2112 4980 ge,
2160 4912 2304 4979 veni,
2358 4909 2668 4981 propinqua
2726 4924 2869 4980 mea,
2915 4910 3162 4978 formosa
3217 4923 3369 4978 mea,
3427 4908 3680 4964 columba

2029 5015 2169 5054 mea.

2101 5087 2412 5158 Quoniam,
2445 5087 2658 5160 inquit,
2688 5087 2845 5142 venit
2873 5086 3131 5142 Verbum
3172 5090 3229 5142 et
3269 5102 3546 5158 sponsus,
3579 5087 3681 5159 qui

2032 5177 2330 5248 pr0pbetis
2359 5182 2638 5247 tanquam
2683 5176 2954 5231 fenestris
2984 5175 3343 5246 quibusdam
3377 5193 3524 5232 usus
3556 5182 3681 5247 est;

2030 5266 2139 5320 hoc
2184 5265 2439 5336 primum
2472 5265 2617 5319 dixit
2664 5263 3125 5335 introspiciens:
3161 5265 3343 5333 Surge
3392 5265 3463 5320 de
3509 5264 3682 5336 lapsu

2028 5355 2243 5411 erroris
2276 5361 2333 5410 et
2377 5355 2668 5421 tenebris;
2722 5358 2780 5410 et
2829 5359 2898 5410 ad
2951 5371 3044 5409 me
3092 5355 3317 5426 puriter
3363 5355 3595 5424 accede,
3627 5360 3685 5412 et

2031 5443 2176 5500 mihi
2207 5443 2539 5515 propinqua
2577 5443 2826 5500 efﬁcere.
2861 5444 3080 5500 Deinde
3108 5444 3251 5513 haec,
3284 5444 3502 5517 inquit,
3534 5461 3681 5518 pree-

2030 5541 2119 5591 ter
2149 5532 2262 5590 alia
2293 5531 2435 5588 mihi
2472 5531 2617 5588 dixit
2649 5548 2662 5589 :

3273 5788 3348 5848 19
