4046 6144
327 288 446 348 587

343 452 349 459 -
404 424 535 477 Ecce
586 419 765 476 hiems
817 422 1069 492 transiit,
1116 422 1295 476 imber
1335 422 1498 489 abiit,
1547 424 1767 478 recessit
1818 422 1928 477 sibi

329 511 493 580 ﬂores
531 514 914 583 apparuerunt
956 512 1017 567 in
1068 520 1221 567 terra
1252 529 1271 566 :
1299 515 1508 583 tempus
1552 513 1860 584 putationis
1888 510 1995 567 ad-

328 601 509 657 venit.

404 687 714 757 Quoniam,
758 688 971 761 inquit,
1019 696 1293 746 naturam
1343 691 1677 746 daemonum
1711 707 1745 746 a
1774 688 1993 761 quibus

330 777 595 834 humana
646 783 862 835 natura
913 779 1283 852 congelatur,
1315 783 1371 835 et
1416 779 1581 852 pigra
1610 784 1787 852 atque
1833 779 1992 833 iners

330 884 575 940 prorsus
627 869 699 923 ad
749 872 904 925 recte
948 869 1237 940 agendum
1287 869 1577 936 redditur,
1608 867 1986 941 proﬂigavit:

332 962 511 1029 atque
558 957 703 1027 ideo.
743 957 933 1013 hiems
981 957 1289 1014 charitatis
1340 958 1648 1025 abscessit,
1695 961 1752 1013 et
1797 955 1992 1029 gravis

330 1047 521 1103 imber
548 1046 743 1103 omnis
775 1046 922 1103 abiit
952 1064 1019 1104 ac
1052 1047 1297 1103 deﬂuxit
1333 1064 1345 1102 ε
1380 1052 1437 1104 et
1474 1048 1811 1119 jucundum
1841 1045 1990 1101 veri-

327 1136 470 1192 tatis
502 1140 765 1192 exortum
802 1141 893 1192 est
937 1153 1036 1192 ver
1070 1154 1082 1191 :
1118 1137 1322 1193 ﬂorere
1352 1139 1525 1208 capit
1555 1136 1751 1204 tellus,
1782 1141 1993 1191 natura

334 1240 548 1296 nempe
606 1224 893 1281 humana.
957 1230 1196 1297 Tempus
1255 1227 1559 1298 putationis
1600 1228 1723 1297 jam
1778 1225 1930 1280 venit
1971 1248 1991 1286 :

328 1312 562 1386 legendi
620 1318 763 1371 sunt
820 1315 1014 1383 ﬂores,
1069 1316 1118 1371 si
1168 1314 1256 1371 vis
1315 1314 1565 1371 corollas
1620 1331 1691 1370 ex
1746 1313 1990 1370 ﬂoribus

328 1406 659 1460 contexere.
706 1404 1025 1459 Hominum
1087 1404 1243 1460 enim
1296 1408 1509 1461 natura
1539 1420 1715 1477 quam
1770 1407 1988 1459 terram

326 1491 666 1563 appellavit,
730 1492 904 1547 idolis
966 1496 1024 1548 et
1081 1493 1275 1549 fraudi
1333 1493 1616 1549 cervicem
1672 1491 1987 1560 inclinans,

330 1579 559 1636 nullam
598 1581 886 1636 virtutum
938 1581 1193 1653 speciem
1246 1582 1497 1653 przsbuit
1546 1582 1628 1651 (id
1676 1581 1834 1638 enim
1881 1581 1989 1637 ﬂos

331 1668 673 1741 signiﬁcat),
706 1670 1090 1726 acerbissima
1125 1687 1193 1727 ac
1229 1671 1751 1727 vehementissima
1796 1670 1990 1726 hieme

330 1758 693 1830 deceptionis
747 1758 805 1813 in
856 1758 1104 1831 glaciem
1156 1761 1394 1817 redacta
1446 1777 1512 1817 ac
1562 1760 1987 1833 propemodum

330 1848 579 1919 perdita.
617 1848 757 1913 Quis
786 1849 943 1904 enim
978 1864 1041 1905 se
1082 1850 1142 1905 in
1182 1849 1363 1906 tantis
1394 1867 1658 1906 errorum
1703 1849 1987 1918 tenebris,

330 1937 569 2009 pietatis
620 1938 1046 2009 professionem
1105 1940 1278 2006 tueri,
1333 1940 1685 1995 modestiam
1732 1954 1988 2007 servare,

329 2027 783 2096 temperantiam
806 2027 1105 2099 amplecti,
1130 2027 1383 2084 osculari
1403 2028 1699 2099 justitiam
1722 2042 1986 2098 unquam

330 2116 680 2188 sperasset?
735 2121 810 2173 At
863 2117 993 2189 jam
1054 2120 1219 2189 ﬂores
1283 2126 1660 2190 apparuerunt
1714 2120 1775 2173 in
1832 2122 1987 2172 terra

326 2210 536 2262 nostra.
569 2205 757 2280 Surge
805 2206 1010 2279 igitur,
1045 2211 1103 2264 et
1150 2224 1397 2265 coronas
1427 2208 1534 2263 tibi
1573 2223 1642 2263 ex
1668 2206 1984 2262 virtutibus

326 2298 477 2351 texe.
510 2298 589 2351 Ac
630 2294 841 2351 ﬂorum
889 2296 1059 2353 testis
1107 2297 1353 2354 minime
1383 2297 1740 2368 rejiciendus
1767 2299 1858 2351 est
1884 2293 1986 2350 ille

329 2398 657 2453 praecursor
686 2384 908 2456 gratias,
940 2387 1355 2455 Paenitentiam,
1389 2385 1686 2458 inquiens,
1720 2386 1869 2455 agite
1888 2385 1932 2419 ⁸¹
1967 2400 1981 2439 :

330 2473 431 2543 qui
464 2472 687 2530 multos
718 2490 786 2530 ex
816 2474 1074 2532 Hebraais
1103 2476 1439 2548 baptizavit,
1467 2493 1601 2532 cum
1632 2475 1855 2530 videret
1884 2489 1985 2529 eos

331 2562 606 2619 ﬂorentes
659 2563 721 2619 in
775 2564 1161 2623 confessione.
1203 2566 1328 2622 Huc
1385 2566 1542 2622 enim
1599 2567 1866 2637 spectant
1917 2578 1985 2620 ea

331 2652 509 2709 verba
538 2652 910 2710 Canticorum
950 2671 963 2710 :

406 2920 516 2977 Vox
542 2921 778 2977 turturis
807 2921 1005 2978 audita
1033 2932 1110 2979 est
1137 2926 1197 2979 in
1226 2933 1375 2980 terra
1400 2930 1610 2979 nostra.

395 3008 519 3065 Vox
574 3010 732 3067 enim
790 3010 1102 3069 clamantis
1163 3015 1272 3069 fuit
1327 3029 1654 3086 praecursor
1708 3011 1841 3081 iste,
1875 3011 1975 3083 qui

327 3099 573 3170 passeri,
605 3100 844 3168 turturi,
876 3102 1121 3158 dextera)
1154 3106 1545 3175 comparatur.

398 3190 565 3247 Ficus
588 3191 821 3261 protulit
856 3208 1067 3263 grossos
1112 3209 1238 3249 suos
1267 3173 1495 3250 :ivinez
1538 3193 1735 3262 ﬂorent
1766 3208 1780 3247 :
1813 3190 1973 3247 dede-
2005 3173 2050 3242 C

329 3281 464 3332 runt
495 3278 732 3335 odorem.

397 3367 685 3425 Eumdem
733 3370 855 3426 haec
887 3371 1034 3427 forte
1081 3388 1322 3427 sensum
1370 3371 1590 3427 habent
1634 3385 1769 3427 cum
1803 3384 1978 3441 supe-

331 3456 605 3514 rioribus.
628 3459 830 3514 Ficum
861 3460 1019 3514 enim
1047 3477 1256 3516 rursus
1285 3459 1546 3531 intellige
1569 3463 1842 3515 naturam
1874 3458 1981 3513 hu-

332 3561 566 3601 manam
604 3547 917 3618 :’grossos,
966 3548 1273 3606 inferiores
1314 3547 1559 3604 virtutes
1608 3565 1622 3603 :
1672 3548 1820 3604 vites
1871 3546 1980 3601 ﬂo-

331 3638 547 3703 rentes,
579 3635 805 3691 animas
839 3653 967 3708 quae
998 3636 1057 3691 in
1090 3641 1249 3693 recta
1278 3637 1507 3693 vivendi
1538 3638 1765 3693 ratione
1795 3654 1861 3694 ac
1892 3637 1983 3692 via

327 3722 603 3794 progredi
627 3726 754 3795 jam
786 3728 1109 3797 creperunt.

397 3812 592 3881 Surge,
624 3816 768 3880 veni,
795 3816 1115 3887 propinqua
1141 3830 1284 3886 mea,
1312 3818 1567 3886 formosa
1595 3831 1738 3885 mea,
1771 3814 1978 3870 cntum-

329 3901 404 3957 ba
438 3918 583 3959 mea.

913 3993 1102 4049 Trium
1140 3995 1393 4049 Patrum.

399 4097 544 4152 Cum
577 4098 758 4169 igitur
788 4099 1069 4169 magistra
1108 4101 1308 4156 anima
1345 4102 1428 4156 ita
1458 4117 1520 4157 se
1550 4101 1611 4156 in
1644 4100 1983 4157 erudiendis

330 4185 798 4242 adolescentibus
830 4188 1204 4256 exercuisset,
1233 4191 1353 4261 jam
1388 4206 1514 4261 quas
1546 4190 1675 4262 ipsa
1704 4207 1738 4245 a
1768 4206 1985 4261 sponso

328 4273 620 4342 didicerit,
644 4279 868 4332 narrat:
888 4276 1240 4349 Respondet,
1266 4279 1561 4350 inquiens,
1586 4295 1767 4351 nepos
1795 4295 1983 4348 meus,

329 4362 431 4435 qui
464 4379 797 4421 sermonem
825 4364 1095 4422 videlicet
1141 4383 1339 4424 meum
1371 4368 1442 4423 ad
1473 4367 1799 4440 discipulae
1849 4383 1983 4438 pro-

328 4452 441 4509 fert
473 4469 485 4507 :
511 4454 825 4526 respondet
846 4454 1097 4511 dilectus
1124 4473 1313 4526 meus,
1338 4460 1396 4512 et
1422 4456 1563 4512 dicit
1584 4456 1730 4512 mihi
1755 4473 1767 4512 :
1791 4457 1985 4527 Surge,

1664 289 2084 350 MICHAELIS
2132 290 2401 350 PSltJLLl

1975 425 2074 490 :A

3624 292 3744 355 588

2181 417 2323 475 Ἰδοὺ
2372 421 2400 476 6
2469 421 2685 496 χειμὼν
2774 421 3073 497 παρῆλθεν,
3157 422 3183 476 6
3265 423 3414 485 ὑετὸς
3490 421 3755 493 ἀπῆλθεν,

2105 507 2368 584 ἐπορεύθη
2419 511 2633 581 ἑαυτῷ-
2688 529 2754 564 τα
2810 509 2943 581 ἄνθη
2996 507 3144 581 ὤθθη
3200 510 3252 566 ἂν
3291 514 3360 585 τῇ
3406 515 3497 586 γῇ,
3561 512 3589 567 ὁ
3631 533 3753 567 και-

2103 598 2194 670 ρὸς
2222 604 2320 667 τῆς
2353 605 2533 671 τομῆς
2565 595 2806 675 ἔφθασεν.

2169 689 2309 753 "On,
2341 688 2499 763 φησὶ,
2528 691 2840 764 κατήργησε
2866 689 2967 756 τὴν
2993 686 3152 763 φύσιν
3190 694 3299 743 τῶν
3320 684 3619 762 δαιμόνων,

2098 778 2204 845 Τὴν
2237 774 2838 851 ἀποκρυσταλλώσασαν
2887 778 2986 846 τήν
3018 777 3174 852 φύσιν
3205 782 3314 834 τῶν
3337 778 3662 856 ἀνθρώπων,

2100 866 2203 923 Καὶ
2236 863 2473 938 δείξασαν
2502 866 2825 937 ἀναίσθητον
2845 865 2982 942 πρὸς
3000 866 3063 922 τὸ
3092 864 3262 923 καλὸν
3289 865 3539 938 τελείως,

2101 955 2389 1018 Κάντευθεν
2422 954 2765 1025 ἀπελήλαται
2798 957 3016 1031 χειμὼν
3048 957 3076 1011 6
3106 963 3206 1027 τῆς
3238 957 3464 1028 ἀπάτης,

2101 1044 2198 1100 Καὶ
2229 1051 2333 1107 πᾶς
2362 1042 2535 1107 δεινός
2562 1066 2643 1105 τις
2670 1046 2821 1107 ὑετὸς
2854 1043 3120 1114 ἀπῆλθεν,
3153 1045 3421 1123 ἀπερρύη,

2100 1135 2198 1187 Καὶ
2228 1134 2288 1187 τὸ
2308 1135 2535 1209 τερπνὸν
2567 1132 2805 1189 ἀνέτειλε
2827 1142 2927 1204 τῆς
2952 1133 3208 1204 ἀληθείας
3237 1131 3327 1210 ἔαρ
3354 1157 3367 1169 '

2099 1224 2159 1279 Ἣ
2190 1229 2258 1297 γῆ
2292 1220 2337 1277 δ’
2369 1224 2541 1287 ἀνθεῖν
2573 1224 2869 1296 ἀπήρξατο,
2903 1223 3058 1302 φύσις
3090 1226 3124 1293 ἡ
3156 1229 3263 1280 τῶν
3283 1226 3603 1299 ἀνθρώπων,

2099 1312 2294 1387 Καιρὸς
2346 1309 2402 1366 δὲ
2484 1314 2723 1390 πεφθακε
2807 1312 3000 1368 λοιπὸν
3073 1321 3252 1387 τομῆς
3324 1318 3423 1383 τῆς
3498 1318 3604 1369 τῶν
3656 1315 3751 1369 ἀν-

3562 1404 3750 1479 θεων,]

2098 1489 2163 1547 Εἴ
2198 1491 2391 1567 βούλῃ.
2422 1492 2816 1549 κατασκεύασον
2860 1496 3149 1572 στεφάνους
3179 1493 3229 1564 ἐξ
3259 1493 3479 1557 ἀνθέων.

2099 1582 2163 1635 Ἡ
2192 1585 2298 1634 τῶν
2335 1582 2633 1657 ἀνθρώπων
2669 1582 2826 1658 φύσις
2854 1583 2953 1658 γὰρ
2982 1580 3048 1652 ἤν
3079 1590 3181 1658 γῆν
3216 1585 3243 1638 6
3267 1581 3433 1656 λόγος
3468 1585 3636 1651 εἶπεν,

2098 1667 2370 1734 Εἰδώλοις
2403 1669 2737 1727 ὑποκλίνασα
2764 1674 2853 1727 καὶ
2884 1672 3064 1747 πλάνῃ
3090 1674 3181 1727 τὸν
3214 1672 3436 1747 αὐχένα,

2100 1756 2256 1821 Εἶδος
2289 1758 2387 1814 οὐκ
2416 1761 2559 1835 εἶχεν
2589 1761 2789 1835 ἀρετῶν
2825 1766 3003 1832 (τοῦτο
3032 1761 3133 1836 γὰρ
3164 1759 3323 1825 ἄνθος
3352 1756 3511 1833 νόει),

2096 1853 2184 1920 Ἰᾦ
2218 1846 2531 1922 δριμυτάτῳ
2561 1850 2650 1904 καὶ
2701 1848 2921 1928 σφοδρῷ
2971 1856 3208 1925 χειμῶνι
3256 1855 3336 1922 τῷ
3390 1858 3492 1921 τῆς
3530 1848 3747 1922 πλάνης

2096 1936 2583 2013 Κρυσταλλωθεῖσα
2611 1940 2698 1993 καὶ
2735 1937 2933 2015 σχεδὸν
2965 1938 3419 2003 ἐναπολλυθεῖσα.

2092 2027 2181 2089 Τίς
2211 2027 2313 2103 γὰρ
2344 2024 2615 2096 ἠλπίσατό
2641 2049 2774 2084 ποτε
2801 2036 2901 2099 τῆς
2932 2028 3145 2099 πλάνης
3186 2028 3562 2100 σκοτιζούσης,

2095 2119 2292 2187 Τηρεῖν
2319 2115 2727 2190 ἐξομολίγησιν,
2761 2115 3050 2194 φυλάττειν
3073 2117 3452 2195 σωφροσύνην,

2094 2206 2441 2280 Ἐγκράτειαν
2475 2206 2823 2275 ἀσπάζεσθαι,
2853 2204 3032 2284 φιλεῖν
3058 2204 3404 2276 δικαιοσύνην

2093 2293 2248 2351 Ἀλλ’
2276 2292 2385 2364 ἤδη
2417 2299 2632 2359 πάντως
2659 2294 2895 2366 ἤνθηκεν
2923 2297 2957 2364 ἡ
2983 2302 3075 2370 γῆ.
3106 2297 3307 2351 Λοιπὸν
3337 2295 3556 2365 ἀνάστα,

2094 2382 2195 2439 Καὶ
2228 2380 2529 2437 σπούδασον
2563 2383 2613 2453 ἕξ
2643 2384 2846 2459 ἀρετῶν
2870 2384 3166 2454 στεφάνους
3199 2405 3285 2438 σοι
3314 2382 3612 2454 πλαγῆναι.

2093 2473 2191 2526 Καὶ
2225 2473 2428 2545 μάρτυς
2464 2473 2881 2548 ἀπαράγραπτος
2914 2472 3151 2549 ύπάρχει
3180 2478 3286 2529 τῶν
3320 2474 3521 2529 ἀνθέων

2091 2563 2148 2615 Ὀ
2178 2559 2491 2636 πρόδρομος
2525 2569 2625 2631 τῆς
2656 2562 2902 2639 χάριτος,
2937 2561 3113 2638 λέγων
3150 2582 3162 2595 °
3196 2568 3518 2618 Μετανοεῖτε
3542 2581 3558 2596 ⁶

2090 2653 2274 2712 ⁹Ὀστις
2302 2649 2547 2713 πολλοὺς
2577 2646 2828 2706 ἐϐάπτισε
2856 2655 2953 2705 τοῦ
2984 2652 3169 2726 γένους
3200 2656 3307 2707 τῶν
3341 2646 3632 2727 Ἐϐραίων,

2090 2737 2239 2797 Ἰδὼν
2272 2740 2467 2802 αὐτοὺς
2499 2740 2829 2811 ἀνθήσαντας
2860 2738 2912 2795 ἐν
2940 2738 3355 2817 ἐξομολογήσει.

2090 2828 2302 2886 Τούτου
2330 2830 2431 2904 γὰρ
2462 2830 2623 2903 χάριν
2655 2827 2867 2905 ε’ίρηκεν
2902 2831 2929 2884 6
2961 2827 3123 2906 λόγος
3150 2836 3258 2885 τῶν
3287 2828 3575 2903 Ἀσμάτων
3611 2850 3625 2863 ’

2160 2920 2326 2987 Φωνὴ
2358 2925 2458 2987 τῆς
2483 2920 2743 2992 τρυγόνος
2775 2920 3019 2989 ἠκούσθη
3054 2918 3106 2974 ἓν
3132 2923 3199 2993 τῇ
3231 2924 3303 2995 γῇ
3336 2922 3521 2992 ἡμῶν.

2089 3009 2252 3076 Φωνή
2290 3008 2527 3083 βοῶντος
2560 3009 2789 3077 πέφυκεν
2823 3008 2851 3063 6
2883 3006 3201 3085 πρόδρομος
3230 3009 3331 3085 γὰρ
3356 3010 3535 3082 οὗτος,

2090 3099 2366 3171 Στρουθῷ,
2397 3097 2643 3172 τρυγόνι,
2669 3095 2825 3170 δεξιῷ
2857 3097 3233 3173 παρεικασθεὶς
3271 3103 3350 3170 τῷ
3382 3096 3553 3175 λόγῳ.

2158 3188 2218 3241 Ἣ
2251 3193 2385 3255 συκῆ
2420 3186 2667 3261 ἐξήνεγκε
2690 3185 2817 3248 τοὺς
2852 3184 3116 3250 ὀλύνθους
3146 3186 3331 3256 αὐτῆς.
3359 3186 3423 3242 Δὶ

2086 3273 2313 3351 ἄρπελοι
2344 3274 2711 3350 κυπρίζουσιν,
2745 3272 2947 3329 ἔδωκαν
2983 3275 3183 3348 ὀσμήν.

2086 3366 2259 3422 Τοῦτο
2289 3364 2482 3419 ταυτόν
2510 3385 2563 3417 τι
2593 3385 2797 3439 πεφυκε
2820 3363 2964 3438 τάχα
2992 3370 3108 3426 τοῖς
3137 3364 3521 3440 προρῥηθεῖσι.

2090 3459 2268 3521 Συκῆν
2300 3453 2400 3528 γάρ
2430 3453 2581 3515 αὖθις
2617 3453 2815 3522 νόησον
2846 3454 2949 3521 τήν
2972 3453 3130 3531 φύσιν
3167 3458 3279 3508 τῶν
3312 3454 3636 3531 ἀνθρώπων,

2088 3542 2385 3603 Ὀλύνθους
2422 3539 2478 3596 δὲ
2509 3546 2616 3596 τῶν
2640 3541 2843 3615 ἀρετῶν
2874 3542 2969 3603 τὰς
3001 3539 3407 3617 ὑποδεεστέρας.

2089 3629 2397 3703 Ἀμπέλους
2427 3630 2590 3685 πάλιν
2610 3630 2859 3707 γίνωσκε,
2894 3628 3145 3703 δέσποτα,
3175 3630 3562 3707 κυπριζούσας,

2091 3720 2285 3795 Ψυχὰς
2307 3720 2631 3794 προκόπτειν
2667 3718 2741 3781 εἷς
2772 3718 2941 3775 καλὸν
2975 3717 3334 3796 ἑναρξαμὲνας
3363 3717 3496 3789 ἤδη.

2159 3812 2407 3879 ’Δνάστα,
2462 3808 2603 3880 ἐλθὲ,
2663 3812 2697 3880 ἠ
2780 3810 3019 3881 πλησίον
3082 3824 3212 3884 μου,
3266 3810 3409 3881 καλή
3464 3831 3591 3883 μου,
3648 3831 3742 3866 πε-

2093 3900 2307 3979 ριστερά
2343 3922 2474 3974 μου.

2661 3992 2785 4046 Τῶν
2818 3990 2866 4064 γ’
2900 3987 3174 4063 Πατὲρων.

2162 4094 2320 4155 Οὕτω
2366 4098 2547 4152 τοίνυν
2706 4093 3033 4157 διδάσκαλος
3089 4096 3243 4171 ψυχὴ
3306 4093 3743 4171 ἀπασχολησασα

2094 4189 2288 4256 ἑαυτὴν
2343 4191 2409 4260 τῇ
2452 4184 2813 4256 δισδασκαλίᾳ
2858 4190 2965 4240 τῶν
3020 4185 3497 4257 μαθητευομὲνων,
3555 4182 3752 4239 λοιπὸν

2096 4278 2226 4351 ἅπερ
2258 4276 2392 4345 αὐτὴ
2430 4273 2683 4349 μανθάνει
2734 4275 2879 4348 παρά
2923 4277 3021 4329 τοῦ
3071 4272 3307 4351 νυμφίου
3337 4272 3496 4352 φησίν
3534 4291 3548 4305 ·
3580 4274 3754 4328 Ἀπο-

2090 4368 2327 4442 κρίνεται
2363 4367 2390 4419 ὀ
2446 4362 2738 4440 ἀδελφιδός
2794 4385 2898 4437 μου
2926 4385 2938 4398 ·
2992 4364 3133 4432 ἢτοι,
3168 4361 3305 4436 ἐμου
3346 4363 3485 4437 πρὸς
3513 4362 3610 4424 τὰς
3646 4383 3744 4435 μα-

2096 4456 2459 4529 θητευομὲνας
2522 4452 2857 4527 ποιουμένης
2924 4454 3013 4508 τὸν
3082 4450 3280 4528 λόγον,
3333 4450 3680 4527 ἀποκρίνεται
3718 4452 3746 4506 6

325 4549 473 4617 veni,
504 4550 818 4619 propinqua
850 4565 975 4604 mea
1006 4566 1024 4603 :
1059 4549 1265 4605 docere
1306 4550 1509 4606 desine
1540 4567 1667 4621 quea
1699 4567 1731 4605 a
1764 4566 1855 4605 me
1885 4564 1986 4621 per

2104 4546 2375 4619 ἀγαπητός
2439 4566 2565 4616 μου,
2626 4544 2714 4599 καὶ
2795 4541 2940 4619 λέγει
2997 4560 3132 4615 μοι’
3195 4542 3445 4611 Ἀνάστα,
3502 4539 3647 4610 ὲλθὶ,
3707 4542 3743 4610 ὴ

328 4637 658 4693 naturalem
690 4638 1091 4709 scriptamque
1122 4637 1310 4711 legem
1335 4640 1615 4711 mysteria
1643 4640 1713 4695 ad
1743 4656 1838 4695 me
1870 4656 1998 4711 per.

327 4725 575 4783 tinentia
604 4730 778 4782 antea
808 4726 1101 4783 dedicisti.
1126 4728 1215 4782 Ab
1247 4728 1318 4783 iis
1349 4744 1741 4801 consurgens,
1764 4732 1826 4784 tu
1862 4746 1994 4799 qua:

328 4820 567 4888 propter
622 4815 1041 4888 perfectionem
1093 4832 1153 4871 es
1205 4816 1537 4890 prOpinqua
1587 4834 1741 4889 mea,
1791 4819 1863 4874 ad
1923 4835 1993 4874 ea

328 4906 616 4961 tradenda
647 4910 704 4961 te
735 4906 933 4961 confer
977 4921 1102 4977 quae
1132 4922 1201 4961 ex
1230 4905 1353 4977 lege
1408 4910 1682 4963 constant
1713 4906 1989 4979 spiritali,

329 4999 387 5047 et
415 4994 507 5049 bis
537 4994 708 5066 longe
739 4999 879 5050 sunt
918 4994 1350 5051 excellentiora.
1384 4996 1501 5069 Ego
1532 4996 1689 5051 enim
1723 4996 1822 5067 qui
1856 5013 1988 5052 sum

330 5087 541 5138 natura
571 5083 902 5139 immensus
942 5088 999 5139 et
1046 5084 1332 5153 inﬁnitus,
1370 5083 1550 5139 nullis
1602 5100 1863 5156 unquam
1898 5103 1987 5142 re-

331 5189 460 5227 rum
494 5188 561 5227 ex
594 5173 841 5228 materia
872 5173 1270 5229 constantiam
1304 5172 1575 5229 terminis
1599 5174 1985 5246 comprehen-

331 5261 457 5315 dar.
491 5260 690 5331 Itaque
721 5265 777 5315 te
808 5278 1041 5333 semper
1071 5267 1301 5335 Oportet
1328 5264 1401 5318 ad
1434 5262 1715 5319 ulteriora
1745 5269 1982 5320 conten-

327 5353 485 5406 dere.
517 5351 775 5405 Formosa
802 5367 944 5419 mea,
974 5352 1232 5408 columba
1260 5369 1403 5408 mea.
1440 5353 1719 5409 Formosa
1748 5354 1980 5425 quidem

330 5454 481 5508 mea,
509 5443 804 5510 quatenus
834 5441 1112 5511 operibus
1158 5446 1216 5498 et
1262 5442 1567 5515 praeceptis
1598 5442 1982 5515 exsequendis

399 5636 443 5671 ³¹
482 5634 697 5690 Matth.
731 5652 817 5703 ιιι,
846 5637 902 5691 2.

2104 4634 2340 4703 πλησίον
2400 4654 2522 4705 μου.
2571 4629 2793 4703 Δηλαδὴ
2839 4631 3121 4686 ἀνάνευσον
3182 4630 3289 4685 ἀπὸ
3352 4634 3449 4685 τοῦ
3480 4627 3750 4685 διδάσκειν

2101 4724 2167 4778 τΞι
2195 4726 2320 4798 παρ’
2350 4723 2484 4795 ἐμοῦ
2525 4720 2613 4777 διά
2652 4743 2711 4776 τε
2757 4724 2851 4777 τοῦ
2910 4725 3141 4799 φυσικοῦ
3198 4720 3289 4775 καὶ
3344 4724 3443 4775 τοῦ
3498 4721 3752 4792 γραπποῦ

2101 4814 2273 4887 νόμου
2303 4810 2737 4888 προδιδαχθέντα
2794 4832 2879 4865 σοι
2936 4810 3059 4885 περὶ
3102 4811 3236 4883 ἱμοῦ
3288 4810 3578 4884 μυστήρια.
3630 4805 3746 4864 Κάκ

2098 4904 2303 4959 τούτων
2337 4902 2628 4979 ἐγερθεῖσα,
2685 4899 2809 4965 ἐλθὶ
2850 4898 3020 4955 πάλιν
3069 4898 3146 4961 εἷς
3200 4899 3262 4954 τὸ
3296 4896 3635 4953 διδάσκεσθαι
3663 4892 3754 4951 διὰ

2098 4997 2191 5048 τοῦ
2216 4995 2584 5064 πνευματικοῦ
2630 4989 2804 5061 νόμου
2846 4988 2913 5043 τὰ
2970 4984 3047 5043 ἔτι
3096 4987 3302 5042 τούτων
3364 4984 3744 5061 ὑπερκείμενα,

2096 5085 2130 5151 ἡ
2192 5079 2280 5135 διὰ
2335 5079 2659 5149 τολειότητα
2716 5076 2879 5152 ἐγγύς
2938 5098 3065 5151 μου.
3128 5076 3208 5134 Οὐ
3266 5076 3749 5152 περιγραφήσομαι

2092 5180 2194 5248 γάρ
2226 5171 2355 5225 ποτε
2383 5191 2490 5225 τισι
2527 5166 2835 5241 μετουσίαις
2867 5165 2903 5235 ἤ
2933 5167 3183 5238 τέρμασι,
3216 5166 3331 5219 κατ’
3359 5164 3545 5219 οὐσίαν
3581 5162 3747 5232 ὑπάρ-

2094 5282 2209 5337 χων
2263 5258 2483 5333 ἄπειρος
2536 5258 2622 5313 καὶ
2681 5256 2954 5330 ἀόριστος.
3010 5255 3108 5309 Καὶ
3170 5252 3258 5309 διὰ
3314 5251 3477 5308 τοῦτο
3527 5249 3646 5307 δὲον
3690 5270 3750 5307 σε

2091 5358 2205 5411 τοῖς
2257 5348 2556 5423 ἔμπροσθεν
2613 5345 2874 5417 διηνεκῶς
2923 5343 3341 5408 ἐπεκτείνεσθαι.
3398 5340 3551 5411 Καλή
3611 5360 3745 5413 μου,

2090 5440 2379 5516 περιστερά
2442 5459 2568 5511 μου.
2620 5435 2769 5506 Καλή
2816 5456 2921 5509 μου
2978 5434 3072 5508 μὲν
3120 5435 3194 5496 ὡς
3246 5429 3626 5508 κεκαθαρμένη
3660 5428 3752 5484 καὶ
