4040 6146
366 358 488 417 589

1427 358 1832 416 (IUMMEN'I‘.
1886 358 1957 413 IN
2006 356 2404 416 CAXTICUM
2453 356 2757 416 CANTIC.

3659 358 3777 421 590

368 487 681 560 ὡραϊσμένη
740 489 809 559 τῇ
866 485 1051 558 πράξει
1101 490 1209 540 τῶν
1269 483 1528 540 ἐντολῶν·
1588 484 1876 560 περιστερά
1909 505 2011 557 μου

2130 486 2412 541 mundata
2441 502 2503 541 es
2534 488 2590 539 et
2637 485 2912 542 decorata
2942 503 2955 540 :
2990 485 3258 543 columba
3304 504 3458 560 vero,
3483 492 3777 561 quatenus

370 574 428 631 δὲ
484 576 559 636 ὡς
618 575 1004 651 πεφωτισμένη
1062 580 1179 636 τοῖς
1239 579 1336 628 τοῦ
1389 573 1650 648 παναγίου
1710 572 2019 644 Πνεύματος

368 663 723 740 χαρίσμασιν.
791 664 1020 719 Ἀνάστα
1078 660 1154 733 δὶ,
1215 664 1369 741 φησὶ,
1427 663 1516 716 καὶ
1548 662 1691 717 έλθέ’
1727 661 1808 717 ὅτι
1842 660 2020 717 ἴδοὺὸ

372 754 585 830 ’χειμὼν
646 752 945 827 παρῆλθεν,
997 754 1227 827 ’¹Ηγουν,
1264 749 1351 806 διὰ
1378 751 1543 806 τοῦτό
1593 772 1679 804 σοι
1737 750 2021 825 ἐγκελεύο-

381 867 475 919 μαι
527 842 819 919 ἐγείρεσθαι
894 841 974 898 ἀεὶ
1049 840 1153 896 άπὸ
1229 840 1457 915 ὑψηλῶν
1515 842 1885 918 θεωρημάτων
1948 841 2024 905 εἷς

384 932 709 1008 ὑψηλότερα,
770 932 905 1007 πρὸς
970 932 1253 1004 μετουσίαν
1311 935 1409 986 τοῦ
1471 931 1859 1005 ὑπερκειμένου
1889 928 2023 985 κάλ-

382 1019 512 1085 λους
559 1043 613 1076 σε
686 1019 1069 1098 ἐφελκόμενος,
1145 1019 1225 1075 ὅτι
1303 1021 1369 1075 τά
1442 1020 1816 1096 χειμαζόμενα
1876 1019 2021 1089 πάθη

378 1112 475 1180 τήν
547 1112 730 1187 ψυχὴν
768 1154 780 1178 ,
854 1110 944 1164 καὶ
1021 1110 1157 1183 πρὸς
1229 1111 1328 1178 τὴν
1386 1111 1754 1183 πνευματικὴν
1807 1108 2026 1183 πορείαν

378 1197 689 1265 κωλύοντα,
763 1200 1050 1274 γεγόνασιν
1134 1196 1402 1256 ἐκποδών.
1482 1203 1537 1251 Ὁ
1618 1198 1765 1252 ὑετὸς
1844 1195 2026 1266 ἆπῆλο

378 1290 486 1357 θεν,
566 1288 832 1362 ἐπορεύθη
912 1288 1105 1360 ἑαυτῷ.
1176 1287 1452 1363 ,ΔηΛονότι
1517 1289 1551 1357 ἡ
1626 1284 1834 1363 σφοδρὰ
1896 1307 2024 1341 κατ-

378 1377 522 1452 αιγὶς
579 1383 689 1432 τῶν
750 1375 1024 1451 αἱρέσεων,
1090 1376 1176 1452 ὑφ’
1235 1376 1301 1444 ἧς
1356 1374 1445 1431 καὶ
1494 1375 1884 1449 ἀπησχόλησαι
1948 1376 2022 1448 μή

375 1472 774 1542 παρασυρῆναι,
808 1463 1011 1535 ἀπέστη
1045 1468 1112 1538 τῇ
1160 1465 1244 1542 ὑφ’
1311 1466 1512 1519 ἑαυτῶν
1543 1462 1836 1537 διαλλήλῳ
1889 1467 2026 1539 φθα-

377 1559 530 1629 ρεῖσα
586 1559 779 1630 φθορᾷ.
840 1552 920 1609 Τὰ
978 1550 1109 1622 ἄνθη
1171 1554 1326 1625 ὤφθη
1387 1552 1438 1608 ἐν
1496 1555 1563 1626 τῇ
1744 1554 1812 1606 Αἱ
1845 1552 2025 1628 ἀρεταὶ

377 1645 610 1709 πάντως,
668 1641 723 1696 α⁸ί
782 1639 939 1712 δίκην
999 1639 1304 1696 πολυειδῶν
1339 1662 1394 1696 τε
1436 1642 1525 1696 καὶ
1575 1639 1791 1695 εὐειδὼν
1825 1642 2024 1695 ἀνθέων

376 1733 475 1800 τὴν
510 1733 695 1806 ψυχὴν
730 1729 1074 1807 ὡραίζουσιν,
1136 1729 1403 1801 ἀνέθηλαν
1435 1728 1487 1785 έν
1550 1730 1707 1802 σαρκὶ
1739 1731 1853 1784 κατ’
1880 1728 2025 1805 ἐνέρ-

378 1839 549 1895 γειαν⁶
594 1825 764 1874 ταῦτα
819 1817 876 1874 δὲ
927 1818 1258 1895 γεγόνασιν,
1334 1815 1626 1893 ἆπειδειςπερ
1685 1819 1871 1893 καιρὸς
1925 1822 2024 1884 τῆς

376 1916 553 1983 τομῆς
607 1906 852 1987 ἔφθακεν,
912 1908 971 1973 ὃς
1024 1916 1125 1978 τῆς
1174 1906 1271 1963 τοῦ
1331 1912 1563 1982 Χριστοῦ
1621 1907 1671 1961 έν
1716 1907 1869 1983 σαρκὶ
1901 1906 2018 1962 έπι-

374 1996 575 2071 δημίας
635 1997 765 2053 ἐστί.
828 1998 971 2068 Φησὶ
1031 1998 1133 2073 γάρ
1177 1996 1230 2052 ἐν
1289 1996 1640 2074 Εὐαγγελίοις
1668 1996 1851 2058 αὐτός’
1906 1996 2021 2054 Οὐκ

373 2088 544 2157 ἦλθον
635 2085 820 2163 βαλεῖν
904 2088 1148 2161 εἶρήνην,
1225 2084 1371 2143 ἀλλά
1447 2086 1742 2162 μάχαιραν.
1813 2084 2014 2141 Ἦλθον

368 2177 471 2251 γὰρ
542 2174 765 2252 διχάσαι
842 2178 1124 2252 ἄνθρωπον
1198 2177 1334 2231 κατὰ
1405 2180 1503 2231 τοῦ
1571 2176 1773 2253 πατρὸς
1828 2176 2016 2244 αὐτοῦ,

362 2267 449 2323 καὶ
522 2264 786 2340 θυγατέρα
842 2267 980 2321 κατὰ
1034 2273 1134 2335 τῆς
1200 2266 1404 2339 μητρὸς
1481 2263 1669 2337 αὐτῆς,
1732 2264 1822 2319 καὶ
1874 2264 2017 2337 νύμ-

360 2376 469 2432 φην
555 2355 692 2409 κατὰ
770 2362 868 2425 τῆς
939 2356 1195 2431 πενθερᾶς
1267 2354 1455 2420 αὑτῆς.
1535 2355 1834 2427 Τέμνονται
1914 2355 2015 2429 γὰρ

362 2442 453 2498 διὰ
512 2442 693 2498 πίστιν
750 2443 840 2498 καὶ
897 2443 1091 2520 ἀρετὴν
1127 2443 1273 2498 οὗτοι
1309 2443 1359 2496 οἱ
1391 2443 1567 2497 καινοὶ
1606 2446 1685 2513 τῷ
1716 2445 2017 2513 καινοποιῷ

365 2532 661 2605 υνεύματι,
699 2533 802 2591 ἀπὸ
831 2538 939 2587 τῶν
986 2530 1457 2604 πεπαλαιωμένων
1516 2530 1585 2605 τῇ
1648 2530 1868 2601 ἀπιστίᾳ
1922 2531 2015 2585 καὶ

362 2625 432 2695 τῇ
486 2622 670 2693 κακίᾳ.
703 2622 857 2676 Ὅθεν
885 2622 975 2676 καὶ
1005 2624 1105 2687 τῆς
1152 2621 1341 2675 ἑαυτοῦ
1400 2620 1453 2674 έν
1511 2621 1666 2693 σαρκὶ
1718 2617 2013 2692 ἐπιδημίας

366 2710 576 2787 ἐπάγων
635 2712 734 2780 τήν
790 2710 1107 2786 μαρτυρίαν,
1164 2711 1320 2786 φησί’
1373 2710 1536 2779 Φωνή
1601 2713 1698 2775 τῆς
1753 2708 2016 2784 τρυγόνος

365 2800 607 2870 ἠκούσθη
666 2798 716 2854 έν
784 2804 850 2873 τῇ
901 2804 970 2873 γῇ
1024 2803 1206 2873 ἡμῶν.
1266 2798 1505 2875 Τρυγόνα
1552 2799 1652 2874 γὰρ
1708 2797 1869 2853 καλεῖ
1923 2799 2013 2853 τὸν

364 2896 467 2959 τῆς
527 2890 720 2943 ἑαυτοῦ
774 2888 1070 2963 παρουσίας
1121 2891 1411 2966 προφήτην
1442 2888 1531 2942 καὶ
1572 2885 1906 2962 πρόδρομον,
1940 2888 2017 2949 ὡς

374 2978 634 3053 ἒρημικόν
661 2998 720 3032 τε
748 2977 836 3032 καί
868 2977 1141 3055 σώφρονα.
1193 2978 1271 3033 Οὗ
1302 2980 1337 3046 ἡ
1372 2977 1525 3053 φωνή
1579 2978 1642 3031 τὸ
1698 2980 1798 3041 τῆς
1853 2996 2015 3047 μετα-

370 3068 515 3128 νοίας
569 3066 677 3122 ἐστὶ
735 3069 1011 3143 κήρυγμα,
1072 3068 1204 3142 ὅπερ
1254 3064 1305 3119 ἔν
1337 3088 1446 3120 τισι
1491 3070 1599 3120 τῶν
1630 3070 1897 3138 σαρκικῶν
1927 3065 2016 3119 καὶ

363 3156 709 3233 φρονούντων
740 3157 808 3210 τὰ
833 3158 996 3230 γήϊνα
1026 3155 1293 3225 ἠκούσθη,
1353 3155 1426 3216 ὡς
1477 3156 1737 3209 πεισθεῖσι
1794 3159 1875 3226 τῷ
1920 3175 2018 3223 κη-

355 3243 585 3319 ρύγματι
663 3244 863 3317 τούτῳ,
931 3244 1022 3299 καὶ
1113 3244 1397 3316 μετανοίας

350 3355 578 3407 πτισμα.
640 3336 732 3389 Διὸ
784 3333 874 3390 καί
932 3356 1112 3411 φησιν.
1146 3336 1209 3391 Ἠ
1242 3340 1376 3403 συκῆ
1420 3332 1706 3403 έξήνθησεν
1738 3331 2003 3394 ὀλυνθους

347 3423 535 3493 αὐτῆς.
600 3430 778 3494 Συκῆν
829 3424 930 3500 γὰρ
960 3425 1057 3493 τὴν
1115 3424 1249 3496 μετὰ
1281 3427 1447 3477 ταῦτα
1478 3419 1547 3475 δι’
1575 3421 1842 3497 ἀκαρπίαν
1871 3432 2003 3484 καθ-

346 3512 627 3588 ηραμένην
711 3514 856 3587 παρὰ
939 3517 1172 3587 Χριστοῦ
1262 3512 1578 3588 συναγωγὴν
1661 3510 1807 3586 λέγει
1887 3514 1995 3565 τῶν

349 3600 647 3660 Ἰουδαίων·
702 3602 824 3671 ἥτις
881 3600 1032 3673 δίκην
1095 3601 1336 3657 ὀλύνθαυν
1396 3600 1842 3676 προανισχόντων
1902 3604 1999 3654 τοῦ

349 3690 569 3747 τελείου
624 3696 853 3765 καρποῦ,
904 3692 995 3746 καὶ
1050 3693 1263 3767 ταχέως
1293 3692 1625 3759 πιπτόντων,
1657 3688 1786 3751 τοὺς
1811 3690 1872 3744 τὸ
1901 3692 1998 3743 τοῦ

353 3782 584 3837 Ῑωάννου
674 3779 953 3855 βάπτισμα
1030 3780 1416 3855 βαπτισθέντας
1491 3777 1774 3843 ἆνέθηλεν.
1830 3778 1997 3834 Οὗτοι

356 3868 453 3940 μὶν
483 3869 581 3943 γὰρ
610 3869 702 3923 τὸν
758 3869 963 3943 καρπὸν
1014 3865 1413 3937 προεδείκνυον,
1453 3871 1854 3941 προ-τυποῦντες
1916 3864 2004 3921 ’διὰ

348 3962 453 4012 τοῦ
478 3957 529 4011 ἐν
560 3954 715 4011 ὕδατι
751 3957 900 4030 μόνῳ
934 3957 1305 4031 βαπτίσματος
1336 3957 1397 4011 τὸ
1440 3956 1492 4010 ἐν
1542 3956 1679 4029 ἁγίῳ
1728 3955 1999 4027 Πνεύματι

349 4047 442 4101 καὶ
474 4046 604 4121 πυρὶ
669 4044 966 4120 βάπτισμα.
1015 4045 1184 4102 Αὐτοὶ
1237 4043 1295 4099 δὲ
1329 4044 1405 4105 εἷς
1434 4048 1593 4099 τοῦτο
1621 4043 1719 4098 ούκ
1749 4039 2000 4120 ἔφθασαν,

350 4131 479 4189 ἀλλ’
505 4134 579 4195 ὼς
627 4135 697 4205 τῇ
747 4134 869 4209 περὶ
912 4135 1150 4210 Χριστοῦ
1185 4133 1456 4208 μαρτυρίᾳ
1482 4136 1578 4186 τοῦ
1611 4133 1863 4185 Ἰωάννου
1925 4133 1999 4204 μὴ

347 4221 728 4284 πιστεύσαντες
795 4229 895 4291 τῆς
956 4221 1033 4284 εἷς
1101 4221 1260 4276 αὐτὸν
1316 4221 1543 4295 Χριστὸν
1601 4219 1847 4290 ἐξέπεσον
1906 4218 2002 4273 πί-

350 4332 539 4374 στεως.
620 4312 687 4371 Αἱ
763 4309 1003 4384 ἄμπελοι
1078 4313 1239 4383 ἡμῶν
1325 4310 1700 4382 κυπρίζουσιν,
1795 4302 2000 4363 ἔδωκαν

350 4402 552 4476 ὀσμήν.
611 4401 924 4474 Ἀμπέλους
977 4400 1134 4457 καλεῖ
1163 4402 1258 4463 τάς
1291 4399 1342 4455 ἐν
1370 4398 1485 4461 τοῖς
1515 4396 1687 4463 ἔθνεσι
1720 4397 2002 4477 φυτευθεί-

353 4512 448 4553 σας
494 4496 572 4564 τῷ
614 4490 928 4566 κηρύγματι
981 4493 1077 4546 τοῦ
1132 4492 1368 4565 Χριστοῦ
1401 4488 1694 4559 ἐκκλησίας
1748 4494 1855 4543 τῶν
1910 4510 2004 4543 πι-

2130 573 2427 631 illustrata
2471 592 2534 632 es
2577 576 2746 632 donis
2779 577 3035 648 Spiritus
3077 578 3289 634 sancti.
3327 578 3504 649 Surge
3552 583 3778 648 autem,

2131 664 2347 735 inquit,
2379 672 2435 720 et
2462 666 2591 721 veni
2618 683 2636 721 :
2667 667 2936 737 quoniam
2965 682 3083 723 ecce
3112 667 3285 731 hiem;
3314 670 3562 726 transiit.
3590 670 3781 734 Quare

2130 753 2371 809 trahens
2400 758 2458 809 te
2488 756 2561 810 ad
2611 771 2854 810 summae
2905 755 3367 828 pulchritudinis
3414 757 3781 813 communio-

2134 858 2290 909 nem,
2315 843 2587 915 praacipio
2618 844 2726 898 tibi
2751 849 2816 900 ut
2845 861 3076 917 surgas,
3109 849 3167 901 et
3196 863 3228 901 a
3260 845 3615 903 sublimibus
3641 863 3781 903 con-

2134 929 2597 1001 tenplationibus
2641 932 2712 986 ad
2762 931 3132 989 sublimiores
3179 932 3445 990 exciteris
3477 933 3783 1004 :quando-

2135 1020 2372 1091 quidem
2443 1021 2948 1092 perturbationes,
3021 1038 3149 1092 quae
3214 1026 3497 1094 tanquam
3568 1022 3783 1079 hiemis

2135 1114 2514 1181 tempestates
2552 1109 2813 1165 animam
2853 1110 3124 1183 afﬂigunt
3153 1114 3209 1166 et
3238 1112 3311 1166 ab
3341 1111 3551 1167 itinere
3579 1111 3781 1183 prohi-

2134 1199 2276 1254 bent
2332 1198 2605 1269 spiritali,
2639 1198 2890 1254 sublatae
2936 1203 3095 1254 sunt.
3146 1200 3325 1255 Imber
3371 1201 3528 1267 abiit,
3559 1201 3787 1257 recessit

2134 1288 2262 1343 sibi.
2287 1289 2618 1343 Vehemens
2649 1287 2959 1357 haeresum,
2993 1305 3025 1344 a
3056 1288 3270 1360 quibus
3300 1288 3624 1361 vexabaris,
3655 1306 3788 1362 pro.

2137 1377 2280 1433 cella
2310 1377 2500 1445 desiit,
2534 1394 2666 1433 cum
2691 1381 2897 1433 mutuo
2928 1377 3081 1433 inter
3101 1393 3165 1433 se
3194 1378 3466 1435 conﬂictu
3490 1395 3785 1451 oppressa

2137 1466 2514 1524 conciderint.
2555 1469 2663 1524 Vixi
2690 1470 2815 1523 sunt
2843 1468 3006 1537 ﬂores
3053 1469 3115 1522 in
3161 1470 3331 1525 terra.
3366 1467 3623 1525 Virtutes
3655 1486 3786 1542 quae

2139 1560 2420 1627 tanquam
2452 1557 2596 1612 varii
2629 1561 2807 1629 atque
2854 1558 3080 1613 odorati
3113 1558 3285 1613 ﬂores
3332 1558 3590 1615 animam
3622 1576 3787 1615 exor-

2138 1652 2302 1712 nant,
2336 1646 2393 1699 in
2435 1661 2629 1713 carne,
2664 1646 2806 1701 dum
2848 1646 3022 1702 rectis
3064 1647 3394 1703 actionibus
3422 1652 3481 1703 et
3509 1650 3788 1720 operibus

2135 1734 2501 1805 excoluntur,
2561 1735 2906 1791 ﬂoruerunt.
2969 1735 3100 1791 Haec
3158 1740 3353 1792 autem
3412 1737 3567 1793 facta
3623 1742 3789 1808 sunt,

2138 1825 2406 1895 quoniam
2446 1832 2659 1895 tempus
2692 1826 2998 1895 putationis
3042 1825 3310 1880 advenit:
3343 1826 3499 1896 quod
3548 1826 3789 1897 quidem

2133 1917 2369 1984 tempus
2398 1917 2488 1968 est
2517 1912 2731 1969 Christi
2783 1914 3072 1969 adventus
3124 1914 3181 1968 in
3230 1931 3424 1971 carne.
3456 1916 3577 1971 Non
3605 1916 3788 1993 enim,

2127 2002 2324 2074 inquit
2364 2004 2489 2073 ipse
2533 2001 2592 2056 in
2644 2001 2991 2073 Evangeliis,
3021 2004 3148 2058 veni
3191 2005 3409 2059 mittere
3451 2019 3660 2075 pacem,
3694 2005 3790 2061 sed

2123 2091 2371 2162 gladium
2397 2107 2415 2145 :
2446 2091 2574 2145 veni
2601 2092 2756 2146 enim
2799 2107 3055 2163 separare
3085 2092 3363 2150 hominem
3391 2093 3651 2150 adversus
3681 2111 3786 2166 pa-

2126 2185 2263 2237 trem
2292 2196 2472 2248 suum,
2496 2188 2546 2236 et
2567 2180 2754 2251 ﬁliam
2782 2181 3046 2237 adversus
3071 2186 3305 2238 matrem
3337 2199 3515 2250 suam,
3549 2190 3601 2239 et
3629 2200 3789 2255 span.

2123 2286 2244 2324 sam
2269 2269 2531 2325 adversus
2550 2286 2763 2326 socrum
2785 2288 2944 2326 suam
2971 2272 3039 2327 ³⁸.
3065 2274 3169 2327 Am
3179 2276 3464 2343 putantur
3492 2273 3649 2329 enim
3684 2289 3791 2345 per

2125 2359 2301 2415 fidem
2345 2365 2403 2414 et
2449 2360 2723 2414 virtutem
2774 2360 2870 2416 isti
2922 2360 3077 2431 novi,
3108 2361 3394 2433 aSpiritu
3442 2366 3783 2430 renovante,

2125 2448 2196 2503 ab
2226 2447 2302 2503 iis
2332 2447 2431 2518 qui
2463 2448 2522 2503 in
2553 2448 2900 2505 inﬁdelitate
2929 2454 2987 2505 et
3016 2449 3244 2506 malitia
3283 2449 3591 2507 inveterati
3620 2455 3780 2508 sunt.

2126 2538 2519 2603 Quamobrem
2573 2538 2862 2594 adventus
2892 2538 2986 2593 sui
3038 2539 3119 2595 in.
3152 2556 3327 2594 carne
3378 2540 3784 2597 testimonium

2127 2626 2373 2681 atterens
2408 2642 2421 2680 :
2462 2627 2589 2693 Vox,
2623 2626 2841 2698 inquit,
2872 2630 3115 2683 turturis
3158 2628 3353 2683 audita
3400 2637 3478 2684 est
3520 2630 3581 2683 in
3628 2638 3786 2686 terra

2124 2723 2330 2769 nostra.
2356 2715 2666 2770 Turturem
2693 2716 2961 2771 nominat
2989 2717 3274 2773 adventus
3304 2718 3396 2773 sui
3431 2717 3780 2789 prophetam

2126 2808 2183 2858 et
2213 2820 2655 2875 praecursorem,
2704 2808 2907 2877 utpote
2960 2805 3292 2861 solitarium
3342 2810 3399 2861 et
3444 2806 3727 2878 pudicum
3766 2825 3781 2864 :

2125 2895 2297 2963 cujus
2326 2909 2435 2948 vox
2464 2898 2554 2948 est
2601 2893 2955 2965 poenitentiae
3006 2895 3358 2966 praedicatio,
3397 2911 3525 2966 quae
3557 2895 3618 2950 in
3649 2895 3784 2966 qui-

2127 2981 2379 3036 busdam
2428 2998 2631 3038 eorum
2662 2983 2760 3053 qui
2809 2983 3076 3039 carnales
3114 2989 3255 3039 sunt
3302 2988 3360 3041 et
3405 2988 3639 3040 terrena
3685 3001 3782 3041 sa-

2127 3070 2378 3142 piunt”,
2405 3071 2605 3126 audita
2635 3076 2744 3139 est,
2770 3088 2905 3128 cum
2930 3072 3015 3126 illi
3038 3073 3433 3143 praedicationi
3458 3074 3783 3145 paruerint,

2127 3163 2183 3213 et
2229 3159 2585 3230 baptismate
2643 3160 2994 3231 paenitentiae
3056 3161 3334 3232 baptizati
3392 3162 3535 3218 sint.
3584 3163 3785 3233 Itaque

1488 3245 1825 3317 βαπτισθεῖσι
1913 3240 2009 3317 βά-

2128 3250 2307 3315 Ficus,
2340 3248 2552 3320 inquit,
2583 3251 2816 3320 protulit
2839 3266 3051 3320 grossos
3078 3266 3225 3306 suos.
3260 3249 3463 3306 Ficum
3498 3250 3660 3306 illam
3692 3250 3782 3306 in-

2118 3337 2349 3410 telligit,
2384 3338 2476 3393 cui
2528 3343 2732 3410 postea
2773 3339 3061 3409 Christus,
3097 3344 3333 3411 propter
3381 3339 3777 3396 infecundita-

2116 3434 2255 3498 tem,
2292 3428 2592 3485 maledixit
2612 3429 2677 3483 δ”.
2727 3446 2935 3501 nempe
2986 3446 3346 3503 synagogam
3377 3430 3721 3487 Judaeorum
3762 3447 3776 3487 :

2115 3534 2242 3590 quae
2274 3517 2513 3589 quidem
2565 3522 2843 3587 tanquam
2894 3535 3131 3590 grossos
3175 3520 3275 3592 qui
3325 3524 3460 3575 ante
3508 3521 3769 3576 fructum

2114 3608 2435 3676 perfectum
2489 3612 2833 3674 nascuntur,
2867 3609 2967 3663 sed
3018 3607 3284 3665 celeriter
3332 3609 3636 3680 decidunt,
3670 3626 3774 3665 eos

2114 3695 2357 3765 protulit
2387 3695 2487 3766 qui
2516 3695 2762 3751 Joannis
2795 3697 3148 3768 baptismate
3187 3698 3465 3770 baptizati
3499 3704 3660 3755 sunt.
3693 3698 3769 3754 Hi

2114 3800 2367 3855 namque
2399 3786 2653 3840 fructum
2686 3802 2800 3856 prae
2833 3802 2895 3842 se
2926 3785 3212 3853 tulerunt,
3247 3804 3349 3859 per
3376 3788 3674 3859 baptisma
3705 3788 3766 3843 in

2113 3889 2267 3945 aqua
2311 3873 2454 3940 sola,
2500 3874 2743 3943 ﬁguram
2795 3875 3170 3947 baptismatis
3203 3876 3262 3930 in
3294 3876 3516 3948 Spiritu
3567 3880 3771 3933 sancto

2112 3966 2167 4017 ct
2196 3962 2334 4034 igne
2365 3968 2885 4035 praemonstrantes
2918 3982 2931 4020 :
2968 3966 3038 4020 ad
3074 3966 3225 4036 quod
3269 3969 3466 4020 tamen
3508 3965 3623 4037 ipsi
3654 3982 3771 4021 non

2112 4056 2543 4123 pervenerunt:
2593 4052 2810 4124 quippe
2860 4054 2961 4125 qui
3007 4053 3260 4110 Joannis
3308 4054 3647 4110 testimonio
3697 4054 3771 4110 de

2111 4141 2339 4197 Christo
2390 4158 2503 4196 non
2555 4142 2878 4209 credentes,
2913 4159 2947 4197 a
2996 4143 3110 4197 fide
3160 4143 3217 4198 in
3268 4143 3567 4200 Christum
3612 4143 3770 4199 exci-

2112 4231 2346 4285 derunt.
2386 4232 2567 4287 Vineae
2604 4239 2799 4286 nostra
2839 4232 3059 4301 ﬂorent,
3092 4232 3359 4287 dederunt
3389 4233 3631 4289 odorem.
3665 4232 3767 4287 Vi-

2115 4335 2255 4374 neas
2286 4324 2450 4375 vocat
2495 4318 2775 4374 ecclesias
2821 4320 3187 4376 credentium
3220 4321 3474 4391 Christo,
3506 4338 3636 4393 quae
3669 4336 3775 4392 per

2114 4406 2304 4477 ipsius
2348 4406 2823 4479 praedicationem
2856 4407 2916 4461 in
2949 4409 3226 4480 gentibus
3276 4409 3553 4481 plantatae
3586 4412 3727 4464 sunt
3762 4425 3777 4464 :

2114 4512 2363 4565 quarum
2407 4495 2789 4551 ecclesiarum
2838 4496 3031 4565 ﬂores,
3066 4497 3321 4554 fructum
3372 4515 3443 4552 ex
3495 4497 3642 4569 ipsis
3675 4512 3779 4568 per

355 4582 687 4637 στευσάντων
738 4580 903 4653 αὐτῷ’
964 4579 1037 4635 ὧν
1097 4580 1404 4651 ἐκκλησιῶν
1466 4577 1599 4649 ἄνθη
1651 4575 2006 4654 προδεικτικᾶι

2123 4584 2390 4639 virtutem
2422 4585 2685 4640 futurum
2719 4587 3183 4656 prmnuntiantes
3210 4586 3563 4642 exstiterunt
3593 4584 3780 4658 Magi,

356 4675 453 4727 τοῦ
496 4672 612 4726 κατ’
672 4672 864 4740 ἀρετὴν
904 4671 1186 4745 καρπίμου
1243 4671 1443 4736 αὐτῶν,
1502 4669 1553 4723 οἱ
1612 4668 2007 4744 προσενεγκόν-

356 4783 443 4825 τες
516 4768 733 4839 Χριστῷ
798 4761 946 4839 δῶρα
1000 4762 1050 4836 ἐξ
1111 4762 1418 4817 ’Δνατολῶν
1483 4761 1666 4836 μάγοι,
1727 4762 1778 4814 οἱ
1836 4779 2004 4835 προσ-

357 4852 651 4927 αγαγόντες
706 4852 855 4924 αὐτῷ
910 4853 985 4915 ὡς
1044 4849 1260 4928 βασιλεῖ
1288 4850 1378 4905 καὶ
1442 4854 1577 4921 Θεῷ,
1631 4849 1719 4904 καὶ
1747 4846 1815 4902 δι’
1858 4850 2004 4919 ἡμᾶς

355 4945 551 5014 νεκρῷ,
611 4942 833 5016 χρυσὸν,
865 4942 955 4995 καὶ
1014 4934 1259 5009 λίϐανον,
1309 4939 1398 4993 καὶ
1453 4938 1711 5012 σμύρναν,
1743 4937 2008 5011 παρέχον-

352 5051 440 5092 τες
472 5036 587 5093 τοῖς
637 5031 741 5085 ὑπὸ
786 5035 882 5084 τοῦ
926 5030 1085 5105 ἁγίου
1118 5028 1434 5101 ΙΙνεύματος
1481 5027 1887 5102 ένεργουμένοις
1942 5027 2005 5082 τὸ

2117 4673 2215 4745 qui
2235 4689 2483 4729 munera
2500 4672 2732 4729 Christo
2751 4675 2822 4729 ab
2846 4675 3090 4731 orientis
3111 4675 3376 4746 partibus
3398 4675 3775 4744 advehentes,

2115 4763 2167 4818 ei
2201 4767 2265 4818 ut
2294 4762 2434 4834 Regi
2463 4768 2522 4818 et
2556 4765 2688 4834 Deo,
2713 4768 2771 4818 et
2812 4771 3053 4835 propter
3104 4782 3211 4820 nos
3256 4763 3514 4830 mortali,
3539 4779 3774 4833 aurum,

2116 4857 2174 4907 et
2206 4852 2364 4921 thus,
2398 4856 2455 4907 et
2484 4852 2782 4925 myrrham
2815 4853 3158 4908 obtulerunt
3186 4872 3199 4909 :
3234 4869 3475 4909 suavem
3507 4851 3774 4924 gentium

2116 4941 2251 4997 fidei
2282 4941 2340 4995 in
2367 4942 2563 5012 ipsum
2587 4942 2887 4997 Christum
2912 4942 3149 4997 odorem
3174 4942 3523 4998 exhibentes
3553 4941 3648 5008 iis,
3674 4940 3777 5012 qui

2116 5047 2149 5085 ο.
2177 5030 2399 5101 Spiritu
2440 5034 2641 5086 sancto
2691 5030 2952 5086 scientiae
2984 5031 3204 5087 donum
3256 5034 3398 5087 sunt
3448 5029 3776 5098 consecuti,

349 5127 452 5189 τῆς
511 5122 764 5195 γνώσεως
817 5119 1084 5197 χάρισμα,
1135 5116 1314 5189 εύώδη
1371 5119 1549 5191 ὀσμὴν
1600 5121 1699 5183 τῆς
1738 5118 1811 5179 εἷς
1843 5117 2003 5173 αὐτὸν

352 5208 609 5281 Χριστόν,
659 5209 891 5271 πίστεως
938 5213 1045 5263 τῶν
1098 5205 1283 5271 ἐθνῶν.
1337 5207 1434 5262 Διὰ
1462 5210 1630 5261 ταῦτα
1659 5210 1783 5279 γοῦν
1816 5225 1999 5283 φησιν’

352 5298 605 5368 Ἀνάστα,
667 5297 810 5367 ἰλθὶ,
871 5300 905 5366 ἡ
960 5295 1196 5368 πλησίον
1261 5317 1390 5369 μου,
1446 5294 1590 5364 καλή
1659 5316 1790 5367 μου,
1850 5315 2004 5370 περι-

354 5384 516 5461 στερά
576 5407 719 5459 μου.
794 5383 1016 5457 Δηλαδή
1067 5382 1241 5459 ἔγειρε
1293 5386 1398 5440 ἀπὸ
1453 5388 1550 5439 τοῦ
1590 5381 1859 5439 διδάσκειν
1916 5381 2005 5439 διὰ

355 5478 467 5530 τῶν
526 5468 579 5529 ἕν
636 5494 696 5529 τε
744 5478 812 5548 τῇ
871 5472 1023 5551 φύσει
1079 5474 1171 5528 καὶ
1224 5477 1304 5544 τῷ
1358 5475 1637 5547 γράμματι
1695 5470 1879 5527 τόπων
1910 5473 2001 5527 καὶ

2114 5122 2426 5191 Propterea
2455 5120 2634 5175 dicit:
2660 5119 2838 5188 Surge
2864 5121 3009 5187 veni,
3038 5120 3356 5191 propinqua
3385 5136 3534 5191 mea,
3564 5122 3787 5191 formo-

2111 5226 2175 5264 sa
2202 5225 2346 5277 mea,
2391 5210 2645 5265 columba
2694 5225 2834 5264 mea.
2868 5209 3091 5264 Recede
3124 5208 3394 5266 videlicet
3419 5210 3492 5266 ab
3544 5226 3612 5265 ea
3660 5209 3771 5264 do-

2113 5298 2280 5353 cendi
2304 5299 2551 5365 ratione,
2575 5314 2702 5369 qua;
2731 5297 2791 5353 in
2822 5296 3028 5370 ﬁguris
3059 5302 3115 5354 et
3136 5298 3364 5355 umbris
3386 5303 3517 5356 tum
3545 5302 3781 5355 natura

2109 5391 2238 5443 tum
2285 5386 2493 5442 litterae
2515 5387 2870 5453 continetur,
2898 5392 2955 5443 et
2975 5388 3109 5443 veni
3155 5390 3226 5445 ad
3265 5406 3334 5445 ea
3361 5389 3629 5445 docenda
3652 5404 3780 5458 quas

2111 5475 2356 5547 spiritus
2385 5478 2543 5543 sunt,
2574 5479 2810 5548 propter
2840 5482 3001 5531 tuam
3033 5476 3108 5533 ad
3143 5493 3235 5533 me
3268 5476 3778 5551 propinquitatem

437 5695 485 5731 ³³
513 5694 720 5762 Matth,
749 5711 806 5765 x,
838 5693 928 5751 34.
1002 5693 1048 5729 ³³
1076 5691 1330 5765 Philipp.
1362 5706 1447 5761 in,
1482 5690 1568 5746 19.
1646 5690 1691 5726 ³⁸
1720 5689 1897 5747 Marc.
1930 5707 2009 5764 χι,
2040 5690 2130 5764 13,
2159 5690 2249 5747 21.
