4040 6146
350 419 469 479 593

1394 408 1802 470 COMMENT.
1851 407 1929 466 IN
1977 403 2376 465 CANTICUM
2420 406 2726 465 CANTIC.

3647 402 3771 463 594

336 548 497 607 Οὕτω
558 544 618 601 δὶ
675 544 890 606 πάντως
971 542 1110 618 πρὸς
1197 540 1294 615 ip.)
1350 541 1450 610 τὴν
1510 540 1708 612 πάτραν
1742 584 1756 610 ,
1812 537 1938 615 φησί

2112 536 2605 608 accedes,petram
2630 535 2835 607 utique
2865 535 3163 591 Christum
3192 534 3325 590 vita
3357 534 3728 607 sempiternae
3752 542 3764 581 ε

1666 628 1929 704 [φθάσεις,

347 729 554 802 ’Πγουν
584 726 684 793 τήν
710 724 905 799 πέτραν
934 721 1025 777 τὸν
1060 720 1287 794 Χριστὸν
1320 724 1463 788 ζωῆς
1487 724 1585 786 τῆς
1616 715 1860 787 αἰωνίου,

345 816 484 874 Ἀπὸ
513 815 610 869 τοῦ
641 810 1104 888 προτειχίσματος
1146 812 1242 863 τοῦ
1272 806 1609 863 παλαιτάτου
1638 807 1833 876 νόμου,

351 909 457 959 Τοῦ
488 904 738 978 σύνεγγυς
769 902 1131 976 τυγχάνοντος
1162 904 1261 967 τῆς
1301 897 1499 972 πέτρας
1535 890 1823 967 μεταϐᾶσα.

353 996 615 1069 ’Έρχεται
646 992 747 1066 γάρ
781 990 856 1051 ὡς
889 988 1135 1057 ἀληθῶς,
1163 986 1405 1040 τουτέστι
1445 982 1789 1059 προσεγγίζει

350 1085 467 1151 Τῆς
530 1080 725 1154 πέτρας
778 1080 840 1133 τὸ
912 1076 1303 1152 προτείχισμα,
1359 1075 1447 1130 καὶ
1537 1073 1670 1146 μάθε
1750 1072 1840 1125 καὶ
1911 1071 2003 1125 τὸν

1663 1160 1883 1235 [τρόπον
1914 1180 1927 1192 ⁶

348 1258 731 1335 ΙΙροτείχισμα
772 1255 829 1312 δὶ
860 1256 1075 1331 λέγεται
1114 1252 1277 1323 δῆθεν
1309 1254 1337 1307 6
1367 1252 1538 1307 πάλαι
1568 1254 1757 1324 νόμος.

339 1350 513 1424 Πέτρα
546 1346 604 1402 δὲ
634 1347 793 1401 πάλιν
827 1345 1068 1421 ἀῤῥαγὴς
1102 1347 1136 1413 ἡ
1171 1342 1263 1397 νέα
1289 1340 1547 1411 διαθήκη.

340 1438 447 1493 Κᾶν
478 1436 708 1492 δοκῶσιν
745 1430 934 1508 ἔξωθεν
969 1433 1233 1503 ἀλλήλων
1265 1430 1573 1507 ἀφεστάναι,

336 1530 396 1581 Ὀ
424 1527 597 1599 νόμος
629 1527 656 1580 ὁ
690 1524 984 1586 Μωσαϊκὸς
1013 1524 1101 1577 καὶ
1139 1523 1166 1577 ὁ
1198 1526 1303 1576 τῶν
1344 1519 1717 1595 Εὐαγγελίων,

340 1614 501 1673 Ἀλλ’
534 1616 688 1687 ὅμως
720 1613 855 1669 κατὰ
888 1610 1116 1685 δύναμιν
1148 1607 1421 1680 ἀλλήλοις
1455 1602 1856 1683 συνεργοῦνται.

351 1705 419 1762 Τί
453 1703 551 1779 γάρ
584 1704 726 1758 ἐστιν
757 1701 1046 1777 ἐγγύτερον
1080 1696 1248 1755 τῶνδε
1276 1702 1382 1753 τῶν
1416 1696 1796 1770 κελευσμάτων
1826 1716 1837 1765 ;

345 1795 403 1847 Ὀ
434 1791 671 1853 παλαιὸς
701 1792 987 1865 νομοθετεῖ
1014 1789 1185 1861 νόμος
1214 1789 1276 1842 τὸ
1311 1788 1385 1861 μὴ
1424 1787 1724 1862 μοιχεύειν,

344 1879 506 1938 Ἀλλ’
536 1882 563 1934 ὁ
595 1879 781 1955 παρὼν
815 1878 905 1933 καὶ
946 1879 1066 1941 καθ’
1098 1879 1245 1949 ἡμᾶς
1280 1877 1307 1930 6
1336 1881 1441 1931 τῶν
1485 1873 1857 1951 Εὐαγγελίων,

343 1969 449 2026 Καὶ
481 1968 645 2023 πάλιν
679 1967 1016 2045 ὶγκελεύεται
1045 1965 1256 2038 τέμνειν
1290 1965 1600 2038 ἐπιθυμίαν.

342 2060 581 2120 Ἐκεῖνος
614 2056 661 2113 δ’
691 2056 756 2111 αὖ
786 2057 1009 2133 ἀπέχειν
1037 2078 1093 2111 σε
1124 2058 1413 2129 νομοθετεῖ
1440 2060 1535 2110 τοῦ
1567 2054 1756 2132 φόνου,

339 2150 406 2206 Ὀ
447 2145 505 2202 δὲ
540 2145 669 2220 μηδ’
700 2145 845 2208 ὅλως
876 2146 1012 2220 πρὸς
1045 2145 1209 2221 όργήν
1243 2149 1506 2208 κινεῖσθαι
1551 2141 1888 2218 δογματίζει.

344 2237 409 2294 El
444 2234 501 2291 δὲ
534 2241 713 2306 ζητεῖς
738 2235 829 2290 καὶ
862 2229 1109 2310 πρόϐατα
1137 2234 1225 2289 καὶ
1254 2229 1508 2288 Σάϐϐατα
1527 2232 1617 2287 καὶ
1650 2232 1861 2308 Πάσχα,

339 2326 446 2387 Τὰς
473 2326 704 2403 φανεράς
730 2325 821 2378 καὶ
848 2324 1107 2398 σαρκικάς
1139 2321 1343 2377 ἐκείνου
1375 2319 1661 2392 διατάξεις,

302 2466 309 2469 .
343 2413 444 2470 Καὶ
473 2414 626 2477 ταῦθ’
658 2415 910 2489 εὑρήσεις
945 2413 999 2467 ἐν
1032 2414 1180 2485 αὐτῷ
1208 2416 1585 2484 πνευματικῶς
1623 2410 1921 2484 ἐγκύπτων.

337 2505 403 2559 Ἦ
428 2503 599 2578 πίτρα
622 2501 723 2579 γάρ
754 2502 1099 2574 πνευματικὴ
1132 2502 1181 2555 κ’
1213 2500 1274 2555 οὐ
1306 2500 1501 2575 χοϊκὸς
1535 2501 1563 2552 6
1600 2504 1815 2574 τοῖχος.

343 2589 509 2647 Ἀλλ’
538 2591 899 2663 ἀκουσώμεθα
923 2587 1115 2644 λοιπὸν
1144 2592 1250 2643 τῶν
1287 2587 1474 2667 ἰφεξῆς
1499 2586 1781 2663 ῥημάτων,

336 2678 657 2754 Ἀπόκρισιν
689 2678 793 2755 γὰρ
826 2675 1043 2732 δίδωσιν
1072 2679 1106 2747 ἡ
1139 2677 1321 2753 νύμφη
1364 2680 1445 2748 τῷ
1474 2676 1718 2753 νυμφίῳ.

417 2811 598 2882 Δεῖξόν
684 2831 779 2885 μοι
860 2812 958 2879 τὴν
1035 2805 1157 2884 ὄψιν
1232 2830 1353 2882 σου,
1411 2810 1497 2864 καὶ
1572 2807 1856 2864 ἁκούτισόν
1927 2831 1993 2883 με

339 2904 441 2973 τήν
516 2904 701 2978 φωνήν
782 2922 899 2973 σου,
960 2900 1042 2957 ὅτι
1112 2904 1148 2971 ἡ
1202 2903 1352 2979 φωνή
1416 2922 1511 2955 σου
1573 2898 1731 2969 ἡδεῖα
1795 2902 1885 2955 καὶ
1954 2904 1987 2970 ἡ

1477 2986 1625 3063 [ὄψις
1659 3012 1753 3045 σου
1794 2991 1985 3066 ὡραία.

347 3098 554 3167 Μηκέτι
589 3119 682 3171 μοι
712 3096 1084 3174 προσομιλῇς,
1119 3097 1251 3172 φησὶ
1284 3096 1417 3151 καλὶ
1447 3097 1665 3174 νυμφίε,

339 3184 437 3240 Διά
467 3205 626 3239 τινων
659 3189 1015 3263 προφητικῶν
1050 3184 1140 3238 καὶ
1170 3188 1412 3255 νομικῶν
1445 3179 1697 3259 βιϐλίων,

2116 624 2639 697 apropugnaculo,
2692 642 2725 680 a
2763 625 2940 680 veteri
2999 624 3146 695 lege,
3210 640 3335 695 quae
3394 628 3571 695 petra:
3630 641 3767 680 con-

2107 716 2315 787 juncta
2364 720 2472 782 est,
2526 716 2968 770 transcendens.
3019 713 3191 769 Venit
3239 713 3397 768 enim
3446 728 3577 768 vere
3612 729 3625 768 :
3657 712 3768 769 hoc

2115 809 2225 870 est,
2275 804 2708 876 appropinquat
2752 805 2822 858 ad
2880 808 3052 874 petrae
3121 800 3654 874 propugnaculum.
3706 804 3770 858 Et

2116 892 2273 948 disce
2304 894 2479 948 etiam
2531 894 2791 948 modum.
2849 891 3364 964 Propugnaculum
3399 899 3596 946 autem
3628 907 3769 947 sane

2112 982 2332 1036 dicitur
2370 982 2609 1052 antiqua
2637 982 2726 1036 lex
2760 1000 2772 1037 :
2809 985 2972 1053 petra
3001 998 3134 1036 vero
3167 980 3374 1045 solida,
3402 996 3617 1035 novum
3648 985 3769 1036 tes-

2113 1076 2469 1127 tamentum.
2502 1078 2583 1127 Ac
2613 1072 2883 1143 quamvis
2934 1071 3239 1125 videantur
3270 1068 3423 1124 inter
3454 1086 3516 1124 se
3545 1068 3768 1125 distare

2113 1160 2206 1216 lex
2238 1160 2515 1227 Mosaica,
2564 1166 2620 1216 et
2670 1159 3082 1231 Evangelium;
3117 1160 3333 1214 virtute
3377 1164 3574 1213 tamen
3626 1176 3764 1215 con-

2113 1253 2329 1305 sonant
2362 1254 2535 1320 atque
2578 1250 2726 1304 inter
2757 1266 2818 1303 se
2866 1253 3216 1316 congruunt.
3270 1248 3416 1312 Quid
3461 1249 3618 1302 enim
3668 1248 3763 1304 bis

2114 1338 2419 1409 preceptis
2466 1343 2653 1408 potest
2704 1354 2830 1392 esse
2894 1336 3311 1407 conjunctius?
3360 1337 3617 1406 Antiqua
3673 1338 3761 1392 lex

2111 1432 2267 1481 vetat
2298 1426 2648 1481 adulterium
2687 1443 2699 1480 :
2738 1426 3113 1496 Evangelium
3173 1430 3437 1495 amputat
3468 1425 3761 1496 cupidita-

2112 1520 2253 1571 tem.
2288 1515 2410 1576 Illa.
2445 1520 2510 1569 ut
2541 1534 2572 1569 a
2620 1516 2774 1570 caede
2821 1514 3337 1585 abstineas,jubet
3371 1531 3383 1568 :
3420 1514 3527 1568 hoc
3560 1514 3761 1585 prohi-

2112 1605 2228 1671 bet,
2264 1621 2336 1659 ne
2360 1622 2601 1676 prorsus
2634 1606 2928 1660 irascaris.
2964 1605 3125 1670 Quod
3170 1606 3219 1659 si
3252 1603 3464 1674 quaeris
3516 1607 3573 1657 et
3604 1619 3761 1671 oves,

2112 1699 2169 1749 et
2198 1694 2536 1761 Sabbata,et
2558 1694 2937 1767 Pascha,quae
2970 1693 3089 1748 illic
3120 1693 3447 1749 secundum
3480 1708 3717 1748 carnem
3748 1718 3763 1762 ς

2112 1781 2208 1837 hic
2239 1784 2568 1838 secundum
2620 1783 2917 1855 spiritum,
2966 1783 3012 1837 si
3075 1783 3412 1849 attenderis,
3476 1781 3759 1853 invenies.

2031 1906 2078 1969 B
2114 1870 2288 1941 Lapis
2337 1872 2491 1927 enim
2539 1872 2841 1943 spiritalis,
2894 1889 3010 1926 non
3063 1876 3260 1926 autem
3312 1875 3606 1937 terrenus,
3666 1876 3755 1926 est

2108 1958 2318 2029 paries.
2350 1960 2479 2026 Sed,
2515 1977 2642 2032 quae
2674 1965 3007 2033 sequuntur
3034 1961 3231 2027 verba,
3257 1961 3381 2032 jam
3415 1960 3751 2016 audiamus.

2107 2052 2331 2119 Sponsa
2360 2049 2517 2105 enim
2548 2051 2865 2122 respondet
2894 2066 3129 2122 sponso.

2175 2814 2403 2871 Ostende
2457 2814 2604 2870 mihi
2652 2814 2865 2885 faciem
2923 2823 3117 2869 tuam:
3156 2820 3310 2870 sonet
3364 2829 3469 2870 vox
3532 2823 3630 2871 tua
3686 2818 3745 2871 in

2100 2907 2332 2961 auribus
2360 2906 2495 2959 meis
2527 2929 2540 2965 ;
2572 2920 2675 2959 v0.2:
2704 2906 2851 2959 enim
2876 2908 2971 2959 tua
3010 2903 3207 2972 dulcis,
3229 2911 3281 2959 et
3304 2906 3478 2974 [acies
3525 2907 3622 2960 tua
3649 2904 3745 2961 de-

2096 3010 2224 3051 cora
2232 3035 2244 3048 .

2169 3106 2244 3156 Ne
2277 3117 2506 3157 mecum
2539 3100 2864 3172 amplius,o
2897 3118 3108 3172 sponse
3138 3101 3408 3167 formose,
3444 3101 3744 3173 perlibros

2096 3191 2385 3260 quosdam
2418 3190 2793 3261 propheticus
2848 3194 2906 3244 et
2955 3188 3170 3262 legales
3220 3190 3555 3260 colloquare
3590 3206 3603 3244 :
3638 3192 3740 3245 sed

332 3271 489 3329 Ἀλλ’
522 3275 595 3337 ὡς
625 3271 737 3345 ἕξόν
776 3296 867 3347 μοι
904 3273 1100 3349 βλίψαι
1132 3294 1209 3345 σε,
1241 3272 1331 3327 καὶ
1375 3280 1470 3341 σῆς
1506 3280 1689 3348 φωνῆς
1736 3274 1938 3331 ἀκοῦσαι

2104 3279 2241 3334 mihi
2309 3278 2504 3333 videre
2552 3284 2607 3333 te
2657 3278 2861 3345 liceat,
2910 3283 2968 3334 et
3031 3294 3230 3333 vocem
3281 3283 3442 3333 tuam
3496 3280 3742 3347 audire;

331 3363 651 3419 Ἀκούτισόν
730 3384 796 3434 με
862 3364 960 3431 τήν
1036 3362 1250 3440 φωνήν,
1319 3362 1408 3415 καὶ
1477 3359 1649 3432 δεῖξόν
1719 3385 1811 3435 μοι
1886 3367 1984 3435 τῆν

1796 3453 1984 3524 [Θείαν.

333 3539 402 3599 Εἴ
429 3539 529 3617 γὰρ
561 3538 720 3610 ἡδεῖα
745 3540 975 3617 πὲφυκεν
1009 3538 1149 3593 οὕτω
1180 3539 1267 3593 καὶ
1299 3537 1607 3615 γλυκυτάτη

328 3632 392 3688 .H
429 3630 496 3698 σὴ
529 3631 683 3707 φωνή
716 3632 1070 3706 προφητικῶς
1103 3630 1236 3700 ἡμῖν
1270 3629 1334 3697 ἦν
1369 3629 1683 3702 ἡχουμένη,

330 3719 621 3773 Κάντεῦθεν
650 3716 717 3785 ἣν
751 3737 845 3771 σου
882 3714 1157 3790 βλέπομεν
1191 3712 1312 3789 ὄψιν
1342 3716 1415 3777 ὡς
1448 3716 1496 3769 ἐν
1531 3717 1839 3791 κατόπτρῳ,

325 3810 648 3884 Ὠραιοτάτη
682 3806 885 3885 πέφυκε
915 3807 1005 3861 καὶ
1036 3805 1506 3877 πανευειδεστάτη,

328 3907 395 3953 Ὠ
424 3898 666 3953 ποταπὸν
692 3897 1013 3966 καθέστηκεν
1042 3897 1103 3950 τὸ
1134 3896 1339 3959 κάλλος
1366 3904 1464 3966 τῆς
1497 3904 1593 3966 σῆς
1627 3899 1765 3967 θὲας,

333 3988 432 4046 Καὶ
462 3995 561 4057 τῆς
591 3990 774 4062 φωνῆς
808 3988 836 4041 6
868 3985 1187 4061 γλυκασμὸς
1222 3985 1436 4057 ἀμέσως
1477 3984 1795 4063 δεδεγμένος
1825 3992 1836 4045 ί

330 4080 569 4135 Ἤκουσε
597 4078 694 4145 τὴν
730 4072 1074 4151 παράκλησιν
1101 4082 1201 4144 τῆς
1232 4074 1451 4150 νύμφης
1481 4076 1508 4129 ὁ
1548 4078 1800 4154 νυμφίος,

330 4172 426 4230 *ος
459 4164 671 4239 μᾶλλον
704 4164 885 4240 ὥσπερ
912 4164 1099 4219 ἑαυτὸν
1133 4165 1205 4225 είς
1235 4164 1539 4242 τούμφανὶς
1570 4163 1846 4235 δεικνύων,

333 4256 561 4329 Πρῶτον
590 4254 667 4316 είς
700 4252 866 4328 ἄγραν
892 4256 1149 4327 παρορμᾷ
1176 4252 1302 4315 τοὺς
1337 4254 1621 4329 θηρευτὰς,
1653 4256 1741 4309 καὶ
1785 4255 1935 4332 λέγει
1963 4280 1976 4293 .

405 4387 640 4440 Πιάσατε
718 4387 854 4457 ἡμῖν
945 4383 1232 4445 ἀλώπεκας
1324 4386 1551 4461 μικροὺς
1633 4386 1981 4465 ἀφανίζοντας

328 4471 684 4548 ἀμπελῶνας,
754 4473 843 4528 καὶ
920 4474 975 4528 αἱ
1043 4470 1285 4546 ἄμπελοι
1368 4477 1528 4547 ἡμῶν
1606 4477 1977 4552 κυπρίζουσιν.

404 4582 470 4635 Ὠ
498 4588 596 4650 τῆς
626 4587 856 4657 φρικτῆς
889 4582 975 4635 καὶ
1011 4575 1242 4655 φοϐερᾶς
1272 4586 1372 4634 τοῦ
1410 4582 1587 4658 Λόγου
1636 4580 1937 4649 δυναστείας
1964 4591 1975 4644 l

329 4676 396 4727 Ὢ
426 4671 733 4733 παιδαλκοῦς
762 4669 1073 4743 δυνάμεωςί
1109 4668 1153 4724 ὣ
1185 4672 1414 4747 κράτους
1454 4672 1795 4749 ἀπορέήτουί

332 4758 551 4814 Κελεύει
582 4760 681 4835 γὰρ
712 4764 830 4821 τοῖς
856 4761 1167 4834 θηρευταῖς,
1198 4760 1439 4814 τουτὲστι
1468 4766 1585 4822 τοῖς
1616 4762 1885 4838 ἀγγέλοις,

327 4852 534 4923 ’Ὠσπερ
562 4846 851 4910 ἀλώπεκάς
880 4869 1030 4911 τινας
1061 4848 1257 4923 μικράς
1286 4846 1684 4920 δυστηνοτάτας

326 4938 437 5005 Τὴν
469 4942 637 4991 πᾶσαν
674 4936 1042 5006 ἀποστατικήν
1073 4934 1297 5008 δύναμιν
1326 4943 1432 4992 τῶν
1467 4936 1762 5012 δαιμόνων,

326 5031 595 5101 Θηρεῦσαι
626 5027 715 5081 καὶ
748 5032 1089 5101 συναγαγεῖν,
1120 5033 1406 5101 κρατῆσαι,
1436 5028 1525 5082 καὶ
1558 5026 1869 5100 δεσμεῦσαι,

325 5117 434 5175 Τὸν
468 5114 731 5191 δράκοντα
758 5116 848 5170 τὸν
886 5114 1137 5191 μέγιστον
1167 5116 1258 5170 τὸν
1294 5116 1598 5187 ἀποστάτην
1632 5139 1804 5195 φυσει,

328 5212 422 5268 ⁸ος
455 5202 710 5281 ἐνεδρεύει
742 5206 858 5259 καθ’
898 5207 1080 5279 ἡμῶν,
1127 5206 1199 5266 ὡς
1239 5203 1377 5259 λὲων
1429 5205 1504 5269 είς
1553 5206 1789 5280 ποίμνας
1851 5209 1971 5281 μαί-

1806 5318 1972 5369 νεται,

325 5387 438 5439 Τοῦ
494 5383 937 5457 κοσμοκράτορος
999 5388 1196 5451 Σατᾶν,
1249 5386 1344 5436 τοῦ
1405 5383 1628 5446 σκότους
1685 5386 1776 5439 τὸν
1834 5406 1973 5460 προσ

1727 5474 1969 5548 [στάτην,

319 5562 422 5616 Τὸν
456 5552 591 5631 ᾅδην
620 5562 709 5615 τὸν
741 5558 1084 5614 πλατύνοντα
1111 5559 1173 5613 τὸ
1204 5560 1379 5632 στόμα
1404 5562 1465 5615 τὸ
1502 5559 1761 5639 ζοφῶδες,

320 5652 423 5705 Τὸν
456 5648 654 5726 ἔχοντα
682 5650 774 5703 καὶ
805 5649 1035 5726 φέροντα
1059 5648 1119 5702 τὸ
1148 5649 1348 5721 κράτος
1375 5654 1471 5705 τοῦ
1504 5651 1753 5723 θανάτου,

324 5739 426 5795 Τὸν
460 5738 876 5817 ιγκαυχώμενον
909 5732 1093 5792 λαϐεῖν
1130 5737 1203 5799 ὡς
1232 5739 1445 5794 νοσσιὰν
1484 5742 1787 5816 στρουθίου,

2096 3377 2252 3424 sonet
2296 3384 2403 3423 vox
2446 3377 2541 3422 tua
2585 3370 2645 3423 in
2691 3367 2923 3422 auribus
2977 3368 3143 3433 meis,
3200 3368 3414 3422 ostende
3462 3369 3609 3424 mihi
3654 3378 3745 3438 [a-

2098 3458 2237 3513 ciem
2268 3466 2439 3512 tuam.
2473 3461 2621 3511 Nam
2680 3456 2729 3510 si
2765 3472 2874 3510 vox
2931 3461 3033 3511 tua
3090 3456 3261 3511 nobis
3305 3457 3746 3527 jucundissima

2097 3546 2208 3601 fuit
2230 3551 2403 3616 atque
2435 3544 2781 3601 dulcissima
2813 3562 2826 3611 ;
2857 3545 2905 3599 si
2926 3545 3124 3601 vultus
3147 3553 3285 3600 tuus
3308 3545 3742 3616 pulcherrimus

2095 3635 2258 3689 visus
2308 3639 2397 3689 est
2445 3643 2499 3689 et
2549 3634 2803 3689 maxime
2851 3636 3119 3702 decorus,
3168 3651 3300 3689 cum
3350 3652 3457 3689 vox
3509 3640 3611 3692 tua
3640 3653 3744 3707 per

2096 3723 2411 3795 prophetas
2440 3723 2759 3788 insonaret,
2795 3728 2850 3779 et
2885 3725 3127 3778 formam
3167 3728 3332 3779 tuam
3363 3728 3646 3795 tanquam
3680 3725 3737 3780 in

2094 3812 2329 3884 speculo
2362 3828 2736 3867 cerneremus
2778 3828 2790 3865 :
2846 3818 3209 3882 quantanam
3260 3812 3369 3867 erit
3417 3813 3736 3883 praesentiae

2092 3906 2207 3955 tuae
2240 3900 2612 3973 pulcritudo!
2648 3904 2864 3971 quanta
2892 3902 3050 3955 vocis
3081 3901 3270 3971 ipsius
3308 3900 3576 3964 dulcedo.
3610 3918 3733 3971 qua;

2092 3991 2218 4046 sine
2250 3990 2367 4045 ullo
2400 3990 2590 4045 medio
2614 3990 3002 4044 exaudietur?
3032 3990 3267 4059 Sponsa:
3292 4005 3492 4061 preces
3514 3990 3737 4046 audivit

2091 4078 2473 4150 sponsus,qui
2507 4084 2653 4133 utse
2684 4078 2875 4149 ipsum
2909 4095 3102 4133 coram
3128 4079 3318 4150 magis
3348 4078 3735 4150 conspicuum

2091 4169 2363 4240 praebeat,
2396 4172 2701 4223 venatores
2734 4168 2803 4222 ad
2836 4168 3093 4238 praedam
3125 4169 3358 4238 excitat,
3390 4168 3592 4224 dicens
3624 4186 3637 4224 :

2162 4390 2353 4461 Capite
2390 4390 2548 4444 nobis
2602 4389 2788 4459 vulpes
2842 4393 3138 4459 parvulas,
3190 4406 3309 4460 quae
3356 4390 3739 4446 demetiuntur

2088 4482 2276 4536 vineas
2308 4496 2321 4534 :
2354 4484 2407 4535 et
2441 4482 2615 4535 vineae
2644 4487 2850 4535 nostra:
2866 4480 3084 4549 ﬂorent.

2162 4587 2204 4641 Ο
2232 4586 2541 4658 imperium
2575 4584 2746 4640 Verbi
2782 4585 3037 4641 terribile
3068 4602 3134 4641 ac
3178 4585 3613 4641 formidandum
3642 4584 3653 4640 ί
3688 4586 3732 4643 Ο

2087 4677 2364 4730 virtutem
2460 4675 2959 4745 omnipotenteml
3018 4675 3060 4730 Ο
3111 4675 3290 4730 robur
3349 4674 3727 4731 incredibile!

2086 4764 2480 4820 Venatoribus
2530 4765 2686 4818 enim
2747 4764 3039 4836 praecepit,
3110 4764 3165 4818 id
3218 4768 3305 4819 est
3372 4762 3613 4835 angelis,
3667 4771 3730 4822 ut

2086 4853 2420 4925 vulpeculae
2457 4854 2745 4925 quasdam
2797 4852 3075 4924 parvulas
3127 4857 3298 4924 captu
3348 4852 3727 4911 difﬁcillimas

2088 4943 2499 5015 pervcstigent,
2530 4941 3049 5013 comprehendant,
3091 4946 3385 5012 superent,
3418 4941 3678 4997 vinciant
3712 4960 3725 4999 :

2086 5036 2266 5087 totam
2289 5032 2568 5087 nimirum
2587 5030 2960 5087 desertricem
2986 5032 3315 5085 dzemonum
3339 5035 3685 5102 potestatem
3712 5051 3725 5090 :

2086 5122 2396 5176 draconem
2424 5120 2590 5175 illum
2618 5120 2937 5175 maximum
2972 5136 2983 5173 :
3010 5118 3176 5173 illum
3200 5118 3473 5174 rebellem
3499 5129 3729 5194 natura,

2087 5210 2184 5282 qui
2218 5227 2331 5265 non
2366 5211 2534 5266 aliter
2564 5212 2621 5264 in
2656 5226 2761 5264 nos
2795 5225 2970 5280 quam
3005 5207 3094 5263 leo
3127 5208 3184 5262 in
3227 5224 3434 5281 greges
3465 5210 3727 5282 desavit,

2085 5299 2293 5353 mundi
2336 5298 2615 5371 principis
2665 5299 2890 5364 Satan;
2947 5297 3271 5369 principem
3321 5299 3720 5369 tenebrarum,

2083 5388 2377 5443 infernum
2446 5388 2789 5442 tenebrosae
2850 5387 3047 5441 fauces
3130 5403 3265 5441 suas
3346 5388 3726 5459 aperientem,

2082 5477 2397 5533 habentem
2431 5492 2497 5530 ac
2548 5476 2826 5530 ferentem
2882 5475 3085 5529 mortis
3122 5476 3433 5548 imperium
3463 5495 3475 5543 ;
3511 5478 3610 5547 qui
3662 5496 3726 5535 se

2082 5565 2337 5638 passeris
2366 5565 2800 5634 nidum,orbem
2828 5564 3048 5619 scilicet
3070 5565 3719 5637 universum,tanquam

2080 5673 2185 5711 ova
2232 5655 2467 5727 putrida
2517 5658 2689 5725 atque
2740 5654 2964 5725 abjecta
3013 5655 3241 5726 cepisse
3289 5659 3346 5710 et
3400 5655 3717 5727 diripuisse

2076 5745 2361 5820 gloriatur
2392 5764 2404 5802 :
2439 5744 2539 5819 qui
2570 5748 2737 5801 terrae
2770 5748 3000 5801 montes
3030 5749 3086 5800 et
3117 5760 3273 5800 mare
3289 5751 3715 5814 eversurum,et
