4040 6146
285 396 402 456 595

1619 383 2045 445 MICHAELIS
2092 384 2358 443 PSELLI

3576 380 3695 441 596

285 531 346 586 in
394 530 653 586 nubibus
699 528 899 585 sedem
945 528 1365 585 collocuturum
1433 543 1495 583 se
1551 523 1789 598 jactitat
1833 521 1877 557 ⁸⁷
1912 538 1966 590 z,

2087 521 2151 590 ἢν
2184 519 2515 594 οἰκουμένην
2547 521 2853 596 σύμπασαν,
2884 520 2975 579 καὶ
3005 521 3203 591 ταύτην
3236 520 3569 599 ἀφαρπάσαι,

287 621 459 692 cujus
482 618 722 690 quidem
747 618 932 673 latera
961 622 1102 673 sunt
1125 622 1369 687 enea,et
1387 617 1629 672 dorsum
1654 614 1930 679 ferreum,

286 708 516 764 viscera.
545 711 742 762 autem
776 706 1048 778 smyrites
1096 706 1245 777 lupis
1279 722 1293 760 :
1354 709 1685 776 serpentem
1738 702 1935 773 ipsum

288 812 556 870 gravem;
590 795 758 850 illum
790 810 1013 860 senem,
1048 796 1342 865 ingentem
1376 793 1939 861 illum,omnemque

291 885 467 942 aliam
498 883 774 938 virtutem
794 886 923 953 ejus
946 882 1255 938 hostilem:
1282 882 1468 937 virtus
1498 898 1638 937 sane
1671 878 1939 951 potentia:

289 979 577 1045 tanquam
608 972 946 1044 vulpeculae
979 989 1187 1045 parvas
1218 977 1275 1027 et
1297 978 1505 1027 natura
1537 968 1941 1024 fraudulentas

292 1062 569 1136 appellat.
603 1061 1104 1133 Comprehendite,
1138 1061 1351 1132 inquit,
1385 1060 1529 1113 mihi
1576 1074 1785 1131 parvas
1813 1055 1943 1110 vul-

294 1170 421 1227 pes,
452 1169 576 1224 quae
606 1152 836 1207 animas
866 1151 1158 1207 humanas
1188 1149 1608 1205 demoliuntur.
1646 1148 1760 1202 Has
1785 1145 1944 1201 enim

297 1242 452 1300 solas
482 1243 681 1298 vineas
708 1243 895 1296 vocat.

890 1704 1077 1760 Trium
1106 1707 1359 1760 Patrum.

376 1809 523 1867 Cum
541 1812 735 1866 autem
747 1810 819 1865 ad
832 1811 1034 1883 sponsi
1059 1812 1401 1867 mandatum
1426 1812 1720 1885 magistrae
1740 1812 1950 1869 anima:

2042 611 2132 675 Ὦς
2172 610 2255 665 ὠά
2283 612 2351 665 τὰ
2383 610 2681 687 σαθρότατα
2712 609 3258 686 καταπεφρονημένα,

2044 702 2143 756 Τὸν
2178 700 2471 779 ἐξαλείφειν
2500 704 2768 779 φάσκοδτα
2796 707 2898 778 γῆς
2932 702 3092 777 ὅρους
3118 702 3207 757 καὶ
3240 700 3534 772 θαλάττης,

2046 792 2146 845 Τὸν
2181 791 2230 845 ἐν
2263 790 2462 868 νεφέλῃ
2496 789 2725 867 λεγοντα
2753 792 2843 846 τὸν
2878 792 3069 867 θρόνον
3098 788 3437 865 καθιδρύσαι,

2050 880 2229 951 Οδπερ
2275 878 2485 954 χαλκαῖ
2525 881 2619 953 μὶν
2651 882 2705 934 αἱ
2734 879 2965 954 πλευραὶ
2997 880 3086 935 καὶ
3141 878 3340 954 σιδηρᾶ
3372 878 3416 934 δ’
3448 884 3483 949 ἡ
3516 878 3703 956 ῥάχις,

2049 970 2283 1042 ’Έγκατα
2316 966 2381 1035 δ’,
2414 968 2488 1029 ὥς
2522 990 2697 1045 φασιν,
2730 969 2893 1023 αὐτοῦ
2925 968 3194 1044 σμυρίτης
3226 969 3409 1033 λίθος·

2051 1057 2222 1113 Αὐτὸν
2254 1058 2345 1111 τὸν
2392 1053 2537 1134 ὅφιν,
2570 1058 2659 1112 τὸν
2715 1054 2910 1130 δεινὸν,
2958 1059 3049 1113 τὸν
3095 1057 3340 1133 γέροντα,
3371 1058 3461 1112 τὸν
3514 1058 3707 1132 μέγαν,

2054 1145 2159 1200 Καὶ
2193 1151 2362 1199 πᾶσαν
2396 1144 2573 1216 ἄλλην
2608 1144 2835 1220 δύναμιν
2860 1145 3024 1202 αὐτοῦ
3048 1148 3145 1216 τὴν
3180 1146 3440 1214 ἐναντίαν,

2052 1240 2113 1289 Ἠ
2145 1232 2372 1307 δύναμις
2405 1234 2658 1309 ὠνόμασε
2682 1239 2782 1301 τῆς
2815 1230 2988 1300 ὄντως
3020 1234 3351 1306 δυναστείας,

2056 1323 2143 1384 Ὠς
2179 1321 2459 1378 ἀλωπέκια
2493 1327 2661 1399 μικρὰ
2690 1324 2780 1379 γαὶ
2813 1321 3014 1400 δολερᾶ
3041 1328 3109 1399 τῇ
3141 1324 3317 1403 φύσει.

2057 1412 2201 1476 Τοὺς
2228 1418 2355 1487 γοῦν
2392 1415 2619 1488 μικροὺς
2643 1414 2951 1488 ἀλώπεκας,
2986 1414 3141 1491 φησὶ,
3171 1413 3473 1489 κρατήσατὲ
3516 1435 3635 1486 μοι,

2054 1503 2145 1565 Ὠς
2178 1501 2511 1577 βλαπτικοὺς
2536 1506 2901 1580 τυγχάνοντας
2932 1508 3128 1581 ψυχῶν
3170 1509 3279 1560 τῶν
3324 1502 3710 1579 ἀνθρωπίνων.

2058 1591 2373 1664 Ἀμπέλους
2402 1594 2505 1669 γὰρ
2538 1595 2610 1656 ὡς
2641 1594 2866 1665 ἀληθῶς
2891 1594 3087 1656 ταύτας
3119 1593 3284 1650 ἐννόει
3320 1595 3511 1668 μόνας.

2617 1714 2731 1766 Τῶν
2770 1713 2817 1788 γ’
2857 1712 3129 1788 Πατέρων.

2132 1818 2278 1872 Ἐπεὶ
2340 1816 2396 1873 δὲ
2453 1818 2589 1874 κατά
2643 1816 2885 1875 κὲλευσιν
2944 1824 3040 1874 τοῦ
3087 1819 3324 1898 νυμφίου
3372 1825 3717 1894 παραστᾶσαι

310 1904 423 1976 ipsi
451 1910 662 1976 praesto
691 1908 909 1973 essent,
943 1910 999 1962 et
1028 1922 1163 1962 cum
1219 1921 1286 1961 eo
1346 1922 1414 1961 ex
1472 1906 1736 1962 doctrina
1764 1903 1953 1978 ipsius

2085 1907 2235 1979 ὀύτῳ
2264 1909 2318 1962 αἱ
2369 1906 2683 1963 διδάσκαλοι
2741 1910 2935 1984 ψυχαὶ,
2966 1909 3095 1985 ὑπὲρ
3144 1893 3253 1963 των
3304 1905 3713 1981 διδασκομένων

308 2004 707 2067 versarentur,
740 1999 812 2053 ad
842 2015 941 2054 eas
979 1998 1103 2053 haec
1156 1997 1331 2053 verba
1363 1997 1498 2052 facit
1529 2013 1542 2051 :
1577 1999 1771 2069 Capite
1798 1997 1954 2052 nobis

310 2090 505 2161 vulpes
534 2089 798 2160 parvulas
828 2105 847 2143 .·
878 2088 1251 2143 observantia
1300 2091 1741 2159 praeceptorum,
1775 2084 1955 2141 simul

310 2195 445 2236 eum
494 2179 769 2233 vitiorum
821 2177 1182 2233 motionibus
1246 2175 1647 2231 astutissimos
1688 2176 1956 2248 ipsorum

312 2272 580 2325 auctores
611 2267 854 2339 spiritus
904 2266 1215 2321 cohibete:
1253 2266 1353 2337 qui
1405 2265 1633 2337 parvuli
1684 2264 1960 2320 videntur

309 2359 521 2428 adhuc,
554 2373 685 2413 cum
719 2357 861 2429 ipsae
894 2355 1181 2412 motiones
1214 2356 1477 2411 nondum
1508 2355 1569 2411 in
1602 2360 1799 2412 actum
1822 2370 1963 2427 pro-

311 2448 619 2511 cesserint,
653 2446 817 2503 Nobis
864 2450 1058 2501 autem
1108 2444 1255 2499 dixit
1282 2446 1457 2516 capite
1495 2449 1735 2517 propter
1783 2445 1959 2499 finem

309 2536 698 2610 propositum,
725 2535 825 2607 qui
857 2534 917 2589 in
952 2534 1067 2590 illis
1117 2534 1458 2590 erudiendis
1491 2534 1774 2606 expletur.
1824 2539 1964 2605 Quae

312 2627 693 2683 demoliuntur
722 2628 931 2691 vineas,
987 2624 1044 2679 id
1077 2628 1187 2692 est,
1246 2623 1474 2680 animas
1515 2627 1801 2690 evertunt,
1835 2641 1964 2695 quae

315 2734 416 2788 per
446 2717 621 2772 ﬁdem
655 2715 715 2770 in
750 2731 841 2769 me
872 2719 1013 2769 sunt
1064 2713 1358 2785 plantatae.
1414 2717 1480 2769 Et
1536 2716 1717 2770 vineae
1764 2723 1967 2771 nostra?

317 2805 770 2877 ﬂorent.Animze
801 2802 1113 2874 diligenter
1144 2820 1177 2857 a
1208 2803 1378 2858 nobis
1408 2803 1479 2858 ad
1512 2802 1763 2859 salutem
1794 2803 1964 2860 insti-

318 2900 463 2951 tutae
483 2895 611 2965 jam
639 2892 849 2948 ﬂorent
878 2892 1207 2947 secundum
1238 2891 1966 2961 virtutem,fallacissimis,

318 2988 385 3041 ut
414 2984 639 3040 dictum
671 2985 779 3054 est,
813 2980 1118 3053 spiritibus
1146 2980 1491 3053 proﬂigatis.

1043 3177 1235 3233 Pselli.

390 3287 498 3343 Sed
531 3286 832 3341 videamus
866 3285 1008 3357 quid
1042 3286 1199 3341 dicat
1229 3284 1405 3341 etiam
1451 3302 1671 3358 sponsa
1700 3290 1759 3342 et
1788 3287 1979 3360 virgo-
2012 3259 2058 3329 θ

389 3376 564 3446 Nepos
592 3391 746 3431 meus
773 3374 938 3440 mihi,
970 3380 1025 3429 et
1054 3390 1151 3443 ego
1180 3373 1299 3430 illi.

388 3466 604 3521 Verum
636 3480 864 3520 morose
895 3463 1171 3534 deinceps
1203 3479 1420 3535 sponso
1450 3463 1711 3535 loquitur
1742 3481 1755 3521 :

395 3555 503 3623 Qui
528 3555 703 3625 pascit
732 3555 879 3608 inter
918 3552 1060 3616 tilia,
1091 3551 1259 3607 donec
1294 3554 1501 3623 (ιερίνεί
1530 3553 1664 3620 dies,
1696 3557 1747 3609 et
1803 3554 1973 3609 incli-

322 3648 529 3700 nentur
576 3642 803 3711 umbrw,
857 3650 1134 3697 revertere
1182 3658 1195 3696 :
1244 3642 1445 3696 similis
1489 3650 1604 3697 esto
1651 3646 1732 3707 tu,
1809 3659 1975 3714 nepos

324 3734 428 3801 mi,
460 3746 681 3804 caprea
710 3730 1013 3786 hinnulove
1069 3746 1355 3786 cervorum
1400 3746 1567 3803 super
1608 3734 1816 3787 montes
1845 3748 1974 3787 con-

325 3820 595 3878 vallium.

400 3911 443 3967 Ο
475 3908 868 3983 pulcherrime
900 3913 1100 3981 pastor
1145 3909 1365 3978 ovium,
1415 3926 1541 3980 quae
1585 3914 1779 3967 mente
1839 3915 1979 3967 sunt

329 4000 605 4073 preditm,
637 3999 829 4070 inquit
861 4016 1079 4069 sponsa
1099 4000 1171 4053 ad
1205 3999 1399 4069 ipsum
1432 4001 1690 4055 Verbum
1721 4004 1780 4056 et
1810 4017 1982 4072 spon-

330 4106 486 4158 sum,
533 4088 632 4159 qui
687 4104 820 4143 oves
868 4093 999 4142 tuas
1047 4088 1392 4154 virtutibus,
1447 4094 1509 4143 ut
1562 4088 1703 4145 liliis
1760 4090 1977 4159 pascis,

330 4194 540 4233 rursus
569 4182 625 4231 te
655 4193 875 4248 capreae
907 4183 1010 4232 aut
1058 4194 1361 4233 cervorum
1422 4178 1670 4233 hinnulo
1724 4179 1978 4234 similem

333 4267 544 4340 praebe,
579 4270 643 4321 ut
674 4266 846 4337 paulo
873 4270 1007 4322 ante
1040 4283 1219 4336 super
1247 4266 1488 4321 vallium
1525 4271 1756 4324 montes
1804 4267 1981 4323 salie-

329 4357 438 4413 bas
471 4372 484 4411 :
520 4359 693 4426 atque
724 4371 957 4410 omnem
984 4355 1306 4426 potentiam
1330 4357 1736 4411 adversantem
1768 4360 1979 4423 everte,

333 4450 391 4501 et
420 4443 599 4500 colles
630 4442 809 4500 nimis
840 4444 1028 4499 elatos
1060 4461 1317 4516 exaequa.
1377 4444 1470 4500 Sic
1502 4445 1657 4499 enim
1708 4444 1981 4501 cursibus

333 4533 456 4590 tuis
486 4532 682 4589 omnis
729 4531 895 4587 vallis
928 4532 1276 4605 implebitur
1326 4550 1338 4588 :
1391 4538 1447 4589 et
1493 4534 1687 4589 omnis
1744 4534 1981 4590 malitiae

2063 1996 2210 2068 αὖτῷ
2286 1998 2695 2074 ἐντυγχάνουσι,
2744 2000 2882 2074 πρὸς
2963 1998 3161 2062 ταύτας
3243 1999 3420 2063 οὕτως
3505 1999 3665 2074 φησίν
3698 2018 3713 2031 ο

2067 2088 2298 2141 Πιάσατε
2351 2090 2486 2160 ἡμῖν
2543 2088 2832 2152 ἀλώπεκας
2910 2088 3123 2163 μικρὰς,
3183 2086 3353 2163 ἤγουν
3411 2090 3719 2163 κατάσχετε

2066 2173 2155 2230 διὰ
2202 2180 2308 2230 τῶν
2362 2175 2595 2231 ἐντολῶν
2646 2174 2759 2251 ἅμα
2802 2183 2920 2241 ταῖς
2966 2180 3207 2247 κινήσεσι
3247 2183 3355 2232 τῶν
3406 2179 3588 2232 παθῶν
3648 2178 3721 2231 τὰ

2065 2263 2271 2319 τούτων
2344 2262 2488 2319 αῗίτια
2557 2262 2907 2340 δολερώτατα
2962 2266 3239 2339 πνεύματα
3310 2265 3386 2322 ἔτι
3454 2265 3725 2321 δοκοῦντα

2066 2355 2294 2422 νεάζειν,
2327 2352 2375 2408 εί
2409 2356 2578 2426 μήπω
2610 2356 2663 2409 αἱ
2714 2360 2822 2409 τῶν
2870 2358 3054 2410 παθῶν
3112 2358 3350 2425 κινήσεις
3407 2356 3726 2432 προκόψουο

2070 2462 2149 2496 σ.ν
2198 2443 2273 2504 si;
2319 2441 2607 2517 ἐνέργειαν.
2660 2449 2815 2517 ’Πμῖν
2861 2442 2917 2499 δέ
2967 2467 3099 2522 φησι
3156 2447 3475 2521 κατάσχετε,
3528 2442 3617 2500 διὰ
3662 2445 3729 2501 τὸ

2069 2532 2235 2605 πέρας
2324 2529 2564 2602 δέξασθαι
2619 2534 2681 2589 τὸ
2741 2534 2875 2589 κατὰ
2946 2536 3146 2589 σκοπὸν
3232 2537 3369 2608 ἡμῖν
3435 2534 3520 2589 ἐπὶ
3606 2541 3731 2598 ταῖς

2077 2624 2557 2696 μαθητευομέναις.
2672 2624 3058 2702 Ἀφανίζοντας
3174 2624 3504 2698 ἀμπελῶνας
3540 2646 3551 2657 ·
3628 2623 3735 2695 δη-

2074 2709 2237 2781 λαδὴ,
2272 2710 2618 2775 ἀπολλύντας
2678 2714 2858 2788 ψυχὰς
2912 2718 2979 2787 τῇ
3039 2714 3116 2776 εἰς
3176 2713 3272 2787 ἐμὲ
3331 2716 3505 2769 πίστει
3560 2736 3732 2792 πεφυ-

2072 2801 2354 2873 τευμὲνας.
2389 2802 2483 2855 Καὶ
2542 2803 2595 2855 αἱ
2655 2801 2894 2874 ἄμπελοι
2955 2805 3115 2873 ἡμῶν
3172 2804 3546 2877 κυπρίζουσιν·
3588 2802 3734 2871 ἤτοι,

2074 2891 2129 2943 αἱ
2160 2890 2287 2963 παρ’
2337 2892 2498 2961 ἡμῶν
2552 2891 2689 2964 πρὸς
2740 2893 3013 2966 σωτηρίαν
3069 2891 3498 2964 ἐπιμελούμεναι
3558 2892 3735 2966 ψυχαί

2075 2975 2184 3047 ἤδη
2219 2979 2435 3032 ἀνθοῦσι
2491 2980 2607 3033 κατ’
2640 2980 2859 3053 ἀρετὴν,
2889 2984 2995 3035 τῶν
3049 2977 3438 3055 δολερωτάτων
3485 2977 3733 3053 πνευμᾶ-

2075 3085 2181 3119 των
2216 3066 2683 3141 κατασχεθέντων,
2718 3068 2794 3129 ὡς
2828 3065 3058 3143 εἶ’ρηται.

2778 3173 3026 3231 Ψελλοΰ.

2164 3281 2325 3339 Ἀλλ’
2357 3281 2555 3358 ἴδωμεν
2583 3284 2672 3340 καὶ
2700 3285 2753 3340 τί
2784 3307 2947 3363 φησιν
2975 3287 3009 3355 ἡ
3040 3287 3225 3364 νύμφη
3260 3286 3347 3341 καὶ
3379 3284 3661 3358 παρθένος.

2078 3370 2399 3449 Ἀδελφιδός
2434 3394 2539 3445 μου
2572 3373 2720 3446 ἐμοὶ,
2751 3374 2898 3448 κάγὼ
2931 3374 3097 3447 αὐτῷ.

2078 3460 2239 3516 Ἀλλ’
2271 3460 2458 3531 ἐφεξῆς
2484 3460 2787 3517 ἐκδυσωπεῖ
2818 3460 3047 3538 λέγουσα
3076 3467 3156 3535 τῷ
3184 3462 3404 3539 νυμφίῳ
3426 3481 3437 3493 ·

2152 3552 2213 3606 Ὁ
2258 3552 2568 3623 ποιμαίνων
2614 3551 2664 3605 ἐν
2714 3557 2830 3615 τοῖς
2890 3551 3121 3627 κρίνοις,
3170 3548 3272 3613 tuo;
3325 3552 3387 3606 οὗ
3440 3549 3731 3625 διαπνεύσῃ

2082 3644 2117 3709 ἡ
2195 3642 2377 3714 ἡμέρα
2457 3641 2546 3695 καὶ
2623 3644 2915 3712 κινηθῶσιν
2988 3643 3042 3696 αἱ
3124 3643 3291 3715 σκιαὶ,
3372 3642 3736 3716 ἆπόστρεψον,

2086 3732 2393 3803 ὁμοιώθητι
2452 3730 2536 3803 σὺ,
2570 3729 2825 3810 ἀδελφιδὲ
2894 3735 3125 3805 μου,τῷ
3176 3730 3407 3809 δόρκωνι
3467 3733 3500 3803 ἦ
3559 3728 3737 3810 νεϐρῷ

2087 3818 2300 3898 ἐλάφων
2334 3819 2418 3874 ἐπὶ
2450 3821 2516 3874 τά
2547 3816 2647 3894 ὅρη
2675 3820 3067 3893 κοιλωμάτων.

2085 3912 2152 3965 Ὦ
2182 3908 2575 3965 καλλιπότατε
2602 3912 2813 3983 ποιμὴν
2842 3916 2948 3966 τῶν
2984 3910 3218 3987 λογικῶν
3252 3907 3562 3988 προϐάτων,

2090 4001 2261 4070 Φησὶν
2296 4003 2330 4070 ἡ
2362 4000 2545 4078 νύμφη
2582 4002 2718 4074 πρὸς
2751 4001 2909 4056 αὐτὸν
2940 4001 3031 4056 τὸν
3066 4002 3237 4075 Λόγον
3270 4002 3358 4057 καὶ
3388 4001 3646 4079 νυμφίον,

2085 4091 2182 4151 “Oc
2211 4088 2422 4167 τρέφεις
2453 4111 2545 4143 σου
2575 4091 2640 4142 τά
2670 4085 2919 4163 πρόϐατα
2949 4095 3067 4151 ταῖς
3118 4088 3333 4164 ἀρεταῖς
3382 4091 3455 4153 ὡς
3506 4090 3740 4165 κρίνοις,

2090 4180 2188 4233 Καὶ
2218 4178 2381 4233 πάλιν
2416 4179 2612 4254 φάνηθι
2647 4176 2843 4255 δορκᾶς
2875 4181 2909 4249 ἢ
2940 4178 3029 4233 καὶ
3061 4174 3251 4253 νεϐρὸς
3286 4178 3524 4257 ἐλάφων,

2090 4268 2187 4322 Καὶ
2219 4266 2383 4321 πάλιν
2417 4266 2757 4335 ἀναζητησον
2791 4268 2971 4342 ὥσπερ
3004 4268 3463 4342 ἀνθυποπρέψας,

2089 4360 2264 4431 "Amp
2298 4354 2499 4425 ἐπήδας
2530 4358 2635 4430 πρὸ
2668 4361 2867 4431 μικροῦ
2896 4360 3002 4411 τῶν
3034 4354 3399 4429 κοιλωμάτων
3434 4353 3559 4432 ὄρη,

2092 4446 2193 4502 Καὶ
2224 4451 2397 4500 πᾶσαν
2431 4444 2741 4521 ἐξαφάνισον
2777 4443 3003 4517 δύναμιν
3038 4444 3299 4513 ἐναντίαν,

2091 4534 2188 4588 Καὶ
2219 4531 2595 4606 καθομάλισον
2634 4532 2865 4609 βουνοὺς
2896 4532 3020 4595 τοὺς
3052 4531 3183 4608 ἄγαν
3220 4532 3579 4609 ἐπηρμένους.

2623 3644 2915 3712 κινηθῶσιν
2988 3643 3042 3696 αἱ
3124 3643 3291 3715 σκιαὶ,

337 4622 503 4680 collis
548 4621 963 4679 humiliabitur
995 4639 1006 4676 :
1042 4627 1099 4678 et
1146 4639 1349 4677 omnes
1400 4623 1722 4695 impietatis
1768 4623 1966 4678 umbra

2096 4621 2247 4675 Οὕτω
2278 4622 2375 4697 γάρ
2410 4620 2831 4697 πληρωθήσεται
2865 4628 2979 4684 σοῖς
3012 4619 3242 4697 δρόμοις
3269 4628 3414 4677 πᾶσα
3440 4622 3671 4698 φάραγξ,

338 4712 731 4769 discutiantur

340 4801 513 4858 rabit.

791 4728 803 4765 :
860 4715 917 4767 et
973 4710 1099 4767 dies
1156 4710 1366 4767 salutis
1424 4711 1770 4769 mortalibus
1829 4712 1982 4785 aspi-

929 5009 1116 5063 Trium
1144 5009 1397 5063 Patrum.

411 5118 717 5182 Revertere,
749 5117 1063 5173 assimilare
1107 5119 1186 5182 tu,
1236 5131 1406 5184 nepos
1453 5117 1552 5186 mi,
1601 5130 1816 5187 caprea
1861 5115 1987 5171 hin-

337 5206 531 5263 nulorc
558 5222 837 5262 cervorum
864 5221 1027 5277 super
1058 5209 1272 5261 montes
1297 5205 1653 5261 convallium.

410 5381 711 5453 Spiritales
765 5383 938 5447 feras,
1004 5384 1335 5438 animarum
1411 5382 1799 5454 corruptrices
1868 5401 1986 5455 qua

337 5477 546 5529 contra
576 5488 684 5527 nos
713 5471 979 5540 saeviunt,
1011 5477 1066 5526 et
1097 5473 1455 5543 serpentium
1489 5490 1670 5538 more,
1702 5473 1980 5528 vitiorum

338 5562 499 5618 virus
530 5561 588 5617 in
620 5578 729 5616 nos
778 5560 1110 5631 elfundunt,
1155 5560 1384 5632 repelle.
1422 5562 1488 5617 Et
1538 5566 1843 5634 propterea
1892 5566 1980 5631 tu,

409 5714 452 5750 ³⁷
483 5713 595 5769 Isa.
626 5729 739 5783 xxv,
772 5711 861 5765 44.

2097 4712 2203 4769 Καὶ
2236 4718 2337 4773 πᾶς
2374 4713 2834 4781 ταπεινωθήσεται
2867 4711 3057 4785 βουνὸς
3091 4711 3118 4765 ὁ
3149 4717 3247 4781 τῆς
3276 4710 3485 4777 κακίας,

2099 4804 2193 4858 Καὶ
2228 4808 2391 4857 πᾶσαι
2425 4804 2811 4873 κινηθήσονται
2845 4801 2990 4857 σκιαὶ
3019 4808 3120 4871 τῆς
3153 4800 3358 4870 ἀθεΐας,

2097 4892 2204 4949 Καὶ
2238 4890 2540 4946 διαπνεύσει
2575 4893 2792 4966 βροτοῖς
2821 4889 3003 4964 ἡμέρα
3031 4890 3321 4965 σωτηρίας.

2656 5012 2778 5066 Τῶν
2819 5010 2867 5082 γ’
2908 5007 3184 5082 Ηατέρων.

2168 5118 2562 5195 ’Δπόστρεψον,
2621 5118 2930 5191 ὁμοιὼθητι
2998 5116 3082 5183 σὺ,
3144 5113 3403 5190 ἀδελφιδέ
3482 5137 3611 5189 μου,
3673 5122 3753 5189 τῷ

2098 5208 2352 5283 δόρκωνι,
2414 5209 2449 5278 ἢ
2509 5202 2683 5283 νεϐρῷ
2743 5203 2956 5283 ἐλάφων
3018 5204 3105 5259 ἐπὶ
3161 5204 3228 5259 τὰ
3278 5201 3379 5280 ὄρη
3450 5209 3558 5260 τῶν
3634 5226 3755 5260 κοιο

2097 5296 2127 5352 λ
2136 5320 2180 5351 ω
2190 5297 2369 5369 μάτων
2381 5340 2393 5352 .

2169 5380 2533 5457 Ἀπόστρεψον
2596 5380 2653 5437 δὶ
2724 5381 2789 5435 τὰ
2862 5382 2982 5445 καθ’
3037 5382 3201 5452 ἡμῶν
3284 5381 3581 5452 μαινόμενα
3647 5384 3752 5453 ψυ-

2093 5473 2342 5549 ’χοφθόρα
2371 5470 2541 5540 νοητὰ
2587 5470 2773 5543 θηρία,
2805 5470 2873 5523 τὰ
2923 5467 3078 5539 δίκην
3138 5464 3313 5545 ὄφεων
3361 5468 3451 5522 τὸν
3504 5468 3586 5521 ἱὸν
3639 5472 3751 5523 τῶν

2091 5565 2272 5617 παθῶν
2330 5559 2380 5615 ἐν
2436 5562 2571 5631 ἡμῖν
2631 5559 2918 5633 ἐκχέοντα’
2973 5558 3252 5621 κάντεῦθεν
3315 5556 3624 5630 ὁμοιώθητι
3682 5556 3747 5611 σὺ
