4040 6146
332 385 451 448 597

1379 387 1789 449 COMMENT.
1835 387 1912 447 IN
1958 385 2363 449 CANTlCUM
2406 389 2708 449 CANTIC.

3637 368 3759 457 598

334 515 577 589 πάντως,
627 517 663 585 ἡ
693 519 790 571 τοῦ
821 518 955 570 θεοῦ
978 513 1067 569 καὶ
1097 516 1310 590 Πατρὸς
1341 514 1699 579 ἐνυπόστατος
1735 514 1982 588 δύναμις,

2105 515 2307 574 dilecte
2338 518 2442 587 mi,
2475 519 2578 590 qui
2607 518 2710 575 Dei
2741 522 2799 575 et
2821 519 3014 576 Patris
3046 519 3224 576 unius
3257 524 3435 593 atque
3485 523 3751 595 ejusdem

326 605 581 682 ἀγαπητέ
614 625 741 677 μου,
785 608 905 666 τοῖς
930 600 1290 682 φυγαδεύουσι
1326 606 1485 674 ζώοις
1517 608 1583 661 τὰ
1632 602 1831 660 ἷοϐόλα
1890 617 1987 675 θη-

332 696 441 772 ρία,
497 694 549 750 ἐν
598 698 678 766 τῷ
731 692 1048 748 ἀπελαύνειν
1090 693 1281 770 πόρῥω
1330 698 1490 764 ἡμῶν
1533 696 1598 749 τὰ
1644 695 1989 770 πονηρότατα

329 784 645 857 πνεύματα’
715 782 858 837 οὕτω
916 779 973 837 δὲ
1016 782 1236 847 τούτοις
1292 785 1624 857 ὁμοιώθητι,
1683 784 1985 859 ἐρχόμενος

331 873 421 928 ἐπὶ
472 875 565 935 τὰς
626 869 1005 935 διδασκάλους.
1062 874 1160 934 τὰς
1193 870 1353 943 δίκην
1396 874 1537 947 ὁρῶν
1599 874 1985 948 ὑπερκειμένας

329 967 439 1019 τῶν
492 962 875 1025 κοιλανθεισῶν
933 966 1050 1026 τοῖς
1104 968 1210 1017 τῶν
1274 964 1459 1017 παθῶν
1522 963 1749 1038 Γὗεύμασι
1812 965 1987 1034 μαθη-

331 1055 520 1127 τριῶν,
582 1050 719 1105 ὥστε
777 1048 1104 1128 φυγαδεῦσαι
1160 1049 1249 1106 διὰ
1310 1051 1486 1124 μέσων
1546 1051 1760 1107 ἐκείνων
1792 1051 1859 1105 τὰ
1886 1051 1983 1116 την

335 1142 548 1198 τούτων
616 1140 998 1215 κατωρύξαντα
1075 1144 1307 1219 φυσικὴν
1378 1142 1730 1216 ὁμαλότητα,
1786 1143 1873 1196 καὶ
1932 1140 1984 1196 ἐν

329 1229 555 1290 ταύταις
606 1227 1035 1306 ἐμφωλεύσαντα
1079 1226 1409 1307 ψυχοφθόρα
1456 1229 1645 1304 θηρία*
1704 1230 1983 1284 κάντεῦθεν

330 1317 775 1386 ἀποκαταστῆσαι
836 1317 999 1373 πάλιν
1059 1318 1245 1381 αὑταῖς
1299 1321 1398 1386 τήν
1460 1319 1754 1393 εἷ’ρημένην
1782 1315 1988 1390 ὁμαλό-

330 1425 494 1475 τητα’
526 1407 671 1484 φημί
714 1402 771 1460 δὲ
826 1407 925 1474 τήν
984 1411 1094 1463 τῶν
1151 1410 1403 1483 ψυχικῶν
1474 1406 1753 1481 δυνάμεων
1808 1408 1986 1461 ἱσονοο

335 1494 461 1569 μίαν
474 1540 486 1552 .

905 1608 1025 1658 Τῶν
1057 1610 1103 1678 γ’
1143 1602 1394 1679 Πατέρων
1406 1648 1418 1660 .

399 1698 577 1748 Ταῦτα
623 1694 807 1748 τοίνυν
851 1695 885 1761 ἡ
940 1690 1269 1756 διδάσκαλος
1314 1694 1407 1749 τὸν
1452 1693 1683 1771 νυμφίον
1724 1693 1846 1767 περὶ
1875 1696 1983 1747 τῶν

332 1781 794 1857 μαθητευομένων
870 1781 1234 1853 αἰτησαμένη,
1313 1783 1449 1858 πρὸς
1516 1783 1712 1845 ταύτας
1788 1781 1982 1837 λοιπὸν

2098 607 2367 662 essentiae
2417 608 2601 664 virtus
2645 625 2729 679 es,
2781 613 2838 663 te
2888 609 3296 666 animantibus
3327 609 3446 666 illis
3498 610 3755 670 similem

2098 696 2464 769 exbibe,qua3
2494 714 2818 755 venenosae
2849 699 3003 753 feras
3027 699 3419 766 insectantur,
3453 703 3518 756 ut
3546 704 3754 773 procul

2098 801 2131 838 a
2178 786 2346 841 nobis
2423 787 2897 858 improbissimos
2980 787 3228 859 spiritus
3313 792 3566 845 avertas.
3646 791 3748 859 Te,

2097 874 2361 946 inquam,
2394 875 2513 930 illis
2545 875 2797 931 similem
2834 877 3309 947 praestayeniens
3342 877 3402 932 in
3436 878 3755 951 magistras

2096 962 2346 1031 animas,
2407 965 2745 1035 quaeinter
2834 964 3158 1036 discipulae
3242 968 3755 1037 perturbationum

2096 1052 2375 1108 ﬂuctibus
2402 1055 2734 1126 depressas,
2771 1055 3062 1109 montium
3095 1055 3285 1110 instar
3315 1056 3607 1113 excellunt
3640 1074 3653 1112 :
3689 1063 3757 1113 ut

2095 1140 2361 1213 ipsarum
2428 1159 2605 1214 opera
2653 1142 2943 1214 propellas
2997 1147 3054 1199 et
3121 1145 3289 1215 iuges
3337 1145 3559 1201 bestias
3618 1146 3755 1203 illas

2097 1231 2429 1301 pestiferas,
2487 1248 2618 1303 quae
2675 1232 3005 1288 naturalem
3082 1234 3328 1289 rudium
3413 1235 3753 1292 animarum

2097 1319 2550 1390 aequabilitatem
2600 1325 2901 1387 excavant,
2960 1322 3019 1376 in
3076 1322 3281 1393 eisque
3331 1324 3445 1379 sibi
3495 1323 3755 1382 latebras

2096 1408 2487 1464 constituunt.
2534 1413 2727 1481 Atque
2775 1411 2860 1467 ita
2924 1411 3240 1483 pristinam
3290 1411 3409 1469 illis
3464 1411 3754 1470 virtutum

2095 1496 2554 1569 aequabilitatem
2586 1499 2784 1555 redde.

2690 1606 2877 1662 Trium
2904 1606 3160 1662 Patrum.

2166 1692 2297 1748 Haec
2342 1692 2527 1765 igitur
2558 1694 2840 1765 magistra
2889 1710 3024 1750 cum
3056 1695 3128 1750 de
3175 1694 3483 1768 discipulis
3533 1714 3753 1769 sponso

2096 1782 2495 1850 disseruisset,
2528 1784 2600 1839 ad
2632 1800 2732 1839 eas
2784 1800 2918 1840 mox
2955 1801 3293 1841 sermonem
3338 1787 3665 1856 convertit;
3699 1791 3758 1843 et

324 1871 512 1948 τρέπει
542 1871 638 1926 τὸν
671 1869 857 1946 λόγον,
911 1871 1002 1925 καὶ
1051 1872 1117 1925 τὰ
1160 1871 1337 1925 οῗκεῖα
1378 1871 1716 1945 ἐξηγουμένη
1777 1871 1983 1937 αὐταῖς,

2105 1889 2222 1943 qua
2267 1872 2338 1927 ad
2382 1889 2445 1928 se
2492 1872 2683 1944 ipsam
2731 1873 3068 1944 pertinent,
3119 1875 3398 1947 exponit;
3454 1879 3631 1947 atque
3673 1877 3757 1932 ita

318 1964 410 2015 καί
477 1958 567 2014 διὰ
613 1960 822 2015 τούτων
872 1959 1074 2021 ταύτας
1106 1958 1306 2035 ἐνάγειν
1363 1958 1739 2035 ἐπιχειροῦσα,
1798 1959 1985 2037 φησίν·

335 2049 460 2105 Ἐπὶ
519 2048 707 2118 κοίτην
766 2069 871 2121 μου
932 2046 984 2102 ἐν
1043 2048 1187 2119 νυξὶν
1241 2047 1480 2119 ἐζήτησα
1532 2049 1589 2103 ὅν
1648 2050 1990 2122 ἠγάπησενὴ

333 2140 492 2214 ψυχή
553 2156 679 2210 μου⁶
741 2135 907 2213 ἤγουν
970 2137 1021 2190 ἐν
1084 2136 1237 2212 σαρκί
1298 2137 1538 2216 μου,ἐφ⁹
1589 2136 1873 2211 ᾖέδὸκουν
1907 2134 1993 2191 διὰ

333 2228 397 2283 τὸ
445 2233 564 2282 κατ’
622 2224 789 2295 αύτήν
848 2222 952 2294 ἡδὺ
1012 2225 1394 2296 ἀναπαύεσθαι,
1456 2225 1511 2280 ἐν
1569 2232 1687 2287 ταῖς
1720 2227 1832 2297 νυξὶ
1892 2233 1991 2295 τῆς

337 2316 565 2392 ἀγνοίας
595 2313 832 2386 ἐζήτησα
859 2312 922 2369 τὸ
963 2313 1165 2391 κυρίως
1214 2314 1406 2384 καλὸν,
1435 2313 1566 2389 ὅπερ
1626 2314 1733 2369 ἐστῖ
1787 2317 1814 2369 ὁ
1868 2313 1989 2388 ἐμοὶ

342 2405 701 2483 ἠγαπημένος
756 2402 993 2478 νυμφίος
1029 2447 1042 2473 ,
1096 2404 1273 2474 εὑρεῖν
1310 2446 1324 2470 ,
1382 2404 1519 2458 κατὰ
1572 2405 1632 2458 τὸ
1686 2404 1993 2478 εἷρημέντν,

337 2494 420 2551 ὅτι
478 2494 571 2567 νὺξ
631 2494 697 2562 ἦν
758 2494 882 2563 περὶ
938 2493 1035 2565 ἐμὶ
1088 2493 1188 2561 τὴν
1232 2490 1497 2564 δείλαιον,
1554 2492 1643 2547 καὶ
1678 2493 1776 2547 οὐκ
1805 2490 1991 2567 ἔγνω-ι’

336 2582 621 2663 φωτισμὸν
703 2580 806 2656 γὰρ
900 2584 1035 2635 εἶναι
1118 2582 1217 2648 τήν
1301 2581 1507 2659 τρυφὴν
1589 2576 1993 2652 ὑπελάμϐανον.

337 2674 613 2742 Ἐζήτησα
701 2670 859 2725 αὐτὸν
947 2670 1036 2724 καὶ
1122 2669 1228 2745 οὐχ
1309 2670 1461 2745 εὗρον
1531 2669 1713 2739 αὐτὸν,
1770 2668 1997 2725 ἐκάλεσα

336 2762 521 2829 αὐτὸν,
579 2759 669 2815 καὶ
727 2759 834 2835 οὐχ
892 2759 1168 2830 ὑπήκουσέ
1231 2779 1379 2830 μου·
1438 2756 1653 2828 δηλαδή
1717 2760 1995 2829 ζητήσασα

338 2849 500 2905 αὐτὸν
558 2848 613 2904 ἐν
662 2854 779 2911 τοῖς
809 2850 944 2903 κατὰ
976 2849 1146 2923 σάρκα
1176 2845 1381 2917 ἡδέσιν,
1418 2847 1525 2923 οὐχ
1559 2848 1736 2923 εὗρον.
1771 2845 1994 2918 Ἐπειδὴ

337 2940 667 3010 τῇσαρκικῇ
717 2934 894 3007 ἡδονῇ
923 2940 1162 3014 φυσικῶς
1195 2938 1223 2989 ὁ
1275 2936 1441 2998 πόνος
1496 2936 1847 3007 ςυνέξεῦκται·
1911 2936 1995 2996 ὅτι

346 3031 571 3103 φθορᾶς,
619 3028 740 3094 ῆτις
799 3023 965 3095 ὀδύνη
1027 3024 1193 3093 ἐστὶν,
1252 3027 1286 3094 ἡ
1344 3026 1460 3079 κατ’
1520 3022 1765 3095 αἴσθησιν
1826 3022 1998 3094 ἡδονὴ

341 3115 547 3192 γένεσις
583 3157 595 3169 .
674 3114 968 3172 Κὰντεῦθεν
1029 3114 1120 3168 ἀπ’
1177 3115 1347 3182 αὐτῆς
1405 3110 1581 3187 ἔγνων
1633 3120 1735 3183 τῆς
1786 3114 1999 3191 πείρας,

342 3205 430 3259 ὅτι
505 3210 608 3273 τῆς
675 3205 811 3258 κατὰ
883 3202 1052 3276 σάρκα
1107 3199 1315 3272 ἡδονῆς
1374 3203 1401 3256 ὁ
1461 3203 1584 3275 ἐμοὶ
1636 3203 1998 3277 ἀγαπώμενος

341 3290 555 3347 ἄπεστιο
605 3289 792 3366 διόπερ
842 3292 893 3346 ἐν
939 3289 1109 3364 ταύτῃ
1153 3289 1454 3360 καλεσάσης
1488 3312 1592 3364 μου
1621 3296 1809 3345 τοῦτον
1859 3292 1995 3366 πρὸς

338 3379 638 3436 ἀπόλαυσιν
672 3379 902 3446 ἄλυπον,
965 3378 1073 3454 οὐχ
1126 3380 1454 3449 ὑπήκουσεν.
1510 3381 1667 3443 Ὅθεν
1702 3377 1993 3453 διαπορου-

345 3470 480 3543 μένη
533 3466 662 3523 τάδε
710 3468 859 3523 εἶπον
909 3468 1045 3544 πρὸς
1125 3467 1365 3540 ἐμαυτήν
1402 3488 1414 3499 ·
1466 3469 1865 3541 Ἀναστήσομαι
1927 3466 1992 3537 δὴ

336 3559 429 3614 καὶ
504 3557 774 3614 κυκλώσω
851 3556 901 3611 έν
974 3560 1043 3630 τῇ
1101 3555 1284 3625 πόλει,
1357 3556 1408 3611 ἐν
1456 3562 1576 3618 ταῖς
1635 3557 1860 3632 ἀγοραῖς
1906 3554 1995 3610 καί

342 3647 396 3703 ἐν
471 3653 591 3709 ταῖς
661 3644 978 3707 πλατείαις·
1040 3646 1128 3700 καὶ
1206 3647 1426 3716 ζητήσω
1487 3644 1544 3699 δν
1611 3646 1897 3720 ἠγάπησεν
1958 3648 1992 3713 ἡ

341 3739 496 3812 ψυχή
560 3756 686 3809 μου.
737 3736 917 3805 "H101,
987 3732 1354 3809 ἐγερθήσομαι
1412 3735 1517 3788 ἀπὸ
1572 3741 1675 3804 τῆς
1729 3740 1991 3807 σαρκικῆς

344 3827 609 3900 σχέσεως,
693 3824 782 3878 καὶ
868 3825 1131 3897 θεωρήσω
1215 3822 1609 3897 εἰσαγωγικῶς,
1693 3823 1779 3876 καὶ
1854 3822 1994 3876 οὕτω

341 3914 551 3990 πράξω.
596 3911 882 3975 Κάντεῦθεν
944 3909 1033 3966 διὰ
1089 3911 1279 3987 πείρας
1336 3909 1666 3985 τελεώτερον
1709 3912 1991 3984 θεωρήσω’

341 4002 433 4059 καὶ
492 4002 567 4064 ὡς
613 4002 719 4055 ἀπὸ
778 3999 1006 4074 θεωρίας
1056 4000 1363 4076 ἀρχομένη,
1418 4000 1507 4054 καὶ
1565 3998 1640 4063 εἷς
1669 4000 1835 4068 αὐτὴν
1868 4020 1995 4054 κατ-

343 4095 556 4146 αντῶσα
580 4088 849 4144 κυκλώσω
881 4086 932 4142 ἐν
968 4088 1176 4161 ἐμαυτῇ
1236 4089 1372 4142 κατᾶ
1419 4087 1611 4163 πρᾶξιν
1661 4090 1755 4160 μὶν
1814 4087 1994 4163 ὥσπερ

344 4179 396 4235 ἐν
446 4179 668 4255 ἀγοραῖς
695 4197 841 4239 τινος
870 4176 1111 4248 πόλεως,
1157 4175 1356 4238 πόνους
1411 4179 1500 4230 οἷα
1531 4173 1992 4249 δεδοκιμασμένον

341 4267 602 4344 ἀργύριον
686 4260 1103 4337 μεταϐάλλουσα
1137 4309 1151 4334 ,
1206 4264 1293 4319 καὶ
1365 4264 1705 4337 κομιζομένη
1778 4264 1992 4338 ἀρετάς·

342 4356 479 4411 κατὰ
532 4354 757 4430 Θεωρίαν
817 4350 894 4423 δὲ,
960 4354 1034 4415 ὡς
1117 4352 1168 4407 ἐν
1240 4352 1523 4415 πλατείαις
1602 4351 1989 4429 διεξερχομένη

341 4451 463 4508 ταῖς
517 4447 768 4522 φυσικαῖς
822 4442 1073 4517 θεωρίαις
1128 4443 1237 4497 τῶν
1296 4438 1488 4497 ὄντων·
1520 4443 1610 4497 καὶ
1656 4443 1757 4510 τὴν
1787 4443 1993 4497 τούτων

346 4533 604 4610 διάφορον
654 4536 856 4607 γνῶσιν
907 4530 1266 4605 συλλέγουσα·
1318 4534 1404 4586 καὶ
1458 4530 1600 4586 οίῑτω
1635 4533 1854 4601 ζητήσω
1901 4531 1992 4585 τὸν

345 4622 680 4696 ποθούμενόν
742 4641 835 4694 μοι
887 4622 1062 4695 εὑρεῖν
1098 4663 1112 4679 .

348 4710 501 4788 εὗρον
578 4708 761 4780 αὑτὸν,
830 4706 1058 4763 ἐκάλεσα
1134 4707 1312 4776 αὑτὸν,
1388 4707 1478 4762 καὶ
1554 4708 1662 4782 οὑχ
1719 4706 1991 4777 ὑπήκουσέ

352 4821 479 4875 μου.
512 4796 783 4869 Δηλονότε
804 4795 942 4851 κατὰ
968 4797 1156 4872 πρᾶξιν
1174 4797 1264 4851 καὶ
1286 4799 1513 4873 θεωρίαν
1544 4795 1780 4868 ἐζήτησα
1807 4796 1990 4868 αὑτὸν,

352 4888 668 4964 μιμουμένη
680 4931 692 4944 .

343 4978 606 5035 Ἐκάλεσα
633 4977 795 5034 αὑτὸν
826 4975 917 5031 καὶ
949 4975 1056 5051 οὑχ
1088 4973 1362 5045 ὑπήκουσέ
1393 4996 1519 5047 μου.

626 5124 631 5125 κ
1052 5078 1300 5136 Ψελλοῦ.

343 5177 432 5236 Ὠς
459 5170 647 5243 ὅντως,
679 5171 1060 5242 ἂκατάληπτος
1085 5171 1120 5239 ὴ
1155 5170 1246 5239 σὴ,
1277 5170 1475 5243 Χριστέ
1510 5191 1637 5243 μου,
1669 5167 1847 5245 φύσις.

344 5264 466 5320 Ἐπὶ
525 5263 625 5332 τὴν
669 5262 860 5331 κοίτην
920 5280 1063 5333 μου,
1122 5259 1295 5334 φησὶ,
1359 5260 1458 5327 τὴν
1518 5257 1646 5333 ἄγαν
1705 5259 1989 5333 προκοπήν

1838 5351 1990 5420 [μου,

339 5447 431 5497 Ἐν
460 5440 496 5515 ᾔ
524 5439 614 5495 καὶ
647 5439 890 5516 φθάσασα
922 5436 1115 5492 λοιπὸν
1146 5433 1359 5504 ἤλπισα
1388 5440 1743 5505 καταπαῦσαι,

342 5533 434 5592 Ὧς
466 5527 576 5600 ἥδη
607 5529 670 5584 τὸ
696 5521 990 5600 ἀκρότατον
1022 5524 1236 5579 πάντων
1269 5519 1665 5579 καταλαϐοῦσα

346 5622 514 5680 Ὅταν
536 5618 672 5693 πρὸς
707 5615 872 5671 νύκτα
894 5612 1139 5691 πέφθακα
1169 5617 1277 5668 τῶν
1312 5615 1468 5668 θειῶν
1507 5614 1850 5689 μυστηρίων,

346 5711 574 5786 Θερμῶς
610 5707 949 5777 ἀναζητοῦσα
976 5703 1065 5759 τὸν
1100 5700 1274 5777 Λόγον
1307 5702 1675 5783 καὶνυμφίον,

1172 4622 1449 4692 Ἐζήτησα
1500 4620 1678 4688 αὐτὸν,
1737 4620 1827 4674 καὶ
1885 4620 1993 4695 οὐχ
2024 4617 2071 4679 D
2100 4621 2283 4689 illum,
2313 4628 2369 4675 et
2396 4634 2511 4673 non
2540 4620 2731 4674 inveni
2779 4636 2797 4672 :

2102 1961 2299 2016 studet
2327 1976 2426 2017 eas
2453 1961 2785 2018 instituere.
2826 1965 2891 2019 lu
2952 1964 3170 2029 lectulo,
3219 1964 3431 2035 inquit,
3487 1981 3607 2021 meo
3656 1981 3757 2036 per

2099 2058 2284 2105 nocte:
2315 2052 2548 2120 quaesivi
2576 2068 2735 2124 quem
2790 2052 2979 2121 diligit
3032 2055 3224 2108 anima
3268 2069 3417 2108 mea.
3467 2055 3529 2109 In
3578 2069 3754 2110 carne

2101 2137 2370 2194 videlicet
2426 2155 2579 2209 mea,
2638 2141 2699 2195 in
2750 2158 2868 2213 qua
2950 2147 3188 2214 propter
3234 2142 3598 2214 voluptatem
3650 2159 3755 2214 per

2104 2231 2304 2283 noctes
2331 2226 2679 2299 ignorantiae
2727 2228 2971 2284 videbar
3017 2230 3451 2301 conquiescere,
3484 2231 3751 2301 quaesivi,

2102 2315 2255 2383 quod
2276 2330 2408 2369 vere
2429 2315 2649 2369 bonum
2667 2319 2756 2370 est
2783 2316 2856 2384 (is
2874 2320 3071 2372 autem
3095 2317 3347 2373 dilectus
3370 2323 3461 2373 est
3493 2336 3752 2390 sponsus

2105 2402 2295 2473 meus)
2324 2402 2603 2458 invenire.
2650 2404 2761 2459 Sed
2811 2403 2938 2474 ipsa
2988 2409 3227 2477 propter
3279 2421 3522 2463 causam
3571 2424 3751 2478 quam

2103 2491 2577 2560 commemoravi,
2636 2491 2774 2563 quia
2825 2492 3104 2548 nimirum
3172 2511 3281 2549 nox
3331 2512 3424 2550 me
3474 2496 3755 2551 miseram

2104 2580 2451 2651 occupabat,
2484 2596 2599 2635 non
2632 2582 2860 2652 agnovi.
2895 2581 3392 2639 Illuminationem
3438 2584 3595 2640 enim
3627 2601 3758 2641 esse

2105 2668 2347 2724 delicias
2377 2668 2725 2750 arbitrabar.
2769 2670 3006 2738 Quaesivi
3033 2671 3216 2742 illum,
3261 2676 3312 2728 et
3359 2689 3470 2728 non
3517 2676 3757 2729 inveni:

2102 2759 2290 2814 vocavi
2316 2774 2461 2827 eum,
2519 2768 2573 2813 et
2630 2774 2739 2813 non
2795 2759 3015 2815 audivit
3068 2776 3174 2817 me.
3233 2761 3482 2827 Quaesivi
3531 2761 3757 2818 scilicet

2104 2849 2299 2920 ipsum
2335 2846 2394 2901 in
2427 2848 2621 2903 carnis
2648 2847 3072 2919 voluptatibus,
3105 2852 3162 2905 et
3193 2865 3311 2904 non
3359 2849 3576 2906 inveni.
3606 2851 3755 2906 Nam

2106 2936 2304 2994 carnis
2331 2935 2617 3008 voluptati
2653 2936 2999 2993 naturaliter
3046 2938 3401 3008 conjunctus
3451 2942 3541 2995 est
3569 2939 3756 2996 dolor.

2108 3025 2511 3097 Corruptionis
2538 3026 2716 3093 enim,
2750 3041 2881 3096 quis
2911 3025 3149 3096 quidem
3181 3030 3271 3082 est
3302 3026 3757 3100 dolor,voluptas

2111 3130 2238 3185 quas
2268 3128 2444 3168 sensu
2477 3113 2815 3185 percipitur,
2840 3117 2931 3169 est
2962 3130 3159 3171 causa.
3190 3118 3557 3187 Quapropter
3584 3131 3757 3187 expe-

2114 3201 2363 3256 rimento
2412 3200 2590 3255 didici
2640 3200 2923 3257 dilectum
2973 3216 3174 3257 meum
3223 3201 3428 3258 abesse
3477 3218 3511 3256 a
3560 3200 3757 3259 carnis

2112 3288 2442 3361 voluptate:
2473 3289 2531 3344 in
2575 3306 2689 3359 qua
2735 3305 2869 3345 cum
2914 3289 3079 3345 illum
3129 3306 3447 3359 vocassem,
3500 3293 3567 3345 ut
3612 3290 3759 3347 citra

2110 3377 2441 3447 molestiam
2467 3377 2807 3449 oblectarer,
2840 3394 2957 3434 non
2989 3377 3215 3433 audivit
3257 3395 3370 3434 me.
3419 3382 3624 3450 Itaque
3670 3378 3757 3434 sic

2110 3467 2518 3523 haesitabunda
2546 3465 2740 3522 locuta
2788 3484 2921 3522 sum
2954 3484 2968 3523 :
3000 3466 3254 3539 Surgam,
3306 3471 3357 3522 et
3406 3467 3649 3523 circuibo
3698 3468 3758 3522 in

2102 3558 2342 3624 civitate,
2395 3556 2455 3611 in
2502 3557 2642 3625 foris
2683 3563 2735 3612 et
2767 3558 2986 3628 plateis,
3022 3565 3071 3613 et
3100 3572 3348 3627 quaeram
3376 3572 3537 3629 quem
3566 3556 3758 3627 diligit

2103 3648 2295 3701 anima
2321 3661 2459 3700 mea.
2492 3645 2817 3717 Exsurgam
2849 3646 2918 3701 ab
2952 3645 3155 3701 habitu
3213 3644 3457 3709 carnali,
3507 3648 3564 3699 et
3610 3661 3755 3700 con-

2101 3734 2426 3811 templabor
2463 3734 2744 3806 primum,
2778 3739 2953 3805 atque
2981 3734 3065 3790 ita
3095 3734 3302 3789 faciam
3336 3749 3349 3789 :
3383 3739 3511 3789 tum
3539 3750 3643 3805 per
3662 3748 3760 3788 ex-

2103 3823 2453 3895 perientiam
2485 3823 2801 3895 perfectius
2847 3823 3312 3892 contemplabor.
3354 3823 3426 3878 Et
3471 3827 3754 3893 tanquam

2103 3928 2138 3967 a
2194 3911 2687 3982 contemplatione
2746 3911 3035 3982 incipiens
3100 3915 3275 3980 atque
3350 3910 3409 3963 in
3485 3911 3752 3965 eamdem

2103 4000 2400 4069 desinens,
2434 4000 2692 4055 circuibo
2725 4000 2783 4054 in
2817 4015 2910 4055 me
2958 3999 3087 4071 ipsa
3134 4015 3239 4069 per
3284 3998 3572 4053 actionem
3622 3998 3753 4069 qui-

2105 4091 2259 4153 dem,
2308 4089 2485 4144 veluti
2546 4089 2603 4143 in
2663 4088 2805 4144 foris
2860 4088 3112 4159 alicujus
3169 4086 3447 4152 civitatis,
3500 4086 3749 4157 labores,

2102 4180 2273 4249 quasi
2304 4182 2613 4249 argentum
2646 4179 2980 4249 probatum,
3015 4176 3387 4246 impendens,
3421 4180 3479 4231 et
3504 4175 3752 4231 virtutes

2103 4285 2228 4323 com
2241 4283 2486 4338 parans:
2514 4284 2617 4338 per
2640 4265 3194 4337 contemplationem
3227 4268 3445 4334 autem,
3469 4268 3752 4336 tanquam

2102 4355 2161 4410 in
2194 4354 2401 4426 plateis
2433 4370 2781 4425 percurrens
2815 4353 2876 4407 in
2903 4352 3275 4408 naturalibus
3306 4369 3503 4409 rerum
3538 4367 3752 4423 specu-

2101 4443 2443 4510 lationibus,
2475 4447 2534 4497 et
2560 4442 2782 4497 variam
2811 4441 3048 4496 illarum
3083 4442 3390 4497 scientiam
3422 4439 3702 4511 colligens
3734 4456 3749 4495 :

2101 4537 2277 4603 atque
2306 4532 2407 4600 ita,
2436 4546 2610 4601 quem
2644 4530 2912 4585 desidero
2939 4530 3193 4586 conabor
3225 4527 3754 4596 invenire.Quwsim

2846 4620 3038 4674 vocavi
3082 4634 3227 4686 cum,
3259 4622 3332 4688 [et
3379 4632 3487 4673 non
3539 4614 3753 4671 audivit

2099 4725 2205 4764 me.
2241 4709 2372 4779 :Per
2425 4708 2712 4764 actionem
2761 4707 3046 4762 nimirum
3095 4710 3151 4762 et
3193 4703 3751 4777 contemplationem

2100 4797 2343 4871 (ιιιωείνί
2371 4795 2539 4853 illum
2570 4796 2877 4852 imitando.

2176 4976 2368 5033 Vocavi
2394 4992 2539 5045 cum,
2572 4982 2623 5032 et
2646 4989 2756 5031 non
2784 4972 3003 5030 audivit
3033 4988 3143 5029 me.

2823 5078 3026 5136 Pselli.

2172 5173 2296 5228 Tua
2370 5172 2621 5244 profecto
2698 5174 2933 5236 natura,
3009 5168 3258 5235 Christe,
3338 5165 3757 5240 comprehendi

2103 5262 2327 5334 nequit.
2361 5263 2478 5332 Ego
2528 5261 2588 5316 in
2636 5256 2850 5313 lectulo
2896 5258 3332 5329 progressionis
3382 5274 3545 5324 mem,
3592 5254 3762 5312 valde

2103 5351 2481 5423 profeceram,
2532 5363 2625 5403 me
2674 5346 3128 5416 conquieturam
3179 5348 3512 5419 sperabam,
3559 5349 3762 5417 utpote

2104 5441 2375 5512 quaejam
2408 5438 2478 5492 ad
2525 5434 2900 5508 perfectionis
2951 5434 3258 5505 fastigium
3308 5434 3706 5508 pervenissem
3744 5447 3759 5489 :

2105 5529 2204 5584 sed
2239 5531 2619 5600 posteaquam
2653 5524 2725 5579 ad
2775 5523 3107 5579 divinorum
3166 5524 3578 5594 mysteriorum
3630 5536 3764 5577 noc-

2106 5621 2222 5674 tem
2266 5615 2506 5686 accessi,
2558 5612 2785 5671 ardenti
2835 5613 3029 5669 studio
3081 5613 3331 5671 Verbum
3384 5618 3442 5670 et
3474 5625 3757 5693 sponsum

2103 5703 2512 5779 quaerens,illic
2541 5719 2677 5762 eum
2710 5701 2872 5761 nullo
2904 5703 3076 5761 modo
3111 5704 3499 5776 conspicuum
3532 5697 3755 5757 inveni.
