4046 6144
336 383 455 445 599

1669 378 2094 441 ΜιιιΗΑΕωε
2142 382 2411 445 PSELLI

3623 398 3741 458 600

340 518 608 585 Cumque
656 529 861 569 rursus
910 512 1079 568 illum
1138 526 1460 577 vocassem,
1512 528 1628 566 non
1679 509 1966 582 respondit

2096 512 2221 587 Οὐχ
2252 513 2404 589 εὗρον
2434 521 2625 575 τοῦτον
2659 518 2913 595 οὐδαμῶς
2948 524 3118 583 ἆκεῖσε
3146 528 3442 605 πεφηνότα.

341 604 508 660 mihi.
542 606 726 670 Quam
759 619 892 658 vere
921 618 1141 673 sponsa
1170 600 1629 656 sollicitudinem
1675 604 1987 669 exaggerat

341 692 542 750 suam!
595 691 769 747 Nulla
822 691 980 745 enim
1040 691 1256 757 anima,
1315 689 1451 743 licet
1509 689 1581 743 ad
1641 688 1983 759 angelorum

342 782 755 855 perfectionem
790 780 1047 845 accedat,
1076 783 1133 833 et
1164 780 1234 833 ad
1288 794 1481 833 rerum
1534 778 1771 848 penitus
1820 793 1981 831 arca-

341 888 551 927 narum
601 871 994 942 cognitionem
1047 868 1365 939 perveniat,
1399 883 1462 921 se
1492 867 1751 921 divinam
1782 882 1982 921 essen-

336 960 479 1016 tiam
511 960 906 1030 inspecturam
938 962 1148 1028 speret.
1184 957 1425 1020 Quando
1470 956 1651 1028 igitur
1697 971 1979 1026 sponsum

338 1066 513 1121 quem
546 1048 1036 1120 qumsiveratmon
1068 1045 1309 1111 invenit,
1335 1045 1818 1115 audiamus,quid
1852 1043 1983 1114 ipsa

332 1137 490 1194 velit.
521 1138 611 1192 Sic
640 1136 797 1193 enim
831 1136 912 1192 ait
941 1154 954 1192 :

404 1228 640 1298 Surgam
673 1230 823 1299 jam,
870 1236 925 1281 et
969 1225 1214 1281 circuibo
1257 1226 1318 1279 in
1364 1227 1605 1292 civitate,
1658 1227 1718 1280 in
1763 1226 1901 1296 foris
1930 1232 1982 1279 et

330 1320 391 1373 in
414 1318 618 1387 plateis
644 1333 658 1372 :
692 1319 744 1372 et
773 1330 1021 1387 quaeram
1046 1332 1206 1386 quem
1233 1315 1423 1383 diligit
1453 1316 1642 1370 anima
1672 1316 1979 1383 mea.Quae-

329 1407 439 1461 sivi
466 1407 647 1471 illum,
681 1409 733 1461 et
761 1421 871 1461 non
900 1406 1105 1470 inveni,
1143 1404 1342 1460 Vocavi
1367 1419 1512 1474 eum,
1563 1408 1615 1458 et
1660 1420 1771 1458 non
1817 1403 1976 1459 audi-

330 1497 409 1551 vit
432 1511 537 1550 me.

401 1674 747 1745 Exsurgam,
779 1672 992 1744 inquit,
1024 1676 1080 1727 et
1106 1672 1438 1744 perquiram
1471 1671 1973 1745 illum.Naturam,

333 1779 459 1833 quae
493 1762 714 1817 mundo
762 1762 1113 1829 continetur,
1165 1761 1497 1817 universam
1546 1762 1969 1847 pervestigabo.

2096 601 2195 655 Καὶ
2226 604 2392 659 πάλιν
2422 611 2611 662 τοῦτον
2643 609 2905 684 κέκληκα,
2935 612 3083 683 πλὴν
3127 601 3238 692 οὐχ
3288 615 3566 686 ὑπήκουσέ
3616 638 3738 689 μου.

2093 689 2181 751 Ὠς
2216 692 2435 763 ἀληθῶς
2466 695 2797 774 ἐκτραγῳδεῖ
2826 703 2954 768 τοὺς
2986 689 3246 780 λόγους
3279 706 3569 782 παρθένος.

2094 783 2261 874 Ψυχὴ
2298 784 2573 874 γάρ-πᾶσα
2602 792 2829 867 καθαρὰ,
2863 794 2957 848 κᾶν
2987 796 3123 871 πρὸς
3159 796 3422 871 ἀγγέλους
3455 797 3648 874 φθάσῃ,

2092 869 2191 947 Καὶ
2223 877 2330 925 τῶν
2360 872 2565 930 ἀδύτων
2596 875 2787 934 ἔσωθεν
2816 881 3032 959 εἰσέλθῃ
3062 889 3169 939 τῶν
3204 885 3476 961 ἀρῥήτῶν,

2092 961 2184 1028 Μὴ
2214 965 2484 1035 νομιζέτω
2509 966 2746 1024 κατιδεῖν
2778 973 2876 1042 τήν
2905 976 3088 1043 θείκήν
3118 975 3326 1033 οὐσίαν.

2093 1048 2241 1104 Ἐπεὶ
2270 1057 2397 1127 γοῦν
2428 1056 2502 1117 ὡς
2534 1055 2792 1127 ἐζήτησεν
2825 1061 2932 1139 οὐχ
2962 1065 3081 1140 εὗρε
3120 1065 3211 1119 τὸν
3234 1064 3485 1142 νυμφίον,

2091 1137 2439 1215 ’Δκούσωμεν
2469 1145 2520 1198 τί
2554 1147 2831 1221 βούλεται.
2867 1154 3008 1222 Φησὶ
3042 1154 3145 1227 γάρ
3186 1153 3327 1209 οὕτω
3357 1152 3522 1209 πάλιν
3546 1174 3557 1186 ·

2162 1232 2562 1309 Ἀναστήσομαι
2650 1236 2739 1311 δή,
2819 1243 2909 1296 καὶ
2995 1243 3262 1300 κυκλώσω
3318 1244 3368 1299 ἐν
3426 1249 3494 1319 τῇ
3554 1242 3738 1318 πόλει,

2088 1317 2138 1373 ἐν
2192 1321 2436 1397 ἀγοραῖς,
2493 1327 2582 1380 καὶ
2663 1327 2714 1383 ἐν
2790 1337 2909 1395 ταῖς
2985 1333 3288 1401 πλατείαις,
3349 1334 3436 1389 καὶ
3472 1317 3479 1319 ἡ
3517 1336 3739 1405 ζητήσω

2087 1408 2146 1463 δν
2199 1410 2476 1484 ἠγάπησεν
2557 1418 2591 1485 ἡ
2670 1420 2821 1495 ψυχή
2887 1442 2991 1492 μου
3026 1441 3039 1453 ·
3091 1421 3328 1493 ἐζήτησα
3402 1422 3598 1495 αὐτὸν,
3648 1424 3741 1478 καὶ

2088 1497 2195 1573 οὐχ
2275 1501 2468 1575 εὗρον,
2530 1504 2759 1561 ἐκάλεσα
2841 1509 3038 1579 αὐτὸν,
3100 1513 3190 1566 καὶ
3275 1512 3382 1587 οὐχ
3463 1513 3742 1582 ὑπήκουσέ

2091 1609 2215 1660 μου.

2157 1678 2640 1755 Ἐξαναστήσομαι,
2675 1686 2826 1763 φησὶ,
2860 1689 2949 1744 καὶ
2982 1688 3295 1769 ψηλαφήσω
3338 1696 3551 1764 τοῦτον,

2085 1765 2188 1822 Καὶ
2220 1772 2392 1823 πᾶσαν
2425 1771 2785 1847 ὑπερκόσμιον
2820 1782 3213 1853 περικυκλώσω
3246 1782 3424 1859 φύσιν,

332 1850 495 1907 Hanc
545 1853 700 1907 enim
735 1852 1031 1906 civitatem
1065 1850 1321 1923 appellat
1351 1851 1455 1907 hoc
1488 1850 1611 1907 loco
1645 1869 1657 1906 :
1693 1853 1966 1923 quemad-

2089 1857 2177 1912 Ἢν
2212 1856 2376 1913 πόλιν
2412 1860 2758 1936 ἐπωνόμασεν
2799 1868 2826 1921 ὁ
2860 1850 3021 1945 λόγος
3050 1873 3156 1923 τῶν
3189 1850 3503 1943 ’ᾼσμᾶτων,

338 1942 577 1995 modum
612 1945 669 1995 et
700 1957 802 2012 per
837 1940 1059 2012 plateas
1091 1940 1366 2012 intelligit
1397 1945 1581 1996 cmtus
1611 1942 1974 2013 angelorum.

327 2030 411 2084 Ad
446 2029 606 2085 illius
640 2029 1057 2101 igitur,inquit,
1083 2030 1591 2101 investigationem
1622 2047 1714 2085 me
1735 2031 1974 2086 contuli.

328 2122 514 2189 Atque
537 2118 646 2174 hoc
676 2118 972 2190 proposito
1004 2123 1060 2173 et
1089 2118 1333 2174 consilio
1366 2125 1606 2175 naturas
1633 2120 1974 2192 angelorum

326 2224 531 2264 omnes
564 2224 775 2279 magno
806 2209 1004 2263 labore
1033 2208 1346 2279 exploravi,
1380 2226 1645 2281 sperans,
1680 2227 1772 2265 me
1801 2210 1974 2266 illum

324 2296 385 2352 in
418 2298 642 2369 angelis
673 2302 1094 2354 assecuturam.
1129 2297 1343 2353 Verum
1395 2314 1528 2353 cum
1578 2299 1774 2370 ipsum
1823 2299 1976 2355 inter

326 2384 562 2455 angelos
586 2389 995 2456 perscrutater,
1028 2391 1091 2441 ut
1122 2387 1257 2457 quia
1287 2387 1599 2458 qualisque
1628 2389 1974 2458 esset,unde

324 2471 678 2545 principium
736 2474 996 2541 haberet,
1057 2479 1114 2530 et
1163 2491 1278 2546 quo
1330 2476 1442 2532 fine
1506 2476 1970 2550 concluderetur,

325 2560 741 2634 intelligerem,
773 2564 1049 2620 custodes
1080 2581 1345 2636 supernae
1390 2566 1640 2621 civitatis
1689 2568 1823 2622 Sion
1880 2586 1972 2624 me

324 2655 740 2722 pervagantem
771 2657 947 2725 atque
978 2653 1370 2724 inquirentem
1401 2660 1851 2726 conspexerunt.
1876 2658 1970 2713 Sic

325 2738 483 2795 enim
514 2740 911 2797 narrationem
945 2743 1317 2813 persequitur
1345 2760 1514 2799 suam
1550 2761 1562 2799 :

396 2920 731 2974 Invenerunt
762 2936 847 2975 me
873 2920 1137 2992 custodes,
1171 2924 1267 2992 qui
1295 2923 1495 2980 obeunt
1522 2925 1816 2981 civitatem.

328 3099 499 3166 Tum,
528 3096 742 3170 inquit,
774 3104 1112 3170 percontata
1139 3118 1268 3156 sum
1302 3101 1432 3158 illos
1467 3120 1479 3157 :

386 3186 552 3256 Num,
584 3204 744 3259 quem
772 3188 958 3259 diligit
982 3192 1172 3246 anima
1195 3208 1340 3257 mea,
1372 3192 1624 3249 vidistis?

386 3248 705 3346 Sperabam
751 3248 906 3333 enim
959 3280 1214 3349 profecto
1264 3248 1525 3336 Verbum
1574 3288 1631 3337 et
1677 3300 1959 3355 sponsum
1995 3248 2038 3315 Ο

312 3378 511 3419 meum
545 3366 605 3419 in
636 3366 860 3438 angelis
892 3367 1100 3424 saltem
1147 3370 1393 3440 intelligi
1443 3376 1500 3425 et
1548 3374 1963 3444 comprehendi

310 3466 503 3520 posse.
535 3452 775 3523 Verum,
809 3472 942 3510 cum
987 3461 1044 3511 et
1090 3456 1198 3513 hos
1242 3459 1763 3517 animadverterem
1813 3462 1960 3518 nihil

307 3540 477 3611 scire,
513 3542 585 3596 ab
617 3544 701 3597 eis
736 3545 1035 3612 haesitans,
1068 3545 1283 3617 inquit,
1315 3549 1550 3604 recessi.
1606 3551 1686 3605 Ab
1737 3553 1960 3624 angelis

307 3634 503 3683 autem
535 3630 691 3685 haud
723 3631 805 3686 ita
858 3633 1055 3702 procul
1106 3651 1532 3705 concesseram,
1583 3655 1714 3693 cum
1766 3642 1957 3697 inveni

308 3732 483 3786 quem
517 3717 716 3789 diligit
745 3720 944 3775 anima
973 3738 1120 3777 mea.
1155 3727 1230 3777 Ut
1260 3725 1591 3795 paululum,
1622 3728 1832 3797 inquit,
1886 3731 1958 3786 ab

308 3805 535 3876 angelis
566 3809 903 3877 pertransii,
934 3827 1038 3881 per
1069 3812 1242 3867 [idem
1274 3812 1630 3885 intelligens,
1655 3804 1956 3874 Christum

310 3894 770 3964 omnipotentem
804 3902 862 3953 et
909 3898 1164 3954 Verbum
1208 3903 1386 3957 Deum
1437 3910 1611 3974 atque
1657 3905 1957 3963 hominem

310 3981 467 4037 nulla
497 3984 723 4039 ratione
748 3988 1165 4058 comprehendi
1200 4006 1395 4060 posse,
1430 3993 1623 4048 inveni
1653 3995 1849 4066 ipsum
1895 3997 1955 4053 in

308 4070 381 4124 iis
429 4087 557 4141 quis
605 4073 827 4145 ingenii
884 4077 1244 4148 rationisque
1274 4080 1389 4133 vim
1422 4085 1597 4152 atque
1628 4084 1955 4159 intelligen-

308 4158 449 4214 tiam
479 4176 711 4216 omnem
744 4167 1254 4233 superant.Divina
1282 4169 1438 4224 enim
1468 4170 1640 4227 Verbi
1666 4192 1731 4230 ac
1754 4158 1954 4245 sponsi

305 4251 515 4304 natura
561 4266 628 4304 eo
676 4256 928 4322 tantum,
982 4272 1097 4325 quo
1150 4274 1263 4312 non
1317 4275 1489 4329 posse
1540 4266 1952 4335 comprehendi

303 4338 695 4407 cognoscitur,
730 4340 792 4395 ﬁt
819 4344 1389 4414 comprehensibilis.

376 4427 558 4482 Tenui
586 4443 732 4498 eum,
761 4446 861 4485 nec
888 4431 1101 4487 dimisi.
1137 4436 1306 4491 donec
1338 4438 1743 4496 introduxerim
1776 4442 1950 4500 illum

298 4514 362 4567 in
390 4513 614 4571 domum
646 4520 844 4574 matris
874 4536 1032 4586 meae,
1063 4530 1114 4577 et
1144 4524 1201 4577 in
1233 4525 1553 4582 cubiculum
1600 4530 1776 4598 illius,
1827 4549 1952 4604 quae

299 4620 386 4660 me
411 4608 681 4677 concepit.

370 4692 657 4755 Quoniam
690 4695 1271 4769 incomprehensum,
1305 4702 1517 4775 inquit,
1534 4706 1700 4763 illum
1730 4710 1946 4783 inveni,

298 4780 459 4836 intus
541 4799 675 4838 eum
751 4786 933 4853 tenui,
994 4792 1051 4842 et
1123 4791 1313 4847 medio
1384 4795 1597 4863 cordis,
1670 4780 1949 4873 Patrique

298 4874 652 4927 coaeternum
707 4888 835 4929 esse
891 4878 1155 4949 cognovi.
1214 4880 1330 4936 Nos
1390 4882 1546 4938 enim
1608 4886 1840 4957 domus,
1891 4896 1949 4945 et

298 4958 537 5030 templa,
595 4965 654 5016 et
706 4963 977 5020 cubicula
1032 4983 1243 5025 sumus
1300 4971 1553 5043 Spiritus
1614 4977 1827 5047 sancti,
1883 4984 1948 5034 ut

300 5047 516 5103 Paulus
548 5050 631 5104 ait
664 5051 727 5119 ⁸⁸,
763 5054 862 5124 qui
895 5060 951 5110 et
980 5058 1185 5129 genuit
1216 5076 1320 5116 nos
1347 5065 1402 5116 et
1433 5063 1635 5136 nutrit,
1670 5070 1945 5137 quemad-

302 5137 543 5192 modum
575 5139 701 5211 ipse
734 5143 911 5215 novit.

1021 5253 1212 5310 Pselli.

362 5349 473 5405 Sed
506 5355 967 5422 prestantiorem
1002 5376 1217 5430 sponsa
1241 5380 1617 5435 progressum
1650 5376 1942 5442 assecuta,

290 5457 498 5497 rursus
526 5442 748 5500 amicos
780 5453 947 5517 urget
972 5448 1065 5505 his
1100 5453 1285 5508 verbis
1322 5471 1335 5509 :

358 5530 636 5601 Adjuravi
661 5549 773 5601 vos,
805 5535 938 5604 ﬁlia:
964 5541 1296 5611 Jerusalem,
1328 5559 1435 5613 per
1466 5548 1694 5604 virtutes
1721 5560 1773 5606 et
1818 5552 1939 5624 for-

360 5712 404 5748 ³δ
438 5713 463 5768 Ι
494 5711 620 5770 Cor.
655 5729 737 5783 ιιι,
776 5715 871 5787 16;
906 5734 980 5787 vr,
1018 5721 1104 5791 19,
1138 5722 1345 5794 lI;Cor.
1378 5743 1454 5797 vx,
1489 5730 1574 5784 16.

2088 1948 2274 2009 Καθώς
2305 1969 2402 2021 περ
2437 1951 2579 2005 εἶπεν
2613 1952 2814 2029 ἀγορὰς
2843 1956 2938 2018 τὰς
2970 1954 3080 2012 ἄνω
3110 1959 3464 2035 πανηγύρεις.

2084 2039 2170 2095 Ὠς
2200 2040 2326 2110 γοῦν
2360 2038 2582 2109 ἀνέστην
2619 2039 2707 2112 δή,
2741 2044 2896 2120 φησὶ,
2929 2045 3069 2120 πρὸς
3110 2049 3333 2117 ζήτησιν
3364 2046 3586 2105 ἐκείνου.

2085 2124 2183 2178 Καὶ
2214 2130 2294 2197 τῷ
2325 2127 2512 2200 σκοπῷ
2536 2131 2625 2184 καί
2660 2129 2910 2207 λογισμῷ
2954 2135 3049 2197 τὰς
3085 2140 3190 2189 τῶν
3243 2136 3483 2211 ἀγγέλων
3527 2136 3734 2213 φύσεις,

2083 2214 2320 2277 Ἀπάσας
2349 2216 2677 2289 ἐξηρεύνησα
2712 2222 2845 2292 μετά
2874 2220 3091 2278 πολλοῦ
3114 2230 3210 2278 τοῦ
3243 2226 3436 2294 πόνου,

2084 2301 2416 2372 Ἐλπίζουσα
2444 2303 2768 2363 καταλαϐεῖν
2798 2311 2956 2366 αὐτὸν
2980 2312 3030 2366 ἐν
3064 2318 3181 2376 τοῖς
3209 2313 3483 2389 ἀγγέλοις.

2082 2391 2170 2453 Ὠς
2203 2391 2518 2471 ἐψηλάφουν
2548 2403 2841 2473 τοιγαροῦν
2874 2400 3033 2454 αὐτὸν
3064 2400 3114 2455 ἂν
3142 2407 3258 2463 τοῖς
3291 2399 3570 2477 ἀγγέλοις,

2081 2481 2270 2544 ’Όπως
2304 2480 2361 2537 ἂν
2400 2485 2555 2555 μάθω
2585 2487 2664 2549 τίς
2695 2487 2803 2543 ἐστι
2834 2488 2923 2543 καὶ
2962 2492 3205 2553 ποταπὸς
3235 2494 3512 2568 τυγχάνει,

2081 2573 2180 2627 Καὶ
2211 2571 2369 2628 πόθεν
2399 2572 2515 2650 ἔχει
2545 2577 2642 2645 τήν
2675 2580 2877 2654 ἀρχὴν,
2908 2579 2997 2634 καὶ
3026 2580 3129 2636 τίνι
3158 2581 3477 2659 καταλήγει,

2080 2660 2147 2716 Οἱ
2178 2660 2414 2737 φύλακες
2445 2671 2546 2734 τῆς
2575 2667 2791 2730 πόλεως
2828 2669 2968 2723 Σιὼν
3000 2672 3099 2735 τῆς
3129 2670 3431 2742 ἀνωτάτης,

2080 2753 2500 2826 Περινοστοῦσαν
2534 2753 2673 2810 εἶδόν
2710 2778 2777 2829 με
2800 2759 2897 2827 τὴν
2929 2758 3110 2828 πόλιν,
3138 2760 3225 2814 καὶ
3262 2765 3544 2830 ζητοῦσαν.

2080 2841 2224 2909 Φησὶ
2254 2841 2353 2916 γὰρ
2387 2841 2529 2898 οὕτω
2560 2846 2786 2915 καθεξῆς
2819 2847 2998 2921 ὥσπερ
3026 2848 3380 2926 ἀφηγουμένη
3407 2868 3419 2882 °

2151 2930 2392 3006 Εὕροσαν
2456 2954 2523 3006 με
2581 2936 2632 2989 οἱ
2686 2941 3000 3012 τηροῦντες,
3059 2939 3111 2993 οἱ
3161 2937 3488 3003 κυκλοῦντες
3547 2940 3599 2996 ἐν
3659 2942 3728 3017 τῇ

2079 3017 2261 3075 πόλει.

2079 3108 2228 3174 Εἶτα,
2262 3109 2444 3186 φησὶν,
2476 3113 2739 3185 ἠρώτησα
2769 3115 2905 3188 πρὸς
2935 3115 3061 3177 τοὺς
3094 3114 3367 3192 ἀγγέλους
3388 3116 3543 3173 τάδε’

2079 3198 2171 3264 Μή
2204 3198 2259 3251 ὃν
2294 3198 2576 3273 ἠγάπησεν
2607 3206 2641 3271 ἡ
2675 3206 2826 3278 ψυχή
2864 3226 2989 3276 μου,
3025 3204 3205 3275 idem;

2077 3285 2343 3354 Ἦλπιζον
2375 3291 2475 3363 γὰρ
2507 3291 2580 3350 ὡς
2610 3290 2856 3359 ἀληθῶς,
2887 3292 2981 3346 κάν
3014 3301 3131 3356 τοῖς
3162 3294 3415 3371 ἀγγέλοις
3449 3296 3583 3351 εἶναι

2074 3375 2431 3447 Καταληπτὸν
2464 3380 2551 3433 καὶ
2588 3382 2846 3456 προσιτὸν
2878 3383 2970 3437 τὸν
3003 3385 3175 3458 Λόγον
3206 3385 3295 3439 καὶ
3325 3386 3578 3465 νυμφίον.

2074 3465 2223 3522 Ἐπεὶ
2255 3464 2312 3521 δὲ
2334 3467 2558 3531 τούτους
2584 3466 2794 3544 ἔγνωκα
2828 3469 2995 3544 μηδὲν
3029 3472 3435 3548 ἐπισταμένους,

2071 3552 2359 3627 Παρῆλθον
2391 3555 2542 3621 αὖθις
2580 3559 2668 3613 ἀπ’
2698 3559 2895 3630 αὐτῶν,
2930 3563 3114 3639 φησὶν,
3147 3563 3503 3639 ἐξαποροῦσα.

2070 3644 2168 3698 Καὶ
2227 3644 2301 3706 ὡς
2358 3647 2550 3722 μικρὸν
2600 3647 2689 3703 ὅτε
2744 3648 3031 3724 παρῆλθον
3088 3652 3179 3706 ἀπ’
3235 3653 3448 3722 αὐτῶν,
3501 3652 3603 3717 ἕως
3657 3656 3719 3710 οὗ

2732 3740 2904 3813 [εὗρον
2938 3742 2997 3795 ὃν
3024 3741 3304 3815 ἠγάπησεν
3337 3746 3372 3812 ἡ
3400 3746 3550 3818 ψυχή
3587 3765 3715 3816 μου.

2068 3829 2139 3884 Ως
2188 3829 2317 3898 γοῦν
2368 3825 2656 3900 παρῆλθον
2702 3829 2825 3905 γάρ,
2861 3831 3017 3907 φησὶ,
3057 3832 3252 3906 μικρὸν
3302 3832 3361 3888 ἐκ
3403 3839 3509 3888 τῶν
3558 3836 3711 3910 ἀγγέ-

3552 3924 3716 3997 [λων,

2066 4001 2397 4057 Πιστεύσασα
2426 4008 2502 4076 τῷ
2531 4004 2787 4080 λογισμῷ
2815 4009 2913 4076 τὴν
2949 4008 3327 4083 ἀκαταληψίαν

2063 4090 2173 4144 Τοῦ
2206 4094 2632 4169 ααντοκράτορος
2665 4098 2897 4168 Χριστοῦ
2927 4098 3015 4152 καὶ
3048 4102 3396 4176 θεανθρώπου
3430 4101 3629 4178 Λόγου,

2062 4179 2234 4254 Εὗρον
2268 4180 2423 4235 αὐτὸν
2458 4182 2531 4247 ὠς
2561 4184 2784 4255 ἀληθῶς
2814 4186 2866 4240 ἐν
2894 4193 3011 4249 τοῖς
3045 4188 3471 4260 ἀκαταλήπτοις.

2060 4272 2121 4323 Ἠ
2153 4267 2308 4345 φύσις
2334 4271 2434 4345 γὰρ
2463 4275 2496 4341 ἡ
2532 4274 2684 4343 θεϊκή
2715 4272 2811 4328 τοῦ
2842 4277 3023 4350 Λόγου
3054 4277 3141 4331 καὶ
3172 4280 3433 4353 νυμφίου,

2060 4360 2151 4427 Τῷ
2186 4358 2260 4429 μὴ
2292 4356 2799 4433 καταλαμϐάνεσθαι
2831 4364 3158 4436 καταληπτὴ
3189 4370 3465 4444 τυγχάνει.

2134 4446 2437 4520 Ἐκράτησα
2519 4449 2678 4505 αὐτὸν
2764 4452 2852 4507 καὶ
2933 4455 3032 4509 οὐκ
3104 4455 3285 4532 ἀφῆκα
3360 4458 3544 4527 αὐτὸν,
3601 4457 3708 4521 ἕως

2062 4533 2124 4588 οὗ
2177 4535 2463 4612 εἰσήγαγον
2544 4540 2702 4595 αὐτὸν
2788 4543 2864 4605 εἰς
2948 4544 3039 4598 τὸν
3121 4546 3264 4601 οἶκον
3336 4554 3436 4617 τῆς
3494 4551 3707 4624 μητρός

2059 4644 2184 4697 μου,
2243 4626 2333 4680 καὶ
2410 4627 2486 4691 εἷς
2557 4630 2619 4683 τὸ
2694 4637 2941 4704 ταμιεῖον
3019 4641 3119 4703 τῆς
3170 4631 3553 4708 συλλαϐούσης
3613 4660 3703 4710 με.

2128 4712 2379 4789 Ἐπείπερ
2410 4714 2788 4783 ἀκατάληπτον
2830 4718 3011 4789 αὐτὸν,
3045 4721 3225 4798 φησὶν,
3260 4721 3504 4799 ἐφεῦρον,

2056 4800 2250 4856 ’Ἐνδον
2278 4802 2436 4858 αὐτὸν
2470 4803 2737 4880 ἐκράτησα
2766 4808 2855 4861 καὶ
2890 4808 3051 4880 μέσον
3082 4817 3181 4879 τῆς
3211 4810 3458 4886 καρδίας,

2055 4892 2155 4945 Καὶ
2184 4897 2263 4964 τῷ
2292 4892 2461 4963 Πατρί
2493 4896 2828 4971 συνάναρχον
2857 4896 3120 4972 ἐγνώρισα
3148 4902 3454 4975 τυγχάνειν,

2052 4983 2243 5054 Ἡμεῖς
2268 4983 2369 5059 γάρ
2403 4983 2541 5038 οἶκοι
2575 4985 2665 5040 καὶ
2696 4987 2815 5041 ναοὶ
2845 4987 2936 5042 καὶ
2971 4987 3205 5061 μάλιστα
3235 4998 3435 5065 ταμεῖα

2052 5076 2157 5124 Τοῦ
2187 5071 2503 5146 ΙΙνεύματος
2532 5075 2899 5151 τυγχάνομεν,
2932 5080 3068 5133 κατά
3102 5080 3193 5134 τὸν
3242 5083 3405 5157 μέγαν
3460 5082 3705 5157 Παῦλον,

2052 5164 2155 5214 Τοῦ
2187 5161 2275 5214 καὶ
2306 5164 2662 5236 γεννήσαντος
2693 5168 2840 5238 ἡμᾶς
2868 5166 2956 5221 καὶ
2997 5169 3306 5247 τρέφοντος,
3335 5171 3409 5234 ὠς
3445 5169 3573 5228 οἶδε.

2755 5272 3000 5330 Ψελλοῦ.

2124 5373 2302 5429 Ἀλλὰ
2342 5376 2440 5443 τὴν
2492 5377 2720 5450 κρείττω
2767 5390 3054 5455 προκοπήν
3080 5385 3114 5453 ἡ
3146 5386 3328 5463 νύμφη
3361 5387 3706 5464 ψηλαφῶσας

2052 5462 2218 5518 πάλιν
2250 5462 2376 5526 τοὺς
2418 5463 2614 5543 φίλους
2646 5464 2902 5526 δυσωπεῖ.
2940 5472 3082 5542 Φησὶ
3134 5473 3236 5547 γὰρ
3270 5462 3490 5537 τούτοις
3528 5462 3659 5530 τάδε
3689 5494 3702 5507 °

2120 5555 2349 5627 "prtoa
2422 5555 2583 5629 ὑμᾶς,
2660 5557 2946 5633 θυγατέρες
3019 5560 3400 5637 Ἰερουσαλὴμ,
3456 5562 3507 5618 ἐν
3584 5570 3706 5626 ταῖς
