4040 6146
362 430 483 507 sci

1412 441 1819 505 COMMENT.
1870 442 1946 500 !N
1991 436 2384 499 CANTICUM
2433 431 2741 491 CANTIC.

3650 418 3769 478 602

368 571 641 647 δυνάμεσι
699 575 789 629 καὶ
873 574 922 629 ἐν
993 580 1113 637 ταῖς
1185 573 1433 649 ίσχυσεσι
1503 577 1600 628 τοῦ
1670 573 1863 647 ἀγροῦ,
1930 569 2008 624 ἰὰν

2137 568 2397 625 titudiues
2426 566 2577 638 agri,
2608 566 2659 619 si
2703 558 2985 617 suscitatis
3025 558 3076 613 et
3119 554 3374 611 excitatis
3420 550 3769 618 charitatem,

370 662 620 738 έγείρητε
662 663 753 717 καὶ
827 663 1127 739 έξεγείρητε
1198 663 1297 731 τὴν
1385 664 1596 737 ἀγάπην
1657 655 1756 723 ἕως
1818 658 1879 714 οῦ
1929 660 2015 712 θε-

371 750 545 827 λήσῃ.

444 844 559 897 Τοῦ
594 842 768 917 λόγου
794 841 989 895 τούτου
1021 842 1313 919 φθάσαντες
1345 841 1569 915 εἴπομεν
1599 841 1691 901 τὰς
1715 840 1971 916 ἐμφάσεις
2003 854 2015 869 ·

377 928 578 1007 λόγους
614 931 807 987 λοιπὸν
841 930 967 993 τοὺς
1003 931 1213 1009 ἐφεξῆς,
1247 932 1319 994 ὡς
1350 930 1591 999 δυνατὸν,
1627 929 1901 985 σκεπτέον.

448 1020 538 1083 Τίς
594 1020 727 1090 αὕτη
788 1023 823 1089 ἡ
906 1016 1263 1076 ἀναϐαίνουσα
1347 1021 1453 1074 ἀπὸ
1515 1028 1613 1089 τῆς
1653 1020 1884 1093 ἐρήμου,
1944 1018 2017 1079 ὡς

374 1109 608 1185 στελέχη
687 1114 915 1177 καπτοῦ,
1000 1111 1366 1183 τετυμιαμένη
1458 1109 1694 1184 σμύρναν
1776 1109 1862 1162 καὶ
1934 1106 2021 1162 λί-

374 1194 537 1253 ϐανον
572 1200 675 1253 ἀπὸ
704 1200 914 1253 πάντων
946 1204 1245 1273 κονιορτῶν
1277 1202 1519 1274 μυρεψοῦ
1546 1218 1558 1266 ;

371 1292 553 1343 Ταῦτα
583 1289 859 1362 τοιγάρτοι
893 1285 1140 1364 λέγουσιν
1172 1289 1223 1342 οἱ
1254 1287 1408 1365 φίλοι
1436 1289 1570 1360 πρὸς
1602 1285 1885 1356 ἀλλήλους
1921 1303 1932 1315 ⁸

369 1379 435 1434 Ὀ
466 1381 577 1431 τῶν
602 1376 860 1452 ῥημάτων
895 1375 953 1431 δὲ
983 1378 1184 1438 σκοπὸς
1216 1377 1372 1438 οὗτός
1404 1377 1566 1441 ἐστιν,
1600 1377 1672 1437 ὡς
1707 1378 1885 1446 οἶμαι,

368 1466 433 1522 Ἥ
466 1465 653 1543 νύμφη
687 1466 787 1541 γὰρ
818 1466 905 1520 καὶ
930 1464 1191 1540 πρότερον
1220 1471 1340 1527 ταῖς
1367 1466 1581 1540 ἀρεταῖς
1615 1463 1828 1537 ὑψώθη,

366 1558 445 1628 Τῇ
478 1554 675 1623 πίστει,
707 1556 778 1625 τῇ
802 1554 1071 1628 πραότητι
1097 1555 1183 1609 καὶ
1214 1559 1282 1628 τῇ
1315 1553 1654 1628 δικαιοσύνῃ,

369 1644 520 1698 Ἐπεὶ
562 1642 619 1698 δὲ
648 1644 737 1698 καὶ
768 1644 907 1720 πρὸς
938 1645 1132 1720 ἀρετῆς
1166 1642 1307 1698 ἄλλο
1342 1638 1540 1715 μετέϐη
1569 1650 1782 1717 σχῆμα,

368 1733 638 1803 Νηστείας
662 1734 960 1808 ἀγρυπνίας
992 1755 1048 1787 τε
1077 1733 1165 1787 καὶ
1192 1736 1505 1808 προσευχῆς
1532 1732 1832 1807 παννύχου,

372 1822 478 1879 Καὶ
508 1823 607 1891 τὴν
640 1824 856 1898 μορφὴν
891 1820 1171 1893 ἠλλάξατο
1201 1828 1319 1884 ταῖς
1352 1820 1479 1897 ἄγαν
1504 1822 1850 1897 χαμευνίαις,

375 1912 443 1969 Οἳ
477 1908 634 1985 φίλοι
663 1910 1081 1984 κατεπλάγησαν
1128 1912 1226 1979 τήν
1259 1912 1544 1987 προκοπὴν
1576 1916 1672 1978 τῆς
1703 1909 1945 1983 νύμφης,

374 2000 478 2057 Καί
510 2021 627 2061 πως
664 2001 1081 2075 ὑποκρινόμενοι
1115 1998 1273 2065 δῆθεν
1302 2001 1393 2055 τὸν
1427 2000 1740 2074 ἀγνοοῦντα,

376 2090 509 2163 Ηερὶ
540 2095 640 2158 τῆς
668 2088 883 2164 νύμφης
907 2089 1152 2152 θέλουσιν
1188 2089 1460 2165 ἐπερωτᾷν
1493 2086 1778 2157 ἀλλήλους
1814 2105 1825 2117 ·

372 2176 468 2239 Τίς
501 2176 659 2247 αὕτη,
696 2176 965 2253 λέγοντες,
1000 2177 1159 2244 έστίν,
1190 2176 1315 2246 ἥτις
1348 2178 1406 2232 ἐκ
1434 2185 1532 2246 τῆς
1567 2178 1775 2252 ἐρήμου

373 2267 518 2339 Πρὸς
548 2265 812 2340 οὐρανοὺς
843 2264 1161 2340 ἀνέδραμεν,
1196 2262 1376 2342 ὥσπερ
1407 2268 1612 2321 κάπνου
1645 2265 1878 2340 στελέχη

371 2354 633 2428 Σμύρνης
650 2355 827 2427 ὀσμὴν
850 2354 1198 2428 ἐκπέμπουσα
1225 2357 1310 2410 καὶ
1347 2359 1657 2427 θαυμαστοῦ
1688 2350 1913 2408 Λιϐάνου
1938 2371 1950 2422 ;

368 2448 539 2519 Ψυχή
567 2445 669 2520 γὰρ
699 2450 843 2499 πᾶσα
876 2444 1108 2507 θελουσα
1132 2440 1353 2500 λίϐανον
1386 2444 1728 2513 τελεσθῆναι,

372 2534 576 2609 Ἠγουν
605 2534 836 2608 τερπνὸν
871 2533 1120 2606 θυμίαμα
1143 2538 1222 2606 τῷ
1257 2532 1471 2608 βασιλεῖ
1496 2537 1604 2587 τῶν
1634 2532 1801 2600 ὅλων,

364 2622 458 2678 Ἂν
498 2623 574 2695 μὴ
607 2624 855 2697 νεκρώσῃ
883 2622 1147 2698 πρότερον
1180 2623 1352 2677 πάντα
1378 2623 1446 2676 τὰ
1478 2619 1618 2695 μέλη
1649 2621 1872 2691 ταύτης,

365 2711 467 2767 Καὶ
522 2712 731 2787 σμύρνα
788 2710 943 2777 δῆθεν
997 2711 1215 2787 γένηται
1284 2716 1509 2785 Χριστῷ
1569 2716 2015 2786 συννεκρωθεῖσα,

367 2801 486 2857 Οὐκ
517 2798 704 2862 ἄλλως
734 2800 935 2876 γίνεταί
964 2821 1098 2855 ποτε
1125 2795 1351 2856 Λίϐανον
1376 2805 1455 2873 τῷ
1486 2798 1696 2874 Κυρίῳ.

938 2911 1053 2961 Τῶν
1094 2908 1141 2982 γ’
1172 2906 1423 2982 Πατέρων
1436 2953 1447 2965 .

447 3011 656 3074 Ταύτας
708 3017 835 3088 γοῦν
916 3013 1012 3076 τὰς
1094 3013 1545 3089 προτελειοτάτας
1630 3012 2015 3088 έκηγησαμένη

376 3097 655 3163 ἀναϐάσεις
716 3124 846 3174 μου,
900 3104 1126 3176 Ὢρκισα
1197 3104 1358 3175 ὑμᾶς,
1416 3105 1701 3177 θυγατέρες
1755 3104 2018 3177 Ἰερουσα-

376 3187 519 3261 λήμ,
581 3188 632 3243 ἐν
684 3191 804 3251 ταὶς
851 3188 1105 3263 δυνάμεσι
1178 3192 1267 3245 καὶ
1336 3190 1385 3244 έν
1453 3198 1570 3253 ταῖς
1621 3192 1865 3267 ἷσχύσεσι
1922 3196 2019 3246 τοῦ

368 3277 557 3373 ἀγροῦ,
612 3277 728 3373 ἐὰν-
773 3277 1050 3373 ’ἐγείρηᾳτει
1106 3279 1195 3373 καὶ
1266 3280 1568 3373 ’ἐξεγείρητε
1625 3283 1723 3350 τήν
1784 3280 2008 3355 ἀγάπην,

2137 3281 2481 3344 c/iaritatem,
2513 3276 2687 3330 donec
2710 3275 2859 3329 velit.
2894 3270 3069 3337 Quasi
3111 3270 3266 3323 dicat
3317 3284 3330 3322 :

369 3362 472 3429 ἕως
529 3367 587 3419 ἄν
650 3365 853 3441 θελήσῃ
887 3388 900 3401 ο
961 3365 1175 3437 δηλαδὴ
1237 3363 1416 3441 ὥσπερ
1475 3364 1678 3439 ὥρκισα
1737 3369 1875 3442 ὑμᾶς
1931 3367 2020 3422 διὰ

366 3459 475 3509 τῶν
508 3453 746 3510 ἀπειλῶν
796 3455 885 3509 καὶ
944 3477 1049 3509 των
1111 3454 1474 3531 ἐπαγγελιῶν,
1525 3458 1663 3511 κατά
1716 3458 1814 3525 τήν
1852 3457 2016 3523 αὐτὴν

369 3538 587 3597 ἔννοιαν
613 3542 819 3616 ὣρκισα
849 3541 1015 3597 πάλιν
1073 3544 1212 3615 ὑμᾶς
1262 3540 1351 3597 διὰ
1401 3551 1501 3612 τῆς
1556 3546 1671 3599 κατ’
1704 3544 1799 3616 ἐμὲ
1822 3544 2018 3618 ἐξηγή-

371 3652 529 3693 σεως.
594 3630 758 3702 Δίκην
835 3634 1001 3705 ὅρκου
1080 3637 1158 3703 τῷ
1232 3634 1349 3687 κατ’
1436 3632 1533 3705 ἐμὲ
1624 3630 2020 3709 παραδείγματι

374 3716 720 3797 βεϐαιώσασα
744 3722 833 3775 καὶ
886 3722 1179 3795 στηρίξασα
1233 3723 1368 3796 πρὸς
1425 3723 1517 3776 τὸν
1564 3723 1699 3776 κατὰ
1738 3725 1865 3777 Θεὸν
1896 3721 2019 3797 δρό-

378 3830 485 3882 μον
520 3829 533 3842 ⁸
573 3810 770 3885 μέχρις
805 3808 865 3862 ἀν
897 3812 930 3879 ἡ
984 3811 1101 3874 θεία
1147 3810 1407 3888 έμφοὶνεια
1449 3812 1549 3878 τήν
1598 3811 1848 3885 ἀτρεψίαν
1893 3813 2017 3883 ὑμῖν

375 3899 701 3973 χαρίσηται.
757 3900 823 3955 Αἱ
884 3896 940 3953 δὲ
999 3893 1243 3970 θάμϐους
1295 3898 1693 3972 πληρωθεῖσαι,
1760 3900 1848 3954 καὶ
1905 3902 2023 3954 καθ’

375 3988 565 4048 ἑαυτὰς
599 3988 721 4059 περὶ
776 3994 877 4056 τῆς
936 3986 1346 4061 έξηγησαμένης
1397 3986 1820 4060 διαπορούμεναί
1856 4010 2018 4066 φασι·

375 4075 474 4137 Τίς
530 4072 664 4149 αὕτη
720 4078 754 4143 ἡ
816 4071 1173 4130 ἀναϐαίνουσα
1232 4077 1336 4131 ἀπὸ
1387 4080 1488 4140 τῆς
1538 4077 1747 4149 ἐρήμου
1794 4078 1869 4138 ὡς
1902 4099 2023 4131 στε-

376 4163 520 4239 λέχη
555 4168 818 4234 καπνοῦ;
881 4161 1027 4233 ἤτοι,
1087 4164 1223 4218 ποία
1279 4164 1419 4219 ἐστὶν
1478 4163 1634 4234 αὕτη,
1693 4168 1727 4234 ἡ
1762 4165 1866 4219 ἀπὸ
1913 4172 2019 4221 τῶν

372 4258 560 4316 παθῶν
604 4252 969 4328 ἐστερημένης
1004 4251 1166 4323 ἕξεως
1210 4254 1344 4327 πρὸς
1405 4258 1531 4308 Θεὸν
1588 4253 1864 4327 ὑψουμένη
1908 4256 2022 4309 κατ’

374 4344 570 4417 ἀρετὴν
602 4341 691 4397 καί
736 4348 953 4416 γνῶσιν,
1015 4345 1101 4397 οἷα
1158 4342 1367 4405 κλῶνες
1414 4348 1644 4415 καπνοῦ,
1694 4345 1753 4405 ὃς
1796 4344 1897 4398 ὑπὸ
1926 4350 2022 4399 τοῦ

373 4431 677 4504 νεμομένου
734 4430 872 4500 ὕλην
960 4432 1149 4504 πυρὸς,
1236 4433 1309 4492 ὡς
1384 4436 1585 4510 κοῦφος
1653 4434 2022 4505 ἀναπέμπεται

376 4520 514 4595 πρὸς
543 4516 670 4593 ἀέρα
704 4540 717 4589 ;
750 4521 912 4577 Ούτω
941 4520 1043 4594 γὰρ
1101 4520 1188 4574 καὶ
1248 4526 1394 4575 πᾶσα
1450 4522 1602 4595 ψυχὴ
1650 4526 1727 4594 τῷ
1757 4522 2022 4595 πνεύματι

382 4610 595 4680 ζέουσα,
627 4609 762 4663 κατά
800 4612 987 4684 πρᾶξιν
1047 4610 1139 4681 μὲν
1183 4611 1283 4679 τὴν
1331 4616 1431 4678 τῆς
1472 4610 1667 4686 σαρκὸς
1711 4611 2021 4686 παχύτητα,

378 4699 518 4752 κατά
546 4695 776 4771 θεωρίαν
806 4694 863 4750 δὲ
897 4698 996 4765 τὴν
1047 4705 1146 4767 τῆς
1192 4703 1298 4752 τῶν
1355 4697 1525 4752 ὅντων
1574 4676 2021 4776 φύσεωςηέπιφά-
2060 4676 2102 4738 D

381 4807 525 4842 νειαν
587 4786 910 4853 λεπτύνασα,
967 4786 1103 4841 κατὰ
1169 4787 1296 4849 τοὺς
1364 4786 1602 4862 ἀγαθοὺς
1658 4788 1894 4864 τρόπους
1938 4790 2025 4842 καὶ

383 4875 586 4950 λόγους
616 4876 793 4952 κούφη
844 4873 978 4949 πρὸς
1037 4876 1163 4930 Θεὸν
1200 4875 1541 4953 ἀταφέρεται,
1605 4878 1679 4950 μὴ
1734 4897 2023 4932 κατασπω-

382 4966 521 5037 μένη
552 4968 620 5037 τῇ
650 4962 828 5039 γηΐνῳ
858 4963 1159 5039 παχύτητι.
1194 4961 1352 5021 Οὕτω
1397 4962 1454 5019 δὲ
1477 4966 1612 5041 πρὸς
1653 4967 1742 5020 τὸν
1777 4966 2024 5039 οὐράνιον

377 5052 613 5131 νυμφίον
669 5054 986 5127 ἀναφέρεται
1034 5054 1402 5125 τεθυμιαμένη
1462 5054 1699 5131 σμύρναν
1745 5054 1835 5109 καὶ
1867 5049 2024 5109 λίϐα-

376 5164 470 5197 νον
504 5142 609 5196 ἀπὸ
661 5143 877 5196 πάντων
924 5146 1220 5214 κονιορτῶν
1284 5146 1548 5217 μυρεψοῦ.
1592 5145 1813 5219 ’ῚΙγουν,
1849 5164 2025 5216 μεμυ-

377 5231 632 5307 ρισμένη,
668 5231 753 5286 οἶα
806 5231 901 5301 μὲν
952 5229 1186 5305 σμύρνῃ,
1212 5234 1280 5304 τῇ
1331 5232 1521 5305 ἀρετῇ,
1566 5232 1639 5294 ὡς
1679 5232 1743 5287 τὸ
1774 5232 2027 5305 σαρκικὸν

374 5320 689 5395 νεκρώσασα
747 5318 996 5393 σρόνημα
1030 5336 1043 5352 ⁸
1106 5320 1192 5373 οἶα
1219 5317 1276 5373 δὲ
1326 5317 1558 5393 λιϐάνῳ,
1589 5325 1656 5394 τῇ
1696 5322 1914 5397 γνώσει,
1949 5322 2022 5382 ὡς

374 5414 491 5471 τοῖς
524 5411 865 5485 χαρακτῆρσι
921 5414 1022 5477 τῆς
1076 5406 1331 5478 ἀληθείας
1385 5410 1526 5463 θεῖον
1578 5408 1799 5485 ἄγαλμα
1831 5409 2022 5479 έαυτὴν

379 5496 727 5568 ἀποδείξασα.
774 5497 1225 5572 Τοιουτοτρόπως
1285 5496 1342 5553 δὲ
1382 5496 1700 5553 εὐωδίασται
1753 5498 2026 5576 διεξέρχο-

385 5592 523 5663 μένη
575 5588 669 5650 τὰς
701 5590 809 5642 τῶν
866 5584 1009 5641 ὅλων
1071 5586 1286 5664 φύσεις,
1344 5587 1435 5642 καὶ
1492 5589 1627 5663 πρὸς
1670 5589 1760 5642 τὸν
1818 5590 2024 5645 τούτων

383 5678 557 5733 αἴτιον
586 5673 859 5755 φερομένη
886 5692 900 5707 ·
952 5674 1042 5753 ἀφ’
1091 5675 1166 5729 ὧν
1212 5672 1366 5747 δίκην
1418 5682 1714 5752 κονιορτῶν
1745 5679 1797 5733 οἱ
1817 5682 2025 5734 τοῦτων

386 5768 544 5841 λόγοι
574 5765 683 5821 καὶ
716 5764 910 5838 τρόποι
964 5762 1265 5841 ἑγιίρονται
1321 5766 1479 5840 αὐτῇ,
1514 5766 1865 5831 λεπτύνοντες
1895 5768 2024 5825 ταύ-

2129 661 2296 717 donec
2323 659 2575 713 vetuerit.

2198 843 2331 893 Haec
2355 838 2478 908 jam
2513 829 2988 905 explanavimus;
3024 841 3203 898 quare
3233 837 3548 895 pergamus
3576 819 3647 875 ad
3681 834 3773 872 re-

2129 929 2312 1000 liqua.

2203 995 2326 1085 Quae
2355 1021 2431 1071 est
2462 1017 2720 1084 ista,quse
2748 1007 2991 1064 ascendit
3021 1004 3087 1059 de
3117 1004 3327 1059 deserto
3356 1003 3498 1055 sicut
3543 995 3774 1069 virgula

2127 1108 2290 1178 fumi,
2342 1105 2590 1160 redoleas
2635 1100 2923 1172 myrrham
2954 1105 3003 1151 et
3036 1095 3157 1149 thus
3182 1110 3249 1148 ea;
3277 1091 3550 1147 universis
3574 1089 3769 1159 pulve-

2132 1197 2283 1251 ribus
2314 1193 2668 1265 unguentarii
2686 1194 2710 1244 .9

2201 1286 2332 1340 Haec
2380 1283 2551 1339 amici
2604 1282 2755 1335 inter
2785 1295 2845 1334 se
2875 1275 3292 1345 colloquuntur
3325 1288 3337 1325 :
3371 1286 3497 1341 quae
3529 1267 3769 1339 quidem

2132 1393 2198 1432 eo
2256 1377 2540 1445 spectant,
2591 1370 2744 1441 quod
2793 1384 2926 1423 cum
2975 1369 3147 1419 antea
3192 1376 3409 1433 sponsa
3454 1356 3771 1413 virtutibus

2131 1466 2245 1532 his,
2278 1479 2486 1534 nempe
2518 1461 2651 1527 ﬁde,
2688 1453 3161 1520 mansuetudine,
3196 1449 3448 1520 justitia,
3499 1448 3773 1501 decorata

2133 1554 2345 1621 fuerit;
2402 1568 2533 1606 mox
2599 1552 2792 1604 autem
2854 1546 2922 1599 ad
2984 1543 3128 1598 alios
3185 1541 3473 1595 virtutum
3530 1536 3770 1590 habitus

2130 1642 2479 1707 ascenderit,
2533 1637 2746 1711 jejunii
2816 1633 3117 1697 nimirum,
3195 1627 3428 1700 vigilias,
3486 1623 3769 1680 orationis

2130 1737 2443 1806 perpetuae,
2517 1734 2691 1799 atque
2770 1741 2989 1795 aspere
3066 1719 3231 1774 humi
3307 1713 3673 1772 dormitionis
3751 1730 3764 1767 :

2129 1805 2359 1891 sponsae
2388 1816 2733 1889 ,profectum
2784 1812 3086 1882 stupentes
3135 1805 3330 1871 amici,
3377 1808 3435 1859 et
3480 1808 3765 1874 tanquam

2130 1908 2317 1979 ignari
2369 1908 2439 1961 de
2490 1905 2588 1960 illa
2644 1903 2796 1957 inter
2844 1917 2905 1955 se
2953 1896 3367 1968 conquirentes
3422 1909 3436 1947 :
3489 1892 3766 1956 Quasnam

2129 2002 2237 2066 est,
2292 1994 2591 2067 inquiunt,
2644 1993 2777 2059 ista,
2838 2006 2964 2060 quas
3015 1989 3083 2042 de
3130 1984 3448 2040 solitudine
3496 1980 3554 2034 in
3596 1977 3773 2034 caelos

2128 2086 2413 2151 ascendit,
2484 2082 2660 2138 veluti
2736 2078 2961 2149 virgula
3049 2075 3216 2141 fumi,
3293 2073 3531 2129 odorem
3605 2068 3771 2123 redo-

2124 2175 2251 2231 lens
2284 2173 2528 2245 myrrhae
2560 2176 2615 2227 et
2639 2169 2830 2225 thuris
2862 2164 3105 2223 eximii?
3137 2163 3342 2219 Omnis
3373 2160 3529 2216 enim
3570 2157 3768 2213 anima

2125 2282 2252 2336 quae
2286 2264 2484 2318 studet
2512 2276 2641 2316 esse
2668 2260 2807 2314 thus
2840 2262 2894 2312 et
2921 2255 3220 2327 jucundus
3250 2252 3393 2306 odor
3439 2247 3580 2321 Regi
3630 2247 3764 2302 uni-

2122 2369 2447 2418 versorum,
2499 2364 2739 2404 necesse
2787 2350 2875 2400 est
2924 2350 2987 2399 ut
3030 2344 3194 2415 prius
3226 2340 3538 2396 mortiﬁcet
3566 2336 3765 2392 omnia

2125 2443 2391 2498 membra
2420 2456 2546 2506 sua,
2581 2442 2756 2507 atque
2784 2435 2866 2490 ita
2918 2432 3156 2505 myrrha
3203 2431 3305 2485 fiat
3349 2446 3482 2484 cum
3532 2428 3760 2482 Christo

2126 2534 2511 2599 commortua,
2544 2525 2761 2597 alioqui
2807 2524 2945 2579 thus
2995 2521 3240 2576 Domino
3286 2519 3409 2574 fieri
3460 2532 3765 2589 nunquam

2126 2620 2363 2694 poterit.

2724 2901 2907 2955 Trium
2939 2899 3057 2952 Patr
3072 2913 3185 2951 um.

2201 3012 2342 3068 Cum
2375 3010 2555 3082 igitur
2583 3009 2691 3077 bas
2715 3023 2874 3061 meas
2907 3003 3279 3059 escensiones
3311 2996 3773 3071 perfectissimae

2129 3100 2471 3173 explicarim
2508 3116 2519 3154 :
2554 3099 2757 3164 Adiuro
2788 3111 2898 3162 vos,
2949 3094 3088 3164 ﬁlia?
3127 3090 3458 3159 Jerusalem,
3505 3104 3607 3159 per
3658 3087 3773 3142 vir-

2130 3196 2270 3247 tutes
2299 3200 2349 3245 et
2379 3187 2727 3256 fortitudines
2758 3186 2901 3255 agri,
2933 3186 2984 3237 si
3011 3181 3281 3237 suscitetis
3313 3182 3473 3249 atque
3518 3177 3774 3232 excitetis

3387 3265 3774 3332 Quemadmo-

2131 3372 2269 3423 dum
2302 3365 2569 3437 adjuravi
2599 3381 2699 3418 vos
2730 3379 2833 3433 per
2863 3361 3055 3416 minas
3087 3364 3142 3413 et
3176 3355 3597 3428 promissiones
3631 3370 3643 3406 :
3677 3370 3772 3407 eo-

2128 3458 2258 3512 dem
2292 3456 2464 3510 modo
2496 3470 2596 3508 vos
2626 3468 2861 3508 rursum
2895 3451 3098 3519 adjuro
3132 3463 3231 3519 per
3272 3462 3473 3501 eorum
3523 3459 3646 3514 quas
3698 3442 3770 3495 ad

2131 3563 2224 3601 me
2247 3535 3300 3616 perlinent,expositionem,exemplo
3334 3550 3460 3588 meo
3491 3538 3771 3603 tanquam

2122 3634 2512 3707 jurejurando
2544 3649 2643 3686 vos
2673 3630 3051 3700 obstringens
3084 3632 3260 3695 atque
3290 3625 3669 3683 conﬁrmans,
3711 3624 3776 3674 ut
3830 3648 3833 3649 ν

2132 3728 2411 3797 perpetuo
2442 3738 2618 3776 cursu
2652 3721 2719 3773 ad
2756 3719 2936 3773 Deum
2970 3711 3556 3782 contendatis,quoad
3583 3708 3779 3763 divina

2132 3813 2442 3886 praesentia
2471 3827 2579 3864 sua
2608 3809 2772 3863 vobis
2806 3804 3341 3860 immutabilitatem
3374 3800 3778 3871 largiatur.;At

2133 3903 2271 3974 ipsas
2304 3900 2685 3956 admiratione
2718 3896 2924 3968 plenae,
2956 3900 3136 3964 atque
3166 3892 3321 3946 inter
3351 3905 3411 3943 se
3446 3889 3516 3942 de
3558 3903 3776 3956 sponsa

2132 4009 2259 4063 quae
2304 3990 2662 4045 disseruerat
2709 3984 3106 4054 colloquentes
3160 3996 3172 4032 :
3225 3980 3494 4047 Quaenam
3541 3981 3636 4043 est,
3686 3976 3774 4029 in-

2134 4082 2368 4152 quiunt,
2396 4082 2503 4133 ista
2531 4091 2656 4149 quae
2703 4074 2951 4129 ascendit
2997 4071 3059 4125 de
3105 4069 3336 4131 deserto,
3368 4067 3509 4121 sicut
3556 4065 3776 4135 virgula

2130 4172 2319 4241 fumi?
2352 4169 2408 4222 Id
2443 4171 2555 4233 est,
2587 4180 2855 4236 quaenam
2890 4165 2978 4216 est
3028 4161 3143 4214 ista
3191 4174 3316 4228 quas
3369 4173 3439 4211 ex
3487 4153 3689 4209 habitu
3741 4171 3775 4207 a

2133 4257 2674 4331 perturbationibus
2706 4256 3057 4321 remoto,per
3082 4249 3355 4302 virtutem
3388 4250 3445 4300 et
3473 4242 3773 4299 solentiam

2132 4348 2201 4402 ad
2236 4348 2416 4402 Deum
2451 4344 2683 4399 sublata
2714 4339 3074 4408 conscendit,
3105 4336 3264 4391 velut
3293 4332 3568 4390 surculus
3608 4331 3773 4401 fumi,

2133 4437 2233 4507 qui
2286 4436 2357 4490 ab
2403 4434 2538 4505 igne
2570 4432 2776 4486 silvam
2810 4430 3161 4500 depascente
3188 4425 3332 4480 levis
3362 4424 3420 4478 in
3453 4440 3586 4477 aera
3616 4421 3772 4475 tolli-

2132 4525 2273 4581 tur?
2301 4525 2391 4578 Sic
2422 4525 2576 4577 enim
2612 4520 2804 4575 omnis
2855 4533 3087 4589 quoque
3135 4516 3333 4570 anima
3380 4512 3591 4583 spiritu
3640 4525 3769 4563 suc-

2134 4631 2329 4679 censa,
2382 4629 2482 4683 per
2540 4610 2827 4664 actionem
2879 4606 3140 4677 quidem,
3188 4600 3380 4657 carnis
3430 4597 3775 4654 crassitudi-

2135 4719 2302 4758 nem:
2340 4718 2440 4773 per
2472 4696 3031 4770 contemplationem
3064 4698 3285 4759 autem,
3322 4705 3517 4745 rerum
3550 4687 3777 4758 species

2134 4798 2456 4848 extenuans
2492 4808 2503 4844 :
2537 4787 2735 4860 probis
2766 4791 2890 4841 tum
2928 4783 3211 4850 moribus,
3242 4786 3368 4834 tum
3402 4777 3775 4834 sermonibus

2134 4881 2276 4935 levis
2308 4880 2377 4933 ad
2416 4880 2593 4933 Deum
2625 4877 2827 4941 fertur,
2864 4890 2967 4928 nec
2999 4876 3229 4926 terreno
3259 4868 3533 4938 ,pondere
3579 4865 3772 4936 depri-

2135 4967 2461 5023 mitur.Hac
2488 4967 2714 5021 ratione
2746 4962 3044 5034 myrrham
3076 4972 3127 5013 el
3156 4958 3290 5012 thus
3322 4972 3390 5010 ex
3411 4953 3776 5010 aromatibus

2136 5064 2306 5126 atque
2337 5057 2606 5111 universo
2656 5052 2893 5123 pulvere
2944 5045 3315 5119 pigmentarii
3365 5042 3656 5107 redolens,
3703 5042 3775 5096 ad

2135 5146 2427 5200 cmlestem
2462 5157 2744 5214 sponsum
2778 5135 3371 5210 provehitur.Virtute
3400 5132 3581 5204 igitur
3606 5130 3777 5201 quasi

2134 5234 2527 5307 myrrha,cum
2563 5229 2756 5285 carnis
2787 5242 3027 5282 sensum
3059 5221 3512 5286 mortificaverit,
3536 5220 3775 5291 fragrat:

2136 5324 2360 5380 scentis.
2386 5338 2518 5376 vero
2549 5319 2716 5391 quasi
2743 5318 2934 5382 thure,
2967 5319 3248 5385 tanquam
3282 5309 3542 5365 veritatis
3594 5310 3772 5377 notis,

2137 5413 2413 5483 seipsam
2447 5409 2707 5464 divinam
2742 5405 3061 5476 imaginem
3115 5399 3389 5457 ostendit.
3444 5400 3527 5453 Ita
3578 5414 3775 5453 rerum

2137 5508 2378 5557 naturas
2406 5498 2800 5571 pertransiens
2832 5493 3086 5550 suaviter
3136 5489 3271 5557 olet,
3327 5489 3397 5544 ad
3457 5502 3779 5558 earumque

2138 5592 2325 5649 tendit
2353 5595 2651 5647 auctorem
2685 5605 2699 5643 :
2730 5603 2800 5642 ex
2830 5584 3046 5656 quibus
3075 5583 3262 5637 instar
3289 5576 3545 5651 pulveris
3575 5592 3777 5631 earum

2137 5681 2392 5738 rationes
2444 5684 2501 5736 et
2548 5678 2707 5734 modi
2757 5674 3084 5732 excitantur
3127 5674 3201 5739 ei,
3250 5671 3625 5727 attenuantes
3683 5663 3777 5719 his

2135 5771 2396 5829 veritatis
2454 5769 2681 5827 semitis
2746 5762 3251 5838 exploratricibus,
3313 5760 3586 5816 accurato
3652 5769 3775 5810 ssr-
