4040 6146
246 373 363 434 603

1581 370 2001 436 MlCHAELlS
2044 375 2319 437 PSELLI

3532 365 3653 428 604

249 505 551 579 mone,qui
580 509 772 563 totum
802 507 913 563 hoc
946 510 1229 579 tanquam
1268 506 1327 563 in
1360 507 1494 580 igne
1524 507 1771 580 spiritus
1801 525 1900 564 ex-
1928 569 1930 574 ,

2045 528 2129 569 αις
2184 514 2305 572 ταῖς
2365 510 2765 585 βασανιστικαῖς
2822 512 2922 574 τῆς
2982 501 3241 574 ἀληθείας
3297 496 3513 576 τριϐαῖς
3556 504 3653 555 τοῦ

250 596 474 668 coquit.

325 777 406 829 En
442 771 705 828 lectulum
756 772 1063 828 Salomonis
1113 773 1403 844 sexaginta
1445 774 1616 842 fortes
1646 772 1903 828 ambiunt

252 879 322 918 ea:
366 864 687 933 fortissimis
740 862 927 927 Israel,
980 877 1166 917 omnes
1218 867 1458 918 tenentes
1485 863 1718 935 gladios,
1750 871 1802 918 ει
1827 863 1904 918 ad

257 952 407 1008 bella
457 953 779 1009 doctissimi.
838 952 1271 1024 Uniuscuyusque
1312 954 1456 1007 ensis
1512 970 1676 1024 super
1727 954 1906 1019 femur

255 1059 416 1099 suum
450 1060 485 1097 α
511 1044 708 1098 timore
742 1043 800 1096 in
829 1041 1101 1097 noctibus.

993 1238 1180 1294 Pselli.

327 1328 458 1385 Haec
499 1327 675 1384 amici
722 1328 794 1395 ad
844 1326 1130 1400 virginem
1179 1328 1401 1396 dicunt,
1453 1326 1651 1383 lectuli
1702 1329 1906 1401 sponsi

258 1416 762 1490 pulchritudinem
821 1415 1204 1488 explicantes,
1257 1433 1372 1489 quo
1425 1418 1615 1489 magis
1664 1435 1908 1474 succen-

262 1509 405 1563 dant
436 1522 664 1579 sponsae
696 1506 1080 1562 desiderium.
1113 1507 1199 1561 Tu
1229 1522 1365 1562 vero
1397 1506 1543 1562 mihi
1576 1508 1647 1562 ad
1698 1508 1907 1565 horum

259 1595 685 1669 expositionem
747 1595 1063 1667 diligenter
1109 1596 1364 1652 attende.
1416 1596 1693 1653 Lectulus
1743 1597 1909 1654 Salo-

264 1685 456 1741 monis
486 1688 807 1742 esteorum
841 1685 943 1756 qui
988 1684 1310 1751 salvantur,
1362 1685 1547 1742 locus.
1600 1687 1913 1759 Sexaginta

263 1791 462 1831 autem
514 1776 692 1830 fortes
740 1775 842 1845 qui
899 1774 1069 1829 illum
1135 1774 1429 1843 ambiunt,
1480 1779 1621 1831 sunt
1669 1775 1754 1831 illi
1798 1776 1912 1847 ipsi

2007 596 2059 651 ἐν
2121 602 2199 670 τῷ
2224 600 2354 672 πυρὶ
2385 603 2481 652 τοῦ
2538 596 2844 669 πνεύματος
2893 591 3018 649 τόδε
3055 593 3118 648 τὸ
3165 597 3268 647 πᾶν
3302 591 3469 647 οἱονεὶ
3499 586 3654 664 ἕψον-

2004 710 2098 752 τος
2124 688 2465 761 ἐξεταστικοῦ
2490 689 2679 765 λόγου.

2082 776 2222 834 Ἰδοὺ
2276 782 2309 850 ἠ
2363 779 2528 849 κλίνη
2587 782 2685 833 τοῦ
2759 775 3053 849 Σολομὼν,
3126 774 3384 845 ἐξήκοντα
3439 765 3653 827 δυνατοὶ

2008 867 2198 942 κύκλῳ
2254 869 2418 939 αὐτῆς
2483 869 2587 923 ἀπὸ
2669 871 2778 922 τῶν
2863 864 3102 920 δυνατῶν
3161 861 3407 939 Ἰσραὴλ,
3461 862 3660 923 πάντες

2009 958 2332 1033 κατέχοντες
2384 957 2656 1034 ῥομφαίας
2719 952 3100 1030 δεδιδαγμένοι
3159 951 3403 1025 πόλεμον
3440 972 3452 984 ·
3491 951 3657 1025 ανὴρ,

2013 1050 2253 1128 ῥομφαία
2304 1049 2471 1105 αὐτοῦ
2549 1047 2635 1103 ἐπὶ
2708 1048 2800 1102 τὸν
2874 1044 3050 1122 μηρόν
3134 1045 3298 1101 αὐτοῦ
3348 1042 3455 1098 ἀπὸ
3515 1044 3663 1113 θάμ-

1974 1150 1980 1155 ”
2012 1133 2140 1199 ὅους
2173 1137 2222 1192 ἐν
2252 1140 2419 1210 νυξιν.

2715 1238 2962 1295 Ψελλοῦ.

2085 1336 2153 1391 Οἱ
2178 1332 2331 1411 φίλοι
2360 1336 2528 1388 ταῦτα
2557 1329 2779 1407 λεγουσι
2805 1328 2961 1384 δῆθεν
2992 1329 3128 1403 πρὸς
3158 1328 3253 1395 τὴν
3280 1327 3569 1401 παρθένον,

2013 1426 2090 1482 Τὸ
2120 1422 2326 1485 κάλλος
2359 1421 2731 1500 ἀφηγούμενοι
2761 1426 2861 1489 τῆς
2891 1416 3089 1488 κλίνης
3118 1421 3215 1472 τοῦ
3243 1414 3506 1489 νυμφίου,

2016 1514 2103 1574 Ὠς
2141 1509 2352 1586 μᾶλλον
2390 1510 2710 1583 ὑπανάψωσι
2729 1508 2819 1563 τὸν
2852 1508 3021 1563 πόνον
3049 1506 3140 1561 τὸν
3172 1509 3270 1571 τῆς
3300 1504 3522 1581 νύμφης
3557 1519 3572 1533 ⁸

2020 1603 2096 1657 Σὺ
2129 1598 2186 1656 δέ
2220 1622 2312 1675 μοι
2347 1597 2555 1677 σφόδρα
2592 1599 2834 1674 πρόσεχε
2859 1600 2929 1670 τῇ
2958 1596 3165 1651 τούτων
3198 1594 3447 1668 ἐξηγήσει
3482 1599 3496 1625 ‘

2020 1690 2192 1760 Κλίνη
2228 1690 2488 1764 τυγχάνει
2523 1686 2795 1760 Σολομῶν
2824 1687 2852 1740 ὁ
2877 1690 2983 1739 τῶν
3018 1684 3293 1739 σωθέντων
3319 1683 3511 1743 τόπος.

2019 1781 2313 1853 Ἑξήκοντα
2344 1776 2401 1832 δὲ
2435 1775 2651 1831 δυνατοὶ
2682 1773 3132 1851 περικυκλοῦντες
3155 1772 3380 1842 ταύτην,

265 1866 544 1937 profecto,
579 1864 681 1936 qui
714 1863 919 1920 salvati
951 1867 1108 1919 sunt.
1162 1866 1473 1937 Sexaginta
1519 1881 1654 1920 vero
1702 1866 1913 1921 dicun-

2044 1871 2228 1930 Οντως
2261 1867 2413 1921 αὐτοὶ
2446 1864 2741 1942 πεφύκασιν
2775 1866 2827 1918 οἱ
2858 1864 2999 1918 πάνυ
3030 1861 3379 1935 σεσωσμένοι.

261 1958 363 2009 tur
420 1953 785 2025 quicumque
838 1952 1033 2007 divina
1090 1953 1278 2024 gratia
1340 1970 1473 2010 vere
1541 1958 1906 2025 prastantes,

268 2044 603 2098 daemonum
656 2042 756 2112 qui
807 2056 911 2113 per
959 2046 1158 2097 noctes
1215 2042 1486 2098 homines
1542 2048 1907 2115 oppugnant,

266 2131 506 2204 agmina
574 2129 887 2185 formidine
960 2129 1349 2201 repleverunt.
1404 2132 1906 2194 Quemadmodum

264 2220 460 2293 gladio
524 2218 612 2274 vir
682 2219 999 2287 accinctus,
1058 2218 1323 2275 imbelles
1391 2219 1661 2276 homines
1729 2224 1787 2276 et
1849 2221 1910 2276 in

268 2308 487 2381 praeliis
567 2306 764 2362 minus
850 2307 1196 2363 exercitatos
1293 2309 1732 2379 perterrefacit.
1824 2309 1912 2365 Illi

269 2398 424 2453 enim
504 2397 675 2469 signo
751 2396 944 2451 crucis
1018 2400 1307 2468 tanquam
1391 2397 1588 2469 gladio
1672 2398 1911 2470 ancipiti

271 2486 503 2553 armati,
564 2486 848 2542 adversus
907 2484 1276 2557 principatus
1336 2491 1394 2541 et
1451 2490 1655 2542 contra
1708 2489 1916 2544 mundi

271 2581 327 2631 et
402 2575 777 2630 tenebrarum
858 2574 1183 2646 principem
1254 2575 1432 2630 Satan
1503 2576 1908 2632 constiterunt.

266 2667 399 2722 Haec
456 2666 697 2737 quidem
756 2682 790 2719 a
848 2665 1017 2720 nobis
1072 2682 1172 2735 pro
1230 2665 1453 2722 viribus
1526 2668 1683 2723 dicta
1755 2673 1917 2739 sunt,

271 2755 435 2817 Quod
471 2754 518 2811 si
546 2754 830 2808 orationis
864 2754 1047 2809 series
1084 2754 1233 2809 haud
1271 2755 1352 2808 ita
1398 2755 1676 2812 continua
1724 2757 1920 2814 videa-

271 2849 390 2908 tur,
441 2858 513 2897 ne
563 2841 896 2911 admireris,
947 2859 978 2897 ο
1028 2843 1326 2915 princeps,
1377 2859 1518 2899 neve
1551 2861 1921 2903 commovea-

270 2934 352 2988 ris
412 2949 425 2986 :
488 2932 572 2987 sic
629 2931 789 2987 enim
846 2931 1127 3004 pleraque
1185 2938 1325 2989 sunt
1383 2935 1604 3007 scripta
1672 2936 1922 3009 prophe-

272 3021 409 3077 tica.

867 3394 1052 3450 Trium
1090 3396 1345 3450 Patrum.

356 3482 661 3555 Discipulaa
692 3482 892 3554 igitur,
920 3500 1049 3554 quae
1080 3485 1153 3539 de
1184 3484 1467 3556 magistra
1497 3502 1605 3542 sua
1634 3488 1933 3544 dubitave-

281 3578 435 3641 rant,
468 3588 738 3645 quaenam
771 3576 949 3638 esset,
982 3588 1136 3627 nunc
1168 3574 1239 3628 de
1267 3573 1392 3644 ipsa
1442 3575 1718 3631 dicuntur
1750 3595 1764 3633 :
1798 3580 1934 3634 Ecce

281 3662 538 3718 lectulum
566 3661 895 3729 Salomonis,
928 3660 987 3714 in
1040 3677 1154 3730 quo
1211 3662 1449 3732 quidem
1500 3664 1767 3721 Christus
1815 3666 1934 3721 Rex

284 3751 566 3825 paciﬁcus
599 3749 985 3821 conquiescit,
1020 3750 1120 3821 qui
1154 3766 1263 3805 nos
1294 3758 1422 3806 tum
1455 3751 1591 3823 sibi,
1623 3757 1751 3809 tum
1782 3754 1937 3810 inter

286 3857 414 3911 nos,
447 3844 572 3894 tum
607 3840 761 3893 Patri
793 3854 898 3894 suo
932 3838 1355 3895 reconciliavit.
1390 3841 1708 3914 Sexaginta
1755 3843 1935 3900 fortes

285 3929 557 3986 ambiunt
588 3944 601 3984 :
635 3926 1020 4000 cogitationes
1054 3928 1337 3984 nimirum
1369 3929 1656 3999 efﬁcaces,
1690 3949 1817 4004 quas
1847 3933 1936 3988 di-

284 4018 421 4073 vina
446 4016 662 4072 virtute
693 4015 953 4087 undique
978 4020 1221 4072 tuentur
1251 4016 1507 4073 animam
1539 4019 1610 4074 ad
1643 4020 1745 4076 Dei
1773 4020 1937 4091 quie-

292 4112 408 4162 tem
436 4110 842 4177 praeparatam,
872 4106 1154 4161 adversus
1186 4105 1451 4163 fallacias
1481 4108 1797 4179 spirituum
1828 4109 1937 4164 im-

288 4194 803 4268 proborum.Ratio
820 4194 973 4249 enim
994 4211 1124 4266 quas
1142 4196 1403 4267 quinque
1421 4197 1694 4253 sensibus
1712 4201 1939 4269 praest,

290 4282 471 4339 simul
502 4299 634 4338 cum
668 4281 812 4353 ipsis
844 4283 1114 4338 sensibus
1147 4288 1386 4356 accepta
1418 4286 1716 4341 senarium
1757 4288 1940 4342 conﬁ-

292 4373 410 4430 ciat
440 4387 781 4426 numerum.
811 4373 883 4426 At
914 4388 1047 4427 cum
1082 4373 1277 4429 divina
1307 4379 1594 4446 praecepta
1626 4391 1750 4446 quas
1805 4380 1945 4431 sunt

294 4464 495 4518 decem
528 4476 793 4530 numero,
833 4460 883 4515 is
935 4461 1035 4533 qui
1086 4463 1361 4518 sensibus
1403 4466 1626 4519 ratione
1674 4464 1941 4536 imperat,

296 4550 544 4623 perficit,
579 4565 893 4606 numerum
926 4549 1175 4606 absolvit
1205 4553 1672 4623 sexagenarium,
1723 4557 1779 4609 et
1826 4554 1944 4609 vir-
1992 4566 1999 4573 °

2019 1959 2315 2029 Ἐξήκοντα
2344 1954 2402 2010 δὲ
2432 1955 2681 2031 λέγονται
2711 1958 2789 2025 τῷ
2821 1950 2975 2027 λόγῳ
3001 1956 3111 2007 τῶν
3142 1950 3453 2024 Ἀσμάτων,

2021 2046 2231 2107 Οί’τινες
2263 2042 2439 2106 οὕτως
2469 2040 2686 2097 δυνατοὶ
2714 2045 2782 2113 τῇ
2810 2040 2997 2115 χάριτι
3023 2043 3092 2113 τῇ
3121 2039 3254 2109 θείᾳ,

2023 2130 2277 2207 Θάμϐους
2306 2132 2609 2202 ἐνέπλησαν
2639 2130 2857 2186 πολλοῦ
2886 2131 2952 2184 τὰ
2982 2129 3145 2204 στίχη
3167 2132 3271 2183 τῶν
3295 2122 3598 2201 δαιμόνων,

2022 2228 2145 2282 Τῶν
2179 2223 2230 2277 ἐν
2263 2222 2377 2291 νυξὶ
2404 2222 2495 2275 τὸν
2530 2218 2773 2292 πόλεμον
2808 2217 3057 2294 ἐχόντων
3089 2219 3206 2272 κατ’
3236 2216 3538 2290 ἀνθρώπων
3577 2232 3589 2245 ·

2021 2318 2223 2388 Ὥσπερ
2266 2310 2556 2381 ἐκπλήττει
2609 2330 2691 2371 τις
2742 2309 2880 2385 ἀνὴρ
2932 2307 3202 2385 ῥομφαίαν
3252 2304 3339 2361 ἐπὶ
3372 2306 3462 2359 τὸν
3495 2304 3682 2377 μηρὸν

2024 2401 2234 2476 Φέρων,
2262 2398 2389 2462 τοὺς
2428 2401 2503 2473 μή
2536 2398 2673 2473 πρὸς
2704 2394 2949 2470 πολεμον
2998 2394 3182 2457 καλῶς
3214 2391 3686 2466 ἐκδεδοκιμασμε-

3500 2483 3683 2555 [νους.

2024 2580 2257 2636 Ἐκεῖνοι
2286 2575 2388 2652 γὰρ
2430 2574 2849 2648 σπασάμενοιτὸ
2876 2580 2973 2630 τοῦ
3006 2576 3238 2648 σταυροῦ
3271 2574 3525 2644 σημεῖον,

2026 2671 2231 2743 ηιιξσπερ
2264 2666 2536 2742 ῥομφαίαν
2573 2662 2828 2737 δίστομον
2860 2664 3209 2734 ἠκονημένην
3244 2658 3388 2727 λίαν,

2028 2758 2171 2834 Ηρὸς
2198 2756 2291 2818 τάς
2323 2756 2498 2830 ἀρχὰς
2531 2754 2854 2822 ἀντέστησαν
2878 2753 2969 2807 καὶ
2995 2753 3134 2827 πρὸς
3162 2751 3259 2810 τὰς
3287 2747 3552 2819 ἐξουσίας,

2035 2850 2148 2905 Τοῦ
2204 2846 2647 2919 κοσμοκράτορος
2720 2843 2893 2897 Σατᾶν
2959 2844 3057 2896 τοῦ
3113 2838 3339 2899 σκύτους
3394 2840 3493 2890 τοῦ
3550 2854 3690 2909 προ-

3440 2922 3685 2999 [στάτου.

2033 3022 2215 3083 Ταῦτα
2250 3022 2343 3095 μὶν
2376 3018 2524 3077 οὕτω
2555 3020 2682 3096 παρ’
2703 3020 2737 3090 ἠ
2748 3022 2863 3092 μῶν
2893 3018 2968 3082 ὡς
2997 3015 3217 3073 δυνατὸν
3233 3012 3463 3090 ἐλέχθη.

2034 3113 2099 3172 Ei.
2131 3110 2177 3168 δ’
2200 3110 2339 3173 ’ίσως
2367 3110 2502 3165 κατά
2533 3109 2776 3182 σύνταξιν
2808 3108 2835 3162 ὁ
2868 3105 3031 3183 λόγος
3054 3104 3115 3161 ού
3144 3098 3448 3179 προϐαίνει,

2035 3204 2126 3271 Μὴ
2154 3202 2217 3257 τὸ
2251 3201 2548 3274 θαυμάζῃς,
2575 3195 2829 3269 δέσποτα,
2856 3197 2932 3271 μὴ
2961 3196 3025 3251 τὸ
3056 3192 3459 3271 δυσαρεστήσῃς
3484 3208 3500 3224 ο

1956 3254 2000 3321 c
2035 3254 2329 3366 γνάρ
2602 3284 2793 3343 πυλλά
2950 3254 3471 3361 προφητικωτέρων.

2605 3399 2724 3451 Τῶν
2765 3394 2810 3469 γ’
2843 3391 3116 3466 Πατέρων.

2040 3487 2449 3562 Δῖαπορήσασαι
2506 3483 2685 3538 τοίνυν
2747 3481 2872 3557 περὶ
2917 3486 3015 3541 τῖς
3076 3474 3407 3533 διδασκάλου
3466 3472 3523 3529 αἲ
3588 3491 3689 3545 μα-

2043 3560 2283 3650 θήτριαι,
2316 3573 2398 3628 ὅτι
2427 3571 2509 3634 τίς
2541 3571 2679 3626 ἐστιν
2720 3568 2879 3639 αὕτη,
2919 3572 3010 3624 νῦν
3062 3588 3191 3622 φασι
3230 3565 3356 3640 περὶ
3385 3563 3555 3631 αὐτῆς
3573 3560 3637 3616 τό
3676 3581 3688 3594 ·

2044 3660 2180 3720 Ἰδοὺ
2207 3663 2241 3731 ἡ
2276 3660 2439 3730 κλίνη
2472 3663 2568 3713 τοῦ
2616 3657 2885 3730 Σολομών
2915 3676 2927 3689 °
2982 3654 3061 3732 ἐφ’
3107 3655 3176 3723 ἦς
3219 3654 3434 3713 πάντως
3496 3649 3693 3705 ἐπανα-

2042 3751 2267 3808 παύεται
2301 3750 2328 3803 ὁ
2360 3748 2495 3824 πρὸς
2553 3747 2738 3801 ἐαυτὸν
2786 3746 2876 3800 καὶ
2933 3745 3067 3819 πρὸς
3117 3739 3402 3813 ἀλλήλους
3435 3740 3521 3794 καὶ
3557 3737 3692 3812 πρὸς

2040 3846 2133 3900 τὸν
2188 3839 2325 3896 ξ’διον
2402 3840 2613 3909 Πατέρα
2693 3834 3079 3892 καταλλάττων
3158 3836 3305 3905 ἡμᾶς
3375 3828 3693 3903 Χριστὸς,ὀ

2046 3931 2320 4009 εἴρηνικὸς
2358 3926 2634 4005 βασιλεύς.
2667 3926 2961 3996 Ἐξήκοντα
3009 3921 3224 3979 δυνατοὶ
3256 3919 3445 3991 κύκλῳ
3504 3918 3694 4009 αὑτῆς,

2046 4005 2201 4094 οἷίπερ
2225 4019 2355 4074 εἰσὶν
2408 4018 2463 4071 οἱ
2524 4014 2643 4087 θείᾳ
2707 4013 2939 4087 δυνάμει
2996 4010 3333 4085 πανταχόθεν
3364 4005 3698 4084 περιφυλάτ-

2048 4129 2230 4171 τοντες
2280 4108 2377 4174 τὴν
2422 4105 2497 4167 εἷς
2544 4103 2839 4159 ἀνάπαυσιν
2884 4105 3017 4157 Θεοῦ
3067 4099 3473 4171 ἐτοιμασθεῖσαν
3511 4095 3699 4169 ψυχὴν

2046 4199 2153 4255 ἀπὸ
2197 4202 2304 4253 τῶν
2360 4190 2841 4251 ἐπιϐουλευόντων
2899 4192 3223 4263 πνευμάτων
3277 4194 3379 4256 τῆς
3432 4183 3702 4257 πονηρίας

2052 4286 2395 4362 ἐνεργητικοὶ
2428 4282 2689 4357 λογισμοί
2713 4301 2725 4315 ο
2758 4286 2855 4336 τοῦ
2886 4280 2990 4355 γὰρ
3038 4284 3158 4341 ταῖς
3188 4275 3345 4362 πέντε
3388 4274 3707 4344 πίσθησεσιν

2055 4361 2467 4435 ἐπιστατοῦντος
2528 4371 2696 4446 λόγου
2755 4368 2869 4443 ἅμα
2914 4367 3135 4429 ταύταις
3177 4364 3268 4421 τὸν
3302 4361 3351 4437 ἔξ
3383 4362 3710 4419 ἀποτελοῦν·

2052 4486 2147 4527 τος
2180 4461 2598 4539 ἀριθμόν³τῶν
2660 4457 2719 4513 δὲ
2783 4458 2938 4513 θείων
3010 4455 3245 4511 ἐντολῶν
3313 4452 3707 4539 ἐκπληρουσῶν

2052 4554 2146 4609 τὸν
2189 4536 2338 4621 δέκα,
2369 4550 2496 4605 ὅταν
2531 4550 2558 4603 ὁ
2591 4547 2746 4622 λόγῳ
2798 4547 3095 4601 ἐπιστατῶν
3128 4548 3247 4605 ταῖς
3282 4540 3562 4611 αῗσθήσεσι
3613 4536 3709 4599 τὰς

294 4644 421 4696 tute
469 4639 689 4707 vivens,
739 4646 803 4693 ut
856 4638 1080 4694 dictum
1131 4644 1236 4695 est.
1293 4646 1376 4697 Ex
1402 4643 1726 4712 fortissimis
1754 4644 1925 4699 Israel

2056 4643 2202 4707 θείας
2253 4642 2386 4713 ποιῇ
2474 4635 2719 4707 ἐντολὰς,
2772 4632 3148 4707 ἐξαπλασιάζει
3211 4632 3308 4700 τὴν
3367 4624 3566 4683 δεκάδα
3594 4631 3704 4681 τῶν

296 4729 367 4785 Hi
398 4732 540 4785 sunt
570 4727 810 4783 omnino
862 4744 1007 4783 verae
1060 4730 1276 4785 mentis
1324 4730 1508 4786 Deum
1555 4732 1808 4788 videntis
1840 4749 1943 4788 no-

296 4819 511 4883 tiones,
546 4834 615 4873 ex
643 4817 860 4888 quibus
892 4821 1166 4873 constant
1197 4818 1464 4875 efﬁcaces
1494 4818 1607 4876 illis
1646 4821 1947 4891 cogitatio-

300 4924 404 4964 nes
425 4908 496 4963 ad
519 4907 739 4962 bonum
754 4907 1672 4979 peragendum.Ambiuntautem
1688 4910 1948 4966 animam

302 4998 363 5052 in
395 5012 512 5069 qua
541 4995 696 5051 Deus
727 4995 1066 5067 requiescit,
1099 5012 1304 5053 omnes
1333 5002 1600 5054 tenentes
1624 4998 1849 5071 gladios
1896 5004 1954 5055 et

306 5087 379 5143 ad
413 5082 565 5139 bella
596 5084 945 5141 doctissimi.
977 5085 1375 5158 Cogitationes
1404 5086 1559 5143 enim
1611 5105 1738 5160 quaa
1786 5089 1953 5144 dictis

307 5178 469 5238 sunt,
519 5188 586 5227 ex
629 5174 1145 5247 contemplationis
1199 5176 1438 5245 quidem
1488 5176 1694 5233 habitu
1727 5178 1956 5250 gladios

308 5264 528 5319 habent
557 5262 864 5334 ancipites,
897 5264 1115 5336 quibus
1159 5280 1227 5320 ea
1278 5281 1405 5337 quae
1456 5270 1597 5321 sunt
1643 5267 1956 5339 contraria,

309 5350 638 5423 dijudicent
671 5368 681 5404 :
718 5368 786 5406 ex
817 5352 1060 5408 actionis
1092 5358 1286 5409 autem
1319 5354 1373 5408 vi
1424 5371 1598 5410 usum
1649 5360 1823 5427 atque
1871 5373 1962 5412 ex-

312 5439 659 5514 perientiam
692 5439 975 5511 obtinent,
1009 5444 1301 5512 quomodo
1347 5444 1577 5515 possint
1616 5444 1962 5500 adversariae

316 5533 635 5603 potestates
706 5529 1030 5601 proﬂigari.
1095 5533 1529 5605 Uniuscujusque
1594 5535 1739 5589 ensis
1797 5551 1966 5607 super

315 5629 498 5691 femur
552 5634 737 5684 suum,
790 5634 826 5673 α
876 5620 1071 5675 timore
1101 5621 1161 5675 in
1208 5621 1476 5677 noctibus.
1538 5622 1794 5696 Singulae
1851 5623 1964 5680 illae

320 5726 443 5782 quae
473 5706 755 5777 diximus,
783 5708 1194 5781 cogitationes,
1242 5708 1503 5780 gladium
1553 5712 1796 5785 spiritus
1851 5730 1967 5787 quo

2056 4730 2313 4801 ἐντολῶν,
2346 4727 2434 4784 καὶ
2462 4728 2554 4782 τὸν
2606 4726 2865 4797 ἐξήκοντα
2911 4719 3170 4778 ἀποτελεῖ
3200 4718 3451 4794 ἀριθμὸν,
3476 4717 3539 4771 τὸ
3570 4716 3711 4789 ἀγα-

2058 4823 2174 4890 θον,
2208 4820 2282 4882 ὡς
2309 4816 2545 4892 εἷ’ρηται,
2590 4813 2972 4889 ἐργαζόμενος.
3025 4810 3159 4867 Ἀπὸ
3210 4805 3447 4863 δυνατῶν
3486 4802 3712 4878 Ἰσραήλ

2059 4910 2224 4967 Οὗτοι
2259 4904 2315 4962 δὲ
2345 4907 2560 4966 πάντως
2590 4904 2645 4958 αἱ
2693 4901 2916 4971 ἀληθεῖς
2961 4904 3060 4954 τοῦ
3123 4899 3361 4972 ὁρῶντος
3420 4896 3558 4949 Θεοῦ
3615 4896 3715 4948 νοῦ

2063 4997 2196 5053 εἰσιν
2258 4994 2481 5050 ἔννοιαι.
2560 4992 2650 5066 ἀφ’
2698 4992 2772 5045 ὧν
2853 4986 3206 5067 ὑφιστάμενοι
3260 4984 3312 5039 οἱ
3367 4986 3466 5037 τοῦ
3508 4982 3716 5056 ἀγαθοῦ

2064 5082 2403 5159 ἐνεργητικοὶ
2457 5080 2743 5154 λογισμοὶ,
2801 5076 3264 5151 περιφυλάττουσι
3317 5072 3418 5140 τὴν
3470 5068 3522 5124 ἐν
3551 5070 3717 5139 ἐαυτῇ

2066 5171 2514 5231 ἐπαναπαύσασαν
2544 5168 2638 5225 τὸν
2692 5164 2967 5243 εἰρηνικόν
3017 5162 3246 5239 βασιλέα
3283 5160 3493 5235 ψυχὴν,
3524 5159 3719 5217 πάντες

2066 5264 2391 5336 κατέχοντες
2442 5258 2740 5334 ῥομφαίας,
2788 5251 3163 5329 δεδιδαγμένοι
3209 5248 3475 5321 πόλεμον.
3519 5248 3722 5336 Πάντες

2071 5350 2128 5407 δὶ
2160 5334 2526 5425 οἷ’-εἲρημένοι
2579 5344 2865 5421 λογισμοὶ,
2910 5343 3029 5397 καθ’
3068 5340 3171 5411 ἔξιν
3228 5340 3321 5412 μὶν
3353 5334 3721 5425 θεωρητικήν,

2073 5443 2161 5495 οἷα
2189 5422 2462 5515 ρομιραίας
2522 5434 2811 5508 διστόμους
2858 5433 2956 5494 τὰς
2998 5428 3291 5505 διακρίσεις
3328 5430 3435 5481 τῶν
3469 5422 3720 5515 ἐναντίων

2073 5512 2412 5603 κατέχουσι·
2464 5526 2579 5581 κατ’
2639 5524 2907 5599 ἐνέργειαν
2965 5518 3022 5576 δὲ
3078 5517 3380 5594 πρακτικήν
3430 5512 3721 5588 πεπείραν-

2072 5621 2278 5676 ταιτοῦ
2309 5620 2425 5680 πῶς
2472 5614 2552 5672 δεῖ
2610 5619 2728 5677 ταῖς
2786 5610 3045 5672 ἐναντίαις
3101 5605 3361 5680 δυνάμεσι
3422 5604 3717 5679 μάχεσθαι.

2073 5711 2242 5783 Ἀνῆρ
2297 5707 2541 5783 ῥομφαία
2608 5703 2770 5761 αὐτοῦ
2845 5700 2935 5758 ἐπὶ
3003 5698 3093 5754 τὸν
3152 5696 3326 5771 μηρὸν
3390 5692 3554 5750 αὐτοῦ
3613 5691 3720 5747 ἀπὸ
