4040 6146
303 355 446 415 605

1368 360 1769 421 COMMENT.
1821 362 1896 420 IN
1943 360 2349 420 CANTICUM
2399 361 2705 421 CANTIC.

3620 360 3739 422 606

309 479 576 558 ϐάμϐους
637 484 689 541 ἓν
746 485 911 558 νυξίν·
968 483 1139 562 ἤγουν
1174 530 1190 557 ,
1246 485 1467 552 ἕκαστος
1510 495 1616 546 τῶν
1669 490 1956 567 εἰρημένωπ

2091 490 2231 548 vitia
2261 490 2961 563 conciduntur,adversus
2990 491 3502 564 concupiscentem
3526 491 3735 549 animae

308 573 611 650 λογισμῶν
645 576 747 645 τήν
774 576 1114 651 ἀναιρετικὴν
1142 582 1249 632 τῶν
1295 581 1477 633 παθῶν
1543 579 1817 655 μάχαιραν
1875 584 1973 634 τοῦ

306 666 631 738 πνεύματος
707 667 844 720 κατά
904 670 1002 730 τῆς
1079 667 1479 739 ἐπιθυμητικῆς
1538 667 1816 742 δυνάμεως
1874 676 1974 738 τῆς

313 756 512 829 ψυχῆς
575 753 906 830 ἐπιφέρεται,
978 753 1066 810 διὰ
1124 752 1290 827 φόϐον
1349 762 1457 811 τῶν
1516 753 1978 813 ἐπιϐουλευόντων

321 844 469 916 αὐτῇ
501 842 551 897 ἐν
581 843 693 913 νυξὶ
744 850 844 911 τῆς
900 845 1139 918 ἀγνοίας,
1173 846 1307 899 κατὰ
1334 848 1428 907 τάς
1461 846 1694 923 ἀλόγους
1724 854 1825 916 τῆς
1858 847 1976 902 ἐπι-

323 931 525 1003 θυμίας
557 933 733 1007 ὁρμῆς
758 933 1145 1006 πονηροτάτων
1182 932 1480 1007 δαιμόνων.

403 1026 631 1096 Φορεῖον
674 1020 934 1092 ἐποίησαν
967 1024 1140 1095 ὲαοτῷ
1173 1024 1200 1077 6
1255 1022 1507 1099 βασιλεὺς
1557 1024 1829 1097 Σολομὼν
1873 1024 1978 1079 ἀπὸ

314 1106 501 1181 ξύλων
528 1113 624 1163 τοῦ
656 1104 911 1168 Λιϐάνου.
944 1111 1187 1174 Στύλους
1217 1112 1380 1168 αὐτοῦ
1411 1112 1662 1184 ἐποίησεν
1700 1112 1978 1189 ἀργύριον,

310 1197 413 1252 καὶ
445 1196 732 1253 ἀνάκλιτον
768 1198 930 1253 αὐτοῦ
956 1200 1214 1275 χρύσεον’
1250 1197 1497 1263 ἐπίϐασις
1519 1202 1683 1257 αὐτοῦ
1706 1208 1977 1279 πορφυρᾶ,

312 1285 472 1348 ἐντὸς
504 1286 669 1342 αὐτοῦ
701 1286 1090 1363 λιθόστρωτον,
1126 1291 1339 1366 ἀγαπην
1389 1292 1493 1346 ἀπὸ
1540 1290 1844 1367 θυγατέρων
1890 1292 1980 1348 Ἰε-

314 1374 569 1451 ρουσαλή
584 1398 641 1450 μ.

1020 1482 1135 1539 Ψελ
1145 1484 1265 1542 λοῦ.

310 1577 556 1648 Φορεῖον
588 1572 841 1644 ἐποίησεν
874 1574 1047 1645 ἐαυτῷ
1087 1575 1115 1630 6
1150 1574 1406 1650 βασιλεὺς
1438 1576 1731 1651 Σολομών,

307 1662 382 1719 Ὁ
416 1660 582 1729 λόγος
620 1663 649 1717 ὁ
678 1664 1034 1739 προκείμενος
1061 1668 1158 1718 τοῦ
1193 1663 1394 1736 μέλους
1422 1669 1531 1720 τῶν
1560 1666 1849 1740 ⁷ᾼσμάτσιν

310 1754 441 1821 Τήν
475 1750 525 1821 ἐξ
552 1750 721 1815 ἐθνῶν
752 1751 1043 1807 αἰνίττεται
1074 1752 1367 1827 πανσόφως
1399 1752 1750 1825 Ἐκκλησίαν.

304 1840 385 1897 '0
422 1839 675 1915 βασιλεὺς
706 1841 808 1916 γὰρ
841 1840 1135 1914 Σολομῶν,
1168 1843 1441 1896 τουτέστιν
1475 1844 1501 1897 6
1528 1843 1784 1921 νυμφίος,

311 1932 428 1991 ’¹Ος
469 1927 610 1984 ἐστιν
642 1934 748 1984 τῶν
782 1929 947 1993 ἐθνῶν
987 1934 1092 1984 τῶν
1126 1932 1458 2003 ἀπωσμένων
1493 1931 1681 1989 πάλαι.

314 2022 483 2075 "Em
520 2018 613 2090 μὲν
642 2021 742 2093 γὰρ
774 2019 863 2074 καὶ
894 2014 1125 2080 Λίϐανος
1156 2021 1371 2087 σεπτὸς,
1402 2022 1755 2095 ἡγιασμένος,

313 2106 555 2169 Οὖτινος
589 2108 858 2180 μέμνηται
889 2103 1054 2163 Δαϐὶδ
1087 2111 1115 2164 6
1146 2108 1562 2188 ψαλμιγράφος,
1597 2110 1794 2185 λέγων·

308 2198 420 2258 1Ὧς
452 2197 630 2275 φοῖνιξ
660 2196 937 2267 ἐξανθήσει
970 2196 1179 2260 δίκαιος
1222 2197 1275 2254 ἐν
1308 2200 1515 2274 Κυρίῳ,

242 2352 261 2373 ο
309 2286 424 2339 Καὶ
454 2286 897 2356 πληθυνθήσεται
929 2285 1113 2348 καλῶς
1144 2288 1217 2349 ὡς
1246 2285 1435 2362 κέδρος
1468 2287 1518 2342 ἐν
1554 2285 1796 2363 Λιϐάνῳ.

303 2376 475 2432 Ἔστι
509 2372 566 2429 δὲ
596 2374 762 2429 πάλιν
794 2370 1031 2438 Λίϐανος
1064 2372 1380 2445 ἀπόϐλητος
1409 2376 1461 2431 ὲν
1494 2382 1678 2443 πᾶσιν,

308 2461 505 2535 Οῦπερ
539 2462 828 2539 ἐπεύχεται
858 2460 1023 2518 Δαϐὶδ
1056 2466 1151 2526 τὰς
1190 2462 1414 2540 κέδρους
1446 2463 1812 2539 συντριϐῆναι.

311 2551 571 2613 Στύλους
604 2550 662 2606 δὲ
687 2553 749 2607 σύ
787 2575 879 2626 μοι
906 2553 1100 2623 νόησον
1130 2555 1220 2609 καὶ
1258 2555 1438 2629 βάσεις
1466 2560 1561 2610 τοῦ
1591 2556 1833 2632 φορείου,

308 2639 464 2703 Τοὺς
490 2639 836 2706 ἀποστόλους
865 2641 1091 2713 ἀληθῶς
1120 2641 1208 2697 καί
1235 2642 1362 2705 τοὺς
1393 2646 1675 2721 προφήτας
1718 2645 1903 2716 ὅλους,

314 2728 537 2791 Οῗτινες
575 2730 929 2802 ὑπεστήριξαν
962 2732 1202 2805 Χριστοῦ
1228 2732 1327 2801 τήν
1362 2730 1708 2803 Ἐκκλησίαν,

315 2822 425 2875 Καὶ
456 2820 555 2886 τὴν
582 2819 792 2895 ἀγάπην
833 2817 1085 2891 ηὔξησαν,
1119 2818 1286 2895 ἤγουν
1316 2822 1414 2888 τήν
1450 2822 1742 2899 σωτηρίαν.

323 2912 452 2965 Τῶν
486 2908 835 2979 ἀνθρωπίνων
869 2906 1084 2978 δηλαδή
1126 2912 1319 2985 ψυχῶν
1350 2914 1457 2965 τῶν
1490 2912 1848 2984 ἀπωσμένων.

318 3000 500 3051 Terina
532 2997 622 3068 μὲν
656 2995 747 3051 οὗν
783 2994 1088 3068 λελάληκεν
1120 2998 1253 3074 ὑπὲρ
1284 2999 1451 3068 αὐτῆς
1476 3002 1511 3069 ἠ
1542 3002 1752 3075 νύμφη.

894 3105 1018 3159 Τῶν
1049 3104 1097 3178 γ’
1129 3105 1377 3177 Πατέρων
1389 3150 1400 3162 .

306 3204 309 3207 ’
398 3192 491 3246 Ἐκ
518 3190 725 3246 τούτων
759 3193 862 3267 γὰρ
892 3192 999 3246 τῶν
1034 3190 1093 3247 ἐκ
1120 3199 1219 3262 τῆς
1276 3198 1518 3271 πονηρᾶς
1564 3195 1766 3267 ταύτης
1817 3196 1971 3251 ἐκκο-
2007 3229 2050 3296 C

374 3281 386 3296 .
580 3279 653 3296 υ..
850 3280 862 3296 ε
919 3279 932 3296 ς
986 3282 1000 3296 .
1054 3288 1098 3296 --
1235 3286 1263 3296 ..
1354 3287 1380 3296 -
1443 3285 1464 3296 -
1576 3284 1631 3296 ς.
1765 3289 1791 3296 -
1929 3286 1939 3296 .

316 3281 535 3336 πέντων
568 3279 743 3356 ῥίζης,
777 3280 865 3335 καὶ
916 3279 1001 3335 ἐπὶ
1053 3286 1276 3357 Χριστῷ
1313 3287 1393 3355 τῷ
1440 3284 1680 3358 θεμελίῳ
1720 3289 1818 3355 τῆς
1877 3286 1973 3341 πί-

311 3391 489 3431 στεως
540 3366 1106 3441 ἐποικοδομηθέντων,
1156 3377 1373 3447 φορεῖον
1425 3374 1599 3446 ἑαυτῷ
1655 3374 1974 3446 πεποίηκεν,

312 3458 482 3519 αὐτὸς
531 3458 765 3533 Χριστὸς
834 3458 861 3512 ὁ
920 3457 1191 3533 εἰρηνικὸς
1242 3460 1493 3535 βασιλεύς
1526 3482 1537 3494 ⁸
1619 3461 1704 3517 ἐπὶ
1761 3463 1971 3519 τούτων

311 3546 634 3622 ἔφθακότων
701 3546 775 3608 εἷς
848 3545 1169 3617 τελειότητα
1240 3548 1419 3626 ὥσπερ
1497 3550 1822 3627 ὀχούμενος,
1885 3552 1974 3606 καὶ

307 3637 458 3711 πρὸς
492 3634 622 3697 τοὺς
654 3632 1079 3707 διδασκομένους
1115 3634 1567 3714 μεταφερόμενος.
1629 3640 1777 3697 Κατᾶ
1810 3641 1974 3716 μέρος

311 3723 380 3781 δὲ
433 3725 532 3792 τὴν
580 3728 677 3777 τοῦ
728 3724 949 3801 φορείου
1005 3729 1341 3795 κατασκευὴν
1401 3724 1757 3803 ἐξηγούμενοί
1819 3749 1967 3808 φασι·

312 3814 566 3874 Στύλους
622 3812 790 3867 αὐτοῦ
862 3812 1112 3883 ἐποίησεν
1185 3814 1483 3891 ἀργύριον,
1542 3815 1696 3893 οἵπερ
1748 3818 1848 3873 εἰσὶ
1909 3819 1975 3873 τά

311 3903 486 3977 λόγια
545 3900 764 3977 Κυρίου,
824 3899 856 3954 ἃ
915 3922 1077 3975 φησιν
1126 3903 1153 3956 6
1205 3899 1390 3970 Δαϐἲδ,
1426 3902 1590 3979 λόγια
1621 3906 1775 3982 ἀγνᾶ,
1810 3906 1973 3981 ἀργύ-

310 4012 439 4068 ριον
500 3989 933 4066 πεπυρωμένον.
995 3991 1108 4066 Ἐφ’
1185 3991 1265 4052 οἷς
1322 3991 1502 4068 ὥσπερ
1554 3995 1661 4048 τισὶ
1724 3995 1969 4066 στόλοις,

312 4080 506 4154 ὕψωσε
563 4079 699 4155 πρὸς
750 4083 946 4153 γνῶσιν
1000 4080 1191 4134 ἑαυτοῦ
1252 4082 1279 4134 6
1332 4080 1567 4156 νυμφίος
1600 4084 1698 4152 τήν
1732 4082 1969 4161 νύμφην,

311 4171 521 4225 οἰκεῖον
586 4167 787 4235 ταύτην
863 4169 1234 4240 ποιησάμενος
1303 4170 1516 4245 ὃχημα,
1592 4173 1856 4246 φέρουσαν
1916 4172 1969 4226 ἐν

310 4260 481 4330 ἑαυτῇ
539 4257 637 4324 τὴν
699 4257 961 4324 ἑνωτικὴν
1015 4258 1245 4311 τουτωνὶ
1298 4262 1404 4312 τῶν
1439 4258 1640 4335 λογίων
1686 4259 1968 4330 ἀλήθειαν.

313 4347 421 4402 Καὶ
488 4342 776 4400 ἀνάκλιτον
853 4343 1016 4399 αὐτοῦ
1087 4345 1337 4420 χρυσίον,
1416 4346 1581 4423 ἤγουν
1635 4349 1969 4403 κατάπαυσιν

312 4441 420 4504 τῆς
478 4433 615 4489 κατὰ
669 4437 792 4487 νοῦν
851 4436 1113 4503 κινήσεως
1151 4434 1321 4504 αὐτῆς
1378 4437 1645 4507 πεποίηκε
1692 4438 1754 4491 τὸ
1806 4439 1969 4493 αὑτοῦ

318 4523 666 4598 ὑπερούσιον.
698 4523 868 4593 Ὅπερ
901 4523 1159 4595 σημαίνει
1190 4524 1218 4578 6
1250 4525 1456 4599 χρυσὸς
1482 4526 1558 4586 ὡς
1600 4531 1707 4579 τῶν
1759 4524 1967 4581 λοιπῶν

2087 585 2436 653 potestatem
2469 581 2782 645 intentant.
2817 586 3054 653 propter
3094 583 3377 637 terrorem
3429 597 3607 653 quam
3636 598 3736 638 ne-

2086 670 2361 742 quissimi
2392 671 2686 726 daemones
2714 671 2866 726 dolis
2918 670 3044 726 suis
3086 670 3293 725 animae
3343 670 3633 740 objiciunt
3676 670 3736 725 in

2086 760 2357 815 noctibus
2378 760 2851 833 ignorantiae,per
2876 760 3130 831 impetus
3154 758 3493 830 cupiditatis
3524 758 3734 815 rationi

2090 852 2508 919 repugnantes.

2159 1026 2443 1081 Ferculum
2472 1028 2600 1096 fecit
2622 1026 2731 1082 sibi
2759 1042 2859 1082 rex
2888 1026 3146 1082 Salomon
3174 1025 3238 1081 de
3270 1024 3450 1098 lignis
3479 1025 3687 1081 Libani
3716 1041 3732 1080 :

2087 1114 2375 1171 columnas
2446 1116 2562 1173 eius
2641 1117 2774 1184 fecit
2840 1123 3148 1184 argenteas,
3205 1118 3261 1170 et
3314 1115 3737 1171 reclinatorium

2087 1205 2203 1274 ejus
2259 1220 2506 1273 aureum,
2567 1220 2861 1259 ascensum
2916 1206 3035 1273 ejus
3081 1220 3444 1276 purpureum,
3491 1203 3736 1259 medium

2088 1293 2206 1364 ejus
2257 1294 2536 1363 lapidibus
2600 1302 2968 1360 constratum,
3030 1293 3360 1350 charitatem
3419 1310 3455 1348 α
3513 1293 3734 1364 ﬁliabus

2087 1383 2410 1439 Jerusalem.
2556 1391 2568 1400 '

2809 1490 3006 1545 Pselli.

2158 1578 2449 1636 Ferculum
2475 1580 2610 1652 fecit
2638 1580 2746 1635 sibi
2771 1595 2877 1635 rex
2902 1579 3182 1635 Salomon.

2158 1669 2362 1725 Sermo
2393 1668 2729 1740 propositus
2757 1668 2977 1725 Cantici
3008 1668 3373 1724 canticorum
3421 1666 3736 1739 sapientis-

2091 1757 2237 1814 sime
2271 1757 2590 1813 Ecclesiam
2622 1775 2690 1813 ex
2718 1757 2992 1830 gentibus
3021 1756 3322 1813 collectam
3354 1756 3569 1812 innuit.
3614 1757 3731 1812 Rex

2011 1864 2059 1930 B
2089 1846 2246 1902 enim
2276 1846 2573 1917 Salomon,
2605 1847 2661 1901 id
2696 1852 2803 1917 est,
2854 1863 3130 1919 sponsus,
3182 1846 3282 1918 qui
3329 1850 3418 1901 est
3462 1846 3729 1918 gentium

2090 1936 2226 1991 olim
2266 1936 2634 2003 rejectarum.
2665 1935 2915 1991 Libanus
2944 1936 3115 1990 etiam
3149 1938 3241 1991 est
3269 1935 3631 1991 venerandus
3673 1938 3732 1991 et

2090 2029 2351 2093 sanctus,
2375 2027 2445 2080 de
2478 2042 2593 2096 quo
2624 2024 2989 2081 Psalmorum
3023 2024 3289 2080 conditor
3318 2022 3496 2079 David
3529 2023 3734 2079 memi-

2086 2113 2173 2168 nit
2206 2130 2218 2169 :
2250 2115 2458 2179 Justus,
2492 2113 2788 2184 inquiens,
2819 2118 2882 2167 ut
2903 2114 3089 2185 palma
3133 2113 3353 2182 ﬂorebil
3396 2129 3416 2168 :
3464 2113 3605 2167 sicut
3651 2128 3733 2168 ce-

2086 2201 2216 2257 drus
2267 2202 2477 2257 Libant
2519 2200 2993 2272 multiplicabilur
3038 2203 3102 2255 3°.
3136 2206 3235 2257 Est
3266 2206 3461 2257 autem
3493 2217 3731 2257 rursum

2089 2291 2343 2346 Libanus
2396 2290 2740 2361 repudiatus
2789 2290 2848 2344 in
2898 2290 3194 2356 omnibus,
3255 2291 3425 2360 cujus
3491 2290 3727 2361 quidem

2087 2383 2250 2450 optat
2301 2378 2471 2433 David
2523 2379 2728 2433 cedros
2784 2378 3095 2449 confringi.
3148 2378 3255 2432 Per
3310 2378 3617 2433 columnas
3675 2384 3733 2433 et

2090 2468 2260 2522 bases
2292 2470 2352 2521 tu
2388 2466 2532 2520 mihi
2560 2465 2855 2538 apostolos
2885 2470 2941 2520 et
2970 2466 3287 2537 prophetas
3319 2466 3731 2538 intellige,‘qui

2086 2554 2299 2611 Christi
2334 2554 2648 2610 Ecclesiam
2686 2556 3120 2622 sustinuerunt,
3154 2559 3209 2610 et
3239 2555 3581 2611 charitatem
3630 2573 3737 2610 au-

2086 2649 2317 2711 xerunt,
2378 2644 2894 2716 humanarumque
2944 2644 3277 2699 animarum
3335 2661 3460 2715 qua:
3510 2645 3737 2715 rejectze

2087 2738 2274 2802 erant,
2303 2732 2516 2789 salutis
2578 2734 2817 2789 fuerunt
2875 2732 3320 2789 studiosissimi.
3357 2734 3485 2789 Haec
3546 2733 3730 2805 igitur

2093 2840 2310 2895 sponsa
2339 2822 2410 2878 de
2439 2840 2502 2879 se
2531 2823 2661 2895 ipsa
2688 2823 2885 2879 locuta
2912 2827 3022 2877 est.

2680 3107 2866 3161 Trium
2896 3107 3146 3161 Patrum.

2161 3196 2240 3250 Ex
2270 3194 2361 3250 his
2389 3193 2545 3249 enim
2580 3194 2676 3265 qui
2730 3209 2797 3249 ex
2844 3195 3112 3266 improba
3159 3194 3274 3250 ista
3322 3193 3517 3249 radice
3563 3192 3741 3250 excisi

2097 3284 2347 3352 fuerant,
2396 3287 2451 3337 et
2501 3300 2679 3354 super
2725 3283 3027 3339 Christum
3088 3282 3222 3338 ﬁdei
3281 3283 3733 3338 fundamentum

2088 3372 2379 3445 aediﬁcati,
2414 3372 2700 3428 ferculum
2732 3372 2842 3428 sibi
2877 3372 3015 3428 fecit
3045 3371 3169 3442 ipse
3198 3372 3463 3427 Christus
3494 3375 3609 3427 Rex
3640 3370 3739 3426 ille

2088 3462 2369 3534 paciﬁcus
2404 3479 2416 3517 :
2447 3478 2581 3517 cum
2613 3478 2792 3533 super
2821 3461 2913 3516 his
2952 3462 3025 3516 ad
3076 3461 3494 3533 perfectionem
3543 3461 3730 3515 addu-

2085 3553 2216 3618 ctis,
2248 3556 2551 3621 itanquam
2604 3550 2663 3604 in
2713 3566 2907 3615 curru,
2957 3550 3028 3605 ad
3079 3549 3433 3606 erudiendos
3464 3548 3735 3604 homines

2085 3642 2413 3694 veheretur.
2471 3637 2785 3709 Sigillatim
2846 3643 3042 3694 autem
3115 3638 3319 3693 ferculi
3384 3643 3735 3709 apparatum

2086 3733 2446 3795 enarrantes,
2478 3729 2775 3783 Columnas
2818 3727 2958 3797 ejus,
3010 3727 3308 3798 inquiunt,
3356 3728 3486 3797 fecit
3535 3743 3739 3797 argen-

2086 3823 2225 3883 teas,
2258 3833 2387 3889 quae
2417 3817 2654 3888 quidem
2691 3819 2829 3870 sunt
2853 3816 3089 3887 eloquia
3120 3814 3388 3871 Domini:
3420 3815 3490 3869 de
3520 3814 3737 3886 quibus

2090 3904 2266 3960 David
2303 3921 2317 3960 :
2353 3905 2600 3976 Eloquia,
2633 3903 2845 3973 inquit,
2874 3908 3025 3958 casta
3060 3921 3077 3955 :
3105 3910 3401 3971 argentum
3432 3905 3557 3972 igne
3599 3918 3739 3957 exa-

2082 3997 2363 4050 minatum
2399 3994 2463 4047 ‘0.
2496 3995 2681 4064 Super
2711 3991 2926 4064 quibus
2955 3996 3236 4062 tanquam
3271 3989 3565 4045 columnis
3606 3985 3740 4061 qui-

2083 4083 2332 4139 busdam
2369 4097 2623 4154 sponsus
2655 4080 2951 4135 sublatam
2984 4096 3264 4152 sponsam
3298 4079 3369 4135 ad
3422 4094 3484 4134 se
3534 4079 3736 4145 traxit,

2084 4171 2385 4243 prOprium
2420 4170 2609 4242 ipsam
2638 4168 2972 4224 vehiculum
3007 4169 3394 4236 constituens,
3428 4184 3555 4240 quae
3586 4167 3643 4221 in
3677 4184 3739 4223 se

2080 4260 2209 4331 ipso.
2239 4260 2415 4315 ferret
2444 4274 2639 4313 veram
2682 4258 2893 4313 horum
2942 4256 3311 4329 eloquiorum
3362 4256 3733 4328 conjunctio-

2081 4365 2237 4404 nem.
2270 4349 2335 4403 Et
2365 4348 2776 4404 reclinatorium
2807 4348 2925 4417 ejus
2954 4362 3187 4401 aureum
3219 4363 3238 4401 :
3270 4347 3325 4401 id
3360 4350 3466 4413 est,
3522 4344 3737 4400 mentis

2080 4438 2272 4508 ipsius
2316 4435 2803 4507 tranquillitatem
2854 4436 3210 4506 praecipuam
3262 4433 3375 4491 sibi
3424 4434 3523 4489 ubi
3574 4433 3737 4505 quie-

2081 4530 2269 4581 sceret
2298 4526 2496 4580 sedem
2531 4524 2945 4579 constituitzid
2979 4525 3134 4579 enim
3169 4541 3272 4595 per
3301 4539 3509 4579 aurum
3543 4527 3738 4578 osten-

318 4617 509 4669 πασῶν
561 4610 705 4666 ὑλῶν
736 4611 1085 4685 τιμιώτερος.
1140 4608 1422 4675 Ἐπίϐασις
1472 4615 1637 4669 αὐτοῦ
1694 4616 1956 4693 πορφύρα

2091 4615 2189 4680 dit,
2224 4615 2378 4684 quod
2415 4613 2591 4667 rebus
2621 4612 2898 4668 omnibus
2929 4630 2995 4667 ex
3024 4612 3272 4667 materia
3328 4610 3741 4668 constantibus

322 4699 591 4757 δώλονότι
628 4697 874 4774 βασιλεία
903 4703 1055 4754 Θεοῦ.
1090 4700 1153 4755 Εἰ
1185 4700 1289 4777 γὰρ
1322 4700 1593 4777 εἶ’ρηνικὸς
1620 4705 1647 4758 6
1696 4703 1968 4775 Σολομῶν

324 4788 703 4864 ἑρμηνεύεται,
758 4787 847 4841 καὶ
916 4785 1088 4858 δηλοῖ
1135 4789 1227 4843 τὸν
1284 4789 1661 4863 εἷρηνεύσαντα
1704 4792 1756 4846 ἐν
1804 4792 1976 4865 ἐαυτῷ

318 4880 389 4935 τὰ
417 4878 590 4933 πάντα
619 4876 875 4953 Χριστόν·
926 4879 961 4947 ἡ
996 4875 1056 4932 δὲ
1104 4878 1294 4954 εἰρήνη
1349 4877 1718 4955 ἀνενόχλητος
1778 4881 1971 4959 εὖφρο-

319 4969 452 5039 σύνη
508 4965 675 5039 ἐστὶν,
706 4968 741 5035 ἡ
775 4963 822 5020 δ’
852 4965 1228 5041 ἀνενόχλητος
1257 4967 1586 5044 εὐφροσύνη,
1622 4970 1973 5034 ἀστασίαστος

322 5054 457 5114 θεοῦ
519 5054 770 5132 βασιλεία
802 5055 1055 5131 ὑπάρχει’
1111 5054 1390 5131 βασιλείας
1445 5055 1548 5133 ἄρα
1603 5063 1736 5114 Θεοῦ
1784 5062 1818 5129 ἡ
1860 5059 1975 5114 ἰπί-

320 5142 476 5209 ϐασις
524 5152 628 5215 τῆς
676 5141 1091 5220 ὑποδεχομένης
1142 5148 1330 5221 ψυχῆς
1391 5143 1547 5217 δίκην
1606 5148 1826 5225 φορείου
1883 5151 1974 5205 τὸν

320 5234 590 5310 εἰρηνικὸν
654 5232 883 5309 βασιλέα
930 5231 1068 5289 ἐστίν
1099 5278 1112 5290 .
1164 5236 1342 5297 Ἐντὸς
1395 5235 1557 5291 αὐτοῦ
1608 5236 1975 5313 λιθόστρωτον

323 5324 538 5400 ἀγάπην
593 5324 700 5378 ἀπὸ
758 5322 1067 5398 θυγατέρων
1130 5322 1493 5400 Ἰερουσαλήμ
1526 5344 1538 5357 ·
1605 5323 1731 5394 ἤτοι
1801 5326 1852 5381 ἐν
1905 5330 1974 5400 τῇ

324 5414 618 5489 κεκριμένη
680 5408 910 5466 διαθέσει
974 5418 1076 5481 τῆς
1149 5411 1347 5467 τούτου
1400 5413 1823 5489 χρηματισάσης
1878 5438 1976 5493 φο-

330 5510 472 5578 ρεῖον
518 5506 705 5578 ψυχῆς
738 5499 988 5569 ἐποίησεν
1019 5502 1047 5555 6
1074 5501 1468 5578 ἀκρογωνιαῖος
1500 5502 1651 5565 λίθος
1682 5510 1802 5567 ταῖς
1849 5504 1975 5559 ἑαυ-

406 5685 454 5721 ³⁹
482 5683 635 5741 Psal.
667 5699 779 5754 xor,
810 5681 896 5738 i3.
971 5682 1017 5718 ⁴⁰
1044 5680 1199 5740 Psal.
1240 5700 1318 5755 χι,
1351 5687 1401 5741 7.

2087 4704 2408 4761 antecellit.
2468 4709 2764 4759 Ascensum
2819 4704 2937 4775 ejus
2987 4719 3221 4759 aureum
3293 4720 3313 4759 :
3373 4703 3593 4775 regiam
3652 4701 3741 4756 ni-

2087 4795 2305 4850 mirum
2341 4793 2461 4849 Dei.
2493 4797 2639 4847 Nam
2674 4792 2723 4848 si
2755 4791 3025 4848 Salomon
3073 4792 3366 4863 significat
3408 4790 3745 4863 pacificum,

2085 4887 2142 4941 et
2171 4883 2470 4938 Christum
2503 4881 2726 4937 indicat
2756 4882 2854 4952 qui
2889 4882 2948 4936 in
2995 4898 3057 4937 se
3105 4885 3316 4939 cuncta
3363 4878 3693 4953 paciﬁcavit
3723 4896 3737 4936 :

2088 4990 2198 5045 pax
2227 4976 2421 5028 autem
2455 4974 2545 5027 est
2597 4970 2778 5025 animi
2830 4969 3028 5025 laetitia
3079 4971 3151 5025 ab
3200 4970 3363 5027 omni
3407 4966 3742 5024 turbatione

2088 5067 2357 5118 remota:
2391 5060 2512 5116 haec
2543 5075 2675 5115 vero
2707 5058 2908 5115 laetitia
2956 5063 3046 5115 est
3092 5060 3193 5115 Dei
3244 5059 3406 5131 regia
3455 5058 3526 5113 ab
3580 5057 3742 5113 omni

2088 5151 2374 5208 seditione
2404 5148 2596 5204 aliena
2642 5164 2656 5203 :
2708 5148 2870 5220 regia
2921 5148 3123 5220 utique
3172 5148 3272 5205 Dei
3323 5152 3413 5204 est
3461 5161 3744 5203 ascensus

2088 5239 2318 5307 animae,
2351 5254 2479 5309 quae
2513 5235 2715 5292 ferculi
2746 5236 2931 5291 instar
2977 5236 3229 5308 suscipit
3277 5236 3490 5308 Regem
3540 5233 3741 5307 paciﬁ-

2087 5344 2244 5383 cum.
2276 5326 2517 5382 Medium
2544 5327 2660 5396 ejus
2707 5325 2980 5396 lapidibus
3024 5331 3282 5392 stratum,
3329 5326 3661 5381 charitatem
3708 5340 3743 5379 a

2086 5416 2309 5488 ﬁliabus
2337 5412 2647 5471 Jerusalem
2679 5429 2692 5468 :
2725 5413 2787 5468 in
2835 5412 3143 5469 affectione
3188 5412 3459 5469 videlicet
3507 5411 3740 5480 animm,

2087 5522 2219 5581 quae
2250 5492 2535 5560 ferculum
2568 5502 2696 5578 ejus
2726 5501 3022 5560 declarata
3069 5506 3159 5559 est
3190 5519 3203 5557 :
3236 5500 3387 5576 lapis
3436 5497 3738 5571 angularia
