4046 6144
285 396 402 456 607

1619 392 2041 453 MICHAELIS
2083 388 2358 451 PSELLI

3572 388 3691 448 608

292 528 488 583 divina
535 526 805 583 doctrina
863 543 969 583 sua
1035 530 1207 598 atque
1256 524 1539 599 exemplis
1586 524 1931 581 charitatem

2059 526 2143 579 τοῦ
2173 521 2338 586 θείαις
2372 519 2768 585 διδασκαλίαις,
2802 520 2891 576 xtl
2921 524 3037 582 τοῖς
3070 517 3460 595 ὑποδείγμασιν
3485 518 3688 597 ἔστρω-

294 617 636 683 coustravit,
671 634 704 672 a
736 617 1231 672 buccinatricibus
1262 616 1386 671 suis
1433 616 1767 687 apostolicis
1818 616 1936 671 ani-

298 708 507 763 mabus
539 707 689 779 (qua:
725 706 858 761 ﬁliae
903 724 1139 778 quoque
1188 705 1513 761 Jerusalem
1564 706 1732 761 dictaa
1775 710 1935 770 sunt,

296 796 573 868 quoniam
618 802 903 866 quantum
956 796 1025 850 ad
1077 812 1305 850 carnem
1339 795 1566 863 attinet,
1599 794 1733 849 inde
1765 795 1935 863 origi-

294 901 429 940 nem
462 884 725 946 trahunt)
755 884 1040 955 incipiens
1094 902 1106 939 :
1158 900 1291 938 cum
1343 883 1591 955 apostoli
1640 883 1813 955 primi
1864 884 1935 937 ad

293 973 507 1029 Christi
535 972 944 1037 imitationem,
978 973 1207 1027 animas
1237 990 1377 1028 suas
1410 989 1512 1043 pro
1556 972 1743 1027 salute
1794 971 1939 1026 mul-

295 1068 486 1118 torum
544 1062 870 1132 posuerint,
920 1065 1418 1132 praeceperintque
1470 1067 1527 1116 ut
1558 1062 1709 1116 idem
1745 1062 1935 1117 effice-

293 1157 441 1219 rent,
476 1151 810 1222 quicunque
841 1152 910 1205 ad
945 1151 1361 1221 perfectionem
1393 1152 1451 1205 in
1484 1152 1714 1206 Christo
1764 1165 1937 1221 cupe-

291 1246 419 1296 rent
445 1241 1167 1311 pervenire.Quamobrem
1188 1256 1438 1311 magnus
1459 1239 1936 1310 Apostoluszlmi-

292 1338 512 1396 latores,
544 1329 757 1400 inquit,
790 1331 900 1383 mei
928 1334 1112 1394 estote,
1145 1332 1286 1383 sicut
1314 1333 1363 1384 et
1392 1344 1488 1397 ego
1520 1328 1725 1383 Christi
1753 1330 1819 1383 ‘l.

1016 1418 1205 1473 l’selli.
1453 1411 1461 1419 ’

366 1507 580 1562 Deinde
607 1523 811 1561 omnes
846 1506 1148 1561 hominum
1184 1507 1411 1561 animas
1456 1506 1820 1575 adhortatur,
1874 1509 1939 1561 ut

293 1613 327 1651 a
358 1596 560 1650 mundi
594 1595 887 1650 scandulis
918 1600 974 1650 et
1025 1596 1564 1667 perturbationibus
1610 1595 1934 1665 discedant,

292 1689 350 1740 et
380 1702 666 1757 sponsum
700 1702 832 1740 cum
889 1685 1030 1755 ipsis
1081 1686 1459 1755 conjunctum
1506 1688 1789 1756 spectent.
1843 1683 1937 1739 Sic

291 1774 447 1829 enim
480 1791 697 1846 sponsa
730 1791 842 1845 praa
872 1773 1072 1829 laetitia
1102 1774 1232 1829 illas
1263 1774 1583 1845 alloquitur
1633 1792 1646 1828 :
1700 1774 1935 1843 Egredi-

286 1864 452 1929 mini,
478 1867 528 1919 et
558 1864 751 1933 videte,
796 1879 826 1919 ο
871 1864 1008 1933 ﬁliae
1057 1864 1212 1932 Sion,
1260 1864 1454 1935 inquit
1502 1880 1741 1935 sponsa,
1795 1879 1937 1933 quo-

288 1952 449 2007 niam
498 1968 624 2023 ego,
676 1968 803 2023 quee
857 1951 1020 2023 prius
1071 1953 1256 2007 invisa
1306 1954 1548 2017 fueram,
1599 1968 1756 2007 nunc
1788 1951 1938 2006 facta

293 2058 424 2096 sum
449 2040 962 2111 jucundissimum
997 2040 1197 2111 sponsi
1242 2040 1567 2108 ferculum;
1614 2040 1785 2113 cupio
1838 2055 1939 2095 vos

291 2130 432 2185 item
489 2130 789 2185 universas
837 2146 903 2184 ex
934 2130 1043 2184 hac
1074 2130 1192 2184 vita
1222 2130 1442 2202 fugere,
1475 2134 1532 2185 et
1562 2130 1724 2201 puris
1754 2129 1940 2185 oculis

292 2235 579 2291 sponsum
610 2218 939 2274 diademate
971 2236 1039 2273 ex
1060 2219 1331 2291 pretiosis
1354 2219 1652 2291 lapidibus
1673 2223 1938 2274 contexto

292 2307 634 2365 redimitum
667 2308 1076 2380 contemplari,
1107 2308 1208 2379 qui
1242 2327 1275 2364 a
1308 2314 1496 2364 matre
1527 2326 1635 2364 sua
1663 2308 1744 2364 ita
1774 2325 1939 2364 coro-

290 2400 488 2463 natus,
522 2412 616 2451 me
647 2396 760 2451 sibi
790 2396 962 2452 hodie
994 2397 1583 2468 desponsavit.Mater
1614 2414 1746 2453 vero
1780 2396 1941 2453 illius

289 2485 479 2541 Patris
508 2485 767 2541 charitas
800 2485 932 2541 fuit.

884 2753 1071 2808 Trium
1101 2755 1353 2808 Patrum.

369 2841 515 2907 Quia
541 2842 825 2913 magistra
874 2841 1292 2897 animadvertit
1339 2840 1661 2912 discipulus
1709 2840 1940 2896 haesita-

301 2930 529 2985 bundas
562 2934 798 3000 propter
843 2945 905 2985 se
947 2934 1118 3001 atque
1166 2931 1552 2986 admiratione
1600 2930 1824 3002 plenas,
1875 2945 1943 2984 ea

299 3035 427 3090 quae
459 3019 529 3073 ad
562 3034 624 3073 se
654 3018 1434 3091 pertinerent,explicare:gin
1469 3036 1684 3093 sponso
1716 3018 1943 3075 Christo

293 3107 418 3163 vult
443 3124 542 3162 eas
573 3108 846 3179 deinceps
878 3108 1086 3164 salutis
1119 3113 1331 3164 nostra:
1363 3110 1604 3164 modum
1658 3108 1940 3177 contueri,

298 3202 355 3252 et
386 3197 595 3253 merito
626 3196 896 3252 dubitare
928 3202 1103 3269 atque
1134 3198 1437 3265 admirari,
1472 3198 1767 3270 quomodo
1817 3198 1943 3269 ipse

2049 612 2214 685 μὲνην
2247 611 2485 686 ἀγάπην,
2510 612 2614 665 ἀπὸ
2646 615 2751 664 τῶν
2783 610 3036 682 κηρύκων
3094 610 3256 664 αὐτοῦ
3307 609 3686 665 ἆποστολικῶν

2045 705 2237 777 ψυχῶν
2290 702 2366 773 (αἱ
2423 701 2511 754 καὶ
2573 700 2855 775 θυγατέρες
2910 698 3272 775 Ἰερουσαλὴμ
3330 698 3641 770 ἐκλήθησαν
3676 742 3689 767 ,

2046 792 2120 852 ὡς
2178 788 2455 860 ἐκταῦτης
2507 790 2569 844 τὸ
2628 790 2763 843 κατᾶ
2819 791 2990 863 σάρκα
3038 789 3428 863 τυγχάνουσαι)
3459 787 3691 864 ἀρξάμε-

2045 898 2157 941 νος⁸
2220 880 2293 942 ὡς
2351 880 2582 953 πρώτων
2624 884 2731 933 τῶν
2766 877 3085 934 ἀποστόλων
3120 878 3253 932 κατά
3295 878 3525 951 μίμησιν
3560 879 3691 953 Χρι-

2045 974 2172 1023 στοῦ
2227 969 2320 1030 τὰς
2376 970 2578 1023 ἑαυτῶν
2639 970 2817 1043 ψυχάς
2875 968 3168 1040 τιθεμένων
3234 968 3365 1038 ὑπὲρ
3427 971 3527 1031 τῆς
3584 971 3695 1021 τῶν

2044 1056 2272 1113 πολλῶν
2329 1058 2627 1132 σωτηρίας·
2661 1058 2940 1111 κάντεῦθεν
2970 1058 3038 1111 τὰ
3067 1056 3233 1127 ὅμοια
3262 1058 3514 1125 πράττειν
3544 1055 3694 1131 ἰγκε-

2046 1145 2353 1220 λευομὲνων
2381 1154 2498 1209 τοῖς
2555 1146 2857 1224 ἰφιεμὲνοις
2906 1153 3005 1214 τῆς
3064 1145 3117 1199 ἑν
3171 1151 3388 1219 Χριστῷ
3417 1144 3696 1215 τελειότη-

2044 1258 2160 1297 τος.
2194 1236 2286 1290 Διό
2319 1257 2480 1310 φησιν
2509 1237 2536 1289 ὁ
2573 1236 2737 1310 μέγας
2788 1232 3149 1297 Ἀπόστολος·
3178 1234 3423 1307 Μιμηταί
3460 1255 3564 1307 μου
3609 1235 3698 1309 γί-

2045 1328 2219 1397 νεσθε,
2250 1327 2427 1389 καθὼς
2457 1324 2607 1400 κάγὼ
2633 1325 2884 1400 Χριστοῦ.

2744 1411 2990 1470 Ψελιλοῦ.

2047 1505 2177 1561 Εἶτα
2203 1504 2564 1578 προτρέπεται
2609 1507 2812 1578 ψυχαῖς
2843 1503 3075 1565 ἀπάσαις
3101 1507 3205 1557 τῶν
3238 1503 3536 1575 ἀνθρώπων

2046 1592 2381 1664 Ὑπεξελθεῖν
2414 1598 2520 1647 τῶν
2554 1598 2836 1666 κοσμικῶν
2869 1590 3183 1648 σκανδάλων
3216 1592 3304 1647 καὶ
3338 1588 3608 1667 θορύϐων,

2047 1684 2150 1739 Καὶ
2180 1684 2269 1737 τὸν
2303 1683 2534 1758 νυμφίον
2569 1680 2805 1737 κατιδεῖν
2839 1682 3024 1745 αὐταῖς
3047 1680 3446 1754 συνηνωμένον.

2049 1770 2193 1843 Φησῖ
2225 1772 2322 1847 γὲρ
2358 1773 2501 1826 οὕτω
2534 1773 2669 1846 πρὸς
2698 1770 2860 1833 αὐτὰς
2898 1772 2982 1847 ὑφ’
3013 1769 3217 1839 ἡδονῆς
3242 1773 3276 1839 ἡ
3308 1771 3518 1847 νύμφη·

2047 1857 2322 1931 Ἐξέλθετε
2347 1858 2434 1914 καί
2461 1856 2626 1928 ἵδετε,
2660 1861 2704 1913 ὦ
2746 1859 3035 1935 θυγατᾶρες
3064 1867 3160 1929 τῆς
3214 1860 3379 1928 Σιὼν,
3415 1860 3602 1938 φησὶν,
3658 1862 3694 1929 ἡ

3200 2012 3203 2015 ἤ
3267 1950 3475 2029 [νύμφη
3506 1950 3702 2022 πάλιν,

2051 2040 2301 2115 Ἐπείπερ
2336 2039 2504 2117 ἔγωγε
2532 2041 2592 2095 τὸ
2624 2041 2748 2116 πρὶν
2783 2042 2916 2095 οὖσα
2951 2039 3320 2115 μεμισημένη,

2049 2131 2247 2208 Γέγονα
2274 2137 2365 2185 νῦν
2398 2131 2755 2206 τερπνότατον
2789 2137 3006 2209 φορεῖον
3034 2135 3130 2185 τοῦ
3161 2130 3419 2209 νυμφίου.

2050 2221 2202 2277 Θέλω
2235 2220 2321 2275 καὶ
2355 2220 2526 2284 πάσας
2555 2220 2803 2299 ἐκφυγεῖν
2839 2222 2975 2294 ὑμᾶς
3004 2221 3111 2275 ἀπὸ
3138 2225 3235 2276 τοῦ
3271 2220 3411 2295 βίου,

2047 2312 2142 2365 Καὶ
2176 2316 2434 2383 καθαροῖς
2464 2309 2515 2364 ἑν
2546 2306 2757 2383 ὄμμασι
2790 2304 3156 2386 προσϐλέπειν
3184 2308 3277 2365 τὸν
3306 2310 3539 2385 νυμφίον

2050 2400 2431 2473 Περικείμενον
2462 2400 2713 2478 στέφανον
2748 2398 2807 2454 ὲκ
2836 2398 3004 2455 λίθων
3036 2395 3369 2472 σεϐασμίων,

2049 2490 2136 2544 Ἐν
2168 2491 2317 2564 ᾧπερ
2349 2488 2704 2567 ἐστεφάνωσεν
2737 2489 2896 2543 αὐτὸν
2930 2491 2963 2558 ἡ
3002 2491 3187 2564 μήτηρ
3217 2488 3435 2559 τούτου,

2051 2579 2306 2650 Σήμερον
2349 2576 2784 2649 μνηστευόμενον
2816 2575 2914 2649 ἒμὶ
2940 2577 3042 2643 τὴν
3072 2575 3423 2647 Ἐκκλησίαν.

2048 2667 2253 2740 Μήτηρ
2288 2662 2345 2719 δὲ
2373 2664 2570 2720 τούτου
2599 2666 2831 2742 πέφυκεν
2862 2668 2897 2733 ἡ
2929 2670 3030 2719 τοῦ
3062 2667 3267 2739 Ιιατρὸς
3294 2665 3501 2741 ἀγάπη.

2636 2759 2749 2808 Τῶν
2781 2757 2829 2828 γ’
2859 2754 3131 2831 Πατὲρων.

2120 2844 2271 2897 Ἐπεὶ
2320 2840 2377 2896 δὲ
2432 2842 2526 2906 τὰς
2587 2843 3028 2916 μαθητευομὲνας
3080 2845 3115 2912 ἡ
3178 2839 3503 2905 διδάσκαλος
3566 2840 3701 2898 εἶδεν

2051 2930 2501 3007 διαπορουμὲνας,
2558 2932 2643 2986 καὶ
2708 2927 2951 3004 θάμϐους
3009 2929 3425 3006 πληρουμένας,
3502 2930 3592 2986 καὶ
3635 2931 3701 2986 τὰ

2050 3022 2166 3076 κατ’
2198 3020 2364 3088 αὐτὴν
2388 3019 2774 3097 ἐξηγουμένας,
2809 3021 2860 3076 ἂν
2894 3025 2974 3094 τῷ
3011 3020 3232 3099 νυμφίῳ
3281 3025 3517 3097 Χριστῷ,
3574 3020 3702 3096 βοό-

2054 3109 2203 3166 λεται
2235 3110 2430 3165 λοιπὸν
2464 3110 2625 3171 αὐτὰς
2658 3113 2930 3184 θεωρῆσαι
2985 3111 3078 3165 τὸν
3129 3111 3330 3185 τρόπον
3368 3116 3469 3179 τῆς
3520 3130 3704 3179 σωτη-

2055 3200 2171 3275 ρίας
2217 3202 2401 3272 ἡμῶν,
2460 3199 2547 3254 καὶ
2602 3199 2763 3269 ἀξίως
2824 3199 3096 3273 ἆπορῆσιιί
3154 3220 3214 3253 τε
3260 3197 3350 3253 καὶ
3409 3196 3703 3271 θαυμάσαι,

302 3285 623 3343 salutiferis
643 3286 1004 3342 cruciatibus
1021 3303 1084 3341 ac
1108 3292 1295 3343 morte
1317 3304 1426 3343 sua
1448 3269 1941 3358 tranquillitatem

2059 3269 2205 3353 iich
2232 3269 2395 3350 «urbe
2432 3287 2484 3343 ἐν
2535 3294 2652 3350 τοῖς
2697 3269 2990 3362 σωτηρίοις
3047 3288 3211 3343 αὐτοῦ
3269 3269 3557 3360 παθήμασι
3614 3288 3701 3341 καὶ

295 3376 464 3432 nobis
494 3381 551 3430 et
578 3375 759 3430 vitam
791 3375 1037 3446 largitus
1068 3377 1163 3431 sit.
1211 3377 1459 3432 Proinde
1513 3395 1526 3432 :
1578 3375 1939 3447 Egredimini,

303 3465 519 3537 inquit,
551 3469 604 3520 et
628 3464 820 3531 videte,
847 3466 987 3535 ﬁliae
1014 3468 1151 3521 Sion
1185 3482 1196 3517 :
1234 3466 1503 3534 omittite,
1555 3483 1679 3536 quae
1729 3466 1798 3519 ad
1851 3479 1945 3519 me

299 3553 571 3609 ancillam
602 3554 857 3608 attinent
888 3554 1332 3623 considerare,ci
1356 3555 1412 3608 in
1438 3554 1683 3609 Domino
1708 3554 1945 3625 pacifico

303 3643 519 3697 mentis
568 3642 750 3695 aciem
811 3642 1065 3713 defigite,
1116 3643 1602 3714 contemplantes,
1655 3644 1946 3713 quomodo

302 3730 553 3786 salutem
587 3729 684 3784 hic
720 3730 887 3784 nobis
920 3731 1316 3801 acquisiverit.
1355 3730 1510 3785 Filiae
1560 3730 1830 3803 speculae,
1884 3736 1949 3786 ut

302 3818 637 3891 spiritaliter
671 3836 772 3891 per
802 3820 976 3874 fidem
1008 3821 1215 3892 genita:
1251 3838 1263 3875 :
1296 3821 1430 3874 Sion
1455 3822 1612 3875 enim
1645 3821 1946 3892 speculam

304 3908 615 3979 signiﬁcat.
641 3908 886 3979 Specula
915 3914 1132 3975 autem,
1155 3926 1223 3965 ex
1256 3927 1371 3982 qua
1401 3910 1531 3981 quis
1565 3910 1731 3966 facile
1761 3915 1951 3983 potest

305 3996 692 4069 spiritualiter
707 3997 1315 4069 despicere,spiritalis
1337 4004 1425 4055 est
1445 4000 1949 4071 generatio,quam

310 4087 410 4158 qui
443 4095 796 4141 consecutus
826 4104 938 4142 non
972 4093 1080 4154 est,
1115 4104 1301 4143 caicus
1331 4093 1420 4144 est
1464 4093 1520 4144 et
1569 4106 1745 4144 manu
1797 4089 1949 4145 viam

310 4180 495 4232 tentat
526 4176 585 4229 in
614 4176 883 4231 veritatis
914 4176 1157 4248 fulgore.
1191 4178 1455 4248 Spectate
1486 4182 1703 4248 autem,
1736 4180 1951 4250 inquit,

314 4264 773 4336 dispensationis
806 4266 1089 4321 rationem
1124 4269 1184 4321 in
1213 4267 1523 4322 diademate
1571 4284 1673 4339 quo
1724 4285 1953 4324 corona-

310 4356 387 4409 vit
417 4369 540 4409 eum
568 4362 746 4408 mater
774 4371 873 4409 sua
905 4356 965 4409 in
992 4356 1081 4410 die
1124 4357 1555 4426 desponsationis
1604 4358 1776 4428 ipsius
1825 4374 1844 4411 :
1892 4357 1952 4411 in

311 4442 517 4514 spinea
551 4442 827 4497 nimirum
864 4460 1275 4516 corona,quam
1308 4445 1521 4500 Christi
1555 4445 1732 4517 capiti
1767 4446 1953 4516 impo-

314 4532 433 4587 suit
452 4531 787 4587 Judaeorum
812 4549 1201 4605 synagoga,ex
1224 4552 1340 4605 qua
1360 4535 1485 4605 ipse
1511 4540 1599 4589 est
1629 4536 1953 4589 secundum

2052 3382 2131 3449 τῷ
2184 3379 2395 3449 θανάτῳ
2418 3378 2515 3445 τὴν
2550 3376 2804 3440 ἀπάθειαν
2854 3378 2941 3432 καὶ
2975 3378 3072 3445 τὴν
3110 3378 3254 3445 ζωὴν
3312 3378 3447 3447 ἡμῖν
3498 3372 3707 3450 ὶδωρή-

2056 3487 2209 3523 σατο.
2261 3466 2353 3521 Διό
2385 3487 2568 3542 φησιν·
2605 3464 2876 3535 Ἐξίλθετε
2905 3466 2995 3520 καὶ
3020 3463 3186 3533 ⁸ίδετε,
3221 3464 3504 3541 θυγατέρες
3560 3465 3706 3519 Σιὼν

2056 3555 2107 3610 ἐν
2162 3560 2242 3627 τῶ
2276 3554 2490 3630 βασιλεῖ
2534 3552 2828 3626 Σολομῶν·
2888 3553 3079 3630 ἤγουν,
3112 3554 3465 3629 κατακείψατι
3490 3554 3554 3608 τὸ
3583 3558 3703 3615 τοῖς

2054 3646 2169 3699 κατ’
2202 3644 2300 3715 ἐμὲ
2330 3644 2430 3712 τήν
2462 3640 2665 3713 δούλην
2698 3642 3052 3718 ἀσχολεῖσθαι
3085 3644 3174 3697 τὸν
3206 3647 3353 3715 νοῦν,
3404 3643 3491 3697 καὶ
3542 3640 3595 3697 ἐν
3625 3647 3707 3715 τῷ

2058 3733 2315 3809 εἰρηνικῴ
2376 3730 2609 3807 δεσπότῃ
2664 3731 2934 3802 θεάσασθε,
2996 3732 3146 3796 ὅπως
3200 3735 3335 3805 ἡμῖν
3389 3733 3545 3794 οὗτος
3602 3732 3703 3800 τήν

2059 3822 2328 3895 σωτηρίαν
2403 3821 2880 3896 ἐπραγματεύσατο
2914 3865 2924 3878 .
3014 3821 3188 3877 Τέκνα
3272 3822 3701 3897 σκοπευτηρίου·

2059 3912 2134 3974 ὡς
2180 3915 2489 3985 γενηθεῖσαι
2530 3914 2902 3982 πνευματικῶς
2955 3906 3043 3964 διὰ
3097 3909 3347 3972 πίστεως.
3408 3908 3549 3964 Σιὼν
3603 3912 3704 3986 γάρ

2059 4001 2450 4072 σκοπευτήριον
2510 3998 2899 4073 ἑρμηνεύεται.
2963 4001 3366 4076 Σκοπευτήριον
3424 3996 3482 4053 δὲ
3534 3997 3586 4068 ἐξ
3644 3999 3707 4053 οὗ

2062 4087 2280 4144 δύναταί
2310 4109 2390 4149 τις
2441 4088 2576 4142 κατὰ
2604 4092 2727 4142 νοῦν
2781 4089 2908 4163 ὁρᾷν
2941 4083 3205 4162 ἀκριϐῶς,
3271 4091 3305 4157 ἡ
3361 4089 3706 4160 πνευματική

2061 4179 2169 4233 ἐστι
2202 4178 2469 4251 γέννησις,
2530 4178 2597 4246 ἧς
2632 4178 2659 4231 ὁ
2694 4176 2770 4247 μὴ
2828 4177 3010 4250 τυχὼν
3066 4175 3273 4254 τυφλός
3313 4175 3450 4245 ἐστι,
3484 4179 3712 4249 μυωπά-

2065 4273 2169 4336 ζων
2214 4265 2337 4340 περὶ
2367 4265 2459 4327 τὰς
2488 4272 2587 4333 τῆς
2630 4264 2886 4335 ἀληθείας
2932 4264 3124 4339 αὐγάς.
3185 4266 3454 4320 Θεάσασθε
3512 4262 3569 4319 δὲ
3618 4265 3713 4319 τὸν

2064 4357 2398 4433 εἰρημένον,
2453 4355 2625 4433 φησὶ,
2677 4362 2779 4421 τῆς
2837 4354 3151 4427 οἰκονομίας
3210 4354 3411 4427 τρόπον
3448 4399 3463 4423 ,
3526 4354 3575 4409 ἐν
3635 4359 3715 4427 τῷ

2065 4445 2306 4521 στεφάνῳ
2372 4446 2418 4517 ᾧ
2496 4445 2857 4521 ἐστεφάνωσεν
2939 4443 3100 4498 αὐτὸν
3160 4446 3195 4513 ἡ
3276 4446 3461 4519 μήτηρ
3522 4444 3714 4512 αὐτοῦ,

2067 4534 2117 4590 ἐν
2152 4535 2334 4608 ἡμέρᾳ
2389 4535 2730 4611 νυμφεὺσεως
2784 4534 2971 4587 αὐτοῦ’
3007 4530 3265 4603 δηλονότι
3322 4532 3373 4587 ἐν
3413 4539 3493 4605 τῷ
3551 4533 3712 4588 ἀκαν-

314 4637 571 4684 ΟᾶῐὌϐΠἸ,
605 4621 663 4675 in
698 4622 790 4675 die
820 4621 1133 4676 salutiferas
1169 4623 1372 4679 mortis
1402 4624 1553 4693 ejus,
1585 4624 1641 4677 in
1677 4640 1794 4695 qua
1822 4640 1942 4694 pro-

2064 4623 2193 4697 θίνῳ
2247 4623 2530 4702 στεφάνῳ,
2582 4623 2626 4694 ᾧ
2686 4622 3016 4700 ἐστεφάνωσε
3068 4622 3158 4676 τὸν
3220 4623 3450 4698 Χριστὸν
3511 4626 3545 4692 ἡ
3601 4624 3709 4677 τῶν

318 4712 447 4782 prio
482 4711 763 4782 sanguine
812 4710 1126 4767 Ecclesiam
1180 4712 1289 4766 sibi
1338 4712 1727 4784 dcsponsavit.
1784 4716 1846 4769 Et
1899 4714 1959 4767 in

318 4798 406 4854 die
437 4800 651 4856 (utilia?
679 4800 853 4855 cordis
881 4802 999 4871 ejus
1034 4817 1046 4855 :
1082 4816 1201 4872 qua
1231 4801 1467 4872 quidem
1499 4801 1813 4857 salutarem
1855 4818 1958 4873 pro

324 4889 494 4945 nobis
526 4894 773 4945 mortem
806 4895 1111 4962 appetens,
1160 4906 1267 4946 nos
1316 4891 1389 4945 ab
1437 4890 1625 4947 hostis
1679 4890 1961 4946 servitute

320 4976 585 5033 liberavit
617 4996 629 5034 :
664 4984 840 5051 atque
870 4980 949 5035 ita
977 4979 1163 5035 Patris
1195 4980 1606 5051 obtemperans
1653 4979 1958 5048 voluntati,

314 5065 544 5122 iactatus
574 5074 664 5123 cst
690 5068 922 5139 spiritu,
956 5068 1091 5124 licet
1138 5069 1331 5123 carnis
1380 5068 1739 5124 cruciatibus
1790 5085 1959 5123 vexa-

314 5159 493 5209 retur.
526 5155 629 5211 His
660 5173 874 5227 sponsa
905 5157 1227 5230 discipulas
1257 5162 1349 5212 est
1382 5156 1656 5224 allocuta,
1707 5156 1960 5229 diligens

310 5244 367 5298 id
404 5244 555 5314 quod
590 5246 982 5301 demonstrari
1012 5264 1127 5302 non
1163 5252 1373 5319 potest,
1406 5252 1464 5302 et
1495 5247 1813 5302 humanam
1846 5247 1963 5317 glo-

316 5335 460 5389 riam
495 5333 747 5404 fugiens,
782 5336 1164 5407 cupiensque,
1194 5341 1257 5391 ut
1287 5353 1569 5408 sponsum
1602 5353 1775 5392 suum
1829 5341 1958 5392 tan-

318 5428 377 5477 tu
392 5423 624 5477 mmodo
656 5438 861 5479 omnes
892 5424 1281 5481 admirentur.

2068 4709 2346 4768 Ἰουδαίων
2378 4710 2689 4784 συναγωγὴ,
2747 4708 2795 4782 ἐξ
2851 4711 2920 4778 ἧς
2980 4708 3136 4771 οὗτος
3164 4710 3226 4764 τὸ
3272 4711 3408 4765 κατὰ
3439 4711 3628 4782 σάρκα,
3661 4709 3715 4765 ἐν

2068 4802 2249 4877 ἡμέρα
2302 4804 2399 4854 τοῦ
2453 4798 2724 4869 σωτηρίου
2771 4797 2975 4862 πάθους
3003 4798 3166 4853 αὐτοῦ
3194 4797 3245 4852 ὲν
3295 4797 3439 4872 ᾖτῷ
3473 4795 3595 4871 ἰδίῳ
3625 4796 3710 4852 α’ί-

2073 4910 2200 4963 ματι
2255 4891 2357 4958 την
2415 4888 2721 4959 Εκκλησίαν
2777 4888 2950 4959 ἑαυτῷ
3012 4886 3416 4964 ἐνυμφεύσατο.
3497 4888 3601 4942 Καὶ
3658 4886 3711 4942 ὲν

2068 4980 2251 5053 ἠμὲρα
2309 4977 2647 5056 εὐφροσύνης
2703 4974 2927 5052 καρδίας
2982 4974 3168 5043 αὐτοῦ,
3226 4977 3344 5039 καθ’
3384 4976 3444 5044 ἣν
3496 4977 3715 5037 πάντως

2068 5067 2253 5123 παθὼν
2317 5068 2448 5141 ὑπὲρ
2508 5067 2670 5138 ἡμῶν
2726 5067 2788 5121 τὸ
2845 5067 3115 5140 σωτήριον
3176 5068 3348 5127 πάθος
3406 5062 3718 5137 ἀπήλλαξεν

2069 5160 2216 5230 ἡμᾶς
2262 5163 2363 5225 τῆς
2414 5159 2508 5209 τοῦ
2554 5154 2759 5229 ἦχθροῦ
2816 5151 3155 5228 τυραννίδος,
3213 5152 3303 5208 καὶ
3350 5153 3427 5214 ὡς
3483 5152 3717 5208 ἐντεῦθεν

2068 5245 2370 5321 πληρώσας
2398 5246 2461 5299 τὸ
2512 5248 2609 5299 τοῦ
2642 5243 2852 5319 Πατρὸς
2888 5241 3172 5318 βούλημα,
3226 5240 3508 5319 ηὐφράνθη
3556 5243 3718 5296 πνεύ-

2074 5356 2224 5408 ματι,
2258 5335 2301 5388 εἰ
2332 5334 2422 5389 καὶ
2454 5338 2571 5396 τοῖς
2601 5334 2882 5405 παθήμασι
2915 5329 3172 5402 ὠδυνήθη
3224 5332 3400 5404 σαρκί.
3450 5333 3631 5388 Ταῦτα
3681 5334 3718 5401 ἡ

2069 5423 2254 5501 νύμφη
2316 5424 2451 5496 πρὸς
2506 5423 2601 5485 τὰς
2659 5422 3101 5495 μαθητευομὲνας
3160 5422 3397 5493 εἳρηκεν,
3456 5419 3721 5495 ἀγαπῶσα

315 5512 377 5564 τὸ
409 5506 798 5582 άνεπίδεικτον,
829 5510 918 5565 καὶ
949 5512 1048 5580 τὴν
1080 5514 1206 5588 παρ’
1237 5513 1511 5587 ἀνθρώπῳ
1542 5512 1811 5590 φεύγουσα
1840 5509 2019 5583 δόξαν,
2050 5512 2139 5568 καὶ
2174 5511 2487 5588 βουλομένη
2526 5510 2683 5584 μόνον
2716 5511 2807 5565 τὸν
2838 5510 3032 5580 ἑαυτῆς
3063 5509 3297 5588 νυμφίον
3328 5508 3473 5585 παρὰ
3501 5508 3716 5565 πάντων

316 5597 704 5673 θαυμάζεσθαι.

384 5730 423 5764 ⁴¹
460 5732 485 5782 Ι
512 5730 637 5785 Cor.
669 5745 747 5798 χι,
783 5730 833 5784 1.
