4046 6144
269 343 394 403 609

1316 335 1725 402 COMMENT.
1773 336 1849 396 ΙΝ
1895 333 2301 395 CANTICUM
2347 333 2647 394 CANTIC.

3571 342 3691 401 610

347 471 486 530 Ἰδοὺ
546 473 596 527 εἶ
647 471 815 545 καλὴ,
858 474 892 541 ἡ
951 470 1189 542 πλησίον
1273 492 1398 544 μου,
1461 469 1578 526 ἰδοὺ
1630 471 1679 524 εἴ
1729 465 1920 537 καλή·

2108 469 2238 521 Ecce
2265 467 2607 540 pulchr-ames,
2646 467 2958 538 propinqua
2985 483 3107 523 mea
3139 487 3158 525 :
3188 485 3304 526 ecce
3347 474 3580 543 pulchra
3608 492 3685 532 es.

271 560 565 642 ὀφθαλμοί
626 582 722 617 σου
801 561 1134 637 περιστεραὶ⁹
1189 559 1344 622 ὶκτὸς
1417 566 1520 630 τῆς
1606 556 1931 629 σιωπήσεώς

273 673 400 710 σου.

981 737 1228 795 Ψελλοῦ.

358 829 574 890 Τούτων
608 831 685 893 ὡς
707 827 935 898 ἤκουσεν
969 828 1137 898 αὐτῆς
1166 832 1272 882 τῶν
1303 826 1482 902 λόγων
1536 827 1563 880 ὁ
1606 825 1860 903 νυμφίος,

295 922 440 999 Πρὸς
471 917 680 977 ἔπαινον
710 917 978 994 ἐγείρεται
1001 923 1097 972 τοῦ
1125 916 1366 979 κάλλους
1396 916 1559 986 αὐτῆς
1587 915 1786 990 λέγων·

648 1005 784 1065 Ἰδοὺ
811 1006 856 1061 εἶ
885 1005 1054 1076 καλὴ,
1085 1009 1121 1076 ἡ
1153 1004 1392 1076 πλησίον
1439 1026 1563 1078 μου.

282 1098 440 1168 Καλὴ
467 1099 569 1174 γὰρ
594 1093 765 1158 ὅντως
798 1094 1060 1171 πέφυκας,
1095 1095 1249 1167 φησὶ,
1279 1096 1460 1168 κάμοῦ
1498 1092 1756 1164 πλησίον,

284 1190 468 1250 Πάσας
501 1189 741 1256 σωθῆναι
774 1183 1005 1249 θέλουσα
1036 1186 1215 1260 ψυχὰς
1243 1184 1338 1247 τὰς
1366 1188 1472 1239 τῶν
1506 1184 1827 1258 ἀνθρώπων.

280 1277 400 1335 Εἶτ’
433 1276 705 1332 ἐπαινέσαι
742 1274 1042 1352 βουληθεῖς
1072 1274 1239 1343 αὐτὴν
1272 1273 1361 1328 καὶ
1394 1273 1529 1328 κατᾶ
1564 1271 1750 1347 μέρος,

281 1368 433 1438 Φησί
461 1387 577 1428 πως
613 1365 755 1421 οὕτω
787 1366 922 1439 πρὸς
955 1363 1148 1432 αὐτὴν,
1178 1361 1346 1439 ἤγουν
1377 1364 1476 1432 τὴν
1507 1360 1864 1432 Ἐκκλησίανο

717 1452 922 1531 Ὀφθαλ
937 1453 1027 1526 μοί
1060 1474 1156 1507 σου
1185 1458 1518 1528 περιστερᾶς.

282 1551 496 1619 ’Ὥσπερ
525 1543 578 1600 ἐν
614 1543 825 1617 σώματι
864 1543 1060 1617 βροτοῦ
1090 1540 1275 1597 πολλὰ
1301 1540 1555 1617 τυγχάνει
1591 1539 1752 1614 μέρη,

289 1633 488 1707 Πόδες,
518 1634 609 1688 καὶ
639 1639 844 1710 γεῖρες,
875 1631 963 1686 καὶ
1000 1631 1214 1704 μαστοὶ,
1247 1630 1335 1686 καὶ
1367 1637 1583 1701 στῆθος,
1605 1630 1693 1684 καὶ
1728 1627 1941 1685 κοιλία*

291 1724 458 1782 Οὕτω
486 1723 576 1777 καὶ
611 1727 771 1794 σῶμα
797 1721 859 1775 τὸ
891 1721 1079 1775 σεπτὸν
1109 1725 1208 1789 τῆς
1239 1718 1383 1780 Θείας
1413 1717 1764 1789 Ἑκκλησίας,

286 1815 470 1889 Οὗπερ
495 1811 756 1887 τυγχάνει
785 1808 996 1887 κεφαλὴ
1032 1808 1265 1884 Χριστὸς
1297 1809 1322 1862 ὁ
1354 1808 1442 1862 καὶ
1472 1807 1726 1885 νυμφίος.

289 1903 386 1973 Ἐξ
427 1899 729 1975 ὀφθαλμῶν
761 1899 1037 1975 ἀπήρξατο
1068 1899 1161 1952 τὸν
1188 1897 1441 1974 στέφανον
1483 1895 1836 1969 συμπλέκειν,

291 1992 374 2048 Σὺ
407 1989 453 2045 δ’
483 1989 766 2065 ὀφθαλμὸν
799 1987 1049 2058 ἐννόησον
1082 1994 1180 2056 τῆς
1212 1986 1354 2048 θείας
1379 1984 1728 2056 Ἐκκλησίας,

288 2082 370 2137 Τὸ
400 2080 678 2152 σύνταγμα
705 2082 812 2132 τῶν
843 2081 1138 2154 προφητῶν
1179 2081 1284 2131 τῶν
1315 2073 1799 2151 ὀξυδερκεστάτων.

298 2170 487 2226 Θέλων
547 2166 604 2223 δὲ
656 2168 860 2238 ταύτης
919 2166 1153 2222 ἰπαινεῖν
1219 2166 1347 2230 τοὺς
1424 2163 1742 2239 ὀφθαλμοὺς
1817 2162 1944 2226 τοὺς

1679 2249 1876 2326 [ἴνδον,

297 2347 450 2418 Φησὶ
480 2347 569 2402 καὶ
598 2350 766 2401 ταῦτα
795 2345 930 2420 πρὸς
952 2345 1142 2413 αὐτὴν,
1176 2345 1250 2406 ὡς
1277 2344 1392 2398 καθ’
1424 2343 1612 2418 εἱρμὸν
1658 2343 1907 2416 εὑρήσεις
1931 2358 1946 2374 ⁶

374 2435 564 2497 Ἐκτὸς
588 2442 688 2504 τῆς
722 2434 1043 2506 σιωπήσεώς
1082 2454 1198 2490 σου.

290 2525 434 2587 Τοὺς
463 2525 783 2604 ὀφθαλμούς
815 2546 910 2580 σου
941 2524 1064 2600 γὰρ,
1098 2523 1284 2601 φησὶν,
1318 2523 1551 2597 ἐπῄνεσα
1577 2521 1704 2587 τοὺς
1732 2516 1855 2595 ἔξω,

297 2616 367 2670 Οἱ
397 2615 502 2692 γὰρ
533 2614 684 2678 ἐντὸς
715 2615 996 2691 ὑπέρτεροι
1026 2614 1384 2689 τυγχάνουσιν
1411 2612 1651 2669 ἐπαίνου.

873 2799 988 2850 Τῶν
1020 2802 1066 2869 γ’
1096 2795 1366 2870 Ματέρων.

379 2886 528 2941 ’Ὀθεν
590 2884 618 2938 ὁ
667 2883 868 2955 ταύτης
924 2883 1156 2962 νυμφίος
1212 2881 1608 2957 ἀποδεξάμενος
1657 2881 1843 2955 αὐτὴν,
1876 2882 1950 2945 ὡς

307 2974 450 3029 κατὰ
473 2973 641 3029 πάντα
684 2973 910 3048 ὡραίαν,
941 2972 1125 3050 φησίν·
1160 2971 1298 3028 Ἰδοὺ
1351 2973 1398 3028 εἶ
1431 2972 1600 3042 καλὴ,
1631 2975 1666 3042 ἡ
1715 2971 1949 3043 πλησίον

319 3083 452 3136 pou’
485 3061 630 3133 ἤτοι,
659 3061 777 3118 ἰδοῦ
812 3061 1074 3138 ὑπάρχεις
1107 3063 1298 3137 ὡραία,
1402 3061 1670 3137 ἐγγύσασά
1721 3082 1812 3135 μοι
1864 3059 1954 3115 διὰ

309 3154 625 3227 μιμήσεως,
674 3155 748 3215 ὡς
807 3154 869 3206 τὸ
943 3153 1059 3206 κατ’
1110 3150 1291 3206 εῗκόνα
1358 3153 1442 3205 καὶ
1515 3152 1632 3205 καθ’
1690 3150 1953 3223 ὁμοίωσιν

310 3240 467 3296 κάλλ
489 3263 544 3303 ος
605 3243 722 3297 κατ’
777 3240 990 3315 έμπρ...
1041 3245 1238 3315 γνῶσιν
1285 3241 1587 3314 συνάψασαο
1638 3236 1756 3294 ΐδοὸ
1814 3239 1982 3313 ὑπάρ-

305 3350 431 3406 χεις
490 3330 685 3402 ὡραία,
719 3331 808 3385 καὶ
840 3328 928 3384 διὰ
973 3331 1036 3385 τὸ
1069 3331 1154 3384 ἰπὶ
1184 3335 1313 3383 πᾶσι
1369 3334 1487 3390 τοῖς
1534 3328 1950 3402 κατορθώμασιν

304 3419 532 3494 ἄτυφον.
569 3419 670 3475 Καὶ
715 3417 858 3473 οὕτω
893 3419 985 3491 μὶν
1019 3417 1323 3479 καθολικῶς
1354 3417 1445 3472 τὸν
1489 3417 1692 3482 ταύτης
1736 3411 1952 3471 ἔπαινον

306 3507 629 3577 ἰποιήσατο.
707 3507 834 3563 Εἶτα
899 3507 987 3562 καὶ
1057 3507 1194 3562 κατά
1269 3507 1428 3580 μέρος
1489 3510 1676 3559 τοῦτον
1745 3502 1957 3576 διέξεισι

301 3597 574 3672 φάσκων·
633 3595 948 3674 Ὀφθαλμοί
1034 3617 1130 3650 σου
1209 3599 1550 3669 περιστερᾶς,
1626 3594 1778 3658 ἐκτὸς
1860 3597 1958 3659 τῆς

300 3685 635 3756 σιωπήσεώς
677 3703 802 3739 σου·
857 3685 910 3739 οἱ
957 3685 1064 3739 τῶν
1112 3685 1382 3754 αἰσθητῶν
1430 3683 1644 3746 πάντως
1693 3682 1958 3757 ἀντιλαμ-

301 3769 626 3847 ϐανόμενοι,
654 3774 746 3829 καὶ
807 3775 856 3827 οἱ
903 3778 1010 3828 τῶν
1065 3777 1277 3844 νοητῶν
1321 3773 1710 3846 πνευματικοί·
1748 3773 1829 3826 ὅτι
1889 3771 1959 3827 δι’

306 3863 487 3918 αὐτῶν
527 3868 700 3918 πᾶσαν
743 3864 842 3933 τὴν
883 3862 1054 3918 κτίσιν
1105 3863 1240 3940 πρὸς
1288 3860 1442 3933 δόξαν
1501 3867 1596 3918 τοῦ
1647 3863 1957 3931 [Ιεποιηκό-

304 3974 405 4014 τος
457 3953 609 4027 ὁρᾷς·
639 3952 780 4007 οὕτω
830 3949 887 4027 δέ
935 3973 1031 4007 σου
1079 3953 1131 4006 οἱ
1183 3951 1458 4030 ὀφθαλμοὶ
1487 3953 1634 4006 οὗτοι
1665 3973 1958 4024 πνευματι-

301 4042 398 4096 κοὶ
427 4040 583 4103 ἰκτὸς
633 4045 732 4106 τῆς
783 4040 867 4095 ἐπὶ
919 4045 1033 4112 Θεῷ
1080 4040 1306 4119 ἀφασίας
1359 4061 1477 4094 σου.
1513 4040 1614 4097 Καὶ
1653 4040 1757 4116 γὰρ
1817 4038 1957 4113 μᾶλ-

307 4129 410 4186 λον
461 4131 597 4200 αὕτη
655 4129 1129 4204 πνευματικὴ,δτι
1187 4129 1237 4184 ὲν
1300 4129 1431 4204 ἁγίῳ
1488 4129 1759 4204 Πνεύματι
1826 4129 1956 4204 ὑπὲρ

299 4223 504 4295 γνῶσιν
535 4219 791 4293 γικώσκει
814 4220 877 4275 τὸ
900 4223 998 4274 τοῦ
1028 4222 1162 4274 Θεοῦ
1194 4217 1599 4289 ἀκατάληπτον.

2045 555 2200 612 Oculi
2227 559 2333 624 tui,
2367 556 2634 613 columba?
2663 573 2679 609 :
2706 559 2919 628 praeter
2943 559 3235 614 silenlium
3263 568 3436 617 tuum.

2772 739 2960 793 Pselli.

2116 826 2217 882 His
2247 843 2476 898 sponsae
2506 825 2699 881 verbis
2743 827 2982 894 auditis,
3017 845 3272 900 sponsus
3303 829 3362 886 in
3395 833 3525 903 ejus
3564 834 3694 906 pul-

2043 917 2365 974 chitudinis
2413 917 2617 972 laudes
2665 917 2993 973 excitatur:
3039 921 3185 988 Ecce,
3235 921 3532 994 inquiens,
3560 925 3694 997 pul-

2042 1008 2183 1064 chra
2247 1024 2330 1075 es,
2396 1009 2714 1078 prapz'uqua
2780 1023 2920 1062 mea.
2980 1009 3229 1066 Pulchra
3294 1013 3554 1082 profecto
3611 1032 3697 1085 es,

2045 1095 2253 1166 inquit,
2290 1095 2617 1166 prepinqua
2651 1111 2800 1160 mea,
2835 1112 2966 1151 cum
3007 1097 3314 1155 hominum
3349 1107 3694 1160 cunctorum

2047 1186 2274 1240 animas
2307 1185 2556 1239 salutem
2591 1183 2825 1254 assequi
2860 1185 3083 1256 cupias.
3115 1187 3334 1244 Deinde
3360 1207 3493 1246 cum
3523 1192 3700 1249 vellet

2047 1274 2314 1345 singulas
2345 1275 2473 1344 ejus
2509 1277 2702 1345 partes
2732 1274 2995 1342 laudaro,
3027 1277 3096 1330 ad
3135 1276 3344 1346 ipsam,
3377 1280 3694 1338 Ecclesiam

2049 1363 2353 1428 nimirum,
2413 1362 2706 1434 loquens:
2759 1364 2938 1429 Oculi,
2997 1364 3212 1437 inquit,
3273 1371 3358 1422 tui
3411 1372 3691 1429 columbae.

2049 1451 2556 1516 Quemadmodum
2615 1451 2674 1505 in
2716 1451 2975 1508 hominis
3008 1469 3247 1526 corpore
3298 1457 3497 1514 multae
3557 1467 3698 1516 sunt

2051 1546 2269 1613 partes,
2315 1544 2380 1595 ut
2430 1540 2626 1611 pedes,
2663 1545 2719 1595 ct
2767 1556 2999 1612 manus,
3033 1547 3088 1598 et
3139 1544 3336 1612 ubera,
3369 1552 3425 1602 et
3469 1554 3698 1619 pectus,

2052 1634 2109 1685 et
2170 1632 2373 1684 venter
2424 1646 2436 1683 :
2495 1628 2578 1683 sic
2645 1628 2821 1684 etiam
2889 1635 3030 1686 sunt
3094 1631 3153 1686 in
3222 1638 3425 1691 sancto
3493 1636 3700 1692 divina

2055 1716 2318 1772 Ecclesiae
2377 1733 2637 1787 corpore,
2683 1719 2852 1787 cujus
2909 1725 3084 1790 caput
3140 1728 3230 1776 est
3286 1723 3572 1796 Christus,
3603 1727 3702 1796 qui

2054 1809 2111 1859 et
2149 1821 2421 1874 sponsus.
2451 1805 2536 1859 Ab
2585 1804 2768 1859 oculis
2825 1808 2998 1878 coepit
3043 1824 3318 1865 coronam
3369 1818 3696 1872 contexere.

1976 1869 2022 1934 Β
2052 1894 2138 1948 Tu
2162 1869 2428 1949 Ecclesiae
2459 1898 2672 1952 sanctae
2694 1895 2892 1950 oculos
2914 1869 3184 1971 intellige
3205 1901 3420 1973 scripta
3450 1869 3703 1975 prophe;

2057 1989 2246 2039 tarum
2296 1985 2633 2040 acutissime
2683 1985 3061 2044 intuentium.
3096 1989 3240 2046 Cum
3294 1998 3492 2049 autem
3537 1993 3708 2050 vellet

2056 2075 2359 2130 interiores
2391 2075 2568 2146 hujus
2601 2076 2798 2132 oculos
2829 2078 3180 2150 collaudare,
3209 2081 3328 2138 haec
3359 2084 3537 2140 etiam
3567 2103 3705 2158 pro-

2055 2165 2191 2221 tulit
2219 2165 2415 2236 verba,
2445 2171 2512 2221 ut
2541 2166 2602 2222 in
2632 2167 2760 2240 ipsa
2789 2169 2939 2224 serie
2971 2172 3246 2243 reperies.

2129 2441 2333 2492 Frater
2358 2436 2647 2492 silentium
2675 2439 2852 2494 luum.

2127 2524 2362 2596 Oculos,
2412 2526 2627 2598 inquit,
2676 2530 2809 2582 tuos
2865 2528 3182 2586 exteriores
3239 2535 3644 2590 commendavi
3685 2552 3698 2590 :

2059 2614 2404 2671 interiorum
2435 2615 2592 2671 enim
2623 2614 2830 2672 laudes
2868 2617 3032 2674 nulla
3074 2624 3312 2693 assequi
3355 2629 3546 2695 potest
3575 2640 3706 2682 ora-

2058 2703 2163 2760 tio.

2642 2796 2832 2851 Trium
2869 2802 3119 2854 Patrum.

2133 2884 2336 2955 Itaque
2366 2899 2619 2954 sponsus
2649 2901 2774 2940 eam
2805 2890 2870 2940 ut
2899 2887 3176 2943 omnibus
3199 2889 3466 2960 partibus
3496 2891 3711 2948 formo-

2062 2989 2188 3028 sam
2237 2973 2567 3044 suscipiens
2601 2991 2612 3028 :
2648 2975 2801 3043 Ecce,
2835 2975 3048 3046 inquit,
3085 2979 3328 3048 pulchra
3374 2996 3450 3050 es,
3482 2985 3711 3052 propin-

2061 3078 2170 3134 qua
2197 3078 2345 3118 mea.
2379 3063 2628 3118 Pulchra
2657 3063 2915 3135 profecto
2937 3081 3018 3133 es,
3045 3083 3172 3137 quae
3205 3069 3349 3124 mihi
3381 3071 3712 3142 propinqua

2063 3169 2166 3224 per
2195 3151 2586 3207 imitationem
2612 3153 2848 3208 evasisti
2875 3172 2886 3209 :
2915 3170 3162 3226 quaeque
3183 3157 3711 3226 pulchritudinem,

2045 3257 2222 3311 quam
2254 3239 2831 3312 propterimagincm
2859 3247 2915 3296 et
2937 3243 3391 3300 similitudinem
3427 3247 3705 3315 hausisti,

2062 3328 2285 3384 efﬁcaci
2315 3329 2647 3400 cognitione
2690 3329 3030 3386 cumulasti.
3065 3331 3210 3388 Ecce
3240 3333 3486 3404 pulchra
3515 3337 3713 3406 etiam,

2072 3418 2351 3490 quoniam
2382 3418 2454 3473 ad
2487 3417 2744 3489 reliquas
2792 3435 2996 3475 omnes
3027 3420 3272 3478 virtutes
3318 3426 3453 3480 tuas
3482 3424 3719 3480 humili-

2070 3511 2250 3563 tatem
2308 3508 2604 3580 adjungis.
2654 3512 2774 3564 Hoc
2829 3509 3012 3581 igitur
3063 3515 3231 3581 pacto
3284 3529 3418 3568 cum
3470 3531 3598 3570 eam
3656 3515 3717 3569 in

2071 3596 2412 3651 universum
2466 3595 2757 3665 laudarit,
2821 3615 2978 3653 nunc
3036 3599 3404 3672 singularum
3460 3603 3720 3674 partium

2070 3683 2274 3740 laudes
2323 3685 2714 3757 persequitur.
2751 3686 2924 3754 Oculi,
2959 3687 3255 3760 inquiens,
3286 3693 3376 3746 lui
3403 3692 3671 3748 columba?
3701 3711 3720 3746 :

2069 3776 2270 3846 praeter
2303 3775 2588 3829 silentium
2636 3783 2812 3832 tuum.
2845 3776 3028 3844 Oculi,
3062 3778 3161 3848 qui
3211 3784 3268 3834 et
3317 3795 3386 3835 ea
3419 3797 3559 3851 quae
3607 3781 3719 3836 sub

2066 3879 2310 3918 sensum
2341 3863 2559 3918 cadunt
2606 3862 2959 3935 percipiunt,
2991 3871 3048 3920 et
3094 3882 3162 3921 ea
3211 3883 3337 3938 quae
3372 3873 3563 3923 mente
3593 3868 3721 3924 sola

2067 3951 2502 4023 intelliguntur,
2537 3959 2598 4006 ut
2647 3952 2965 4023 spiritales,
3014 3955 3541 4026 comprehendunt.
3575 3957 3724 4022 Quia

2070 4057 2172 4111 per
2200 4040 2361 4112 ipsos
2391 4041 2591 4096 omnia
2620 4058 2746 4111 quae
2772 4048 2968 4097 creata
2991 4048 3150 4108 sunt,
3175 4045 3354 4100 relers
3383 4046 3455 4100 ad
3487 4046 3721 4100 laudem

2071 4129 2379 4185 Creatoris.
2414 4129 2508 4185 Sic
2557 4135 2752 4186 autem
2786 4131 2938 4186 oculi
2974 4131 3070 4187 isti
3102 4133 3187 4188 tui
3236 4134 3530 4205 spiritales
3562 4140 3722 4206 sunt,

2074 4223 2282 4290 praeter
2341 4224 2505 4274 tuam
2553 4221 2622 4274 de
2674 4220 2788 4275 Deo
2845 4220 3308 4278 taciturnitatem
3344 4241 3356 4278 :
3391 4223 3514 4279 haec
3565 4225 3723 4279 enim

301 4311 500 4383 magis
529 4310 704 4366 etiam
736 4315 826 4366 est
855 4309 1167 4382 spiritalis;
1204 4327 1340 4365 nam
1370 4309 1430 4365 in
1462 4309 1685 4381 Spiritu
1734 4312 1957 4378 sancto,
1990 4308 2046 4363 id
2080 4308 2235 4379 quod
2267 4323 2499 4364 omnem
2548 4308 2952 4382 cognitionem
3002 4315 3264 4382 superat,
3318 4314 3623 4384 cognoscit
3653 4313 3724 4369 de

303 4403 424 4455 Deo
456 4414 667 4471 nempe
697 4400 855 4471 quod
896 4403 1152 4470 nequeat
1184 4398 1626 4470 comprehendi.

1015 4509 1070 4557 Ψ
1073 4501 1260 4559 ελλοῦ.

382 4612 558 4665 ταῦτα
591 4610 684 4683 μὶν
715 4607 804 4664 οῦν
839 4611 912 4674 ὡς
939 4611 1153 4685 γυναικί
1183 4609 1520 4686 προσομιλεῖ
1546 4613 1614 4684 τῇ
1645 4607 1855 4688 νύμφῃ.

313 4696 378 4754 Εἴ
413 4694 457 4750 δ’
488 4697 969 4772 ἀναγωγικώτερον
1002 4697 1348 4774 ἐξερουνῆσαι
1375 4697 1573 4771 θέλεις,

310 4786 654 4861 Τριχώματα
685 4787 953 4866 πεφύκασι
980 4796 1079 4858 τῆς
1107 4787 1326 4864 νύμφης
1351 4788 1442 4842 καὶ
1474 4788 1760 4862 παρθένου,

311 4875 522 4948 Ἥγουν
555 4873 1054 4950 έγκαλλωπίσματα
1082 4883 1182 4946 τῆς
1205 4875 1350 4939 θείας
1381 4875 1725 4948 Ἐκκλησίας,

310 4963 388 5018 Τὸ
419 4961 631 5032 πλῆθος
663 4960 835 5029 ὅντως
856 4970 953 5020 τοῦ
985 4965 1122 5020 λαοῦ
1150 4973 1250 5035 τῆς
1279 4965 1330 5036 ἐξ
1361 4965 1528 5021 ἐθνῶν
1561 4964 1788 5040 ἀγέλης.

391 5049 643 5115 Ὀδόντες
691 5072 791 5112 σου
877 5053 950 5116 ὠς
1033 5052 1221 5130 ἀγέλαι
1308 5059 1413 5108 τῶν
1491 5055 1859 5130 κεκαρμένων,
1915 5055 1971 5108 αἱ

311 5135 703 5198 ἀναϐαίνουσαι
757 5142 864 5197 ἀπὸ
919 5147 1015 5197 τοῦ
1064 5142 1321 5219 λουτροῦ,
1375 5145 1429 5198 αἱ
1487 5149 1652 5198 πᾶσαι
1713 5140 1968 5216 διδυμιύ-

311 5251 495 5300 ουσαι,
521 5231 611 5285 καὶ
637 5231 930 5286 ἀτεκνοῦσα
963 5231 1062 5286 οὐκ
1090 5227 1231 5286 ἔστιν
1267 5230 1319 5286 ἐν
1350 5231 1558 5294 αὐταῖς.

389 5316 649 5382 Ὀδόντας
678 5316 736 5373 δέ
768 5341 866 5392 μοι
891 5318 1122 5394 γίνωσκε
1148 5318 1276 5382 τοὺς
1309 5319 1486 5383 θείους
1514 5315 1900 5387 διδασκάλους,

315 5405 458 5468 Τοὺς
493 5407 890 5486 σαφηνίσαντας
921 5413 1060 5480 ἡμῖν
1091 5409 1310 5486 Γραφήν
1342 5409 1440 5476 τήν
1477 5402 1792 5480 σεϐασμίαν,

313 5497 452 5558 Τοὺς
485 5493 777 5575 φροντίδας
810 5496 1007 5573 σαρκὸς
1042 5495 1582 5572 έναποκειραμένους,

319 5585 420 5640 Καὶ
448 5589 531 5657 τῷ
559 5588 662 5655 τὴς
702 5583 1062 5656 συνειδήσεως
1093 5581 1326 5663 λουτρῷ,
1350 5586 1802 5660 κεκαθαρμένους.

322 5671 736 5752 Διδυμοτόκους
766 5674 991 5739 τούτὸυς
1018 5673 1076 5731 δὲ
1100 5674 1266 5733 πάλιν
1292 5677 1320 5732 ὁ
1351 5673 1520 5753 λόγος
1549 5675 1713 5745 εἶπεν,

2803 4504 2992 4560 Psellz'.

2149 4612 2276 4667 Haec
2306 4614 2588 4682 tanquam
2612 4625 2747 4665 cum
2782 4610 3023 4666 muliere
3043 4628 3178 4667 cum
3211 4628 3431 4685 sponsa
3460 4612 3720 4685 loquiur.

2075 4700 2237 4763 Quod
2286 4700 2335 4755 si
2383 4699 2470 4754 vis
2519 4699 2698 4754 altius
2732 4716 2854 4754 rem
2906 4700 3233 4773 indagare:
3268 4717 3450 4756 comae
3496 4717 3723 4771 sponsae

2074 4789 2344 4860 virginis,
2391 4788 2501 4844 hoc
2549 4793 2639 4844 est
2685 4788 2894 4844 divina:
2940 4789 3212 4846 Ecclesiae
3261 4793 3629 4858 ornamenta,
3661 4805 3729 4846 ex

1998 4908 2045 4974 D
2077 4877 2340 4950 gentium
2371 4893 2546 4950 grege
2577 4880 2669 4932 est
2700 4877 3038 4934 multitudo.

2151 5053 2343 5110 Dentes
2371 5056 2462 5110 tui
2486 5055 2630 5110 sicut
2673 5070 2860 5126 greges
2889 5059 3180 5112 tonsuram
3208 5073 3338 5130 quae
3365 5057 3733 5113 ascenderunt

2079 5157 2150 5198 ex
2179 5144 2415 5212 lavacro,
2447 5160 2632 5200 omnes
2660 5145 2910 5212 gemellis
2935 5147 3164 5215 fetibus,
3196 5155 3248 5203 el
3271 5149 3480 5204 sterilis
3510 5163 3621 5203 non
3648 5153 3733 5204 est

2084 5235 2226 5287 inter
2253 5248 2366 5288 eas.

2155 5326 2366 5376 Dentes
2407 5321 2552 5375 mihi
2601 5319 2914 5392 intelligito
2947 5322 3178 5380 divinos
3223 5326 3491 5381 doctores
3539 5341 3733 5380 sacro-

2083 5414 2348 5465 sanctam
2381 5411 2550 5465 nobis
2593 5411 2952 5482 Scripturam
2986 5413 3465 5485 interpretantes,
3498 5415 3598 5487 qui
3632 5416 3736 5470 de—

2085 5499 2273 5554 tonsis
2314 5499 2660 5570 rejectisque
2709 5500 2900 5556 carnis
2951 5501 3473 5570 sollicitudinibus,
3506 5509 3563 5559 et
3591 5519 3733 5558 con-

2085 5587 2344 5642 scientiae
2394 5587 2622 5642 lavacro
2663 5589 2952 5660 mundati,
2985 5596 3109 5646 tum
3162 5593 3372 5648 animm
3424 5597 3550 5648 tum
3603 5609 3730 5648 cor-

1999 5705 2005 5712 ι
2085 5679 2246 5747 poris
2294 5677 2609 5749 puritatem
2644 5678 2811 5750 quasi
2861 5679 3140 5752 gemellos
3189 5681 3344 5738 fetus
3393 5681 3608 5737 habere
3637 5679 3731 5735 di-
