4040 6146
444 308 555 368 611

1778 305 2202 367 MlCllAELIS
2246 307 2520 367 PSELLI

3721 306 3818 367 612

437 443 667 496 cuntur.
701 440 857 497 Sicut
902 440 1186 511 funiculus
1229 441 1510 498 coccineus
1562 439 1711 495 labia
1758 446 1872 509 tua,
1903 443 1953 494 et
1981 439 2081 494 elo-

2204 437 2290 498 Ὡς
2320 437 2409 490 καὶ
2458 440 2643 511 ψυχῆς
2695 436 2783 491 καὶ
2843 437 3101 509 σώματος
3153 435 3335 497 καλῶς
3387 437 3818 511 καθηγνισμένους

437 531 631 602 quium
679 538 837 586 tuum
881 532 1160 586 decorum.
1192 531 1428 603 Sponsae
1477 529 1636 585 labia
1683 546 1889 585 rursus
1939 544 2098 585 com-

442 620 702 676 mendat.
744 624 824 674 Tu
877 636 1011 676 vero
1069 637 1173 691 per
1230 619 1583 688 funiculum,
1637 619 1854 675 silentii
1904 618 2098 673 dotem

443 709 644 780 accipe
692 727 705 764 :
766 726 869 780 per
921 709 1225 780 eloquium
1279 725 1412 764 vero
1470 710 1776 777 decorum,
1836 707 2095 763 divinam

442 798 939 869 praedicationem.
972 798 1123 852 Tum
1177 797 1367 869 gratia
1395 796 1819 853 taciturnitatis
1862 796 1969 862 sic,
2002 796 2097 850 in-

442 886 594 957 quit,
619 885 876 955 excellis,
902 890 967 940 ut
996 885 1145 940 nihil
1180 886 1569 956 superﬂuum,
1597 884 1745 939 nihil
1774 885 2098 940 absurdum

438 975 664 1030 excidat
695 991 725 1030 e
755 973 929 1030 labiis
976 973 1115 1030 tuis.
1150 974 1207 1029 Si
1243 974 1385 1048 quid
1437 974 1596 1030 enim
1648 974 1963 1046 aliquando
2011 973 2098 1029 vis

435 1063 597 1136 loqui
629 1081 756 1135 quae
804 1064 873 1119 ad
923 1063 1052 1117 fidei
1088 1061 1619 1135 promulgationem
1654 1061 2100 1132 doctrinamque

438 1153 762 1224 pertinent,
830 1151 1112 1224 loqueris.
1171 1153 1302 1207 Ecce
1356 1151 1590 1222 pulchra
1649 1168 1725 1220 es,
1782 1152 2097 1224 propinqua

436 1258 582 1310 mea,
613 1258 730 1298 ecce
775 1242 1015 1313 pulchra
1062 1257 1137 1295 es.
1174 1240 1479 1295 Geminam
1535 1241 1628 1295 hic
1679 1256 1912 1311 quoque
1960 1256 2094 1310 pro-

434 1331 569 1387 tulit
630 1331 868 1387 laudem
927 1329 1407 1402 pulchritudinis.
1462 1329 1642 1385 Genis
1694 1329 1851 1385 enim
1899 1329 2095 1385 vultus

436 1423 565 1493 ejus
596 1437 629 1475 a
659 1435 956 1491 purpureo
990 1420 1289 1475 modestiae
1323 1420 1531 1474 decore
1560 1418 1933 1487 collaudatis,
1965 1420 2096 1474 ani-

435 1528 548 1567 mae
603 1528 838 1582 quoque
898 1512 1274 1566 commendat
1319 1508 1843 1581 pulchritudinem,
1884 1512 1959 1565 Ut
2006 1514 2093 1565 ta-

433 1617 617 1669 ceam,
670 1600 968 1670 inquiens,
1022 1598 1243 1655 silentii
1294 1600 1473 1654 decus
1525 1599 1735 1655 animae
1786 1604 1922 1654 tuae.
1965 1599 2095 1653 Haec

434 1689 591 1745 enim
631 1688 997 1744 extrinsecus
1029 1688 1268 1760 quidem
1307 1689 1644 1759 jucundum
1692 1687 2096 1760 spectaculum

435 1779 715 1850 prabent,
749 1778 907 1834 intus
954 1783 1149 1835 autem
1183 1778 1584 1849 praestantiam
1640 1778 1943 1834 continent
1971 1776 2093 1833 sin-
2126 1818 2172 1882 Β

435 1866 726 1940 gularem.

505 2045 682 2101 Comm
720 2049 830 2101 tuae
876 2045 1019 2100 sicut
1064 2061 1251 2117 greges
1298 2061 1617 2117 caprarum,
1668 2061 1785 2115 quae
1833 2045 2090 2100 rcvelatae

427 2143 557 2190 sunt
584 2151 653 2191 ex
683 2134 918 2191 Galaad.

1021 2242 1207 2297 Trium
1246 2243 1498 2297 Patrum.

498 2348 892 2420 Cogitationes
951 2348 1178 2404 scilicet
1233 2352 1378 2413 tuae,
1438 2364 1565 2419 quas
1624 2348 1695 2402 ad
1756 2346 2088 2416 actionem;

428 2437 646 2509 quique
686 2437 745 2492 in
796 2437 1008 2509 spiritu
1060 2438 1132 2493 ad
1182 2436 1741 2507 contemplationem
1792 2435 2088 2507 pertinent

425 2542 751 2595 sermones,
783 2532 841 2583 et
888 2543 1087 2582 rerum
1142 2526 1479 2581 divinarum
1514 2542 1639 2597 quae
1689 2524 2083 2596 cognitionem

431 2621 736 2688 superant,
771 2616 969 2672 studia
999 2632 1068 2671 ex
1098 2619 1296 2670 mente
1328 2619 1430 2669 tua
1454 2615 1543 2685 (ut
1571 2630 1641 2669 ex
1668 2613 1855 2684 capite
1882 2612 2085 2683 comae)

428 2704 769 2778 spiritaliter
817 2705 1017 2760 omnia
1068 2708 1444 2760 nascuntur:
1497 2709 1554 2757 et
1601 2703 1672 2757 ad
1727 2719 1793 2756 ea
1845 2718 1972 2773 quas
2021 2702 2080 2756 in

431 2811 605 2850 carne
636 2795 974 2865 mundoque
1020 2798 1179 2858 sunt,
1212 2808 1390 2847 sensu
1441 2796 1659 2857 carent,
1695 2792 1778 2846 uti
1808 2791 2081 2845 ﬂorentes

432 2900 741 2954 caprarum
775 2882 896 2954 pili,
930 2900 1057 2955 quae
1090 2882 1352 2937 revelata:
1385 2884 1525 2936 sunt
1553 2897 1621 2935 ex
1652 2884 1849 2935 monte
1880 2878 2082 2934 invisi-

423 2971 530 3026 bili
551 2971 766 3026 Galaad
791 2989 805 3040 ;
832 2988 957 3042 quas
992 2970 1273 3026 nimirum
1301 2975 1529 3025 retecta:
1561 2972 1701 3024 sunt
1726 2984 1795 3023 ex
1824 2968 2082 3023 tenebris

424 3059 661 3115 malitiae
690 3065 747 3115 et
778 3060 1123 3133 ignorantiae
1175 3065 1231 3116 et
1274 3059 1619 3131 impietatis,
1653 3074 1722 3113 ex
1752 3058 1969 3129 quibus
2003 3057 2075 3112 ad

420 3149 722 3204 veritatem
755 3155 812 3204 et
842 3148 1146 3204 scientiam
1181 3154 1237 3203 et
1268 3148 1543 3220 pietatem
1577 3147 1746 3217 quasi
1779 3146 2073 3217 demigra-

416 3241 575 3305 runt,
612 3254 713 3308 per
741 3238 1120 3309 Evangelium
1153 3238 1309 3309 quod
1359 3235 1631 3291 fidelibus
1681 3236 1943 3291 futurum
1970 3236 2067 3305 ju-

414 3325 635 3382 dicium
696 3331 1032 3383 attestatur.
1066 3327 1285 3382 Galaad
1338 3326 1496 3381 enim
1546 3325 1596 3381 si
1646 3324 2071 3397 interpreteris,

415 3415 740 3471 testimonii
773 3416 1071 3488 significat
1106 3415 1538 3487 migrationem.

486 3504 677 3559 Dentes
706 3505 789 3558 tui
819 3506 959 3558 sicut
987 3520 1177 3574 greges
1217 3512 1517 3569 tonsarum,
1554 3520 1671 3574 qum
1715 3503 2075 3565 ascenderunt

410 3591 479 3646 de
512 3591 735 3658 Galaad,
768 3608 956 3648 omnes
997 3592 1244 3663 gemellis
1278 3594 1505 3663 fetibus,
1537 3600 1589 3647 et
1617 3593 1827 3648 sterilis
1854 3608 1966 3647 non
1996 3599 2079 3647 est

418 3681 564 3734 inter
591 3695 702 3735 eas.

491 3767 901 3824 Meditationes
933 3773 1046 3824 tuae
1079 3769 1296 3841 quibus
1327 3773 1610 3840 tanquam
1643 3769 1918 3824 dentibus
1948 3770 2076 3841 qui-

418 3858 671 3913 busdam
731 3874 1009 3930 corporea
1066 3859 1215 3930 legis
1262 3862 1389 3914 tum
1442 3859 1671 3931 scriptas
1720 3863 1847 3914 tum
1898 3863 2071 3914 natu-

415 3945 557 4002 ralis
612 3947 943 4003 crassitudo
996 3948 1055 4003 in
1104 3964 1274 4003 veros
1330 3964 1543 4004 sensus
1602 3953 1971 4015 extenuatur,
2016 3951 2073 4003 et

413 4036 485 4090 ad
545 4052 713 4091 esum
772 4036 1099 4107 spiritalem
1159 4037 1369 4092 idonea
1430 4037 1715 4103 redditur,
1759 4052 2069 4108 caprarum

412 4128 721 4179 tonsarum
752 4125 960 4192 instar,
999 4125 1165 4181 falsis
1209 4126 1489 4182 omnibus
1536 4125 1914 4197 opinionibus
1941 4143 2071 4181 am—

415 4211 638 4282 putatis
690 4213 1061 4284 rejectisque,
1093 4214 1251 4269 circa
1277 4214 1581 4269 veritatem
1624 4213 1810 4269 solam
1858 4214 2071 4271 immo-

414 4304 623 4355 rantur
655 4318 668 4356 :
702 4309 759 4357 et
802 4303 972 4373 quasi
1022 4303 1251 4358 lavacro
1285 4308 1566 4374 purgatae,
1599 4320 1633 4357 a
1661 4301 1908 4357 terrenis
1936 4302 2068 4358 istis

416 4392 595 4459 atque
626 4390 963 4445 carnalibus
1009 4390 1295 4446 sublimes
1326 4392 1398 4446 ad
1432 4390 1716 4462 spiritalia
1750 4395 1925 4462 atque
1955 4407 2066 4446 cce-

413 4476 587 4533 lestia
641 4480 1127 4535 conscenderunt.
1164 4481 1498 4551 Omnesque
1546 4496 1649 4552 per
1697 4479 2068 4552 supradictas

2206 527 2291 589 Ὠς
2366 526 2623 602 σπαρτίον
2690 526 2936 581 κόκκινον
3024 522 3190 601 χείλη
3253 546 3370 594 σου,
3429 524 3519 579 καὶ
3578 528 3611 595 ἡ
3681 524 3818 581 λαλιά

3442 616 3558 687 [σου
3588 614 3758 688 ὡραία,

2208 705 2294 761 Ἐν
2321 704 2537 765 τυύτοις
2564 703 2731 759 πάλιν
2764 704 2974 759 ἐπαινεῖ
3000 703 3067 758 τά
3093 701 3260 779 χείλη
3297 703 3391 776 μὲν
3422 710 3524 773 τῆς
3543 702 3760 780 νύμφης.

2208 792 2283 847 Σὺ
2316 790 2373 847 δὲ
2404 792 2663 868 σπαρτίον
2690 793 2919 869 γίνωσκε
2937 801 3037 862 τῆς
3071 794 3394 861 σιωπήσεως
3423 792 3484 847 τὸ
3526 793 3699 866 μέρος,

2204 884 2309 951 Τὴν
2345 879 2391 935 δ’
2420 882 2484 936 αὖ
2515 882 2715 952 ὡραίαν
2752 881 2947 937 λαλιὰν
2974 883 3036 936 τὸ
3065 884 3323 956 κήρυγμα
3361 882 3425 935 τὸ
3457 882 3619 937 θεῖον.

2207 971 2349 1040 Φησῖ
2383 992 2506 1047 γαρ·
2536 972 2610 1025 Σὺ
2641 973 3008 1045 κατώρθωσας
3034 974 3135 1035 τῆς
3168 977 3382 1039 σιωπῆς
3408 971 3508 1037 τήν
3537 972 3710 1045 χάριν,

2207 1056 2386 1129 Μηδὲν
2414 1058 2659 1114 λαλοῦσα
2688 1060 2964 1136 περιττὸν,
3000 1056 3143 1131 μηδὲ
3166 1058 3606 1130 πεπλανημένον·

2205 1148 2271 1203 Εἰ
2300 1149 2401 1223 γὰρ
2425 1146 2669 1218 θελήσεις
2700 1148 2924 1203 πώποτε
2956 1146 3197 1217 λαλῆσαι
3228 1148 3316 1202 καὶ
3344 1154 3614 1224 φωνῆσαι,

2204 1237 2274 1291 Τὸ
2306 1240 2559 1313 κήρυγμα
2590 1244 2691 1306 τῆς
2720 1237 2952 1298 πίστεως
2981 1236 3267 1311 κηρύττεις
3297 1237 3385 1290 καὶ
3424 1233 3703 1296 διδάσκεις.

2206 1326 2217 1346 ’
2257 1322 2279 1343 δ
2320 1324 2330 1340 ‘
2406 1325 2423 1345 ,η
2565 1328 2577 1343 \
3142 1323 3191 1345 1‘
3231 1323 3242 1341 ‘
3321 1323 3347 1345 ,Ι

2226 1328 2347 1381 loco
2376 1346 2421 1379 ει
2444 1324 2610 1399 καλη,
2642 1329 2675 1395 ἡ
2711 1325 2950 1397 πλησίον
2987 1347 3114 1399 μου,
3144 1342 3259 1379 ιοου
3294 1346 3337 1379 ει
3369 1323 3539 1395 καλή.

2206 1413 2441 1468 Διπλοῦν
2473 1415 2743 1469 κάνταῦθα
2784 1412 2985 1469 δέδωκε
3015 1415 3107 1469 τὸν
3136 1411 3354 1469 ἔπαινον
3399 1417 3502 1468 τοῦ
3528 1410 3762 1479 κάλλους,

2202 1504 2272 1557 Τὸ
2301 1508 2397 1557 τοῦ
2427 1506 2726 1580 προσώπου
2758 1504 2859 1580 γὰρ
2897 1504 3062 1573 αὐτῆς
3104 1508 3198 1558 νῦν
3231 1501 3514 1565 ἐπαινέσας
3549 1504 3733 1576 μῆλον,

2202 1594 2289 1654 Ὠς
2314 1591 2523 1669 πλῆρες
2556 1592 2718 1667 ἐρυθ-ις
2732 1615 2898 1666 ματος
2928 1593 3018 1647 καὶ
3064 1591 3422 1670 σωφροσύνης
3453 1592 3640 1668 γέμον,

2204 1682 2465 1755 Ἐπῄνεσε
2494 1683 2579 1736 καὶ
2614 1689 2713 1752 τῆς
2746 1687 2932 1758 ψυχῆς
2963 1683 3025 1737 τὸ
3057 1680 3286 1751 κάλλος,
3323 1680 3502 1757 λέγων
3536 1679 3717 1741 οὕτως·

2204 1772 2386 1832 Ἐκτὸς
2417 1779 2515 1840 τῆς
2546 1774 2866 1842 σιωπήσεως
2897 1776 2992 1825 τοῦ
3023 1768 3263 1832 κάλλους
3289 1778 3391 1840 τῆς
3425 1774 3607 1845 ψυχῆς
3635 1789 3739 1825 σου.

2200 1864 2374 1913 Ταῦτα
2408 1862 2504 1932 μὲν
2537 1858 2628 1914 οὖν
2662 1858 2927 1933 ἐρωτικὴν
2962 1858 3151 1929 ἔξωθεν
3187 1857 3302 1934 ἔχει
3336 1860 3486 1927 Οέαν,

2201 1947 2355 2005 Ἀλλ’
2388 1947 2537 2003 ἔνδον
2576 1947 3012 2025 μεγαλοπρεπεῖς
3040 1949 3134 2010 τὰς
3168 1943 3457 2011 ἀναϐάσεις
3502 1948 3635 2023 ἔχει.

2267 2037 2655 2113 Τρίχωμάσου,
2714 2037 2789 2099 ὡς
2845 2034 3039 2111 ἀγέλαι
3090 2042 3199 2091 τῶν
3274 2037 3476 2113 αἰγῶν,
3531 2036 3583 2091 αἳ
3652 2036 3817 2090 ἀπεκαο

2198 2125 2476 2203 λύφθησαν
2510 2126 2615 2181 ἀπὸ
2644 2130 2741 2181 τοῦ
2773 2123 3011 2183 Γαλαάδ.

2763 2236 2882 2290 Τῶν
2915 2234 2961 2309 γ’
2999 2234 3275 2308 Πατέρων.

2269 2342 2525 2411 Ἤτοι,οἱ
2556 2339 2846 2415 πρακτικοί
2897 2361 2994 2395 σου
3053 2337 3346 2415 λογισμοὶ,
3377 2339 3467 2395 καὶ
3529 2340 3579 2394 οἱ
3634 2350 3811 2413 θεωρη-

2193 2428 2340 2485 τικοί
2398 2430 2448 2484 ἐν
2505 2430 2770 2502 πνεύματι
2825 2425 3000 2504 λόγοι,
3029 2430 3120 2484 καὶ
3179 2429 3497 2506 θεολογικαὶ
3552 2434 3651 2483 τῶν
3706 2427 3808 2500 ὑπὲρ

2196 2520 2381 2588 νόησιν
2415 2520 2707 2593 ἀγνώστων
2741 2517 3027 2595 δογμάτων
3071 2515 3355 2587 ἐπιϐολαὶ,
3389 2521 3591 2573 ἅπαντα
3643 2516 3695 2571 ἐκ
3732 2518 3809 2570 τοῦ

2196 2609 2319 2669 νοός
2367 2629 2462 2661 σου
2495 2611 2605 2681 (οἷα
2634 2605 2699 2676 δὴ
2758 2608 3002 2685 κεφαλῆς
3062 2609 3327 2680 κομώσης
3374 2608 3513 2682 θρὶξ)
3566 2624 3811 2676 πνευματι-

2192 2702 2302 2761 κῶς
2335 2696 2577 2770 φύονται·
2610 2698 2700 2751 καὶ
2738 2698 2874 2767 πρὸς
2902 2698 2969 2751 τὰ
3000 2696 3050 2751 ἐν
3104 2696 3261 2771 σαρκὶ
3306 2696 3399 2751 καὶ
3456 2696 3637 2768 κόσμῳ
3686 2694 3807 2747 ἀναι-

2192 2788 2447 2855 σθητοῦσι
2502 2783 2657 2855 δίκην
2692 2785 2955 2850 εὐθαλοῦς
2986 2786 3347 2859 τριχώματος
3406 2785 3594 2859 αἰγῶν,
3625 2783 3799 2837 ἀποκα-

2191 2874 2551 2948 λυπτομένων
2606 2874 2657 2946 ἐξ
2716 2872 2878 2950 ὅρους
2926 2874 3173 2928 ἀπόπτου
3206 2873 3423 2929 Γαλαὰδ
3472 2869 3801 2945 καλουμένου,

2188 2966 2276 3019 καὶ
2336 2963 2829 3038 ἀποκεκαλυμμένα
2882 2963 3014 3018 εἰσὶν
3069 2964 3174 3019 ἀπὸ
3234 2964 3463 3025 σκότους
3510 2962 3684 3021 κακίας
3724 2955 3797 3011 καὶ

2185 3053 2404 3128 ἀγνοίας
2450 3053 2541 3107 καὶ
2588 3053 2790 3122 ἀθείας,
2840 3051 2915 3116 ὠς
2966 3052 3025 3107 ἐκ
3078 3052 3284 3107 τούτων
3352 3052 3427 3115 εἷς
3494 3051 3675 3127 ἀρετὴν
3717 3049 3795 3100 καί

2186 3147 2381 3216 γνῶσιν
2468 3141 2557 3196 καὶ
2637 3136 2938 3196 Θεοσέϐειαν
3022 3143 3436 3214 μετοικισθέντα
3515 3140 3649 3214 παρὰ
3715 3135 3797 3188 τοῦ

2186 3231 2630 3305 μαρτυρουμένου
2668 3236 2784 3291 τοῖς
2816 3235 3027 3291 πιστοῖς
3056 3231 3123 3284 τὰ
3158 3228 3437 3303 μέλλοντα
3482 3226 3798 3297 δικαιωτήρια

2179 3319 2533 3395 Εὐαγγελίου,
2562 3321 2691 3394 ὅπερ
2726 3316 2892 3389 δηλοῖ
2938 3320 2998 3373 τὸ
3031 3317 3269 3391 Γαλαὰδ,
3325 3320 3578 3394 μετοίκία
3628 3332 3796 3389 μαρτυ-

2182 3408 2301 3483 ρίας
2332 3409 2789 3482 ἑρμηνευόμενον.

2255 3494 2504 3558 ὐδόντες
2575 3519 2672 3550 σου
2752 3496 2826 3558 ὠς
2903 3496 3094 3571 ἀγέλαι
3174 3500 3281 3549 τῶν
3352 3495 3698 3567 κεκαρμένων,
3755 3486 3799 3539 αἳ

2183 3581 2446 3656 ἀνέϐησαν
2521 3585 2626 3640 ἀπὸ
2704 3590 2801 3640 τοῦ
2863 3585 3118 3661 λουτροῦ,
3178 3585 3231 3639 αἱ
3279 3592 3446 3640 πᾶσαι
3507 3578 3788 3654 διδυμεύου-

2180 3697 2287 3746 σαι,
2320 3675 2409 3729 καὶ
2442 3675 2732 3729 ἀτεκνοῦσα
2762 3674 2861 3728 οὐκ
2890 3669 3031 3729 ἔστιν
3067 3673 3118 3728 ἐν
3153 3672 3364 3736 αὐταῖς.

2251 3765 2474 3839 ’¹Ηγουν,
2517 3765 2569 3817 αἱ
2638 3761 2941 3834 διανοήσεις
2999 3784 3118 3830 σου,
3180 3760 3250 3817 δι’
3300 3764 3374 3817 ὧν
3433 3762 3602 3832 ὥσπερ
3654 3755 3789 3809 τινῶν

2183 3851 2415 3908 ὀδόντων
2443 3854 2504 3908 τὸ
2536 3853 2846 3926 σωματικὸν
2880 3854 3061 3928 πάχος
3089 3856 3186 3907 τοῦ
3239 3856 3485 3928 γραπτοῦ
3529 3848 3684 3921 νόμου
3715 3839 3789 3897 καὶ

2178 3947 2275 3996 τοῦ
2307 3946 2535 4019 φυσικοῦ
2568 3941 2884 3998 λεπτύνεται
2916 3941 2995 4006 εἷς
3026 3941 3208 4012 ἀληθῆ
3242 3944 3514 4015 νοήματα,
3546 3935 3629 3992 καὶ
3676 3928 3789 4005 πρὸς

2186 4033 2385 4107 βρῶσιν
2446 4033 2817 4103 πνευματικὴν
2875 4028 3183 4101 ἐπισήδειον
3243 4030 3466 4103 γίνεται,
3525 4026 3667 4093 δίκην
3716 4036 3790 4072 κε·

2178 4121 2462 4194 καρμένων
2494 4118 2705 4194 ἀγελῶν
2738 4126 2911 4173 πᾶσαν
2967 4114 3175 4174 ἔννοιαν
3226 4117 3399 4193 ψευδῆ
3448 4114 3787 4191 περιῄρηνται»

2178 4192 2302 4281 mlo“
2365 4192 2550 4280 μόνην-
2588 4207 3078 4281 συναγελαζόμεναι
3134 4192 3247 4277 τήν
3294 4208 3566 4278 ἀλήθειαν.
3612 4200 3671 4258 Αἳ
3715 4192 3796 4249 καὶ

2179 4292 2441 4365 ἀνέϐησαν
2480 4298 2776 4369 ὑψωθεῖσαι
2822 4296 2960 4370 πρὸς
3010 4295 3077 4349 τὰ
3133 4294 3470 4369 πνευματικά
3522 4289 3605 4345 καὶ
3656 4281 3789 4370 ούράτ

2178 4407 2267 4439 νια
2320 4384 2380 4439 έκ
2436 4391 2540 4439 τῶν
2603 4383 2813 4459 γηΐνων
2871 4386 2961 4439 καὶ
3014 4388 3281 4459 σαρκικῶν
3337 4384 3558 4452 τούτων,
3588 4377 3655 4437 ὠς
3700 4366 3793 4459 ἀπὸ

2180 4473 2414 4548 λουτροῦ
2464 4473 2895 4548 καθαρεύουσαι·
2928 4474 3017 4528 καὶ
3068 4479 3233 4528 πᾶσαι
3296 4471 3383 4528 διὰ
3437 4476 3539 4526 τῶν
3594 4458 3788 4548 εἲρημέ·

413 4567 575 4639 leges
603 4568 873 4639 geminos
903 4567 1185 4624 virtutum
1216 4570 1367 4625 fetus
1392 4543 1515 4623 tum
1546 4543 1722 4624 dictis
1754 4543 1879 4624 tum
1913 4568 2078 4624 factis

2202 4584 2289 4617 ρων
2347 4563 2533 4635 νόμων
2597 4559 3053 4635 διδυμοτοκοῦσαι
3108 4561 3235 4626 τοὺς
3293 4559 3513 4635 λόγους,
3555 4552 3636 4610 καὶ
3683 4543 3787 4603 τοὺς

414 4656 619 4713 edunt.
655 4657 721 4712 Et
753 4658 974 4714 sterilis
1023 4662 1194 4728 atque
1242 4658 1473 4713 inutilis
1524 4658 1797 4730 cogitatio
1838 4674 1954 4713 non
1986 4662 2076 4714 est

414 4744 474 4799 in
509 4746 617 4801 eis.

487 4833 639 4891 Sicut
679 4837 969 4907 funiculus
1016 4837 1295 4894 coccineus
1349 4836 1501 4893 labia
1547 4845 1662 4906 tua,
1697 4844 1749 4891 et
1797 4836 2074 4907 eloquium

415 4925 573 4977 tuum
600 4923 880 4980 decorum.

486 5011 700 5068 Verum
736 5030 1094 5085 sermonem,
1129 5015 1317 5070 instar
1342 5013 1588 5070 funiculi
1614 5012 1867 5069 dimensi
1900 5018 2074 5085 atque

416 5101 657 5169 coccini,
692 5108 971 5173 promunt
1001 5104 1164 5159 labra
1194 5108 1315 5160 tua.
1346 5104 1739 5167 Quamobrem
1772 5102 2071 5174 eloquium

415 5194 585 5244 tuum
619 5192 857 5249 omnino
890 5194 1165 5249 decorum
1201 5199 1309 5249 est.

487 5278 640 5334 Sicut
668 5286 862 5337 cortex
897 5283 1043 5339 mali
1088 5284 1284 5355 punici
1311 5298 1472 5355 genar-
1523 5290 1656 5352 tuae,
1689 5286 1851 5337 extra
1900 5282 2072 5337 silen-

414 5368 556 5421 tium
589 5372 769 5423 tuum.

485 5457 696 5512 Cortici
746 5457 971 5516 scilicet
1022 5460 1159 5515 mali
1208 5458 1407 5531 punici
1452 5459 1677 5516 similes
1727 5465 1867 5515 sunt
1914 5473 2072 5530 genae

411 5549 545 5615 tuae,
569 5550 635 5601 ut
665 5547 993 5603 severitatis
1037 5552 1303 5603 amantes
1336 5551 1511 5620 atque
1560 5549 1631 5604 ab
1687 5547 1849 5604 omni
1878 5546 2071 5602 disso-

412 5633 636 5692 lutione
659 5639 919 5704 remotae,
940 5636 1174 5707 quando
1196 5635 1370 5690 etiam
1396 5652 1511 5691 non
1534 5640 1713 5694 taces.
1735 5636 1892 5693 Licet
1912 5636 2070 5693 enim

2183 4652 2418 4728 τρόπους
2462 4655 2572 4706 τῶν
2621 4651 2825 4727 ἀρετῶν
2858 4654 3139 4727 Ἂκαρπος
3191 4650 3281 4705 καὶ
3341 4644 3611 4725 ἀνωφελής
3640 4638 3786 4693 ἔννοια

2186 4740 2283 4796 οὐκ
2310 4735 2449 4795 ἔστιν
2484 4739 2535 4795 ἐν
2566 4739 2775 4802 αὐταῖς.
3708 4810 3723 4821 .
3778 4804 3786 4821 ,

2254 4832 2343 4892 Ὠς
2403 4829 2660 4905 σπαρτίον
2708 4830 2959 4884 κόκκινον
3034 4828 3196 4905 χείλη
3255 4850 3371 4899 σου,
3427 4822 3512 4880 καὶ
3560 4821 3591 4889 ἡ
3645 4810 3788 4872 λαλιά

2186 4940 2279 4974 σου
2308 4917 2499 4993 ὡραία.

2257 5007 2524 5079 Δηλονότι
2567 5011 2655 5063 οἷα
2700 5009 2793 5080 μὶν
2846 5006 3103 5081 σπαρτίον
3157 5003 3575 5081 μεμετρημένον,
3620 4982 3784 5087 οἷα,δῗ

2183 5074 2433 5153 κόκκινον
2468 5092 2648 5168 ἀληθῆ
2698 5074 2790 5151 τὸν
2838 5074 3005 5170 λόγον
3056 5074 3417 5171 προφέροντα,
3446 5090 3502 5144 οὗ
3553 5087 3585 5154 ἠ
3641 5074 3782 5135 λαλιά

2182 5187 2398 5248 πάντως
2428 5187 2461 5254 ἡ
2494 5186 2749 5263 προφορά
2781 5182 2869 5238 διὰ
2896 5188 3063 5238 ταῦτα
3095 5183 3374 5256 ὠράϊσται.

2255 5276 2341 5335 Ὡς
2393 5247 2631 5351 λέπυρον
2691 5273 2818 5349 ῥοᾶς
2876 5269 3055 5345 μῆλόν
3118 5292 3213 5325 σου
3265 5271 3411 5330 ἐκτὸς
3465 5269 3556 5332 τῆς
3602 5247 3781 5316 σιωπή’

2182 5364 2317 5425 σεώς
2346 5384 2461 5418 σου.

2253 5449 2477 5521 Δηλαδῆ
2519 5452 2605 5505 οἷα
2635 5449 2868 5522 λὲπυρον
2901 5448 3027 5525 ῥοᾶς
3087 5447 3369 5526 στύφουσα)
3427 5440 3548 5495 εἰσιν
3589 5432 3639 5526 al
3686 5442 3775 5526 τίω

2182 5540 2319 5615 ρειαί
2346 5559 2460 5595 σου·
2497 5538 2586 5596 διὰ
2612 5541 2675 5595 τὸ
2720 5537 2940 5615 στυγνόν
2971 5558 3029 5593 τε
3084 5537 3176 5592 καὶ
3232 5533 3530 5608 ἀδιάχυτον,
3567 5519 3669 5617 καὶ,
3697 5510 3774 5617 δῖε

2292 5635 2522 5703 σιωπᾷς.
2555 5628 2744 5708 Εἷγὰρ
2788 5603 2879 5683 Kal
2925 5631 3046 5691 ταῖς
3093 5603 3532 5700 ὁμιλίαις-ἐἴωθε
3583 5603 3769 5664 πολλά-
