4040 6146
320 221 435 278 615

1699 208 2117 271 MICHAELIS
2162 194 2463 271 PSELLI'

3613 219 3738 281 616

318 349 539 421 scripta
602 348 1205 421 comprehenduntur,
1265 346 1406 400 dum
1473 362 1541 399 ea
1607 343 1737 413 ipsa
1800 341 1933 396 facti

2082 341 2156 400 ὡς
2185 344 2345 394 τοῦτο
2393 341 2795 415 ὑποτιθέμένων
2847 343 3013 417 αὐτῷ,
3076 346 3174 399 Καὶ
3220 347 3417 410 ταύτας
3477 349 3571 420 μὲν
3632 350 3736 410 τὰς

315 438 691 510 exsequitur,
754 437 949 493 decies
1029 435 1433 506 multiplicans
1498 432 1589 487 lex
1654 430 1964 497 naturalis,

318 545 632 583 numerum
689 527 1090 583 centenarium
1142 522 1390 579 absolvit
1438 522 1807 589 actionesque
1861 520 1965 574 ite-

318 632 450 670 rum
498 631 602 687 per
632 615 925 684 subjectas
972 612 1117 684 ipsis
1167 612 1368 666 decem
1417 608 1722 663 facultates
1773 608 1964 663 decies

320 704 786 775 multiplicando,
821 701 1218 757 millenarium
1269 699 1493 769 implet.
1528 699 1596 751 Et
1627 696 1735 752 hoc
1767 697 1961 763 modo,

320 798 385 848 ut
433 794 656 848 dictum
707 798 816 857 est,
878 790 1038 845 mille
1104 789 1423 861 pendentes
1485 786 1669 858 clypei
1737 785 1962 857 signiﬁ-

315 888 451 938 cant
502 883 690 955 legem
748 887 873 937 tum
925 880 1204 950 scriptam
1265 883 1390 932 tum
1449 875 1798 943 naturalem,
1832 891 1960 944 quae

315 971 426 1026 sibi
469 978 674 1026 mutuo
724 974 863 1025 sunt
910 972 1274 1031 ornamento,
1310 966 1451 1020 dum
1500 981 1567 1019 ex
1616 980 1681 1018 ea
1730 979 1958 1033 sponsae

315 1066 477 1133 parte
507 1076 639 1130 quae
666 1058 907 1113 rationis
939 1062 1028 1112 est
1070 1072 1329 1126 compos,
1363 1060 1645 1125 tanquam
1697 1068 1764 1105 ex
1812 1050 1958 1105 collo

311 1150 499 1220 ipsius
548 1148 897 1218 dependent.
955 1160 1204 1215 eamque
1253 1143 1324 1197 ab
1372 1142 1648 1196 omnibus
1697 1139 1957 1194 hostium

307 1238 539 1293 insidiis
605 1240 939 1308 protegunt.
1002 1234 1200 1304 Neque
1268 1248 1400 1286 vero
1472 1230 1655 1302 clypei
1722 1233 1954 1283 tantum

306 1327 563 1397 pendent
603 1342 781 1397 super
829 1341 977 1388 eam,
1010 1338 1207 1376 verum
1259 1320 1435 1374 etiam
1469 1319 1666 1373 omnia
1713 1318 1951 1372 fortium

296 1414 526 1485 jacula;
559 1431 685 1485 qua:
735 1412 974 1483 quidem
1024 1415 1163 1465 sunt
1194 1407 1516 1479 disciplinae
1565 1425 1599 1461 a
1646 1406 1867 1461 sanctis
1896 1411 1953 1461 et

304 1503 640 1558 coelestibus
663 1500 976 1556 virtutibus
1008 1515 1233 1570 sponsae
1266 1514 1369 1569 per
1395 1495 1947 1567 contemplationem

302 1591 787 1655 subministrata,
813 1606 939 1660 qua:
971 1593 1171 1643 contra
1221 1586 1465 1657 spiritus
1515 1583 1784 1654 nequitia:
1815 1592 1946 1637 tan-

2077 433 2154 500 τῷ
2179 434 2405 504 γραπτῷ
2461 431 2618 504 νόμῳ
2670 430 3140 508 περιειλημμένας
3200 433 3325 490 δέκα
3384 434 3606 498 ἐντολὰς
3637 435 3726 493 δε-

2076 520 2459 587 καπλασιάζων
2523 521 2551 574 ὁ
2637 523 2862 599 φυσικὸς
2937 523 3129 596 νόμος,
3186 525 3320 579 κατὰ
3375 526 3470 587 τὰς
3517 526 3731 581 τούτων

2076 605 2340 682 ἐνεργείας
2406 613 2553 663 ποιεῖ
2624 612 2723 679 τὴν
2783 610 3131 670 ἐκατοντάδα.
3203 615 3313 676 Τὰς
3367 611 3413 667 δ’
3460 613 3726 691 ἐνεργείας

2073 694 2238 750 πάλιν
2295 694 2758 771 δεκαπλασιάζων,
2825 703 2959 756 κατὰ
3035 702 3128 763 τὰς
3174 702 3481 780 ὑφεστώσας
3547 704 3729 758 αὐτῶν

2074 782 2200 838 δέκα
2260 782 2513 859 δυνάμεις
2560 790 2658 857 τὴν
2718 788 2945 863 χιλιάδα
3006 790 3237 866 πληροῖ.
3284 792 3385 848 Καὶ
3440 792 3613 854 οὕτως
3647 795 3722 859 οἱ,

2071 875 2144 935 ὡς
2180 872 2410 947 ἄρηται,
2461 878 2797 952 κρεμάμενοι
2846 877 3023 955 χίλιοι
3064 881 3245 955 θυρεοὶ
3280 877 3510 950 δῆλοῦσι
3540 882 3633 936 τόν
3668 904 3725 936 τε

2068 964 2306 1038 γραπτὸν
2356 965 2444 1018 καὶ
2492 967 2585 1020 τὸν
2634 968 2855 1045 φυσικὸν
2907 970 3098 1042 νόμον,
3151 968 3425 1039 ἀλλήλοις
3478 970 3723 1044 συμπρέ-

2067 1074 2289 1120 ποντας,
2341 1054 2391 1107 ἐν
2425 1059 2503 1127 τῷ
2557 1056 2947 1131 ἀπαιωρεῐσθαι
3004 1063 3100 1111 τοῦ
3150 1056 3379 1131 λογικοῦ
3436 1065 3532 1127 τῆς
3579 1058 3720 1131 νύμ-

2067 1162 2173 1215 φης
2228 1143 2315 1195 οἷα
2340 1140 2627 1217 τραχήλου
2686 1145 2874 1214 αὐτῆς,
2929 1148 3017 1200 καὶ
3064 1149 3163 1214 τήν
3214 1146 3413 1217 ταύτης
3443 1150 3719 1203 ποιεῖσθαι

2065 1228 2311 1306 φυλακὴν
2339 1230 2444 1284 ἀπὸ
2472 1234 2684 1286 πάντων
2734 1239 2842 1287 τῶν
2898 1229 3361 1290 ἐπιϐουλευόντων
3422 1235 3583 1310 αὐτῇ,
3637 1236 3720 1295 Oti

2068 1322 2229 1389 μόνον
2279 1317 2335 1373 δί
2394 1321 2575 1393 θυρεοὶ
2620 1321 2916 1395 κρέμανται
2967 1322 3052 1377 ἐπ’
3100 1324 3290 1393 αὐτὴν,
3346 1327 3530 1402 φησὶν,
3568 1324 3719 1380 ἀλλὰ

2061 1408 2147 1461 καὶ
2198 1414 2361 1462 πᾶσαι
2416 1407 2633 1484 βυλίδες
2674 1416 2781 1464 τῶν
2826 1409 3085 1481 δυνατῶν,
3118 1412 3276 1488 αἶ’περ
3311 1414 3448 1490 εἷφιν
3477 1414 3529 1469 αἶ
3564 1417 3717 1488 παρά

2058 1500 2163 1549 τῶν
2207 1497 2373 1571 ἁγίων
2419 1497 2508 1552 καὶ
2554 1499 2813 1573 οὐρανίων
2862 1498 3139 1572 δυνάμεων
3200 1506 3269 1576 τῇ
3327 1502 3514 1578 νύμφῃ
3574 1504 3715 1558 κατὰ

2060 1585 2285 1657 θεωρίαν
2349 1587 2731 1659 ὑποτιθέμεναι
2814 1587 3179 1659 διδασκαλίαι,
3240 1592 3329 1645 καὶ
3406 1593 3542 1646 κατὰ
3597 1597 3712 1647 τῶν

301 1699 477 1753 quam
500 1680 699 1751 jacula
729 1678 1123 1749 conjiciuntur
1153 1675 1222 1730 ad
1254 1691 1454 1729 eorum
1508 1673 1811 1728 machinas
1845 1671 1933 1726 ad-

2059 1676 2377 1747 πνευμάτων
2406 1683 2505 1744 τῆς
2544 1678 2829 1752 πονηρίας,
2873 1674 3051 1753 ὥσπερ
3117 1678 3335 1754 βολίδες
3366 1678 3714 1755 βαλλόμεναι

296 1787 501 1826 versus
554 1785 830 1839 sponsam
880 1768 1200 1822 instructas
1251 1764 1612 1820 evertendas.
1647 1762 1754 1816 Sed
1808 1761 1948 1832 quia

298 1860 543 1916 rationis
575 1856 997 1931 quaestionibus
1033 1873 1065 1910 a
1095 1854 1315 1909 sanctis
1345 1852 1569 1924 angelis
1601 1852 1805 1906 edocta
1836 1857 1942 1918 est,

299 1967 414 2020 quo
447 1950 617 2004 modo
648 1949 705 2002 in
738 1946 1086 2001 insidiantes
1118 1944 1228 1999 sibi
1263 1943 1468 1998 debeat
1491 1941 1784 2011 jaculari;
1816 1941 1945 1997 ideo

300 2040 384 2093 bas
416 2037 759 2109 disciplinae,
791 2042 1073 2107 tanquam
1104 2050 1173 2089 ex
1204 2033 1372 2101 collo,
1405 2049 1471 2087 ex
1502 2030 1724 2086 ratione
1757 2031 1943 2102 ipsius

295 2130 576 2184 dicuntur
602 2127 948 2200 dependere.

366 2221 480 2275 Duo
508 2218 678 2274 ubera
722 2223 838 2287 tua,
868 2219 1010 2271 sicut
1040 2215 1148 2270 duo
1179 2214 1403 2269 hinnuli
1446 2213 1671 2284 gemelli
1711 2228 1939 2284 capreae,

295 2312 393 2380 qui
419 2313 722 2380 pascuntur
758 2309 817 2363 in
868 2306 1006 2361 (iliis
1033 2323 1051 2360 :
1082 2305 1250 2360 donec
1276 2305 1483 2375 expiret
1529 2303 1667 2372 dies,
1697 2306 1746 2358 et
1778 2303 1940 2358 incli-

292 2407 496 2455 nentur
525 2399 757 2455 umbrae.

1023 2503 1220 2559 Pselli.

363 2614 432 2668 Et
480 2613 589 2668 hoc
638 2611 1049 2667 convenienter
1095 2610 1166 2663 ad
1217 2607 1480 2663 mulieris
1524 2607 1794 2661 decorem
1843 2623 1939 2661 ex-

290 2702 615 2758 strinsecus
676 2700 898 2755 dictum
957 2702 1091 2752 est:
1141 2697 1500 2751 intrinsecus
1550 2693 1939 2749 venerabilem

290 2791 550 2845 continet
599 2787 1020 2857 expositionem
1072 2791 1129 2840 et
1176 2785 1445 2856 gratiam.
1489 2782 1734 2839 Gemina
1783 2782 1939 2837 enim

290 2879 489 2933 divina
520 2877 751 2932 Eclesiae
787 2877 963 2930 ubera
995 2873 1255 2944 intellige
1278 2874 1619 2944 sanguinem
1643 2876 1701 2925 et
1731 2888 1939 2941 aquam

289 2967 451 3022 illam
481 2972 747 3021 sanctam
773 2965 945 3020 Verbi
969 2969 1024 3019 et
1046 2963 1359 3018 Salvatoris
1383 2978 1450 3016 ex
1482 2962 1695 3032 quibus
1727 2962 1937 3015 anime

286 3056 549 3111 ﬁdelium
582 3055 831 3110 salutem
864 3054 1167 3109 hauriunt.

352 3145 531 3200 Donec
560 3148 772 3213 aspiret
817 3144 949 3215 dies,
1004 3152 1053 3198 et
1100 3150 1425 3197 moveantur
1467 3141 1698 3204 umbrae,
1730 3140 1935 3195 vatiam

281 3234 424 3289 mihi
451 3237 561 3307 ipsi
584 3235 653 3289 ad
683 3239 922 3290 montem
951 3232 1193 3305 myrrhae
1222 3240 1274 3287 et
1303 3231 1372 3287 ad
1401 3233 1596 3287 collem
1626 3230 1824 3285 thuris.

356 3417 418 3469 In
464 3414 556 3469 his
606 3414 798 3468 innuit
854 3414 1147 3468 cruciatus
1192 3417 1249 3466 et
1297 3415 1543 3465 mortem
1595 3407 1933 3464 Salvatoris.

285 3504 400 3558 Hos
446 3503 600 3558 enim
651 3508 711 3556 tu
773 3519 873 3572 per
921 3501 1169 3573 myrrha:
1230 3504 1486 3554 montem
1544 3497 1823 3568 intellige.
1867 3500 1937 3552 At

285 3608 387 3662 per
441 3591 647 3645 collem
706 3590 897 3645 thuris
953 3588 1213 3659 intellige
1261 3587 1506 3655 gloriam
1566 3586 1776 3656 ipsius,
1822 3602 1939 3656 qua

280 3686 451 3735 Pater
498 3681 752 3751 desuper
809 3695 940 3733 eum
996 3684 1052 3733 et
1103 3676 1294 3732 solum
1356 3675 1690 3729 illustravit.
1725 3675 1935 3729 Totum

280 3770 390 3825 hoc
457 3769 658 3842 igitur,
729 3769 884 3839 quod
955 3767 1216 3839 loquitur
1279 3764 1514 3835 virgini,
1582 3763 1876 3834 signiﬁcat

278 3863 398 3932 Age
428 3864 490 3915 tu
523 3874 757 3914 mecum
791 3858 890 3929 qui
922 3857 1078 3911 cruci
1126 3856 1335 3911 afﬁxus
1385 3871 1541 3923 sum,
1574 3853 1936 3928 crucifigere,

280 3956 348 4006 ut
401 3967 612 4021 magna
666 3949 806 4003 item
854 3965 887 4002 a
927 3947 1093 4002 Patre
1144 3945 1327 4016 gloria
1375 3960 1607 3999 mecum
1657 3942 1933 3997 afﬁciare.

278 4040 496 4109 Sponte
537 4039 691 4093 enim
724 4037 852 4093 volo
902 4053 1008 4109 ego
1059 4052 1201 4091 sane
1251 4038 1497 4089 mortem
1545 4037 1835 4103 oppetere,
1871 4036 1935 4087 ut

276 4127 551 4182 fidelibus
582 4127 736 4181 diem
779 4127 987 4181 salutis
1036 4125 1316 4195 aspirem,
1350 4128 1408 4178 et
1457 4122 1701 4177 umbras
1735 4121 1931 4175 discu-

272 4216 417 4272 tiam
478 4215 820 4286 impietatis.
877 4215 1041 4283 Mihi,
1092 4214 1358 4283 inqnam,
1410 4211 1519 4282 ipsi
1551 4210 1786 4275 variam,
1821 4209 1929 4265 hoc

270 4310 381 4373 est,
414 4304 615 4361 volens
670 4321 733 4359 ac
782 4303 992 4359 libens.
1028 4304 1235 4358 Verum
1284 4302 1424 4373 quia
1454 4300 1565 4355 scit
1598 4299 1787 4369 ipsam
1837 4314 1927 4352 se-

269 4411 405 4450 cum
452 4410 578 4450 esse
622 4392 982 4459 oruciﬁxam,
1017 4396 1073 4447 et
1118 4391 1395 4447 omnibus
1446 4387 1749 4460 praeceptis
1803 4387 1926 4441 suis

267 4484 737 4555 obtemperasse,
788 4498 996 4537 rursus
1042 4496 1170 4535 eam
1230 4478 1607 4535 commendat
1653 4475 1747 4531 his
1795 4492 1919 4530 ver-

269 4573 360 4627 bis
397 4590 410 4629 :

339 4752 463 4806 Tota
494 4752 725 4823 pulchra
770 4767 846 4819 es,
878 4751 1186 4821 prOpinqua
1235 4764 1375 4811 mea,
1426 4752 1537 4802 tota
1580 4744 1835 4818 pulchra,
1867 4754 1921 4801 et

264 4841 488 4896 macula
516 4857 627 4896 non
656 4845 738 4895 est
768 4841 827 4895 in
853 4844 923 4894 te.

852 4964 1035 5019 Trium
1072 4964 1326 5019 Patrum.

336 5077 413 5126 Ac
442 5070 555 5126 tale
582 5072 820 5143 quidem
853 5076 942 5127 est
972 5069 1189 5127 collum
1220 5074 1412 5123 tuum.
1436 5069 1548 5123 Duo
1582 5083 1713 5121 vero
1744 5066 1912 5121 ubera

260 5166 358 5216 tua
384 5162 526 5215 sicut
556 5161 665 5216 duo
712 5161 940 5215 hinuuh’
987 5176 1196 5231 caprea
1244 5159 1473 5231 gemelli
1502 5176 1520 5211 .·
1555 5154 1794 5211 moralis
1826 5156 1911 5209 vi-

260 5249 468 5305 delicet
518 5254 574 5303 et
631 5248 918 5304 naturalis
976 5248 1278 5316 doctrina,
1332 5264 1400 5302 ex
1455 5247 1671 5317 quibus
1731 5244 1907 5299 veluti

260 5337 541 5392 uberibus
574 5336 663 5393 lac
709 5336 1015 5393 infantulis
1047 5336 1241 5392 adhuc
1289 5351 1633 5408 suggerens,
1664 5352 1764 5390 eos
1797 5334 1906 5389 alis

257 5433 313 5482 et
364 5426 556 5482 nutris
605 5428 676 5482 ad
727 5425 1164 5497 perfectionem,
1198 5440 1265 5479 ex
1321 5431 1377 5479 te
1435 5423 1611 5480 simul
1663 5424 1900 5478 ﬂuunt:

258 5520 457 5587 utpote
515 5533 643 5587 quae
702 5531 808 5570 nec
864 5530 1055 5569 mores
1114 5513 1239 5568 sine
1298 5513 1523 5568 ratione
1571 5513 1765 5581 doces,
1800 5527 1906 5567 nec

254 5606 538 5662 rationem
602 5605 728 5661 sine
780 5602 1061 5657 moribus.
1095 5602 1487 5669 Quamobrem
1538 5618 1757 5674 capreae
1808 5617 1903 5657 as-

2057 1764 2192 1835 πριὸς
2243 1764 2509 1838 ἀναίρεσιν
2542 1771 2649 1819 τῶν
2702 1768 2819 1821 κατ’
2874 1768 3040 1833 αὐτῆς
3088 1769 3266 1822 αὐτῶν
3299 1774 3588 1844 μηχανῶν.
3617 1771 3713 1834 Ὠς

2057 1850 2113 1905 δὲ
2168 1857 2283 1913 ταῖς
2337 1854 2471 1935 κατᾷ
2514 1852 2674 1927 λόγον
2758 1858 3011 1925 ζητήσεσι
3083 1854 3479 1929 διδασκομένης
3537 1858 3715 1927 αὐτῆς

2054 1941 2197 2013 παρὰ
2226 1946 2332 1995 τῶν
2387 1942 2547 2015 ἁγίων
2608 1943 2853 2018 ἀγγέλων
2901 1946 2966 1998 τὰ
3006 1942 3193 1999 δέοντα
3228 1944 3529 2021 βάλλεσθαι
3565 1949 3712 2002 κατὰ

2051 2034 2157 2083 τῶν
2192 2025 2653 2086 ἐπιϐουλευόντων
2716 2033 2874 2104 αὐτῇ,
2927 2034 3016 2088 καὶ
3072 2036 3127 2089 αἱ
3158 2032 3503 2090 διδασκαλίαι
3544 2035 3708 2091 αὗται

2051 2123 2147 2171 τοῦ
2177 2119 2377 2187 ταύτης
2411 2118 2632 2195 λογικοῦ
2667 2122 3044 2197 ἀπῃώρηνται.

2125 2208 2227 2261 Δύο
2291 2210 2484 2281 μαστοί
2536 2231 2631 2264 σου
2682 2211 2753 2271 ὡς
2826 2211 2919 2266 δύο
2992 2208 3175 2287 νεϐροὶ
3226 2210 3469 2287 δίδυμοιι
3504 2212 3709 2289 δορκά-

2052 2295 2166 2365 δος,
2202 2298 2252 2350 οἱ
2283 2298 2576 2371 νεμόμενοι
2600 2297 2653 2353 ἐν
2684 2304 2800 2354 τοῖς
2827 2300 3055 2377 κρίνοις,
3085 2297 3188 2363 ἕως
3221 2302 3301 2356 οὗ.

2753 2511 2998 2571 Ψελλοῦ.

2123 2617 2219 2671 Καὶ
2248 2621 2409 2671 τοῦτο
2435 2624 2886 2695 γυναικοπρεπῶς
2919 2618 3110 2690 ἔξωθεν
3145 2620 3488 2698 λελεγμένον,

2049 2707 2284 2761 Ἔσωθεν
2319 2700 2433 2780 ἔχει
2467 2702 2699 2783 φοϐεράν
2735 2707 2991 2781 ἐκήγησιν
3024 2709 3113 2763 καὶ
3146 2711 3331 2784 χάριν,

2050 2795 2294 2855 Μαστοὺς
2323 2796 2426 2869 γάρ
2456 2794 2687 2870 γίνωσκε
2719 2794 2931 2859 διττοὺς
2960 2806 3061 2867 κῆς
3095 2798 3239 2862 θείας
3270 2799 3621 2869 Ἐκκλησίας,

2050 2886 2201 2955 Αἷμα
2230 2883 2315 2937 καὶ
2352 2880 2496 2957 ὕδωρ
2526 2884 2587 2938 τὸ
2621 2885 2809 2939 σεπτὸν
2842 2891 2937 2939 τοῦ
2972 2888 3149 2961 Λόγου
3180 2887 3267 2941 καὶ
3304 2894 3593 2965 Σωτῆρος,

2050 2974 2126 3026 Δι’
2159 2973 2230 3025 ὧν
2262 2969 2573 3046 ἀρδεύονται
2607 2976 2776 3049 ψυχαὶ
2810 2980 3014 3030 πιστῶν
3046 2979 3144 3046 τὴν
3178 2977 3467 3051 σωτηρίαν.

2113 3154 2260 3213 ’Έως
2309 3151 2369 3205 οὗ
2431 3149 2723 3227 διαπνεύσῃ
2809 3156 2842 3223 ἡ
2905 3153 3086 3230 ἡμέρα
3142 3156 3229 3209 καὶ
3287 3160 3583 3225 κινηθῶσιν
3638 3159 3697 3211 αἱ

2046 3240 2213 3306 σκιαὶ,
2274 3239 2609 3315 πορεύσομαι
2662 3242 2880 3314 ἐμαυτῷ
2928 3244 3062 3317 πρὸς
3120 3245 3179 3298 τὸ
3226 3240 3351 3319 ὅρος
3389 3251 3485 3314 τῆς
3517 3244 3695 3321 σμύρ-

2046 3350 2163 3397 νης,
2219 3330 2306 3383 καὶ
2362 3330 2498 3402 πρὸς
2527 3332 2617 3384 τὸν
2655 3331 2843 3405 βουνόν
2862 3336 2958 3386 τοῦ
2988 3328 3237 3387 λιϐάνου.

2118 3418 2201 3470 Ἐν
2230 3417 2443 3478 τούτοις
2478 3420 2838 3474 ὑπαινίττεται
2868 3422 2931 3475 τὸ
2962 3422 3131 3485 πάθος
3172 3427 3267 3476 τοῦ
3302 3429 3581 3498 Σωτῆρος.

2049 3507 2306 3579 Σμύρνης
2338 3508 2441 3581 γὰρ
2475 3505 2602 3581 ὅρος
2632 3507 2863 3583 γίνωσκε
2887 3510 2953 3564 τὰ
2975 3511 3119 3580 πάθη
3150 3516 3247 3566 τοῦ
3282 3518 3561 3585 Σωτῆρος.

2048 3595 2243 3647 Βουνὸν
2279 3591 2505 3649 λιϐάνου
2532 3594 2696 3650 πάλιν
2731 3592 2789 3651 δὲ
2820 3601 2989 3673 γνῶθι
3021 3601 3118 3667 τήν
3150 3599 3344 3654 τούτου
3368 3598 3541 3672 δόξαν,

2044 3684 2143 3739 Ἦν
2174 3682 2608 3754 ἄνωθενέδόξασε
2638 3687 2825 3761 Πατήρ
2857 3686 3016 3741 αὐτὸν
3049 3688 3136 3742 καὶ
3174 3690 3356 3761 μόνον.

2047 3775 2224 3829 Τοῦτο
2246 3778 2377 3847 γοῦν
2407 3795 2640 3848 πεφυκεν
2668 3775 2696 3829 ’ὀ
2728 3774 2878 3849 λέγει
2906 3781 2971 3850 τῇ
2998 3777 3247 3852 παρθένῳ
3283 3798 3295 3810 ·

2048 3865 2236 3937 Δεῦρο,
2274 3862 2366 3934 μοὶ
2400 3864 2889 3938 συσταυρώθητιτὸ
2921 3866 3089 3928 πάθος
3113 3865 3434 3943 έπειγμένῳ,

2046 3951 2157 4004 Ἵνα
2193 3949 2450 4025 μεγάλως
2481 3952 2571 4006 σὺν
2606 3952 2725 4025 ἐμοὶ
2761 3955 3026 4028 πατρόθεν
3062 3952 3379 4030 δοξασθήσῃ.

2043 4037 2386 4110 Αύτομολεῖν
2420 4042 2521 4115 γάρ
2555 4038 2722 4117 ἔγωγε
2747 4041 3020 4117 βούλομαι
3054 4044 3188 4117 πρὸς
3212 4045 3271 4099 τὸ
3304 4044 3492 4115 πάθος,

2041 4131 2227 4188 ’Ὅπως
2256 4126 2471 4201 αὐγάσω
2498 4133 2614 4191 τοῖς
2634 4135 2848 4189 πιστοῖς
2880 4129 3087 4205 ἡμέραν
3122 4132 3415 4206 σωτηρίας,

2042 4214 2137 4268 Καὶ
2170 4220 2458 4285 κινηθῶσιν
2494 4216 2543 4269 αὶ
2571 4216 2714 4270 σκιαὶ
2746 4223 2909 4271 πᾶσαι
2942 4227 3040 4287 τῆς
3075 4218 3275 4292 ἀθείας,

2040 4302 2193 4371 Πλὴν
2226 4303 2444 4376 ἐμαυτῴ
2474 4307 2834 4378 πορεύσομαι,
2865 4308 3139 4361 τουτέστιν
3168 4308 3446 4371 ἑκουσίως.

2037 4395 2218 4448 Ταῦτα
2247 4395 2339 4464 μὲν
2371 4396 2460 4447 οὗν
2494 4391 2802 4465 λελάληκεν
2824 4397 2851 4450 ὁ
2873 4394 3167 4459 κάλλιστος
3194 4398 3447 4475 νυμφίος,

2029 4480 2176 4536 Ἐπεὶ
2211 4477 2266 4534 δὲ
2294 4480 2495 4551 ταύτην
2529 4480 2755 4556 ἔγνωκεν
2782 4481 2927 4555 αὐτῴ
2961 4487 3481 4558 συνσταυρωθεῖσαν,

2028 4569 2127 4623 Καὶ
2159 4575 2328 4623 πᾶσαν
2363 4567 2792 4644 έκπληρώσασαν
2820 4573 2919 4640 τὴν
2954 4571 3182 4642 ἐντολὴν
3216 4572 3442 4644 ἐκείνου,

2029 4657 2199 4712 Πάλιν
2234 4657 2488 4731 ἐπῄνεσεν
2520 4658 2709 4729 αὐτήν.
2745 4659 2888 4729 Φησὶ
2920 4661 3024 4735 γὰρ
3058 4662 3214 4724 οὗτος
3245 4660 3373 4717 τάδε
3408 4682 3419 4695 ·

2097 4745 2241 4816 ’Όλη
2304 4745 2447 4815 καλή
2517 4747 2581 4815 εἶ,
2640 4749 2675 4816 ἡ
2733 4746 2972 4819 πλησίον
3031 4772 3158 4823 μου,
3219 4749 3323 4822 ὅλη
3383 4749 3550 4821 καλὴ,
3585 4754 3678 4809 καὶ

2030 4840 2226 4908 μῶμος
2260 4836 2362 4890 οὐκ
2391 4829 2531 4890 ἔστιν
2561 4833 2613 4889 ἐν
2648 4836 2753 4893 σοί.

2590 4965 2705 5016 Τῶν
2744 4963 2793 5037 γ’
2821 4964 3073 5039 Πατέρων
3086 5009 3099 5021 .

2094 5068 2196 5124 Καὶ
2236 5066 2377 5122 οὕτω
2432 5068 2525 5140 μὶν
2585 5067 2872 5144 τράχηλος
2920 5091 3035 5127 συυ.
3097 5072 3163 5128 Οἱ
3214 5069 3270 5126 δὲ
3323 5070 3418 5127 δύο
3481 5074 3678 5145 μαστοί

2020 5179 2138 5223 σου,
2183 5158 2256 5218 ὡς
2312 5154 2407 5210 δύο
2467 5152 2653 5228 νεϐροὶ
2705 5154 2925 5229 δίδυμοι
2977 5156 3261 5235 δορκάδος,
3320 5158 3582 5227 δηλονότι
3635 5166 3672 5232 ἡ

2017 5246 2184 5315 ἠθικὴ
2238 5244 2326 5298 καὶ
2376 5245 2575 5318 φυσική
2636 5242 2959 5301 διδασκαλία
3005 5268 3121 5315 σου,
3185 5246 3255 5303 δι’
3302 5247 3375 5304 ὦν
3432 5252 3521 5305 οἷα
3569 5272 3673 5324 μα-

2015 5339 2151 5388 στῶν
2206 5331 2351 5407 γάλα
2399 5333 2642 5401 ποτίζεις
2685 5333 2813 5395 τοὺς
2875 5331 2953 5390 ἔτι
3003 5340 3138 5392 κατὰ
3183 5339 3282 5407 τὴν
3331 5338 3512 5394 πίστιν
3572 5362 3673 5413 νη-

2014 5424 2171 5485 πίους
2230 5422 2365 5498 πρὸς
2419 5421 2739 5493 τελειότητα
2765 5423 3057 5501 τρέφουσα,
3094 5425 3204 5499 ἅμα
3254 5426 3313 5482 ix
3344 5432 3438 5482 σοῦ
3469 5428 3672 5503 προία-

2014 5534 2118 5581 σιν,
2178 5512 2252 5572 ὠς
2289 5513 2426 5583 μήτε
2476 5512 2536 5565 τὸ
2584 5512 2718 5581 ἦθος
2750 5510 2827 5567 ἔτι
2862 5510 3218 5588 δεικνυμένης
3238 5514 3481 5591 ἀλόγως,
3523 5521 3668 5591 μήτε

2008 5601 2098 5658 τὸν
2134 5598 2293 5678 λόγον
2325 5597 2495 5672 ἤθους
2543 5603 2959 5680 προσφερούσης
3002 5604 3201 5681 χωρίς.
3242 5606 3396 5663 Ὅθεν
3438 5602 3664 5681 δορκάδι
