4046 6144
294 370 409 430 617

1343 366 1748 430 COMMENT.
1791 364 1867 426 lN
1910 363 2316 428 CANTICUM
2360 366 2665 430 CAN'l‘lG.

3586 369 3708 429 6l8

290 500 641 578 παρείκασας,
699 500 773 563 ὡς
831 499 968 556 κατὰ
1015 499 1107 574 μὶν
1160 498 1388 576 θεωρίαν
1441 495 1754 574 ὀξυδερκὴς,
1804 494 1941 551 κατά

2069 497 2315 555 similata
2343 516 2404 555 es
2435 503 2561 555 tum
2596 503 2834 572 propter
2864 516 3108 556 acumen
3141 501 3200 555 in
3237 500 3705 573 contemplando,

291 590 349 647 δὲ
403 593 597 667 πρᾶξιν
657 587 982 666 όξύδρομος.
1042 582 1246 665 Νεϐροὶ
1307 586 1388 657 δὶ,
1440 588 1628 667 φησὶν,
1691 586 1742 641 οἱ
1773 586 1941 659 νεμόο

294 702 448 754 μενοι
532 679 586 734 ἄν
656 677 866 755 κρίνοις
933 675 1039 739 ἕως
1111 674 1417 733 διαπνεύσει
1486 679 1520 746 ἡ
1590 675 1790 749 ἡμέρα,
1850 673 1941 728 καὶ

289 771 582 840 κινηθῶσιν
644 768 698 822 αἱ
755 768 939 822 σκιαί·
999 764 1189 843 ἤγουν,
1238 767 1292 822 αἱ
1336 766 1664 845 τρεφόμεναι
1724 764 1774 819 ἐν
1828 768 1947 827 ταῖς

296 861 475 930 πάσης
528 857 796 934 μερίμνης
832 857 1095 933 βιωτικῆς
1129 854 1588 932 ἀπηλλαγμέναις
1626 858 1829 930 ψυχαῖς
1864 851 1945 907 δι-

304 946 605 1015 δασκαλίαι,
636 947 864 1017 ἡὴθικὴ
911 946 1002 1001 καὶ
1046 949 1080 1016 ἡ
1130 947 1329 1024 φυσικὴ
1388 947 1464 1009 ὡς
1521 944 1656 999 κατά
1718 941 1944 1017 μετάδο·

300 1059 379 1091 σιδ
452 1034 785 1091 ἑπιδιδοῦσαι
858 1036 933 1097 sic;
988 1032 1228 1108 αὔξησιν,
1294 1033 1489 1109 μὲγρις
1547 1032 1605 1088 ἂν
1657 1033 1850 1107 ἐπιστῇ
1908 1034 1942 1101 ἡ

295 1125 629 1199 ὀλολαμπὴς
672 1126 810 1181 κατά
862 1126 925 1180 τὸ
984 1122 1189 1199 μὲλλον
1223 1125 1424 1198 ἥμερα,
1474 1125 1563 1178 καὶ
1620 1123 1687 1177 τά
1735 1119 1942 1193 σκιώδη

291 1217 468 1271 πάντα
526 1214 889 1291 παρέλθωσιν.
941 1214 1091 1270 Ἐπεὶ
1144 1212 1200 1269 δὲ
1261 1211 1436 1277 ἐλθὼν
1494 1213 1548 1267 ἐν
1596 1212 1751 1287 σαρκὶ
1803 1210 1944 1266 οὕτω

290 1307 468 1376 καλήν
516 1326 574 1360 σε
616 1306 643 1359 ὁ
693 1304 784 1366 σὸς
832 1301 1068 1379 νυμφίος
1120 1301 1393 1373 ἀπέδειξα,
1442 1301 1635 1356 λοιπὸν
1680 1302 1944 1373 πορεύσο-

295 1416 389 1467 μαι
422 1393 644 1466 ἐμαυτῷ
672 1392 806 1468 πρὸς
834 1393 961 1468 ὅρος
1020 1398 1119 1462 τῆς
1177 1390 1445 1467 σμύρνης,
1510 1390 1597 1445 καὶ
1660 1389 1800 1467 πρὸς
1850 1389 1941 1443 τὸν

294 1483 487 1559 βουνὸν
547 1487 642 1537 τοῦ
674 1478 922 1536 λιϐάνου’
956 1478 1097 1551 ἢτοι,
1129 1479 1468 1555 πορεύσομαι
1518 1479 1775 1541 ἑκουσίως
1806 1479 1943 1555 πρὸς

290 1573 374 1643 τὸ,
435 1570 592 1643 δίκην
640 1570 798 1647 ὄρους
858 1571 1124 1645 σμύρνης,
1181 1568 1317 1644 ὖψος
1370 1573 1465 1623 τοῦ
1524 1570 1777 1640 θανάτου,
1810 1567 1943 1645 ὅπερ

292 1660 431 1716 ἐστιν
487 1663 515 1716 ὁ
567 1660 812 1736 σταυρός.
861 1660 922 1716 Ὁ
967 1660 1069 1735 γάρ
1106 1658 1350 1721 ἑκούσιος
1385 1655 1472 1712 διὰ
1503 1662 1733 1731 σταυροῦ
1783 1658 1945 1721 θάνα-

290 1771 382 1813 τος
428 1748 649 1805 πολλοῦ
700 1746 1024 1823 ὑπερανεστη
1083 1751 1181 1803 τοῦ
1234 1746 1488 1802 ἀκουσίου
1542 1746 1633 1801 καὶ
1693 1750 1941 1825 φυσικοῦ,

290 1844 386 1895 τοῦ
414 1839 504 1894 καὶ
536 1842 653 1901 τοῖς
690 1836 912 1912 ἀλόγοις
938 1836 1100 1904 ζώοις
1147 1840 1353 1891 κοινοῦ·
1401 1836 1499 1890 Καὶ
1529 1834 1691 1890 πάλιν
1742 1833 1943 1911 πορεύ-

295 1949 461 2003 σομαι
493 1927 569 1991 εἷς
614 1926 866 2000 ἐμαυτὸν.
914 1925 1292 2002 ἀπερχόμενος
1342 1926 1479 2001 πρὸς
1530 1928 1643 1997 τὸν,
1698 1927 1824 2002 παρ’
1884 1922 1946 1980 οὗ

294 2017 530 2091 ἐξῆλθον
575 2017 665 2072 καὶ
714 2016 789 2078 εἷς
835 2016 926 2071 τὸν
976 2014 1180 2088 κόσμον
1242 2012 1529 2087 ἐλήλυθα,
1589 2016 1819 2089 Πατέρα·
1883 2012 1945 2069 οὗ

295 2106 625 2185 ἐμφαντικὸς
659 2107 687 2160 ὁ
723 2106 913 2180 βουνὸς
956 2108 1054 2159 τοῦ
1085 2099 1335 2175 λιϐάνου,
1396 2105 1470 2166 ὡς
1524 2108 1593 2178 τῇ
1644 2103 1790 2174 αἰτίᾳ
1824 2103 1944 2176 μεί-

296 2202 451 2266 ζονος
503 2199 611 2251 τῶν
647 2194 953 2268 ὁμοουσίων
1011 2194 1175 2265 αὐτῷ,
1218 2193 1352 2267 ἐμοῦ
1383 2214 1442 2248 τε
1469 2197 1566 2248 τοῦ
1598 2196 1944 2267 Μονογενοῦς

291 2286 383 2341 καὶ
452 2288 550 2341 τοῦ
632 2283 898 2359 παναγίου
978 2282 1314 2355 Ιινεύματος.
1392 2282 1493 2336 Καὶ
1551 2284 1655 2358 γὰρ
1726 2281 1945 2357 ἐπείπερ

293 2376 607 2451 νεκρώσεως
664 2373 756 2447 μέν
818 2373 926 2427 ἐστι
986 2367 1265 2445 σύμϐολον
1326 2374 1359 2442 ἡ
1416 2372 1646 2447 σμύρνα,
1691 2372 1945 2441 θεότητος

299 2465 354 2520 δὲ
384 2466 412 2519 ὁ
445 2459 694 2531 λίϐανος,
750 2463 837 2532 τὸ,
898 2461 1245 2537 Πορεύσομαι
1280 2460 1520 2534 ἐμαυτῷ,
1552 2460 1695 2531 πηὸς
1730 2461 1822 2533 μὶν
1853 2460 1945 2513 τὸν

301 2551 389 2609 διὰ
419 2556 651 2628 σταυροῦ
695 2553 942 2623 θάνατον,
993 2548 1165 2621 δηλοῖ
1192 2549 1255 2605 τὸ
1313 2550 1579 2605 ἑκούσιον·
1613 2550 1747 2625 πρὸς
1800 2546 1857 2603 δὲ
1885 2546 1947 2602 τὸ

296 2651 398 2714 τῆς
455 2642 711 2712 θεότητος
770 2638 928 2715 ὕψος,
974 2641 1037 2695 τὸ
1092 2640 1168 2702 εἷς
1224 2641 1408 2695 ἑαυτὸν
1463 2640 1555 2694 τὸν
1601 2640 1729 2694 Θεὸν
1778 2638 1950 2713 Λόγον

301 2733 687 2809 ὲπανίρχεσθαι
732 2730 837 2785 ἀπὸ
878 2734 985 2784 τῶν
1034 2730 1153 2793 καθ’
1208 2731 1357 2803 ἡμᾶς
1412 2732 1703 2800 ταπεινῶν,
1765 2726 1816 2782 ἐν
1870 2731 1949 2799 τῷ

303 2824 435 2898 πρὸς
484 2822 575 2877 τὸν
622 2821 832 2897 Πατέρα
877 2818 1216 2894 πορεύεσθαι.
1267 2817 1426 2875 Οὕτω
1458 2816 1533 2889 δὲ,
1567 2816 1949 2896 φησῖ,πορεύ-

305 2933 490 2986 σομαι,
521 2911 604 2966 ’ὁτι
634 2910 697 2964 τὸ
747 2906 900 2985 ἔργον
944 2908 1040 2962 τοῦ
1089 2906 1299 2983 Πατρὸς
1349 2906 1435 2961 ἐπὶ
1485 2906 1571 2961 σοὶ
1600 2903 1945 2962 τετελείιυκα.

306 3000 412 3058 Καὶ
440 3001 566 3077 γάρ’

375 3179 510 3251 Ὀλη
542 3179 685 3249 καλή
713 3178 779 3251 εἶ,
806 3180 842 3249 ἡ
872 3176 1110 3248 πλησίον
1148 3197 1273 3251 μου,
1306 3176 1395 3230 καὶ
1435 3178 1629 3249 μῶμος
1658 3173 1758 3229 οὐκ
1804 3168 1945 3228 ἔστιν

299 3268 351 3325 ἐν
377 3290 481 3325 σοι.

369 3355 595 3429 Δηλαδή
640 3361 719 3429 νῷ
761 3357 850 3412 καὶ
898 3358 1052 3431 ψυχῇ
1096 3353 1185 3410 καὶ
1236 3351 1391 3429 σαρκὶ
1445 3351 1708 3427 ὑπάρχεις
1754 3350 1946 3428 ὡραία·

298 3448 389 3503 καὶ
449 3447 606 3523 σαρκὶ
678 3446 769 3520 μὶν
821 3445 895 3507 ὡς
979 3448 1087 3499 τῶν
1141 3443 1257 3497 κατ’
1314 3441 1579 3517 ἐνέργειαν
1627 3442 1951 3514 καθαρθεῖσα

299 3536 575 3593 παντοίων
634 3538 843 3607 παθῶν,
899 3534 988 3589 καὶ
1037 3538 1155 3595 τοῖς
1208 3531 1431 3607 τρόποις
1476 3532 1817 3605 κοσμηθεῖσα
1845 3533 1951 3584 τῶν

300 3629 532 3705 ἀρετῶνο
593 3628 747 3701 ψυχῇ
806 3621 883 3697 δὶ,
938 3624 1012 3685 ὡς
1068 3622 1247 3692 πάσης
1304 3619 1518 3696 φαύλης
1578 3618 1952 3695 ἀπαλλαγεῖσα

302 3714 617 3789 ἐπιθυμίας,
666 3715 895 3777 καὶτοῖς
933 3711 1122 3788 λόγοις
1155 3711 1479 3786 ὡραϊσθεῖσα
1525 3714 1632 3764 τῶν
1692 3708 1948 3764 ἐντολῶν·

299 3811 381 3880 νῷ
416 3803 495 3878 δὲ,
527 3805 602 3867 ὡς
631 3803 720 3859 καὶ
748 3807 856 3858 τῶν
887 3798 1068 3877 ψιλῶν
1117 3799 1335 3855 ἐννοιῶν
1378 3796 1815 3874 ἐλευθερωθεῖσα,
1864 3797 1955 3852 καὶ

302 3891 736 3970 λαμπρυνομᾶνη
814 3889 863 3945 ἐν
939 3888 1082 3966 ἀγίῳ
1151 3887 1421 3961 Πνεύματι
1476 3890 1546 3960 τῇ
1608 3887 1742 3941 κατὰ
1794 3886 1954 3962 χάριν

302 3984 543 4039 θειώσει.
578 3981 677 4036 Καὶ
708 3980 797 4036 διὰ
817 3983 983 4035 τοῦτο
1028 3978 1194 4053 ψόγος
1224 3999 1306 4040 τις
1338 3975 1435 4030 ούκ
1484 3975 1622 4030 ἐστιν
1671 3974 1723 4029 ἐν
1758 3976 1843 4029 σοὶ
1889 3978 1957 4049 τῇ

302 4071 462 4150 ἐγγύς
496 4092 601 4146 μου
629 4067 891 4147 γενομένῃ
923 4054 1379 4137 διῖτελειότητα.

1026 4171 1273 4230 ινελλοῦ.

382 4286 520 4343 Εἶτα
565 4283 702 4359 πρὸς
751 4282 973 4356 μείζονα
1018 4279 1176 4336 καλεῖ
1221 4279 1422 4351 ταύτην
1492 4278 1724 4353 ἀρθῆναι
1784 4275 1962 4348 δόξαν.

311 4379 481 4449 Δεῦρο
511 4373 617 4429 ἀπὸ
647 4369 904 4441 Λιϐάνου,
930 4370 1138 4448 νύμφη,
1172 4373 1337 4445 Δεῦρο
1369 4369 1474 4423 ἀπὸ
1523 4362 1754 4422 Λιϐάνου
1808 4367 1966 4423 ἐλεύ-

316 4485 408 4538 σῃ.
444 4462 618 4530 Ἐπεὶ,
652 4461 840 4536 φησὶν,
869 4458 1142 4530 ἰλήλυθας
1177 4458 1252 4522 εἷς
1288 4459 1351 4512 τὸ
1397 4464 1495 4527 τῆς
1531 4456 1774 4529 σμύρνης
1816 4452 1967 4532 ὅρος,

312 4555 402 4607 καὶ
458 4545 751 4621 συνανὲὄης
804 4571 896 4623 μοι
962 4548 1156 4623 βουνὸν
1213 4546 1372 4602 αὐτὸν
1428 4546 1517 4600 τὸν
1567 4550 1662 4599 τοῦ
1716 4539 1964 4600 λιϐάνουσ

2055 592 2183 643 tum
2245 593 2483 660 propter
2538 605 2751 646 cursus
2809 590 3169 646 celeritatem
3226 590 3286 645 in
3351 591 3702 662 peragendo.

2054 679 2307 747 Hinnuli,
2341 678 2555 751 inquit,
2588 682 2688 751 qui
2735 683 3045 752 pascuntur
3074 683 3219 737 inter
3249 682 3397 745 lilia,
3430 697 3709 753 quousque

2053 767 2168 823 dies
2197 770 2424 839 (κρίνει,
2457 778 2510 824 et
2536 769 2881 825 inclinentur
2908 770 3139 826 umbra.
3184 769 3511 841 Disciplina:
3541 769 3703 825 vide-

2055 856 2188 911 licet
2211 858 2449 913 moralis
2498 862 2557 913 et
2588 857 2896 926 naturalis,
2960 875 3088 931 quas
3146 859 3207 913 in
3263 859 3567 915 animabus
3626 859 3698 915 ab

2054 946 2214 1000 omni
2244 947 2375 1002 vitae
2407 946 2806 1003 sollicitudine
2839 948 3101 1015 remotis,
3151 949 3291 1004 dum
3349 949 3697 1021 impertiun-

2055 1040 2171 1105 tur,
2203 1034 2539 1091 coalescunt
2580 1041 2634 1091 et
2692 1037 3122 1093 incrementum
3166 1037 3482 1110 accipiunt,
3516 1039 3699 1094 donec

2055 1124 2420 1180 clarissimus
2451 1125 2550 1181 ille
2599 1125 2779 1181 futuri
2812 1126 3092 1198 temporis
3135 1127 3259 1183 dies
3292 1127 3609 1195 illucescat,
3643 1131 3699 1184 et

2054 1215 2248 1269 omnia
2284 1231 2409 1286 quae
2455 1215 2678 1270 umbris
2739 1219 2879 1270 sunt
2934 1215 3215 1282 involuta,
3268 1220 3695 1288 pertranseant.

2052 1305 2293 1374 Verum,
2353 1305 2632 1375 quoniam
2693 1304 2749 1359 in
2809 1322 2984 1360 carne
3034 1305 3275 1361 veniens
3307 1322 3412 1378 ego
3443 1323 3699 1379 sponsus

2052 1399 2191 1450 tuus
2223 1398 2279 1449 te
2309 1395 2390 1449 ita
2420 1395 2737 1450 formosam
2773 1394 3019 1459 reddidi,
3044 1395 3168 1466 jarn
3189 1395 3398 1450 vadem
3432 1395 3577 1451 mihi
3608 1395 3701 1468 ip-

2054 1485 2103 1539 si
2135 1484 2205 1539 ad
2241 1487 2499 1538 montem
2534 1483 2779 1555 myrrhae
2812 1488 2869 1539 et
2899 1483 2969 1538 ad
3003 1482 3208 1539 collem
3242 1483 3432 1539 thuris
3459 1502 3471 1541 :
3499 1485 3557 1540 id
3581 1489 3691 1552 est,

2056 1576 2261 1645 sponte
2290 1588 2423 1628 mea
2454 1573 2521 1627 ad
2554 1573 2784 1639 mortis,
2816 1576 3098 1643 tanquam
3160 1574 3231 1628 ad
3291 1573 3511 1629 montis
3544 1590 3700 1647 myr-
3728 1641 3733 1647 _

2054 1663 2175 1718 rbae
2205 1662 2653 1728 sublimitatem,
2681 1679 2809 1734 quae
2842 1663 3081 1733 quidem
3116 1666 3202 1718 est
3234 1679 3395 1729 crux,
3431 1663 3705 1735 proficis-

2055 1769 2169 1807 car.
2215 1751 2553 1808 Voluntaria
2583 1753 2735 1806 enim
2768 1768 2871 1822 per
2900 1768 3129 1806 crucem
3164 1751 3371 1808 mortis
3404 1752 3702 1825 susceptio

2055 1857 2428 1897 communem
2460 1840 2734 1896 omnibus
2767 1840 3121 1895 animalibus
3155 1842 3224 1897 ab
3244 1858 3308 1895 ea
3334 1842 3703 1897 abhorrentis

2057 1934 2277 1986 natura
2337 1929 2740 1985 inﬁrmitatem
2810 1930 3132 2002 superavit.
3195 1931 3264 1985 Et
3319 1946 3554 1986 rursum
3606 1948 3702 1987 va-

2057 2020 2191 2075 dam
2252 2019 2322 2074 ad
2382 2035 2474 2075 me
2533 2019 2775 2091 ipsum,
2858 2020 2927 2074 ad
3009 2019 3237 2075 Patrem
3316 2021 3590 2089 rediens,
3669 2038 3703 2075 a

2058 2125 2172 2182 quo
2205 2108 2375 2175 exivi,
2410 2111 2467 2164 et
2500 2108 2556 2163 in
2593 2110 2879 2164 mundum
2903 2109 3032 2165 veni
3058 2110 3122 2163 ιι.
3180 2109 3286 2174 Qui
3336 2127 3477 2166 sane
3535 2113 3705 2166 Pater

2057 2214 2159 2270 per
2188 2197 2394 2253 collem
2427 2198 2617 2253 thuris
2647 2197 3034 2270 intelligitur;
3097 2199 3376 2270 quoniam
3409 2204 3473 2254 ut
3502 2216 3705 2271 causa,

2058 2288 2242 2357 major
2299 2291 2388 2342 est
2453 2303 2546 2341 me
2602 2287 2910 2358 Unigenito
2938 2292 2991 2341 et
3052 2288 3271 2359 Spiritu
3327 2293 3550 2356 sancto,
3604 2289 3705 2360 qui

2058 2392 2265 2432 sumus
2340 2374 2423 2430 illi
2498 2375 3053 2431 consubstantiales.
3116 2376 3493 2433 Mortalitatis
3546 2378 3703 2433 enim

2058 2463 2389 2538 symbolum
2434 2468 2523 2520 est
2580 2464 2834 2537 myrrha,
2896 2464 3035 2520 thus
3094 2468 3289 2520 autem
3354 2466 3701 2521 divinitatis.

2057 2555 2244 2620 Quare
2276 2554 2459 2609 illud:
2500 2554 2700 2610 Vadam
2730 2555 2875 2609 mihi
2922 2555 3066 2626 ipsi:
3127 2558 3254 2609 tum
3308 2554 3701 2610 voluntarium

2059 2661 2164 2716 per
2191 2659 2421 2699 crucem
2467 2644 2537 2698 ad
2603 2647 2845 2699 mortem
2905 2642 3133 2698 aditum
3195 2643 3527 2715 significat;
3577 2648 3704 2699 tum

2059 2732 2381 2787 divinitatis
2408 2730 2835 2798 celsitudinem,
2867 2748 2967 2803 per
2997 2732 3251 2787 reditum
3280 2733 3351 2787 ab
3374 2731 3708 2788 humilitate

2060 2825 2264 2877 nostra
2295 2824 2570 2893 suscepta
2596 2822 2664 2877 ad
2703 2838 2763 2877 se
2794 2820 2990 2893 ipsum
3021 2820 3207 2876 Deum
3254 2821 3528 2889 Verbum,
3562 2822 3705 2876 dum

2059 2912 2131 2967 ad
2167 2911 2394 2965 Patrem
2424 2911 2602 2965 vadit.
2648 2910 2740 2965 Sic
2790 2914 3009 2976 autem,
3044 2909 3258 2981 inquit,
3300 2910 3530 2977 vadam,
3566 2927 3706 2982 quo-

2058 3001 2219 3056 niam
2248 3016 2395 3071 opus
2454 2999 2646 3055 Patris
2690 3000 2845 3071 quod
2904 2999 2975 3054 ad
3023 3001 3078 3055 te
3135 2998 3408 3072 pertinet,
3464 3000 3702 3072 perfeci.

2060 3090 2314 3145 Etenim:

2133 3180 2258 3233 Tota
2286 3178 2521 3248 pulchra
2570 3193 2647 3245 es,
2706 3178 3022 3250 propinqua
3060 3194 3205 3246 mea,
3238 3183 3293 3233 et
3347 3178 3565 3234 mauula
3594 3195 3705 3235 non

1982 3246 2024 3311 (ἶ
2061 3271 2139 3323 est
2165 3269 2223 3323 in
2245 3246 2316 3323 te.

2130 3360 2315 3412 Mente
2347 3354 2625 3412 nimirum
2659 3360 2716 3411 et
2747 3355 2941 3412 anima
2989 3360 3046 3412 et
3094 3374 3268 3413 carne
3317 3356 3559 3430 pulchra
3605 3374 3705 3416 es:

2060 3461 2232 3502 carne
2264 3446 2527 3517 quidem,
2562 3450 2626 3501 ut
2664 3462 2766 3518 per
2798 3444 3090 3501 actionem
3151 3465 3185 3503 a
3242 3446 3418 3503 variis
3479 3451 3707 3519 pertur-

2059 3534 2403 3591 bationibus
2435 3539 2704 3607 purgata,
2766 3538 2823 3590 et
2873 3534 3157 3591 virtutum
3216 3536 3479 3591 moribus
3519 3534 3707 3591 excel-

2058 3624 2226 3680 lens:
2261 3624 2457 3680 anima
2480 3628 2699 3690 autem,
2730 3627 2794 3680 ut
2813 3624 2886 3679 ob
2917 3624 3364 3697 omniimproba
3392 3625 3710 3697 cupiditate

2064 3715 2352 3785 sejuncta,
2393 3718 2450 3768 et
2506 3713 2879 3769 sermonibus
2940 3714 3212 3769 decorata
3252 3715 3705 3771 mandatorum:

2065 3806 2259 3857 mente
2289 3818 2443 3867 vero,
2476 3806 2541 3856 ut
2588 3801 2659 3856 ab
2710 3801 2962 3857 exilibus
3018 3803 3196 3858 etiam
3257 3804 3710 3874 cogitationibus

2064 3890 2336 3956 liberata,
2372 3907 2437 3945 ac
2469 3890 2778 3962 splendida
2829 3895 2886 3945 et
2946 3908 3047 3963 per
3090 3892 3337 3961 gratiam
3391 3892 3450 3947 in
3494 3892 3716 3963 Spiritu

2069 3983 2271 4036 sancto
2302 3980 2498 4035 divina
2519 3979 2740 4035 effecta.
2776 3980 2842 4035 Et
2874 3985 3178 4053 propterea
3211 3980 3443 4036 macula
3476 3997 3590 4037 non
3628 3985 3718 4037 est

2068 4068 2129 4124 in
2164 4074 2236 4137 te,
2271 4085 2398 4141 quae
2428 4067 2572 4123 mihi
2605 4068 2678 4123 ob
2709 4068 3126 4140 perfectionem
3160 4069 3493 4142 pr0pinqua
3526 4087 3609 4127 es.

2798 4175 2994 4231 Pselli.

2141 4282 2291 4338 Tum
2325 4282 2396 4337 ad
2428 4282 2704 4352 maiorem
2745 4281 2892 4336 hanc
2944 4282 3191 4352 gloriam
3249 4282 3475 4339 invitat.
3506 4285 3639 4341 Vmi
3661 4287 3724 4341 in

2078 4372 2305 4438 Libano,
2337 4386 2553 4443 sponsa.
2600 4372 2739 4441 Age,
2797 4371 2869 4427 de
2917 4371 3136 4428 Libano
3188 4372 3405 4428 venies.
3458 4375 3722 4440 Quando,

2076 4460 2287 4532 inquit,
2320 4457 2535 4516 venisti
2566 4460 2639 4515 ad
2670 4460 2915 4532 myrrﬁae
2951 4465 3233 4529 montem,
3266 4466 3324 4517 et
3384 4463 3455 4518 ad
3516 4462 3723 4518 collem

2077 4549 2272 4605 thuris
2332 4565 2562 4603 mecum
2618 4550 3012 4606 conscendisti
3064 4566 3076 4605 :
3162 4550 3271 4606 hoc
3326 4556 3435 4622 est,
3496 4568 3728 4607 mecum

315 4640 512 4716 ἤγουν,
562 4640 684 4715 ἐμοὶ
752 4639 1062 4707 συνέπαθες,
1123 4634 1270 4709 ἤτοι,
1340 4632 1752 4705 συνεδοξάσθης*
1814 4631 1952 4709 δεῦρι

2083 4655 2254 4711 passa
2284 4654 2364 4705 es,
2399 4642 2455 4693 et
2485 4637 2660 4693 simul
2712 4638 2963 4710 gloriam
3023 4640 3344 4711 accepisti;
3385 4656 3510 4711 age,
3543 4641 3615 4695 de
3637 4641 3728 4696 Li-
3779 4644 3788 4652 '

321 4729 519 4786 λοιπὸν
560 4723 790 4799 ἀνάϐηθι
833 4729 1004 4803 τάχος
1031 4727 1091 4781 ἐκ
1137 4730 1233 4781 τοῦ
1282 4720 1520 4779 Λιϐάνου
1569 4724 1703 4800 πρὸς
1759 4719 1971 4797 ὑψηλό-

321 4818 451 4893 τερά
512 4839 634 4873 τινα
678 4820 777 4886 τῆς
842 4822 1126 4892 προκοπῆς
1184 4813 1387 4889 χωρία,
1443 4812 1532 4868 καὶ
1597 4814 1672 4887 μὴ
1722 4814 1972 4887 παυθήσῃ

322 4907 551 4963 πώποτε
613 4900 1075 4962 συναναϐαίνουσά
1141 4926 1260 4977 μοι,
1311 4902 1398 4957 καὶ
1454 4901 1722 4980 φεύγουσα
1765 4900 1971 4976 παρδά-

319 4980 462 5052 λεων
511 4993 746 5070 μάνδρας
785 4994 873 5049 καὶ
904 4998 1009 5049 τῶν
1061 4992 1319 5049 λεόντων.
1355 4991 1502 5045 Ἐπεὶ
1555 4988 1601 5044 δ’
1631 4992 1658 5044 ὁ
1692 4990 1859 5065 λόγος
1887 4990 1972 5065 γὲ-

320 5107 481 5162 γονεν
527 5082 687 5160 ἔργον
734 5083 794 5139 ἐκ
837 5087 944 5138 τῶν
996 5082 1353 5158 πραγμάτων,
1413 5080 1502 5135 καὶ
1558 5081 1844 5153 συνυψώθη
1896 5084 1975 5150 τῷ

323 5179 543 5252 Χριστῷ
582 5179 661 5246 τῷ
703 5174 921 5248 καθαρῷ
965 5170 1210 5249 νυμφίῳ,
1259 5171 1310 5224 οἱ
1362 5167 1516 5248 φίλοι
1561 5168 1978 5245 κατεπλάγησαν

322 5268 428 5335 τήν
459 5263 745 5339 προκοπὴν
776 5268 876 5331 τῆς
907 5260 1147 5338 νύμφης,
1178 5258 1268 5314 καὶ
1298 5259 1435 5335 πρὸς
1467 5256 1630 5326 αὐτὴν
1667 5257 1980 5331 ᾀσματικῶς

326 5351 537 5424 ἐξεῖπον
565 5353 664 5420 τὴν
694 5350 891 5426 παρθὲν
901 5370 979 5405 ον·

392 5438 758 5518 Ἐκαρδίωσας
786 5442 955 5515 ἡμᾶς,
989 5436 1197 5515 ἀδελφή
1228 5440 1389 5513 ἡμῶν
1421 5438 1631 5516 νύμφη.

400 5528 681 5603 Ἐδίδαξας
712 5532 883 5605 ἡμᾶς,
932 5530 1082 5609 φασὶ,
1131 5526 1254 5603 περὶ
1304 5526 1437 5585 Θεοῦ
1468 5548 1521 5584 τι
1568 5524 1760 5596 πλέον,
1816 5527 1985 5602 ὁρῶν-

399 5715 449 5753 “
475 5714 646 5775 Joan.
677 5730 793 5786 1m,
824 5713 920 5772 28.

658 5843 924 5908 ΡΑπιοι..
970 5839 1084 5906 αι.
1128 5837 1362 5907 CXXII.

2082 4730 2233 4785 bano
2266 4745 2330 4783 ac
2361 4726 2709 4783 sublimiora
2740 4730 3008 4800 quwdam
3045 4729 3424 4800 perfectionis
3456 4729 3585 4784 loca
3631 4747 3728 4786 ce-

2082 4817 2280 4873 leriter
2311 4816 2579 4872 ascende.
2610 4816 2724 4872 Nec
2757 4834 2981 4874 mecum
3015 4818 3252 4874 desinas
3301 4819 3575 4890 progredi
3607 4818 3732 4873 lon-

2084 4906 2237 4977 gius,
2272 4904 2579 4961 declinatis
2639 4907 2953 4977 pardorum
3012 4905 3370 4977 leonumque
3411 4905 3733 4962 cubilibus.

2090 4998 2202 5052 Hoc
2232 5001 2424 5051 autem
2459 5012 2517 5049 re
2547 4994 2677 5066 ipsa
2720 5000 2776 5050 et
2825 4995 2994 5051 factis
3044 5013 3177 5050 cum
3213 5001 3369 5051 esset
3401 4996 3729 5067 expletum,

2087 5089 2143 5139 et
2172 5101 2390 5155 sponsa
2412 5100 2543 5138 cum
2576 5082 2805 5138 Christo
2831 5099 2975 5154 puro
3018 5099 3233 5153 sponso
3267 5083 3441 5139 simul
3477 5083 3736 5139 exaltata

2088 5178 2264 5243 esset,
2310 5171 2483 5227 amici
2534 5172 2945 5243 progressione
3004 5172 3250 5243 virginis
3309 5174 3732 5246 obstupefacti,

2090 5262 2175 5317 sic
2205 5277 2333 5317 eam
2365 5265 2640 5317 canentes
2668 5266 2810 5316 sunt
2850 5260 3086 5317 allocuti
3114 5277 3126 5315 :

2159 5437 2484 5494 Vulnerasti
2502 5454 2592 5495 cor
2618 5446 2887 5508 nostrum,
2927 5455 3081 5496 soror
3105 5444 3294 5496 nostra
3325 5456 3557 5510 sponsa.

2165 5536 2243 5584 De
2273 5529 2391 5585 Deo
2423 5546 2529 5586 nos
2559 5529 2841 5601 quiddam
2860 5529 3118 5602 amplius
3136 5530 3411 5598 docuisti,
3430 5532 3573 5587 dum
3596 5545 3743 5587 ocu-

3351 5838 3433 5901 20
