4046 6144
337 394 456 457 619

343 527 463 586 lum
497 529 710 587 animm
731 534 865 600 tua),
927 549 960 587 ο
1017 546 1254 604 sponsa,
1287 529 1560 585 ardenter

339 634 558 690 sponso
591 621 868 692 deﬁxum,
901 622 1162 692 dumque
1193 621 1402 675 anima;
1451 623 1562 674 tua:
1612 615 1848 673 oculum
1875 613 1984 669 levi

341 707 558 763 Christi
597 710 742 782 jugo
788 711 1092 766 subditum
1125 713 1492 764 contuemur.
1541 707 1685 762 Vere
1718 722 1818 760 cor
1851 719 1984 758 nos-

333 791 525 868 trum,
560 799 854 870 inquiunt,
888 799 1174 864 cxcitasti,
1201 801 1402 868 postea
1433 812 1608 867 quam
1643 809 1712 848 ex
1741 799 1798 850 te
1830 791 1987 848 didi-

345 885 537 941 cimus
565 887 738 942 Verbi
771 887 1256 942 incarnationem.
1317 883 1503 956 Atque
1553 885 1622 939 ad
1665 883 1821 938 hunc
1851 881 1987 952 qui-

347 975 478 1030 dem
511 977 752 1032 modum
800 975 972 1032 amici
1002 975 1302 1048 Virginem
1336 973 1772 1031 collaudarunt.

929 1173 1114 1227 Trium
1151 1175 1407 1226 Patrum.

417 1277 528 1335 Sed
562 1279 842 1350 quoniam
873 1283 999 1335 tota
1028 1297 1089 1336 es
1117 1279 1260 1334 adeo
1291 1277 1560 1351 pulchra,
1621 1275 1746 1332 veni
1799 1275 1866 1330 de
1897 1275 1992 1329 Li—

347 1367 507 1440 bano,
536 1385 757 1440 sponsa,
787 1371 919 1425 veni
955 1368 1018 1424 de
1065 1368 1295 1424 Libano.
1347 1367 1432 1422 Ad
1483 1383 1575 1422 me
1607 1365 1706 1436 qui
1733 1381 1992 1436 compre-

344 1457 522 1514 hendi
577 1475 829 1530 nequeo,
891 1458 1240 1530 progredere
1272 1473 1505 1528 semper
1533 1473 1603 1512 ex
1643 1455 1780 1524 ﬁde,
1839 1455 1992 1526 (quae.

345 1545 584 1618 quidem
614 1547 732 1602 Deo
767 1564 879 1602 non
914 1546 1085 1602 aliter
1116 1563 1180 1602 ac
1212 1546 1372 1614 thus,
1407 1545 1462 1600 id
1497 1549 1694 1600 autem
1726 1551 1814 1600 est
1844 1543 1992 1600 liba—

351 1651 486 1704 nus,
518 1635 784 1706 oﬁ‘ertur)
812 1652 914 1708 per
969 1651 1134 1708 spem
1171 1635 1484 1708 proﬁciens
1515 1634 1588 1690 ad
1621 1633 1990 1701 charitatem,

351 1729 590 1797 propter
619 1741 796 1796 quam
829 1739 934 1797 ego
966 1725 1154 1780 factus
1177 1740 1308 1780 sum
1335 1723 1529 1794 homo,
1561 1727 1618 1778 et
1647 1727 1708 1778 tu
1741 1721 1993 1778 efﬁceris

355 1819 528 1870 Deus.
561 1815 793 1869 Etenim
836 1814 1052 1882 venies,
1113 1817 1287 1886 atque
1344 1812 1648 1886 pervenies
1695 1811 1766 1867 ab
1823 1810 1993 1866 initio

1755 389 2093 454 (HAELIS
2136 391 2412 452 PSELLI

1723 523 1906 581 Verbo
1936 529 1994 579 et
2023 526 2072 592 Α
2103 522 2197 582 τάς
2227 543 2321 576 σου
2353 522 2444 576 τὸν
2481 519 2768 599 ὀφθαλμὸν
2799 523 2890 579 τὸν
2921 529 3022 595 τῆς
3071 527 3280 600 ψυχῆς,
3314 525 3358 579 ὧ
3387 521 3596 604 νύμφη,
3625 535 3752 602 θερο

3623 393 3755 454 620

2102 615 2220 683 μῶς
2251 612 2618 682 ἐνατενίζοντα
2645 617 2724 686 τῷ
2757 613 2912 688 Λόγῳ
2963 615 3050 669 καὶ
3077 613 3320 694 νυμφίῳ,
3372 616 3460 670 καὶ
3499 621 3598 684 τῆς
3649 619 3751 689 ψυ-

2095 707 2208 776 χῆς
2236 702 2327 756 τὸν
2355 701 2638 778 τράχηλον
2661 710 2759 772 τῆς
2791 707 2888 769 σῆς
2925 701 3284 768 ὑποκλιθὲντα
3313 705 3400 758 καὶ
3439 708 3536 759 τοῦ
3583 707 3752 779 Χρισ-

2093 795 2190 844 τοῦ
2221 792 2309 845 τὸν
2343 790 2574 870 ἐλαφρὸν
2607 793 2764 868 ζυγὸν
2798 789 3252 856 ἀναλαϐόντα.Ὠς
3285 789 3452 856 ὅντως
3485 791 3749 868 ἐκαρδίω-

2098 901 2192 943 σας
2217 881 2386 952 ἡμᾶς,
2420 880 2598 958 φασὶν,
2631 883 2666 951 ἡ
2699 881 2905 960 νύμφη·
2939 883 3014 944 ὡς
3075 883 3180 937 ἀπὸ
3223 886 3318 937 σοῦ
3360 883 3460 960 γὰρ
3503 879 3746 959 ἔγνωμεν

2095 969 2194 1036 τὴν
2229 969 2496 1043 σάρκωσιν
2528 967 2624 1024 τοῖ’)
2673 969 2876 1046 Δόγου.
2928 969 3085 1029 Οὕτω
3135 972 3229 1046 μὲν
3263 969 3354 1028 οὖν
3387 969 3650 1046 ἐπῄνεσαν
3696 973 3752 1027 oi.

2099 1057 2252 1136 φίλοι
2283 1059 2381 1127 τὴν
2410 1060 2694 1134 παρθένον.

2667 1169 2784 1221 Τῶν
2833 1168 2878 1244 γ’
2910 1167 3180 1242 Πατέρων.

2172 1274 2337 1328 Ἐπᾶιν
2392 1269 2448 1328 δὲ
2495 1271 2668 1336 οὕτως
2717 1271 2822 1344 ὅλη
2880 1273 3143 1350 ὑπάρχεις
3197 1274 3362 1346 καλὴ,
3417 1281 3583 1353 Δεῦρο
3644 1277 3756 1332 ἀπὸ

2100 1357 2337 1417 Λιϐάνου
2405 1361 2587 1440 νύμφη
2619 1409 2633 1434 ,
2689 1358 2844 1438 δεῦρο
2895 1363 3000 1418 ἀπὸ
3049 1359 3310 1420 Λιϐάνου·
3362 1362 3548 1441 ἤγουν,
3607 1361 3759 1442 Πρός

2105 1472 2171 1525 με
2199 1451 2597 1528 ἀπερίγραπτον
2632 1449 2712 1506 ἀεὶ
2742 1453 2904 1508 ποιοῦ
2935 1453 3032 1522 τήν
3075 1451 3295 1528 πορείαν
3345 1455 3449 1510 ἀπὸ
3491 1455 3756 1526 πίστεως,

2101 1543 2216 1610 ἣτις
2266 1545 2382 1612 Θεῷ
2427 1541 2788 1616 προσφέρεται
2843 1543 2933 1596 οἶα
2981 1536 3218 1609 λίϐανος,
3274 1540 3342 1598 δι’
3411 1541 3635 1606 ἐλπίδος
3677 1545 3756 1607 εἷς

2100 1631 2199 1699 τὴν
2245 1629 2462 1704 ἀγάπην
2509 1629 2934 1704 προκόπτουσα·
2987 1627 3058 1686 δι’
3119 1630 3186 1700 ἧν
3230 1631 3340 1707 ἐγὼ
3387 1632 3612 1708 γίνομαι
3657 1631 3754 1690 δίν-

2104 1721 2341 1794 θρωπος,
2408 1718 2498 1774 καὶ
2567 1718 2630 1773 σὺ
2686 1719 2812 1794 γίνῃ
2881 1719 3032 1782 Θεός.
3101 1721 3198 1776 Καὶ
3251 1721 3355 1796 γὰρ
3415 1720 3610 1798 ἐλεύσῃ
3657 1725 3758 1780 καὶ

2105 1806 2354 1883 διελεύσῃ
2421 1809 2512 1862 ἀπ’
2575 1808 2754 1884 ἀρχῆς
2821 1808 3052 1872 πίστεως
3123 1809 3230 1866 ἀπὸ
3277 1819 3521 1888 κεφαλῆς
3565 1814 3756 1890 Σανὴρ

355 1903 512 1976 ﬁdei,
545 1921 578 1959 a
598 1903 786 1976 capite
817 1904 987 1960 Sanir
1016 1907 1072 1959 et
1117 1908 1397 1960 Aermon.
1430 1904 1497 1958 Et
1525 1902 1722 1959 venies
1755 1901 1991 1973 quidem

2108 1898 2190 1952 καὶ
2251 1897 2525 1971 Ἀερμὼν,
2591 1897 2680 1952 καὶ
2749 1896 2940 1972 ἐλευσῃ
3017 1899 3112 1972 μὲν
3167 1899 3304 1974 πρός
3357 1921 3424 1974 με
3467 1905 3536 1974 τῇ
3587 1901 3759 1976 ὁλικῇ

352 1993 420 2048 ad
449 2009 542 2048 me
572 2010 704 2048 cum
737 1993 896 2049 omni
919 1993 1200 2050 charitate
1227 2017 1240 2060 ;
1273 1992 1571 2064 pervenies
1601 1996 1797 2046 autem
1827 1988 1998 2046 vehe-

351 2082 534 2138 menti
568 2099 700 2138 cum
731 2083 954 2154 impetu
1013 2098 1116 2154 per
1169 2083 1462 2138 fornacem
1521 2081 1818 2136 variarum
1869 2085 1994 2135 tum

349 2171 542 2227 carnis
573 2175 698 2226 tum
724 2172 924 2226 mundi
946 2171 1364 2242 tentationum,
1395 2187 1498 2242 spe
1520 2170 1884 2226 conﬁrmata.
1903 2169 1998 2223 Sic

347 2265 544 2316 autem
577 2261 794 2332 venies,
827 2265 880 2317 et
913 2260 1253 2334 pervenies;
1281 2261 1556 2330 quoniam
1609 2260 1678 2314 ad
1731 2275 1844 2326 me,
1877 2275 1994 2314 non

349 2366 452 2422 per
483 2349 975 2420 incredulitatem,
1009 2352 1073 2404 ut
1103 2349 1328 2420 primus
1359 2347 1555 2416 homo,
1583 2347 1684 2420 qui
1715 2365 1818 2419 spe
1849 2347 1998 2402 divi—

351 2439 559 2495 nitatis
591 2439 868 2512 deceptus
898 2441 1007 2508 est,
1037 2439 1149 2494 iter
1179 2439 1368 2494 facere
1399 2437 1650 2510 coepisti,
1683 2438 1782 2492 sed
1816 2436 1998 2508 perﬁ-

352 2529 483 2584 dcm
515 2545 528 2582 :
566 2545 693 2601 quas
728 2529 968 2601 quidem
1001 2528 1166 2591 ﬁdes.
1203 2533 1266 2584 ut
1297 2532 1492 2600 caput,
1527 2527 1884 2600 principium
1911 2529 2001 2582 est

355 2619 426 2675 ad
445 2617 720 2674 virtutem
756 2617 1026 2674 ducentis
1057 2617 1178 2686 vim,
1212 2634 1390 2690 quam
1423 2618 1646 2673 indicat
1674 2615 1864 2687 Sanir,
1897 2631 1997 2670 cu-

346 2707 449 2779 jus
481 2707 880 2780 interpretatio
911 2712 1019 2774 est,
1045 2705 1294 2762 lucerna:
1327 2707 1456 2762 via:
1491 2711 1548 2762 et
1580 2722 1682 2778 per
1711 2722 1899 2777 spem,
1933 2707 2000 2760 ut

355 2799 678 2855 subleveris
691 2804 748 2856 et
761 2799 1038 2856 recreeris
1067 2799 1136 2854 ab
1159 2813 1333 2856 onere
1356 2801 1530 2870 atque
1557 2801 1700 2853 aestu
1733 2797 1997 2870 gravium

353 2887 622 2943 laborum
653 2897 707 2943 et
737 2887 1142 2944 molestiarum
1169 2903 1182 2942 :
1210 2888 1366 2958 quod
1421 2903 1524 2958 per
1552 2889 1802 2942 Aermon
1833 2883 2000 2941 intel-

352 2976 576 3050 ligitur,
604 2995 782 3049 quam
805 2978 1042 3049 quidem
1065 2993 1264 3032 vocem
1297 2993 1486 3032 rorem
1519 2976 1997 3046 interpretamur.

352 3071 544 3139 Atque
573 3066 654 3122 ita
685 3067 1174 3136 cubilialeonum,
1199 3065 1638 3137 parderumque
1667 3067 1894 3120 montes
1917 3065 2000 3118 in-

351 3153 603 3212 columis
635 3154 918 3210 evitabis:
966 3169 1320 3210 consensum
1371 3153 1644 3208 videlicet
1675 3152 1998 3208 carnalium

353 3243 744 3315 voluptatum,
777 3261 902 3316 quae
946 3243 1181 3299 leonum
1215 3242 1402 3298 instar
1432 3258 1644 3314 magno
1677 3243 1900 3314 impetu
1936 3242 1994 3296 in
2027 3273 2070 3339 ο

351 3337 431 3400 te,
465 3337 529 3388 ut
559 3349 591 3388 a
618 3333 832 3388 virtute
863 3333 1122 3400 deﬁcias,
1146 3337 1362 3388 ruunt:
1396 3339 1453 3386 et
1479 3332 1833 3386 tentationes
1863 3330 1996 3387 illas

354 3439 483 3494 qua
514 3437 582 3477 ex
607 3421 844 3476 virtutis
873 3421 1234 3492 praestantia,
1263 3424 1545 3491 tanquam
1575 3436 1646 3476 ex
1671 3419 1808 3475 altis
1833 3436 1998 3475 mon-

353 3511 536 3578 tibus,
569 3514 634 3565 ut
665 3510 1002 3581 arrogantia
1031 3509 1312 3572 eﬁ‘eraris,
1350 3507 1456 3562 tibi
1485 3511 1724 3564 struunt
1751 3507 2002 3564 insidias

357 3599 800 3666 fraudulenter;
831 3598 986 3668 quod
1019 3595 1254 3668 quidem
1297 3596 1612 3667 pardorum
1635 3596 1883 3652 varietas
1911 3596 2003 3652 in-

360 3688 538 3744 dicat.
557 3687 791 3752 Venies,
812 3691 867 3741 et
893 3685 1213 3757 pervenies,
1247 3689 1302 3740 et
1332 3684 1752 3750 servaberis,ut
1779 3685 2002 3742 dictum

361 3782 468 3833 est.
504 3777 776 3845 Quoniam
833 3777 1144 3831 vulnerasti
1199 3791 1292 3830 cor
1343 3779 1620 3844 nostrum,
1677 3789 1833 3829 soror
1861 3791 2001 3842 mea,

355 3883 579 3938 sponsa.
612 3866 758 3932 Quia
785 3865 1004 3920 scilicet
1049 3864 1106 3918 in
1153 3879 1410 3920 amorem
1445 3867 1500 3918 et
1530 3861 1886 3918 desiderium
1915 3864 2004 3919 tui

359 3957 666 4011 concitasti
689 3959 806 4010 tres
823 3955 998 4010 unius
1013 3953 1338 4008 divinitatis
1359 3953 1760 4024 personas,cui
1787 3957 2002 4019 mente,

355 4047 580 4100 ratione
602 4051 656 4100 et
687 4043 894 4115 spiritu
932 4043 1226 4114 placuisti,
1278 4060 1310 4098 ο
1356 4059 1482 4114 qua:
1517 4041 1664 4096 mibi
1699 4042 1852 4095 inter
1883 4059 2005 4095 car-

355 4135 446 4189 nis
479 4134 952 4203 conjunctionem
988 4149 1048 4188 es
1081 4149 1283 4198 soror;
1319 4135 1555 4202 propter
1601 4129 2001 4185 voluntarium

356 4228 550 4279 autem
585 4223 886 4279 charitatis
918 4221 1218 4276 vinculum
1242 4220 1708 4292 atqueunionem
1739 4219 2001 4290 spiritus,

355 4313 710 4385 desponsata
744 4327 804 4367 es
841 4311 984 4366 mihi
1033 4311 1156 4382 (qui
1191 4327 1321 4365 sum
1357 4327 1474 4365 una
1497 4325 1562 4364 ex
1589 4309 1779 4364 tribus
1803 4325 2000 4379 perso-

358 4401 470 4474 nis)
503 4400 804 4473 unigenito
837 4401 1120 4456 nimirum
1155 4399 1342 4454 Patris
1395 4397 1554 4453 Filio.
1607 4397 1832 4452 Etenim
1867 4413 1998 4452 eum

356 4496 562 4548 sancta
585 4491 890 4561 Scriptura
921 4489 1130 4561 plurali
1157 4489 1344 4543 utitur
1368 4503 1608 4542 numero
1640 4486 1887 4558 loquens
1908 4487 2002 4542 de-

355 4583 492 4649 Deo,
527 4579 936 4636 sanctissimas
967 4577 1100 4634 illas
1131 4577 1350 4633 indicat
1373 4581 1490 4632 tres
1513 4593 1816 4648 personas,
1839 4591 2000 4647 mys-

2105 1987 2306 2061 άγάπῃ·
2360 1983 2610 2060 διελεύσῃ
2668 1983 2726 2040 δὲ
2775 1987 3126 2062 ἀκατασχέτῳ
3173 1993 3252 2060 τῷ
3301 1992 3609 2066 φρονήματι
3651 1992 3760 2061 τὴν

2103 2075 2332 2148 κάμινον
2373 2079 2480 2130 τῶν
2533 2074 2581 2130 ἐν
2633 2077 2786 2150 σαρκὶ
2850 2077 2942 2130 καί⁹
3005 2079 3200 2150 κόσμῳ
3243 2079 3512 2134 παντοίων
3566 2101 3763 2156 πειρα-

2102 2164 2306 2240 τηρίων
2349 2168 2418 2238 τῇ
2473 2161 3072 2238 ἐλπίδιστηριζομὲνη.
3126 2166 3284 2223 Οὕτω
3316 2165 3374 2223 δὶ
3421 2167 3616 2244 ἐλεύσῃ
3665 2170 3763 2226 καὶ

2105 2251 2354 2326 διελεῦσῃ
2422 2249 2712 2325 ἐπειδήπερ
2793 2253 2900 2308 ἀπὸ
2971 2253 3204 2318 πίστεως
3289 2256 3388 2325 τὴν
3485 2257 3622 2330 πρός
3693 2279 3766 2332 με

2105 2341 2328 2418 πορείαν
2375 2338 2526 2418 ἤρξω
2569 2343 2877 2412 ποιεῖσθαι,
2928 2343 3018 2398 καὶ
3068 2342 3168 2398 οὐκ
3224 2343 3274 2416 ἐξ
3325 2344 3574 2409 ἀπιστίας
3621 2348 3768 2403 κατὰ

2105 2432 2196 2486 τὸν
2273 2428 2706 2506 πρωτόπλαστον
2782 2430 3136 2497 δελεασθέντα
3217 2431 3400 2489 ἐλπίδι
3479 2436 3763 2508 θεότητος·

2105 2521 2229 2592 ἤτις
2280 2521 2458 2583 πίστις
2507 2523 2595 2576 οἷα
2642 2520 2878 2597 κεφαλὴ,
2935 2522 3081 2598 ἀρχή
3117 2522 3228 2578 ἐστι
3276 2531 3378 2594 τῆς
3403 2545 3460 2580 τε
3485 2527 3600 2580 κατ’
3631 2526 3763 2600 ἀρε-

2105 2615 2204 2684 τὴν
2255 2613 2672 2688 πεφωτισμένης
2743 2609 2871 2668 ὁδοῦ
2927 2611 3082 2690 (ὅπερ
3145 2614 3208 2670 τὸ
3268 2617 3449 2692 Σανήρ
3499 2624 3760 2692 παριστᾷ,

2108 2702 2231 2762 ὁδὸς
2309 2703 2518 2778 λύχνου
2594 2703 3076 2779 ἑρμηνευόμενον),
3128 2707 3216 2761 καὶ
3275 2714 3376 2777 τῆς
3433 2705 3501 2762 δι’
3561 2707 3765 2766 ἐλπίδα

2109 2795 2393 2868 ἀναψυχῆς
2440 2797 2536 2846 τοῦ
2614 2791 2812 2868 βάρους
2869 2792 2958 2848 καὶ
3008 2792 3104 2848 τοῦ
3158 2794 3436 2858 καύσωνος
3492 2805 3591 2866 τῆς
3646 2803 3760 2854 τῶν

2109 2883 2378 2938 ἀκουσίων
2435 2881 2614 2936 πόνων
2691 2879 2999 2958 ἐπαγωγῆς·
3059 2881 3192 2958 ὅπερ
3260 2881 3428 2954 δηλοῖ
3489 2886 3552 2940 τὸ
3601 2887 3762 2962 Ἀερ-

2113 2973 2251 3047 μὼν,
2313 2969 2506 3044 δρόσος
2558 2969 3012 3045 ἑρμηνευόμενον·
3067 2971 3156 3027 καὶ
3219 2973 3362 3029 οὕτω
3432 2975 3766 3053 φυλαχοήσῃ

2109 3063 2212 3117 ἀπὸ
2243 3059 2493 3136 μανδρῶν
2544 3059 2804 3130 λεόντων,
2864 3061 2968 3116 ἀπὸ
3009 3061 3178 3138 ὀρέων
3205 3061 3547 3140 παρδάλεων·
3607 3066 3763 3138 ἤτοι,

2107 3153 2212 3208 ἀπὸ
2269 3158 2367 3222 τῆς
2398 3148 2552 3220 δίκην
2591 3148 2826 3228 μάνδρας
2855 3150 3120 3222 ἐνωτικῆς
3169 3153 3304 3208 κατᾶ
3334 3159 3429 3208 σοῦ
3494 3156 3763 3228 ὁμονοίας

2107 3247 2214 3297 τῶν
2264 3262 2362 3295 κατ
2393 3238 2637 3314 ἔλλειψιν
2688 3247 2790 3310 τῆς
2832 3241 3029 3317 ἀρετῆς
3074 3247 3342 3317 σαρκικῶν
3389 3241 3760 3316 ἡδυπαθειῶν,

2107 3333 2432 3406 τυραννικῶς
2483 3330 2570 3382 οἷα
2628 3327 2857 3383 λεόντων
2923 3331 3266 3402 ποιουμένων
3331 3332 3467 3386 κατά
3515 3335 3612 3385 σοῦ
3657 3333 3756 3397 τὰς

2109 3420 2306 3495 ὁρμὰς,
2355 3416 2443 3472 καὶ
2494 3416 2598 3471 ἀπὸ
2627 3420 2734 3472 τῶν
2763 3417 2881 3471 καθ’
2923 3411 3231 3493 ὑπερϐολὴν
3276 3419 3376 3488 τῆς
3425 3419 3618 3493 ἀρετῆς
3651 3441 3756 3476 πα-

2111 3511 2238 3575 θῶν,
2287 3505 2375 3583 ἀφ’
2423 3503 2588 3579 ὕψους
2631 3505 2724 3566 τὰς
2783 3502 3008 3582 ἐφόδους
3069 3509 3204 3560 κατὰ
3265 3511 3360 3561 cro-3
3405 3507 3750 3580 ποιουμένων

2111 3592 2334 3662 δολίως,
2379 3593 2511 3667 ὓπερ
2559 3591 2620 3646 τὸ
2675 3591 2930 3646 ποικίλον
2984 3597 3092 3648 τῶν
3143 3592 3464 3668 παρδάλεων
3496 3603 3754 3670 παριστὶ.

2112 3682 2304 3756 ὲλεύσῃ
2353 3679 2410 3736 δὲ
2439 3682 2528 3736 καὶ
2559 3677 2812 3754 διελιύσῃ
2862 3680 2950 3736 καὶ
2999 3681 3354 3760 φυλαχθῆσῃ,
3401 3685 3474 3747 ὠς
3518 3685 3757 3762 εἴρηται,

2111 3769 2438 3846 Ἐπειδήπερ
2503 3767 2834 3845 ὲκαρδίωσας
2901 3772 3072 3844 ἡμᾶς,
3139 3770 3346 3850 ἀδελφή
3394 3795 3500 3846 μου
3541 3776 3754 3853 νύμφη·

2114 3859 2397 3933 δηλονότι,
2430 3859 2522 3922 Εἷς
2563 3859 2730 3924 πόθον
2781 3881 2876 3914 σου
2905 3859 3104 3937 ἤγαγες
3132 3861 3226 3924 τὰς
3265 3868 3409 3938 τρεῖς
3442 3864 3758 3928 ὑποστάσεις

2109 3957 2207 4019 τῆς
2261 3957 2385 4023 μιᾶς
2439 3949 2718 4017 Θεότητος,
2761 3949 2835 4011 ὡς
2884 3950 3050 4023 ταύτῃ
3095 3949 3493 4027 εὖαρεστήσασα
3541 3957 3618 4024 νῷ
3665 3952 3758 4008 καὶ

2113 4037 2262 4113 λόγῳ
2327 4038 2416 4092 καὶ
2481 4037 2772 4109 πνεύματι,
2837 4038 2871 4107 ἠ
2941 4035 3173 4110 διῶμὶν
3239 4041 3337 4109 τὴν
3389 4041 3524 4095 κατά
3587 4041 3758 4114 σάρκα

2112 4125 2380 4205 ὁμοφυίαν
2449 4123 2656 4205 ἀδελφή
2713 4147 2836 4200 μου,
2909 4124 2998 4181 διὰ
3065 4124 3122 4182 δὲ
3163 4130 3224 4183 τὸ
3291 4129 3351 4183 ἐκ
3393 4130 3760 4206 προαιρέσεως

2111 4214 2454 4287 κολκληῦῆναί
2517 4237 2608 4287 μοι
2671 4213 2741 4270 δι’
2797 4215 3028 4291 ἀγάπης,
3078 4217 3168 4272 καὶ
3224 4217 3280 4272 ’ἐν
3343 4223 3552 4292 πνεῦμα
3609 4219 3760 4294 γενέ-

2111 4319 2252 4376 σθαι,
2285 4307 2647 4384 νυμφευθεῖσά
2700 4327 2791 4378 μοι
2839 4311 2915 4378 τῷ
2963 4306 3041 4361 ivi
3091 4313 3198 4362 τῶν
3242 4307 3544 4384 εἰρημένων
3591 4315 3760 4385 τριῶν

2116 4397 2479 4466 ὕποστάσεων,
2528 4393 2740 4466 δηλαδὴ
2771 4399 2848 4468 τῷ
2901 4403 3180 4472 μοθογενεῖ
3223 4402 3319 4452 τοῦ
3364 4399 3572 4474 Πατρὸς
3623 4401 3756 4472 rte).

2111 4487 2210 4540 Καὶ
2242 4486 2342 4562 γὰρ
2375 4483 2573 4540 ὁπόταν
2713 4484 2836 4560 ἁγία
2877 4487 3064 4562 Γραφή
3113 4491 3190 4558 τῷ
3243 4487 3598 4560 πληθυντικῷ
3626 4487 3754 4564 περὶ

2111 4577 2244 4628 Θεοῦ
2319 4573 2586 4650 κέχρηται
2651 4571 2826 4650 λόγῳ,
2901 4575 3001 4642 τὴν
3067 4571 3308 4645 δήλωσιν
3363 4583 3598 4633 ποιεῖται
3647 4583 3755 4632 τῶν

351 4671 464 4726 tice
512 4669 855 4743 signiﬁcans
903 4667 1143 4722 modum
1217 4667 1562 4722 substantiae
1615 4669 1996 4720 sacrosancta:

2108 4662 2381 4738 παναγίων
2449 4666 2615 4738 τριῶν
2680 4663 3060 4718 ὑποστάσεων·
3145 4670 3419 4738 μυστικῶς
3481 4667 3572 4720 τὸν
3629 4667 3756 4742 τρό-

347 4760 511 4816 illius
537 4759 824 4830 initioque
849 4756 1102 4813 carentis
1131 4755 1395 4812 unitatis.
1415 4755 1562 4820 Quia
1592 4755 1788 4809 unitas
1808 4755 1867 4809 in
1891 4753 1999 4808 tri-

349 4849 556 4915 nitate,
589 4852 646 4904 et
671 4847 908 4903 trinitas
965 4847 1024 4900 in
1077 4845 1304 4900 unitate
1335 4845 1488 4899 Deus
1519 4847 1628 4900 est.
1652 4843 1718 4897 Et
1749 4858 1993 4898 rursus:

353 4939 669 4995 Vulnerain
694 4953 788 4993 cor
818 4941 1063 4992 nostrum
1096 4953 1116 4988 .·
1173 4935 1280 4990 hoc
1311 4937 1401 4990 est
1430 4934 1489 4988 in
1519 4932 1605 4987 tui
1637 4931 1996 4988 desiderium

348 5027 754 5097 inflammasti,
787 5030 912 5082 tum
965 5027 1028 5080 in
1055 5040 1164 5080 uno
1196 5023 1478 5078 oculorum
1520 5028 1770 5092 tuorum,
1804 5023 2000 5076 mente

350 5114 573 5170 scilicet
601 5119 725 5181 tua,
759 5131 874 5184 qua
903 5131 996 5170 res
1029 5113 1266 5168 intuens
1309 5109 1736 5180 intelligibiles,
1771 5125 1864 5164 me
1893 5125 1996 5163 vc-

351 5203 608 5270 ritatem,
644 5208 818 5274 atque
877 5202 1142 5258 omnium
1177 5197 1638 5271 intelligibilium
1675 5198 1850 5253 ﬁnem
1904 5215 1998 5254 co-

351 5293 614 5365 gnitione
645 5296 926 5364 perpetua
947 5289 1363 5361 contempleris
1391 5293 1546 5344 :tum
1581 5289 1642 5342 in
1673 5303 1780 5342 uno
1811 5291 2002 5359 torque

349 5383 480 5438 colli
510 5384 616 5452 lui,
671 5381 892 5436 ratione
921 5379 1196 5435 videlicet
1225 5383 1348 5444 tua,
1383 5395 1500 5451 qua
1529 5381 1590 5431 tu
1613 5375 1794 5432 veluti
1827 5393 1998 5432 orna-

349 5475 546 5526 mento
599 5469 732 5524 colli
790 5471 1059 5526 decorata
1115 5469 1175 5522 in
1233 5467 1462 5523 cunctis
1521 5465 1872 5532 actionibus,
1905 5481 1998 5522 me

346 5575 650 5617 summum
681 5559 902 5614 bonum
935 5562 992 5613 et
1023 5557 1198 5612 ﬁnem
1231 5555 1500 5612 omnium
1531 5554 1817 5627 sequeris,
1850 5559 1908 5610 et
1939 5569 1998 5610 re

344 5649 478 5721 ipsa
507 5647 931 5719 benignitatem
964 5661 1156 5700 meam
1188 5643 1498 5714 experiris.
1544 5647 1808 5715 Sponsus
1835 5642 1995 5700 enim

347 5737 618 5795 Christus
644 5739 735 5792 est
763 5734 891 5806 ipsa
919 5732 1156 5798 veritas,
1215 5739 1272 5786 et
1305 5747 1608 5787 summum
1642 5733 1887 5787 bonum.
1922 5732 1998 5789 Ac

2106 4773 2208 4806 πον
2253 4759 2350 4820 τῆς
2391 4749 2655 4828 παναγίας
2701 4751 2789 4806 καὶ
2841 4751 3083 4830 άνάρχου
3118 4751 3352 4827 μονάδος
3395 4755 3752 4826 σημαίνουσα·

2105 4861 2191 4894 κτι
2247 4841 2413 4914 μονὰς
2473 4840 2524 4895 ἐν
2592 4837 2793 4916 τριάδι,
2857 4841 2946 4896 καὶ
2995 4840 3046 4895 ἐν
3101 4840 3296 4916 μονάδι
3342 4843 3496 4918 τριάς
3542 4841 3684 4899 ἐστιν
3729 4845 3756 4899 ὁ

2108 4929 2238 4991 Θεὸς
2290 4929 2473 5000 ἡμῶν.
2553 4930 2648 4984 Καὶ
2719 4928 2892 5000 αὖθις,
2970 4927 3336 5006 Ἐκαρδίωσας
3389 4932 3559 5005 ἡμᾶς·
3607 4931 3756 5002 ἤτοι,

2109 5018 2205 5070 Καὶ
2269 5015 2432 5072 πάλιν
2511 5017 2563 5080 ἐς
2640 5015 2806 5083 πόθον
2873 5041 2969 5074 σου
3036 5019 3258 5097 ἤγαγες,
3301 5021 3364 5076 τὸ
3416 5021 3509 5095 μὲν
3569 5020 3620 5077 ἐν
3683 5019 3756 5076 ἐνὶ

2109 5106 2214 5161 ἀπὸ
2263 5105 2562 5185 ὀφθαλμῶν
2619 5129 2714 5163 σου
2749 5151 2763 5177 ,
2824 5113 2903 5181 τῷ
2961 5105 3488 5184 ἀντιλαμϐανομὲνῳ
3544 5110 3758 5172 πάντως

2107 5199 2216 5249 τῶν
2260 5200 2470 5266 νοητῶν
2517 5195 2604 5252 vei
2647 5219 2780 5270 σου,
2845 5197 3108 5271 ἑωρακότι
3161 5219 3226 5272 με
3266 5199 3460 5275 γνώσει
3509 5197 3754 5272 ἀλήστῳ,

2107 5281 2170 5336 τὸ
2216 5283 2382 5357 πέρας
2435 5282 2650 5338 πάντων
2697 5289 2802 5340 τῶν
2848 5290 3100 5362 γνωστῶν
3151 5287 3251 5356 τὴν
3319 5285 3616 5357 ἀλήθειαν·
3696 5285 3755 5342 τὸ

2111 5369 2168 5425 δὲ
2242 5371 2293 5425 ἐν
2371 5371 2449 5426 ἐνὶ
2525 5372 2776 5446 ἐνοὲματι
2849 5373 3142 5449 τραχήλου
3219 5395 3364 5445 σου,
3443 5375 3608 5450 ὅσπερ
3684 5373 3756 5434 ὡς

2107 5460 2265 5523 τέλος
2341 5461 2556 5518 πάντων
2629 5468 2734 5518 τῶν
2812 5467 3066 5541 πρακτῶν
3143 5461 3255 5537 εἶμι
3306 5465 3370 5520 τὸ
3428 5465 3620 5540 ἀγαθὸν
3678 5467 3755 5534 τῷ

2110 5549 2320 5625 λογικῷ
2365 5571 2481 5620 σου,
2527 5553 2600 5616 ὡς
2655 5559 2956 5630 πρακτικῷ,
3009 5553 3102 5608 οἷά
3145 5575 3228 5616 τις
3273 5553 3481 5628 κόσμος
3538 5551 3752 5630 περιδὲ-

2109 5661 2261 5715 ραιος
2319 5639 2656 5716 ἐντιθέμενον
2713 5645 2849 5700 κατὰ
2891 5643 3080 5722 πρᾶξιν
3131 5643 3434 5720 πειραθέντι
3491 5665 3597 5719 μου
3653 5647 3752 5712 τῆς

2109 5730 2508 5807 χρηστότητος.
2547 5732 2647 5789 Καὶ
2677 5732 2780 5814 γὰρ
2813 5733 2972 5798 αὑτός
3018 5731 3160 5792 ἔστιν
3209 5733 3243 5807 ἠ
3291 5729 3515 5800 ἆλιθεια
3551 5733 3642 5792 καὶ
3688 5730 3750 5790 τὸ
