4046 6144
306 392 415 451 621

1342 391 1756 453 COMMENT.
1803 392 1881 451 IN
1928 391 2334 453 CANTICUM
2381 393 2691 454 CANTIC.

3600 404 3717 468 622

300 520 602 599 ἀγαθόν’τὸ
639 522 733 597 μὶν
765 521 888 578 ὅταν
930 490 1002 578 ’ἐκ
1052 528 1152 593 τῆς
1208 521 1394 584 οὐσίας
1444 521 1518 584 ὡς
1570 518 1856 598 ἄτρεπτος,
1888 542 1914 575 τ

2068 524 2278 580 veritas
2336 525 2575 596 quidem
2636 542 2761 582 esse
2820 526 3204 601 intelligitur,
3263 535 3558 602 quatenus
3616 552 3719 608 per

304 608 346 666 δ’
397 612 525 666 ὅταν
571 612 632 668 ἐκ
674 619 773 683 τῆς
821 612 1087 690 ἐνεργείας
1135 613 1210 676 ὡς
1258 612 1595 687 εὐεργετικὸς
1651 609 1802 668 δοκεῖ
1860 634 1956 683 ση-

308 700 602 775 μαίνεσθαι.

1007 879 1253 936 Ψελλοῦ.

379 986 436 1040 Τί
510 984 925 1057 ἐκαλλιώθησαν
1015 984 1212 1060 μαστοί
1312 998 1450 1058 σου,
1539 981 1748 1062 ἀδελφή

308 1075 522 1154 νύμφηί
578 1076 639 1131 Τί
721 1075 1138 1148 έκαλλιώθησαν
1229 1073 1429 1149 μαστοί
1518 1096 1613 1129 σου
1695 1075 1799 1129 άπὸ
1877 1072 1956 1129 οῗ-

306 1188 394 1222 νου
422 1169 434 1223 ί

377 1260 635 1314 Ἐνταῦθα
666 1256 829 1313 πάλιν
863 1258 1069 1313 ἐπαινεῖ
1098 1260 1197 1326 τῆς
1238 1256 1381 1321 θείας
1414 1255 1741 1328 Ἐκκλησίας

298 1353 403 1420 Τὴν
434 1356 544 1406 τῶν
572 1355 785 1415 μαστῶν
815 1348 1081 1418 ἐπίδοσιν,
1119 1347 1265 1420 ἤτοι,
1298 1354 1405 1404 τῶν
1451 1347 1823 1425 διδαγμάτων.

302 1442 590 1511 Αύξήσασα
617 1442 684 1496 τά
711 1441 870 1497 τέκνα
898 1442 999 1518 γὰρ
1032 1440 1214 1514 ὥσπερ
1253 1442 1385 1514 γυνή
1422 1434 1703 1517 φιλόπαις,

296 1532 395 1585 Τὸν
430 1531 484 1602 ἐξ
516 1533 682 1595 ἐθνῶν
715 1554 859 1609 φημι
893 1529 1048 1603 λαὸν,
1080 1531 1167 1585 καὶ
1196 1534 1385 1585 τοῦτον
1410 1532 1717 1606 καθορῶσα,

300 1623 439 1694 Πρὸς
474 1623 670 1697 μέτρον
705 1623 973 1699 φθάσαντα
1006 1620 1224 1696 στερρὸν
1255 1627 1355 1689 τῆς
1380 1618 1525 1683 θείας
1568 1618 1807 1690 ἡλικίας,

301 1710 713 1764 Κκ.ι-ν
1020 1707 1668 1744 ~’,-.~.'-

346 1730 396 1763 αι
437 1732 513 1782 μη
547 1708 877 1783 ψελλιζοντα
907 1730 1089 1773 ποσως
1122 1730 1198 1772 ε.ς
1221 1730 1319 1777 την
1352 1707 1507 1783 άίίαν
1541 1730 1742 1778 πισ.ιν,

300 1799 457 1856 Οἶνον
487 1798 603 1854 ἀντὶ
635 1803 730 1853 τοῦ
754 1798 1023 1875 γάλακτος
1049 1800 1275 1875 προχέει
1300 1799 1419 1853 καθ’
1448 1796 1677 1872 ἡμέραν,

297 1888 591 1945 Τουτέστιν
626 1886 937 1962 ὑψηλότερα
969 1885 1212 1962 δόγματα
1240 1886 1455 1950 τούτοις
1484 1886 1656 1959 νέμει.

299 1977 376 2034 Τὸ
400 1977 528 2051 πρὶν
575 1977 669 2049 μὲν
698 1977 801 2053 γάρ
834 1975 1080 2032 ἐδίδασκε
1107 1976 1333 2038 τούτους
1364 1976 1438 2039 ὡς
1469 1975 1787 2050 νεωτέρους,

296 2067 510 2139 Πατέρα
543 2061 715 2120 σέϐειν
743 2068 829 2121 καὶ
855 2068 979 2122 Υἰὸν
1012 2068 1099 2121 καὶ
1137 2070 1373 2139 Πνεῦμα,
1407 2066 1532 2121 Θεὸν
1564 2062 1677 2135 ἕνα,

291 2157 467 2231 ’Όπερ
500 2156 576 2217 ὡς
603 2153 744 2231 γάλα
774 2156 978 2233 πέφυκε
1009 2154 1167 2226 δῆθεν
1199 2152 1549 2216 διδασκαλίας
1574 2174 1587 2186 θ

292 2250 400 2299 Νῦν
435 2242 494 2299 δὶ
522 2242 760 2299 διδάσκει
793 2250 1115 2321 σωφρονεῖν,
1149 2243 1439 2319 φυλάττειν
1482 2242 1801 2318 παρθενίαν,

290 2334 641 2410 Ἐγκράτειαν
674 2332 1023 2406 ἀσπάζεσθαι,
1058 2332 1233 2411 φιλεῖν
1269 2330 1614 2404 δικαιοσύνην
1642 2351 1654 2363 ο

290 2426 463 2499 "Amp
496 2422 573 2485 ὡς
604 2425 751 2485 οἶνος
784 2420 1036 2477 λέλεκται
1070 2420 1420 2485 διδασκαλίας
1453 2421 1609 2480 εἶναι.

365 2511 470 2569 Καὶ
507 2511 654 2587 ὀσμὴ
687 2512 919 2586 ἱματίων
946 2533 1042 2568 σου
1075 2511 1207 2588 ὑπὶρ
1238 2513 1412 2568 πάντα
1440 2511 1507 2565 τὰ
1550 2510 1832 2587 ἀρώματα.

1853 1006 1957 1058 μου

292 2696 392 2749 Ἠν
427 2690 473 2747 δ’
500 2692 607 2748 ἀπὸ
638 2696 733 2747 σοῦ
758 2687 1058 2767 περιϐολὴν
1090 2697 1197 2747 τῶν
1231 2690 1462 2766 ἱματίων
1491 2692 1656 2767 φέρω,

297 2783 389 2841 Ἐκ
417 2787 523 2837 τῶν
554 2781 979 2857 προσαγομένων
1011 2803 1116 2853 σοι,
1145 2781 1311 2860 φημί,
1345 2783 1727 2857 θυμιαμάτων,

294 2872 589 2948 Κρείττονα
618 2872 834 2927 πάντων
865 2872 978 2947 ἥγη
991 2892 1087 2945 μαι
1114 2876 1221 2928 τῶν
1249 2872 1551 2947 ἀρωμάτων
1590 2872 1761 2945 μόνην

372 3048 567 3121 Κηρίον
594 3047 954 3118 άποστάζουσι
984 3048 1051 3103 τὰ
1077 3047 1243 3123 χείλη
1279 3069 1395 3119 σου,
1428 3047 1633 3127 νύμφη.

298 3137 393 3193 Ἦν
416 3137 535 3214 γάρ,
568 3138 723 3209 φησὶ,
754 3143 868 3200 τοῖς
899 3135 1106 3199 τέκνοις
1138 3158 1231 3192 σου
1262 3135 1440 3211 νέμεις
1471 3135 1843 3195 διδασκαλίαν.

296 3224 450 3299 Ὑπὲρ
476 3224 667 3299 κηρίον
700 3223 903 3302 πέφυκε
930 3223 1271 3299 γλυκάζουσα
1298 3222 1388 3278 καί
1424 3223 1571 3297 μέλι.

361 3311 505 3371 Μέλι
535 3313 626 3368 καὶ
654 3312 795 3389 γάλα
828 3313 931 3369 ὑπὸ
960 3314 1059 3382 τὴν
1091 3312 1343 3389 γλῶσσάν
1376 3334 1493 3370 σου.

291 3401 368 3458 Οὐ
399 3402 526 3477 γὰρ,
564 3404 717 3479 φησὶ,
747 3398 1042 3475 μονοειδῶς
1070 3400 1161 3455 τὸν
1194 3399 1355 3477 λόγον
1390 3400 1569 3475 νέμεις
1598 3406 1779 3475 πᾶσιν,

290 3491 465 3549 Ἀλλᾶ
487 3488 844 3561 κατάλληλον
874 3490 1030 3545 παντὶ
1060 3489 1147 3545 καὶ
1180 3497 1307 3546 πᾶσι
1338 3493 1454 3547 κατ’
1484 3491 1655 3563 ἀξίαν.

285 3580 427 3644 Τοὺς
491 3583 589 3655 μὲν
634 3582 733 3657 γὰρ
809 3580 1291 3659 γαλακτοτροφεῖς,
1347 3582 1473 3645 τούς
1544 3603 1604 3659 γε
1658 3581 1941 3653 νηπιεστέ-

1679 3674 1865 3746 [ρους’

277 3760 421 3824 Ἰοῦς
453 3758 500 3815 δ’
532 3759 597 3815 αῦ
627 3780 687 3835 γε
720 3759 1156 3838 μελιτοτροφεῖς,
1177 3760 1418 3814 τουτέστι
1450 3759 1575 3823 τοὺς
1606 3760 1868 3824 τελείους.

359 3851 543 3923 Ὀσμή
577 3850 809 3923 ἱματίων
839 3872 934 3905 σου
966 3850 1040 3913 ὡς
1071 3848 1217 3922 ὀσμὴ
1254 3844 1501 3907 λιϐάνου.

284 3938 399 3996 Κᾶν
431 3940 725 4015 ὑπερτέραν
756 3938 959 4004 ἄνωθεν
989 3939 1205 3995 πάντων
1234 3945 1340 3995 τῶν
1365 3941 1689 4016 ἀρωμάτων,

270 4030 388 4080 Τῶν
418 4025 655 4099 ⁴ἱματίων
685 4027 787 4095 τήν
817 4026 995 4098 ὀσμὴν
1029 4027 1143 4081 εἶπε
1172 4029 1272 4095 τῆς
1298 4027 1650 4097 Ἐκκλησίας,

278 4112 437 4169 Ἀλλ’
472 4111 595 4185 ἴσην
630 4114 945 4192 ἀπεφήνατο
976 4120 1067 4169 νῦν
1098 4112 1206 4185 ἤδη
1238 4120 1316 4187 τῷ
1346 4111 1578 4189 λιϐάνῳ·

281 4201 417 4277 Εῗγε
448 4204 696 4259 ἁπάντων
720 4204 975 4282 κρείττων
1008 4206 1073 4273 ἦν
1104 4209 1212 4259 τῶν
1246 4204 1550 4279 ἀρωμάτων
1585 4206 1766 4268 οὗτος.

850 4316 966 4366 Τῶν
1001 4314 1048 4387 γ’
1088 4312 1363 4386 Ηατέρων.

346 4400 409 4453 Τί
498 4398 920 4471 έκαλλιώθησαν
1020 4401 1213 4473 μαστοί
1306 4422 1442 4473 σου,

279 4489 503 4565 νύμφηῐ

349 4578 533 4647 Ἤτοι,
583 4576 910 4650 Θαυμασίως
956 4579 1017 4633 τὸ
1074 4579 1216 4633 θεῖον
1274 4577 1478 4641 κάλλος
1536 4575 1929 4652 περιεϐάλοντο

1532 4399 1742 4479 ἀδελφή
1832 4422 1937 4475 μου

2070 615 2382 670 essentiam
2412 620 2502 670 est
2543 615 2971 673 immutabilis:
3008 632 3311 673 summum
3356 626 3551 677 autem
3612 624 3713 680 bo-

2069 720 2233 773 num,
2268 710 2563 777 quatenus
2596 722 2665 760 ex
2712 705 2990 776 operibus
3023 706 3320 764 beneﬁcus
3352 710 3714 769 demonstra-

2068 797 2182 847 tur.

2794 884 2967 939 Pselli
2976 926 2986 939 .

2138 994 2319 1059 Quam
2346 990 2579 1062 pulchre
2606 992 2773 1061 facta,”
2802 996 2931 1047 sunt
2962 1008 3218 1050 mamma
3248 1001 3374 1061 tuas,
3399 1011 3552 1052 soror
3568 1012 3709 1066 mea,

2066 1095 2285 1151 sponsa.
2343 1081 2518 1148 Quam
2575 1080 2815 1152 pulchra
2888 1085 3033 1151 [acta
3088 1088 3221 1137 sunt
3288 1084 3462 1139 ubera
3527 1090 3625 1142 tua
3678 1104 3714 1142 a

2067 1171 2197 1225 vino
2220 1174 2239 1223 Ι

2139 1259 2242 1314 Hic
2265 1276 2501 1315 rursum
2534 1258 2736 1314 laudat
2757 1259 2963 1314 divinae
2999 1260 3269 1317 Ecclesia:
3301 1263 3570 1334 uberum,
3603 1266 3712 1323 hoc

2067 1354 2175 1416 est,
2209 1348 2657 1419 disciplinarum
2709 1349 3165 1405 incrementum.
3242 1355 3383 1406 Cum
3440 1353 3597 1410 enim
3650 1360 3716 1411 ut

2067 1442 2253 1493 mater
2285 1437 2601 1493 liberorum
2636 1438 3069 1505 amantissima,
3094 1457 3213 1507 eos,
3236 1442 3514 1513 populum
3551 1445 3711 1500 scili-

2065 1533 2154 1584 cet
2184 1546 2251 1583 ex
2279 1527 2552 1600 gentibus
2582 1528 2930 1600 enutritum,
2982 1530 3053 1584 ad
3085 1528 3291 1585 divinae
3322 1532 3507 1588 eetatis
3538 1551 3707 1590 men-

2065 1634 2264 1673 suram
2289 1616 2482 1671 videat
2513 1618 2870 1689 pervenisse,
2931 1636 3035 1674 nec
3095 1620 3353 1692 amplius
3414 1622 3471 1676 in
3505 1629 3708 1680 sancta

2064 1706 2177 1761 ﬁde
2226 1704 2521 1760 balbutire
2580 1711 2681 1761 aut
2724 1706 2996 1762 haesitare
3048 1724 3061 1761 :
3140 1725 3245 1779 pro
3300 1709 3450 1766 lacte
3505 1712 3707 1769 vinum

2061 1794 2308 1850 effundit
2339 1795 2626 1867 quotidie,
2656 1795 2863 1851 altiora
2909 1795 3027 1851 illis
3059 1814 3381 1871 suggerens
3406 1801 3700 1860 instituta.

1978 1903 2024 1967 Β
2056 1888 2223 1943 Prius
2254 1885 2433 1956 enim,
2467 1888 2532 1939 ut
2589 1884 2875 1953 rudiores,
2933 1887 3178 1942 docebat
3225 1905 3345 1956 eos,
3380 1895 3445 1944 ut
3475 1892 3705 1948 Patrem

2058 1982 2114 2033 et
2163 1975 2373 2030 Filium
2397 1978 2453 2029 et
2481 1974 2762 2046 Spiritum
2788 1980 3059 2031 sanctum
3080 1976 3263 2033 Deum
3288 1996 3472 2035 unum
3503 1981 3704 2038 adora-

2057 2070 2207 2121 rent.
2267 2064 2430 2130 Quod
2482 2063 2718 2135 quidem
2798 2069 2919 2120 erat
2995 2065 3178 2121 veluti
3254 2067 3531 2124 doctrinae
3590 2069 3699 2128 lac.

2055 2155 2220 2209 Nunc
2281 2157 2478 2208 autem
2533 2156 2753 2217 monet,
2810 2158 2875 2209 ut
2924 2155 3292 2225 modestiam,
3347 2159 3700 2227 castitatem,

2056 2242 2507 2316 temperantiam
2577 2242 3026 2313 amplectantur,
3083 2250 3146 2299 ut
3199 2246 3496 2316 justitiam
3570 2248 3698 2301 dili-

2055 2337 2215 2406 gant.
2292 2334 2426 2399 Quae
2507 2332 2745 2403 quidem
2822 2337 2960 2388 sunt
3032 2332 3210 2389 veluti
3287 2336 3561 2392 doctrinae
3617 2336 3701 2392 vi-

2054 2439 2221 2478 IIUID.

2124 2512 2187 2566 Et
2216 2510 2351 2566 odor
2378 2511 2824 2567 vestimentorum
2879 2514 3103 2567 tuorum
3132 2528 3301 2584 super
3328 2516 3516 2570 omnia
3561 2532 3693 2570 aro-

2052 2608 2220 2656 mala.

2125 2690 2306 2754 Quem
2366 2690 2522 2744 enim
2585 2704 2653 2743 ex
2721 2692 2777 2744 te
2842 2688 3333 2746 vestimentorum
3410 2691 3695 2749 amictum

2051 2796 2210 2852 gero,
2262 2794 2332 2833 ex
2391 2778 2486 2847 iis,
2547 2777 2816 2849 inquam,
2876 2778 3180 2834 sacriﬁciis
3220 2796 3347 2852 quae
3378 2780 3524 2835 mihi
3588 2782 3694 2838 abs

2051 2875 2107 2926 te
2138 2869 2483 2934 offeruntur,
2516 2867 2658 2922 illud
2694 2866 2949 2923 arbitror
3002 2869 3279 2926 omnibus
3328 2871 3692 2928 aromatibus

2051 2962 2346 3032 praestare.

2119 3051 2325 3103 Favum
2350 3047 2628 3102 distillant
2649 3047 2803 3102 labia
2829 3049 2944 3117 tua,
2973 3064 3189 3119 sponso.

2121 3138 2392 3193 Doctrina
2421 3136 2577 3191 enim
2597 3153 2711 3207 qua
2731 3139 2921 3192 nutris
2944 3137 3095 3193 ﬁlios
3126 3144 3257 3194 tuos
3290 3138 3416 3195 favo
3440 3143 3495 3196 et
3518 3140 3689 3197 melle

2048 3226 2273 3282 dulcior
2304 3228 2409 3281 est.

2122 3316 2221 3370 Mel
2241 3324 2290 3370 et
2319 3317 2406 3370 lac
2432 3319 2531 3369 sub
2564 3312 2758 3385 lingua
2784 3316 2900 3369 tua.

2121 3404 2321 3475 Neque
2373 3403 2530 3459 enim
2582 3403 2786 3458 eadem
2847 3419 3051 3459 omnes
3122 3405 3346 3461 ratione
3402 3406 3536 3476 alis,
3595 3408 3695 3464 sed

2052 3510 2154 3566 pro
2230 3510 2336 3549 sua
2413 3508 2709 3564 quemque
2778 3495 2989 3547 natura
3045 3496 3219 3566 atque
3278 3498 3470 3551 astate.
3549 3498 3697 3553 Nam

2048 3582 2462 3639 imbecilliores
2516 3581 2663 3638 lacte
2707 3583 2926 3653 pascis,
2959 3582 3131 3639 melle
3162 3587 3359 3641 autem
3391 3584 3697 3656 perfectio-

2051 3691 2163 3730 ποθ.

2121 3854 2274 3911 Odor
2304 3855 2749 3910 vestimentorum
2778 3858 3018 3923 tuorum,
3050 3857 3194 3911 sicut
3218 3856 3354 3912 odor
3383 3856 3587 3913 thuris.

2121 3947 2266 4002 Cum
2299 3946 2568 4001 Ecclesiaa
2599 3946 3085 4001 vestimentorum
3134 3949 3369 4003 odorem
3422 3949 3696 4019 superius

2049 4038 2279 4093 cunctis
2311 4036 2675 4092 aromatibus
2708 4037 3126 4108 anteposuerit,
3156 4055 3309 4093 nunc
3340 4037 3499 4093 thuri
3535 4039 3697 4093 simi-

2048 4124 2162 4180 lem
2222 4129 2279 4180 et
2336 4141 2536 4196 parem
2587 4140 2717 4179 esse
2776 4124 3135 4195 pronuntiat.
3184 4125 3347 4181 Thus
3376 4129 3571 4181 autem
3605 4129 3695 4181 est

2047 4215 2312 4271 omnium
2334 4218 2662 4272 aromatum
2692 4214 3267 4286 praestantissimum.

2645 4323 2829 4376 Trium
2861 4323 3097 4377 Patrem.

2118 4410 2291 4478 Quam
2314 4410 2557 4483 pulchra
2580 4412 2743 4482 factae
2783 4414 2911 4465 sunt
2935 4426 3192 4468 mammae
3234 4415 3361 4482 tua,
3384 4427 3539 4467 soror
3566 4427 3695 4468 mea

2044 4516 2242 4555 svonsa
2265 4505 2283 4553 !

2069 4522 2070 4525 η
2110 4516 2282 4555 onsa.’

2069 4516 2325 4644 pMirum
2355 4588 2414 4643 in
2450 4589 2690 4644 modum
2733 4588 2990 4660 profecto
3024 4588 3221 4643 divina
3272 4592 3413 4642 sunt
3442 4587 3696 4659 pulchri-

276 4665 335 4719 τό
384 4686 443 4721 τε
494 4669 828 4743 θεωρητικὸν
877 4666 968 4722 καί
1010 4669 1305 4744 πρακτικόν
1345 4689 1461 4736 σου,
1500 4665 1569 4723 δι’
1619 4670 1691 4723 ὧν
1751 4664 1914 4745 diem;

2069 4679 2246 4733 udine
2304 4678 2610 4746 decoratas,
2674 4677 2998 4749 speculatio
3067 4676 3349 4733 nimirum
3410 4682 3468 4731 et
3522 4677 3691 4744 actio,

278 4760 460 4825 μαζῶν
494 4755 556 4811 ού
589 4759 735 4831 παρᾶ
765 4756 945 4827 φύσιν,
980 4755 1104 4812 οὐδὲ
1154 4757 1285 4833 ὑπὲρ
1346 4756 1522 4832 φύσιν,
1574 4756 1719 4812 ἀλλὰ
1776 4781 1929 4837 φυσι-

270 4848 378 4905 κῶς
405 4848 623 4921 τρέφεις
656 4844 844 4920 λόγοις
872 4847 962 4900 καὶ
1005 4846 1233 4923 τρόποις
1287 4846 1424 4921 πρὸς
1475 4842 1775 4909 θεοσέϐειαν
1833 4848 1927 4911 τὰς

271 4934 407 5008 πρὸς
433 4938 624 5007 ταῦτα,
650 4937 740 4989 οἷα
770 4936 1019 5009 νηπίους,
1058 4933 1386 5011 ἐναγομένας
1419 4936 1618 5011 ψυγάς.

341 5201 400 5254 Τί
434 5199 849 5273 ἐκαλλιώθησαν
882 5202 1076 5276 μαστοί
1107 5223 1203 5256 σου
1237 5203 1339 5257 ἀπὸ
1372 5200 1548 5258 οῗίφουί

340 5288 614 5356 Δηλονότι
654 5297 819 5347 ταῦτα
870 5291 1012 5347 οὕτω
1063 5290 1377 5365 θαυμασίως
1421 5290 1763 5365 ὡραίσθησαν
1819 5292 1925 5347 ἀπὸ

268 5383 369 5447 τῆς
427 5376 581 5449 δίκην
644 5379 795 5435 οἷ’νου
857 5379 1151 5452 έξιστώσης
1187 5381 1324 5435 αὐτὰ
1380 5382 1515 5435 κατά
1568 5401 1627 5435 τε
1685 5379 1921 5451 ἅληστον

260 5473 463 5542 γνῶσιν
518 5477 619 5539 τῆς
677 5469 940 5541 ἀληθείας
990 5471 1080 5525 καὶ
1156 5465 1373 5545 βεϐαίαν
1454 5469 1666 5546 ἐνεργὸν
1742 5470 1923 5526 πίστιν

266 5562 362 5611 τοῦ
392 5558 599 5634 ἀγαθοῦ
646 5559 853 5635 χάριτι,
887 5559 1027 5614 θέσει
1073 5560 1335 5624 θεώσεως.
1372 5561 1642 5623 Ἐντεῦθεν
1701 5556 1759 5614 δέ
1812 5560 1923 5615 ἔστι

261 5649 348 5703 καὶ
393 5648 542 5723 ὀσμή
596 5649 829 5724 ἱματίων
888 5651 1021 5727 ὑπὲρ
1061 5651 1235 5707 πάντα
1282 5650 1350 5706 τὰ
1412 5650 1694 5725 ἀρώματα·
1732 5650 1926 5723 ἱμάτια

258 5734 313 5793 δὶ
339 5747 437 5811 τῆς
469 5740 689 5821 νύμφης
730 5743 865 5818 ἅπερ
895 5743 923 5797 ὁ
957 5740 1125 5818 μέγας
1172 5738 1485 5804 ἆτόστολος
1535 5739 1752 5803 Παῦλος
1807 5746 1927 5805 τοῖς

2041 4767 2259 4839 quibus
2292 4772 2569 4838 tanquam
2631 4767 2911 4823 mammis
2973 4783 3087 4820 non
3150 4770 3358 4834 praeter
3394 4770 3691 4831 naturam,

2039 4873 2145 4911 nec
2178 4871 2355 4928 super
2384 4860 2680 4923 naturam,
2726 4857 2825 4912 sed
2878 4855 3201 4911 secundum
3252 4858 3526 4908 naturam
3559 4870 3691 4908 ver-

2038 4946 2130 5001 bis
2187 4950 2243 5000 et
2302 4946 2583 5011 moribus,
2646 4950 2929 5016 tanquam
2989 4944 3263 5013 infantes,
3327 4942 3557 4998 animas
3615 4943 3686 4997 ad

2039 5033 2316 5105 pietatem
2377 5032 2507 5101 alis,
2548 5050 2697 5104 quas
2756 5033 2814 5086 in
2876 5031 2969 5085 his
3028 5029 3428 5085 instituendas
3485 5045 3685 5084 susce-

2036 5122 2173 5194 pisti
2186 5164 2199 5176 .

2110 5212 2282 5277 Quam
2313 5210 2541 5280 pulchra
2588 5213 2735 5280 facta
2763 5212 2893 5262 sunt
2926 5208 3103 5262 ubera
3141 5212 3243 5261 tua
3275 5224 3307 5261 a
3334 5208 3505 5262 vino!

2107 5299 2237 5353 Haec
2263 5299 2481 5370 quippe
2514 5304 2627 5353 tam
2658 5297 2904 5352 miriﬁce
2934 5297 3141 5351 effecta
3171 5300 3311 5351 sunt
3342 5296 3587 5366 pulchra
3618 5310 3687 5349 ex

2035 5385 2336 5441 divinitate
2374 5385 2478 5441 tibi
2526 5384 2711 5456 gratis
2761 5400 3061 5451 concessa,
3095 5400 3128 5437 a
3168 5400 3285 5453 qua
3335 5387 3617 5454 tanquam
3651 5398 3686 5436 ει

2034 5475 2167 5531 vino
2199 5475 2523 5529 efferuntur
2580 5473 2710 5543 ipsa
2767 5476 2893 5527 tum
2927 5488 3032 5543 per
3061 5472 3365 5526 assiduam
3414 5468 3678 5525 veritatis

2036 5562 2445 5633 cognitionem,
2478 5566 2604 5615 tum
2663 5577 2765 5631 per
2803 5560 3034 5615 firmam
3071 5559 3204 5614 boni
3235 5559 3582 5614 eil‘ectricem
3617 5557 3685 5610 ﬁ-

2034 5653 2189 5707 dem.
2224 5651 2370 5707 Hinc
2402 5650 2580 5708 etiam
2630 5649 2985 5704 diliunditur
3016 5650 3161 5703 odor
3194 5648 3681 5703 vestimentorum

2034 5744 2273 5798 tuorum
2305 5756 2484 5813 super
2513 5739 2713 5796 omnia
2740 5742 3026 5796 aromata.
3061 5735 3430 5793 Vestimenta
3480 5738 3681 5790 autem
