4040 6146
385 400 501 462 623

1711 401 2135 462 MICHAELIS
2179 401 2452 462 PSELLI

3690 409 3794 470 634

385 549 798 605 eponsae,quze
847 531 1083 603 quidem
1145 544 1394 604 magnus
1452 533 1756 604 apostolus
1815 533 2024 589 Paulus

2152 530 2418 594 ἐκλεκτοῖς
2472 537 2569 588 τοῦ
2623 538 2776 606 Θεοῦ,
2837 537 3014 612 ἁγίοις
3075 535 3392 594 ἐνδύσασθαι
3451 537 3793 615 ἒγκελεύεται,

385 623 574 678 electis
609 623 708 677 Dei
739 624 963 691 sanctis,
997 627 1062 676 ut
1119 622 1369 677 induant
1398 623 1680 694 praecipit,
1713 627 1851 678 sunt
1881 623 2033 678 beni-

384 714 569 781 gnitas
598 721 649 767 et
673 712 965 767 humilitas
988 712 1068 765 ‘5:
1104 729 1230 781 quae
1289 713 1478 783 primo
1536 729 1769 783 quoque
1807 713 2035 767 homini

388 800 655 856 divinum
673 801 1010 856 mandatum
1036 801 1494 871 assignavit,quo
1518 801 1600 854 illi
1637 801 2038 872 praescriptum

386 889 501 944 fuit
531 896 595 944 ut
625 891 845 945 bonum
879 895 1096 960 ageret,
1131 890 1305 961 idque
1337 907 1438 960 per
1469 889 1863 946 humilitatem
1899 907 2034 946 cus-

384 980 620 1035 todiret.
661 979 848 1050 Hujus
871 983 1064 1033 autem
1122 979 1512 1050 transgressio
1561 978 1910 1034 exuitillum
1935 996 2034 1051 spe

387 1067 711 1124 divinitatis
743 1067 1041 1138 allectum,
1101 1075 1154 1122 et
1213 1071 1484 1122 naturam
1519 1074 1721 1124 contra
1753 1085 1814 1124 se
1845 1069 2033 1140 ipsam

387 1158 666 1213 efferavit.
699 1162 859 1212 Hanc
892 1174 1026 1212 vero
1078 1156 1232 1212 Deus
1272 1156 1530 1212 Verbum
1583 1174 1791 1212 rursus
1844 1158 2037 1212 induit

385 1247 652 1319 exemplo
684 1263 813 1302 suo.
846 1245 1212 1301 Humilitatis
1263 1246 1422 1301 enim
1484 1263 1750 1301 normam
1784 1246 2039 1302 ostendit

385 1336 594 1405 nobis;
628 1352 763 1391 nam
793 1351 912 1390 cum
969 1336 1033 1391 in
1083 1337 1267 1404 forma
1325 1337 1424 1390 Dei
1478 1340 1636 1402 esset,
1684 1337 2035 1408 semetipsum

383 1426 714 1495 exinanivil,
752 1428 993 1496 formam
1035 1426 1179 1479 servi
1225 1424 1500 1496 accipiens
1535 1426 1611 1480 “2
1651 1426 2035 1496 Benignitatis

385 1521 606 1582 autem,
640 1515 779 1586 quia
826 1531 931 1584 pro
965 1513 1154 1569 salute
1185 1519 1382 1570 nostra
1417 1515 1516 1585 qui
1544 1521 1745 1570 sontes
1777 1532 2034 1586 eramus,

384 1609 666 1664 innocens
693 1605 817 1676 ipse
848 1608 1094 1660 mortem
1129 1605 1335 1661 subiit.
1370 1606 1762 1671 Quamobrem
1807 1609 1863 1661 et
1894 1606 2037 1661 odor

385 1695 874 1751 vestimentorum
909 1692 1124 1763 inillis,
1158 1693 1258 1765 qui
1290 1694 1397 1750 hoc
1431 1694 1628 1749 animo
1660 1700 1799 1750 sunt
1821 1694 2033 1765 induti,

389 1787 590 1854 utpote
621 1782 721 1854 qui
753 1782 1178 1854 benignitatem
1237 1787 1294 1836 et
1350 1781 1898 1838 immutabilitatem
1934 1782 2033 1838 Dei

388 1891 508 1945 prae
537 1891 599 1929 se
631 1874 820 1928 ferant
848 1878 904 1928 et
935 1877 1241 1946 propterea
1271 1874 1454 1928 divini
1487 1873 1624 1939 sint,
1659 1875 1815 1945 quod
1874 1873 2033 1944 ejus-
2071 1909 2114 1973 Β

391 1962 548 2018 modi
583 1961 779 2016 amicti
805 1961 1332 2031 sintindumentis,
1365 1967 1453 2017 est
1482 1979 1661 2033 super
1696 1961 1891 2017 omnia
1911 1979 2037 2016 aro-

392 2055 568 2108 mata.
603 2050 761 2106 Nihil
793 2050 946 2105 enim
989 2051 1314 2120 comparari
1373 2055 1564 2123 potest
1592 2050 1922 2122 fragrantia:
1953 2049 2037 2104 di-

391 2139 675 2206 vinitatis,
710 2156 888 2212 quam
941 2141 1053 2194 Deo
1104 2140 1457 2211 desponsata
1490 2157 1605 2195 non
1640 2157 1742 2211 per
1773 2145 2039 2194 naturam

391 2230 639 2299 obtinet,
663 2229 764 2284 sed
790 2245 892 2299 per
922 2229 1173 2301 gratiam
1197 2227 1567 2300 adipiscitur.
1593 2230 1672 2285 Ac
1694 2229 2042 2284 vestimenta

391 2319 628 2390 quidem
653 2322 755 2374 tua
777 2317 950 2374 talem
976 2317 1255 2373 emittunt
1273 2318 1642 2374 suavitatem.
1667 2322 1880 2374 Caetera
1909 2335 2040 2374 vero

391 2408 532 2480 quid
565 2411 587 2463 Ρ

462 2500 667 2554 Favum
697 2498 979 2553 distillant
1011 2498 1157 2554 labia
1183 2501 1297 2564 tua,
1329 2515 1529 2570 sponsa
1549 2516 1568 2554 :
1599 2501 1708 2554 mel
1733 2509 1786 2554 et
1830 2500 1913 2555 lac
1941 2499 2040 2554 sub

394 2591 588 2660 lingua
620 2598 736 2644 tua.

463 2677 723 2734 Docendi
755 2676 1041 2733 rationem
1073 2693 1138 2732 ac
1171 2679 1412 2732 modum
1472 2682 1705 2734 servant
1750 2677 1905 2733 labia
1935 2682 2041 2734 tua

395 2767 482 2824 sic
513 2767 895 2833 instructum,
957 2769 1022 2820 ut
1079 2766 1151 2820 ab
1209 2765 1444 2838 apicula
1483 2767 1674 2822 favum
1709 2768 2039 2823 confectum

398 2855 923 2926 cernimus.Neque
938 2855 1094 2910 enim
1115 2855 1287 2910 unica
1309 2855 1535 2911 ratione
1556 2857 1783 2911 cunctis
1803 2856 2042 2911 audien-

395 2946 557 3002 tibus
589 2945 752 3000 aifert
774 2943 1088 2999 utilitatem
1114 2960 1126 2996 :
1154 2945 1252 2999 sed
1275 2962 1374 3016 pro
1406 2946 1695 3016 cujusque
1726 2946 1964 3001 modulo
1986 2951 2039 3002 te

395 3034 646 3108 singulis
667 3034 1172 3099 accommodas,ut
1196 3038 1252 3088 et
1278 3035 1720 3106 perfectioribus
1755 3039 1811 3090 et
1841 3035 2037 3091 rudic-

395 3125 560 3181 ribus
593 3123 945 3180 satisfacias.
1005 3127 1086 3178 Ac
1136 3127 1390 3178 mentem
1432 3124 1666 3195 quidem
1703 3141 1904 3179 eorum
1940 3125 2038 3196 qui

396 3219 536 3271 sunt
564 3213 826 3286 perfecti,
859 3211 1246 3268 divinioribus
1279 3213 1492 3282 verbis,
1525 3218 1811 3284 tanquam
1844 3214 2036 3278 melle,

2144 627 2178 693 ἡ
2244 627 2559 699 χρηστότης
2616 627 2727 682 ἐστὶ
2767 630 2858 683 καὶ
2911 633 2946 699 ἠ
2977 630 3476 709 ταπεινοφροσύνη,
3512 631 3546 685 ἃ
3591 633 3677 686 καὶ
3727 638 3795 704 τῷ

2144 713 2563 788 πρωτοπλάστῳ
2593 719 2626 785 ἡ
2665 718 2758 788 μὲν
2817 718 2932 781 θεία
2977 718 3175 788 ἐντολή
3222 726 3622 794 περιεποιεῖτο,
3657 719 3792 796 ἔργά-

2148 807 2323 869 ζεσοαι
2382 803 2443 858 τὸ
2501 805 2724 879 ἀγαθὸν,
2753 808 2840 861 καὶ
2873 806 3161 885 φυλάσσειν
3197 814 3361 864 τοῦτο
3423 807 3517 864 διὰ
3563 830 3792 864 ταπεινο·

2146 891 2415 968 φροσύνης
2499 896 2896 967 προτρέπουσα.
2957 898 3019 953 Ἡ
3096 896 3153 952 δὲ
3217 893 3532 974 παράϐασις
3612 898 3795 969 ταύτης

2146 977 2405 1050 ἐξὲδυσεν,
2455 980 2638 1037 ἐλπίδι
2688 984 2942 1055 θεότητος
2995 983 3313 1055 δελεάσασα,
3377 988 3473 1042 καὶ
3535 989 3654 1042 καθ’
3683 989 3792 1042 ἔαυ-

2143 1073 2242 1134 τῆς
2294 1072 2394 1138 τὴν
2456 1071 2610 1148 φύσιν
2671 1072 3068 1146 ἐκθηριώσασα·
3102 1077 3303 1146 ταύτην
3371 1073 3432 1130 δὲ
3482 1074 3648 1131 πάλιν
3706 1073 3793 1131 αὖ·

2143 1159 2235 1220 τὸς
2270 1160 2296 1212 ὁ
2328 1159 2457 1221 Θεὸς
2490 1162 2662 1237 Λόγος
2697 1160 2907 1218 ἐνέδυσε
2935 1163 3013 1236 τῷ
3041 1166 3158 1219 καθ’
3191 1166 3381 1220 ἑαυτὸν
3425 1163 3791 1241 ὑποδείγματι.

2145 1245 2354 1320 Τρόπον
2415 1249 2518 1322 γὰρ
2574 1251 3079 1327 ταπεινοφροσύνης
3143 1253 3237 1325 μὲν
3299 1250 3582 1322 ὑπέδειξεν
3647 1255 3789 1325 ἡμῖν,

2146 1334 2228 1388 ὅτι
2277 1333 2328 1388 ἐν
2388 1341 2574 1410 μορφῇ
2635 1342 2768 1392 Θεοῦ
2829 1340 3089 1415 ὑπάρχων
3142 1342 3326 1396 ἑαυτὸν
3377 1340 3631 1409 ἰκὲνωσε,
3668 1361 3792 1414 μορ-

2146 1424 2250 1501 φὴν
2309 1421 2510 1480 δούλου
2565 1422 2786 1483 λαϐών
2821 1430 3201 1503 χρηστότητος
3261 1428 3340 1501 δὲ,
3377 1431 3466 1486 ὅτι
3533 1432 3665 1504 ὑπὲρ
3709 1437 3794 1500 τῆς

2146 1516 2422 1590 σωτηρίας
2455 1521 2560 1570 τῶν
2605 1517 2910 1574 ὑπευθύνων
2960 1522 3146 1592 ἡμῶν,
3186 1522 3273 1576 καὶ
3338 1526 3526 1585 θανεῖν
3584 1518 3790 1574 ἀνευθύ-

2145 1626 2252 1666 νως
2283 1605 2570 1680 ἠνέσχετο.
2605 1609 2766 1664 Ὅθεν
2793 1608 2883 1662 καὶ
2909 1611 2944 1678 ἡ
2979 1608 3031 1664 ἐν
3062 1615 3180 1671 τοῖς
3224 1611 3365 1665 κατᾶ
3393 1611 3630 1686 γνώμην
3677 1611 3791 1664 ταῦ-

2143 1713 2209 1746 τα
2240 1691 2621 1767 ἐνδυσαμένοις
2666 1694 2877 1752 εὐωδία
2916 1697 3246 1770 τούτων,ὼς
3299 1697 3654 1777 ἐμφαντικῶν
3707 1701 3791 1762 τῆς

2145 1783 2484 1856 ἀγαθότητος
2539 1790 2636 1838 τοῦ
2689 1791 2822 1840 Θεοῦ
2884 1787 2973 1841 καὶ
3021 1794 3121 1855 τῆς
3180 1787 3465 1862 ἀτρεψίας,
3527 1788 3788 1848 κάντεῦθεν

2145 1875 2417 1926 θεωτικῶν
2472 1878 2578 1927 τῶν
2632 1871 2995 1948 ἐνδεδυμένων
3057 1875 3209 1945 αὐτὰ,
3263 1877 3402 1951 ὑπὲρ
3464 1875 3639 1931 πάντα
3693 1875 3786 1929 ἐστί

2144 1960 2210 2014 τὰ
2257 1959 2541 2036 ἀρώματα.
2575 1960 2743 2018 Οὐδὲν
2789 1964 2890 2039 γὰρ
2948 1969 3267 2040 παρισοῦται
3315 1969 3388 2038 τῇ
3453 1963 3654 2035 εὐωδίᾳ
3703 1969 3789 2031 τῆς

2151 2049 2426 2121 θεότητος,
2476 2053 2542 2120 ἢν
2663 2059 3025 2129 νυμφευθεῖσα
3075 2059 3154 2125 τῷ
3210 2058 3327 2126 Θεῷ
3390 2053 3454 2108 οὐ
3511 2053 3661 2132 φύσει
3708 2053 3784 2106 κέ.-

2148 2159 2360 2208 κτηται,
2395 2137 2540 2193 ἀλλὰ
2571 2142 2759 2216 χάριτι
2789 2137 3203 2214 περιϐάλλεται.
3233 2142 3331 2196 Καὶ
3361 2141 3626 2212 τοιαύτην
3685 2142 3788 2214 μὲν,

2149 2228 2303 2306 φησὶ,
2335 2229 2400 2283 τὰ
2427 2229 2619 2302 ἱμάτιά
2649 2252 2744 2286 σου
2778 2229 3003 2286 εὐωδίαν
3045 2231 3386 2306 ἐκπέμπουσι
3417 2252 3430 2266 ⁸
3464 2233 3533 2288 τὰ
3577 2229 3632 2286 δὲ
3678 2229 3786 2285 λοιο

2149 2317 2343 2388 πὰτί;

2221 2497 2422 2571 Κηρίον
2458 2497 2815 2567 ἆποστάζουσι
2845 2501 2912 2554 τὰ
2942 2498 3106 2577 χείλη
3139 2521 3256 2574 σου,
3291 2500 3510 2579 νύμφη,
3549 2496 3670 2573 μέλι
3709 2493 3783 2551 καὶ

2149 2583 2296 2658 γάλα
2330 2585 2432 2640 ὑπὸ
2461 2587 2559 2655 τήν
2595 2587 2847 2661 γλῶσσάν
2881 2611 2997 2647 σου.

2220 2675 2444 2750 ’ἹῙ-(ουν.
2481 2675 2649 2752 Λόγον
2699 2674 3079 2734 διδασκαλικὸν
3131 2679 3472 2755 προφέρουσι
3523 2679 3590 2733 τὰ
3634 2673 3780 2750 χείλη

2149 2785 2244 2818 σου
2297 2765 2810 2839 κατεσκευασμένον,
2867 2769 3046 2844 ὥσπερ
3112 2769 3214 2823 ὑπὸ
3273 2768 3542 2842 μελίσσης
3592 2764 3781 2838 κηρίον,

2149 2852 2200 2907 ἐν
2233 2856 2412 2927 τῷμή
2448 2853 2838 2910 ἐπιδείκνυσθαι
2888 2854 3146 2929 μονοειδῆ
3207 2863 3325 2919 τοῖς
3390 2857 3644 2912 ἀκούουσι
3695 2852 3777 2918 τήν

2151 2940 2440 3019 ὠιρὲλειαν,
2476 2941 2620 2998 ἀλλὰ
2645 2942 3013 3016 καταλλήλως
3065 2946 3200 3020 πρὸς
3259 2947 3363 3014 τὴν
3401 2951 3510 3000 τῶν
3567 2941 3774 3018 δεχομέ-

2147 3052 2252 3084 νων
2306 3031 2662 3107 ἁρμόττεσθαι
2714 3030 2964 3106 δύναμιν,
3007 3034 3082 3098 ὡς
3130 3035 3219 3089 καὶ
3270 3040 3395 3097 τοῖς
3443 3031 3777 3105 τελειοτέροις

2150 3119 2238 3174 καὶ
2270 3125 2385 3182 τοῖς
2416 3119 2876 3197 νηπιωδεστὲροις
2927 3123 3141 3178 eius.th
3174 3119 3320 3199 ἔχειν
3348 3145 3360 3156 ·
3417 3127 3525 3178 τῶν
3579 3120 3667 3195 μὲν
3698 3117 3773 3172 τὸν

2148 3213 2270 3262 νοῦν
2305 3207 2668 3272 τελειωτικῶς
2720 3209 3015 3286 θειοτέροις
3066 3212 3140 3274 ὡς
3199 3211 3386 3286 μέλιτι
3449 3208 3779 3288 γλυκαίνοντα

394 3303 802 3362 dulcissimam
858 3302 1074 3357 reddis.
1138 3303 1245 3366 Qui
1304 3319 1437 3358 vero
1497 3303 1672 3358 rudes
1703 3303 2037 3373 tironesque

2154 3297 2385 3372 ῥήμασι,
2414 3303 2522 3353 τῶν
2558 3297 2614 3353 δὲ
2637 3300 2736 3369 τήν
2771 3297 3011 3356 διάνοιαν
3059 3301 3433 3378 εἶσαγωγικῶς
3481 3306 3594 3361 τοῖς
3650 3314 3779 3372 φυσι-

392 3397 555 3461 sunt,
588 3408 789 3447 eorum
851 3390 1082 3446 animos
1137 3395 1418 3462 tanquam
1479 3390 1628 3446 lacte
1673 3390 2043 3446 naturalibus

396 3482 594 3556 exples
625 3479 1166 3550 institutis.Duplcx
1199 3480 1320 3534 haec
1347 3481 1767 3553 igitur,nempe
1793 3481 2046 3536 divinior

399 3577 458 3628 et
489 3570 802 3626 humanior
859 3568 1103 3624 docendi
1165 3569 1335 3636 ratio,
1394 3569 1475 3624 ita
1522 3569 1673 3640 viget
1704 3570 1814 3624 sub
1845 3569 2044 3641 lingua

400 3664 525 3729 tua,
561 3663 625 3713 ut
656 3674 753 3712 eas
787 3657 938 3711 haud
974 3656 1373 3728 intempestive
1405 3657 1662 3728 promas,
1696 3659 1795 3713 sed
1828 3675 2041 3730 oppor-

399 3754 543 3804 tune
573 3752 750 3818 atque
775 3747 1212 3801 accommodate
1241 3747 1312 3801 ad
1336 3763 1559 3815 eorum,
1595 3748 1692 3818 qui
1727 3747 2044 3804 instituun-

393 3843 515 3909 tur,
551 3837 886 3893 utilitatem.

462 3929 538 3981 Et
568 3927 1166 3983 odorvestimentorum
1189 3933 1412 3979 tuorum
1436 3925 1576 3978 sicut
1606 3925 1738 3980 odor
1771 3925 1968 3980 thuris.

393 4016 737 4088 Fragrantia
794 4014 1019 4069 scilicet
1077 4030 1320 4085 cperam
1375 4017 1634 4081 tuorum,
1669 4015 1885 4085 quibus
1917 4018 2038 4070 tum

386 4106 530 4161 viris
565 4103 909 4159 naturaliter
942 4103 1182 4175 promis,
1215 4107 1341 4157 tum
1375 4103 1432 4156 in
1467 4104 1692 4175 agendo
1728 4121 1794 4158 ex
1827 4105 2042 4160 mentis

391 4193 731 4267 praescripto
756 4209 946 4247 mores
972 4192 1140 4263 quasi
1164 4192 1521 4247 vestimenta
1543 4193 1806 4261 quazdam
1835 4193 2033 4250 indue-

388 4284 494 4352 ris,
528 4281 736 4336 divinae
769 4282 1145 4353 providentiae
1179 4298 1306 4352 quae
1357 4282 1586 4336 cunctis
1618 4283 1674 4336 in
1709 4283 1885 4337 rebus
1917 4300 2040 4338 cer-

390 4373 572 4440 nitur,
607 4370 879 4425 suavitati
921 4369 1136 4425 similis
1167 4375 1293 4426 est:
1346 4388 1480 4426 cum
1541 4371 1611 4426 ad
1645 4370 2039 4428 imitationem

387 4463 512 4528 Dei,
545 4460 755 4516 salutis
790 4458 1110 4514 multorum
1155 4477 1354 4514 curam
1386 4477 1573 4531 geras.
1609 4460 1848 4532 Propria
1882 4462 2036 4517 enim

385 4553 613 4607 ratione
647 4550 902 4622 quadam
937 4549 1075 4603 thus
1111 4551 1182 4604 ad
1216 4549 1498 4604 honorem
1527 4549 1622 4604 Dei
1657 4550 1927 4605 refertur.
1961 4553 2039 4605 Ac

2153 3391 2271 3448 κοῖς
2332 3387 2406 3449 ὡς
2459 3385 2688 3462 γάλακτι
2749 3390 3033 3466 τρέφοντα.
3095 3391 3261 3445 Αῦται
3324 3389 3417 3444 οῦν
3469 3390 3523 3443 αἱ
3553 3383 3774 3442 διδασκα-

2153 3471 2287 3544 λίαι,
2410 3498 2468 3530 τε
2525 3478 2766 3554 θειοτέρα
2822 3478 2910 3533 καὶ
2957 3481 2991 3548 ἡ
3050 3478 3532 3554 ἀνθρωπικωτέρα,
3570 3475 3664 3531 ὑπὸ
3691 3470 3774 3537 τὴν

2149 3561 2402 3640 γλῶσσάν
2461 3588 2576 3635 σου,
2635 3567 2707 3628 ὡς
2779 3568 2854 3640 μη
2932 3568 3168 3642 ἀκαίρως
3234 3568 3434 3629 ταύτας
3500 3561 3772 3638 προφέρῃςν

2153 3651 2298 3707 ἀλλὰ
2325 3654 2460 3708 κατὰ
2508 3657 2693 3732 καιρὸν
2742 3656 2834 3711 τὸν
2877 3653 3139 3731 ἁρμόδιον
3188 3657 3277 3712 καὶ
3325 3655 3514 3736 χρείαν
3574 3650 3771 3707 ἑκάστου

2154 3738 2375 3798 διδασκο
2385 3742 2576 3818 μένων.

2345 3924 2447 3977 Καὶ
2483 3925 2626 3996 ὁσμή
2661 3922 2894 3996 ἱματίων
2926 3947 3022 3981 σου
3057 3926 3132 3988 ὡς
3167 3925 3312 4000 ὀσμή
3357 3919 3600 3982 λιϐάνου.

2223 4017 2448 4086 ’Ήγουν,
2481 4013 2545 4068 Ἡ
2577 4010 2772 4068 εὐωδία
2800 4017 2906 4069 τῶν
2935 4009 3104 4092 ἔργων
3158 4036 3273 4087 σου,
3335 4017 3411 4071 ὧν
3463 4015 3508 4068 εί
3559 4009 3643 4065 καὶ
3693 4002 3772 4058 τάξ

2153 4096 2405 4173 δυνάμεις
2455 4105 2695 4176 φυσικῶς
2751 4087 2977 4180 ἑπιφέρη
2998 4087 3019 4137 ί
3043 4100 3189 4158 ἀλλὰ
3232 4101 3363 4166 τοὺς
3423 4087 3773 4180 ἐνεργητικοῦς

2150 4188 2387 4264 τρόπους
2427 4191 2560 4245 κατά
2591 4191 2819 4266 γνώμην
2853 4176 3153 4265 γὶμάτια
3201 4188 3534 4266 περιϐάλλῃ,
3587 4185 3647 4254 τῇ
3696 4176 3769 4232 εὖ-

2151 4275 2288 4349 ωδίᾳ
2315 4285 2416 4347 τῆς
2448 4281 2569 4356 περὶ
2601 4279 2768 4334 πάντα
2797 4285 2894 4334 τοῦ
2927 4285 3060 4336 Θεοῦ
3111 4281 3372 4356 προνοίας
3422 4275 3766 4350 παρείκασται’

2150 4369 2284 4424 κατὰ
2313 4369 2542 4442 μίμησιν
2577 4374 2732 4438 Θεοῦ,
2763 4367 3080 4443 κηδομένης
3112 4391 3207 4424 σου
3263 4372 3364 4440 τῆς
3411 4372 3515 4423 τῶν
3567 4355 3763 4443 πολλῷν

2149 4459 2441 4532 σωτηρίας.
2476 4455 2813 4528 Ἰδιαζόντως
2861 4442 2962 4535 γὰρ
3011 4458 3146 4514 κατά
3187 4480 3309 4513 τινα
3356 4457 3516 4533 λόγον
3562 4449 3633 4508 εἷς
3681 4442 3763 4544 τὴν

2148 4551 2243 4602 τοῦ
2279 4551 2411 4602 Θεοῦ
2466 4549 2634 4621 τιμὴν
2690 4549 2718 4602 ὁ
2775 4543 2994 4610 λίϐανος
3052 4547 3430 4603 ἀποτίτακται.
3479 4539 3572 4597 Καὶ
3623 4539 3762 4621 καθῗ·

385 4640 889 4713 quemadmodum
923 4637 1061 4692 thus
1085 4655 1152 4692 ex
1177 4637 1410 4709 proprio
1435 4638 1724 4702 odore,sic
1764 4639 1941 4704 Deus,
1974 4655 2037 4694 ex

2152 4657 2250 4713 περ
2284 4637 2442 4698 οὗτος
2477 4637 2534 4691 ἐκ
2558 4644 2656 4705 τῆς
2687 4635 2832 4699 ἰδίας
2883 4638 3080 4710 ὀσμῆς,
3115 4635 3258 4691 οὕτω
3296 4657 3388 4691 και
3428 4633 3487 4687 τὸ
3533 4629 3675 4713 Θεξον.
3713 4614 3762 4670 ἐκ

385 4747 582 4786 rerum
614 4728 881 4784 omnium
917 4726 1321 4799 providentia;
1355 4731 1413 4781 et
1444 4726 1814 4798 singulorum
1851 4727 2041 4782 animi

384 4819 634 4884 affectio,
667 4834 732 4873 ex
767 4817 1044 4888 operibus
1076 4814 1504 4870 indicatur.Sed
1537 4832 1668 4870 cum
1703 4816 1875 4886 paulo
1908 4822 2041 4872 ante

384 4911 621 4964 odorem
655 4906 1142 4962 vestimentorum
1179 4921 1412 4976 sponsas
1443 4921 1622 4975 super
1655 4906 1855 4960 omnia
1911 4922 2040 4960 aro-

383 5002 542 5053 mata
581 5013 710 5052 esse
741 4996 1006 5064 dixisset,
1033 5010 1136 5048 nec
1169 4994 1464 5065 quomodo
1500 4993 1555 5047 id
1608 4998 1782 5063 esset,
1840 4993 2028 5049 decla-

381 5092 570 5142 rasset
601 5108 614 5156 ;
651 5087 746 5142 hic
779 5087 924 5141 illud
958 5084 1238 5154 ostendit,
1263 5084 1406 5138 dum
1432 5084 1670 5138 odorem
1705 5083 1872 5137 illum
1901 5083 2037 5139 thu-

375 5177 461 5231 ris
493 5177 652 5231 odori
689 5176 944 5230 similem
979 5174 1120 5229 dicit
1151 5172 1455 5228 esse.Nam
1481 5173 1637 5227 sicut
1670 5173 1805 5228 thus
1837 5188 2040 5228 accen-

378 5264 538 5320 ditur
569 5265 639 5320 ad
673 5263 919 5336 gloriam
959 5263 1053 5318 Dei
1083 5279 1095 5317 :
1153 5267 1304 5319 Deus
1336 5266 1532 5318 autem
1567 5261 1693 5317 sine
1727 5261 1846 5317 ulla
1877 5279 2034 5317 com-

375 5354 681 5426 paratione
713 5360 804 5408 est
837 5369 1031 5408 rerum
1067 5352 1336 5407 omnium
1367 5351 1926 5422 praestantissimus;
1952 5351 2035 5406 sic

367 5459 550 5516 opera
583 5459 709 5515 quae
744 5443 815 5497 ad
849 5441 1058 5498 divinae
1091 5442 1241 5496 ﬁunt
1295 5441 1582 5497 bonitatis
1615 5441 2029 5514 imitationem,

364 5531 616 5605 reliquis
647 5532 923 5588 omnibus
969 5530 1346 5587 antecedunt.

436 5748 482 5784 ‘5
510 5747 727 5806 Coloss.
761 5755 887 5816 xm,
919 5744 1005 5800 12.
1039 5745 1084 5780 ⁴⁶
1114 5743 1372 5816 Philipp.
1397 5760 1460 5816 II,
1494 5747 1549 5817 6,
1574 5747 1630 5804 7.

2149 4726 2246 4792 τῆς
2307 4725 2429 4798 περὶ
2484 4725 2552 4778 τὰ
2604 4724 2775 4778 πάντα
2830 4723 3112 4800 προνοίας,
3145 4722 3234 4778 καὶ
3269 4725 3304 4792 ἡ
3339 4721 3555 4778 ἑκάστου
3604 4704 3757 4766 διάθε-

2151 4835 2232 4875 σις
2287 4811 2345 4866 ἐκ
2400 4817 2505 4866 τῶν
2559 4808 2727 4888 ἔργων
2813 4813 3155 4889 γνωρίζεται.
3209 4813 3418 4886 Μικρὸν
3479 4807 3532 4861 δὲ
3585 4797 3754 4894 ἅνιξθξν

2150 4901 2412 4978 εἷ’ρηκὼς,
2448 4901 2528 4956 ὅτι
2562 4903 2596 4970 ἡ
2632 4901 2776 4974 ὀσμή
2822 4906 2929 4956 τῶν
2973 4900 3206 4975 ἱματίων
3255 4908 3354 4970 τῆς
3395 4896 3599 4978 νύμφης
3637 4883 3753 4978 fma?

2149 4990 2322 5046 πάντα
2353 4990 2463 5044 ἐστὶ
2494 4990 2560 5044 τὰ
2611 4989 2895 5065 ἀρώματα,
2952 4991 3042 5046 καὶ
3095 4991 3158 5045 τὸ
3214 4990 3331 5051 πῶς
3382 4987 3454 5061 μὴ
3503 4975 3754 5072 δηλοῦται,

2149 5080 2375 5136 ἐνταῦθα
2404 5087 2570 5137 τοῦτο
2602 5079 2788 5153 δηλοῖ,
2821 5086 2889 5156 τῇ
2923 5083 3068 5156 ὀσμῇ
3112 5086 3210 5136 τοῦ
3270 5076 3488 5135 Λιϐάνου
3536 5074 3753 5156 παρ-ίαν

2151 5175 2256 5238 ζων
2291 5170 2482 5240 αὐτὴν,
2513 5168 2602 5224 διὰ
2628 5170 2690 5223 τὸ
2718 5174 2913 5224 τοῦτον
2946 5169 3022 5232 εἷς
3071 5171 3239 5243 τιμὴν
3283 5173 3379 5224 τοῦ
3431 5160 3576 5219 Θείου
3629 5148 3747 5254 Kal"

2146 5253 2412 5315 ϐαίνεσθαι.
2450 5258 2548 5313 Καὶ
2581 5257 2698 5314 ἐπεὶ
2725 5259 2788 5314 τὸ
2832 5264 2985 5314 Θεῖον
3041 5258 3375 5335 ἀσυγκρίτως
3431 5249 3551 5321 ὑπὲρ
3592 5246 3749 5335 ’πάντα

2144 5347 2279 5417 ἰστῖ,
2334 5349 2422 5403 καὶ
2481 5348 2548 5403 τὰ
2602 5347 2737 5403 κατὰ
2797 5348 3029 5422 μίμησιν
3082 5355 3183 5419 τῆς
3241 5347 3402 5402 αὐτοῦ
3453 5330 3743 5415 ἀγαθότητ⁰⁶

2145 5431 2292 5515 ἔργα.
