4040 6146
275 315 401 375 625

1331 310 1734 373 COMMENT.
1780 312 1859 372 ΙΝ
1906 311 2306 373 CANTICUM
2352 312 2659 371 CANTIC.

3586 314 3705 374 626

355 449 545 513 Κῆπος
601 440 1024 515 κεκλεισμένας,
1100 440 1309 511 ἀδελφή
1379 464 1483 515 μου
1534 440 1719 517 νύμφη
1761 460 1774 473 ⁸
1834 448 1925 511 κῆ-

2124 446 2319 509 Hortus
2350 444 2661 508 conclusus,
2695 458 2850 497 soror
2888 458 3014 497 mea
3064 457 3289 512 sponsa:
3334 443 3526 499 hortus
3571 460 3706 501 con-

274 555 384 595 πος
468 534 569 607 γάρ
656 552 920 611 πιφυκας,

278 621 502 695 σμένος.

1033 531 1226 609 φησὶν,

996 708 1243 765 Ψελλοῦ.

356 802 605 875 Ἐχουσα
636 804 849 853 πάντων
882 802 990 852 τῶν
1022 797 1204 853 καλῶν
1240 798 1289 851 ἐν
1324 801 1518 871 σεαυτῇ
1548 798 1647 865 τήν
1677 818 1843 872 ωραν,

283 889 506 945 Ἐλαίαν
537 890 637 958 τὴν
669 875 1037 962 κατακαρπονξ
1071 890 1239 954 συκῆν
1270 907 1327 941 τε
1354 889 1453 955 τὴν
1481 886 1760 962 γλυκεῖαν.

288 980 451 1054 Πηγή
486 976 542 1033 δὶ
569 977 733 1032 πάλιν
762 976 1025 1053 πέφυκας,
1059 976 1241 1053 φησὶν,
1275 975 1697 1051 ἐσφραγισμένη,

291 1068 425 1123 Καθ’
456 1066 577 1120 ὅσον
614 1066 787 1138 μάτην
822 1063 1080 1139 οὐδαμῶς
1118 1066 1180 1119 τὸ
1212 1066 1355 1137 νᾶμά
1383 1086 1477 1118 σου
1509 1066 1786 1138 προχὲεις,

288 1154 462 1212 Ἀλλά
490 1155 740 1223 ποτίζεις
769 1153 897 1216 τοὺς
927 1152 1151 1215 πιστοὺς
1181 1150 1450 1225 διψῶντας
1483 1152 1775 1226 σωτηρίαν.

367 1241 703 1298 Ἀποστολαί
762 1264 857 1297 σου
944 1239 1269 1318 παράδεισος
1344 1240 1483 1316 ῥοῶν
1543 1241 1677 1313 μετὰ
1728 1244 1938 1316 καρποῦ

282 1330 626 1407 ἀκροδρύων.

358 1422 444 1476 Ἐν
477 1420 695 1481 τούτοις
730 1418 1093 1474 ὑπαινίττεται
1126 1417 1408 1491 ξύμπαντα
1430 1420 1458 1473 ὁ
1488 1417 1745 1495 νυμφίος,

278 1512 400 1566 Τοῦ
433 1506 711 1583 δόγματος
741 1514 843 1577 τῆς
875 1507 1107 1568 πίστεως
1140 1509 1302 1578 ἡμῶν
1332 1513 1433 1575 τῆς
1464 1508 1797 1578 ἀμωμήτου,

276 1599 353 1653 Τὸ
387 1593 619 1675 φοϐερὸν
650 1597 739 1651 καὶ
771 1595 1071 1652 κάλλιστον
1104 1593 1305 1656 εύῶδὲς
1342 1616 1400 1649 τε
1423 1597 1512 1649 καὶ
1544 1597 1706 1666 Θεῖον,

275 1687 486 1761 ’Ὠσπερ
519 1680 803 1760 πρεσϐεύει
829 1685 1059 1739 πάντοτε
1091 1683 1266 1756 στόμα
1292 1690 1390 1752 τῆς
1421 1682 1768 1754 Ἐκκλησίας.

276 1773 617 1831 Ἀποστολαί
648 1793 743 1827 σου
772 1774 897 1848 γὰρ,
931 1772 1092 1849 φησὶν
1122 1774 1316 1846 ἤγουν,
1351 1772 1404 1825 αἱ
1435 1768 1655 1847 διδαχαί
1686 1792 1801 1842 σου,

277 1860 618 1939 Παράδεισος
650 1861 916 1938 πεφύκασι
949 1861 1089 1937 ῥοῶν
1119 1860 1525 1937 ἡγλαϊσμένων,

276 1952 384 2010 Καὶ
419 1953 598 2022 πάσης
626 1952 859 2027 χάριτος
893 1951 1081 2025 μεσταὶ
1110 1949 1498 2025 τυγχάνουσιν,
1532 1952 1576 2004 ὦ
1604 1949 1813 2025 νύμφη.

340 2042 509 2114 Πηγή
532 2042 751 2110 κήπων.

265 2130 345 2189 Ού
381 2131 490 2204 γάρ
524 2129 599 2192 είς
635 2130 802 2203 μὲτην
838 2149 954 2199 σου,
984 2128 1167 2206 φησὶν,
1194 2129 1262 2184 τὰ
1289 2130 1501 2202 νάματα
1530 2130 1825 2204 περιχέεις,

264 2217 452 2277 Ἀλλᾶ
480 2217 719 2287 ποτίζεις
747 2217 874 2280 τοὺς
904 2217 1149 2285 πιστοὺς,
1180 2215 1371 2295 ἤγουν,
1404 2218 1542 2294 φυτὰ
1568 2219 1635 2272 τά
1668 2223 1801 2281 θεῖα.

266 2332 457 2402 Φρέαρ
543 2322 735 2386 ὕδατος
814 2328 1013 2393 ζῶντος
1098 2328 1195 2378 τοῦ
1279 2324 1587 2401 ροιζοῦντος
1660 2325 1763 2379 ἀπὸ
1823 2330 1919 2377 Λι-

1013 2407 1199 2470 ϐάνου.

281 2506 559 2559 Τοσοῦτον
584 2503 711 2578 γὰρ,
744 2502 896 2581 φησὶ,
928 2501 1110 2563 καλῶς
1141 2502 1278 2577 πρὸς
1307 2502 1496 2577 ἀρετὰς
1528 2502 1771 2575 ὑψώθης,

271 2605 343 2658 Ως
388 2594 483 2649 καὶ
512 2602 612 2663 τῆς
641 2592 895 2663 κλήσεως
927 2592 1096 2662 αὐτῆς
1133 2589 1322 2667 ἔμοιγε
1352 2593 1732 2668 συμμετέχειν.

278 2684 426 2761 Ἐγὼ
456 2684 559 2759 γὰρ
595 2688 796 2753 ζῶντος
828 2680 1020 2743 ὕδατος
1045 2677 1215 2743 ὅντως
1242 2682 1499 2756 τυγχάνω
1534 2682 1722 2757 φρὲαρ,

277 2776 341 2830 Ὀ
369 2772 653 2836 κατελθὼν
684 2771 734 2844 ἐξ
757 2772 991 2848 ούρανοῦ
1023 2772 1097 2831 ὡς
1123 2770 1275 2834 ὑετὸς
1305 2771 1380 2833 εἷς
1412 2772 1599 2839 πόκον,
1672 2796 1680 2804 ·

275 2864 485 2937 ’Ὠσπερ
517 2859 567 2933 ἐξ
606 2855 768 2934 ὅρους
802 2857 1016 2933 ὑψηλοῦ
1045 2863 1141 2914 τοῦ
1172 2864 1480 2932 θαυμαστοῦ
1512 2856 1769 2915 Λιϐάνου.

854 2968 975 3023 Τῶν
1007 2967 1053 3042 γ’
1084 2966 1334 3039 ΙΙατέρων
1346 3009 1357 3021 .

358 3056 465 3114 Καὶ
500 3060 722 3111 τοιαῦτα
773 3056 868 3129 μὲν
928 3076 1024 3111 σου
1070 3055 1139 3109 τὰ
1202 3054 1341 3128 μέλη
1396 3056 1484 3110 καὶ
1514 3057 1580 3110 τὰ
1609 3056 1819 3129 ἱμάτια.
1859 3054 1934 3110 Σὺ

289 3142 335 3199 δ’
367 3143 603 3208 ἐντεῦθεν
635 3144 795 3199 ὁποία
830 3164 843 3213 ;

361 3236 554 3302 Κῆπος
614 3235 1019 3307 κεκλεισμένος,
1097 3230 1304 3309 ἀδελφή
1396 3253 1498 3306 μου
1556 3233 1767 3310 νύμφη,
1835 3239 1934 3302 κῆ-

286 3345 394 3385 πος
420 3321 827 3396 κεκλεισμένος,
862 3325 1012 3398 πηγὴ
1046 3322 1472 3401 ἐσφραγισμὲνη.

352 3415 582 3488 ’Ἡγουν,
608 3412 711 3469 Οἷα
747 3413 839 3485 μὶν
896 3410 1075 3473 διττὸς
1119 3418 1296 3481 κῆπος
1339 3411 1473 3466 κατά
1518 3432 1575 3466 τε
1606 3413 1789 3486 ψυχὴν
1823 3416 1938 3473 τοῖς

280 3507 389 3557 τῶν
455 3502 659 3575 ἀρετῶν
718 3500 928 3577 λόγοις,
997 3499 1085 3555 καί
1155 3501 1292 3554 κατὰ
1350 3503 1517 3575 σάρκα
1564 3506 1681 3562 τοῖς
1732 3500 1938 3555 τούτων

282 3592 514 3667 τρόποις
574 3589 839 3666 ὑπάρχεις
896 3588 1220 3667 κατάφυτος,
1274 3590 1363 3643 καὶ
1421 3591 1495 3650 ὡς
1550 3594 1782 3665 φραγμῷ
1831 3611 1937 3643 τινι

281 3687 405 3744 ταῖς
465 3678 712 3742 ἐντολαῖς
760 3700 862 3753 μου
911 3677 1462 3757 κατησφαλισμὲνος·
1522 3682 1612 3733 οἶα
1670 3676 1727 3733 δὲ
1778 3680 1934 3752 πηγὴ

285 3770 431 3824 κατά
459 3772 582 3823 νοῦν
621 3768 804 3844 βρύεις
858 3768 923 3822 τὰ
992 3768 1113 3843 περὶ
1167 3767 1262 3840 ἐμὲ
1318 3762 1509 3836 εὐσεϐῆ
1542 3767 1630 3822 καὶ
1667 3770 1780 3822 Osis:
1810 3770 1941 3837 νοή-

293 3878 460 3932 ματα,
487 3857 575 3911 καὶ
615 3862 696 3930 τῷ
744 3856 863 3931 ἐμῷ
911 3864 1238 3932 χαρακτῆρι,
1292 3858 1364 3917 ὡς
1396 3857 1554 3911 εἶ’κών
1593 3879 1717 3929 μου,
1743 3855 1943 3935 ἐσφρά-

284 3969 460 4023 γισαι,
512 3945 606 4001 *ἕνα
667 3948 741 4019 μὴ
796 3947 823 4000 ὁ
868 3944 1166 4020 ἐρχόμενος
1214 3944 1273 3998 ού
1326 3944 1488 4017 μόνον
1547 3944 1764 4019 κλέψαι,
1800 3943 1945 3999 ἀλλὰ

287 4038 374 4092 καὶ
435 4036 589 4090 Θύσαι
647 4035 735 4090 καὶ
792 4034 1052 4090 ἀπολέσαι
1111 4033 1325 4109 ἐχθρὸς,
1378 4032 1649 4109 λαθραίως
1688 4034 1942 4089 εἶ’σελοὼν

289 4127 381 4182 τόν
417 4146 477 4180 τε
505 4127 622 4180 κατ’
674 4124 868 4198 ἀρετήν
930 4145 1023 4178 σου
1078 4121 1290 4197 συλήσῃ
1340 4124 1566 4197 καρπὸν,
1599 4123 1688 4177 καὶ
1718 4124 1779 4177 τὸ
1811 4124 1947 4177 κατὰ

296 4220 497 4291 γνῶσιν
557 4220 658 4284 τῆς
728 4212 985 4283 ἀληθείας
1062 4209 1209 4287 ὕδωρ
1267 4232 1363 4265 σου
1421 4210 1666 4285 ψευδέσιν
1725 4212 1947 4275 ἐννοίαις

299 4301 679 4377 καταμολύνῃ.
714 4301 791 4358 Ού
836 4296 1000 4373 μόνον
1045 4298 1090 4353 δ’
1121 4299 1254 4367 αὕτη
1285 4304 1534 4361 τοιοῦτος
1576 4308 1752 4369 κῆπος
1779 4302 1947 4376 ὑπάρ-

301 4412 448 4468 χεις,
509 4390 669 4446 ἀλλά
708 4390 820 4460 καὶ,
882 4386 1212 4447 Ἀποστολαί
1278 4410 1373 4443 σου
1423 4387 1747 4465 παράδεισος
1809 4391 1947 4465 ῥοῶν

310 4480 447 4550 μετὰ
501 4482 714 4551 καρποῦ
793 4475 1154 4553 ἀκροδρύων·
1214 4478 1431 4539 πάντως
1498 4479 1549 4531 οἱ
1606 4477 1952 4552 ἐκπεμπόμε-

298 4588 381 4622 νοι
418 4564 797 4622 διδασκαλικοὶ
848 4566 1008 4640 λόγοι
1043 4588 1139 4619 σου
1188 4567 1322 4641 πρὸς
1367 4568 1464 4627 τὰς
1516 4570 1952 4641 μαθητευομὲνας
1983 4562 2029 4625 D

304 4678 388 4711 σοι
417 4658 621 4732 ψυχὰς,
657 4653 745 4710 διὰ
772 4657 834 4710 τὸ
894 4655 946 4710 ἐν
1001 4655 1220 4717 ταύταις
1275 4656 1409 4711 κατᾶ
1449 4658 1628 4711 πίστιν
1680 4660 1951 4735 φυτευθῆ-

306 4765 418 4819 ναι,
450 4745 539 4799 οἴά
559 4744 659 4821 πάρ
700 4766 786 4806 τις
832 4741 1153 4819 παράδεισος
1199 4747 1504 4821 συνηρεφής
1537 4744 1780 4821 δένδροις
1810 4746 1951 4823 ῥοῶν

308 4833 400 4889 ἰπὶ
457 4833 617 4909 ῥιζῶν
681 4832 1208 4909 ἐγκεκεντρισμξνοις
1269 4830 1467 4910 δρυῶν,
1525 4836 1804 4899 κάντεῦθεν
1859 4838 1949 4891 τὸν

306 4921 447 4978 ἴδιον
474 4923 703 4997 καρπὸν,
762 4924 838 4985 ὡς
896 4920 1213 4998 ἀκροδρύων
1270 4925 1470 4995 καρπὸν
1526 4925 1951 4999 ἐπιφερομέννις,

304 5015 325 5031 v
504 5017 531 5027 -υ
757 5012 773 5030 \
875 5012 912 5031 (Ι
1053 5009 1077 5029 ’ἱ
1580 5015 1592 5031 \
1665 5012 1687 5030 ’κ
1907 5014 1915 5029 ι

330 5018 399 5065 Ων
434 5010 574 5088 ροων
606 5014 661 5067 αἱ
718 5033 813 5085 μεν
863 5018 1003 5088 ριζαι
1050 5011 1507 5085 ουσαπόσπαστοι,
1540 5035 1602 5067 το
1661 5016 1715 5069 οὲ
1748 5036 1953 5087 προκα-

310 5097 505 5173 λυμμα
558 5106 656 5157 τοῦ
713 5106 926 5177 καρποῦ
980 5100 1273 5177 αὐστηρὸν,
1324 5102 1412 5156 καὶ
1470 5107 1565 5157 τοῦ
1610 5102 1758 5165 ἐντὸς
1781 5103 1953 5176 ψυλα-

326 5192 528 5245 κτικόν.
587 5190 759 5252 Αύτὸς
809 5188 865 5245 δὲ
917 5192 944 5245 ὁ
1015 5191 1220 5265 καρπὸς
1294 5190 1426 5262 μετὰ
1480 5192 1541 5245 τὸ
1594 5200 1955 5261 πεπανοῆναι,

316 5280 736 5357 περιρραγέντος
845 5284 941 5333 τοῦ
1038 5277 1528 5351 προκαλύμματος,
1621 5279 1955 5358 διαφαίνεται

314 5368 409 5436 τὴν
459 5370 551 5442 μὶν
608 5374 788 5445 γεῦσιν
836 5367 1065 5444 γλυκὺς,
1119 5369 1217 5437 τήν
1280 5365 1337 5422 δὲ
1394 5364 1515 5442 ὄψιν
1573 5368 1805 5437 εύειδῆς.
1862 5373 1956 5426 Καὶ

315 5458 415 5531 γὰρ
448 5459 535 5513 καὶ
566 5458 717 5513 αύτοί
752 5460 803 5512 οἱ
842 5465 940 5528 τῆς
987 5457 1204 5535 νύμφης
1260 5454 1633 5513 διδασκαλικοὶ
1678 5459 1858 5534 λύγοι,
1890 5465 1957 5533 τῇ

324 5547 417 5619 μὶν
472 5548 651 5604 πίστει
705 5546 1062 5622 ήδραίωνται,
1120 5546 1209 5601 καὶ
1260 5544 1718 5611 δυσαποσπάστως
1771 5546 1959 5624 ἔχουσι

319 5639 422 5690 τῶν
455 5642 821 5693 πιστευσασῶν
880 5636 1096 5697 τούτοις
1148 5639 1364 5709 ψυχῶν,
1424 5640 1513 5691 οἴα
1568 5637 1709 5712 ῥίζαι
1750 5637 1909 5715 δρυός
1945 5660 1958 5673 ο

845 5284 941 5333 τοῦ

1321 532 1367 585 ὧ
1440 530 1651 609 νύμφη,
1723 530 1941 586 κεκλει-

2051 533 2258 599 clusus,
2290 534 2420 605 [om
2449 533 2718 601 signatus.

2774 708 2983 764 Psellz‘.

2119 801 2311 855 Variis
2344 816 2624 871 sponsam
2658 798 2933 853 laudibus
2957 814 3212 868 sponsus
3235 797 3705 857 extollit.Hortus

2048 890 2199 944 enim
2266 906 2347 956 es,
2392 889 2602 959 inquit,
2641 905 2672 942 ο
2732 904 2968 958 sponsa,
3028 887 3366 958 conclusus,
3426 889 3705 945 arborum

2050 979 2313 1032 omnium
2375 979 2433 1032 in
2483 982 2539 1032 te
2597 978 2726 1047 ipsa
2783 976 3091 1031 continens
3142 977 3341 1043 decus,
3393 982 3450 1031 et
3513 965 3722 1033 oleam-

2052 1068 2431 1133 fructiferam,
2466 1072 2523 1121 et
2554 1067 2780 1121 dulcem
2815 1066 3014 1119 ﬁcum.
3059 1066 3207 1120 Fons
3269 1066 3432 1131 item,
3484 1066 3702 1138 inquit,

2048 1172 2111 1210 es
2143 1156 2428 1227 signatus.
2458 1156 2655 1225 Neque
2686 1153 2836 1208 enim
2883 1170 3066 1224 aquas
3116 1158 3335 1209 temere
3394 1155 3704 1225 profundis

2049 1248 2205 1310 tuas,
2240 1246 2338 1299 sed
2364 1243 2564 1299 fideles
2596 1242 2807 1298 salutis
2840 1242 3105 1296 sitientes
3137 1246 3328 1312 potas.

2123 1336 2453 1389 Emissiones
2475 1342 2582 1388 tum
2608 1332 2906 1403 paradisus
2928 1332 3203 1386 malorum
3220 1334 3551 1403 punicorum
3572 1348 3704 1387 cum

2045 1424 2316 1495 fructibus
2346 1440 2572 1477 nucum.

2119 1513 2221 1567 His
2251 1512 2443 1567 verbis
2467 1527 2534 1567 ea
2564 1526 2819 1581 sponsus
2851 1508 3512 1580 complectituriomnia,
3568 1527 3695 1582 qua:

2049 1601 2120 1656 ad
2155 1600 2285 1656 fidei
2328 1603 2541 1655 nostrae
2582 1598 2971 1668 integerrima;
3025 1596 3353 1653 doctrinam
3407 1602 3704 1669 spectant,

2048 1691 2216 1760 cujus
2246 1690 2539 1757 timorem,
2574 1689 2866 1755 decorem,
2899 1687 3304 1759 fragrantiam,
3329 1686 3697 1744 divinitatem

2047 1797 2112 1835 os
2155 1778 2423 1835 Ecclesiae
2476 1793 2780 1848 nunquam
2822 1794 2937 1831 non
2989 1776 3282 1847 praedicat.
3337 1775 3702 1833 Emissiones

2046 1869 2227 1935 enim,
2278 1867 2490 1940 inquit,
2550 1871 2664 1921 tuas
2718 1866 3032 1937 paradisus
3081 1866 3344 1921 existunt
3402 1865 3699 1922 malorum

2042 1959 2414 2029 punicorum,
2446 1960 2503 2011 et
2531 1956 2690 2010 omni
2724 1956 2913 2025 gratia
2943 1959 3085 2010 sunt
3117 1953 3463 2025 plenzer‘ons
3490 1956 3680 2010 horto-

2036 2064 2196 2101 rum:
2232 2062 2367 2101 nam
2398 2045 2599 2101 latices
2628 2048 2761 2099 tuos
2792 2044 2947 2098 haud
2984 2045 3201 2099 frustra
3250 2044 3520 2115 spargis,-
3579 2045 3682 2100 sed

2038 2136 2263 2193 divinas
2294 2134 2549 2207 plantas,
2583 2134 2783 2189 ﬁdeles
2808 2133 3113 2203 nimirum,
3140 2132 3320 2205 rigas.

2036 2335 2238 2390 Pulsus
2255 2350 2409 2404 aquae
2434 2332 2816 2402 viventis,quw
2832 2332 2957 2400 ﬂuit
2976 2346 3103 2387 cum
3123 2331 3359 2403 strepitu
3371 2332 3437 2388 de
3458 2333 3685 2388 Libano.

2108 2511 2510 2582 Adeo,inquit,
2573 2510 2887 2565 virtutibus
2942 2509 3194 2580 insignis
3241 2510 3445 2564 effecta
3495 2526 3578 2576 es,
3626 2512 3693 2563 ut

2039 2602 2382 2672 idem,quod
2415 2616 2895 2671 ego,cognomem
2932 2600 3012 2653 sis
3035 2603 3369 2653 consecuta.
3395 2600 3510 2669 Ego
3531 2597 3688 2652 enim

2042 2692 2283 2748 omnino
2310 2689 2744 2759 viventisaquze
2782 2704 2913 2743 sum
2973 2692 3206 2758 puteus,
3256 2688 3357 2759 qui
3416 2688 3486 2742 de
3544 2685 3689 2741 ccelo

2043 2779 2410 2851 sicutpluvia
2444 2779 2504 2832 in
2537 2776 2745 2843 vellus,
2775 2781 3060 2847 tanquam
3091 2792 3159 2831 ex
3191 2776 3306 2831 alto
3338 2780 3396 2832 et
3427 2773 3691 2830 mirabili

2043 2874 2244 2925 monte
2267 2868 2488 2924 Libano
2523 2865 2821 2922 descendi.

2630 2973 2812 3028 Trium
2840 2974 3101 3028 Patrum.

2115 3070 2196 3120 Ac
2227 3064 2369 3119 talia
2392 3062 2629 3134 quidem
2662 3066 2801 3118 sunt
2824 3062 3089 3117 membra
3109 3063 3166 3117 et
3194 3060 3544 3116 vestimenta
3564 3063 3687 3116 tua.

1968 3194 2009 3260 Ο
2048 3155 2135 3209 Tu
2168 3169 2300 3208 vero
2332 3149 2569 3223 qualis?

2121 3244 2319 3297 Hortus
2348 3241 2807 3309 conclusus,soror
2836 3255 2980 3309 mea,
3033 3255 3230 3311 sponsa
3255 3256 3272 3291 :
3330 3238 3524 3293 hortus
3563 3253 3691 3292 con-

2044 3334 2250 3398 clusus,
2282 3336 2405 3402 fons
2433 3331 2705 3397 signatus.

2117 3419 2315 3484 Qualis
2342 3418 2621 3473 nimirum
2672 3416 2887 3487 duplex
2945 3416 3151 3471 hortus
3201 3415 3466 3471 consitus
3500 3436 3513 3483 ;
3546 3418 3694 3484 {tum

2048 3510 2331 3565 virtutum
2360 3507 3005 3578 disciplinis,quantum
3032 3506 3102 3561 ad
3126 3506 3383 3560 animam
3418 3504 3691 3577 pertinet;

2048 3604 2173 3654 tum
2206 3615 2405 3653 earum
2442 3597 3019 3667 moribus,quantum
3045 3596 3115 3649 ad
3144 3611 3377 3649 carnem
3410 3611 3421 3648 :
3467 3599 3525 3648 et
3566 3610 3694 3647 mu-

2053 3688 2212 3743 nitus
2245 3687 2497 3759 quodam
2522 3684 2702 3741 veluti
2736 3686 3146 3741 mandatorum
3180 3684 3352 3740 vallo.
3398 3685 3695 3749 Quantum

2050 3793 2246 3833 autem
2282 3776 2349 3830 ad
2394 3780 2652 3829 mentem
2673 3773 3118 3845 spectat,qualis
3143 3774 3272 3827 fons
3304 3772 3430 3844 pias
3447 3788 3584 3844 erga
3606 3788 3699 3825 me

2054 3884 2117 3921 ac
2148 3865 2376 3920 divinas
2417 3863 2615 3918 fundis
2670 3862 3080 3934 cogitationes,
3114 3866 3170 3916 et
3194 3861 3361 3933 signo
3416 3877 3564 3927 meo,
3635 3864 3701 3914 ut

2053 3954 2246 4025 imago
2277 3968 2496 4020 mea,cs
2528 3952 2936 4022 obsignata,ne
2964 3950 3237 4005 inimicus
3272 3949 3588 4004 adveniens
3642 3952 3702 4001 te

2055 4061 2169 4098 non
2205 4042 2393 4097 solum
2430 4041 2687 4112 diripiat,
2724 4042 2822 4095 sed
2857 4041 3031 4095 etiam
3081 4039 3308 4093 occidat
3360 4054 3425 4093 ac
3456 4038 3703 4108 cperdat,

2056 4132 2405 4203 virtutisque
2436 4136 2550 4185 tute
2584 4131 2813 4185 fructus
2836 4133 3113 4199 asportet,
3139 4134 3194 4183 et
3215 4128 3458 4201 cognita:
3490 4127 3705 4183 verita-

2058 4223 2132 4278 tis
2167 4238 2375 4291 aquam
2422 4220 2587 4276 falsis
2636 4219 3015 4291 opinionibus
3072 4219 3451 4273 contaminet.
3506 4217 3707 4288 Neque

2058 4328 2189 4367 vero
2225 4316 2284 4365 tu
2320 4310 2449 4382 ipsa
2481 4313 2709 4364 tantum
2734 4324 2795 4363 es
2828 4308 3053 4377 hortus,
3089 4309 3190 4364 sed
3223 4310 3543 4363 emissiones
3602 4315 3708 4361 tua:

2057 4399 2351 4473 paradisus
2380 4416 2503 4453 cum
2530 4398 2803 4469 fructibus
2834 4413 3039 4452 nucum
3077 4416 3095 4452 :
3124 4396 3234 4452 hoc
3265 4394 3706 4467 est,disciplina3

2059 4494 2173 4545 tuae
2209 4489 2424 4559 quibus
2458 4487 2687 4542 animas
2720 4487 3250 4558 instituis,propter
3293 4486 3425 4541 fidei
3476 4484 3710 4557 plantas

2061 4594 2209 4649 quas
2242 4577 2300 4631 in
2323 4575 2442 4631 illis
2467 4576 2851 4641 inseris,sunt
2878 4581 3161 4647 tanquam
3196 4576 3503 4647 paradisus
3539 4572 3707 4628 malis

2063 4666 2293 4739 punicis
2317 4666 2749 4736 consita,super
2794 4665 3020 4720 radices
3074 4664 3312 4719 insertis
3363 4678 3707 4733 quercuum,

2062 4761 2118 4811 et
2159 4758 2462 4827 propterea
2498 4755 2801 4825 proprium
2856 4755 3110 4809 fructum
3163 4758 3447 4823 tanquam
3506 4768 3708 4807 earum

2065 4846 2321 4899 fructum
2349 4844 2692 4899 ferentibus.
2727 4847 2985 4910 Quarum
3020 4842 3252 4912 quidem
3280 4840 3566 4897 malorum
3603 4857 3710 4911 pu-

2067 4934 2330 4987 nicarum
2364 4932 2592 4987 radices
2638 4933 2789 4987 haud
2842 4932 3007 4987 facile
3055 4931 3459 4985 divelluntur:
3520 4932 3716 4983 cortex

2067 5026 2260 5076 autem
2294 5021 2483 5093 ipsius
2517 5022 2743 5076 fructus
2776 5026 3045 5075 austerus
3090 5025 3197 5085 est,
3250 5024 3307 5074 et
3368 5036 3495 5090 quae
3553 5017 3715 5071 intus

2067 5116 2227 5176 sunt,
2257 5115 2477 5165 tuetur.
2514 5114 2758 5165 Fructus
2788 5126 2944 5173 vero,
2978 5112 3358 5180 posteaquam
3407 5110 3475 5162 ad
3520 5110 3718 5162 matu-

2069 5200 2298 5255 ritatem
2326 5201 2912 5271 pervenit,conl'racto
2946 5197 3719 5269 corticisintegumentofse

2068 5294 2190 5343 turn
2218 5294 2391 5358 gustu
2428 5288 2679 5351 dulcem,
2715 5293 2837 5341 tum
2874 5292 3110 5358 aspectu
3146 5288 3479 5356 jucundum
3521 5289 3719 5341 osten-

2068 5382 2171 5431 tat.
2207 5378 2419 5431 Eodem
2453 5383 2616 5447 pacto
2635 5376 3053 5448 sponsmetiam
3082 5376 3717 5445 disciplinae,tanquam

2072 5468 2295 5521 arboris
2329 5466 2882 5533 radicibus,itafidei
2940 5464 3151 5519 innixa:
3201 5466 3499 5534 ﬁrmitate,
3559 5462 3713 5515 diffi«

2071 5558 2180 5612 cile
2212 5573 2279 5611 ex
2310 5556 2620 5612 animabus
2663 5556 3038 5612 credentibus
3096 5555 3441 5611 avellantur.
3494 5552 3720 5621 Quippe

2072 5662 2199 5717 qua
2230 5650 2357 5701 tum
2390 5647 2624 5703 incussa
2648 5645 3076 5718 suppliciorum
3093 5644 3717 5715 formidine,tanquam
