  <div class='ocr_page' id='page_1' title='image "/cluster/home/n/w/nwhite01/storage/ocr_20150623/122 pt.2/mdp.39015037401315/321.png"; bbox 0 0 4046 6144; ppageno 0'>
   <div class='ocr_carea' id='block_1_1' title="bbox 305 316 419 387">
    <p class='ocr_par' dir='ltr' id='par_1_1' title="bbox 305 316 419 387">
     <span class='ocr_line' id='line_1_1' title="bbox 305 316 419 387; baseline -0.026 0"><span class='ocrx_word' id='word_1_1' title='bbox 305 316 419 387; x_wconf 68' lang='grc'>62⁵1</span> 
     </span>
    </p>
   </div>
   <div class='ocr_carea' id='block_1_2' title="bbox 1644 307 2378 372">
    <p class='ocr_par' dir='ltr' id='par_1_2' title="bbox 1644 307 2378 372">
     <span class='ocr_line' id='line_1_2' title="bbox 1644 307 2378 372; baseline 0.005 -4"><span class='ocrx_word' id='word_1_2' title='bbox 1644 307 2062 372; x_wconf 82' lang='lat' dir='ltr'>MICHAELIS</span> <span class='ocrx_word' id='word_1_3' title='bbox 2107 311 2378 372; x_wconf 84' lang='lat' dir='ltr'>PSELLI</span> 
     </span>
    </p>
   </div>
   <div class='ocr_carea' id='block_1_3' title="bbox 3599 313 3718 376">
    <p class='ocr_par' dir='ltr' id='par_1_3' title="bbox 3599 313 3718 376">
     <span class='ocr_line' id='line_1_3' title="bbox 3599 313 3718 376; baseline -0.034 -1"><span class='ocrx_word' id='word_1_4' title='bbox 3599 313 3718 376; x_wconf 71' lang='lat'>628</span> 
     </span>
    </p>
   </div>
   <div class='ocr_carea' id='block_1_4' title="bbox 307 438 1958 531">
    <p class='ocr_par' dir='ltr' id='par_1_4' title="bbox 307 443 1952 531">
     <span class='ocr_line' id='line_1_4' title="bbox 307 443 1952 531; baseline -0.01 -14"><span class='ocrx_word' id='word_1_5' title='bbox 307 457 449 517; x_wconf 90' lang='lat' dir='ltr'>mali</span> <span class='ocrx_word' id='word_1_6' title='bbox 473 453 669 531; x_wconf 89' lang='lat' dir='ltr'>punici</span> <span class='ocrx_word' id='word_1_7' title='bbox 703 447 1279 522; x_wconf 87' lang='lat' dir='ltr'>cortice,discipulas</span> <span class='ocrx_word' id='word_1_8' title='bbox 1311 445 1542 501; x_wconf 88' lang='lat' dir='ltr'>animas</span> <span class='ocrx_word' id='word_1_9' title='bbox 1589 443 1952 500; x_wconf 85' lang='lat' dir='ltr'>cohibentes.</span> 
     </span>
    </p>
   </div>
   <div class='ocr_carea' id='block_1_5' title="bbox 2069 438 3716 531">
    <p class='ocr_par' dir='ltr' id='par_1_5' title="bbox 2069 438 3716 522">
     <span class='ocr_line' id='line_1_5' title="bbox 2069 438 3716 522; baseline 0.001 -25"><span class='ocrx_word' id='word_1_10' title='bbox 2069 447 2146 515; x_wconf 81' lang='grc' dir='ltr'>τῷ</span> <span class='ocrx_word' id='word_1_11' title='bbox 2179 440 2235 497; x_wconf 73' lang='grc' dir='ltr'>δὲ</span> <span class='ocrx_word' id='word_1_12' title='bbox 2266 438 2421 521; x_wconf 89' lang='grc' dir='ltr'>φόϐῳ</span> <span class='ocrx_word' id='word_1_13' title='bbox 2466 449 2573 498; x_wconf 86' lang='grc' dir='ltr'>τῶν</span> <span class='ocrx_word' id='word_1_14' title='bbox 2604 444 2999 520; x_wconf 75' lang='grc' dir='ltr'>ἠπειλημένων</span> <span class='ocrx_word' id='word_1_15' title='bbox 3045 443 3326 502; x_wconf 76' lang='grc' dir='ltr'>κολάσεων</span> <span class='ocrx_word' id='word_1_16' title='bbox 3376 447 3451 510; x_wconf 85' lang='grc' dir='ltr'>ὡς</span> <span class='ocrx_word' id='word_1_17' title='bbox 3480 443 3716 522; x_wconf 84' lang='grc' dir='ltr'>λέπυρον</span> 
     </span>
    </p>
   </div>
   <div class='ocr_carea' id='block_1_6' title="bbox 310 533 1963 622">
    <p class='ocr_par' dir='ltr' id='par_1_6' title="bbox 310 533 1963 622">
     <span class='ocr_line' id='line_1_6' title="bbox 310 533 1963 622; baseline -0.011 -16"><span class='ocrx_word' id='word_1_18' title='bbox 310 549 556 622; x_wconf 81' lang='lat' dir='ltr'>spiritus</span> <span class='ocrx_word' id='word_1_19' title='bbox 581 548 839 600; x_wconf 83' lang='lat' dir='ltr'>fructum</span> <span class='ocrx_word' id='word_1_20' title='bbox 863 542 920 596; x_wconf 93' lang='lat' dir='ltr'>in</span> <span class='ocrx_word' id='word_1_21' title='bbox 944 540 1089 611; x_wconf 83' lang='lat' dir='ltr'>ipsis</span> <span class='ocrx_word' id='word_1_22' title='bbox 1131 539 1200 593; x_wconf 89' lang='lat' dir='ltr'>ab</span> <span class='ocrx_word' id='word_1_23' title='bbox 1246 536 1522 592; x_wconf 89' lang='lat' dir='ltr'>omnibus</span> <span class='ocrx_word' id='word_1_24' title='bbox 1571 533 1963 605; x_wconf 86' lang='lat' dir='ltr'>perturbatio-</span> 
     </span>
    </p>
   </div>
   <div class='ocr_carea' id='block_1_7' title="bbox 313 622 1960 705">
    <p class='ocr_par' dir='ltr' id='par_1_7' title="bbox 313 622 1960 705">
     <span class='ocr_line' id='line_1_7' title="bbox 313 622 1960 705; baseline -0.011 -9"><span class='ocrx_word' id='word_1_25' title='bbox 313 639 492 696; x_wconf 85' lang='lat' dir='ltr'>nibus</span> <span class='ocrx_word' id='word_1_26' title='bbox 535 637 833 705; x_wconf 84' lang='lat' dir='ltr'>integrum</span> <span class='ocrx_word' id='word_1_27' title='bbox 887 631 1274 686; x_wconf 89' lang='lat' dir='ltr'>conservant:</span> <span class='ocrx_word' id='word_1_28' title='bbox 1324 630 1451 680; x_wconf 91' lang='lat' dir='ltr'>tum</span> <span class='ocrx_word' id='word_1_29' title='bbox 1501 622 1960 695; x_wconf 85' lang='lat' dir='ltr'>promissionum</span> 
     </span>
    </p>
   </div>
   <div class='ocr_carea' id='block_1_8' title="bbox 314 713 1961 797">
    <p class='ocr_par' dir='ltr' id='par_1_8' title="bbox 314 713 1961 797">
     <span class='ocr_line' id='line_1_8' title="bbox 314 713 1961 797; baseline -0.01 -14"><span class='ocrx_word' id='word_1_30' title='bbox 314 723 757 797; x_wconf 77' lang='lat' dir='ltr'>radiisjustitize</span> <span class='ocrx_word' id='word_1_31' title='bbox 779 720 940 777; x_wconf 82' lang='lat' dir='ltr'>solus</span> <span class='ocrx_word' id='word_1_32' title='bbox 973 734 1070 774; x_wconf 87' lang='lat' dir='ltr'>eas</span> <span class='ocrx_word' id='word_1_33' title='bbox 1093 718 1164 772; x_wconf 86' lang='lat' dir='ltr'>ad</span> <span class='ocrx_word' id='word_1_34' title='bbox 1188 717 1521 770; x_wconf 86' lang='lat' dir='ltr'>futurorum</span> <span class='ocrx_word' id='word_1_35' title='bbox 1545 715 1833 768; x_wconf 91' lang='lat' dir='ltr'>bonorum</span> <span class='ocrx_word' id='word_1_36' title='bbox 1863 713 1961 768; x_wconf 89' lang='lat' dir='ltr'>de-</span> 
     </span>
    </p>
   </div>
   <div class='ocr_carea' id='block_1_9' title="bbox 313 803 1962 877">
    <p class='ocr_par' dir='ltr' id='par_1_9' title="bbox 313 803 1962 877">
     <span class='ocr_line' id='line_1_9' title="bbox 313 803 1962 877; baseline -0.01 -2"><span class='ocrx_word' id='word_1_37' title='bbox 313 816 596 874; x_wconf 91' lang='lat' dir='ltr'>siderium</span> <span class='ocrx_word' id='word_1_38' title='bbox 629 806 1303 877; x_wconf 83' lang='lat' dir='ltr'>inﬂammantes,timore</span> <span class='ocrx_word' id='word_1_39' title='bbox 1335 820 1510 876; x_wconf 89' lang='lat' dir='ltr'>quem</span> <span class='ocrx_word' id='word_1_40' title='bbox 1565 803 1821 859; x_wconf 88' lang='lat' dir='ltr'>charitas</span> <span class='ocrx_word' id='word_1_41' title='bbox 1873 820 1962 859; x_wconf 88' lang='lat' dir='ltr'>ex-</span> 
     </span>
    </p>
   </div>
   <div class='ocr_carea' id='block_1_10' title="bbox 313 893 1958 978">
    <p class='ocr_par' dir='ltr' id='par_1_10' title="bbox 313 893 1958 978">
     <span class='ocr_line' id='line_1_10' title="bbox 313 893 1958 978; baseline -0.01 -14"><span class='ocrx_word' id='word_1_42' title='bbox 313 905 479 978; x_wconf 79' lang='lat' dir='ltr'>pellit</span> <span class='ocrx_word' id='word_1_43' title='bbox 500 905 848 973; x_wconf 75' lang='lat' dir='ltr'>”,tanquam</span> <span class='ocrx_word' id='word_1_44' title='bbox 865 897 1077 954; x_wconf 91' lang='lat' dir='ltr'>cortice</span> <span class='ocrx_word' id='word_1_45' title='bbox 1109 896 1404 966; x_wconf 84' lang='lat' dir='ltr'>disrupto;</span> <span class='ocrx_word' id='word_1_46' title='bbox 1459 893 1958 965; x_wconf 85' lang='lat' dir='ltr'>quemadmodum</span> 
     </span>
    </p>
   </div>
   <div class='ocr_carea' id='block_1_11' title="bbox 311 981 1960 1059">
    <p class='ocr_par' dir='ltr' id='par_1_11' title="bbox 311 981 1960 1059">
     <span class='ocr_line' id='line_1_11' title="bbox 311 981 1960 1059; baseline -0.009 -9"><span class='ocrx_word' id='word_1_47' title='bbox 311 998 544 1052; x_wconf 90' lang='lat' dir='ltr'>tructus</span> <span class='ocrx_word' id='word_1_48' title='bbox 577 991 868 1048; x_wconf 88' lang='lat' dir='ltr'>malorum</span> <span class='ocrx_word' id='word_1_49' title='bbox 903 986 1253 1059; x_wconf 90' lang='lat' dir='ltr'>punicarum</span> <span class='ocrx_word' id='word_1_50' title='bbox 1292 987 1526 1057; x_wconf 84' lang='lat' dir='ltr'>gustum</span> <span class='ocrx_word' id='word_1_51' title='bbox 1568 981 1842 1052; x_wconf 78' lang='lat' dir='ltr'>oblectat,</span> <span class='ocrx_word' id='word_1_52' title='bbox 1875 981 1960 1036; x_wconf 88' lang='lat' dir='ltr'>sic</span> 
     </span>
    </p>
   </div>
   <div class='ocr_carea' id='block_1_12' title="bbox 310 1074 1958 1153">
    <p class='ocr_par' dir='ltr' id='par_1_12' title="bbox 310 1074 1958 1153">
     <span class='ocr_line' id='line_1_12' title="bbox 310 1074 1958 1153; baseline -0.008 -13"><span class='ocrx_word' id='word_1_53' title='bbox 310 1083 526 1141; x_wconf 89' lang='lat' dir='ltr'>mentis</span> <span class='ocrx_word' id='word_1_54' title='bbox 556 1083 818 1153; x_wconf 89' lang='lat' dir='ltr'>ipsarum</span> <span class='ocrx_word' id='word_1_55' title='bbox 849 1083 1047 1150; x_wconf 79' lang='lat' dir='ltr'>guttur</span> <span class='ocrx_word' id='word_1_56' title='bbox 1077 1074 1386 1130; x_wconf 85' lang='lat' dir='ltr'>dulcedine</span> <span class='ocrx_word' id='word_1_57' title='bbox 1418 1074 1802 1146; x_wconf 81' lang='lat' dir='ltr'>perfundunt,</span> <span class='ocrx_word' id='word_1_58' title='bbox 1853 1088 1958 1144; x_wconf 91' lang='lat' dir='ltr'>gu-</span> 
     </span>
    </p>
   </div>
   <div class='ocr_carea' id='block_1_13' title="bbox 306 1163 1956 1236">
    <p class='ocr_par' dir='ltr' id='par_1_13' title="bbox 306 1163 1956 1236">
     <span class='ocr_line' id='line_1_13' title="bbox 306 1163 1956 1236; baseline -0.008 -5"><span class='ocrx_word' id='word_1_59' title='bbox 306 1172 595 1231; x_wconf 88' lang='lat' dir='ltr'>stantium</span> <span class='ocrx_word' id='word_1_60' title='bbox 628 1174 684 1226; x_wconf 92' lang='lat' dir='ltr'>et</span> <span class='ocrx_word' id='word_1_61' title='bbox 711 1167 1035 1224; x_wconf 85' lang='lat' dir='ltr'>videntium</span> <span class='ocrx_word' id='word_1_62' title='bbox 1056 1166 1120 1236; x_wconf 67' lang='lat'>‘3,</span> <span class='ocrx_word' id='word_1_63' title='bbox 1155 1180 1394 1220; x_wconf 85' lang='lat' dir='ltr'>suavem</span> <span class='ocrx_word' id='word_1_64' title='bbox 1439 1179 1568 1219; x_wconf 87' lang='lat' dir='ltr'>esse</span> <span class='ocrx_word' id='word_1_65' title='bbox 1615 1163 1956 1219; x_wconf 88' lang='lat' dir='ltr'>Dominum.</span> 
     </span>
    </p>
   </div>
   <div class='ocr_carea' id='block_1_14' title="bbox 304 1252 1957 1329">
    <p class='ocr_par' dir='ltr' id='par_1_14' title="bbox 304 1252 1957 1329">
     <span class='ocr_line' id='line_1_14' title="bbox 304 1252 1957 1329; baseline -0.008 -10"><span class='ocrx_word' id='word_1_66' title='bbox 304 1263 400 1319; x_wconf 73' lang='lat' dir='ltr'>Hae</span> <span class='ocrx_word' id='word_1_67' title='bbox 432 1261 710 1318; x_wconf 82' lang='lat' dir='ltr'>doctrinae</span> <span class='ocrx_word' id='word_1_68' title='bbox 740 1258 938 1329; x_wconf 82' lang='lat' dir='ltr'>igitur,</span> <span class='ocrx_word' id='word_1_69' title='bbox 972 1257 1113 1311; x_wconf 89' lang='lat' dir='ltr'>dum</span> <span class='ocrx_word' id='word_1_70' title='bbox 1145 1272 1177 1311; x_wconf 91' lang='lat' dir='ltr'>a</span> <span class='ocrx_word' id='word_1_71' title='bbox 1207 1252 1514 1326; x_wconf 80' lang='lat' dir='ltr'>discipulis</span> <span class='ocrx_word' id='word_1_72' title='bbox 1551 1269 1608 1308; x_wconf 90' lang='lat' dir='ltr'>re</span> <span class='ocrx_word' id='word_1_73' title='bbox 1654 1252 1784 1325; x_wconf 88' lang='lat' dir='ltr'>ipsa</span> <span class='ocrx_word' id='word_1_74' title='bbox 1839 1255 1957 1307; x_wconf 91' lang='lat' dir='ltr'>tra-</span> 
     </span>
    </p>
   </div>
   <div class='ocr_carea' id='block_1_15' title="bbox 301 1340 1960 1416">
    <p class='ocr_par' dir='ltr' id='par_1_15' title="bbox 301 1340 1960 1416">
     <span class='ocr_line' id='line_1_15' title="bbox 301 1340 1960 1416; baseline -0.007 -7"><span class='ocrx_word' id='word_1_75' title='bbox 301 1340 536 1409; x_wconf 61' lang='lat' dir='ltr'>ctan&#39;tur</span> <span class='ocrx_word' id='word_1_76' title='bbox 564 1353 622 1406; x_wconf 92' lang='lat' dir='ltr'>et</span> <span class='ocrx_word' id='word_1_77' title='bbox 650 1347 1019 1414; x_wconf 86' lang='lat' dir='ltr'>excoluntur,</span> <span class='ocrx_word' id='word_1_78' title='bbox 1051 1350 1180 1400; x_wconf 86' lang='lat' dir='ltr'>tum</span> <span class='ocrx_word' id='word_1_79' title='bbox 1212 1359 1518 1416; x_wconf 80' lang='lat' dir='ltr'>pcenarum</span> <span class='ocrx_word' id='word_1_80' title='bbox 1553 1346 1706 1397; x_wconf 90' lang='lat' dir='ltr'>metu</span> <span class='ocrx_word' id='word_1_81' title='bbox 1741 1359 1773 1397; x_wconf 87' lang='lat' dir='ltr'>a</span> <span class='ocrx_word' id='word_1_82' title='bbox 1799 1341 1960 1398; x_wconf 87' lang='lat' dir='ltr'>vitiis</span> 
     </span>
    </p>
   </div>
   <div class='ocr_carea' id='block_1_16' title="bbox 303 1430 1958 1514">
    <p class='ocr_par' dir='ltr' id='par_1_16' title="bbox 303 1430 1958 1514">
     <span class='ocr_line' id='line_1_16' title="bbox 303 1430 1958 1514; baseline -0.006 -18"><span class='ocrx_word' id='word_1_83' title='bbox 303 1444 577 1514; x_wconf 86' lang='lat' dir='ltr'>purgant,</span> <span class='ocrx_word' id='word_1_84' title='bbox 606 1443 735 1494; x_wconf 90' lang='lat' dir='ltr'>tum</span> <span class='ocrx_word' id='word_1_85' title='bbox 759 1453 862 1509; x_wconf 88' lang='lat' dir='ltr'>spe</span> <span class='ocrx_word' id='word_1_86' title='bbox 903 1435 1280 1507; x_wconf 68' lang='lat' dir='ltr'>praemiorum</span> <span class='ocrx_word' id='word_1_87' title='bbox 1309 1432 1634 1487; x_wconf 90' lang='lat' dir='ltr'>incendunt</span> <span class='ocrx_word' id='word_1_88' title='bbox 1690 1430 1826 1487; x_wconf 87' lang='lat' dir='ltr'>illas</span> <span class='ocrx_word' id='word_1_89' title='bbox 1885 1431 1958 1486; x_wconf 90' lang='lat' dir='ltr'>ad</span> 
     </span>
    </p>
   </div>
   <div class='ocr_carea' id='block_1_17' title="bbox 299 1519 1950 1602">
    <p class='ocr_par' dir='ltr' id='par_1_17' title="bbox 299 1519 1950 1602">
     <span class='ocr_line' id='line_1_17' title="bbox 299 1519 1950 1602; baseline -0.005 -16"><span class='ocrx_word' id='word_1_90' title='bbox 299 1530 547 1602; x_wconf 69' lang='lat' dir='ltr'>justitiaa</span> <span class='ocrx_word' id='word_1_91' title='bbox 619 1544 796 1599; x_wconf 80' lang='lat' dir='ltr'>opera</span> <span class='ocrx_word' id='word_1_92' title='bbox 838 1523 1301 1596; x_wconf 90' lang='lat' dir='ltr'>complectenda.</span> <span class='ocrx_word' id='word_1_93' title='bbox 1359 1522 1538 1593; x_wconf 83' lang='lat' dir='ltr'>Cypri</span> <span class='ocrx_word' id='word_1_94' title='bbox 1578 1537 1701 1576; x_wconf 77' lang='lat' dir='ltr'>cum</span> <span class='ocrx_word' id='word_1_95' title='bbox 1751 1519 1950 1577; x_wconf 82' lang='lat' dir='ltr'>nardo.</span> 
     </span>
    </p>
   </div>
   <div class='ocr_carea' id='block_1_18' title="bbox 309 1611 1956 1676">
    <p class='ocr_par' dir='ltr' id='par_1_18' title="bbox 309 1611 1956 1676">
     <span class='ocr_line' id='line_1_18' title="bbox 309 1611 1956 1676; baseline -0.006 0"><span class='ocrx_word' id='word_1_96' title='bbox 309 1619 684 1676; x_wconf 78' lang='lat' dir='ltr'>Diversarum</span> <span class='ocrx_word' id='word_1_97' title='bbox 719 1615 986 1672; x_wconf 87' lang='lat' dir='ltr'>videlicet</span> <span class='ocrx_word' id='word_1_98' title='bbox 1002 1615 1286 1669; x_wconf 88' lang='lat' dir='ltr'>virtutum</span> <span class='ocrx_word' id='word_1_99' title='bbox 1321 1613 1533 1668; x_wconf 87' lang='lat' dir='ltr'>ﬂorens</span> <span class='ocrx_word' id='word_1_100' title='bbox 1564 1615 1620 1668; x_wconf 91' lang='lat' dir='ltr'>et</span> <span class='ocrx_word' id='word_1_101' title='bbox 1652 1611 1917 1666; x_wconf 71' lang='lat' dir='ltr'>mixturae</span> <span class='ocrx_word' id='word_1_102' title='bbox 1944 1628 1956 1666; x_wconf 92' lang='lat'>:</span> 
     </span>
    </p>
   </div>
   <div class='ocr_carea' id='block_1_19' title="bbox 307 1701 1959 1777">
    <p class='ocr_par' dir='ltr' id='par_1_19' title="bbox 307 1701 1959 1777">
     <span class='ocr_line' id='line_1_19' title="bbox 307 1701 1959 1777; baseline -0.005 -11"><span class='ocrx_word' id='word_1_103' title='bbox 307 1710 418 1766; x_wconf 89' lang='lat' dir='ltr'>hoc</span> <span class='ocrx_word' id='word_1_104' title='bbox 439 1707 723 1777; x_wconf 87' lang='lat' dir='ltr'>est,initia</span> <span class='ocrx_word' id='word_1_105' title='bbox 753 1710 808 1762; x_wconf 91' lang='lat' dir='ltr'>et</span> <span class='ocrx_word' id='word_1_106' title='bbox 854 1703 1325 1761; x_wconf 87' lang='lat' dir='ltr'>commixtiones.</span> <span class='ocrx_word' id='word_1_107' title='bbox 1375 1702 1446 1757; x_wconf 90' lang='lat' dir='ltr'>Ut</span> <span class='ocrx_word' id='word_1_108' title='bbox 1490 1701 1662 1756; x_wconf 90' lang='lat' dir='ltr'>initia</span> <span class='ocrx_word' id='word_1_109' title='bbox 1702 1717 1959 1773; x_wconf 84' lang='lat' dir='ltr'>namque</span> 
     </span>
    </p>
   </div>
   <div class='ocr_carea' id='block_1_20' title="bbox 2074 531 3715 612">
    <p class='ocr_par' dir='ltr' id='par_1_20' title="bbox 2074 531 3715 612">
     <span class='ocr_line' id='line_1_20' title="bbox 2074 531 3715 612; baseline 0.003 -27"><span class='ocrx_word' id='word_1_110' title='bbox 2074 531 2204 609; x_wconf 76' lang='grc' dir='ltr'>ῥοᾶς</span> <span class='ocrx_word' id='word_1_111' title='bbox 2255 533 2539 611; x_wconf 79' lang='grc' dir='ltr'>στύφοντες</span> <span class='ocrx_word' id='word_1_112' title='bbox 2607 536 2701 597; x_wconf 79' lang='grc' dir='ltr'>τὰς</span> <span class='ocrx_word' id='word_1_113' title='bbox 2761 535 3200 610; x_wconf 83' lang='grc' dir='ltr'>μαθητευομένας</span> <span class='ocrx_word' id='word_1_114' title='bbox 3255 535 3459 612; x_wconf 77' lang='grc' dir='ltr'>ψυχὰς,</span> <span class='ocrx_word' id='word_1_115' title='bbox 3511 536 3715 610; x_wconf 80' lang='grc' dir='ltr'>φυλάτ-</span> 
     </span>
    </p>
   </div>
   <div class='ocr_carea' id='block_1_21' title="bbox 2069 618 3717 700">
    <p class='ocr_par' dir='ltr' id='par_1_21' title="bbox 2069 618 3717 700">
     <span class='ocr_line' id='line_1_21' title="bbox 2069 618 3717 700; baseline 0.002 -25"><span class='ocrx_word' id='word_1_116' title='bbox 2069 642 2223 675; x_wconf 93' lang='grc' dir='ltr'>τουσι</span> <span class='ocrx_word' id='word_1_117' title='bbox 2253 621 2346 676; x_wconf 86' lang='grc' dir='ltr'>τὸν</span> <span class='ocrx_word' id='word_1_118' title='bbox 2403 620 2456 676; x_wconf 84' lang='grc' dir='ltr'>ἐν</span> <span class='ocrx_word' id='word_1_119' title='bbox 2487 623 2674 684; x_wconf 77' lang='grc' dir='ltr'>αὐταῖς</span> <span class='ocrx_word' id='word_1_120' title='bbox 2732 626 2937 700; x_wconf 87' lang='grc' dir='ltr'>καρπὸν</span> <span class='ocrx_word' id='word_1_121' title='bbox 2983 629 3079 680; x_wconf 80' lang='grc' dir='ltr'>τοῦ</span> <span class='ocrx_word' id='word_1_122' title='bbox 3135 625 3444 698; x_wconf 86' lang='grc' dir='ltr'>πνεύματος</span> <span class='ocrx_word' id='word_1_123' title='bbox 3491 618 3717 694; x_wconf 85' lang='grc' dir='ltr'>ἀλώϐη-</span> 
     </span>
    </p>
   </div>
   <div class='ocr_carea' id='block_1_22' title="bbox 2069 711 3721 790">
    <p class='ocr_par' dir='ltr' id='par_1_22' title="bbox 2069 711 3721 790">
     <span class='ocr_line' id='line_1_22' title="bbox 2069 711 3721 790; baseline 0.001 -24"><span class='ocrx_word' id='word_1_124' title='bbox 2069 731 2166 766; x_wconf 89' lang='grc' dir='ltr'>τον</span> <span class='ocrx_word' id='word_1_125' title='bbox 2216 711 2320 765; x_wconf 90' lang='grc' dir='ltr'>ἀπὸ</span> <span class='ocrx_word' id='word_1_126' title='bbox 2377 711 2589 765; x_wconf 82' lang='grc' dir='ltr'>πάντων</span> <span class='ocrx_word' id='word_1_127' title='bbox 2646 716 2755 767; x_wconf 90' lang='grc' dir='ltr'>τῶν</span> <span class='ocrx_word' id='word_1_128' title='bbox 2809 712 3140 790; x_wconf 80' lang='grc' dir='ltr'>παραλόγων</span> <span class='ocrx_word' id='word_1_129' title='bbox 3197 718 3383 778; x_wconf 80' lang='grc' dir='ltr'>παθῶν</span> <span class='ocrx_word' id='word_1_130' title='bbox 3420 733 3431 746; x_wconf 89' lang='grc'><strong>·</strong></span> <span class='ocrx_word' id='word_1_131' title='bbox 3492 719 3612 775; x_wconf 83' lang='grc' dir='ltr'>ταῖς</span> <span class='ocrx_word' id='word_1_132' title='bbox 3663 711 3721 768; x_wconf 77' lang='grc' dir='ltr'>δὶ</span> 
     </span>
    </p>
   </div>
   <div class='ocr_carea' id='block_1_23' title="bbox 2072 800 3721 878">
    <p class='ocr_par' dir='ltr' id='par_1_23' title="bbox 2072 800 3721 878">
     <span class='ocr_line' id='line_1_23' title="bbox 2072 800 3721 878; baseline 0.001 -24"><span class='ocrx_word' id='word_1_133' title='bbox 2072 801 2248 854; x_wconf 82' lang='grc' dir='ltr'>ἀκτῖσι</span> <span class='ocrx_word' id='word_1_134' title='bbox 2296 805 2404 855; x_wconf 89' lang='grc' dir='ltr'>τῶν</span> <span class='ocrx_word' id='word_1_135' title='bbox 2467 801 2807 878; x_wconf 77' lang='grc' dir='ltr'>ἐπαγγελιῶν</span> <span class='ocrx_word' id='word_1_136' title='bbox 2855 808 2951 858; x_wconf 76' lang='grc' dir='ltr'>τοῦ</span> <span class='ocrx_word' id='word_1_137' title='bbox 3003 811 3104 873; x_wconf 82' lang='grc' dir='ltr'>τῆς</span> <span class='ocrx_word' id='word_1_138' title='bbox 3155 801 3502 874; x_wconf 73' lang='grc' dir='ltr'>δικαιοσύνης</span> <span class='ocrx_word' id='word_1_139' title='bbox 3531 800 3721 859; x_wconf 85' lang='grc' dir='ltr'>Ἡλίου</span> 
     </span>
    </p>
   </div>
   <div class='ocr_carea' id='block_1_24' title="bbox 2071 889 3718 969">
    <p class='ocr_par' dir='ltr' id='par_1_24' title="bbox 2071 889 3718 969">
     <span class='ocr_line' id='line_1_24' title="bbox 2071 889 3718 969; baseline 0.001 -25"><span class='ocrx_word' id='word_1_140' title='bbox 2071 890 2147 952; x_wconf 74' lang='grc' dir='ltr'>εἱς</span> <span class='ocrx_word' id='word_1_141' title='bbox 2205 890 2371 945; x_wconf 86' lang='grc' dir='ltr'>πόθον</span> <span class='ocrx_word' id='word_1_142' title='bbox 2420 895 2527 945; x_wconf 87' lang='grc' dir='ltr'>τῶν</span> <span class='ocrx_word' id='word_1_143' title='bbox 2577 889 2892 965; x_wconf 81' lang='grc' dir='ltr'>μελλόντων</span> <span class='ocrx_word' id='word_1_144' title='bbox 2941 894 3150 969; x_wconf 85' lang='grc' dir='ltr'>ἀγαθῶν</span> <span class='ocrx_word' id='word_1_145' title='bbox 3208 892 3405 957; x_wconf 84' lang='grc' dir='ltr'>ταύτας</span> <span class='ocrx_word' id='word_1_146' title='bbox 3455 894 3718 968; x_wconf 86' lang='grc' dir='ltr'>καταθερ-</span> 
     </span>
    </p>
   </div>
   <div class='ocr_carea' id='block_1_25' title="bbox 2073 977 3686 1060">
    <p class='ocr_par' dir='ltr' id='par_1_25' title="bbox 2073 977 3686 1060">
     <span class='ocr_line' id='line_1_25' title="bbox 2073 977 3686 1060; baseline 0.003 -28"><span class='ocrx_word' id='word_1_147' title='bbox 2073 978 2374 1051; x_wconf 86' lang='grc' dir='ltr'>μαίνοντες,</span> <span class='ocrx_word' id='word_1_148' title='bbox 2433 981 2525 1034; x_wconf 88' lang='grc' dir='ltr'>τὸν</span> <span class='ocrx_word' id='word_1_149' title='bbox 2561 977 2747 1058; x_wconf 75' lang='grc' dir='ltr'>φόϐον,</span> <span class='ocrx_word' id='word_1_150' title='bbox 2783 982 2859 1045; x_wconf 82' lang='grc' dir='ltr'>ὡς</span> <span class='ocrx_word' id='word_1_151' title='bbox 2900 981 3275 1057; x_wconf 73' lang='grc' dir='ltr'>προκάλυμμα</span> <span class='ocrx_word' id='word_1_152' title='bbox 3317 979 3686 1060; x_wconf 76' lang='grc' dir='ltr'>διαῤῥηγνύου</span> 
     </span>
    </p>
   </div>
   <div class='ocr_carea' id='block_1_26' title="bbox 2069 1062 3718 1147">
    <p class='ocr_par' dir='ltr' id='par_1_26' title="bbox 2069 1062 3718 1147">
     <span class='ocr_line' id='line_1_26' title="bbox 2069 1062 3718 1147; baseline 0.003 -26"><span class='ocrx_word' id='word_1_153' title='bbox 2069 1088 2172 1136; x_wconf 93' lang='grc' dir='ltr'>σιν,</span> <span class='ocrx_word' id='word_1_154' title='bbox 2207 1062 2307 1138; x_wconf 79' lang='grc' dir='ltr'>ἔξω</span> <span class='ocrx_word' id='word_1_155' title='bbox 2353 1073 2544 1123; x_wconf 78' lang='grc' dir='ltr'>τοῦτον</span> <span class='ocrx_word' id='word_1_156' title='bbox 2595 1077 2696 1140; x_wconf 75' lang='grc' dir='ltr'>τῆς</span> <span class='ocrx_word' id='word_1_157' title='bbox 2746 1070 2957 1147; x_wconf 81' lang='grc' dir='ltr'>ἀγάπης</span> <span class='ocrx_word' id='word_1_158' title='bbox 3008 1070 3358 1145; x_wconf 83' lang='grc' dir='ltr'>βαλλούσης·</span> <span class='ocrx_word' id='word_1_159' title='bbox 3409 1071 3494 1126; x_wconf 78' lang='grc' dir='ltr'>καὶ</span> <span class='ocrx_word' id='word_1_160' title='bbox 3552 1092 3718 1126; x_wconf 75' lang='grc' dir='ltr'>καταο</span> 
     </span>
    </p>
   </div>
   <div class='ocr_carea' id='block_1_27' title="bbox 2066 1156 3718 1239">
    <p class='ocr_par' dir='ltr' id='par_1_27' title="bbox 2066 1156 3718 1239">
     <span class='ocr_line' id='line_1_27' title="bbox 2066 1156 3718 1239; baseline 0.001 -27"><span class='ocrx_word' id='word_1_161' title='bbox 2066 1156 2445 1232; x_wconf 72' lang='grc' dir='ltr'>γλυκαίνουσιν</span> <span class='ocrx_word' id='word_1_162' title='bbox 2479 1159 2572 1214; x_wconf 84' lang='grc' dir='ltr'>τὸν</span> <span class='ocrx_word' id='word_1_163' title='bbox 2625 1160 2818 1230; x_wconf 83' lang='grc' dir='ltr'>νοητὸν</span> <span class='ocrx_word' id='word_1_164' title='bbox 2867 1159 3023 1216; x_wconf 72' lang='grc' dir='ltr'>αὐτὸν</span> <span class='ocrx_word' id='word_1_165' title='bbox 3075 1161 3326 1239; x_wconf 83' lang='grc' dir='ltr'>φάρυγγα</span> <span class='ocrx_word' id='word_1_166' title='bbox 3371 1160 3718 1236; x_wconf 68' lang='grc' dir='ltr'>γευσαμένων</span> 
     </span>
    </p>
   </div>
   <div class='ocr_carea' id='block_1_28' title="bbox 2066 1246 3714 1327">
    <p class='ocr_par' dir='ltr' id='par_1_28' title="bbox 2066 1246 3714 1327">
     <span class='ocr_line' id='line_1_28' title="bbox 2066 1246 3714 1327; baseline 0.002 -25"><span class='ocrx_word' id='word_1_167' title='bbox 2066 1247 2156 1302; x_wconf 86' lang='grc' dir='ltr'>καὶ</span> <span class='ocrx_word' id='word_1_168' title='bbox 2215 1246 2582 1322; x_wconf 73' lang='grc' dir='ltr'>θεασαμένων,</span> <span class='ocrx_word' id='word_1_169' title='bbox 2654 1249 2737 1305; x_wconf 81' lang='grc' dir='ltr'>ὅτι</span> <span class='ocrx_word' id='word_1_170' title='bbox 2813 1251 3058 1326; x_wconf 86' lang='grc' dir='ltr'>χρηστὸς</span> <span class='ocrx_word' id='word_1_171' title='bbox 3123 1253 3150 1306; x_wconf 89' lang='grc' dir='ltr'>ὁ</span> <span class='ocrx_word' id='word_1_172' title='bbox 3193 1251 3415 1327; x_wconf 82' lang='grc' dir='ltr'>Κύριος.</span> <span class='ocrx_word' id='word_1_173' title='bbox 3474 1252 3714 1326; x_wconf 85' lang='grc' dir='ltr'>καθάπερ</span> 
     </span>
    </p>
   </div>
   <div class='ocr_carea' id='block_1_29' title="bbox 2067 1336 3719 1416">
    <p class='ocr_par' dir='ltr' id='par_1_29' title="bbox 2067 1336 3719 1416">
     <span class='ocr_line' id='line_1_29' title="bbox 2067 1336 3719 1416; baseline 0.003 -25"><span class='ocrx_word' id='word_1_174' title='bbox 2067 1336 2156 1392; x_wconf 84' lang='grc' dir='ltr'>καὶ</span> <span class='ocrx_word' id='word_1_175' title='bbox 2210 1338 2301 1392; x_wconf 88' lang='grc' dir='ltr'>τὸν</span> <span class='ocrx_word' id='word_1_176' title='bbox 2361 1337 2618 1409; x_wconf 72' lang='grc' dir='ltr'>αἷσθητὸν</span> <span class='ocrx_word' id='word_1_177' title='bbox 2664 1340 2691 1393; x_wconf 86' lang='grc' dir='ltr'>ὁ</span> <span class='ocrx_word' id='word_1_178' title='bbox 2744 1341 2951 1416; x_wconf 83' lang='grc' dir='ltr'>καρπὸς</span> <span class='ocrx_word' id='word_1_179' title='bbox 3011 1345 3118 1395; x_wconf 88' lang='grc' dir='ltr'>τῶν</span> <span class='ocrx_word' id='word_1_180' title='bbox 3170 1341 3332 1416; x_wconf 78' lang='grc' dir='ltr'>ῥοῶν.</span> <span class='ocrx_word' id='word_1_181' title='bbox 3369 1342 3641 1404; x_wconf 75' lang='grc' dir='ltr'>Ἐντεῦθεν</span> <span class='ocrx_word' id='word_1_182' title='bbox 3671 1338 3719 1396; x_wconf 87' lang='grc' dir='ltr'>δ’</span> 
     </span>
    </p>
   </div>
   <div class='ocr_carea' id='block_1_30' title="bbox 2069 1424 3718 1506">
    <p class='ocr_par' dir='ltr' id='par_1_30' title="bbox 2069 1424 3718 1506">
     <span class='ocr_line' id='line_1_30' title="bbox 2069 1424 3718 1506; baseline 0.002 -25"><span class='ocrx_word' id='word_1_183' title='bbox 2069 1427 2221 1482; x_wconf 78' lang='grc' dir='ltr'>οὗτοι</span> <span class='ocrx_word' id='word_1_184' title='bbox 2256 1429 2307 1481; x_wconf 79' lang='grc' dir='ltr'>οἱ</span> <span class='ocrx_word' id='word_1_185' title='bbox 2331 1424 2708 1483; x_wconf 82' lang='grc' dir='ltr'>διδασκολικοὶ</span> <span class='ocrx_word' id='word_1_186' title='bbox 2749 1426 2905 1506; x_wconf 84' lang='grc' dir='ltr'>λόγοι</span> <span class='ocrx_word' id='word_1_187' title='bbox 2955 1430 3029 1492; x_wconf 84' lang='grc' dir='ltr'>ὡς</span> <span class='ocrx_word' id='word_1_188' title='bbox 3070 1435 3191 1492; x_wconf 83' lang='grc' dir='ltr'>ταῖς</span> <span class='ocrx_word' id='word_1_189' title='bbox 3247 1429 3718 1503; x_wconf 80' lang='grc' dir='ltr'>μαθητευομέναις</span> 
     </span>
    </p>
   </div>
   <div class='ocr_carea' id='block_1_31' title="bbox 2068 1513 3720 1592">
    <p class='ocr_par' dir='ltr' id='par_1_31' title="bbox 2068 1513 3720 1592">
     <span class='ocr_line' id='line_1_31' title="bbox 2068 1513 3720 1592; baseline 0.003 -22"><span class='ocrx_word' id='word_1_190' title='bbox 2068 1518 2606 1592; x_wconf 73' lang='grc' dir='ltr'>πραγματευόμενοι,</span> <span class='ocrx_word' id='word_1_191' title='bbox 2638 1522 2716 1589; x_wconf 78' lang='grc' dir='ltr'>τῷ</span> <span class='ocrx_word' id='word_1_192' title='bbox 2765 1513 2921 1592; x_wconf 80' lang='grc' dir='ltr'>φόϐῳ</span> <span class='ocrx_word' id='word_1_193' title='bbox 2968 1523 3078 1573; x_wconf 91' lang='grc' dir='ltr'>τῶν</span> <span class='ocrx_word' id='word_1_194' title='bbox 3127 1517 3517 1591; x_wconf 74' lang='grc' dir='ltr'>ἠπειλημὲνων</span> <span class='ocrx_word' id='word_1_195' title='bbox 3545 1517 3720 1574; x_wconf 83' lang='grc' dir='ltr'>κολά-</span> 
     </span>
    </p>
   </div>
   <div class='ocr_carea' id='block_1_32' title="bbox 2071 1605 3718 1684">
    <p class='ocr_par' dir='ltr' id='par_1_32' title="bbox 2071 1605 3718 1684">
     <span class='ocr_line' id='line_1_32' title="bbox 2071 1605 3718 1684; baseline 0.002 -24"><span class='ocrx_word' id='word_1_196' title='bbox 2071 1627 2204 1660; x_wconf 88' lang='grc' dir='ltr'>σεων</span> <span class='ocrx_word' id='word_1_197' title='bbox 2235 1607 2416 1660; x_wconf 84' lang='grc' dir='ltr'>παθῶν</span> <span class='ocrx_word' id='word_1_198' title='bbox 2451 1607 2729 1679; x_wconf 74' lang='grc' dir='ltr'>κάθαρσις,</span> <span class='ocrx_word' id='word_1_199' title='bbox 2773 1613 2892 1670; x_wconf 82' lang='grc' dir='ltr'>ταῖς</span> <span class='ocrx_word' id='word_1_200' title='bbox 2947 1605 2993 1662; x_wconf 88' lang='grc' dir='ltr'>δ’</span> <span class='ocrx_word' id='word_1_201' title='bbox 3044 1605 3394 1684; x_wconf 75' lang='grc' dir='ltr'>ἐπαγγελίαις</span> <span class='ocrx_word' id='word_1_202' title='bbox 3423 1613 3530 1664; x_wconf 89' lang='grc' dir='ltr'>τῶν</span> <span class='ocrx_word' id='word_1_203' title='bbox 3584 1605 3718 1682; x_wconf 86' lang='grc' dir='ltr'>μελ-</span> 
     </span>
    </p>
   </div>
   <div class='ocr_carea' id='block_1_33' title="bbox 2071 1694 3714 1775">
    <p class='ocr_par' dir='ltr' id='par_1_33' title="bbox 2071 1694 3714 1775">
     <span class='ocr_line' id='line_1_33' title="bbox 2071 1694 3714 1775; baseline 0 -24"><span class='ocrx_word' id='word_1_204' title='bbox 2071 1694 2278 1752; x_wconf 90' lang='grc' dir='ltr'>λόντων</span> <span class='ocrx_word' id='word_1_205' title='bbox 2307 1697 2537 1772; x_wconf 80' lang='grc' dir='ltr'>ἀγαθῶν,</span> <span class='ocrx_word' id='word_1_206' title='bbox 2590 1694 2759 1772; x_wconf 79' lang='grc' dir='ltr'>ἔργων</span> <span class='ocrx_word' id='word_1_207' title='bbox 2814 1694 3162 1767; x_wconf 74' lang='grc' dir='ltr'>δικαιοσύνης</span> <span class='ocrx_word' id='word_1_208' title='bbox 3224 1698 3505 1775; x_wconf 86' lang='grc' dir='ltr'>φωτισμὸς</span> <span class='ocrx_word' id='word_1_209' title='bbox 3536 1697 3714 1774; x_wconf 85' lang='grc' dir='ltr'>γίνον-</span> 
     </span>
    </p>
   </div>
   <div class='ocr_carea' id='block_1_34' title="bbox 306 1784 1958 1886">
    <p class='ocr_par' dir='ltr' id='par_1_34' title="bbox 306 1789 1957 1863">
     <span class='ocr_line' id='line_1_34' title="bbox 306 1789 1957 1863; baseline -0.006 -9"><span class='ocrx_word' id='word_1_210' title='bbox 306 1797 645 1854; x_wconf 90' lang='lat' dir='ltr'>subsistunt</span> <span class='ocrx_word' id='word_1_211' title='bbox 701 1796 759 1850; x_wconf 90' lang='lat' dir='ltr'>in</span> <span class='ocrx_word' id='word_1_212' title='bbox 810 1792 1144 1863; x_wconf 83' lang='lat' dir='ltr'>animabus,</span> <span class='ocrx_word' id='word_1_213' title='bbox 1195 1809 1324 1863; x_wconf 74' lang='lat' dir='ltr'>quae</span> <span class='ocrx_word' id='word_1_214' title='bbox 1402 1791 1797 1847; x_wconf 91' lang='lat' dir='ltr'>instituuntur</span> <span class='ocrx_word' id='word_1_215' title='bbox 1869 1789 1957 1845; x_wconf 87' lang='lat' dir='ltr'>vel</span> 
     </span>
    </p>
   </div>
   <div class='ocr_carea' id='block_1_35' title="bbox 2069 1784 3720 1886">
    <p class='ocr_par' dir='ltr' id='par_1_35' title="bbox 2069 1784 3720 1861">
     <span class='ocr_line' id='line_1_35' title="bbox 2069 1784 3720 1861; baseline 0.002 -23"><span class='ocrx_word' id='word_1_216' title='bbox 2069 1805 2155 1838; x_wconf 91' lang='grc' dir='ltr'>ται</span> <span class='ocrx_word' id='word_1_217' title='bbox 2207 1784 2449 1848; x_wconf 77' lang='grc' dir='ltr'>ταύταις.</span> <span class='ocrx_word' id='word_1_218' title='bbox 2504 1785 2718 1861; x_wconf 84' lang='grc' dir='ltr'>Κύπροι</span> <span class='ocrx_word' id='word_1_219' title='bbox 2785 1788 2919 1860; x_wconf 85' lang='grc' dir='ltr'>μετά</span> <span class='ocrx_word' id='word_1_220' title='bbox 2946 1784 3159 1861; x_wconf 88' lang='grc' dir='ltr'>νάρδων</span> <span class='ocrx_word' id='word_1_221' title='bbox 3191 1805 3205 1820; x_wconf 89' lang='grc'><strong>·</strong></span> <span class='ocrx_word' id='word_1_222' title='bbox 3238 1784 3388 1856; x_wconf 77' lang='grc' dir='ltr'>ἤτοι,</span> <span class='ocrx_word' id='word_1_223' title='bbox 3446 1787 3720 1842; x_wconf 75' lang='grc' dir='ltr'>παντοίων</span> 
     </span>
    </p>
   </div>
   <div class='ocr_carea' id='block_1_36' title="bbox 304 1879 1954 1952">
    <p class='ocr_par' dir='ltr' id='par_1_36' title="bbox 304 1879 1954 1952">
     <span class='ocr_line' id='line_1_36' title="bbox 304 1879 1954 1952; baseline -0.005 -9"><span class='ocrx_word' id='word_1_224' title='bbox 304 1884 829 1943; x_wconf 85' lang='lat' dir='ltr'>comminationum</span> <span class='ocrx_word' id='word_1_225' title='bbox 853 1886 1015 1938; x_wconf 90' lang='lat' dir='ltr'>metu</span> <span class='ocrx_word' id='word_1_226' title='bbox 1044 1881 1135 1938; x_wconf 91' lang='lat' dir='ltr'>vel</span> <span class='ocrx_word' id='word_1_227' title='bbox 1158 1880 1449 1937; x_wconf 81' lang='lat' dir='ltr'>desiderio</span> <span class='ocrx_word' id='word_1_228' title='bbox 1471 1879 1954 1952; x_wconf 89' lang='lat' dir='ltr'>promissionum;</span> 
     </span>
    </p>
   </div>
   <div class='ocr_carea' id='block_1_37' title="bbox 301 1969 1954 2043">
    <p class='ocr_par' dir='ltr' id='par_1_37' title="bbox 301 1969 1954 2043">
     <span class='ocr_line' id='line_1_37' title="bbox 301 1969 1954 2043; baseline -0.004 -13"><span class='ocrx_word' id='word_1_229' title='bbox 301 1975 461 2032; x_wconf 92' lang='lat' dir='ltr'>varia</span> <span class='ocrx_word' id='word_1_230' title='bbox 485 1975 810 2031; x_wconf 89' lang='lat' dir='ltr'>secundum</span> <span class='ocrx_word' id='word_1_231' title='bbox 841 1972 1123 2028; x_wconf 87' lang='lat' dir='ltr'>virtutem</span> <span class='ocrx_word' id='word_1_232' title='bbox 1157 1986 1372 2043; x_wconf 84' lang='lat' dir='ltr'>genera</span> <span class='ocrx_word' id='word_1_233' title='bbox 1395 1970 1453 2025; x_wconf 92' lang='lat' dir='ltr'>in</span> <span class='ocrx_word' id='word_1_234' title='bbox 1467 1973 1651 2024; x_wconf 90' lang='lat' dir='ltr'>Deum</span> <span class='ocrx_word' id='word_1_235' title='bbox 1675 1973 1732 2024; x_wconf 89' lang='lat' dir='ltr'>et</span> <span class='ocrx_word' id='word_1_236' title='bbox 1761 1969 1954 2040; x_wconf 88' lang='lat' dir='ltr'>proxi-</span> 
     </span>
    </p>
   </div>
   <div class='ocr_carea' id='block_1_38' title="bbox 301 2059 1954 2130">
    <p class='ocr_par' dir='ltr' id='par_1_38' title="bbox 301 2059 1954 2130">
     <span class='ocr_line' id='line_1_38' title="bbox 301 2059 1954 2130; baseline -0.003 -10"><span class='ocrx_word' id='word_1_237' title='bbox 301 2081 462 2121; x_wconf 90' lang='lat' dir='ltr'>mum</span> <span class='ocrx_word' id='word_1_238' title='bbox 495 2061 823 2119; x_wconf 88' lang='lat' dir='ltr'>charitatis.</span> <span class='ocrx_word' id='word_1_239' title='bbox 849 2060 923 2117; x_wconf 88' lang='lat' dir='ltr'>Ut</span> <span class='ocrx_word' id='word_1_240' title='bbox 951 2059 1394 2116; x_wconf 89' lang='lat' dir='ltr'>commistiones</span> <span class='ocrx_word' id='word_1_241' title='bbox 1438 2062 1660 2125; x_wconf 88' lang='lat' dir='ltr'>autem,</span> <span class='ocrx_word' id='word_1_242' title='bbox 1713 2074 1954 2130; x_wconf 89' lang='lat' dir='ltr'>persua-</span> 
     </span>
    </p>
   </div>
   <div class='ocr_carea' id='block_1_39' title="bbox 300 2147 1954 2224">
    <p class='ocr_par' dir='ltr' id='par_1_39' title="bbox 300 2147 1954 2224">
     <span class='ocr_line' id='line_1_39' title="bbox 300 2147 1954 2224; baseline -0.004 -13"><span class='ocrx_word' id='word_1_243' title='bbox 300 2156 443 2211; x_wconf 88' lang='lat' dir='ltr'>dent</span> <span class='ocrx_word' id='word_1_244' title='bbox 469 2152 588 2208; x_wconf 91' lang='lat' dir='ltr'>illis</span> <span class='ocrx_word' id='word_1_245' title='bbox 610 2155 675 2208; x_wconf 90' lang='lat' dir='ltr'>ut</span> <span class='ocrx_word' id='word_1_246' title='bbox 705 2153 846 2207; x_wconf 89' lang='lat' dir='ltr'>dum</span> <span class='ocrx_word' id='word_1_247' title='bbox 878 2155 1116 2224; x_wconf 88' lang='lat' dir='ltr'>propter</span> <span class='ocrx_word' id='word_1_248' title='bbox 1135 2165 1304 2204; x_wconf 86' lang='lat' dir='ltr'>suam</span> <span class='ocrx_word' id='word_1_249' title='bbox 1337 2165 1476 2221; x_wconf 86' lang='lat' dir='ltr'>erga</span> <span class='ocrx_word' id='word_1_250' title='bbox 1492 2147 1675 2204; x_wconf 91' lang='lat' dir='ltr'>Deum</span> <span class='ocrx_word' id='word_1_251' title='bbox 1700 2147 1954 2204; x_wconf 89' lang='lat' dir='ltr'>charita-</span> 
     </span>
    </p>
   </div>
   <div class='ocr_carea' id='block_1_40' title="bbox 299 2237 1954 2312">
    <p class='ocr_par' dir='ltr' id='par_1_40' title="bbox 299 2237 1954 2312">
     <span class='ocr_line' id='line_1_40' title="bbox 299 2237 1954 2312; baseline -0.004 -14"><span class='ocrx_word' id='word_1_252' title='bbox 299 2247 418 2298; x_wconf 91' lang='lat' dir='ltr'>tem</span> <span class='ocrx_word' id='word_1_253' title='bbox 449 2257 620 2297; x_wconf 85' lang='lat' dir='ltr'>carne</span> <span class='ocrx_word' id='word_1_254' title='bbox 643 2238 1130 2312; x_wconf 89' lang='lat' dir='ltr'>patiuntur,mala</span> <span class='ocrx_word' id='word_1_255' title='bbox 1151 2237 1483 2294; x_wconf 83' lang='lat' dir='ltr'>sustineant</span> <span class='ocrx_word' id='word_1_256' title='bbox 1504 2238 1575 2292; x_wconf 94' lang='lat' dir='ltr'>ob</span> <span class='ocrx_word' id='word_1_257' title='bbox 1606 2238 1954 2293; x_wconf 90' lang='lat' dir='ltr'>charitatem</span> 
     </span>
    </p>
   </div>
   <div class='ocr_carea' id='block_1_41' title="bbox 302 2326 1960 2404">
    <p class='ocr_par' dir='ltr' id='par_1_41' title="bbox 302 2326 1960 2404">
     <span class='ocr_line' id='line_1_41' title="bbox 302 2326 1960 2404; baseline -0.002 -17"><span class='ocrx_word' id='word_1_258' title='bbox 302 2329 764 2404; x_wconf 81' lang='lat' dir='ltr'>quaproximum</span> <span class='ocrx_word' id='word_1_259' title='bbox 780 2326 1618 2401; x_wconf 68' lang='lat' dir='ltr'>amplectunturJaatitiamque</span> <span class='ocrx_word' id='word_1_260' title='bbox 1633 2327 1960 2400; x_wconf 86' lang='lat' dir='ltr'>percipiant</span> 
     </span>
    </p>
   </div>
   <div class='ocr_carea' id='block_1_42' title="bbox 305 2416 1956 2488">
    <p class='ocr_par' dir='ltr' id='par_1_42' title="bbox 305 2416 1956 2488">
     <span class='ocr_line' id='line_1_42' title="bbox 305 2416 1956 2488; baseline -0.002 -12"><span class='ocrx_word' id='word_1_261' title='bbox 305 2437 373 2476; x_wconf 80' lang='lat' dir='ltr'>ex</span> <span class='ocrx_word' id='word_1_262' title='bbox 394 2421 592 2475; x_wconf 86' lang='lat' dir='ltr'>futura</span> <span class='ocrx_word' id='word_1_263' title='bbox 610 2418 1108 2474; x_wconf 88' lang='lat' dir='ltr'>remuneratione.</span> <span class='ocrx_word' id='word_1_264' title='bbox 1132 2416 1278 2472; x_wconf 87' lang='lat' dir='ltr'>Dum</span> <span class='ocrx_word' id='word_1_265' title='bbox 1304 2421 1500 2471; x_wconf 90' lang='lat' dir='ltr'>autem</span> <span class='ocrx_word' id='word_1_266' title='bbox 1527 2421 1766 2488; x_wconf 89' lang='lat' dir='ltr'>propter</span> <span class='ocrx_word' id='word_1_267' title='bbox 1787 2433 1956 2472; x_wconf 90' lang='lat' dir='ltr'>suam</span> 
     </span>
    </p>
   </div>
   <div class='ocr_carea' id='block_1_43' title="bbox 304 2505 1959 2582">
    <p class='ocr_par' dir='ltr' id='par_1_43' title="bbox 304 2505 1959 2582">
     <span class='ocr_line' id='line_1_43' title="bbox 304 2505 1959 2582; baseline -0.002 -16"><span class='ocrx_word' id='word_1_268' title='bbox 304 2509 364 2566; x_wconf 91' lang='lat' dir='ltr'>in</span> <span class='ocrx_word' id='word_1_269' title='bbox 398 2509 730 2582; x_wconf 86' lang='lat' dir='ltr'>proximum</span> <span class='ocrx_word' id='word_1_270' title='bbox 754 2508 1095 2564; x_wconf 85' lang='lat' dir='ltr'>charitatem</span> <span class='ocrx_word' id='word_1_271' title='bbox 1122 2505 1275 2562; x_wconf 88' lang='lat' dir='ltr'>mala</span> <span class='ocrx_word' id='word_1_272' title='bbox 1292 2505 1959 2576; x_wconf 81' lang='lat' dir='ltr'>sustinent,charitatem</span> 
     </span>
    </p>
   </div>
   <div class='ocr_carea' id='block_1_44' title="bbox 304 2597 1955 2672">
    <p class='ocr_par' dir='ltr' id='par_1_44' title="bbox 304 2597 1955 2672">
     <span class='ocr_line' id='line_1_44' title="bbox 304 2597 1955 2672; baseline -0.002 -18"><span class='ocrx_word' id='word_1_273' title='bbox 304 2616 422 2672; x_wconf 68' lang='lat' dir='ltr'>prw</span> <span class='ocrx_word' id='word_1_274' title='bbox 453 2615 516 2654; x_wconf 89' lang='lat' dir='ltr'>se</span> <span class='ocrx_word' id='word_1_275' title='bbox 546 2597 740 2654; x_wconf 87' lang='lat' dir='ltr'>ferant</span> <span class='ocrx_word' id='word_1_276' title='bbox 771 2614 884 2669; x_wconf 86' lang='lat' dir='ltr'>qua</span> <span class='ocrx_word' id='word_1_277' title='bbox 917 2597 1104 2651; x_wconf 92' lang='lat' dir='ltr'>Deum</span> <span class='ocrx_word' id='word_1_278' title='bbox 1139 2601 1601 2668; x_wconf 89' lang='lat' dir='ltr'>prosequuntur,</span> <span class='ocrx_word' id='word_1_279' title='bbox 1627 2597 1755 2666; x_wconf 81' lang='lat' dir='ltr'>ejus</span> <span class='ocrx_word' id='word_1_280' title='bbox 1789 2613 1955 2651; x_wconf 84' lang='lat' dir='ltr'>man-</span> 
     </span>
    </p>
   </div>
   <div class='ocr_carea' id='block_1_45' title="bbox 307 2685 1958 2758">
    <p class='ocr_par' dir='ltr' id='par_1_45' title="bbox 307 2685 1958 2758">
     <span class='ocr_line' id='line_1_45' title="bbox 307 2685 1958 2758; baseline -0.003 -13"><span class='ocrx_word' id='word_1_281' title='bbox 307 2689 509 2745; x_wconf 88' lang='lat' dir='ltr'>datum</span> <span class='ocrx_word' id='word_1_282' title='bbox 549 2690 871 2757; x_wconf 86' lang='lat' dir='ltr'>servantes,</span> <span class='ocrx_word' id='word_1_283' title='bbox 908 2703 1021 2758; x_wconf 93' lang='lat' dir='ltr'>quo</span> <span class='ocrx_word' id='word_1_284' title='bbox 1056 2685 1226 2741; x_wconf 89' lang='lat' dir='ltr'>nobis</span> <span class='ocrx_word' id='word_1_285' title='bbox 1259 2685 1596 2756; x_wconf 70' lang='lat' dir='ltr'>praecipitur</span> <span class='ocrx_word' id='word_1_286' title='bbox 1622 2688 1710 2756; x_wconf 66' lang='lat' dir='ltr'>{ut</span> <span class='ocrx_word' id='word_1_287' title='bbox 1761 2686 1958 2757; x_wconf 86' lang='lat' dir='ltr'>proxi--</span> 
     </span>
    </p>
   </div>
   <div class='ocr_carea' id='block_1_46' title="bbox 303 2774 1958 2850">
    <p class='ocr_par' dir='ltr' id='par_1_46' title="bbox 303 2774 1958 2850">
     <span class='ocr_line' id='line_1_46' title="bbox 303 2774 1958 2850; baseline -0.003 -15"><span class='ocrx_word' id='word_1_288' title='bbox 303 2795 471 2835; x_wconf 90' lang='lat' dir='ltr'>mum</span> <span class='ocrx_word' id='word_1_289' title='bbox 496 2777 836 2850; x_wconf 87' lang='lat' dir='ltr'>diligamus.</span> <span class='ocrx_word' id='word_1_290' title='bbox 871 2775 966 2831; x_wconf 87' lang='lat' dir='ltr'>Sic</span> <span class='ocrx_word' id='word_1_291' title='bbox 996 2775 1178 2847; x_wconf 89' lang='lat' dir='ltr'>igitur</span> <span class='ocrx_word' id='word_1_292' title='bbox 1207 2791 1434 2847; x_wconf 78' lang='lat' dir='ltr'>sponsae</span> <span class='ocrx_word' id='word_1_293' title='bbox 1468 2774 1734 2830; x_wconf 85' lang='lat' dir='ltr'>doctrina</span> <span class='ocrx_word' id='word_1_294' title='bbox 1762 2775 1841 2831; x_wconf 89' lang='lat' dir='ltr'>sit</span> <span class='ocrx_word' id='word_1_295' title='bbox 1897 2775 1958 2830; x_wconf 93' lang='lat' dir='ltr'>in</span> 
     </span>
    </p>
   </div>
   <div class='ocr_carea' id='block_1_47' title="bbox 305 2864 1958 2939">
    <p class='ocr_par' dir='ltr' id='par_1_47' title="bbox 305 2864 1958 2939">
     <span class='ocr_line' id='line_1_47' title="bbox 305 2864 1958 2939; baseline -0.002 -17"><span class='ocrx_word' id='word_1_296' title='bbox 305 2864 619 2939; x_wconf 86' lang='lat' dir='ltr'>discipulis</span> <span class='ocrx_word' id='word_1_297' title='bbox 643 2865 853 2921; x_wconf 82' lang='lat' dir='ltr'>nardus</span> <span class='ocrx_word' id='word_1_298' title='bbox 881 2873 932 2920; x_wconf 77' lang='lat' dir='ltr'>et</span> <span class='ocrx_word' id='word_1_299' title='bbox 960 2879 1169 2930; x_wconf 74' lang='lat' dir='ltr'>crocus,</span> <span class='ocrx_word' id='word_1_300' title='bbox 1203 2864 1390 2934; x_wconf 74' lang='lat' dir='ltr'>ﬁstula</span> <span class='ocrx_word' id='word_1_301' title='bbox 1430 2870 1487 2918; x_wconf 78' lang='lat' dir='ltr'>et</span> <span class='ocrx_word' id='word_1_302' title='bbox 1543 2865 1958 2920; x_wconf 77' lang='lat' dir='ltr'>cinnamomum</span> 
     </span>
    </p>
   </div>
   <div class='ocr_carea' id='block_1_48' title="bbox 306 2953 1956 3025">
    <p class='ocr_par' dir='ltr' id='par_1_48' title="bbox 306 2953 1956 3025">
     <span class='ocr_line' id='line_1_48' title="bbox 306 2953 1956 3025; baseline -0.003 -13"><span class='ocrx_word' id='word_1_303' title='bbox 306 2972 434 3012; x_wconf 86' lang='lat' dir='ltr'>cum</span> <span class='ocrx_word' id='word_1_304' title='bbox 463 2956 738 3010; x_wconf 74' lang='lat' dir='ltr'>universis</span> <span class='ocrx_word' id='word_1_305' title='bbox 774 2953 948 3022; x_wconf 75' lang='lat' dir='ltr'>lignis</span> <span class='ocrx_word' id='word_1_306' title='bbox 978 2953 1208 3009; x_wconf 77' lang='lat' dir='ltr'>Libani:</span> <span class='ocrx_word' id='word_1_307' title='bbox 1243 2953 1299 3007; x_wconf 91' lang='lat' dir='ltr'>id</span> <span class='ocrx_word' id='word_1_308' title='bbox 1334 2956 1443 3018; x_wconf 86' lang='lat' dir='ltr'>est,</span> <span class='ocrx_word' id='word_1_309' title='bbox 1478 2956 1731 3025; x_wconf 87' lang='lat' dir='ltr'>quatuor</span> <span class='ocrx_word' id='word_1_310' title='bbox 1775 2953 1956 3007; x_wconf 88' lang='lat' dir='ltr'>virtu-</span> 
     </span>
    </p>
   </div>
   <div class='ocr_carea' id='block_1_49' title="bbox 307 3032 1958 3108">
    <p class='ocr_par' dir='ltr' id='par_1_49' title="bbox 307 3032 1958 3108">
     <span class='ocr_line' id='line_1_49' title="bbox 307 3032 1958 3108; baseline -0.004 -16"><span class='ocrx_word' id='word_1_311' title='bbox 307 3039 399 3092; x_wconf 86' lang='lat' dir='ltr'>tes</span> <span class='ocrx_word' id='word_1_312' title='bbox 424 3035 752 3108; x_wconf 63' lang='lat' dir='ltr'>pracipuaa,</span> <span class='ocrx_word' id='word_1_313' title='bbox 785 3050 917 3088; x_wconf 91' lang='lat' dir='ltr'>cum</span> <span class='ocrx_word' id='word_1_314' title='bbox 951 3032 1068 3088; x_wconf 90' lang='lat' dir='ltr'>illis</span> <span class='ocrx_word' id='word_1_315' title='bbox 1101 3032 1380 3088; x_wconf 91' lang='lat' dir='ltr'>omnibus</span> <span class='ocrx_word' id='word_1_316' title='bbox 1413 3049 1538 3104; x_wconf 64' lang='lat' dir='ltr'>quae</span> <span class='ocrx_word' id='word_1_317' title='bbox 1571 3033 1718 3104; x_wconf 88' lang='lat' dir='ltr'>ipsis</span> <span class='ocrx_word' id='word_1_318' title='bbox 1762 3034 1958 3102; x_wconf 85' lang='lat' dir='ltr'>subje-</span> 
     </span>
    </p>
   </div>
   <div class='ocr_carea' id='block_1_50' title="bbox 307 3121 1958 3196">
    <p class='ocr_par' dir='ltr' id='par_1_50' title="bbox 307 3121 1958 3196">
     <span class='ocr_line' id='line_1_50' title="bbox 307 3121 1958 3196; baseline -0.003 -15"><span class='ocrx_word' id='word_1_319' title='bbox 307 3129 411 3182; x_wconf 76' lang='lat' dir='ltr'>ctae</span> <span class='ocrx_word' id='word_1_320' title='bbox 447 3128 607 3191; x_wconf 87' lang='lat' dir='ltr'>sunt,</span> <span class='ocrx_word' id='word_1_321' title='bbox 645 3123 1037 3196; x_wconf 73' lang='lat' dir='ltr'>plantatzeque</span> <span class='ocrx_word' id='word_1_322' title='bbox 1095 3123 1152 3176; x_wconf 90' lang='lat' dir='ltr'>in</span> <span class='ocrx_word' id='word_1_323' title='bbox 1216 3121 1581 3176; x_wconf 88' lang='lat' dir='ltr'>sublimitate</span> <span class='ocrx_word' id='word_1_324' title='bbox 1629 3122 1764 3176; x_wconf 81' lang='lat' dir='ltr'>fidei</span> <span class='ocrx_word' id='word_1_325' title='bbox 1820 3129 1958 3194; x_wconf 80' lang='lat' dir='ltr'>erga</span> 
     </span>
    </p>
   </div>
   <div class='ocr_carea' id='block_1_51' title="bbox 2069 1871 3718 1951">
    <p class='ocr_par' dir='ltr' id='par_1_51' title="bbox 2069 1871 3718 1951">
     <span class='ocr_line' id='line_1_51' title="bbox 2069 1871 3718 1951; baseline 0.002 -25"><span class='ocrx_word' id='word_1_326' title='bbox 2069 1873 2270 1946; x_wconf 82' lang='grc' dir='ltr'>ἀρετῶν</span> <span class='ocrx_word' id='word_1_327' title='bbox 2305 1871 2435 1946; x_wconf 79' lang='grc' dir='ltr'>ἄνθη</span> <span class='ocrx_word' id='word_1_328' title='bbox 2482 1875 2572 1929; x_wconf 82' lang='grc' dir='ltr'>καὶ</span> <span class='ocrx_word' id='word_1_329' title='bbox 2629 1874 2902 1950; x_wconf 86' lang='grc' dir='ltr'>κράματα,</span> <span class='ocrx_word' id='word_1_330' title='bbox 2951 1874 3119 1951; x_wconf 80' lang='grc' dir='ltr'>ἀρχαὶ</span> <span class='ocrx_word' id='word_1_331' title='bbox 3180 1872 3438 1947; x_wconf 85' lang='grc' dir='ltr'>δηλονότι</span> <span class='ocrx_word' id='word_1_332' title='bbox 3482 1876 3572 1930; x_wconf 80' lang='grc' dir='ltr'>καὶ</span> <span class='ocrx_word' id='word_1_333' title='bbox 3629 1875 3718 1950; x_wconf 86' lang='grc' dir='ltr'>μί-</span> 
     </span>
    </p>
   </div>
   <div class='ocr_carea' id='block_1_52' title="bbox 2067 1961 3716 2043">
    <p class='ocr_par' dir='ltr' id='par_1_52' title="bbox 2067 1961 3716 2043">
     <span class='ocr_line' id='line_1_52' title="bbox 2067 1961 3716 2043; baseline 0.004 -28"><span class='ocrx_word' id='word_1_334' title='bbox 2067 1961 2194 2033; x_wconf 80' lang='grc' dir='ltr'>ξεις,</span> <span class='ocrx_word' id='word_1_335' title='bbox 2258 1963 2355 2017; x_wconf 80' lang='grc' dir='ltr'>Καὶ</span> <span class='ocrx_word' id='word_1_336' title='bbox 2389 1964 2464 2026; x_wconf 87' lang='grc' dir='ltr'>ὼς</span> <span class='ocrx_word' id='word_1_337' title='bbox 2494 1965 2593 2037; x_wconf 70' lang='grc' dir='ltr'>μὲν</span> <span class='ocrx_word' id='word_1_338' title='bbox 2642 1965 2808 2041; x_wconf 83' lang='grc' dir='ltr'>ἀρχαὶ</span> <span class='ocrx_word' id='word_1_339' title='bbox 2865 1965 3155 2043; x_wconf 83' lang='grc' dir='ltr'>ὑφιστῶσιν</span> <span class='ocrx_word' id='word_1_340' title='bbox 3206 1964 3257 2020; x_wconf 86' lang='grc' dir='ltr'>ἐν</span> <span class='ocrx_word' id='word_1_341' title='bbox 3309 1971 3426 2028; x_wconf 87' lang='grc' dir='ltr'>ταῖς</span> <span class='ocrx_word' id='word_1_342' title='bbox 3458 1962 3716 2021; x_wconf 86' lang='grc' dir='ltr'>διδασκο-</span> 
     </span>
    </p>
   </div>
   <div class='ocr_carea' id='block_1_53' title="bbox 2069 2048 3712 2131">
    <p class='ocr_par' dir='ltr' id='par_1_53' title="bbox 2069 2048 3712 2131">
     <span class='ocr_line' id='line_1_53' title="bbox 2069 2048 3712 2131; baseline 0.002 -26"><span class='ocrx_word' id='word_1_343' title='bbox 2069 2052 2251 2126; x_wconf 85' lang='grc' dir='ltr'>μέναις</span> <span class='ocrx_word' id='word_1_344' title='bbox 2283 2056 2505 2128; x_wconf 78' lang='grc' dir='ltr'>ψυχαῖς,</span> <span class='ocrx_word' id='word_1_345' title='bbox 2562 2058 2639 2125; x_wconf 81' lang='grc' dir='ltr'>τῷ</span> <span class='ocrx_word' id='word_1_346' title='bbox 2683 2075 2740 2108; x_wconf 91' lang='grc' dir='ltr'>τε</span> <span class='ocrx_word' id='word_1_347' title='bbox 2785 2048 2939 2131; x_wconf 88' lang='grc' dir='ltr'>φόϐῳ</span> <span class='ocrx_word' id='word_1_348' title='bbox 2979 2057 3090 2108; x_wconf 90' lang='grc' dir='ltr'>τῶν</span> <span class='ocrx_word' id='word_1_349' title='bbox 3123 2053 3360 2110; x_wconf 80' lang='grc' dir='ltr'>ἀπειλῶν</span> <span class='ocrx_word' id='word_1_350' title='bbox 3393 2054 3585 2128; x_wconf 76' lang='grc' dir='ltr'>καὶτῷ</span> <span class='ocrx_word' id='word_1_351' title='bbox 3616 2053 3712 2108; x_wconf 68' lang='grc' dir='ltr'>πόα</span> 
     </span>
    </p>
   </div>
   <div class='ocr_carea' id='block_1_54' title="bbox 2066 2140 3718 2222">
    <p class='ocr_par' dir='ltr' id='par_1_54' title="bbox 2066 2140 3718 2222">
     <span class='ocr_line' id='line_1_54' title="bbox 2066 2140 3718 2222; baseline 0.002 -26"><span class='ocrx_word' id='word_1_352' title='bbox 2066 2151 2145 2214; x_wconf 84' lang='grc' dir='ltr'>θῳ</span> <span class='ocrx_word' id='word_1_353' title='bbox 2173 2146 2279 2196; x_wconf 90' lang='grc' dir='ltr'>τῶν</span> <span class='ocrx_word' id='word_1_354' title='bbox 2315 2140 2673 2218; x_wconf 77' lang='grc' dir='ltr'>ἐπαγγελιῶν,</span> <span class='ocrx_word' id='word_1_355' title='bbox 2705 2145 2770 2197; x_wconf 75' lang='grc' dir='ltr'>τὰ</span> <span class='ocrx_word' id='word_1_356' title='bbox 2807 2140 3040 2222; x_wconf 82' lang='grc' dir='ltr'>διάφορα</span> <span class='ocrx_word' id='word_1_357' title='bbox 3082 2145 3198 2198; x_wconf 89' lang='grc' dir='ltr'>κατ’</span> <span class='ocrx_word' id='word_1_358' title='bbox 3242 2143 3435 2219; x_wconf 70' lang='grc' dir='ltr'>ἀρετὴν</span> <span class='ocrx_word' id='word_1_359' title='bbox 3465 2141 3582 2214; x_wconf 76' lang='grc' dir='ltr'>εἶ’δη</span> <span class='ocrx_word' id='word_1_360' title='bbox 3614 2151 3718 2214; x_wconf 77' lang='grc' dir='ltr'>τῆς</span> 
     </span>
    </p>
   </div>
   <div class='ocr_carea' id='block_1_55' title="bbox 2065 2229 3720 2318">
    <p class='ocr_par' dir='ltr' id='par_1_55' title="bbox 2065 2229 3720 2318">
     <span class='ocr_line' id='line_1_55' title="bbox 2065 2229 3720 2318; baseline 0.001 -35"><span class='ocrx_word' id='word_1_361' title='bbox 2065 2229 2142 2291; x_wconf 78' lang='grc' dir='ltr'>εἷς</span> <span class='ocrx_word' id='word_1_362' title='bbox 2171 2231 2260 2284; x_wconf 88' lang='grc' dir='ltr'>τὸν</span> <span class='ocrx_word' id='word_1_363' title='bbox 2293 2232 2421 2285; x_wconf 93' lang='grc' dir='ltr'>Θεὸν</span> <span class='ocrx_word' id='word_1_364' title='bbox 2471 2230 2559 2285; x_wconf 86' lang='grc' dir='ltr'>καὶ</span> <span class='ocrx_word' id='word_1_365' title='bbox 2599 2231 2689 2285; x_wconf 87' lang='grc' dir='ltr'>τὸν</span> <span class='ocrx_word' id='word_1_366' title='bbox 2742 2229 2977 2302; x_wconf 87' lang='grc' dir='ltr'>πλησίον</span> <span class='ocrx_word' id='word_1_367' title='bbox 3032 2233 3247 2318; x_wconf 74' lang='grc' dir='ltr'>ἀγαπης</span> <span class='ocrx_word' id='word_1_368' title='bbox 3273 2251 3286 2264; x_wconf 88' lang='grc'><strong>·</strong></span> <span class='ocrx_word' id='word_1_369' title='bbox 3344 2233 3420 2294; x_wconf 84' lang='grc' dir='ltr'>ὡς</span> <span class='ocrx_word' id='word_1_370' title='bbox 3454 2229 3510 2287; x_wconf 70' lang='grc' dir='ltr'>δὲ</span> <span class='ocrx_word' id='word_1_371' title='bbox 3545 2232 3720 2306; x_wconf 81' lang='grc' dir='ltr'>μίξεις</span> 
     </span>
    </p>
   </div>
   <div class='ocr_carea' id='block_1_56' title="bbox 2066 2318 3722 2397">
    <p class='ocr_par' dir='ltr' id='par_1_56' title="bbox 2066 2318 3722 2397">
     <span class='ocr_line' id='line_1_56' title="bbox 2066 2318 3722 2397; baseline 0.002 -24"><span class='ocrx_word' id='word_1_372' title='bbox 2066 2318 2340 2374; x_wconf 83' lang='grc' dir='ltr'>πείθουσιν</span> <span class='ocrx_word' id='word_1_373' title='bbox 2392 2320 2556 2381; x_wconf 76' lang='grc' dir='ltr'>αὐτὰς</span> <span class='ocrx_word' id='word_1_374' title='bbox 2617 2320 2666 2375; x_wconf 77' lang='grc' dir='ltr'>ἐν</span> <span class='ocrx_word' id='word_1_375' title='bbox 2720 2325 2800 2393; x_wconf 76' lang='grc' dir='ltr'>τῷ</span> <span class='ocrx_word' id='word_1_376' title='bbox 2857 2322 3087 2397; x_wconf 84' lang='grc' dir='ltr'>πάσχειν</span> <span class='ocrx_word' id='word_1_377' title='bbox 3138 2323 3315 2397; x_wconf 79' lang='grc' dir='ltr'>σαρκὶ,</span> <span class='ocrx_word' id='word_1_378' title='bbox 3363 2318 3452 2376; x_wconf 79' lang='grc' dir='ltr'>διὰ</span> <span class='ocrx_word' id='word_1_379' title='bbox 3491 2322 3590 2390; x_wconf 69' lang='grc' dir='ltr'>τὴν</span> <span class='ocrx_word' id='word_1_380' title='bbox 3641 2321 3722 2384; x_wconf 76' lang='grc' dir='ltr'>είς</span> 
     </span>
    </p>
   </div>
   <div class='ocr_carea' id='block_1_57' title="bbox 2069 2408 3718 2486">
    <p class='ocr_par' dir='ltr' id='par_1_57' title="bbox 2069 2408 3718 2486">
     <span class='ocr_line' id='line_1_57' title="bbox 2069 2408 3718 2486; baseline 0.001 -23"><span class='ocrx_word' id='word_1_381' title='bbox 2069 2409 2197 2463; x_wconf 87' lang='grc' dir='ltr'>Θεὸν</span> <span class='ocrx_word' id='word_1_382' title='bbox 2259 2409 2497 2484; x_wconf 85' lang='grc' dir='ltr'>ἀγάπην,</span> <span class='ocrx_word' id='word_1_383' title='bbox 2531 2409 2857 2480; x_wconf 79' lang='grc' dir='ltr'>ἀνεξικακεῖν</span> <span class='ocrx_word' id='word_1_384' title='bbox 2907 2408 2996 2465; x_wconf 78' lang='grc' dir='ltr'>διά</span> <span class='ocrx_word' id='word_1_385' title='bbox 3038 2412 3136 2480; x_wconf 78' lang='grc' dir='ltr'>την</span> <span class='ocrx_word' id='word_1_386' title='bbox 3186 2411 3324 2486; x_wconf 85' lang='grc' dir='ltr'>πρὸς</span> <span class='ocrx_word' id='word_1_387' title='bbox 3356 2411 3446 2464; x_wconf 88' lang='grc' dir='ltr'>τὸν</span> <span class='ocrx_word' id='word_1_388' title='bbox 3477 2409 3718 2482; x_wconf 81' lang='grc' dir='ltr'>πλησίον</span> 
     </span>
    </p>
   </div>
   <div class='ocr_carea' id='block_1_58' title="bbox 2069 2497 3724 2577">
    <p class='ocr_par' dir='ltr' id='par_1_58' title="bbox 2069 2497 3724 2577">
     <span class='ocr_line' id='line_1_58' title="bbox 2069 2497 3724 2577; baseline 0.002 -25"><span class='ocrx_word' id='word_1_389' title='bbox 2069 2497 2303 2575; x_wconf 79' lang='grc' dir='ltr'>ἀγάπην,</span> <span class='ocrx_word' id='word_1_390' title='bbox 2353 2498 2444 2553; x_wconf 76' lang='grc' dir='ltr'>καὶ</span> <span class='ocrx_word' id='word_1_391' title='bbox 2505 2499 2884 2577; x_wconf 72' lang='grc' dir='ltr'>εὐφραίνεσθαι</span> <span class='ocrx_word' id='word_1_392' title='bbox 2923 2497 3014 2554; x_wconf 79' lang='grc' dir='ltr'>διὰ</span> <span class='ocrx_word' id='word_1_393' title='bbox 3047 2500 3146 2568; x_wconf 75' lang='grc' dir='ltr'>τὴν</span> <span class='ocrx_word' id='word_1_394' title='bbox 3203 2497 3512 2572; x_wconf 70' lang='grc' dir='ltr'>μέλλουσαν</span> <span class='ocrx_word' id='word_1_395' title='bbox 3562 2510 3724 2572; x_wconf 85' lang='grc' dir='ltr'>μισθ-</span> 
     </span>
    </p>
   </div>
   <div class='ocr_carea' id='block_1_59' title="bbox 2067 2585 3719 2660">
    <p class='ocr_par' dir='ltr' id='par_1_59' title="bbox 2067 2585 3719 2660">
     <span class='ocr_line' id='line_1_59' title="bbox 2067 2585 3719 2660; baseline 0.001 -18"><span class='ocrx_word' id='word_1_396' title='bbox 2067 2585 2326 2642; x_wconf 75' lang='grc' dir='ltr'>ἀπόδοσιν</span> <span class='ocrx_word' id='word_1_397' title='bbox 2364 2587 2480 2642; x_wconf 66' lang='grc' dir='ltr'>νέν</span> <span class='ocrx_word' id='word_1_398' title='bbox 2542 2586 2598 2643; x_wconf 75' lang='grc' dir='ltr'>δὲ</span> <span class='ocrx_word' id='word_1_399' title='bbox 2654 2593 2734 2660; x_wconf 74' lang='grc' dir='ltr'>τῷ</span> <span class='ocrx_word' id='word_1_400' title='bbox 2795 2588 3120 2660; x_wconf 82' lang='grc' dir='ltr'>ἀνεξικακεῖν</span> <span class='ocrx_word' id='word_1_401' title='bbox 3173 2586 3262 2644; x_wconf 84' lang='grc' dir='ltr'>διὰ</span> <span class='ocrx_word' id='word_1_402' title='bbox 3316 2589 3414 2657; x_wconf 78' lang='grc' dir='ltr'>τήν</span> <span class='ocrx_word' id='word_1_403' title='bbox 3470 2589 3546 2651; x_wconf 80' lang='grc' dir='ltr'>εἷς</span> <span class='ocrx_word' id='word_1_404' title='bbox 3586 2593 3719 2643; x_wconf 71' lang='grc' dir='ltr'>τοῦ-</span> 
     </span>
    </p>
   </div>
   <div class='ocr_carea' id='block_1_60' title="bbox 2066 2675 3724 2754">
    <p class='ocr_par' dir='ltr' id='par_1_60' title="bbox 2066 2675 3724 2754">
     <span class='ocr_line' id='line_1_60' title="bbox 2066 2675 3724 2754; baseline 0.001 -22"><span class='ocrx_word' id='word_1_405' title='bbox 2066 2698 2156 2733; x_wconf 93' lang='grc' dir='ltr'>τον</span> <span class='ocrx_word' id='word_1_406' title='bbox 2201 2677 2438 2751; x_wconf 78' lang='grc' dir='ltr'>ἀγάπην,</span> <span class='ocrx_word' id='word_1_407' title='bbox 2486 2679 2583 2748; x_wconf 70' lang='grc' dir='ltr'>τὴν</span> <span class='ocrx_word' id='word_1_408' title='bbox 2627 2675 2702 2740; x_wconf 45' lang='grc' dir='ltr'>ε’ίς</span> <span class='ocrx_word' id='word_1_409' title='bbox 2761 2679 2890 2732; x_wconf 80' lang='grc' dir='ltr'>Θεὸν</span> <span class='ocrx_word' id='word_1_410' title='bbox 2942 2677 3156 2754; x_wconf 80' lang='grc' dir='ltr'>ἀγάπην</span> <span class='ocrx_word' id='word_1_411' title='bbox 3207 2675 3586 2751; x_wconf 83' lang='grc' dir='ltr'>ἐνδείκνυσθαι,</span> <span class='ocrx_word' id='word_1_412' title='bbox 3629 2676 3724 2734; x_wconf 79' lang='grc' dir='ltr'>διὰ</span> 
     </span>
    </p>
   </div>
   <div class='ocr_carea' id='block_1_61' title="bbox 2064 2766 3716 2842">
    <p class='ocr_par' dir='ltr' id='par_1_61' title="bbox 2064 2766 3716 2842">
     <span class='ocr_line' id='line_1_61' title="bbox 2064 2766 3716 2842; baseline 0.001 -21"><span class='ocrx_word' id='word_1_413' title='bbox 2064 2769 2166 2836; x_wconf 74' lang='grc' dir='ltr'>τὴν</span> <span class='ocrx_word' id='word_1_414' title='bbox 2197 2769 2429 2841; x_wconf 70' lang='grc' dir='ltr'>τήρησιν</span> <span class='ocrx_word' id='word_1_415' title='bbox 2461 2774 2559 2838; x_wconf 79' lang='grc' dir='ltr'>τῆς</span> <span class='ocrx_word' id='word_1_416' title='bbox 2589 2767 2753 2822; x_wconf 75' lang='grc' dir='ltr'>αὐτοῦ</span> <span class='ocrx_word' id='word_1_417' title='bbox 2798 2766 3048 2837; x_wconf 81' lang='grc' dir='ltr'>ἐντολῆς,</span> <span class='ocrx_word' id='word_1_418' title='bbox 3080 2768 3203 2837; x_wconf 73' lang='grc' dir='ltr'>ἥτις</span> <span class='ocrx_word' id='word_1_419' title='bbox 3233 2766 3342 2823; x_wconf 83' lang='grc' dir='ltr'>ἐστὶ</span> <span class='ocrx_word' id='word_1_420' title='bbox 3373 2767 3467 2823; x_wconf 89' lang='grc' dir='ltr'>τὸν</span> <span class='ocrx_word' id='word_1_421' title='bbox 3499 2769 3716 2842; x_wconf 79' lang='grc' dir='ltr'>ἀγαπᾷν</span> 
     </span>
    </p>
   </div>
   <div class='ocr_carea' id='block_1_62' title="bbox 2065 2854 3721 2932">
    <p class='ocr_par' dir='ltr' id='par_1_62' title="bbox 2065 2854 3721 2932">
     <span class='ocr_line' id='line_1_62' title="bbox 2065 2854 3721 2932; baseline 0.001 -22"><span class='ocrx_word' id='word_1_422' title='bbox 2065 2857 2160 2911; x_wconf 88' lang='grc' dir='ltr'>τὸν</span> <span class='ocrx_word' id='word_1_423' title='bbox 2237 2854 2498 2925; x_wconf 86' lang='grc' dir='ltr'>πλησίον.</span> <span class='ocrx_word' id='word_1_424' title='bbox 2559 2856 2846 2920; x_wconf 76' lang='grc' dir='ltr'>Κάντεῦθεν</span> <span class='ocrx_word' id='word_1_425' title='bbox 2902 2857 2954 2911; x_wconf 73' lang='lat' dir='ltr'>oi</span> <span class='ocrx_word' id='word_1_426' title='bbox 3005 2857 3289 2932; x_wconf 69' lang='grc' dir='ltr'>εἱρημὲνοι</span> <span class='ocrx_word' id='word_1_427' title='bbox 3338 2854 3721 2914; x_wconf 75' lang='grc' dir='ltr'>διδασκαλικοὶ</span> 
     </span>
    </p>
   </div>
   <div class='ocr_carea' id='block_1_63' title="bbox 2068 2942 3718 3023">
    <p class='ocr_par' dir='ltr' id='par_1_63' title="bbox 2068 2942 3718 3023">
     <span class='ocr_line' id='line_1_63' title="bbox 2068 2942 3718 3023; baseline 0.001 -23"><span class='ocrx_word' id='word_1_428' title='bbox 2068 2942 2222 3023; x_wconf 89' lang='grc' dir='ltr'>λόγοι</span> <span class='ocrx_word' id='word_1_429' title='bbox 2254 2946 2492 3020; x_wconf 80' lang='grc' dir='ltr'>γίνονται</span> <span class='ocrx_word' id='word_1_430' title='bbox 2537 2952 2660 3008; x_wconf 77' lang='grc' dir='ltr'>ταῖς</span> <span class='ocrx_word' id='word_1_431' title='bbox 2711 2943 3131 3020; x_wconf 85' lang='grc' dir='ltr'>διδασκομέναις</span> <span class='ocrx_word' id='word_1_432' title='bbox 3189 2943 3386 3021; x_wconf 81' lang='grc' dir='ltr'>νάρδος</span> <span class='ocrx_word' id='word_1_433' title='bbox 3439 2946 3528 3001; x_wconf 75' lang='grc' dir='ltr'>καὶ</span> <span class='ocrx_word' id='word_1_434' title='bbox 3580 2946 3718 3021; x_wconf 82' lang='grc' dir='ltr'>κρό-</span> 
     </span>
    </p>
   </div>
   <div class='ocr_carea' id='block_1_64' title="bbox 2065 3033 3718 3109">
    <p class='ocr_par' dir='ltr' id='par_1_64' title="bbox 2065 3033 3718 3109">
     <span class='ocr_line' id='line_1_64' title="bbox 2065 3033 3718 3109; baseline 0.002 -20"><span class='ocrx_word' id='word_1_435' title='bbox 2065 3055 2184 3103; x_wconf 83' lang='grc' dir='ltr'>κος,</span> <span class='ocrx_word' id='word_1_436' title='bbox 2244 3033 2494 3108; x_wconf 77' lang='grc' dir='ltr'>κάλαμος</span> <span class='ocrx_word' id='word_1_437' title='bbox 2555 3035 2644 3090; x_wconf 80' lang='grc' dir='ltr'>καὶ</span> <span class='ocrx_word' id='word_1_438' title='bbox 2713 3035 3066 3109; x_wconf 79' lang='grc' dir='ltr'>κιννάμωμον</span> <span class='ocrx_word' id='word_1_439' title='bbox 3139 3037 3272 3109; x_wconf 85' lang='grc' dir='ltr'>μετά</span> <span class='ocrx_word' id='word_1_440' title='bbox 3349 3036 3568 3092; x_wconf 86' lang='grc' dir='ltr'>πάντων</span> <span class='ocrx_word' id='word_1_441' title='bbox 3628 3036 3718 3106; x_wconf 67' lang='grc' dir='ltr'>ξύ-</span> 
     </span>
    </p>
   </div>
   <div class='ocr_carea' id='block_1_65' title="bbox 2069 3119 3718 3200">
    <p class='ocr_par' dir='ltr' id='par_1_65' title="bbox 2069 3119 3718 3200">
     <span class='ocr_line' id='line_1_65' title="bbox 2069 3119 3718 3200; baseline 0 -22"><span class='ocrx_word' id='word_1_442' title='bbox 2069 3121 2180 3178; x_wconf 89' lang='grc' dir='ltr'>λων</span> <span class='ocrx_word' id='word_1_443' title='bbox 2241 3128 2337 3178; x_wconf 72' lang='grc' dir='ltr'>τοῦ</span> <span class='ocrx_word' id='word_1_444' title='bbox 2399 3119 2635 3178; x_wconf 76' lang='grc' dir='ltr'>Λιϐάνου</span> <span class='ocrx_word' id='word_1_445' title='bbox 2669 3143 2684 3154; x_wconf 89' lang='grc'><strong>·</strong></span> <span class='ocrx_word' id='word_1_446' title='bbox 2741 3121 2932 3200; x_wconf 70' lang='grc' dir='ltr'>ἤγουν,</span> <span class='ocrx_word' id='word_1_447' title='bbox 2989 3143 3241 3200; x_wconf 87' lang='grc' dir='ltr'>τεσσαρες</span> <span class='ocrx_word' id='word_1_448' title='bbox 3291 3125 3499 3199; x_wconf 83' lang='grc' dir='ltr'>γενικαὲ</span> <span class='ocrx_word' id='word_1_449' title='bbox 3533 3124 3718 3200; x_wconf 78' lang='grc' dir='ltr'>ἀρεταὶ</span> 
     </span>
    </p>
   </div>
   <div class='ocr_carea' id='block_1_66' title="bbox 310 3197 1958 3289">
    <p class='ocr_par' dir='ltr' id='par_1_66' title="bbox 310 3211 1953 3286">
     <span class='ocr_line' id='line_1_66' title="bbox 310 3211 1953 3286; baseline -0.003 -15"><span class='ocrx_word' id='word_1_450' title='bbox 310 3214 807 3286; x_wconf 86' lang='lat' dir='ltr'>Deum,tanquam</span> <span class='ocrx_word' id='word_1_451' title='bbox 832 3212 889 3266; x_wconf 93' lang='lat' dir='ltr'>in</span> <span class='ocrx_word' id='word_1_452' title='bbox 926 3215 1121 3266; x_wconf 83' lang='lat' dir='ltr'>monte</span> <span class='ocrx_word' id='word_1_453' title='bbox 1154 3211 1498 3266; x_wconf 91' lang='lat' dir='ltr'>Libani.Per</span> <span class='ocrx_word' id='word_1_454' title='bbox 1528 3213 1776 3266; x_wconf 89' lang='lat' dir='ltr'>nardum</span> <span class='ocrx_word' id='word_1_455' title='bbox 1801 3213 1953 3266; x_wconf 88' lang='lat' dir='ltr'>enim</span> 
     </span>
    </p>
   </div>
   <div class='ocr_carea' id='block_1_67' title="bbox 2069 3197 3718 3289">
    <p class='ocr_par' dir='ltr' id='par_1_67' title="bbox 2075 3211 3718 3289">
     <span class='ocr_line' id='line_1_67' title="bbox 2075 3211 3718 3289; baseline -0.001 -22"><span class='ocrx_word' id='word_1_456' title='bbox 2075 3211 2208 3286; x_wconf 86' lang='grc' dir='ltr'>μετά</span> <span class='ocrx_word' id='word_1_457' title='bbox 2231 3217 2416 3268; x_wconf 84' lang='grc' dir='ltr'>πασῶν</span> <span class='ocrx_word' id='word_1_458' title='bbox 2467 3217 2574 3267; x_wconf 86' lang='grc' dir='ltr'>τῶν</span> <span class='ocrx_word' id='word_1_459' title='bbox 2636 3214 2729 3267; x_wconf 83' lang='grc' dir='ltr'>ὐπ’</span> <span class='ocrx_word' id='word_1_460' title='bbox 2780 3212 2947 3276; x_wconf 79' lang='grc' dir='ltr'>αὐτὰς</span> <span class='ocrx_word' id='word_1_461' title='bbox 2998 3217 3230 3287; x_wconf 85' lang='grc' dir='ltr'>μερικῶν</span> <span class='ocrx_word' id='word_1_462' title='bbox 3291 3217 3398 3268; x_wconf 89' lang='grc' dir='ltr'>τῶν</span> <span class='ocrx_word' id='word_1_463' title='bbox 3430 3212 3718 3289; x_wconf 79' lang='grc' dir='ltr'>φυομένων</span> 
     </span>
    </p>
   </div>
   <div class='ocr_carea' id='block_1_68' title="bbox 307 3300 1958 3375">
    <p class='ocr_par' dir='ltr' id='par_1_68' title="bbox 307 3300 1958 3375">
     <span class='ocr_line' id='line_1_68' title="bbox 307 3300 1958 3375; baseline -0.002 -16"><span class='ocrx_word' id='word_1_464' title='bbox 307 3303 370 3359; x_wconf 89' lang='lat' dir='ltr'>in</span> <span class='ocrx_word' id='word_1_465' title='bbox 402 3319 519 3375; x_wconf 84' lang='lat' dir='ltr'>qua</span> <span class='ocrx_word' id='word_1_466' title='bbox 548 3305 808 3358; x_wconf 87' lang='lat' dir='ltr'>aromata</span> <span class='ocrx_word' id='word_1_467' title='bbox 837 3300 995 3356; x_wconf 87' lang='lat' dir='ltr'>varia</span> <span class='ocrx_word' id='word_1_468' title='bbox 1046 3300 1528 3368; x_wconf 88' lang='lat' dir='ltr'>eommiscentur,</span> <span class='ocrx_word' id='word_1_469' title='bbox 1587 3301 1958 3372; x_wconf 87' lang='lat' dir='ltr'>prudentiam</span> 
     </span>
    </p>
   </div>
   <div class='ocr_carea' id='block_1_69' title="bbox 309 3389 1962 3464">
    <p class='ocr_par' dir='ltr' id='par_1_69' title="bbox 309 3389 1962 3464">
     <span class='ocr_line' id='line_1_69' title="bbox 309 3389 1962 3464; baseline -0.001 -16"><span class='ocrx_word' id='word_1_470' title='bbox 309 3392 718 3464; x_wconf 86' lang='lat' dir='ltr'>intelligimus,</span> <span class='ocrx_word' id='word_1_471' title='bbox 771 3391 829 3445; x_wconf 90' lang='lat' dir='ltr'>in</span> <span class='ocrx_word' id='word_1_472' title='bbox 879 3407 994 3463; x_wconf 92' lang='lat' dir='ltr'>qua</span> <span class='ocrx_word' id='word_1_473' title='bbox 1050 3389 1334 3445; x_wconf 90' lang='lat' dir='ltr'>virtutum</span> <span class='ocrx_word' id='word_1_474' title='bbox 1384 3390 1647 3446; x_wconf 87' lang='lat' dir='ltr'>omnium</span> <span class='ocrx_word' id='word_1_475' title='bbox 1702 3390 1962 3446; x_wconf 88' lang='lat' dir='ltr'>rationes</span> 
     </span>
    </p>
   </div>
   <div class='ocr_carea' id='block_1_70' title="bbox 314 3479 1960 3552">
    <p class='ocr_par' dir='ltr' id='par_1_70' title="bbox 314 3479 1960 3552">
     <span class='ocr_line' id='line_1_70' title="bbox 314 3479 1960 3552; baseline -0.003 -14"><span class='ocrx_word' id='word_1_476' title='bbox 314 3483 661 3538; x_wconf 88' lang='lat' dir='ltr'>summatim</span> <span class='ocrx_word' id='word_1_477' title='bbox 711 3480 1105 3536; x_wconf 89' lang='lat' dir='ltr'>continentur.</span> <span class='ocrx_word' id='word_1_478' title='bbox 1165 3479 1270 3534; x_wconf 90' lang='lat' dir='ltr'>Per</span> <span class='ocrx_word' id='word_1_479' title='bbox 1328 3495 1559 3534; x_wconf 89' lang='lat' dir='ltr'>crocum</span> <span class='ocrx_word' id='word_1_480' title='bbox 1609 3483 1800 3535; x_wconf 83' lang='lat' dir='ltr'>autem</span> <span class='ocrx_word' id='word_1_481' title='bbox 1862 3481 1960 3552; x_wconf 89' lang='lat' dir='ltr'>qui</span> 
     </span>
    </p>
   </div>
   <div class='ocr_carea' id='block_1_71' title="bbox 316 3567 1966 3641">
    <p class='ocr_par' dir='ltr' id='par_1_71' title="bbox 316 3567 1966 3641">
     <span class='ocr_line' id='line_1_71' title="bbox 316 3567 1966 3641; baseline -0.001 -15"><span class='ocrx_word' id='word_1_482' title='bbox 316 3572 570 3626; x_wconf 86' lang='lat' dir='ltr'>mediam</span> <span class='ocrx_word' id='word_1_483' title='bbox 605 3571 756 3625; x_wconf 91' lang='lat' dir='ltr'>inter</span> <span class='ocrx_word' id='word_1_484' title='bbox 787 3569 1169 3641; x_wconf 79' lang='lat' dir='ltr'>frigiditatem</span> <span class='ocrx_word' id='word_1_485' title='bbox 1218 3572 1275 3623; x_wconf 90' lang='lat' dir='ltr'>et</span> <span class='ocrx_word' id='word_1_486' title='bbox 1323 3567 1682 3623; x_wconf 88' lang='lat' dir='ltr'>caliditatem</span> <span class='ocrx_word' id='word_1_487' title='bbox 1743 3570 1966 3624; x_wconf 87' lang='lat' dir='ltr'>obtinet</span> 
     </span>
    </p>
   </div>
   <div class='ocr_carea' id='block_1_72' title="bbox 311 3657 1958 3730">
    <p class='ocr_par' dir='ltr' id='par_1_72' title="bbox 311 3657 1958 3730">
     <span class='ocr_line' id='line_1_72' title="bbox 311 3657 1958 3730; baseline -0.001 -15"><span class='ocrx_word' id='word_1_488' title='bbox 311 3660 452 3726; x_wconf 91' lang='lat' dir='ltr'>vim,</span> <span class='ocrx_word' id='word_1_489' title='bbox 516 3663 572 3715; x_wconf 91' lang='lat' dir='ltr'>et</span> <span class='ocrx_word' id='word_1_490' title='bbox 638 3659 947 3730; x_wconf 90' lang='lat' dir='ltr'>utriusque</span> <span class='ocrx_word' id='word_1_491' title='bbox 1018 3657 1279 3713; x_wconf 87' lang='lat' dir='ltr'>excludit</span> <span class='ocrx_word' id='word_1_492' title='bbox 1340 3661 1618 3723; x_wconf 81' lang='lat' dir='ltr'>extrema,</span> <span class='ocrx_word' id='word_1_493' title='bbox 1661 3659 1958 3728; x_wconf 87' lang='lat' dir='ltr'>justitiam</span> 
     </span>
    </p>
   </div>
   <div class='ocr_carea' id='block_1_73' title="bbox 313 3746 1957 3821">
    <p class='ocr_par' dir='ltr' id='par_1_73' title="bbox 313 3746 1957 3821">
     <span class='ocr_line' id='line_1_73' title="bbox 313 3746 1957 3821; baseline -0.001 -17"><span class='ocrx_word' id='word_1_494' title='bbox 313 3748 795 3821; x_wconf 74' lang='lat' dir='ltr'>accipimus,quae</span> <span class='ocrx_word' id='word_1_495' title='bbox 819 3748 1080 3802; x_wconf 80' lang='lat' dir='ltr'>defeclus</span> <span class='ocrx_word' id='word_1_496' title='bbox 1110 3751 1166 3802; x_wconf 91' lang='lat' dir='ltr'>et</span> <span class='ocrx_word' id='word_1_497' title='bbox 1214 3763 1488 3802; x_wconf 84' lang='lat' dir='ltr'>excessus</span> <span class='ocrx_word' id='word_1_498' title='bbox 1536 3746 1596 3801; x_wconf 90' lang='lat' dir='ltr'>in</span> <span class='ocrx_word' id='word_1_499' title='bbox 1643 3747 1957 3803; x_wconf 89' lang='lat' dir='ltr'>virtutibus</span> 
     </span>
    </p>
   </div>
   <div class='ocr_carea' id='block_1_74' title="bbox 311 3835 1959 3910">
    <p class='ocr_par' dir='ltr' id='par_1_74' title="bbox 311 3835 1959 3910">
     <span class='ocr_line' id='line_1_74' title="bbox 311 3835 1959 3910; baseline -0.001 -18"><span class='ocrx_word' id='word_1_500' title='bbox 311 3837 479 3910; x_wconf 83' lang='lat' dir='ltr'>fugit.</span> <span class='ocrx_word' id='word_1_501' title='bbox 513 3838 620 3892; x_wconf 91' lang='lat' dir='ltr'>Per</span> <span class='ocrx_word' id='word_1_502' title='bbox 650 3835 879 3891; x_wconf 90' lang='lat' dir='ltr'>dulcem</span> <span class='ocrx_word' id='word_1_503' title='bbox 912 3852 1044 3891; x_wconf 90' lang='lat' dir='ltr'>vero</span> <span class='ocrx_word' id='word_1_504' title='bbox 1076 3835 1285 3890; x_wconf 90' lang='lat' dir='ltr'>calami</span> <span class='ocrx_word' id='word_1_505' title='bbox 1337 3835 1596 3890; x_wconf 83' lang='lat' dir='ltr'>fistulam</span> <span class='ocrx_word' id='word_1_506' title='bbox 1649 3853 1775 3907; x_wconf 62' lang='lat' dir='ltr'>qua</span> <span class='ocrx_word' id='word_1_507' title='bbox 1816 3837 1959 3892; x_wconf 89' lang='lat' dir='ltr'>levis</span> 
     </span>
    </p>
   </div>
   <div class='ocr_carea' id='block_1_75' title="bbox 309 3925 1959 3997">
    <p class='ocr_par' dir='ltr' id='par_1_75' title="bbox 309 3925 1959 3997">
     <span class='ocr_line' id='line_1_75' title="bbox 309 3925 1959 3997; baseline -0.002 -13"><span class='ocrx_word' id='word_1_508' title='bbox 309 3933 401 3984; x_wconf 89' lang='lat' dir='ltr'>est</span> <span class='ocrx_word' id='word_1_509' title='bbox 430 3931 488 3983; x_wconf 89' lang='lat' dir='ltr'>et</span> <span class='ocrx_word' id='word_1_510' title='bbox 515 3927 573 3982; x_wconf 90' lang='lat' dir='ltr'>in</span> <span class='ocrx_word' id='word_1_511' title='bbox 607 3926 860 3982; x_wconf 89' lang='lat' dir='ltr'>sublime</span> <span class='ocrx_word' id='word_1_512' title='bbox 889 3926 1054 3981; x_wconf 82' lang='lat' dir='ltr'>facile</span> <span class='ocrx_word' id='word_1_513' title='bbox 1086 3925 1331 3996; x_wconf 87' lang='lat' dir='ltr'>tollitur,</span> <span class='ocrx_word' id='word_1_514' title='bbox 1355 3926 1742 3997; x_wconf 88' lang='lat' dir='ltr'>temperantia</span> <span class='ocrx_word' id='word_1_515' title='bbox 1771 3926 1959 3997; x_wconf 86' lang='lat' dir='ltr'>signi-</span> 
     </span>
    </p>
   </div>
   <div class='ocr_carea' id='block_1_76' title="bbox 309 4015 1960 4088">
    <p class='ocr_par' dir='ltr' id='par_1_76' title="bbox 309 4015 1960 4088">
     <span class='ocr_line' id='line_1_76' title="bbox 309 4015 1960 4088; baseline -0.001 -16"><span class='ocrx_word' id='word_1_516' title='bbox 309 4017 554 4073; x_wconf 87' lang='lat' dir='ltr'>ﬁcatur:</span> <span class='ocrx_word' id='word_1_517' title='bbox 594 4033 722 4088; x_wconf 84' lang='lat' dir='ltr'>quae</span> <span class='ocrx_word' id='word_1_518' title='bbox 756 4021 1012 4071; x_wconf 87' lang='lat' dir='ltr'>mentem</span> <span class='ocrx_word' id='word_1_519' title='bbox 1071 4015 1231 4087; x_wconf 86' lang='lat' dir='ltr'>gravi</span> <span class='ocrx_word' id='word_1_520' title='bbox 1291 4031 1579 4087; x_wconf 73' lang='lat' dir='ltr'>corporeae</span> <span class='ocrx_word' id='word_1_521' title='bbox 1620 4016 1960 4086; x_wconf 84' lang='lat' dir='ltr'>cupiditatis</span> 
     </span>
    </p>
   </div>
   <div class='ocr_carea' id='block_1_77' title="bbox 310 4104 1961 4176">
    <p class='ocr_par' dir='ltr' id='par_1_77' title="bbox 310 4104 1961 4176">
     <span class='ocr_line' id='line_1_77' title="bbox 310 4104 1961 4176; baseline -0.002 -15"><span class='ocrx_word' id='word_1_522' title='bbox 310 4121 484 4161; x_wconf 90' lang='lat' dir='ltr'>onere</span> <span class='ocrx_word' id='word_1_523' title='bbox 524 4105 814 4173; x_wconf 87' lang='lat' dir='ltr'>sublevat,</span> <span class='ocrx_word' id='word_1_524' title='bbox 862 4121 1111 4176; x_wconf 89' lang='lat' dir='ltr'>eamque</span> <span class='ocrx_word' id='word_1_525' title='bbox 1153 4105 1221 4160; x_wconf 88' lang='lat' dir='ltr'>ad</span> <span class='ocrx_word' id='word_1_526' title='bbox 1271 4104 1556 4176; x_wconf 86' lang='lat' dir='ltr'>spiritalia</span> <span class='ocrx_word' id='word_1_527' title='bbox 1600 4110 1659 4160; x_wconf 91' lang='lat' dir='ltr'>et</span> <span class='ocrx_word' id='word_1_528' title='bbox 1705 4105 1961 4160; x_wconf 84' lang='lat' dir='ltr'>coelestia</span> 
     </span>
    </p>
   </div>
   <div class='ocr_carea' id='block_1_78' title="bbox 310 4194 1962 4267">
    <p class='ocr_par' dir='ltr' id='par_1_78' title="bbox 310 4194 1962 4267">
     <span class='ocr_line' id='line_1_78' title="bbox 310 4194 1962 4267; baseline -0.001 -17"><span class='ocrx_word' id='word_1_529' title='bbox 310 4195 624 4250; x_wconf 84' lang='lat' dir='ltr'>sublimem</span> <span class='ocrx_word' id='word_1_530' title='bbox 659 4194 831 4264; x_wconf 90' lang='lat' dir='ltr'>tollit,</span> <span class='ocrx_word' id='word_1_531' title='bbox 865 4210 1188 4267; x_wconf 88' lang='lat' dir='ltr'>eorumque</span> <span class='ocrx_word' id='word_1_532' title='bbox 1218 4195 1402 4266; x_wconf 85' lang='lat' dir='ltr'>replet</span> <span class='ocrx_word' id='word_1_533' title='bbox 1430 4195 1733 4249; x_wconf 87' lang='lat' dir='ltr'>suavitate.</span> <span class='ocrx_word' id='word_1_534' title='bbox 1767 4196 1838 4248; x_wconf 84' lang='lat' dir='ltr'>At</span> <span class='ocrx_word' id='word_1_535' title='bbox 1860 4210 1962 4265; x_wconf 87' lang='lat' dir='ltr'>per</span> 
     </span>
    </p>
   </div>
   <div class='ocr_carea' id='block_1_79' title="bbox 310 4283 1958 4354">
    <p class='ocr_par' dir='ltr' id='par_1_79' title="bbox 310 4283 1958 4354">
     <span class='ocr_line' id='line_1_79' title="bbox 310 4283 1958 4354; baseline -0.001 -15"><span class='ocrx_word' id='word_1_536' title='bbox 310 4284 747 4340; x_wconf 88' lang='lat' dir='ltr'>cinnamomum</span> <span class='ocrx_word' id='word_1_537' title='bbox 780 4284 950 4354; x_wconf 85' lang='lat' dir='ltr'>cujus</span> <span class='ocrx_word' id='word_1_538' title='bbox 982 4289 1191 4340; x_wconf 88' lang='lat' dir='ltr'>natura</span> <span class='ocrx_word' id='word_1_539' title='bbox 1221 4289 1309 4339; x_wconf 92' lang='lat' dir='ltr'>est</span> <span class='ocrx_word' id='word_1_540' title='bbox 1337 4283 1525 4339; x_wconf 87' lang='lat' dir='ltr'>calida</span> <span class='ocrx_word' id='word_1_541' title='bbox 1546 4288 1720 4353; x_wconf 90' lang='lat' dir='ltr'>atque</span> <span class='ocrx_word' id='word_1_542' title='bbox 1746 4286 1958 4354; x_wconf 83' lang='lat' dir='ltr'>jucun-</span> 
     </span>
    </p>
   </div>
   <div class='ocr_carea' id='block_1_80' title="bbox 309 4372 1958 4444">
    <p class='ocr_par' dir='ltr' id='par_1_80' title="bbox 309 4372 1958 4444">
     <span class='ocr_line' id='line_1_80' title="bbox 309 4372 1958 4444; baseline -0.001 -16"><span class='ocrx_word' id='word_1_543' title='bbox 309 4373 403 4440; x_wconf 89' lang='lat' dir='ltr'>da,</span> <span class='ocrx_word' id='word_1_544' title='bbox 431 4373 793 4428; x_wconf 81' lang='lat' dir='ltr'>fortitudinis</span> <span class='ocrx_word' id='word_1_545' title='bbox 851 4372 1046 4428; x_wconf 91' lang='lat' dir='ltr'>divino</span> <span class='ocrx_word' id='word_1_546' title='bbox 1080 4372 1200 4428; x_wconf 91' lang='lat' dir='ltr'>zelo</span> <span class='ocrx_word' id='word_1_547' title='bbox 1251 4374 1530 4427; x_wconf 87' lang='lat' dir='ltr'>adversus</span> <span class='ocrx_word' id='word_1_548' title='bbox 1600 4372 1958 4444; x_wconf 86' lang='lat' dir='ltr'>impietatem</span> 
     </span>
    </p>
   </div>
   <div class='ocr_carea' id='block_1_81' title="bbox 307 4461 1960 4533">
    <p class='ocr_par' dir='ltr' id='par_1_81' title="bbox 307 4461 1960 4533">
     <span class='ocr_line' id='line_1_81' title="bbox 307 4461 1960 4533; baseline -0.001 -15"><span class='ocrx_word' id='word_1_549' title='bbox 307 4467 484 4533; x_wconf 81' lang='lat' dir='ltr'>atque</span> <span class='ocrx_word' id='word_1_550' title='bbox 517 4461 785 4518; x_wconf 91' lang='lat' dir='ltr'>militiam</span> <span class='ocrx_word' id='word_1_551' title='bbox 820 4461 1080 4516; x_wconf 85' lang='lat' dir='ltr'>ardentis</span> <span class='ocrx_word' id='word_1_552' title='bbox 1113 4463 1289 4518; x_wconf 88' lang='lat' dir='ltr'>robur</span> <span class='ocrx_word' id='word_1_553' title='bbox 1321 4461 1632 4516; x_wconf 89' lang='lat' dir='ltr'>indicatur.</span> <span class='ocrx_word' id='word_1_554' title='bbox 1666 4461 1780 4516; x_wconf 91' lang='lat' dir='ltr'>Nec</span> <span class='ocrx_word' id='word_1_555' title='bbox 1830 4479 1960 4516; x_wconf 83' lang='lat' dir='ltr'>vero</span> 
     </span>
    </p>
   </div>
   <div class='ocr_carea' id='block_1_82' title="bbox 308 4546 2167 4636">
    <p class='ocr_par' dir='ltr' id='par_1_82' title="bbox 308 4546 2167 4636">
     <span class='ocr_line' id='line_1_82' title="bbox 308 4546 2167 4636; baseline -0.004 -28"><span class='ocrx_word' id='word_1_556' title='bbox 308 4546 538 4624; x_wconf 69' lang='lat' dir='ltr'>spOnsze</span> <span class='ocrx_word' id='word_1_557' title='bbox 569 4551 844 4607; x_wconf 71' lang='lat' dir='ltr'>doctrinas</span> <span class='ocrx_word' id='word_1_558' title='bbox 872 4550 930 4605; x_wconf 91' lang='lat' dir='ltr'>in</span> <span class='ocrx_word' id='word_1_559' title='bbox 963 4551 1272 4624; x_wconf 89' lang='lat' dir='ltr'>discipulis</span> <span class='ocrx_word' id='word_1_560' title='bbox 1299 4550 1420 4606; x_wconf 58' lang='lat' dir='ltr'>haec</span> <span class='ocrx_word' id='word_1_561' title='bbox 1455 4551 1624 4617; x_wconf 76' lang='lat' dir='ltr'>fiunt,</span> <span class='ocrx_word' id='word_1_562' title='bbox 1659 4551 1755 4605; x_wconf 87' lang='lat' dir='ltr'>sed</span> <span class='ocrx_word' id='word_1_563' title='bbox 1799 4568 1960 4620; x_wconf 78' lang='lat' dir='ltr'>myr-</span> <span class='ocrx_word' id='word_1_564' title='bbox 1995 4572 2036 4636; x_wconf 72' lang='grc' dir='ltr'>Ι)</span> <span class='ocrx_word' id='word_1_565' title='bbox 2067 4569 2127 4601; x_wconf 90' lang='grc' dir='ltr'>αν</span> <span class='ocrx_word' id='word_1_566' title='bbox 2159 4569 2167 4578; x_wconf 90' lang='grc'>·</span> 
     </span>
    </p>
   </div>
   <div class='ocr_carea' id='block_1_83' title="bbox 306 4641 1957 4712">
    <p class='ocr_par' dir='ltr' id='par_1_83' title="bbox 306 4641 1957 4712">
     <span class='ocr_line' id='line_1_83' title="bbox 306 4641 1957 4712; baseline -0.001 -16"><span class='ocrx_word' id='word_1_567' title='bbox 306 4641 406 4696; x_wconf 79' lang='lat' dir='ltr'>rha</span> <span class='ocrx_word' id='word_1_568' title='bbox 439 4657 650 4712; x_wconf 84' lang='lat' dir='ltr'>quoque</span> <span class='ocrx_word' id='word_1_569' title='bbox 678 4651 733 4694; x_wconf 79' lang='lat' dir='ltr'>et</span> <span class='ocrx_word' id='word_1_570' title='bbox 764 4641 888 4696; x_wconf 80' lang='lat' dir='ltr'>aloe</span> <span class='ocrx_word' id='word_1_571' title='bbox 913 4656 1039 4695; x_wconf 87' lang='lat' dir='ltr'>cum</span> <span class='ocrx_word' id='word_1_572' title='bbox 1079 4642 1334 4696; x_wconf 78' lang='lat' dir='ltr'>omnibus</span> <span class='ocrx_word' id='word_1_573' title='bbox 1379 4643 1580 4712; x_wconf 78' lang='lat' dir='ltr'>primis</span> <span class='ocrx_word' id='word_1_574' title='bbox 1631 4642 1957 4712; x_wconf 74' lang='lat' dir='ltr'>unguentis:</span> 
     </span>
    </p>
   </div>
   <div class='ocr_carea' id='block_1_84' title="bbox 307 4729 1958 4801">
    <p class='ocr_par' dir='ltr' id='par_1_84' title="bbox 307 4729 1958 4801">
     <span class='ocr_line' id='line_1_84' title="bbox 307 4729 1958 4801; baseline -0.001 -16"><span class='ocrx_word' id='word_1_575' title='bbox 307 4729 416 4785; x_wconf 89' lang='lat' dir='ltr'>hoc</span> <span class='ocrx_word' id='word_1_576' title='bbox 447 4736 558 4801; x_wconf 88' lang='lat' dir='ltr'>est,</span> <span class='ocrx_word' id='word_1_577' title='bbox 591 4729 844 4786; x_wconf 91' lang='lat' dir='ltr'>carnalis</span> <span class='ocrx_word' id='word_1_578' title='bbox 888 4745 1100 4784; x_wconf 90' lang='lat' dir='ltr'>sensus</span> <span class='ocrx_word' id='word_1_579' title='bbox 1149 4746 1350 4784; x_wconf 91' lang='lat' dir='ltr'>earum</span> <span class='ocrx_word' id='word_1_580' title='bbox 1401 4730 1776 4785; x_wconf 82' lang='lat' dir='ltr'>mortiﬁcatio</span> <span class='ocrx_word' id='word_1_581' title='bbox 1825 4747 1958 4784; x_wconf 91' lang='lat' dir='ltr'>cum</span> 
     </span>
    </p>
   </div>
   <div class='ocr_carea' id='block_1_85' title="bbox 307 4818 1961 4892">
    <p class='ocr_par' dir='ltr' id='par_1_85' title="bbox 307 4818 1961 4892">
     <span class='ocr_line' id='line_1_85' title="bbox 307 4818 1961 4892; baseline -0.002 -16"><span class='ocrx_word' id='word_1_582' title='bbox 307 4819 584 4876; x_wconf 86' lang='lat' dir='ltr'>omnibus</span> <span class='ocrx_word' id='word_1_583' title='bbox 613 4818 822 4892; x_wconf 91' lang='lat' dir='ltr'>primis</span> <span class='ocrx_word' id='word_1_584' title='bbox 851 4819 1107 4890; x_wconf 87' lang='lat' dir='ltr'>Spiritus</span> <span class='ocrx_word' id='word_1_585' title='bbox 1129 4819 1314 4873; x_wconf 87' lang='lat' dir='ltr'>sancti</span> <span class='ocrx_word' id='word_1_586' title='bbox 1338 4818 1704 4885; x_wconf 87' lang='lat' dir='ltr'>muneribus,</span> <span class='ocrx_word' id='word_1_587' title='bbox 1732 4818 1961 4874; x_wconf 88' lang='lat' dir='ltr'>animas</span> 
     </span>
    </p>
   </div>
   <div class='ocr_carea' id='block_1_86' title="bbox 309 4906 1963 4980">
    <p class='ocr_par' dir='ltr' id='par_1_86' title="bbox 309 4906 1963 4980">
     <span class='ocr_line' id='line_1_86' title="bbox 309 4906 1963 4980; baseline -0.002 -16"><span class='ocrx_word' id='word_1_588' title='bbox 309 4913 744 4980; x_wconf 88' lang='lat' dir='ltr'>unguentorum</span> <span class='ocrx_word' id='word_1_589' title='bbox 779 4908 967 4963; x_wconf 85' lang='lat' dir='ltr'>instar</span> <span class='ocrx_word' id='word_1_590' title='bbox 994 4907 1545 4962; x_wconf 85' lang='lat' dir='ltr'>recreantibus.Nisi</span> <span class='ocrx_word' id='word_1_591' title='bbox 1575 4906 1730 4962; x_wconf 90' lang='lat' dir='ltr'>enim</span> <span class='ocrx_word' id='word_1_592' title='bbox 1763 4907 1963 4962; x_wconf 90' lang='lat' dir='ltr'>anima</span> 
     </span>
    </p>
   </div>
   <div class='ocr_carea' id='block_1_87' title="bbox 307 4995 1962 5069">
    <p class='ocr_par' dir='ltr' id='par_1_87' title="bbox 307 4995 1962 5069">
     <span class='ocr_line' id='line_1_87' title="bbox 307 4995 1962 5069; baseline -0.002 -15"><span class='ocrx_word' id='word_1_593' title='bbox 307 4999 497 5069; x_wconf 88' lang='lat' dir='ltr'>sapiat</span> <span class='ocrx_word' id='word_1_594' title='bbox 523 5014 591 5054; x_wconf 84' lang='lat' dir='ltr'>ea</span> <span class='ocrx_word' id='word_1_595' title='bbox 637 5015 768 5069; x_wconf 67' lang='lat' dir='ltr'>quae</span> <span class='ocrx_word' id='word_1_596' title='bbox 813 5003 952 5054; x_wconf 84' lang='lat' dir='ltr'>sunt</span> <span class='ocrx_word' id='word_1_597' title='bbox 999 4996 1266 5069; x_wconf 87' lang='lat' dir='ltr'>spiritus,</span> <span class='ocrx_word' id='word_1_598' title='bbox 1297 5000 1354 5052; x_wconf 86' lang='lat' dir='ltr'>et</span> <span class='ocrx_word' id='word_1_599' title='bbox 1393 4997 1768 5052; x_wconf 85' lang='lat' dir='ltr'>sanctissima</span> <span class='ocrx_word' id='word_1_600' title='bbox 1801 4995 1962 5051; x_wconf 87' lang='lat' dir='ltr'>illius</span> 
     </span>
    </p>
   </div>
   <div class='ocr_carea' id='block_1_88' title="bbox 310 5085 1963 5158">
    <p class='ocr_par' dir='ltr' id='par_1_88' title="bbox 310 5085 1963 5158">
     <span class='ocr_line' id='line_1_88' title="bbox 310 5085 1963 5158; baseline 0.001 -18"><span class='ocrx_word' id='word_1_601' title='bbox 310 5086 463 5142; x_wconf 89' lang='lat' dir='ltr'>dona</span> <span class='ocrx_word' id='word_1_602' title='bbox 495 5088 806 5158; x_wconf 81' lang='lat' dir='ltr'>suscipiat,</span> <span class='ocrx_word' id='word_1_603' title='bbox 847 5085 1100 5157; x_wconf 87' lang='lat' dir='ltr'>timoris,</span> <span class='ocrx_word' id='word_1_604' title='bbox 1147 5088 1412 5156; x_wconf 86' lang='lat' dir='ltr'>inquam,</span> <span class='ocrx_word' id='word_1_605' title='bbox 1465 5085 1847 5152; x_wconf 81' lang='lat' dir='ltr'>fortitudinis,</span> <span class='ocrx_word' id='word_1_606' title='bbox 1906 5093 1963 5142; x_wconf 86' lang='lat' dir='ltr'>et</span> 
     </span>
    </p>
   </div>
   <div class='ocr_carea' id='block_1_89' title="bbox 309 5173 1958 5247">
    <p class='ocr_par' dir='ltr' id='par_1_89' title="bbox 309 5173 1958 5247">
     <span class='ocr_line' id='line_1_89' title="bbox 309 5173 1958 5247; baseline 0 -17"><span class='ocrx_word' id='word_1_607' title='bbox 309 5174 559 5240; x_wconf 87' lang='lat' dir='ltr'>consilii,</span> <span class='ocrx_word' id='word_1_608' title='bbox 584 5179 640 5229; x_wconf 90' lang='lat' dir='ltr'>et</span> <span class='ocrx_word' id='word_1_609' title='bbox 668 5176 946 5243; x_wconf 65' lang='lat' dir='ltr'>scientiae,</span> <span class='ocrx_word' id='word_1_610' title='bbox 979 5179 1036 5230; x_wconf 90' lang='lat' dir='ltr'>et</span> <span class='ocrx_word' id='word_1_611' title='bbox 1065 5174 1439 5247; x_wconf 84' lang='lat' dir='ltr'>cognitionis,</span> <span class='ocrx_word' id='word_1_612' title='bbox 1489 5180 1545 5230; x_wconf 92' lang='lat' dir='ltr'>et</span> <span class='ocrx_word' id='word_1_613' title='bbox 1603 5173 1958 5243; x_wconf 88' lang='lat' dir='ltr'>intellectus,</span> 
     </span>
    </p>
   </div>
   <div class='ocr_carea' id='block_1_90' title="bbox 307 5263 1960 5335">
    <p class='ocr_par' dir='ltr' id='par_1_90' title="bbox 307 5263 1960 5335">
     <span class='ocr_line' id='line_1_90' title="bbox 307 5263 1960 5335; baseline 0 -16"><span class='ocrx_word' id='word_1_614' title='bbox 307 5269 364 5319; x_wconf 92' lang='lat' dir='ltr'>et</span> <span class='ocrx_word' id='word_1_615' title='bbox 395 5263 695 5334; x_wconf 82' lang='lat' dir='ltr'>sapientiae</span> <span class='ocrx_word' id='word_1_616' title='bbox 730 5283 744 5332; x_wconf 86' lang='lat'><strong>;</strong></span> <span class='ocrx_word' id='word_1_617' title='bbox 771 5263 1026 5319; x_wconf 89' lang='lat' dir='ltr'>carnalis</span> <span class='ocrx_word' id='word_1_618' title='bbox 1051 5281 1259 5321; x_wconf 89' lang='lat' dir='ltr'>sensus</span> <span class='ocrx_word' id='word_1_619' title='bbox 1293 5264 1960 5335; x_wconf 64' lang='lat' dir='ltr'>mortiﬁcationem,qua</span> 
     </span>
    </p>
   </div>
   <div class='ocr_carea' id='block_1_91' title="bbox 306 5352 1958 5424">
    <p class='ocr_par' dir='ltr' id='par_1_91' title="bbox 306 5352 1958 5424">
     <span class='ocr_line' id='line_1_91' title="bbox 306 5352 1958 5424; baseline 0.001 -16"><span class='ocrx_word' id='word_1_620' title='bbox 306 5369 407 5424; x_wconf 91' lang='lat' dir='ltr'>per</span> <span class='ocrx_word' id='word_1_621' title='bbox 437 5352 736 5424; x_wconf 81' lang='lat' dir='ltr'>myrrham</span> <span class='ocrx_word' id='word_1_622' title='bbox 759 5357 814 5407; x_wconf 91' lang='lat' dir='ltr'>et</span> <span class='ocrx_word' id='word_1_623' title='bbox 843 5353 1274 5424; x_wconf 87' lang='lat' dir='ltr'>aloem,quibus</span> <span class='ocrx_word' id='word_1_624' title='bbox 1302 5355 1673 5410; x_wconf 86' lang='lat' dir='ltr'>aromatibus</span> <span class='ocrx_word' id='word_1_625' title='bbox 1709 5359 1958 5409; x_wconf 82' lang='lat' dir='ltr'>mortuo-</span> 
     </span>
    </p>
   </div>
   <div class='ocr_carea' id='block_1_92' title="bbox 306 5440 1956 5518">
    <p class='ocr_par' dir='ltr' id='par_1_92' title="bbox 306 5440 1956 5518">
     <span class='ocr_line' id='line_1_92' title="bbox 306 5440 1956 5518; baseline 0.002 -24"><span class='ocrx_word' id='word_1_626' title='bbox 306 5457 437 5495; x_wconf 90' lang='lat' dir='ltr'>rum</span> <span class='ocrx_word' id='word_1_627' title='bbox 471 5455 709 5512; x_wconf 82' lang='lat' dir='ltr'>corpora</span> <span class='ocrx_word' id='word_1_628' title='bbox 752 5440 1129 5518; x_wconf 83' lang='lat' dir='ltr'>condiuntur,</span> <span class='ocrx_word' id='word_1_629' title='bbox 1187 5441 1560 5516; x_wconf 87' lang='lat' dir='ltr'>intelligitur,</span> <span class='ocrx_word' id='word_1_630' title='bbox 1616 5459 1733 5498; x_wconf 90' lang='lat' dir='ltr'>non</span> <span class='ocrx_word' id='word_1_631' title='bbox 1793 5457 1956 5498; x_wconf 87' lang='lat' dir='ltr'>asse-</span> 
     </span>
    </p>
   </div>
   <div class='ocr_carea' id='block_1_93' title="bbox 383 5651 1418 5724">
    <p class='ocr_par' dir='ltr' id='par_1_93' title="bbox 383 5651 1418 5724">
     <span class='ocr_line' id='line_1_93' title="bbox 383 5651 1418 5724; baseline -0.001 -14"><span class='ocrx_word' id='word_1_632' title='bbox 383 5651 608 5710; x_wconf 73' lang='lat' dir='ltr'>&quot;Joan.</span> <span class='ocrx_word' id='word_1_633' title='bbox 644 5670 718 5722; x_wconf 81' lang='grc' dir='ltr'>ιν,</span> <span class='ocrx_word' id='word_1_634' title='bbox 755 5653 839 5711; x_wconf 88' lang='grc'>18.</span> <span class='ocrx_word' id='word_1_635' title='bbox 873 5654 916 5690; x_wconf 70' lang='lat'><strong>‘3</strong></span> <span class='ocrx_word' id='word_1_636' title='bbox 950 5653 1101 5710; x_wconf 84' lang='lat' dir='ltr'>Psal.</span> <span class='ocrx_word' id='word_1_637' title='bbox 1132 5656 1333 5724; x_wconf 74' lang='lat' dir='ltr'>xxxiii,</span> <span class='ocrx_word' id='word_1_638' title='bbox 1364 5657 1418 5710; x_wconf 84' lang='lat'>9.</span> 
     </span>
    </p>
   </div>
   <div class='ocr_carea' id='block_1_94' title="bbox 2071 3297 3718 3378">
    <p class='ocr_par' dir='ltr' id='par_1_94' title="bbox 2071 3297 3718 3378">
     <span class='ocr_line' id='line_1_94' title="bbox 2071 3297 3718 3378; baseline 0.001 -21"><span class='ocrx_word' id='word_1_639' title='bbox 2071 3301 2122 3357; x_wconf 86' lang='grc' dir='ltr'>ἐν</span> <span class='ocrx_word' id='word_1_640' title='bbox 2154 3307 2233 3374; x_wconf 81' lang='grc' dir='ltr'>τῷ</span> <span class='ocrx_word' id='word_1_641' title='bbox 2265 3300 2386 3376; x_wconf 70' lang='grc' dir='ltr'>ὕψει</span> <span class='ocrx_word' id='word_1_642' title='bbox 2442 3309 2539 3372; x_wconf 74' lang='grc' dir='ltr'>τῆς</span> <span class='ocrx_word' id='word_1_643' title='bbox 2591 3302 2665 3357; x_wconf 77' lang='grc' dir='ltr'>εἷς</span> <span class='ocrx_word' id='word_1_644' title='bbox 2709 3303 2834 3357; x_wconf 86' lang='grc' dir='ltr'>Θεὸν</span> <span class='ocrx_word' id='word_1_645' title='bbox 2881 3301 3138 3372; x_wconf 88' lang='grc' dir='ltr'>πίστεως,</span> <span class='ocrx_word' id='word_1_646' title='bbox 3173 3304 3261 3356; x_wconf 78' lang='grc' dir='ltr'>οἷα</span> <span class='ocrx_word' id='word_1_647' title='bbox 3310 3299 3422 3378; x_wconf 78' lang='grc' dir='ltr'>ὄρει</span> <span class='ocrx_word' id='word_1_648' title='bbox 3456 3297 3718 3359; x_wconf 79' lang='grc' dir='ltr'>Λιϐάνου.</span> 
     </span>
    </p>
   </div>
   <div class='ocr_carea' id='block_1_95' title="bbox 2071 3387 3719 3467">
    <p class='ocr_par' dir='ltr' id='par_1_95' title="bbox 2071 3387 3719 3467">
     <span class='ocr_line' id='line_1_95' title="bbox 2071 3387 3719 3467; baseline -0.002 -22"><span class='ocrx_word' id='word_1_649' title='bbox 2071 3391 2177 3446; x_wconf 81' lang='grc' dir='ltr'>Καὶ</span> <span class='ocrx_word' id='word_1_650' title='bbox 2211 3390 2311 3466; x_wconf 81' lang='grc' dir='ltr'>γὰρ</span> <span class='ocrx_word' id='word_1_651' title='bbox 2344 3387 2539 3464; x_wconf 81' lang='grc' dir='ltr'>νάρδον</span> <span class='ocrx_word' id='word_1_652' title='bbox 2605 3388 2697 3462; x_wconf 83' lang='grc' dir='ltr'>μέν</span> <span class='ocrx_word' id='word_1_653' title='bbox 2751 3410 2905 3467; x_wconf 86' lang='grc' dir='ltr'>φησι,</span> <span class='ocrx_word' id='word_1_654' title='bbox 2945 3391 3044 3459; x_wconf 73' lang='grc' dir='ltr'>τήν</span> <span class='ocrx_word' id='word_1_655' title='bbox 3074 3391 3148 3451; x_wconf 86' lang='grc' dir='ltr'>ὡς</span> <span class='ocrx_word' id='word_1_656' title='bbox 3182 3387 3455 3465; x_wconf 68' lang='grc' dir='ltr'>διαφόρων</span> <span class='ocrx_word' id='word_1_657' title='bbox 3489 3389 3719 3463; x_wconf 82' lang='grc' dir='ltr'>ἀρωμά-</span> 
     </span>
    </p>
   </div>
   <div class='ocr_carea' id='block_1_96' title="bbox 2071 3476 3714 3556">
    <p class='ocr_par' dir='ltr' id='par_1_96' title="bbox 2071 3476 3714 3556">
     <span class='ocr_line' id='line_1_96' title="bbox 2071 3476 3714 3556; baseline -0.002 -22"><span class='ocrx_word' id='word_1_658' title='bbox 2071 3500 2178 3534; x_wconf 89' lang='grc' dir='ltr'>των</span> <span class='ocrx_word' id='word_1_659' title='bbox 2207 3481 2455 3554; x_wconf 86' lang='grc' dir='ltr'>μίγματα</span> <span class='ocrx_word' id='word_1_660' title='bbox 2499 3476 2748 3540; x_wconf 75' lang='grc' dir='ltr'>ὲνοειδῶς</span> <span class='ocrx_word' id='word_1_661' title='bbox 2790 3478 3053 3556; x_wconf 70' lang='grc' dir='ltr'>φέρουσαν</span> <span class='ocrx_word' id='word_1_662' title='bbox 3108 3482 3293 3531; x_wconf 80' lang='grc' dir='ltr'>πασῶν</span> <span class='ocrx_word' id='word_1_663' title='bbox 3342 3481 3451 3531; x_wconf 88' lang='grc' dir='ltr'>τῶν</span> <span class='ocrx_word' id='word_1_664' title='bbox 3510 3478 3714 3550; x_wconf 87' lang='grc' dir='ltr'>ἀρετῶν</span> 
     </span>
    </p>
   </div>
   <div class='ocr_carea' id='block_1_97' title="bbox 2072 3560 3719 3643">
    <p class='ocr_par' dir='ltr' id='par_1_97' title="bbox 2072 3560 3719 3643">
     <span class='ocr_line' id='line_1_97' title="bbox 2072 3560 3719 3643; baseline -0.002 -21"><span class='ocrx_word' id='word_1_665' title='bbox 2072 3567 2199 3629; x_wconf 80' lang='grc' dir='ltr'>τοὺς</span> <span class='ocrx_word' id='word_1_666' title='bbox 2233 3565 2429 3642; x_wconf 72' lang='grc' dir='ltr'>λόγους</span> <span class='ocrx_word' id='word_1_667' title='bbox 2479 3586 2741 3643; x_wconf 80' lang='grc' dir='ltr'>φρονησιν</span> <span class='ocrx_word' id='word_1_668' title='bbox 2775 3585 2787 3598; x_wconf 89' lang='grc'><strong>·</strong></span> <span class='ocrx_word' id='word_1_669' title='bbox 2839 3565 3036 3640; x_wconf 82' lang='grc' dir='ltr'>κρόκον</span> <span class='ocrx_word' id='word_1_670' title='bbox 3088 3563 3166 3634; x_wconf 76' lang='grc' dir='ltr'>δὲ,</span> <span class='ocrx_word' id='word_1_671' title='bbox 3199 3564 3272 3626; x_wconf 79' lang='grc' dir='ltr'>ὡς</span> <span class='ocrx_word' id='word_1_672' title='bbox 3309 3566 3488 3638; x_wconf 70' lang='grc' dir='ltr'>μέσως</span> <span class='ocrx_word' id='word_1_673' title='bbox 3516 3560 3719 3639; x_wconf 82' lang='grc' dir='ltr'>ἔχοντα</span> 
     </span>
    </p>
   </div>
   <div class='ocr_carea' id='block_1_98' title="bbox 2073 3652 3719 3731">
    <p class='ocr_par' dir='ltr' id='par_1_98' title="bbox 2073 3652 3719 3731">
     <span class='ocr_line' id='line_1_98' title="bbox 2073 3652 3719 3731; baseline -0.001 -21"><span class='ocrx_word' id='word_1_674' title='bbox 2073 3655 2280 3731; x_wconf 78' lang='grc' dir='ltr'>ψύξεώς</span> <span class='ocrx_word' id='word_1_675' title='bbox 2326 3676 2384 3710; x_wconf 90' lang='grc' dir='ltr'>τε</span> <span class='ocrx_word' id='word_1_676' title='bbox 2435 3654 2523 3709; x_wconf 86' lang='grc' dir='ltr'>καὶ</span> <span class='ocrx_word' id='word_1_677' title='bbox 2598 3655 2955 3728; x_wconf 81' lang='grc' dir='ltr'>θερμότητος,</span> <span class='ocrx_word' id='word_1_678' title='bbox 3040 3655 3129 3708; x_wconf 79' lang='grc' dir='ltr'>καὶ</span> <span class='ocrx_word' id='word_1_679' title='bbox 3194 3654 3295 3721; x_wconf 74' lang='grc' dir='ltr'>τὴν</span> <span class='ocrx_word' id='word_1_680' title='bbox 3355 3652 3434 3730; x_wconf 85' lang='grc' dir='ltr'>ἐφ’</span> <span class='ocrx_word' id='word_1_681' title='bbox 3492 3653 3719 3728; x_wconf 72' lang='grc' dir='ltr'>ἑκάτερα</span> 
     </span>
    </p>
   </div>
   <div class='ocr_carea' id='block_1_99' title="bbox 2069 3741 3716 3820">
    <p class='ocr_par' dir='ltr' id='par_1_99' title="bbox 2069 3741 3716 3820">
     <span class='ocr_line' id='line_1_99' title="bbox 2069 3741 3716 3820; baseline -0.002 -20"><span class='ocrx_word' id='word_1_682' title='bbox 2069 3743 2326 3818; x_wconf 83' lang='grc' dir='ltr'>ἀμετρίαν</span> <span class='ocrx_word' id='word_1_683' title='bbox 2376 3743 2721 3820; x_wconf 79' lang='grc' dir='ltr'>ἐκφεύγοντα,</span> <span class='ocrx_word' id='word_1_684' title='bbox 2783 3744 2881 3811; x_wconf 75' lang='grc' dir='ltr'>την</span> <span class='ocrx_word' id='word_1_685' title='bbox 2951 3742 3046 3805; x_wconf 82' lang='grc' dir='ltr'>τάς</span> <span class='ocrx_word' id='word_1_686' title='bbox 3123 3741 3398 3804; x_wconf 70' lang='grc' dir='ltr'>ἐλλείψεις</span> <span class='ocrx_word' id='word_1_687' title='bbox 3473 3741 3564 3796; x_wconf 86' lang='grc' dir='ltr'>καὶ</span> <span class='ocrx_word' id='word_1_688' title='bbox 3617 3743 3716 3805; x_wconf 83' lang='grc' dir='ltr'>τὰς</span> 
     </span>
    </p>
   </div>
   <div class='ocr_carea' id='block_1_100' title="bbox 2069 3827 3717 3908">
    <p class='ocr_par' dir='ltr' id='par_1_100' title="bbox 2069 3827 3717 3908">
     <span class='ocr_line' id='line_1_100' title="bbox 2069 3827 3717 3908; baseline -0.001 -21"><span class='ocrx_word' id='word_1_689' title='bbox 2069 3829 2376 3908; x_wconf 78' lang='grc' dir='ltr'>ὑπερϐολὰς</span> <span class='ocrx_word' id='word_1_690' title='bbox 2451 3835 2559 3885; x_wconf 81' lang='grc' dir='ltr'>τῶν</span> <span class='ocrx_word' id='word_1_691' title='bbox 2640 3833 2844 3906; x_wconf 87' lang='grc' dir='ltr'>ἀρετῶν</span> <span class='ocrx_word' id='word_1_692' title='bbox 2947 3827 3431 3907; x_wconf 84' lang='grc' dir='ltr'>διαδιδράσκουσαν</span> <span class='ocrx_word' id='word_1_693' title='bbox 3503 3828 3717 3886; x_wconf 88' lang='grc' dir='ltr'>δικαιο-</span> 
     </span>
    </p>
   </div>
   <div class='ocr_carea' id='block_1_101' title="bbox 2340 3918 3715 3998">
    <p class='ocr_par' dir='ltr' id='par_1_101' title="bbox 2340 3918 3715 3998">
     <span class='ocr_line' id='line_1_101' title="bbox 2340 3918 3715 3998; baseline -0.001 -23"><span class='ocrx_word' id='word_1_694' title='bbox 2340 3920 2591 3994; x_wconf 85' lang='grc' dir='ltr'>κάλαμον</span> <span class='ocrx_word' id='word_1_695' title='bbox 2669 3918 2746 3993; x_wconf 74' lang='grc' dir='ltr'>δὲ,</span> <span class='ocrx_word' id='word_1_696' title='bbox 2825 3920 3106 3995; x_wconf 85' lang='grc' dir='ltr'>γλυκεῖαν,</span> <span class='ocrx_word' id='word_1_697' title='bbox 3191 3919 3264 3982; x_wconf 79' lang='grc' dir='ltr'>ὠς</span> <span class='ocrx_word' id='word_1_698' title='bbox 3318 3919 3569 3998; x_wconf 85' lang='grc' dir='ltr'>κούφην,</span> <span class='ocrx_word' id='word_1_699' title='bbox 3626 3920 3715 3976; x_wconf 85' lang='grc' dir='ltr'>καὶ</span> 
     </span>
    </p>
   </div>
   <div class='ocr_carea' id='block_1_102' title="bbox 2069 4008 3716 4088">
    <p class='ocr_par' dir='ltr' id='par_1_102' title="bbox 2069 4008 3716 4088">
     <span class='ocr_line' id='line_1_102' title="bbox 2069 4008 3716 4088; baseline -0.002 -22"><span class='ocrx_word' id='word_1_700' title='bbox 2069 4012 2144 4074; x_wconf 82' lang='grc' dir='ltr'>εἷς</span> <span class='ocrx_word' id='word_1_701' title='bbox 2200 4010 2332 4085; x_wconf 75' lang='grc' dir='ltr'>ὕψος</span> <span class='ocrx_word' id='word_1_702' title='bbox 2383 4012 2580 4072; x_wconf 73' lang='grc' dir='ltr'>ἱκανῶς</span> <span class='ocrx_word' id='word_1_703' title='bbox 2659 4009 3062 4085; x_wconf 82' lang='grc' dir='ltr'>ἀνατρέχουσαν</span> <span class='ocrx_word' id='word_1_704' title='bbox 3128 4011 3227 4078; x_wconf 69' lang='grc' dir='ltr'>τὴν</span> <span class='ocrx_word' id='word_1_705' title='bbox 3310 4008 3666 4088; x_wconf 78' lang='grc' dir='ltr'>σωφροσύνην</span> <span class='ocrx_word' id='word_1_706' title='bbox 3703 4027 3716 4041; x_wconf 79' lang='grc'><strong>⁸</strong></span> 
     </span>
    </p>
   </div>
   <div class='ocr_carea' id='block_1_103' title="bbox 2067 4097 3722 4175">
    <p class='ocr_par' dir='ltr' id='par_1_103' title="bbox 2067 4097 3722 4175">
     <span class='ocr_line' id='line_1_103' title="bbox 2067 4097 3722 4175; baseline -0.003 -20"><span class='ocrx_word' id='word_1_707' title='bbox 2067 4099 2190 4170; x_wconf 74' lang='grc' dir='ltr'>ἤτις</span> <span class='ocrx_word' id='word_1_708' title='bbox 2275 4103 2533 4175; x_wconf 82' lang='grc' dir='ltr'>σαρκικοῦ</span> <span class='ocrx_word' id='word_1_709' title='bbox 2617 4100 2817 4175; x_wconf 80' lang='grc' dir='ltr'>βάρους</span> <span class='ocrx_word' id='word_1_710' title='bbox 2901 4101 2998 4166; x_wconf 78' lang='grc' dir='ltr'>την</span> <span class='ocrx_word' id='word_1_711' title='bbox 3086 4097 3373 4172; x_wconf 83' lang='grc' dir='ltr'>ἐπιθυμίαν</span> <span class='ocrx_word' id='word_1_712' title='bbox 3453 4097 3722 4174; x_wconf 80' lang='grc' dir='ltr'>κουφίζει,</span> 
     </span>
    </p>
   </div>
   <div class='ocr_carea' id='block_1_104' title="bbox 2067 4186 3724 4263">
    <p class='ocr_par' dir='ltr' id='par_1_104' title="bbox 2067 4186 3724 4263">
     <span class='ocr_line' id='line_1_104' title="bbox 2067 4186 3724 4263; baseline -0.002 -19"><span class='ocrx_word' id='word_1_713' title='bbox 2067 4192 2157 4245; x_wconf 85' lang='grc' dir='ltr'>καὶ</span> <span class='ocrx_word' id='word_1_714' title='bbox 2213 4190 2342 4263; x_wconf 76' lang='grc' dir='ltr'>ὑψοῖ</span> <span class='ocrx_word' id='word_1_715' title='bbox 2405 4189 2541 4262; x_wconf 89' lang='grc' dir='ltr'>πρὸς</span> <span class='ocrx_word' id='word_1_716' title='bbox 2617 4190 2683 4242; x_wconf 76' lang='grc' dir='ltr'>τα</span> <span class='ocrx_word' id='word_1_717' title='bbox 2757 4189 3094 4262; x_wconf 83' lang='grc' dir='ltr'>πνευματικά</span> <span class='ocrx_word' id='word_1_718' title='bbox 3165 4187 3256 4242; x_wconf 81' lang='grc' dir='ltr'>καὶ</span> <span class='ocrx_word' id='word_1_719' title='bbox 3328 4188 3572 4262; x_wconf 84' lang='grc' dir='ltr'>οὑράνια.</span> <span class='ocrx_word' id='word_1_720' title='bbox 3631 4186 3724 4241; x_wconf 82' lang='grc' dir='ltr'>καὶ</span> 
     </span>
    </p>
   </div>
   <div class='ocr_carea' id='block_1_105' title="bbox 2067 4273 3723 4354">
    <p class='ocr_par' dir='ltr' id='par_1_105' title="bbox 2067 4273 3723 4354">
     <span class='ocr_line' id='line_1_105' title="bbox 2067 4273 3723 4354; baseline -0.002 -20"><span class='ocrx_word' id='word_1_721' title='bbox 2067 4287 2165 4349; x_wconf 83' lang='grc' dir='ltr'>τῆς</span> <span class='ocrx_word' id='word_1_722' title='bbox 2246 4283 2453 4333; x_wconf 78' lang='grc' dir='ltr'>τοῦτων</span> <span class='ocrx_word' id='word_1_723' title='bbox 2552 4276 2895 4353; x_wconf 79' lang='grc' dir='ltr'>γλυκύτητος</span> <span class='ocrx_word' id='word_1_724' title='bbox 2978 4277 3073 4332; x_wconf 80' lang='grc' dir='ltr'>τὸν</span> <span class='ocrx_word' id='word_1_725' title='bbox 3151 4280 3277 4331; x_wconf 77' lang='grc' dir='ltr'>νοῦν</span> <span class='ocrx_word' id='word_1_726' title='bbox 3365 4273 3723 4354; x_wconf 82' lang='grc' dir='ltr'>ἐμφορεῖσθαι</span> 
     </span>
    </p>
   </div>
   <div class='ocr_carea' id='block_1_106' title="bbox 2068 4361 3726 4441">
    <p class='ocr_par' dir='ltr' id='par_1_106' title="bbox 2068 4361 3726 4441">
     <span class='ocr_line' id='line_1_106' title="bbox 2068 4361 3726 4441; baseline -0.004 -18"><span class='ocrx_word' id='word_1_727' title='bbox 2068 4374 2217 4423; x_wconf 88' lang='grc' dir='ltr'>ποιεῖ</span> <span class='ocrx_word' id='word_1_728' title='bbox 2245 4387 2256 4399; x_wconf 87' lang='grc'><strong>·</strong></span> <span class='ocrx_word' id='word_1_729' title='bbox 2290 4367 2378 4422; x_wconf 68' lang='grc' dir='ltr'><strong>καῖ</strong></span> <span class='ocrx_word' id='word_1_730' title='bbox 2402 4367 2752 4440; x_wconf 86' lang='grc' dir='ltr'>κινάμωμον,</span> <span class='ocrx_word' id='word_1_731' title='bbox 2786 4366 2860 4426; x_wconf 82' lang='grc' dir='ltr'>ὡς</span> <span class='ocrx_word' id='word_1_732' title='bbox 2909 4366 3109 4441; x_wconf 83' lang='grc' dir='ltr'>θερμὸν</span> <span class='ocrx_word' id='word_1_733' title='bbox 3159 4365 3248 4420; x_wconf 78' lang='grc' dir='ltr'>καὶ</span> <span class='ocrx_word' id='word_1_734' title='bbox 3303 4361 3430 4434; x_wconf 78' lang='grc' dir='ltr'>ἡδὺ,</span> <span class='ocrx_word' id='word_1_735' title='bbox 3461 4364 3560 4432; x_wconf 78' lang='grc' dir='ltr'>τήν</span> <span class='ocrx_word' id='word_1_736' title='bbox 3595 4362 3726 4435; x_wconf 83' lang='grc' dir='ltr'>θείῳ</span> 
     </span>
    </p>
   </div>
   <div class='ocr_carea' id='block_1_107' title="bbox 2080 4449 3724 4532">
    <p class='ocr_par' dir='ltr' id='par_1_107' title="bbox 2080 4449 3724 4532">
     <span class='ocr_line' id='line_1_107' title="bbox 2080 4449 3724 4532; baseline -0.005 -18"><span class='ocrx_word' id='word_1_737' title='bbox 2080 4457 2236 4530; x_wconf 75' lang='grc' dir='ltr'>ζήλῳ</span> <span class='ocrx_word' id='word_1_738' title='bbox 2267 4458 2618 4532; x_wconf 62' lang='grc' dir='ltr'>πυς-ογμένην</span> <span class='ocrx_word' id='word_1_739' title='bbox 2677 4457 2814 4510; x_wconf 75' lang='grc' dir='ltr'>κατά</span> <span class='ocrx_word' id='word_1_740' title='bbox 2861 4451 3106 4517; x_wconf 86' lang='grc' dir='ltr'>ἀσεϐείας</span> <span class='ocrx_word' id='word_1_741' title='bbox 3163 4454 3253 4509; x_wconf 80' lang='grc' dir='ltr'>καὶ</span> <span class='ocrx_word' id='word_1_742' title='bbox 3298 4453 3485 4514; x_wconf 86' lang='grc' dir='ltr'>κακίας</span> <span class='ocrx_word' id='word_1_743' title='bbox 3508 4449 3724 4526; x_wconf 85' lang='grc' dir='ltr'>ἀνδρεί-</span> 
     </span>
    </p>
   </div>
   <div class='ocr_carea' id='block_1_108' title="bbox 2230 4541 3724 4617">
    <p class='ocr_par' dir='ltr' id='par_1_108' title="bbox 2230 4541 3724 4617">
     <span class='ocr_line' id='line_1_108' title="bbox 2230 4541 3724 4617; baseline -0.003 -18"><span class='ocrx_word' id='word_1_744' title='bbox 2230 4545 2265 4615; x_wconf 56' lang='lat' dir='ltr'><strong>ﬁ</strong></span> <span class='ocrx_word' id='word_1_745' title='bbox 2330 4547 2416 4600; x_wconf 70' lang='grc' dir='ltr'>καὶ</span> <span class='ocrx_word' id='word_1_746' title='bbox 2467 4544 2625 4616; x_wconf 78' lang='grc' dir='ltr'>ἡδεῖά</span> <span class='ocrx_word' id='word_1_747' title='bbox 2672 4545 2782 4600; x_wconf 82' lang='grc' dir='ltr'>ἐστι</span> <span class='ocrx_word' id='word_1_748' title='bbox 2840 4541 2929 4598; x_wconf 77' lang='grc' dir='ltr'>διὰ</span> <span class='ocrx_word' id='word_1_749' title='bbox 2974 4549 3072 4599; x_wconf 74' lang='grc' dir='ltr'>τοῦ</span> <span class='ocrx_word' id='word_1_750' title='bbox 3127 4545 3329 4605; x_wconf 87' lang='grc' dir='ltr'>παντὸς</span> <span class='ocrx_word' id='word_1_751' title='bbox 3360 4541 3533 4598; x_wconf 77' lang='grc' dir='ltr'>καλοῦ</span> <span class='ocrx_word' id='word_1_752' title='bbox 3561 4542 3724 4617; x_wconf 85' lang='grc' dir='ltr'>ὑπερ-</span> 
     </span>
    </p>
   </div>
   <div class='ocr_carea' id='block_1_109' title="bbox 2069 4628 3723 4710">
    <p class='ocr_par' dir='ltr' id='par_1_109' title="bbox 2069 4628 3723 4710">
     <span class='ocr_line' id='line_1_109' title="bbox 2069 4628 3723 4710; baseline -0.005 -20"><span class='ocrx_word' id='word_1_753' title='bbox 2069 4634 2448 4710; x_wconf 86' lang='grc' dir='ltr'>αγωνίζεσθαι.</span> <span class='ocrx_word' id='word_1_754' title='bbox 2508 4633 2584 4691; x_wconf 83' lang='grc' dir='ltr'>Οὐ</span> <span class='ocrx_word' id='word_1_755' title='bbox 2623 4633 2788 4705; x_wconf 64' lang='grc' dir='ltr'>μόλον</span> <span class='ocrx_word' id='word_1_756' title='bbox 2839 4630 2898 4687; x_wconf 73' lang='grc' dir='ltr'>δὲ</span> <span class='ocrx_word' id='word_1_757' title='bbox 2939 4636 3108 4687; x_wconf 81' lang='grc' dir='ltr'>ταῦτα</span> <span class='ocrx_word' id='word_1_758' title='bbox 3155 4637 3275 4693; x_wconf 84' lang='grc' dir='ltr'>ταῖς</span> <span class='ocrx_word' id='word_1_759' title='bbox 3309 4628 3723 4702; x_wconf 64' lang='grc' dir='ltr'>διδαηομέναις</span> 
     </span>
    </p>
   </div>
   <div class='ocr_carea' id='block_1_110' title="bbox 2069 4715 3724 4798">
    <p class='ocr_par' dir='ltr' id='par_1_110' title="bbox 2069 4715 3724 4798">
     <span class='ocr_line' id='line_1_110' title="bbox 2069 4715 3724 4798; baseline -0.005 -18"><span class='ocrx_word' id='word_1_760' title='bbox 2069 4726 2120 4780; x_wconf 76' lang='lat' dir='ltr'>oi.</span> <span class='ocrx_word' id='word_1_761' title='bbox 2180 4721 2557 4779; x_wconf 86' lang='grc' dir='ltr'>διδασκαλικοὶ</span> <span class='ocrx_word' id='word_1_762' title='bbox 2615 4720 2774 4798; x_wconf 82' lang='grc' dir='ltr'>λόγοι</span> <span class='ocrx_word' id='word_1_763' title='bbox 2831 4727 2931 4790; x_wconf 81' lang='grc' dir='ltr'>τῆς</span> <span class='ocrx_word' id='word_1_764' title='bbox 2981 4720 3199 4795; x_wconf 82' lang='grc' dir='ltr'>νύμφης</span> <span class='ocrx_word' id='word_1_765' title='bbox 3251 4719 3508 4797; x_wconf 83' lang='grc' dir='ltr'>γίνονται.</span> <span class='ocrx_word' id='word_1_766' title='bbox 3575 4715 3724 4773; x_wconf 84' lang='grc' dir='ltr'>ἀλλά</span> 
     </span>
    </p>
   </div>
   <div class='ocr_carea' id='block_1_111' title="bbox 2070 4807 3718 4888">
    <p class='ocr_par' dir='ltr' id='par_1_111' title="bbox 2070 4807 3718 4888">
     <span class='ocr_line' id='line_1_111' title="bbox 2070 4807 3718 4888; baseline -0.005 -20"><span class='ocrx_word' id='word_1_767' title='bbox 2070 4813 2284 4888; x_wconf 68' lang='grc' dir='ltr'>σμύρνα</span> <span class='ocrx_word' id='word_1_768' title='bbox 2363 4813 2453 4868; x_wconf 80' lang='grc' dir='ltr'>καὶ</span> <span class='ocrx_word' id='word_1_769' title='bbox 2539 4807 2680 4880; x_wconf 87' lang='grc' dir='ltr'>ἀλόη</span> <span class='ocrx_word' id='word_1_770' title='bbox 2775 4809 2909 4883; x_wconf 88' lang='grc' dir='ltr'>μετά</span> <span class='ocrx_word' id='word_1_771' title='bbox 2976 4809 3192 4864; x_wconf 85' lang='grc' dir='ltr'>πάντων</span> <span class='ocrx_word' id='word_1_772' title='bbox 3267 4813 3376 4863; x_wconf 91' lang='grc' dir='ltr'>τῶν</span> <span class='ocrx_word' id='word_1_773' title='bbox 3434 4807 3667 4881; x_wconf 85' lang='grc' dir='ltr'>πρώτων</span> <span class='ocrx_word' id='word_1_774' title='bbox 3704 4823 3718 4838; x_wconf 83' lang='grc'><strong><em>⁸</em></strong></span> 
     </span>
    </p>
   </div>
   <div class='ocr_carea' id='block_1_112' title="bbox 2067 4897 3721 4977">
    <p class='ocr_par' dir='ltr' id='par_1_112' title="bbox 2067 4897 3721 4977">
     <span class='ocr_line' id='line_1_112' title="bbox 2067 4897 3721 4977; baseline -0.006 -18"><span class='ocrx_word' id='word_1_775' title='bbox 2067 4901 2217 4973; x_wconf 74' lang='grc' dir='ltr'>ἤτοι,</span> <span class='ocrx_word' id='word_1_776' title='bbox 2271 4903 2531 4977; x_wconf 80' lang='grc' dir='ltr'>νέκρωσις</span> <span class='ocrx_word' id='word_1_777' title='bbox 2601 4903 2700 4954; x_wconf 80' lang='grc' dir='ltr'>τοῦ</span> <span class='ocrx_word' id='word_1_778' title='bbox 2776 4901 3034 4974; x_wconf 81' lang='grc' dir='ltr'>σαρκικοῦ</span> <span class='ocrx_word' id='word_1_779' title='bbox 3097 4898 3305 4954; x_wconf 87' lang='grc' dir='ltr'>τούτων</span> <span class='ocrx_word' id='word_1_780' title='bbox 3367 4897 3721 4974; x_wconf 78' lang='grc' dir='ltr'>φρονήματος</span> 
     </span>
    </p>
   </div>
   <div class='ocr_carea' id='block_1_113' title="bbox 2074 4981 3721 5066">
    <p class='ocr_par' dir='ltr' id='par_1_113' title="bbox 2074 4981 3721 5066">
     <span class='ocr_line' id='line_1_113' title="bbox 2074 4981 3721 5066; baseline -0.007 -18"><span class='ocrx_word' id='word_1_781' title='bbox 2074 4994 2208 5066; x_wconf 80' lang='grc' dir='ltr'>μετά</span> <span class='ocrx_word' id='word_1_782' title='bbox 2238 4993 2453 5046; x_wconf 87' lang='grc' dir='ltr'>πάντων</span> <span class='ocrx_word' id='word_1_783' title='bbox 2486 4994 2593 5044; x_wconf 86' lang='grc' dir='ltr'>τῶν</span> <span class='ocrx_word' id='word_1_784' title='bbox 2626 4988 2858 5062; x_wconf 83' lang='grc' dir='ltr'>πρώτων</span> <span class='ocrx_word' id='word_1_785' title='bbox 2906 4992 3014 5042; x_wconf 89' lang='grc' dir='ltr'>τῶν</span> <span class='ocrx_word' id='word_1_786' title='bbox 3047 4985 3530 5063; x_wconf 80' lang='grc' dir='ltr'>ψυχαγωγούντων</span> <span class='ocrx_word' id='word_1_787' title='bbox 3565 4981 3721 5054; x_wconf 84' lang='grc' dir='ltr'>δίκην</span> 
     </span>
    </p>
   </div>
   <div class='ocr_carea' id='block_1_114' title="bbox 2075 5074 3722 5157">
    <p class='ocr_par' dir='ltr' id='par_1_114' title="bbox 2075 5074 3722 5157">
     <span class='ocr_line' id='line_1_114' title="bbox 2075 5074 3722 5157; baseline -0.005 -21"><span class='ocrx_word' id='word_1_788' title='bbox 2075 5083 2261 5157; x_wconf 84' lang='grc' dir='ltr'>μύρων</span> <span class='ocrx_word' id='word_1_789' title='bbox 2319 5079 2674 5155; x_wconf 82' lang='grc' dir='ltr'>χαρισμάτων</span> <span class='ocrx_word' id='word_1_790' title='bbox 2706 5081 2803 5131; x_wconf 80' lang='grc' dir='ltr'>τοῦ</span> <span class='ocrx_word' id='word_1_791' title='bbox 2850 5077 3182 5149; x_wconf 86' lang='grc' dir='ltr'>Πνεύματος.</span> <span class='ocrx_word' id='word_1_792' title='bbox 3219 5076 3280 5133; x_wconf 79' lang='lat' dir='ltr'>Ei</span> <span class='ocrx_word' id='word_1_793' title='bbox 3344 5075 3419 5148; x_wconf 81' lang='grc' dir='ltr'>μή</span> <span class='ocrx_word' id='word_1_794' title='bbox 3452 5074 3556 5150; x_wconf 80' lang='grc' dir='ltr'>γὰρ</span> <span class='ocrx_word' id='word_1_795' title='bbox 3588 5093 3722 5151; x_wconf 83' lang='grc' dir='ltr'>φρο-</span> 
     </span>
    </p>
   </div>
   <div class='ocr_carea' id='block_1_115' title="bbox 2069 5161 3725 5244">
    <p class='ocr_par' dir='ltr' id='par_1_115' title="bbox 2069 5161 3725 5244">
     <span class='ocr_line' id='line_1_115' title="bbox 2069 5161 3725 5244; baseline -0.006 -19"><span class='ocrx_word' id='word_1_796' title='bbox 2069 5173 2208 5244; x_wconf 75' lang='grc' dir='ltr'>νήσῃ</span> <span class='ocrx_word' id='word_1_797' title='bbox 2243 5173 2458 5230; x_wconf 82' lang='grc' dir='ltr'>πάντως</span> <span class='ocrx_word' id='word_1_798' title='bbox 2515 5171 2548 5236; x_wconf 83' lang='grc' dir='ltr'>ἠ</span> <span class='ocrx_word' id='word_1_799' title='bbox 2626 5167 2780 5242; x_wconf 73' lang='grc' dir='ltr'>ψυχὴ</span> <span class='ocrx_word' id='word_1_800' title='bbox 2839 5166 2905 5220; x_wconf 85' lang='grc' dir='ltr'>τά</span> <span class='ocrx_word' id='word_1_801' title='bbox 2959 5170 3056 5220; x_wconf 77' lang='grc' dir='ltr'>τοῦ</span> <span class='ocrx_word' id='word_1_802' title='bbox 3126 5164 3458 5238; x_wconf 82' lang='grc' dir='ltr'>ΙΙνεύματος,</span> <span class='ocrx_word' id='word_1_803' title='bbox 3519 5163 3606 5216; x_wconf 82' lang='grc' dir='ltr'>καὶ</span> <span class='ocrx_word' id='word_1_804' title='bbox 3657 5161 3725 5216; x_wconf 78' lang='grc' dir='ltr'>τὰ</span> 
     </span>
    </p>
   </div>
   <div class='ocr_carea' id='block_1_116' title="bbox 2075 5245 3725 5334">
    <p class='ocr_par' dir='ltr' id='par_1_116' title="bbox 2075 5245 3725 5334">
     <span class='ocr_line' id='line_1_116' title="bbox 2075 5245 3725 5334; baseline -0.006 -21"><span class='ocrx_word' id='word_1_805' title='bbox 2075 5261 2309 5334; x_wconf 84' lang='grc' dir='ltr'>πανάγια</span> <span class='ocrx_word' id='word_1_806' title='bbox 2364 5258 2560 5311; x_wconf 75' lang='grc' dir='ltr'>τούτου</span> <span class='ocrx_word' id='word_1_807' title='bbox 2612 5253 2825 5327; x_wconf 67' lang='grc' dir='ltr'>δέξηται</span> <span class='ocrx_word' id='word_1_808' title='bbox 2887 5253 3219 5329; x_wconf 81' lang='grc' dir='ltr'>χαρίσματα,</span> <span class='ocrx_word' id='word_1_809' title='bbox 3279 5254 3342 5308; x_wconf 91' lang='grc' dir='ltr'>τὸ</span> <span class='ocrx_word' id='word_1_810' title='bbox 3400 5256 3495 5307; x_wconf 76' lang='grc' dir='ltr'>τοῦ</span> <span class='ocrx_word' id='word_1_811' title='bbox 3553 5245 3725 5328; x_wconf 79' lang='grc' dir='ltr'>φόϐου</span> 
     </span>
    </p>
   </div>
   <div class='ocr_carea' id='block_1_117' title="bbox 2070 5338 3722 5427">
    <p class='ocr_par' dir='ltr' id='par_1_117' title="bbox 2070 5338 3722 5427">
     <span class='ocr_line' id='line_1_117' title="bbox 2070 5338 3722 5427; baseline -0.007 -23"><span class='ocrx_word' id='word_1_812' title='bbox 2070 5351 2212 5427; x_wconf 73' lang='grc' dir='ltr'>φημὶ</span> <span class='ocrx_word' id='word_1_813' title='bbox 2267 5349 2357 5402; x_wconf 77' lang='grc' dir='ltr'>καὶ</span> <span class='ocrx_word' id='word_1_814' title='bbox 2417 5349 2479 5400; x_wconf 78' lang='grc' dir='ltr'>τὸ</span> <span class='ocrx_word' id='word_1_815' title='bbox 2515 5349 2610 5415; x_wconf 75' lang='grc' dir='ltr'>τῆς</span> <span class='ocrx_word' id='word_1_816' title='bbox 2661 5343 2876 5419; x_wconf 83' lang='grc' dir='ltr'>ἰσχύος,</span> <span class='ocrx_word' id='word_1_817' title='bbox 2924 5344 3011 5398; x_wconf 82' lang='grc' dir='ltr'>καὶ</span> <span class='ocrx_word' id='word_1_818' title='bbox 3046 5344 3108 5398; x_wconf 86' lang='grc' dir='ltr'>τὸ</span> <span class='ocrx_word' id='word_1_819' title='bbox 3156 5350 3255 5412; x_wconf 80' lang='grc' dir='ltr'>τῆς</span> <span class='ocrx_word' id='word_1_820' title='bbox 3291 5340 3518 5417; x_wconf 85' lang='grc' dir='ltr'>βουλῆς,</span> <span class='ocrx_word' id='word_1_821' title='bbox 3551 5338 3722 5394; x_wconf 83' lang='grc' dir='ltr'>καὶτὸ</span> 
     </span>
    </p>
   </div>
   <div class='ocr_carea' id='block_1_118' title="bbox 2065 5428 3718 5510">
    <p class='ocr_par' dir='ltr' id='par_1_118' title="bbox 2065 5428 3718 5510">
     <span class='ocr_line' id='line_1_118' title="bbox 2065 5428 3718 5510; baseline -0.007 -16"><span class='ocrx_word' id='word_1_822' title='bbox 2065 5443 2164 5505; x_wconf 81' lang='grc' dir='ltr'>τῆς</span> <span class='ocrx_word' id='word_1_823' title='bbox 2250 5437 2584 5510; x_wconf 73' lang='grc' dir='ltr'>ἐπιστήμης,</span> <span class='ocrx_word' id='word_1_824' title='bbox 2659 5435 2746 5489; x_wconf 78' lang='grc' dir='ltr'>καὶ</span> <span class='ocrx_word' id='word_1_825' title='bbox 2823 5432 2886 5488; x_wconf 88' lang='grc' dir='ltr'>τὸ</span> <span class='ocrx_word' id='word_1_826' title='bbox 2961 5439 3062 5502; x_wconf 79' lang='grc' dir='ltr'>τῆς</span> <span class='ocrx_word' id='word_1_827' title='bbox 3147 5431 3420 5507; x_wconf 84' lang='grc' dir='ltr'>γνώσεως,</span> <span class='ocrx_word' id='word_1_828' title='bbox 3499 5429 3589 5485; x_wconf 81' lang='grc' dir='ltr'>καὶ</span> <span class='ocrx_word' id='word_1_829' title='bbox 3655 5428 3718 5482; x_wconf 88' lang='grc' dir='ltr'>τὸ</span> 
     </span>
    </p>
   </div>
   <div class='ocr_carea' id='block_1_119' title="bbox 2069 3922 2279 3992">
    <p class='ocr_par' dir='ltr' id='par_1_119' title="bbox 2069 3922 2279 3992">
     <span class='ocr_line' id='line_1_119' title="bbox 2069 3922 2279 3992; baseline -0.01 -15"><span class='ocrx_word' id='word_1_830' title='bbox 2069 3922 2234 3992; x_wconf 83' lang='grc' dir='ltr'>σύνην</span> <span class='ocrx_word' id='word_1_831' title='bbox 2269 3942 2279 3954; x_wconf 90' lang='grc'><strong>·</strong></span> 
     </span>
    </p>
   </div>
  </div>
