4046 6144
313 285 428 344 629

1355 283 1767 346 COMMENT.
1816 284 1893 344 IN
1941 282 2345 343 CANTICUM
2393 281 2700 343 CANTIC.

3615 283 3735 343 630

309 419 406 484 τῆς
461 411 773 480 συνέσεως,
831 412 922 467 καὶ
989 414 1052 468 τὸ
1136 421 1238 484 τῆς
1323 413 1535 492 σοφίας,
1594 412 1783 476 ἄλλως
1862 416 1954 468 τοῦ

2086 415 2452 486 queturJlmc
2485 431 2712 484 sponsae
2743 414 3020 470 instituta
3051 422 3108 470 et
3140 414 3464 487 disciplinis
3493 414 3555 471 in
3605 417 3733 474 ani~

313 506 572 580 σαρκικοῦ
657 503 1009 580 φρονήματος
1068 502 1190 558 ὀὐκ
1266 502 1554 580 ἐνεργεῖται
1639 507 1674 574 ἡ
1750 504 1964 578 νέκρω-

313 613 438 654 σις·
510 593 578 661 ἧς
659 589 942 662 δηλωτικά
997 594 1032 664 ἡ
1091 592 1300 668 σμύρνα
1381 594 1471 648 καὶ
1542 595 1578 662 ἡ
1649 591 1812 664 ἀλόη,
1891 592 1964 654 ὡς

312 686 511 756 νεκρῶν
555 681 823 754 σωμάτων
870 680 1324 758 ἀρωματίσματα.
1361 683 1524 740 Οὗτοι
1579 681 1634 737 δὲ
1694 682 1742 737 οἱ
1807 679 1965 756 λόγοι

311 776 424 832 ταῖς
487 767 907 843 διδασκομὲναις
969 770 1071 826 εἶσὶ
1125 770 1215 826 καί
1263 772 1413 848 πηγή
1448 774 1669 842 κήπων,
1704 772 1777 835 ὡς
1832 791 1966 847 προ-

316 861 528 936 χὶοντες
557 859 658 928 τὴν
719 857 1071 935 ἀρδεύουσαν,
1103 865 1328 935 γνῶσιν,
1365 862 1458 923 τὰς
1511 862 1601 915 οἶά
1657 881 1777 915 τινα
1831 861 1970 938 φυτὰ

320 947 714 1026 πεφυτευμένας
790 947 842 1003 ἐν
930 948 1117 1012 αὑταῖς
1205 947 1515 1014 πολυειδεῖς
1599 948 1812 1026 ἀρετάς.
1872 948 1968 1004 Καὶ

321 1037 484 1113 φρέαρ
547 1035 742 1101 ὕδατος
835 1043 1053 1112 ζῶντος,
1125 1039 1214 1094 καὶ
1297 1038 1608 1113 ῥοιζοῦντος
1687 1039 1792 1094 ἀπὸ
1874 1043 1970 1094 τοῦ

318 1122 590 1183 Λιϐάνου·
652 1126 847 1201 ἤγουν,
915 1127 1077 1203 βάθος
1139 1129 1282 1192 θείας
1347 1129 1436 1183 καὶ
1492 1128 1721 1198 ἀειζώου
1783 1128 1971 1208 σοφίας

318 1217 566 1293 ἡχούσης
621 1214 1021 1280 διδασκαλικῶς
1078 1219 1144 1272 τὰ
1200 1224 1315 1280 τοῖς
1372 1215 1608 1280 πολλοῖς
1665 1216 1973 1288 ἀδιεξίτητα

316 1307 426 1361 θεῖα
461 1308 764 1382 μυστήρια,
809 1305 988 1382 ὥσπερ
1041 1307 1146 1362 ἀπὸ
1206 1303 1447 1363 Λιϐάνου
1495 1311 1590 1361 τοῦ
1651 1307 1816 1381 ὕψους
1874 1310 1972 1377 τῆς

323 1396 395 1457 εἷς
456 1395 586 1450 Θεὸν
637 1396 894 1458 πίστεως.
955 1396 1105 1453 Ἐπεὶ
1161 1393 1218 1451 δί
1290 1393 1615 1472 παράδεισον
1675 1395 1804 1457 τοὺς
1874 1403 1971 1465 τῆς

317 1483 536 1561 νύμφης
569 1480 988 1547 διδασκαλικοὺς
1049 1484 1248 1561 λόγους
1279 1486 1306 1540 ὁ
1336 1485 1570 1563 νυμφίος
1631 1484 1866 1562 εἶ’ρηκεν,
1899 1486 1976 1548 ὡς

319 1570 650 1644 δεδήλωται·
685 1580 862 1644 κῆπος
923 1571 978 1629 δέ
1035 1573 1177 1629 ἐστιν
1235 1576 1263 1629 ὁ
1317 1573 1665 1651 παράδεισος»
1710 1576 1785 1638 ὡς
1842 1595 1974 1629 παν·

315 1661 478 1717 τοίων
535 1667 714 1740 φυτῶν
775 1663 1028 1738 χωρίον’
1085 1669 1276 1733 κῆπος
1340 1661 1442 1739 ἄρα
1499 1669 1597 1733 τῆς
1654 1661 1871 1740 νύμφης
1922 1664 1976 1718 αἱ

1297 1038 1608 1114 ῥοιζοῦντος

2077 504 2284 560 mabus
2317 503 2866 559 illasexcolentibus
2899 504 3052 559 ﬁunt
3083 504 3256 560 etiam
3277 509 3401 575 [ous
3419 505 3729 560 hortorum:

2075 594 2212 649 inde
2243 593 2402 649 enim
2435 592 2687 665 cognitio
2719 592 2945 661 deﬂuit,
2979 610 3096 665 qua
3122 593 3294 648 variae
3341 593 3400 649 in
3446 593 3565 649 illis
3611 599 3735 650 tan-

2076 700 2253 755 quam
2290 681 2524 755 plantae,
2574 683 2764 738 insita
2823 683 3071 738 virtutes
3128 682 3465 754 irrigantur.
3528 689 3591 740 Et
3627 701 3735 756 pu-

2077 777 2370 844 teusaquie
2400 774 2648 840 viventis,
2678 777 2872 828 etcum
2911 773 3147 838 strepitu
3195 773 3258 828 de
3304 773 3507 830 Libano
3545 773 3736 830 decur-

2075 865 2283 918 rentis:
2311 863 2364 918 id
2390 867 2572 931 est,ex
2602 863 3000 935 profunditate
3025 859 3235 941 divinae
3269 880 3335 918 ac
3366 863 3736 934 sempiternae

2079 951 2378 1024 sapientia:
2429 951 2783 1019 resonantis,
2830 955 2886 1006 et
2944 951 3280 1006 docentium
3332 969 3492 1007 more
3539 953 3738 1007 divina

2080 1042 2355 1114 mysteria
2385 1041 2558 1112 vulgo
2593 1040 3335 1111 inexplicabilia,tanquam
3383 1041 3453 1096 de
3494 1041 3732 1109 Libano,

2080 1133 2152 1186 dc
2192 1130 2556 1184 sublimitate
2579 1130 2634 1183 in
2665 1131 2838 1184 Deum
2866 1129 2996 1184 fidei
3021 1129 3732 1201 depromentis,Quoniam

2082 1225 2278 1275 autem
2313 1237 2541 1291 sponsa:
2575 1235 2878 1274 sermones
2917 1223 3093 1290 atque
3143 1223 3432 1291 praecepta
3478 1236 3734 1291 sponsus

2080 1309 2343 1378 hortum,
2377 1312 2441 1362 ut
2487 1307 2850 1363 declaratum
2909 1312 3014 1374 est,
3069 1308 3478 1380 nuncupavit;
3527 1308 3735 1364 hortus

2081 1415 2214 1452 vero
2237 1403 2325 1452 est
2346 1397 2678 1469 paradisus,
2702 1401 2985 1469 tanquam
3007 1397 3374 1452 diversarum
3398 1397 3732 1468 plantarum

2081 1487 2247 1543 locus
2283 1504 2296 1555 ;
2331 1487 2538 1542 hortus
2569 1503 2798 1557 sponsas
2831 1486 3093 1558 profecto
3126 1490 3269 1542 sunt
3295 1486 3504 1542 animas
3551 1486 3736 1544 disci-

2083 1574 2264 1648 plinis
2286 1576 2415 1646 ejus
2445 1575 2689 1632 consitas
2721 1578 2901 1646 atque
2925 1575 3198 1642 eruditae,
3221 1592 3325 1648 per
3346 1592 3494 1646 quas
3524 1591 3593 1632 ea
3608 1592 3735 1648 qua:

2085 1665 2243 1720 dicta
2274 1668 2432 1735 sunt,
2479 1665 2678 1720 studet
2708 1663 3004 1735 perﬁcere.

316 1752 714 1830 πεφυτευμέναι
773 1751 873 1807 εἰσὶ
933 1754 1109 1830 ψυχαὶ
1167 1757 1285 1816 τοῖς
1345 1749 1752 1816 διδασκαλικῶς
1802 1751 2003 1824 ταύτης
2064 1750 2275 1828 λόγοις,
2337 1749 2405 1806 δι’
2462 1753 2535 1806 ὧν
2593 1749 2896 1806 σπεύδουσα
2947 1751 3013 1806 τὰ
3065 1749 3188 1823 ἑξῆς
3222 1751 3482 1829 εἶρημὲνα
3536 1751 3738 1808 ἀποτε-

318 1839 498 1897 Mair

392 1931 758 2009 Ἐξεγὲρθητι,
790 1931 987 2010 βοῤῥᾶ,
1020 1934 1106 1989 καὶ
1141 1933 1207 1989 τὰ
1237 1933 1383 2006 ἑξῆς,

1018 2200 1267 2257 Ψελλοῦ.

385 2290 640 2366 Ἐπείπερ
675 2285 970 2346 ἐπελάϐετο
999 2289 1214 2353 πάντως
1243 2296 1343 2360 τῆς
1370 2288 1630 2364 ἐξουσίας,

314 2383 381 2435 Ἥ
413 2378 718 2451 Ἐκκλησία
746 2385 842 2435 τοῦ
865 2384 1000 2436 Θεοῦ
1027 2387 1205 2449 κῆπος
1232 2381 1614 2453 ὀνομασθεῖσα,

317 2470 502 2544 Ἐχων
539 2470 790 2524 ἁπάντων
822 2474 929 2524 τῶν
963 2474 1144 2547 φυτῶν
1179 2469 1231 2524 ἐν
1263 2471 1426 2544 ἑαυτῇ
1457 2471 1556 2538 τὴν
1587 2469 1750 2543 ὥραν,

318 2559 426 2616 Τοῦ
465 2558 562 2632 μὶν
603 2557 772 2636 βορρᾶ
801 2559 902 2627 τὴν
931 2560 1185 2613 κάκιστον
1219 2554 1504 2632 ἔμπνευσιν
1538 2557 1814 2636 ἀφορίσαι,

320 2648 431 2716 Τὴν
464 2646 1002 2723 ἀποκρυσταλλῶσαν
1028 2648 1091 2702 τὸ
1119 2647 1328 2711 κάλλος
1354 2649 1462 2702 τῶν
1495 2647 1719 2711 ἀνθέων·

321 2737 420 2791 Τὸν
454 2736 614 2791 νότον
645 2733 703 2791 δὲ
733 2737 822 2790 τὸν
850 2735 1148 2792 κάλλιστον
1175 2743 1459 2812 προσαιτεῖ
1486 2741 1724 2792 πνεῦσαι·

322 2826 415 2888 Ὃς
447 2825 774 2888 ἐπιπνεύσας
804 2825 856 2881 ἐν
891 2827 1034 2880 Σιὼν
1063 2831 1178 2888 τοῖς
1208 2825 1538 2888 ἀποστόλοις
1568 2825 1760 2898 πάλαι,

325 2915 590 2986 Ῥεύματα
623 2910 804 2989 λὸγων
841 2911 1042 2970 δέδωκε
1065 2920 1183 2977 τοῖς
1212 2913 1539 2991 ἀποστόλοις
1568 2915 1738 2991 χέειν.

326 3004 532 3058 Ἐκεῖνο
561 3003 623 3058 τὸ
657 3004 914 3080 πανάγιον
936 3003 1115 3058 τοίνυν
1147 3007 1181 3074 ἡ
1212 2986 1399 3081 νύμφη
1431 3008 1645 3077 Πνεῦμα

332 3091 502 3148 Καλεῖ
527 3093 664 3167 πρὸς
695 3093 872 3162 κῆπον
905 3094 1099 3162 ἑαυτῆς
1128 3097 1348 3148 πνεῦσαι
1374 3095 1474 3162 τὴν
1507 3091 1804 3167 σωτηρίαν,

326 3182 410 3243 Ὠς
441 3180 502 3236 ἂν
529 3184 1024 3260 καρποφορήσωσιν
1056 3183 1228 3238 πάντα
1256 3183 1324 3237 τὰ
1351 3182 1510 3236 τέκνα
1537 3182 1760 3251 ταύτης,

323 3271 417 3326 Καὶ
448 3271 540 3326 τὸν
575 3272 802 3347 Χριστὸν
831 3271 1133 3347 εὐφράνωσι
1163 3273 1255 3326 τὸν
1289 3270 1462 3346 Λόγον
1492 3270 1581 3324 καὶ
1611 3270 1869 3348 νυμφίον.

320 3357 469 3415 Ἐπεὶ
502 3361 638 3432 γοῦν
672 3359 700 3412 ὁ
729 3357 1064 3428 κεκέλευκεν,
1090 3359 1163 3420 εἷς
1193 3353 1351 3433 ἔργον
1380 3356 1638 3433 ἐγεγόνει,

319 3447 418 3502 Καὶ
449 3447 542 3502 τὸν
581 3445 778 3523 βοῤῥᾶν
807 3449 1106 3520 σιγήσαντα
1138 3443 1380 3502 κατεῖδεν
1413 3449 1448 3515 ἡ
1481 3446 1771 3522 παρθένος,

319 3537 416 3591 Καὶ
449 3535 753 3590 πνεύσαντα
783 3535 874 3590 τὸν
908 3535 1205 3591 κάλλιστον
1239 3532 1407 3597 ὅντως
1445 3535 1533 3590 καὶ
1594 3537 1734 3589 θεῖον
1803 3533 1972 3604 θότον,

318 3623 419 3680 Καὶ
446 3624 770 3702 καρποφόρα
801 3621 1046 3695 δείξαντα
1073 3625 1248 3679 πάντα
1274 3624 1340 3678 τὰ
1366 3625 1527 3679 τέκνα
1554 3623 1778 3694 ταύτης,

317 3714 646 3789 Ἐπεόχεται
675 3717 771 3768 τοῦ
799 3719 1080 3778 κατελθεῖν
1105 3715 1197 3769 τὸν
1230 3713 1536 3787 θαυμαστὸν
1570 3714 1804 3792 νυμφίον

317 3800 416 3866 Εἲς
447 3803 540 3856 τὸν
573 3805 1062 3879 καρποφορήσαντα
1091 3809 1266 3871 κῆπον
1301 3803 1467 3871 αὐτῆς
1498 3801 1549 3856 ἐν
1580 3802 1759 3878 τάχει,

315 3893 407 3953 Ὠς
443 3891 504 3946 ἃν
534 3893 779 3966 τρυγήσῃ
813 3890 941 3955 τοὺς
971 3890 1214 3962 καρποὺς
1265 3890 1428 3946 αὐτοῦ
1476 3895 1581 3944 τῶν
1636 3889 1974 3966 ἀκροδρύων,

315 3981 632 4049 Τουτέστιν,
663 3980 816 4042 ὅπως
857 3980 1129 4056 εὐφρανθῇ
1178 3986 1292 4042 τοῖς
1338 3980 1712 4059 καρποφόροις
1751 3981 1974 4042 τεκνοις.

315 4069 388 4126 Εἴ
421 4072 497 4143 μή
531 4070 632 4146 γὰρ
666 4069 810 4125 οὕτω
842 4070 980 4147 πρὸς
1014 4072 1162 4144 ἡμᾶς
1207 4069 1334 4131 τοὺς
1383 4069 1669 4132 ταπεινοὺς
1715 4069 1975 4144 κατέλθῃ,

315 4153 642 4217 Ἀναλαϐὼν
723 4159 813 4214 καὶ
899 4158 1028 4221 τοὺς
1111 4164 1322 4234 πραεῖς,
1379 4159 1516 4214 κατὰ
1589 4160 1682 4213 τὸν
1740 4157 1977 4231 Ψαλμοο

1729 4249 1976 4326 [γράφον,

316 4336 433 4396 Ούκ
463 4332 607 4392 ἔστιν
641 4334 829 4399 ἄλλως
862 4359 980 4392 πως
1007 4339 1158 4409 ἡμᾶς
1192 4336 1269 4398 εἷς
1302 4337 1569 4413 οὐρανοὺς
1599 4336 1845 4411 ἀρθῆναι.

317 4430 504 4484 Ταῦτα
549 4427 644 4499 μὶν
673 4425 1043 4501 λελιπάρηκεν
1077 4429 1110 4494 ἡ
1143 4425 1329 4503 νύμφη
1363 4430 1440 4498 τῷ
1469 4426 1706 4502 νυμφίῳ.

317 4517 376 4569 Ὁ
408 4513 464 4571 δὲ
494 4513 728 4592 πληρῶν
756 4515 824 4570 τὰ
855 4515 1140 4588 σύμπαντα
1168 4515 1258 4569 καὶ
1289 4519 1568 4590 πανταχοῦ
1595 4514 1902 4590 τυγχάνων,

318 4605 383 4662 Ὀ
412 4603 615 4680 λέγων,
648 4601 789 4658 Ἰδοὺ
811 4606 1062 4680 πάρειμι,
1093 4609 1209 4666 τοῖς
1243 4603 1723 4676 ἐπικαλουμένοις,

321 4693 456 4768 Πρὶν
516 4691 884 4767 πληρωθῆναι
968 4694 1065 4762 τὴν

1693 4782 1970 4855 [ακούσας,

321 4871 418 4932 Εἷς
449 4877 627 4940 κῆπον
659 4868 1026 4940 κατελήλυθεν
1061 4869 1251 4939 αὐτῆς,
1283 4871 1356 4932 ὡς
1388 4865 1706 4942 ἠϐουλήθη,

319 4960 424 5016 Καὶ
449 4959 578 5022 τοὺς
605 4958 849 5036 καρποὺς
881 4958 1145 5035 ἐτρύγησε
1172 4959 1375 5030 ταύτης
1403 4965 1511 5014 τῶν
1545 4958 1882 5034 ἀκροδρύων.

320 5050 467 5118 Φησὶ
500 5051 604 5124 γὰρ
637 5049 780 5104 οὕτω
809 5049 944 5122 πρὸς
977 5048 1166 5118 αὐτὴν,
1192 5049 1266 5111 ὡς
1291 5050 1411 5112 καθ’
1441 5050 1632 5123 εἱρμὸν
1682 5051 1926 5125 εὑρήσεις
1957 5070 1969 5083 ·

392 5137 673 5208 Εἰσῆλθον
704 5139 782 5200 εἷς
811 5137 986 5207 κῆπόν
1026 5159 1153 5211 μου,
1186 5135 1392 5214 ἀδελφή
1433 5158 1537 5210 μου
1566 5138 1750 5214 νύμφη
1779 5157 1792 5172 ο

318 5227 627 5304 Ἐτρύγησα
654 5227 893 5302 σμύρναν
929 5248 1034 5300 μου
1069 5227 1199 5299 μετᾶ
1231 5226 1538 5301 ἀρωμάτων
1574 5248 1679 5299 μου
1701 5246 1713 5259 ·

319 5318 558 5392 Ἐφαγον
589 5315 750 5389 ἄρτον
789 5337 890 5390 μου
926 5317 1060 5390 μετὰ
1095 5314 1317 5389 μέλιτός
1349 5337 1473 5389 μου·

318 5407 509 5463 Ἔπιον
534 5407 680 5461 οἶνόν
717 5427 821 5481 μου
856 5407 990 5480 μετὰ
1012 5404 1280 5481 γάλακτός
1313 5426 1438 5480 μου.

393 5610 440 5648 ⁵⁵
460 5609 615 5668 Psal.
647 5626 835 5683 CXLVI,
864 5609 910 5647 ⁸ο
941 5608 1055 5668 Isa.
1082 5623 1236 5678 mu,
1261 5609 1316 5664 9.

1163 4692 1358 4768 εὐχὴν,
1419 4700 1521 4763 τῆς
1602 4695 1818 4770 νύμφης
1874 4683 2051 4749 ἐπε-Ι)

2004 1940 2052 2004 Β
2154 1935 2334 2006 δαν-σο
2361 1935 2568 2009 aquilo,
2591 1939 2645 1990 et
2675 1936 2802 1991 veni
2829 1937 3046 1990 auster:
3079 1937 3252 2006 per/1a
3283 1937 3507 1992 hortum
3524 1951 3727 1992 meum,

2083 2029 2135 2080 et
2182 2027 2361 2095 ﬂuant
2402 2033 2652 2082 aromata
2698 2040 2844 2080 mea.
2893 2025 3189 2080 Desceudat
3243 2042 3410 2097 nepos
3461 2041 3609 2082 meus
3663 2026 3726 2082 in

2085 2115 2305 2171 hortum
2332 2123 2590 2186 meum,et
2617 2114 2860 2171 comedat
2877 2116 3123 2185 fructum
3140 2131 3348 2172 nucum
3375 2117 3513 2188 ejus.

2793 2204 2984 2259 Psetti.

2155 2294 2364 2349 Postea
2396 2311 2571 2365 quam
2629 2293 2890 2350 Ecclesia
2946 2292 3048 2348 Dei
3107 2297 3452 2365 potestatem
3511 2294 3736 2366 accepit

2086 2384 2423 2450 omnino,ut
2460 2383 2668 2438 hortus
2709 2384 2868 2441 illius
2900 2383 3561 2456 nominata,plantarum
3605 2401 3734 2439 om-

2085 2473 2249 2528 nium
2279 2473 2459 2527 decus
2490 2473 2549 2526 in
2583 2487 2644 2527 se
2704 2475 3033 2541 continens,
3066 2473 3390 2545 pessimum
3439 2472 3734 2542 aquilonis

2085 2561 2509 2633 ﬂatum,glacie
2522 2562 2730 2617 ﬂorum
2748 2563 3248 2635 pulchritudinem
3265 2562 3732 2632 exstinguentem

2085 2649 2434 2722 expelleret:
2473 2654 2740 2706 austrum
2774 2657 2968 2708 autem
3005 2650 3462 2708 saluberrimum
3497 2650 3729 2706 acciret:

2085 2741 2181 2810 qui
2215 2740 2416 2812 spiran
2450 2743 2509 2795 in
2542 2740 2679 2796 Sion
2712 2741 2994 2814 apostolis
3017 2740 3498 2813 olimjverborum
3540 2739 3732 2794 ﬂuxus

2087 2829 2431 2885 instillavit:
2461 2830 2907 2886 sanctissimum
2932 2830 3101 2886 illum
3130 2828 3416 2902 Spiritum
3434 2827 3732 2899 vocat,qui

2083 2919 2142 2974 in
2177 2919 2410 2974 hortum
2453 2935 2627 2974 suum
2661 2919 2872 2976 salutis
2903 2937 3077 2976 auras
3105 2919 3400 2987 infundat,
3443 2923 3508 2972 ut
3528 2933 3732 2973 omnes

2085 3007 2191 3062 ﬁlii
2223 3008 2315 3063 sui
2341 3009 2596 3064 fructum
2637 3009 2846 3078 ferant,
2905 3015 2964 3065 et
3008 3008 3303 3064 Christum
3363 3007 3618 3062 Verbum
3653 3011 3734 3075 fet

2085 3113 2368 3168 sponsum
2403 3096 2614 3152 laetitias
2647 3098 2926 3152 afﬁciant.
2961 3099 3104 3154 Cum
3131 3097 3311 3170 igitur
3339 3097 3491 3167 quod
3539 3098 3734 3165 jusse-

2085 3191 2194 3256 rat,
2229 3203 2286 3242 re
2309 3187 2438 3258 ipsa
2460 3185 2780 3258 perfectum
2811 3186 3443 3258 esset,aquilonemque
3461 3185 3732 3240 silentem

2085 3275 2245 3346 virgo
2276 3275 2632 3346 perspiceret
2658 3273 2950 3346 posuisse,
2991 3273 3573 3346 pulcherrimumque
3603 3291 3731 3330 om-

2084 3364 2223 3419 nino
2247 3381 2311 3418 ac
2342 3364 2603 3418 divinum
2629 3367 2894 3418 austrum
2925 3361 3349 3435 perﬂare,ﬁlios
3371 3379 3511 3418 suos
3528 3379 3733 3418 omnes

2082 3452 2414 3508 fructiferos
2472 3452 2914 3520 ostendentem;
2976 3451 3383 3507 admirabilem
3445 3468 3731 3523 sponsum

2083 3559 2257 3599 suum
2291 3541 2731 3608 obsecrat,utin
2765 3541 2998 3596 hortum
3032 3557 3206 3596 suum
3231 3539 3476 3595 fertilem
3534 3539 3732 3596 celeri-

2081 3638 2171 3689 ter
2201 3634 2538 3700 descendat,
2566 3634 2960 3704 arborumque
2981 3648 3224 3687 suorum
3260 3632 3483 3686 fructus
3507 3635 3724 3702 carpat:

2083 3722 2191 3778 hoc
2223 3726 2404 3792 est,ut
2434 3723 2603 3777 bonis
2634 3723 2888 3778 filiorum
2935 3739 3175 3778 suorum
3226 3721 3505 3793 operibus
3570 3720 3730 3776 oble-

2085 3817 2292 3868 ctetur.
2327 3811 2448 3867 Nisi
2483 3813 2638 3866 enim
2673 3813 2742 3867 ad
2776 3828 2882 3866 nos
2914 3810 3171 3865 humiles
3229 3816 3287 3865 et
3342 3811 3600 3880 abjectos
3646 3810 3728 3864 ita

2085 3902 2420 3972 descendat,
2456 3910 2766 3957 mansuetos
2801 3902 3103 3972 suscipiens
3135 3900 3198 3967 η,
3233 3903 3316 3967 ut,
3377 3899 3568 3968 inquit
3616 3899 3726 3953 Da-

2083 3991 2203 4058 vid,
2237 3991 2360 4045 fieri
2391 3990 2552 4046 nullo
2594 3992 2766 4046 modo
2793 3994 3070 4062 potest,ul
3105 4005 3211 4044 nos
3248 3987 3304 4042 in
3339 3986 3546 4042 cmlum
3589 4003 3724 4042 con-

2085 4081 2457 4136 scendamus.
2478 4080 2581 4135 His
2612 4096 2828 4151 sponsa
2860 4077 3130 4150 precibus
3162 4094 3447 4149 sponsum
3493 4077 3733 4133 advoca-

2083 4168 2376 4224 vit.Atille
2399 4168 2723 4240 quiimplet
2749 4167 3041 4232 universa,
3103 4166 3319 4238 quique
3377 4167 3543 4222 adest
3600 4166 3731 4222 ubi-

2086 4274 2220 4329 que.
2254 4263 2310 4313 et
2341 4257 2503 4326 dicit,
2535 4259 2666 4313 Ecce
2693 4257 2889 4312 adsum
2910 4255 2954 4290 ⁸ο
2974 4255 3729 4328 invocantibus,antequam

2085 4363 2301 4418 sponsa
2341 4346 2827 4419 supplicationem
2869 4343 3126 4416 expleret
3172 4343 3332 4399 illam
3392 4345 3730 4412 exaudiens,

2085 4436 2388 4492 descendit
2418 4437 2475 4491 in
2508 4435 2744 4491 hortum
2768 4435 2915 4505 ejus,
2949 4437 3008 4487 ut
3049 4433 3176 4505 ipsa
3228 4433 3432 4500 voluit,
3490 4439 3548 4489 et
3605 4435 3726 4489 fru-

2084 4530 2212 4582 ctus
2243 4525 2518 4581 arborum
2552 4525 2740 4597 ipsius
2772 4521 3082 4594 decerpsit.
3116 4522 3208 4579 Sic
3249 4522 3402 4579 enim
3443 4539 3724 4594 sponsam

2084 4613 2442 4686 alloquitur:

2159 5143 2292 5198 Veni
2312 5144 2372 5197 in
2419 5141 2638 5197 hortum
2685 5156 2889 5204 meum,
2928 5154 3086 5195 soror
3114 5153 3256 5209 mea,
3306 5155 3530 5211 sponsa,
3585 5157 3734 5198 mes-

2083 5235 2174 5288 sui
2214 5232 2499 5301 myrrham
2543 5246 2723 5285 meam
2749 5247 2869 5284 cum
2911 5230 3255 5284 aromatibus
3299 5231 3474 5286 meis:
3520 5232 3738 5286 comedi

2082 5337 2282 5394 panem
2303 5336 2484 5375 meum
2505 5335 2630 5373 cum
2649 5318 2816 5376 meite
2833 5335 2955 5374 meo
2979 5335 2992 5375 :
3020 5319 3132 5374 bibi
3161 5321 3354 5376 vinum
3377 5337 3557 5377 meum
3607 5337 3734 5378 cum

2086 5411 2226 5467 lacte
2243 5425 2384 5464 meo.
