4046 6144
247 278 361 338 631

1583 274 2005 337 MlCHAELlS
2049 273 2319 335 PSELLI

3546 278 3666 341 632

323 408 605 466 Descendi
637 425 775 483 ergo
807 410 1069 482 quidem,
1101 411 1316 483 inquit,
1350 410 1409 465 in
1443 409 1681 466 hortum
1706 413 1899 477 tuum,

2084 405 2370 475 Κατῆλοον
2397 404 2594 482 ἔγωγε,
2652 407 2808 481 φησὶ,
2840 407 2977 482 πρὸς
3031 407 3208 473 κῆπόν
3265 427 3381 482 σου,
3414 411 3663 485 παρθένε,

253 499 440 571 virgo,
472 503 529 555 et
560 498 826 571 pulchris
849 500 1137 558 fructibus
1162 500 1280 557 tuis
1312 500 1696 571 cupiditatem
1728 514 1917 553 meam

253 605 496 661 prorsus
526 588 954 660 explevi,atque
988 607 1057 644 ex
1087 589 1314 645 ardenti
1362 589 1620 645 ﬁliorum
1670 592 1907 644 tuorum

253 676 369 734 ﬁde
401 695 466 733 ac
490 678 831 750 pamitentia
857 694 1134 750 magnam
1168 677 1430 732 laetitiam
1483 677 1737 749 percepi.
1797 681 1908 731 To-

251 770 378 823 tum
411 772 608 823 autem
642 767 749 821 hoc
783 767 1003 822 factum
1037 770 1148 837 est,
1190 768 1405 822 messis
1465 766 1738 838 myrrhae,
1771 781 1908 821 esus

255 855 446 912 mellis
476 861 533 911 et
568 856 739 911 lactis
772 860 965 927 potus.
996 856 1127 911 llaec
1175 872 1307 911 cum
1355 855 1598 910 dixisset
1642 854 1909 911 Christus

254 946 410 1002 idem
433 950 489 1001 et
544 962 825 1016 sponsus,
878 949 941 1000 ut
994 962 1096 1017 pro
1148 944 1371 1001 mellito
1433 944 1695 1000 convivio
1738 943 1911 1016 quasi

255 1036 506 1107 gratiam
540 1034 803 1106 aliquam
841 1035 1101 1101 referret,
1145 1034 1290 1106 ipsis
1336 1034 1578 1106 virginis
1628 1032 1767 1088 filiis
1813 1033 1914 1088 dat

256 1141 468 1196 corpus
500 1140 699 1179 suum.
733 1123 831 1179 Sic
856 1123 1014 1179 enim
1057 1123 1211 1192 illos,
1244 1125 1345 1180 sed
1398 1124 1609 1196 dignos
1659 1127 1912 1189 tantum,

260 1230 407 1287 quos
439 1216 494 1268 et
525 1214 891 1285 propinquos
917 1230 1057 1271 suos
1084 1213 1163 1269 ita
1189 1231 1315 1271 esse
1345 1213 1510 1283 dixit,
1551 1212 1910 1285 alloquitur:

338 1565 624 1637 Comedite,
649 1565 945 1639 propinqui
975 1566 1101 1637 mei,
1125 1570 1175 1623 et
1208 1567 1394 1635 bibite,
1432 1568 1487 1621 et
1534 1560 1912 1626 inebriamini,

266 1658 467 1727 fratres
492 1658 619 1711 mei.

342 1744 687 1815 Quicunque
708 1744 870 1815 estis,
903 1744 1119 1819 inquit,
1147 1744 1446 1817 Toperibus
1513 1744 1723 1798 fratres
1777 1738 1915 1807 mei,

2020 493 2119 550 Καὶ
2172 500 2278 550 τῶν
2336 494 2518 551 καλῶν
2579 494 2871 567 ἀπήλαυσα
2940 501 3046 551 τῶν
3130 501 3237 552 σῶν
3312 504 3533 574 καρπῶν
3590 500 3667 565 εἷς

3460 590 3663 664 [κόρον,

2020 674 2116 728 Καὶ
2147 677 2214 747 τῇ
2250 678 2423 749 θερμῇ
2456 679 2561 729 τῶν
2590 673 2788 730 τέκνων
2824 696 2918 729 σου
2950 675 3127 731 πίστει
3156 678 3245 731 καὶ
3281 679 3558 751 μετανοίᾳ,

2019 761 2279 838 Μεγάλην
2314 761 2525 839 ἔσχηκα
2556 765 2755 839 χαρὰν,
2791 764 3036 839 μεγάλην
3072 766 3430 845 εὐφροσύνην.

2017 852 2187 910 ’Όλον
2218 850 2277 908 δὲ
2305 858 2465 907 τοῦτο
2498 855 2728 931 πέφυκεν
2760 855 2785 908 ὁ
2816 855 3093 929 τρυγητὴς
3121 861 3222 925 τῆς
3249 854 3517 931 σμύρνης,

2019 942 2082 998 Ἦ
2121 942 2322 1017 βρῶσίς
2350 964 2408 997 τε
2436 947 2532 996 τοῦ
2567 937 2811 1015 μέλιτος,
2842 943 2931 997 καὶ
2970 942 3244 1018 γάλακτος
3272 946 3305 1014 ἡ
3337 946 3513 1007 πόσις.

2019 1035 2195 1084 Ταῦτα
2223 1033 2291 1104 τῇ
2319 1030 2503 1105 νύμφῃ
2533 1030 2843 1106 προσειπὼν
2880 1032 3107 1108 Χριστὸς
3133 1032 3161 1087 ’ὀ
3191 1032 3281 1088 καὶ
3310 1033 3559 1108 νυμφίος,

2022 1122 2225 1195 Ὥσπερ
2260 1120 2538 1196 ἀντίχαρίν
2570 1142 2689 1175 τινα
2713 1127 2813 1190 τῆς
2847 1120 3290 1198 μελιτοτροφίας,

2021 1210 2091 1264 Τὸ
2124 1212 2283 1281 σῶμα
2310 1206 2532 1263 δίδωσιν
2567 1208 2730 1265 αὐτοῦ
2757 1215 2874 1272 τοῖς
2904 1211 3111 1273 τέκνοις
3140 1217 3241 1281 τῆς
3270 1212 3560 1286 παρθένου.

2024 1298 2168 1368 Φησῖ
2226 1298 2325 1375 γὰρ
2385 1297 2528 1353 οὕτω
2594 1299 2727 1372 πρὸς
2775 1298 2996 1370 αὐτοὺς,
3049 1297 3197 1370 πλὴν
3270 1300 3467 1375 μόνους
3543 1301 3671 1365 τοὺς

3444 1392 3672 1465 [ἄξίους,

2024 1476 2128 1540 Οὓς
2157 1477 2245 1533 καὶ
2277 1475 2511 1549 πλησίον
2549 1475 2759 1549 εἴρηκεν
2792 1478 2948 1541 οὗτος
2980 1477 3145 1534 αὑτοῦ
3174 1480 3453 1555 τυγχάνειν
3476 1497 3489 1510 ⁸

2096 1569 2324 1643 Φάγετε,
2383 1568 2434 1622 οἱ
2509 1564 2744 1638 πλησίον
2808 1586 2935 1642 μου,
2989 1567 3077 1623 καὶ
3134 1568 3305 1637 πίετε,
3357 1568 3446 1623 καὶ
3508 1568 3672 1644 μεθύ-

2025 1658 2205 1727 σΘητε,
2238 1653 2466 1735 ἀδελφοί
2501 1678 2626 1730 μου.

2096 1747 2253 1802 ’Ὀσοι
2279 1744 2569 1822 πεφύκατε,
2603 1745 2757 1821 φησὶ,
2779 1749 2896 1809 τοῖς
2924 1739 3121 1820 ἔργοις,
3155 1742 3381 1824 ἀδελφοί
3417 1768 3542 1820 μου,

271 1851 485 1906 corpus
508 1851 702 1890 meum
727 1835 1093 1904 comedite,et
1115 1835 1465 1907 sanguinem
1496 1833 1673 1890 bibite
1694 1846 1912 1887 meum.

2037 1835 2102 1892 Γὸ
2135 1839 2294 1907 σῶμα
2326 1835 2419 1906 μὲν
2453 1855 2555 1907 μου
2586 1832 2797 1912 φάγετε,
2827 1833 2890 1888 τὸ
2924 1831 2968 1888 δ’
2988 1836 3127 1907 αἷμα
3156 1834 3304 1889 πίετὲ
3336 1856 3461 1909 μου.

274 1925 490 1980 Deinde
519 1923 920 1996 inebriamini,
952 1924 1163 1997 inquit,
1199 1942 1314 1996 prae
1338 1923 1559 1992 laetitia,
1592 1926 1649 1977 et
1680 1924 1916 1993 propter

268 2013 679 2070 inebrietatem
710 2018 949 2087 stupore
968 2014 1243 2086 perculsi,
1265 2014 1504 2070 omnino
1526 2010 1730 2069 mundi
1754 2008 1914 2066 solli-

268 2103 599 2159 citudinum
641 2102 1079 2159 obliviscimiui.

854 2213 1054 2269 Trium
1072 2216 1325 2268 Patrum.

332 2318 528 2387 Surge,
563 2319 775 2389 aquilo,
813 2327 863 2374 et
921 2320 1068 2387 veni,
1116 2328 1323 2374 auster.
1378 2319 1620 2373 Facesse
1669 2315 1913 2387 spiritus

261 2406 724 2478 improbissime,
759 2406 861 2478 qui
885 2408 1114 2462 animas
1144 2424 1270 2478 qum
1302 2424 1336 2462 a
1374 2423 1465 2462 me
1494 2406 1912 2471 instituuntur,

262 2498 1008 2570 perturbationibus,quasi
1032 2498 1328 2570 aquilonis
1344 2498 1583 2554 ﬂatibus
1604 2496 1916 2567 afﬂigisEt

260 2585 797 2653 veni,sanctissime
827 2587 1211 2658 Spiritus,qui
1237 2604 1336 2641 eas
1369 2586 1569 2657 gratias
1600 2590 1714 2639 tua;
1746 2582 1917 2638 donis

263 2680 547 2747 tanquam
572 2676 731 2731 auris
763 2675 950 2731 austri
979 2675 1339 2731 salutaribus
1380 2674 1673 2731 calefacis.

387 2855 573 2923 Per/la
602 2857 825 2910 hortum
852 2872 1059 2922 meum,
1092 2860 1144 2910 et
1172 2857 1347 2925 ﬂuant
1378 2856 1628 2912 aromata
1658 2869 1796 2909 mea.

338 3030 584 3087 Animas
614 3031 811 3103 perﬂa,
844 3048 990 3103 quas
1024 3048 1131 3104 ego
1178 3031 1447 3088 doctrina
1496 3032 1917 3103 praeceptisque

270 3119 420 3175 meis
450 3123 735 3191 tauquam
756 3120 991 3175 hortum
1022 3121 1291 3177 instruxi.
1326 3122 1396 3176 Et
1422 3121 1481 3175 in
1503 3120 1611 3175 bas
1644 3137 1745 3191 per
1763 3136 1917 3175 com-

2024 1923 2157 1978 Εἶτα
2191 1923 2513 1996 μεθύσθητε,
2546 1924 2732 2002 φησὶν,
2761 1923 2863 1977 ἀπὸ
2894 1929 2995 1993 τῆς
3024 1922 3382 1999 εὐφροσύνης,

2025 2013 2129 2068 Καὶ
2163 2013 2379 2067 πάντων
2409 2013 2589 2083 λήθην
2624 2007 2816 2067 λάϐετε
2862 2016 2969 2067 τῶν
3018 2017 3296 2086 κοσμικῶν
3345 2011 3670 2090 φροντίδων,

2025 2103 2114 2165 Ὦς
2138 2100 2187 2157 ἐν
2224 2100 2464 2157 ἐκστάσει
2498 2100 2764 2173 δήπουθεν
2790 2100 3070 2177 γενόμενοι
3101 2105 3169 2175 τῇ
3207 2100 3358 2177 μέθῃ.

2586 2212 2710 2266 Τῶν
2742 2210 2788 2284 γ’
2818 2208 3093 2283 Πατέρων.

2099 2318 2462 2391 Ἐξεγέρθητι,
2522 2316 2713 2392 βορῥᾶ,
2770 2315 2861 2370 καὶ
2925 2312 3117 2391 ἔρχου,
3176 2315 3315 2371 νότε.
3378 2314 3672 2389 Δηλονότι,

2022 2408 2437 2481 Ἀναχώρησον.
2468 2406 2531 2461 τὸ
2562 2407 2658 2468 τὰς
2710 2403 3100 2477 διδασκομένας
3160 2426 3254 2477 μοι
3313 2406 3493 2481 ψυχὰς
3550 2412 3669 2469 τοῖς

2022 2495 2209 2550 πάθεσι
2264 2497 2530 2570 χειμάζον
2597 2492 2752 2565 δίκην
2812 2495 3015 2567 ἀνέμου
3071 2493 3244 2570 βοῤῥᾶ
3297 2494 3670 2570 πονηρότατον

2022 2589 2254 2656 πνεῦμα’
2283 2584 2371 2639 καὶ
2410 2579 2578 2659 ἔρχου
2621 2583 2724 2651 ἀεὶ,
2749 2584 2811 2638 τὸ
2855 2589 2975 2646 ταῖς
3027 2582 3248 2645 οἲκείαις
3298 2585 3483 2658 χάρισι
3540 2584 3669 2637 ταύ-

2020 2695 2116 2736 τας
2168 2672 2573 2748 διαθερμαῖνον,
2623 2673 2802 2745 ὥσπερ
2851 2671 3053 2745 ἀνέμου
3105 2672 3270 2727 νότου
3316 2673 3482 2741 πνοὴ,
3533 2693 3671 2727 παν-

2025 2764 2174 2837 άγιον
2205 2767 2447 2835 Πνεῦμα.

2096 2852 2420 2907 Διάπνευσον
2488 2850 2663 2921 κῆπόν
2753 2871 2880 2923 μου,
2930 2850 3019 2905 καὶ
3107 2850 3444 2927 ῥευσάτωσαν
3528 2851 3671 2927 ἀρώ-

2029 2943 2169 3015 ματά
2204 2963 2306 3015 μου
2319 2983 2331 2997 .

2095 3033 2532 3101 ’Ήτοι,1ῐνεῦσον
2590 3031 2667 3092 εἰς
2725 3029 2784 3093 ἃς
2839 3027 2975 3098 αὖτή
3009 3029 3188 3105 ψυχὰς
3244 3035 3360 3091 τοῖς
3419 3026 3671 3084 διδασκαο

2029 3119 2207 3182 λικοῖς
2241 3119 2426 3195 λόγοις
2478 3123 2568 3175 οἷά
2620 3140 2740 3176 τινα
2792 3118 3154 3198 κατεφύτευσα
3210 3124 3409 3188 κῆπον,
3439 3118 3527 3174 καὶ
3583 3141 3676 3195 χε-

268 3206 727 3264 municationem
761 3209 955 3264 divina
982 3225 1230 3265 munera
1257 3215 1357 3265 tua
1377 3208 1914 3278 infundantur,qui-

2195 3179 2205 3182 -
2324 3179 2334 3195 ,
2414 3179 2423 3183 -
2935 3179 2945 3198 ,
3269 3179 3279 3185 -
3396 3179 3407 3188 .
3588 3179 3622 3195 η

2037 3212 2278 3279 θήτωσαν
2338 3210 2424 3264 ἐπὶ
2475 3210 2673 3271 ταύτας
2729 3210 2866 3264 κατὰ
2924 3206 3208 3281 μετάδοσιν
3279 3208 3346 3263 τὰ
3403 3210 3520 3272 θεῖά
3574 3230 3671 3264 σου

264 3295 377 3352 bus
407 3312 512 3368 ego
545 3297 713 3367 quasi
736 3296 1090 3368 quibusdam
1117 3298 1479 3354 aromatibus
1503 3299 1739 3369 perfusa
1760 3314 1914 3352 sum.

264 3390 347 3440 Ac
376 3389 501 3440 tum
528 3385 814 3442 descendat
843 3403 1005 3458 nepos
1034 3404 1189 3443 meus
1229 3390 1293 3443 in
1321 3389 1540 3443 hortum
1593 3403 1791 3441 suum:
1856 3386 1917 3441 in

266 3473 495 3528 animas
527 3474 803 3529 nimirum
840 3475 970 3531 illas
993 3491 1142 3546 quas
1162 3492 1268 3548 ego
1292 3476 1612 3545 institui,et
1631 3482 1916 3546 tanquam

266 3563 504 3618 hortum
537 3563 752 3619 divinis
784 3565 1076 3620 mandatis
1123 3564 1455 3621 int’ormavi.
1489 3567 1801 3637 Propterea
1856 3564 1915 3619 in

270 3651 585 3707 animabus
613 3669 757 3721 quas
807 3652 947 3717 dixi,
1004 3652 1300 3708 inhabitat
1356 3658 1530 3725 atque
1588 3653 1919 3708 inambulat

272 3739 522 3794 dilectus
555 3756 722 3795 meus
744 3742 808 3796 δι.
845 3742 907 3795 Ει
921 3742 1160 3796 comedat
1178 3745 1421 3813 fructum
1450 3759 1656 3798 nucum
1677 3745 1918 3815 cjus.Sa-

270 3828 374 3885 tiet
405 3845 465 3883 se
490 3829 695 3883 harum
730 3831 1064 3885 animarum
1098 3832 1305 3900 salute,
1359 3848 1537 3903 quam
1572 3834 1694 3903 ipse
1739 3849 1915 3887 suum

271 3933 401 3973 esse
432 3918 631 3973 cibum
664 3920 951 3974 asseruit:
990 3921 1153 3990 Meus,
1187 3922 1488 3991 inquiens,
1522 3923 1673 3977 cibus
1702 3927 1801 3989 est,
1863 3926 1918 3975 ut

268 4006 477 4075 faciam
512 4007 841 4062 voluntatem
872 4010 1055 4064 Patris
1083 4012 1195 4064 mei
1213 4011 1257 4044 ⁵²
1284 4028 1296 4077 ;
1339 4012 1508 4080 cujus
1541 4011 1779 4065 omnino
1828 4027 1917 4065 vo-

270 4092 471 4149 luntas
502 4098 609 4164 est,
635 4100 701 4151 ut
731 4095 1001 4152 homines
1034 4099 1177 4153 salvi
1211 4099 1375 4156 ﬁant.
1423 4100 1670 4155 Fructus
1722 4103 1917 4154 autem

270 4182 475 4253 sponsi
506 4200 723 4239 nucum
752 4191 841 4240 est
861 4184 1169 4242 hominum
1218 4188 1399 4254 salus,
1453 4193 1519 4242 ut
1574 4188 1710 4243 ﬁnis
1755 4189 1917 4242 bona:

271 4270 461 4343 ipsius
490 4272 830 4343 voluntatis,
855 4291 983 4346 quae
1026 4277 1246 4331 sanctis
1269 4278 1397 4343 ejus
1422 4278 1718 4331 mandatis
1739 4279 1921 4331 conti-

270 4367 465 4426 netur,
498 4378 627 4433 quas
656 4362 896 4434 quidem
925 4368 1203 4421 mandata
1246 4383 1345 4436 per
1396 4366 1680 4420 actionem
1742 4365 1919 4419 infixa

273 4456 413 4508 sunt
442 4452 503 4508 in
533 4453 846 4510 animabus
872 4472 1049 4525 super
1071 4457 1184 4510 fide
1222 4472 1360 4526 erga
1391 4456 1580 4526 illum,
1634 4461 1915 4526 tanquam

274 4558 452 4613 super
480 4558 697 4613 quercu
732 4544 1026 4599 radicatis.

353 4810 483 4865 Veni
499 4811 559 4865 in
588 4811 805 4866 hortum
835 4826 1038 4876 meum,
1061 4826 1215 4867 soror
1244 4828 1389 4879 mea,
1420 4830 1620 4884 sponsa
1651 4831 1664 4869 :
1714 4815 1921 4870 messui

269 4900 555 4969 myrrham
574 4916 755 4955 meam
776 4917 898 4956 cum
918 4903 1263 4955 aromatibus
1286 4904 1419 4956 meis
1446 4918 1458 4955 :
1491 4905 1701 4959 comedi
1718 4921 1916 4975 panem

266 5002 449 5043 meum
465 5005 589 5044 cum
610 4991 773 5045 mette
798 5007 920 5045 meo
954 5008 965 5044 :
993 4990 1108 5045 bibi
1131 4992 1320 5045 vinum
1376 5008 1560 5046 meum
1594 5009 1719 5048 cum
1778 4996 1919 5051 lacte

260 5092 377 5130 meo
411 5093 422 5131 :
456 5079 1045 5150 comedits,propinqui
1073 5082 1259 5149 mei,et
1278 5080 1521 5145 bibite,et
1552 5083 1918 5139 inebriamini

259 5164 487 5234 fratres.

852 5259 1038 5314 Trium
1068 5262 1321 5315 Patrum.

313 5342 551 5415 Sponsa
585 5360 782 5413 preces
825 5364 1079 5418 sponsus
1122 5352 1439 5417 exaudivit,
1491 5353 1662 5423 juxta
1722 5352 1909 5409 illud:

249 5434 439 5488 Adhuc
470 5434 820 5505 toquentctc,
855 5438 996 5492 dicet
1014 5454 1034 5515 ε
1103 5439 1234 5494 Ecce
1263 5440 1481 5496 adsum.
1541 5442 1698 5498 Talis
1751 5444 1906 5499 enim

325 5614 367 5650 ⁶¹
392 5613 441 5668 lI
464 5613 589 5670 Cor.
624 5630 698 5680 vn,
736 5614 821 5669 16.
855 5616 899 5649 ⁶²
929 5618 1098 5672 JOan.
1133 5633 1210 5685 ιν,
1242 5618 1330 5672 34.

2026 3300 2377 3375 χαρίσματα’
2442 3301 2525 3361 οἷς
2583 3298 2715 3366 αὐτὴ
2774 3296 3014 3373 καθάπερ
3068 3297 3207 3351 τισὶν
3270 3298 3523 3369 ἀρώμασι
3582 3299 3673 3352 κι-

2026 3410 2282 3465 χρισμαι.
2338 3389 2653 3453 Κάντεῦθεν.
2708 3382 3015 3458 Καταῦήτω
3087 3383 3375 3462 ἀδελφιδός
3431 3405 3537 3457 μου
3592 3384 3669 3447 εἷς

2024 3484 2201 3545 κῆπον
2253 3477 2414 3531 αὐτοῦ
2451 3496 2463 3509 ·
2517 3477 2732 3538 πάντως
2801 3474 2897 3535 τὰς
2982 3472 3423 3546 μαθητευομὲνας
3490 3472 3672 3547 ψυχὰς

2024 3567 2153 3639 παρ’
2208 3565 2364 3637 ἐμοῦ,
2395 3565 2455 3626 ἃς
2515 3566 2648 3632 αὐτὴ
2711 3559 3109 3624 διδασκαλικῶς
3166 3568 3282 3623 ταῖς
3330 3559 3498 3622 θείαις
3528 3561 3673 3616 ἐντο-

2027 3655 2170 3720 λαῖς,
2204 3659 2277 3715 ὡς
2320 3660 2461 3717 θεῖον
2490 3652 2851 3730 κατεφύτευσα
2879 3658 3078 3720 κῆπον.
3112 3653 3211 3705 Διὰ
3251 3654 3412 3705 τοῦτο
3446 3649 3668 3704 ἐνοικῶν

2026 3744 2113 3798 καὶ
2167 3743 2548 3818 ἐμπεριπατῶν
2610 3742 2660 3797 ἐν
2718 3747 2836 3803 ταῖς
2894 3740 3209 3814 εἰρημέναις
3244 3739 3672 3815 ψυχαῖςὸἀγα-

2024 3833 2196 3903 πητός
2253 3854 2377 3906 μου.
2436 3832 2541 3889 Καὶ
2587 3834 2802 3907 φαγὲτω
2850 3830 3053 3903 καρπὸν
3108 3826 3425 3904 ἀκροδρύων
3485 3828 3671 3884 αὑτοῦ.

2027 3928 2253 3996 ’⁷Ηγουν,
2290 3924 2654 3997 Εὐωχηθτςτω
2683 3921 2781 3989 τὴν
2837 3920 3045 3973 τούτων
3093 3922 3200 3972 τῶν
3252 3915 3445 3991 ψυχῶν
3492 3938 3672 3987 σωτη-

2029 4011 2167 4086 ρίαν,
2221 4014 2282 4079 ἣν
2350 4008 2508 4072 αὸτὸς
2582 4010 2781 4065 οἰκεῖον
2844 4006 3009 4086 ἔφησε
3070 4008 3287 4081 βρῶμα,
3344 4006 3531 4077 εῗπὼν,
3590 4004 3672 4059 ὅτι

2030 4101 2192 4174 Ἐμὸν
2244 4101 2440 4176 βρῶμά
2499 4100 2664 4168 ἐστιν,
2690 4097 2779 4153 ’ἱνα
2831 4102 2974 4153 ποιῶ
3003 4095 3065 4151 τὸ
3098 4094 3316 4168 θέλημα
3338 4099 3435 4149 τοῦ
3465 4096 3673 4170 Πατρός

2033 4211 2173 4263 μου·
2210 4190 2341 4262 ὅπερ
2401 4190 2510 4244 ἐστῖ
2569 4210 2701 4262 κατιρ
2750 4185 2979 4261 γνώμην
3031 4184 3231 4240 οἰκείαν
3286 4191 3528 4253 σωθῆναι
3581 4183 3671 4238 τὸν

2029 4280 2336 4351 ἄνθρωπον.
2373 4280 2585 4353 Καρπὸς
2643 4274 2700 4330 δὲ
2756 4280 2861 4330 τῶν
2922 4278 3016 4329 τοῦ
3065 4272 3304 4351 νυμφίου
3357 4269 3674 4348 ἀκροδρύων

2026 4370 2060 4435 ἡ
2103 4373 2208 4420 τῶν
2260 4366 2557 4440 ἀνθρώπων
2608 4366 2839 4440 ὑπάρχει
2884 4363 3150 4439 σωτηρία,
3196 4363 3270 4423 ὡς
3327 4359 3676 4434 ἀποτὲλεσμα

2025 4461 2133 4510 τῶν
2185 4456 2502 4531 παναγσὶθων
2580 4455 2744 4509 αὐτοῦ
2805 4450 3130 4525 θελημάτων
3161 4468 3173 4483 ·
3234 4453 3367 4527 ἅπερ
3429 4449 3562 4504 εἰσὶν
3619 4450 3674 4503 αἱ

1946 4544 1992 4608 D
2026 4546 2171 4620 ἅγιαι
2201 4546 2368 4599 αὐτοῦ
2426 4542 2665 4615 ἐντολαὶ,
2696 4544 2750 4597 αἱ
2797 4542 2934 4596 κατὰ
2990 4545 3180 4617 πρᾶξιν
3239 4538 3674 4614 ἐγκεκεντρισμέο

2029 4656 2113 4688 ναι
2148 4635 2234 4690 ἐπὶ
2283 4640 2402 4696 ταῖς
2454 4632 2610 4704 δίκην
2658 4631 2833 4709 δρυῶν
2883 4628 3113 4707 ἐδραίως
3159 4628 3551 4706 ἐῤῥιζωμέναις
3603 4631 3672 4702 τῇ

2031 4723 2105 4785 εἰς
2133 4724 2290 4779 αὐτὸν
2324 4725 2500 4778 πίστει
2533 4726 2755 4797 ψυχαῖς.

2102 4813 2372 4882 Εἰσῆλθον
2436 4812 2511 4873 εἷς
2568 4813 2744 4881 κῆπόν
2805 4831 2933 4883 μου,
2992 4804 3200 4885 ἀδελφή
3273 4828 3378 4879 μου
3433 4804 3618 4883 νύμφη
3656 4826 3670 4840 ’

2029 4903 2296 4979 ἐτρύγησα
2370 4901 2607 4975 σμύρναν
2695 4920 2835 4972 μου,
2922 4898 3056 4971 μετὰ
3136 4896 3441 4972 ἀρωμάτων
3527 4912 3671 4967 μου⁶

2027 4991 2222 5067 ἔφαγον
2266 4993 2423 5065 ἄρτον
2485 5011 2612 5063 μου,
2676 4989 2810 5061 μετὰ
2870 4984 3091 5060 μίλιτός
3152 5005 3289 5058 μου·
3323 4982 3475 5040 ἔπιον
3525 4984 3672 5039 οἶνόν

2032 5104 2155 5156 μου,
2216 5082 2349 5153 μετὰ
2405 5079 2675 5154 γάλακτός
2733 5096 2857 5150 μου·
2888 5076 3099 5155 φάγετε,
3160 5076 3211 5129 οἱ
3269 5072 3521 5146 πλησίοι,
3581 5073 3673 5129 καὶ

2024 5173 2195 5238 πίετε,
2229 5172 2318 5224 καὶ
2354 5169 2672 5242 μεθύσθητε,
2705 5164 2956 5242 ἀδελφοί.

2582 5262 2697 5310 Τῶν
2730 5257 2780 5331 γ’
2810 5256 3088 5329 ΙΙατὲρων.

2093 5353 2356 5405 ’Ἤκουσεν
2382 5350 2408 5403 ὁ
2438 5346 2667 5424 νυμφίος
2698 5352 2798 5414 τῆς
2857 5341 3257 5417 παρακλήσεως
3298 5348 3397 5410 τῆς
3453 5340 3668 5419 νύμφης

2021 5442 2160 5498 κατὰ
2211 5440 2294 5511 τὸ,
2328 5441 2447 5496 Ἔτι
2508 5435 2809 5497 λαλοῦντός
2865 5454 2981 5507 σου,
3038 5433 3166 5509 ἐρεῖ·
3220 5430 3361 5489 Ἰδοὺ
3417 5430 3668 5507 πάρειμι.
