4046 6144
297 330 411 392 633

1350 326 1757 390 COMMENT.
1804 327 1885 389 IN
1930 325 2327 388 CANTICUM
2373 322 2679 385 CANTIC.

3592 318 3711 378 634

294 459 537 531 Τοιαύτη
599 458 701 535 γὰρ
752 458 818 528 ἦν
874 461 910 530 ἡ
964 457 1403 533 παρακαλέσασα,
1434 460 1509 524 ὡς
1543 460 1617 533 μὴ
1666 480 1939 535 παρακου‹

2058 462 2203 526 erat,
2254 476 2380 531 qua
2435 456 2801 530 precabatur,
2852 455 2919 508 ut
2992 451 3209 524 despici
3273 467 3389 507 non
3449 450 3706 515 deberet,

293 551 509 620 σθῆναι.
543 550 698 607 Ὀθεν
731 547 1061 623 ποιούμενος
1093 549 1228 626 πρὸς
1261 548 1428 619 αὐτὴν
1486 551 1584 619 τήν
1635 548 1942 623 ἀπόκρισιν,

294 641 478 718 φασίν*
542 637 821 708 Εἰσῆλοον
856 639 929 700 εἷς
985 639 1160 708 κῆπόν
1224 660 1350 711 μου,
1410 637 1617 716 ἀδελφή
1658 659 1761 712 μου
1806 636 1944 710 νύμ-

294 751 389 808 φη.
417 726 667 799 Δηλαδὴ,
699 730 797 785 ’Όν
830 726 963 797 αύτῆ
985 727 1374 803 κατεφύτευσας
1400 726 1798 792 διδασκαλικῶς
1825 732 1942 789 ταῖς

296 818 450 893 ἐμαῖς
512 817 785 880 ἐντολαῖς·
847 814 894 871 δ’
951 818 1026 871 ῶν
1080 814 1322 893 ἐδιώχθη
1389 818 1481 891 μὲν
1532 819 1560 872 6
1593 818 1803 893 χειμὼν
1836 821 1940 870 τῶν

298 909 506 974 παθῶν,
564 902 786 968 ἔπνευςε
817 903 874 960 δὲ
907 928 1010 979 μου
1046 906 1106 961 τὸ
1165 908 1423 981 πανάγιον
1454 909 1693 980 Πνεῦμα,
1741 905 1829 960 καὶ
1880 906 1946 959 τὰ

300 995 350 1051 ἂν
381 1000 454 1068 τῷ
482 994 719 1069 τοιούτῳ
748 998 913 1069 κήπῳ
962 997 1101 1074 φυτὰ
1156 994 1406 1072 ἤνεγκεν,
1466 999 1554 1050 οἷα
1615 996 1755 1071 μύρα
1812 1016 1944 1049 παν-

292 1089 412 1139 τοῖα
459 1083 590 1146 τοὺς
640 1089 747 1139 τῶν
801 1085 1001 1161 ἀρετῶν
1050 1083 1277 1162 λόγους’
1331 1086 1446 1139 καθ’
1508 1084 1600 1149 οὕς
1648 1084 1735 1139 καὶ
1786 1084 1944 1145 αὐτὸς

295 1171 554 1243 εἰσῆλθον
586 1172 637 1228 ἐν
668 1175 847 1246 τούτῳ
875 1172 954 1246 τῷ
983 1175 1167 1247 κήπῳ,
1205 1174 1254 1227 ἐν
1308 1175 1353 1246 ᾧ
1382 1174 1450 1228 τὰ
1485 1172 1591 1246 ἐμὲ
1640 1173 1943 1246 θελήματα,

292 1263 343 1317 αἱ
368 1262 513 1338 ἂγιαί
567 1283 671 1336 μου
722 1261 939 1317 ἐντολαὶ
991 1262 1379 1340 ἐφυτεύθησαν·
1435 1260 1767 1338 δρεψάμενος
1810 1262 1947 1316 πάν-

292 1372 398 1414 τως
452 1352 547 1405 τὸν
608 1350 808 1406 τούτου
858 1353 1088 1427 καρπὸν,
1139 1351 1198 1414 ὅς
1232 1350 1372 1407 ἔστιν
1410 1354 1444 1421 ἡ
1489 1355 1598 1406 τῶν
1647 1351 1949 1426 εἰρημένων

298 1438 532 1495 ἐντολῶν
588 1439 832 1511 ποίησις.
889 1438 1130 1518 Ἀδελφή
1186 1463 1311 1514 μου,
1346 1444 1441 1495 τοῦ
1471 1442 1607 1495 κατά
1628 1439 1781 1518 φύσιν
1822 1442 1949 1495 Υἱοῦ

294 1533 388 1585 τοῦ
419 1534 555 1585 Θεοῦ
585 1531 674 1585 καὶ
707 1532 937 1606 Πατρὸς,
988 1531 1063 1594 ὡς
1112 1534 1344 1585 ποιοῦσα
1391 1531 1453 1585 τὸ
1486 1528 1617 1601 θὲλη
1631 1551 1702 1603 μα
1731 1529 1926 1585 τούτου

297 1619 384 1674 καὶ
413 1620 792 1691 υἱοθετηθεῖσα
824 1618 973 1692 αύτῷ
1002 1620 1138 1675 κατὰ
1184 1619 1368 1696 ’χάριν
1426 1620 1517 1674 καὶ
1575 1620 1760 1697 νύμφη
1822 1598 1950 1703 μους

296 1709 368 1772 ὡς
406 1706 752 1778 κολληθιῖσά
801 1730 894 1782 μοι
961 1707 1029 1763 δι’
1079 1707 1293 1785 ἀγάπης
1339 1709 1429 1764 καὶ
1490 1714 1702 1782 πνεῦμα
1761 1706 1815 1764 ἔν
1868 1730 1953 1784 γε·

288 1797 515 1906 γομὲγη.
579 1796 856 1854 Εἰσελθὼν
911 1796 969 1851 δὲ
1027 1797 1080 1853 ἐν
1131 1802 1210 1869 τῷ
1270 1798 1545 1872 εἰρημένῳ
1599 1800 1763 1871 κήπῳ
1824 1820 1948 1870 μου,
1984 1844 2028 1909 Β

299 1886 602 1962 Ἐτρύγησα
656 1886 895 1964 σμύρναν
929 1888 1063 1959 μετὰ
1118 1886 1423 1964 ἀρωμάτων
1484 1906 1611 1960 μου·
1671 1887 1817 1957 ἤτοι,
1850 1889 1947 1956 τὴν

304 1978 397 2028 τοῦ
454 1980 714 2051 σαρκικοῦ
774 1978 1123 2053 φρονήματος
1181 1981 1286 2030 τῶν
1350 1976 1803 2049 μαθητευομὲνων
1864 1997 1947 2031 σοι

303 2063 565 2139 νέκρωσιν
600 2065 734 2136 μετά
780 2067 888 2118 τῶν
940 2063 1221 2137 ἐπομὲνων
1268 2066 1434 2131 ταύτη
1464 2066 1686 2141 ἀρετῶν.
1749 2067 1817 2123 Οἱ
1845 2066 1947 2141 γὰρ

304 2151 455 2226 σαρκῖ
524 2151 615 2207 καὶ
665 2152 859 2224 κόσμῳ
907 2154 1267 2228 νεκρώσαντες
1320 2155 1382 2208 τὸ
1441 2155 1719 2230 φρόνημα,
1781 2155 1946 2211 Ilva-5-

308 2261 431 2313 ματι
479 2245 641 2296 τοῦτο
704 2246 945 2312 ζητοῦσι,
1004 2242 1092 2297 καὶ
1147 2244 1516 2321 προσφέρουσι
1550 2248 1664 2316 Θεῷ
1704 2244 1791 2298 οἷά
1828 2265 1948 2299 τινα

300 2329 505 2406 καρπὸν
531 2330 857 2404 ἀρωμάτων,
916 2329 1151 2387 ἐντολῶν
1185 2332 1347 2387 αὐτοῦ
1394 2333 1637 2402 ποίησιν·
1698 2334 1823 2408 περὶ
1878 2335 1945 2403 ἧς

300 2438 482 2496 φησιν’
545 2421 781 2498 Ἔφαγον
837 2417 995 2495 ἄρτον
1034 2442 1138 2493 μου
1200 2422 1333 2493 μετᾶ
1366 2421 1589 2494 μέλιτός
1624 2442 1749 2495 μου·
1794 2421 1944 2477 ἔπιον

300 2506 440 2561 οἶνόν
492 2528 599 2579 μου
652 2508 785 2581 μετὰ
830 2506 1101 2583 γάλακτός
1155 2531 1280 2583 μου.
1335 2512 1441 2566 Καῖ
1466 2507 1626 2586 ἄρτος
1657 2510 1750 2583 μὲν
1782 2510 1946 2565 αὐτοῦ

298 2593 434 2650 ἔστιν
468 2594 550 2667 ὅν,
585 2597 658 2659 ὡς
687 2595 1071 2670 προλέλεκται,
1132 2598 1288 2660 αὐτὸς
1320 2596 1627 2670 δεδήλωκεν
1675 2598 1725 2653 ἰν
1770 2600 1945 2675 Εὐαγ-

298 2684 508 2759 γελίοις
556 2684 746 2753 εἰπὼν,
816 2686 897 2740 ὅτι
958 2687 1121 2760 Ἐμὸν
1176 2686 1373 2763 βρῶμά
1429 2688 1537 2743 ἐστι
1568 2689 1631 2743 τὸ
1662 2695 1837 2744 ποιεῖν
1882 2690 1946 2745 τὸ

298 2773 516 2847 θέλημα
570 2779 669 2829 τοῦ
730 2775 938 2850 Πατρός
991 2796 1115 2849 μου·
1180 2776 1303 2850 μέλι
1364 2776 1439 2849 δὶ,
1471 2779 1538 2832 τὰ
1581 2775 1947 2854 γλυκαίνοντα

294 2864 384 2918 τὸν
414 2866 586 2917 ταῦτα
636 2865 981 2942 προφέροντα
1028 2864 1292 2940 λάρυγγα,
1342 2867 1458 2920 θεῖα
1513 2865 1709 2922 τούτου
1759 2867 1941 2942 λόγια·

300 2952 443 3015 οἶνος
473 2949 552 3020 δὲ,
612 2954 646 3022 ἡ
705 2952 991 3022 ὲκστατικὴ
1035 2960 1133 3023 τῆς
1173 2956 1309 3009 κατὰ
1340 2955 1496 3033 φύσιν
1546 2957 1790 3019 θεώσεως
1836 2959 1943 3033 χά-

307 3059 415 3114 ρις,
462 3040 548 3094 καὶ
580 3039 722 3115 γάλα
752 3044 787 3112 ὴ
820 3039 1027 3113 ἄδηλος
1056 3040 1319 3113 ἀπλότης.
1356 3045 1559 3098 Λοιπὸν
1591 3043 1641 3098 ἐν
1674 3048 1759 3108 αἶς
1789 3045 1947 3108 οὗτος

305 3123 396 3181 διὰ
444 3132 550 3183 τῶν
602 3129 771 3204 ἁγίων
840 3130 1004 3186 αὐτοῦ
1073 3131 1307 3186 ἐντολῶν
1368 3132 1667 3209 εἰσέρχεται
1715 3137 1942 3210 ψυχαῖς,

293 3215 382 3270 καί
431 3215 616 3291 τρέφει
666 3219 759 3291 μὲν
803 3218 1020 3289 ταύτας,
1071 3219 1144 3281 ὡς
1193 3220 1341 3295 ἄρτῳ
1394 3223 1527 3294 μετὰ
1573 3222 1814 3295 μελιτος,
1872 3227 1939 3296 τῇ

294 3306 459 3378 ἀρετῇ
514 3306 648 3378 μετὰ
693 3308 963 3381 γνώσεως·
1024 3308 1229 3378 ποτίζει
1273 3306 1330 3364 δὲ
1355 3313 1443 3365 οἶα
1474 3311 1618 3366 οἶνον
1670 3313 1804 3384 μετὰ
1843 3312 1944 3387 γά-

292 3390 518 3458 λακτος,
577 3396 676 3463 τὴν
733 3398 870 3452 κατᾶ
917 3396 1077 3473 χάριν
1139 3399 1350 3466 θέωσιν,
1403 3401 1535 3472 μετᾶ
1588 3408 1689 3470 τῆς
1740 3399 1942 3456 ἀδόλου

292 3481 626 3553 ἁπλότητος
686 3486 785 3554 τὴν
841 3486 1048 3541 τούτων
1109 3488 1379 3563 σωτηρίαν
1439 3490 1601 3554 αὐτὸς
1629 3488 1794 3544 οἲονεί
1823 3511 1944 3545 τινα

292 3572 452 3646 ἄρτον
529 3573 663 3645 μετᾶ
723 3575 943 3646 μέλιτος
994 3575 1199 3645 ἐσθίει,
1249 3579 1336 3631 καὶ
1400 3577 1562 3632 οἱονεί
1620 3600 1739 3634 τινα
1795 3580 1937 3635 οἶνον

294 3661 428 3733 μετὰ
473 3662 748 3736 γάλακτος
802 3665 966 3721 πίνει.
1025 3666 1179 3720 “Οθεν
1240 3666 1373 3738 πρὸς
1439 3666 1529 3729 οὕς
1563 3669 1832 3736 εἰσῆλθεν,
1865 3671 1939 3732 ὡς

291 3746 531 3824 εἴρηται,
593 3752 682 3805 καὶ
737 3753 1028 3828 οἰκητηρια
1074 3753 1301 3817 τούτους
1359 3754 1411 3809 ἐν
1472 3756 1609 3832 ἁγίῳ
1667 3758 1938 3831 Πνεύματι

290 3836 485 3893 ἑαυτοῦ
554 3838 795 3910 ἐποίησε,
869 3842 1019 3919 φησί’
1090 3844 1313 3920 Φάγετε,
1390 3846 1441 3899 οἱ
1518 3845 1750 3915 πλησίον
1811 3869 1935 3919 μου,

288 3925 376 3980 καὶ
427 3928 604 4001 πίετε,
663 3929 750 3984 καὶ
836 3931 1161 4003 μεθύσθητε,
1230 3932 1458 4011 ἀδελφοί
1529 3957 1653 4005 μου.
1715 3937 1934 4011 Ἤγουν,

292 4015 629 4093 Στραφὲντες
684 4019 777 4090 μὲν
829 4021 881 4073 οἱ
947 4020 1353 4096 ἀπαλλαγέντες
1416 4025 1740 4095 παθῶν,καὶ
1794 4024 1940 4101 ἐγγί-

290 4106 478 4166 σαντὲς
533 4126 626 4178 μοι
659 4104 747 4161 διὰ
787 4110 1176 4181 καθαρωτάτης
1214 4112 1604 4186 μεταγνώσεως
1648 4117 1715 4186 τῇ
1748 4114 1934 4189 ἀρετῇ·

288 4193 441 4248 πίετε
515 4191 573 4249 δὶ
620 4196 709 4251 τὸν
761 4196 1070 4253 ἐκστατικὸν
1126 4207 1227 4269 τῆς
1293 4202 1539 4264 θεώσεως
1601 4203 1743 4256 οἶνον
1806 4204 1937 4275 μετὰ

287 4288 387 4351 τῆς
419 4283 558 4358 πρός
590 4305 657 4356 με
686 4282 888 4340 ἀδόλου
920 4287 1167 4352 πίστεως.
1220 4290 1306 4343 καὶ
1342 4290 1446 4344 ἀπὸ
1490 4296 1597 4346 τῶν
1646 4292 1779 4345 κατᾶ
1832 4292 1937 4369 φύ-

291 4392 371 4425 σιν
405 4373 544 4445 πρὸς
575 4375 642 4429 τὰ
673 4375 804 4450 ὑπὶρ
860 4375 1016 4450 φύσιν
1070 4379 1392 4449 μετάστητε,
1444 4379 1535 4441 οὕς
1584 4382 1717 4435 κατὰ
1775 4383 1938 4456 χάριν

290 4463 341 4514 ἐν
373 4460 517 4536 ἆγίῳ
566 4464 840 4535 Ηνεύματι
891 4466 1180 4537 υίοθέτησα
1222 4473 1302 4539 τῷ
1333 4466 1455 4541 ἰδίῳ
1515 4471 1705 4545 Ηατρί·
1756 4473 1935 4527 Ταῦτα

2057 550 2448 614 Quamobrem
2505 546 2588 600 illi
2648 544 3008 616 respondens
3062 560 3074 597 :
3141 542 3302 605 Veni,
3375 540 3589 612 inquit,
3648 540 3708 593 in

2054 638 2274 694 hortum
2295 653 2498 706 meum,
2526 651 2682 691 soror
2708 649 2850 699 mea,
2872 648 3090 704 sponsa.
3116 630 3296 694 Quem
3322 634 3382 683 tu
3428 628 3709 683 nimirum

2059 728 2470 782 mandatorum
2504 741 2769 780 meorum
2795 722 3060 778 doctrina
3099 718 3432 784 consevisti,
3494 717 3711 788 quibus

2054 816 2563 889 perturbationum
2589 812 2839 885 procella
2870 812 3143 866 discussa
3164 812 3272 864 est.
3299 807 3477 863 Flavii
3510 810 3709 861 autem

2055 910 2297 963 sanctus
2327 905 2580 976 Spiritus
2606 907 2857 970 meus,et
2887 900 3098 972 plantae
3132 900 3304 953 istius
3336 896 3487 951 horti
3528 895 3705 951 veluti

2056 998 2357 1066 unguenta
2411 995 2592 1059 varia,
2652 994 2937 1045 virtutum
3002 988 3258 1042 rationes
3314 984 3705 1058 protulerunt,

2056 1101 2157 1157 per
2179 1100 2327 1155 quas
2383 1098 2488 1154 ego
2542 1098 2773 1152 quoque
2831 1081 2888 1133 in
2922 1078 3080 1133 hunc
3112 1077 3348 1130 hortum
3401 1075 3708 1145 ingressus

2056 1190 2212 1239 sum,
2270 1172 2328 1226 in
2388 1188 2502 1242 quo
2550 1171 2885 1225 voluntates
2937 1184 3098 1234 meas,
3156 1168 3361 1221 sancta
3416 1166 3710 1235 praecepta

2058 1278 2187 1318 mea
2246 1261 2508 1333 plantata
2563 1264 2723 1315 sunt.
2785 1257 2974 1327 Hujus
3006 1272 3110 1328 ego
3143 1255 3398 1309 fructum
3467 1252 3708 1307 omnino

2058 1353 2343 1425 decerpsi.
2405 1352 2512 1418 Qui
2570 1369 2709 1408 sane
2765 1352 2986 1407 fructus
3040 1349 3305 1420 ipsorum
3364 1350 3454 1401 est
3499 1359 3709 1417 praece-

2060 1447 2289 1516 ptorum
2352 1442 2698 1498 observatio.
2760 1441 2933 1496 Soror
2974 1455 3119 1508 mea,
3182 1436 3282 1508 qui
3314 1439 3523 1491 natura
3574 1450 3708 1489 sum

2061 1531 2245 1588 Filius
2289 1531 2384 1587 Dei
2417 1536 2474 1587 et
2505 1531 2718 1597 Patris,
2744 1530 2960 1601 quippe
2982 1545 3108 1600 qum
3138 1528 3267 1597 ejus
3297 1524 3708 1595 obtemperans

2058 1620 2368 1692 voluntati,
2399 1624 2457 1676 et
2505 1621 2555 1675 ei
2605 1636 2707 1691 per
2755 1618 3007 1691 gratiam
3037 1632 3135 1686 pro
3169 1614 3287 1669 tilia
3315 1629 3377 1669 es
3399 1612 3698 1683 adoptata.

2061 1710 2274 1782 Sponsa
2341 1726 2501 1778 mea,
2569 1713 2769 1780 utpote
2826 1706 2972 1761 mihi
3020 1722 3124 1777 per
3178 1702 3522 1760 cbaritatem
3577 1717 3709 1756 con-

2053 1800 2284 1871 juncta,
2316 1803 2493 1871 atque
2520 1815 2675 1854 unus
2706 1797 2909 1852 eil‘ecta
2931 1795 3195 1868 spiritus.
3248 1793 3552 1864 Ingressus
3601 1807 3705 1846 au-

2059 1894 2179 1945 tem
2237 1891 2296 1942 in
2349 1888 2584 1943 hortum
2674 1902 2895 1955 meum,
2953 1883 3159 1939 messui
3217 1880 3510 1953 myrrham
3582 1895 3707 1934 cum

2058 1978 2406 2049 aromatiqus
2435 1978 2574 2032 meis
2599 1995 2621 2042 ,-
2650 1990 2855 2046 nempe
2906 1972 3161 2029 carnalis
3192 1987 3403 2027 sensus
3441 1968 3705 2039 discipu-

2059 2066 2248 2123 larum
2300 2071 2541 2121 tuarum
2592 2063 3099 2120 mortificationem
3158 2076 3291 2116 cum
3382 2057 3705 2113 virtutibus

2059 2174 2187 2229 quae
2208 2156 2368 2213 illam
2402 2159 2861 2226 consequuntur.
2895 2152 3001 2219 Qui
3025 2152 3181 2207 enim
3204 2149 3363 2206 carni
3396 2153 3455 2204 et
3484 2147 3704 2203 mundo

2058 2264 2296 2303 sensum
2323 2245 2840 2312 mortificaverunt,
2875 2258 3004 2298 eum
3049 2239 3294 2312 Spiritui
3327 2236 3700 2302 dicant,Deo-

2057 2353 2170 2408 que
2191 2336 2362 2391 veluti
2397 2336 2713 2407 quemdam
2748 2336 3075 2388 aromatum
3127 2329 3403 2394 fructum,
3450 2342 3701 2397 praecep-

2055 2430 2246 2481 torum
2282 2425 2534 2480 offerunt
2579 2422 3082 2479 observationem:
3148 2420 3218 2473 de
3274 2434 3410 2488 qua,
3468 2414 3696 2483 comedi,

2056 2515 2269 2587 inquit,
2300 2530 2497 2585 panem
2539 2528 2726 2567 meum
2781 2527 2906 2565 cum
2961 2510 3121 2564 molle
3174 2522 3293 2561 meo
3323 2523 3335 2561 :
3367 2505 3481 2561 bibi
3507 2505 3700 2558 vinum

2053 2622 2231 2659 meum
2260 2620 2384 2658 cum
2415 2604 2552 2657 lacte
2609 2617 2744 2656 meo.
2803 2602 2881 2654 Ac
2939 2598 3109 2670 panis
3159 2597 3391 2667 quidem
3425 2594 3553 2662 ejus
3611 2596 3703 2646 est

2054 2693 2380 2765 ille,quem,
2415 2698 2480 2746 ut
2510 2695 2681 2745 antea
2712 2690 2934 2744 dictum
2986 2690 3093 2752 est,
3152 2686 3279 2756 ipse
3330 2681 3650 2739 declaravit
3683 2697 3696 2735 :

2054 2783 2220 2850 Meus,
2252 2781 2531 2853 inquiens
2556 2780 2615 2834 in
2651 2777 3034 2849 Evangelicis,
3068 2775 3217 2831 cibus
3246 2780 3346 2842 est,
3378 2778 3441 2828 ut
3495 2774 3699 2841 faciam

2052 2873 2388 2929 voluntatem
2446 2872 2632 2926 Patris
2684 2870 2795 2923 mei
2815 2867 2876 2918 ⁵³.
2926 2865 3035 2920 Mel
3084 2868 3280 2920 autem
3339 2866 3477 2918 sunt
3506 2859 3701 2915 divina

2054 2963 2179 3033 ejus
2210 2961 2463 3033 eloquia,
2512 2976 2638 3031 qua;
2677 2957 2941 3029 linguam
2974 2973 3007 3010 a
3062 2970 3177 3024 qua
3220 2951 3697 3025 pronuntiantur,

2053 3051 2363 3106 dulcedine
2394 3049 2773 3121 perfundunt.
2805 3047 3021 3101 Vinum
3047 3059 3180 3098 vero
3220 3048 3310 3097 est
3335 3040 3523 3111 gratia
3553 3038 3699 3093 divi-

2055 3138 2256 3194 nitatis
2287 3137 2608 3209 elargitrix,
2642 3152 2770 3207 quae
2792 3136 2849 3190 id
2873 3135 3023 3204 quod
3059 3130 3325 3189 naturale
3353 3134 3461 3197 est,
3520 3142 3700 3197 supra

1973 3212 2015 3277 C
2055 3232 2324 3283 naturam
2358 3225 2721 3280 extollit.Lac
2752 3228 2946 3278 autem
2969 3226 3057 3278 est
3086 3222 3202 3276 doli
3233 3235 3441 3291 expers
3470 3215 3698 3285 simpli-

2053 3316 2219 3371 citas.
2252 3317 2517 3386 Sponsus
2547 3314 2731 3385 igitur
2761 3313 2820 3366 in
2881 3329 3030 3383 quas
3052 3327 3155 3382 per
3184 3312 3387 3364 sancta
3418 3307 3699 3361 mandata

2052 3424 2180 3469 sua,
2214 3405 2442 3460 animas
2471 3403 2821 3473 ingreditur,
2844 3416 2944 3457 eas
2975 3406 3099 3455 tum
3134 3397 3319 3454 nutrit
3347 3394 3515 3468 quasi
3549 3408 3696 3465 pane

2051 3495 2303 3566 quodam
2337 3509 2468 3548 cum
2503 3491 2696 3561 melle,
2739 3490 2952 3544 virtute
2983 3505 3116 3544 cum
3148 3486 3508 3557 cognitione:
3564 3487 3693 3536 tum

2051 3588 2231 3655 potat,
2266 3582 2432 3654 quasi
2465 3581 2598 3635 vino
2630 3597 2764 3635 cum
2806 3578 2976 3644 lacte,
3011 3593 3285 3632 concessa
3312 3590 3415 3645 per
3444 3571 3693 3643 gratiam

2049 3672 2372 3737 divinitate,
2402 3687 2535 3726 cum
2570 3674 2792 3725 remota
2813 3685 2845 3723 a
2876 3668 3007 3723 dolo
3040 3665 3438 3738 simplicitate.
3474 3665 3693 3715 Horum

2046 3780 2179 3819 vero
2212 3762 2459 3817 salutem
2481 3766 2762 3830 tanquam
2788 3774 2999 3830 panem
3024 3756 3340 3827 quemdam
3363 3767 3497 3806 cum
3523 3748 3694 3804 melle

2050 3854 2174 3924 ipse
2205 3851 2476 3918 comedit,
2509 3867 2573 3904 ac
2602 3849 2779 3903 veluti
2812 3848 3012 3900 vinum
3046 3845 3343 3915 quoddam
3374 3857 3509 3897 cum
3546 3839 3692 3893 lacte

2044 3942 2212 3997 bibit.
2248 3944 2452 4011 Itaque
2484 3939 2554 3992 ad
2591 3955 2760 4009 quos,
2794 3941 2860 3991 ut
2891 3936 3169 3997 diximus,
3218 3933 3524 4003 ingressus
3579 3933 3690 3991 est,

2046 4046 2313 4101 quosque
2342 4027 2640 4083 domicilia
2674 4026 2856 4081 suain
2889 4024 3108 4095 Spiritu
3135 4026 3337 4076 sancto
3363 4016 3690 4083 constituit,

2047 4120 2199 4191 ipsos
2224 4118 2432 4173 invitat
2462 4118 2530 4171 ad
2564 4116 2720 4170 bunc
2752 4115 2990 4168 modum
3015 4130 3027 4166 :
3056 4110 3342 4175 Comedite,
3398 4104 3694 4178 propinqui

2046 4210 2175 4273 mei,
2209 4211 2259 4262 et
2328 4206 2514 4272 bibito,
2575 4208 2625 4259 et
2680 4203 3073 4270 inebriamini,
3125 4203 3337 4270 fratres
3377 4197 3525 4252 mei:
3587 4192 3689 4264 qui

2044 4296 2311 4352 videlicet
2343 4294 2604 4350 conversi
2640 4294 2801 4355 estis,
2834 4296 2890 4346 et
2927 4290 3064 4344 vitia
3121 4286 3443 4360 repulistis,
3500 4288 3558 4339 et
3615 4282 3686 4337 ad

2046 4402 2161 4454 me,
2191 4387 2465 4440 virtutem
2500 4399 2633 4438 cum
2684 4399 2830 4453 pura
2887 4379 3217 4450 cognitione
3261 4376 3542 4438 colentes,
3594 4387 3688 4425 ac-

2045 4475 2327 4530 cessistis.
2364 4473 2547 4527 Bibite
2581 4480 2772 4526 autem
2832 4468 3310 4539 obstupefaciens
3366 4462 3689 4517 divinitatis

288 4554 414 4647 γοῦν
436 4551 646 4647 διὰτὰς
694 4552 1065 4647 παρακλήσεις
1092 4563 1193 4625 τῆς
1242 4555 1457 4634 νύμφης
1510 4559 1645 4633 πρὸς
1701 4561 1798 4621 τὰς
1833 4582 1933 4632 μα-

2051 4564 2242 4618 vinum
2277 4580 2408 4618 cum
2442 4561 2558 4616 doli
2592 4564 2823 4632 experte
2853 4576 2989 4629 erga
3020 4575 3112 4612 me
3146 4557 3292 4610 fide:
3327 4558 3384 4609 et
3440 4553 3511 4606 ab
3570 4548 3688 4602 illis

289 4639 653 4712 θητευομίνας
712 4641 995 4716 εἰρηκότος
1052 4648 1148 4699 τοῦ
1198 4646 1470 4722 νυμφίου,
1522 4647 1653 4717 αῧτη
1713 4647 1930 4709 ταύταις

290 4726 483 4797 ἑαυτὴν
533 4732 834 4802 ποιουμένη
888 4730 1231 4811 παράδειγμα
1284 4740 1380 4791 τοῦ
1437 4740 1554 4799 πῶς
1610 4737 1931 4792 ἀκούσονται

287 4822 384 4884 τῆς
435 4825 624 4894 φωνῆς
698 4824 795 4874 τοῦ
853 4821 1091 4900 νυμφίου
1151 4823 1343 4896 αὐτῆς,
1402 4826 1491 4879 καὶ
1552 4826 1929 4882 εἷσοικίσονται

285 4909 497 4973 τοῦτον,
557 4906 734 4985 φησίν·
792 4910 931 4985 Ἐγὼ
986 4910 1248 4984 καθεύδω,
1311 4914 1465 4992 φησί,
1523 4916 1611 4970 καὶ
1670 4913 1932 4990 ἠκαρδία

286 5014 390 5065 μου
474 4995 756 5071 ἀγρυπνεῖ,
843 5000 993 5075 φωνὴ
1064 4997 1361 5075 ἀδελφιδοῦ
1420 5023 1522 5075 μου
1578 5002 1782 5079 κρούει,
1843 5004 1930 5059 ἐπὶ

279 5083 375 5151 τὴν
451 5084 635 5160 θύραν.
714 5086 818 5143 Καὶ
884 5086 1129 5152 καθεύδω
1178 5092 1271 5163 μὲν
1331 5092 1468 5165 πρὸς
1512 5091 1578 5147 τὰ
1637 5090 1770 5162 ἡδέα
1823 5098 1932 5148 τῶν

280 5176 587 5248 παρόντων,
660 5174 745 5230 ἐπὶ
802 5177 1020 5239 τούτοις
1071 5182 1140 5252 τῇ
1191 5180 1350 5255 ἀργίᾳ
1409 5182 1588 5259 ὥσπερ
1649 5184 1926 5238 ὑπνουσῶν

284 5283 386 5331 μου
441 5268 553 5317 τῶν
595 5265 918 5335 αἰσθήσεων.
951 5272 1220 5343 Γρηγορεῖ
1249 5266 1305 5322 δὲ
1340 5290 1444 5340 μου
1496 5272 1523 5324 6
1553 5277 1697 5342 νοῦς,
1732 5272 1817 5326 ῗνα
1850 5275 1925 5346 μή

282 5349 306 5437 6
338 5351 475 5426 ὑπὲρ
522 5350 686 5427 λόγον
719 5354 894 5429 Λόγος
930 5354 1105 5419 ἐλθὼν
1139 5357 1341 5433 εὖρήσῃ
1371 5358 1527 5413 αὐτὸν
1564 5361 1924 5437 ῥᾳθυμοῦντα·

279 5436 357 5491 Ἐν
388 5442 472 5502 οἷς
536 5438 594 5494 δὶ
649 5450 935 5519 γρηγορεῖ,
978 5444 1161 5500 ἀκούει
1212 5454 1310 5516 τῆς
1342 5447 1504 5504 αὐτοῦ
1561 5455 1657 5505 τοῦ
1711 5451 1926 5527 ἀγαπη-

347 5656 393 5692 ⁸²
421 5655 595 5715 Joan.
627 5676 705 5717 ιν.
740 5659 825 5716 34.

2042 4670 2171 4724 quae
2202 4650 2493 4707 naturalia
2524 4654 2685 4719 sunt,
2745 4650 2813 4703 ad
2864 4665 2930 4703 ea
2961 4665 3089 4718 quae
3122 4649 3343 4701 natura
3386 4642 3684 4714 praestant,

2041 4740 2485 4797 transferimini.
2546 4742 2703 4805 Quos
2750 4754 2885 4809 ergo
2932 4754 3032 4809 per
3090 4734 3339 4807 gratiam
3372 4733 3431 4786 in
3482 4731 3684 4785 sancto

2041 4832 2261 4903 Spiritu
2321 4831 2469 4885 filios
2526 4829 2799 4902 adoptavi
2862 4828 3014 4882 Patri
3068 4842 3213 4881 meo.
3300 4824 3431 4878 Haec
3507 4820 3689 4891 igitur

2041 4938 2298 4993 sponsus
2329 4937 2461 4976 cum
2497 4937 2598 4992 per
2645 4935 2877 4991 sponsa;
2938 4914 3381 4972 adhortationes
3437 4912 3509 4967 ad
3559 4911 3687 4981 ejus

2042 5009 2362 5082 discipulas
2392 5009 2791 5079 dixisset,ipsa
2816 5022 2877 5062 se
2897 5005 3017 5060 illis
3038 5002 3369 5073 exemplum
3395 5002 3682 5073 praebens,

2040 5116 2156 5170 quo
2189 5099 2359 5155 modo
2390 5100 2592 5153 audire
2620 5098 2868 5152 debeant
2896 5109 3089 5151 vocem
3122 5091 3322 5164 sponsi
3373 5089 3485 5155 sui,
3520 5105 3682 5145 eum-

2040 5205 2152 5260 que
2182 5188 2241 5242 in
2275 5189 2515 5242 domum
2551 5186 2958 5240 introducere:
2999 5185 3127 5250 Ego,
3172 5181 3390 5253 inquit,
3448 5180 3679 5245 dormio,

2039 5282 2091 5333 et
2118 5294 2209 5333 cor
2264 5294 2447 5333 meum
2500 5276 2716 5345 vigilat,
2766 5290 2873 5329 vox
2926 5275 3141 5343 nepotis
3195 5273 3307 5326 mei
3362 5270 3545 5341 pulsat
3605 5270 3686 5324 ad

2038 5368 2259 5422 ostium.
2286 5367 2356 5421 Et
2411 5365 2638 5420 dormio
2671 5364 2904 5435 quidem
2948 5364 3019 5417 ad
3063 5379 3130 5418 ea
3161 5378 3287 5433 qua
3319 5360 3377 5414 in
3411 5360 3521 5415 hac
3566 5359 3684 5413 vita

2035 5456 2295 5527 jucunda
2326 5455 2616 5519 videntur,
2649 5468 2780 5509 cum
2829 5470 3038 5507 sensus
3070 5452 3183 5507 mei
3212 5450 3382 5523 quasi
3415 5466 3515 5523 per
3544 5465 3682 5504 con-
