4040 6146
293 210 413 271 635

1621 206 2046 270 MICHAELIS
2088 208 2365 270 PSELLI

3573 210 3691 272 836

286 345 577 413 temptum
606 341 876 425 ipsorum
911 342 1088 415 sopiti
1115 342 1254 398 sint.
1287 340 1502 414 Vigilat
1540 345 1737 396 autem
1771 356 1936 395 mens

2074 342 2146 392 τοῦ
2182 360 2283 411 μου
2315 346 2500 419 φωνῆς
2529 340 2825 417 κρούοντος
2857 339 2940 397 ὶπ’
2997 339 3178 395 αὐτόν.
3236 340 3314 395 Δι’
3366 340 3428 395 οὗ
3481 340 3559 402 ὡς
3618 337 3711 394 δια

288 448 436 499 mea,
470 447 541 486 ne
572 447 829 502 sponsus
861 445 1027 486 meus
1059 434 1341 496 Verbum,
1377 430 1566 485 verbis
1614 428 1931 500 inexplica-

2040 448 2185 489 τινος
2218 429 2379 504 θύρας
2412 427 2569 491 οὗτος
2601 429 2905 505 εἰσέρχεται
2954 429 3030 493 εἷς
3058 432 3155 499 τὴν
3191 430 3397 505 ψυχήν.

289 519 428 585 bile,
459 521 718 587 veniens,
746 521 1005 575 inveniat
1055 538 1181 575 eam
1225 521 1661 575 dormitantem.
1697 521 1760 573 In
1793 518 2009 589 quibus
2051 523 2245 574 autem
2318 537 2485 576 mens
2544 520 2765 592 vigilat,
2825 521 2993 576 audit
3046 537 3244 576 vocem
3306 520 3503 575 dilecti
3593 520 3717 575 mei

293 608 591 663 Pulsantis
624 609 694 663 ad
729 624 881 674 eam,
914 624 1016 679 per
1046 625 1222 681 quam
1258 614 1541 679 tanquam
1576 624 1675 679 per
1697 608 1947 677 januam
1981 609 2296 678 quamdam
2326 609 2387 664 in
2418 610 2673 664 animam
2705 610 3060 681 ingreditur,

1029 717 1223 770 Psclli.

370 805 480 861 Sed
541 820 770 875 sponsa)
827 806 1063 860 Cantica
1121 821 1356 860 rursum
1422 804 1756 859 audiamus.
1840 805 1949 858 νοω

295 894 610 948 consobrini
637 893 745 947 mei
778 894 964 963 pulsat
1019 894 1091 949 ad
1136 896 1355 948 ostium.
1398 894 1564 964 Aperi
1594 893 1752 959 mihi,
1794 907 1949 947 soror

292 999 436 1051 mea,
486 982 675 1052 inquit
716 999 971 1053 sponsus
1024 998 1187 1037 meus
1240 983 1434 1037 media
1490 983 1559 1036 de
1624 985 1791 1037 nocte
1853 997 1946 1035 ve-

293 1072 481 1126 niens.
515 1070 717 1125 Cordis
747 1072 962 1125 ostium
1009 1072 1170 1138 mihi,
1227 1073 1441 1142 inquit,
1493 1072 1830 1141 patefacito,
1883 1073 1947 1122 ut

290 1159 349 1213 in
410 1166 464 1214 te
515 1159 878 1213 mansionem
943 1160 1149 1214 faciam
1210 1177 1345 1215 cum
1420 1161 1585 1213 Patre
1647 1175 1773 1214 meo
1827 1159 1872 1192 5‘
1931 1174 1946 1213 :

290 1248 608 1303 virtutibus
659 1248 812 1303 enim
867 1250 1122 1319 profecto
1184 1249 1328 1303 mihi
1397 1248 1728 1319 propinqua
1774 1248 1945 1302 facta.

292 1354 376 1393 es.
439 1338 601 1402 Quod
650 1337 698 1391 si
757 1338 1059 1408 aperueris
1116 1337 1280 1406 mihi,
1333 1338 1480 1392 dabo
1548 1337 1654 1391 tibi
1730 1353 1947 1391 munus

294 1441 600 1497 magnum,
634 1441 821 1480 rorem
868 1428 1065 1496 capitis
1096 1428 1224 1492 mei,
1249 1431 1297 1481 et
1326 1429 1717 1481 cincinnarum
1745 1430 1948 1497 guttas:

293 1514 404 1569 hoc
433 1519 523 1569 est
555 1514 771 1586 largiar
805 1515 909 1569 tibi
961 1516 1357 1570 curandorum
1414 1514 1722 1569 hominum
1760 1513 1946 1569 facul-

291 1607 495 1660 tatem.
531 1603 646 1659 Ros
678 1602 832 1659 enim
858 1619 1023 1658 meus
1054 1608 1142 1660 est
1172 1603 1479 1659 hominum
1517 1602 1830 1659 medicina.

890 1891 1075 1945 Trium
1107 1892 1357 1945 Patrum.

372 1980 513 2035 Talis
561 1988 748 2035 autem
802 1984 881 2034 est
938 1980 1013 2034 ad
1069 1995 1157 2033 me
1212 1994 1318 2034 vox
1364 1981 1548 2051 sponsi
1576 1980 1733 2033 mei:
1794 1977 1958 2048 Aperi

298 2070 461 2139 mihi,
518 2084 675 2124 soror
724 2084 866 2133 mea,
922 2071 1243 2140 prapinqua
1299 2084 1441 2134 mea,
1499 2068 1748 2123 columba
1811 2082 1953 2131 mea,

300 2164 554 2230 perfecta
584 2175 727 2214 mea.

370 2249 539 2318 Aperi
576 2248 722 2302 mihi
784 2252 1039 2302 mentem
1085 2253 1271 2310 tuam.
1324 2250 1388 2301 ut
1426 2263 1532 2317 ego
1557 2246 1659 2317 qui
1691 2262 1954 2315 compre-

304 2336 482 2392 hendi
514 2353 758 2406 nequeo,
788 2352 888 2408 per
917 2336 1083 2391 illam
1118 2337 1173 2389 in
1206 2340 1262 2390 te
1295 2335 1957 2404 comprehcndar,Soror

243 2494 245 2496 η
296 2441 436 2491 mea,
475 2430 770 2496 quatenus
822 2424 966 2479 facis
1024 2424 1381 2479 voluntatem
1431 2424 1619 2479 Patris
1651 2422 1958 2478 meizPro-

298 2517 508 2585 pinqua
537 2530 679 2580 mea,
702 2516 825 2585 jam
862 2514 1014 2569 facta
1046 2519 1283 2586 propter
1341 2512 1559 2569 mentis
1617 2511 1955 2581 tranquilli-

301 2608 481 2657 tatem
509 2619 522 2658 :
555 2603 819 2658 Columba
880 2619 1023 2668 mea,
1071 2607 1271 2673 utpote
1328 2618 1454 2671 quae
1487 2601 1675 2656 sancti
1707 2600 1956 2671 Spiritus

305 2694 416 2746 mei
451 2708 698 2746 munera
738 2692 1055 2761 acceperis,
1103 2692 1317 2760 quibus
1375 2698 1651 2761 tanquam
1687 2690 1797 2743 alis
1855 2705 1958 2759 per

304 2780 666 2835 affectionem
721 2782 792 2835 ab
854 2781 1129 2834 omnibus
1166 2780 1413 2834 terrenis
1464 2779 1637 2834 rebus
1690 2778 1955 2846 avolasti,

304 2876 479 2940 atque
512 2871 569 2924 in
604 2886 696 2923 me
729 2869 801 2923 ab
830 2870 991 2924 omni
1017 2870 1263 2923 materia
1294 2875 1514 2924 remoto
1547 2873 1726 2939 atque
1755 2868 1956 2922 ineffa-

304 2957 407 3012 bili
440 2962 497 3012 et
522 2960 735 3013 mentis
762 2962 996 3029 captum
1031 2960 1344 3013 excedente
1391 2957 1799 3028 couquievisti.
1855 2959 1956 3011 At-

307 3063 422 3117 que
477 3048 558 3103 ita
606 3050 851 3119 perfecta
898 3063 1043 3113 mea,
1105 3051 1169 3102 ut
1226 3062 1330 3117 per
1378 3048 1665 3102 actionem
1707 3050 1958 3118 purgata

2755 713 3001 770 Ψελλοῦ.

2129 801 2286 857 Ἀλλ’
2318 802 2470 867 αὖθις
2504 803 2859 875 ἀκουσώμεθα
2886 803 2986 870 τῆς
3019 803 3235 880 νύμφης
3257 808 3363 858 τῶν
3394 804 3711 876 Ἀσμάτωψ

2130 892 2295 960 Φωνὴ
2352 893 2445 946 τοῦ
2504 890 2800 965 ἀδελφιδοῦ
2849 897 2954 964 μοῦ
3011 894 3196 965 κρούει
3246 892 3333 946 ἐπὶ
3362 894 3460 959 τὴν
3514 891 3706 966 θύραν’

2058 981 2307 1050 ’Ἃνοιξόν
2345 1002 2461 1052 μοι,
2487 979 2693 1055 ἀδελφή
2724 1003 2850 1052 μου.

2129 1068 2301 1139 Φησὶν
2336 1068 2387 1123 ἐν
2422 1070 2569 1142 μὲσῳ
2600 1077 2696 1138 τῆς
2729 1071 2918 1132 νυκτὸς
2950 1070 3022 1131 ὡς
3055 1067 3220 1137 ἦλθεν
3254 1071 3282 1124 ὁ
3312 1068 3571 1147 νυμφίος,

2055 1160 2172 1227 Τὴν
2205 1159 2365 1232 θύραν
2400 1158 2753 1228 ἀναπὲτασον,
2789 1159 2923 1230 εἷπε,
2963 1158 3054 1231 μοὶ
3085 1166 3183 1227 τῆς
3214 1157 3459 1231 καρδίας,

2056 1249 2146 1309 Ὦς
2177 1246 2237 1301 ἂν
2279 1247 2330 1302 ἐν
2365 1248 2449 1303 σοὶ
2481 1250 2801 1320 ποιήσωμαι
2835 1250 3002 1319 μονὴν
3037 1247 3129 1302 σὺν
3160 1253 3240 1319 τῷ
3270 1247 3438 1321 Πατρί
3472 1269 3600 1320 μου.

2058 1340 2193 1398 Ταίς
2226 1338 2438 1410 ἀρεταῖς
2461 1337 2560 1412 γὰρ
2593 1338 2835 1412 πέφυκας
2862 1333 3033 1400 ὅντως
3062 1337 3199 1410 ἐμοῦ
3231 1338 3491 1407 πλησίον.

2057 1425 2119 1480 Εἰ
2150 1430 2276 1502 γοῦν
2309 1426 2537 1497 ἀνοίξεις
2572 1448 2687 1498 μοι,
2724 1426 2910 1503 φησὶν,
2942 1424 3101 1480 δώσω
3162 1447 3245 1481 σοι
3299 1424 3471 1501 δῶρον
3537 1426 3675 1499 μέγα
3700 1444 3715 1457 °

2240 1514 2263 1531 ﬂ

2056 1517 2163 1584 Τῆν
2237 1514 2427 1587 δρόσον
2518 1537 2622 1588 μου
2704 1522 2802 1585 τῆς
2878 1513 3123 1593 κεφαλῆς
3184 1512 3421 1588 ψεκάδας
3474 1534 3532 1569 τι
3586 1515 3722 1588 βοσ-

3440 1603 3685 1679 [τρύχων
3698 1646 3715 1660 .

2058 1695 2277 1769 Ἥγουν,
2312 1695 2524 1761 Ἰἀσεις,
2558 1692 2792 1750 ἐκτελεῖν
2823 1691 2983 1748 δώσω
3016 1714 3099 1748 σοι
3133 1694 3271 1766 πρὸς
3302 1692 3642 1767 ἀνθρώπους-⁸

1980 1787 2026 1851 Β
2058 1783 2219 1856 Ἰαμα
2257 1783 2359 1859 γὰρ
2386 1785 2420 1853 ἡ
2455 1781 2646 1858 δρόσος
2682 1804 2786 1855 μου
2814 1782 3076 1858 τυγχάνει
3106 1787 3222 1846 τοῖς
3250 1780 3583 1857 ἀνθρώποις.

2632 1893 2749 1944 Τῶν
2780 1890 2826 1964 γ’
2867 1888 3119 1965 Πατὲρων
3131 1931 3144 1945 .

2132 1977 2365 2047 Τοιαύτη
2426 1976 2483 2033 δέ
2539 1978 2681 2033 ἐστιν
2735 1981 2769 2047 ἡ
2829 1977 2971 2052 πρός
3024 1998 3090 2050 με
3140 1981 3237 2032 τοῦ
3265 1975 3502 2051 νυμφίου
3533 1979 3722 2054 φωνή·

2061 2068 2305 2139 *Ανοιξόν
2355 2090 2471 2140 μοι,
2512 2066 2721 2145 ἀδελφή
2762 2088 2892 2141 μου,
2922 2067 2955 2136 ἠ
2990 2064 3227 2136 πλησίον
3264 2086 3389 2139 μου,
3421 2066 3728 2142 περιστερά

2070 2178 2194 2231 μου,
2228 2155 2411 2211 τελεία
2446 2178 2572 2229 μου.

2136 2247 2387 2317 ’¹Λνοιξον
2447 2242 2504 2300 δὲ
2565 2266 2661 2318 μοι
2716 2244 2809 2299 τὸν
2841 2248 2988 2310 νοῦν,
3018 2245 3112 2297 ἳνα
3168 2243 3422 2318 χωρητός
3483 2263 3570 2296 σοι
3631 2239 3730 2297 διὰ

2069 2336 2235 2409 μέσου
2288 2335 2453 2389 αὐτοῦ
2514 2336 2542 2389 ὁ
2574 2334 2867 2410 ἀχώρητος
2902 2334 3169 2409 γένωμαι.
3204 2330 3443 2409 Ἀδελφή
3482 2339 3610 2404 μου·
3645 2332 3732 2393 ὡς

2065 2429 2301 2481 ποιοῦσα
2346 2426 2409 2479 τὸ
2466 2422 2686 2496 θέλημα
2735 2427 2833 2477 τοῦ
2888 2423 3097 2497 Πατρός
3153 2443 3298 2494 μου,
3353 2422 3415 2477 Ἡ
3476 2420 3730 2490 πλησίον

2069 2535 2174 2587 μου
2230 2511 2339 2583 ἤδη
2397 2511 2660 2589 γενομένη
2723 2509 2793 2566 δι’
2848 2510 3146 2567 ἀπάθειαν.
3226 2508 3520 2586 Περιστερά
3592 2530 3728 2580 μου,

2066 2603 2140 2665 ὡς
2189 2604 2256 2656 τὰ
2304 2602 2616 2677 χαρίσματα
2645 2605 2739 2655 τοῦ
2788 2599 3053 2676 παναγίου
3115 2620 3218 2671 μου
3261 2598 3579 2671 Πνεύματος
3613 2597 3722 2652 λα-

2067 2686 2254 2756 ϐοῦσα,
2319 2693 2407 2744 οἷα
2476 2689 2748 2764 πτέρυγας
2803 2692 3178 2764 ἷπεριστερᾶς·
3238 2688 3327 2742 καὶ
3394 2688 3726 2742 πετασθεῖσα

2066 2782 2201 2835 κατὰ
2243 2777 2475 2833 διάθεσιν
2528 2777 2635 2832 ἀπὸ
2685 2780 2900 2832 πάντων
2927 2782 3033 2833 τῶν
3060 2775 3287 2853 γηίνων,
3337 2776 3426 2830 καὶ
3456 2775 3539 2831 ἐπ’
3590 2776 3723 2849 ἰμοὶ

2064 2874 2143 2941 τῷ
2198 2865 2373 2940 ἀύλῳ,
2437 2866 2659 2943 ἀρρήτῳ
2720 2887 2779 2921 τε
2828 2866 2917 2921 καὶ
2967 2867 3098 2942 ὑπὶρ
3157 2870 3280 2920 νοῦν
3335 2864 3727 2920 καταπαύσασα

2067 2958 2241 3032 λόγῳ⁸
2287 2957 2565 3020 κάντεῦθεν
2593 2954 2776 3011 τελεία
2836 2977 2963 3029 μου,
3003 2958 3078 3017 ὡς
3109 2960 3433 3031 καθαρθεῖσα
3462 2953 3552 3009 διὰ
3580 2956 3726 3029 πρά-

2068 3047 2197 3117 ξεως
2254 3045 2344 3100 καὶ
2376 3050 2703 3124 φωτισθεῖσα
2760 3041 2850 3099 διὰ
2898 3045 2999 3114 τῆς
3050 3044 3101 3098 ἐν
3161 3043 3429 3116 πνεύματι
3459 3042 3718 3118 θεωρίας,

301 3142 357 3191 et
389 3152 491 3208 per
515 3137 1065 3207 contemplationem
1126 3138 1185 3191 in
1245 3138 1455 3209 spiritu
1490 3135 1840 3203 illuminata,
1900 3139 1955 3191 et

2074 3137 2157 3191 καὶ
2237 3135 2591 3199 τελειωθιῖσα
2676 3133 2764 3189 διὰ
2845 3141 2945 3203 τῆς
3018 3135 3153 3188 κατά
3232 3135 3392 3208 χάριν
3452 3133 3729 3196 θεώσεως.

304 3228 564 3283 numeris
588 3228 866 3283 omnibus
897 3245 1000 3299 per
1029 3228 1355 3283 divinitatis
1386 3230 1638 3299 gratiam
1682 3226 1955 3298 expolita.

304 3317 475 3387 Aperi
504 3322 702 3372 autem
747 3318 909 3383 mihi,
958 3319 1241 3388 quoniam,
1290 3321 1355 3371 ut
1406 3317 1625 3371 dictum
1661 3324 1767 3383 est,
1798 3317 1959 3387 caput

304 3420 491 3459 mcum
520 3414 597 3460 est
627 3407 858 3476 plenum
888 3421 1035 3470 rore,
1068 3410 1119 3459 et
1148 3407 1401 3460 cincinni
1421 3407 1531 3459 mei
1557 3407 1724 3475 guttis
1763 3406 1955 3458 noctis.

310 3494 379 3548 Et
428 3499 605 3564 caput
652 3495 890 3563 quidem
950 3494 1160 3564 ipsius,
1222 3494 1376 3563 quod
1428 3510 1528 3563 per
1557 3492 1956 3547 excellentiam

308 3583 553 3654 mystice
586 3581 940 3637 declaratum
975 3586 1064 3636 est
1086 3582 1530 3648 Vcrbum,Mens
1562 3581 1663 3635 illa
1693 3581 1957 3634 ineffabi-

306 3670 380 3725 lis
403 3688 528 3741 quae
555 3670 809 3724 Verbum
843 3670 1066 3739 genuit,
1100 3684 1342 3739 qumque
1389 3685 1419 3722 a
1454 3670 1627 3723 rebus
1684 3668 1961 3724 omnibus

307 3759 467 3813 omni
500 3760 725 3813 ratione
761 3759 987 3813 inﬁnite
1019 3760 1218 3812 distat.
1254 3756 1540 3828 lmpletur
1569 3762 1788 3822 autem,
1821 3757 1959 3811 dum

309 3853 362 3904 ta
376 3865 584 3919 nquam
619 3864 745 3903 rore
772 3848 1087 3919 perfectam
1115 3847 1374 3901 animam
1399 3845 1602 3916 implet
1633 3845 1965 3917 cognitione

312 3955 435 3993 suae
468 3938 791 3993 divinitatis
824 3955 923 4008 per
945 3936 1224 3991 terminos
1250 3928 1966 4006 abnegantes;cuiusmodi

316 4031 478 4095 sunt,
512 4024 1234 4097 supersubstantiale,sinc
1263 4024 1962 4095 principio,immensum,

314 4115 611 4170 inﬁnitum
655 4121 711 4170 et
768 4115 865 4169 alii
924 4115 1191 4184 ejusdem
1252 4114 1504 4184 generis.
1559 4115 1737 4183 Hujus
1768 4118 1960 4167 autem

313 4203 595 4271 cincinni,
627 4219 691 4257 ex
723 4220 787 4258 en
821 4203 1008 4273 capite
1041 4209 1181 4257 sunt
1212 4204 1374 4257 bonae
1399 4202 1584 4256 Patris
1614 4202 1965 4267 voluntates,

310 4293 369 4348 in
401 4293 617 4363 Spiritu
650 4297 852 4347 sancto
880 4293 950 4347 ab
974 4292 1105 4363 ipso
1132 4292 1443 4363 Unigenito
1465 4292 1532 4345 ad
1565 4291 1740 4345 ﬁnem
1760 4292 1966 4362 perdu-

311 4387 433 4437 ctae.
455 4382 589 4445 Quae
622 4381 856 4452 quidem
892 4386 1177 4451 tanquam
1220 4380 1404 4451 guttis
1436 4381 1760 4445 nocturnis,
1783 4380 1965 4451 plenas

314 4470 709 4540 suntjudiciis
740 4470 975 4539 divinis,
1026 4471 1179 4539 quod
1215 4468 1627 4540 comprehendi
1654 4473 1964 4539 nequeant,

314 4559 1062 4631 impervestigabilibus.Ex
1092 4575 1207 4629 quo
1237 4560 1409 4612 noctis
1439 4561 1603 4629 guttae
1634 4575 1969 4629 nuncupan-

318 4654 435 4719 tur,
469 4651 639 4720 quasi
673 4649 887 4703 minuti
920 4648 1161 4718 quidam
1194 4663 1435 4717 vapores
1470 4647 1822 4720 cognitionis
1882 4649 1967 4702 in-

316 4739 754 4810 comprehensaa
790 4740 963 4808 atque
994 4735 1304 4791 inaccessae
1329 4735 1790 4792 divinitatis.Per
1820 4753 1968 4807 quas

319 4826 561 4896 quidem
585 4825 846 4897 guttulas
870 4824 1223 4896 cognitionis
1240 4839 1405 4878 mens
1423 4824 1630 4879 anima:
1646 4825 1760 4880 Deo
1782 4824 1969 4881 Verbo

316 4916 681 4986 desponsata:
714 4916 999 4986 patefacta
1030 4919 1087 4968 et
1117 4916 1315 4983 aperta
1347 4914 1540 4984 ipsum
1565 4914 1885 4969 introducit
1912 4914 1970 4969 in

320 5006 558 5058 domum
593 5004 1154 5074 suam.Quapropter
1182 5005 1239 5056 et
1268 5006 1544 5072 tanquam
1569 5019 1746 5057 causa
1777 5002 1968 5059 illius:

321 5094 483 5161 Aperi
504 5093 889 5147 mihizdictum
924 5097 1032 5147 est:
1067 5092 1207 5159 Quia
1238 5100 1399 5161 caput
1431 5107 1608 5145 meum
1638 5092 1865 5162 plenum
1896 5094 1973 5146 est

321 5196 446 5235 rore
474 5198 491 5240 ,'
519 5187 576 5235 et
607 5197 732 5251 qum
766 5182 1429 5252 sequunturﬁaeterum,
1456 5197 1487 5234 ο
1510 5180 1975 5251 άίεοίρηίω,ίιυὶα

324 5271 408 5324 sic
428 5285 621 5324 vocem
641 5271 839 5338 sponsi
857 5269 1264 5336 meiaudivi,et
1289 5268 1973 5339 intelligibilemjanuam

328 5375 518 5414 meam
572 5358 833 5429 patefeci,
878 5364 1052 5428 atque
1106 5355 1356 5411 incolam
1384 5358 1615 5427 possedi
1645 5357 1839 5430 ipsum
1874 5359 1974 5430 qui

396 5544 439 5580 ¹⁵⁴
478 5542 681 5615 Jeoan,
714 5541 859 5608 XIV,
890 5541 981 5595 23.

2068 3226 2314 3294 ”Ανοιξον
2376 3222 2432 3278 δέ
2496 3245 2612 3296 μοι,
2674 3226 2748 3286 ὡς
2809 3222 3044 3299 εἷ’ρηται,
3102 3223 3184 3276 δτι
3239 3223 3273 3291 ἡ
3332 3222 3542 3298 κεφαλή
3606 3241 3716 3292 μου

2068 3311 2319 3381 ἐπλήσθη
2382 3310 2615 3385 δρόσου,
2696 3312 2784 3365 καὶ
2843 3312 2895 3364 οἱ
2950 3310 3248 3385 βόστρυχοί
3312 3330 3416 3382 μου
3470 3305 3723 3381 ψεκάδων

2067 3400 2300 3462 νυκτός.
2360 3400 2464 3455 Καὶ
2519 3400 2731 3476 κεφαλή
2798 3400 2891 3472 μὲν
2949 3398 3057 3453 ἐστι
3108 3402 3204 3453 τοῦ
3262 3398 3381 3459 καθ’
3436 3397 3716 3471 ὑπεροχὴν

2071 3490 2345 3563 μυστικῶς
2401 3488 2857 3566 ἀποπεφασμένου
2916 3488 3119 3561 Λόγου,
3180 3488 3208 3541 ὁ
3264 3490 3455 3540 τοῦτον
3485 3486 3603 3540 κατ’
3631 3485 3727 3540 οῦ-

2068 3580 2186 3633 σίαν
2247 3582 2468 3652 γεννῶν,
2531 3577 2619 3631 καὶ
2670 3576 2886 3631 πάντων
2948 3575 3088 3630 κατά
3117 3575 3284 3630 πάντα
3338 3574 3537 3650 τρόπον
3573 3574 3730 3629 ἀπεί-

2070 3688 2177 3743 ρως
2209 3665 2569 3738 ὲξῳκισμὲνος
2599 3664 2911 3740 ἀπόρρητος
2945 3668 3102 3725 Νοῦς·
3165 3663 3222 3725 ὅς
3280 3661 3588 3737 πληροῦται
3647 3661 3734 3734 τῷ

2070 3756 2318 3829 πληροῦν
2377 3756 2475 3821 τὴν
2522 3753 2732 3819 τελείαν
2762 3755 2969 3830 ψυχὴν,
3027 3756 3117 3807 οἷα
3158 3750 3359 3829 δρόσου
3389 3759 3488 3821 τῆς
3516 3753 3731 3823 ἀποφα-

2070 3850 2224 3913 τικῆς
2276 3844 2555 3920 θεολογίας
2606 3850 2713 3899 τῶν
2747 3845 2870 3919 περὶ
2914 3843 3096 3899 αὑτόν·
3160 3846 3290 3918 ἅπερ
3341 3843 3443 3898 eici
3472 3843 3535 3897 τὸ
3571 3845 3734 3917 ὑπερ-

2074 3936 2276 4003 ούσιον,
2334 3937 2396 3990 τὸ
2454 3931 2714 4009 Ξέναρχον,
2773 3936 2836 3988 τὸ
2897 3931 3141 4006 ἄπειρον,
3202 3934 3265 3987 τὸ
3324 3932 3601 4006 ἀόριστον,
3635 3932 3729 3986 καὶ

2073 4026 2140 4079 τὰ
2197 4024 2382 4097 ὅμοιαθ
2448 4022 2746 4099 βόστρυχοι
2806 4020 2862 4077 δὲ
2902 4022 3097 4077 τούτου
3156 4020 3215 4076 ἐκ
3270 4025 3370 4086 τῆς
3429 4021 3733 4096 εἰρημένης

2076 4114 2342 4188 φυόμενοι
2396 4111 2660 4187 κεφαλῆς,
2712 4112 2766 4166 αἱ
2822 4110 2873 4165 ἐν
2924 4111 3061 4186 ἁγίῳ
3118 4108 3388 4182 Πνεύματι
3426 4110 3513 4164 ὑπ’
3564 4109 3733 4164 αὐτοῦ

2071 4206 2169 4256 τοῦ
2247 4204 2588 4277 Μονογενοῦς
2664 4199 2740 4263 εἷς
2813 4201 2981 4275 πέρας
3038 4199 3302 4274 ἀγόμεναι
3360 4203 3456 4253 τοῦ
3514 4200 3727 4272 Πατρὸς

2074 4289 2351 4347 εύδοκίαι.
2439 4292 2611 4362 "Amp
2680 4291 2770 4343 οἷα
2845 4286 3093 4363 ψεκάδων
3170 4289 3399 4355 νυκτὸς,
3473 4292 3583 4342 τῶν
3663 4286 3735 4343 δι’

2076 4379 2453 4453 ἀκαταληψίαν
2514 4379 2937 4454 ἀνεξερευνήτων
3010 4376 3351 4454 πληροῦνται
3402 4376 3559 4442 θείων
3606 4398 3729 4453 κρι-

2080 4469 2285 4543 μάτων.
2352 4470 2505 4522 Ὅθεν
2574 4473 2741 4523 ταῦτα
2807 4469 2894 4522 καὶ
2964 4467 3156 4531 νυκτὸς
3215 4463 3441 4540 ψεκάδες
3492 4464 3731 4540 ἐλέχθη-

2075 4579 2190 4627 σαν,
2251 4558 2323 4619 ὼς
2379 4555 2585 4622 νοτίδες
2613 4559 2757 4619 τινὲς
2807 4558 3055 4629 γνώσεως
3100 4563 3199 4625 τῆς
3250 4554 3373 4629 περῖ
3424 4556 3552 4611 Θεὸν
3600 4556 3732 4610 ἀκα-

2073 4646 2369 4721 ταληψίας·
2442 4647 2558 4709 καθ’
2635 4645 2695 4707 ἃς
2765 4646 3019 4720 γνώσεως
3077 4641 3293 4707 νοτίδας
3352 4645 3379 4698 ὁ
3446 4648 3569 4707 νοῦς
3627 4652 3731 4713 τῆς

2076 4734 2469 4809 νυμφευθιίσης
2497 4739 2577 4807 τῷ
2606 4738 2723 4805 Θεῷ
2770 4733 2930 4808 Λόγῳ
2978 4736 3165 4809 ψυχῆς
3203 4732 3578 4809 ἀνοιγόμενος,
3636 4732 3734 4788 αύ-

2078 4826 2169 4880 τὸν
2220 4823 2587 4892 εἶσοικίζεται.
2650 4822 2847 4898 Διόπερ
2900 4822 2992 4877 καὶ
3046 4823 3120 4884 ὡς
3163 4821 3308 4876 αἰτία
3336 4826 3454 4892 τοῦ,
3481 4823 3737 4893 ’Ἀνοιξόν

2084 4934 2199 4987 μοι,
2252 4913 2335 4981 τὸ,
2388 4914 2515 4969 ’Ότι
2572 4913 2606 4982 ἡ
2646 4910 2858 4988 κεφαλή
2917 4932 3020 4984 μου
3065 4909 3314 4981 ἐπλήσθη
3377 4908 3595 4986 δρόσου,
3645 4911 3737 4968 καὶ

2079 5002 2146 5057 τὰ
2202 5000 2348 5071 ἑξῆς,
2410 4999 2644 5076 εἷ’ρηται.
2707 5000 2857 5055 Ἐπεὶ
2889 4997 2957 5067 δ’,
3023 4998 3067 5054 ὦ
3120 5001 3436 5073 μαθήτριαι,
3472 5000 3741 5071 οὕτωτῆς

2086 5097 2271 5165 φωνῆς
2332 5093 2428 5144 τοῦ
2485 5088 2721 5164 νυμφίου
2775 5110 2879 5162 μου
2931 5086 3176 5159 ἥκουσα,
3233 5090 3323 5143 καὶ
3381 5091 3479 5157 τήν
3539 5090 3738 5161 ἑαυτῆς

2083 5180 2288 5247 νοητὴν
2321 5177 2502 5246 πύλην
2527 5179 2757 5250 ἠνὲῳξα,
2804 5177 2893 5232 καὶ
2926 5175 3131 5231 ἔνοικον
3193 5176 3506 5251 ἐκτησάμην
3548 5179 3736 5249 αὐτὸν,

2086 5266 2143 5328 ὅς
2218 5266 2625 5342 ἀναμαρτησίας
2694 5266 2834 5321 ἐστὶν
2912 5261 3139 5339 ἔνδυμα,
3203 5266 3463 5343 πρότερον
3520 5268 3737 5323 πάντων

2087 5353 2419 5429 ἑξεδυσάμην
2479 5358 2568 5411 τόν
2627 5356 2838 5432 χιτῶνά
2894 5377 2999 5429 μου
3046 5359 3136 5411 τὸν
3188 5355 3443 5426 παλαιὸν,
3500 5358 3594 5412 τὸν
3633 5365 3736 5428 τῆς
