4040 6146
328 292 458 354 637

1378 292 1786 355 COMMENT.
1832 291 1910 353 IN
1955 289 2354 354 CANTICUM
2405 293 2713 352 CANTIG.

3637 299 3756 359 638

331 424 638 501 ἁμαρτίας,
686 427 777 480 τὸν
863 426 923 480 ἐκ
1001 433 1102 496 τῆς
1153 421 1548 503 παραϐάσεως·
1600 424 1791 480 λοιπὸν
1871 427 1977 478 πῶς

2107 425 2455 481 innocentia
2487 430 2578 482 est
2606 427 3048 494 indumentum,
3071 428 3131 484 in
3163 429 3370 500 primis
3400 432 3578 486 veteri
3626 450 3755 489 mea

323 511 634 588 ἐνδύσομαι
692 514 850 570 αὑτὸν
930 520 1008 588 τῷ
1092 521 1340 594 φωτεινῷ
1419 522 1520 585 τῆς
1593 513 1998 587 ἀναμαρτησίας

331 603 681 659 ἀπελαθέντα
737 601 1040 678 ἐνδύματις
1101 605 1385 678 Ενιψάμην
1454 603 1580 666 τοὺς
1636 601 1805 666 πόδας
1867 625 1993 676 μου,

334 693 523 766 ἄκρως
574 694 903 769 καθαρθεῖσαι
931 699 1010 767 τῷ
1065 715 1123 748 τι
1177 693 1393 770 λουτρῷ
1443 698 1538 748 τοῦ
1600 691 1992 769 βαπτίσματος,

330 781 428 837 καὶ
479 786 548 856 τῇ
605 786 702 836 τοῦ
761 784 1026 859 παναγίου
1096 783 1410 857 Πνεύματος
1483 782 1843 862 ἐπιφοιτήσει,
1903 783 1992 836 καὶ

340 875 414 945 τῇ
445 875 550 926 τῶν
581 872 738 935 θείων
791 871 1027 928 ἐντολῶν
1071 875 1322 947 τηρήσει.
1358 874 1540 940 Ὃθεν,
1592 876 1714 933 Πῶς
1771 869 1994 945 μολυνῶ

353 959 570 1030 αὐτοὺς,
603 959 760 1036 ἶ¹χνος
793 958 1048 1035 δεξαμένη
1083 960 1396 1038 παραλόγου
1427 961 1752 1034 ἐπιθυμίας

407 1135 778 1212 Ἐξεδυσάμην
833 1139 925 1193 τὸν
1013 1141 1224 1215 ’χιτῶνά
1313 1162 1440 1214 μου,
1500 1145 1618 1202 πῶς
1699 1137 1991 1212 ἐνδύσομαι

323 1228 529 1298 αὖτόνς
583 1228 892 1302 Ἐνιψάμην
950 1226 1077 1290 τοὺς
1138 1226 1310 1290 πόδας
1385 1251 1510 1303 μου,
1571 1233 1690 1292 πῶς
1768 1227 1990 1301 μολυνῶ

331 1316 536 1379 αύτούς
563 1333 577 1386 ;

1035 1406 1281 1464 Ψελλοῦ.

403 1512 568 1589 Ἐγὼ,
599 1513 756 1592 φησὶ,
789 1514 879 1568 καὶ
913 1513 1192 1588 πρόπαλαι
1223 1516 1318 1578 τὰς
1353 1515 1516 1591 θύρας
1552 1513 1734 1586 ἄνοιξά
1764 1534 1877 1570 σοι·

331 1603 410 1659 Τὸ
437 1602 542 1679 γὰρ
573 1610 674 1673 τῆς
705 1598 1062 1679 παραϐάσεως
1095 1601 1424 1678 ἐξεδυσάμην
1468 1604 1666 1680 πάχος,

332 1693 508 1765 ’Όπερ
541 1691 645 1747 οὐκ
675 1690 1036 1767 ἰπενδύσομαι
1068 1695 1292 1749 πώποτε
1325 1699 1657 1770 μεταγνοῦσα
1677 1713 1689 1728 °

2106 515 2327 586 peccati
2351 516 2552 570 tunica
2575 532 2752 587 quam
2767 532 2832 570 ex
2844 518 3753 588 transgressionecontraxeram,

2105 620 2197 659 me
2243 604 2557 676 exspoliavi
2607 623 2618 661 :
2666 607 2968 668 Quomodo
3021 608 3144 675 jam
3217 607 3458 662 induam
3538 609 3753 681 ipsam,

2105 696 2417 767 splendido
2467 697 2772 768 depulsam
2807 697 3199 752 indumento?
3245 699 3378 754 Lavi
3401 699 3563 770 pedes
3611 718 3759 758 meo:

2105 785 2334 840 lavacro
2368 785 2769 857 baptismatis,
2804 791 2858 840 et
2889 787 3073 841 sancti
3100 787 3360 857 Spiritus
3391 789 3661 859 adventu,
3705 796 3762 847 et

2103 873 2437 928 divinorum
2467 875 2882 929 mandatorum
2899 877 3305 931 observatione
3328 877 3538 933 eximie
3558 895 3762 952 purga-

2102 965 2182 1017 ta:
2218 962 2490 1029 Quomodo
2521 962 2702 1034 igitur
2729 963 3177 1035 illos,improbae
3208 965 3550 1037 cupiditatis
3579 969 3758 1024 vesti-

2102 1050 2199 1121 gia
2229 1066 2504 1122 sequens,
2539 1053 2887 1122 inquinabo?

2173 1141 2494 1211 Exspatian
2512 1141 2802 1196 metunica
2814 1142 3292 1212 mea,quom0(lum
3313 1143 3543 1200 induam
3566 1145 3760 1202 illam?

2099 1230 2236 1284 Lavi
2261 1229 2421 1300 pedes
2448 1244 2616 1300 meos,
2651 1229 2911 1300 quomodo
2943 1232 3243 1303 inquinabo
3270 1233 3398 1288 illos
3417 1233 3445 1288 τ

2826 1409 3018 1465 Pselli.

2167 1515 2309 1586 Ego,
2336 1513 2551 1584 inquit,
2578 1515 2701 1585 jam
2735 1514 2962 1586 pridem
2989 1515 3140 1571 fores
3163 1517 3364 1588 aperui
3399 1518 3750 1576 tibi.Trans-

2097 1602 2418 1675 gressionis
2451 1602 2608 1657 enim
2633 1601 3085 1660 crassitudinem
3110 1607 3375 1676 exui,nec
3397 1609 3748 1666 sententiam

2099 1708 2362 1763 unquam
2387 1692 2646 1761 mutabo,
2681 1695 2746 1748 ut
2767 1709 2893 1749 eam
2928 1693 3140 1749 iterum
3175 1695 3748 1755 induam.Terrenas

338 1781 436 1838 Καὶ
473 1781 760 1856 μολυσμὸν
797 1781 1066 1859 ἆπερῥιψα
1095 1790 1196 1854 τῆς
1226 1791 1329 1860 γῆς
1391 1782 1450 1839 ἐκ
1483 1788 1590 1839 τῶν
1641 1780 1826 1838 ποδῶν
1861 1803 1977 1856 μου,

2098 1780 2348 1837 abstersi
2408 1781 2611 1837 sordes
2658 1781 2909 1852 pedibus
2959 1783 3126 1852 meis,
3175 1799 3393 1856 eosque
3442 1785 3502 1842 in
3538 1787 3750 1844 salutis

335 1870 437 1928 Kai
468 1871 696 1934 τούτους
731 1871 1100 1948 παρεσκεύασα
1121 1874 1256 1949 πρὸς
1284 1868 1504 1948 τρίϐους
1534 1871 1806 1946 σωτηρίας
1828 1891 1839 1904 ·

335 1959 548 2034 Οῧσπερ
585 1961 763 2016 οὐκέτι
803 1961 1028 2034 μολυνῶ
1058 1967 1352 2039 στραφεῖσα
1382 1963 1486 2037 πρὸ
1517 1961 1779 2019 τούπίσω.

332 2049 558 2108 Τούτων
592 2051 666 2113 ὡς
694 2048 924 2120 ἤκουσεν
956 2050 1125 2120 αὐτῆς
1153 2056 1260 2106 τῶν
1296 2050 1474 2127 λόγων
1503 2052 1530 2106 6
1561 2049 1816 2128 νυμφίος,

331 2136 525 2195 ’Ένδον
559 2139 826 2210 ἠθέλησεν
859 2138 1024 2209 αὐτῆς
1050 2140 1230 2215 ὥσπερ
1262 2145 1695 2212 κατασκηνῶσαι’

332 2227 493 2284 Ἀλλ’
525 2225 718 2284 οὔκουν
739 2228 831 2284 τὸν
864 2229 1159 2305 ἀχώρητον
1188 2231 1254 2298 ἦν
1289 2229 1435 2284 ὅλωτ
1467 2235 1790 2305 χωρηθῆναι
1815 2247 1828 2261 °

334 2320 524 2374 Ταῦτα
553 2318 643 2373 καὶ
673 2320 776 2394 γὰρ
811 2316 1128 2392 ἐπλήρωσεν
1161 2321 1194 2388 ἡ
1229 2320 1353 2396 χεὶρ
1386 2319 1549 2373 αὐτοῦ
1581 2320 1668 2373 καὶ
1704 2317 1864 2392 μόνη,

327 2407 423 2470 Ὠς
507 2406 598 2462 ἀπ’
676 2406 841 2478 αὐτῆς
931 2413 1120 2480 μαθεῖν
1203 2402 1314 2463 ἔστι
1398 2410 1498 2477 τῆς
1578 2407 1797 2485 νύμφης
1873 2409 1979 2461 τῶν

1573 2497 1907 2570 [ᾊσμάτων.

903 2589 1017 2639 Τῶν
1049 2608 1082 2659 γ
1123 2584 1402 2660 Πατάρων.

407 2688 730 2769 ’Λδελφιδός
808 2712 912 2764 μου
967 2690 1249 2746 ἀπέστειλε
1308 2694 1469 2766 χεῖρα
1522 2689 1684 2746 αὐτοῦ
1732 2689 1838 2745 ἀπὸ
1886 2697 1983 2761 τῆς

326 2783 486 2854 ὀπῆς,
518 2779 611 2835 καὶ
651 2783 685 2850 ἡ
718 2779 901 2835 κοιλία
931 2803 1036 2852 μου
1068 2779 1304 2855 ἐθροήθη
1336 2779 1418 2835 ἰπ⁹
1447 2778 1626 2837 αὐτόν.

406 2870 570 2942 Ἐγὼ,
633 2869 788 2947 φησί,
839 2868 927 2923 καὶ
976 2865 1167 2938 ἤνοιξα
1222 2874 1393 2922 πᾶσαν
1454 2867 1588 2941 ἐμοῦ
1643 2869 1744 2937 τήν
1797 2866 1981 2942 θύραν,

343 2955 856 3028 ὥσθ’ὑποδέξασθαι
915 2957 1142 3031 Χριστὸν
1201 2958 1288 3011 τὸν
1349 2956 1525 3032 Λόγον
1584 2958 1670 3011 καὶ
1731 2956 1982 3034 νυμφίον.

337 3045 492 3115 Πλὴν
553 3045 716 3120 μόλις
767 3045 1116 3117 εἰσελήλυοεν
1170 3049 1206 3116 ἡ
1266 3047 1391 3122 χεὶρ
1449 3045 1612 3101 αὐτοῦ
1658 3044 1748 3100 καὶ
1808 3045 1974 3118 μόνη.

327 3136 490 3193 Ὅθεν
569 3137 630 3191 τὸ
710 3134 933 3212 μέγευος
1019 3134 1183 3190 αὐτοῦ
1269 3133 1522 3210 μεγάλως
1606 3134 1977 3210 κατεπλάγην.
2010 3165 2053 3232 C

328 3223 525 3287 Καλῶς
591 3224 987 3303 ἐφιλοσόφησεν
1055 3226 1090 3294 ἠ
1145 3225 1353 3300 καθαρὰ
1427 3225 1714 3300 παρθένος.
1755 3225 1818 3280 Ἢ
1869 3229 1974 3279 τῶν

321 3314 625 3390 ἀνθρώπων
658 3315 759 3389 γὰρ
809 3313 990 3391 φύσις,
1029 3315 1063 3381 ἡ
1117 3313 1255 3368 πάνυ
1310 3314 1625 3388 βραχυτάτη
1669 3312 1790 3368 ὅσον
1847 3315 1983 3388 πρὸς

332 3401 489 3481 φύσιν
552 3403 736 3472 θεϊκήν
810 3407 907 3457 τοῦ
991 3404 1302 3476 θαυμαστοῦ
1385 3401 1644 3480 νυμφίου,
1705 3401 1844 3474 ὅλην
1917 3404 1979 3458 οὐ

323 3488 547 3545 δύναται
598 3495 824 3565 χωρεῖν,
878 3489 1030 3568 φησὶ,
1077 3489 1176 3557 τήν
1217 3489 1502 3560 θειοτάτην
1559 3489 1739 3566 φύσιν,
1774 3489 1896 3544 ὅσον
1931 3488 1982 3544 ἐν

325 3581 676 3654 ὑπολήψεσιν
754 3578 842 3633 καὶ
919 3584 1036 3641 ταῖς
1119 3576 1448 3654 θεολογίαις.
1530 3577 1786 3649 Ἀνέστην
1873 3577 1980 3654 ἐγὼ

315 3669 528 3738 ἀνοῖξαι
617 3672 698 3741 τῷ
784 3664 1060 3745 ἀδελφιδῷ
1123 3687 1264 3741 μου·
1321 3668 1507 3743 χεῖρες
1581 3688 1684 3741 μου
1763 3665 1979 3737 ἔσταξαν

321 3758 565 3831 σμύρναν
602 3802 616 3828 ,
705 3753 965 3811 δάκτυλοί
1065 3777 1168 3829 μου
1269 3755 1508 3832 σμύρναν
1599 3755 1788 3831 πλήρη
1894 3749 1979 3810 ἐπὶ

320 3851 515 3921 χεῖρας
599 3850 699 3901 τοῦ
775 3844 1065 3920 κλείθρου.
1122 3846 1297 3920 Ἐγὼ,
1357 3845 1559 3922 φησὶν,
1635 3847 1709 3908 ὡς
1792 3844 1982 3918 ἤνοιξα

327 3933 578 4005 δέξασθαι
637 3935 728 3990 τὸν
781 3934 1037 4012 νυμφίον,
1094 3935 1340 3996 κακεῖνος
1391 3934 1456 4003 ἦν
1518 3935 1831 4010 ἆχώρητος,
1889 3934 1981 3989 ἀν-

329 4023 491 4094 ἐστην
519 4025 655 4099 πρὸς
697 4024 954 4079 ἐπίπονον
982 4023 1070 4078 καὶ
1121 4024 1390 4099 θειοτέραν
1438 4024 1606 4096 τάξιν,
1657 4023 1804 4085 ὅπως
1863 4029 1980 4086 τοῖς

321 4113 519 4177 πόνοις
555 4118 674 4178 τοῖς
723 4110 985 4177 πολλοῖς,
1030 4112 1224 4188 σαρκός
1271 4133 1332 4167 τε
1361 4117 1429 4186 τῇ
1460 4113 1742 4187 νεκρώσει,
1774 4110 1980 4167 πλατύ-

323 4221 480 4276 τερον
534 4202 728 4275 ἀνοίξω
788 4223 890 4275 μου
937 4206 1034 4256 τοῦ
1089 4199 1358 4277 λογισμοῦ
1405 4202 1504 4270 τὴν
1539 4201 1724 4278 θύραν,
1757 4203 1843 4256 καὶ
1891 4202 1981 4256 τὸν

321 4291 621 4366 ἀχώρητον
679 4291 743 4346 τὸ
809 4290 934 4366 πρὶν
1014 4287 1335 4363 εἶσδέξωμαι
1396 4289 1648 4364 νυμφίον.
1698 4291 1856 4348 ’Ὸθεν
1929 4292 1980 4344 αἱ

317 4381 506 4454 χεῖρές
543 4401 672 4453 μου,
699 4381 852 4458 φησί,
882 4379 1015 4453 μετὰ
1042 4381 1132 4434 καὶ
1159 4383 1267 4434 τῶν
1303 4376 1584 4434 δακτύλων
1620 4385 1731 4440 τοῖς
1789 4380 1979 4442 πόνοις

320 4469 561 4542 σμύρναν
605 4466 822 4540 ἔσταξαν
888 4470 1084 4545 μέχρις
1128 4466 1292 4522 αὐτοῦ
1337 4471 1434 4522 τοῦ
1483 4466 1769 4541 κλείθρου·
1819 4489 1974 4523 τουτ-

2099 1868 2341 1926 semitas
2366 1869 2571 1936 direxi,
2596 1885 2666 1925 ne
2697 1869 2815 1925 ullo
2843 1887 3108 1943 unquam
3139 1875 3399 1945 tempore
3446 1890 3536 1932 me
3592 1881 3746 1934 retro

2095 1962 2450 2027 convertam,
2485 1963 2550 2014 ut
2581 1958 2883 2031 inquinem
2917 1959 3070 2016 illos.
3104 1965 3233 2018 Haec
3291 1980 3523 2036 sponsas
3569 1967 3746 2023 verba

2093 2064 2350 2120 sponsus
2383 2064 2512 2104 cum
2545 2049 2829 2117 audisset,
2865 2049 2923 2104 in
2954 2049 3232 2108 interiore
3263 2053 3390 2124 ejus
3421 2053 3601 2111 veluti
3649 2059 3741 2111 ta-

2091 2136 2411 2193 bernaculo
2436 2136 2617 2192 voluit
2649 2138 2953 2207 habitare;
2990 2141 3091 2196 sed
3123 2141 3311 2213 illum,
3345 2146 3410 2198 ut
3440 2143 3540 2215 qui
3583 2161 3741 2202 com-

2094 2225 2374 2298 prehendi
2407 2243 2520 2282 non
2554 2231 2766 2298 potest,
2791 2227 3034 2283 minime
3092 2230 3378 2302 capiebat.
3434 2233 3550 2288 Hoc
3581 2234 3739 2290 enim

2093 2330 2271 2370 manu
2304 2315 2526 2386 sponsi,
2560 2331 2745 2386 eaque
2774 2316 2900 2372 sola
2931 2317 3305 2388 rapiebatur:
3345 2327 3406 2376 ut
3436 2338 3504 2377 ex
3551 2322 3740 2394 ipsius

2092 2420 2321 2476 sponsae
2353 2407 2524 2458 cantu
2560 2420 2877 2476 possumus
2909 2404 3255 2478 intelligere.

2686 2580 2872 2635 Trium
2893 2582 3150 2637 Patrum.

2162 2687 2335 2757 Nepos
2389 2702 2544 2742 meus
2601 2688 2753 2742 misit
2808 2704 3037 2743 manum
3082 2706 3241 2745 suam
3283 2707 3378 2762 per
3404 2693 3662 2763 foramen
3692 2696 3743 2750 et

2090 2778 2278 2831 venter
2309 2789 2459 2830 meus
2481 2766 2769 2830 intremuit
2797 2775 2867 2830 ad
2897 2781 3108 2832 tactum
3135 2779 3271 2849 ejus.

2164 2864 2289 2919 Etsi
2324 2868 2534 2935 totum,
2596 2864 2809 2936 inquit,
2861 2865 3077 2922 ostium
3141 2884 3338 2924 meum
3399 2869 3622 2940 aperui,
3673 2873 3739 2924 ut

2090 2953 2392 3009 Christum
2425 2953 2685 3009 Verbum
2717 2958 2774 3009 et
2805 2972 3091 3026 sponsum
3125 2973 3319 3012 meum
3354 2959 3736 3030 susciperem;

2091 3046 2289 3098 tamen
2320 3041 2413 3097 vix
2461 3058 2671 3097 manus
2701 3044 2852 3113 ejus,
2911 3061 3096 3116 eaque
3147 3044 3273 3102 sola
3303 3046 3573 3102 immissa
3630 3053 3738 3104 est.

2092 3131 2296 3202 Itaque
2315 3129 2777 3200 magnitudinem
2803 3131 2990 3204 ipsius
3024 3151 3373 3206 magnopere
3396 3153 3530 3191 sum
3553 3137 3739 3192 admi-

2089 3225 2234 3276 rata.
2266 3219 2542 3275 Praeclare
2573 3237 2717 3290 pura
2747 3221 2907 3292 virgo
2934 3222 3401 3294 philosophatur.
3425 3225 3740 3282 Hominum

2088 3308 2245 3364 enim
2267 3312 2477 3363 natura
2499 3308 2688 3364 minor
2705 3314 2996 3380 est,quam
3020 3317 3081 3367 ut
3111 3312 3368 3368 divinam
3409 3315 3740 3372 admirandi

2089 3398 2264 3454 Verbi
2299 3403 2568 3453 naturam
2595 3398 2868 3470 opinione
2899 3404 3002 3455 aut
3032 3400 3278 3457 scientia
3299 3408 3476 3473 queat
3506 3404 3735 3460 univer-

2093 3504 2219 3541 sam
2259 3486 2761 3557 comprehendere.
2816 3488 3055 3544 Surrexi
3107 3498 3169 3545 ut
3223 3494 3499 3562 aperirem
3553 3495 3744 3565 nepoti

2091 3593 2228 3632 meo.
2273 3577 2464 3631 Manus
2522 3591 2654 3632 mea
2678 3577 3031 3634 stillaverunt
3049 3581 3335 3651 myrrham
3369 3581 3570 3651 :digiti
3627 3584 3740 3638 mei

2089 3666 2373 3737 myrrham
2396 3666 2627 3733 plenam
2649 3667 2707 3720 in
2732 3683 2929 3722 manus
2958 3669 3181 3734 pessuli.
3228 3673 3360 3742 Ego,
3424 3676 3488 3726 ut
3551 3688 3733 3743 spon-

2090 3770 2244 3822 sum,
2278 3753 2492 3825 inquit,
2516 3755 2865 3826 exciperem,
2889 3759 3192 3827 aperui.At
3212 3758 3309 3813 ille
3337 3759 3740 3830 penetralibus

2088 3843 2236 3899 meis
2271 3843 2400 3914 capi
2433 3861 2546 3898 non
2593 3848 2835 3915 poterat.
2871 3846 3105 3900 Surrexi
3167 3847 3236 3901 ad
3271 3846 3628 3904 laboriosum
3684 3854 3740 3904 et

2089 3931 2276 4004 magis
2304 3931 2569 3986 divinum
2598 3933 2959 4003 ordinem,ut
2992 3951 3165 4006 quem
3199 3939 3369 3990 antea
3393 3952 3600 4007 capere
3621 3954 3738 3994 non

2087 4021 2722 4093 potueram,laboribus
2746 4022 2950 4078 multis
2983 4027 3039 4078 et
3067 4023 3261 4079 carnis
3294 4025 3738 4083 mortiﬁcatione

2087 4109 2350 4166 latiorem
2383 4111 2753 4181 cogitationis
2791 4116 3017 4183 portam
3043 4113 3419 4183 patefaciens,
3449 4130 3736 4186 sponsum

2087 4199 2667 4270 comprehenderem.
2703 4200 2865 4256 Unde
2897 4217 3106 4257 manus
3153 4219 3315 4274 mem,
3352 4203 3564 4275 inquit,
3598 4222 3731 4261 cum

2086 4288 2288 4360 digitis
2320 4288 2686 4344 continenter
2718 4289 3013 4362 myrrham
3046 4290 3409 4348 distillarunt
3432 4309 3614 4364 usque
3661 4294 3734 4350 ad

2088 4379 2417 4452 pessulum.
2455 4380 2604 4445 Quin
2636 4380 2808 4434 etiam
2861 4381 3116 4449 pessulis
3153 4384 3427 4440 omnibus
3480 4385 3737 4441 reductis

2089 4471 2240 4524 fores
2273 4468 2497 4539 aperui,
2531 4468 2587 4522 id
2621 4474 2732 4534 est,
2782 4470 2977 4524 carnis
3008 4488 3150 4527 meae
3173 4472 3453 4529 membris
3487 4473 3732 4528 mortiﬁ-

321 4558 489 4627 ἐστιν,
525 4559 906 4634 Ἀπενέκρωσα
956 4558 1022 4612 τά
1075 4555 1216 4630 μέλη
1248 4563 1350 4627 τῆς
1400 4557 1596 4632 σαρκός
1649 4578 1773 4629 μου,
1807 4558 1972 4632 μέχρι

2097 4557 2466 4626 :atis,anima3
2495 4573 2704 4613 sensus
2735 4574 2936 4614 omnes
2969 4561 3238 4631 patefeci,
3270 4562 3455 4618 Pandi
3481 4573 3737 4634 [oresne-

312 4645 384 4701 τὰ
431 4644 658 4721 κλεῖθρα
723 4647 1011 4719 σύμπαντα
1063 4651 1166 4715 τῆς
1233 4643 1394 4720 θύρας
1456 4642 1645 4718 ἤνοιεά
1709 4667 1836 4720 μου,
1884 4645 1974 4701 καὶ

319 4734 494 4796 πάσας
589 4734 884 4790 ἀνεπέτασα
957 4735 1051 4797 τὰς
1128 4737 1314 4809 ψυχῆς
1395 4733 1694 4804 αἰσθήσεις.
1753 4735 1977 4806 Ἠνοιξα

317 4821 432 4897 ἐγὼ
474 4828 555 4896 τῷ
603 4821 883 4901 ἀδελφιδῷ
945 4845 1072 4896 μου,
1111 4821 1198 4877 καὶ
1251 4823 1279 4877 ὁ
1331 4819 1624 4899 ἀδελφιδός
1685 4844 1789 4896 μου
1847 4843 1978 4898 παρ-

315 4908 508 4980 ῆλθεν.
573 4910 746 4969 Ἀλλὰ
799 4911 894 4967 κᾶν
954 4910 1168 4983 ¹ἒςνοιξα,
1216 4912 1404 4990 φησὶν,
1453 4911 1662 4976 ἁπάσας
1723 4934 1828 4986 μου
1881 4915 1978 4977 τὰς

318 4999 507 5074 θύρας,
559 4998 676 5056 οὐδ’
727 5000 900 5066 οὕτως
975 5001 1042 5070 ἦν
1104 5021 1196 5074 μοι
1258 5001 1512 5076 χωρητὸς
1569 5003 1596 5056 6
1655 5000 1837 5077 Λόγος
1886 5002 1975 5058 καὶ

316 5090 578 5166 νυμφίος.
663 5091 828 5165 Ψυχή
925 5111 1029 5162 μου
1127 5086 1344 5162 ἐξῆλθεν
1419 5089 1470 5144 ἐν
1551 5089 1699 5165 λόγῳ
1790 5091 1973 5150 αὑτοῦ,

322 5177 476 5249 Εἶτα,
532 5179 716 5256 φησὶν,
770 5179 1026 5254 ἁνύψωσα
1083 5179 1171 5232 τὸν
1234 5183 1356 5232 νοῦν
1427 5180 1564 5253 πρὸς
1615 5180 1707 5234 τὸν
1767 5179 1976 5254 αῗθέρα,

319 5269 566 5321 ποθοῦσα
645 5265 911 5338 δήπουθεν
996 5273 1183 5341 μαθεῖν
1248 5268 1411 5344 σαφὲς
1467 5289 1518 5322 τι
1588 5269 1709 5342 περὶ
1758 5269 1972 5327 τούτου.

322 5352 484 5410 Ἀλλ’
533 5355 688 5428 ὅμως
745 5355 1084 5430 ὑψηλότερος
1144 5356 1233 5410 καὶ
1291 5361 1397 5410 τῶν
1467 5361 1639 5433 νεφῶν
1709 5359 1972 5433 ὑπῆρχεν.

319 5446 464 5514 Φησὶ
520 5444 622 5520 γὰρ
697 5447 807 5500 εἶτα
879 5447 1104 5518 καθεξῆς
1155 5447 1189 5514 ἡ
1249 5444 1435 5520 νύμφη
1512 5446 1602 5500 καὶ
1670 5449 1971 5523 παρθένος·

323 5535 600 5605 Ἐζήτησᾶ
667 5535 855 5604 αὐτὸν,
905 5535 996 5591 καὶ
1073 5534 1182 5610 οὐχ
1258 5534 1410 5610 εὗρον
1487 5532 1672 5609 αὐτὸν,
1747 5534 1975 5594 ἐκάλεσα

323 5621 482 5682 αὐτὸν
543 5623 631 5679 καὶ
681 5624 790 5700 οὐχ
837 5625 1110 5696 ὑπήκουσὲ
1166 5645 1290 5699 μου.
1339 5625 1437 5682 Καὶ
1489 5629 1606 5691 πῶς
1661 5623 1762 5704 γὰρ
1829 5627 1974 5704 εὑρε-

2082 4648 2197 4720 poti
2215 4650 2418 4701 τηεοιαί
2447 4647 2541 4702 ille
2571 4646 2948 4705 declinaverat
2979 4658 3139 4721 atque
3182 4653 3733 4717 transierat.Quam-

2083 4738 2171 4792 vis
2203 4735 2354 4792 fores
2386 4738 2934 4808 measpatet’ecerim
2997 4738 3322 4806 universas,
3355 4757 3472 4796 non
3529 4744 3730 4798 tamen

2081 4825 2336 4882 Verbum
2367 4829 2424 4880 et
2473 4841 2756 4897 sponsum
2792 4828 2953 4898 potui
2995 4829 3506 4900 comprehendere.
3534 4829 3737 4887 Anima

2084 4932 2208 4971 mea
2236 4930 2452 4984 egressa
2475 4919 2573 4982 est,
2597 4919 2659 4970 ut
2686 4932 2852 4988 nepos
2883 4918 3096 4974 locutus
3127 4922 3203 4972 est
3247 4935 3425 4975 meus.
3485 4921 3737 4977 Sustulit

2084 5009 2341 5061 mentem
2395 5020 2609 5075 meam,
2658 5005 2865 5077 inquit,
2899 5007 2971 5062 ad
3005 5005 3237 5078 cmlum,
3297 5012 3361 5062 ut
3417 5008 3488 5064 de
3525 5007 3736 5067 dilecto

2086 5111 2212 5150 meo
2245 5093 2465 5166 aliquid
2501 5093 2908 5167 intelligerem.
2943 5099 3018 5150 At
3046 5095 3143 5151 ille
3169 5095 3309 5152 caalo
3365 5101 3488 5153 erat
3543 5098 3732 5154 subli-

2089 5183 2239 5238 mior
2298 5181 2499 5236 multo.
2533 5182 2622 5237 Sic
2649 5182 2803 5237 enim
2839 5182 3108 5254 deinceps
3131 5182 3392 5255 loquitur
3433 5201 3652 5256 sponsa
3679 5191 3736 5242 et

2087 5273 2284 5340 virgo:
2313 5271 2563 5339 οπωςιυί
2590 5279 2638 5326 et
2665 5287 2774 5328 non
2806 5273 2997 5326 inveni
3038 5271 3196 5326 illum
3227 5292 3241 5341 ;
3274 5275 3479 5342 vocavi,
3521 5276 3574 5329 el
3627 5291 3738 5331 non

2086 5358 2364 5432 respondit
2393 5360 2553 5416 mihi.
2615 5361 2952 5433 Ecquonam
2985 5362 3158 5418 modo
3203 5362 3446 5419 inveniri
3470 5381 3735 5437 compre-

2087 5450 2386 5520 hendique
2419 5449 2630 5521 poterit
2678 5451 2751 5520 is,
2803 5451 2901 5523 qui
2938 5451 3083 5506 nihil
3110 5456 3201 5508 est
3231 5469 3432 5509 eorum
3469 5471 3594 5526 qua:
3635 5471 3734 5511 co-

2085 5541 2350 5615 gnitione
2380 5539 2806 5612 percipiuntur,
2840 5557 2956 5621 non
2989 5541 3234 5614 species,
3257 5559 3373 5599 non
3403 5543 3738 5616 ﬁgura,non

2085 5631 2269 5698 locus,
2299 5645 2414 5686 non
2449 5631 2749 5701 quantitas
2777 5630 2804 5686 ‘I
2836 5632 3172 5689 invenerunt
3219 5647 3306 5691 me
3331 5632 3584 5690 custodes
3640 5634 3739 5705 qui
