4046 6144
304 288 424 349 639

1651 290 2068 352 MICHAELlS
2113 291 2388 354 PSELLI

3601 296 3728 356 640

299 421 647 478 circumeunt
684 424 1003 479 civitatem:
1046 434 1440 495 percusserunt
1494 441 1601 492 me,
1634 425 1957 480 vulnerave-

2078 424 2296 492 θήσεται
2348 422 2438 479 καὶ
2494 425 2893 499 κρατηθήσεταί
2949 446 3055 481 που
3112 424 3259 487 ὅστις
3318 423 3470 481 οὐδὲν
3526 446 3578 482 τι
3624 428 3729 483 πί-

300 516 433 565 runt
463 527 567 567 me.
600 512 644 567 Ο
678 511 1135 581 pulcherrimam
1168 514 1409 586 virginis
1433 512 1903 586 progressionem
1937 513 1948 567 l

303 601 445 655 Ecce
501 601 657 655 enim
691 602 761 656 ad
814 602 1053 673 angelos
1113 620 1300 673 usque
1353 619 1663 674 progressa
1720 608 1830 658 est.
1892 601 1961 656 Hi

302 705 554 760 namque
584 695 725 745 sunt
756 691 1005 745 ccelestis
1028 693 1280 747 civitatis
1303 693 1964 747 custodes.Invencrunt

303 779 461 833 enim
496 796 587 833 me
618 780 873 834 Verbum
933 781 1350 851 inquirentem,
1411 786 1469 835 et
1525 781 1715 836 verbis
1766 782 1963 835 deter-

306 874 550 922 ruerunt
582 886 648 922 ac
708 868 1114 923 vulnerarunt.
1164 870 1449 925 Dixerunt
1517 874 1671 924 enim
1706 870 1760 923 id
1800 869 1964 923 nulla

306 973 547 1027 prorsus
580 956 802 1011 ratione
836 958 957 1011 fieri
988 974 1180 1028 posse,
1209 965 1272 1012 ut
1304 958 1778 1039 incomprehensi
1802 974 1960 1012 com-

305 1045 614 1117 prehensio
651 1046 1365 1116 reperiatur.Abstulerunr
1392 1048 1630 1118 pallium
1691 1049 1831 1102 mihi
1873 1063 1964 1101 cu-

300 1135 479 1189 stodes
535 1151 848 1189 murorum.
910 1134 1139 1201 Velum,
1204 1137 1416 1207 inquit,
1454 1136 1828 1191 abstulerunt
1888 1136 1961 1190 ab

301 1222 487 1278 oculis
522 1224 691 1289 meis,
727 1230 789 1277 ut
819 1222 1033 1278 clarius
1059 1241 1343 1296 sponsum
1368 1226 1753 1296 intuerer,qui
1787 1241 1858 1279 ne
1889 1225 1960 1280 ab

302 1312 529 1384 angelis
597 1312 837 1382 quidem
889 1317 1078 1383 potest
1162 1314 1440 1369 omnibus
1518 1314 1957 1385 comprehendi.

302 1401 693 1467 Quamobrem
749 1400 1023 1455 incertior
1081 1402 1391 1457 discedens
1449 1403 1708 1472 omnino,
1769 1408 1960 1457 custo-

304 1490 429 1559 des,
464 1490 518 1543 id
556 1493 664 1556 cst,
688 1489 927 1560 angelos
986 1491 1159 1545 etiam
1193 1496 1518 1560 aversatur,
1549 1493 1701 1561 quod
1756 1508 1829 1546 ne
1889 1492 1960 1546 ab

306 1577 428 1634 illis
456 1578 696 1650 quidem
722 1578 928 1649 ingens
954 1580 1155 1651 sponsi
1183 1580 1541 1636 desiderium
1564 1586 1737 1652 queat
1765 1580 1961 1635 immi-

310 1684 433 1723 nm.

2079 532 2238 589 φυκεν
2281 510 2340 567 ἐκ
2376 518 2484 567 τῶν
2517 513 2955 588 γινωσκομένῶν,
3007 515 3111 570 οὐκ
3158 513 3323 584 εἶδος,
3384 515 3445 570 ού
3502 536 3726 593 σχημα-

2071 601 2290 673 τισμὸς,
2348 601 2409 656 ού
2486 603 2679 671 τόπος,
2742 602 2804 658 οὐ
2868 605 3147 676 ποσότης;
3200 604 3441 678 Εὕροσάν
3528 626 3595 679 με
3672 606 3726 662 οἱ

2075 688 2334 764 φύλακες,
2412 691 2464 745 ol
2562 690 2889 755 κυκλοῦντες
2996 694 3201 761 πόλιν,
3288 693 3547 765 ἐπάταξάν
3636 716 3725 768 με,

2072 778 2466 852 ἂτραυμάτισάν
2529 801 2615 853 με.
2666 790 2729 836 Ὠ
2778 789 2877 852 τῆς
2928 783 3234 853 καλλίστης
3282 791 3568 854 προκοπῆς
3626 792 3727 853 τῆς

2072 866 2290 946 νύμφης
2336 869 2423 923 καὶ
2481 872 2790 946 παρθὲνουί
2845 870 2985 928 Ἰδοὺ
3041 874 3141 947 γὰρ
3190 871 3496 943 ἀνελήλυθε
3556 872 3725 948 μέχρι

2071 957 2299 1011 καὶτῶν
2353 958 2622 1033 ἀγγέλων.
2656 962 2820 1017 Οὗτοι
2868 961 2967 1035 γὰρ
3019 961 3257 1037 φύλακις
3318 961 3420 1017 εἶσι
3473 965 3574 1031 τῆς
3620 964 3724 1017 πό-

2072 1041 2214 1108 λεως
2259 1052 2357 1115 τῆς
2407 1045 2537 1104 ἄνω.
2570 1049 2812 1125 Εῧροσαν
2864 1050 3039 1104 τοίνον
3095 1072 3183 1123 με,
3217 1051 3372 1128 φησὶ,
3399 1051 3491 1106 τὸν
3547 1051 3722 1127 Λόγον

2072 1132 2434 1212 ψηλαφῶσαοο,
2505 1137 2594 1191 καὶ
2680 1137 2872 1214 λόγοις
2953 1140 3344 1213 ἐτραυμάτισαν
3426 1141 3515 1195 καὶ
3600 1162 3726 1196 κατ-

2074 1222 2398 1297 επληγωσάν
2451 1247 2536 1298 με.
2558 1231 2726 1281 Τοῦτο
2771 1227 2860 1282 καὶ
2904 1229 3003 1304 γὰρ
3049 1227 3257 1299 ἐξεῖπόν
3293 1250 3385 1303 μοι
3424 1234 3530 1285 τῶν
3593 1228 3723 1304 ἄγαν

2072 1309 2457 1385 ἀδυνάτων;’τὸ
2482 1317 2580 1384 τήν
2614 1314 2918 1390 κατάληψιν
2952 1323 3130 1387 ζητεῖν
3168 1325 3267 1388 τῆς
3316 1318 3724 1393 ἀκαταληψίας.

2070 1402 2242 1475 Ἥραν
2301 1404 2363 1457 τὸ
2422 1405 2699 1481 θὲριστρον
2756 1407 2844 1461 ἀπ’
2892 1406 3029 1481 ἆμοῦ
3087 1409 3139 1462 οἱ
3193 1408 3429 1485 φύλακες
3460 1413 3571 1463 τῶν
3618 1430 3727 1463 τει-

2071 1491 2238 1564 χέων.
2271 1496 2437 1567 Ἦραν
2483 1495 2545 1549 τὸ
2590 1495 3006 1569 περικάλυμμα,
3050 1498 3234 1575 φησὶν,
3268 1502 3373 1552 τῶν
3423 1496 3727 1576 ὀφθαλμῶν

2075 1600 2205 1651 μου,
2254 1580 2390 1635 dia-ra
2442 1604 2508 1654 με
2564 1586 2939 1660 καθαρώτερον
3004 1586 3263 1662 γνωρίσαι
3330 1588 3423 1642 τὸν
3488 1588 3728 1662 νυμφίον

2071 1674 2189 1732 τοῖς
2244 1677 2403 1726 πᾶσιν
2478 1672 2860 1744 ἀκατάληπτον
2938 1672 3066 1730 ὄντα
3142 1677 3231 1730 καὶ
3294 1682 3410 1738 τοῖς
3464 1674 3727 1751 ἀγγέλοις

306 1756 464 1812 ’Όθεν
501 1744 897 1829 ἐπάποργςσασα
927 1758 1186 1812 πάντοθεν
1213 1760 1247 1826 ἡ
1278 1758 1543 1833 παρθένος
1568 1757 1695 1820 τοὺς
1742 1756 1985 1835 φύλακας
2030 1754 2354 1832 ἐκδυσωπεῖ,
2384 1763 2626 1818 τουτὲστι
2672 1763 2799 1827 τοὺς
2847 1763 3126 1841 ἀγγέλους,
3156 1766 3247 1820 τὸν
3309 1766 3475 1829 πόθον
3519 1765 3725 1836 ταύτης

312 1844 407 1898 τὸν
438 1843 612 1899 πολὺν
649 1846 989 1919 μηνύσαιτῷ
1018 1868 1257 1925 νυμφιῳ.

899 1956 1089 2010 Trium
1119 1956 1366 2009 Patrum.

378 2061 681 2124 Quomodo
727 2066 943 2128 autem,
1006 2062 1199 2133 inquit
1251 2080 1470 2135 sponsa
1527 2064 1597 2118 ad
1640 2060 1958 2134 discipulae

307 2165 447 2205 suas
479 2150 780 2206 sordidam
815 2152 1033 2221 peccati
1066 2152 1330 2207 tunicam
1364 2153 1759 2222 deposuerim,
1790 2155 1960 2220 atque

306 2238 628 2310 purissima
681 2241 988 2307 evaserim,
1058 2242 1279 2298 audite.
1326 2242 1497 2310 Nepos
1544 2257 1697 2296 meus
1740 2241 1963 2295 demisit

305 2344 537 2383 manum
557 2344 712 2383 suam
739 2346 836 2400 per
863 2332 1133 2401 foramen,
1175 2334 1225 2385 et
1267 2339 1459 2386 venter
1484 2347 1633 2386 meus
1676 2332 1961 2385 intremuit

307 2415 377 2470 ad
406 2420 613 2471 tactum
642 2418 1044 2487 eiusDilectus
1080 2435 1244 2475 meus
1276 2421 1513 2474 demisit
1546 2438 1579 2474 a
1611 2420 1778 2475 Patre
1823 2436 1961 2490 pro-

309 2505 609 2559 cedentem
647 2507 716 2561 ab
758 2523 823 2562 eo
889 2508 1169 2579 Spiritum
1220 2509 1330 2579 ipsi
1381 2507 1961 2575 consubstantialem,

312 2595 484 2663 cujus
515 2600 796 2666 tanquam
823 2612 997 2651 manu
1025 2598 1249 2669 peragit
1270 2598 1466 2653 divina
1487 2598 1807 2669 gratiarum
1831 2613 1963 2651 mu-

313 2699 452 2737 nera
470 2700 570 2754 per
595 2688 846 2739 mentem
873 2702 1068 2740 meam
1102 2686 1280 2740 veluti
1303 2689 1674 2757 perforamen
1700 2686 1957 2754 aliquod:

312 2777 370 2826 et
403 2774 658 2842 patiente
691 2789 784 2827 me
816 2773 1051 2828 initium
1086 2775 1412 2845 sapientiae,
1435 2775 1705 2829 timorem
1767 2774 1961 2828 dilecti

321 2861 434 2914 mei
468 2865 751 2931 tanquam
776 2862 1022 2932 judicis,
1071 2863 1219 2934 gulae
1258 2863 1592 2935 ventrisque
1650 2864 1964 2935 corripitur

313 2948 543 3014 vitium,
582 2951 734 3005 unde
768 2966 956 3021 genus
986 2968 1156 3007 omne
1188 2952 1450 3008 nascitur
1476 2952 1959 3025 intemperantiae.

310 3040 376 3093 Et
396 3038 585 3093 statim
608 3042 833 3095 surrexi
863 3057 980 3109 ego,
1014 3047 1077 3096 ut
1134 3044 1409 3113 aperirem
1440 3043 1624 3114 nepoti
1671 3058 1825 3097 meo:
1863 3059 1965 3114 per

316 3127 613 3183 efﬁcacem
646 3130 1202 3201 contemplationem
1228 3134 1298 3187 ab
1320 3132 1559 3188 habitus
1578 3131 1963 3203 dispositione

242 3248 247 3251 -
315 3233 448 3272 sum
481 3217 733 3273 excitata
750 3223 814 3272 ut
846 3219 1317 3290 mentisjanuam
1344 3221 1724 3293 patefacerem
1752 3218 1962 3275 dilecto

1984 1957 2033 2020 Β

2628 1960 2752 2014 Τῶν
2777 1960 2823 2033 γ’
2856 1958 3129 2032 Πατὲρων.

2140 2052 2281 2121 Φησὶ
2320 2056 2447 2128 γοῦν
2482 2052 2558 2109 ἔτι
2606 2057 2641 2123 ἠ
2674 2054 2857 2134 νύμφη
2900 2057 3034 2131 πρὸς
3081 2056 3175 2119 τὰς
3226 2055 3670 2130 μαθητευομὲνας
3699 2075 3713 2091 ⁶

2066 2141 2255 2202 ’Όπως
2305 2138 2363 2195 δὲ
2412 2142 2502 2196 τὸν
2565 2142 2802 2219 ῥυπαρὸν
2861 2153 2961 2213 τῆς
3038 2145 3304 2221 ἁμαρτίας
3381 2143 3718 2217 ἐξεδυσάμην

2069 2233 2299 2303 χιτῶνα,
2330 2232 2419 2285 καὶ
2477 2230 2656 2309 ἄκρως
2712 2234 3036 2309 ἐκαθάρθην,
3092 2235 3357 2290 ἀκούσατε
3391 2255 3404 2269 ⁸
3461 2232 3721 2311 Ἀδελφι-

2070 2314 2162 2378 δός
2227 2340 2330 2390 μου
2386 2319 2672 2377 ἀπέστειλε
2730 2330 2891 2398 χεῖρα
2971 2323 3136 2379 αὐτοῦ
3215 2325 3319 2379 ἀπὸ
3382 2331 3481 2393 τῆς
3559 2324 3725 2393 ὀπῆς.

2069 2406 2157 2459 καὶ
2209 2410 2244 2476 ὴ
2304 2406 2491 2463 κοιλία
2556 2432 2661 2483 μυυ
2725 2411 2959 2483 ἑθροήθη
3043 2413 3126 2467 ἐπ’
3185 2412 3365 2467 αὐτόν.
3426 2414 3608 2482 ”Ητοι,
3659 2413 3724 2469 Ὀ

2069 2494 2347 2570 ἀγαπητός
2398 2519 2503 2571 μου
2547 2494 2756 2573 ἔπεμψε
2798 2502 2943 2575 παρά
2978 2506 3075 2555 τοῦ
3134 2502 3345 2575 ΙΙατρὸς
3400 2501 3463 2556 τὸ
3520 2500 3721 2564 ἐκεῖθεν

2070 2582 2500 2661 ὶκπορευόμενον
2534 2590 2828 2661 ὁμοούσιον
2857 2590 3006 2661 αύτῷ
3053 2588 3294 2662 Πνεῦμα,
3328 2588 3381 2644 ἐν
3443 2590 3488 2661 ᾦ
3538 2588 3721 2665 ὥσπερ

2073 2670 2123 2728 ἕν
2155 2696 2260 2730 τινι
2293 2678 2440 2752 χειρὶ
2500 2678 2703 2755 ἐνεργεῖ
2757 2679 2823 2733 τὰ
2872 2681 2989 2734 θεῖα
3035 2680 3350 2756 χαρίσματα
3408 2676 3497 2735 διὰ
3555 2678 3721 2752 μέσου

2070 2769 2168 2818 τοῦ
2197 2766 2322 2827 νυός
2359 2786 2466 2839 μου
2498 2767 2573 2829 ὡς
2604 2765 2694 2823 διά
2722 2788 2869 2831 τινος
2900 2769 3059 2837 ὀπῆς·
3092 2770 3181 2823 καὶ
3216 2766 3562 2838 ὠδινησάσης
3615 2789 3720 2839 μου

2071 2855 2170 2924 τὴν
2203 2854 2382 2929 ἀρχὴν
2420 2863 2519 2925 τῆς
2550 2856 2743 2934 σοφίας
2769 2858 2861 2912 τὸν
2896 2852 3069 2931 φόϐον
3117 2862 3213 2912 τοῦ
3254 2858 3539 2933 ἀγαπητοῦ
3590 2878 3717 2930 μου,

2072 2943 2146 3005 ὡς
2201 2948 2410 3019 κριτοῦ,
2454 2946 2517 2999 τὸ
2566 2949 2663 3014 τῆς
2715 2967 2807 3019 μοι
2876 2946 3306 3023 γαστριμαργίας
3369 2945 3719 3001 συνέσταλται

2072 3031 2240 3096 πόθος
2303 3055 2429 3105 μου,
2482 3034 2533 3105 ἐξ
2593 3036 2653 3090 οὗ
2706 3041 2810 3091 πᾶν
2861 3034 3002 3099 εἶδος
3054 3034 3350 3098 ἀκολασίας
3413 3035 3718 3115 ὑφίσταται.

2072 3122 2171 3175 Καὶ
2253 3123 2407 3187 εὐθὺς
2500 3124 2725 3188 ἀνέστην
2808 3124 2912 3201 ἐγὼ
2999 3125 3203 3196 ἀνοῖξαι
3281 3129 3360 3198 τῷ
3444 3122 3723 3204 ἀδελφιδῷ

2077 3231 2201 3283 μου·
2237 3210 2430 3287 ἤγουν,
2486 3214 2749 3289 Ἠγὲρθην
2803 3216 2921 3269 κατ’
2962 3213 3272 3290 ἔμπρακτον
3332 3214 3557 3289 θεωρίαν
3618 3215 3724 3270 ἀπὸ

312 3321 461 3360 meo.
499 3311 699 3362 Manus
721 3322 862 3364 meae
890 3309 1245 3364 stillaverunt
1272 3310 1581 3381 myrrham,
1621 3310 1829 3364 Activae
1880 3309 1961 3363 ni-

2074 3308 2173 3369 τῆς
2206 3301 2483 3374 ἐμπαθοῦς
2536 3305 2775 3379 σχέσεως
2824 3304 3148 3359 ἀναπετάσαι
3206 3305 3305 3371 τὴν
3358 3306 3559 3373 νοητήν
3618 3326 3724 3377 μου

313 3396 528 3450 mirum
564 3397 835 3467 potentiae
870 3414 1008 3452 meas
1037 3415 1202 3453 mens
1224 3404 1279 3453 et
1310 3399 1457 3453 ratio
1490 3416 1590 3469 per
1620 3398 1963 3454 electionem

310 3484 590 3539 fuderunt
616 3501 949 3551 sermones,
1008 3492 1065 3540 et
1126 3504 1317 3542 mores
1376 3488 1670 3543 carnalem
1723 3506 1965 3543 sensum

312 3574 932 3645 mortiﬁcantesﬂigili
960 3577 1069 3629 mei
1098 3578 1385 3647 myrrham
1412 3580 1637 3648 plenam
1666 3580 1721 3632 in
1768 3595 1967 3633 manus

310 3662 535 3733 pessuli.
572 3661 817 3718 Passivae
874 3663 1100 3719 scilicet
1158 3666 1427 3735 potentias
1487 3682 1648 3729 meae,
1708 3669 1964 3737 (sensus,

314 3751 794 3821 concupiscentia
826 3756 882 3806 et
922 3753 1245 3825 iracundia)
1273 3770 1399 3824 quae
1432 3755 1610 3809 menti
1643 3759 1700 3809 et
1732 3756 1966 3825 rationi,

316 3843 381 3894 ut
414 3838 686 3895 manibus
717 3840 883 3911 digiti
918 3847 1304 3913 cooperantur
1327 3844 1620 3914 propriam
1646 3862 1746 3917 per
1768 3845 1967 3917 cogni-

314 3928 528 3983 tionem
563 3934 618 3983 et
639 3928 1455 3995 virtutem,mortiﬁcationem
1485 3934 1963 4003 probatissimam

316 4017 752 4073 distillaverunt
774 4020 831 4074 in
865 4021 1236 4076 altectionum
1265 4037 1597 4092 opera,qus3
1628 4023 1812 4077 instar
1843 4041 1967 4095 pes-

316 4106 431 4162 suli
463 4108 781 4163 excludunt
819 4110 1041 4163 aditum
1088 4110 1539 4171 incredulitatis.
1595 4116 1875 4182 tanquam
1909 4118 1968 4168 et

316 4196 497 4266 hujus
524 4198 799 4268 operibus
829 4214 958 4269 quas
993 4216 1093 4269 per
1122 4200 1563 4255 translationem
1595 4218 1801 4254 manus
1835 4218 1963 4272 pes-

316 4283 428 4338 suli
460 4290 662 4339 vocata
708 4290 868 4353 sunt,
928 4288 1297 4343 mortiﬁcatis
1360 4306 1475 4341 una
1532 4305 1663 4342 cum
1719 4290 2015 4359 passivis.

311 4374 589 4444 potentiis
613 4391 759 4444 quas
792 4378 1270 4432 memoravimus.
1296 4378 1581 4441 Quoniam
1615 4382 1808 4432 autem
1834 4396 1965 4449 ope.

313 4479 441 4517 rum
475 4463 907 4518 incredulitatis
945 4465 1316 4520 mortiﬁcatio
1347 4470 1435 4521 est
1468 4466 1742 4537 perfectio
1786 4468 1917 4521 ﬁdei
1947 4485 1960 4524 :

314 4551 455 4605 fides
489 4558 684 4606 autem
719 4554 1016 4623 corruptio
1065 4554 1463 4620 infidelitatis;
1495 4554 1615 4610 haec
1650 4572 1682 4609 a
1713 4572 1825 4627 me,
1877 4557 1962 4612 uti

311 4640 1051 4711 pessulus,quemadmodu
1064 4659 1117 4695 m
1135 4644 1166 4695 d
1180 4642 1696 4715 iximus,corrupta
1710 4647 1962 4715 est.Ape-

310 4729 405 4782 rui
444 4730 632 4800 nepoti
690 4746 806 4784 meo
836 4745 934 4799 ego
969 4746 981 4783 :
1020 4730 1231 4785 mentis
1283 4747 1422 4787 mea:
1467 4733 1715 4802 januam
1749 4733 1961 4789 dilecto

312 4831 439 4871 meo
474 4834 574 4887 per
599 4818 731 4874 lidei
765 4818 1133 4874 affectionem
1168 4819 1428 4890 patefeci.
1485 4821 1657 4892 Nepos
1685 4839 1838 4878 meus
1861 4824 1961 4878 de-

307 4904 615 4961 clinaverat
648 4910 809 4978 atque
837 4909 1167 4963 transierat.
1229 4908 1453 4980 Quippe
1494 4910 1593 4981 qui
1629 4911 1806 4966 menti
1860 4930 1960 4983 per

310 4996 624 5050 essentiam
650 5012 764 5050 non
790 4997 1076 5067 subjacet,
1111 5013 1245 5051 cum
1282 5014 1383 5069 per
1415 4998 1575 5053 illam
1610 5001 1687 5055 sit
1735 5000 1960 5057 incom-

311 5081 743 5152 prehensibilis.
779 5086 981 5141 Anima
1026 5102 1155 5141 mea
1204 5103 1416 5156 egressa
1463 5094 1545 5143 est
1601 5090 1655 5143 in
1712 5106 1963 5147 sermone

311 5171 443 5233 eius.
482 5172 665 5226 Exivit
695 5173 767 5226 ali
800 5175 1060 5229 interiori
1093 5176 1446 5245 cogitatione
1468 5178 1539 5231 ad
1573 5195 1811 5233 sensum
1858 5196 1963 5251 por

311 5260 634 5314 naturalem
664 5263 1317 5333 contemplationem,ut
1348 5265 1632 5320 inveniret
1672 5284 1958 5338 sponsum

310 5364 508 5412 suum,
547 5353 607 5403 In
635 5365 887 5404 sermone
915 5354 1070 5421 eius:
1105 5369 1173 5408 eo
1194 5354 1500 5418 nimirum,
1536 5372 1648 5427 quo
1682 5357 1843 5412 illam
1868 5364 1963 5414 est

310 5434 624 5499 allocutus,
658 5454 791 5492 cum
824 5439 1077 5495 diceret:
1130 5443 1399 5512 Egredere
1430 5446 1489 5497 in
1544 5448 1787 5515 vestigiis
1833 5465 1951 5516 gre~

305 5541 460 5598 gum;
495 5530 559 5582 ut
591 5525 875 5583 indicaret
905 5527 978 5595 ei,
1014 5530 1112 5583 ubi
1145 5532 1270 5601 ipse
1300 5540 1583 5603 pasceret.
1635 5538 1823 5607 Atque
1880 5538 1962 5594 ita

307 5616 538 5689 quaesivi
565 5632 711 5684 eum,
737 5623 787 5672 et
818 5632 923 5671 non
956 5619 1166 5673 inveni.
1203 5620 1265 5674 In
1310 5622 1485 5679 rebus
1521 5622 1678 5681 enim
1728 5629 1957 5701 creatis,

1991 4688 2040 4751 D

2073 3388 2257 3461 πύλην
2333 3396 2413 3463 τῷ
2498 3392 2765 3467 ἀγαπητῷ
2845 3415 2988 3466 μου.
3040 3393 3231 3467 Χεῖρές
3318 3414 3426 3464 μου
3506 3388 3725 3464 ἔσταξαν

2075 3478 2340 3554 σμύρναν.
2404 3480 2623 3544 Πάντως
2683 3484 2737 3537 αἱ
2796 3482 3130 3557 ἐνεργητικαί
3191 3502 3297 3552 μου
3354 3478 3630 3551 δυνάμεις,
3693 3482 3722 3535 ὁ

2072 3574 2197 3631 νοῦς
2272 3572 2358 3625 καὶ
2443 3572 2470 3625 ὁ
2532 3570 2716 3647 λόγος,
2784 3570 2843 3625 ἐκ
2930 3572 3294 3646 προαιρέσεως
3373 3565 3528 3644 ἔχεαν
3594 3569 3725 3633 τοὺς

2073 3659 2433 3731 νεκρωτικοὺς
2500 3664 2596 3714 τοῦ
2656 3664 2912 3734 σαρκικοῦ
2969 3661 3321 3735 φρονήματος
3376 3656 3574 3732 λόγους
3631 3659 3722 3713 καὶ

2073 3749 2627 3824 τρόπους-Δάκτυλοί
2692 3770 2795 3821 μου
2852 3748 3089 3824 σμύρναν
3140 3747 3329 3824 πλήρη
3387 3748 3472 3802 ἐπὶ
3528 3753 3720 3823 χεῖρας

2073 3844 2170 3894 τοῦ
2223 3839 2495 3914 κλείθρου.
2559 3838 2846 3909 Δηλονότι,
2899 3840 2965 3895 At
3022 3844 3102 3911 τῷ
3157 3844 3236 3910 viii
3283 3838 3374 3893 καὶ
3431 3842 3510 3909 τῷ
3568 3837 3721 3912 λόγῳ

2075 3929 2639 4005 συμπεριφερόμεναι,
2693 3930 2781 3982 οἶα
2848 3930 3002 4003 χερσὶ
3083 3926 3386 4000 δάκτυλοε,
3430 3927 3721 3998 ποθητικαί

2079 4040 2183 4092 μου
2234 4017 2510 4090 δυνάμεις,
2565 4018 2703 4072 ὥστε
2750 4017 3028 4088 αἶ’σθήσεις
3072 4020 3159 4072 καὶ
3220 4020 3255 4087 ἡ
3316 4016 3575 4090 ἐπιθυμία
3632 4016 3721 4071 καὶ

2076 4108 2104 4162 ὁ
2128 4108 2300 4179 θυμὸς
2329 4109 2425 4175 τήν
2462 4105 2551 4161 διὰ
2577 4106 2829 4181 γνώσεως
2877 4108 2968 4162 καὶ
3009 4106 3203 4181 ἀρετῆς
3262 4106 3464 4161 οίκείαν
3521 4106 3722 4181 νέκρω-

2076 4218 2155 4251 σιν
2204 4195 2415 4251 τελείαν
2463 4190 2677 4269 ἕσταξαν
2713 4196 2800 4250 ἐπὶ
2856 4197 2923 4250 τὰ
2973 4194 3188 4268 ἐμπαθῆ
3244 4193 3392 4271 ἔργα,
3422 4202 3524 4263 τῆς
3565 4192 3721 4265 δίκην

2072 4284 2327 4359 κλείθρου
2385 4283 2789 4356 ἀποκλειούσης
2846 4289 2924 4356 τῷ
2966 4284 3094 4357 θείῳ
3154 4285 3306 4360 Λόγῳ
3360 4286 3457 4353 τήν
3516 4281 3727 4338 εἷ’σοδον

2072 4374 2339 4437 ἀπιστίας·
2400 4375 2474 4434 ὡς
2516 4376 2602 4428 καὶ
2662 4379 2769 4428 τῶν
2844 4374 3045 4444 ταύτης
3106 4371 3307 4447 ἔργων,
3364 4373 3395 4427 ἃ
3448 4377 3725 4447 τροπικῶς

2073 4469 2257 4541 χεῖρες
2328 4462 2582 4537 κλείθρου
2648 4463 2981 4534 ἐκλήθησαν,
3059 4463 3525 4538 συννεκρωθέντων
3605 4468 3723 4525 ταῖς

2072 4553 2386 4627 εἰρημέναις
2471 4555 2799 4624 παθητικαῖς
2888 4551 3196 4626 δυνάμεσιν.
3282 4556 3399 4611 Ὃτι
3477 4551 3534 4607 δὲ
3616 4557 3722 4606 τῶν

2071 4641 2245 4720 ἔργων
2291 4650 2393 4712 τῆς
2449 4641 2699 4703 ἀπιστίας
2756 4645 2790 4711 ἡ
2860 4642 3120 4717 νᾶκρωσις
3195 4641 3543 4715 ἂποτέλεσμά
3614 4641 3724 4699 ἐστι

2072 4730 2326 4793 πίστεως,
2364 4728 2493 4800 αὕτη
2557 4728 2614 4784 δὲ
2664 4731 2836 4808 φθορὰ
2880 4736 2983 4799 τῆς
3029 4730 3278 4791 ἀπιστίας
3327 4729 3473 4785 ἐστί’
3522 4727 3725 4798 ταύτης

2074 4824 2202 4899 παρ’
2248 4821 2385 4892 ἐμοῦ
2460 4825 2552 4876 οἷα
2620 4820 2877 4897 κλείθρου
2956 4823 3271 4900 φθαρείσης,
3327 4821 3402 4883 ὡς
3470 4819 3722 4894 εἴρηται·

2075 4913 2301 4984 Ἦνοιξα
2352 4916 2433 4982 τῷ
2492 4907 2773 4989 ἀδελφιδῷ
2834 4931 2939 4984 μου
2999 4910 3129 4985 ἐγὼ,
3169 4911 3269 4979 τὴν
3303 4911 3497 4979 ἑαυτῆς
3524 4908 3730 4977 νοητὴν

2076 5000 2256 5072 πύλην
2285 5005 2365 5073 τῷ
2414 5000 2684 5075 ἀγαπητῷ
2732 5020 2835 5073 μου
2884 4998 3259 5055 ἀναπετάσασα
3296 4998 3433 5055 κατὰ
3490 4995 3726 5061 διάθεσιν

2077 5088 2163 5146 διὰ
2222 5089 2475 5150 πίστεως.
2537 5086 2861 5163 Ἀδελφιδός
2930 5107 3037 5160 μου
3104 5089 3409 5165 παρῆλθεν.
3475 5083 3729 5154 Ἐπειδη-

2076 5199 2173 5252 περ
2227 5183 2305 5250 νῷ
2351 5179 2467 5232 κατ’
2516 5178 2698 5232 οὐσίαν
2752 5174 2857 5251 οὐχ
2912 5175 3202 5232 ὑποπίπτει
3263 5179 3338 5239 ὡς
3386 5178 3503 5231 κατ’
3564 5175 3731 5257 αὖτῂν

2075 5266 2482 5336 ἀκατάληπτος.
2541 5268 2708 5341 Ψυχή
2777 5287 2881 5339 μου
2938 5264 3159 5337 ἐξῆλθεν
3205 5265 3257 5321 ἐν
3324 5265 3477 5340 λόγῳ
3538 5266 3727 5319 αὐτοῦ.

2078 5355 2305 5425 Ἐξῆλθε
2338 5353 2396 5410 δὶ
2424 5362 2522 5424 τῆς
2568 5359 2753 5429 νοερᾶς
2802 5352 3089 5426 ἑνδότητος
3138 5356 3273 5430 πρὸς
3334 5352 3583 5425 αῗ’σθησιν
3640 5350 3730 5407 διὸ.

2073 5450 2168 5515 τῆς
2218 5454 2449 5524 φυσικῆς
2509 5447 2739 5523 θεωρίας
2810 5448 2983 5522 εὑρεῖν
3046 5448 3285 5502 ποθοῦσα
3342 5447 3435 5501 τὸν
3487 5443 3725 5521 νυμφίον

2076 5536 2263 5606 αὐτῆς.
2313 5539 2396 5591 Ἐν
2454 5537 2601 5613 Λόγῳ
2660 5537 2860 5593 αὐτοῦ·
2893 5541 2996 5609 τῷ,
3044 5536 3126 5592 ὅτι
3175 5536 3398 5607 Ἔξελθε
3457 5535 3509 5592 ὲν
3567 5534 3727 5609 πτέρ’

3691 5621 3722 5640 ν

2073 5647 2188 5689 ναις
2252 5630 2360 5682 τῶν
2420 5626 2696 5702 ποιμνίων
2756 5626 2894 5702 πρὸς
2951 5625 3115 5696 αύτήν
3176 5625 3473 5701 είρημίνῳ.
3529 5625 3618 5682 Ἐν
3680 5625 3727 5694 ᾧ
