4046 6144
302 417 411 476 6M

1339 414 1748 477 COMMENT.
1795 415 1871 475 IN
1918 414 2317 477 CANTICUM
2364 418 2669 479 CANTIG.

3593 420 3713 482 642

306 545 564 624 βούλεται
626 544 829 614 ταύτην
889 546 1077 617 μαθεῖν
1136 542 1273 601 ὅπου
1332 546 1486 608 οὗτος
1514 545 1815 619 ποιμαίνει.
1847 544 1953 601 Καὶ

2080 549 2168 619 qui
2200 553 2289 604 est
2321 548 2617 605 increatus
2650 567 2764 605 non
2815 550 3132 606 invenitur.
3195 553 3387 607 Vocavi
3430 553 3613 621 illum,
3662 557 3719 608 et

304 636 502 707 οὕτως,
564 634 835 704 Ἐζήτησα
882 635 1068 703 αὐτὸν,
1118 635 1209 689 καὶ
1268 636 1378 711 οὐχ
1427 636 1581 710 εὗρον
1627 635 1790 690 αὐτόν
1866 636 1952 689 Ἐν

301 727 403 801 γὰρ
434 731 553 787 τοῖς
599 729 838 786 κτιστοῖς
889 725 916 778 ὁ
969 725 1219 788 ἅκτιστος
1264 725 1372 800 οὐχ
1415 726 1737 798 εὑρίσκεται.
1800 726 1958 779 Ἐκά-

303 814 435 871 λεσα
490 814 674 881 αὐτὸν,
733 813 822 867 καὶ
872 811 980 887 οὐχ
1046 814 1320 883 ὑπήκουσέ
1374 836 1496 887 μου.
1551 820 1714 870 Ὄντα
1766 810 1959 886 λεγού-

310 926 404 975 σης
452 904 543 957 τὸν
594 902 725 978 ὑπὲρ
771 898 917 972 ὅντα,
957 902 1047 957 καὶ
1094 903 1279 957 οὐσίαν
1334 905 1424 958 τὸν
1480 902 1817 978 ὑπερούσιον,
1867 904 1957 956 καὶ

313 994 450 1062 ζωὴν
531 992 624 1046 τὸν
706 992 1003 1064 ὑπέρζωον,
1079 993 1168 1046 καὶ
1246 994 1460 1047 πάντων
1529 993 1789 1062 ποιητὴν,
1854 990 1959 1066 οὐχ

310 1084 568 1137 ὑπακούει
636 1078 978 1153 καλούμενος
1034 1081 1066 1135 ’ἁ
1126 1082 1201 1153 μὴ
1266 1084 1382 1137 κατ’
1440 1081 1620 1136 οὐσίαν
1671 1080 1801 1135 ἐστι.
1856 1078 1957 1136 Καὶ

306 1169 440 1240 αὐτὴ
478 1171 574 1242 μὲν
601 1168 692 1224 τὸν
724 1168 1006 1243 ἀγαπητόν
1059 1192 1187 1242 μου,
1239 1171 1311 1231 ὡς
1352 1168 1506 1247 ἔφην,
1542 1170 1641 1225 οὐκ
1682 1167 1956 1239 ἠδυνήθην

308 1261 501 1336 εὑρεῖν·
564 1260 617 1313 οἱ
667 1256 725 1313 δὲ
780 1259 929 1331 ἅγιοι
960 1256 1180 1334 ἄγγελοι
1235 1258 1454 1334 εὕροσάν
1510 1282 1596 1333 με,
1644 1260 1695 1313 οἱ
1726 1258 1959 1337 φύλακες

309 1351 359 1403 οἱ
429 1348 758 1410 κυκλοῦντες
813 1350 910 1417 τὴν
972 1347 1173 1403 πόλιν·
1243 1347 1464 1422 εὕροσάν
1529 1369 1594 1421 με
1639 1346 1695 1402 δὲ
1737 1349 1835 1416 τὴν
1893 1344 1962 1401 δι’

308 1436 526 1514 ἄγνοιαν
588 1436 945 1493 ἀπολωλυῖάν
1014 1458 1145 1493 ποτε
1215 1440 1512 1513 μαθήτριαν
1553 1437 1751 1509 αὐτῶν,
1802 1435 1965 1514 φωτί-

312 1532 492 1596 ζοντες
536 1527 659 1602 περῖ
709 1528 808 1596 τὴν
861 1527 1094 1601 θεωρίαν
1142 1532 1249 1581 τῶν
1296 1522 1465 1582 ὄντων
1517 1524 1961 1601 ἀσχολουμένην,

312 1619 360 1671 οἱ
391 1624 563 1671 πᾶσαν
596 1618 693 1684 τήν
740 1616 914 1671 κτίσιν
966 1616 1055 1670 οἷά
1084 1638 1204 1671 τινα
1233 1616 1393 1672 πόλιν
1440 1616 1575 1670 κατά
1621 1617 1720 1684 τὴν
1768 1619 1960 1688 γνῶσιν

308 1711 413 1761 τῶν
474 1704 676 1774 ταύτην
734 1705 914 1779 λόγων
967 1704 1436 1778 περικυκλοῦντες.
1496 1707 1651 1777 Ὅροι
1708 1704 1809 1778 γάρ
1861 1704 1962 1757 εἶσι

309 1800 412 1850 τῶν
457 1790 625 1849 ὄντων
660 1794 710 1849 οὶ
739 1795 946 1849 τούτων
999 1793 1176 1871 λόγοι,
1224 1796 1343 1849 καθ’
1401 1793 1493 1856 οὕς
1539 1794 1628 1847 καὶ
1680 1792 1961 1869 γεγόνασιν

312 1886 383 1946 ὡς
427 1887 522 1946 τὶς
581 1884 765 1961 φάσεις
814 1884 989 1939 αὐτῶν
1040 1884 1483 1961 περιγράφοντες.
1536 1886 1697 1945 ’Ὸθεν
1740 1883 1789 1936 οἱ
1836 1880 1962 1935 τού-

310 1995 436 2037 τους
490 1974 846 2049 γινώσκοντες
903 1971 1151 2047 ἄγγελοι,
1211 1973 1286 2034 ὡς
1345 1971 1395 2026 ὲν
1449 1972 1596 2047 ὅροις
1648 1973 1746 2040 τήν
1789 1970 1960 2025 κτίσιν

314 2061 727 2138 περιπολοῦσιν.
767 2061 923 2119 Οὕτω
975 2060 1031 2116 δὲ
1076 2059 1225 2117 οὗτοι
1276 2060 1591 2136 ἐντυχόντες
1639 2082 1756 2133 μοι,
1799 2061 1960 2116 Ἐπά-

312 2152 468 2225 ταξάν
552 2172 637 2224 με,
718 2150 1112 2225 ἐτραυμάτισάν
1187 2171 1272 2222 με,
1356 2150 1491 2225 ἦραν
1569 2150 1631 2203 τὸ
1686 2148 1961 2223 θέριστρόν

318 2263 419 2315 μου
491 2240 583 2295 ἀπ’
655 2239 813 2313 ἐμοῦ·
866 2240 1040 2314 ἤγουν
1093 2239 1490 2296 Έταπείνωσαν
1542 2235 1845 2308 διδάξαντές
1900 2257 1966 2309 με

310 2332 393 2399 τὸ,
457 2333 628 2404 μήπω
677 2329 751 2393 ὡς
800 2327 882 2384 δεῖ
919 2328 1302 2403 κατειληφέναι
1336 2327 1488 2386 Θεὸν.
1532 2325 1875 2402 Ἐλέγξαντες
1909 2325 1967 2381 δὲ

311 2419 550 2490 ἔπληξαν
585 2440 689 2491 μου
718 2419 781 2473 τὸ
831 2415 1095 2489 συνειδὸς,
1147 2418 1220 2480 ὡς
1274 2416 1529 2490 οἰομένης
1580 2415 1963 2493 κατειληφέναι

311 2511 370 2565 τὸ
421 2512 691 2577 ἅκτιστον,
754 2509 805 2563 ἓν
858 2514 939 2581 τῷ
976 2514 1091 2569 τοῖς
1139 2508 1365 2580 ὀνόμασι
1396 2512 1502 2561 τῶν
1531 2511 1761 2562 κτιστῶν
1811 2528 1968 2560 κατα-

314 2600 531 2671 φάσκειν
595 2598 777 2654 αὐτόν.
839 2599 926 2653 Ἐν
986 2596 1042 2653 δὲ
1094 2602 1172 2668 τῷ
1236 2595 1441 2667 διδάξαι
1496 2618 1562 2669 με
1606 2597 1738 2672 ὑπὲρ
1782 2600 1966 2651 πασῶν

313 2695 505 2766 γνῶσιν
554 2689 689 2744 εἶναι
729 2688 792 2742 τὸ
835 2692 1012 2756 Θεῖον,
1064 2686 1355 2765 ἀφείλοντο
1414 2686 1503 2740 ἀπ’
1556 2687 1691 2759 ἐμοῦ
1719 2687 1781 2741 τὸ
1812 2683 1967 2755 δίκην

318 2779 596 2852 θερίστρου
646 2777 1066 2851 συγκομίζοντος
1116 2777 1393 2852 στάχυας,
1440 2778 1537 2845 τὴν
1603 2780 1799 2851 γνῶσιν
1858 2780 1962 2829 τῶν

319 2867 485 2924 ὅντων
565 2866 835 2942 συλλέγον
900 2864 1211 2940 λογιστικόν
1280 2887 1407 2938 μου,
1464 2864 1760 2928 παύσαντες
1804 2869 1964 2918 τοῦτο

317 2962 411 3013 τοῦ
464 2959 539 3031 μὴ
591 2955 974 3026 ἀκατάληπτον
1017 2955 1157 3019 θείαν
1203 2954 1356 3032 φύσιν
1404 2951 1546 3029 ἄγειν
1596 2954 1697 3009 ὑπὸ
1727 2952 1965 3024 κατάλη-

325 3050 432 3120 ψιν.
478 3049 654 3103 Ταῦτα
705 3043 763 3100 δὲ
811 3046 1123 3120 εἰργάσαντο
1169 3044 1221 3099 ἐν
1273 3043 1397 3117 ἐμοὶ
1440 3042 1675 3121 φύλακες
1705 3047 1809 3097 τῶν
1858 3064 1967 3098 τει-

325 3136 488 3211 χέων,
535 3136 660 3205 ἤτοι
703 3134 939 3207 τηρηταὶ
986 3128 1321 3208 ἀπαράϐατοι
1369 3137 1475 3187 τῶν
1523 3132 1681 3186 θείων
1721 3129 1966 3203 θελημά-

318 3247 445 3296 των,
482 3224 515 3279 ἃ
567 3222 723 3294 δίκην
780 3228 985 3298 τειχῶν
1036 3225 1130 3285 τάς
1178 3226 1285 3276 τῶν
1329 3217 1497 3277 ὄντων
1551 3220 1733 3298 φύσεις
1766 3219 1966 3297 φυλάτ-

2063 653 2173 691 ηοη
2205 638 2495 709 respondit
2526 639 2841 694 mihi.Eum
2875 639 2976 710 qui
3009 646 3100 695 est
3128 640 3487 711 ",appellavi
3522 640 3714 707 illum,

2068 742 2201 780 cum
2233 743 2301 783 ea
2330 744 2457 798 quas
2486 728 2918 797 sunt,numeris
2950 729 3228 783 omnibus
3263 729 3718 802 antecellat.Ap-

2069 816 2275 886 pellavi
2299 818 2854 883 substantiam,eum
2880 819 2979 888 qui
3004 825 3092 872 est
3108 818 3716 890 supersubstantialis.

2067 904 2369 977 Appellavi
2400 905 2569 961 illum
2604 906 2810 977 vitam,
2842 906 2941 977 qui
2975 910 3178 961 auctor
3208 910 3298 961 est
3345 906 3473 961 vitm
3523 914 3580 962 et
3629 926 3720 965 re-

2069 1010 2200 1049 rum
2254 995 2491 1051 effector
2539 996 2970 1051 universarum.
3026 996 3149 1052 Non
3201 997 3505 1067 respondit
3553 998 3720 1065 mihi,

2069 1101 2201 1141 cum
2236 1101 2302 1139 ea
2332 1090 2634 1141 vocaretur
2666 1102 2795 1155 quas
2824 1085 2949 1156 ipse
2980 1102 3083 1155 per
3114 1085 3430 1141 essentiam
3463 1090 3521 1141 et
3550 1092 3723 1143 natu-

2071 1189 2197 1226 ram
2229 1190 2397 1228 suam
2435 1190 2549 1228 non
2581 1178 2691 1228 est.
2713 1172 2996 1228 Dilectum
3032 1173 3215 1245 igitur
3241 1190 3436 1229 meum
3472 1177 3723 1245 reperire

2071 1261 2307 1332 quidem
2331 1262 2459 1331 ipsa
2482 1279 2593 1316 non
2623 1262 2886 1333 potui.At
2916 1262 3103 1317 sancti
3122 1262 3309 1334 angeli
3329 1264 3427 1334 qui
3449 1266 3722 1321 custodes

2073 1355 2212 1406 sunt
2241 1356 2297 1406 et
2327 1351 2619 1406 civitatem
2652 1351 3401 1417 circumeunt,invenerunt
3430 1369 3523 1409 me
3555 1353 3727 1409 disci-

2071 1439 2271 1510 pulam
2305 1441 2601 1510 quondam
2627 1441 2889 1512 ipsorum
2915 1456 3017 1511 per
3040 1440 3430 1510 ignorantiam
3455 1443 3726 1499 oberran-

2073 1535 2646 1601 tem,vacantemque
2678 1546 2875 1584 rerum
2926 1529 3285 1585 naturalium
3336 1532 3723 1601 speculationi

2074 1618 2583 1690 illustrarunt,qui
2617 1624 2893 1673 cunctam
2928 1623 3195 1673 naturam
3230 1619 3406 1674 veluti
3431 1621 3724 1677 civitatem

2074 1707 2392 1778 quamdam
2427 1724 2529 1778 per
2561 1707 2960 1778 cognitionem
2993 1708 3286 1762 rationum
3318 1709 3443 1778 ejus
3475 1712 3728 1767 circum-

2074 1801 2232 1852 eunt.
2267 1796 2529 1851 Termini
2578 1797 2733 1851 enim
2793 1813 2990 1851 rerum
3040 1805 3178 1851 sunt
3220 1813 3421 1853 earum
3470 1800 3725 1856 rationes

1997 1917 2041 1981 Β
2075 1885 2289 1957 quibus
2322 1886 2487 1941 factae
2518 1890 2678 1952 sunt,
2712 1902 2959 1957 quaeque
3008 1890 3249 1941 naturas
3295 1887 3557 1957 ipsarum
3611 1890 3726 1944 cir-

2076 1975 2509 2030 cumscribunt.
2562 1975 2725 2030 Unde
2775 1975 2965 2045 angeli
3017 1976 3116 2045 qui
3168 1975 3299 2031 illas
3364 1976 3722 2049 intellignnt,

2072 2069 2356 2135 tanquam
2387 2064 2444 2117 in
2494 2063 2765 2118 terminis
2819 2069 3147 2119 creaturam
3194 2065 3583 2121 circumeunt.
3631 2067 3724 2123 Sic

2073 2151 2255 2223 igitur
2284 2151 2343 2206 hi
2378 2168 2468 2206 me
2500 2152 2826 2219 consecuti,
2874 2160 3261 2223 percusserunt
3308 2171 3415 2221 me,
3465 2156 3728 2211 vulnera-

2072 2245 2271 2297 verunt
2305 2257 2408 2308 me,
2439 2240 2795 2297 abstulerunt
2822 2242 3061 2312 pallium
3086 2258 3266 2297 meum
3288 2244 3446 2299 mihi.
3481 2250 3725 2315 Depres-

2075 2334 2280 2385 serunt
2310 2347 2403 2384 me
2437 2347 2449 2384 :
2485 2330 2814 2385 indicantes
2846 2329 3013 2394 mihi,
3048 2348 3139 2385 me
3170 2333 3529 2402 nondum,ut
3554 2350 3725 2406 opor-

2074 2419 2371 2487 tet,Deum
2405 2419 3471 2490 comprehendisse,Reprebendentes
3503 2429 3724 2490 autem,

2074 2509 2483 2581 perculserunt
2502 2508 2922 2563 conscientiam
2946 2525 3293 2579 meam,quze
3315 2527 3375 2565 se
3399 2517 3725 2568 increatum

2075 2596 2593 2669 comprehendisse
2643 2598 3075 2665 arbitrabatur;
3129 2598 3269 2653 dum
3320 2616 3451 2654 eum
3525 2618 3722 2657 rerum

2075 2704 2205 2757 qua:
2234 2693 2438 2742 creata:
2471 2694 2630 2753 sunt,
2655 2686 2995 2741 nominibus
3027 2692 3214 2743 vocat.
3246 2692 3320 2743 At
3350 2689 3490 2745 dum
3523 2695 3726 2746 osten-

2075 2778 2225 2831 dunt
2256 2775 2519 2830 divinum
2555 2793 2771 2830 numen
2819 2775 2979 2830 omni
3023 2792 3154 2831 esse
3202 2778 3531 2848 cognitione
3582 2797 3724 2851 pra:-

2075 2863 2735 2930 stantius,abstulcrunt
2762 2862 2904 2917 mihi
2937 2862 3273 2934 pallium,id
3309 2870 3417 2936 est,
3437 2868 3723 2923 rationem

2077 2970 2290 3019 meam,
2324 2960 2548 3024 quanta
2580 2969 2777 3007 rerum
2811 2952 3067 3024 cognitio
3099 2952 3419 3025 colligitur,
3453 2962 3517 3011 ut
3546 2957 3723 3027 pallio

2075 3043 2248 3113 spicas
2281 3046 2759 3111 comportantur:
2788 3042 3337 3113 deterrueruntque,
3360 3061 3430 3099 ne
3462 3045 3720 3102 divinam

2075 3137 2346 3186 naturam
2381 3129 3034 3200 incomprehensibilem
3070 3132 3333 3203 redigere
3353 3149 3596 3189 conarer
3616 3136 3724 3191 sub

2076 3218 2679 3290 comprehensionem.
2720 3220 2843 3274 Haec
2875 3224 3117 3289 egerunt
3165 3221 3225 3274 in
3273 3238 3365 3276 me
3420 3239 3725 3280 murorum

432 3282 445 3296 ι
681 3282 691 3294 .
869 3282 906 3298 η
1118 3282 1126 3285 τ
1563 3282 1573 3298 .
1777 3282 1787 3297 .

314 3334 513 3369 τουσιν·
612 3315 700 3375 Ὠς
786 3313 1037 3387 γεγόνασι
1111 3316 1277 3366 ταῦτα
1357 3310 1493 3365 αὐτά
1583 3307 1962 3383 διηγησαμένη

2080 3309 2375 3373 custodes,
2399 3307 2507 3362 hoc
2539 3313 2628 3362 est
2658 3307 3065 3363 observatores
3099 3310 3361 3380 perpetui
3395 3311 3724 3368 divinarum

316 3404 349 3473 ἡ
410 3403 598 3481 νύμφη
671 3406 787 3463 ταῖς
863 3400 1087 3473 νεάνισι,
1165 3398 1329 3455 πάλιν
1395 3400 1561 3462 αὐτας
1620 3399 1824 3473 ὁρκίζει
1876 3396 1966 3453 λέ-

314 3513 504 3569 γουσω

391 3762 622 3837 Ὠρκισα
652 3760 810 3832 ὑμᾶς,
841 3758 929 3813 καὶ
954 3757 1021 3814 τὰ
1043 3758 1187 3829 ἑξῆς.

890 4146 1003 4199 Τῶν
1045 4146 1089 4221 γ’
1126 4144 1402 4219 Πατέρων.

390 4251 603 4314 Ταύτας
635 4256 767 4327 γοῦν
798 4253 893 4314 τὰς
934 4252 1069 4324 πρὸς
1120 4249 1503 4320 τελελειότητα
1541 4244 1823 4312 ἀναϐάσεις
1871 4272 1975 4323 μου

319 4340 750 4415 ἐξήγῆσαμένη,
821 4343 1049 4415 Ὥρκισα
1117 4339 1279 4412 ὑμᾶς,
1355 4338 1635 4415 θυγατέρες
1706 4341 1978 4415 Ἰερουσα-

321 4430 427 4499 λὴν
502 4430 553 4484 έν
627 4435 746 4493 ταῖς
820 4427 1101 4503 δυνάμεσι,
1159 4428 1247 4482 καὶ
1300 4427 1351 4482 έν
1406 4434 1524 4491 ταῖς
1580 4428 1827 4504 ἰσχύσεσι
1882 4434 1977 4483 τοῦ

321 4518 489 4594 ἀγροῦ
581 4517 670 4572 ἐὰν
763 4518 954 4590 εὕρητε
1043 4518 1135 4573 τὸν
1226 4515 1551 4579 ἀδελφιδοῦν
1666 4540 1818 4590 μου,
1925 4518 1978 4573 τί

321 4607 691 4682 ἀπαγγείλητε
743 4608 926 4679 αὐτῷ;
1005 4609 1129 4662 ’Ότι
1206 4608 1518 4681 τετρωμένη
1577 4608 1792 4682 ἀγάπης
1841 4607 1975 4679 εἶμί.

646 4696 807 4766 Δίκην
884 4695 1050 4769 ὅρκου
1127 4700 1206 4767 τῷ
1258 4696 1376 4750 κατ’
1429 4694 1526 4768 ἐμὲ
1583 4692 1981 4771 παραδείγματι

321 4780 624 4840 ἐϐεϐαίωσα
668 4786 756 4839 καὶ
819 4784 1072 4859 έστήριξα
1130 4784 1287 4856 ὑμᾶς,
1349 4786 1643 4859 μαθήτριαί
1696 4806 1822 4858 μου,
1884 4787 1977 4847 τὰς

322 4873 372 4927 ἐν
427 4878 499 4949 τῇ
578 4875 806 4945 ἀπαθείᾳ
881 4876 979 4941 τὴν
1049 4872 1271 4946 εἰρήνην
1320 4875 1550 4948 ὁρώσας,
1610 4873 1693 4928 ἐὰν
1750 4874 1801 4927 ἐν
1860 4878 1978 4937 ταῖς

323 4966 685 5035 θεωρητικαῖς
754 4959 1010 5034 δυνάμεσι
1086 4961 1173 5015 καῖ
1254 4966 1372 5023 ταῖς
1445 4966 1763 5032 πρακτικαῖς
1826 4960 1980 5037 ἱσχῦ-

323 5070 458 5117 σεσι,
510 5055 631 5112 ταῖς
688 5048 738 5104 ἐν
768 5055 848 5122 τῷ
881 5049 1109 5121 παρόντι
1142 5048 1333 5121 κόσμῳ
1379 5051 1476 5117 την
1528 5054 1727 5123 γνῶσιν
1760 5050 1846 5105 καὶ
1876 5052 1974 5120 τήν

322 5138 521 5213 ἀρετὴν
590 5138 819 5214 ἐνεργεῖν
900 5136 1245 5210 δυναμέναις·
1322 5134 1513 5212 εὕρητε
1583 5137 1657 5199 ὡς
1717 5138 1975 5207 ἀλήθειαν

321 5228 410 5283 καὶ
468 5230 663 5302 ἂγαθόν
728 5249 852 5302 μου,
909 5227 963 5282 τί
1022 5226 1341 5301 ὑπόσχησθε
1408 5226 1591 5298 αὖτῷ;
1648 5228 1718 5281 Τὸ
1782 5229 1973 5299 μηκέτι

323 5316 538 5379 πάντως
606 5317 697 5372 τὸν
780 5315 1192 5390 μεμολυσμένον
1272 5319 1484 5389 χιτῶνα
1557 5322 1656 5384 τῆς
1711 5315 1977 5389 ἁμαρτίας

323 5403 666 5477 ἰνδύσασθαι,
738 5406 774 5475 ἢ
854 5404 1004 5467 ὅλως
1082 5402 1237 5479 ἴχνος
1320 5402 1609 5477 μολυσμοῦ
1705 5401 1972 5474 δέξασθαι.

322 5493 484 5550 Οὕτω
544 5492 592 5549 δ’
644 5493 786 5567 ὑμᾶς
845 5495 1071 5570 ὥρκισα,
1133 5491 1214 5547 ὅτι
1271 5492 1548 5568 τέτρωμαι
1591 5494 1659 5565 τῇ
1698 5491 1877 5567 ἀγάπῃ
1906 5496 1974 5567 τῇ

323 5584 462 5659 πρὸς
515 5583 680 5657 ὑμᾶς,
730 5584 817 5638 καὶ
870 5582 977 5658 δρῶ
1021 5586 1120 5653 τῆς
1161 5580 1435 5655 σωτηρίας
1481 5580 1655 5655 ὑμῶν.
1704 5580 1973 5637 Ἐντεῦθεν

1043 4518 1135 4573 τὸν

319 4697 523 4770 ιἮγουν
552 4741 566 4766 ,

395 5738 445 5775 "
472 5738 653 5797 Exod.
687 5754 773 5809 ιιι,
806 5738 891 5794 14.

2073 3397 2465 3467 voluntatum,
2497 3396 2711 3467 quibus
2743 3402 3025 3467 tanquam
3062 3398 3247 3453 muris
3277 3415 3471 3454 rerum
3503 3406 3727 3456 natura

2078 3490 2520 3542 conservantur.
2554 3485 2675 3548 Quo
2727 3485 2898 3540 modo
2952 3484 3071 3539 bene
3113 3491 3313 3542 essent
3356 3492 3541 3560 gesta,
3592 3506 3726 3546 cum

2079 3576 2403 3647 discipulae
2437 3591 2575 3630 suas
2606 3592 2828 3646 sponsa
2856 3574 3173 3643 docuisset,
3208 3593 3413 3633 rursus
3443 3594 3542 3633 eas
3564 3578 3728 3649 jure-

2074 3664 2331 3737 jurando
2362 3665 2694 3720 obtestatur
2726 3680 2738 3719 :

2150 3754 2376 3824 Adjuro,
2407 3752 2705 3824 inquiens,
2761 3769 2875 3821 vos,
2928 3754 3061 3824 ﬁlia
3116 3755 3439 3827 Jerusalem,
3484 3773 3583 3829 per
3625 3774 3730 3829 po-

2081 3844 2282 3899 tentias
2344 3847 2396 3897 et
2452 3842 2813 3912 fortitudines
2869 3845 3011 3913 agri,
3064 3844 3110 3898 si
3166 3845 3493 3900 inveneritis
3566 3863 3730 3918 nepo-

2083 3938 2189 3988 tem
2218 3948 2420 4003 meum,
2453 3933 2707 3987 nuntiate
2739 3933 2828 3987 illi
2865 3948 2954 3986 me
3009 3931 3279 3988 charitate
3324 3950 3435 3990 esse
3477 3936 3733 3992 vulnera-

2083 4026 2220 4076 tam.

2678 4144 2864 4198 Trium
2893 4147 3144 4201 Patrum.

2158 4249 2406 4306 Proinde
2438 4265 2569 4304 cum
2605 4250 2713 4305 hos
2744 4267 2900 4306 meos
2933 4252 3000 4305 ad
3055 4252 3470 4323 perfectionem
3518 4255 3735 4328 gradus

2088 4339 2492 4410 explicaverim
2530 4356 2543 4393 :
2577 4339 2782 4407 Adiuro
2812 4356 2924 4405 vos,
2957 4342 3089 4408 ﬁliae
3136 4343 3458 4414 Jerusalem,
3504 4360 3604 4414 per
3643 4360 3737 4416 po-

2088 4430 2286 4483 tentias
2328 4432 2382 4482 et
2425 4427 2776 4499 fortitudines
2821 4430 2970 4497 agri,
3019 4432 3070 4484 si
3118 4432 3444 4487 inveneritis
3490 4438 3739 4503 nepotem

2088 4533 2288 4572 meum.
2324 4516 2502 4584 Quid?
2530 4518 2785 4572 nuntiate
2814 4518 2924 4588 illi,
2952 4534 3041 4573 me
3068 4521 3339 4575 charilate
3385 4536 3496 4576 esse
3546 4522 3738 4577 vulne-

2090 4616 2290 4661 ratam.
2325 4606 2603 4676 Exemplo
2636 4621 2761 4661 meo
2794 4610 3080 4678 tanquam
3111 4609 3497 4679 jurejurando
3547 4626 3736 4666 corro-

2092 4695 2286 4750 boravi
2319 4694 2779 4766 confirmavique
2809 4713 2936 4762 vos,
2970 4696 3271 4768 discipulae
3307 4700 3629 4770 mese-{quae
3678 4699 3736 4755 in

2090 4784 2303 4839 mentis
2334 4783 2763 4856 tranquillitate
2796 4801 2997 4857 pacem
3031 4785 3368 4853 cernitis,ut
3399 4788 3445 4842 si
3478 4805 3581 4859 per
3612 4805 3741 4861 spe-

2087 4873 2369 4928 culativas
2428 4878 2483 4928 et
2536 4875 2754 4928 activas
2814 4875 3107 4946 potentias
3162 4892 3287 4948 quae
3337 4875 3396 4931 in
3471 4876 3579 4932 hac
3623 4878 3743 4933 vita

2087 4962 2395 5017 scientiam
2429 4965 2603 5033 atque
2633 4963 2908 5017 virtutem
2943 4964 3176 5032 assequi
3212 4964 3424 5031 valent,
3458 4965 3739 5022 dilectum

2086 5067 2281 5106 meum
2314 5055 2377 5105 ut
2404 5050 2709 5106 veritatem
2742 5056 2799 5105 et
2822 5053 3041 5107 bonum
3065 5053 3736 5127 deprebenderitis,pro-

2090 5140 2339 5195 mittatis
2371 5142 2444 5203 ei,
2476 5156 2577 5195 vos
2607 5139 2768 5194 nullo
2802 5157 3041 5211 prorsus
3075 5142 3247 5197 modo
3283 5143 3582 5199 sordidam
3610 5159 3740 5215 pec-

2089 5230 2203 5283 cati
2234 5227 2492 5282 tunicam
2526 5229 2785 5300 amplius
2816 5229 3149 5298 induturas,
3183 5236 3285 5286 aut
3314 5232 3741 5303 inquinationis

2088 5316 2333 5384 vestigia
2389 5322 2715 5371 secuturas.
2766 5317 2857 5371 Sic
2932 5326 3124 5373 autem
3191 5320 3581 5391 jurejurando
3638 5338 3740 5377 vos

2086 5406 2411 5476 obstringo,
2458 5421 2574 5475 qua
2620 5406 2908 5462 charitate
2957 5424 3090 5478 erga
3138 5426 3238 5464 vos
3270 5427 3399 5465 sum
3434 5410 3654 5473 saucia.
3685 5414 3742 5466 et

2086 5494 2338 5551 salutem
2397 5499 2649 5549 vestram
2710 5499 2941 5566 exopto.
2999 5497 3100 5552 His
3152 5514 3382 5569 sponsae
3426 5499 3617 5554 verbis
3663 5499 3734 5553 ad

2083 5582 2554 5656 conquirendum
2586 5600 2872 5657 sponsum
2907 5586 3097 5659 ipsius
3128 5586 3409 5660 incitatae,
3457 5595 3733 5644 verentur
