4046 6144
355 387 473 450 643

1683 374 2108 443 MlCllAELIS
2162 377 2427 438 PSELLI

3650 379 3770 440 ομ

355 524 551 577 tamen
585 533 655 574 ne
687 518 832 575 forte
863 517 1221 592 speculando
1252 517 1543 590 agendove
1595 517 1849 587 deceptas
1895 526 1985 583 prc

2114 503 2162 561 δ’
2191 507 2245 561 αἱ
2304 507 2505 579 ταότης
2567 508 2864 584 μαθήτριαι
2922 505 2998 570 είς
3031 508 3359 580 ἀναζήτησιν
3399 508 3495 564 τοῦ
3526 510 3766 587 νυμφίου

353 609 482 666 luce
539 608 810 664 tenebras
859 607 1295 680 amplectantur
1344 625 1357 663 :
1409 606 1609 679 itaque
1654 603 2000 676 magistram

353 699 720 770 interrogant
748 697 904 753 hunc
937 698 994 752 in
1029 698 1267 753 modum
1297 715 1314 751 :
1349 697 1539 768 Qualis
1567 705 1650 752 est
1685 709 1846 764 nepos
1878 696 2004 747 tuus

355 805 423 845 ex
453 797 660 860 nepote,
693 803 722 843 ο
751 787 984 858 pulchra
1011 787 1160 842 inter
1187 786 1488 843 mulieres?
1517 785 1700 857 qualis
1729 787 1811 839 est
1840 796 2003 853 nepos

355 888 488 934 tuus
514 893 583 933 ex
611 882 826 948 nepote,
858 877 987 948 quia
1032 877 1113 930 sic
1157 876 1433 947 adjurasti
1472 878 1612 930 nos?
1641 873 1867 938 Quibus
1911 870 2000 925 in-

357 966 527 1022 diciis
558 963 922 1038 dignoscitur
951 964 1012 1020 iu
1044 963 1600 1037 contemplando?ne
1630 963 1755 1018 loco
1788 959 1999 1032 ipsius,

349 1072 485 1112 eum
519 1054 615 1126 qui
650 1070 712 1110 se
743 1053 933 1110 lucem
966 1054 1207 1110 simulat
1237 1055 1300 1122 ⁵⁸,
1326 1071 1458 1109 cum
1492 1054 1569 1110 sit
1601 1052 1872 1121 tenebrze,
1896 1065 2000 1121 pro

349 1145 589 1201 veritate
619 1143 989 1200 mendacium
1023 1142 1305 1216 amplexae
1335 1144 1736 1215 suscipiamus
1761 1157 1773 1195 :
1797 1157 1829 1195 ο
1863 1154 1997 1210 spe-

347 1233 507 1290 ciosa
536 1233 686 1288 inter
715 1249 813 1289 eas
863 1250 992 1304 quas
1043 1232 1126 1288 illi
1176 1238 1316 1288 sunt
1360 1234 1748 1305 desponsatas,
1800 1232 2000 1301 utpote

345 1322 600 1393 perfecta
655 1325 712 1376 et
770 1321 1056 1394 magistra
1109 1320 1396 1376 omnium.
1457 1322 1526 1376 Et
1581 1321 1797 1392 quibus
1856 1318 1995 1372 item

343 1409 529 1482 signis
563 1411 616 1464 in
654 1411 876 1482 agendo
909 1409 1332 1482 distinguitur?
1355 1427 1426 1466 ne
1459 1407 1995 1482 perturbationibus

343 1516 446 1570 per
477 1499 712 1554 virtutis
743 1515 1047 1554 excessum
1081 1499 1356 1570 deceptae,
1391 1505 1446 1554 et
1493 1500 1668 1555 rebus
1720 1499 1995 1555 secundis

341 1588 620 1660 pellectus,
675 1605 781 1660 pro
819 1588 972 1643 bono
1005 1587 1230 1643 malum
1263 1587 1741 1660 complectamur.
1772 1587 1900 1642 Haec
1929 1604 1998 1642 ex

342 1682 399 1732 te
459 1677 802 1749 quaerimus,
854 1677 996 1749 quia
1055 1694 1158 1733 nos
1195 1678 1588 1750 jurejurando
1638 1677 1994 1744 devincicns,

343 1767 562 1822 amoris
594 1766 895 1822 ﬂammam
929 1767 987 1821 in
1037 1767 1207 1822 nobis
1257 1783 1397 1838 erga
1446 1765 1614 1822 illum
1667 1765 1994 1833 suscitasti,

2113 596 2283 670 αὐτῆς
2362 597 2735 676 διεγερθεῖσαι,
2811 599 2901 653 καὶ
2978 595 3275 654 δεδοικυῖαι
3355 601 3555 673 μήπως
3630 601 3768 656 κατὰ

2112 687 2336 763 θεωρίαν
2498 689 2633 744 κατά
2687 691 2876 763 πρᾶξιν
2935 687 3332 760 ἀπατηθεῖσαι,
3405 689 3595 752 σκότος
3651 689 3766 745 ἀντὶ

2111 779 2292 856 φωτὸς
2368 776 2754 850 ὑποδέξωνται,
2829 777 3082 840 τοιαύτας
3149 783 3430 834 ποιοῦνται
3485 779 3578 840 τὰς
3635 779 3769 836 ἀπο-

2109 867 2310 943 κρίσεις
2387 870 2524 944 πρὸς
2589 868 2690 937 τήν
2767 865 3126 922 διδάσκαλον·
3205 868 3268 922 Τί
3325 865 3619 947 ἀδελφιδός
3670 891 3767 924 σου

2110 957 2215 1012 ἀπὸ
2267 954 2566 1036 ἀδελφιδοῦ
2620 960 2654 1026 ἡ
2708 955 2850 1026 καλή
2934 955 2984 1012 ἰν
3043 955 3291 1032 γυναιξίς
3357 957 3417 1012 Τί
3471 955 3766 1037 ἀδελφιδός

2111 1069 2206 1102 σου
2267 1047 2371 1102 ἀπὸ
2429 1043 2746 1124 ἀδελφιδοῢ,
2808 1047 2888 1101 ὅτι
2960 1045 3198 1120 ὥρκισας
3255 1049 3443 1121 ἡμᾶςς
3513 1046 3763 1121 Δηλαδὴ,

2108 1137 2455 1213 Ἀνάγγειλον
2537 1139 2696 1209 ἡμῖν,
2771 1137 2895 1190 τίνα
2989 1137 3119 1191 εἶ’σὶν
3195 1136 3261 1191 τὰ
3336 1138 3472 1192 κατά
3534 1138 3762 1214 θεωρίαν

2109 1228 2463 1302 γνωρίσματα
2517 1231 2614 1280 τοῦ
2672 1227 2953 1302 ἀγαπητοῦ
3012 1245 3126 1280 σουο
3168 1228 3260 1280 ἳνα
3321 1228 3396 1300 μή
3430 1231 3620 1282 τοῦτον
3654 1249 3761 1282 πα-

2110 1317 2537 1392 ραγνωρίσασαι,
2597 1315 2688 1369 τὸν
2746 1315 2936 1378 σκότος
2995 1311 3124 1370 ὄντα
3151 1317 3239 1370 καὶ
3302 1321 3416 1392 φῶς
3468 1317 3760 1393 ὑποκρινό-

2111 1427 2265 1478 μενον
2321 1403 2708 1478 ὑποδεξώμεθα
2763 1404 2874 1461 ἀντ’
2921 1405 3126 1476 αὐτοῦ,
3175 1405 3288 1460 ἀντὶ
3348 1413 3446 1476 τῆς
3503 1405 3761 1474 ἀληθείας

2105 1499 2184 1567 τῷ
2233 1491 2416 1568 ψεύδει
2477 1497 2910 1569 παρατυχοῦσαιο
2977 1496 3012 1564 ἡ
3067 1494 3374 1568 ὡραιοτάτη
3439 1499 3557 1558 ταῖς
3623 1517 3759 1568 νυμ-

2106 1585 2430 1662 φευομέναις
2488 1583 2652 1638 αὐτοῦ
2683 1584 2756 1646 ὡς
2786 1581 2970 1639 τελεία
3015 1584 3104 1638 καὶ
3153 1584 3361 1639 τούτων
3403 1581 3759 1647 διδάσκαλος.

2107 1669 2208 1731 Καὶ
2264 1673 2385 1728 τίνα
2440 1671 2603 1728 πάλιν
2677 1671 2783 1728 εἶσὶ
2840 1673 2906 1727 τὰ
2959 1677 3154 1729 τοῦτον
3209 1674 3346 1729 κατά
3403 1676 3592 1749 πρᾶξιν
3643 1694 3755 1748 χα-

2106 1765 2536 1840 ρακτηρίζοντα;
2596 1764 2780 1824 Ὅπως
2856 1764 2930 1836 μή
2980 1760 3069 1817 διὰ
3123 1766 3232 1818 τῶν
3264 1763 3383 1828 καθ’
3445 1759 3757 1839 ὑπερϐολὴν

342 1855 724 1928 coegistique,
761 1864 822 1911 ut
850 1872 985 1912 eum
1015 1856 1220 1912 sedulo
1251 1855 1668 1928 conquirentes
1703 1855 1985 1912 invenire-

2101 1861 2202 1924 τῆς
2274 1854 2470 1929 ἀρετῆς
2556 1854 2742 1908 παθῶν
2826 1857 3017 1908 τοῦτον
3096 1852 3600 1929 παραγνωρίσασαι,
3681 1855 3759 1918 ὡς

344 1962 500 2001 mus.

2103 1944 2290 2018 ἀγαθῷ
2365 1946 2444 2012 τῷ
2531 1944 2762 2016 πονηρῷ
2838 1940 3241 2017 περιπέσωμεν,
3302 1940 3595 1998 κλαπεῖσαι
3650 1942 3757 1998 ἀπὸ

338 2035 446 2087 τῶν
476 2030 685 2104 δεξιῶν.
715 2034 898 2089 Ταῦτα
931 2030 987 2087 δὲ
1012 2033 1156 2108 παρά
1187 2032 1282 2088 σοῦ
1316 2038 1582 2106 ζητοῦμεν
1620 2035 1828 2106 μαθεῖν,
1861 2032 1942 2088 ὅτι
1974 2035 2036 2088 τὸ
2062 2034 2196 2104 πρὸς
2229 2032 2388 2087 αὐτὸν
2421 2030 2644 2109 φίλτρον
2681 2029 2862 2094 ἰνὲθου
2893 2032 3054 2104 ἡμῖν,
3088 2029 3243 2101 δίκην
3299 2032 3465 2107 ὅρκου
3511 2032 3756 2108 ἀπαναγο

339 2121 498 2190 κάζον
531 2123 680 2194 ἡμᾶς
717 2126 907 2176 τοῦτον
940 2122 1248 2195 ἀναζητεῖν,
1277 2123 1366 2178 καὶ
1400 2121 1647 2178 σπεύδειν
1678 2123 1872 2178 τούτου
1914 2123 2218 2198 ἐπιτυχεῖν.

410 2213 613 2286 Adjuro
646 2231 753 2281 vos,
786 2215 918 2285 ﬁlias
944 2216 1275 2284 Jerusalem,
1320 2231 1424 2286 per
1466 2217 1735 2287 potentias
1783 2219 1837 2270 et
1882 2217 1994 2285 for-

336 2303 602 2359 titudines
633 2305 777 2374 agri,
807 2305 860 2359 si
890 2305 1176 2359 iveneritis
1205 2311 1454 2375 nepotem
1486 2320 1688 2374 meum,
1738 2306 1994 2360 nuntiate

338 2392 448 2462 illi,
476 2409 564 2450 me
591 2393 867 2449 charitate
895 2409 1011 2449 esse
1040 2393 1420 2449 vulderatam.

1072 2573 1260 2629 Psellz'.

412 2680 653 2750 Adjuro.
685 2678 901 2750 inquit,
932 2695 1034 2734 vos
1063 2696 1166 2750 per
1195 2679 1320 2751 agri
1354 2677 1698 2750 potentiam,
1729 2678 1840 2733 hoc
1878 2681 1992 2748 est,

339 2784 442 2840 per
471 2768 680 2822 divinas
713 2767 1017 2823 charitatis
1059 2768 1200 2835 vim,
1254 2772 1319 2822 ut
1362 2783 1580 2840 sponso
1628 2767 1988 2824 desiderium

340 2873 536 2911 meum
570 2856 860 2912 indicelis.
893 2857 997 2912 His
1029 2857 1268 2928 quidem
1298 2857 1494 2912 verbis
1545 2874 1765 2929 sponsa
1809 2873 1988 2930 ange-

336 2945 426 3000 los
458 2945 882 2999 obtestatur.At
911 2946 981 2999 de
1013 2945 1212 3016 sponsi
1246 2945 1579 3002 inventione
1609 2948 1989 3018 desperantes

333 3037 512 3088 etiam
546 3033 888 3106 angelorum
922 3034 1083 3090 chori
1118 3052 1130 3090 :
1169 3035 1488 3107 Cujusmodi
1534 3040 1634 3104 est,
1687 3035 1986 3106 inquiunt,

329 3139 493 3194 nepos
523 3130 696 3178 tuus?
727 3124 952 3188 Quibus
985 3123 1087 3178 tibi
1119 3123 1440 3195 insignitur
1493 3124 1688 3180 notis?
1719 3125 1791 3179 Ut
1819 3123 1986 3197 igna-

329 3227 450 3277 ros,
483 3212 624 3267 doce
657 3228 764 3267 nos
795 3213 994 3268 omnia
1025 3212 1355 3286 diligenter.

925 3499 1110 3553 Trium
1141 3499 1394 3553 Patrum.

401 3585 613 3656 Incipit
642 3587 928 3656 magistra
961 3586 1162 3657 sponsi
1195 3587 1285 3642 sui
1319 3590 1488 3642 notas
1518 3591 1694 3658 atque
1724 3587 1984 3659 insignia

330 3671 646 3729 declarare.
682 3680 758 3728 Ac
792 3673 1046 3744 primum
1078 3674 1316 3746 quidem
1365 3691 1432 3730 ea
1463 3676 1788 3745 generatim
1841 3693 1984 3732 enu-

329 3767 518 3817 merat
549 3779 562 3817 :
597 3763 787 3833 Nepos,
823 3763 1121 3832 inquiens,
1153 3763 1608 3830 meus,eandidus
1640 3773 1690 3818 et
1720 3765 1981 3819 rubicun-

325 3848 447 3916 dus,
479 3851 680 3905 electus
707 3867 777 3906 eo:
807 3850 988 3906 decem
1020 3851 1289 3905 millibus.
1315 3851 1574 3907 Dilectus
1605 3869 1771 3908 meus
1803 3855 1979 3924 (quod

325 3939 397 3993 ad
436 3945 706 3994 naturam
744 3941 1002 3994 divinam
1037 3941 1312 4012 pertinet)
1346 3946 1435 3996 est
1465 3941 1757 3998 candidus
1791 3949 1855 3996 ut
1883 3942 1983 3997 lux

327 4027 628 4083 inaccessa
663 4045 675 4082 :
703 4029 1069 4084 rubicundus
1104 4029 1288 4084 instar
1318 4031 1628 4101 auri,quod
1662 4031 1884 4086 creteris
1914 4049 1982 4086 ex

328 4116 572 4171 maleria
601 4118 1010 4173 constantibus
1042 4117 1356 4186 antecellit,
1410 4126 1475 4172 ut
1521 4120 1980 4190 supersubstan-

325 4204 485 4259 tialis
519 4209 548 4272 ιε
601 4204 822 4262 electus
881 4223 948 4261 ex
995 4208 1195 4262 decem
1251 4206 1539 4274 millibus,
1593 4213 1658 4262 ut
1705 4208 1864 4262 solus
1911 4224 1980 4264 ex

322 4298 489 4365 patre
519 4294 1082 4366 genitus.Quantum
1117 4301 1311 4352 autem
1347 4302 1575 4368 spectat
1603 4299 1670 4352 ad
1706 4298 1980 4354 humani-

322 4387 526 4451 tatem,
559 4384 847 4440 candidus
897 4389 1006 4451 est,
1065 4390 1128 4439 ut
1178 4401 1363 4456 purus
1411 4390 1589 4456 atque
1637 4387 1862 4457 integer
1907 4387 1979 4442 ab

316 4471 478 4526 omni
511 4478 745 4542 peccato
783 4489 795 4528 :
830 4473 1220 4542 rubicundus,
1256 4479 1318 4528 ut
1350 4475 1450 4544 qui
1484 4475 1787 4545 proprium
1839 4493 1976 4531 san-

315 4561 558 4631 guinem
582 4561 642 4616 in
665 4577 838 4618 cruce
860 4578 963 4632 pro
987 4561 1156 4616 nobis
1179 4561 1403 4616 effudit:
1425 4561 1644 4617 electus
1676 4579 1744 4618 ex
1775 4565 1976 4619 decem

2171 2215 2399 2289 ’Ὡρκισα
2476 2212 2637 2284 ὑμᾶς,
2707 2213 2992 2287 θυγατέρες
3071 2212 3458 2286 Ἰερουσαλὴμ,
3527 2211 3578 2267 ἐν
3638 2217 3760 2276 ταῖς

2103 2301 2361 2375 δυνάμεσι
2406 2302 2496 2356 καὶ
2547 2300 2598 2356 ἐν
2652 2306 2772 2363 ταῖς
2814 2301 3059 2376 ἷ’σχόσεσι
3090 2300 3187 2355 τοῦ
3219 2301 3405 2377 ἀγροῦ,
3441 2299 3531 2356 ἐὰν
3565 2300 3759 2377 εὕρητε

2099 2392 2190 2446 τὸν
2225 2387 2550 2464 ἀδελφιδοῦν
2582 2388 3064 2464 μου,ἐπαγγείΛατε
3087 2391 3169 2444 ὅτι
3199 2391 3510 2466 τετρωμὲνη
3547 2391 3761 2466 ἀγάπης

2103 2480 2229 2557 ἐγώ.

2804 2565 3052 2626 Ψελλοῐλ

2098 2675 2331 2752 Ὁρκίζω
2364 2673 2454 2744 δὴ,
2488 2673 2670 2754 φησὶν,
2706 2675 2847 2747 ὑμᾶς
2879 2673 2930 2729 ἐν
2961 2678 3030 2749 τῇ
3061 2679 3157 2730 τοῦ
3189 2675 3360 2751 ἀγροῦ
3391 2673 3642 2750 δυνάμει,

2101 2767 2187 2822 Ἐν
2218 2769 2288 2840 τῇ
2319 2766 2508 2840 χάριτι
2533 2771 2632 2834 τῆς
2663 2764 2808 2826 θείας
2842 2760 3170 2833 δυναστείας,

2097 2857 2213 2910 ’Ἰνα
2241 2855 2332 2909 τὸν
2364 2855 2532 2909 πόθον
2564 2853 2654 2907 τὸν
2689 2852 2819 2926 ἐμὸν
2851 2849 3038 2924 εἶ’πητε
3065 2859 3146 2925 τῷ
3174 2853 3418 2932 νυμφίῳ,

2096 2948 2272 2998 Ταῦτα
2305 2945 2398 3017 μὲν
2431 2941 2797 3019 λελιπάρηκεν
2830 2943 2863 3012 ἠ
2895 2941 3078 3019 νύμφη
3109 2942 3239 3007 τοὺς
3268 2941 3552 3020 ἀγγέλους.

2097 3035 2538 3108 Ἀμηχανοῦντες
2570 3029 2627 3086 δὲ
2660 3031 2850 3087 λοιπὸν
2878 3033 2977 3100 τὴν
3011 3031 3212 3107 εὕρεσιν
3248 3031 3455 3088 ἐκείνου

2097 3125 2200 3178 Καὶ
2232 3127 2340 3176 τῶν
2384 3118 2626 3197 ἀγγέλων
2657 3121 2707 3175 o't
2735 3120 2926 3196 χοροὶ,
2952 3121 3078 3198 φασὶ
3109 3122 3244 3196 πρὸς
3275 3123 3374 3191 τήν
3406 3123 3696 3196 παρθένον·

2093 3215 2158 3266 ’Ὠ
2189 3212 2432 3272 ποταπός
2461 3231 2542 3272 τις
2571 3211 2795 3288 πέφυκε,
2830 3209 3010 3284 φασὶν,
3047 3207 3334 3285 ἀδελφιδός
3369 3233 3453 3266 σοι
3479 3237 3493 3278 ;

2017 3286 2058 3352 C
2094 3303 2181 3359 ’Ev
2210 3302 2322 3355 τίσι
2348 3301 2452 3376 γὰρ
2488 3286 2904 3375 σχημίετισμοῖς
2935 3299 3392 3374 χαρακτηρίζεται
3424 3321 3507 3356 σοι
3534 3321 3549 3370 ;

2095 3387 2319 3460 Δίδαξιον
2350 3391 2584 3450 ἅπαντας
2613 3386 2798 3450 καλῶς
2820 3390 2970 3461 ἡμᾶς
2999 3389 3073 3450 ὡς
3099 3389 3444 3464 ἀγνοοῦντας.

2661 3500 2777 3549 Τῶν
2818 3496 2866 3569 γ’
2899 3496 3148 3570 ῐῖατὲρων
3161 3539 3173 3552 .

2161 3587 2497 3659 Ἃπάρχεται
2531 3583 2724 3639 λοιπὸν
2784 3587 2818 3653 ἡ
2869 3582 3198 3647 διδάσκαλος
3238 3583 3593 3659 ἀπαγγέλλειν
3646 3590 3747 3640 τοῦ

2091 3675 2328 3751 νυμφίου
2403 3674 2569 3743 αὐτῆς
2648 3675 2716 3728 τὰ
2796 3673 3171 3748 γνωρίσματα.
3228 3673 3325 3728 Καὶ
3373 3679 3593 3750 πρῶτον
3646 3675 3742 3749 μὲν

2091 3763 2367 3834 καθολικῷ
2415 3762 2566 3837 λόγῳ
2611 3766 2779 3817 ταῦτα
2827 3760 3128 3832 διεξιοῦσα,
3187 3762 3369 3840 φησίν·
3424 3760 3748 3842 Ἀδελφιδός

2095 3875 2198 3925 μου
2302 3849 2494 3915 λευκὸς
2585 3851 2674 3905 καὶ
2771 3849 3016 3925 πυρρὸς,
3097 3850 3554 3927 ἐκλελογισμένος
3639 3852 3745 3907 ἀπὸ

2095 3937 2396 4014 μυριάδων.
2457 3940 2641 4002 ’Ήτοιν
2699 3939 2760 3994 Ὁ
2806 3936 3088 4012 ἀγαπητός
3141 3958 3266 4008 μου,
3319 3937 3458 3992 κατά
3517 3938 3610 4010 μὶν
3641 3939 3741 4006 τήν

2091 4031 2234 4084 θείαν
2282 4027 2436 4106 φύσιν
2489 4025 2680 4088 λευκὸς
2732 4026 2825 4100 μὲν
2874 4026 2950 4087 ὡς
2999 4025 3289 4099 ἀπρόσιτον
3338 4031 3482 4101 φῶς·
3536 4026 3744 4103 πυρῥὸς

2091 4115 2148 4172 δὲ
2205 4121 2293 4172 οἷα
2346 4117 2551 4192 χρυσὸς
2606 4120 2714 4170 τῶν
2772 4113 2982 4170 λοιπῶν
3049 4114 3192 4169 ὑλῶν
3251 4117 3602 4189 τιμιώτερος,
3668 4116 3744 4178 ὡς

2091 4205 2438 4282 ὑπιροόσιοςο
2491 4205 2580 4260 καὶ
2631 4202 3088 4278 ἐκλελογισμὲνος
3139 4203 3244 4258 ἀπὸ
3298 4201 3618 4278 μυριάδων,
3668 4205 3744 4269 ὡς

2091 4308 2256 4368 μόνος
2334 4294 2393 4349 ἐκ
2466 4295 2672 4369 πατρὸς
2732 4294 2985 4368 ἀχρόνως
3043 4293 3277 4367 τεχθείς.
3347 4293 3489 4348 Κατά
3537 4291 3596 4349 δὶ
3636 4295 3738 4362 τήν

2087 4385 2452 4459 ἀνθρωπίνην,
2502 4382 2692 4444 λευκὸς
2723 4384 2816 4455 μὲν
2850 4382 2924 4444 ὡς
2975 4383 3208 4457 καθαρὸς
3248 4379 3338 4436 διὰ
3383 4383 3446 4438 τὸ
3501 4384 3744 4458 ἀναμάρ-

2084 4492 2266 4544 τητονσ
2296 4472 2499 4547 πυῤῥὸς
2531 4469 2606 4540 δὲ,
2641 4471 2715 4533 ὡς
2753 4469 2815 4525 τὸ
2865 4469 3067 4525 οἰκεῖον
3119 4472 3253 4543 αἷμα
3303 4469 3354 4525 ἐν
3399 4469 3479 4544 τῷ
3524 4476 3738 4546 σταυρῷ

2087 4561 2281 4638 ἐκχίας
2331 4561 2461 4634 ὑπὲρ
2496 4562 2676 4633 ἡμῶν⁸
2726 4559 2817 4614 καί
2869 4557 3330 4634 ἐκλελογισμένος
3389 4559 3495 4614 ἀπὸ
3543 4559 3736 4635 μυριά-

315 4649 674 4717 millibus,ut
693 4650 992 4721 solusipse
1013 4667 1079 4706 ex
1099 4651 1378 4705 omnibus
1405 4651 1532 4706 sine
1556 4652 1780 4708 semine
1804 4659 1976 4708 natus

2097 4647 2216 4718 ἰων,
2251 4651 2323 4712 ὡς
2361 4649 2527 4722 μόνος
2582 4647 2741 4710 αὐτὸς
2796 4647 2900 4701 ἀπὸ
2939 4652 3152 4702 πάντων
3187 4649 3438 4723 ἀσπόρως
3483 4648 3542 4704 ἐκ
3593 4669 3736 4724 παρ-

315 4753 383 4791 ex
415 4737 664 4809 virgine.
697 4740 888 4810 Atque
920 4739 991 4793 ad
1029 4738 1179 4793 hunc
1212 4739 1449 4808 quidem
1483 4740 1726 4795 modum
1758 4741 1814 4795 in
1849 4741 1969 4812 spi-

320 4824 432 4880 ritu
468 4827 623 4882 hunc
655 4827 1144 4898 contemplemur.
1200 4828 1394 4884 Rebus
1451 4834 1646 4883 autem
1698 4834 1754 4884 et
1803 4830 1970 4886 factis

313 4915 636 4972 candidum
670 4916 1175 4988 experiuntur,qui
1207 4918 1276 4972 ab
1309 4919 1582 4972 omnibus
1607 4923 1974 4989 peccatorum

317 5004 549 5072 purgati
581 5009 720 5060 sunt
751 5007 1024 5062 sordibus
1058 5023 1070 5061 :
1107 5007 1528 5072 rubicundum,
1560 5006 1658 5077 qui
1692 5007 1750 5061 in
1782 5008 1976 5064 varias

316 5090 644 5148 incidentes
677 5095 1052 5164 tentationes,
1086 5111 1153 5150 ex
1185 5094 1300 5149 illis
1333 5111 1436 5165 per
1493 5095 1860 5166 patientiam,
1911 5102 1974 5151 ut

317 5179 528 5248 igneus
559 5183 686 5237 auri
720 5184 909 5255 fulgor
939 5201 1006 5239 ex
1039 5185 1291 5252 fornace,
1314 5183 1544 5255 probati
1576 5184 1970 5255 resplendent:

315 5268 567 5324 electum
599 5289 666 5326 ex
692 5273 888 5328 decem
924 5273 1314 5344 millibus,qui
1350 5290 1451 5344 per
1477 5274 1891 5329 abstinentiam
1915 5279 1973 5331 et

314 5358 536 5413 toleran
573 5358 689 5414 iam
725 5361 991 5415 mundati
1024 5362 1249 5418 nullum
1286 5363 1344 5417 in
1380 5378 1441 5418 se
1474 5363 1618 5434 ipsis
1641 5363 1971 5420 humanum

312 5446 616 5502 continent
646 5447 876 5514 vitium,
911 5465 1098 5520 neque
1143 5454 1338 5506 tamen
1366 5458 1671 5522 propterea
1692 5453 1970 5508 excidunt

311 5537 382 5591 ab
415 5535 769 5594 humilitate.
803 5537 1024 5594 Deinde
1054 5537 1357 5608 sigillatim
1405 5538 1580 5595 etiam
1625 5539 1824 5612 sponsi
1875 5540 1967 5595 sui

385 5714 430 5753 ⁸⁸
461 5715 513 5773 ΙΙ
543 5716 672 5774 Cor.
703 5733 784 5786 x1,
815 5715 904 5772 44.

2082 4739 2236 4794 θὲνου
2310 4738 2547 4813 τεχθείς.
2623 4736 2720 4792 Καὶ
2779 4737 2922 4791 οὕτω
2988 4738 3082 4810 μὲν
3139 4743 3421 4812 θεωρεῖται
3474 4735 3629 4799 οὗτος
3681 4735 3736 4790 ἐν

2086 4829 2375 4900 πνεύματι.
2428 4830 2518 4882 Ἐν
2569 4827 2730 4901 πείρα
2777 4823 2834 4880 δὲ
2887 4826 3084 4881 τούτου
3131 4827 3267 4880 κατά
3312 4826 3498 4900 πρᾶξιν
3551 4827 3733 4902 γίνον-

2083 4938 2193 4987 ται,
2262 4918 2336 4980 ὡς
2409 4917 2501 4990 μὲν
2574 4913 2789 4984 λευκοῦ,
2857 4916 2907 4968 οἳ
2974 4915 3078 4970 ἀπὸ
3136 4916 3335 4977 παντὸς
3386 4916 3736 4991 καθαρθέντες

2086 5003 2258 5080 ῥύπου
2336 5003 2766 5078 ἁμαρτημάτων·
2833 5002 2906 5065 ὡς
2959 5001 3016 5058 δὲ
3063 5002 3294 5079 πυρῥοῦ,
3348 5004 3399 5057 οἱ
3459 5002 3737 5066 ποικίλοις

2083 5098 2408 5169 πειρασμοῖς
2453 5092 2854 5166 περιπεσόντες,
2899 5093 2986 5145 καὶ
3032 5097 3112 5163 τῷ
3171 5091 3408 5155 ἐντεῦθεν
3451 5099 3550 5160 τῆς
3602 5092 3738 5146 ὑπο-

2087 5189 2257 5254 μονῆς
2305 5179 2561 5254 δοκιμίῳ,
2590 5182 2664 5242 ὡς
2697 5183 2902 5255 χρυσοῦ
2934 5179 2991 5235 ἐκ
3021 5180 3398 5254 χωνευτηρίου
3431 5179 3735 5257 πυρῥότης,

2081 5269 2520 5343 ἀναλάμψαντεςο
2585 5269 2675 5323 καὶ
2739 5269 2812 5330 ὡς
2862 5266 3325 5344 ἐπιλελογισμένου
3378 5268 3484 5324 ἀπὸ
3537 5271 3737 5342 μυριὰς

2082 5357 2206 5428 δων,
2247 5360 2297 5414 oi.
2349 5358 2399 5413 ἰν
2445 5360 2515 5430 τῇ
2559 5355 2627 5412 δι’
2681 5356 2995 5432 ἐγκρατείας
3044 5360 3297 5434 καθάρσει
3348 5358 3436 5412 καὶ
3485 5362 3554 5431 τῇ
3605 5359 3736 5413 ὑπο-

2083 5452 2224 5521 μονῇ
2279 5449 2411 5521 μήτι
2449 5445 2870 5520 καταδεξάμενοι
2917 5446 3087 5508 πάθος
3152 5444 3205 5500 ἐν
3258 5447 3469 5508 ἑαυτοῖς
3502 5447 3730 5519 μεσάσαι

2076 5536 2438 5616 ἀνθρώπινον,
2479 5537 2568 5592 καὶ
2603 5533 2694 5591 διὰ
2740 5539 2900 5592 τοῦτο
2947 5541 3046 5606 τῆς
3095 5535 3594 5615 ταπεινοφόοσόνης
3649 5537 3728 5610 μή
