4046 6144
301 423 419 483 645

1345 423 1760 487 COMMENT.
1801 423 1877 484 ΙΝ
1924 423 2325 485 CANTICUM
2369 425 2678 486 CANTIC.

3597 431 3719 492 646

298 551 726 616 ἐκπεπτωκότες.
763 552 897 609 Εἶτα
949 551 1037 608 καὶ
1090 553 1227 608 κατὰ
1286 554 1452 630 μέρος
1510 557 1545 624 ἡ
1605 554 1790 630 νύμφη
1849 554 1948 623 τὴν

2074 559 2236 612 notas
2265 559 2322 611 et
2351 555 2520 627 signa
2552 557 2925 628 persequitur
2958 575 2970 612 :
3003 557 3197 629 Caput,
3228 557 3525 630 inquiens,
3575 562 3716 631 eius,

297 648 401 698 τῶν
458 641 854 719 γνωρισμάτων
937 646 1035 697 τοῦ
1105 643 1340 722 νυμφίου
1425 643 1589 714 αὐτῆς
1650 642 1950 716 ποιουμένη

300 733 578 809 ἐξήγησιν,
623 733 859 806 φάσκει·
922 731 1143 810 Κεφαλῆ
1218 733 1381 788 αὐτοῦ
1459 732 1686 810 χρυσίον
1763 731 1954 810 όφάτζ.

293 823 523 898 ”Πγουν,
581 820 610 875 ὸ
665 825 856 876 τοῦτον
929 823 1050 876 κατ’
1112 821 1294 876 οὐσίαν
1381 826 1583 897 γεννῶν
1647 821 1958 898 ἀπόρρητος

301 915 438 972 Νοῦς
470 911 630 986 (πρὸς
682 910 742 965 ’ὀν
803 909 877 972 ὡς
935 908 1178 988 κεφαλὴν
1212 911 1238 965 ὁ
1271 907 1509 986 ἄρῥητος
1565 909 1729 966 αὐτοῦ
1786 911 1957 985 Λόγος

303 1003 396 1055 τοῦ
447 1003 733 1076 συμφυοῦς
807 1001 923 1054 κατ’
974 997 1158 1054 οὐσίαν
1221 1000 1554 1073 Ηνεύματος,
1614 1000 1795 1074 ἀνάγει
1869 999 1962 1054 τὸν

308 1088 580 1163 ἑπόμενον
604 1093 698 1143 νῦν
749 1089 836 1144 οἷα
881 1088 1110 1165 χρυσίον
1161 1091 1540 1166 καθαρώτατον
1588 1094 1695 1145 τῶν
1747 1087 1959 1144 λοιπῶν

305 1178 450 1234 ὑλῶν
524 1179 948 1254 ὑπερκείμενον),
1013 1180 1228 1234 πάντων
1302 1179 1438 1234 κατὰ
1511 1179 1684 1234 πάντα
1755 1178 1961 1254 τρόπον

309 1268 544 1344 ἀπείρως
601 1267 902 1341 ἐξῴκισται.
957 1267 1176 1346 Κεφαλή
1230 1269 1334 1344 γάρ
1383 1268 1492 1323 ἔστι
1554 1272 1651 1324 τοῦ
1700 1272 1964 1343 Χριστοῦ,

314 1360 445 1415 κατά
495 1361 587 1416 τὸν
644 1362 785 1413 θεῖον
847 1357 1205 1427 Ἀπόστολον,
1263 1359 1338 1423 ὡς
1395 1359 1525 1421 Θεὸς
1591 1360 1678 1414 καὶ
1754 1360 1964 1434 Πατήρ.

308 1447 528 1505 Τούτων
585 1445 632 1502 δ’
671 1446 843 1509 οὕτως
891 1455 1107 1502 πάντων
1163 1447 1641 1523 ὑπερηρεισμένων
1697 1449 1968 1528 θεωριῶν,

305 1539 391 1593 καὶ
462 1539 600 1594 κατὰ
650 1539 712 1594 τὸ
776 1537 1056 1614 ἐγχωροῦν
1115 1537 1164 1593 ἐν
1227 1537 1387 1614 πείρᾳ
1436 1537 1594 1594 αὖτεῦ
1651 1539 1876 1613 γίνεται,
1937 1538 1966 1592 ὁ

311 1627 477 1702 μηδὲν
524 1634 632 1685 τῶν
684 1626 849 1684 ὄντων
901 1629 1307 1704 ὑπερανατιθεὶς
1349 1629 1446 1684 τοῦ
1503 1635 1621 1690 ταῖς
1671 1625 1968 1683 ἀναποδεί-

302 1740 450 1783 κτοις
524 1718 932 1794 μυσταγωγίαις
1004 1718 1302 1794 ἁγνώστως
1360 1719 1660 1792 νοουμένου
1713 1719 1747 1788 ἢ
1799 1739 1969 1794 γινω-

306 1807 576 1882 σκομένου
610 1808 742 1884 ὑπὲρ
792 1807 973 1878 νόησιν
1024 1805 1192 1882 λόγου
1242 1815 1343 1877 τῆς
1401 1807 1654 1881 πίστεως,
1685 1807 1776 1862 καὶ
1836 1807 1968 1880 ὑπὲρ

302 1902 395 1954 τοῦ
456 1901 694 1973 τηρῆσαι
744 1901 961 1966 τοῦτον,
1009 1896 1139 1952 ὅλον
1211 1897 1396 1952 ἑαυτὸν
1463 1902 1583 1960 τοῖς
1644 1901 1967 1972 πειρασμοῖς

301 1984 622 2064 προδιδοὺς,
687 1986 966 2050 κάντεῦθεν
1030 1987 1102 2048 ὡς
1163 1984 1214 2041 ἐν
1293 1986 1508 2059 καμίνῳ
1583 1987 1958 2062 καθαρώτατον

302 2073 530 2152 χρυσίον
585 2075 869 2149 φυλάττων
928 2077 1024 2143 τὴν
1077 2073 1258 2130 πίστιν
1307 2074 1600 2147 ἀμείιυτον.
1651 2075 1961 2150 Βὸστρυχοι

302 2163 467 2218 αὐτοῦ
547 2161 758 2231 ἐλάται,
839 2161 1070 2235 μέλανες
1150 2164 1222 2224 ὡς
1289 2163 1477 2237 κόραξ.
1532 2164 1713 2229 Ἤτοι,
1791 2163 1845 2216 αἱ
1909 2161 1962 2216 έν

307 2251 449 2326 ἁγίῳ
499 2253 773 2324 ΙΙνεύματι
827 2251 928 2305 ὑπὸ
975 2255 1069 2305 τοῦ
1127 2253 1469 2327 Μονογενοῦς
1516 2248 1960 2326 έκπληροόμεναι

307 2344 401 2396 τοῦ
445 2341 656 2416 Ηατρὸς
690 2336 948 2412 εὐδοκίαι,
998 2340 1059 2394 τὸ
1091 2339 1170 2408 ὃν,
1201 2343 1235 2408 ἡ
1279 2340 1416 2410 ζωὴ,
1446 2341 1479 2409 ἡ
1537 2339 1719 2415 σοφία,
1751 2340 1840 2395 καὶ
1896 2340 1963 2395 τά

309 2429 498 2502 ὅμοια.
539 2430 710 2503 Ἀπερ
765 2427 1240 2484 κατακαλύπτουσι
1281 2434 1398 2491 ταῖς
1464 2429 1600 2484 κατά
1651 2431 1829 2508 φύσιν,
1874 2429 1963 2484 οἷά

301 2527 429 2572 τινα
485 2514 730 2593 κεφαλὴν
788 2516 999 2594 τρίχες,
1050 2517 1150 2585 τὴν
1213 2516 1335 2590 μίαν
1388 2517 1567 2593 ἀρχὴν
1625 2519 1714 2572 καὶ
1785 2518 1962 2574 αἰτίαν

305 2611 412 2660 τῶν
444 2603 594 2660 ὅλων
633 2605 736 2661 ὑπὸ
765 2604 1072 2680 κατάληψιν
1134 2612 1308 2669 ποιεῖς
1367 2604 1629 2661 δοκοῦντα
1683 2609 1774 2662 τὸν
1827 2609 1963 2664 ἀκα-

307 2693 608 2764 τάληπτον.
645 2695 866 2752 Ἐλάται
921 2693 1016 2768 μέν
1059 2694 1191 2750 εἷ’σιν
1247 2694 1434 2770 ὑψηλά
1477 2717 1536 2750 τε
1587 2695 1674 2751 καὶ
1734 2697 1962 2774 οὐρανο-

315 2786 460 2856 μήκη
507 2780 721 2859 δένδρα,
749 2783 822 2846 ὡς
851 2783 978 2846 τοὺς
1030 2783 1237 2839 τούτων
1275 2785 1412 2840 κατά
1456 2787 1678 2859 γνώμην
1735 2786 1961 2861 ἀντεχο-

315 2875 506 2947 μένους
540 2871 593 2927 έν
620 2878 699 2945 τῷ
735 2879 1082 2946 προνοεῖσθαι
1129 2871 1198 2928 δι’
1253 2875 1464 2951 ἀγάπης
1510 2878 1616 2929 τῶν
1678 2875 1958 2950 ἐχομένων

319 2961 605 3039 ἀνάγουσαι
643 2963 780 3018 κατά
817 2963 1006 3040 πρᾶξιν
1045 2968 1358 3038 μιμητικῶς
1391 2965 1524 3034 πρὸς
1561 2964 1624 3018 τὸ
1671 2964 1804 3038 ὕψος
1862 2967 1962 3033 τῆς

325 3050 466 3114 θείας
525 3051 960 3126 μακαριότητος·
1017 3051 1241 3125 μέλανες
1290 3050 1336 3107 δ’
1388 3054 1475 3106 οἷα
1523 3051 1708 3129 κόραξ,
1760 3053 1832 3115 ὡς
1884 3057 1964 3126 τῷ

319 3138 706 3214 ἀνεξερευνήτῳ
746 3145 852 3196 τῶν
902 3142 1180 3217 κριμάτων
1241 3145 1346 3195 τῶν
1411 3139 1566 3205 θείων
1629 3141 1958 3198 συστέλλου-

316 3250 397 3284 σαι
458 3230 595 3285 κατὰ
653 3230 878 3306 θεωρίαν
931 3231 1023 3285 τὸν
1077 3230 1260 3305 νοερὸν
1332 3229 1640 3305 ὀφθαλμόν.
1699 3231 1798 3286 Καὶ
1855 3231 1959 3308 γὰρ

2064 661 2265 700 aurum
2297 651 2518 715 ophatrt.
2554 646 2716 702 Meus
2763 645 2864 701 illa
2913 646 3193 701 nimirum
3239 647 3572 712 ineffabilia,
3621 652 3713 719 (ad

2067 751 2244 805 quam
2277 740 2341 790 ut
2372 736 2443 791 ad
2479 739 2678 807 caput,
2711 735 3004 791 inefl'abile
3036 735 3292 792 Verbum
3344 737 3532 808 ipsius
3580 739 3716 794 sub-

2067 823 2342 878 stantiam
2375 824 2816 880 connaturalem
2848 825 3344 896 Spiritum,refert
3373 834 3715 898 sequentem

2073 919 2352 981 mentem,
2417 918 2702 986 tanquam
2765 931 2974 969 aurum
3025 914 3410 987 purissimum
3461 916 3719 989 reliquas

2070 1001 2346 1059 materias
2373 1003 2745 1073 antecedens)
2791 1020 2824 1059 a
2869 1007 3043 1059 rebus
3091 1003 3368 1060 omnibus
3415 1007 3576 1062 omni
3625 1025 3716 1063 ra-

2071 1093 2227 1147 tione
2275 1092 2456 1147 distat
2505 1092 2753 1147 inﬁnite.
2788 1092 2974 1164 Caput
3007 1094 3160 1148 enim
3192 1093 3424 1166 Christi,
3458 1100 3520 1151 ut
3550 1097 3720 1152 divus

2070 1179 2265 1252 inquit
2294 1181 2609 1253 Apostolus
2640 1181 2808 1248 5",est
2837 1181 2990 1238 Deus
3021 1187 3078 1238 et
3107 1183 3411 1238 Pater.His
3442 1185 3721 1241 omnibus

2072 1269 2668 1342 contemplationibus
2700 1271 2776 1326 ita
2810 1271 3248 1340 constitutis,ad
3276 1273 3404 1343 ejus
3425 1277 3721 1346 experien-

2072 1359 2239 1428 tiam,
2272 1365 2560 1430 quantum
2595 1359 2747 1431 capit
2781 1359 3040 1415 humana
3082 1367 3311 1428 natura,
3363 1365 3624 1432 pervenit
3671 1364 3721 1419 is

2076 1448 2175 1520 qui
2200 1448 2331 1503 fidei
2359 1448 2567 1504 rationi
2585 1465 2763 1520 quam
2784 1449 3078 1520 mysteriis
3097 1449 3721 1509 indemonstrabilibus

2074 1535 2356 1592 ineffabili
2379 1537 2707 1607 cognitione
2730 1537 3083 1592 intellectam
3109 1542 3211 1593 aut
3232 1540 3524 1610 cognitam
3549 1541 3726 1598 habet

2076 1642 2248 1697 super
2280 1642 2515 1682 omnem
2547 1625 2980 1699 cogitationem,
3017 1626 3161 1681 nihil
3195 1631 3481 1700 praeponit
3528 1631 3724 1686 omni-

2079 1731 2152 1771 no
2203 1731 2216 1769 :
2272 1719 2329 1770 et
2376 1733 2480 1788 pro
2529 1731 2598 1771 ea
2644 1717 2863 1770 tuenda
2893 1719 3409 1788 conservandaque
3440 1725 3628 1776 totum
3661 1737 3725 1778 se

2078 1804 2274 1876 ipsum
2304 1802 2729 1859 tentationibus
2762 1821 2827 1859 ac
2858 1803 3134 1874 periculis
3163 1807 3587 1879 tormentisque
3618 1809 3726 1864 ob-

2071 1892 2203 1965 jicit
2236 1911 2248 1950 :
2282 1897 2456 1964 atque
2488 1893 2566 1948 ita
2599 1898 2878 1966 tanquam
2910 1894 2971 1949 in
3000 1894 3234 1950 fornace
3267 1913 3478 1951 aurum
3528 1898 3725 1970 puris-

2077 1983 2294 2038 simum
2354 1983 2530 2037 fidem
2591 1983 2804 2038 retinet
2862 1983 3329 2039 immaculatam.
3383 1985 3559 2042 Comm
3608 1990 3728 2059 ejus

2070 2074 2213 2128 sicut
2257 2073 2419 2129 elata?
2463 2073 2780 2144 palmarum
2834 2089 2847 2128 :
2898 2074 3076 2144 nigra:
3126 2076 3283 2144 quasi
3309 2091 3520 2130 corvus.
3554 2080 3724 2134 Bona;

2071 2160 2297 2217 scilicet
2355 2161 2545 2217 Patris
2603 2162 2952 2230 voluntates,
3005 2163 3076 2216 ab
3127 2163 3426 2234 unigenilo
3475 2164 3616 2220 Filio
3664 2166 3724 2222 in

2071 2250 2292 2322 Spiritu
2343 2256 2546 2306 sancto
2595 2251 2866 2322 expleta);
2921 2269 3110 2320 mens,
3163 2253 3284 2306 vita
3332 2253 3622 2325 sapientia
3671 2261 3729 2311 et

2073 2339 2165 2396 his
2215 2338 2473 2408 similia;
2525 2356 2655 2411 quae
2709 2340 2947 2411 quidem
3001 2341 3367 2411 naturaliter,
3420 2348 3483 2398 ut
3529 2343 3725 2415 capilli

2070 2433 2242 2500 caput
2267 2428 2504 2500 aliquod
2536 2433 2761 2500 tegunt,
2798 2445 2981 2483 unum
3009 2429 3364 2501 principium
3395 2437 3452 2486 et
3482 2449 3722 2488 causam

2070 2534 2264 2573 rerum
2326 2517 2756 2585 universarum,
2808 2535 3064 2588 eumque
3130 2519 3232 2591 qui
3304 2521 3722 2592 comprehendi

2071 2625 2184 2662 non
2221 2610 2428 2679 potest,
2456 2607 2726 2663 videntur
2776 2607 3040 2679 redigere
3085 2608 3196 2663 sub
3241 2609 3718 2682 comprehensio-

2071 2713 2227 2751 nem.
2275 2696 2448 2751 Elatae
2498 2697 2736 2768 quidem
2784 2702 2925 2752 sunt
2971 2697 3207 2752 arbores
3255 2698 3594 2755 celsissimae
3642 2699 3714 2755 ad

2071 2783 2282 2840 cmlum
2334 2802 2521 2856 usque
2570 2786 2913 2855 tendentes;
2962 2786 3241 2858 quoniam
3292 2805 3392 2844 eos
3446 2790 3547 2860 qui
3596 2790 3716 2845 haec

2071 2875 2267 2930 animo
2301 2873 2757 2946 amplectuntur,
2792 2877 2934 2931 dum
2970 2877 3335 2948 prospiciunt
3362 2897 3429 2933 ea
3456 2895 3586 2950 quae
3617 2897 3719 2951 per

2071 2962 2415 3018 charitatem
2448 2963 2847 3036 possidentur,
2881 2965 3077 3036 operis
3128 2973 3321 3023 autem
3369 2968 3717 3033 imitatione,

2070 3055 2400 3123 perducunt
2447 3054 2518 3108 ad
2570 3053 2777 3108 divinae
2827 3055 3217 3110 beatitudinis
3266 3055 3713 3113 sublimitatem.

2069 3141 2261 3212 Nigrae
2291 3145 2486 3197 autem
2520 3142 2684 3213 quasi
2725 3159 2928 3197 corvus
2965 3158 2976 3197 :
3015 3143 3152 3214 quia
3197 3143 3717 3217 impervestigabili

2069 3228 2402 3284 divinorum
2429 3230 2788 3300 judiciorum
2839 3231 3088 3295 ratione,
3140 3232 3353 3287 mentis
3405 3233 3606 3289 oculos
3654 3233 3713 3289 in

308 3318 489 3397 ὥσπερ
555 3321 616 3374 τὸ
663 3320 857 3376 λευκὸν
904 3325 1110 3396 χρῶμα
1145 3319 1389 3398 ὑφαπλοῖ
1415 3322 1515 3390 τήν
1548 3317 1693 3396 ὄψιν,
1728 3318 1870 3378 οὕτω
1900 3322 1962 3378 τὸ

2076 3318 2570 3390 contemplatione
2617 3319 3016 3374 corroborant.
3069 3324 3215 3375 Nam
3269 3326 3332 3375 ut
3358 3321 3517 3377 color
3547 3321 3716 3378 albus

315 3409 487 3482 μέλαν
555 3407 861 3468 συστέλλει.
918 3411 986 3468 Οἱ
1047 3408 1321 3487 ὀφθαλμοὶ
1378 3410 1542 3465 αὐτοῦ
1595 3412 1668 3473 ὡς
1725 3431 1966 3488 περιστε-

315 3498 406 3572 ραὶ
465 3498 556 3554 ἐπὶ
613 3495 962 3575 πληρώματα
1017 3497 1248 3554 ὑδάτων·
1300 3505 1524 3576 ’Ήγουν,
1573 3500 1628 3554 αἱ
1682 3504 1778 3555 τοῦ
1831 3522 1966 3555 παν-

311 3587 468 3664 αγίου
503 3587 814 3661 Πνεόματος
863 3585 1121 3665 ἒνέργειαι
1167 3588 1467 3666 (ὀφθαλμοὶ
1535 3589 1740 3666 Κυρίου
1796 3611 1966 3667 προσ-

311 3677 732 3753 αγορευόμεναι,
787 3676 872 3732 ὅτι
951 3675 1021 3732 δι’
1096 3677 1272 3732 αὐτῶν
1343 3678 1572 3755 πέφυκεν
1651 3678 1965 3734 ἐπισκοπεῖν

310 3765 444 3828 τοὺς
475 3763 563 3818 ἐπὶ
595 3772 696 3840 γῆς
727 3765 755 3819 ὁ
797 3767 968 3839 Θεὸς),
1006 3766 1079 3828 ὥς
1127 3787 1268 3828 τινες
1326 3765 1634 3843 περιστεραῖ
1683 3765 1770 3822 ἐπὶ
1819 3766 1968 3838 πλή-

308 3875 422 3929 ρεις
484 3851 691 3908 ὑδάτων
749 3851 1034 3928 δεξαμενάς
1111 3854 1433 3931 ὣρμηνται·
1495 3853 1580 3910 ἐπὶ
1634 3857 1729 3917 τάς
1780 3856 1967 3930 ἀρετὰς

314 3942 484 4006 οὔσας
519 3942 867 4019 πληρώματα
895 3949 1002 3999 τῶν
1049 3945 1123 4006 ὡς
1180 3942 1384 3999 ὑδάτων
1433 3944 1717 4020 οὐρανόθεν
1777 3966 1971 4021 κατερ-

315 4034 581 4108 χομένων
615 4032 771 4086 θείων
806 4030 1060 4102 ἐντολῶν,
1094 4029 1182 4086 διὰ
1226 4033 1290 4087 τὸ
1336 4031 1462 4095 τοῦς
1505 4033 1711 4088 τούτων
1774 4033 1968 4108 λόγους

314 4125 385 4187 τῇ
440 4121 630 4197 πράξει
676 4120 1014 4197 πληροῦσθαι
1072 4125 1178 4175 τῶν
1257 4119 1515 4178 ἐντολῶν.
1566 4123 1771 4198 Ὀρμᾷν
1819 4120 1864 4177 δ’
1916 4124 1970 4176 αἱ

312 4215 565 4265 τοιαῦται
629 4209 887 4285 ἐνέργειαι
941 4209 1027 4264 ἐπὶ
1071 4210 1163 4272 τὰς
1211 4210 1400 4285 ἀρετάς
1445 4210 1708 4287 εἷ’ρηνται,
1742 4210 1824 4266 ὅτι
1880 4210 1968 4266 ἐὰν

319 4300 396 4370 μή
451 4297 652 4374 Κύριος
714 4296 783 4353 δι’
844 4299 1017 4353 αὐτῶν
1075 4297 1421 4375 οἷ’κοδομγςσῃ
1473 4301 1588 4354 κατ’
1641 4299 1833 4373 ἀρετὴν
1899 4299 1973 4365 ὥς

308 4409 430 4443 τινα
485 4389 632 4443 οἶκον
694 4387 880 4456 αὑτοῦ,
941 4389 1040 4457 τήν
1105 4389 1166 4442 τὸ
1253 4388 1449 4464 ἀγαθὸν
1527 4389 1968 4465 προαιρουμένην

311 4481 522 4554 ψυχὴν,
575 4476 649 4539 εἷς
710 4478 881 4551 μάτην
939 4475 1218 4532 ἐκοπίασεν
1275 4478 1302 4532 ὁ
1356 4475 1689 4552 οἰκοδομῶν.
1741 4480 1829 4543 Ὡς
1877 4500 1971 4534 πε·

313 4567 556 4643 ριστεραὶ
628 4563 705 4635 δὲ,
787 4565 942 4644 φησὶ,
999 4563 1328 4638 λελουμέναι
1408 4565 1457 4620 έν
1529 4565 1782 4640 γάλακτι,
1842 4569 1971 4623 καθ-

311 4661 512 4732 ήμεναι
565 4657 653 4712 ἐπὶ
712 4657 1060 4732 πληρώματα
1123 4655 1334 4712 ὑδάτων
1377 4673 1390 4690 ⁸

316 4748 490 4826 φόσει.
525 4747 647 4804 Εἰσὶ
701 4747 800 4822 γάρ
860 4745 1139 4808 παντελῶς
1201 4745 1501 4819 ἀμόλυντοι
1550 4748 1603 4801 αἱ
1657 4752 1759 4802 τοῦ
1799 4749 1968 4803 Ilva-5-

321 4859 490 4912 ματος
542 4837 825 4914 ἐνέργειαι,
885 4834 1353 4908 ἐπαναπαυόμεναι
1407 4841 1524 4898 ταῖς
1573 4835 1778 4892 τούτων
1836 4840 1972 4893 κατὰ

319 4927 484 5003 χάριν
542 4924 1006 5001 πεπληρωμέναις
1061 4927 1287 5000 ψυχαῖς,
1317 4925 1390 4986 ὡς
1445 4925 1849 5003 καθαρφείσαις,
1881 4926 1970 4980 καὶ

317 5015 723 5094 φωτισθείσαις,
767 5014 899 5086 [καὶ]
943 5010 1369 5075 τελειωθείσαις.
1415 5015 1481 5070 Ol.
1545 5015 1637 5087 μὲν
1697 5013 1972 5093 ὀφθαλμοὶ

317 5109 421 5159 τοῦ
451 5103 689 5181 νυμφίου
721 5107 982 5158 τοιοῦτοι.
1014 5103 1080 5159 Αἱ
1114 5101 1171 5156 δὲ
1203 5103 1444 5178 σιαγόνες
1477 5103 1640 5158 αὐτοῦ
1672 5104 1746 5165 ὡς
1782 5103 1970 5181 φιάλαι

1218 5193 1506 5267 μυρεψικά.
1595 5190 1786 5249 Εἶίτουν
1871 5200 1970 5262 τῆς

314 5283 439 5359 περὶ
472 5281 645 5337 πάντα
696 5285 792 5337 τοῦ
848 5285 979 5337 Θεοῦ
1030 5281 1288 5356 προνοίας
1350 5281 1400 5334 οἱ
1455 5278 1615 5356 λόγοι
1670 5279 1844 5357 (οἵπερ
1899 5280 1974 5344 ὥς

312 5393 455 5435 τινες
486 5372 730 5448 σιαγόνες
785 5377 903 5434 ταῖς
957 5370 1248 5446 ἐνεργείαις
1306 5369 1470 5424 οἷονεῖ
1530 5375 1826 5440 κινοῦνται,
1882 5372 1972 5425 καὶ

310 5460 441 5526 τοὺς
493 5460 801 5535 σωτηρίους
855 5464 962 5514 τῶν
1025 5459 1228 5535 ἀρετῶν
1301 5458 1537 5534 τρόπους
1605 5455 1970 5530 διδάσκουσιν,

313 5550 406 5605 καὶ
465 5548 557 5606 διὰ
605 5552 814 5606 τούτων
892 5553 1274 5624 πνευματικῶς
1326 5547 1608 5627 τρέφουσι,
1666 5545 1968 5610 λεαίνοντές

313 5197 419 5248 τοῦ
506 5194 620 5268 ἀρώ
630 5213 799 5264 ματος
884 5191 1111 5270 φόουσαι

387 5768 430 5805 ⁵⁷
462 5767 485 5826 I
516 5769 646 5827 Cor.
679 5783 760 5840 xx,
791 5767 849 5823 3.

2071 3407 2265 3464 visum
2322 3408 2641 3480 disgregat,
2674 3408 2757 3464 ita
2816 3407 2979 3479 niger
3025 3409 3350 3464 conﬁrmat.
3401 3409 3557 3466 Oculi
3601 3413 3719 3483 ejus

2073 3497 2215 3552 sicut
2241 3497 2510 3553 columbae
2535 3514 2697 3566 super
2723 3497 3099 3570 plenitudines
3128 3515 3421 3570 aquarum.
3458 3500 3718 3556 Sanctis-

2075 3585 2211 3641 simi
2242 3585 2496 3657 Spiritus
2528 3586 2921 3643 affectationes
2952 3587 3103 3642 oculi
3138 3587 3365 3643 Domini
3395 3593 3715 3645 vocantur:

2077 3675 2356 3746 quoniam
2384 3693 2483 3747 per
2504 3676 2664 3746 ipsos
2689 3681 2840 3732 Deus
2863 3677 3141 3733 mortales
3166 3678 3454 3750 inspicere
3474 3696 3718 3735 consue-

2075 3765 2176 3820 vit.
2212 3764 2283 3821 Ut
2304 3763 2589 3822 columbae
2611 3766 2872 3836 quaedam
2897 3769 2966 3822 ad
2989 3766 3190 3838 plenos
3215 3784 3501 3838 aquarum
3526 3769 3720 3824 alveos

2075 3853 2416 3925 incitantur,
2451 3871 2658 3925 nempe
2687 3855 2756 3910 ad
2805 3855 3069 3923 virtutes,
3120 3873 3249 3926 quae
3297 3873 3607 3926 aquarum,
3660 3858 3717 3912 id

2078 3948 2186 4010 est,
2221 3943 2554 3998 divinorum
2588 3945 2998 4000 mandatorum
3047 3944 3527 4000 descendentium
3578 3949 3720 4002 sunt

2080 4031 2494 4102 conceptacula
2555 4050 2566 4087 :
2628 4033 2766 4103 quia
2823 4048 3122 4087 sermones
3180 4048 3378 4088 earum
3440 4035 3718 4105 cperibus

2081 4119 2398 4191 implentur
2428 4122 2861 4176 mandatorum.
2885 4121 3128 4176 Incitare
3158 4125 3354 4176 autem
3389 4124 3722 4181 affectiones

2081 4208 2169 4264 ha:
2200 4209 2270 4264 ad
2303 4210 2546 4265 virtutes
2577 4211 2740 4264 dictae
2773 4215 2944 4278 sunt;
2975 4211 3114 4281 quia
3145 4210 3256 4266 nisi
3287 4211 3572 4268 Dominus
3622 4231 3725 4285 per

2078 4297 2238 4369 ipsas
2287 4299 2545 4354 animam
2578 4300 2796 4354 bonum
2837 4298 3149 4372 eligentem
3176 4304 3461 4372 tanquam
3480 4303 3721 4358 domum

2081 4386 2338 4459 aliquam
2372 4404 2540 4442 suam
2573 4387 2966 4458 aedificaverit,
3001 4389 3301 4444 incassum
3348 4390 3576 4446 laborat
3623 4393 3726 4462 qui

2081 4476 2347 4530 aedificat.
2381 4475 2530 4530 Sicut
2558 4475 2844 4543 columba},
2880 4476 3092 4546 inquit,
3125 4493 3244 4548 quae
3295 4479 3355 4532 in
3409 4478 3550 4535 lacte
3598 4483 3726 4535 sunt

2083 4567 2229 4631 (olm,
2280 4572 2333 4619 et
2384 4564 2626 4620 resident
2671 4565 2839 4636 juxta
2896 4564 3112 4638 ﬂuenta
3152 4567 3507 4638 plenissima.
3563 4568 3724 4624 Pura

1461 4655 1676 4729 δηλαδή
1736 4661 1965 4734 καθαραὶ

2079 4654 2304 4710 scilicet
2334 4671 2399 4710 ac
2432 4653 2662 4726 penitus
2695 4657 2925 4711 mundae
2957 4655 3204 4728 spiritus
3233 4656 3567 4712 affectiones
3598 4674 3725 4728 qua

2079 4743 2338 4800 resident
2366 4745 2423 4800 in
2456 4743 2920 4817 animabus,quaa
2954 4745 3092 4818 ipsae
3127 4751 3191 4800 ut
3221 4753 3501 4817 purgatas
3523 4751 3580 4801 et
3600 4746 3731 4802 illu-

2081 4840 2298 4891 stratas
2329 4839 2502 4906 atque
2537 4835 2819 4906 perfectas
2854 4852 2954 4906 per
2979 4834 3230 4906 gratiam
3253 4833 3729 4906 repleverunt.Ac

2081 4925 2282 4998 sponsi
2310 4925 2546 4996 quidem
2572 4924 2725 4979 oculi
2749 4929 2888 4979 sunt
2912 4923 3392 4994 ejusmodiﬁenz
3409 4924 3566 4979 illius
3585 4925 3731 4979 sicut

2079 5014 2292 5086 phialae
2321 5015 2592 5069 aromatis
2621 5016 2855 5084 ferentes
2881 5015 3287 5086 pigmenlaria.
3321 5013 3542 5070 Divinas
3570 5012 3729 5069 vide-

2079 5103 2211 5159 licet
2245 5103 2619 5175 providentiaa
2653 5107 2863 5158 cuncta
2895 5103 3254 5158 moderantis
3302 5102 3526 5158 ratione
3578 5106 3730 5174 (quae

2080 5197 2358 5262 tanquam
2392 5209 2549 5264 genae
2584 5192 2939 5262 actionibus,
2977 5197 3039 5246 ut
3068 5192 3149 5246 ita
3180 5191 3730 5263 dicam,movcntur,

2083 5286 2139 5336 et
2170 5280 2502 5337 salutiferos
2535 5281 2816 5337 virtutum
2850 5298 3039 5336 mores
3088 5281 3320 5351 docent,
3370 5285 3426 5336 et
3469 5299 3572 5354 per
3623 5281 3731 5335 hos

2083 5369 2428 5442 spiritaliter
2479 5371 2766 5438 nutriunt,
2817 5370 3152 5426 mollientes
3201 5371 3632 5442 quodammodo
3673 5369 3730 5424 id

2084 5460 2240 5531 quod
2291 5459 2348 5513 in
2401 5459 2516 5514 Deo
2569 5459 2894 5514 secundum
2948 5459 3264 5516 essentiam
3319 5459 3562 5532 intelligi
3618 5474 3729 5512 non

2085 5553 2299 5622 potest,
2359 5547 2500 5603 dum
2561 5548 2769 5605 horum
2830 5548 3056 5606 actione
3129 5549 3323 5622 ipsum
3391 5546 3731 5622 explanant)
