4046 6144
336 329 473 390 ι-64Ἶ

1699 320 2122 385 MICHAELIS
2165 319 2439 382 PSELLI

3656 321 3777 383 648

360 465 564 517 sancto
596 459 848 533 impletae
882 465 1021 514 sunt
1048 457 1269 531 Spiritu
1301 457 1470 529 quasi
1504 456 1811 513 odoriferae
1841 472 1967 527 quae

2084 473 2235 524 ,πως
2288 452 2349 506 τὸ
2406 452 2524 506 κατ’
2580 451 2769 506 οὐσίαν
2828 449 3193 521 ἄκατανόητον
3222 454 3320 507 τοῦ
3369 456 3504 507 Θεοῦ
3563 454 3638 517 ὡς
3683 474 3779 509 σα·-

360 552 495 606 dam
530 549 762 623 phiala3,
794 549 1091 606 variorum
1143 552 1583 620 unguentorum
1637 545 1829 601 varios
1874 544 2007 599 illos

356 657 504 710 quos
536 640 789 694 diximus
833 637 1129 710 spiritales
1178 654 1370 693 mores
1421 637 1695 690 ferentes.
1746 633 2003 689 Verbum

355 729 511 785 enim
560 729 663 785 Dei
712 733 769 784 et
818 728 1007 783 Patris
1058 744 1173 798 quo
1204 730 1488 798 reguntur
1517 731 1572 780 et
1600 724 2007 796 gubernantur

356 818 647 884 universa,
704 818 762 872 in
820 821 1025 871 sancto
1084 814 1304 887 Spiritu
1364 818 1430 869 ut
1490 810 2000 877 consubstantiali,

350 906 717 978 providentia
774 924 882 961 sua
941 912 1151 960 cuncta
1208 903 1465 975 disponit
1524 909 1581 959 et
1639 903 1995 957 moderatur.

350 1001 543 1067 Atque
573 996 655 1050 ita
684 995 924 1066 quidem
955 1012 1018 1049 se
1048 994 1267 1050 habent
1296 1010 1476 1066 genae.
1515 992 1687 1048 Lubia
1714 992 1830 1063 ejus
1875 992 2000 1046 lilia

350 1084 702 1140 dislillanlia
773 1084 1063 1157 myrrham
1116 1085 1349 1152 plenam
1406 1100 1419 1138 :
1480 1081 1589 1137 hoc
1648 1086 1756 1151 est,
1816 1080 1997 1136 divini

334 1174 549 1243 judicii
618 1174 897 1242 rationes,
958 1174 1083 1244 (per
1162 1189 1309 1243 quas
1378 1170 1637 1227 Verbum
1714 1170 1816 1226 Dei
1893 1169 1995 1225 tri-

347 1264 533 1318 buens
565 1262 723 1334 quod
757 1262 1077 1332 unicuique
1110 1266 1331 1317 naturai
1366 1260 1670 1332 mentique
1701 1259 1993 1331 congruit,

343 1353 513 1423 quasi
570 1352 931 1422 quibusdam
990 1350 1193 1416 labris,
1244 1350 1302 1405 in
1364 1348 1619 1421 singulis
1678 1366 1780 1420 per
1835 1365 1997 1403 com-

342 1441 686 1496 munionem
719 1439 1081 1512 implicatur)
1116 1444 1256 1495 sunt
1298 1440 1609 1511 splendore
1651 1437 1989 1509 perspicuae,

341 1530 497 1586 sicut
528 1530 669 1598 lilia,
703 1532 843 1585 dum
879 1546 1078 1585 rerum
1113 1537 1357 1584 naturas
1388 1545 1490 1599 pro
1541 1545 1650 1583 sua
1696 1543 1993 1599 quamque

340 1621 694 1691 proprietate
726 1620 926 1673 firmas
960 1623 1018 1673 et
1047 1618 1175 1673 sine
1223 1616 1569 1673 confusione
1620 1621 1987 1682 conservant,

342 1710 699 1780 modumque
725 1710 936 1763 docent
967 1708 1149 1762 totius
1201 1705 1671 1763 mortiﬁcationis
1722 1707 1988 1760 omnium

337 1798 695 1866 motionum,
755 1814 858 1869 per
904 1796 1249 1852 electionem
1298 1814 1332 1852 a
1377 1800 1590 1851 natura
1642 1797 1984 1867 discrepan-

334 1888 505 1943 tium.
538 1888 731 1942 Munus
757 1889 913 1943 illius
943 1887 1256 1954 tornatiles,
1281 1901 1492 1953 aureae,
1527 1886 1716 1957 plena:
1742 1884 1981 1940 Tharria.

337 1976 705 2033 Universales
762 1976 1029 2032 videlicet
1075 1992 1269 2031 rerum
1320 1975 1638 2030 effectrices
1694 1975 1983 2029 instaura-

330 2067 622 2137 tricesque
678 2066 935 2122 rationes
989 2068 1143 2136 (quae
1197 2066 1269 2119 ad
1320 2065 1670 2119 creationem
1704 2068 1762 2118 et
1792 2063 1981 2134 provi-

330 2156 591 2211 dentiam
622 2159 681 2210 et
701 2155 998 2225 judicium
1024 2153 1566 2226 pertinent,quibus
1598 2153 1697 2208 Dei
1720 2152 1978 2208 Verbum

330 2248 543 2297 cuncta
568 2241 701 2297 fecit
721 2240 947 2313 etregit
993 2245 1050 2296 et
1101 2240 1229 2296 sine
1277 2239 1621 2295 confusione
1651 2238 1977 2311 conservat)

328 2329 633 2386 tornatiles
664 2336 826 2397 sunt,
854 2336 911 2385 et
950 2330 1106 2384 varia
1142 2329 1330 2401 ipsius
1373 2328 1665 2401 sapientia
1713 2327 1976 2399 expolitae

328 2429 731 2492 purgatasque,
785 2424 849 2474 ut
897 2435 1107 2474 aurum
1147 2419 1441 2474 sincerum
1474 2419 1546 2473 ab
1598 2418 1759 2473 omni
1808 2416 1972 2473 falsi-

327 2513 546 2575 tate;et
600 2515 884 2579 tanquam
942 2508 1212 2576 Tharsis,
1272 2508 1427 2579 quod
1459 2507 1660 2579 gaudii
1710 2512 1973 2562 contem-

321 2597 639 2669 plationem
671 2596 985 2669 signiﬁcat,
1010 2597 1193 2667 plenae
1216 2613 1350 2651 vera
1371 2596 1703 2667 cognitione
1744 2595 1971 2651 bonita-

318 2689 397 2741 tis
418 2689 544 2755 ejus
575 2704 691 2757 qua
726 2686 922 2741 omnia.
961 2686 1251 2741 laetantur.
1308 2686 1549 2741 Bonitas
1580 2684 1735 2741 enim
1781 2688 1973 2740 Graece

321 2776 552 2830 videtur
583 2775 696 2830 dici
729 2793 796 2830 ex
831 2792 918 2843 eo,
967 2776 1123 2845 quod
1170 2773 1335 2829 valde
1384 2774 1482 2842 sit,
1518 2780 1620 2829 aut
1651 2773 1729 2829 sit
1757 2775 1968 2846 posita,

321 2867 423 2916 aut
453 2865 651 2917 currat
706 2866 919 2917 Rerum
963 2862 1119 2917 enim
1168 2862 1428 2917 essentia
1477 2862 1735 2918 declarat
1784 2862 1968 2917 Deum

318 2951 587 3005 essentize
620 2957 933 3021 praestare;
969 2951 1182 3022 positio
1214 2956 1433 3020 autem,
1470 2955 1708 3023 propter
1752 2951 1968 3006 immu-

318 3039 530 3094 tabiles
588 3056 788 3095 earum
849 3040 1126 3109 rationes,
1169 3044 1437 3095 naturam
1492 3040 1678 3112 ipsius
1728 3057 1970 3112 prorsus

316 3126 679 3182 immobilem
717 3145 729 3182 :
767 3145 977 3184 cursus
1008 3144 1140 3184 vero
1172 3143 1275 3199 per
1298 3132 1537 3183 mutuas
1570 3127 1802 3182 illarum
1834 3145 1966 3183 suc-

2119 541 2435 617 φηνίζοντες
2468 540 2597 596 αὐτὸ
2627 541 2763 595 κατὰ
2791 541 2890 610 τήν
2948 541 3153 596 τούτων
3212 540 3503 617 ἐνέργειαν)
3552 541 3773 614 πεπλή-

2117 652 2317 707 ρωνται
2365 635 2463 685 τοῦ
2530 628 2923 700 εὐωδιάζοντος
2988 636 3108 695 ταῖς
3179 630 3404 691 οἰκείαις
3489 630 3775 709 ἐνεργείαις

2113 722 2207 783 τὰς
2272 725 2378 775 τῶν
2434 725 2637 775 πιστῶν
2698 721 2877 795 ψυχας
2926 720 3193 798 παναγίου
3265 719 3619 794 Ηνεύματοςο
3678 724 3771 777 οἷά

2111 832 2252 873 τινες
2284 808 2707 889 ἀρωματοφόροι
2738 808 2950 887 φιάλαι,
2983 810 3345 885 προφέροντες
3402 811 3475 874 ὡς
3532 817 3768 868 παντοῖα

2115 900 2386 975 μυρεψικὰ
2414 897 2523 970 ἤδη
2555 900 2681 961 τοὺς
2728 898 3046 973 εἰρημένους
3096 896 3407 963 πολυειδεῖς
3465 922 3763 974 πνευματι-

2109 990 2239 1054 κοὺς
2284 990 2542 1063 τρόπους.
2606 989 2703 1043 Καὶ
2768 989 2871 1064 γὰρ
2931 990 2959 1043 6
3018 989 3229 1044 πάντων
3289 992 3603 1066 προνοητής
3663 996 3762 1047 τοῦ

2109 1078 2242 1133 Θεοῦ
2272 1080 2360 1134 καὶ
2392 1079 2603 1150 ΙΙατρὸς
2638 1078 2811 1154 Λόγος
2844 1077 2894 1132 έν
2928 1079 3070 1154 ἁγίῳ
3114 1078 3384 1151 ΙΙνεύματι
3444 1079 3516 1137 ὡς
3564 1081 3765 1153 ὁμοθυ-

2109 1167 2229 1241 σίῳ,
2287 1168 2386 1237 τὴν
2446 1167 2569 1242 περὶ
2626 1166 2799 1222 πάντα
2855 1166 3097 1222 ἐπιτελεῖ
3150 1167 3433 1244 πρόνοιαν.
3472 1169 3570 1225 Καὶ
3614 1168 3761 1225 οὕτω

2109 1258 2205 1331 μὶν
2266 1258 2321 1312 αἱ
2377 1256 2646 1332 σιαγόνες.
2707 1258 2781 1311 Τὰ
2842 1254 2899 1311 δὲ
2954 1254 3119 1332 χείλη
3182 1256 3346 1312 αὐτοῦ
3411 1258 3587 1334 κρίνα,
3630 1262 3758 1315 στά-

2106 1352 2265 1417 ζοντα
2349 1347 2587 1424 σμύρναν
2675 1345 2890 1421 πλήρη.
2979 1348 3163 1414 "Ihm,
3209 1352 3309 1416 τῆς
3394 1349 3516 1423 περί
3582 1349 3759 1404 πάντα

2105 1433 2246 1498 θείας
2302 1433 2531 1511 κρίσεως
2585 1434 2637 1487 oi.
2695 1430 2873 1509 λόγοι,
2932 1440 3049 1497 καθ’
3107 1432 3199 1496 οὓς
3232 1435 3258 1488 6
3290 1438 3384 1488 τοῦ
3416 1438 3548 1489 Θεοῦ
3581 1435 3760 1512 Λόγος

2103 1520 2372 1596 διανέμων
2406 1524 2598 1596 ἑκάστῃ
2628 1522 2780 1601 φύσει
2826 1522 2915 1576 καὶ
2971 1522 3162 1598 γνώμῃ
3220 1523 3286 1577 τὰ
3337 1522 3645 1601 πρόσφορα,
3680 1523 3757 1588 ὥς

2098 1633 2205 1666 τισι
2238 1610 2449 1687 χείλεσι
2479 1610 2695 1676 τούτοις
2725 1611 2950 1678 ἑκάστην
3011 1611 3185 1667 αὐτῶν
3234 1613 3401 1667 οἱονεὶ
3443 1614 3579 1669 κατᾶ
3625 1636 3754 1688 μετ-

2100 1703 2241 1777 οχὴν
2326 1701 2763 1776 περιπτύσσεται,
2842 1700 3150 1777 ὑπάρχουσι
3231 1705 3299 1776 τῇ
3396 1699 3752 1778 λαμπρότητι

2101 1788 2372 1869 διαφανεῖς
2459 1791 2531 1852 ιὶς
2617 1789 2792 1866 κρίνα,
2851 1788 3141 1866 τηροῦντες
3224 1792 3320 1855 τὰς
3377 1793 3497 1855 καθ’
3548 1787 3750 1849 ἕκαστα

2096 1880 2278 1957 φύσεις
2335 1880 2472 1935 κατὰ
2534 1878 2662 1943 τοὺς
2714 1877 2885 1941 ἰδίους
2947 1879 3121 1935 αὐτῶν
3183 1879 3382 1955 λόγους
3449 1880 3749 1958 ἀτρέπτους

2094 1971 2179 2023 καὶ
2232 1968 2597 2045 ἀσυγχύτους,
2630 1968 2719 2023 καὶ
2774 1966 3113 2032 διδάσκοντες
3166 1969 3293 2033 τοὺς
3350 1966 3585 2047 τρόπους
3642 1978 3746 2042 τῆς

2090 2056 2388 2119 παντελοῦς
2443 2060 2757 2133 νεκρώσεως
2815 2063 2999 2112 πασῶν
3048 2063 3157 2113 τῶν
3215 2059 3351 2114 κατᾶ
3425 2060 3739 2137 προαίρεσιν

2089 2148 2235 2222 παρὰ
2309 2146 2465 2225 φύσιν
2550 2149 2853 2218 κινήσεων.
2941 2150 3130 2223 Χεῖρες
3214 2148 3379 2203 αὐτοῦ
3451 2150 3741 2226 τορευταῖ,

2089 2242 2311 2313 χρυσαῖ,
2366 2234 2799 2313 πεπληρωμέναι
2854 2236 3066 2313 Θαρσίς.
3110 2239 3330 2312 ’ῙΙγουν,
3392 2238 3444 2293 οἱ
3501 2238 3743 2303 καθόλου

2086 2324 2367 2397 ποιητικοί
2400 2325 2487 2380 καὶ
2520 2326 2871 2381 ἀνανεωτικοὶ
2902 2332 3008 2381 τῶν
3041 2323 3209 2381 ὅντων
3242 2325 3423 2403 λόγοι,
3445 2329 3495 2383 οἱ
3516 2332 3614 2395 τῆς
3649 2328 3743 2402 δη-

2089 2416 2402 2491 μιουργίας,
2435 2416 2601 2495 φημὶ,
2633 2416 2722 2471 καὶ
2753 2424 2854 2487 τῆς
2884 2416 3166 2493 προνοίας,
3199 2418 3288 2473 καὶ
3336 2422 3436 2485 τῆς
3482 2420 3740 2496 κρίσεως,

2083 2507 2201 2569 καθ’
2234 2504 2324 2559 οὖν
2386 2506 2454 2561 τὰ
2507 2507 2681 2561 πάντα
2714 2507 2741 2560 ὁ
2788 2510 2885 2561 τοῦ
2941 2510 3071 2561 Θεοῦ
3132 2506 3303 2583 Λόγος
3358 2509 3625 2580 πεποιηκέ
3681 2531 3738 2566 τε

2082 2594 2172 2649 καὶ
2241 2593 2489 2671 διεξάγει,
2545 2597 2631 2649 καὶ
2706 2592 2912 2671 ἄφυρτα
2995 2601 3267 2668 συντηρεῖ,
3325 2598 3735 2671 τετορνευμένοι

2080 2683 2138 2737 τέ
2194 2683 2297 2738 εἷ’σι
2481 2682 2708 2758 ποικίλῃ
2765 2684 2928 2739 αὐτοῦ
2987 2684 3167 2761 σοφίᾳ,
3202 2687 3291 2740 καὶ
3346 2688 3731 2763 καθαρεύοντες

2086 2773 2179 2845 μὲν
2211 2774 2298 2827 οἷα
2329 2774 2534 2848 χρυσὸς
2564 2768 2865 2843 ἀκίϐδηλος
2895 2774 3072 2843 πάσης
3121 2773 3331 2837 ἐννοίας
3372 2773 3626 2851 ψευδοῦς,
3659 2778 3734 2841 ὡς

2082 2859 2138 2916 δὲ
2195 2866 2291 2916 τοῦ
2350 2862 2545 2937 Θαρσῖς
2622 2862 2947 2934 (ἐπισκοπῆς
3015 2868 3190 2938 χαρᾶς
3249 2863 3728 2941 ἓρμηνευομένου),

2080 2949 2515 3027 πεπληρωμένοι
2565 2950 2804 3021 ἀληθοῦς
2856 2954 3253 3023 κατανοήσεως,
3287 2959 3387 3023 τῆς
3444 2956 3511 3009 τὰ
3560 2953 3731 3011 πάντα

2081 3039 2474 3117 εύφραινούσης
2561 3040 2893 3115 ἆγαθότητος
2976 3041 3161 3110 αὐτοῦ,
3213 3041 3730 3119 ἐτυμολογουμένης

2078 3130 2225 3205 παρᾶ
2274 3131 2335 3184 τὸ
2395 3125 2521 3206 ἄγαν
2580 3130 2736 3201 εἶναι,
2794 3131 2829 3199 ἢ
2881 3130 3233 3199 τεθεῖσθαι,ἣ
3294 3133 3453 3196 θέειν.
3506 3134 3582 3191 Τὸ
3635 3135 3728 3207 μὲν

314 3220 630 3287 cessiones,
664 3221 892 3272 motum
928 3217 1057 3288 ejus
1105 3220 1237 3271 actu
1289 3217 1737 3288 sempiternum.
1779 3218 1967 3272 Venter

2084 3218 2171 3295 γὰρ
2206 3218 2475 3272 εἶναιτῶν
2529 3214 2724 3289 ὄντων,
2756 3218 2817 3273 τὸ
2869 3218 3139 3295 ὑπερεῖναι
3186 3223 3282 3273 τοῦ
3331 3225 3464 3277 Θεοῦ
3524 3219 3727 3292 δηλοῖ·

314 3307 432 3373 eius
461 3307 617 3376 piris
661 3307 889 3377 exigua,
939 3306 1204 3376 eburnea,
1240 3321 1407 3376 super
1456 3305 1647 3376 lapide
1684 3306 1965 3376 sapphiro.

312 3395 453 3464 Ejus
486 3393 768 3449 nimirum
802 3395 1090 3465 sapientia
1138 3411 1266 3464 quae
1304 3394 1361 3448 in
1394 3410 1456 3448 se
1501 3394 1632 3465 ipsa
1678 3400 1968 3464 quatenus

321 3500 499 3539 causa
527 3484 677 3555 gerit
725 3484 979 3538 rationes
1031 3499 1229 3538 rerum
1271 3483 1608 3538 subvectum
1660 3483 1837 3539 habet
1866 3502 1969 3557 per

321 3573 641 3628 essentiam
672 3590 740 3628 ea
774 3590 902 3644 quae
940 3573 1191 3628 visibilis
1222 3576 1379 3639 sunt,
1434 3578 1499 3628 ut
1546 3572 1801 3644 lapidem
1836 3592 1966 3645 sap-

320 3662 557 3734 phirum
608 3667 843 3734 propter
891 3662 1233 3717 ﬁrmitatem
1281 3667 1456 3732 atque
1494 3660 1963 3719 immobilitatem

317 3751 688 3823 coloremque
767 3749 1116 3805 caeruleum.
1194 3749 1303 3805 Per
1390 3750 1681 3805 actionem
1766 3754 1962 3808 autem

318 3841 612 3913 descripta
643 3843 734 3895 est
788 3840 846 3894 in
898 3840 1073 3894 rebus
1128 3840 1470 3910 procreatis,
1532 3856 1634 3910 per
1682 3856 1830 3911 quas
1877 3842 1962 3897 uti

315 3930 462 3985 liber
493 3930 733 4002 quidam
774 3930 1089 3995 eburneus,
1138 3929 1358 4000 politus
1390 3934 1447 3984 et
1478 3947 1662 4001 purus
1703 3930 1959 3987 divinam

313 4019 698 4091 tumgloriam
722 4023 847 4073 tum
871 4018 1362 4088 magnificentiam
1382 4035 1512 4074 vere
1535 4020 1962 4092 perspicueque

313 4113 706 4180 repraesentat.
740 4109 1059 4164 Invisibilia
1087 4110 1234 4164 enim
1258 4109 1432 4180 ipsius
1463 4118 1769 4164 acreatura
1797 4128 1960 4166 mun-

311 4197 370 4253 di
393 4214 494 4269 per
521 4213 587 4253 ea
612 4214 729 4269 quae
758 4199 914 4269 facta
951 4200 1097 4267 sunt,
1141 4198 1423 4253 intellecta
1452 4200 1869 4269 conspiciuntur
1893 4200 1958 4264 ³⁸,

314 4294 378 4343 ut
412 4304 661 4360 magnus
684 4288 766 4343 ait
792 4287 1128 4358 Apostolus.
1162 4293 1352 4358 Atque
1377 4287 1483 4342 hoc
1515 4287 1753 4358 quidem
1789 4288 1960 4344 modo

309 4395 477 4434 mens
498 4395 566 4433 ex
598 4377 669 4431 iis
703 4394 830 4448 quae
879 4378 951 4432 de
1006 4377 1122 4432 Deo
1177 4393 1279 4447 per
1326 4376 1455 4447 ejus
1488 4393 1661 4447 opera
1694 4394 1958 4449 compre-

307 4467 956 4535 henduntur,cernitid
983 4467 1136 4539 quod
1163 4484 1265 4537 per
1312 4466 1628 4521 essentiam
1671 4467 1800 4534 eius
1843 4485 1957 4523 non

2076 3307 2136 3360 τὸ
2187 3304 2244 3361 δὲ
2290 3310 2581 3376 τεθεῖσθαι,
2616 3307 2831 3361 πάντως
2885 3304 2954 3360 δι’
3000 3308 3294 3380 ἀτρέπτους
3350 3309 3476 3373 τοὺς
3519 3309 3728 3367 τούτων

2078 3395 2282 3470 λόγους
2315 3396 2446 3451 εἶναι
2476 3395 2538 3450 τὸ
2566 3394 2765 3451 τούτου
2793 3396 2908 3450 κατ’
2940 3395 3118 3450 οὐσίαν
3152 3398 3373 3470 πάμπαν
3428 3397 3716 3469 ἀκίνητον*

2074 3486 2136 3540 τὸ
2169 3483 2226 3540 δὲ
2257 3486 2392 3539 θέειν
2427 3480 2641 3555 δηλαδὴ
2672 3490 2791 3546 ταῖς
2820 3483 2870 3555 ἐξ
2902 3483 3169 3556 ἀλλήλων
3219 3492 3475 3551 κινεῖσθαι
3534 3484 3721 3543 διαδο-

2076 3580 2204 3649 χαῖς
2266 3574 2327 3628 τὸ
2389 3575 2505 3628 κατ’
2564 3571 2833 3649 ἐνέργειαν
2889 3571 3050 3629 αὐτοῦ
3133 3575 3461 3645 ἀεικίνητον.
3521 3576 3722 3634 Κοιλία

2073 3663 2238 3719 αὐτοῦ
2324 3661 2552 3733 πυξίον,
2634 3660 2978 3738 ἐλεφάντινον
3078 3662 3166 3717 ἐπὶ
3249 3661 3405 3719 λίθου
3492 3666 3717 3745 σαπφεί-

2074 3771 2193 3827 ρουο
2229 3749 2546 3821 δηλονότιὴ
2590 3752 2822 3826 φέρουσα
2874 3749 2924 3805 ἐν
2977 3751 3143 3824 ἑαυτῇ
3195 3754 3312 3807 κατ’
3359 3753 3534 3809 αἶ’τίαν
3592 3755 3722 3819 τοὺς

2072 3845 2178 3895 τῶν
2230 3836 2398 3894 ὄντων
2456 3839 2658 3914 λόγους
2712 3840 2909 3895 τούτου
2969 3840 3151 3918 σοφία,
3205 3842 3559 3917 ὑποκείμενον
3624 3846 3719 3918 μὶν

2073 3924 2190 4005 ἔχει
2220 3931 2335 3984 κατ’
2369 3928 2553 3983 οὐσίαν
2586 3930 2652 3983 τὰ
2685 3930 2886 4003 ἀόρατα
2916 3928 3101 4001 αὐτοῦ,
3135 3932 3225 3985 οἷα
3283 3930 3437 3996 λίθον
3490 3936 3722 4013 σάπφει-

2072 4038 2164 4093 ρον
2200 4016 2288 4074 ὃιά
2314 4040 2372 4073 τε
2399 4019 2460 4072 τὸ
2493 4017 2712 4094 στερρὸν
2742 4018 2831 4072 καὶ
2862 4018 3134 4089 ἀκίνητον,
3166 4021 3256 4074 καὶ
3311 4022 3373 4075 τὸ
3420 4026 3517 4077 τοῦ
3567 4024 3722 4098 χρώ-

2075 4129 2245 4181 ματος
2294 4106 2505 4164 κυανόν.
2568 4108 2955 4183 Ἐγγέγραπται
3021 4105 3078 4163 δὲ
3150 4112 3267 4164 κατ’
3325 4108 3591 4187 ἐνέργειαν
3650 4117 3719 4187 τῇ

2070 4197 2261 4263 κτίσει,
2293 4198 2408 4251 καθ’
2438 4198 2498 4266 ἣν
2542 4195 2631 4250 οἷά
2683 4217 2764 4259 τις
2824 4192 3017 4271 βίϐλος
3077 4195 3395 4275 ἐλεφαντίνη
3455 4198 3575 4255 λεία
3630 4201 3719 4257 καὶ

2068 4286 2277 4360 καθαρὰ
2306 4286 2403 4354 τὴν
2438 4285 2581 4349 θείαν
2616 4282 2769 4355 δόξαν
2810 4306 2866 4340 τε
2913 4286 3001 4340 καὶ
3058 4285 3532 4364 μεγαλοπρέπειαν
3574 4290 3720 4360 ἀληο

2072 4379 2180 4439 θῶς
2235 4395 2294 4429 τε
2350 4375 2440 4428 καὶ
2501 4371 2782 4448 ἀριδῆλως
2838 4375 3152 4448 παρίστησι.
3211 4377 3290 4432 Τὰ
3349 4379 3452 4453 γὰρ
3516 4379 3721 4454 ἀόρατα

2072 4463 2234 4517 αὐτοῦ
2318 4463 2423 4517 ἀπὸ
2508 4462 2732 4524 κτίσεως
2786 4459 2999 4536 κόσμου
3082 4470 3201 4527 τοῖς
3285 4468 3557 4539 ποιήμασι
3632 4468 3715 4521 έν-

307 4561 497 4626 potest
519 4554 957 4627 comprehendi.
1011 4558 1073 4610 In
1108 4571 1173 4609 eo
1207 4559 1400 4609 autem
1436 4555 1589 4625 quod
1626 4571 1726 4624 per
1756 4571 1955 4610 essen-

2084 4552 2333 4624 νοούμενα
2389 4552 2702 4625 καθορᾶται,
2751 4552 2887 4607 κατᾶ
2959 4553 3051 4608 τὸν
3124 4553 3286 4630 μέγαν
3343 4554 3711 4613 Ἀπόστολονο

303 4647 446 4702 tiam
480 4664 595 4702 non
627 4644 1163 4717 comprehenditur,
1187 4661 1221 4699 a
1252 4643 1448 4699 labore
1479 4660 1653 4714 quem
1685 4643 1742 4697 in
1780 4661 1954 4699 cursu

304 4736 649 4808 speculandi
710 4733 977 4807 percipit,
1033 4733 1348 4804 requiescit
1388 4750 1400 4787 :
1454 4733 1586 4800 (Qui
1614 4732 1771 4788 enim
1803 4733 1959 4788 addit

302 4828 617 4896 scientiam,
646 4825 803 4881 addit
832 4824 1158 4894 dolorem")
1203 4823 1702 4892 conﬁrmaturque
1751 4840 1958 4878 rursus

305 4916 375 4969 ad
410 4931 605 4969 rerum
639 4913 1216 4985 contemplationem.
1269 4912 1775 4978 Quemadmodum
1827 4910 1956 4967 albo

306 5002 496 5057 colore
527 5003 791 5075 corporis
813 5002 981 5057 oculo
1014 5000 1353 5056 videndivis
1386 5000 1697 5071 frangitur,
1721 5001 1956 5055 eadem-

307 5107 424 5161 qua
445 5107 680 5145 rursum
713 5108 817 5163 per
848 5107 980 5146 eum
1007 5090 1172 5161 nigro
1197 5089 1545 5161 permistum
1597 5087 1856 5143 reficitur
1900 5093 1958 5143 et

306 5182 622 5233 recreatur.
653 5182 731 5234 Ac
769 5188 969 5235 venter
991 5180 1226 5250 quidem
1253 5181 1338 5232 est
1371 5176 1528 5232 talis.
1564 5175 1739 5232 Crura
1760 5182 1955 5232 autem

305 5269 462 5323 illius
489 5268 759 5324 columnae
808 5284 1158 5334 marmorea,
1192 5283 1315 5340 qua?
1342 5267 1589 5339 fundatae
1616 5274 1746 5321 sunt
1792 5282 1958 5337 super

302 5359 453 5414 bases
482 5373 704 5413 aureas.
736 5359 857 5413 Duo
886 5358 1187 5428 vedelicet,
1221 5375 1458 5414 summa
1488 5361 1545 5413 et
1575 5374 1701 5428 quae
1735 5355 1956 5426 reliqua

301 5446 797 5519 complectuntur,
830 5445 988 5502 illius
1048 5448 1350 5518 mandata,
1386 5451 1450 5502 ut
1493 5463 1628 5503 eum
1676 5448 1735 5501 et
1762 5444 1952 5516 proxi-

370 5664 415 5704 ⁵⁸
446 5663 615 5723 Rom.
648 5680 689 5738 ι,
714 5662 804 5721 20.
880 5661 926 5701 ⁸⁸
952 5660 1142 5721 Eoole.
1175 5677 1215 5736 ι,
1247 5662 1337 5719 18.

2067 4640 2154 4695 καὶ
2198 4640 2639 4715 τοιουτοτρόπως
2682 4641 2710 4695 ὁ
2741 4646 2863 4702 νοῦς
2923 4640 2974 4696 ἐν
3031 4642 3124 4714 μἐν
3162 4648 3243 4716 τῷ
3290 4651 3400 4699 κατ’
3450 4644 3712 4721 ἐνέργειαν

2065 4734 2161 4783 τοῦ
2192 4729 2348 4784 Θείου
2375 4727 2731 4800 καταληπτῷ,
2766 4730 2866 4803 ὁρᾷ
2894 4730 2957 4784 τὸ
3003 4732 3120 4785 κατ’
3153 4730 3335 4786 οὐσίαν
3387 4734 3550 4788 αὐτοῦ
3585 4733 3716 4789 ἀκα-

2065 4817 2376 4887 τάληπτον·
2414 4817 2464 4873 ἐν
2527 4815 2584 4872 δὲ
2639 4821 2718 4889 τῷ
2768 4820 2885 4873 κατ’
2921 4818 3103 4873 οὐσίαν
3159 4819 3528 4896 ἀκαταλήπτῳ
3586 4823 3715 4877 ἀνα-

2068 4906 2290 4962 παύεται
2329 4907 2422 4981 μὶν
2468 4912 2564 4961 τοῦ
2598 4906 2648 4962 ἰν
2675 4910 2755 4979 τῷ
2794 4908 2931 4961 κατὰ
2989 4906 3218 4982 θεωρίαν
3275 4906 3465 4985 δρόμῳ
3516 4908 3715 4988 ἄλγους

2067 4998 2150 5070 (Ὀ
2209 4996 2312 5070 γάρ
2367 4995 2675 5071 προστιθεὶς
2732 5000 2949 5071 γνῶσιν,
3006 4997 3360 5070 προστίθησιν
3445 4997 3713 5075 ἄλγημα),

2067 5082 2453 5158 ἐνδυναμοῦται
2487 5082 2544 5139 δέ
2568 5106 2686 5147 πως
2716 5083 2882 5139 πάλιν
2910 5085 3045 5159 πρὸς
3098 5086 3322 5161 θεωρίαν
3372 5093 3479 5143 τῶν
3523 5085 3711 5145 ὄντων.

2063 5178 2266 5247 ’Ὠσπερ
2296 5179 2389 5228 καῖ
2421 5175 2448 5228 6
2479 5172 2738 5243 αἶ’σθητὸς
2768 5173 3052 5247 ὀφθαλμὸς
3106 5175 3369 5247 ἀτονήσας
3417 5179 3516 5247 τὴν
3566 5174 3715 5252 ὄψιν,

2066 5261 2411 5339 διαχυθεῖσαν
2461 5267 2540 5335 τῷ
2584 5262 2764 5335 λευκῷ
2793 5263 3073 5337 χρώματι,
3106 5261 3259 5328 αὖθις
3317 5266 3713 5336 ἀνακαινίζεται

2063 5354 2181 5407 κατ’
2210 5351 2400 5421 αὐτὴν,
2430 5350 2871 5425 συστελλομένην
2925 5355 2994 5427 τῇ
3038 5353 3341 5428 παραμιξίᾳ
3394 5358 3493 5410 τοῦ
3552 5353 3715 5429 μέλα-

2062 5463 2176 5504 νος.
2211 5441 2315 5497 Καὶ
2361 5440 2394 5511 ἠ
2426 5441 2521 5514 μὶν
2552 5438 2740 5496 κοιλία
2780 5438 3029 5513 τοιαύτη.
3061 5442 3135 5499 Ai
3176 5439 3233 5496 δὲ
3282 5449 3489 5518 κνῆμαι
3550 5441 3715 5499 αὐτοῦ
