4040 6146
280 355 400 415 649

281 480 473 539 στόλοι

281 578 512 650 χρυσᾶς·
575 572 771 648 ἤγουν,
832 573 888 627 αἱ
936 571 1175 628 καθόλου
1227 573 1318 628 καὶ
1365 579 1472 628 τῶν
1528 571 1713 628 ἄλλων
1747 576 1930 627 πασῶν

285 661 677 738 περιληπτικαί
713 659 807 717 δύο
839 661 1075 718 ἐντολαί·
1118 663 1151 731 ἠ
1205 661 1279 725 ετς
1311 661 1470 717 αὐτὸν
1503 659 1719 732 δηλαδη
1747 662 1932 737 ἀγάπη

286 755 376 810 καὶ
408 754 482 816 εἱς
527 753 618 808 τὸν
669 751 907 824 πλησίον
964 754 1066 826 (οἷς
1127 751 1285 814 αὐτὸς
1345 753 1373 807 6
1430 755 1524 807 τοῦ
1579 756 1712 807 Θεοῦ
1767 751 1938 826 Λόγος

293 845 384 900 οἷά
407 864 515 900 τισι
546 844 805 916 κνήμαις,
862 841 914 896 ἐν
944 846 1063 904 ταῖς
1116 846 1336 903 πισταῖς
1374 840 1545 918 βαίνει
1587 844 1812 917 ψυχαῖς,
1846 841 1936 896 καὶ

294 935 384 990 τὸν
439 931 639 1009 δρόμον
707 930 758 986 ἐν
835 931 1053 994 ταύταις
1109 936 1346 988 ποιεῖται
1403 932 1539 986 κατὰ
1593 936 1789 1006 γνῶσιν
1849 930 1936 986 καὶ

291 1024 528 1099 ἀρετὴν),
600 1023 690 1078 οἷά
743 1041 885 1084 τινες
944 1019 1134 1075 στύλοι
1197 1021 1529 1098 μαρμάρινοι
1588 1024 1657 1094 τῇ
1715 1019 1941 1097 ἀρῥαγεῖ

290 1112 488 1180 πίστει,
547 1113 636 1167 καὶ
691 1115 772 1184 τῷ
829 1111 1067 1188 λαμπρῷ
1125 1110 1228 1186 βίῳ
1287 1109 1712 1186 ὑπερανέχουσαι
1780 1109 1936 1164 αὐτὸν

285 1203 380 1259 τὸν
438 1199 824 1274 πιστευόμενον
877 1199 1076 1276 Λόγον⁶
1137 1197 1274 1254 ὣστε
1334 1201 1410 1273 μὴ
1445 1197 1516 1254 δι’
1543 1201 1691 1273 ἡμᾶς
1720 1200 1783 1254 τὸ
1815 1194 1937 1254 ὅνο-

292 1313 368 1365 μα
419 1290 584 1346 αὐτοῦ
658 1287 1014 1345 καταπίπτειν
1073 1288 1150 1353 εἷς
1202 1288 1264 1344 τὸ
1329 1288 1764 1364 βλασφημεῖσθαι
1821 1293 1939 1351 τοῖς

287 1378 512 1452 ἔθνεσιν,
591 1375 968 1452 ἡδραιωμέναι
1041 1376 1176 1433 sio-iv
1255 1378 1330 1440 ὡς
1388 1377 1477 1432 ἐπί
1539 1398 1649 1431 τισι
1708 1383 1939 1453 χρυσαῖς

290 1469 478 1546 βάσεσι
531 1471 601 1542 τῇ
661 1466 896 1538 ἀληθείᾳ
949 1488 1008 1521 τε
1054 1467 1146 1521 καὶ
1207 1465 1413 1541 ἀγαθῷ,
1473 1469 1560 1527 οἷς
1615 1463 1794 1521 διὰτὸ
1825 1467 1942 1521 κατ’

284 1557 472 1612 οὐσίαν
532 1555 796 1631 ἄτρεπτον
852 1557 943 1611 καὶ
998 1556 1060 1611 τὸ
1119 1557 1234 1610 κατ’
1293 1553 1558 1631 ἐνέργειαν
1593 1553 1939 1632 ἐνεργητικὸν

280 1649 353 1704 τὸ
395 1652 548 1703 Θεῖον
624 1645 910 1718 δηλοῦται,
989 1644 1019 1699 ὅ
1093 1646 1270 1716 πάσης
1346 1645 1650 1720 ὑπέρκειται
1708 1644 1939 1722 φύσεως.

283 1736 446 1796 Μετᾶ
497 1740 626 1814 γοῦν
683 1736 782 1804 τὴν
833 1735 970 1790 κατὰ
1031 1735 1193 1809 μέρος
1255 1739 1353 1789 τοῦ
1401 1733 1638 1812 νυμφίου
1666 1733 1940 1808 ἐξήγησιν,

280 1823 600 1888 καθολικῶς
668 1822 834 1879 πάλιν
894 1825 928 1893 ἡ
988 1822 1173 1902 ννόμφη
1231 1822 1297 1878 τὰ
1326 1823 1446 1898 περὶ
1483 1822 1646 1877 αὐτοῦ
1676 1821 1944 1898 ἀπαγγέλ-

209 1925 212 1928 ’
284 1913 468 1970 λουσα
520 1919 636 1977 ταῖς
696 1911 1185 1987 μαθητευομέναις,
1236 1911 1419 1987 φησίν·
1480 1908 1637 1973 Εἶδος
1675 1909 1838 1966 αὐτοῦ
1870 1911 1946 1975 ὡς

282 1999 553 2074 Λίϐανος,
630 2003 884 2067 ἐκλεκτὸς
957 2003 1030 2064 ὡς
1094 1998 1305 2075 κέδρος.
1379 2003 1558 2068 Ἣτοι,
1614 2002 1648 2071 ἠ
1707 1999 1944 2076 ἐνέργεια

281 2094 458 2149 αὑτοῦ
513 2093 632 2157 καθ’
688 2094 748 2162 ἣν
804 2091 986 2164 αὐτὸς,
1044 2092 1078 2161 ἠ
1137 2094 1233 2144 τοῦ
1282 2093 1415 2145 Θεοῦ
1458 2091 1546 2144 καὶ
1600 2090 1805 2164 [ἰατρὸς
1861 2089 1945 2144 έν-

284 2182 602 2245 υπόστατος
634 2180 864 2255 δύναμις
922 2179 1402 2256 χαρακτηρίζεται,
1456 2177 1615 2233 πᾶσίν
1671 2178 1780 2233 ἐστι
1831 2176 1946 2233 δια-

282 2273 466 2352 φανὴς
493 2273 582 2327 καὶ
614 2268 948 2340 κατάδηλος,
981 2270 1056 2334 ὡς
1085 2270 1150 2324 τὸ
1206 2264 1332 2344 ὅρος
1392 2269 1420 2322 6
1479 2263 1734 2340 Λίϐανος,
1768 2264 1857 2323 διὰ
1884 2268 1948 2324 τὸ

285 2364 644 2439 ὑπερκεῖσθαι
672 2365 777 2416 τῶν
831 2359 1003 2415 αὐτῶν
1056 2359 1462 2434 παρακειμένων
1497 2358 1660 2434 ὁρῶν.
1721 2358 1798 2414 Τὸ
1845 2356 1946 2433 γὰρ

283 2452 495 2526 ἀγαθὸν
531 2449 561 2506 6'
607 2452 707 2521 τὴν
761 2448 902 2504 θείαν
954 2448 1205 2522 σημαίνει
1259 2446 1550 2524 ἐνέργειαν,
1603 2445 1756 2524 φύσει
1804 2446 1952 2522 παρᾶ

285 2540 455 2596 πᾶσίν
503 2539 644 2596 ἐστιν
693 2539 928 2616 αἱρετὸν,
990 2536 1072 2593 ὅτι
1125 2537 1322 2593 τούτου
1373 2537 1439 2591 τὰ
1495 2538 1668 2591 πάντα
1725 2535 1948 2613 ἐφίεται.

289 2629 494 2706 Διόπερ
557 2629 696 2685 κατά
763 2629 863 2698 τήν
932 2627 1223 2704 εἰρημένην
1288 2625 1549 2702 ἐνέργειαν
1613 2622 1865 2687 ἐκλεκτὸς
1922 2625 1950 2679 ὁ

290 2718 529 2799 νυμφίος
585 2718 725 2773 ἐστὶν
787 2717 893 2772 ἀπὸ
943 2721 1045 2772 τοῦ
1103 2715 1325 2779 σκότους
1361 2712 1516 2778 ὄντος
1564 2713 1653 2770 καῖ
1688 2719 1800 2794 φῶς
1828 2714 1953 2769 ὑπο-

291 2807 644 2884 κρινομένου·
716 2807 896 2882 ὥσπερ
973 2806 1025 2860 οἱ
1077 2802 1291 2880 κέδροις
1364 2805 1812 2880 παρεικαζόμενοι
1869 2801 1952 2858 δί-

291 2918 470 2966 καιοι,
527 2897 633 2952 ἀπὸ
662 2899 769 2950 τῶν
830 2892 1028 2951 ἀδίκων
1089 2894 1179 2948 καὶ
1237 2898 1517 2969 πονηρῶν.
1550 2893 1757 2971 Λάρυγξ
1785 2894 1952 2948 αὐτοῦ

293 2986 641 3062 γΛυκασμὸς,
695 2985 786 3040 καὶ
847 2983 976 3045 ὅλος
1045 2982 1324 3057 ἐπιθυμία.
1387 2984 1616 3059 Ἥγουν,
1666 2985 1700 3053 ἡ
1782 2983 1949 3051 Καινή

297 3076 545 3145 Δεαθήκη
579 3072 648 3129 δι’
696 3075 764 3143 ἧς
797 3073 870 3135 ὡς
903 3069 992 3127 διά
1020 3093 1166 3134 τινος
1215 3071 1489 3150 φάρυγγος
1539 3073 1737 3149 βρῶμα
1785 3075 1956 3126 ποιεῖ-

291 3185 389 3220 ται
415 3165 514 3234 τὴν
546 3168 651 3218 τῶν
682 3162 978 3238 ἀνθρώπων
1012 3160 1308 3236 σωτηρίαν,
1336 3161 1564 3237 γλυκεῖά
1603 3160 1712 3216 ἐστι
1744 3158 1952 3234 τῷέλά-

1327 351 1737 415 COMMENT.
1773 352 1852 412 IN
1897 351 2302 416 CANTICUM
2348 354 2654 416 CANTIC.

587 480 923 559 μαρμάρινοι
1014 479 1477 557 τεθεμελιωμένοι
1572 481 1661 538 ἐπὶ
1753 482 1932 559 βάσεις

2064 502 2209 543 num
2238 487 2558 560 diligamus
2587 487 2829 561 (quibus
2861 489 3056 560 ipsum
3111 488 3208 544 Dei
3258 488 3510 546 Verbum
3559 493 3696 546 tan-

3576 355 3698 417 750

2046 593 2221 646 quam
2254 579 2411 634 binis
2439 579 2710 634 cruribus
2736 577 2795 633 in
2829 578 3138 633 animabus
3162 577 3434 633 fidelibus
3456 578 3693 648 incedit,

2046 671 2104 722 et
2135 683 2237 739 per
2267 668 2577 724 scientiam
2609 673 2785 740 atque
2830 667 3104 722 virtutem
3157 683 3395 722 cursum
3439 667 3697 737 conﬁcit)

2045 755 2221 812 veluti
2269 757 2558 815 columnae
2614 759 2882 830 quaedam
2941 773 3298 824 marmoreae,
3358 757 3529 812 ﬁrma
3583 757 3698 814 ﬁde

2049 851 2105 901 et
2130 847 2250 902 vita
2280 847 2588 919 splendida
2618 848 2914 904 sustinent
2944 847 3141 918 ipsum
3194 848 3441 903 Verbum
3469 866 3484 916 ;
3541 846 3698 918 quod

2049 936 2342 991 creditur:
2379 952 2450 992 ne
2484 940 2720 1008 propter
2749 953 2856 992 nos
2904 952 3099 991 nomen
3149 937 3279 1006 ejus
3328 952 3394 991 eo
3443 935 3699 1003 decidat,

2049 1030 2115 1080 ut
2145 1027 2294 1081 inter
2322 1031 2506 1097 gentes
2556 1027 2960 1098 blasphemetur
2987 1026 3051 1080 ⁸ο,
3084 1025 3357 1080 Ριιηόοίοε
3409 1030 3549 1081 sunt
3596 1042 3699 1082 su-

2050 1131 2153 1188 per
2183 1116 2353 1171 bases
2383 1131 2610 1182 aureas,
2662 1132 2865 1170 verum
2912 1119 2967 1170 et
3012 1115 3257 1182 bonum,
3309 1114 3526 1185 quibus
3575 1122 3699 1170 tum

2051 1208 2285 1276 propter
2305 1203 3104 1274 naturaeimmutabilitatem,
3145 1208 3268 1258 tum
3303 1207 3540 1276 propter
3566 1220 3700 1275 pro-
3778 1251 3794 1266 .

2052 1294 2309 1349 merendi
2345 1294 2767 1366 benignitatem
2801 1292 3128 1349 declaratur
3156 1293 3330 1363 Deus,
3353 1292 3454 1364 qui
3478 1297 3700 1348 natura:

2051 1386 2285 1454 praestat
2315 1382 2621 1438 universa).
2652 1382 2969 1455 Postquam
3001 1381 3180 1454 igitur
3201 1399 3417 1454 sponsa
3433 1381 3700 1452 singulas

2051 1471 2252 1544 sponsi
2285 1475 2480 1543 partes
2530 1472 2818 1544 expressit
2875 1471 3241 1541 summatim,
3290 1471 3504 1526 iterum
3552 1469 3700 1525 illud

2051 1561 2358 1632 discipulis
2390 1561 2750 1628 describens,
2810 1561 3062 1632 Species,
3122 1560 3337 1632 inquit,
3393 1560 3543 1631 ejus,
3599 1574 3704 1632 per

2051 1666 2224 1722 quem
2258 1649 2358 1705 Dei
2390 1654 2446 1706 et
2475 1650 2662 1706 Patris
2722 1649 3243 1705 consubstantialis
3292 1649 3554 1722 potentia
3605 1664 3703 1703 ex-

2051 1739 2346 1811 primitur,
2380 1740 2655 1794 omnibus
2706 1743 2794 1794 est
2840 1739 3091 1795 illustris
3138 1743 3314 1810 atque
3360 1737 3700 1809 conspicua,

2052 1829 2136 1884 uti
2172 1846 2337 1885 meus
2368 1829 2646 1900 Libanus,
2666 1831 2764 1900 qui
2788 1828 2941 1883 inter
2961 1828 3183 1883 vicinos
3206 1831 3437 1882 montes
3457 1827 3698 1882 eminet.

2054 1919 2278 1973 Bonum
2314 1919 2470 1973 enim
2505 1919 2658 1989 quod
2689 1918 2808 1972 vim
2842 1917 3098 1973 divinam
3131 1916 3440 1987 signiﬁcat,
3475 1915 3547 1972 ab
3569 1931 3701 1971 0m-

2055 2007 2229 2062 nibus
2260 2006 2518 2079 cligitur,
2547 2007 2825 2079 quoniam
2883 2006 3026 2061 illud
3078 2010 3354 2077 expetunt
3400 2005 3695 2062 universa.

2055 2096 2465 2166 Quamobrem,
2499 2113 2600 2167 per
2629 2101 2846 2166 actum,
2903 2100 2965 2150 ut
3013 2095 3292 2161 diximus,
3347 2093 3566 2150 electus
3613 2099 3704 2151 est

2057 2202 2332 2256 pensus,
2366 2190 2422 2240 et
2452 2201 2483 2239 a
2507 2185 2764 2240 tenebris
2797 2202 2923 2268 quae
2944 2183 3135 2239 lucem
3160 2201 3222 2239 se
3243 2200 3372 2240 esse
3395 2184 3703 2254 simulant,

2058 2274 2416 2330 secernitur:
2451 2277 2515 2328 ut
2544 2273 2734 2329 cedris
2767 2273 3074 2328 assimilati
3120 2273 3294 2343 justi,
3345 2274 3416 2327 ab
3468 2273 3708 2344 injustis

2060 2369 2116 2419 et
2147 2362 2453 2435 improbis.
2488 2363 2685 2418 Guttur
2714 2360 2880 2417 illius
2911 2361 3152 2431 dulcedo,
3201 2366 3251 2416 et
3301 2365 3441 2417 totus
3487 2361 3709 2418 deside-

2059 2453 2228 2506 rium.
2286 2451 2510 2506 Novum
2569 2451 2786 2522 quippe
2843 2455 3308 2516 Testamentum,
3380 2467 3483 2521 per
3555 2451 3712 2521 quod

2057 2545 2340 2612 tanquam
2386 2556 2489 2612 per
2546 2544 2769 2611 guttur,
2832 2539 3029 2594 cibum
3089 2539 3400 2595 constituit
3455 2539 3711 2595 salutem

2059 2629 2390 2695 hominum,
2424 2628 2596 2684 dulce
2622 2633 2712 2683 est
2742 2628 2966 2701 gutturi
2999 2633 3219 2684 nostro.
3256 2627 3334 2682 Ex
3365 2645 3430 2684 eo
3463 2644 3718 2700 namque

2061 2717 2252 2773 dulcis
2283 2721 2486 2772 manat
2515 2717 2586 2772 de
2617 2716 2932 2772 virtutibus
2964 2716 3254 2773 sermonis
3286 2719 3480 2788 potus.
3518 2720 3719 2787 Itaque

2060 2811 2219 2862 totus
2249 2807 2424 2863 etiam
2457 2811 2545 2861 est
2571 2806 2951 2875 desiderium,
2989 2810 3188 2878 utpote
3237 2823 3432 2862 rerum
3485 2806 3716 2878 optabi-

2061 2896 2207 2951 lium
2241 2900 2414 2967 atque
2443 2896 2894 2969 expetendarum
2945 2900 3294 2952 extremum.
3328 2897 3435 2952 Hic
3451 2911 3618 2967 nepos
3641 2903 3720 2952 est

2061 3003 2236 3054 meus,
2259 2993 2308 3041 et
2337 2986 2426 3040 hic
2449 2987 2799 3059 propinquus
2829 3001 3001 3053 meus,
3051 2985 3190 3055 ﬁlia?
3232 2987 3566 3043 Jerusalem.
3611 2985 3717 3041 Hic

2063 3075 2266 3148 utique
2298 3073 2550 3129 dilectus
2602 3079 2691 3129 est
2733 3091 2919 3144 meus,
2978 3075 3146 3145 cujus
3204 3091 3310 3146 ego
3369 3073 3714 3147 singulatim

2065 3169 2238 3234 atque
2269 3163 2327 3218 in
2362 3163 2698 3219 universum
2736 3168 2904 3218 notas
2936 3168 2992 3218 et
3021 3163 3192 3235 signa
3237 3163 3404 3218 vobis
3449 3162 3714 3235 exposui.

290 3274 460 3330 ρυγγι
509 3254 693 3328 ήμῶν,
727 3253 800 3314 ὡς
831 3252 958 3314 τοὺς
989 3247 1142 3322 ἡδεῖς
1175 3250 1265 3305 καὶ
1312 3251 1582 3325 ποτίμους
1611 3248 1812 3326 λόγους
1842 3254 1945 3304 τῶν

2066 3253 2169 3308 Hic
2199 3257 2290 3308 est
2321 3252 2650 3308 declaratus
2683 3252 3049 3324 propinquus
3083 3269 3272 3318 meus,
3323 3269 3452 3323 quas
3509 3253 3581 3306 ad
3629 3252 3719 3323 ip-

289 3344 506 3420 ἆρετῶν
569 3340 864 3419 βλῦζουσα.
917 3341 1077 3398 ’Ὁθεν
1132 3339 1222 3395 καὶ
1274 3338 1405 3402 ὅλος
1470 3339 1730 3413 ἐπιθυμία
1788 3337 1952 3407 ἐστὶν,

289 3434 372 3496 ὡς
429 3431 658 3509 ἔσχατον
719 3431 963 3507 ὀρεκτόν.
1025 3428 1194 3493 Οὗτος
1249 3430 1277 3483 6
1335 3426 1628 3506 ἆδελφιδός
1681 3451 1808 3502 μου,
1864 3430 1956 3486 καὶ

291 3520 457 3584 οὗτος
540 3522 568 3576 6
665 3519 904 3591 πλησίον
1001 3542 1129 3594 μου,
1213 3519 1497 3594 θυγατέρες
1571 3517 1956 3594 Ἰερουσαλήμ.

287 3609 515 3682 Εἵτουν,
574 3610 748 3671 Οὗτος
813 3610 1049 3686 ὑπάρχει
1102 3611 1130 3664 6
1189 3608 1468 3685 ἀγαπητός
1520 3630 1645 3682 μου,
1705 3607 1768 3663 οῦ
1825 3609 1962 3665 κατὰ

294 3701 469 3775 μέρος
525 3720 584 3755 τε
639 3698 730 3754 καὶ
780 3697 1016 3754 καθόλου
1075 3696 1423 3772 ὲξηγησάμην
1484 3697 1612 3770 ὖμῖν
1663 3697 1961 3773 τὰγνωρί-

291 3808 500 3863 σματα.
537 3786 636 3843 Καὶ
687 3785 844 3850 οὗτός
897 3789 1035 3842 ἐστιν
1077 3788 1104 3842 6
1155 3785 1502 3862 χρηματίσας
1546 3784 1785 3854 πλησίον
1832 3808 1964 3858 μου,

2042 3337 2219 3408 "sum,
2255 3344 2320 3395 ut
2348 3342 2648 3397 veritatem
2702 3357 2804 3413 per
2854 3341 3183 3411 scientiam,
3230 3345 3296 3396 ut
3342 3341 3413 3396 ad
3472 3340 3720 3410 bonum,

2068 3448 2170 3502 per
2201 3430 2494 3486 efficacem
2534 3431 2706 3485 ﬁdem
2750 3429 3235 3502 appropinquavi.
3289 3431 3458 3486 Filiae
3498 3431 3722 3486 Jerusa-

2067 3506 2196 3586 lem,
2230 3518 2540 3591 discipulae
2574 3535 2737 3586 meae,
2773 3536 2901 3591 quas
2953 3518 3026 3573 ab
3077 3518 3234 3574 omni
3284 3519 3727 3590 perturbatione

2069 3614 2125 3665 et
2154 3609 2292 3663 vitio
2324 3613 2595 3680 separata
2626 3609 2887 3664 divinam
2917 3625 3117 3680 pacem
3150 3607 3340 3675 video,
3373 3612 3430 3663 et
3459 3607 3724 3665 laetitiam

2072 3699 2142 3753 ab
2174 3698 2333 3753 omni
2367 3697 2804 3769 perturbatione
2836 3703 3143 3768 remotam,
3173 3699 3268 3754 Dei
3299 3697 3582 3754 nimirum
3629 3700 3724 3754 in-

2071 3793 2160 3844 tra
2182 3806 2282 3845 nos
2311 3807 2568 3860 regnum.

296 3877 616 3955 ἐγγισάσης,
647 3875 852 3948 τούτῳ,
882 3875 958 3938 ὡς
995 3876 1089 3948 μὲν
1124 3873 1353 3945 ἀληθείᾳ
1381 3875 1516 3929 κατὰ
1546 3871 1782 3944 ἄληστον
1812 3876 2034 3950 γνῶσιν,
2067 3878 2143 3941 ὡς
2173 3874 2217 3931 δ’
2247 3876 2428 3951 ἀγαθῷ
2456 3877 2574 3930 κατ’
2611 3872 2921 3951 ἔμπρακτον
2968 3877 3171 3933 πίστιν.
3223 3876 3535 3951 Μαθήτριαί
3592 3898 3720 3949 μου,

291 3971 403 4033 τῆς
433 3963 647 4036 ὁρώσης
677 3961 729 4017 ἐν
762 3961 832 4036 τῇ
859 3962 1058 4024 παντὸς
1091 3962 1296 4025 πάθους
1327 3957 1619 4037 ἀπαλλαγῇ
1650 3962 1747 4030 τὴν
1780 3961 1922 4017 θείαν
1953 3962 2199 4039 εἰρήνην,
2231 3964 2321 4018 καὶ
2355 3962 2723 4038 ἆνενόχλητον
2753 3962 3110 4042 εὐφροσύνην,
3154 3961 3371 4025 πάντως
3421 3964 3519 4032 τὴν
3572 3961 3723 4026 ἐντὸς

293 4060 331 4124 ἦ
341 4055 464 4127 μῶν
496 4055 592 4106 τοῦ
623 4055 756 4106 Θεοῦ
787 4047 1086 4127 βασιλείαν.

1012 4153 1240 4212 Ψελλοῦ
1255 4199 1263 4212 .

1038 4243 1492 4322 ἐκλελογισμένος
1565 4245 1672 4300 ἀπὸ
1765 4247 1960 4322 μυριά-

1736 4332 1890 4409 [δων,

303 4427 545 4489 Ἐκεῖνος
572 4425 800 4502 πέφυκε,
832 4424 1021 4503 φησὶν,
1053 4418 1225 4487 ὅντως
1258 4420 1582 4502 ἀδελφιδοῦς
1609 4444 1739 4496 μου,

301 4517 402 4578 Ὃς
433 4512 484 4568 έν
518 4518 730 4589 σταυρῷ
757 4515 859 4583 τήν
891 4509 1160 4590 ἄχραντον
1192 4512 1432 4589 πλευρὰν
1465 4510 1928 4589 λελογχευμένος,

309 4606 466 4676 Αἷμα
497 4603 583 4658 καὶ
617 4600 763 4678 ὕδωρ
797 4597 1021 4658 ἔϐλυσεν
1053 4602 1361 4679 ἀνθρώποις
1390 4599 1729 4677 παραδόξως.

307 4695 409 4754 "Oc
435 4691 542 4746 ἀπὸ
573 4692 790 4747 πάντων
818 4693 926 4748 τῶν
963 4693 1186 4768 βροτῶν
1225 4692 1392 4766 μόνος
1425 4690 1484 4746 ἐκ
1511 4699 1613 4761 τῆς
1669 4693 1965 4768 Παρθένου,

307 4782 474 4836 Ἀνευ
506 4780 730 4856 λοχείας
758 4779 1042 4857 προελθὼν
1078 4781 1364 4856 ἅνθρωπος
1395 4781 1678 4858 ἐλογίσθη,

310 4869 534 4948 Κεφαλὴ
562 4867 617 4924 δέ
646 4873 813 4926 αὐτοῦ
845 4871 918 4932 ὡς
947 4869 1173 4948 χρυσίον
1202 4871 1433 4950 Κεφᾶτζ,

308 4960 500 5022 Ὅστις
531 4958 782 5036 τυγχάνει
810 4961 1066 5036 καθαρὸς,
1099 4960 1284 5038 φησὶν,
1319 4960 1368 5032 ἐξ
1405 4961 1688 5037 ἁμαρτίας.

312 5047 622 5124 Βόστρυχοι
653 5048 818 5104 αὐτοῦ
849 5048 1062 5119 ἐλαι-αἲ,
1099 5048 1326 5122 μέλανες
1359 5050 1484 5104 ὡσεῖ
1512 5051 1769 5125 κόρακος.

311 5135 484 5199 Οὗτος
515 5139 740 5216 πέφυκε,
774 5140 928 5218 φησὶ,
958 5137 1168 5212 κόσμος
1200 5137 1408 5216 Πέτρος
1439 5139 1525 5193 καὶ
1563 5137 1777 5202 Παῦλος
1824 5140 1876 5194 οἱ
1906 5138 1967 5194 τὸ

1173 5227 1320 5302 [πρὶν
1353 5223 1504 5291 ὅντες
1538 5227 1895 5306 ἐζοφωμένοι.

315 5313 414 5368 Καὶ
445 5319 548 5378 πᾶς
581 5315 632 5386 ἐξ
664 5313 849 5379 ἔθνους
884 5317 1196 5393 βαπτισθεὶς
1224 5317 1315 5370 καὶ
1347 5314 1632 5394 προελθὼν
1667 5316 1875 5390 ἐκείνῳ.

316 5403 383 5460 Οἱ
428 5402 710 5482 ὀφθαλμοὶ
765 5405 933 5461 αὐτοῦ
982 5406 1057 5470 ὡς
1102 5407 1410 5482 περιστεραὶ
1456 5403 1544 5459 ἐπὶ
1590 5403 1973 5482 πληρώματος

1192 5506 1194 5508 ’
1278 5491 1514 5568 [ὑδάτων
1549 5491 1898 5570 λελουμέναι.

297 4249 508 4312 Λευκὸς
582 4247 673 4303 καὶ
739 4245 945 4324 πυρῥὸς

387 5677 567 5756 θοἸεοί
586 5695 684 5770 in,
715 5699 770 5754 5.
844 5679 890 5737 δι
923 5691 1063 5756 Luc.
1093 5675 1236 5770 xvn,
1263 5692 1355 5756 21.

633 5827 904 5892 Ρηιιοι..
953 5826 1066 5890 Gn.
1111 5823 1352 5889 CXXII.

2801 4161 2990 4218 Pselli.

2143 4249 2423 4307 Candidus
2448 4258 2499 4306 et
2527 4251 2900 4322 rubicundus,
2953 4249 3162 4308 electus
3208 4266 3278 4308 ex
3325 4251 3507 4309 decem
3549 4254 3726 4310 milli-

2073 4340 2193 4396 bus.
2228 4339 2330 4395 Ille
2360 4345 2472 4407 est,
2503 4340 2721 4412 inquit,
2761 4357 2895 4396 vere
2945 4340 3337 4396 consobrinus
3386 4358 3575 4410 meus,
3625 4343 3728 4414 qui

2073 4428 2133 4484 in
2177 4445 2347 4484 cruce
2403 4445 2473 4485 ex
2530 4429 2904 4484 immaculato
2965 4428 3147 4485 latere
3204 4429 3373 4486 hasta
3429 4430 3730 4487 vulnerato

2075 4517 2416 4573 hominibus
2449 4519 2794 4589 sanguinem
2820 4523 2876 4573 et
2896 4535 3108 4589 aquam
3136 4519 3487 4573 mirabiliter
3506 4519 3729 4576 elludit.

2000 4623 2046 4687 D
2076 4605 2184 4671 Qui
2217 4606 2378 4661 solus
2408 4605 2561 4661 inter
2591 4623 2796 4662 omnes
2825 4625 2893 4662 ex
2923 4608 3146 4679 virgine
3176 4608 3303 4663 sine
3332 4608 3527 4663 dolore
3558 4613 3732 4666 natus

2077 4701 2167 4751 est
2193 4695 2388 4750 homo.
2427 4695 2600 4767 Caput
2627 4698 2745 4768 ejus
2774 4699 2913 4753 sicut
2945 4712 3144 4751 aurum
3177 4696 3432 4768 Cephatz.
3496 4697 3603 4762 Qui
3657 4699 3728 4753 ab

2076 4785 2259 4850 omni,
2296 4784 2510 4857 inquit,
2544 4785 2769 4858 integer
2809 4803 2874 4840 ac
2933 4803 3120 4857 purus
3173 4794 3262 4840 est
3307 4787 3526 4856 peccati
3576 4785 3728 4842 labe.

2079 4875 2255 4930 Coma:
2284 4875 2404 4946 ejus
2431 4877 2574 4930 sicut
2603 4877 2786 4941 βιαίας,
2819 4877 2994 4947 nigrae
3022 4876 3180 4946 quasi
3229 4876 3397 4930 corvi.
3447 4874 3728 4944 Ornatus,

2077 4964 2291 5035 inquit,
2323 4979 2626 5019 comarum
2659 4964 2788 5035 ejus
2819 4968 2959 5019 sunt
2988 4963 3194 5018 Petrus
3240 4967 3296 5018 et
3343 4964 3582 5032 Paulus,
3629 4964 3730 5036 qui

2079 5058 2252 5108 antea
2283 5053 2434 5124 nigri
2475 5053 2890 5124 tenebrosique
2935 5053 3190 5116 fuerant,
3243 5056 3299 5106 et
3346 5052 3615 5124 quisquis
3663 5069 3732 5109 ex

2079 5141 2354 5213 gentibus
2386 5142 2718 5213 baptizatus
2752 5145 2842 5196 est
2873 5145 2929 5196 et
2959 5141 3030 5195 ad
3063 5139 3229 5194 illum
3266 5142 3534 5196 accessit.
3569 5142 3733 5199 Oculi

2078 5231 2193 5302 ejus
2218 5231 2363 5285 sicut
2391 5229 2657 5285 columbae
2684 5246 2849 5300 super
2875 5229 3244 5300 plenitudine:
3273 5247 3543 5302 aquarum
3575 5233 3728 5290 lotae.

2083 5320 2248 5375 Illius
2280 5319 2432 5374 oculi
2491 5329 2621 5375 sunt
2682 5320 2974 5392 prophetae
3035 5319 3342 5392 prudentia
3400 5320 3735 5392 simplice,

2081 5413 2138 5465 et
2193 5408 2456 5464 moribus
2517 5408 2874 5464 admirandi.
2930 5413 3112 5480 Super
3168 5409 3591 5481 plenitudines,
3638 5411 3737 5466 in-

2083 5498 2230 5571 quit,
2264 5513 2550 5569 aquarum
2597 5496 2765 5554 lotae:
2827 5498 2882 5553 id
2940 5501 3049 5565 est,
3109 5498 3386 5554 omnibus
3417 5497 3736 5555 virtutibus

3327 5821 3404 5882 21
