4046 6144
345 358 459 426 651

1686 365 2111 430 MICHAELIS
2158 365 2430 427 PSELLI

3646 366 3770 429 652

344 497 630 556 exornati.
688 500 752 555 In
806 499 942 555 lacte
996 498 1336 556 considentes
1395 516 1564 573 super
1613 498 1992 572 plmitudines

2108 495 2334 559 Οὗτινος
2365 496 2530 552 πάλιν
2563 494 2846 572 ἀφθαλμοὶ
2876 498 3214 573 τυγχάνουσι
3247 503 3549 576 προφῆται,

346 606 644 661 aquarum.
675 588 804 645 Non
842 588 1090 660 gloriose
1138 589 1415 647 virtutem
1466 594 1848 660 ostentantes,
1898 590 1999 644 sed

348 680 668 736 admodum
697 680 1020 752 tranquille
1056 696 1186 736 eam
1236 679 1583 736 excolentes.
1637 679 1799 736 Gemis
1846 680 1999 734 illius

346 772 492 827 sicut
516 770 734 842 phiala:
790 772 1051 826 aromatis
1106 772 1340 841 ferentes
1392 770 1785 842 pigmentaria.
1830 769 2001 825 Labia

346 861 462 929 eius
515 860 641 917 lilia
696 859 1035 915 distillamia
1088 859 1385 931 myrrham
1467 860 1711 932 plenam.
1786 862 1997 916 Totum

348 966 594 1007 aureum
652 949 919 1006 indicant
975 949 1099 1004 haec
1152 950 1329 1005 verba
1385 949 1871 1022 Chrysostomum
1944 953 2001 1004 et

349 1039 608 1111 reliquos
638 1040 907 1095 doctores
938 1038 1099 1095 illius
1132 1038 1407 1111 aequales,
1456 1040 1781 1096 maximum
1831 1039 1999 1095 Basi-

345 1130 518 1197 lium,
551 1129 833 1186 eximium
865 1130 1234 1202 Gregorium,
1288 1146 1541 1201 quorum
1572 1148 1601 1186 e
1632 1129 1813 1185 labris
1863 1130 1999 1185 doc-

345 1220 513 1275 trinae
545 1236 849 1276 sermones
880 1219 1053 1276 melle
1091 1219 1385 1277 dulciores
1414 1225 1797 1276 emanarunt:
1849 1234 1998 1290 quos

343 1309 442 1381 qui
472 1310 811 1383 degustant,
860 1309 1049 1365 multa
1097 1310 1423 1381 implentur
1469 1310 1729 1382 myrrha,
1777 1308 1836 1363 id
1886 1311 1999 1372 est,

343 1398 649 1456 laboribus
705 1401 1064 1456 mortiﬁcant
1093 1401 1361 1456 membra
1396 1417 1505 1456 sua
1533 1416 1710 1472 super
1756 1403 1996 1467 terram,

344 1493 404 1545 et
432 1489 611 1546 simul
641 1505 776 1545 cum
810 1490 1037 1546 Christo
1069 1490 1497 1562 cruciﬁguntur
1526 1494 1703 1562 atque
1737 1487 1997 1544 exaltan-

345 1582 466 1635 tur.

417 2301 609 2357 Manus
662 2300 827 2358 illius
872 2303 1184 2375 tornatiles,
1236 2303 1418 2375 plenae
1489 2303 1715 2361 tharsis.
1808 2306 1996 2363 Venter

346 2394 473 2463 ejus
496 2392 653 2464 picis
683 2394 908 2464 exigua,
954 2393 1217 2461 eburnea,
1266 2409 1432 2465 super
1480 2394 1665 2467 lapide
1709 2395 1991 2467 sapphiro.

346 2480 528 2537 Crura
578 2480 744 2537 illius
798 2482 1073 2540 columnae
1127 2498 1482 2554 marmoreae,
1538 2483 1789 2555 fundatae
1836 2502 1998 2559 super

350 2570 500 2626 bases
529 2586 750 2628 aureas.

416 2857 547 2913 Haec
604 2857 764 2930 virgo
825 2875 973 2928 pura
1051 2862 1107 2914 et
1163 2875 1403 2932 sponsa,
1464 2861 1834 2933 custodibus,
1886 2864 1994 2921 hoc

345 2950 455 3016 est,
496 2946 741 3019 angelis,
806 2948 1011 3020 sponsi
1063 2949 1157 3003 sui
1216 2948 1719 3020 pulchritudinem
1766 2953 1997 3025 signiﬁ-

345 3052 509 3104 cans,
569 3037 880 3093 enarravit.
946 3038 1033 3093 Tu
1093 3041 1289 3095 autem
1346 3038 1491 3094 mihi
1568 3042 1767 3097 omnia
1841 3043 1998 3100 dicta

346 3142 450 3197 per
478 3126 1235 3199 translationemintellige.
1286 3128 1571 3193 Quoniam
1622 3130 1778 3186 enim
1828 3131 1993 3187 Chri-

2111 583 2384 660 Ἀκέραιοι
2405 588 2504 655 τὴν
2534 585 2794 663 φρόνησιν
2824 586 2912 642 καὶ
2946 588 3245 662 θαυμαστοὶ
3274 592 3390 650 τοῖς
3422 586 3672 663 τρόποις.

2108 676 2233 732 Ἐπῖ
2260 675 2658 751 πληρώματος,
2702 677 2889 751 φησὶν,
2920 674 3127 732 ὑδάτων
3165 676 3511 751 λελουμένοι,

2107 767 2307 841 ’Ἡγουν
2342 764 2391 819 ἐν
2424 764 2617 827 πάσαις
2648 765 2861 841 ἀρεταῖς
2894 763 3041 828 ὄντες
3071 766 3461 842 ἠγλαϊσμένοι.

2109 855 2193 910 Ἑν
2224 854 2455 929 γάλακτι
2501 856 2806 927 καθήμενοι
2856 854 3141 933 πλήρωμα
3187 854 3451 932 γαληνῶς
3501 862 3608 912 τῶν
3640 854 3767 913 ὑδά-

3531 950 3689 1022 [των·

2109 1033 2224 1091 Οὐκ
2253 1031 2652 1102 ἐπιδεικτικῶς,
2684 1036 2837 1113 φησὶ,
2868 1036 2968 1103 τὴν
3000 1034 3197 1109 ἆρετήν
3231 1034 3549 1111 αὐχοῦντες,

2106 1121 2284 1179 Ἀλλᾶ
2312 1123 2401 1179 καὶ
2432 1124 2571 1180 πάνυ
2596 1123 2854 1200 γαληνῶς
2885 1125 3054 1194 αὐτὴν
3086 1124 3483 1188 έπιτιλοῦντες.

2108 1211 2362 1287 Σιαγόνες
2393 1213 2556 1268 αὐτοῦ
2588 1215 2661 1276 ὡς
2693 1213 2904 1292 φιάλαι,
2944 1218 3041 1269 τοῦ
3073 1215 3370 1292 ἁρώματος
3401 1217 3659 1294 φύουσαι,

2105 1303 2389 1377 Μυρεψικὰ
2463 1302 2630 1379 χείλη
2712 1304 2877 1359 αὐτοῦ
2970 1303 3128 1380 κρίνα
3194 1306 3453 1375 στάζοντα
3521 1305 3767 1382 σμύρναν

3439 1391 3686 1471 [πλήρη-

2105 1482 2204 1535 Τὸν
2235 1481 2552 1558 πάγχρυσον
2584 1481 2875 1537 αἰνίττεται
2903 1482 3292 1559 Χρυσόστομον
3323 1482 3353 1537 ὁ
3386 1480 3574 1558 λόγος,

2109 1570 2206 1625 Καὶ
2236 1569 2365 1633 τοὺς
2393 1571 2543 1643 αὐτῷ
2571 1574 2943 1648 τυγχάνοντας
2966 1570 3123 1635 ῖσους
3155 1574 3246 1627 καὶ
3269 1570 3654 1643 διδασκάλους,

2105 1662 2205 1714 Τὸν
2243 1660 2492 1736 μέγιστον
2522 1658 2827 1731 Βασίλειον,
2861 1660 3165 1737 Γρηγόριον
3196 1664 3286 1717 τὸν
3315 1661 3473 1732 πάνυ,

2106 1748 2246 1812 Τοὺς
2279 1748 2338 1804 ἐκ
2366 1747 2623 1825 χειλέων,
2656 1750 2945 1819 στάζοντας
2977 1749 3180 1826 λόγους
3214 1748 3589 1822 διδασκαλίας,

2026 1866 2074 1931 Β
2108 1838 2205 1893 Καὶ
2238 1837 2461 1931 μέλιτος
2488 1835 2777 1931 ἠ-δύτερον,
2809 1840 2975 1931 οὗπερ
3008 1840 3060 1895 οἱ
3089 1839 3427 1931 γεγευμένοι,

2108 1928 2367 2003 Σμύρνης
2397 1927 2771 2001 έμπίπλανται
2802 1927 3025 2000 πολλῆς
3053 1934 3150 1984 τοῦ
3182 1929 3352 2006 λόγου
3381 1934 3450 2005 τῇ
3506 1927 3762 2006 δυνάμει,

2105 2020 2305 2093 Ἥγουν
2337 2022 2585 2093 νεκροῦσι
2614 2017 2681 2072 τὰ
2702 2024 2804 2089 τῆς
2833 2026 2933 2093 γῆς
2964 2016 3137 2075 αὐτῶν
3172 2018 3223 2075 έν
3255 2015 3446 2082 πόνοις
3473 2018 3642 2094 μέλη,

2105 2107 2203 2161 Καὶ
2290 2104 2708 2183 συσταυροῦνται
2792 2113 2874 2181 τῷ
2952 2113 3168 2184 Χριστῷ
3242 2110 3328 2165 καὶ
3404 2112 3767 2183 ωνυψοῦνται

3464 2198 3687 2272 [τούτῳ.

2104 2307 2290 2379 Χεῖρες
2381 2302 2545 2359 αὐτοῦ
2635 2303 2913 2381 τορευταὶ,
3008 2310 3231 2381 χρυσαῖ,
3327 2302 3768 2380 πεπληρωμέναι

3444 2393 3687 2472 [Θαρσίς,

2106 2482 2308 2542 Κοιλία
2356 2480 2521 2539 αὐτού
2567 2481 2752 2554 πυξίον
2794 2481 3135 2560 ἐλεφάντινον
3189 2482 3274 2539 ἐπὶ
3325 2482 3483 2548 λίθου
3532 2486 3765 2561 σαπφεί-

3542 2577 3687 2649 [ρου,

2104 2668 2321 2735 Κνῆμαι
2352 2659 2515 2717 αὐτοῦ
2547 2661 2734 2717 στύλοι
2787 2660 3123 2737 μαρμάρινοι
3156 2660 3618 2737 τεθεμελιωμένοι
3670 2663 3761 2719 ἐπὶ

3450 2756 3685 2829 [χρυσῷ.

2106 2861 2287 2916 Ταῦτα
2319 2860 2415 2932 μὶν
2447 2857 2540 2915 οὖν
2570 2860 2604 2930 ἠ
2638 2858 2842 2937 καθαρᾶ
2870 2860 3128 2934 παρθένος
3156 2881 3213 2916 τε
3250 2859 3579 2939 καὶνύμφη,

2104 2953 2231 3011 Τοῖς
2264 2947 2487 3027 φύλαξιν
2521 2947 2796 3023 ὡμίλησε,
2822 2948 3065 3005 τουτέστι
3097 2954 3212 3012 τοῖς
3244 2947 3519 3027 ἀγγέλοις·

2104 3036 2172 3091 Τὸ
2202 3035 2410 3099 κάλλος
2445 3037 2782 3115 ὑπεμφαίνου
2818 3036 2975 3108 δῆθεν
3007 3038 3070 3093 τὸ
3116 3043 3218 3094 τοῦ
3245 3039 3511 3117 νυμφίου.

2106 3125 2181 3181 Σὺ
2217 3124 2273 3181 δέ
2302 3148 2393 3200 μοι
2427 3127 2597 3190 πάσας
2625 3132 2902 3204 τροπικῶς
2932 3128 3027 3191 τὰς
3062 3128 3344 3203 ἐξηγήσεις
3374 3125 3565 3205 δέχου.

349 3219 477 3272 stus
533 3216 695 3272 solus
753 3222 931 3289 caput
984 3220 1073 3272 est
1129 3217 1420 3285 omnium,
1501 3236 1713 3291 corpus
1794 3225 1989 3278 autem

2107 3216 2257 3272 Ἐπεὶ
2288 3216 2390 3292 γὰρ
2422 3216 2635 3271 πάντων
2668 3216 2878 3296 κεφαλὴ
2912 3219 3145 3289 Χριστὸς
3170 3219 3426 3293 τυγχάνει
3463 3218 3655 3291 μόνος,

346 3304 535 3376 ipsius
567 3306 764 3362 divina
793 3311 882 3362 est
911 3306 1191 3375 Ecclesia,
1223 3308 1485 3363 membra
1545 3314 1745 3365 autem
1792 3327 1997 3384 corpo.

351 3396 432 3451 ris
472 3402 707 3453 sanctos
738 3412 868 3453 esse
909 3396 1185 3467 dicimus,
1239 3396 1419 3452 alium
1469 3397 1707 3469 quidem
1757 3399 1996 3473 collum,

353 3483 536 3540 alium
596 3490 791 3542 autem
830 3487 1045 3557 pedes:
1094 3503 1195 3558 per
1242 3503 1455 3542 manus
1514 3488 1642 3559 ejus
1691 3491 1999 3547 tornatiles

352 3576 715 3631 venerandos
749 3574 1047 3646 apostolos
1095 3575 1318 3647 accipe,
1349 3576 1578 3632 divinos
1627 3581 1998 3636 sacerdotum

353 3663 670 3736 principes,
704 3664 909 3719 ﬁdeles
942 3664 1149 3718 divina;
1182 3664 1380 3737 gratias
1412 3665 1873 3738 dispensatores,
1897 3670 1999 3741 qui

353 3769 416 3807 se
447 3753 628 3825 ipsos,
664 3770 901 3809 omnem
942 3753 1231 3809 malitiam
1283 3760 1661 3827 amputantes
1709 3760 2000 3832 expolive-

350 3847 506 3898 runt.
540 3842 928 3905 Quamobrem
961 3860 1063 3913 spe
1093 3844 1382 3899 bonorum
1418 3844 1619 3916 repleti
1651 3853 1811 3901 sunt.
1859 3849 2000 3919 Ejus

348 3932 488 3987 item
521 3938 786 3989 ventrem
819 3950 885 3987 ac
913 3933 1180 4006 pyxidem
1213 3950 1465 4005 agnosce
1495 3936 1760 3991 omnium
1786 3938 2003 3994 virtute

350 4025 757 4092 praestantium
789 4022 1018 4078 animas
1050 4027 1107 4078 et
1137 4024 1335 4094 corda,
1370 4023 1427 4078 in
1462 4024 1677 4096 quibus
1709 4026 1809 4083 Dei
1860 4031 1999 4083 Ver-

349 4112 493 4167 bum
524 4111 890 4184 insculptum
930 4116 1040 4179 est,
1074 4112 1175 4184 qui
1209 4117 1434 4169 mentes
1474 4131 1803 4186 sensusque
1860 4135 1999 4176 suos

352 4202 424 4258 ad
457 4202 735 4259 caelorum
768 4204 985 4276 Regem
1018 4210 1240 4261 erectos
1269 4206 1525 4263 habent:
1561 4208 1616 4263 id
1666 4210 1821 4265 enim
1862 4228 2002 4283 sap-

352 4291 560 4362 phirus
592 4292 906 4365 signiﬁcat,
942 4292 1042 4365 qui
1074 4294 1235 4350 solus
1263 4294 1416 4366 lapis
1463 4295 1592 4351 θαιΙί
1642 4298 1893 4368 speciem
1944 4304 2003 4356 et

352 4382 604 4437 colorem
636 4381 879 4438 obtinet.
912 4383 1021 4439 Per
1050 4383 1229 4455 hujus
1260 4400 1434 4440 crura
1468 4385 1701 4442 Petrum
1742 4387 2003 4461 intellige

352 4471 751 4544 apostolorum
785 4472 1132 4545 principem.
1168 4477 1231 4529 In
1265 4472 1373 4529 hoc
1406 4474 1563 4530 enim
1605 4475 1890 4534 Dominus
1940 4479 2001 4534 in

350 4563 681 4637 Evangeliis
713 4581 777 4621 se
804 4564 1128 4623 Ecclesium
1160 4582 1330 4622 suam
1388 4566 1813 4624 aediﬁcaturum
1865 4587 2002 4643 pro-

351 4654 535 4711 misit.

423 5009 647 5076 Species
704 5011 826 5079 efus
875 5012 937 5064 ut
994 5008 1233 5064 Libanus
1289 5008 1506 5064 electus.
1586 5006 1796 5079 Sponsi
1868 5022 2003 5079 spe-

353 5092 500 5149 ciem
522 5112 653 5151 vere
671 5097 1011 5163 maximam,
1033 5103 1091 5153 et
1112 5098 1435 5154 terribilem
1458 5097 2004 5167 admirandamque,

355 5199 421 5238 ac
452 5184 711 5241 divinam
743 5203 812 5244 ex
843 5187 1090 5259 pulchra
1122 5187 1328 5243 Libani
1358 5186 1669 5242 altitudine
1702 5187 1999 5257 conjicito.

353 5270 553 5328 Gultur
580 5275 738 5331 illius
768 5277 1022 5345 dulcedo,
1055 5280 1108 5332 el
1152 5285 1291 5335 lotus
1330 5275 1744 5333 desiderabilis.
1794 5278 2006 5332 Guttur

352 5361 481 5431 ejus
513 5361 681 5417 divus
714 5362 812 5419 ille
845 5364 1174 5423 Prwcursor
1202 5366 1331 5438 fuit,
1365 5366 1466 5439 qui
1508 5365 1672 5424 Verbi
1705 5370 1764 5423 et
1803 5365 2004 5439 sponsi

351 5466 461 5507 vox
489 5450 727 5509 dicitur.

2110 3310 2283 3379 Σῶμα
2313 3304 2370 3360 δὲ
2398 3306 2594 3361 τούτου
2625 3308 2855 3385 πέφυκεν
2884 3308 2919 3376 ἡ
2955 3306 3069 3361 θεία
3101 3304 3419 3378 Ἐκκλησία,

2110 3396 2207 3453 Καὶ
2242 3396 2383 3469 μέλη
2415 3395 2610 3451 τούτου
2640 3394 2871 3472 λέγομεν
2903 3396 2993 3450 καὶ
3027 3396 3190 3471 μέρος
3218 3396 3344 3460 τοὺς
3366 3397 3573 3473 ἁγίους’

2109 3485 2216 3542 Τὸν
2253 3485 2346 3558 μὲν
2378 3483 2586 3540 ἐκείνου
2615 3484 2922 3561 τράχηλον,
2953 3485 3045 3541 τὸν
3078 3484 3123 3541 δ’
3155 3486 3219 3539 αὗ
3252 3484 3451 3540 ἐκείνου
3480 3483 3643 3557 πόδα,

2110 3574 2315 3629 Λοιπὸν
2348 3574 2436 3628 καὶ
2470 3580 2659 3650 χεῖρας
2687 3575 2915 3649 γίνωσκε
2943 3575 3138 3630 τούτου
3166 3575 3607 3650 τετορνευμένας,

2108 3663 2247 3725 Τοὺς
2280 3662 2617 3726 ἀποστόλους
2645 3663 2772 3726 τοὺς
2802 3662 3028 3726 σεπτοὺς
3066 3664 3155 3719 καὶ
3189 3663 3364 3727 θείους
3397 3665 3685 3740 ίεράρχας,

2109 3752 2247 3815 Τοὺς
2282 3752 2608 3826 οἰκονόμους
2640 3754 2767 3816 τοὺς
2797 3752 3024 3818 πιστοὺς
3050 3757 3147 3819 τῆς
3187 3752 3412 3829 χάριτος
3445 3756 3542 3822 τῆς
3593 3754 3765 3824 θείας,

2111 3840 2319 3905 0⁹ίτινες
2350 3842 2763 3919 κατετύρνευσαν
2798 3840 2993 3905 αὐτοὺς
3021 3838 3380 3916 εὐεπιϐόλως,

2108 3934 2353 3987 ’ίΑπασαν
2387 3931 2746 4003 ἀποξύσαντες
2778 3932 2865 4011 ἀφ’
2897 3933 3096 3987 έαυτῶν
3129 3932 3339 4001 κακίαν,

2109 4022 2267 4077 Ὅθεν
2302 4018 2523 4083 ἐλπίδος
2556 4020 2765 4097 ἀγαθῶν
2795 4020 2927 4076 εἰσιν
2962 4020 3435 4095 ἐμπεπλησμένοι.

2109 4109 2320 4167 Τούτου
2350 4107 2407 4164 δὲ
2436 4109 2598 4165 πάλιν
2626 4111 2856 4187 γίνωσκε
2885 4110 3098 4167 κοιλίαν
3126 4111 3215 4165 καὶ
3246 4111 3452 4182 πυξίον,

2111 4202 2233 4257 Τῶν
2262 4198 2520 4275 ἑναρέτων
2552 4199 2647 4262 τὰς
2680 4199 2859 4276 ψυχὰς
2891 4202 3105 4256 πάντων
3132 4200 3221 4255 καὶ
3252 4200 3345 4263 τὰς
3378 4197 3624 4276 καρδίας,

2111 4289 2199 4346 Ἐν
2231 4292 2316 4352 αῖς
2346 4291 2372 4344 ὁ
2404 4290 2581 4365 Λόγος
2610 4293 2707 4344 τοῦ
2738 4294 2870 4345 Θεοῦ
2912 4290 3051 4345 ἐστιν
3087 4288 3542 4366 ἐγγεγραμμένος.

2112 4380 2321 4440 Οἳτινες
2353 4377 2567 4455 ἔχουσιν
2601 4379 2775 4434 αὐτῶν
2806 4380 2897 4435 τὸν
2932 4384 3053 4435 νοῦν
3086 4381 3175 4435 καὶ
3204 4380 3299 4442 τὰς
3335 4378 3607 4450 αἲσθήσεις

2111 4471 2207 4541 Τῷ
2243 4467 2457 4543 βασιλεῖ
2483 4472 2590 4525 τῶν
2627 4468 2867 4543 οὐρανῶν
2901 4466 3447 4543 ἐπαναπεμπομένας,

2110 4558 2171 4614 Ὁ
2204 4556 2356 4621 λίθος
2386 4558 2489 4633 γὰρ
2523 4558 2550 4611 6
2580 4558 2875 4635 σάπφειρος
2906 4562 3065 4613 τοῦτο
3099 4556 3380 4631 σημαίνειν
3406 4553 3576 4625 θέλει,

2032 4609 2080 4677 D
2137 4609 2162 4614 '
2206 4609 2353 4621 .VVVV‘
2400 4609 2482 4633 I'T
2531 4609 2543 4611 ἡ
2588 4609 2874 4635 ""‘I'T"
2919 4609 3060 4613 v'VV'
3106 4609 3431 4631 'Vuﬁﬂr'v-Vv

2112 4649 2266 4701 Ἔστι
2298 4647 2399 4723 γὰρ
2432 4644 2785 4723 οὐρανοειδῆς
2816 4647 2844 4700 6
2877 4645 3029 4711 λίθος
3062 4644 3220 4709 οὗτος
3253 4640 3440 4721 μόνος.

2114 4737 2341 4810 Κνήμας
2374 4733 2431 4791 δὶ
2458 4735 2654 4791 τούτου
2684 4738 2917 4812 γίνωσκε
2946 4736 3149 4811 Πέτρον
3181 4735 3272 4790 τὸν
3303 4738 3621 4812 κορυφαῖον,

2112 4827 2198 4881 Ἐν
2232 4824 2410 4897 τούτῳ
2438 4825 2539 4901 γὰρ
2570 4826 2598 4879 ὁ
2630 4827 2823 4902 Κύριος
2854 4826 3021 4881 αὐτοῦ
3050 4826 3148 4895 τὴν
3174 4824 3503 4896 Ἐκκλησίαν

2113 4912 2313 4973 Οίκοδο
2324 4921 2442 4989 μεῖν
2480 4916 2747 4991 ὑπέσχετο
2774 4915 2869 4970 κάν
2900 4920 3016 4978 τοῖς
3042 4912 3425 4992 Εύαγγελίοις,

2112 5002 2274 5068 Εἶδος
2305 5002 2468 5059 αύτοῦ
2499 5005 2574 5069 ὡς
2603 4999 2834 5069 Λίϐανος
2863 5001 3136 5069 ἐκλεκτός.

2112 5092 2271 5159 Εἶδος
2301 5095 2468 5149 αὐτοῦ
2494 5092 2551 5150 δὲ
2580 5093 2831 5170 γίνωσκε,
2864 5093 3106 5152 τουτέστι
3136 5098 3234 5151 τοῦ
3262 5092 3518 5173 νυμφίου.

2113 5184 2375 5261 Μέγιστον
2436 5180 2627 5253 ὅντως,
2674 5184 2762 5239 καὶ
2825 5185 3071 5260 φρικτὸν,
3129 5184 3221 5241 καὶ
3284 5183 3617 5259 θαυμαστὸν,
3678 5186 3770 5239 καί

3578 5274 3763 5344 [θεῖον,

2112 5365 2289 5417 Ταῦτα
2314 5362 2416 5438 γὰρ
2448 5360 2587 5425 εἶδος
2620 5361 2843 5435 ἀληθῶς
2872 5361 3121 5437 σημαίνει
3151 5366 3246 5418 τοῦ
3274 5361 3532 5440 νυμφίου.

2114 5450 2327 5528 Φάρυγξ
2356 5450 2521 5507 αὐτοῦ
2547 5450 2868 5528 γλυκασμὸς
2896 5450 2989 5508 καὶ
3009 5450 3139 5515 ὅλος
3171 5450 3453 5526 ἐπιθυμία.

2114 5539 2331 5618 Φάρυγξ
2364 5539 2422 5596 δὶ
2447 5539 2646 5599 τούτου
2674 5542 2907 5619 πέφυκεν
2940 5542 2969 5597 6
2998 5538 3323 5620 Ηρόδρομος
3353 5541 3381 5597 ὁ
3414 5542 3581 5605 θεῖος·

2114 5631 2281 5702 Φωνὴ
2312 5631 2416 5709 γὰρ
2446 5625 2617 5697 ὄντως
2649 5630 2866 5712 λέγεται
2894 5634 2990 5689 τοῦ
3021 5632 3201 5710 Λόγου
3223 5631 3315 5688 καὶ
3361 5629 3624 5712 νυμφίου.
