4046 6144
245 345 358 409 653

810 472 940 534 Τῶν
970 482 1020 553 γ’
1047 476 1322 554 Πατέρων.

311 582 462 641 Ἐπεὶ
522 582 570 638 δ’
622 582 677 640 αἱ
738 585 1034 660 μαθήτριαι
1085 585 1231 663 παρὰ
1280 591 1379 656 τῆς
1437 582 1765 640 διδασκάλου
1811 582 1895 647 τίς

246 674 383 729 ἐστιν
446 673 475 727 6
506 670 707 744 ταύτης
752 673 991 749 νυμφίος
1049 671 1139 730 διὰ
1192 678 1299 730 τῶν
1343 675 1510 731 αὑτοῦ
1542 672 1898 750 χαρισμάτων

248 759 705 839 ἀνεδιδάχθηοαν,
767 761 1102 839 βουλόμεναι
1154 762 1347 819 λοιπὸν
1402 769 1591 837 μαθεῖν
1638 762 1728 818 καὶ
1760 760 1896 818 ὅπου

249 854 400 916 οὗτος
430 849 580 926 ἥκει,
612 850 739 929 φασὶ
795 854 932 929 πρὸς
987 852 1154 925 αὐτήν
1187 870 1203 887 ⁶
1258 855 1372 911 Ποῦ
1403 851 1645 923 ἀπῆλθεν
1679 853 1706 907 6
1735 850 1897 908 ἀδελ-

1284 346 1693 411 COMMENT.
1730 347 1809 408 IN
1853 346 2264 411 CANTICUM
2309 346 2618 410 CANTIC.

1928 480 1981 546 A

3540 353 3663 414 654

2597 480 2793 535 Trium
2827 481 3085 535 Patrum.

2076 585 2221 641 Cum
2255 571 2556 658 discipulae
2591 602 2657 643 ex
2690 585 2998 659 magistra,
3035 586 3172 658 quis
3216 589 3374 642 esset
3405 603 3664 660 sponsus

2006 674 2154 745 ejus,
2190 691 2295 745 per
2324 674 2496 747 signa
2526 679 2584 732 et
2624 679 2794 731 notas
2849 677 3037 747 ipsius
3087 673 3459 745 didicissent,
3510 675 3662 733 scire

2008 767 2201 819 autem
2232 768 2532 837 cuperent,
2564 781 2825 836 quonam
2858 764 3102 835 abisset,
3154 765 3238 820 sic
3290 764 3450 820 illam
3501 781 3663 821 com-

2010 851 2266 925 pellant:
2328 855 2439 921 Quo
2498 854 2635 910 abiit
2694 870 2861 927 nepos
2918 863 3065 923 tuus,
3130 870 3159 910 0
3213 854 3447 927 pulchra
3519 855 3667 911 inter

249 941 395 1022 φιὸός
429 964 550 1013 σου,
599 944 635 1012 ἡ
694 941 839 1012 καλὴ
901 940 953 999 ἐν
1010 942 1271 1018 γυκαιξί;
1323 940 1550 1015 Δηλαδὴ
1584 941 1895 1017 ἆνάγγειλον

2030 942 2309 998 nulieres?
2337 943 2380 998 Ο
2412 960 2537 1015 quae
2571 944 2723 999 inter
2755 945 3006 1013 animas,
3067 943 3347 1016 imaginis
3395 948 3453 999 et
3500 942 3664 1000 simi-

247 1035 376 1106 ἡμῖν
415 1030 542 1097 ἔνθα
582 1028 812 1105 ένδημεῖ
867 1032 1144 1108 ὀγαπητός
1195 1054 1311 1105 σου,
1362 1036 1396 1103 ἡ
1457 1030 1509 1087 ἐν
1542 1038 1662 1097 ταῖς
1691 1029 1899 1087 ἀπολε-

249 1121 432 1183 σάσαις
482 1124 711 1197 ψυχαῖς,
744 1117 831 1176 διὰ
874 1122 973 1191 τὴν
1021 1124 1153 1197 τῆςὲ
1172 1118 1603 1196 θείαςὶ-έντολῆς
1657 1115 1901 1195 παράϐα-

253 1230 330 1266 σιν
358 1210 422 1265 τὸ
452 1208 660 1273 κάλλος
687 1214 784 1265 τοῦ
837 1211 953 1266 κατ’
1009 1211 1191 1267 εἰκόνα
1246 1210 1336 1267 καὶ
1391 1215 1489 1266 τοῦ
1540 1211 1656 1265 καθ’
1688 1209 1900 1283 ὁμοίω-

251 1321 344 1368 σιν,
375 1294 732 1356 ἀπολαϐοῦσα
756 1303 916 1356 τοῦτο
962 1300 1131 1356 πάλιν
1180 1299 1232 1356 ἐν
1276 1305 1354 1373 τῷ
1399 1299 1773 1380 νυμφεύθῆναι
1820 1302 1901 1372 τῷ

251 1389 407 1465 Λόγῳ
434 1393 532 1444 τοῦ
570 1393 726 1447 Θεοῦ.
776 1389 923 1446 Ἐπεὶ
975 1388 1044 1445 δι’
1092 1392 1166 1444 ὧν
1218 1389 1528 1465 ἀκηκόαμεν
1581 1389 1899 1465 γνωρισμά-

248 1500 353 1535 των
406 1478 571 1535 αύτοῦ
622 1478 777 1535 οὕπω
830 1481 1045 1555 ὁρῶμεν
1106 1480 1262 1536 αὐτὸν
1320 1481 1371 1536 έν
1426 1484 1587 1554 ἡμῖν,
1645 1484 1752 1536 ποῦ
1806 1480 1904 1535 ἀπ-

255 1565 479 1644 έϐλεψεν
541 1570 570 1624 6
626 1567 919 1648 ἀδελφιδός
1002 1587 1145 1640 σου;
1225 1570 1315 1625 καὶ
1376 1572 1685 1644 ζητήσομεν
1743 1568 1901 1625 αὐτὸν

254 1658 384 1733 μετὰ
437 1662 556 1716 σοῦ.
616 1656 884 1730 Δηλονότι
939 1664 1044 1715 ποῦ
1102 1659 1385 1735 ἀγαπητός
1418 1682 1513 1715 σου
1564 1660 1791 1735 ἀόρατος
1826 1658 1898 1714 ὣν

252 1750 472 1826 ὁρᾶσθαι
528 1749 619 1804 καὶ
666 1748 929 1821 ἠθέλησε,
987 1748 1078 1804 καὶ
1130 1748 1243 1824 ἅμα
1298 1770 1383 1804 σοι
1440 1747 1733 1825 ὀδηγῶμεν
1766 1750 1902 1823 πρὸς

2010 1032 2276 1087 litudinis
2326 1032 2830 1104 pulchritudinem
2881 1032 3145 1089 mandati
3194 1032 3665 1105 transgressione

2010 1121 2296 1194 perditam
2327 1122 2456 1178 ideo
2490 1122 2871 1195 recuperasti,
2906 1123 3045 1194 quia
3072 1121 3175 1178 Dei
3206 1122 3396 1179 Verbo
3426 1140 3489 1179 es
3539 1123 3667 1179 des-

2010 1215 2295 1283 pensata:
2332 1215 2568 1285 quando
2613 1230 2682 1269 ex
2733 1212 2920 1285 signis
2958 1228 3024 1267 ac
3074 1212 3227 1267 notis
3275 1213 3404 1283 ejus
3452 1212 3559 1269 abs
3609 1216 3667 1269 te

2011 1304 2389 1371 enumeratis,
2416 1304 2680 1360 nondum
2712 1303 2909 1376 ipsum
2945 1302 3003 1358 in
3036 1302 3206 1359 nobis
3238 1303 3663 1381 conspicimus,

2010 1408 2252 1463 quonam
2305 1394 2550 1463 respexit
2607 1408 2773 1464 nepos
2829 1390 3008 1447 tuus?
3067 1399 3123 1447 et
3178 1408 3483 1463 queremus
3538 1409 3668 1449 eum

2011 1489 2207 1536 tecum.
2234 1480 2341 1537 Ubi
2373 1480 2621 1537 dilectus
2651 1486 2792 1537 tuus
2825 1480 2925 1553 qui
2967 1484 3056 1537 est
3102 1480 3437 1550 invisibilis,
3483 1479 3667 1557 aspici

2011 1568 2241 1625 voluit?
2271 1568 2471 1624 Indica
2503 1569 2693 1636 nobis,
2730 1573 2795 1624 ut
2834 1574 2891 1625 te
2940 1570 3091 1625 duce
3140 1569 3211 1624 ad
3262 1570 3670 1641 praestantiora

2013 1659 2456 1728 contendentes,
2488 1674 2623 1714 eum
2654 1662 2781 1714 tum
2815 1658 3040 1731 agendo
3063 1662 3190 1714 tum
3214 1658 3668 1731 contemplando

2013 1747 2479 1820 pervestigemus
2511 1752 2568 1803 et
2597 1764 3011 1820 assequamur.
3040 1748 3145 1804 His
3174 1764 3393 1819 sponsa
3424 1763 3666 1821 respon.

244 1840 308 1895 τὰ
361 1837 668 1915 κρείττονα,
725 1836 1127 1917 ψηλαφήσομεν
1188 1838 1345 1895 αὐτὸν
1387 1841 1523 1895 κατὰ
1568 1839 1759 1913 πρᾶξιν
1806 1839 1894 1894 καὶ

2030 1838 2147 1894 let:
2179 1837 2373 1909 Nepos,
2434 1837 2732 1909 inquiens,
2789 1853 2944 1893 meus
3003 1837 3280 1894 descendit
3333 1839 3395 1892 in
3450 1841 3668 1895 hortum

254 1927 504 2005 θεωρίαν.
545 1928 607 1985 Ἦ
642 1925 699 1982 δὲ
757 1927 1163 2005 ἀποκρινομένη
1220 1930 1355 2004 πρὸς
1413 1928 1578 1990 αὐτὰς
1613 1948 1627 1965 ο
1656 1926 1908 2007 Ἀδελφι-

249 2014 337 2081 δός
400 2037 512 2090 μου
558 2011 760 2087 κατέϐη
823 2016 899 2081 εἷς
948 2024 1124 2087 κῆπον
1184 2017 1347 2073 αὐτοῦ
1408 2016 1484 2080 εἷς
1553 2017 1752 2096 φιάλας
1810 2020 1905 2072 τοῦ

248 2106 560 2181 ὀρώματος.
621 2107 801 2179 Ἤτοι,
880 2106 909 2161 6
981 2107 1212 2183 ἀόρατος
1269 2106 1404 2162 κατὰ
1483 2107 1545 2162 τὸ
1612 2102 1748 2181 ὕψος
1804 2112 1904 2176 τῆς

248 2197 442 2252 ἑαυτοῦ
511 2194 716 2265 ούσίας,
785 2196 1061 2270 ἀγαπητός
1143 2217 1270 2270 μου,
1326 2191 1527 2268 κατέϐη
1585 2196 1703 2252 κατ’
1760 2194 1906 2272 ἐνέρ-

250 2306 397 2360 γειαν
429 2285 507 2349 ὡς
539 2285 617 2347 εἷς
654 2291 837 2355 κῆπον
884 2284 1048 2340 αύνοῦ
1078 2287 1176 2356 τὴν
1202 2290 1320 2349 τοῖς
1378 2284 1544 2347 θείοις
1596 2284 1759 2340 αὐτοῦ
1820 2286 1906 2340 θε-

251 2373 463 2447 λήμασι
495 2373 903 2452 πεφυτευμένην
937 2372 1131 2443 κτίσιν,
1192 2375 1283 2429 καὶ
1342 2374 1415 2437 ὡς
1468 2378 1545 2436 εἰς
1584 2372 1781 2452 φιάλας
1809 2376 1907 2429 τοῦ

252 2464 547 2537 ἀρώματος
605 2463 700 2527 τὰς
744 2463 881 2518 κατά
935 2464 1034 2533 τήν
1110 2462 1187 2526 εἷς
1248 2465 1374 2518 Θεὸν
1432 2463 1611 2518 πίστιν
1668 2459 1909 2525 δετικάς

255 2554 435 2629 ψυχὰς
480 2560 583 2624 τῆς
628 2549 1032 2623 εύωδιαζούσης
1078 2551 1241 2617 αύτάς
1290 2540 1388 2608 τοῦ
1418 2553 1682 2629 παναγίου
1740 2552 1908 2607 Πνεύ-

258 2663 425 2715 ματος
486 2644 741 2719 χάριτος,
812 2640 938 2712 ἥτις
1022 2642 1331 2717 ἀναμορφοῖ
1396 2642 1616 2705 ταύταις
1670 2642 1805 2697 κατά
1848 2663 1908 2697 τε

258 2732 485 2808 θεωρίαν
544 2732 635 2787 καὶ
694 2732 885 2807 πρᾶξιν
958 2731 1020 2786 τὸ
1090 2732 1207 2787 κατ’
1286 2730 1468 2787 εἱκόνα
1524 2734 1613 2786 καὶ
1670 2733 1733 2786 τὸ
1789 2732 1907 2796 καθ’

256 2821 538 2893 ὁμοίωσιν,
602 2820 653 2876 έν
713 2823 799 2884 αἷς
859 2822 935 2885 ὡς
1010 2818 1134 2895 ἰδίῳ
1188 2820 1536 2895 ἐκτυπώματι
1597 2822 1624 2877 6
1676 2823 1907 2900 νυμφίος

258 2910 442 2985 ὁρᾶται
479 2929 493 2943 °
547 2904 749 2982 κατέϐη
803 2908 881 2979 δὶ,
928 2911 1002 2973 ὡς
1049 2908 1280 2986 εἴρηται,
1334 2932 1645 2986 ποιμαινειν
1706 2910 1757 2965 ἐν
1789 2917 1906 2975 τοῖς

261 3018 460 3066 κηποις
514 2997 603 3053 καὶ
662 2995 944 3074 συλλέγειν
994 2998 1173 3075 κρίνα,
1228 2997 1400 3074 ἤγουν
1462 2996 1663 3055 διέπειν
1709 2999 1775 3055 τᾶ
1808 2998 1907 3055 )0-

255 3087 387 3163 γικά
432 3082 675 3163 πρόϐατα
718 3087 809 3144 καὶ
854 3087 1125 3168 ἐκτρέφειν
1187 3086 1326 3144 καδά
1380 3093 1581 3164 γνῶσιν
1642 3088 1731 3144 καὶ
1786 3090 1907 3165 ἀρε-

254 3178 355 3246 τήν
390 3173 442 3231 ἕν
473 3198 532 3232 τε
578 3181 645 3252 τῇ
676 3181 846 3253 νοητῇ
894 3179 986 3233 καὶ
1037 3182 1105 3253 τῇ
1156 3179 1387 3252 αἰσθητῇ
1418 3176 1624 3233 κτίσει·
1662 3178 1713 3233 έν
1748 3180 1831 3240 αἶς
1855 3178 1907 3234 οἱ

251 3266 417 3341 λόγοι
449 3267 541 3321 καὶ
574 3267 625 3321 οἱ
681 3267 874 3342 τρόποι
917 3272 1026 3323 τῶν
1072 3267 1276 3343 ἀρετῶν
1327 3267 1401 3330 ὥς
1454 3289 1562 3323 τισι
1589 3270 1781 3339 κήτοις
1810 3288 1909 3322 πε·
1938 3232 1982 3301 C

252 3354 581 3434 φυτεύμένοι
670 3355 770 3412 εἰσί
808 3376 822 3390 ⁶
866 3357 953 3412 καὶ
1007 3353 1316 3432 έκλέγεσθαι
1376 3356 1450 3419 ὠς
1506 3357 1610 3413 ἀπὸ
1669 3357 1912 3422 ἀκανθῶν

254 3445 442 3521 κρίνα,
466 3447 573 3501 τῶν
634 3444 1083 3523 συμπνιγομένων
1118 3444 1327 3518 δηλαδὴ
1386 3450 1578 3522 ψυχῶν
1623 3451 1691 3523 τῇ
1722 3467 1913 3521 σωμα-

254 3539 389 3608 τικῇ
456 3535 712 3611 μερίμνῃ,
788 3537 884 3597 τὰς
953 3534 1153 3607 ταύτην
1232 3535 1510 3599 παντελῶς
1588 3538 1915 3612 ἀναθεμένας

259 3631 405 3697 θεῷ.
476 3623 744 3696 ἑπομένας
800 3625 946 3697 αὐτῷ
1005 3625 1055 3680 έν
1089 3624 1443 3702 Εύαγγελίοις
1474 3625 1728 3704 φάσκοντι
1763 3648 1777 3662 °
1811 3634 1916 3683 Κα-

256 3711 538 3785 ταμάθετε
589 3715 658 3768 τὰ
704 3712 859 3788 κρίνα
902 3718 998 3769 τοῦ
1048 3713 1236 3790 ἀγροῦ,
1288 3714 1370 3770 ὅτι
1426 3716 1490 3770 οὐ
1544 3722 1733 3788 κοπιᾷ,
1792 3714 1917 3771 οὐδὲ

256 3806 439 3875 νήθει.
466 3806 560 3857 Ὧν
619 3802 708 3857 καὶ
768 3824 929 3880 φησιν
972 3802 1164 3875 ἑκάστη
1203 3823 1216 3836 ·
1267 3805 1412 3881 Ἐγὼ
1487 3809 1568 3878 τῷ
1640 3803 1917 3884 ἀδελφιδῷ

261 3914 397 3967 μου,
431 3892 524 3947 καὶ
575 3892 605 3946 6
672 3889 963 3971 ἀδελφιδός
1042 3913 1147 3967 μου
1209 3892 1355 3967 ἐμοὶ,
1417 3895 1444 3949 6
1498 3894 1806 3968 ποιμαίνων
1864 3894 1915 3951 ἒν

252 3989 379 4045 τοῖς
441 3981 653 4043 κρίνοις
686 4000 701 4015 ⁸
765 3980 963 4051 εἳτουν,
1016 3983 1159 4059 Ἐγὼ
1196 3987 1276 4056 τῷ
1301 3987 1417 4056 Θεῷ
1449 3988 1543 4056 ζῶ,
1575 3988 1737 4061 νεκρά
1766 4005 1916 4059 γενο-

261 4074 405 4145 μένη
439 4075 520 4143 τῷ
559 4070 775 4144 κόσμῳ,
816 4071 905 4126 καὶ
962 4071 1015 4126 έν
1072 4070 1195 4145 ἐμοὶ
1259 4073 1423 4146 μόνος
1454 4074 1684 4149 Χριστὸς
1745 4078 1831 4148 ζῇ,
1891 4074 1919 4129 6

258 4160 532 4235 διεξάγων
585 4161 687 4229 τὴν
741 4161 877 4215 κατὰ
921 4159 1144 4239 γνώμην
1202 4162 1384 4232 τούτῷ
1410 4162 1680 4235 ἑπομένην
1712 4163 1919 4238 ψυχὴν,

259 4251 355 4307 καὶ
403 4248 674 4328 ἰκτρέφων
732 4247 810 4313 ὠς
859 4248 914 4306 έν
971 4249 1174 4327 κρίνοις
1228 4255 1347 4315 ταῖς
1406 4250 1758 4329 λαμπρότησι
1811 4256 1920 4309 τῶν

260 4342 479 4419 ἀρετῶν
489 4381 502 4395 .

969 4425 1220 4501 Ψελλοῦ,

338 4540 532 4597 Ταῦτα
566 4535 660 4610 μὶν
684 4536 773 4591 οῦν
808 4532 1112 4608 λελάληκεν
1146 4540 1262 4599 τοῖς
1294 4533 1518 4614 φύλαξιν
1550 4540 1585 4608 ἡ
1616 4536 1825 4616 νύμφη.

263 4629 507 4684 Ἐκεῖνοι
543 4622 590 4681 δ’
621 4620 1000 4701 ἀκριϐέστερον
1035 4625 1187 4689 αὗθις
1219 4623 1532 4703 έπερωτῶσι
1566 4646 1578 4659 ·

343 4718 467 4771 Ποῦ
554 4711 796 4785 ἀπῆλθεν
888 4714 916 4770 6
993 4711 1285 4794 ἀδελφιδός
1390 4737 1508 4786 σου,
1586 4718 1621 4786 ἡ
1685 4715 1830 4786 καλή
1879 4716 1931 4774 ἐν

268 4801 546 4879 γυναιξίς
602 4807 715 4859 Ποῦ
794 4801 1029 4876 ἀπῆλθε,
1098 4808 1205 4859 ποῦ
1260 4800 1559 4879 ἀπέϐλεψεν
1628 4807 1657 4861 6
1708 4804 1932 4887 ἀδελφι-

270 4892 367 4956 δός
402 4913 500 4947 σου
532 4910 548 4962 ;
580 4894 667 4949 καὶ
732 4894 1039 4967 ζητήσομεν
1072 4892 1235 4948 αὐτὸν
1272 4894 1405 4969 μετὰ
1436 4900 1550 4953 σοῦ.

344 4983 415 5040 Ὁ
444 4982 690 5045 ποταπὸς
718 4983 784 5052 ἦν
810 4981 1074 5059 πρότερον
1109 4983 1288 5053 οὗτος,
1324 4985 1721 5057 μεμαθηκότες,

270 5076 386 5127 Νῦν
425 5069 740 5142 έκζητοῦσιν
772 5071 863 5127 καὶ
900 5077 1085 5145 μαθεῖν
1111 5073 1200 5129 καὶ
1231 5076 1336 5127 ποῦ
1366 5094 1498 5129 ποτε
1529 5071 1727 5149 μετέϐη
1764 5093 1779 5107 ⁸

270 5158 514 5219 Οὐδέπω
545 5161 648 5237 γὰρ
676 5159 979 5235 ἐπέγνωσαν
1006 5164 1105 5231 τήν
1134 5162 1400 5238 σάρκωσιν
1423 5168 1519 5218 τοῦ
1540 5166 1742 5240 Λόγου,

265 5252 371 5307 Ἠν
405 5248 685 5313 κατελθὼν
721 5248 808 5304 ἐπὶ
841 5257 942 5321 τῆς
967 5253 1068 5327 γῆς
1100 5250 1354 5328 ἀῤῥήτως
1386 5251 1688 5327 ἐσαρκώθη.

264 5341 409 5398 Ὅτι
450 5338 499 5394 δ’
529 5337 591 5394 οὐ
615 5344 779 5395 πᾶσιν
810 5333 1069 5415 ἔγνωστο,
1105 5337 1496 5412 δὲσποτα,τοῖς
1527 5343 1804 5419 ἀγγέλοις,

270 5432 357 5489 Τὸ
389 5434 491 5500 τῆς
524 5428 991 5504 ένανθρωπήσεως
1028 5432 1329 5506 μυστήρίον
1360 5435 1456 5487 τοῦ
1486 5433 1686 5509 Λόγου,

276 5518 475 5597 Μέχρι
503 5526 607 5591 τῆς
638 5516 963 5597 ἀναλήψεως
988 5517 1151 5577 αὐτοῦ
1180 5520 1319 5598 πρὸς
1347 5521 1440 5579 τὸν
1472 5521 1710 5599 Ηατέρα,

354 5672 409 5712 ⁸³
438 5672 652 5733 Matth.
683 5689 768 5747 vx,
798 5674 888 5732 28.

2012 1948 2178 1987 suum
2206 1931 2279 1986 ad
2305 1931 2536 2003 phialas
2567 1931 2854 1986 aromatis.

2087 2018 2344 2076 Dilectus
2376 2036 2543 2075 meus
2593 2018 2693 2090 qui
2747 2018 3104 2075 substantiae
3153 2035 3272 2075 suae
3320 2016 3671 2074 celsitudine

2015 2113 2102 2165 est
2133 2109 2467 2176 invisibilis,
2499 2109 2695 2181 reipsa
2745 2113 3022 2179 tanquam
3078 2109 3138 2164 in
3197 2108 3435 2164 hortum
3494 2125 3670 2165 suum

2016 2200 2320 2256 descendit
2349 2199 2410 2254 in
2438 2202 2789 2267 creaturam,
2824 2214 3001 2269 quam
3031 2197 3247 2253 divinis
3267 2197 3671 2254 voluntatibus

2017 2290 2141 2347 suis
2173 2290 2299 2362 ipse
2332 2288 2635 2361 plantavit,
2669 2292 2727 2342 et
2756 2292 3040 2359 tanquam
3072 2288 3144 2343 ad
3186 2286 3415 2359 phialas
3447 2303 3671 2343 aroma-

2015 2379 2114 2448 tis,
2148 2380 2220 2434 ad
2253 2379 2483 2434 animas
2514 2377 2626 2433 sibi
2659 2392 2761 2449 per
2791 2377 2966 2432 ﬁdem
2997 2376 3058 2431 in
3081 2377 3267 2431 Deum
3296 2379 3515 2448 gratas,
3543 2392 3674 2432 sua-

2014 2469 2259 2525 vissimo
2319 2469 2519 2539 gratias
2579 2466 2768 2522 sancti
2825 2466 3077 2538 Spiritus
3138 2466 3315 2521 odore
3374 2466 3668 2537 perfusas.

2017 2560 2151 2622 Quae
2184 2556 2418 2627 quidem
2450 2555 2640 2627 gratia
2672 2572 2775 2627 per
2805 2552 3366 2625 contemplationem
3396 2557 3454 2608 et
3483 2552 3672 2608 actio—
3748 2560 3750 2563 ’

2018 2663 2178 2714 nem,
2222 2644 2500 2716 imaginis
2550 2648 2608 2699 et
2655 2640 3067 2698 similitudinis
3112 2641 3293 2697 decus
3340 2642 3402 2695 in
3450 2643 3535 2695 eis
3583 2639 3671 2696 sic

2018 2735 2333 2801 instaurat,
2366 2736 2430 2788 ut
2458 2749 2714 2805 sponsus
2764 2731 2823 2786 in
2876 2730 2994 2785 illis
3040 2734 3323 2802 tanquam
3375 2727 3672 2801 exemplar

2017 2826 2076 2879 in
2110 2824 2276 2896 signo
2302 2824 2535 2894 proprio
2561 2820 2947 2894 perspiciatur
2965 2837 3330 2892 expressum.
3356 2818 3672 2875 Descendit

2019 2919 2234 2980 autem,
2269 2916 2333 2967 ut
2363 2913 2589 2967 dictum
2620 2915 2730 2979 est,
2763 2915 2827 2966 ut
2856 2915 3057 2982 pascat
3086 2910 3145 2964 in
3174 2909 3357 2966 hortis
3384 2911 3458 2979 let
3504 2907 3672 2965 colli-

2019 3009 2117 3076 gat
2147 3001 2308 3058 lilia:
2337 3001 2447 3057 hoc
2478 3004 2587 3067 est,
2620 3004 2686 3055 ut
2731 3018 2865 3056 oves
2917 3002 3144 3055 ratione
3190 3000 3465 3071 praeditas
3513 3000 3674 3070 tegat

2020 3098 2078 3148 et
2109 3091 2329 3147 nutriat
2361 3107 2463 3162 per
2494 3089 2799 3145 scientiam
2832 3093 3009 3160 atque
3040 3089 3342 3157 virtutem,
3370 3088 3427 3143 in
3462 3092 3675 3142 natura

2020 3188 2147 3241 tum
2181 3180 2533 3253 intelligibili
2564 3185 2690 3236 tum
2724 3180 2990 3235 sensibili
3018 3197 3031 3235 :
3060 3180 3117 3234 in
3149 3180 3365 3249 quibus
3386 3179 3672 3234 virtutum

2022 3275 2282 3332 rationes
2314 3290 2381 3328 ac
2416 3271 2576 3327 modi
2629 3275 2909 3341 tanquam
2969 3270 3027 3325 in
3068 3270 3255 3325 hortis
3314 3270 3673 3342 quibusdam

2023 3363 2237 3422 consiti
2285 3364 2457 3428 sunt;
2513 3363 2571 3416 et
2626 3359 2862 3431 colligat
2916 3358 3095 3416 veluti
3152 3357 3278 3414 lilia
3338 3359 3408 3413 de
3460 3357 3675 3431 spinis,

2023 3470 2235 3526 nempe
2265 3469 2332 3507 ex
2363 3450 2673 3507 animabus
2706 3466 2833 3522 quae
2857 3448 3151 3522 corporeis
3173 3447 3671 3505 sollicitudinibus

2025 3543 2406 3611 sutiocantur,
2458 3540 2689 3595 animas
2743 3538 2876 3595 illas
2926 3556 3053 3612 qua:
3103 3538 3337 3610 rejectis
3377 3536 3671 3610 ejusmodi

2026 3634 2214 3708 spinis
2236 3632 2353 3687 Deo
2383 3636 2591 3703 parent
2619 3630 2755 3702 ipsi,
2787 3629 2850 3685 in
2880 3629 3213 3702 Evangeliis
3244 3630 3501 3686 dicenti:
3529 3630 3672 3685 Con-

2023 3725 2272 3780 siderate
2301 3722 2428 3777 lilia
2484 3721 2634 3790 agri,
2688 3735 2799 3774 non
2856 3719 3131 3790 laborant,
3189 3735 3364 3791 neque
3419 3723 3553 3775 nent
3581 3719 3668 3773 5’:

2026 3815 2283 3879 Quarum
2315 3811 2493 3866 etiam
2522 3808 2755 3881 singula
2810 3808 2986 3864 dicit:
3037 3810 3147 3877 Ego
3194 3810 3382 3881 nepoti
3425 3823 3567 3876 meo,
3622 3815 3673 3866 et

2025 3919 2189 3976 nepos
2217 3918 2368 3957 meus
2398 3900 2558 3970 mihi,
2590 3900 2687 3969 qui
2712 3900 2889 3970 pascit
2917 3899 3065 3953 inter
3094 3898 3244 3954 tilia.
3294 3897 3413 3969 Ego
3460 3897 3675 3969 quippe

2028 3992 2145 4048 Deo
2174 3991 2325 4057 vivo,
2356 3993 2589 4044 mortua
2621 3988 2864 4057 mundo,
2898 3992 2954 4043 et
2984 3987 3041 4042 in
3075 4004 3168 4042 me
3220 3985 3380 4043 solus
3408 3986 3678 4044 Christus

2028 4080 2191 4149 vivit,
2216 4077 2315 4150 qui
2350 4077 2500 4150 regit
2538 4076 2798 4132 animam
2849 4092 2979 4148 quae
3033 4076 3227 4148 ipsum
3276 4076 3566 4148 sequitur,
3625 4081 3683 4133 et

2032 4169 2220 4243 pascit
2249 4170 2309 4225 in
2338 4167 2503 4235 liliis,
2535 4168 2595 4223 in
2629 4165 3045 4240 splendoribus
3073 4166 3384 4224 virtutum.

2753 4436 2949 4492 Pselli.

2107 4544 2239 4600 Haec
2287 4542 2633 4599 custodibus
2679 4559 2899 4615 sponsa
2945 4560 3079 4599 cum
3130 4543 3548 4617 respondisset,
3601 4540 3686 4598 illi

2042 4649 2249 4690 rursus
2279 4648 2407 4687 eam
2441 4631 2806 4704 interrogant
2836 4631 3167 4688 accuratius
3195 4649 3208 4687 :

2118 4724 2231 4792 Quo
2260 4721 2398 4777 abiit
2427 4737 2595 4793 nepos
2620 4729 2769 4791 tuus,
2820 4737 2849 4778 ο
2893 4721 3132 4793 pulchra
3183 4723 3337 4778 inter
3380 4720 3692 4777 mulieres?

2046 4814 2159 4883 Quo
2188 4812 2435 4885 respexit
2464 4827 2630 4882 nepos
2668 4819 2795 4868 tuus
2815 4814 2841 4865 .9
2870 4815 2922 4868 et
2964 4828 3276 4885 queremus
3323 4827 3450 4867 eum
3492 4820 3693 4868 tecum.

2117 4991 2317 5056 Qualis
2348 4992 2458 5047 iste
2486 4991 2582 5059 sit,
2608 4992 2733 5061 jam
2766 4989 3188 5046 intelleximus.
3240 4990 3407 5045 Nunc
3452 5005 3695 5046 avemus

2046 5080 2191 5136 illud
2224 5080 2399 5138 etiam
2433 5080 2600 5149 scire,
2634 5096 2749 5151 quo
2781 5080 3183 5136 descenderit:
3217 5080 3481 5137 nondum
3539 5079 3698 5135 enim

2048 5170 2342 5242 cognitam
2403 5170 2622 5225 habent
2696 5170 2871 5225 Verbi
2952 5169 3436 5239 incarnationem,
3519 5186 3699 5241 quam

2048 5260 2332 5317 inetl‘abili
2380 5261 2605 5316 ratione
2663 5260 2721 5314 in
2781 5265 2999 5316 terram
3060 5262 3426 5317 descendens
3484 5260 3699 5317 induit.

2049 5350 2228 5420 Cujus
2260 5348 2500 5421 quidem
2533 5348 2963 5406 incarnationis
2996 5351 3340 5423 mysterium
3373 5368 3445 5407 ne
3480 5349 3706 5424 angelis

2052 5439 2314 5512 quidem,
2350 5442 2482 5495 ante
2513 5437 2686 5495 Verbi
2718 5439 3122 5497 ascensionem
3157 5441 3228 5497 ad
3261 5442 3492 5498 Patrem
3525 5440 3708 5497 fuisse

2051 5527 2441 5602 exploratum,
2475 5545 2542 5586 ex
2563 5546 2797 5587 summo
2818 5530 3240 5604 prophetarum
3270 5533 3480 5589 Davide
3500 5546 3711 5605 cogno-
