4046 6144
341 340 477 415 655.

1672 350 2101 412 MICHAELIS
2149 352 2421 413 PSELLI

3647 342 3771 410 656

341 504 487 544 sees.
518 487 662 543 Cum
687 486 843 542 enim
873 485 1210 555 angelorum
1255 484 1484 540 Christo
1519 482 1986 538 ministrantium

2121 484 2375 538 Ἀκουσον
2415 504 2465 537 τι
2500 504 2631 560 φησι
2667 478 2833 537 Δαὸὶδ
2862 486 2970 537 τῶν
3002 485 3309 561 προφητῶν
3345 482 3600 557 ἀκρότης.

342 578 598 643 ordines,
645 577 881 647 quando
928 579 1273 645 assumptus
1314 577 1422 644 est,
1473 571 1640 627 valde
1698 570 1997 643 supplica-

344 672 476 722 rent
522 683 589 721 ac
616 666 920 721 dicerent:
976 666 1167 721 Tollite
1206 672 1415 734 portas,
1447 663 1745 733 principes,
1789 664 1999 716 vestras

342 759 393 811 et
444 756 697 811 introibit
741 755 1012 811 Christus
1058 759 1175 809 Rea:
1213 753 1512 823 gloriae”:
1568 750 1652 806 illi
1700 750 2001 823 dispensa-

348 845 551 913 tionis,
624 845 840 917 inquit,
906 860 1187 898 arcanum
1258 860 1373 897 non
1440 840 1859 913 intelligentes,
1936 844 2000 895 ut

347 932 688 990 hazsitantes
734 934 1203 1004 responderunt:
1277 932 1407 999 Qui:
1455 940 1537 986 est
1579 932 1676 986 isle
1722 932 1834 985 Rea:
1881 931 1999 1000 glo-

346 1024 452 1079 ria
471 1024 558 1077 “P
588 1030 668 1077 Ac
699 1039 931 1093 sponsas
962 1022 1201 1093 quidem
1246 1022 1521 1076 custodes
1570 1020 1651 1075 ita
1699 1020 1996 1076 dixerunt.

342 1111 449 1167 Illa
480 1128 615 1167 vero
648 1112 963 1183 respondet
996 1110 1218 1182 angelis
1251 1109 1435 1183 ipsis:

408 1383 603 1451 Nepos,
634 1378 932 1449 inquiens,
966 1394 1117 1432 meus
1142 1377 1425 1432 descendit
1458 1376 1520 1431 in
1571 1375 1791 1431 hortum
1839 1393 2001 1431 suum

340 1470 411 1526 ad
430 1470 650 1542 phialas
673 1471 965 1539 aromatis,
1006 1472 1066 1524 ut
1091 1472 1281 1540 pascat
1326 1469 1386 1522 in
1436 1468 1628 1535 hortis,
1681 1470 1729 1523 el
1772 1466 2002 1536 colligat

348 1561 493 1615 lilia.

416 1656 666 1715 Arcana,
725 1647 939 1719 inquit,
1002 1645 1100 1702 ille
1164 1646 1389 1702 ratione
1446 1645 1770 1713 descendit,
1849 1645 2003 1701 sicut

341 1738 532 1793 imber
560 1754 739 1809 super
768 1737 987 1808 lanam,
1021 1736 1173 1792 sicut
1204 1753 1299 1792 ros
1330 1734 1389 1789 in
1419 1734 1632 1803 vellus,
1675 1735 1734 1789 in
1765 1738 1996 1790 uterum

2105 576 2218 625 Τὦν
2254 570 2718 647 λειτουργούντῶν
2750 572 2872 627 τότε
2892 573 2993 648 γὰρ
3016 573 3302 648 ταγμάτων
3336 576 3415 643 τῷ
3448 576 3691 646 Σωτῆρι,

2111 662 2252 737 Πρὸς
2284 663 2380 730 τὴν
2413 661 2684 736 ἀνάληψιν
2714 662 2878 717 αὖτθῦ
2915 660 3106 737 μεγάλ’
3138 662 3489 716 ἱκετευόντων
3519 681 3532 693 ·

2111 756 2309 824 ’Ἄρατε
2339 751 2533 822 πύλας,
2568 751 2749 825 ἄρατε,
2781 752 3083 827 ταγμάτων
3110 750 3439 827 ἀρχηγέται,

2109 841 2195 901 Ὡς
2230 839 2589 897 εἰσελεύσεται
2620 842 2848 917 Χριστὸς
2874 843 2902 895 6
2937 839 3200 902 Βασιλεὺς
3224 843 3325 905 τῆς
3355 837 3537 913 δόξης.

2112 931 2182 984 Αἱ
2217 932 2292 1002 μὴ
2325 932 2702 1005 γινώσκοντες,
2736 930 2890 1009 φησὶ,
2917 935 2983 985 τᾶ
3013 937 3112 1000 τῆς
3150 928 3491 1002 οἷ’κονομίας,

2111 1021 2579 1096 Ἀντικεκράγασιν
2615 1020 2800 1083 αὐτοῖς
2831 1020 3012 1095 ὥσπερ
3047 1019 3444 1093 ἐπαποροῦντες
3473 1038 3485 1051 ·

2109 1110 2199 1163 'r"
2234 1109 2247 1128 ’
2437 1109 2463 1127 τ
2649 1110 2657 1128 ’
2794 1132 2811 1142 -
3168 1108 3179 1127 ‘
3295 1115 3322 1126 ”
3387 1106 3441 1127 “’
3579 1128 3590 1140 ·

2154 1132 2198 1173 ις
2230 1131 2371 1165 εστιν
2405 1129 2567 1173 ουτος
2595 1109 2863 1187 λεγοντις,
2899 1112 2927 1164 6
2969 1109 3226 1171 Βασιλευς
3257 1130 3356 1178 της
3383 1112 3542 1181 οοξης
3579 1154 3592 1178 ,

2111 1198 2271 1255 Ἀλλ’
2302 1196 2444 1254 οὕτω
2480 1201 2573 1273 μεν
2618 1200 2899 1275 εἰρήκασιν
2930 1200 2980 1254 οἱ
3012 1198 3252 1276 φύλακες
3283 1198 3582 1277 τῇνύμφῃ,

2110 1291 2173 1345 Ἡ
2207 1285 2253 1343 δ’
2282 1289 2545 1365 ἀπεκρίθη
2581 1290 2717 1365 πρὸς
2742 1288 2934 1352 αὐτοὺς
2969 1287 3206 1365 λὲγουσα
3236 1288 3361 1351 τοὺς
3392 1288 3687 1365 ἀγγέλους·

2178 1375 2503 1456 Ἀδελφιδός
2596 1402 2700 1453 μου
2784 1373 2986 1447 κατέϐη
3076 1378 3154 1442 εἷς
3214 1384 3389 1447 πῆσον
3472 1378 3643 1432 αὐτοῦ
3687 1376 3765 1441 εἷς

2111 1467 2310 1545 φιάλας
2365 1472 2461 1522 τοῦ
2519 1469 2837 1541 ἀρώματος,
2893 1472 2989 1523 τοῦ
3053 1468 3370 1540 ποιμαίνειν
3427 1466 3478 1521 ἐν
3540 1469 3765 1540 κήποις,

2109 1558 2198 1612 καὶ
2232 1555 2516 1633 συλλέγειν
2539 1558 2713 1629 κρίνα.

2181 1650 2419 1710 Ἐκεῖνος
2450 1647 2814 1718 κατεληλυθε,
2846 1649 3031 1726 φησὶν,
3069 1646 3513 1724 ἀῤῥητοτρόπως,

2110 1738 2197 1799 Ὠς
2231 1735 2317 1791 ἐπὶ
2350 1739 2517 1792 πόκον
2556 1738 2726 1807 ὑετὸς,
2759 1736 2833 1799 ὡς
2858 1736 2943 1791 ἐπὶ
2976 1735 3154 1812 χλόην
3189 1733 3401 1812 δρόσος,

343 1843 501 1896 purae
532 1830 707 1897 atque
737 1824 1131 1880 immaculataa
1159 1824 1424 1897 virginis,
1461 1828 1525 1879 ut
1549 1823 1609 1878 in
1670 1827 1995 1878 aromatum

2121 1829 2196 1880 Ἐν
2220 1830 2286 1899 τῇ
2319 1826 2510 1901 γαστρὶ
2535 1829 2634 1895 τῆς
2664 1832 2901 1900 καθαρᾶς
2930 1827 3018 1880 καὶ
3050 1824 3399 1899 παναμώμου
3430 1821 3621 1898 κόρης,

341 1916 677 1971 divinorum
712 1914 972 1987 phialam
1024 1916 1327 1969 mundam.
1378 1915 1544 1969 Unde
1591 1914 1716 1968 sine
1765 1912 1989 1968 semine

335 2003 736 2076 progrediens,
770 2019 837 2057 eo
875 2002 1115 2073 quidem
1152 2002 1325 2056 modo
1358 2017 1473 2072 quo
1506 1999 1586 2055 illi
1620 2000 1727 2055 soli
1760 2004 1849 2055 est
1894 2016 1989 2055 co-

333 2091 555 2165 gnitus,
590 2092 649 2147 in
673 2091 903 2147 animas
961 2091 1270 2146 hominum
1332 2107 1512 2161 puras
1560 2089 1815 2144 inﬂuxit.
1873 2089 1989 2144 Has

329 2180 487 2236 enim
521 2185 604 2251 tu,
641 2198 761 2251 rex,
795 2180 1026 2252 phialas
1058 2182 1391 2235 aromatum
1425 2178 1690 2250 intelligo
1714 2197 1729 2247 ;
1756 2178 1990 2233 hortum

332 2276 530 2326 autem
565 2285 816 2342 agnosce
860 2270 1016 2324 hunc
1047 2269 1337 2323 mundum
1373 2268 1431 2322 in
1466 2284 1637 2339 quem
1689 2266 1993 2322 descendit

334 2359 627 2426 Christus,
680 2364 743 2413 ut
801 2358 1004 2414 ﬁdeles
1062 2357 1285 2413 sanctis
1358 2360 1624 2429 pasceret
1697 2356 1987 2428 eloquiis:

337 2447 535 2504 divina
565 2446 722 2503 enim
755 2447 986 2518 eloquia
1023 2450 1312 2503 vocantur
1347 2445 1491 2501 lilia.

409 2631 531 2695 Ego
560 2626 756 2695 nepoti
782 2642 921 2696 meo,
952 2629 1003 2680 et
1032 2642 1196 2697 nepos
1223 2641 1379 2680 meus
1409 2626 1568 2682 mihi.

412 2714 653 2780 Verum,
687 2730 803 2785 quo
845 2713 1103 2785 planius,
1161 2714 1355 2785 inquit
1412 2731 1512 2769 vos
1572 2715 1835 2785 doceam,
1894 2713 1994 2769 ille

345 2802 489 2857 mihi
527 2819 771 2875 prorsus
798 2810 881 2857 est
915 2800 1148 2857 similis.
1200 2804 1283 2856 Ad
1335 2801 1786 2857 similitudinem
1835 2803 1992 2857 enim

349 2908 515 2948 suam
542 2908 635 2946 me
667 2891 829 2962 prius
860 2891 984 2960 ipse
1012 2890 1300 2945 formavit.
1337 2891 1472 2945 Post
1512 2895 1708 2946 autem
1740 2892 1996 2963 graviter

348 2979 615 3036 collisam
676 2979 990 3047 renovavit,
1043 2981 1294 3034 formam
1369 2996 1561 3034 meam
1635 2995 1703 3033 ex
1772 2982 1995 3051 virgine

344 3070 698 3143 suscipiens.
747 3071 839 3125 Sic
896 3070 1078 3143 igitur
1138 3069 1376 3141 angelos
1433 3086 1651 3141 sponsa
1706 3074 1795 3125 est
1852 3069 1995 3125 allo-

345 3165 501 3217 cuta.

939 3268 1125 3322 Trium
1156 3268 1402 3322 Patrum.

420 3356 719 3412 Virtutum
751 3356 929 3413 decus
960 3356 1021 3410 in
1052 3356 1146 3411 his
1178 3355 1658 3425 adolescentulis,
1688 3355 1746 3411 id
1780 3360 1889 3427 est,
1943 3356 2001 3411 in

351 3446 664 3503 animabus
696 3462 951 3517 sponsus
970 3444 1097 3517 ipse
1119 3444 1499 3501 considerans
1523 3444 1700 3500 veluti
1724 3462 2003 3518 sponsam

355 3535 677 3607 alloquitur
708 3536 778 3590 ad
814 3535 969 3589 hunc
1002 3534 1240 3589 modum
1270 3550 1281 3588 :
1314 3534 1553 3589 Pulchra
1584 3550 1661 3601 es,
1694 3537 2005 3607 prepinqua

361 3640 499 3691 mea,
560 3628 707 3679 sicut
764 3624 903 3679 bona
952 3624 1233 3677 voluntas.
1286 3622 1447 3678 Bona
1514 3641 1596 3690 es,
1676 3624 2006 3696 propinqua

362 3728 514 3779 mea,
547 3728 614 3767 ex
643 3711 848 3766 divinae
896 3711 1198 3784 sapientiae
1255 3716 1309 3767 et
1357 3711 1638 3768 bonitatis
1692 3713 2007 3785 participa-

358 3802 537 3869 tione,
574 3805 773 3873 utpote
813 3820 940 3874 qua:
999 3801 1287 3857 voluntati
1349 3818 1489 3856 mets
1547 3820 1648 3873 per
1706 3820 1882 3875 quam
1941 3820 2010 3859 ex

358 3890 543 3946 nihilo
577 3892 729 3947 facta
760 3908 843 3962 es,
880 3891 1122 3946 minime
1152 3908 1466 3963 repugnes,
1500 3894 1597 3947 sed
1651 3909 1719 3947 ex
1766 3908 1834 3948 ea
1886 3897 2009 3949 tota

355 3984 636 4056 pendeas,
698 3984 837 4038 dum
895 3982 1174 4054 imaginis
1232 3988 1289 4038 et
1347 3983 1754 4039 similitudinis
1831 3986 2008 4041 decus

356 4088 687 4128 conservas.
751 4073 1142 4136 Quamobrem
1206 4073 1398 4129 decora
1470 4074 1644 4129 etiam
1725 4090 1806 4147 es,
1870 4077 2010 4131 sicut

355 4162 685 4217 Jerusalem.
720 4165 997 4217 Formosa
1031 4162 1338 4230 nimirum,
1372 4164 1506 4217 dum
1562 4167 1761 4218 notam
1815 4181 2006 4220 meam

358 4253 538 4321 atque
569 4250 832 4305 habitum
871 4252 942 4306 ab
984 4251 1143 4306 omni
1194 4252 1635 4322 perturbatione
1687 4254 2010 4309 remotissi-

359 4356 522 4394 mum
556 4339 844 4409 defendis,
880 4340 936 4393 in
969 4344 1022 4395 te
1052 4340 1183 4411 ipsa
1212 4357 1303 4395 me
1325 4357 1526 4412 pacem
1551 4341 1739 4397 Patris
1761 4348 2011 4399 contem-

358 4428 535 4501 plaris
568 4428 667 4500 qui
702 4433 758 4483 te
810 4427 892 4482 illi
962 4428 1284 4484 éonciliavi.
1337 4429 1477 4483 Nam
1538 4430 1890 4501 Jerusalem,
1950 4434 2013 4487 ut

355 4519 692 4589 docuimus,
723 4518 886 4589 pacis
938 4522 1026 4573 est
1074 4518 1242 4573 visio.
1298 4521 1664 4591 Quapropter
1720 4537 1781 4575 es
1828 4521 2006 4577 etiam

2108 1916 2205 1970 Καὶ
2236 1915 2310 1976 εἷς
2337 1913 2539 1992 φιάλην
2574 1915 2807 1989 καθαρὰν
2840 1919 2946 1969 τῶν
2983 1913 3139 1978 θείων
3176 1914 3505 1990 ἀρωμάτων,

2100 2004 2188 2075 Ἐξ
2218 2007 2282 2073 ἧς
2312 2004 2564 2080 ἀσπόρως
2596 2002 2877 2077 προελθὼν
2915 2005 3081 2076 μόνος
3114 2003 3273 2065 αὑτὸς
3297 2003 3370 2065 ὠς
3406 2000 3569 2073 οἶδεν,

2101 2094 2193 2156 Εἷς
2225 2095 2317 2155 τὰς
2349 2093 2528 2167 ψυχας
2558 2097 2665 2148 τῶν
2706 2097 2955 2168 καθαρῶν
2984 2092 3280 2166 ἀνθρώπιον
3328 2092 3616 2169 μετερῥῦη.

2099 2182 2304 2245 Ταύτας
2333 2182 2431 2256 γὰρ
2466 2179 2596 2253 ἴσθι,
2630 2179 2881 2253 δέσποτα,
2918 2179 3113 2259 φιάλας
3147 2183 3475 2256 ἀρωμάτων,

2100 2276 2303 2347 ’Ὠσπερ
2332 2270 2421 2325 καί
2451 2278 2626 2341 κῆπον
2675 2271 2906 2347 γίνωσκε
2950 2274 3141 2325 τοῦτον
3182 2272 3274 2324 τὸν
3314 2271 3542 2343 κόσμον,
3576 2269 3704 2342 ἅναξ
3741 2292 3755 2307 ”

2102 2364 2188 2419 Ἐν
2220 2362 2264 2434 ᾧ
2295 2360 2561 2431 κατῆλθεν
2597 2362 2624 2416 6
2654 2362 2905 2435 Χριστὸς,
2936 2361 3025 2414 καὶ
3057 2359 3185 2424 τοὺς
3210 2361 3640 2423 πεπισκευκότας

2105 2450 2425 2525 Ἐποίμανεν
2461 2449 2535 2513 ὠς
2566 2449 2788 2520 ἀληθῶς
2819 2454 2936 2510 τοῖς
2967 2444 3286 2521 σεϐασμίοις
3321 2447 3525 2524 λόγοις.

2104 2539 2271 2617 Κρίνα
2300 2541 2402 2614 γὰρ
2432 2542 2600 2593 ταῦτα
2632 2536 2844 2612 λέγεται
2876 2539 2942 2593 τὰ
2974 2539 3139 2612 Λόγια
3168 2538 3235 2592 τὰ
3258 2543 3395 2601 θεῖα.

2174 2628 2314 2705 Ἐγὼ
2345 2633 2424 2701 τῷ
2448 2624 2722 2706 ἀδελφιδῷ
2760 2649 2884 2700 μου,
2918 2627 3005 2681 καὶ
3033 2624 3322 2704 άδελφιδός
3359 2649 3462 2699 μου
3496 2626 3644 2701 ἐμοί.

2103 2716 2259 2776 Ἀλλ’
2283 2715 2371 2772 ’ἶνα
2397 2739 2472 2790 τι,
2506 2718 2690 2795 φησὶν,
2730 2718 2868 2789 ὑμᾶς
2902 2716 3223 2795 σαφέστερον
3256 2713 3474 2790 διδάξω,

2104 2812 2340 2867 Ἐκεῖνος
2371 2805 2563 2879 ὅμοιος
2592 2803 2715 2877 ἐμοὶ
2746 2806 3003 2881 τυγχάνει
3034 2805 3170 2859 κατά
3199 2804 3367 2861 πάντα
3402 2825 3415 2837 °

2102 2894 2344 2952 Ἐπλασε
2373 2895 2472 2970 γάρ
2509 2915 2574 2967 με
2601 2893 2862 2969 πρότερον
2895 2893 3100 2948 ἐκείνου
3133 2896 3246 2949 κατ’
3272 2895 3474 2968 εἰκόνα,

2106 2984 2209 3041 Καὶ
2241 2984 2406 3038 πάλιν
2436 2983 2727 3038 ἀνεκαίνισε
2760 2980 2949 3045 δεινῶς
2986 3004 3052 3055 με
3077 2978 3471 3059 συντριϐεῖσαν,

2104 3078 2190 3135 Ὡς
2211 3074 2311 3141 τὴν
2342 3072 2481 3144 ἐμὴν
2514 3070 2823 3147 ἀνειληφὼς
2858 3073 3075 3150 μορφὴν
3109 3072 3167 3127 ἐκ
3195 3079 3293 3141 τῆς
3314 3075 3603 3148 παρθένου.

2108 3165 2288 3219 Ταῦτα
2322 3162 2416 3234 μὲν
2447 3161 2536 3215 οὖν
2570 3158 2874 3231 λελάληκεν
2908 3163 2942 3230 ἡ
2975 3161 3157 3239 νύμφη
3189 3166 3309 3223 τοῖς
3341 3162 3621 3237 ἀγγέλοις,

2681 3271 2801 3325 Τῶν
2831 3270 2877 3344 γ’
2910 3269 3183 3344 Πατὲρων.

2180 3359 2355 3421 Αὐτὸς
2403 3358 2430 3411 6
2490 3357 2722 3436 νυμφίος
2775 3358 2873 3426 τὴν
2946 3356 3088 3434 ὥραν
3144 3362 3252 3413 τῶν
3313 3360 3757 3435 κατορθωμάτων

2110 3453 2228 3509 ταῖς
2257 3446 2532 3508 τοιαύταις
2583 3450 2788 3521 ψυχαῖς
2837 3446 3150 3521 ἐπικρίιων,
3202 3445 3390 3521 ἤγουν,
3440 3451 3548 3501 τῶν
3576 3446 3761 3502 νεανί-

2115 3534 2431 3609 δων,οἳονεί
2477 3557 2609 3609 φησι
2662 3535 2796 3611 πρὸς
2854 3535 3019 3605 αὐτήν
3056 3552 3068 3565 °
3116 3532 3271 3603 Καλή
3325 3537 3393 3603 εἴ,
3434 3536 3467 3604 ἠ
3522 3535 3760 3606 πλησίον

2118 3647 2243 3700 μου,
2278 3625 2352 3686 ὠς
2385 3623 2617 3681 εὐδοκία,
2654 3624 2943 3694 Δηλονότι,
2990 3625 3193 3699 Ἀγαθὴ
3214 3623 3513 3700 ὑπάρχεις,
3537 3627 3571 3694 ἡ
3605 3625 3766 3701 ἐγγύς

2120 3736 2245 3788 μου,
2277 3714 2410 3769 κατᾶ
2432 3716 2531 3783 τὴν
2581 3721 2679 3783 τῆς
2726 3714 2869 3775 θείας
2916 3712 3106 3792 σοφίας
3144 3713 3233 3767 καὶ
3267 3712 3601 3790 ἀγαθότητος
3633 3736 3762 3787 μετ-

2118 3806 2258 3880 οχήν
2295 3826 2307 3837 ·
2344 3804 2416 3865 ὠς
2446 3808 2524 3876 νῷ
2563 3803 2834 3877 θελήματί
2887 3825 2991 3876 μου
3028 3823 3040 3836 ο
3069 3804 3188 3857 καθ’
3245 3803 3273 3857 ’ὀ
3332 3801 3391 3857 ἐκ
3440 3808 3536 3858 τοῦ
3572 3806 3647 3877 μὴ
3682 3800 3775 3861 ὄν-

2116 3915 2206 3956 τος
2254 3895 2569 3969 παρήχθης,
2632 3895 2706 3966 μή
2768 3892 2910 3947 κατὰ
2966 3914 3019 3947 τι
3078 3892 3452 3965 ἀντικειμένη,
3485 3891 3611 3949 ἀλλ’
3663 3891 3770 3965 ὅλη

2116 3982 2311 4038 τούτου
2344 3980 2749 4056 ἐξηρητημὶνη,
2788 3981 2876 4036 καὶ
2933 3980 2984 4036 ἐν
3034 3970 3111 4053 τῷ
3140 3982 3419 4057 τηρεῖν-τὸ
3450 3987 3569 4038 κατ’
3597 3981 3781 4037 εἰκόνα

2116 4094 2174 4127 τε
2202 4073 2287 4127 καὶ
2340 4072 2401 4125 τὸ
2445 4073 2564 4135 καθ’
2628 4069 2894 4145 ὁμοίωσιν
2931 4089 2944 4103 ’
3006 4070 3244 4135 ἐντεῦθεν
3308 4067 3365 4125 δὲ
3420 4072 3535 4140 καὶ,
3593 4071 3780 4148 Ὡραῖα

2119 4162 2193 4224 ὡς
2250 4159 2630 4236 Ἰερουσαλήμ.
2684 4158 2931 4230 Δηλαδὴ,
2983 4159 3161 4228 Καλή,
3204 4159 3278 4221 ὠς
3324 4158 3374 4214 ἐν
3441 4158 3604 4234 ἑαυτῇ
3665 4162 3777 4215 σώ-

2121 4255 2281 4320 ζουσα
2337 4250 2425 4303 τὸν
2489 4249 2618 4322 ἐμὸν
2673 4256 3016 4325 χαρακτῆρα,
3096 4247 3186 4321 καὶ
3246 4248 3345 4317 τήν
3400 4248 3777 4319 ἀπαθεστάτην

2117 4338 2223 4411 ἕξιν
2256 4334 2569 4408 ἀλώϐητον,
2629 4337 2725 4412 ἐμὲ
2781 4340 2879 4408 τὴν
2923 4337 3145 4411 εἰρήνην
3197 4342 3294 4392 τοῦ
3330 4337 3539 4413 [ἰατρὸς
3569 4339 3776 4413 ὁρῶσα,

2121 4428 2178 4489 ὅς
2237 4450 2293 4482 σε
2348 4428 2526 4500 τούτῳ
2578 4426 2919 4498 κατήλλαξα.
2968 4430 3189 4500 Ὅρασις
3237 4426 3338 4501 γὰρ
3398 4426 3644 4501 εἰρήνης,
3701 4424 3779 4490 ὡς

2120 4519 2441 4593 προείρητο,
2503 4516 2865 4592 Ἰερουσαλὴμ
2933 4514 3306 4592 ἑρμηνεύεται.
3374 4517 3529 4573 ’Ὁθεν
3587 4513 3633 4570 εἶ
3685 4515 3779 4569 καὶ

357 4616 565 4675 terror,
601 4612 665 4662 ut
714 4607 865 4663 acies
916 4607 1205 4662 ordinata.
1255 4608 1399 4662 Tota
1454 4607 1725 4663 videlicet
1777 4614 2003 4681 stupor,

2124 4602 2355 4679 Θάμϐος,
2391 4606 2465 4669 ὡς
2493 4605 2857 4681 τεταγμέναι·
2911 4602 3059 4675 ἤτοι,
3094 4602 3405 4675 ’Έκπληξις
3448 4602 3553 4673 ὅλη
3588 4602 3675 4658 ἐπὶ
3704 4608 3773 4678 τῇ

359 4696 499 4751 dum
534 4696 590 4749 in
624 4693 1121 4765 contemplatione
1145 4699 1367 4749 natura:
1402 4712 1542 4750 mea:
1568 4695 2015 4768 incomprehen-

358 4784 550 4840 sibilis
580 4784 973 4856 obstupescis,
1008 4784 1511 4855 quemadmodum
1546 4789 1600 4839 et
1623 4786 1805 4841 divini
1838 4792 2014 4859 atque

358 4871 610 4945 angelici
674 4872 909 4928 ordines
964 4872 1353 4927 admiratione
1410 4873 1653 4943 stupidi,
1705 4874 2014 4931 inaccessas

358 4962 821 5032 pulchritudinis
854 4978 995 5017 mea:
1021 4962 1344 5017 reverentia
1367 4966 1423 5016 et
1456 4962 1764 5019 formidine
1788 4969 2016 5021 contre-

361 5051 640 5106 miscunt.
673 5052 925 5106 Proinde
960 5055 1141 5105 averte
1170 5052 1352 5105 oculos
1379 5054 1496 5106 tuos
1526 5070 1555 5106 a
1610 5070 1717 5123 mc,
1757 5056 2016 5124 quoniam

362 5141 469 5210 ipsi
496 5156 583 5195 me
612 5139 837 5195 avolare
864 5144 1134 5211 fecerunt.
1169 5142 1227 5195 Id
1264 5145 1371 5211 est,
1408 5159 1479 5196 ne
1511 5143 1738 5197 coneris
1790 5160 1880 5199 me
1913 5145 2013 5216 qui

361 5230 756 5285 substantiam
790 5247 1022 5301 supero,
1048 5248 1115 5285 ex
1137 5232 1470 5285 substantia
1494 5233 2010 5304 comprehendere.

361 5319 587 5383 Quanto
621 5320 777 5373 enim
814 5320 1001 5391 magis
1035 5320 1091 5374 in
1127 5337 1216 5374 me
1256 5321 1803 5392 comprehendendo
1854 5321 2014 5378 labo-

362 5406 601 5471 raveris,
634 5410 796 5461 tanto
829 5406 1064 5479 longius
1098 5426 1130 5463 a
1161 5409 1375 5465 mentis
1409 5416 1520 5465 tuaa
1552 5410 1737 5466 oculis
1786 5411 2014 5467 incom-

360 5496 688 5571 prehensus
720 5494 983 5552 avolabo.
1018 5496 1129 5552 Sed
1163 5515 1262 5554 eos
1293 5516 1326 5554 a
1356 5500 1691 5556 substantia
1720 5516 1849 5557 mea
1887 5518 2013 5575 qua;

435 5698 481 5735 ⁸³
510 5695 663 5755 Psal.
698 5709 862 5764 xxm,
894 5693 949 5763 7,
981 5695 1035 5765 9,
1110 5696 1157 5731 ⁸⁴
1186 5695 1329 5752 ibid.
1362 5699 1421 5769 8,
1453 5699 1539 5755 10.

2126 4696 2323 4771 θεωρίᾳ
2354 4693 2768 4767 ἐκπληττομένη
2839 4695 2974 4767 ὲμοῦ
3041 4697 3138 4748 τοῦ
3194 4695 3310 4748 κατ’
3364 4692 3546 4747 ουσίαν
3581 4693 3781 4748 ἀκατα-

2125 4782 2339 4854 λήπτου
2375 4805 2386 4817 ·
2440 4780 2617 4857 ὥσπερ
2676 4782 2768 4837 καὶ
2823 4784 2877 4837 αἱ
2936 4782 3075 4837 Θεῖαί
3135 4804 3193 4837 τε
3249 4783 3338 4837 καὶ
3382 4780 3659 4858 ἀγγελικαι
3690 4782 3785 4836 τά-

2125 4873 2229 4945 ξεις
2265 4869 2509 4945 θάμϐους
2559 4871 2940 4948 πληρούμεναι
2995 4877 3074 4944 τῷ
3130 4867 3283 4949 φόϐῳ
3340 4876 3440 4926 τοῦ
3483 4870 3782 4945 ἀπροσίτου

2128 4984 2233 5036 μου
2281 4962 2520 5025 κάλλους
2574 4960 3105 5019 κατακαλύπτονται.
3152 4961 3351 5037 Διόπερ
3406 4961 3780 5035 Ἀπόστρεψον

2126 5050 2442 5130 ὀφθαλμούς
2519 5074 2612 5106 σου
2686 5050 2935 5106 ἀπέναντί
3028 5072 3153 5125 μου,
3234 5051 3360 5105 ὅταν
3443 5049 3599 5105 αὐτοὶ
3689 5049 3783 5103 ἆν-

2125 5142 2428 5217 επτὲρωσάν
2462 5162 2527 5214 με
2561 5160 2572 5173 ·
2633 5138 2825 5217 ἤγουν,
2886 5142 2979 5210 Μὴ
3043 5142 3189 5211 ζήτει
3259 5140 3375 5194 κατ’
3408 5138 3595 5194 οὐσίαν
3625 5159 3787 5194 κατα-

2126 5225 2309 5286 λαϐεῖν
2346 5252 2412 5303 με
2458 5231 2548 5285 τὸν
2602 5232 2941 5305 ὑπερουσιον,
2976 5229 3059 5285 ὅτι
3113 5228 3237 5283 ὅσιν
3300 5226 3359 5283 ἃν
3416 5225 3651 5303 σπεύδῃς
3683 5249 3784 5283 καο

2120 5315 2373 5375 ταλαὸεῖν
2414 5342 2497 5393 με,
2552 5321 2808 5376 τοσοῦτόν
2862 5340 2955 5374 σου
3023 5318 3149 5380 τοὺς
3205 5316 3427 5394 νοεροὺς
3459 5316 3785 5396 ἀφθαλμοὺς

2121 5414 2188 5483 τῇ
2238 5409 2583 5484 ἀκαταληψίᾳ
2653 5409 3040 5487 ὑπερίπταμαι.
3105 5406 3288 5464 ’Λλλά
3365 5405 3594 5484 στρέψον
3652 5406 3783 5462 τού-

2120 5520 2248 5562 τους
2279 5500 2384 5555 ἀπὸ
2434 5504 2530 5555 τοῦ
2577 5501 2694 5555 κατ’
2748 5499 2928 5556 οὐσίαν
2974 5499 3311 5575 ἀθεωρήτου,
3347 5494 3423 5559 εἷς
3456 5496 3517 5551 τὸ
3551 5506 3776 5573 θεωρη-

3028 5072 3153 5125 μου,
