4046 6144
277 247 398 313 859

1650 244 2077 308 MICHAELIS
2119 245 2393 307 PSELLI

3575 247 3701 311 660

273 377 505 437 tatibus
534 380 899 449 exornatam,
930 377 1107 451 coepit
1134 376 1299 435 illam
1338 376 1429 436 his
1487 376 1682 435 verbis
1713 376 1930 434 collau-

2070 370 2202 432 Λλλ’
2234 375 2261 431 6
2292 371 2521 449 πληρῶν
2552 376 2615 431 τὸ
2646 373 2866 450 θέλημα
2892 372 3002 432 τῶν
3029 375 3188 432 αὑτὸν
3222 376 3578 453 ἆγαπωντων,

280 468 419 525 dare
447 482 463 524 :

358 732 577 807 Capilli
596 735 682 790 tui
702 736 851 791 sicut
892 750 1087 804 greges
1132 752 1453 808 caprarum,
1482 750 1607 809 qua:
1663 749 1940 806 apparue-

285 827 422 880 runt
449 823 513 879 de
537 823 759 880 Galaad.
800 825 989 880 Dentes
1019 825 1105 879 tui
1132 825 1275 879 sicut
1294 840 1485 894 greges
1505 828 1789 880 tonsuram
1820 837 1943 896 quae

286 914 656 970 ascenderunt
712 914 775 969 de
834 914 1072 981 lava-cro,
1133 930 1315 971 omnes
1357 914 1607 985 gemellis
1636 913 1860 984 fetibus,
1892 919 1944 968 et

2070 915 2157 967 τῶν
2261 912 2606 989 κεκαρμένων
2643 956 2659 983 ,
2747 916 2803 970 αἳ

287 1002 502 1059 ειενίιὼ
526 1020 641 1058 non
670 1008 747 1058 est
778 1005 839 1059 in
870 1006 968 1059 eis.
1002 1005 1155 1061 Sicut
1182 1005 1468 1076 funiculus
1497 1004 1777 1059 coccineae
1796 1002 1947 1057 labia

290 1101 410 1164 tua,
442 1101 493 1148 et
521 1094 805 1165 eloquium
862 1102 1016 1149 tuum
1063 1093 1341 1150 decorum.
1403 1093 1554 1149 Sicut
1592 1101 1780 1149 cortex
1807 1092 1949 1147 mali

288 1184 484 1256 punici
497 1198 653 1253 genae
680 1187 815 1252 tuae,
836 1191 1044 1256 praeter
1071 1185 1359 1241 silentium
1382 1191 1538 1240 tuum
1556 1182 1623 1238 ⁸⁸.

366 1453 469 1511 His
509 1470 789 1526 sponsam
845 1452 1123 1510 laudibus
1181 1454 1253 1509 ad
1306 1452 1620 1511 mulierum
1670 1468 1864 1509 mores
1894 1455 1951 1510 et

299 1541 642 1615 nuptiarum
673 1559 902 1599 amores
934 1543 1260 1615 aptissimis
1291 1560 1548 1615 sponsus
1577 1542 1803 1598 extulit.
1837 1541 1948 1598 Sed

298 1632 511 1689 harum
546 1636 606 1688 tu
640 1630 881 1690 laudum
915 1633 1181 1689 omnium
1211 1631 1948 1705 explanationem,stephe-

301 1720 507 1792 phore,
530 1722 805 1794 superius
831 1738 865 1778 a
912 1721 1083 1778 nobis
1110 1722 1409 1795 accepisti.
1441 1724 1627 1790 Quare
1650 1724 1777 1795 jam
1799 1722 1952 1779 Can-
1981 1756 2031 1823 Β

300 1809 551 1868 tioorum
577 1812 755 1869 ﬁnem
799 1811 1131 1869 audiamus.

370 2170 676 2242 Sexaginta
703 2177 840 2229 sunt
869 2173 1106 2243 reginae,
1144 2177 1195 2229 et
1234 2174 1510 2243 octoginta
1539 2173 1885 2243 concubinae,
1907 2170 1961 2231 ετ

296 2260 723 2319 adolescentulac
778 2278 1015 2334 quarum
1069 2278 1182 2319 non
1238 2271 1319 2319 est
1362 2280 1650 2319 numerus.
1714 2265 1831 2320 Una
1878 2272 1961 2319 est

295 2351 554 2408 columba
574 2366 717 2421 mea,
746 2355 990 2423 perfecta
1018 2368 1163 2419 mea,
1200 2368 1314 2407 una
1344 2365 1422 2407 est
1452 2354 1625 2408 matri
1679 2368 1823 2420 suae,
1854 2354 1960 2408 ele-

290 2444 383 2499 cta
410 2444 491 2497 est
509 2442 773 2513 genitrici
801 2456 935 2499 sua”.
967 2440 1231 2498 Viderunt
1287 2443 1449 2497 illam
1479 2443 1638 2513 ﬁliae,
1700 2444 1958 2499 beatissi-

296 2546 446 2585 mam
472 2529 861 2602 prwdz'cabunt
888 2547 1031 2588 eam.
1066 2532 1291 2603 Reginae
1330 2539 1381 2588 σι
1410 2533 1726 2587 concubium
1758 2532 1959 2589 lauda-

306 2619 441 2677 bunt
469 2636 612 2676 eam.

370 2708 861 2782 Sapientissimus
944 2708 1042 2765 ille
1117 2708 1419 2778 Salomon,
1503 2709 1797 2767 mirabilis
1861 2709 1961 2767 ille

307 2799 592 2873 propheta
619 2803 899 2869 tanquam
957 2799 1015 2853 in
1077 2799 1318 2870 speculo
1369 2799 1721 2870 propheticis
1751 2799 1961 2866 oculis,

308 2887 641 2945 animarum
695 2905 823 2961 quas
872 2888 1123 2945 salutem
1184 2895 1585 2959 assequuntur
1661 2905 1857 2945 mores
1904 2894 1962 2949 et

306 2977 580 3048 virtutes,
605 2977 746 3045 imo,
773 2980 838 3032 ut
889 2994 1021 3033 vere
1068 2977 1282 3049 dicam,
1341 2978 1580 3033 ordines
1636 2982 1693 3034 et
1744 2980 1962 3050 gradus

308 3067 553 3140 aspexit.
588 3068 731 3124 Tres
760 3066 937 3133 enim,
972 3072 1038 3122 ut
1094 3067 1240 3123 mihi
1290 3068 1579 3139 persuasi,
1628 3074 1769 3124 sunt
1799 3070 1956 3125 ordi-

305 3174 414 3221 nes
438 3174 641 3214 eorum
673 3158 774 3229 qui
806 3156 1132 3213 salvantur.
1181 3159 1296 3212 Aut
1345 3158 1500 3213 enim
1538 3164 1679 3214 sunt
1708 3158 1837 3229 ﬁlii,
1862 3165 1963 3216 aut

306 3247 679 3318 mercenarii,
715 3251 817 3303 aut
848 3246 1154 3310 servi.Qui
1177 3247 1336 3302 enim
1388 3265 1423 3303 a
1478 3249 1697 3304 teneris
1748 3249 1963 3321 ungui-

312 3335 464 3394 culis
494 3353 564 3393 ex
592 3340 712 3393 toto
746 3338 920 3393 corde
963 3336 1147 3394 Deum
1187 3353 1385 3392 rerum
1444 3337 1708 3393 omnium
1760 3343 1963 3395 aucto-

305 3443 433 3485 rem
463 3427 755 3500 optimum
788 3426 1064 3498 diligunt,
1097 3429 1155 3482 et
1183 3441 1385 3481 amore
1421 3425 1635 3499 ipsius,
1670 3428 1964 3485 mundum

310 3520 366 3572 et
423 3533 553 3588 quae
608 3516 668 3570 in
728 3516 950 3571 mundo
992 3519 1153 3585 sunt,
1213 3519 1679 3586 contemnentes,
1732 3518 1963 3575 Christo

319 3607 503 3663 Verbo
533 3611 590 3662 et
619 3622 833 3678 sponso
859 3607 1324 3678 conjunguntur,
1357 3606 1556 3662 divina
1586 3609 1780 3679 gratia
1810 3609 1962 3663 ﬁlio-

315 3712 445 3752 rum
479 3696 743 3751 ordinem
770 3694 1061 3750 obtinent.
1094 3694 1201 3759 Qui
1261 3698 1458 3749 autem
1513 3696 1678 3767 regni
1713 3696 1966 3752 caelestis

315 3783 634 3855 cupiditate
666 3783 902 3838 adducti
938 3790 1002 3838 ut
1031 3800 1097 3838 eo
1128 3782 1451 3854 potiantur,
1483 3783 1971 3857 Cbristodiligen-

312 3877 404 3929 ter
420 3870 833 3941 inserviunt,in
854 3871 1487 3929 mercenariorumloco
1501 3874 1961 3931 constituuntur.

315 3968 391 4018 At
412 3963 510 4034 qui
545 3961 798 4035 peccatis
829 3962 1110 4017 omnibus
1137 3962 1427 4032 obruti,ut
1458 3978 1564 4036 ego
1591 3963 1809 4031 infelix,
1834 3981 1964 4019 cru-

311 4053 576 4110 ciatuum
632 4056 689 4107 et
743 4050 1167 4123 suppliciorum
1218 4051 1534 4107 formidine
1582 4052 1965 4126 resipiscunt,

311 4148 369 4199 et
402 4140 801 4214 paenitentiam
835 4145 1019 4213 agunt
1047 4141 1321 4213 (quorum
1348 4142 1409 4197 in
1459 4158 1705 4199 numero
1737 4144 1963 4200 utinam

310 4231 437 4303 ipse
467 4245 699 4303 quoque
729 4229 841 4286 sim
873 4245 976 4303 per
1005 4230 1255 4302 gratiam
1289 4234 1474 4299 tuam,
1509 4248 1540 4286 ο
1564 4231 1793 4288 Christe
1824 4236 1963 4287 Ver-

310 4321 452 4376 bum
480 4318 751 4376 Salvator
776 4317 816 4393 ι)
840 4319 897 4374 in
930 4336 1232 4376 servorum
1260 4321 1360 4393 qui
1393 4325 1591 4376 tamen
1628 4320 1768 4376 salvi
1816 4322 1967 4378 fiunt

310 4409 515 4467 ordine
544 4408 926 4467 collocantur.
960 4413 1073 4465 Has
1104 4409 1323 4465 classes
1356 4414 1531 4480 atque
1581 4410 1690 4466 hos
1731 4412 1964 4467 ordines

2045 463 2219 528 Εὐθὺς
2253 459 2513 520 ἐπέϐαλεν
2546 466 2682 540 αὺτῇ
2713 464 2841 529 τοὺς
2872 463 3186 544 ὀφθαλμοὺς
3214 464 3341 530 τοὺς
3376 465 3574 532 θείους.

2049 551 2201 612 Ἰδὼν
2237 550 2294 609 δὲ
2319 553 2520 626 ταύτην
2551 555 2765 631 ἀρεταῖς
2796 556 3378 630 κατακεκοσμημένην,

2044 643 2282 717 ’Ἠρξατο
2304 644 2503 715 ταύτην
2537 642 2792 701 ἐπαινεῖνο
2826 646 2959 722 φησὶ
2992 645 3095 722 γὰρ
3129 645 3273 701 οὕτω
3300 643 3448 702 τάδε’

2120 732 2391 809 Τρίχωμά
2456 755 2552 788 σου
2608 734 2683 799 ὡς
2729 732 2922 811 ἀγέλαι
2981 738 3089 791 τῶν
3142 736 3333 811 αἰγῶν,
3386 737 3441 789 αἳ
3500 730 3704 807 ἀνέϐη-

2052 842 2145 877 σαν
2227 822 2333 878 ἀπὸ
2413 828 2509 878 τοῦ
2595 823 2829 883 Γαλαάδ.
2886 822 3131 889 Ὀδόντες
3202 845 3321 898 σου,
3380 826 3453 888 ὡς
3507 825 3705 901 ἀγέλαι

2914 910 3295 970 ἀναϐαίνουσαι
3397 915 3503 970 ἀπὸ
3607 919 3707 970 τοῦ

2054 998 2332 1075 λουτροῦ.
2412 1003 2481 1057 Ai
2576 1008 2743 1057 πᾶσαι
2848 1000 3277 1077 διδυμεύουσαι,
3344 1004 3437 1059 καὶ
3550 1004 3708 1059 ἀκτε-

2053 1094 2218 1144 νοῦσα
2333 1089 2431 1146 οὐκ
2539 1086 2679 1146 ἔστιν
2789 1091 2842 1148 έν
2947 1092 3165 1156 αὐταῖς.
3249 1095 3338 1157 Ὡς
3444 1092 3705 1169 σπαρτίον

2054 1178 2303 1234 κόκκινον
2386 1179 2553 1256 χείλη
2625 1202 2760 1253 σου,
2818 1185 2853 1251 ἡ
2932 1181 3101 1238 λαλιά
3182 1203 3277 1238 σου
3361 1181 3557 1259 ὡραία.
3617 1182 3707 1245 Ὠς

2056 1267 2289 1343 λίπυρον
2351 1269 2477 1345 ῥοᾶς
2565 1269 2746 1343 μῆλόν
2825 1292 2940 1345 σου,
2992 1270 3145 1335 ἐκτὸς
3219 1275 3317 1342 τῆς
3384 1272 3710 1344 σιωπήσεώς

2058 1379 2174 1417 σου.

2129 1445 2312 1511 Οὕτως
2348 1449 2439 1521 μὶν
2471 1445 2563 1504 οὗν
2596 1447 2821 1535 ἰπῄνεσε
2847 1452 2947 1521 τὴν
2978 1450 3198 1530 νύμφην
3230 1454 3257 1507 6
3289 1449 3548 1527 νυμφίος,

2057 1540 2412 1607 Γυναικικῶς,
2445 1536 2721 1613 ἐρωτικῶς
2752 1542 2842 1598 καὶ
2870 1540 3459 1618 νυμφοπρεπεστάτως.

2061 1626 2136 1687 Σὺ
2174 1625 2245 1689 δ’
2303 1625 2451 1682 ἀλλᾶ
2507 1627 2735 1693 τούτους
2794 1629 3105 1705 ξύμπαντας
3157 1637 3258 1701 τῆς
3316 1629 3533 1708 νύμφης
3581 1627 3712 1693 τοὺς

3340 1718 3640 1793 [έπαίνους,

2062 1805 2150 1869 Ὦς
2179 1805 2518 1881 ἒρμηνιύθης
2544 1804 2767 1882 ἄνωθεν,
2795 1806 3045 1884 γίνωσκε,
3079 1808 3403 1887 στεφηφόρε.

2062 1896 2272 1969 Ταύτην
2302 1900 2407 1968 τὴν
2438 1896 2590 1975 ῥῆσιν
2622 1897 2726 1974 γὰρ
2756 1899 2922 1972 ἡμεῖς
2951 1895 3151 1955 ὂίνωθεν
3183 1899 3493 1975 εὑρηκότες,

2064 1988 2337 2052 Ἐντεῦθεν
2369 1985 2816 2063 ἡρμηνιύσαμεν,
2849 1987 2924 2050 ὡς
2956 1984 3178 2044 δυνατὸν
3209 1989 3277 2057 ἦν
3306 1987 3476 2051 ὅλως.

2065 2076 2218 2136 ’Δλλ’
2250 2077 2610 2152 ἀκουσώμεθα
2640 2075 2835 2133 λοιπὸν
2880 2080 2978 2133 τοῦ
3020 2077 3211 2141 τέλοτς
3260 2076 3368 2133 τῶν
3402 2076 3717 2151 ’ᾼσμάτων.

2138 2166 2430 2239 Ἐξήκοντά
2539 2167 2642 2223 εἰσι
2759 2165 3071 2243 βασίλισσαι
3170 2167 3262 2223 καὶ
3379 2164 3725 2243 ὀγδοήκοντα

2068 2256 2399 2327 παλλακαὶ,
2456 2259 2545 2314 καὶ
2604 2256 2840 2322 νεάνιδες
2924 2257 2998 2314 ὧν
3068 2258 3167 2314 οὐκ
3248 2252 3388 2313 ἔστιν
3465 2258 3721 2334 ἀριθμός.

2069 2350 2183 2406 Μία
2253 2348 2363 2404 ἐστὶ
2446 2349 2734 2425 περιστερά
2818 2369 2946 2423 μου,
2995 2347 3179 2406 τελεία
3238 2365 3343 2422 μου
3378 2368 3390 2382 ο
3456 2349 3556 2423 μία
3613 2347 3727 2405 ἐστὶ

2066 2442 2137 2512 τῇ
2199 2440 2364 2512 μητρὶ
2426 2438 2613 2509 αὐτῆς,
2669 2436 2896 2510 έκλικτή
2945 2437 3057 2494 ἐστι
3114 2442 3183 2513 τῇ
3241 2437 3471 2514 τεκούσῃ
3526 2439 3723 2509 αὐτήν.

2070 2526 2301 2584 Εῗδοσαν
2355 2534 2522 2583 πᾶσαι
2584 2529 2890 2604 θυγατέρες,
2947 2527 3041 2583 καὶ
3100 2531 3460 2601 μακαριοῦσίν
3519 2526 3720 2599 αὐτήν·

2074 2616 2386 2693 βασίλισσαι
2415 2616 2504 2672 καὶ
2530 2614 2814 2672 παλλακαὶ
2843 2616 3142 2673 αῗνέσουσιν
3171 2615 3364 2688 αὐτήν.

2139 2708 2197 2765 Ὀ
2230 2706 2502 2781 Σολομὼν
2532 2708 2559 2761 6
2590 2706 2886 2785 πάνσοφος,
2930 2707 2957 2761 ὁ
2989 2707 3298 2779 θαυμαστὸς
3329 2707 3647 2784 προφήτης,

2069 2801 2441 2874 Προφητικοῖς
2474 2795 2525 2851 ἐν
2560 2792 2804 2870 ὄμμασιν
2837 2793 3001 2867 εἶδεν,
3025 2795 3100 2858 ὡς
3132 2794 3183 2851 ἐν
3208 2794 3529 2872 κατόπτρῳ,

2069 2885 2211 2948 Τοὺς
2243 2886 2477 2961 τρόπους
2505 2887 2596 2941 καὶ
2625 2886 2720 2948 τὰς
2749 2885 2938 2957 ἀρετὰς
2968 2888 3160 2961 ψυχῶν
3200 2889 3312 2939 τῶν
3342 2885 3718 2959 σεσωσμένων,

2069 2973 2298 3034 Μᾶλλον
2334 2974 2380 3031 δ’
2411 2975 2579 3030 εἱπεῖν
2612 2975 2686 3037 ὡς
2715 2973 2934 3044 ἀληθῶς
2954 2973 3048 3037 τὰς
3070 2973 3244 3045 τάξεις
3265 2972 3355 3031 καὶ
3386 2975 3480 3036 τὰς
3515 2975 3719 3048 βάσεις.

2074 3068 2235 3142 Τρεῖς
2286 3066 2391 3141 γάρ
2450 3063 2607 3134 εἷ’σιν,
2666 3065 2741 3127 ὡς
2798 3064 3119 3138 πέπεισμαι,
3158 3063 3333 3135 τάξεις
3392 3066 3498 3117 τῶν
3554 3083 3725 3118 σεσωυ

3356 3151 3612 3226 [σμένων·

2075 3243 2292 3314 Υίότης,
2331 3242 2696 3318 μισθαρνότης
2723 3263 2801 3314 τε,
2828 3243 2919 3297 καὶ
2955 3241 3068 3315 μετ’
3100 3241 3267 3311 αὐτὴν
3304 3238 3594 3312 δουλότης.

2072 3336 2140 3394 Οὶ
2174 3335 2269 3409 μὲν
2300 3335 2401 3410 γὰρ
2432 3333 2801 3410 ἀγαπήσαντες
2830 3331 2883 3404 ἐξ
2920 3332 3058 3404 ὅλης
3084 3339 3185 3403 τῆς
3209 3329 3435 3409 καρδίας

2070 3429 2181 3485 Τὸν
2210 3426 2493 3503 εὐεργέτην
2520 3430 2617 3482 τοῦ
2646 3425 2850 3487 παντὸς
2882 3424 2932 3495 έξ
2964 3421 3195 3481 ἁπαλῶν
3221 3423 3460 3500 ὀνύχων,

2073 3517 2171 3571 Καὶ
2200 3522 2301 3585 τῆς
2329 3515 2545 3591 ἀγάπης
2570 3513 2725 3571 ἓνεκα
2761 3512 2958 3571 τούτου
2986 3513 3079 3571 καὶ
3107 3521 3207 3585 τῆς
3237 3512 3447 3588 φιλίας,

2074 3606 2179 3663 Τὸν
2207 3605 2413 3678 κόσμον
2446 3602 2834 3681 βδελυξάμενοι
2867 3604 2956 3660 καὶ
2984 3605 3051 3659 τὰ
3080 3604 3203 3678 περὶ
3233 3604 3327 3659 τὸν
3356 3604 3588 3677 κόσμον,

2074 3691 2591 3768 ΙΙροσκολληθέντες
2622 3690 2701 3765 τῷ
2730 3696 2945 3768 Χριστῷ
2971 3696 3051 3763 τῷ
3082 3692 3244 3767 Λόγῳ
3273 3692 3366 3747 καὶ
3405 3690 3650 3770 νυμφίῳ,

2074 3782 2167 3844 Εἷς
2199 3784 2346 3855 τάξιν
2378 3776 2608 3861 ἔφθασαν
2642 3783 2773 3836 υἱῶν
2805 3784 2871 3855 τῇ
2902 3782 3090 3857 χάριτι
3118 3785 3188 3856 τῇ
3222 3780 3357 3852 θείᾳ.

2073 3872 2139 3928 Οἱ
2173 3869 2229 3926 δὲ
2256 3869 2583 3948 γλιχόμενοι
2614 3876 2804 3945 τυχεῖν
2832 3872 2930 3942 τῆς
2961 3871 3071 3925 ἄνω
3106 3868 3409 3947 βασιλείας,

2075 3961 2173 4015 Καὶ
2201 3960 2403 4032 ταύτης
2431 3960 2593 4037 χάριν
2624 3957 2881 4015 ἔσπευσαν
2916 3962 3137 4034 Χριστῷ
3176 3952 3614 4029 δεδουλευκότες,

2076 4050 2169 4114 Εἷς
2201 4052 2346 4125 τάξιν
2377 4047 2605 4129 ἔφθασαν
2639 4049 2792 4105 αὐτοὶ
2822 4049 2910 4104 καὶ
2941 4048 3108 4104 τόπον
3140 4053 3250 4104 τῶν
3287 4049 3542 4123 μισθίων.

2074 4142 2140 4198 Οἱ
2174 4139 2229 4196 δέ
2258 4162 2317 4217 γε
2346 4137 2879 4214 πλημμελήσαντες,
2904 4137 3084 4211 ὥσπερ
3120 4138 3226 4215 έγὼ
3257 4140 3285 4193 6
3315 4136 3487 4204 τάλας

2076 4232 2173 4286 Καὶ
2205 4236 2378 4285 πᾶσαν
2409 4228 2780 4291 ἐκτελέσαντες
2812 4227 3013 4285 ἄτοπον
3040 4226 3332 4305 ἁμαρτίαν,

2074 4320 2171 4375 Καὶ
2205 4315 2531 4399 φοϐηθέντες
2563 4319 2661 4381 τὰς
2688 4318 2887 4393 πικρὰς
2925 4318 3191 4394 βασάνους
3219 4316 3310 4372 καὶ
3340 4314 3618 4389 κολάσεις,

2076 4410 2179 4466 Καὶ
2211 4410 2405 4464 τούτου
2436 4410 2598 4484 χάριν
2632 4406 2927 4486 φθάσαντες
2960 4406 3035 4470 είς
3063 4407 3231 4462 τόπον
3268 4406 3548 4481 μετανοίας

311 4499 587 4557 Salomon
617 4497 716 4554 ille
746 4498 1198 4570 prospiciens,et
1218 4499 1415 4554 divino
1447 4499 1685 4553 afﬂatus
1714 4499 1960 4572 Spiritu,

2074 4500 2185 4572 (Ὦς
2241 4496 2349 4562 εἷ’θε
2408 4496 2634 4559 τούτους
2716 4496 2981 4572 φθάσαιμι
3059 4495 3291 4571 κᾶγωγε,
3342 4496 3542 4572 Χριστέ
3619 4517 3726 4569 μου

311 4595 475 4647 tanto
507 4594 641 4647 ante
664 4604 910 4646 cernens
958 4588 1134 4643 Verbi
1186 4589 1387 4659 sponsi
1438 4588 1743 4660 purissimi
1775 4590 1966 4646 incar-

312 4682 627 4743 nationem,
662 4684 719 4735 et
750 4695 876 4751 qua
912 4677 1105 4747 ipsum
1141 4677 1268 4732 sine
1320 4678 1546 4733 semine
1580 4679 1802 4751 genuit,
1836 4697 1966 4735 san-

316 4769 638 4824 ctissimam
673 4768 768 4823 Dei
804 4768 1155 4824 Genitricem
1210 4767 1452 4822 Mariam
1498 4766 1656 4823 illam
1688 4769 1968 4825 immacu-

316 4858 694 4927 latissimam,
719 4872 895 4929 quam
929 4856 1207 4911 omnibus
1234 4872 1441 4911 omnes
1482 4856 1748 4913 omnium
1778 4856 1965 4913 homi-

311 4963 453 5001 num
477 4947 883 5018 generationes
922 4946 1163 5001 vocibus
1213 4962 1518 5017 nunquam
1570 4947 1964 5015 cessantibus,

305 5035 715 5091 beatissimam
750 5035 1091 5107 praedicant,
1127 5036 1267 5107 quia
1297 5035 1480 5091 totius
1513 5036 1721 5092 mundi
1745 5037 1970 5107 peperit

308 5120 693 5193 Salvatorem,
756 5125 865 5181 hoc
927 5125 984 5180 in
1070 5124 1273 5196 sponsi
1334 5142 1586 5198 persona
1663 5128 1964 5182 Canticum

301 5213 539 5271 cecinit.
604 5214 690 5269 Tu
752 5228 910 5284 vero,
992 5214 1267 5286 princeps
1350 5213 1767 5286 stephephore,
1831 5231 1961 5271 cum

305 5302 611 5374 sexaginta
634 5301 867 5373 reginas
899 5303 1191 5370 audis,eos
1224 5302 1487 5376 intelligo
1520 5303 1619 5375 qui
1642 5319 1963 5375 sexagena-

309 5392 465 5447 rium
515 5390 625 5446 sibi
677 5391 961 5446 traditum
1014 5409 1327 5449 numerum
1368 5392 1715 5449 talentorum
1770 5393 1962 5452 decies

311 5480 482 5537 bonis
513 5479 789 5552 operibus
822 5480 1302 5553 multiplicantes,
1336 5483 1531 5539 divina
1563 5483 1754 5555 gratia
1792 5483 1959 5540 ﬁlio-

386 5606 430 5642 ⁸⁸
461 5604 626 5661 Cant.
662 5620 738 5671 iv,
771 5604 823 5658 3.

3444 4583 3651 4662 {Mr},

2078 4676 2171 4741 Εἷς
2200 4675 2343 4747 τάξιν
2369 4674 2697 4746 ἐληλύθασιν
2731 4672 2968 4741 δούλων,
2999 4672 3147 4744 πλὴν
3182 4674 3561 4747 σεσωσμένων.

2078 4766 2289 4828 Ταύτας
2319 4766 2412 4827 τὰς
2439 4765 2618 4834 τάξεις
2644 4761 2879 4819 κατιδὼν
2914 4765 2941 4819 ὁ
2976 4762 3249 4838 Σολομὼν
3283 4762 3514 4830 ἐκεῖνος,

2078 4853 2425 4929 Ηροκατιδὼν
2458 4852 2514 4910 δὲ
2549 4853 2786 4928 μάλιστα
2813 4857 2891 4925 τῷ
2926 4852 3200 4927 [Ῐνεύματι
3227 4857 3306 4925 τῷ
3340 4851 3467 4925 θείῳ

2077 4947 2177 5003 Καὶ
2207 4945 2306 5014 τήν
2340 4949 2436 4999 τοῦ
2469 4944 2650 5017 Λόγου
2676 4942 2943 5014 σάρκωσιν
2974 4940 3070 4998 τοῦ
3101 4944 3339 5017 καθαροῦ
3371 4940 3634 5019 νυμφίου,

2076 5035 2179 5090 Καὶ
2208 5036 2308 5104 τὴν
2339 5035 2668 5110 γεννήσασαν
2703 5031 2860 5087 αὐτὸν
2897 5032 3146 5107 ἀσπόρως
3186 5030 3475 5100 Θεοτόκον,

2073 5126 2181 5194 Τὴν
2216 5120 2384 5185 ὅντως
2415 5125 2850 5195 παναμώμητον,
2890 5122 2991 5190 τήν
3019 5121 3259 5196 καθαρὰν
3285 5119 3516 5195 Μαρίαν,

2073 5216 2298 5271 ’Ἡντινα
2334 5212 2689 5286 μακαρίζουσι
2723 5214 2931 5289 φωναῖς
2972 5208 3407 5272 ἆκαταπαύστοις

2075 5304 2139 5357 Δί
2170 5301 2343 5377 γενεαὶ
2374 5306 2481 5355 τῶν
2510 5304 2708 5375 γενεῶν
2742 5299 2987 5354 ἁπάντων
3016 5302 3122 5353 τῶν
3154 5298 3478 5373 ἀνθρώπων,

2072 5396 2188 5447 Ὅτι
2224 5398 2457 5467 Σωτῆρα
2485 5389 2670 5445 τέτοκε
2698 5396 2798 5460 τῆς
2832 5387 2969 5461 ὅλης
3001 5388 3324 5462 οἰκουμένης
3348 5408 3360 5421 ·

2069 5480 2284 5553 Ταύτην
2318 5479 2491 5553 ἐξεῖπε
2518 5480 2617 5551 τήν
2647 5477 2796 5555 ᾠδὴν
2828 5478 3111 5555 προσώπῳ
3138 5480 3234 5535 τοῦ
3262 5474 3521 5557 νυμφίου.
