4040 6146
298 285 417 347 661

299 410 383 466 Σὺ
412 409 468 467 δὲ
500 429 601 485 μοι
627 413 725 476 τὰς
755 412 1017 486 ἐξήκοντα
1051 413 1367 492 βασιλίσσας
1397 416 1633 489 ἀκούων,

298 500 574 563 Ἐκείνους
604 502 737 557 εἶναι
769 502 1020 578 γίνωσκε,
1055 502 1287 560 δέσποτα
1318 504 1645 583 στεφηφόρε,

297 591 441 654 Τοὺς
474 588 1010 656 δεκαπλασιάσαντας
1042 592 1093 648 ἐν
1122 594 1500 669 ἀγαθοεργίαις

297 680 407 749 Τὴν
436 677 737 755 δεδομένην
767 682 907 757 πρὸς
935 681 1130 745 αὐτοὺς
1162 680 1321 756 ἐξάδα
1348 688 1453 737 τῶν
1486 683 1793 756 ταλάντων,

299 771 402 825 Καὶ
433 769 597 826 τόπον
632 771 934 848 φθάσαντας
967 772 1096 826 υἱῶν
1119 776 1188 846 τῇ
1213 770 1403 848 χάριτι
1431 777 1499 847 τῇ
1534 774 1669 846 θείᾳ.

300 858 413 915 Καὶ
442 857 730 921 παλλακὰς
763 859 836 922 ὡς
866 858 1085 931 ἀληθῶς
1114 859 1352 923 ἐκείνους
1382 863 1511 916 εἶναι
1544 863 1680 935 νόει,

300 946 439 1010 Τοὺς
468 947 998 1012 ὀκτοπλασιάσαντας
1029 948 1081 1005 ἐν
1112 951 1306 1012 κόποις
1336 950 1610 1026 σωτηρίας

302 1037 384 1094 Τὸ
416 1033 706 1111 δεδομένον
728 1037 991 1094 τάλαντον
1016 1039 1201 1102 αὐτοῖς
1231 1039 1291 1095 ἐκ
1317 1038 1415 1095 τοῦ
1446 1040 1743 1115 Δεσπότου,

300 1125 410 1182 Καὶ
439 1124 729 1201 γεγονότας
766 1126 1073 1200 μισθωτοὺς
1102 1133 1199 1183 τοῦ
1232 1126 1412 1204 Λόγου
1443 1129 1530 1184 καὶ
1552 1130 1810 1208 νυμφίου.

293 1214 547 1274 Ἀκούων
574 1213 631 1271 δὲ
652 1214 897 1281 νεάνιδας
927 1215 1143 1281 πολλὰς
1173 1218 1601 1293 ἀναριθμήτους,

297 1305 539 1360 Γίνωσκε
567 1303 766 1368 ταύτας
798 1304 1024 1378 ἀληθῶς
1057 1306 1422 1385 ἁμαρτωλοὺς
1454 1308 1791 1384 ἀνθρώπους,

297 1394 515 1457 Οἳτινες
545 1394 607 1449 τὸ
643 1394 738 1468 μὲν
767 1394 1033 1451 τάλαντον
1069 1392 1327 1462 λαϐόντες
1354 1402 1450 1452 τοῦ
1482 1398 1776 1473 Δεσπότου,

296 1481 398 1549 Εἲς
425 1489 528 1559 γῆν
561 1482 693 1539 αὐτὸ
722 1482 1041 1561 κατέχωσαν
1074 1485 1123 1559 ἐξ
1158 1484 1323 1562 ἄκρας
1346 1487 1630 1563 ῥᾳθυμίας·

297 1573 410 1630 Καὶ
443 1570 632 1629 δοῦλοι
668 1574 763 1647 μὶν
796 1573 1100 1651 γεγόνασιν,
1132 1573 1260 1632 ἀλλ’
1291 1574 1445 1651 ὅμως
1475 1576 1827 1652 σεσωσμένοι.

296 1665 426 1721 Τῶν
454 1664 809 1738 σεσωσμένων
844 1662 935 1719 οὖν
962 1664 1238 1721 τοσούτων
1269 1666 1612 1744 πεφηνότων,

300 1750 587 1810 Ἀπάντων
622 1752 964 1829 ὑπερέχουσα
991 1758 1098 1809 τῶν
1133 1753 1221 1809 ἐπὶ
1248 1762 1351 1831 γῆς
1376 1754 1702 1833 ἀνθρώπων,

298 1841 396 1904 Ὠς
428 1840 659 1911 ἐκλεκτή
691 1844 980 1919 περιστερά
1006 1842 1264 1920 τυγχάνει
1301 1843 1396 1918 μία
1428 1845 1590 1919 μόνη,

296 1931 370 1989 Ἦ
397 1931 491 1988 τὸν
521 1932 749 2006 Χριστὸν
782 1934 1091 2008 γεννήσασα
1119 1934 1583 2011 Παρθενοίμήτωρ,

293 2020 372 2081 Ἢ
398 2016 684 2098 Χερουϐὶμ
714 2023 801 2078 καὶ
836 2022 1089 2103 Σεραφὶμ
1117 2019 1287 2088 ὄντως
1314 2025 1684 2102 καθαρωτέρα.

972 2184 1288 2261 Ἐπίλογος.

367 2311 561 2386 Ἔχεις
587 2311 651 2365 τὸ
676 2310 766 2365 σὸν
802 2308 1073 2386 ἐπίταγμα
1106 2309 1568 2386 πεπληρωμένον,
1601 2306 1747 2382 ἅναξ.

293 2396 439 2458 Ἰδοὺ
471 2398 574 2474 γὰρ
604 2399 765 2463 τέλος
793 2396 988 2475 ε’ίληφε
1016 2399 1079 2454 τὸ
1110 2403 1218 2454 τῶν
1248 2399 1500 2472 ᾀσμάτων
1524 2401 1731 2473 ᾊσμα,

294 2486 455 2546 Ἀλλ’
486 2487 712 2564 ἐρωτᾷς,
747 2486 792 2542 ὦ
824 2486 1097 2564 κράτιστε,
1132 2488 1220 2543 καὶ
1272 2486 1440 2543 πλέον
1475 2486 1763 2566 φιλολόγε,

296 2581 403 2636 Καὶ
431 2578 485 2633 τί
516 2578 580 2633 τὸ
612 2577 976 2653 συναγόμενον
1006 2577 1057 2633 ἐν
1089 2579 1298 2654 καθαρᾷ
1324 2578 1603 2654 τυγχάνει,

304 2669 400 2725 Ἐκ
442 2667 645 2737 ταύτης
674 2672 777 2737 τῆς
806 2673 1122 2745 προφητικῆ
1133 2688 1158 2729 ς
1185 2665 1605 2744 ᾀσματογραφου
1640 2662 1861 2743 βίϐλου.

296 2758 477 2812 ’Δπαν
504 2756 569 2812 τὸ
601 2755 961 2832 συναγόμενον
990 2762 1152 2813 τοῦτο
1175 2757 1432 2835 τυγχάνει
1470 2758 1653 2830 μόνον,

298 2846 423 2903 ⁹Οτι
455 2846 553 2916 τὴν
584 2845 741 2924 φύσιν
770 2851 877 2901 τῶν
911 2848 1120 2923 βροτῶν
1150 2849 1250 2917 τήν
1284 2846 1610 2903 ἐκπεσοῦσαν
1642 2846 1815 2903 πάλαι

300 2936 364 2993 Ὁ
397 2935 569 3012 Λόγος
600 2935 927 3007 ἀνεζῆτησεν
960 2938 988 2992 ὁ
1015 2935 1221 3008 ταύτην
1249 2936 1726 3015 πλαστουργήσας.

303 3022 495 3097 Εὑρὼν
529 3021 586 3078 δὲ
611 3023 835 3096 ταύτην,
865 3026 953 3081 καὶ
987 3021 1171 3081 Λαϐὼν
1208 3024 1291 3080 ἐπ’
1321 3025 1491 3099 ὥμων
1523 3028 1550 3081 ὁ
1583 3025 1881 3097 Δεσπότης,

303 3112 402 3175 Εἷς
434 3113 692 3189 οὐρανοὺς
716 3114 967 3191 ἀνήγαγε,
999 3115 1089 3170 καὶ
1120 3120 1198 3187 τῷ
1228 3115 1399 3191 Πατρὶ
1438 3118 1703 3192 παρέσχε,

302 3202 398 3258 Καὶ
432 3206 538 3257 τῶν
572 3201 821 3277 ἀγγέλων
850 3199 1017 3274 ἔδειξε
1044 3202 1245 3274 ταύτην
1277 3201 1640 3279 ὑψηλοτέραν.

297 3293 471 3367 ’Ὅπερ
501 3293 773 3368 προγνοὺς
800 3290 1070 3365 Σολομὼν
1104 3292 1368 3367 πνεύματι
1399 3293 1759 3371 προφητείας,

303 3378 583 3443 Ποικίλως
615 3380 980 3457 συνεγράψατο
1011 3381 1099 3437 καὶ
1129 3380 1498 3445 πολυπλόκως
1528 3380 1673 3438 τάδε.

313 3469 489 3543 Ημεῖς
522 3467 581 3525 δέ
608 3470 671 3525 τὸ
701 3468 974 3547 ἐπίταγμα
1002 3471 1066 3527 τὸ
1098 3472 1215 3543 σὸν,
1246 3472 1290 3525 ὧ
1322 3472 1628 3551 στεφηφόρε

308 3555 744 3634 Ἀποπληρῶσαι
776 3558 1044 3627 θέλοντες,
1078 3560 1154 3622 ὡς
1188 3557 1378 3614 δοῦλοι
1411 3560 1506 3615 τοῦ
1538 3565 1633 3615 σοῦ
1663 3562 1916 3635 κράτους,

314 3644 635 3710 Πολιτικοῖς
671 3647 976 3726 ἐφράσαμεν
1008 3648 1082 3712 ὡς
1116 3646 1335 3705 δυνατὸν
1371 3648 1422 3703 ἐν
1456 3650 1668 3725 στίχοις

311 3738 427 3807 Τῆν
460 3741 569 3792 τῶν
599 3737 887 3811 ²ᾼσμάτων
923 3734 1172 3811 δύναμιν,
1206 3737 1457 3815 ἐξήγησιν
1489 3739 1579 3793 καὶ
1610 3744 1834 3814 γνῶσιν.

309 3825 382 3882 Εἴ
413 3824 459 3882 δ’
483 3824 622 3890 ’ίσως
655 3826 1083 3903 παρεσφάλημεν
1116 3828 1204 3883 καί
1231 3850 1284 3883 τι
1317 3831 1414 3897 τῆς
1446 3828 1726 3899 ἀληθείας,

311 3913 386 3970 Οῦ
418 3914 584 3989 ξένον,
618 3913 743 3972 οὔτε
773 3918 1103 3991 θαυμαστὸν,
1136 3915 1264 3974 οὐδὲ
1292 3918 1473 3973 καινὸν
1505 3921 1783 3995 τυγχάνει.

310 4005 521 4082 Ἐχρῆν
558 4008 653 4081 μὶν
684 4006 784 4083 γὰρ
821 4005 951 4081 μηδ’
981 4009 1229 4064 ὁπωσοῦν
1262 4007 1610 4086 ἐπιχειρῆσαι
1641 4010 1857 4083 τούνου,

311 4096 428 4164 Τήν
465 4090 660 4172 βίϐλον
688 4097 788 4165 τήν
821 4099 1192 4171 πνευματικὴν
1228 4097 1373 4161 ὅλως
1405 4097 1821 4177 ἐφερμηνεῦσαι·

309 4188 481 4239 Τοῦτο
506 4184 607 4262 γάρ
639 4189 758 4248 τοῖς
791 4191 1182 4259 πνευματικοῖς
1216 4186 1360 4249 εἰκός
1391 4187 1500 4242 ἐστι
1532 4187 1620 4242 καὶ
1648 4189 1858 4261 μόνοις,

307 4273 478 4330 Τὸτά
518 4276 614 4331 τοῦ
664 4274 986 4350 Ηνεόματος
1037 4275 1226 4333 λαλεῖν
1278 4278 1366 4333 καὶ
1400 4278 1617 4355 φράζειν
1669 4277 1757 4332 καὶ
1817 4275 1967 4333 διδά-

1776 4369 1966 4442 [σκειν.

324 4452 458 4511 Επεί
491 4449 548 4509 δέ
577 4458 739 4510 τοῦτο
771 4453 966 4533 γέγονε
994 4454 1083 4510 καὶ
1115 4456 1242 4531 παρ’
1271 4456 1432 4529 ἡμῶν
1464 4454 1521 4511 ἐκ
1548 4455 1788 4531 τόλμης,

323 4546 365 4596 Ο
395 4542 788 4622 παντοκράτωρ
821 4564 926 4618 μου
954 4544 1182 4617 Χριστὸς
1205 4544 1376 4623 ’ίγεως
1408 4542 1621 4621 γένοιτό
1654 4568 1774 4621 μοι.

885 4707 1002 4759 Τῶν
1038 4705 1085 4782 γ’
1121 4707 1398 4781 Πατὲρων.

385 4826 685 4898 Ἐξήκοντά
797 4827 901 4886 εῗσι
1020 4828 1333 4907 βασίλισσαι
1442 4831 1533 4886 καὶ
1627 4828 1970 4907 ὀγδοήκοντα

315 4913 597 4973 παλλακαὶ
674 4918 765 4973 καὶ
844 4916 1079 4982 νεάνιδες
1156 4922 1228 4975 ὧν
1312 4921 1410 4976 οὐκ
1492 4916 1632 4976 ἔστιν
1716 4922 1967 4996 ἀριθμόςο

313 5002 509 5080 ἤγουν,
569 5004 628 5060 αἶ’
682 5027 741 5062 τε
801 5009 878 5081 μὴ
912 5002 1068 5084 φόϐῳ
1097 5013 1205 5064 τῶν
1238 5007 1630 5084 ἠπειλημένων
1670 5009 1968 5083 κολάσεων,

318 5090 469 5149 ἀλλά
496 5092 652 5167 πόθῳ
679 5099 777 5150 τοῦ
805 5094 1223 5173 κληρονομῆσαι
1281 5100 1380 5168 τήν
1431 5097 1844 5174 ἐπηγγελμένην
1876 5104 1973 5155 τοῦ

318 5186 454 5238 Θεοῦ
534 5183 810 5258 βασιλείαν
890 5182 1369 5257 ἐξαπλασιάζουσαλι
1440 5190 1610 5264 ψυχαὶ
1683 5192 1777 5253 τὰς
1848 5187 1973 5244 δέκα

319 5270 562 5345 ἐντολάς,
596 5273 732 5330 κατὰ
761 5272 922 5353 λόγον
958 5275 1345 5332 ἐπιστατοῦντα
1404 5284 1520 5341 ταῖς
1582 5281 1739 5334 πέντε
1785 5279 1973 5350 αἰσθή-

322 5381 486 5433 σεσιν,
551 5362 641 5417 καὶ
701 5365 815 5438 ἅμα
873 5364 1094 5430 ταύταις
1138 5364 1458 5442 πληροῦντα
1511 5368 1603 5423 τὸν
1637 5365 1688 5441 ἕξ
1720 5368 1972 5443 ἀριθμόνο

321 5449 413 5506 καὶ
442 5450 496 5505 αἱ
523 5453 638 5506 κατ’
692 5452 983 5529 ἐπιθυμίαν
1020 5455 1114 5529 μὶν
1168 5460 1247 5528 τῷ
1303 5462 1527 5533 πονηρῷ
1585 5458 1975 5531 συμπλεκόμε-

321 5560 433 5611 ναι,
486 5538 647 5597 κατά
686 5538 853 5623 φόϐον
884 5541 941 5600 δὲ
969 5551 1076 5600 των
1110 5543 1498 5619 ἡπειλημένων
1526 5545 1829 5622 κολάσεων,
1857 5548 1973 5603 ἀκί-

324 5650 484 5703 νητοι
528 5631 649 5689 κατ’
696 5630 966 5711 ἐνέργειαν
1012 5635 1148 5711 πρὸς
1175 5634 1243 5692 τὰ
1268 5635 1412 5709 πάθη
1449 5638 1726 5712 μένουσαι.
1786 5640 1847 5698 '0
1873 5639 1974 5717 γὰρ

1345 290 1755 353 COMMENT.
1803 292 1884 352 IN
1930 294 2331 355 CANTICUM
2375 297 2680 358 CANTIC.

3602 300 3727 361 662

1985 426 2041 492 Α
2072 438 2201 477 rum
2237 422 2433 479 locum
2465 429 2606 481 sunt
2636 426 2911 481 assecuti.
2975 426 3343 484 Concubinas
3392 433 3589 484 autem
3621 446 3722 485 eos

2069 528 2198 567 esse
2228 513 2439 585 cogita,
2459 514 2558 585 qui
2589 513 2873 571 talentum
2897 515 3011 571 sibi
3034 516 3325 573 aDomino
3347 518 3719 589 assignatum

2066 599 2369 658 laboribus
2399 602 2719 659 salutiferis
2749 604 3005 677 octogies
3037 605 3513 678 multiplicantes,
3545 607 3722 662 Verbi

2068 693 2127 745 et
2174 690 2374 762 sponsi
2424 692 2560 747 facti
2614 697 2755 748 sunt
2814 695 3180 751 mercenarii.
3254 696 3720 753 Innumerabiles

2067 796 2201 836 vero
2258 782 2724 840 adolescentulas
2781 800 3033 856 agnosce
3077 791 3411 857 peccatores
3454 785 3587 841 illos
3618 786 3719 858 qui

2068 886 2183 942 pra
2216 870 2399 927 nimia
2428 871 2640 929 inertia
2674 873 2953 930 talentum
2986 875 3281 931 aDomino
3313 880 3617 947 acceptum
3658 876 3719 930 in

2064 964 2221 1015 terra
2248 961 2597 1018 defoderunt
2625 962 2711 1018 illi
2761 965 3022 1036 quidem,
3082 966 3184 1020 sed
3229 969 3428 1021 tamen
3463 964 3717 1021 salutem

2067 1049 2634 1108 oblinueruntJnter
2648 1057 2735 1109 tot
2754 1054 2985 1110 animas
3003 1054 3265 1110 omnium
3289 1054 3600 1111 hominum
3616 1055 3713 1126 qui

2067 1138 2391 1211 salvantur,
2422 1145 2489 1197 ut
2518 1142 2700 1198 electa
2728 1143 3000 1200 columba
3027 1148 3113 1200 est
3141 1162 3259 1200 una
3287 1143 3389 1200 illa
3413 1144 3560 1215 sola,
3586 1160 3714 1216 quas

2072 1226 2369 1285 Christum
2398 1233 2603 1303 genuit
2621 1233 2799 1305 Virgo
2848 1237 3033 1289 Mater
3089 1232 3284 1306 puella
3338 1232 3539 1301 Maria,
3586 1249 3711 1304 qua

2068 1317 2322 1459 puritate
2351 1321 2610 1392 profecto
2666 1322 2983 1379 Cherubim
3017 1328 3074 1380 et
3116 1323 3425 1395 Seraphim
3455 1323 3715 1379 antecel-

2092 1407 2155 1459 it.

2092 1407 2155 1461 it.

2736 2188 3041 2244 Peroratio.

2132 2316 2409 2371 Mandata
2438 2317 2566 2376 tua,
2601 2328 2721 2382 rex,
2751 2310 3346 2383 explicavimus.Ecce
3384 2312 3539 2367 enim
3573 2329 3712 2368 can-

2063 2407 2315 2463 ticorum
2343 2403 2653 2459 Canticum
2679 2401 2750 2456 ad
2783 2400 3132 2456 umbilicum
3160 2401 3620 2471 pervenit.0uod
3643 2401 3713 2471 si,

2064 2496 2345 2569 princeps
2390 2493 2611 2564 optime
2660 2491 2933 2561 idemque
2991 2488 3453 2561 sapientissime,
3484 2505 3713 2560 quaeras

2064 2584 2352 2657 quidnam
2382 2582 2440 2637 in
2465 2596 2702 2636 summa
2733 2595 2801 2635 ex
2823 2580 3002 2649 hujus
3034 2578 3362 2650 prophetici
3391 2577 3714 2633 voluminis

2064 2673 2319 2746 puritate
2349 2670 2662 2741 colligatur
2691 2686 2708 2727 :
2741 2668 3077 2725 Mortalium
3108 2671 3380 2723 naturam
3411 2667 3550 2723 olim
3575 2684 3715 2739 pro-

2064 2763 2293 2834 lapsam
2348 2763 2406 2816 et
2454 2758 2870 2824 errabundum,
2928 2756 3181 2813 Verbum
3235 2773 3269 2811 a
3351 2772 3467 2828 quo
3523 2756 3716 2813 fuerat

2066 2852 2326 2917 condita,
2367 2848 2736 2921 perquisivit,
2773 2847 3193 2917 inventumque
3245 2849 3418 2918 atque
3448 2845 3715 2901 humeris

2066 2941 2191 2998 suis
2220 2939 2559 3012 impositam
2597 2936 2875 2992 Dominus
2904 2936 2964 2991 in
3024 2935 3235 2991 coelum
3284 2935 3548 3005 sustulit,
3604 2934 3715 2990 Pa-

2064 3032 2259 3102 trique
2288 3027 2520 3097 obtulit,
2562 3031 2739 3097 atque
2798 3025 3021 3097 angelis
3050 3023 3460 3081 sublimiorem
3518 3023 3716 3080 decla-

2067 3120 2233 3175 ravit.
2259 3119 2420 3183 Quod
2437 3117 2653 3189 spiritu
2682 3114 3022 3188 prophetico
3036 3114 3403 3186 prospiciens
3419 3113 3714 3181 Salomon,

2071 3225 2193 3265 rem
2225 3208 2384 3262 vario
2444 3212 2501 3261 et
2549 3204 2864 3276 multiplici
2922 3203 3183 3259 carmine
3229 3208 3317 3258 est
3347 3208 3714 3275 persecutus.

2066 3304 2185 3355 Nos
2227 3314 2360 3352 vero
2413 3296 2584 3367 jussa
2624 3299 2749 3363 tua,
2790 3292 3199 3365 stepbephore,
3258 3309 3563 3364 capessere
3617 3308 3715 3348 cu-

2069 3387 2388 3459 pientes,ut
2416 3383 2661 3456 imperio
2692 3382 2943 3453 subjecti
2962 3385 3086 3449 tuo,
3110 3381 3266 3437 idem
3299 3385 3716 3453 argumentum

2071 3493 2174 3548 pro
2204 3474 2355 3529 virili
2408 3478 2609 3529 nostra
2668 3471 2939 3528 civilibus
2986 3470 3255 3527 versibus
3311 3470 3715 3543 exposuimus.

2072 3565 2234 3630 Quod
2268 3564 2317 3619 si
2353 3564 2497 3619 forte
2527 3580 2560 3617 a
2589 3560 2853 3618 veritatis
2883 3561 3120 3616 tramite
3166 3559 3382 3615 alicubi
3411 3558 3718 3615 deﬂexeri-

2075 3671 2230 3723 mus,
2266 3654 2323 3708 id
2355 3653 2570 3708 mirum
2604 3656 2702 3706 aut
2735 3666 2950 3705 novum
2982 3648 3227 3705 memini
3285 3648 3466 3705 videri
3524 3648 3718 3706 debet.

2072 3744 2349 3800 Nostrum
2374 3743 2530 3800 enim
2564 3747 2686 3799 erat
2714 3742 3071 3814 provinciam
3092 3741 3244 3796 hanc
3266 3756 3379 3796 non
3412 3739 3717 3811 attingere.

2074 3837 2217 3891 Cum
2262 3834 2418 3890 enim
2477 3834 2573 3889 hic
2630 3833 2780 3889 liber
2837 3832 3048 3904 spiritu
3099 3834 3258 3887 totus
3316 3830 3562 3887 refertus
3621 3827 3718 3898 sit,

2074 3941 2190 3980 non
2250 3925 2422 3979 debet
2469 3923 2582 3978 nisi
2652 3925 2725 3978 ab
2776 3922 2847 3977 iis
2916 3920 3017 3992 qui
3088 3920 3291 3974 eodem
3348 3916 3504 3990 pleni
3582 3920 3722 3971 sunt

2076 4012 2309 4085 spiritu,
2393 4012 2656 4083 tractari,
2740 4010 2979 4075 Verum,
3088 4009 3325 4080 quando
3436 4005 3495 4061 id
3592 4005 3721 4061 ausi

2077 4120 2308 4168 sumus,
2339 4103 2495 4159 Deus
2532 4101 2905 4174 omnipotens
2945 4097 3215 4154 Christus
3272 4096 3417 4152 mihi
3475 4096 3573 4153 det
3626 4110 3721 4150 ve-

2076 4192 2255 4249 niam.

2646 4701 2833 4755 Trium
2860 4700 3117 4755 Patrum.

2150 4827 2458 4898 Sexaginta
2499 4834 2629 4883 sunt
2676 4826 2908 4897 reginae,
2967 4827 3020 4881 et
3074 4822 3353 4892 octoginta
3407 4819 3728 4878 concubinae

2081 4926 2129 4978 et
2158 4917 2580 4976 adolescentuli?
2612 4932 2852 4989 quorum
2889 4930 3001 4969 non
3057 4920 3136 4968 est
3191 4926 3473 4966 numerus.
3504 4908 3727 4965 Animae

2082 5010 2326 5078 scilicet,
2360 5024 2489 5079 quos
2524 5022 2639 5061 non
2671 5002 3097 5075 suppliciorum
3126 5004 3306 5066 metu,
3340 4999 3439 5056 sed
3473 4996 3727 5071 promis-

2083 5116 2216 5157 sum
2243 5098 2345 5154 Dei
2376 5112 2623 5169 regnum
2657 5091 3011 5164 assequendi
3051 5089 3363 5156 desiderio,
3422 5106 3525 5161 per
3554 5087 3732 5144 ratio-

2086 5206 2218 5244 nem
2262 5189 2527 5258 quinque
2585 5182 2860 5238 sensibus
2919 5181 3331 5252 imperantem,
3392 5183 3568 5249 atque
3618 5192 3737 5232 una

2087 5295 2218 5335 cum
2253 5275 2369 5330 illis
2403 5274 2701 5329 senarium
2737 5286 3048 5326 numerum
3081 5268 3509 5335 conﬁcientem,
3544 5265 3735 5322 sexies

2088 5365 2395 5438 duplicant
2423 5365 2626 5419 decem
2659 5364 2965 5432 praecepta.
3008 5357 3231 5413 Animae
3264 5357 3401 5413 item
3442 5355 3576 5423 illae,
3612 5371 3736 5425 quae

2089 5454 2408 5529 cupiditate
2438 5453 2674 5525 quidem
2708 5451 2777 5505 ad
2808 5449 3027 5505 malum
3059 5446 3368 5516 inclinant,
3401 5446 3503 5503 sed
3536 5460 3736 5516 poena-

2089 5562 2221 5603 rum
2253 5540 2815 5601 comminationibus
2872 5538 3091 5596 territa:
3131 5539 3203 5593 ad
3261 5536 3401 5594 vitia
3458 5532 3737 5607 operibus

2088 5634 2390 5710 implenda
2464 5635 2719 5692 immotae
2781 5634 3041 5690 manent.
3110 5633 3259 5688 Nam
3326 5620 3737 5698 octogenario:
