4046 6144
265 280 384 339 663

1608 279 2035 343 MICHAELIS
2085 283 2356 343 PSELLI

3558 266 3678 344 664

268 426 553 470 numerus
585 410 1140 479 immobilitatem,si
1172 427 1274 485 per
1295 411 1565 485 seipsum
1597 415 1911 484 spectetur,

2034 411 2368 489 ὀγδοήκοντα
2424 412 2658 488 ἀριθμὸς
2714 411 2992 485 ἀκινησίαν
3047 414 3165 478 καθ’
3208 414 3393 469 ἑαυτὸν
3443 413 3680 488 θεωρού-

270 503 567 572 ostendit;
599 502 1036 575 septuagenarii
1068 507 1263 558 autem
1308 503 1539 557 numeri
1595 502 1693 572 qui
1727 503 1919 575 impar

270 598 383 661 est,
420 597 645 648 motum
683 591 1057 662 amplectitur
1081 610 1096 662 ;
1119 596 1176 647 et
1206 592 1416 647 animas
1447 596 1766 663 postremo,
1790 609 1917 664 quos

272 683 469 739 adhuc
499 682 557 737 in
584 682 696 736 ﬁde
728 686 869 737 sunt
899 682 1077 737 rudes
1100 686 1157 736 et
1186 681 1658 750 adolescunt,sed
1676 682 1748 736 ad
1765 698 1916 737 men-

273 788 461 828 suram
491 774 678 828 aetatis
700 770 1063 843 plenitudinis
1123 771 1329 826 Christi
1357 772 1420 839 ³ο,
1456 772 1717 826 nondum
1742 772 1915 842 justi-

272 862 367 918 tie
398 861 675 933 operibus
712 861 1007 916 mandatae
1058 864 1234 931 atque
1273 860 1579 916 illustratio
1637 876 1918 933 pervene-

276 953 442 1006 runt:
500 953 556 1005 et
587 949 727 1021 quia
761 953 1050 1004 mortuam
1085 948 1275 1004 adhuc
1308 949 1367 1003 in
1401 966 1463 1004 se
1485 950 1657 1004 ﬁdem
1684 952 1915 1020 gerunt,

275 1041 536 1096 nondum
568 1040 638 1093 ad
662 1054 863 1093 earum
888 1054 1016 1109 quae
1034 1037 1338 1093 salvantur
1354 1040 1588 1095 ordines
1613 1039 1917 1094 ascribun-

275 1133 392 1186 tur.
427 1130 505 1184 Ex
534 1127 809 1183 omnibus
840 1134 1034 1183 autem
1066 1128 1375 1184 ordinibus
1402 1145 1547 1199 quos
1570 1144 1922 1184 commemo-

279 1219 557 1285 ravimus,
600 1234 714 1273 una
776 1221 866 1271 est
911 1217 1179 1272 columba
1237 1218 1494 1290 perfecta
1547 1218 1718 1274 matri
1778 1235 1919 1285 suae,

278 1308 463 1365 electa
491 1306 765 1380 genitrici
797 1324 935 1362 suae.
971 1312 1108 1374 Quae
1137 1308 1419 1363 nimirum
1463 1314 1772 1380 postquam
1808 1307 1920 1362 Deo

277 1397 616 1467 credidit,et
644 1414 950 1468 poenarum
994 1397 1307 1453 formidine
1331 1403 1578 1470 purgata
1600 1402 1709 1464 est,
1733 1403 1789 1452 et
1820 1412 1921 1467 spe

277 1486 1918 1560 promissionumillustrata,charitatisaffectionebonum

279 1576 418 1632 colit
450 1596 463 1644 ;
496 1579 552 1631 et
576 1575 737 1630 nulla
784 1574 899 1630 aiia
946 1577 1016 1631 de
1049 1592 1251 1643 causa,
1286 1577 1387 1631 sed
1438 1576 1630 1646 ipsum
1684 1580 1924 1648 propter

281 1682 365 1733 se,
400 1670 465 1720 ut
494 1670 705 1721 natura
735 1666 952 1720 bonum
986 1665 1435 1737 complectitur:
1467 1666 1588 1721 haec
1618 1664 1773 1721 enim
1807 1681 1923 1720 una

285 1756 543 1826 profecto
576 1760 683 1825 est,
728 1758 926 1826 utpote
976 1772 1077 1826 per
1135 1756 1499 1811 divinitatem
1552 1755 1651 1810 uni
1708 1759 1764 1810 et
1815 1754 1921 1810 soli
1957 1795 2002 1859 Β

284 1850 399 1901 Deo
431 1845 761 1915 conjuncta,
787 1848 843 1899 et
872 1845 1024 1916 apud
1057 1844 1253 1916 ipsum
1285 1845 1608 1901 immobilis
1631 1861 1874 1900 manens
1908 1862 1921 1913 ;

282 1934 556 1991 columba
587 1939 806 2000 autem,
842 1939 903 1987 ut
932 1934 1214 2006 spiritalis
1246 1940 1423 2006 atque
1479 1936 1753 2006 perfecta,
1787 1950 1921 1989 cum

280 2023 549 2079 omnium
582 2022 872 2078 eﬂ'ectrice
903 2022 1192 2095 sapientia
1220 2040 1323 2095 per
1352 2024 1616 2096 amplum
1638 2024 1922 2079 virtutum

277 2112 502 2169 cultum
537 2113 850 2182 conjuncta
882 2129 896 2180 ;
931 2117 1103 2182 atque
1136 2114 1194 2168 in
1229 2113 1358 2185 ipsa
1388 2131 1492 2186 per
1550 2114 1922 2186 singularum

274 2202 563 2257 virtutum
597 2201 821 2256 fructus
854 2203 1389 2274 progrediensQua
1418 2202 1656 2268 quidem
1686 2203 1922 2273 sapien-

270 2291 355 2346 tia
383 2291 454 2345 ab
486 2290 714 2345 ancillis
746 2294 802 2346 et
834 2291 1211 2346 mercenariis
1241 2292 1605 2359 eximitur,et
1638 2292 1697 2347 in
1741 2290 1919 2346 ﬁliam

272 2382 550 2451 adoptata
608 2385 782 2451 atque
841 2380 1024 2437 electa
1099 2381 1464 2437 divinitatem
1518 2400 1621 2455 per
1675 2384 1921 2453 gratiam

274 2469 645 2542 adipiscitur.
700 2469 961 2526 Viderunt
1018 2472 1174 2525 illam
1233 2472 1390 2542 ﬁlim,
1448 2476 1499 2527 et
1549 2472 1920 2527 beatissimam

271 2559 656 2632 praedicabunt
681 2575 802 2615 eam
832 2580 851 2625 ;
884 2562 1086 2630 reginae
1128 2566 1180 2615 et
1226 2562 1554 2617 concubina?
1612 2562 1922 2618 laudabunt

276 2665 418 2705 eam.
455 2649 635 2705 Recta
664 2653 721 2703 et
773 2649 1052 2720 praeclara
1082 2649 1245 2706 illius
1275 2651 1428 2706 facta
1458 2651 1658 2707 ﬁdeles
1689 2656 1921 2707 tantum

274 2740 405 2808 ejus
438 2736 742 2809 discipulae
763 2754 911 2808 quas
948 2738 1007 2793 in
1042 2738 1268 2793 lavacro
1315 2741 1768 2811 regenerationis
1794 2740 1924 2811 ipsa

276 2826 500 2899 genuit,
528 2830 774 2898 expertae
807 2831 968 2897 sunt,
999 2832 1056 2882 et
1085 2827 1206 2883 solo
1243 2829 1415 2884 verbo
1448 2828 1703 2885 divinam
1738 2830 1919 2900 ipsam

274 2916 723 2988 praedicabunt;
751 2933 877 2987 quae
906 2917 1363 2988 autemjustitiae
1396 2919 1673 2989 operibus
1703 2918 1922 2973 illumi-

275 3010 425 3061 natae
458 3021 704 3077 regnum
739 3007 834 3061 Dei
887 3010 1354 3079 consequuntur,
1413 3025 1658 3080 quaeque
1693 3009 1921 3081 suppli-

274 3095 501 3153 ciorum
537 3094 744 3152 timore
778 3112 809 3149 a
842 3096 1017 3152 variis
1077 3098 1331 3168 peccatis
1380 3098 1698 3165 abstinent,
1730 3098 1918 3170 ipsam

274 3182 451 3239 etiam
485 3182 763 3255 operibus
800 3182 1241 3239 collaudabunt.

854 3312 1041 3365 Trium
1073 3314 1325 3367 Patrum.

337 3416 820 3487 Quandoquidem
872 3417 1054 3487 gloria
1136 3420 1435 3491 magistrae
1519 3424 1608 3474 est
1657 3421 1919 3491 discipu-

265 3504 457 3560 larum
490 3505 845 3560 illuminatio
895 3513 951 3561 et
984 3510 1275 3579 purgatio,
1335 3510 1406 3564 de
1447 3527 1565 3581 qua
1620 3511 1795 3565 etiam
1830 3512 1919 3565 di-

272 3597 446 3647 cunt:

310 3684 321 3689 “
347 3682 477 3748 Quae
506 3691 586 3737 est
615 3685 722 3737 ista
750 3700 867 3754 quae
885 3685 1240 3754 progreditur
1270 3687 1430 3756 quasi
1456 3703 1660 3743 aurora
1685 3704 1922 3742 consur-

269 3785 423 3840 gens,
446 3772 685 3839 pulchra
707 3778 767 3827 ut
798 3772 956 3844 (una,
989 3775 1161 3829 electa
1189 3778 1251 3828 ut
1280 3775 1659 3839 sol,terribilis
1689 3783 1747 3831 ut
1778 3779 1921 3832 acies

271 3859 552 3917 ordinata:
578 3866 602 3913 .9

343 3951 488 4003 Vere
520 3950 867 4005 admiranda
897 3958 986 4006 est
1019 3952 1301 4024 magistra
1335 3959 1553 4009 nostra.
1574 3955 1718 4010 Nam
1744 3956 1918 4010 disci-

268 4037 425 4106 pulis
458 4038 582 4091 suis
605 4055 731 4108 quae
766 4057 866 4109 per
896 4042 1302 4113 purgationem
1336 4061 1366 4097 a
1398 4046 1770 4099 tenebrarum
1785 4063 1921 4115 ope-

267 4125 431 4181 ribus
452 4131 952 4192 recesserunt,sed
973 4147 1073 4202 per
1093 4133 1446 4202 cognitionis
1471 4133 1917 4190 illustrationem

267 4215 530 4269 nondum
565 4210 901 4284 adjustitiaa
934 4236 1112 4289 opera
1135 4228 1547 4291 pervenerunt,
1578 4228 1643 4277 ut
1672 4224 1919 4278 docendi

265 4302 414 4358 ratio
448 4305 714 4374 requirit,
748 4323 877 4362 sese
919 4312 1346 4374 accommodat,
1382 4328 1446 4365 ac
1505 4313 1721 4381 praebet
1752 4313 1919 4383 quasi

264 4390 455 4447 lucem
490 4395 941 4463 matutinam,ea
969 4398 1165 4453 celans
1189 4402 1465 4471 mysteria
1495 4418 1621 4465 quae
1654 4403 1913 4456 nondum

264 4482 465 4536 valent
512 4486 1010 4555 comprehendere
1040 4507 1053 4556 ;
1088 4494 1262 4559 atque
1294 4490 1395 4543 illa
1426 4491 1667 4546 tradens
1698 4492 1915 4562 quibus

266 4572 659 4642 percipiendis
692 4582 830 4630 sunt
861 4576 1102 4643 idoneis,
1141 4580 1592 4650 futurarumque
1615 4599 1915 4652 poenarum

268 4660 445 4715 minis
470 4679 569 4718 eas
631 4665 699 4718 ad
737 4666 906 4719 ﬁnem
954 4672 1131 4727 atque
1172 4669 1565 4723 obedientiam
1593 4672 1913 4726 addunens.

265 4748 534 4807 Illis'vero
554 4770 680 4823 quae
696 4770 826 4807 cum
851 4755 1112 4810 veritatis
1130 4758 1483 4812 crediderint
1498 4762 1914 4829 praedicationi,

264 4852 297 4892 a
347 4840 583 4897 malitiae
644 4847 842 4898 tamen
893 4845 1168 4913 operibus
1228 4848 1602 4902 tenebrarum
1651 4851 1912 4903 nondum

258 4936 394 4983 sunt
426 4937 706 5001 purgatae,
743 4932 821 4985 ita
846 4948 907 4987 se
939 4934 1173 4988 exhibet
1204 4935 1438 4998 bonam,
1476 4942 1538 4989 ut
1563 4938 1913 5008 paenitentiae

259 5014 577 5087 disciplina
602 5021 771 5089 quasi
793 5020 940 5074 lunae
956 5024 1273 5090 quamdam
1290 5024 1479 5078 lucem
1500 5027 1910 5097 suppeditans,

258 5101 606 5172 ignorantiae
629 5113 858 5163 noctem
883 5111 953 5164 ab
969 5112 1052 5165 eis
1069 5112 1328 5182 repellat.
1355 5118 1573 5167 Atcum
1600 5116 1911 5171 animabus

259 5188 380 5245 illis
411 5208 538 5261 quas
573 5195 784 5250 virtute
816 5199 1073 5266 praedita),
1132 5206 1413 5269 tanquam
1463 5203 1520 5255 in
1573 5203 1665 5258 die
1705 5205 1911 5258 decore

258 5278 584 5342 ambulant,
619 5297 681 5336 se
726 5284 965 5338 electam
1018 5288 1168 5356 gerit
1216 5291 1433 5359 (qualis
1492 5298 1582 5346 est
1636 5292 1746 5356 sol,
1810 5293 1908 5362 qui

254 5371 381 5421 tum
411 5368 805 5438 amplitudine
837 5380 961 5428 tum
1016 5375 1327 5446 splendore
1385 5382 1608 5436 caeteris
1657 5382 1781 5435 εοεΙὶ
1818 5380 1906 5435 lu-

254 5456 518 5512 minibus
545 5459 880 5529 antecellit),
913 5467 971 5517 et
1002 5480 1147 5519 veras
1177 5468 1527 5538 cognitionis
1558 5470 1749 5525 lucem
1768 5472 1908 5526 sub-

308 5608 369 5669 η⁶⁹
388 5608 602 5682 Ephes.
638 5628 712 5683 ιν,
748 5612 835 5666 13.

2031 524 2190 576 μενος
2223 501 2409 574 δηλοῖ,
2458 502 2803 580 περιγράφων
2854 508 2951 557 τοῦ
3000 498 3379 577 ἐϐδομήκοντα
3442 504 3680 580 ἀριθμοῦ

2027 596 2283 668 περιττοῦ
2317 589 2472 654 ὄντος
2502 593 2602 661 τὴν
2653 592 2882 663 κίνησιν·
2934 593 3023 647 καὶ
3072 594 3128 648 αἱ
3168 592 3304 648 κατᾶ
3348 593 3448 662 τήν
3500 593 3678 648 πίστιν

2028 679 2105 736 ἔτι
2136 684 2419 751 νεάζουσαι
2453 682 2542 737 καὶ
2594 683 2669 755 μὴ
2712 681 2789 745 είς
2854 683 3046 758 μὲτρον
3101 680 3325 752 ἡλικίας
3379 686 3475 737 τοῦ
3530 681 3683 750 πλη-

2031 771 2285 847 ρώματος
2359 777 2457 827 τοῦ
2525 774 2765 848 Χριστοῦ
2846 769 2934 827 διὰ
3000 770 3374 845 καθαρότητός
3449 793 3507 827 τε
3590 773 3679 827 καὶ

2030 866 2317 937 φωτισμοῦ
2377 860 2550 935 ἔργων
2611 859 2959 933 δικαιοσύνης
3011 860 3297 939 φθάσασαι,
3358 861 3445 916 καὶ
3480 858 3569 915 διὰ
3622 860 3687 915 τὸ

2031 950 2218 1026 νεκρὰν
2280 945 2357 1005 ἔτι
2413 951 2510 1019 τὴν
2566 951 2746 1005 πίστιν
2803 950 2855 1004 ἐν
2910 950 3123 1012 ἑαυταῖς
3175 948 3504 1027 περιφέρειν,
3564 955 3689 1011 ταῖς

2030 1042 2368 1114 σωζομὲναις
2447 1042 2626 1114 τάξεσι
2717 1040 2911 1115 μηκέτι
2997 1039 3508 1113 συναριθμούμεναι.
3594 1042 3688 1096 Ἐκ

2029 1135 2214 1186 πασῶν
2279 1130 2337 1186 δὲ
2391 1134 2500 1185 τῶν
2535 1128 2836 1206 λεχθεισῶν
2867 1129 3065 1200 τάξεων
3103 1129 3199 1203 μία
3254 1129 3364 1183 ἐστὶ
3395 1130 3689 1205 περιστερᾶ
3720 1198 3723 1199 ν

2027 1220 2210 1277 τελεία
2267 1224 2334 1295 τῇ
2397 1218 2563 1292 μητρί
2623 1218 2811 1288 αὐτῆς,
2868 1217 3093 1289 ἐκλεκτή
3156 1219 3268 1273 ἐστι
3316 1222 3383 1292 τῇ
3450 1217 3684 1293 τεκούσῃ

2032 1312 2222 1381 αὐτήν·
2284 1307 2475 1386 ἤγουν,
2536 1311 2569 1379 ἡ
2607 1308 2738 1383 μετᾶ
2766 1309 2830 1363 τὸ
2879 1312 3160 1362 πιστεῦσαι
3206 1312 3339 1379 Θεῷ,
3381 1307 3471 1362 καὶ
3531 1302 3688 1381 φόϐῳ

2036 1402 2130 1474 μὲν
2160 1405 2267 1455 τῶν
2300 1396 2541 1454 ἀπειλῶν
2593 1399 2946 1473 καθαρθῆναι,
3009 1394 3194 1453 ἐλπίδι
3241 1395 3298 1452 δὲ
3341 1402 3449 1451 τῶν
3511 1396 3687 1472 ἐπαγ-

2031 1490 2232 1565 γελιῶν
2264 1490 2622 1567 φωτισθῆναι,
2680 1488 3033 1563 ἀγαπητικῶς
3083 1485 3384 1550 διατεθεῖσα
3440 1486 3563 1561 περὶ
3622 1486 3688 1541 τὸ

2034 1580 2257 1655 ἀγαθὸν,
2301 1577 2389 1632 καὶ
2445 1579 2520 1650 μὴ
2556 1574 2625 1631 δι’
2654 1573 2835 1651 ἕτερόν
2883 1598 2938 1631 τι
2962 1580 3194 1631 ποιοῦσα
3226 1576 3381 1649 αὐτὸ,
3439 1574 3587 1631 ἀλλὰ
3617 1573 3690 1630 δι’

2032 1668 2185 1739 αὐτὸ,
2245 1669 2320 1730 ὡς
2379 1667 2533 1745 φύσει
2579 1663 2769 1721 καλόν·
2821 1664 2966 1736 Αὕτη
3002 1664 3104 1741 γὰρ
3140 1665 3239 1739 μία
3273 1665 3367 1738 μέν
3400 1663 3562 1736 ἐστιν,
3614 1666 3721 1735 ὡς,

2031 1759 2169 1813 κατὰ
2213 1756 2402 1822 θέωσιν
2462 1755 2719 1831 ἐνωθεῖσα
2772 1760 2851 1827 τῷ
2904 1754 2980 1809 ἑνὶ
3038 1754 3127 1809 καὶ
3190 1754 3340 1827 μόνῳ
3400 1758 3538 1824 Θεῷ,
3593 1752 3723 1835 καὶῆ

2033 1848 2160 1923 παρ’
2228 1848 2378 1919 αὐτῷ
2445 1845 2699 1916 ἀκίνητος
2764 1843 3018 1917 μένουσα.
3096 1845 3394 1918 Περιστερὰ
3462 1840 3541 1912 δὲ,
3609 1843 3725 1927 ὡς,

2033 1936 2372 2009 πνευματικὴ
2404 1935 2494 1990 καὶ
2523 1934 2708 1990 τελεία
2735 1937 2803 2008 τῇ
2863 1933 3151 2004 πανταιτίᾳ
3180 1932 3363 2010 σοφίᾳ,
3423 1933 3497 1993 ὡς
3551 1934 3691 2006 πρὸς
3710 2001 3728 2023 ³

2030 2027 2230 2098 ταύτην
2291 2029 2621 2089 ἀνατατικῶς
2676 2024 2746 2080 δι’
2797 2026 3029 2096 ἑκάστης
3089 2024 3284 2099 ἀρετῆς
3337 2029 3687 2098 συναχθεῖσα,

2032 2117 2121 2173 καὶ
2176 2118 2277 2187 τήν
2339 2116 2389 2171 ἐν
2453 2114 2587 2190 αὐτῇ
2643 2116 2946 2188 ποιουμένη
3002 2111 3311 2189 νπρὸοδον,
3386 2112 3524 2167 κατὰ
3581 2113 3683 2181 τὴν

2033 2209 2259 2273 ἑκάστης
2309 2206 2504 2282 ἀρετῆς
2558 2203 2782 2281 γένεσιν.
2851 2210 3027 2272 ᾜτινι
3076 2202 3234 2280 σοφίᾳ
3284 2201 3372 2256 καὶ
3429 2198 3684 2275 ἐκλελεγ-

2036 2298 2169 2370 μὲνη
2229 2296 2368 2351 ἐστὶν
2429 2294 2535 2350 ἀπὸ
2580 2298 2687 2349 τῶν
2750 2289 3021 2347 δουλίδων
3074 2292 3164 2346 καὶ
3237 2291 3548 2364 μισθωτῶν,
3610 2289 3684 2351 ὡς

2032 2385 2440 2459 υἱοθετισαμὲνη
2499 2384 2697 2455 ταύτην
2756 2382 2893 2438 κατᾶ
2945 2383 3043 2451 τήν
3103 2380 3156 2435 ἐν
3216 2381 3401 2455 χάριτι
3461 2380 3677 2443 θίωσιν.

2031 2474 2259 2532 Εῗδοσαν
2344 2474 2511 2545 αὐτὴν
2590 2473 2898 2549 θυγατέρες,
2984 2470 3074 2526 καὶ
3162 2473 3514 2544 μακαριοῦσιν
3584 2470 3683 2523 αύ-

2029 2568 2128 2637 τῆν
2167 2588 2178 2600 ·
2260 2564 2616 2641 βασίλισσαι,
2692 2563 2782 2617 καὶ
2859 2557 3137 2616 παλλακαὶ
3210 2559 3504 2613 αίνέσουσιν
3582 2558 3683 2611 αὺ-

2030 2656 2152 2724 τήν.
2213 2651 2479 2723 Δηλονότι
2540 2650 2593 2705 ἐν
2635 2648 2957 2725 πείρᾳτῶν
3011 2645 3453 2720 κατορθωμάτων
3514 2644 3683 2715 αὐτῆς

2030 2743 2337 2819 γεγόνασιν,
2395 2741 2449 2795 αἱ
2510 2739 2673 2813 μόνον
2731 2739 2915 2793 πισταὶ
2944 2736 3147 2806 ταύτης
3190 2736 3505 2810 μαθήτριαι·
3536 2733 3597 2796 ἃς
3630 2733 3681 2788 ἐν

2030 2839 2110 2905 τῷ
2168 2830 2385 2907 λουτρῷ
2441 2832 2539 2899 τῆς
2596 2826 3018 2903 παλιγγενεσίας
3075 2821 3316 2892 ἀπέτεκε,
3375 2825 3463 2878 καὶ
3530 2824 3683 2896 μόνῳ

2034 2922 2187 2997 λόγῳ
2244 2921 2415 2988 αὐτὴν
2447 2918 2831 2982 ἐκθειάσουσιν.
2863 2916 2933 2971 Δί
2960 2912 3017 2969 δὶ
3076 2911 3167 2968 διὰ
3196 2916 3483 2989 φωτισμοῦ
3513 2907 3680 2985 ἔργων
3722 2920 3725 2923 ’

2033 3010 2379 3081 δικαιοσύνης
2430 3012 2527 3078 τῆς
2572 3012 2668 3062 τοῦ
2708 3010 2843 3061 Θεοῦ
2878 3003 3155 3081 βασιλείας
3209 3000 3680 3074 ἀντιποιούμεναι,

2031 3101 2119 3155 καὶ
2153 3102 2205 3155 αἱ
2240 3098 2328 3154 διὰ
2354 3093 2521 3177 φόϐον
2552 3101 2660 3151 τῶν
2705 3094 2984 3150 κολάσεων
3018 3092 3294 3148 παντοίων
3335 3094 3517 3146 κακῶν
3548 3089 3684 3144 ἀπε-

1952 3163 1993 3229 C
2033 3190 2288 3266 χὸμεναι,
2322 3163 2411 3244 καὶ
2439 3185 2509 3243 δι’
2534 3182 2705 3263 ἔργων
2738 3185 3108 3240 ἒπαινὲσουσιν
3144 3182 3334 3252 αὐτήν.

2590 3315 2712 3369 Τῶν
2755 3311 2803 3387 γ’
2843 3307 3093 3385 Πατέρων
3106 3353 3119 3367 .

2104 3419 2429 3493 Ἐπειδήπερ
2463 3417 2589 3489 δόξα
2641 3424 2742 3486 τῆς
2804 3414 3134 3472 διδασκάλου
3191 3413 3303 3469 ἕστὶ
3332 3418 3437 3467 τῶν
3498 3412 3677 3484 μαθη-

2029 3516 2196 3587 τριῶν
2282 3511 2309 3565 ὁ
2395 3508 2678 3586 φωτισμὸς
2736 3506 2825 3561 καὶ
2878 3509 2912 3575 ἡ
2972 3504 3251 3581 κάθαρσις,
3293 3502 3418 3578 περὶ
3469 3503 3535 3571 ἧς
3588 3500 3679 3555 καὶ

2031 3598 2230 3675 ἐροῦσι·

2101 3688 2195 3751 Τίς
2252 3690 2383 3757 αὕτη
2442 3690 2476 3757 ἡ
2538 3686 2875 3742 ἐκκόπτουσι
2933 3681 3059 3738 ὡσεὶ
3116 3678 3333 3757 ὄρθρος,
3392 3677 3537 3748 καλὴ
3599 3678 3675 3740 ὡς

2032 3779 2258 3849 σελήνη,
2320 3775 2548 3845 ἐκλεκτή
2609 3776 2682 3840 ὡς
2737 3774 2923 3844 ἥλιος,
2986 3766 3195 3844 θάμϐος
3273 3770 3346 3832 ὡς
3417 3767 3679 3842 τεταγμέ-

2028 3888 2148 3935 ναις

2103 3954 2323 4025 Δηλαδὴ
2359 3956 2631 4028 θαυμασία
2685 3953 2767 4015 τίς
2829 3951 2969 4007 ἐστιν
3029 3953 3064 4019 ἡ
3128 3946 3454 4009 διδάσκαλος
3494 3946 3717 4018 ἡμῶν,.

2031 4047 2105 4107 ὡς
2131 4052 2247 4107 ταῖς
2309 4045 2401 4118 μὲν
2462 4043 2791 4105 ἀποστάσαις
2843 4046 2952 4094 τῶν
3009 4034 3176 4108 ἔργων
3209 4041 3304 4091 τοῦ
3336 4035 3558 4096 σκέτους
3593 4032 3683 4089 διὰ

2031 4136 2354 4209 καθάρσεως,
2411 4136 2578 4205 μήπω
2630 4130 2686 4186 δὲ
2733 4132 2800 4185 τὰ
2838 4126 2971 4205 ἔργα
3000 4135 3099 4197 τῆς
3131 4124 3479 4194 δικαιοσύνης
3521 4144 3684 4178 κατα-

2030 4220 2346 4291 λαϐούσαις,
2400 4220 2489 4277 διὰ
2537 4220 2816 4299 φωτισμὸν
2868 4219 3123 4293 γνώσεως
3182 4209 3681 4291 συγκαταϐαίνουσα

2029 4309 2429 4372 διδασκαλικῶς
2460 4307 2537 4365 ἔτι
2569 4311 2791 4374 ἑωθινὸν
2842 4313 2981 4382 φῶς,
3041 4304 3090 4360 ἰν
3135 4309 3215 4376 τῷ
3261 4304 3329 4358 τὰ
3388 4303 3481 4375 μὶν
3539 4301 3677 4363 τὲως

2028 4392 2295 4476 ἄχωρ-ητα
2349 4402 2568 4462 ταύταις
2629 4401 2904 4472 μυστήρια
2958 4396 3254 4472 κρύπτειν,
3322 4389 3676 4467 παραδηλοῦν

2029 4488 2086 4544 δὲ
2140 4492 2206 4544 τὰ
2262 4492 2514 4563 χωρητα,
2574 4488 2661 4543 καὶ
2716 4488 2836 4549 ταῖς
2884 4483 3138 4545 ἀπειλαῖς
3188 4486 3301 4537 ’τῶν
3353 4479 3674 4554 μελλουσῶν

2026 4578 2299 4633 κολάσεων
2360 4581 2496 4654 πρὸς
2560 4579 2803 4645 ὑπακοὴν
2866 4574 3232 4649 ἐπιστρέφειν⁸
3294 4576 3410 4632 ταῖς
3468 4567 3525 4624 δί
3582 4589 3676 4622 πι-

2027 4666 2339 4729 στευσάσαις
2394 4669 2486 4740 μὲν
2542 4672 2621 4738 τῷ
2677 4673 2775 4735 τῆς
2832 4663 3089 4734 ἀληθείας
3132 4660 3473 4737 κηρύγματι,
3504 4661 3673 4731 μήπω

2026 4755 2082 4812 δὲ
2112 4759 2487 4831 καθαρθείσαις
2520 4762 2625 4811 τῶν
2658 4760 2755 4810 τοῦ
2813 4755 3039 4814 σκότους
3080 4759 3201 4822 τῆς⁴
3225 4750 3415 4815 κακίας
3474 4746 3671 4824 ἔργων,

2026 4848 2198 4922 ἀγαθή
2264 4846 2423 4917 ἐστιν,
2483 4847 2559 4907 ὡς
2612 4851 2731 4907 ταῖς
2772 4843 2906 4917 πρὸς
2959 4844 3242 4915 μετάνοιαν
3301 4835 3709 4923 διδασκαλίαις

2022 4936 2259 5010 καθάπερ
2318 4958 2368 4990 τι
2430 4935 2748 5003 σεληνιακὸν
2810 4938 2923 5007 φῶς
2975 4932 3072 5000 τήν
3105 4930 3273 4986 νύκτα
3302 4932 3401 4993 τῆς
3452 4926 3705 5001 ἀγνοίας

2022 5025 2226 5080 τούτων
2276 5022 2793 5101 καταφαιδρύνουσα·
2844 5027 2965 5081 ταῖς
3015 5018 3060 5074 δ’
3115 5020 3189 5083 ὡς
3242 5018 3293 5072 ἐν
3353 5018 3535 5089 ἡμέρᾳ
3586 5013 3707 5069 εὗ-’

2021 5114 2318 5189 σχημόνως
2368 5112 2791 5186 περιπατούσαις
2843 5111 3109 5185 ἐναρὲτοις
3159 5112 3363 5182 ψοχαῖς
3420 5103 3670 5177 ἐκκελεγ-

2024 5205 2157 5277 μὲνη
2218 5204 2357 5257 ἐστὶν
2420 5204 2634 5276 (οἷάπερ
2668 5222 2775 5264 ’τις
2823 5199 2986 5269 ἥλιος
3017 5203 3125 5254 τῶν
3180 5196 3390 5252 λοιπῶν
3438 5194 3555 5249 κατ’
3584 5194 3669 5249 οὐ·

2020 5295 2179 5366 ρανὸν
2235 5293 2428 5369 φώτων
2487 5289 2651 5365 αἷίγλῃ
2683 5311 2742 5345 τε
2796 5288 2885 5343 καὶ
2948 5286 3160 5361 μεγέθει
3213 5283 3671 5363 διαφανέστερος),

2020 5382 2094 5442 ὡς
2127 5379 2498 5436 ἀνατέλλουσα
2521 5382 2742 5441 ταύταις
2767 5383 2882 5456 φῶς
2937 5377 3177 5445 ἀληθοῦς
3210 5376 3483 5451 γνώσεως,
3540 5371 3691 5458 κάν--

2015 5473 2193 5525 τεῦθεν
2257 5470 2637 5541 ἐκπλήττουσι
2719 5469 2814 5530 τὰς
2903 5466 3113 5540 ὁρώσας
3182 5465 3351 5533 αὐτὴν
3429 5460 3669 5535 καθάπερ
