4040 6146
280 343 399 406 665

1323 341 1734 404 GOMMENT.
1779 343 1857 404 IN
1901 344 2304 408 CANTIGUM
2353 349 2656 410 CANTIC.

3580 351 3699 410 666
3723 369 3727 374 ‘

285 473 574 532 ἆπιωάνιιά
607 494 692 536 τις
752 473 1062 548 ἆγγελικῶν
1117 472 1338 544 τάξεων.
1372 473 1472 528 Καὶ
1526 477 1694 528 ταῦτα
1744 474 1838 546 μὲν
1890 475 1945 528 αἳ

2059 478 2378 549 ministrat;
2410 485 2584 551 atque
2604 481 2686 538 ita
2716 485 2952 555 stupore
2979 499 3046 540 ac
3073 487 3296 541 terrore
3325 483 3507 540 afﬁcit
3536 501 3597 540 se
3616 483 3702 540 in-

290 565 588 637 μαθήτρισι
619 562 745 637 περὶ
777 570 877 632 τῆς
909 560 1242 618 διδασκάλου
1272 562 1541 638 εἰρήκασι.

857 852 977 903 Τῶν
1005 849 1052 922 γ’
1088 849 1361 924 Ηατὲρων.

361 959 544 1015 Ταῦτα
605 954 698 1028 μὶν
755 955 809 1010 αἱ
873 957 1166 1030 μαθήτριαι
1227 953 1353 1029 περὶ
1430 961 1531 1024 τῆς
1613 952 1943 1011 διδασκάλου

294 1046 569 1123 εἰρήκασι,
601 1044 666 1099 τὰ
697 1041 742 1099 δ’
770 1043 902 1115 αὕτη
952 1045 1076 1114 περὶ
1131 1043 1338 1099 τούτων
1390 1045 1526 1119 πρὸς
1574 1045 1664 1099 τὸν
1713 1045 1942 1123 νυμφίον

298 1135 503 1215 φησίν*
540 1135 636 1196 Εἷς
692 1140 868 1204 κῆπον
924 1132 1128 1208 καρύας
1184 1128 1415 1204 κατέϐην
1475 1131 1607 1188 ίδεῐν
1669 1134 1720 1188 ἐν
1753 1136 1946 1210 γεννη-

295 1246 428 1299 μασι
476 1227 572 1278 τοῖ’)
624 1223 961 1300 χειμάρρου·
1001 1221 1130 1278 ίδεῖν
1189 1222 1234 1276 εἰ
1293 1220 1524 1294 ἤνθησεν
1583 1226 1616 1292 ἡ
1677 1223 1947 1296 ἄμπελος,

291 1313 340 1368 εἰ
372 1311 614 1383 ἤνθησαν
648 1312 702 1366 αἱ
753 1311 894 1387 ῥοαί.
927 1313 1105 1380 "Ihm,
1140 1306 1476 1386 συγκατὲϐην
1529 1311 1586 1366 ἐκ
1629 1315 1726 1366 τοῦ
1785 1309 1951 1385 ὕψους

287 1409 396 1472 τῆς
429 1408 695 1474 μυστικῆς
722 1401 951 1477 θεωρίας
981 1406 1098 1462 ταῖς
1129 1400 1501 1476 γεωργούσαις
1535 1404 1738 1476 ψυχαῖς
1785 1401 1952 1455 οἱονεὶ

285 1491 484 1566 κάρυα,
513 1489 650 1546 κατᾶ
707 1492 799 1564 μὶν
853 1491 916 1544 τὸ
975 1488 1126 1551 ἐκτὸς
1187 1487 1423 1564 λὲπυρον
1483 1489 1671 1564 πικρά,
1705 1489 1840 1544 κατὰ
1897 1486 1952 1543 δὲ

284 1580 356 1636 τὸ
383 1579 535 1643 ἐντὸς
575 1578 812 1654 σκληρὰ,
845 1579 962 1633 κατ’
997 1577 1154 1634 αὐτὸν
1191 1576 1247 1633 δὲ
1277 1579 1368 1634 τὸν
1427 1575 1578 1633 ἔνδον
1625 1583 1732 1633 τῶν
1776 1578 1954 1633 τοιού-

287 1691 406 1725 των
438 1667 689 1744 λεπύρων
721 1669 924 1745 καρπὸν
954 1665 1106 1737 ἡδέαο
1140 1669 1237 1737 τήν
1273 1669 1344 1740 τῇ
1389 1672 1583 1744 πικρίᾳ
1627 1672 1733 1722 τῶν
1792 1669 1954 1723 ἀκου-

293 1758 430 1813 σίων
491 1761 808 1831 πειρασμῶν
862 1758 952 1810 καὶ
1009 1761 1077 1822 τῆ
1136 1756 1471 1832 σκληρότητι
1528 1761 1635 1810 τῶν
1695 1756 1952 1811 ἑκουσίων

2046 573 2300 637 tuentes,
2324 575 2390 625 ut
2414 571 2699 627 instructa
2732 577 2911 644 atque
2949 574 3219 629 ordinata
3257 574 3494 646 agmina
3524 589 3704 646 ange—

2048 656 2262 713 lorum.
2301 663 2377 714 Ac
2409 659 2478 715 de
2503 661 2786 740 magistra
2817 661 3057 732 quidem
3094 661 3394 733 discipulae
3425 662 3507 717 ita
3537 661 3703 717 locu-

2050 753 2122 801 ιω
2157 763 2223 803 su
2236 751 2318 803 nt.

2640 858 2826 912 Trium
2869 858 3118 914 Patrum.

2126 961 2255 1017 Haec
2283 963 2548 1034 :quidem
2611 964 2913 1036 discipulae
2970 965 3042 1021 de
3099 963 3375 1036 magistra
3406 964 3702 1020 dixerunt.

2058 1053 2192 1122 Ipsa
2215 1068 2351 1106 vero
2385 1052 2454 1107 de
2487 1052 2798 1125 discipulis
2829 1057 2900 1110 ad
2932 1070 3218 1126 sponsum
3260 1054 3343 1110 ita
3389 1054 3655 1126 loquitur
3688 1071 3701 1108 :

2060 1141 2123 1195 In
2153 1140 2376 1196 hortum
2413 1143 2572 1198 nucis
2608 1143 2885 1213 descendi,
2920 1153 2980 1198 ut
3016 1145 3261 1199 viderem
3281 1145 3339 1198 in
3358 1144 3708 1215 germinibus

2058 1233 2324 1286 torrentis
2353 1254 2371 1285 .-
2404 1236 2463 1286 ut
2497 1232 2760 1302 viderem,
2809 1250 2882 1287 an
2925 1234 3197 1298 ﬂoruisset
3246 1234 3432 1304 vinea,
3485 1250 3556 1287 an
3598 1235 3702 1303 ﬂo-

2059 1321 2300 1375 ruissent
2328 1320 2477 1374 mala
2507 1322 2732 1392 punica.
2759 1321 2839 1376 De
2880 1323 3136 1393 mysticae
3167 1320 3702 1393 comtemplationis

2061 1408 2423 1464 sublimitate
2445 1410 2719 1466 descendi
2761 1411 2832 1465 ad
2885 1412 3116 1466 animas
3147 1410 3383 1466 virtutis
3430 1409 3704 1466 excultri-

2062 1514 2179 1566 ces,
2213 1504 2494 1569 tanquam
2543 1499 2615 1554 ad
2662 1515 2864 1569 nuces,
2913 1516 3162 1568 quarum
3213 1504 3407 1554 cortex
3457 1499 3709 1556 exterior

2063 1587 2210 1642 alter
2240 1586 2479 1657 quidem
2525 1604 2786 1656 amarus,
2823 1589 2970 1642 alter
2999 1592 3194 1642 autem
3227 1588 3412 1642 durus
3443 1591 3569 1644 est:
3593 1605 3705 1644 nu-

2064 1671 2226 1728 cleus
2256 1678 2454 1728 autem
2503 1674 2602 1743 qui
2633 1673 2727 1729 his
2764 1673 3080 1731 corticibus
3122 1674 3464 1743 includitur,
3493 1678 3710 1747 jucun-

2065 1763 2178 1818 dus
2210 1780 2222 1818 :
2268 1761 2516 1818 dulcedo
2541 1762 2823 1818 nimirum
2849 1764 3160 1834 virtutum,
3193 1780 3318 1836 quae
3340 1771 3466 1820 tum
3490 1765 3707 1821 amari-

287 1845 724 1926 πεφυλαγμὲνην
775 1845 1094 1921 γλυκύτητα
1148 1851 1254 1900 τῶν
1312 1845 1677 1921 ἀρετῶν,ἆ.πό
1725 1867 1783 1900 τε
1839 1850 1945 1900 τῶν

2058 1851 2263 1908 tudine
2298 1850 2564 1923 gravium
2609 1853 3025 1921 tentationum,
3059 1857 3186 1908 tum
3208 1853 3521 1926 asperitate
3543 1854 3708 1910 labo-

288 1943 417 1993 κατ’
447 1934 692 2010 ἔλλειψιν
724 1935 898 1991 αύτῶν
930 1936 1020 1990 καὶ
1060 1939 1167 1990 τῶν
1217 1936 1334 1990 καθ’
1370 1929 1679 2010 ὑπερϐολὴν
1732 1937 1914 1989 παθῶν
1938 1956 1951 1968 ο

293 2024 440 2081 ὥστε
497 2025 782 2089 θεάσασθαι
841 2025 894 2080 ἐν
970 2028 1038 2098 τῇ
1119 2025 1373 2096 ὑπομονῇ
1456 2024 1655 2092 αὐτῶν,
1715 2026 1954 2096 κυήματι

291 2112 435 2190 θύσῃ
463 2123 562 2185 τῆς
595 2115 824 2191 ῥεούσης
852 2113 1089 2188 Θλίψεως
1121 2113 1181 2168 ἐκ
1209 2111 1304 2167 τοῦ
1336 2118 1614 2190 χειμῶνος
1672 2117 1779 2167 τῶν
1833 2134 1953 2168 πει-

292 2209 525 2283 ρασμῶν
679 2203 862 2278 θλίψις
911 2205 1013 2280 γὰρ
1075 2204 1357 2274 ὑπομονὴν
1410 2203 1818 2278 κατεργάζεται)
1849 2199 1956 2257 εἷ’τι

287 2293 644 2370 εὐχαριστίᾳ,
731 2291 840 2349 eis:
929 2291 1211 2370 δυσφημίᾳ
1303 2290 1626 2368 προσάγεταί
1712 2312 1796 2346 σοι
1874 2295 1955 2363 τῷ

289 2383 578 2460 ἷάτρικῶς,
611 2380 741 2438 ἀλλ’
779 2382 841 2437 οὐ
895 2385 1287 2458 τιμωρητικῶς
1355 2378 1703 2436 παιδεύοντι·
1765 2378 1953 2444 θεάσα-

286 2485 419 2538 σθαι
453 2471 511 2529 δὲ
539 2474 704 2529 πάλιν
739 2473 828 2528 ἐάν
879 2494 939 2528 τε
989 2472 1149 2534 αὐτὸς
1196 2473 1223 2527 ὁ
1281 2471 1333 2525 ἐν
1394 2469 1755 2546 Εὑαγγιλίοις
1805 2471 1954 2546 εἷρηο

284 2563 436 2631 κὼς,
469 2561 552 2618 ὅτι
583 2563 725 2638 Ἐγώ
759 2561 873 2635 εἶμι
905 2564 939 2632 ἡ
975 2559 1246 2634 ἄμπελος,
1282 2562 1333 2615 ἰν
1365 2564 1433 2634 τῇ
1493 2560 1746 2634 ὑπομονῇ
1782 2557 1952 2633 ταύτῃ

293 2650 712 2728 προδείκνυται,
745 2653 819 2713 ὡς
847 2649 1007 2715 ἄνθος
1047 2649 1274 2726 βότρυος
1322 2653 1608 2710 ποιοῦντος
1657 2650 1798 2703 οἶνον
1855 2656 1955 2718 τῆς

296 2742 512 2820 φύσεως
548 2741 859 2796 ἐκστατικὸν
892 2741 1029 2795 κατά
1068 2741 1164 2809 τήν
1217 2740 1462 2801 θεώσιως
1515 2739 1699 2813 χάριν.
1732 2739 1792 2794 Ὀ
1849 2739 1953 2814 γὰρ

299 2830 359 2886 ἰν
393 2832 645 2904 ὑπομονῇ
678 2831 764 2885 καὶ
800 2829 966 2895 αὑτῆς
1025 2836 1126 2899 τῆς
1186 2826 1324 2891 ἰδίας
1382 2827 1590 2905 φύσεως
1652 2828 1952 2900 ὑπερορῶν,

298 2921 404 2990 τήν
442 2920 574 2993 ὑπὲρ
607 2919 763 2990 φύσιν
793 2926 893 2989 τῆς
918 2917 1173 2988 θεότητος
1220 2916 1433 2994 δέχεται
1483 2917 1644 2992 χάριν
1670 2936 1682 2948 ⁸
1717 2917 1807 2972 καὶ
1865 2916 1952 2972 ἐὰν

297 3009 360 3063 αἱ
391 3007 545 3080 δίκην
577 3008 742 3086 ῥοιῶν
780 3013 860 3081 τῷ
893 3010 987 3082 μὲν
1018 3009 1329 3085 φαινομένῳ
1361 3005 1584 3081 λεπύρῳ
1616 3010 1950 3084 στυφουσῶν,

298 3101 382 3169 τῷ
413 3094 460 3152 δ’
489 3096 632 3161 ἐντὸς
659 3098 854 3153 τούτου
886 3098 1243 3174 κεκρυμμένῳ
1287 3101 1481 3173 καρπῷ
1537 3095 1668 3157 τοὺς
1721 3097 1949 3169 γευομέ-

2066 1957 2196 1996 rum
2222 1944 2431 2011 sponte
2453 1946 2854 2012 sueeptorum,
2887 1959 2920 1996 a
2945 1942 3457 2012 pertubationibus
3477 1947 3534 1998 et
3553 1943 3713 1998 vitiis

2064 2029 2121 2084 in
2155 2030 2386 2085 deiectu
2419 2035 2595 2100 atque
2643 2047 2884 2086 excessu
2934 2031 3397 2088 consistentibus
3428 2031 3488 2087 in
3519 2032 3714 2088 medio

2065 2124 2534 2174 conservantur:
2570 2124 2634 2174 ut.
2690 2119 2946 2176 viderem
2976 2120 3034 2175 in
3085 2121 3368 2192 patientia
3423 2121 3732 2193 ipsarum,

2065 2225 2188 2279 qua:
2219 2207 2397 2263 veluti
2428 2212 2632 2278 partus
2661 2207 2903 2279 quidam
2927 2225 2996 2264 ex
3023 2209 3404 2266 tribulatione
3429 2214 3710 2282 tanquam

2064 2313 2133 2352 ex
2163 2300 2421 2352 torrente
2479 2296 2867 2352 tentationum
2925 2297 3251 2370 (tribulatio
3285 2298 3440 2354 enim
3493 2299 3713 2370 patien-

2063 2385 2207 2440 tiam
2239 2386 2534 2456 operatur)
2587 2385 2675 2441 vel
2735 2403 2838 2457 per
2881 2387 3200 2458 gratiarum
3250 2387 3564 2453 actionem,
3621 2386 3712 2442 vel

2065 2491 2166 2546 per
2195 2474 2674 2530 lamentationem
2735 2475 2977 2530 offertur
3023 2475 3128 2531 tibi
3180 2493 3295 2532 non
3347 2477 3574 2543 acerbe,
3607 2477 3709 2532 sed

2065 2563 2276 2618 medici
2310 2579 2470 2619 more
2503 2563 2876 2635 castigantis;
2911 2569 2973 2620 ut
3003 2564 3258 2620 viderem
3292 2581 3520 2633 rursus,
3554 2581 3626 2620 an
3661 2565 3709 2620 is

2065 2652 2166 2724 qui
2224 2653 2282 2707 in
2333 2651 2658 2724 Evangeliis
2691 2653 2882 2708 dixit:
2917 2654 3024 2724 Ego
3081 2671 3204 2709 sum
3249 2654 3460 2725 vitis”,
3491 2653 3552 2710 in
3601 2654 3710 2708 hac

2065 2742 2348 2814 patientia
2375 2749 2652 2813 appareat
2705 2741 2858 2798 sicut
2915 2741 3022 2798 ﬂos
3083 2743 3233 2799 botri
3289 2743 3489 2798 vinum
3531 2745 3708 2797 natu-

2065 2847 2189 2886 ram
2222 2829 2696 2900 obstupefaciens
2754 2847 2854 2901 per
2909 2830 3238 2886 divinitatis
3294 2831 3542 2902 gratiam
3576 2846 3707 2902 pro-

2064 2918 2354 2974 ducentis.
2390 2921 2496 2984 Qui
2527 2918 2683 2974 enim
2735 2919 2923 2989 ipsam
2976 2937 3208 2992 quoque
3258 2924 3528 2975 naturam
3580 2935 3708 2991 pro-

2063 3008 2250 3080 priam
2281 3025 2381 3078 per
2411 3007 2752 3078 patientiam
2787 3009 3056 3080 despicit,
3089 3009 3414 3065 divinitatis
3451 3007 3703 3080 gratiam

2062 3101 2274 3152 natura
2323 3096 2787 3167 praestantiorem
2837 3097 3205 3167 adipiscitur.
3239 3099 3318 3153 An
3365 3099 3703 3168 ﬂioruissent

291 3207 425 3249 νους
455 3184 884 3263 γλυκαινοῦσῶν,
908 3185 1318 3265 πιφυλαγμέναι
1353 3186 1445 3259 μὶν
1494 3189 1574 3257 τῷ
1621 3189 1716 3240 τοῦ
1775 3179 1946 3258 φόϐου

2058 3187 2207 3243 mala
2235 3189 2460 3257 punica.
2493 3188 2577 3240 An
2609 3186 2758 3257 (quae
2789 3187 2977 3242 instar
3009 3186 3298 3242 malorum
3331 3186 3698 3259 punicorum,

287 3297 391 3331 σου
441 3280 770 3345 στυπτικῶς,
829 3275 1210 3353 εύφραίνουσαι
1267 3272 1324 3330 δὲ
1399 3273 1528 3338 τοὺς
1583 3272 1947 3349 γευσαμένους

283 3368 362 3438 τῇ
392 3372 493 3435 τῆς
526 3365 603 3428 εἷς
636 3366 694 3420 σὶ
727 3362 950 3426 ἐλπίδος
997 3362 1298 3439 γλυκύτητι
1355 3363 1536 3438 ἀρεταί
1564 3383 1577 3395 ο
1638 3360 1852 3432 δηλαδή
1907 3364 1943 3432 ὴ

285 3455 560 3533 φρόνησις
589 3454 680 3510 καὶ
711 3457 746 3524 ἡ
792 3454 1111 3527 ἀκεραιότης
1173 3451 1328 3523 δίκην
1389 3453 1676 3517 ἀνθοῦντος
1735 3455 1946 3527 καρποῦ

284 3540 616 3619 δδείχθησαν
653 3542 706 3598 ἐν
732 3547 801 3617 τῇ
840 3544 1115 3616 ὑπομονῇο
1149 3545 1183 3612 ἡ
1231 3543 1326 3615 μὶν
1377 3541 1666 3619 φρόνησις,
1712 3542 1812 3610 την
1872 3539 1945 3602 εἷς

282 3633 349 3688 at
375 3633 580 3702 πίστιν,
614 3631 688 3696 ὥς
714 3653 836 3688 τινα
875 3631 1116 3710 κεφαλὴν
1180 3632 1284 3686 ἀπὸ
1337 3636 1432 3686 τοῦ
1482 3631 1681 3706 ἐχθροῦ
1738 3628 1946 3703 φυλάτ-

279 3742 458 3778 τουσα
486 3719 748 3797 ἄτρωτον·
784 3723 818 3790 ἡ
853 3718 899 3775 δ’
926 3719 1272 3797 ἀκεραιότης,
1299 3722 1398 3790 τὴν
1445 3720 1518 3781 είς
1564 3720 1656 3774 τὸν
1707 3718 1942 3789 πλησίον

281 3810 507 3887 ἀγάπην
557 3809 848 3865 ἀσάλευτον
880 3808 930 3864 ἐν
989 3815 1110 3872 ταῖς
1152 3813 1259 3864 τῶν
1316 3813 1632 3883 πειρασμῶν
1665 3807 1942 3871 ποικίλαις

281 3899 636 3974 δπαγωγαῖς·
698 3899 874 3960 καθὼς
933 3899 1091 3960 αὐτὸς
1148 3898 1200 3952 ἰν
1260 3895 1616 3973 Εὑαγγελίοις
1676 3896 1896 3971 εἷ’ρηκας
1926 3915 1939 3930 ⁸

283 3986 434 4048 Ἰδοὺ
489 3986 593 4062 ἐγὼ
637 3987 965 4043 ἀποστέλλω
1019 3989 1183 4060 ὑμᾶς,
1217 3988 1290 4048 ὡς
1350 3981 1595 4061 πρόϐατα
1647 3985 1748 4059 [ἐν]
1798 3985 1944 4059 μέσῳ

284 4077 496 4134 λύκων.
557 4076 771 4140 Γίνεσθε
823 4074 914 4130 οὑν
975 4076 1233 4152 φρόνιμοι
1289 4077 1362 4137 ὡς
1393 4077 1444 4130 οἱ
1477 4071 1645 4154 ὄφεις,
1678 4076 1764 4130 καὶ
1821 4076 1941 4130 ἀκέ-

281 4187 436 4242 ραιοι
469 4167 543 4228 ὡς
573 4166 628 4220 αἱ
660 4165 992 4240 περιστεραί.
1026 4197 1093 4208 -·
1123 4166 1274 4222 Ἐκεῖ
1317 4162 1476 4218 δώσω
1524 4165 1650 4225 τοὺς
1707 4163 1942 4236 μαστούς

288 4255 399 4328 μού
430 4275 538 4310 σοι.
573 4256 792 4316 Πάντως
827 4253 878 4308 ἐν
908 4258 990 4326 τῷ
1020 4253 1296 4328 εἰρημένῳ
1339 4254 1502 4326 κήπῳ
1555 4257 1663 4307 τῶν
1718 4253 1939 4327 ἀρετῶν,

285 4342 352 4406 ὅς
381 4341 522 4397 ἔστιν
551 4343 606 4398 αἱ
640 4343 690 4398 ἐν
748 4342 970 4406 ταύταις
1017 4341 1411 4419 πεφυτευμέναι
1473 4343 1790 4416 μαθήτριαι,
1840 4343 1939 4408 τὴν

282 4427 363 4490 τίς
419 4427 580 4490 αὑτὰς
641 4429 839 4498 ἠθικὴν
894 4428 982 4482 καὶ
1030 4428 1259 4506 φυσικὴν
1315 4425 1660 4482 διδασκαλίαν
1699 4449 1822 4500 μου,
1855 4430 1939 4489 αῖς

285 4518 481 4593 οἷάπερ
511 4517 740 4594 γάλακτι
775 4523 976 4595 φυσικῇ
1009 4518 1098 4574 καὶ
1140 4517 1480 4590 καταλλήλῳ
1523 4521 1700 4592 τροφῇ
1741 4517 1934 4579 ταύτας

284 4605 576 4682 τρέφουσα.
613 4607 898 4684 προστάξω
931 4628 1014 4662 σοι
1061 4612 1142 4679 τῷ
1189 4607 1433 4684 νυμφίῳ,
1466 4607 1541 4670 ὡς
1586 4606 1824 4671 ἐντεῦθεν
1877 4606 1938 4662 τό

287 4697 380 4752 σόν
409 4717 470 4752 τε
529 4701 763 4752 ποιοῦσα
820 4695 1040 4768 θέλημα
1085 4697 1174 4752 καὶ
1206 4698 1290 4752 σοὶ
1340 4698 1435 4759 τὰς
1497 4695 1940 4770 μαθητευομένας

289 4806 385 4859 μοι
439 4790 805 4862 προσάγουσα.
864 4787 996 4842 Εἶτα
1053 4785 1353 4864 στρέφουσα
1429 4787 1518 4840 τὸν
1587 4785 1752 4861 λόγον
1805 4787 1939 4861 πρὸς

285 4875 384 4937 τὰς
417 4873 857 4948 μαθητευομένας
907 4873 1078 4929 οἷόνεί
1127 4895 1260 4948 φησι
1322 4874 1458 4950 πρὸς
1517 4873 1702 4944 αὑτὰς,
1738 4875 1845 4942 ὅτι,
1877 4874 1974 4928 Et,

283 4963 376 5018 καὶ
437 4959 771 5040 συγκατέϐην
834 4964 962 5037 ὑμῖν
1020 4961 1079 5018 ἐκ
1107 4968 1204 5019 τοῦ
1239 4965 1640 5038 μυστικώτερον
1701 4965 1827 5038 ὑρᾷν
1887 4961 1938 5018 ἐν

287 5052 451 5126 ἑαυτῇ
499 5053 592 5108 τὸν
621 5055 858 5130 νυμφίον
898 5073 1026 5124 μου,
1057 5051 1132 5114 τίς
1161 5053 1224 5106 τὸ
1287 5055 1575 5116 θεάσασθαι
1633 5051 1792 5107 αὑτὸν
1851 5052 1940 5106 καὶ

286 5140 338 5196 ἐν
400 5142 550 5215 ὑμῖν,
613 5143 688 5205 ὡς
722 5139 934 5217 εἴρηκα.
971 5139 1150 5197 Ἀλλὰ
1188 5141 1288 5196 οὐκ
1343 5141 1480 5215 ἔγνω
1533 5144 1567 5211 ἡ
1619 5143 1772 5217 ψυχή
1811 5163 1936 5215 μου.

287 5227 511 5300 Δηλαδή
546 5230 699 5286 οὕπω
737 5231 1042 5303 ἐθεασάμην
1088 5229 1248 5285 αὑτὸν
1293 5229 1349 5286 ἐν
1403 5232 1551 5302 ὑμῖν,
1587 5231 1662 5294 ὡς
1717 5232 1793 5303 μή
1860 5253 1942 5286 τε-

286 5318 608 5385 λειωθείσας
690 5318 767 5376 ἔτι
839 5321 977 5374 κατὰ
1046 5315 1276 5394 Χριστόν
1315 5339 1326 5350 ·
1387 5319 1545 5382 οὗτος
1608 5317 1655 5373 δ’
1705 5318 1940 5375 ἐντεῦθεν

285 5404 431 5464 ἔθετό
487 5430 553 5482 με
599 5410 816 5484 ἅρματα
875 5403 1178 5482 Ἀμιναδάϐ
1213 5427 1224 5438 ·
1279 5407 1473 5476 εἶτουν,
1551 5407 1820 5477 πεποίηκέ
1880 5430 1946 5481 μι

287 5495 546 5572 ὀχήματα
598 5499 812 5568 ἑαυτοῦ,
859 5498 932 5560 ὡς
997 5503 1116 5560 ταῖς
1148 5495 1521 5559 διδασκαλίαις
1550 5498 1812 5573 φέρουσαν
1847 5500 1967 5568 αὐτ

885 5679 925 5714 τί
961 5677 1169 5736 Matth.
1201 5695 1257 5748 κ,
1291 5678 1377 5735 16.
1451 5676 1498 5713 ⁷³
1528 5675 1692 5734 Cant.
1726 5693 1826 5746 vn,
1856 5679 1912 5735 2.

355 5679 400 5714 "°
425 5677 596 5736 Joan.
628 5694 725 5747 xv,
752 5677 808 5734 5.

1977 4576 2018 4640 D

2057 3276 2274 3347 quibus
2297 3279 2492 3330 cortex
2512 3275 2746 3345 quidem
2769 3276 3131 3330 extrinsecus
3155 3275 3318 3330 adest
3339 3274 3701 3346 astringendi

2054 3365 2174 3421 vim
2194 3365 2438 3431 habens,
2463 3363 2822 3420 intrinsecus
2871 3369 3069 3420 autem
3112 3365 3268 3419 inest
3314 3365 3541 3420 fructus
3562 3379 3697 3433 gus-

2054 3453 2317 3510 tantibus
2357 3451 2722 3508 dulcedinem
2751 3453 3019 3525 afl‘erens)
3052 3453 3295 3508 virtutes
3325 3453 3438 3508 illa:
3468 3452 3700 3508 timoris

2055 3544 2142 3600 tui
2175 3542 2511 3598 austeritate
2542 3547 2919 3610 conservata),
2949 3543 3318 3614 gustantium
3343 3546 3535 3597 autem
3570 3541 3701 3596 ani-

2056 3649 2182 3688 mos
2227 3632 2351 3704 spei
2385 3632 2443 3686 in
2480 3635 2532 3686 te
2563 3631 2876 3686 dulcedine
2906 3631 3282 3697 delectantes,
3317 3646 3527 3702 nempe
3559 3648 3701 3702 pru-

2055 3722 2254 3778 dentia
2288 3725 2344 3778 et
2374 3721 2726 3793 simplicitas
2758 3722 2829 3776 ad
2863 3719 3315 3778 similitudinem
3347 3721 3574 3776 fructus
3597 3721 3700 3777 ﬂo-

2055 3811 2336 3868 rescentis
2358 3814 2654 3866 exstarent
2677 3810 2736 3865 in
2763 3811 3046 3882 patientia
3074 3827 3084 3865 :
3110 3810 3422 3880 prudentia
3461 3810 3698 3880 quidem

2052 3901 2229 3956 fidem
2290 3917 2426 3972 erga
2491 3903 2544 3954 te
2593 3899 2664 3956 ab
2725 3900 2913 3955 hostis
2972 3899 3229 3966 ictibus,
3289 3898 3464 3954 veluti
3523 3902 3700 3969 caput

2054 3991 2351 4060 quoddam
2408 3989 2706 4060 integrum
2767 4005 3054 4043 servans:
3092 3986 3444 4059 simplicitas
3502 3991 3694 4042 autem

2052 4077 2422 4134 dilectionem
2457 4093 2594 4148 erga
2626 4077 2959 4147 proximum
2994 4077 3050 4131 in
3099 4077 3276 4131 variis
3308 4075 3697 4132 tentatiouum

2052 4167 2476 4224 invasionibus.
2528 4167 3031 4230 Quemadmodum
3081 4165 3142 4220 in
3191 4164 3523 4238 Evangeliis
3572 4163 3700 4236 ipse

2051 4255 2251 4311 dixisti
2305 4273 2318 4310 :
2379 4256 2515 4310 Ecce
2571 4256 2725 4310 mitto
2783 4271 2871 4310 vos
2928 4256 3070 4310 sicut
3127 4271 3253 4310 oves
3310 4256 3456 4311 inter
3521 4255 3695 4325 lupos.

2050 4347 2228 4400 Estote
2247 4362 2373 4415 ergo
2429 4343 2720 4416 prudentes
2775 4346 2913 4399 sicut
2969 4354 3268 4416 serpentes,
3329 4348 3378 4400 et
3425 4344 3698 4414 simplices

2048 4436 2187 4490 sicut
2242 4435 2598 4490 columbae“.
2635 4434 2856 4489 “Illic
2909 4434 3046 4489 dabo
3104 4435 3208 4489 tibi
3263 4433 3431 4489 ubera
3489 4449 3609 4488 mea
3631 4433 3694 4484 τ’.
3758 4495 3764 4500 ,

2053 4523 2115 4576 In
2149 4538 2215 4576 eo
2247 4521 2528 4576 nimirum
2589 4520 2875 4576 virtutum
2927 4521 3094 4576 horto
3145 4537 3320 4592 quem
3365 4519 3528 4584 dixit,
3570 4533 3700 4589 quae

2052 4615 2191 4666 sunt
2238 4609 2542 4680 discipulae
2603 4611 2660 4665 in
2721 4610 2866 4682 ipsis
2927 4611 3222 4683 plantataa,
3267 4607 3592 4666 naturalem
3642 4611 3698 4662 et

2052 4699 2332 4754 moralem
2358 4699 2682 4755 doctrinam
2707 4716 3186 4772 meam,quarum
3211 4698 3380 4770 quasi
3403 4702 3608 4752 mutuo
3632 4713 3698 4752 ac

2051 4786 2303 4842 naturali
2331 4787 2583 4858 quodam
2614 4786 2783 4843 lactis
2823 4788 2950 4843 cibo
2987 4788 3146 4860 ipsas
3177 4785 3397 4855 nutrio,
3431 4783 3697 4856 praebebo

2052 4876 2154 4932 tibi
2187 4893 2424 4947 sponso,
2458 4893 2523 4932 ea
2556 4877 2778 4932 ratione
2810 4877 3225 4948 obtemperans
3255 4873 3540 4930 voluntati
3560 4877 3694 4940 tuae,

2051 4970 2221 5035 atque
2259 4965 2390 5020 illas
2451 4965 2558 5020 tibi
2619 4983 2651 5021 a
2701 4982 2792 5021 me
2826 4966 3135 5022 institutas
3191 4964 3511 5019 adducens.
3545 4963 3694 5018 Tum

2052 5055 2119 5110 ad
2182 5053 2507 5126 discipulos
2565 5060 2909 5111 convertens
2967 5069 3298 5110 sermonem
3335 5069 3348 5109 :
3391 5051 3692 5120 Descendi,

2051 5143 2287 5215 inquit,
2347 5145 2417 5200 ad
2475 5161 2576 5200 vos
2634 5146 2704 5199 ab
2765 5143 2864 5198 illa
2926 5143 3112 5216 magis
3169 5159 3382 5198 arcana
3435 5140 3695 5214 specula-

2051 5233 2210 5288 tione
2240 5249 2353 5304 qua
2401 5249 2683 5304 sponsum
2737 5249 2931 5289 meum
2991 5232 3049 5287 in
3113 5248 3203 5288 me
3260 5231 3386 5304 ipsa
3433 5235 3696 5288 contem-

2053 5322 2202 5394 plor,
2226 5326 2291 5377 ut
2343 5321 2600 5377 viderem
2635 5322 2829 5394 ipsum
2861 5322 2916 5376 in
2951 5321 3133 5390 vobis,
3193 5321 3693 5393 quemadmodum

2054 5410 2192 5466 dixi.
2251 5412 2359 5466 Sed
2420 5427 2534 5466 non
2594 5411 2756 5467 novit
2813 5411 2998 5467 anima
3049 5428 3197 5468 mea.
3230 5411 3501 5466 Nondum
3561 5427 3692 5481 pro-

2057 5501 2203 5557 fecto
2235 5499 2401 5556 illum
2435 5500 2491 5556 in
2525 5501 2686 5557 vobis
2719 5502 3007 5574 perspexi,
3039 5518 3168 5573 quae
3207 5501 3445 5574 quidem
3501 5498 3696 5554 adhuc
