4046 6144
288 318 413 381 667

1617 317 2047 381 MIGHAELIS
2092 313 2363 382 PSELLI

3582 315 3713 377 668

290 451 557 523 perfectae
619 467 735 509 non
819 452 962 509 estis
1045 453 1374 510 secundum
1453 451 1778 509 Christum.
1837 451 1933 508 Hic

2057 448 2143 505 τὸν
2172 450 2253 529 ἐφ’
2284 449 2477 521 ἑαυτῆς
2506 451 2645 528 πρὸς
2688 450 2829 526 ὑμᾶς
2861 449 3135 531 διαφόρως
3187 448 3280 507 καὶ
3331 446 3705 520 ιαταλλήλως

291 545 489 598 autem
561 540 778 599 idcirco
857 542 1055 615 posuit
1124 560 1219 600 me
1300 560 1507 599 currus
1586 542 1939 612 Aminadab,

290 630 401 686 hoc
430 634 539 700 est,
575 646 783 687 currus
838 648 932 687 me
989 648 1133 689 suos
1189 633 1517 707 constituit,
1578 648 1707 702 quas
1756 630 1935 687 disci-

2055 539 2207 612 ὑμῖν.
2241 536 2539 612 Ἀμιναδᾶϐ
2579 546 2704 619 γὰρ,
2737 538 2922 618 ἄρχων
2983 539 3139 613 λαοῦ,
3198 538 3549 615 ἰρμηνεύεται
3579 556 3593 571 ⁸
3644 535 3707 601 ὃς

2052 627 2161 683 ἐστι
2194 630 2429 702 Χριστὸς
2462 632 2489 686 ὁ
2520 630 2770 707 ἀρχηγὸς
2797 638 2897 701 τῆς
2930 629 3203 705 σωτηρίας
3233 632 3413 703 ἡμῶν.

289 736 490 810 plinis,
522 753 656 793 eum
686 738 743 793 in
778 753 870 793 me
901 739 1029 811 ipsa
1062 740 1134 794 ad
1167 755 1291 809 vos,
1327 738 1523 794 habita
1553 740 1840 809 cujusque
1867 741 2127 793 vestrum
2160 739 2402 809 ratione,
2433 741 2772 813 perferrem.
2798 739 3128 796 Aminadab
3160 738 3316 794 enim
3347 737 3697 808 interpreta-

293 842 444 897 mur,
471 826 750 899 Princeps
782 826 1003 899 populi,
1037 826 1136 899 qui
1168 827 1435 882 Christus
1464 830 1553 883 est
1573 830 1790 882 nostrae
1819 825 2029 883 salutis
2059 832 2282 885 auctor.

883 935 1065 989 Trium
1094 937 1349 990 Patrum.

363 1020 673 1094 Discipulaa
704 1021 907 1077 dicunt
936 1022 1011 1077 ad
1042 1038 1323 1094 sponsam
1355 1037 1370 1077 :

364 1112 670 1177 Revertere,
723 1114 995 1167 revertere
1053 1111 1343 1167 Sulamitz‘s
1386 1126 1399 1169 :
1440 1114 1731 1179 revertere,
1766 1125 1944 1166 rever-

294 1209 409 1256 tere
435 1218 453 1255 :
484 1203 533 1256 et
563 1199 907 1255 intuebimur
936 1202 997 1255 in
1026 1208 1095 1256 te.

363 1289 447 1345 Ab
478 1305 703 1345 arcanae
754 1289 1265 1360 contemplationis
1316 1288 1685 1345 sublimitate
1713 1289 1782 1345 ad
1816 1306 1941 1346 mo-

291 1377 408 1434 lem
441 1382 696 1450 quatuor
737 1377 1096 1450 generalium
1131 1378 1411 1434 virtutum
1446 1377 1771 1434 doctrinam
1805 1379 1939 1434 des-

218 1516 227 1525 ,
290 1469 494 1537 conde,
552 1471 729 1539 atque
777 1484 847 1524 ex
889 1467 1260 1540 quadruplici
1305 1484 1507 1523 earum
1551 1466 1799 1537 ratione,
1830 1483 1940 1524 nos

291 1573 423 1630 quas
452 1556 968 1629 pertubationibus
986 1557 1176 1614 adhuc
1205 1572 1667 1628 commovemur,
1699 1572 1833 1628 rege
1849 1560 1937 1613 at-

291 1663 409 1720 que
429 1646 695 1714 institue,
719 1664 752 1702 ο
774 1645 1139 1715 Sulamitis,o
1163 1663 1291 1719 quae
1309 1647 1381 1702 ab
1413 1645 1687 1701 omnibus
1709 1650 1937 1717 pertur-

288 1736 544 1794 bationis
576 1735 761 1792 libera
804 1735 1257 1807 tranquillitatis
1288 1739 1346 1791 et
1392 1735 1554 1809 pacis
1586 1751 1805 1791 nomen
1830 1735 1936 1792 ha-

287 1826 427 1894 bes;
454 1829 512 1881 et
536 1840 604 1881 ea
630 1824 1028 1897 spectabimus
1055 1824 1117 1881 in
1147 1829 1224 1892 te,
1258 1841 1381 1896 quis
1408 1828 1644 1897 propter
1674 1829 1933 1880 nostram

287 1914 793 1987 imperfectionem
818 1913 1010 1971 adhuc
1030 1915 1088 1969 in
1120 1915 1290 1971 nobis
1311 1930 1426 1970 non
1457 1914 1731 1970 vidimus.
1766 1914 1934 1977 Quas-

285 2005 365 2061 rit
394 2009 591 2061 autem
623 2021 656 2060 a
686 2004 996 2077 discipulis
1030 2021 1268 2078 sponsa,
1288 2005 1496 2076 Ecquid
1516 2006 1577 2059 in
1594 2003 1936 2060 Sutamitide

285 2108 411 2168 qua
440 2095 589 2150 venit
610 2094 751 2150 sicut
776 2095 935 2151 chori
963 2094 1342 2164 castrorum",
1366 2091 1935 2164 sintconspecturae?

282 2183 578 2248 Quidnam
608 2182 991 2255 conspicietis
1019 2183 1078 2238 in
1106 2199 1199 2238 me
1228 2183 1471 2255 paciﬁca
1503 2182 1589 2253 (ut
1639 2198 1767 2253 qua)
1815 2198 1933 2237 non

283 2272 538 2345 amplius
565 2289 669 2344 per
697 2272 1010 2343 actionem,
1044 2272 1103 2327 in
1136 2272 1337 2328 hostili
1378 2271 1719 2342 certamine,
1753 2270 1934 2327 animi

284 2361 652 2417 affectionem
710 2377 812 2433 per
870 2378 1084 2434 corpus
1137 2362 1402 2431 ostendo,
1437 2361 1535 2417 sed
1595 2361 1821 2417 ratione
1878 2364 1937 2417 et

285 2450 531 2506 scientia
560 2454 800 2523 propter
848 2450 1265 2523 perfectionem
1316 2450 1472 2506 veris
1501 2450 1560 2505 in
1597 2451 1769 2506 bonis
1798 2466 1932 2521 per—

285 2540 537 2611 maneo),
588 2555 716 2611 quaa
767 2556 835 2596 ex
882 2540 1391 2612 perturbationum
1441 2539 1594 2595 bello
1628 2538 1935 2611 multiplex

284 2629 478 2698 redeo,
504 2628 658 2684 sicut
699 2628 862 2685 chori
913 2630 1152 2700 quidam
1184 2646 1252 2685 ex
1288 2628 1485 2701 praelio
1516 2628 1933 2686 revertentium

281 2717 540 2774 victoriae
572 2719 925 2789 praeconium
958 2718 1320 2775 celebrantes
1340 2719 1367 2773 ?
1398 2719 1543 2774 Cum
1576 2719 1732 2774 enim
1783 2722 1933 2774 stre-

284 2822 399 2862 nue
427 2823 532 2863 vos
562 2807 620 2861 in
644 2808 965 2864 certamine
994 2808 1272 2865 adversus
1293 2807 1746 2875 vitia,virtutum
1770 2807 1932 2864 insti-

288 2896 436 2951 tutis
464 2900 522 2951 et
552 2896 816 2952 moribus
843 2897 1171 2968 gesseritis,
1195 2896 1685 2969 horum:raliones
1718 2896 1801 2953 uti
1824 2897 1936 2953 vic-

280 2985 443 3041 torias
474 2984 679 3041 laudes
721 2985 863 3043 scite
894 2986 1227 3043 concinitis.

871 3164 1055 3220 Trium
1085 3165 1339 3220 Patrum.

347 3251 659 3325 Discipulas
680 3259 875 3310 autem
909 3270 1187 3326 sponsam
1212 3254 1296 3309 sic
1318 3252 1611 3326 incipiunt
1627 3252 1926 3310 collauda-

274 3358 335 3398 νε
358 3357 371 3397 :
398 3343 574 3411 Quam
600 3343 829 3415 pulchri
850 3346 986 3414 facti
999 3353 1129 3400 sunt
1160 3360 1373 3416 gressus
1399 3345 1483 3399 tui
1516 3346 1575 3399 in
1598 3344 1933 3400 calceamen-

270 3433 493 3503 tis,ﬁtia
514 3433 1061 3490 Nadathirabilem
1087 3435 1405 3490 ostendunt
1427 3432 1924 3505 pulchritudinem

275 3537 514 3593 gressus
537 3522 648 3589 tui,
670 3523 963 3595 quibuste
995 3524 1165 3579 nobis
1197 3540 1297 3595 per
1324 3523 1609 3578 virtutum
1666 3523 1929 3579 actiones

275 3611 709 3682 accommodas,
745 3628 860 3683 quo
894 3613 953 3667 in
985 3627 1189 3668 earum
1250 3613 1515 3667 moribus
1546 3617 1826 3683 tanquam
1867 3612 1925 3666 in

277 3697 693 3756 calceamentis
725 3700 1024 3771 incedens,
1057 3718 1159 3773 per
1214 3718 1427 3773 corpus
1474 3718 1573 3757 eas
1620 3701 1789 3757 nobis
1816 3700 1926 3757 im-

276 3788 547 3861 perfectis
580 3790 973 3856 demonstres,
1019 3795 1085 3845 ut
1115 3791 1186 3845 ad
1221 3792 1490 3846 virtutem
1539 3789 1931 3846 informemur

276 3877 538 3949 exemplo
596 3882 698 3935 tuo
758 3878 882 3934 ﬁlia
937 3879 1081 3935 Dei:
1117 3879 1334 3952 quippe
1388 3896 1538 3951 quas,
1598 3885 1663 3935 ut
1722 3881 1926 3952 patris,

278 3967 450 4023 audis
483 3984 785 4024 sermones
814 3969 964 4040 ejus,
998 3969 1099 4040 qui
1131 3968 1429 4038 omnibus,
1452 3970 1687 4025 etiamsi
1721 3969 1926 4036 nolint,

278 4055 619 4125 tibi,autem
646 4057 848 4113 volens
874 4058 1232 4113 dominatur.
1261 4058 1462 4114 Nadab
1475 4058 1630 4114 enim
1663 4063 1753 4114 est
1774 4059 1930 4131 prin-

279 4158 433 4215 ceps,
459 4145 579 4200 sive
602 4146 739 4213 dux,
783 4148 883 4219 qui
925 4151 1133 4220 sponte
1168 4148 1440 4219 imperat.
1475 4148 1568 4203 Sic
1598 4152 1792 4203 autem
1828 4164 1931 4220 per

278 4233 551 4290 virtutem
575 4235 805 4306 pulchri
840 4241 979 4292 sunt
998 4251 1237 4307 gressus
1259 4236 1515 4308 tui,quia
1533 4238 1931 4293 concinnitates

274 4326 547 4393 femorum
577 4332 798 4380 tuorum
844 4329 984 4380 sunt
1012 4327 1160 4381 sicut
1193 4326 1450 4393 monilia,
1499 4341 1618 4397 quae
1655 4325 1933 4396 fabricata

276 4415 406 4467 sunt
461 4429 635 4469 manu
692 4416 951 4487 artiﬁcis.
1023 4416 1197 4470 Recte
1253 4413 1525 4470 videlicet
1589 4415 1931 4488 rationeque

276 4502 584 4574 compositi
618 4507 815 4559 motus
864 4505 1260 4576 potentiarum
1321 4504 1381 4559 in
1441 4504 1819 4577 generatione
1864 4522 1932 4561 ac

280 4591 656 4663 corruptione
709 4593 1159 4649 consistentium
1192 4592 1543 4665 (cupidatem
1594 4597 1771 4666 atque
1814 4596 1930 4651 ira-

284 4679 561 4736 cundiam
592 4679 747 4755 dico)
778 4682 949 4754 quasi
978 4681 1050 4737 ab
1076 4681 1299 4738 artifice
1328 4682 1572 4751 ratione,
1607 4684 1678 4739 ab
1710 4683 1784 4739 iis
1806 4700 1931 4756 quae

284 4774 642 4841 generantur
674 4775 732 4826 et
764 4774 1244 4843 corrumpuntur,
1277 4771 1346 4826 ad
1382 4771 1686 4844 superiora
1713 4772 1931 4841 inﬂexi,

284 4858 514 4915 similes
534 4866 672 4916 sunt
686 4860 1005 4917 monilibus
1020 4860 1312 4916 artiﬁcum
1331 4862 1665 4918 fabrefactis
1678 4863 1935 4936 etﬁgura

286 4947 471 5004 ﬂexis.
503 4950 893 5014 Quamobrem
916 4954 972 5005 et
1005 4950 1304 5006 umbilicus
1343 4958 1469 5006 tuus
1489 4959 1670 5007 crater
1690 4954 1935 5009 ιον-ηαιί-

286 5032 377 5101 tis,
411 5048 527 5090 non
557 5035 831 5109 indigens
860 5036 1086 5109 poculo.
1128 5037 1380 5093 Omnino
1408 5039 1492 5094 vis
1523 5040 1801 5096 sensitive
1832 5047 1935 5098 tua

288 5122 415 5194 (per
445 5139 642 5195 quam,
669 5131 734 5180 ut
756 5142 858 5198 per
881 5126 1228 5183 umbilicum
1255 5127 1448 5183 infans
1468 5127 1528 5183 in
1553 5132 1716 5185 utero
1737 5147 1934 5187 rerum

288 5210 656 5267 sensibilium
682 5214 1103 5285 speculatione,
1131 5220 1192 5270 tu
1218 5216 1285 5270 ab
1319 5217 1582 5272 omnium
1615 5223 1802 5275 matre
1850 5237 1936 5276 sa-

287 5299 509 5372 pientia
540 5303 963 5373 comprehensa
993 5310 1050 5360 et
1078 5306 1298 5361 malitia
1315 5307 1550 5377 parvula
1569 5308 1615 5342 7‘
1654 5309 1933 5364 naturali-

291 5394 381 5444 ter
402 5389 671 5462 nutriris)
703 5394 1135 5464 receptaculum
1160 5400 1250 5450 est
1270 5396 1555 5453 naturalis
1579 5414 1773 5453 rerum
1796 5399 1934 5454 visi-

291 5478 501 5535 bilium
535 5479 910 5551 cognitionis,
943 5487 1099 5539 recte
1125 5482 1320 5554 gladio
1354 5484 1607 5557 Spiritus
1639 5492 1932 5544 exsectum

356 5656 403 5693 ⁷³
432 5656 598 5714 Cant.
633 5672 733 5730 vn,
770 5658 822 5713 1.
898 5656 993 5714 "I
1022 5657 1152 5714 Cor.
1186 5675 1300 5728 κεν,
1331 5660 1420 5714 20.

2611 937 2735 991 Τῶν
2763 936 2809 1011 γ’
2846 934 3121 1010 Πατέρων.

2100 1021 2189 1080 *A't
2223 1020 2279 1078 δὲ
2314 1023 2608 1099 μαθήτριαί
2639 1043 2765 1101 φασι
2796 1025 2932 1100 πρὸς
2959 1024 3059 1092 τήν
3090 1022 3339 1101 νύμφην·

2123 1111 2458 1190 Ἐπίστρεφε,
2516 1112 2822 1189 ἐπίστρεφε,
2879 1115 2914 1183 ἡ
2977 1112 3339 1187 Σουλαμῖτις,
3396 1110 3701 1190 επίστρεφε,

2052 1200 2354 1280 ἐπίστρεφε,
2385 1201 2475 1257 καὶ
2512 1200 2758 1277 ὀψόμεθα
2787 1200 2840 1258 ἰν
2874 1201 2980 1258 σοί.

2124 1297 2301 1362 Ἤτοι,
2361 1286 2754 1369 συγκατάϐαινε
2833 1291 2938 1346 ἀπὸ
3001 1292 3100 1346 τοῖ’)
3166 1289 3335 1366 ὕψους
3416 1296 3519 1359 τῆς
3592 1310 3700 1363 μυ-

2051 1387 2241 1450 στικῆς
2275 1381 2503 1457 θεωρίας
2534 1381 2673 1457 πρὸς
2720 1381 2821 1449 τὴν
2872 1378 2963 1435 διὰ
3006 1384 3114 1435 τῶν
3154 1380 3426 1453 τεσσάρων
3474 1381 3701 1454 γενικῶν

2050 1468 2255 1545 ἀρετῶν
2310 1471 2508 1541 ἠθικὴν
2571 1468 2925 1525 διδασκαλίαν
2983 1471 3163 1542 ἡμῶν.
3212 1468 3713 1544 Συμμετριάζουσαν

2047 1560 2186 1614 κατὰ
2211 1561 2309 1623 τὰς
2349 1559 2641 1633 εἰρημένας
2705 1560 2897 1633 ἀρετὰς
2949 1562 3231 1633 τετραχῶς
3283 1562 3404 1620 ταῖς
3462 1555 3539 1612 ἔτι
3597 1556 3703 1612 ὑπὸ

2049 1653 2234 1712 παθῶν
2297 1645 2670 1724 ὀχλουμὲναις
2725 1649 2952 1720 ἡμῖν,ἠ
3012 1643 3083 1701 δι’
3120 1647 3380 1711 ἀπάθειαν
3440 1641 3705 1721 ἑρμηνεύ-

2049 1756 2200 1792 ουσαο
2250 1738 2285 1806 ἡ
2339 1734 2678 1810 Σουλαμῖτις
2724 1738 2851 1812 γὰρ,
2894 1734 3263 1813 εἴρηνεύουσα,
3297 1734 3647 1810 ἑρμηνεύεται
3682 1750 3699 1766 θ

2042 1827 2131 1881 καὶ
2181 1824 2482 1901 θεασόμεθα
2538 1826 2591 1880 ὲν
2649 1824 2733 1880 σοὶ
2792 1825 2826 1879 ἃ
2881 1826 3051 1899 μήπω
3094 1824 3149 1880 ἐν
3179 1825 3393 1887 ἑαυταῖς
3450 1824 3698 1900 ἑωράκα-

2044 1935 2143 1989 μεν
2230 1912 2319 1970 διᾶ
2373 1915 2472 1983 τὴν
2539 1915 2808 1988 ἡμετέραν
2871 1913 3140 1970 ἀτίλειαν.
3199 1912 3408 1988 Ἐρωτᾷ
3460 1910 3508 1968 δ’
3557 1911 3695 1983 αὕτη

2041 2003 2207 2068 αὐτάς
2243 2023 2256 2036 θ
2317 2007 2378 2059 Τί
2435 1999 2629 2078 ὄψεσθε
2701 2002 2753 2058 ἓν
2826 2007 2894 2078 τῇ
2964 2000 3325 2077 Σουλαμίτιδι
3361 2046 3376 2073 ,
3434 2004 3469 2073 ἡ
3523 2002 3697 2079 ἰρχο-

2045 2092 2181 2168 μίνη
2241 2095 2317 2157 ὡς
2398 2094 2563 2170 χοροὶ
2620 2096 2726 2148 τῶν
2801 2087 3169 2167 παρεμϐολῶν
3199 2137 3213 2164 ,
3265 2089 3471 2169 ἤγουν,
3512 2091 3582 2149 Τί
3640 2091 3701 2147 ἂν·

2042 2181 2165 2257 ἐμοὶ
2228 2180 2479 2258 θεάσεσρε
2533 2184 2602 2255 τῇ
2662 2180 3043 2256 εἷρηνευούσῃς
3107 2181 3181 2243 ὡς
3253 2179 3446 2256 μηκίτι
3522 2178 3693 2237 πολε-

2046 2276 2219 2346 μικῶς
2275 2271 2366 2326 καὶ
2422 2271 2794 2347 ἀγωνιστικῶς
2851 2270 2985 2325 κατὰ
3049 2270 3240 2343 πρᾶξιν
3297 2271 3395 2340 τὴν
3454 2289 3694 2346 κεκρυμ-

2046 2360 2212 2436 μένην
2257 2374 2362 2435 μου
2439 2357 2671 2415 διάθεσιν
2728 2358 3031 2437 φανερούσῃ
3092 2356 3182 2414 διὰ
3232 2356 3331 2414 τοῦ
3388 2358 3645 2433 σώματος
3677 2376 3693 2390 ⁸

2041 2448 2187 2506 ἀλλὰ
2218 2449 2454 2525 λογικῶς
2511 2449 2603 2505 καὶ
2658 2453 2974 2522 γνωστικῶς
3030 2454 3148 2511 τοῖς
3203 2447 3427 2519 ἀληθῶς
3471 2448 3693 2524 ἀγαθοῖς

2043 2539 2352 2614 ἑμμενούσῃ
2409 2537 2499 2594 διὰ
2552 2537 2891 2610 τελειότητα,
2960 2538 2994 2607 ἡ
3057 2537 3116 2593 ἐκ
3177 2541 3272 2591 τοῦ
3339 2540 3450 2592 τῶν
3508 2534 3691 2601 παθῶν

2040 2628 2291 2703 πολέμου
2351 2626 2760 2704 ἑπανερχομὲνη
2815 2625 3069 2699 πληθύς·
3133 2624 3315 2702 ὥσπερ
3379 2627 3521 2688 τινες
3575 2624 3697 2681 ἔπι-

2040 2719 2245 2782 νικίους
2276 2715 2493 2790 ᾅδοντες
2523 2715 2725 2791 ὕμνους
2752 2714 2915 2793 χοροὶ
2945 2716 3053 2771 τῶν
3112 2715 3171 2770 ἐκ
3212 2713 3469 2789 πολέμου
3527 2714 3693 2770 ἐπαν-

2041 2807 2377 2884 ερχομὲνων.
2430 2805 2695 2868 Γενναίως
2751 2807 2853 2882 γὰρ
2913 2803 2964 2860 ἕν
3019 2809 3098 2878 τῷ
3152 2805 3291 2860 κατὰ
3341 2808 3452 2860 τῶν
3505 2807 3690 2869 παθῶν

2039 2897 2275 2970 πολέμῳ
2357 2892 2751 2973 ἀγωνισάμεναι
2831 2893 2969 2950 κατὰ
3057 2893 3187 2957 τοὺς
3263 2894 3502 2969 τρόπους
3583 2897 3692 2949 τῶν

2041 2987 2266 3062 ἀρετῶν,
2326 2985 2403 3049 ὡς
2460 2982 2759 3047 ἐπινικίους
2816 2983 3020 3059 ὕμνους
3046 2983 3174 3047 τοὺς
3226 2983 3433 3039 τούτων
3489 2980 3695 3060 λόγους

2039 3074 2192 3148 ᾄδετε
2222 3079 2557 3152 γνωστικῶς.

2602 3166 2719 3219 Τῶν
2746 3164 2792 3241 γ’
2820 3163 3096 3239 Πατὲρων.

2110 3254 2179 3310 Ai
2214 3250 2271 3309 δὲ
2305 3254 2600 3329 μαθήτριαι
2645 3252 2738 3308 τὸν
2796 3259 2895 3322 τῆς
2953 3249 3174 3327 νύμφης
3233 3244 3450 3306 ἔπαινον
3509 3254 3690 3305 ποιεῖ-

2038 3355 2159 3408 σθαι
2213 3342 2618 3419 ἀπαρχόμεναι,
2647 3338 2814 3410 φασί·
2847 3339 2911 3397 Τί
2968 3341 3328 3418 ὡραιώθησαν
3378 3333 3693 3413 διαδήματά

2036 3453 2131 3488 του
2186 3431 2239 3487 ἐν
2296 3430 2632 3505 ὑποδήματι,
2691 3429 2928 3507 θύγατερ
2981 3425 3193 3486 Ναδάϐί
3227 3427 3511 3501 δηλονότι,
3543 3434 3688 3483 Θαυ-

2042 3524 2235 3597 μάσιον
2298 3519 2507 3583 κάλλος
2587 3517 2945 3575 ὶνδείκνυνται
3004 3520 3061 3574 αἱ
3122 3519 3260 3574 κατᾶ
3330 3517 3426 3580 τὰς
3500 3515 3693 3593 ἀρετὰς

2035 3605 2493 3687 συγκαταϐατικαὶ
2564 3610 2701 3685 πρὸς
2778 3611 2927 3683 ἡμᾶς
2993 3606 3211 3685 πορεῖαί
3288 3628 3383 3662 σου
3459 3605 3511 3661 ἒν
3569 3610 3691 3668 τοῖς

2035 3700 2241 3757 τούτων
2270 3700 2409 3755 κατὰ
2446 3702 2638 3774 πρᾶξιν
2684 3699 2933 3773 τρόποις,
2967 3696 3058 3760 οὓς
3116 3696 3306 3771 οἷάπερ
3365 3693 3693 3769 ὑποδήματα

2039 3787 2413 3860 ὑποδέδενται,
2468 3786 2559 3843 τίνα
2619 3785 2708 3842 διὰ
2764 3788 3019 3860 σώματος
3081 3783 3340 3862 δειχθῶσι
3394 3790 3515 3849 ταῖς
3570 3784 3690 3839 ﬁu-

2038 3876 2186 3935 λὲσιν
2209 3881 2368 3951 ἡμῖν,
2401 3877 2492 3933 καὶ
2521 3878 2861 3949 τυπωθῶμεν
2893 3876 3031 3952 πρὸς
3080 3877 3275 3952 ἀρετὴν
3319 3879 3399 3947 τῷ
3447 3873 3585 3929 κατὰ
3632 3874 3693 3928 σὶ

2035 3965 2455 4043 παραδείγματι.
2528 3966 2757 4043 θύγατερ
2849 3969 3025 4021 Θεοῦο
3087 3966 3162 4025 ὡς
3237 3962 3508 4019 ἀκούουσα
3578 3966 3688 4018 τῶν

2039 4056 2217 4132 λόγων
2276 4057 2465 4124 αὐτοῦ,
2524 4056 2611 4110 οἷα
2662 4055 2887 4131 πατρὸς,
2921 4055 2982 4117 ’ὀς
3034 4053 3246 4109 πάντων
3308 4054 3404 4127 μὶν
3453 4052 3551 4108 κᾶν
3610 4053 3689 4126 μή

2037 4144 2267 4202 θέλωσιν
2324 4146 2522 4221 ἆρχεν
2584 4148 2680 4199 σοῦ
2738 4142 2796 4199 δὲ
2852 4146 2942 4199 καὶ
3001 4141 3287 4200 ἑκουσίως.
3347 4136 3533 4197 Ναδὰϐ
3588 4141 3691 4217 γὰρ

2039 4232 2225 4309 ἅρχων
2311 4234 2346 4305 ἢ
2423 4234 2651 4308 ἡγεμὼν
2734 4231 3183 4306 ἐκοοσιαζόμενος
3283 4229 3640 4307 ἑρμηνεύεται
3676 4248 3691 4265 ο

2040 4323 2182 4379 οὕτω
2215 4320 2260 4378 δ’
2289 4321 2424 4379 εἰσὶν
2454 4323 2511 4377 αἱ
2541 4323 2657 4378 κατ’
2689 4321 2886 4398 ἀρετὴν
2943 4321 3161 4399 πορεῖαί
3191 4340 3287 4376 σου
3337 4321 3575 4397 ὡραῖαι·
3607 4317 3694 4375 ὅτι

2038 4413 2262 4486 Ῥυθμοὶ
2328 4416 2517 4488 μηρῶν
2579 4433 2675 4468 σου
2743 4410 2933 4485 ὅμοιοι
2983 4406 3450 4487 ὁρμίσκοις,ἶργα
3487 4414 3691 4487 χειρῶν

1964 4542 2011 4607 D
2040 4500 2315 4579 τεχνίτου.
2358 4498 2583 4572 Δηλαδὴ
2615 4502 2670 4556 αἱ
2726 4501 2864 4556 κατὰ
2921 4498 3088 4577 λόγον
3144 4497 3391 4555 εὔτακτοι
3448 4501 3696 4570 κινήσεις

2045 4593 2155 4647 τῶν
2201 4590 2323 4665 περὶ
2379 4590 2441 4646 τὸ
2498 4588 2551 4645 ἐν
2610 4589 2813 4666 γενέσει
2868 4590 2960 4645 καὶ
3017 4591 3193 4668 φθορᾷ
3245 4589 3692 4665 καταγινομὲνων

2041 4681 2351 4756 πρακτικῶν
2424 4699 2520 4736 σου
2592 4676 2872 4752 δυνάμεων
2904 4696 2918 4711 ·
2976 4686 3079 4749 τῆς
3151 4677 3466 4752 ἐπιθυμίας,
3520 4676 3692 4755 λίγω,

2040 4773 2132 4826 καὶ
2178 4774 2281 4825 τοῦ
2334 4773 2531 4843 θυμοῦ,
2594 4768 2668 4832 ὡς
2732 4769 2836 4825 ὑπὸ
2891 4766 3146 4844 τεχνίτου
3200 4771 3297 4824 τοῦ
3355 4767 3528 4843 λόγου
3583 4766 3692 4822 ἀπὸ

2042 4864 2146 4916 τῶν
2207 4864 2455 4936 γενητῶν
2538 4858 2627 4914 καὶ
2714 4863 2965 4936 φθαρτῶν
3030 4857 3166 4935 πρὸς
3220 4855 3287 4912 τὰ
3336 4858 3471 4933 ὑπὲρ
3525 4860 3695 4912 ταῦτα

2041 4950 2455 5023 καμπτόμεναι,
2516 4952 2939 5023 παρεικάζονται
3012 4946 3301 5023 ὁρμίσκοις
3371 4943 3693 5023 είργαζομὲ-

2043 5059 2158 5101 νοις
2204 5038 2306 5093 ὑπὸ
2364 5041 2574 5113 χειρῶν
2622 5037 2899 5113 τεχνίτου,
2957 5040 3233 5111 καμπτοῖς
3287 5040 3366 5109 τῷ
3423 5038 3695 5112 σχήματι.

2042 5131 2196 5192 Ὅθεν
2257 5126 2348 5182 καὶ
2396 5127 2458 5184 Ὁ
2520 5122 2774 5205 ὀμφαλός
2829 5147 2925 5181 σου
2998 5127 3208 5203 κρατὴρ
3281 5126 3553 5202 τορευτὸς,
3615 5127 3697 5198 μή

2048 5216 2438 5293 ὑστερούμενος
2523 5223 2727 5291 κρᾶμα.
2803 5216 3026 5278 Πάντως
3107 5216 3169 5271 τὸ
3224 5214 3541 5286 αἰσθητικόν
3598 5235 3695 5270 σου

2044 5304 2136 5381 (δι’
2168 5307 2231 5361 οὗ
2264 5306 2341 5369 ὠς
2372 5304 2441 5361 δι’
2476 5304 2734 5384 ὄμφαλοῦ
2791 5307 2854 5361 τὸ
2905 5305 2956 5361 ἰν
3007 5306 3188 5381 μήτρᾳ
3248 5302 3441 5382 βρᾶφος
3496 5305 3693 5381 τρέφῃ,

2048 5400 2288 5475 φυσικῶς
2343 5400 2411 5471 τῇ
2470 5397 2590 5451 κατ’
2618 5394 2864 5467 αἴσθησιν
2924 5395 3125 5469 θεωρίᾳ
3179 5399 3287 5449 τῶν
3335 5390 3530 5463 ὄντων,
3563 5391 3697 5449 συλ-

2048 5485 2320 5564 ληφθεῖσα
2379 5486 2481 5542 ὑπὸ
2535 5492 2637 5557 τῆς
2690 5489 2908 5542 πάντων
2941 5484 3150 5559 μητρὸς
3207 5482 3421 5561 σοφίας,
3479 5483 3570 5538 καὶ
3627 5485 3699 5557 τῇ
