4046 6144
323 331 439 393 669

1361 328 1769 407 COMMENT.
1812 328 1893 388 IN
1937 326 2339 390 CANTICUM
2387 328 2691 390 CANTIG.

3616 326 3737 387 670

323 460 485 539 κακίῃ
540 463 917 536 νηπιάζουσα)
973 459 1190 537 δοχεῖόν
1253 459 1366 518 ἐστι
1421 465 1519 533 τῆς
1578 469 1807 540 φυσικῆς
1863 465 1971 518 τῶν

2085 464 2239 520 etab
2270 464 2429 521 omni
2460 464 2664 521 fraude
2691 463 3050 535 sejunctum,
3099 480 3167 519 ac
3214 466 3523 535 propterea
3568 461 3728 519 haud

320 555 531 630 ὁρατῶν
561 554 841 631 γνώσεως,
889 551 1073 614 καλῶς
1112 556 1181 626 τῇ
1238 550 1484 627 μαχαίρᾳ
1528 550 1624 607 τοῦ
1658 550 1969 625 Πνεύματος

317 642 599 717 ἂξεσμένον
663 642 753 698 καὶ
817 648 920 712 τῆς
996 642 1207 712 ἀπάτης
1291 640 1712 717 ἀπηλλαγμένον
1751 661 1767 674 ο
1842 640 1969 695 κάν-

316 737 500 797 τεῦθεν
554 731 631 797 ὦς
688 733 764 805 μὴ
812 729 1031 806 ἀλόγως
1083 735 1191 786 τῶν
1252 729 1521 801 αἰσθητῶν
1568 725 1968 803 ἀντιλαμϐανό-

322 843 507 898 μενον,
570 821 633 876 οὐ
682 820 847 895 ψιλὰς
906 821 1001 885 τὰς
1055 819 1366 897 ἐπιφανείας
1422 824 1529 876 τῶν
1590 821 1795 896 ἀρετῶν
1845 818 1971 874 ἐπι-

319 911 563 988 φέρεται,
622 910 767 967 ἀλλὰ
848 912 1022 974 πάσας
1095 915 1214 973 τοῖς
1298 914 1690 983 πνευματικοῖς
1760 908 1970 963 τούτων

321 999 516 1076 λόγοις
589 999 1001 1073 κεκερασμένας.
1079 1000 1140 1055 Ἡ
1209 996 1267 1055 δὲ
1335 998 1523 1055 κοιλία
1582 1020 1678 1054 σου
1737 996 1973 1071 θημονία

320 1089 475 1147 σίτου
518 1090 869 1166 πεφραγμένη
924 1088 976 1144 ἰν
1033 1089 1277 1165 κρίνοις’
1328 1086 1478 1159 ἤτοι,
1543 1089 1613 1143 Τὸ
1686 1108 1971 1165 φανταστι-

318 1179 410 1236 κόν
440 1200 562 1248 σου,
594 1177 748 1252 ὅπερ,
781 1181 871 1233 οἷα
914 1177 1102 1234 κοιλία
1149 1177 1243 1232 σὺν
1290 1183 1409 1240 τοῖς
1439 1178 1814 1251 περιττώμασι
1844 1175 1969 1238 τοὺς

318 1265 379 1323 ὲκ
421 1272 533 1322 τῶν
589 1267 891 1343 βρωμάτων
936 1265 1157 1343 χυμοὺς
1196 1265 1540 1342 ἀδιακρίτους
1588 1264 1794 1321 τούτων
1856 1266 1972 1319 ἰπι-

320 1357 626 1436 φερομένη)
684 1354 799 1430 ἅμα
850 1360 968 1419 ταῖς
1025 1356 1360 1434 ἐπιφανείαις
1404 1359 1512 1410 τῶν
1574 1356 1783 1431 ὁρατῶν
1843 1353 1970 1416 τοὺς

318 1447 532 1503 τούτων
593 1444 899 1523 ἐπιφέρεται
950 1444 1174 1520 λόγους,
1226 1444 1478 1507 ἀπόθεσίς
1536 1444 1645 1499 ἐστι
1705 1443 1792 1499 κα)
1855 1440 1971 1497 δια-

324 1536 468 1611 μονή
502 1533 659 1611 (ὅπερ
687 1536 749 1590 τὸ
795 1536 1034 1609 θημονία
1082 1532 1271 1609 δηλοῖ)
1315 1538 1413 1588 τοῦ
1457 1528 1666 1597 ἔνδοθεν
1698 1537 1806 1587 τῶν
1839 1553 1969 1610 φαν-

323 1628 518 1682 θεισῶν
580 1624 929 1703 ἐπιφανειῶν,
987 1625 1060 1686 ὡς
1115 1624 1218 1679 ὑπὸ
1266 1622 1554 1699 ἀσταχύων
1616 1621 1765 1677 σίτου
1813 1642 1970 1697 περι-

320 1712 745 1786 καλυπτομὲνου
800 1716 900 1780 τῆς
958 1712 1010 1768 ἂν
1066 1710 1225 1778 ὅλοις
1282 1711 1540 1784 ἀληθείας
1598 1710 1970 1788 λόγου,ἅχρις

2079 556 2317 624 temere,
2351 571 2478 626 quae
2511 556 2619 610 sub
2662 570 2902 610 sensum
2934 554 3179 623 cadunt,
3229 552 3577 625 percipiens,
3612 569 3730 609 non

2079 643 2378 715 simplices
2408 643 2692 699 virtutum
2724 643 2949 715 species
2980 642 3169 710 att‘ert,
3197 642 3299 699 sed
3319 658 3519 697 omnes
3550 641 3733 713 spiri-

2085 733 2301 789 talibus
2332 750 2535 789 earum
2568 733 2898 789 rationibus
2935 731 3516 804 temperatas.Venter
3538 734 3733 787 autem

2080 831 2204 878 tuus
2231 825 2372 879 sicut
2394 839 2619 878 acervus
2678 823 2855 877 tritici
2898 820 3144 876 vallatus
3195 819 3360 877 litiis.
3413 819 3508 876 Vis
3554 820 3735 876 nimi-

2080 929 2212 968 rum
2237 912 2636 982 imaginativa,
2654 928 2781 983 quas
2806 911 3044 983 quidem
3077 912 3378 981 (utventer
3397 909 3576 966 simul
3597 926 3733 965 cum

2081 1002 2259 1057 rebus
2284 1002 2600 1073 superﬂuis
2623 1000 2888 1056 ciborum
2911 1016 3118 1056 succos
3138 1000 3209 1055 ab
3233 998 3353 1055 illis
3383 998 3735 1056 indiscretos

2080 1091 2361 1161 continet)
2386 1107 2502 1145 una
2551 1106 2681 1145 cum
2716 1106 2910 1144 rerum
2941 1088 3264 1145 visibilium
3295 1088 3602 1161 speciebus
3632 1104 3733 1145 ea-

2080 1195 2212 1234 rum
2245 1179 2505 1235 rationes
2553 1179 2723 1251 gerit,
2766 1183 2859 1235 est
2923 1178 3201 1249 repositio
3258 1181 3315 1233 et
3370 1178 3733 1234 conservatio

2079 1269 2255 1340 (quod
2288 1268 2527 1339 quidem
2552 1283 2792 1323 acervus
2826 1266 3066 1336 indicat)
3099 1266 3343 1323 rationis
3373 1283 3571 1323 rerum
3602 1283 3732 1324 om-

2082 1358 2247 1412 nium
2279 1357 2563 1427 veritatis,
2597 1373 2726 1427 quae
2758 1356 2913 1411 inter
2952 1356 3201 1427 species,
3232 1360 3298 1411 ut
3342 1356 3497 1411 inter
3537 1356 3734 1428 spicas

2080 1446 2363 1516 triticum,
2398 1446 2778 1502 circumtecta
2818 1445 3164 1513 includitur,
3196 1446 3379 1500 donec
3411 1460 3515 1517 per
3542 1446 3732 1502 scien-

2080 1535 2226 1592 tiam
2251 1536 2523 1607 cogitatio
2544 1535 2737 1607 ipsam
2764 1535 3135 1607 distinguens
3158 1535 3735 1603 attraxerit,nudam-

2084 1641 2197 1698 que
2229 1625 2301 1681 ab
2333 1625 2493 1680 omni
2523 1626 2925 1697 integumento
2950 1641 3017 1679 ac
3061 1623 3427 1680 dubitatione
3464 1625 3536 1680 ad
3563 1641 3732 1693 men-

2083 1720 2205 1771 tem
2225 1714 2817 1772 transmiserit.Circu
2828 1713 3105 1771 mvallata
3128 1718 3325 1771 autem
3341 1714 3733 1771 custoditaest

322 1802 384 1861 ἃν
449 1803 569 1876 μετ’
626 1803 933 1876 ἐπιστήμης
1000 1800 1310 1878 διακρίνασα
1373 1801 1741 1880 ἀφελκύσηται
1810 1800 1968 1856 αὐτὸν

332 1895 346 1908 .
427 1891 453 1908 κ
496 1892 507 1908 ,
788 1893 801 1908 .
1017 1892 1031 1908 ς
1275 1892 1289 1908 .
1391 1891 1406 1908 ς
1552 1890 1614 1908 κ,
1956 1890 1969 1908 κ

2084 1803 2206 1860 Ι]ωο
2228 1804 2507 1876 repositio
2530 1802 2975 1875 tranquillitate,
3010 1820 3135 1874 quas
3178 1803 3304 1876 agri
3341 1803 3602 1860 liliorum
3632 1820 3731 1861 ex-

322 1895 360 1962 ὴ
421 1891 660 1962 διάνοια,
714 1893 803 1948 καὶ
867 1892 1070 1967 γυμνὸν
1128 1892 1329 1956 παντὸς
1389 1890 1840 1965 ἐπικαλύμματος
1885 1890 1972 1946 καὶ

326 1978 753 2059 προϐλήματος,
807 1982 1145 2058 παραπέμψῇ
1194 1988 1274 2055 τῷ
1330 1986 1427 2054 νῷ,
1489 1980 1884 2060 Πεφυλαγμένη
1918 1978 1975 2035 δέ

323 2069 526 2142 ἔστινή
559 2071 814 2135 ἀπόθεσις
853 2068 988 2142 αὕτη
1042 2074 1078 2141 ἡ
1125 2070 1214 2127 διὰ
1267 2076 1376 2127 τῶν
1434 2070 1626 2148 κρίνων
1676 2076 1773 2126 τοῦ
1804 2071 1975 2146 ἀγροῦ

321 2159 940 2239 παραδειγματιζομένη
972 2159 1026 2216 ἐν
1075 2160 1454 2236 Εὑαγγελίοις,
1516 2160 1829 2234 ἀμεριμνίᾳ,
1882 2159 1975 2215 *ίνα

322 2252 397 2325 μὴ
439 2252 544 2307 ὑπὸ
599 2255 705 2306 τῶν
752 2255 849 2305 τοῦ
911 2252 1034 2327 βίου
1092 2248 1362 2326 διαφθαρῇ
1424 2255 1725 2325 μεριμνῶν,
1759 2250 1972 2305 καὶτοῦ

326 2341 377 2397 ἰν
436 2341 609 2416 ταύτῃ
682 2344 1051 2414 πνευματικοῦ
1119 2344 1331 2415 καρποῦ
1394 2342 1421 2395 ὁ
1506 2338 1674 2402 καλὸς
1732 2339 1974 2416 γεωργὸς

309 2437 436 2494 νοῦς
490 2432 750 2507 στερηθῇ.
812 2433 913 2489 Καὶ
963 2430 1106 2487 οὕτω
1162 2433 1254 2505 μὶν
1306 2433 1345 2501 ἧ
1398 2433 1590 2486 κοιλία
1616 2452 1731 2488 σον.
1791 2432 1856 2488 Οἱ
1916 2428 1973 2486 δὲ

319 2520 415 2577 δύο
488 2521 685 2596 μαστοί
742 2542 858 2590 σου,
934 2522 1008 2583 ὡς
1087 2518 1182 2576 δύο
1258 2516 1440 2598 νεϐροί
1504 2518 1725 2594 δίδυμοι
1785 2518 1974 2596 δορκά-

317 2609 409 2675 δος
448 2630 461 2644 ·
490 2610 685 2687 ἤγουν,
716 2611 778 2667 ἹΙ
826 2613 1026 2688 φυσικὴ
1072 2611 1161 2666 καὶ
1202 2613 1237 2681 ἠ
1270 2612 1435 2681 ἠθική
1470 2608 1796 2666 διδασκαλία
1826 2631 1921 2665 σου
1953 2629 1967 2645 ⁸

323 2698 391 2757 δι’
453 2701 528 2756 ὧν
569 2702 665 2765 τὰς
739 2698 949 2762 ἀτελεῖς
997 2701 1208 2777 τρέφεις
1256 2703 1428 2773 ἡμᾶς,
1488 2701 1678 2776 οἷάπερ
1737 2698 1969 2775 γάλακτι

318 2796 436 2853 τοῖς
471 2795 721 2868 φυσικοῖς
754 2787 940 2863 λόγοις
971 2789 1061 2843 καὶ
1089 2789 1314 2865 τρόποις
1346 2789 1482 2864 πρὸς
1512 2791 1613 2860 τὴν
1662 2790 1713 2846 ἐν
1760 2792 1972 2865 Χριστῷ

320 2879 645 2951 τελειότητα
676 2898 688 2911 '
752 2876 865 2953 ἅμα
916 2877 975 2933 ἐκ
1026 2884 1121 2934 σοῦ
1172 2878 1310 2954 κγτά
1363 2880 1457 2954 μὲν
1489 2879 1715 2954 θεωρίαν
1752 2877 1973 2955 ὀξυδερ-

322 2975 457 3042 κῶς,
512 2968 649 3024 κατά
707 2965 764 3023 δὲ
820 2969 1009 3043 πρᾶξιν
1045 2965 1363 3043 ὀξυδρόμως
1391 2967 1640 3045 προΐασιν
1678 2988 1690 3000 ·
1724 2970 1800 3031 ὡς
1834 2971 1973 3042 μήτε

325 3058 416 3114 τὸν
450 3058 614 3133 λόγον
662 3056 957 3133 ἄπρακτον,
1009 3060 1147 3131 μήτε
1192 3059 1290 3127 τήν
1345 3059 1534 3133 πρᾶξιν
1596 3056 1797 3134 ἄλογον
1853 3056 1970 3113 ἐπι-

320 3145 697 3221 δεικνυμένης.
760 3148 901 3222 Πρὸς
956 3146 1171 3208 τούτοις
1246 3144 1323 3203 δὲ.
1374 3143 1669 3223 Τράχηλός
1727 3168 1844 3217 σου,
1897 3149 1972 3209 ὡς

315 3237 528 3314 πύργος
576 3235 943 3315 ἐλεφάντινος,
1008 3234 1227 3307 Εῗτουν,
1299 3238 1374 3294 Τὸ
1450 3236 1713 3292 συνάπτον
1772 3237 1849 3309 τῷ
1896 3241 1973 3309 νῷ

310 3330 415 3398 τὴν
467 3324 721 3397 αἴσθησιν
788 3323 1018 3401 λογικόν
1097 3346 1216 3398 σου,
1273 3325 1509 3400 καθάπερ
1558 3324 1847 3402 τράχηλος
1902 3329 1973 3400 τῇ

316 3414 536 3495 κεφαλῇ
588 3416 652 3471 τὸ
697 3415 893 3471 λοιπὸν
967 3419 1146 3488 σῶμα,
1210 3417 1302 3471 οἶα
1361 3416 1455 3489 μὲν
1514 3416 1718 3492 πύργος
1768 3413 1973 3490 αἴρεται

309 3508 432 3563 καν’
466 3506 661 3581 ἀρετὴν
691 3505 797 3561 ἀπὸ
854 3510 960 3560 τῶν
1013 3508 1281 3579 σαρκικῶν
1341 3506 1477 3580 πρὸς
1528 3506 1597 3559 τὰ
1634 3505 1976 3579 πνευματικὰ

321 3595 419 3652 καὶ
478 3591 703 3669 οῦράνια
731 3614 743 3627 ’
779 3597 869 3649 οἷα
928 3592 975 3649 δ’
1021 3591 1368 3664 ἐλεφάντινος
1417 3592 1564 3650 λεῖον
1621 3596 1852 3670 ὑπάρχει
1883 3592 1973 3649 καὶ

317 3685 558 3761 καθαρὸν
594 3681 682 3738 διὰ
718 3684 780 3741 τὸ
814 3683 1175 3759 ἀπηλλάχθαι
1209 3690 1308 3753 τῆς
1338 3685 1453 3739 κατ’
1484 3682 1728 3759 ἔλλειψιν
1756 3686 1972 3760 ἀρετῆς,

312 3776 414 3846 κηὶ
457 3770 771 3849 ὑπερϐολὴν
834 3772 1171 3846 μολυντικῆς
1213 3778 1323 3828 τῶν
1381 3776 1572 3849 ψυχῶν
1634 3770 1972 3845 ἀνισότητος.

310 3864 416 3921 Καὶ
477 3862 758 3941 ὀφθαλμοί
842 3883 960 3934 σου,
1040 3864 1115 3924 ὡς
1198 3860 1389 3935 λίμναι
1477 3862 1527 3917 ἦν
1601 3860 1865 3920 ’Βοσεϐὼν
1919 3865 1973 3921 έν

310 3951 519 4017 πύλαις
592 3951 860 4027 θυγαθρὸς
906 3948 1158 4007 πολλῶν.
1214 3950 1465 4022 Δηλαδή,
1518 3953 1588 4009 Αἱ
1647 3954 1975 4029 θεωρητικαὶ

304 4050 412 4112 τῆς
470 4044 656 4118 ψυχῆς
703 4062 798 4095 σου
832 4039 1112 4114 δυνάμεις,
1173 4042 1363 4116 οἷάπερ
1424 4040 1614 4115 λίμναι
1667 4045 1973 4122 συναγωγοὶ

312 4137 426 4189 τῶν
487 4131 539 4186 ἐν
599 4130 786 4193 αὑταῖς
846 4130 1162 4205 εἰσρεόντων
1224 4127 1431 4185 ὑδάτων
1491 4131 1780 4206 συνάγουσι
1820 4132 1872 4189 ἔν
1903 4139 1973 4209 τῇ

304 4220 530 4292 αὐξήσει
586 4226 685 4290 τῆς
739 4220 858 4275 κατ’
925 4219 1122 4292 ἀρετὴν
1183 4218 1327 4281 θείας
1385 4221 1758 4298 καρποφορίας
1818 4217 1971 4298 (ὅπερ

301 4312 377 4366 τὸ
430 4304 702 4367 Ἐσσεϐὼν
774 4306 1153 4383 ἑρμηνεύεται)
1231 4305 1320 4363 διὰ
1379 4310 1553 4382 μέσῶν
1615 4314 1723 4365 τῶν
1783 4310 1972 4382 αἰσθή-

306 4420 469 4472 σεων,
501 4396 571 4454 δι’
624 4398 698 4453 ὧν
757 4393 831 4459 ὤς
890 4418 1051 4452 τινων
1109 4394 1303 4453 πυλῶν
1370 4396 1444 4460 εἷς
1493 4400 1682 4475 νοεράν
1718 4402 1904 4475 ψυχὴν
1936 4404 1970 4471 ἡ

306 4493 415 4546 τῶν
473 4487 619 4544 ὅλων
665 4491 866 4562 γνῶσις
922 4486 1140 4541 εἰσιέναι
1202 4488 1425 4565 πέφυκε,
1479 4489 1583 4558 τήν
1638 4491 1966 4563 τικτομένην

2084 1893 2278 1965 emplo
2312 1895 2371 1947 in
2413 1892 2739 1966 Evangeliis
2784 1893 3201 1961 declaratur",
3253 1910 3326 1948 ne
3372 1892 3545 1948 istius
3600 1893 3733 1950 vitm

2086 1982 2528 2040 sollicidinibus
2549 1999 2718 2039 mens
2765 1983 2936 2054 quasi
2977 1982 3169 2038 bonus
3198 1981 3453 2054 agricola
3480 1982 3732 2054 spiritali

2083 2072 2273 2145 ipsius
2308 2073 2498 2129 fructu
2525 2072 2807 2145 privetur.
2833 2076 3015 2146 Atque
3038 2072 3121 2128 ita
3145 2072 3383 2144 quidem
3421 2089 3484 2129 se
3530 2076 3734 2129 venter

2082 2163 2280 2219 habet.
2328 2164 2442 2218 Duo
2499 2166 2695 2218 autem
2752 2163 2929 2219 ubera
2987 2166 3103 2231 tua,
3153 2171 3297 2219 sicut
3343 2164 3448 2219 duo
3501 2162 3735 2219 hinnuti

2082 2254 2305 2322 gemelli
2351 2268 2578 2324 capreae.
2612 2252 2909 2308 Naturalis
2942 2258 2998 2307 et
3029 2253 3269 2308 moralis
3316 2252 3584 2309 doctrina
3613 2270 3732 2325 qua

2083 2360 2189 2399 nos
2210 2344 2583 2415 imperfectos
2614 2348 2901 2414 tanquam
2923 2344 3093 2411 lacte,
3121 2351 3247 2399 tum
3273 2344 3602 2400 rationibus
3625 2360 3727 2400 na-

2081 2433 2391 2503 turalibus,
2418 2438 2585 2489 tuum
2622 2434 2882 2489 moribus
2908 2435 2980 2489 ad
3013 2450 3140 2488 eam
3167 2451 3292 2506 qua:
3318 2435 3377 2489 in
3398 2434 3627 2491 Christo
3646 2437 3735 2490 est

2082 2524 2503 2595 perfectionem
2538 2523 2724 2578 nutrit
2757 2539 2769 2579 :
2806 2522 3023 2594 pariter
3052 2539 3121 2577 ex
3151 2528 3206 2579 te
3253 2528 3381 2579 tum
3439 2528 3606 2580 acute
3632 2539 3736 2595 per

2082 2612 2661 2685 contemplationem,
2687 2616 2813 2668 tum
2837 2629 2940 2685 per
2961 2612 3250 2668 actionem
3273 2612 3540 2669 celeriter
3563 2613 3733 2669 ﬂuit:

2083 2718 2219 2757 cum
2252 2718 2441 2773 neque
2474 2701 2761 2757 rationem
2793 2702 2921 2757 sine
2953 2702 3199 2769 actione,
3234 2720 3423 2774 neque
3443 2702 3735 2758 actionem

2081 2792 2209 2849 sine
2239 2793 2462 2848 ratione
2484 2793 2694 2849 doceas
2743 2808 2872 2848 esse
2919 2792 3423 2864 conplectendam.
3465 2795 3550 2847 Ad
3607 2792 3731 2848 hac

2080 2883 2283 2939 coitum
2314 2890 2469 2937 tuum
2499 2885 2644 2939 sicut
2675 2885 2848 2937 turris
2877 2884 3147 2939 eburnea.
3172 2882 3436 2939 Rationis
3466 2883 3575 2953 vis,
3609 2898 3736 2954 quas

2082 2977 2148 3029 ut
2176 2970 2395 3027 collum
2426 2972 2602 3043 capiti
2651 2988 2865 3044 corpus
2898 2972 3216 3045 reliquum,
3251 2972 3334 3029 ita
3366 2973 3547 3029 menti
3598 2989 3732 3029 sen-

2081 3077 2215 3116 sum
2246 3060 2558 3116 connectit.
2591 3060 2774 3115 turris
2824 3061 3059 3131 quidem
3112 3061 3301 3116 instar
3330 3078 3432 3131 per
3460 3061 3735 3118 virtutem

2084 3167 2119 3206 ο.
2149 3150 2324 3206 rebus
2347 3149 2685 3206 carnalibus
2708 3151 2780 3205 ad
2801 3149 3099 3220 spiritales
3121 3167 3187 3206 ac
3209 3150 3472 3208 caelestes
3515 3150 3735 3207 extolli-

2002 3214 2045 3282 α
2084 3243 2202 3308 tur;
2225 3239 2367 3295 levis
2390 3244 2477 3295 est
2499 3244 2697 3295 autem
2722 3244 2778 3293 et
2812 3214 2957 3311 pura
2978 3256 3103 3310 qum
3136 3244 3226 3295 est
3253 3242 3418 3310 ebur,
3457 3241 3738 3311 quoniam

2085 3330 2157 3386 ab
2181 3330 2579 3402 inaequalitate
2614 3346 2740 3401 quia
2765 3329 2823 3384 in
2856 3346 3095 3385 excessu
3129 3331 3473 3402 defectuque
3502 3329 3740 3387 virtutis

2085 3420 2238 3476 inest
2263 3426 2319 3476 et
2349 3420 2579 3476 animas
2602 3420 2895 3492 inquinat,
2921 3423 3011 3475 est
3034 3420 3450 3476 remotissima.
3481 3422 3552 3476 Et
3580 3421 3727 3476 oculi

2084 3512 2171 3565 tui
2199 3512 2339 3566 sicut
2366 3509 2600 3581 piscina?
2646 3511 2708 3564 in
2756 3509 2991 3565 Essebon
3042 3510 3101 3564 in
3139 3511 3323 3580 portis
3363 3510 3496 3580 ﬁlia:
3526 3510 3732 3565 mutto-

2082 3617 2228 3654 rum.
2261 3599 2482 3655 Animae
2532 3603 2647 3655 tua:
2695 3599 2966 3670 potentias
3018 3598 3414 3670 speculativae,
3454 3603 3737 3671 tanquam

2083 3690 2324 3762 piscinas
2356 3706 2539 3760 aquas
2569 3705 2696 3760 quae
2737 3688 2797 3744 in
2845 3706 2905 3744 se
2944 3689 3224 3758 influunt,
3258 3689 3627 3762 colligentes,
3672 3690 3733 3744 in

2082 3778 2291 3836 divinae
2329 3778 2614 3834 ubertatis
2654 3778 2736 3850 (id
2787 3779 2941 3834 enim
2994 3778 3289 3851 signiﬁcat
3318 3780 3603 3852 Essebon)
3634 3796 3738 3851 per

2082 3868 2366 3925 virtutum
2419 3869 2803 3933 incrementa,
2855 3883 3139 3923 sensuum
3189 3884 3367 3938 opera
3421 3885 3523 3940 per
3590 3885 3736 3940 quos

2085 3957 2254 4031 quasi
2287 3973 2389 4029 per
2419 3957 2706 4028 quasdam
2740 3962 2938 4028 portas
2964 3957 3017 4010 in
3046 3956 3737 4013 animamintellectivam

2083 4046 2338 4117 cognitio
2371 4063 2567 4101 rerum
2596 4046 2943 4119 ingreditur,
2974 4062 3045 4101 ex
3090 4046 3251 4101 varia
3301 4062 3495 4101 rerum
3529 4050 3739 4103 natura

2083 4134 2369 4207 colligunt
2442 4135 2861 4205 cognitionem,
2925 4151 3055 4205 quae
3111 4150 3180 4190 ex
3237 4135 3738 4208 contemplatione

2083 4227 2478 4295 comparatur.
2531 4224 2815 4280 Praeterea
2861 4241 3029 4279 nasus
3080 4232 3206 4279 tuus
3234 4227 3377 4281 sicut
3423 4228 3602 4281 turris
3635 4226 3729 4281 Li-

2084 4313 2233 4383 bam,
2266 4328 2388 4385 qum
2407 4314 2633 4384 respicit
2660 4314 2859 4383 faciem
2891 4314 3162 4369 Damasci.
3214 4314 3437 4386 Nempe
3484 4315 3571 4370 vis
3614 4315 3731 4369 dis-

2080 4400 2353 4456 cernendi
2412 4401 2561 4472 (quaa
2618 4404 2681 4455 ut
2738 4400 3086 4456 suavitatem
3148 4418 3182 4456 a
3230 4401 3509 4469 foeditate,
3544 4401 3624 4456 sic
3658 4417 3725 4455 ea

2083 4508 2212 4563 quas
2265 4495 2593 4563 suggerunt
2655 4492 2905 4545 ministri
2949 4492 3182 4563 spiritus
3240 4493 3299 4547 in
3356 4491 3733 4547 ministerium

315 4577 455 4634 κατὰ
485 4576 713 4653 Θεωρίαν
741 4580 962 4651 γνῶσιν,
1022 4574 1082 4629 ἐκ
1126 4581 1225 4644 τῆς
1286 4573 1548 4655 διαφόρου
1601 4577 1809 4655 φύσεως
1863 4585 1969 4635 τῶν

2081 4581 2235 4636 missi
2263 4584 2484 4651 propter
2513 4596 2599 4635 eos
2628 4581 2725 4651 qui
2751 4580 2953 4635 salutis
2984 4580 3363 4637 haereditatem
3401 4595 3732 4651 consequen-

315 4667 509 4725 ὄντων.
542 4665 683 4741 Πρὸς
714 4663 772 4720 δὲ
817 4665 1052 4727 τούτοις.
1100 4667 1331 4737 Μυκτήρ
1378 4687 1473 4722 σου
1512 4667 1586 4729 ὡς
1636 4668 1846 4744 πύργος
1874 4675 1973 4725 τοῦ

308 4752 574 4824 Λιϐάνου,
641 4752 927 4809 σκοπεύων
1013 4754 1308 4830 πρόσωπον
1395 4762 1704 4829 Δαμασκοῦ
1764 4756 1971 4829 Δηλον-

317 4846 424 4918 ότι,
448 4843 521 4900 Τό
548 4842 758 4919 (οἷάπερ
815 4840 1045 4899 εὐωδίαν
1106 4844 1209 4899 ἀπὸ
1261 4841 1553 4915 δυσωδίας,
1602 4844 1841 4922 χωρίζον
1873 4848 1969 4911 τὰς

309 4935 593 5005 ὑποθήκας
689 4936 798 4987 τῶν
876 4932 951 4994 εἶς
1060 4930 1340 4989 διακονίαν
1454 4933 1969 5008 ἀποστελλομένων,

310 5022 411 5079 διὰ
458 5023 588 5086 τοὺς
684 5021 990 5096 μέλλοντας
1072 5020 1442 5098 κληρονομεῖν
1509 5026 1804 5100 σωτηρίαν,
1856 5025 1969 5081 λει-

307 5117 616 5190 τουργικῶν
671 5111 1019 5185 πνεύματων,
1074 5112 1181 5167 ἀπὸ
1232 5116 1340 5167 τῶν
1381 5108 1702 5189 ὑπερϐολῶν
1733 5119 1840 5168 τῶν
1871 5119 1970 5180 τῆς

309 5203 585 5278 πονηρίας
642 5204 986 5275 πνευμάτων)
1042 5197 1373 5276 διακριτικόν
1404 5222 1520 5273 σου,
1554 5204 1718 5257 οἱονεὶ
1762 5202 1969 5280 πύργος

312 5291 663 5368 ὑψηλότατος
706 5291 842 5345 κατὰ
902 5289 995 5344 τὸν
1054 5284 1277 5344 Λίϐανον
1313 5284 1461 5366 ὅρος,
1496 5286 1804 5347 ἀποϐλέπον
1832 5294 1972 5348 κατά

309 5381 378 5438 τὸ
404 5379 702 5455 πρόσωπον
730 5385 829 5448 τῆς
877 5378 1097 5439 πόλεως
1129 5384 1439 5453 Δαμασκοῦ,
1474 5380 1562 5434 καὶ
1609 5382 1709 5442 τὰς
1764 5379 1963 5436 ἐκεῖθεν

309 5475 426 5527 τῶν
458 5468 674 5545 ἐχθρῶν
708 5466 934 5544 ἐφόδους
982 5471 1060 5539 τῷ
1103 5466 1324 5542 Ἰσραὴλ
1359 5467 1564 5542 μηνύον
1600 5487 1613 5500 ’
1650 5468 1700 5540 ἐξ
1753 5468 1964 5543 ὑψηλο-

388 5670 438 5710 τε
464 5667 633 5725 Matt.
662 5683 743 5734 v1,
778 5664 865 5722 18.
940 5666 985 5702 ⁸³⁸
1014 5667 1187 5726 Hebr.
1223 5686 1264 5739 ι,
1298 5668 1386 5724 14.

2080 4670 2247 4737 tur“,
2280 4670 2354 4724 ab
2388 4668 2461 4724 iis
2488 4685 2616 4740 quae
2671 4686 2704 4724 a
2747 4669 3021 4739 nequitiae
3055 4670 3367 4741 spiritibus
3404 4684 3732 4741 suggerun-

2081 4762 2208 4813 turs
2231 4758 2540 4829 dijudicat)
2593 4762 2683 4813 est
2718 4757 2894 4813 veluti
2944 4758 3274 4813 celsissima
3322 4757 3506 4813 turris
3552 4773 3733 4829 super

2081 4853 2339 4902 montem
2372 4848 2660 4902 Libanum
2716 4847 2828 4902 sita
2861 4862 2989 4917 quae
3020 4846 3261 4918 respicit
3310 4845 3516 4902 faciem
3568 4845 3735 4903 urbis

2079 4938 2364 5007 Damasci,
2400 4944 2577 5010 atque
2622 4938 2759 4993 inde
2817 4937 3073 4993 hostium
3123 4938 3440 4994 adventum
3500 4937 3733 4994 indicat

2080 5028 2628 5099 Israelizspirituum
2646 5027 3088 5091 immundorum
3120 5027 3375 5098 impetus
3399 5031 3456 5081 et
3476 5027 3727 5083 insidias

2080 5117 2318 5189 respicit
2340 5123 2397 5173 et
2420 5117 2721 5185 discernit,
2765 5117 3147 5188 ipsorumque
3188 5115 3356 5172 dolos
3387 5116 3568 5172 menti
3616 5121 3734 5173 tuae

2079 5210 2279 5273 Deum,
2305 5207 2497 5277 quoad
2531 5205 2684 5273 licet,
2718 5205 2970 5260 intuenti
3019 5205 3396 5273 denuntians,
3433 5210 3489 5262 te
3523 5206 3595 5262 ab
3626 5222 3729 5261 eo-

2078 5312 2209 5350 rum
2241 5295 2549 5351 fraudibus
2574 5299 2631 5350 et
2650 5294 2885 5366 injuriis
2909 5294 3201 5367 integram
3224 5300 3544 5352 conservat.
3576 5295 3733 5352 Talis

2077 5388 2272 5439 autem
2323 5389 2412 5440 est
2470 5384 2556 5439 vis
2587 5389 2688 5438 tua
2719 5383 3091 5439 discernendi
3123 5401 3190 5440 ac
3212 5384 3548 5456 judicandi,
3582 5401 3729 5456 quo-

2075 5473 2232 5529 niam
2262 5476 2437 5546 caput
2486 5476 2655 5528 tuum
2706 5475 2769 5527 ut
2794 5471 3101 5530 Carmelus
3144 5490 3323 5546 super
3351 5477 3408 5530 te
3437 5472 3731 5546 (Christus
