4046 6144
298 350 412 409 671

1637 348 2060 410 MICHAELIS
2105 340 2403 409 PSELLI‘

3530 306 3535 309 i
3592 349 3712 407 e72

294 482 497 554 utique
529 498 787 555 sponsus
816 486 979 555 tuus,
1010 485 1198 540 vivens
1243 488 1403 556 atque
1456 483 1658 554 efﬁcax
1708 481 1942 537 Verbum

2064 476 2224 549 εάτης
2282 479 2536 554 γνώσεως
2588 478 2685 541 τὰς
2738 474 3046 537 ἓπελεύσεις
3102 496 3161 530 τε
3214 474 3307 530 καὶ
3358 459 3712 551 ἐνέδραςπῶν

292 573 615 642 pertingens
645 589 813 646 usque
836 575 915 628 ad
931 574 1261 629 divisionem
1299 575 1504 628 animae
1534 589 1600 627 ac
1628 572 1860 643 spiritus
1881 570 1946 641 ⁷⁷)

298 660 550 733 cognitio
582 665 672 716 est
702 662 1193 730 circumcisionis,
1227 679 1353 733 qua:
1376 663 1433 717 in
1466 667 1523 717 te
1544 665 1627 717 est
1659 661 1770 732 (sic
1791 658 1947 715 enim

298 749 628 805 Carmelum
662 752 1144 822 interpretamur)
1175 755 1492 822 amputans
1525 768 1557 805 a
1585 754 1641 805 te
1673 749 1827 819 quod
1875 747 1949 803 ab

299 844 428 894 ortu
452 839 631 894 babes
653 839 926 895 vitiorum
948 838 1641 912 integumentum,gladio
1669 837 1946 909 Spiritus.

301 930 381 983 Ex
404 929 558 1000 quod
589 928 654 982 fit
678 933 742 983 ut
774 929 988 985 mentis
1007 933 1119 984 tua:
1145 928 1352 984 oculus
1374 926 1833 1001 intelligibilium
1854 926 1952 980 ho-

301 1017 480 1072 stium
520 1017 765 1072 astutias
794 1016 962 1072 facile
1002 1019 1331 1088 perspicere
1373 1017 1583 1087 valeat,
1614 1015 1775 1071 nulla
1817 1031 1950 1086 per-

301 1106 632 1160 turbatione
691 1108 963 1160 tenebras
1017 1107 1375 1161 oll'undente.
1427 1106 1821 1169 Quamobrem
1892 1106 1951 1157 et

301 1211 459 1249 coma
512 1197 710 1266 capitis
773 1196 857 1249 tui
899 1198 1041 1249 sicut
1087 1212 1335 1267 purpura
1374 1212 1387 1250 :
1420 1195 1634 1250 Christi
1686 1192 1953 1249 doctrina

302 1282 575 1339 videlicet
606 1286 899 1339 rationum
948 1290 1005 1339 et
1055 1302 1281 1339 morum
1316 1301 1463 1339 nexu
1500 1285 1787 1351 contexta,
1821 1287 1952 1336 tan-

304 1389 478 1442 quam
514 1373 667 1443 regis
698 1374 1107 1429 indumentum
1133 1379 1220 1427 est
1250 1373 1430 1427 animi
1472 1373 1557 1427 tui
1589 1372 1857 1441 amictus,
1891 1371 1952 1425 in

305 1478 420 1531 quo
471 1462 573 1517 ille
624 1462 1136 1533 pertubationibus
1195 1462 1554 1527 dominatur,
1607 1465 1663 1515 et
1720 1466 1809 1515 est
1854 1476 1955 1514 rex

302 1552 520 1605 vinctus
567 1552 627 1605 in
677 1552 1087 1605 transcursibus
1121 1568 1133 1606 :
1168 1551 1278 1606 hoc
1336 1556 1425 1605 est
1471 1549 1615 1604 nulli
1650 1549 1955 1615 subiectus

305 1639 754 1711 perturbationi,
784 1641 884 1695 sed
948 1641 1159 1695 divinae
1218 1639 1380 1695 illius
1440 1655 1616 1710 quam
1676 1638 1954 1704 diximus,

308 1729 588 1783 doctrinae
618 1728 879 1783 funiculo
913 1729 1129 1800 ligatus
1159 1730 1217 1783 in
1250 1729 1690 1784 transcursibus
1709 1743 1955 1798 praesen-

2060 567 2386 643 ἀκαθάρπων
2437 568 2759 639 πνευμάτων
2819 561 3122 621 ἀποϐλέπει
3178 566 3269 620 καὶ
3300 563 3579 640 διακρίνει,
3618 565 3709 621 καὶ

2056 657 2184 722 τοὺς
2216 656 2412 719 δόλους
2446 659 2621 711 αὐτῶν
2668 660 2746 727 τῷ
2792 656 2929 710 κατὰ
2973 655 3034 709 τὸ
3081 652 3305 709 δυνατὸν
3351 655 3477 710 Θεὸν
3511 656 3709 731 ὁρῶντι

2059 745 2145 802 νοΐ
2203 768 2298 801 σου
2357 745 2586 820 μηνύον,
2620 746 2889 822 ἀνιπαφω
2917 766 2975 799 σε
3003 751 3103 815 τῆς
3129 746 3256 814 παρ’
3286 743 3461 799 αὐτῶν
3496 739 3712 820 βλάϐης

2061 833 2331 910 διατηρεῖ,
2388 840 2644 890 Τοιοῦτον
2700 832 2757 890 δὲ
2818 834 2914 889 σού
2964 834 3072 889 ἐστι
3105 834 3168 888 τὸ
3209 831 3541 909 διακριτικόν
3576 852 3590 866 ’
3626 833 3711 888 ὅτι

2061 923 2286 1003 Κεφαλή
2344 946 2440 979 σου
2517 923 2604 979 ἐπὶ
2661 926 2738 993 σε,
2813 925 2888 987 ὡς
2954 924 2982 977 ὁ
3067 921 3393 998 Κάρμηλος.
3466 923 3713 993 Πάντως,

2060 1016 2121 1073 Ὀ
2169 1015 2400 1090 Χριστὸς
2430 1016 2458 1070 ὁ
2512 1014 2747 1092 νυμφίος
2780 1034 2899 1079 σου,
2922 1014 2950 1066 ὁ
2976 1017 3079 1081 ζῶν
3116 1014 3207 1067 καὶ
3255 1012 3476 1087 ἐνεργὴς
3511 1011 3714 1086 Λόγος,

2060 1106 2148 1159 καὶ
2201 1103 2577 1176 διικνούμενος
2646 1100 2776 1177 ἄχρι
2840 1106 3111 1176 μερισμοῦ
3168 1105 3353 1176 ψυχῆς
3404 1101 3492 1155 καὶ
3553 1100 3717 1156 πνεύο

2066 1215 2254 1267 ματος,
2315 1193 2598 1268 ἱπίγνωσίς
2646 1192 2784 1247 ἐστιν
2842 1198 2946 1260 τῆς
3003 1190 3054 1245 ἐν
3091 1191 3175 1245 σοὶ
3207 1198 3517 1266 περιτομῆς
3560 1191 3716 1265 (ὅπερ

2062 1283 2090 1335 ὁ
2138 1281 2435 1355 Κάρμηλος
2515 1280 2916 1355 ἑρμηνεύεται),
2993 1276 3263 1353 περιελών
3349 1301 3445 1334 σου
3494 1281 3557 1334 τὸ
3610 1280 3717 1334 ἀπὸ

2061 1370 2318 1446 γενέσεως
2376 1374 2483 1423 τῶν
2564 1371 2747 1424 παθῶν
2840 1368 3109 1440 κάλυμμα
3192 1373 3257 1441 τῇ
3320 1369 3566 1444 μαχαίρᾳ
3617 1374 3717 1423 τοῦ

2063 1458 2378 1530 Πνεύματος
2412 1478 2424 1491 ⁸
2500 1458 2782 1512 κάντεῦθεν
2841 1460 2903 1513 τὸ
2962 1455 3118 1531 ὄμμα
3171 1465 3274 1527 τῆς
3320 1454 3560 1519 διανοίας
3620 1478 3718 1512 σου

2064 1552 2312 1622 καθαρῶς
2370 1547 2495 1621 ὀρᾷν
2579 1544 2795 1601 δύναται
2873 1548 2966 1610 τὰς
3034 1546 3284 1623 μηχανὰς
3327 1551 3436 1601 τῶν
3495 1550 3712 1616 νοητῶν

2068 1637 2301 1710 ἐχθρῶν,
2374 1639 2447 1708 μή
2537 1658 2683 1700 τινος
2762 1636 2965 1698 πάθους
3047 1638 3459 1698 ἑπισκοτοῦντος
3544 1634 3714 1707 αὐτῷ.

2066 1726 2285 1799 Διόπερ,
2346 1724 2435 1779 καὶ
2497 1723 2734 1779 Πλόκιον
2810 1724 3053 1804 κεφαλῆς
3128 1746 3223 1779 σου
3281 1725 3353 1786 ὡς
3411 1724 3711 1803 πορφύρα⁶

303 1817 382 1871 tis
410 1817 561 1883 vitae,
593 1832 662 1871 ne
694 1834 889 1873 rerum
915 1818 1281 1873 sensibilium
1332 1824 1388 1872 et
1444 1819 1800 1873 oaducarum
1860 1816 1952 1871 lu-

2064 1811 2213 1881 ἤτοι,
2272 1814 2334 1869 Ἣ
2388 1810 2477 1867 διὰ
2529 1812 2707 1889 λόγων
2738 1813 2828 1868 καὶ
2860 1814 3077 1889 τρόπων
3109 1812 3414 1907 πλεχθεῖσά
3443 1834 3525 1868 σοι
3559 1811 3719 1868 διδαο

304 1904 465 1959 brico
499 1905 859 1976 prolabatur.

296 1996 394 2045 τοῦ
446 1988 568 2053 νοὸς
625 2014 721 2047 σου
763 1988 1059 2066 περιϐολὴ,
1111 1993 1162 2048 ἐν
1217 1994 1254 2068 ᾗ
1313 1993 1470 2056 οὗτος
1521 1996 1706 2048 παθῶν
1755 1995 1961 2069 γίνεται
2036 1990 2407 2067 αὐτοκράτωρ,
2481 1991 2567 2046 καὶ

2062 1902 2260 1958 σκαλία
2318 1902 2481 1957 αὐτοῦ
2541 1908 2801 1977 Χριστοῦ,
2861 1904 2948 1958 οἶα
3009 1903 3279 1979 βασιλέως
3338 1897 3547 1975 ἕνδυμά
3602 1901 3714 1957 ἐστι

2659 1991 2894 2067 ὑπάρχει
2999 1991 3252 2066 βασιλεὺς
3336 1988 3619 2063 δεδεμένος
3664 1990 3717 2045 ἐν

303 2078 682 2155 παραδρομαῖς
720 2101 732 2113 ·
785 2081 974 2156 ἤγουν,
1038 2086 1112 2155 μή
1172 2105 1275 2137 τινι
1335 2083 1715 2155 ὑποκείμενος,
1786 2082 1978 2137 πάθειο
2036 2079 2182 2135 ἀλλὰ
2250 2080 2320 2153 τῇ
2381 2081 2590 2156 σχοίνῳ
2637 2088 2736 2150 τῆς
2794 2080 3094 2154 εἷρημένης
3153 2081 3300 2143 θείας
3357 2078 3720 2143 διδασκαλίας

306 2166 709 2242 διδεσμημὲνος
768 2170 818 2225 ἐν
877 2170 1139 2247 παρόδοις
1193 2180 1292 2242 τῆς
1346 2172 1626 2248 παρούσης
1689 2174 1897 2246 βιοτῆς,
1951 2168 2045 2225 *ίνα
2109 2172 2184 2243 μὴ
2242 2169 2516 2243 καταπέσῃ
2561 2174 2643 2241 τῷ
2699 2171 2816 2225 κατ’
2875 2169 3124 2241 αἶ’σθησιν
3183 2175 3290 2225 τῶν
3359 2169 3717 2243 προσκαίρων

305 2255 637 2333 ὀλισθηρῶν.

902 2370 1095 2424 Trium
1126 2371 1229 2425 Pal
1237 2388 1380 2426 rum.

379 2455 556 2522 Quam
585 2456 799 2524 decora,
831 2460 881 2513 et
912 2475 1076 2528 quam
1108 2460 1367 2530 jucunda
1396 2461 1541 2528 facta
1572 2475 1648 2514 es.
1688 2458 1956 2514 Admira-

306 2542 408 2597 bili
443 2544 663 2599 circum
691 2547 829 2601 data
852 2552 941 2602 est
965 2548 1500 2619 pulchritudine,ea
1524 2548 1803 2603 nimirum
1830 2565 1955 2620 quae

307 2635 571 2702 pervenit
614 2635 683 2688 ad
734 2639 791 2689 te
837 2651 906 2689 ex
952 2636 1345 2691 similitudine
1401 2642 1458 2691 et
1524 2636 1960 2707 exemplarizet

308 2738 531 2792 sponso
576 2724 891 2793 conjuncta
949 2730 1124 2796 atque
1154 2725 1253 2779 illo
1288 2726 1506 2790 fruens,
1541 2726 1748 2780 referta
1779 2742 1840 2780 es
1872 2725 1957 2778 in-

306 2810 979 2881 credibilijucunditate
1032 2815 1347 2884 spirituali.
1401 2816 1591 2869 Etnim
1625 2815 1868 2869 charilas
1898 2815 1958 2869 in

316 2899 535 2954 deliciis
564 2900 702 2966 tuis,
729 2918 856 2972 qua:
890 2903 1127 2974 quidem
1154 2904 1454 2959 exvirtute
1480 2903 1952 2975 proficiscuntur.

312 2988 456 3042 Cum
492 2988 645 3043 enim
681 2991 1008 3060 gustaveris
1039 2998 1211 3065 atque
1259 2994 1626 3066 perspexeris
1656 2992 1955 3048 Christum

311 3093 443 3132 esse
473 3076 812 3146 Dominum,
848 3097 963 3135 non
1012 3080 1268 3153 amplius
1300 3082 1357 3136 in
1392 3084 1605 3137 timore
1655 3081 1754 3137 illo
1803 3083 1955 3137 bono

308 3165 583 3235 versaris,
618 3168 719 3222 sed
743 3172 866 3224 tota
894 3186 960 3224 ex
1007 3170 1195 3241 ipsius
1244 3172 1460 3242 pendes
1506 3170 1788 3227 charitate
1827 3187 1953 3242 quas

305 3254 575 3309 timorem
610 3256 866 3327 expellit.
891 3259 1048 3315 Unde
1068 3262 1446 3329 magnatudno
1467 3265 1561 3315 tua
1581 3262 1781 3332 palma?
1805 3262 1958 3315 simi-

301 3343 371 3398 lis
398 3346 558 3414 facta
587 3354 685 3400 est.
733 3346 859 3400 Tua
907 3347 1175 3403 videlicet
1230 3366 1296 3403 ex
1345 3349 1559 3404 virtute
1617 3349 1954 3404 sublimitas

2635 2368 2754 2422 Τῶν
2789 2373 2837 2440 γ’
2867 2366 3144 2436 Πατέρων.

2138 2458 2205 2514 Τί
2279 2456 2569 2532 ὡραιώθης
2635 2455 2724 2509 καὶ
2779 2454 2831 2509 τί
2876 2452 3157 2525 ἠδύνθηςί
3228 2452 3425 2521 εἶτουν,
3495 2454 3717 2526 Θαυμά-

2067 2567 2181 2601 σιον
2237 2540 2568 2619 περιεϐάλου
2626 2541 2856 2611 κάλλος,
2918 2541 3135 2615 δηλαδή
3195 2544 3259 2597 τὸ
3298 2544 3418 2607 καθ’
3449 2544 3715 2616 ὁμοίωσιν

2063 2640 2160 2691 τοῦ
2204 2634 2536 2709 ἀρχετύπου.
2598 2634 2738 2689 Καθὸ
2782 2638 2861 2705 τῷ
2910 2632 3130 2709 νυμφίῳ
3189 2633 3556 2707 συγγινομένη
3615 2633 3711 2687 καὶ

2065 2724 2418 2780 ἀπολαύουσα
2487 2724 2683 2778 τούτου
2767 2722 3049 2793 ἑπλήσθης
3115 2724 3489 2795 πνευματικής
3542 2721 3714 2795 ἀφρά-

2065 2835 2194 2868 στου
2250 2811 2472 2882 ἡδονῆς.
2553 2812 2648 2868 Καὶ
2734 2811 2861 2887 γὰρ,
2922 2812 3136 2887 Ἀγαπη
3201 2811 3252 2865 ἐν
3312 2816 3543 2886 τρυφαῖς
3594 2832 3714 2877 σου,

2067 2901 2325 2973 δηλονότι
2397 2906 2517 2962 ταῖς
2581 2902 2699 2955 κατ’
2780 2900 2995 2975 ἀρετήν.
3085 2901 3395 2973 Γευσαμὲνη
3459 2899 3564 2974 γὰρ
3625 2900 3716 2953 καὶ

2066 2990 2394 3064 θεασαμένη,
2455 2992 2537 3044 δτι
2621 2990 2858 3065 Χριστὸς
2934 2990 2962 3043 ὁ
3048 2989 3263 3064 Κύριος,
3326 2987 3504 3044 οὐκέτι
3557 2982 3719 3063 φόϐῳ

2063 3085 2142 3153 τῷ
2188 3081 2374 3154 ἀγαθῶ
2426 3079 2687 3156 ἰντρυφᾷς
2722 3098 2735 3111 ο
2793 3077 2919 3134 ἀλλ’
2974 3076 3078 3148 ὅλη
3137 3084 3236 3147 τῆς
3280 3077 3491 3153 ἀγάπης
3518 3077 3716 3131 τούτου

2066 3168 2384 3244 ἰξήρτησαι,
2444 3168 2564 3237 ἥτις
2605 3166 2705 3238 ἔξω
2758 3165 2952 3243 βάλλει
3002 3168 3093 3221 τὸν
3153 3162 3340 3244 φόϐον.
3399 3167 3579 3237 Ὅθεν,
3636 3165 3716 3223 Τὸ

2068 3258 2293 3335 μέγεθός
2324 3280 2419 3312 σου
2451 3258 2717 3331 ὡμοιώθη
2773 3256 2853 3329 τῷ
2885 3256 3109 3331 φοίνικι.
3163 3256 3406 3321 Ηάντως,
3453 3255 3531 3311 Τὸ
3597 3255 3716 3309 κατ’

2064 3348 2259 3422 ἀρετὴν
2336 3347 2473 3421 ὕψος
2531 3367 2625 3400 σου
2681 3345 3036 3420 παρείκασται
3091 3349 3170 3417 τῷ
3227 3349 3295 3419 τῇ
3360 3345 3453 3417 μὲν
3506 3347 3576 3419 γῇ
3609 3343 3725 3398 οὑκ

299 3432 629 3488 assimilata
661 3440 751 3488 est
782 3435 1007 3506 palmae,
1045 3454 1172 3507 quae
1200 3438 1392 3493 radice
1421 3438 1578 3493 haud
1620 3438 1700 3493 ita
1727 3438 1785 3491 in
1819 3454 1950 3510 pro-

2064 3438 2142 3499 si:
2206 3438 2371 3511 βάθος
2426 3435 2799 3513 ἐῤῥιζωμένῳ,
2855 3435 2932 3496 εἷς
2990 3432 3124 3508 ὕψος
3176 3432 3221 3489 δ’
3255 3435 3451 3495 ἱκανῶς
3483 3433 3704 3506 ἀνατρέ-

298 3521 545 3576 fundum
573 3524 780 3588 tendit,
812 3526 911 3579 sed
946 3527 1157 3580 vertice
1188 3526 1463 3583 sublimis
1493 3528 1811 3584 admodum
1851 3542 1947 3581 ex-

297 3608 544 3665 tollitur.
579 3612 665 3665 Tu
699 3612 839 3667 item
867 3614 937 3668 de
963 3614 1139 3669 rebus
1160 3616 1406 3670 terrenis
1432 3617 1633 3671 leviter
1661 3618 1946 3688 cogitans,

296 3701 581 3767 quantum
616 3701 877 3770 corporis
927 3704 1243 3758 necessitas
1277 3710 1446 3775 urget
1495 3706 1711 3761 mentis
1749 3706 1949 3760 altitu-

297 3784 433 3839 dine
463 3786 637 3843 cmlos
666 3789 935 3859 attingis,
982 3808 1115 3845 cum
1164 3792 1236 3847 ad
1266 3810 1580 3848 mensuram
1611 3796 1798 3851 aetatis
1827 3795 1948 3866 ple-

296 3874 575 3930 nitudinis
626 3876 877 3932 Christi"8
927 3881 1282 3949 perveneris.
1319 3884 1382 3936 Et
1435 3884 1607 3938 ubera
1657 3889 1752 3938 tua
1808 3885 1952 3938 sicut

300 3963 463 4020 bom'.
503 3965 689 4021 Ubera
738 3967 1018 4023 nimirum
1070 3970 1344 4025 doctrina;
1394 3975 1505 4026 tua;
1538 3976 1665 4027 tum
1710 3973 1949 4028 moralis

298 4056 427 4106 tum
462 4053 770 4120 naturalis,
801 4057 1019 4126 quibus
1048 4075 1153 4112 nos
1186 4060 1377 4115 adhuc
1400 4061 1655 4116 infantes
1680 4062 1747 4115 ad
1775 4062 1951 4132 pieta-

296 4144 414 4195 tem
446 4143 723 4197 erudiens
753 4145 977 4210 aluisti,
999 4164 1156 4202 nunc
1178 4149 1393 4204 similia
1416 4151 1566 4205 facta
1586 4156 1728 4205 sunt
1746 4151 1948 4222 palma:

300 4228 654 4296 botris,dum
691 4248 797 4286 nos
823 4235 892 4287 ad
931 4237 1348 4306 perfectionem
1392 4240 1832 4310 progredientes
1865 4239 1950 4292 di-

302 4317 526 4373 vlniore
582 4320 851 4376 doctrina
908 4326 1123 4393 pascis,
1158 4328 1325 4397 quasi
1388 4329 1588 4382 melita
1646 4329 1948 4383 botrorum

302 4406 507 4478 palmae
542 4409 875 4467 dulcedine.
911 4416 1118 4486 Itaque
1153 4417 1496 4488 magnitudo
1530 4418 1806 4473 doctrinm
1842 4424 1954 4473 tuae

302 4496 513 4566 palmae
534 4504 894 4570 comparata,
920 4508 1010 4556 est
1036 4504 1460 4574 discipularum
1493 4506 1598 4560 abs
1628 4511 1684 4561 te
1716 4508 1954 4562 institu-

303 4587 495 4639 tarum
530 4586 873 4643 multitudo.
911 4593 1065 4656 Dixi,
1108 4592 1405 4647 Ascendam
1436 4596 1493 4648 in
1538 4597 1817 4667 palmam,
1853 4613 1954 4667 ap-

301 4674 641 4743 prehendam
672 4677 999 4735 altitudines
1027 4682 1186 4749 eius:
1208 4686 1259 4736 et
1291 4688 1456 4738 erunt
1486 4685 1656 4739 ubera
1686 4691 1784 4740 tua
1814 4688 1954 4741 sicut

2060 3546 2217 3601 χοντι
2244 3525 2467 3583 φοίνικι.
2502 3525 2604 3580 Καὶ
2634 3526 2735 3600 γὰρ
2766 3526 2856 3578 καὶ
2888 3523 3025 3595 αὕτη
3055 3528 3164 3578 τῶν
3218 3521 3425 3598 γηίνων
3481 3519 3569 3577 διὰ
3603 3522 3704 3590 τὴν

2060 3618 2294 3691 ἀνάγκην
2318 3619 2414 3670 τοῦ
2462 3616 2740 3688 σώματος,
2798 3612 2986 3687 ἄκροις
3046 3618 3163 3675 τοῖς
3234 3612 3526 3689 λογισμοῖς
3585 3610 3705 3666 ἔπι-

2058 3706 2325 3780 ψαύουσα,
2397 3706 2571 3759 αὑτῶν
2636 3704 2778 3777 ἅπτῃ
2859 3707 2963 3757 τῶν
3044 3702 3308 3778 οὐρανίων
3379 3700 3456 3764 εἲς
3507 3699 3704 3777 μέτρον

2058 3793 2280 3864 ἡλικίας
2326 3797 2422 3848 τοῦ
2503 3792 2881 3868 πληρώματος
2962 3796 3059 3847 τοῦ
3126 3795 3360 3866 Χριστοῦ
3410 3791 3653 3869 φθάσασα
3687 3808 3701 3821 ·

2060 3883 2161 3940 Καὶ
2217 3883 2268 3937 οἰ
2341 3878 2533 3955 μῆστοί
2618 3902 2736 3947 σου,
2820 3886 2938 3943 τοῖς
3022 3880 3306 3957 βότρυσιν’
3389 3878 3582 3955 ἤγουν,
3642 3880 3707 3935 Ἣ

2058 3974 2222 4042 ἠθική
2254 3972 2344 4027 καὶ
2376 3974 2409 4040 ἠ
2445 3973 2644 4046 φυσική
2682 3967 3001 4025 διδασκαλία
3053 3991 3147 4025 σου
3208 3968 3278 4024 δι’
3334 3970 3405 4023 ὧν
3452 3970 3601 4042 ἡμᾶς
3629 3965 3710 4023 ἔτι

2056 4062 2255 4132 νηπίας
2303 4061 2467 4123 οῦσας
2507 4060 2650 4137 γάλα
2698 4060 2951 4122 ἑπότισας
3010 4060 3382 4135 εἶσαγωγικῶς
3421 4059 3556 4134 πρὸς
3588 4059 3705 4113 θεοο

2062 4147 2267 4206 σὲϐειαν
2321 4146 2733 4215 ἐκπαιδεύουσα,
2789 4150 2875 4203 νῦν
2937 4148 3251 4221 ὡμοίωνται
3297 4153 3416 4211 τοῖς
3451 4152 3548 4201 τοῦ
3582 4147 3710 4226 φοί-

2060 4262 2212 4302 νικος
2247 4239 2520 4316 βότρυσιν,
2568 4238 2620 4293 ἐν
2668 4243 2749 4310 τῷ
2808 4239 2981 4308 ἒστιᾷν
3034 4239 3181 4309 ἡμᾶς
3219 4235 3604 4311 προσκοψάσας
3632 4235 3711 4298 εἷς

2060 4329 2379 4399 τελειότητα
2408 4330 2507 4397 τὴν
2560 4329 2832 4403 θειοτέραν
2891 4324 3265 4388 διδασκαλίαν,
3298 4326 3373 4388 ὡς
3427 4322 3725 4398 μελιτώδη

2063 4418 2379 4495 γλυκύτητα
2406 4422 2515 4471 τῶν
2550 4416 2793 4492 βοτρύων
2816 4421 2912 4471 τοῦ
2937 4422 3203 4491 φοῖνικος.
3239 4417 3317 4471 T0
3333 4419 3460 4489 γοῦν
3488 4415 3711 4488 μέγεθός

2066 4530 2164 4562 σου
2205 4514 2304 4577 τῆς
2361 4504 2710 4562 διδασκαλίας
2755 4511 2832 4578 τῷ
2884 4506 3085 4583 φοίνικι
3143 4504 3569 4579 παρεικάσασαή
3608 4524 3710 4576 μα-

2066 4598 2403 4670 θητευομένη
2434 4617 2517 4650 σοι
2549 4594 2787 4665 πληθύς.
2823 4597 2970 4651 Εἷπα
2994 4614 3006 4626 ³
3054 4588 3432 4665 ’Λναϐήσομαι
3491 4592 3578 4646 ἐπὶ
3630 4596 3713 4663 τῷ

2065 4686 2291 4764 φοίνικι,
2364 4686 2621 4762 κρατήσω
2702 4689 2811 4739 τῶν
2890 4682 3066 4757 ὄψεων
3144 4684 3308 4737 αὑτοῦ
3341 4700 3353 4712 ⁸
3414 4681 3504 4736 καὶ
3558 4678 3715 4735 ἴσον·

303 4760 447 4816 botri
469 4764 897 4862 pineaMecum
922 4767 1051 4837 ipsa
1089 4770 1421 4826 deliberans
1451 4773 1591 4839 dixi,
1626 4776 1950 4830 Asccndam

2064 4760 2146 4830 τσι
2199 4773 2265 4843 δὴ
2344 4760 2539 4847 μαστοί
2625 4795 2742 4843 σου,
2821 4775 2895 4835 ὡς
2979 4772 3201 4848 βότρυες
3277 4778 3377 4839 τῆς
3439 4768 3713 4844 ἀμπὲλου.

302 4865 403 4920 per
429 4852 663 4906 virtutis
695 4856 1089 4912 imitationem
1120 4860 1189 4912 ad
1226 4861 1639 4931 perfectionem
1677 4864 1954 4919 doctrinae

300 4941 417 4994 tuae
450 4957 462 4993 :
497 4946 551 4995 et
583 4959 688 5013 per
735 4947 1291 5017 contemplationem
1344 4950 1778 5021 apprehendam
1828 4954 1956 5022 ejus

302 5027 755 5087 sublimitatem.
798 5034 867 5088 Et
915 5035 1239 5107 disciplinae
1280 5043 1420 5105 tuas,
1458 5040 1637 5095 ubera
1686 5058 1811 5112 quae
1864 5058 1958 5097 me

302 5116 654 5173 naturilater
675 5124 1151 5189 nutriunt,erunt
1182 5128 1423 5181 omnino
1450 5128 1604 5183 sicut
1626 5130 1774 5185 botri
1807 5148 1956 5186 versa

302 5205 440 5260 vitis
464 5208 563 5276 qui
584 5210 852 5268 Christus
875 5220 963 5269 est
990 5232 1001 5269 :
1030 5219 1352 5286 praabentes
1403 5219 1544 5272 mihi
1579 5222 1829 5293 gratiam
1876 5224 1956 5276 di-

302 5293 585 5359 vinitatis,
616 5314 742 5367 qua:
765 5303 881 5355 vini
916 5320 1078 5359 more
1102 5323 1133 5359 a
1168 5313 1380 5362 natura
1412 5314 1665 5364 mentem
1702 5311 1958 5367 dimovet

302 5386 359 5437 et
386 5398 569 5453 supra
614 5392 880 5443 naturam
916 5395 1210 5449 transfert.
1249 5398 1399 5452 Unde
1428 5397 1555 5453 odor
1586 5399 1761 5453 etiam
1797 5402 1957 5455 naris

306 5475 413 5526 tua:
438 5472 577 5527 sicut
604 5490 787 5545 poma.
823 5480 1019 5535 Gratia
1047 5482 1269 5539 scilicet
1294 5487 1479 5543 sancti
1506 5488 1762 5560 Spiritus
1791 5506 1955 5545 men-

376 5654 421 5692 "
450 5653 623 5713 Hebr.
656 5673 734 5729 ιν,
770 5659 856 5713 12.
930 5661 974 5697 ⁷³
1004 5661 1208 5733 Ephes.
1247 5681 1321 5731 ιν,
1358 5666 1440 5720 13.

2067 4861 2315 4935 Δηλαδὴ,
2346 4865 2432 4919 'Ev
2458 4863 2665 4936 ἐμαυτῇ
2703 4860 3070 4937 βουλευτικῶς
3104 4858 3239 4938 ἔφην
3265 4879 3278 4893 ⁸
3322 4857 3713 4931 Ἀνελεύσομαι

2070 4958 2387 5026 μιμητικῶς
2440 4952 2550 5023 ἐπὶ,
2619 4953 2717 5019 τὴν
2773 4953 2889 5005 κατ’
2964 4952 3161 5027 ἀρετὴν
3218 4955 3315 5018 τῆς
3365 4946 3717 5009 διδασκαλίας

2066 5063 2163 5096 σου
2222 5040 2561 5111 τελειότητα,
2627 5040 2717 5095 καὶ
2802 5041 2872 5094 τὰ
2942 5040 3079 5094 κατᾶ
3134 5042 3336 5113 γνῶσιν
3398 5035 3719 5111 ὑψηλότατα

2067 5132 2239 5201 αὐτῆς
2295 5129 2685 5204 καταλήψομαι
2764 5131 3115 5204 θεωρήματα.
3184 5128 3255 5186 Αἱ
3332 5131 3572 5204 φυσικῶς
3626 5128 3718 5181 οἷα

2072 5219 2266 5294 μαστοὶ
2295 5220 2585 5297 τρὲφουσαί
2621 5240 2687 5291 με
2736 5216 3082 5273 διδασκαλίαι
3128 5238 3223 5271 σου
3258 5216 3548 5291 ὑπάρξουσι
3581 5215 3716 5270 πάν·

2064 5331 2173 5371 τως
2202 5309 2275 5370 ὡς
2310 5309 2532 5384 βότρυες
2562 5315 2661 5378 τῆς
2693 5306 2963 5378 ἀληθινῆς
2997 5304 3249 5379 ἀμπέλου
3279 5307 3722 5379 Χριστοῦ,χορη-

2066 5398 2259 5472 γοῦσαί
2290 5420 2381 5471 μοι
2412 5399 2510 5466 τήν
2552 5398 2688 5452 κατὰ
2742 5398 2907 5473 χάριν
2956 5395 3171 5465 θέωσιν,
3220 5393 3343 5463 ἥτις
3382 5392 3536 5464 δίκην
3570 5392 3721 5448 οἷ’νου

2069 5489 2279 5564 φύσεως
2336 5492 2429 5545 τὸν
2492 5493 2615 5545 νοῦν
2664 5488 2862 5559 ἐξιστᾷ,
2919 5487 3011 5542 καὶ
3061 5487 3196 5560 πρὸς
3251 5485 3314 5539 τὸ
3364 5485 3495 5561 ὑπὲρ
3562 5485 3719 5563 φύσιν
