  <div class='ocr_page' id='page_1' title='image "/cluster/home/n/w/nwhite01/storage/ocr_20150623/122 pt.2/mdp.39015037401315/344.png"; bbox 0 0 4046 6144; ppageno 0'>
   <div class='ocr_carea' id='block_1_1' title="bbox 319 355 434 415">
    <p class='ocr_par' dir='ltr' id='par_1_1' title="bbox 319 355 434 415">
     <span class='ocr_line' id='line_1_1' title="bbox 319 355 434 415; baseline 0.009 -1"><span class='ocrx_word' id='word_1_1' title='bbox 319 355 434 415; x_wconf 83' lang='grc'>673</span> 
     </span>
    </p>
   </div>
   <div class='ocr_carea' id='block_1_2' title="bbox 1356 350 2692 425">
    <p class='ocr_par' dir='ltr' id='par_1_2' title="bbox 1356 350 2692 425">
     <span class='ocr_line' id='line_1_2' title="bbox 1356 350 2692 425; baseline 0.009 -14"><span class='ocrx_word' id='word_1_2' title='bbox 1356 350 1767 415; x_wconf 85' lang='lat' dir='ltr'>COMMENT.</span> <span class='ocrx_word' id='word_1_3' title='bbox 1813 353 1893 415; x_wconf 88' lang='lat' dir='ltr'>IN</span> <span class='ocrx_word' id='word_1_4' title='bbox 1939 353 2345 423; x_wconf 78' lang='lat' dir='ltr'>CANTICUM</span> <span class='ocrx_word' id='word_1_5' title='bbox 2388 363 2692 425; x_wconf 84' lang='lat' dir='ltr'>CANTIC.</span> 
     </span>
    </p>
   </div>
   <div class='ocr_carea' id='block_1_3' title="bbox 3613 364 3734 423">
    <p class='ocr_par' dir='ltr' id='par_1_3' title="bbox 3613 364 3734 423">
     <span class='ocr_line' id='line_1_3' title="bbox 3613 364 3734 423; baseline 0 0"><span class='ocrx_word' id='word_1_6' title='bbox 3613 364 3734 423; x_wconf 71' lang='grc'>674</span> 
     </span>
    </p>
   </div>
   <div class='ocr_carea' id='block_1_4' title="bbox 319 479 1988 569">
    <p class='ocr_par' dir='ltr' id='par_1_4' title="bbox 319 479 1963 569">
     <span class='ocr_line' id='line_1_4' title="bbox 319 479 1963 569; baseline 0 -29"><span class='ocrx_word' id='word_1_7' title='bbox 319 482 652 560; x_wconf 81' lang='grc' dir='ltr'>μεθίστησιν.</span> <span class='ocrx_word' id='word_1_8' title='bbox 736 484 1011 546; x_wconf 70' lang='grc' dir='ltr'>Ἐντεῦθεν</span> <span class='ocrx_word' id='word_1_9' title='bbox 1101 479 1160 569; x_wconf 77' lang='grc' dir='ltr'>δὲ</span> <span class='ocrx_word' id='word_1_10' title='bbox 1232 483 1321 537; x_wconf 79' lang='grc' dir='ltr'>καὶ</span> <span class='ocrx_word' id='word_1_11' title='bbox 1405 483 1554 557; x_wconf 73' lang='grc' dir='ltr'>ὀσμὴ</span> <span class='ocrx_word' id='word_1_12' title='bbox 1641 483 1785 561; x_wconf 76' lang='grc' dir='ltr'>ῥινός</span> <span class='ocrx_word' id='word_1_13' title='bbox 1845 506 1963 560; x_wconf 75' lang='grc' dir='ltr'>σου,</span> 
     </span>
    </p>
   </div>
   <div class='ocr_carea' id='block_1_5' title="bbox 2101 479 3732 569">
    <p class='ocr_par' dir='ltr' id='par_1_5' title="bbox 2106 492 3732 569">
     <span class='ocr_line' id='line_1_5' title="bbox 2106 492 3732 569; baseline 0.004 -22"><span class='ocrx_word' id='word_1_14' title='bbox 2106 508 2196 548; x_wconf 89' lang='lat' dir='ltr'>em</span> <span class='ocrx_word' id='word_1_15' title='bbox 2229 492 2479 566; x_wconf 86' lang='lat' dir='ltr'>impleas</span> <span class='ocrx_word' id='word_1_16' title='bbox 2512 498 2820 567; x_wconf 89' lang='lat' dir='ltr'>suavitate,</span> <span class='ocrx_word' id='word_1_17' title='bbox 2845 513 2992 568; x_wconf 90' lang='lat' dir='ltr'>quas</span> <span class='ocrx_word' id='word_1_18' title='bbox 3018 500 3119 553; x_wconf 88' lang='lat' dir='ltr'>tua</span> <span class='ocrx_word' id='word_1_19' title='bbox 3148 514 3364 568; x_wconf 78' lang='lat' dir='ltr'>sponso</span> <span class='ocrx_word' id='word_1_20' title='bbox 3390 500 3732 569; x_wconf 87' lang='lat' dir='ltr'>susceptam</span> 
     </span>
    </p>
   </div>
   <div class='ocr_carea' id='block_1_6' title="bbox 315 568 1973 647">
    <p class='ocr_par' dir='ltr' id='par_1_6' title="bbox 315 568 1973 647">
     <span class='ocr_line' id='line_1_6' title="bbox 315 568 1973 647; baseline 0.001 -18"><span class='ocrx_word' id='word_1_21' title='bbox 315 576 386 637; x_wconf 80' lang='grc' dir='ltr'>ὡς</span> <span class='ocrx_word' id='word_1_22' title='bbox 450 573 623 647; x_wconf 81' lang='grc' dir='ltr'>μῆλα·</span> <span class='ocrx_word' id='word_1_23' title='bbox 685 569 884 643; x_wconf 76' lang='grc' dir='ltr'>εἷ’τουν,</span> <span class='ocrx_word' id='word_1_24' title='bbox 940 573 1001 628; x_wconf 85' lang='grc' dir='ltr'>ἸΙ</span> <span class='ocrx_word' id='word_1_25' title='bbox 1060 568 1351 646; x_wconf 74' lang='grc' dir='ltr'>πληροῦσα</span> <span class='ocrx_word' id='word_1_26' title='bbox 1379 581 1585 644; x_wconf 82' lang='grc' dir='ltr'>νοητῆς</span> <span class='ocrx_word' id='word_1_27' title='bbox 1623 573 1848 637; x_wconf 67' lang='grc' dir='ltr'>εὐωδίας</span> <span class='ocrx_word' id='word_1_28' title='bbox 1876 580 1973 630; x_wconf 77' lang='grc' dir='ltr'>τοῦ</span> 
     </span>
    </p>
   </div>
   <div class='ocr_carea' id='block_1_7' title="bbox 314 660 1973 740">
    <p class='ocr_par' dir='ltr' id='par_1_7' title="bbox 314 660 1973 740">
     <span class='ocr_line' id='line_1_7' title="bbox 314 660 1973 740; baseline -0.001 -20"><span class='ocrx_word' id='word_1_29' title='bbox 314 665 587 738; x_wconf 86' lang='grc' dir='ltr'>παναγίου</span> <span class='ocrx_word' id='word_1_30' title='bbox 646 662 957 735; x_wconf 77' lang='grc' dir='ltr'>Πνεύματος</span> <span class='ocrx_word' id='word_1_31' title='bbox 1012 660 1195 737; x_wconf 74' lang='grc' dir='ltr'>χάρις,</span> <span class='ocrx_word' id='word_1_32' title='bbox 1373 662 1508 731; x_wconf 80' lang='grc' dir='ltr'>αύτή</span> <span class='ocrx_word' id='word_1_33' title='bbox 1575 664 1973 740; x_wconf 60' lang='grc' dir='ltr'>μὶνξεῖσὲπνευ-</span> 
     </span>
    </p>
   </div>
   <div class='ocr_carea' id='block_1_8' title="bbox 322 748 1975 829">
    <p class='ocr_par' dir='ltr' id='par_1_8' title="bbox 322 748 1975 829">
     <span class='ocr_line' id='line_1_8' title="bbox 322 748 1975 829; baseline 0.001 -23"><span class='ocrx_word' id='word_1_34' title='bbox 322 775 412 816; x_wconf 85' lang='grc' dir='ltr'>σας</span> <span class='ocrx_word' id='word_1_35' title='bbox 469 753 576 806; x_wconf 86' lang='grc' dir='ltr'>ἀπὸ</span> <span class='ocrx_word' id='word_1_36' title='bbox 628 755 725 805; x_wconf 78' lang='grc' dir='ltr'>τοῦ</span> <span class='ocrx_word' id='word_1_37' title='bbox 781 750 1021 829; x_wconf 67' lang='grc' dir='ltr'>νυμφίου</span> <span class='ocrx_word' id='word_1_38' title='bbox 1073 751 1275 822; x_wconf 85' lang='grc' dir='ltr'>ταύτης</span> <span class='ocrx_word' id='word_1_39' title='bbox 1322 748 1726 825; x_wconf 72' lang='grc' dir='ltr'>μεταλαϐοῦσα,</span> <span class='ocrx_word' id='word_1_40' title='bbox 1762 754 1884 828; x_wconf 75' lang='grc' dir='ltr'>ἐμοὶ</span> <span class='ocrx_word' id='word_1_41' title='bbox 1917 752 1975 809; x_wconf 69' lang='grc' dir='ltr'>δὲ</span> 
     </span>
    </p>
   </div>
   <div class='ocr_carea' id='block_1_9' title="bbox 320 838 1974 920">
    <p class='ocr_par' dir='ltr' id='par_1_9' title="bbox 320 838 1974 920">
     <span class='ocr_line' id='line_1_9' title="bbox 320 838 1974 920; baseline -0.001 -21"><span class='ocrx_word' id='word_1_42' title='bbox 320 842 521 912; x_wconf 73' lang='grc' dir='ltr'>ταύτην</span> <span class='ocrx_word' id='word_1_43' title='bbox 589 839 905 902; x_wconf 72' lang='grc' dir='ltr'>ἐνέπνευσας</span> <span class='ocrx_word' id='word_1_44' title='bbox 988 838 1291 912; x_wconf 73' lang='grc' dir='ltr'>μεταδοῦσα</span> <span class='ocrx_word' id='word_1_45' title='bbox 1369 863 1463 913; x_wconf 85' lang='grc' dir='ltr'>μοι</span> <span class='ocrx_word' id='word_1_46' title='bbox 1517 843 1722 912; x_wconf 74' lang='grc' dir='ltr'>αὐτῆς·</span> <span class='ocrx_word' id='word_1_47' title='bbox 1784 844 1974 920; x_wconf 81' lang='grc' dir='ltr'>οἷάπερ</span> 
     </span>
    </p>
   </div>
   <div class='ocr_carea' id='block_1_10' title="bbox 326 929 1974 1007">
    <p class='ocr_par' dir='ltr' id='par_1_10' title="bbox 326 929 1974 1007">
     <span class='ocr_line' id='line_1_10' title="bbox 326 929 1974 1007; baseline 0 -19"><span class='ocrx_word' id='word_1_48' title='bbox 326 932 481 1007; x_wconf 85' lang='grc' dir='ltr'>μῆλα</span> <span class='ocrx_word' id='word_1_49' title='bbox 507 933 609 1002; x_wconf 77' lang='grc' dir='ltr'>τὴν</span> <span class='ocrx_word' id='word_1_50' title='bbox 669 932 812 1005; x_wconf 84' lang='grc' dir='ltr'>ὥραν</span> <span class='ocrx_word' id='word_1_51' title='bbox 880 931 973 1003; x_wconf 86' lang='grc' dir='ltr'>μὶν</span> <span class='ocrx_word' id='word_1_52' title='bbox 1029 931 1294 1005; x_wconf 73' lang='grc' dir='ltr'>εὐπρεπῆ,</span> <span class='ocrx_word' id='word_1_53' title='bbox 1339 929 1516 1002; x_wconf 81' lang='grc' dir='ltr'>εὐώδη</span> <span class='ocrx_word' id='word_1_54' title='bbox 1550 930 1607 987; x_wconf 62' lang='grc' dir='ltr'>δὲ</span> <span class='ocrx_word' id='word_1_55' title='bbox 1636 934 1735 1002; x_wconf 72' lang='grc' dir='ltr'>τήν</span> <span class='ocrx_word' id='word_1_56' title='bbox 1773 934 1974 1007; x_wconf 71' lang='grc' dir='ltr'>ὁπμὴν,</span> 
     </span>
    </p>
   </div>
   <div class='ocr_carea' id='block_1_11' title="bbox 320 1017 1975 1096">
    <p class='ocr_par' dir='ltr' id='par_1_11' title="bbox 320 1017 1975 1096">
     <span class='ocr_line' id='line_1_11' title="bbox 320 1017 1975 1096; baseline 0 -19"><span class='ocrx_word' id='word_1_57' title='bbox 320 1022 407 1078; x_wconf 70' lang='grc' dir='ltr'>καὶ</span> <span class='ocrx_word' id='word_1_58' title='bbox 478 1022 580 1091; x_wconf 77' lang='grc' dir='ltr'>τήν</span> <span class='ocrx_word' id='word_1_59' title='bbox 658 1024 841 1096; x_wconf 79' lang='grc' dir='ltr'>γεῦσιν</span> <span class='ocrx_word' id='word_1_60' title='bbox 918 1017 1096 1083; x_wconf 67' lang='grc' dir='ltr'>ἡδέα·</span> <span class='ocrx_word' id='word_1_61' title='bbox 1164 1019 1437 1095; x_wconf 65' lang='grc' dir='ltr'>εὐπρεπὴς</span> <span class='ocrx_word' id='word_1_62' title='bbox 1505 1023 1598 1095; x_wconf 73' lang='grc' dir='ltr'>μὲν</span> <span class='ocrx_word' id='word_1_63' title='bbox 1657 1025 1792 1077; x_wconf 78' lang='grc' dir='ltr'>κατὰ</span> <span class='ocrx_word' id='word_1_64' title='bbox 1847 1022 1975 1085; x_wconf 81' lang='grc' dir='ltr'>τοὺς</span> 
     </span>
    </p>
   </div>
   <div class='ocr_carea' id='block_1_12' title="bbox 319 1107 1974 1187">
    <p class='ocr_par' dir='ltr' id='par_1_12' title="bbox 319 1107 1974 1187">
     <span class='ocr_line' id='line_1_12' title="bbox 319 1107 1974 1187; baseline 0 -21"><span class='ocrx_word' id='word_1_65' title='bbox 319 1113 556 1187; x_wconf 80' lang='grc' dir='ltr'>τρόπους</span> <span class='ocrx_word' id='word_1_66' title='bbox 608 1114 716 1165; x_wconf 88' lang='grc' dir='ltr'>τῶν</span> <span class='ocrx_word' id='word_1_67' title='bbox 774 1109 999 1179; x_wconf 80' lang='grc' dir='ltr'>ἀρετῶν,</span> <span class='ocrx_word' id='word_1_68' title='bbox 1062 1107 1288 1174; x_wconf 74' lang='grc' dir='ltr'>εῧπνους</span> <span class='ocrx_word' id='word_1_69' title='bbox 1336 1108 1393 1165; x_wconf 73' lang='grc' dir='ltr'>δὲ</span> <span class='ocrx_word' id='word_1_70' title='bbox 1450 1111 1585 1166; x_wconf 87' lang='grc' dir='ltr'>κατά</span> <span class='ocrx_word' id='word_1_71' title='bbox 1612 1111 1739 1174; x_wconf 71' lang='grc' dir='ltr'>τοὺς</span> <span class='ocrx_word' id='word_1_72' title='bbox 1772 1110 1974 1187; x_wconf 83' lang='grc' dir='ltr'>λόγους</span> 
     </span>
    </p>
   </div>
   <div class='ocr_carea' id='block_1_13' title="bbox 322 1198 1974 1275">
    <p class='ocr_par' dir='ltr' id='par_1_13' title="bbox 322 1198 1974 1275">
     <span class='ocr_line' id='line_1_13' title="bbox 322 1198 1974 1275; baseline 0.001 -19"><span class='ocrx_word' id='word_1_73' title='bbox 322 1202 499 1257; x_wconf 83' lang='grc' dir='ltr'>αὐτῶν</span> <span class='ocrx_word' id='word_1_74' title='bbox 529 1243 543 1268; x_wconf 91' lang='grc'>,</span> <span class='ocrx_word' id='word_1_75' title='bbox 613 1199 701 1254; x_wconf 80' lang='grc' dir='ltr'>καὶ</span> <span class='ocrx_word' id='word_1_76' title='bbox 760 1198 985 1273; x_wconf 81' lang='grc' dir='ltr'>γλυκεῖα</span> <span class='ocrx_word' id='word_1_77' title='bbox 1028 1199 1161 1254; x_wconf 80' lang='grc' dir='ltr'>κατᾶ</span> <span class='ocrx_word' id='word_1_78' title='bbox 1208 1201 1308 1269; x_wconf 83' lang='grc' dir='ltr'>τήν</span> <span class='ocrx_word' id='word_1_79' title='bbox 1367 1199 1560 1275; x_wconf 72' lang='grc' dir='ltr'>πεῖράν</span> <span class='ocrx_word' id='word_1_80' title='bbox 1624 1222 1717 1273; x_wconf 87' lang='grc' dir='ltr'>μοι</span> <span class='ocrx_word' id='word_1_81' title='bbox 1776 1199 1974 1259; x_wconf 81' lang='grc' dir='ltr'>ἔσεται.</span> 
     </span>
    </p>
   </div>
   <div class='ocr_carea' id='block_1_14' title="bbox 323 1286 1977 1367">
    <p class='ocr_par' dir='ltr' id='par_1_14' title="bbox 323 1286 1977 1367">
     <span class='ocr_line' id='line_1_14' title="bbox 323 1286 1977 1367; baseline -0.001 -21"><span class='ocrx_word' id='word_1_82' title='bbox 323 1291 419 1346; x_wconf 79' lang='grc' dir='ltr'>Καὶ</span> <span class='ocrx_word' id='word_1_83' title='bbox 484 1291 513 1343; x_wconf 98' lang='lat'>6</span> <span class='ocrx_word' id='word_1_84' title='bbox 575 1288 774 1365; x_wconf 75' lang='grc' dir='ltr'>λάρυγξ</span> <span class='ocrx_word' id='word_1_85' title='bbox 833 1309 950 1357; x_wconf 89' lang='grc' dir='ltr'>σου,</span> <span class='ocrx_word' id='word_1_86' title='bbox 1024 1289 1097 1351; x_wconf 76' lang='grc' dir='ltr'>ὡς</span> <span class='ocrx_word' id='word_1_87' title='bbox 1157 1286 1298 1351; x_wconf 78' lang='grc' dir='ltr'>ο’ίνος</span> <span class='ocrx_word' id='word_1_88' title='bbox 1357 1290 1553 1364; x_wconf 83' lang='grc' dir='ltr'>ἀγαθὸς</span> <span class='ocrx_word' id='word_1_89' title='bbox 1609 1292 1977 1367; x_wconf 76' lang='grc' dir='ltr'>πορευόμενος</span> 
     </span>
    </p>
   </div>
   <div class='ocr_carea' id='block_1_15' title="bbox 326 1376 1975 1457">
    <p class='ocr_par' dir='ltr' id='par_1_15' title="bbox 326 1376 1975 1457">
     <span class='ocr_line' id='line_1_15' title="bbox 326 1376 1975 1457; baseline -0.001 -22"><span class='ocrx_word' id='word_1_90' title='bbox 326 1385 397 1451; x_wconf 78' lang='grc' dir='ltr'>τῷ</span> <span class='ocrx_word' id='word_1_91' title='bbox 473 1376 754 1457; x_wconf 73' lang='grc' dir='ltr'>ἀδελφιδῷ</span> <span class='ocrx_word' id='word_1_92' title='bbox 838 1399 943 1450; x_wconf 88' lang='grc' dir='ltr'>μου</span> <span class='ocrx_word' id='word_1_93' title='bbox 1020 1377 1096 1439; x_wconf 68' lang='grc' dir='ltr'>εἴς</span> <span class='ocrx_word' id='word_1_94' title='bbox 1178 1377 1515 1446; x_wconf 71' lang='grc' dir='ltr'>εὐθύτητας,</span> <span class='ocrx_word' id='word_1_95' title='bbox 1620 1376 1975 1452; x_wconf 61' lang='grc' dir='ltr'>ἷκαύούμενος</span> 
     </span>
    </p>
   </div>
   <div class='ocr_carea' id='block_1_16' title="bbox 324 1464 1974 1543">
    <p class='ocr_par' dir='ltr' id='par_1_16' title="bbox 324 1464 1974 1543">
     <span class='ocr_line' id='line_1_16' title="bbox 324 1464 1974 1543; baseline -0.001 -20"><span class='ocrx_word' id='word_1_96' title='bbox 324 1468 535 1543; x_wconf 83' lang='grc' dir='ltr'>χείλεσί</span> <span class='ocrx_word' id='word_1_97' title='bbox 627 1488 731 1540; x_wconf 88' lang='grc' dir='ltr'>μου</span> <span class='ocrx_word' id='word_1_98' title='bbox 813 1467 901 1521; x_wconf 79' lang='grc' dir='ltr'>καὶ</span> <span class='ocrx_word' id='word_1_99' title='bbox 981 1464 1218 1521; x_wconf 75' lang='grc' dir='ltr'>ὀδοῦσιν·</span> <span class='ocrx_word' id='word_1_100' title='bbox 1273 1464 1421 1536; x_wconf 77' lang='grc' dir='ltr'>ἤτοι,</span> <span class='ocrx_word' id='word_1_101' title='bbox 1478 1470 1537 1525; x_wconf 83' lang='grc' dir='ltr'><strong>Ὀ</strong></span> <span class='ocrx_word' id='word_1_102' title='bbox 1591 1466 1974 1530; x_wconf 71' lang='grc' dir='ltr'>διδασκαλικὸς</span> 
     </span>
    </p>
   </div>
   <div class='ocr_carea' id='block_1_17' title="bbox 327 1555 1975 1636">
    <p class='ocr_par' dir='ltr' id='par_1_17' title="bbox 327 1555 1975 1636">
     <span class='ocr_line' id='line_1_17' title="bbox 327 1555 1975 1636; baseline -0.001 -23"><span class='ocrx_word' id='word_1_103' title='bbox 327 1557 494 1634; x_wconf 83' lang='grc' dir='ltr'>λόγος</span> <span class='ocrx_word' id='word_1_104' title='bbox 553 1578 648 1612; x_wconf 90' lang='grc' dir='ltr'>σου</span> <span class='ocrx_word' id='word_1_105' title='bbox 703 1556 890 1629; x_wconf 78' lang='grc' dir='ltr'>οἷάπερ</span> <span class='ocrx_word' id='word_1_106' title='bbox 951 1557 1092 1618; x_wconf 69' lang='grc' dir='ltr'>οἶνος</span> <span class='ocrx_word' id='word_1_107' title='bbox 1144 1555 1463 1631; x_wconf 80' lang='grc' dir='ltr'>κάλλιστος,</span> <span class='ocrx_word' id='word_1_108' title='bbox 1494 1555 1716 1631; x_wconf 83' lang='grc' dir='ltr'>καρδίας</span> <span class='ocrx_word' id='word_1_109' title='bbox 1751 1557 1975 1636; x_wconf 71' lang='grc' dir='ltr'>εὐφραν-</span> 
     </span>
    </p>
   </div>
   <div class='ocr_carea' id='block_1_18' title="bbox 324 1644 1978 1722">
    <p class='ocr_par' dir='ltr' id='par_1_18' title="bbox 324 1644 1978 1722">
     <span class='ocr_line' id='line_1_18' title="bbox 324 1644 1978 1722; baseline -0.001 -21"><span class='ocrx_word' id='word_1_110' title='bbox 324 1648 472 1709; x_wconf 72' lang='grc' dir='ltr'>τικός</span> <span class='ocrx_word' id='word_1_111' title='bbox 536 1645 756 1720; x_wconf 74' lang='grc' dir='ltr'>ὑπάρξει</span> <span class='ocrx_word' id='word_1_112' title='bbox 820 1666 935 1719; x_wconf 87' lang='grc' dir='ltr'>μοι,</span> <span class='ocrx_word' id='word_1_113' title='bbox 992 1644 1399 1722; x_wconf 65' lang='grc' dir='ltr'>προφερόμενος</span> <span class='ocrx_word' id='word_1_114' title='bbox 1456 1645 1506 1700; x_wconf 79' lang='grc' dir='ltr'>ἐν</span> <span class='ocrx_word' id='word_1_115' title='bbox 1565 1651 1643 1719; x_wconf 77' lang='grc' dir='ltr'>τῷ</span> <span class='ocrx_word' id='word_1_116' title='bbox 1710 1651 1978 1722; x_wconf 74' lang='grc' dir='ltr'>ἀγαπητῷ</span> 
     </span>
    </p>
   </div>
   <div class='ocr_carea' id='block_1_19' title="bbox 326 1734 1979 1808">
    <p class='ocr_par' dir='ltr' id='par_1_19' title="bbox 326 1734 1979 1808">
     <span class='ocr_line' id='line_1_19' title="bbox 326 1734 1979 1808; baseline -0.001 -17"><span class='ocrx_word' id='word_1_117' title='bbox 326 1756 440 1791; x_wconf 91' lang='grc' dir='ltr'>σου·</span> <span class='ocrx_word' id='word_1_118' title='bbox 533 1734 594 1790; x_wconf 78' lang='grc' dir='ltr'>οὗ</span> <span class='ocrx_word' id='word_1_119' title='bbox 671 1756 764 1807; x_wconf 90' lang='grc' dir='ltr'>μοι</span> <span class='ocrx_word' id='word_1_120' title='bbox 840 1734 975 1804; x_wconf 73' lang='grc' dir='ltr'>αὐτὴ</span> <span class='ocrx_word' id='word_1_121' title='bbox 1032 1735 1201 1789; x_wconf 84' lang='grc' dir='ltr'>πόθον</span> <span class='ocrx_word' id='word_1_122' title='bbox 1261 1734 1536 1808; x_wconf 71' lang='grc' dir='ltr'>ἐνέσταξας</span> <span class='ocrx_word' id='word_1_123' title='bbox 1584 1735 1660 1800; x_wconf 72' lang='grc' dir='ltr'>εἲς</span> <span class='ocrx_word' id='word_1_124' title='bbox 1717 1734 1979 1799; x_wconf 78' lang='grc' dir='ltr'>ἀπλανεῖς</span> 
     </span>
    </p>
   </div>
   <div class='ocr_carea' id='block_1_20' title="bbox 2084 582 3736 659">
    <p class='ocr_par' dir='ltr' id='par_1_20' title="bbox 2084 582 3736 659">
     <span class='ocr_line' id='line_1_20' title="bbox 2084 582 3736 659; baseline 0.003 -23"><span class='ocrx_word' id='word_1_125' title='bbox 2084 582 2139 636; x_wconf 90' lang='lat' dir='ltr'>in</span> <span class='ocrx_word' id='word_1_126' title='bbox 2175 602 2279 639; x_wconf 89' lang='lat' dir='ltr'>nos</span> <span class='ocrx_word' id='word_1_127' title='bbox 2312 586 2603 642; x_wconf 79' lang='lat' dir='ltr'>eﬂ&#39;undis:</span> <span class='ocrx_word' id='word_1_128' title='bbox 2637 587 2789 642; x_wconf 81' lang='lat' dir='ltr'>sicut</span> <span class='ocrx_word' id='word_1_129' title='bbox 2821 602 2994 659; x_wconf 87' lang='lat' dir='ltr'>poma</span> <span class='ocrx_word' id='word_1_130' title='bbox 3024 591 3309 641; x_wconf 86' lang='lat' dir='ltr'>sunttum</span> <span class='ocrx_word' id='word_1_131' title='bbox 3342 590 3577 657; x_wconf 84' lang='lat' dir='ltr'>aspectu</span> <span class='ocrx_word' id='word_1_132' title='bbox 3603 586 3736 659; x_wconf 90' lang='lat' dir='ltr'>pul-</span> 
     </span>
    </p>
   </div>
   <div class='ocr_carea' id='block_1_21' title="bbox 2085 672 3736 747">
    <p class='ocr_par' dir='ltr' id='par_1_21' title="bbox 2085 672 3736 747">
     <span class='ocr_line' id='line_1_21' title="bbox 2085 672 3736 747; baseline 0.002 -20"><span class='ocrx_word' id='word_1_133' title='bbox 2085 672 2244 743; x_wconf 85' lang='lat' dir='ltr'>chra,</span> <span class='ocrx_word' id='word_1_134' title='bbox 2278 680 2402 730; x_wconf 82' lang='lat' dir='ltr'>tum</span> <span class='ocrx_word' id='word_1_135' title='bbox 2436 678 2677 732; x_wconf 88' lang='lat' dir='ltr'>odoratu</span> <span class='ocrx_word' id='word_1_136' title='bbox 2706 676 2930 744; x_wconf 80' lang='lat' dir='ltr'>suavia,</span> <span class='ocrx_word' id='word_1_137' title='bbox 2964 680 3089 730; x_wconf 88' lang='lat' dir='ltr'>tum</span> <span class='ocrx_word' id='word_1_138' title='bbox 3122 680 3359 747; x_wconf 80' lang='lat' dir='ltr'>gustatu</span> <span class='ocrx_word' id='word_1_139' title='bbox 3392 674 3625 743; x_wconf 89' lang='lat' dir='ltr'>dulcia;</span> <span class='ocrx_word' id='word_1_140' title='bbox 3652 676 3736 731; x_wconf 86' lang='lat' dir='ltr'>sic</span> 
     </span>
    </p>
   </div>
   <div class='ocr_carea' id='block_1_22' title="bbox 2085 762 3739 833">
    <p class='ocr_par' dir='ltr' id='par_1_22' title="bbox 2085 762 3739 833">
     <span class='ocr_line' id='line_1_22' title="bbox 2085 762 3739 833; baseline 0.002 -17"><span class='ocrx_word' id='word_1_141' title='bbox 2085 762 2212 833; x_wconf 88' lang='lat' dir='ltr'>ipsa</span> <span class='ocrx_word' id='word_1_142' title='bbox 2245 766 2412 821; x_wconf 91' lang='lat' dir='ltr'>nobis</span> <span class='ocrx_word' id='word_1_143' title='bbox 2446 766 2555 821; x_wconf 81' lang='lat' dir='ltr'>erit</span> <span class='ocrx_word' id='word_1_144' title='bbox 2585 771 2640 822; x_wconf 91' lang='lat' dir='ltr'>et</span> <span class='ocrx_word' id='word_1_145' title='bbox 2672 766 2951 820; x_wconf 88' lang='lat' dir='ltr'>virtutum</span> <span class='ocrx_word' id='word_1_146' title='bbox 2979 764 3243 820; x_wconf 82' lang='lat' dir='ltr'>moribus</span> <span class='ocrx_word' id='word_1_147' title='bbox 3263 765 3494 831; x_wconf 89' lang='lat' dir='ltr'>decora,</span> <span class='ocrx_word' id='word_1_148' title='bbox 3520 769 3574 819; x_wconf 91' lang='lat' dir='ltr'>et</span> <span class='ocrx_word' id='word_1_149' title='bbox 3596 765 3739 820; x_wconf 88' lang='lat' dir='ltr'>odo-</span> 
     </span>
    </p>
   </div>
   <div class='ocr_carea' id='block_1_23' title="bbox 2086 852 3735 925">
    <p class='ocr_par' dir='ltr' id='par_1_23' title="bbox 2086 852 3735 925">
     <span class='ocr_line' id='line_1_23' title="bbox 2086 852 3735 925; baseline 0.002 -20"><span class='ocrx_word' id='word_1_150' title='bbox 2086 853 2257 908; x_wconf 81' lang='lat' dir='ltr'>rifera</span> <span class='ocrx_word' id='word_1_151' title='bbox 2290 870 2633 909; x_wconf 79' lang='lat' dir='ltr'>sermonum</span> <span class='ocrx_word' id='word_1_152' title='bbox 2665 860 2992 925; x_wconf 75' lang='lat' dir='ltr'>venustate,</span> <span class='ocrx_word' id='word_1_153' title='bbox 3025 860 3082 909; x_wconf 89' lang='lat' dir='ltr'>et</span> <span class='ocrx_word' id='word_1_154' title='bbox 3121 853 3311 908; x_wconf 91' lang='lat' dir='ltr'>dulcis</span> <span class='ocrx_word' id='word_1_155' title='bbox 3365 852 3735 925; x_wconf 62' lang='lat' dir='ltr'>experientiae</span> 
     </span>
    </p>
   </div>
   <div class='ocr_carea' id='block_1_24' title="bbox 2078 942 3735 1017">
    <p class='ocr_par' dir='ltr' id='par_1_24' title="bbox 2078 942 3735 1017">
     <span class='ocr_line' id='line_1_24' title="bbox 2078 942 3735 1017; baseline 0.001 -21"><span class='ocrx_word' id='word_1_156' title='bbox 2078 942 2467 1011; x_wconf 90' lang='lat' dir='ltr'>jucunditate.</span> <span class='ocrx_word' id='word_1_157' title='bbox 2507 944 2570 998; x_wconf 86' lang='lat' dir='ltr'>Et</span> <span class='ocrx_word' id='word_1_158' title='bbox 2597 947 2797 1017; x_wconf 76' lang='lat' dir='ltr'>guttur</span> <span class='ocrx_word' id='word_1_159' title='bbox 2820 952 2974 998; x_wconf 87' lang='lat' dir='ltr'>tuum</span> <span class='ocrx_word' id='word_1_160' title='bbox 3004 945 3146 998; x_wconf 72' lang='lat' dir='ltr'>sicut</span> <span class='ocrx_word' id='word_1_161' title='bbox 3176 946 3366 998; x_wconf 86' lang='lat' dir='ltr'>vinum</span> <span class='ocrx_word' id='word_1_162' title='bbox 3392 946 3611 1011; x_wconf 84' lang='lat' dir='ltr'>bonum,</span> <span class='ocrx_word' id='word_1_163' title='bbox 3636 960 3735 998; x_wconf 85' lang='lat' dir='ltr'>va-</span> 
     </span>
    </p>
   </div>
   <div class='ocr_carea' id='block_1_25' title="bbox 2084 1030 3738 1104">
    <p class='ocr_par' dir='ltr' id='par_1_25' title="bbox 2084 1030 3738 1104">
     <span class='ocr_line' id='line_1_25' title="bbox 2084 1030 3738 1104; baseline 0.002 -20"><span class='ocrx_word' id='word_1_164' title='bbox 2084 1030 2214 1085; x_wconf 81' lang='lat' dir='ltr'>dens</span> <span class='ocrx_word' id='word_1_165' title='bbox 2245 1033 2429 1104; x_wconf 83' lang='lat' dir='ltr'>nepoti</span> <span class='ocrx_word' id='word_1_166' title='bbox 2446 1050 2565 1087; x_wconf 87' lang='lat' dir='ltr'>meo</span> <span class='ocrx_word' id='word_1_167' title='bbox 2588 1035 2645 1087; x_wconf 83' lang='lat' dir='ltr'>in</span> <span class='ocrx_word' id='word_1_168' title='bbox 2674 1033 3055 1100; x_wconf 77' lang='lat' dir='ltr'>rectitudincs,</span> <span class='ocrx_word' id='word_1_169' title='bbox 3089 1033 3371 1103; x_wconf 65' lang='lat' dir='ltr'>sufﬁciens</span> <span class='ocrx_word' id='word_1_170' title='bbox 3401 1032 3576 1088; x_wconf 83' lang='lat' dir='ltr'>labris</span> <span class='ocrx_word' id='word_1_171' title='bbox 3598 1034 3738 1087; x_wconf 81' lang='lat' dir='ltr'>meis</span> 
     </span>
    </p>
   </div>
   <div class='ocr_carea' id='block_1_26' title="bbox 2084 1120 3733 1193">
    <p class='ocr_par' dir='ltr' id='par_1_26' title="bbox 2084 1120 3733 1193">
     <span class='ocr_line' id='line_1_26' title="bbox 2084 1120 3733 1193; baseline 0.001 -18"><span class='ocrx_word' id='word_1_172' title='bbox 2084 1128 2136 1175; x_wconf 83' lang='lat' dir='ltr'>et</span> <span class='ocrx_word' id='word_1_173' title='bbox 2161 1121 2433 1177; x_wconf 76' lang='lat' dir='ltr'>dentibus.</span> <span class='ocrx_word' id='word_1_174' title='bbox 2478 1122 2877 1177; x_wconf 88' lang='lat' dir='ltr'>Institutionis</span> <span class='ocrx_word' id='word_1_175' title='bbox 2909 1127 3020 1176; x_wconf 81' lang='lat' dir='ltr'>tuae</span> <span class='ocrx_word' id='word_1_176' title='bbox 3055 1138 3248 1176; x_wconf 84' lang='lat' dir='ltr'>sermo</span> <span class='ocrx_word' id='word_1_177' title='bbox 3282 1121 3382 1193; x_wconf 87' lang='lat' dir='ltr'>qui</span> <span class='ocrx_word' id='word_1_178' title='bbox 3415 1126 3482 1176; x_wconf 93' lang='lat' dir='ltr'>ut</span> <span class='ocrx_word' id='word_1_179' title='bbox 3530 1120 3733 1176; x_wconf 91' lang='lat' dir='ltr'>vinum</span> 
     </span>
    </p>
   </div>
   <div class='ocr_carea' id='block_1_27' title="bbox 2086 1210 3735 1282">
    <p class='ocr_par' dir='ltr' id='par_1_27' title="bbox 2086 1210 3735 1282">
     <span class='ocr_line' id='line_1_27' title="bbox 2086 1210 3735 1282; baseline 0.001 -18"><span class='ocrx_word' id='word_1_180' title='bbox 2086 1211 2372 1282; x_wconf 84' lang='lat' dir='ltr'>Optimum</span> <span class='ocrx_word' id='word_1_181' title='bbox 2406 1212 2582 1266; x_wconf 86' lang='lat' dir='ltr'>corda</span> <span class='ocrx_word' id='word_1_182' title='bbox 2613 1212 2793 1267; x_wconf 77' lang='lat' dir='ltr'>afficit</span> <span class='ocrx_word' id='word_1_183' title='bbox 2824 1210 3045 1279; x_wconf 77' lang='lat' dir='ltr'>laetitia,</span> <span class='ocrx_word' id='word_1_184' title='bbox 3082 1211 3191 1266; x_wconf 87' lang='lat' dir='ltr'>erit</span> <span class='ocrx_word' id='word_1_185' title='bbox 3218 1211 3409 1279; x_wconf 86' lang='lat' dir='ltr'>nobis,</span> <span class='ocrx_word' id='word_1_186' title='bbox 3435 1211 3573 1264; x_wconf 90' lang='lat' dir='ltr'>dum</span> <span class='ocrx_word' id='word_1_187' title='bbox 3601 1227 3735 1282; x_wconf 90' lang='lat' dir='ltr'>pro-</span> 
     </span>
    </p>
   </div>
   <div class='ocr_carea' id='block_1_28' title="bbox 2085 1298 3736 1370">
    <p class='ocr_par' dir='ltr' id='par_1_28' title="bbox 2085 1298 3736 1370">
     <span class='ocr_line' id='line_1_28' title="bbox 2085 1298 3736 1370; baseline 0.002 -17"><span class='ocrx_word' id='word_1_188' title='bbox 2085 1300 2394 1355; x_wconf 70' lang='lat' dir='ltr'>nuntiatur</span> <span class='ocrx_word' id='word_1_189' title='bbox 2448 1300 2508 1356; x_wconf 91' lang='lat' dir='ltr'>in</span> <span class='ocrx_word' id='word_1_190' title='bbox 2568 1300 2778 1355; x_wconf 88' lang='lat' dir='ltr'>dilecto</span> <span class='ocrx_word' id='word_1_191' title='bbox 2838 1305 2936 1354; x_wconf 90' lang='lat' dir='ltr'>tuo</span> <span class='ocrx_word' id='word_1_192' title='bbox 2969 1300 3138 1370; x_wconf 83' lang='lat' dir='ltr'>cujus</span> <span class='ocrx_word' id='word_1_193' title='bbox 3184 1300 3351 1355; x_wconf 90' lang='lat' dir='ltr'>nobis</span> <span class='ocrx_word' id='word_1_194' title='bbox 3378 1298 3736 1356; x_wconf 74' lang='lat' dir='ltr'>desiderium</span> 
     </span>
    </p>
   </div>
   <div class='ocr_carea' id='block_1_29' title="bbox 2086 1388 3739 1460">
    <p class='ocr_par' dir='ltr' id='par_1_29' title="bbox 2086 1388 3739 1460">
     <span class='ocr_line' id='line_1_29' title="bbox 2086 1388 3739 1460; baseline 0.001 -17"><span class='ocrx_word' id='word_1_195' title='bbox 2086 1388 2411 1460; x_wconf 84' lang='lat' dir='ltr'>instillasti,</span> <span class='ocrx_word' id='word_1_196' title='bbox 2449 1390 2506 1444; x_wconf 90' lang='lat' dir='ltr'>in</span> <span class='ocrx_word' id='word_1_197' title='bbox 2539 1390 2662 1445; x_wconf 86' lang='lat' dir='ltr'>vias</span> <span class='ocrx_word' id='word_1_198' title='bbox 2694 1394 2920 1445; x_wconf 81' lang='lat' dir='ltr'>rectas:</span> <span class='ocrx_word' id='word_1_199' title='bbox 2954 1395 3020 1443; x_wconf 88' lang='lat' dir='ltr'>ut</span> <span class='ocrx_word' id='word_1_200' title='bbox 3049 1405 3179 1443; x_wconf 89' lang='lat' dir='ltr'>eum</span> <span class='ocrx_word' id='word_1_201' title='bbox 3212 1392 3491 1460; x_wconf 87' lang='lat' dir='ltr'>tanquam</span> <span class='ocrx_word' id='word_1_202' title='bbox 3526 1388 3739 1444; x_wconf 87' lang='lat' dir='ltr'>verita-</span> 
     </span>
    </p>
   </div>
   <div class='ocr_carea' id='block_1_30' title="bbox 2085 1478 3737 1550">
    <p class='ocr_par' dir='ltr' id='par_1_30' title="bbox 2085 1478 3737 1550">
     <span class='ocr_line' id='line_1_30' title="bbox 2085 1478 3737 1550; baseline 0 -17"><span class='ocrx_word' id='word_1_203' title='bbox 2085 1482 2201 1533; x_wconf 89' lang='lat' dir='ltr'>tem</span> <span class='ocrx_word' id='word_1_204' title='bbox 2234 1478 2680 1549; x_wconf 85' lang='lat' dir='ltr'>amplectamur,</span> <span class='ocrx_word' id='word_1_205' title='bbox 2716 1495 2818 1533; x_wconf 91' lang='lat' dir='ltr'>nec</span> <span class='ocrx_word' id='word_1_206' title='bbox 2847 1496 2949 1550; x_wconf 91' lang='lat' dir='ltr'>per</span> <span class='ocrx_word' id='word_1_207' title='bbox 2979 1478 3264 1533; x_wconf 80' lang='lat' dir='ltr'>defectum</span> <span class='ocrx_word' id='word_1_208' title='bbox 3299 1482 3400 1533; x_wconf 84' lang='lat' dir='ltr'>aut</span> <span class='ocrx_word' id='word_1_209' title='bbox 3430 1493 3737 1533; x_wconf 83' lang='lat' dir='ltr'>excessum</span> 
     </span>
    </p>
   </div>
   <div class='ocr_carea' id='block_1_31' title="bbox 2086 1564 3739 1621">
    <p class='ocr_par' dir='ltr' id='par_1_31' title="bbox 2086 1564 3739 1621">
     <span class='ocr_line' id='line_1_31' title="bbox 2086 1564 3739 1621; baseline 0.002 -3"><span class='ocrx_word' id='word_1_210' title='bbox 2086 1580 2118 1618; x_wconf 79' lang='grc' dir='ltr'>ει</span> <span class='ocrx_word' id='word_1_211' title='bbox 2142 1564 2372 1620; x_wconf 88' lang='lat' dir='ltr'>virtutis</span> <span class='ocrx_word' id='word_1_212' title='bbox 2407 1566 2754 1619; x_wconf 88' lang='lat' dir='ltr'>rectitudine</span> <span class='ocrx_word' id='word_1_213' title='bbox 2780 1566 3161 1619; x_wconf 79' lang='lat' dir='ltr'>deﬂectemus</span> <span class='ocrx_word' id='word_1_214' title='bbox 3192 1583 3202 1620; x_wconf 91' lang='lat'><strong>:</strong></span> <span class='ocrx_word' id='word_1_215' title='bbox 3237 1569 3291 1620; x_wconf 90' lang='lat' dir='ltr'>et</span> <span class='ocrx_word' id='word_1_216' title='bbox 3314 1565 3615 1621; x_wconf 82' lang='lat' dir='ltr'>sufﬁciens</span> <span class='ocrx_word' id='word_1_217' title='bbox 3640 1582 3739 1621; x_wconf 89' lang='lat' dir='ltr'>no-</span> 
     </span>
    </p>
   </div>
   <div class='ocr_carea' id='block_1_32' title="bbox 2087 1653 3739 1726">
    <p class='ocr_par' dir='ltr' id='par_1_32' title="bbox 2087 1653 3739 1726">
     <span class='ocr_line' id='line_1_32' title="bbox 2087 1653 3739 1726; baseline 0 -18"><span class='ocrx_word' id='word_1_218' title='bbox 2087 1653 2188 1709; x_wconf 88' lang='lat' dir='ltr'>stri</span> <span class='ocrx_word' id='word_1_219' title='bbox 2243 1654 2553 1725; x_wconf 86' lang='lat' dir='ltr'>appetendi</span> <span class='ocrx_word' id='word_1_220' title='bbox 2615 1654 2913 1724; x_wconf 78' lang='lat' dir='ltr'>potentiis,</span> <span class='ocrx_word' id='word_1_221' title='bbox 2977 1654 3192 1725; x_wconf 86' lang='lat' dir='ltr'>quibus</span> <span class='ocrx_word' id='word_1_222' title='bbox 3222 1659 3502 1726; x_wconf 85' lang='lat' dir='ltr'>tanquam</span> <span class='ocrx_word' id='word_1_223' title='bbox 3557 1653 3739 1709; x_wconf 84' lang='lat' dir='ltr'>labris</span> 
     </span>
    </p>
   </div>
   <div class='ocr_carea' id='block_1_33' title="bbox 2087 1740 3740 1814">
    <p class='ocr_par' dir='ltr' id='par_1_33' title="bbox 2087 1740 3740 1814">
     <span class='ocr_line' id='line_1_33' title="bbox 2087 1740 3740 1814; baseline 0 -17"><span class='ocrx_word' id='word_1_224' title='bbox 2087 1741 2427 1798; x_wconf 83' lang='lat' dir='ltr'>osculamur</span> <span class='ocrx_word' id='word_1_225' title='bbox 2458 1743 2611 1813; x_wconf 90' lang='lat' dir='ltr'>quod</span> <span class='ocrx_word' id='word_1_226' title='bbox 2645 1742 2863 1813; x_wconf 84' lang='lat' dir='ltr'>placuit</span> <span class='ocrx_word' id='word_1_227' title='bbox 2888 1742 3174 1797; x_wconf 86' lang='lat' dir='ltr'>voluntati</span> <span class='ocrx_word' id='word_1_228' title='bbox 3206 1758 3218 1795; x_wconf 89' lang='lat'>:</span> <span class='ocrx_word' id='word_1_229' title='bbox 3267 1747 3322 1797; x_wconf 89' lang='lat' dir='ltr'>et</span> <span class='ocrx_word' id='word_1_230' title='bbox 3372 1740 3740 1814; x_wconf 81' lang='lat' dir='ltr'>intelligendi</span> 
     </span>
    </p>
   </div>
   <div class='ocr_carea' id='block_1_34' title="bbox 324 1820 1988 1931">
    <p class='ocr_par' dir='ltr' id='par_1_34' title="bbox 324 1820 1974 1931">
     <span class='ocr_line' id='line_1_34' title="bbox 324 1820 1974 1899; baseline -0.002 -19"><span class='ocrx_word' id='word_1_231' title='bbox 324 1827 442 1880; x_wconf 85' lang='grc' dir='ltr'>κατ’</span> <span class='ocrx_word' id='word_1_232' title='bbox 502 1825 698 1899; x_wconf 75' lang='grc' dir='ltr'>ἀρετὴν</span> <span class='ocrx_word' id='word_1_233' title='bbox 760 1821 942 1885; x_wconf 84' lang='grc' dir='ltr'>ὁδούς·</span> <span class='ocrx_word' id='word_1_234' title='bbox 974 1823 1025 1878; x_wconf 80' lang='grc' dir='ltr'>ἐν</span> <span class='ocrx_word' id='word_1_235' title='bbox 1079 1824 1157 1895; x_wconf 77' lang='grc' dir='ltr'>τῷ</span> <span class='ocrx_word' id='word_1_236' title='bbox 1221 1820 1435 1899; x_wconf 80' lang='grc' dir='ltr'>ἔχεσθαι</span> <span class='ocrx_word' id='word_1_237' title='bbox 1472 1824 1688 1896; x_wconf 84' lang='grc' dir='ltr'>τούτου,</span> <span class='ocrx_word' id='word_1_238' title='bbox 1723 1826 1799 1881; x_wconf 83' lang='grc' dir='ltr'>ὡς</span> <span class='ocrx_word' id='word_1_239' title='bbox 1832 1823 1974 1894; x_wconf 87' lang='grc' dir='ltr'>ἀλη-</span> 
     </span>
     <span class='ocr_line' id='line_1_35' title="bbox 328 1912 1912 1931; baseline 0 0"><span class='ocrx_word' id='word_1_240' title='bbox 328 1918 352 1931; x_wconf 77' lang='lat'>,.</span> <span class='ocrx_word' id='word_1_241' title='bbox 392 1915 403 1931; x_wconf 84' lang='grc'><strong><em>,</em></strong></span> <span class='ocrx_word' id='word_1_242' title='bbox 630 1914 645 1931; x_wconf 63' lang='grc' dir='ltr'><strong>ε</strong></span> <span class='ocrx_word' id='word_1_243' title='bbox 760 1916 771 1931; x_wconf 61' lang='grc' dir='ltr'><strong>η</strong></span> <span class='ocrx_word' id='word_1_244' title='bbox 1103 1918 1124 1928; x_wconf 64' lang='grc' dir='ltr'>ς.</span> <span class='ocrx_word' id='word_1_245' title='bbox 1374 1913 1387 1931; x_wconf 73' lang='lat'>.</span> <span class='ocrx_word' id='word_1_246' title='bbox 1514 1914 1527 1931; x_wconf 58' lang='grc' dir='ltr'><strong>π</strong></span> <span class='ocrx_word' id='word_1_247' title='bbox 1691 1916 1703 1931; x_wconf 79' lang='lat'>.</span> <span class='ocrx_word' id='word_1_248' title='bbox 1737 1912 1822 1931; x_wconf 58' lang='grc' dir='ltr'>,ιη</span> <span class='ocrx_word' id='word_1_249' title='bbox 1902 1917 1912 1931; x_wconf 90' lang='grc'><strong>.</strong></span> 
     </span>
    </p>
   </div>
   <div class='ocr_carea' id='block_1_35' title="bbox 2101 1820 3740 1931">
    <p class='ocr_par' dir='ltr' id='par_1_35' title="bbox 2101 1830 3740 1903">
     <span class='ocr_line' id='line_1_36' title="bbox 2101 1830 3740 1903; baseline 0.001 -19"><span class='ocrx_word' id='word_1_250' title='bbox 2101 1830 2490 1901; x_wconf 76' lang='lat' dir='ltr'>:&quot;acultatibus,</span> <span class='ocrx_word' id='word_1_251' title='bbox 2525 1832 2743 1902; x_wconf 88' lang='lat' dir='ltr'>quibus</span> <span class='ocrx_word' id='word_1_252' title='bbox 2775 1835 3057 1903; x_wconf 87' lang='lat' dir='ltr'>tanquam</span> <span class='ocrx_word' id='word_1_253' title='bbox 3093 1832 3391 1897; x_wconf 84' lang='lat' dir='ltr'>dentibus,</span> <span class='ocrx_word' id='word_1_254' title='bbox 3422 1848 3548 1903; x_wconf 69' lang='lat' dir='ltr'>qua:</span> <span class='ocrx_word' id='word_1_255' title='bbox 3591 1832 3740 1885; x_wconf 78' lang='lat' dir='ltr'>dura</span> 
     </span>
    </p>
   </div>
   <div class='ocr_carea' id='block_1_36' title="bbox 327 1912 1978 1989">
    <p class='ocr_par' dir='ltr' id='par_1_36' title="bbox 327 1912 1978 1989">
     <span class='ocr_line' id='line_1_37' title="bbox 327 1912 1978 1989; baseline -0.001 -20"><span class='ocrx_word' id='word_1_256' title='bbox 327 1915 497 1976; x_wconf 84' lang='grc' dir='ltr'>θείας·</span> <span class='ocrx_word' id='word_1_257' title='bbox 557 1914 646 1968; x_wconf 73' lang='grc' dir='ltr'>καὶ</span> <span class='ocrx_word' id='word_1_258' title='bbox 706 1916 780 1986; x_wconf 78' lang='grc' dir='ltr'>μὴ</span> <span class='ocrx_word' id='word_1_259' title='bbox 841 1918 1151 1989; x_wconf 78' lang='grc' dir='ltr'>συγχωρεῖν</span> <span class='ocrx_word' id='word_1_260' title='bbox 1206 1934 1291 1985; x_wconf 81' lang='grc' dir='ltr'>με,</span> <span class='ocrx_word' id='word_1_261' title='bbox 1345 1913 1419 1975; x_wconf 83' lang='grc' dir='ltr'>εἷς</span> <span class='ocrx_word' id='word_1_262' title='bbox 1469 1914 1537 1968; x_wconf 75' lang='grc' dir='ltr'>τὰ</span> <span class='ocrx_word' id='word_1_263' title='bbox 1589 1916 1703 1968; x_wconf 85' lang='grc' dir='ltr'>κατ’</span> <span class='ocrx_word' id='word_1_264' title='bbox 1736 1912 1978 1987; x_wconf 74' lang='grc' dir='ltr'>ἔλλειψιν</span> 
     </span>
    </p>
   </div>
   <div class='ocr_carea' id='block_1_37' title="bbox 324 1997 1980 2080">
    <p class='ocr_par' dir='ltr' id='par_1_37' title="bbox 324 1997 1980 2080">
     <span class='ocr_line' id='line_1_38' title="bbox 324 1997 1980 2080; baseline -0.001 -22"><span class='ocrx_word' id='word_1_265' title='bbox 324 2008 425 2078; x_wconf 76' lang='grc' dir='ltr'>τῇς</span> <span class='ocrx_word' id='word_1_266' title='bbox 459 2004 659 2080; x_wconf 80' lang='grc' dir='ltr'>ἀρεθῆς</span> <span class='ocrx_word' id='word_1_267' title='bbox 691 2004 859 2072; x_wconf 87' lang='grc' dir='ltr'>πάθη,</span> <span class='ocrx_word' id='word_1_268' title='bbox 911 2003 945 2071; x_wconf 79' lang='grc' dir='ltr'><strong>ἦ</strong></span> <span class='ocrx_word' id='word_1_269' title='bbox 992 2002 1055 2056; x_wconf 80' lang='grc' dir='ltr'>τὰ</span> <span class='ocrx_word' id='word_1_270' title='bbox 1112 2003 1228 2065; x_wconf 69' lang='grc' dir='ltr'>καθ’</span> <span class='ocrx_word' id='word_1_271' title='bbox 1274 1997 1584 2075; x_wconf 72' lang='grc' dir='ltr'>ὑπερϐολὴν</span> <span class='ocrx_word' id='word_1_272' title='bbox 1636 2002 1980 2073; x_wconf 72' lang='grc' dir='ltr'>πλησιάζειν·</span> 
     </span>
    </p>
   </div>
   <div class='ocr_carea' id='block_1_38' title="bbox 329 2089 1983 2168">
    <p class='ocr_par' dir='ltr' id='par_1_38' title="bbox 329 2089 1983 2168">
     <span class='ocr_line' id='line_1_39' title="bbox 329 2089 1983 2168; baseline -0.001 -21"><span class='ocrx_word' id='word_1_273' title='bbox 329 2094 467 2168; x_wconf 85' lang='grc' dir='ltr'>πρὸς</span> <span class='ocrx_word' id='word_1_274' title='bbox 519 2090 577 2146; x_wconf 69' lang='grc' dir='ltr'>δὲ</span> <span class='ocrx_word' id='word_1_275' title='bbox 633 2092 722 2145; x_wconf 84' lang='grc' dir='ltr'>καὶ</span> <span class='ocrx_word' id='word_1_276' title='bbox 788 2092 968 2165; x_wconf 89' lang='grc' dir='ltr'>ἀρκῶν</span> <span class='ocrx_word' id='word_1_277' title='bbox 1023 2096 1142 2151; x_wconf 82' lang='grc' dir='ltr'>ταῖς</span> <span class='ocrx_word' id='word_1_278' title='bbox 1190 2113 1247 2145; x_wconf 86' lang='grc' dir='ltr'>τε</span> <span class='ocrx_word' id='word_1_279' title='bbox 1293 2093 1598 2168; x_wconf 81' lang='grc' dir='ltr'>ὁρεκτικαῖς</span> <span class='ocrx_word' id='word_1_280' title='bbox 1661 2113 1764 2165; x_wconf 88' lang='grc' dir='ltr'>μου</span> <span class='ocrx_word' id='word_1_281' title='bbox 1826 2089 1983 2146; x_wconf 82' lang='grc' dir='ltr'>δυνά-</span> 
     </span>
    </p>
   </div>
   <div class='ocr_carea' id='block_1_39' title="bbox 331 2178 1986 2255">
    <p class='ocr_par' dir='ltr' id='par_1_39' title="bbox 331 2178 1986 2255">
     <span class='ocr_line' id='line_1_40' title="bbox 331 2178 1986 2255; baseline -0.001 -19"><span class='ocrx_word' id='word_1_282' title='bbox 331 2203 477 2254; x_wconf 89' lang='grc' dir='ltr'>μεσι,</span> <span class='ocrx_word' id='word_1_283' title='bbox 510 2178 583 2235; x_wconf 85' lang='grc' dir='ltr'>δι’</span> <span class='ocrx_word' id='word_1_284' title='bbox 612 2181 683 2234; x_wconf 80' lang='grc' dir='ltr'>ὧν</span> <span class='ocrx_word' id='word_1_285' title='bbox 746 2183 834 2235; x_wconf 81' lang='grc' dir='ltr'>οἷα</span> <span class='ocrx_word' id='word_1_286' title='bbox 882 2178 1117 2255; x_wconf 65' lang='grc' dir='ltr'>χειλέων</span> <span class='ocrx_word' id='word_1_287' title='bbox 1174 2185 1275 2234; x_wconf 78' lang='grc' dir='ltr'>πᾶν</span> <span class='ocrx_word' id='word_1_288' title='bbox 1332 2181 1554 2250; x_wconf 83' lang='grc' dir='ltr'>ἀσπάζω</span> <span class='ocrx_word' id='word_1_289' title='bbox 1616 2182 1709 2253; x_wconf 72' lang='grc' dir='ltr'>μὲν</span> <span class='ocrx_word' id='word_1_290' title='bbox 1742 2183 1805 2235; x_wconf 86' lang='grc' dir='ltr'>τὸ</span> <span class='ocrx_word' id='word_1_291' title='bbox 1851 2181 1986 2236; x_wconf 77' lang='grc' dir='ltr'>κατὰ</span> 
     </span>
    </p>
   </div>
   <div class='ocr_carea' id='block_1_40' title="bbox 324 2266 1984 2349">
    <p class='ocr_par' dir='ltr' id='par_1_40' title="bbox 324 2266 1984 2349">
     <span class='ocr_line' id='line_1_41' title="bbox 324 2266 1984 2349; baseline -0.001 -24"><span class='ocrx_word' id='word_1_292' title='bbox 324 2270 623 2349; x_wconf 74' lang='grc' dir='ltr'>βούλησιν,</span> <span class='ocrx_word' id='word_1_293' title='bbox 683 2270 773 2324; x_wconf 76' lang='grc' dir='ltr'>καὶ</span> <span class='ocrx_word' id='word_1_294' title='bbox 830 2275 947 2331; x_wconf 86' lang='grc' dir='ltr'>ταῖς</span> <span class='ocrx_word' id='word_1_295' title='bbox 1010 2266 1399 2341; x_wconf 82' lang='grc' dir='ltr'>διανοητικαῖς·</span> <span class='ocrx_word' id='word_1_296' title='bbox 1457 2267 1526 2323; x_wconf 81' lang='grc' dir='ltr'>δι’</span> <span class='ocrx_word' id='word_1_297' title='bbox 1583 2268 1656 2323; x_wconf 85' lang='grc' dir='ltr'>ὧν</span> <span class='ocrx_word' id='word_1_298' title='bbox 1705 2270 1779 2323; x_wconf 73' lang='grc' dir='ltr'>ὥς·</span> <span class='ocrx_word' id='word_1_299' title='bbox 1821 2291 1984 2325; x_wconf 88' lang='grc' dir='ltr'>τινων</span> 
     </span>
    </p>
   </div>
   <div class='ocr_carea' id='block_1_41' title="bbox 326 2357 1987 2435">
    <p class='ocr_par' dir='ltr' id='par_1_41' title="bbox 326 2357 1987 2435">
     <span class='ocr_line' id='line_1_42' title="bbox 326 2357 1987 2435; baseline -0.001 -21"><span class='ocrx_word' id='word_1_300' title='bbox 326 2358 576 2415; x_wconf 73' lang='grc' dir='ltr'>ὀδόντων</span> <span class='ocrx_word' id='word_1_301' title='bbox 636 2360 774 2434; x_wconf 88' lang='grc' dir='ltr'>πρὸς</span> <span class='ocrx_word' id='word_1_302' title='bbox 808 2360 1006 2435; x_wconf 74' lang='grc' dir='ltr'>βρῶσιν</span> <span class='ocrx_word' id='word_1_303' title='bbox 1068 2361 1438 2432; x_wconf 74' lang='grc' dir='ltr'>πνευματικὴν</span> <span class='ocrx_word' id='word_1_304' title='bbox 1499 2360 1561 2413; x_wconf 84' lang='grc' dir='ltr'>τὸ</span> <span class='ocrx_word' id='word_1_305' title='bbox 1593 2357 1850 2434; x_wconf 75' lang='grc' dir='ltr'>δυσχερὲς</span> <span class='ocrx_word' id='word_1_306' title='bbox 1878 2363 1987 2413; x_wconf 89' lang='grc' dir='ltr'>τῶν</span> 
     </span>
    </p>
   </div>
   <div class='ocr_carea' id='block_1_42' title="bbox 328 2445 1986 2524">
    <p class='ocr_par' dir='ltr' id='par_1_42' title="bbox 328 2445 1986 2524">
     <span class='ocr_line' id='line_1_43' title="bbox 328 2445 1986 2524; baseline -0.001 -21"><span class='ocrx_word' id='word_1_307' title='bbox 328 2456 626 2523; x_wconf 84' lang='grc' dir='ltr'>νοηματων</span> <span class='ocrx_word' id='word_1_308' title='bbox 688 2445 1046 2503; x_wconf 80' lang='grc' dir='ltr'>καταλεαίνω.</span> <span class='ocrx_word' id='word_1_309' title='bbox 1103 2452 1212 2513; x_wconf 84' lang='grc' dir='ltr'>Τῆς</span> <span class='ocrx_word' id='word_1_310' title='bbox 1269 2452 1396 2524; x_wconf 74' lang='grc' dir='ltr'>γοῦν</span> <span class='ocrx_word' id='word_1_311' title='bbox 1450 2447 1697 2517; x_wconf 81' lang='grc' dir='ltr'>πληθύος</span> <span class='ocrx_word' id='word_1_312' title='bbox 1725 2452 1833 2501; x_wconf 84' lang='grc' dir='ltr'>τῶν</span> <span class='ocrx_word' id='word_1_313' title='bbox 1884 2467 1986 2519; x_wconf 87' lang='grc' dir='ltr'>μα-</span> 
     </span>
    </p>
   </div>
   <div class='ocr_carea' id='block_1_43' title="bbox 334 2534 1987 2611">
    <p class='ocr_par' dir='ltr' id='par_1_43' title="bbox 334 2534 1987 2611">
     <span class='ocr_line' id='line_1_44' title="bbox 334 2534 1987 2611; baseline -0.002 -20"><span class='ocrx_word' id='word_1_314' title='bbox 334 2538 718 2611; x_wconf 70' lang='grc' dir='ltr'>θητευομὲνων</span> <span class='ocrx_word' id='word_1_315' title='bbox 778 2536 1152 2607; x_wconf 82' lang='grc' dir='ltr'>ἀπαιτησάσης</span> <span class='ocrx_word' id='word_1_316' title='bbox 1211 2539 1307 2607; x_wconf 75' lang='grc' dir='ltr'>τήν</span> <span class='ocrx_word' id='word_1_317' title='bbox 1370 2534 1694 2591; x_wconf 85' lang='grc' dir='ltr'>διδάσκαλον</span> <span class='ocrx_word' id='word_1_318' title='bbox 1737 2534 1987 2610; x_wconf 71' lang='grc' dir='ltr'>ἐπιστρὲ-</span> 
     </span>
    </p>
   </div>
   <div class='ocr_carea' id='block_1_44' title="bbox 331 2625 1985 2701">
    <p class='ocr_par' dir='ltr' id='par_1_44' title="bbox 331 2625 1985 2701">
     <span class='ocr_line' id='line_1_45' title="bbox 331 2625 1985 2701; baseline -0.002 -21"><span class='ocrx_word' id='word_1_319' title='bbox 331 2630 424 2701; x_wconf 67' lang='grc' dir='ltr'>ῴαι</span> <span class='ocrx_word' id='word_1_320' title='bbox 488 2627 596 2681; x_wconf 86' lang='grc' dir='ltr'>ἀπὸ</span> <span class='ocrx_word' id='word_1_321' title='bbox 653 2630 751 2680; x_wconf 77' lang='grc' dir='ltr'>τοῦ</span> <span class='ocrx_word' id='word_1_322' title='bbox 783 2626 952 2699; x_wconf 78' lang='grc' dir='ltr'>ὕψους</span> <span class='ocrx_word' id='word_1_323' title='bbox 984 2632 1084 2694; x_wconf 87' lang='grc' dir='ltr'>τῆς</span> <span class='ocrx_word' id='word_1_324' title='bbox 1134 2632 1397 2697; x_wconf 79' lang='grc' dir='ltr'>μυστικῆς</span> <span class='ocrx_word' id='word_1_325' title='bbox 1451 2625 1817 2699; x_wconf 83' lang='grc' dir='ltr'>θεωρίας,καὶ</span> <span class='ocrx_word' id='word_1_326' title='bbox 1856 2644 1985 2699; x_wconf 88' lang='grc' dir='ltr'>συγ-</span> 
     </span>
    </p>
   </div>
   <div class='ocr_carea' id='block_1_45' title="bbox 332 2711 1985 2792">
    <p class='ocr_par' dir='ltr' id='par_1_45' title="bbox 332 2711 1985 2792">
     <span class='ocr_line' id='line_1_46' title="bbox 332 2711 1985 2792; baseline -0.002 -22"><span class='ocrx_word' id='word_1_327' title='bbox 332 2711 634 2785; x_wconf 73' lang='grc' dir='ltr'>καταϐῆναι</span> <span class='ocrx_word' id='word_1_328' title='bbox 720 2715 855 2769; x_wconf 88' lang='grc' dir='ltr'>κατὰ</span> <span class='ocrx_word' id='word_1_329' title='bbox 940 2716 1038 2783; x_wconf 78' lang='grc' dir='ltr'>τὴν</span> <span class='ocrx_word' id='word_1_330' title='bbox 1116 2716 1312 2784; x_wconf 74' lang='grc' dir='ltr'>ἠθικὴν</span> <span class='ocrx_word' id='word_1_331' title='bbox 1391 2714 1717 2792; x_wconf 63' lang='grc' dir='ltr'>φιλοσοφίαν</span> <span class='ocrx_word' id='word_1_332' title='bbox 1776 2712 1985 2784; x_wconf 82' lang='grc' dir='ltr'>αὐταῖς,</span> 
     </span>
    </p>
   </div>
   <div class='ocr_carea' id='block_1_46' title="bbox 334 2802 1987 2879">
    <p class='ocr_par' dir='ltr' id='par_1_46' title="bbox 334 2802 1987 2879">
     <span class='ocr_line' id='line_1_47' title="bbox 334 2802 1987 2879; baseline -0.003 -19"><span class='ocrx_word' id='word_1_333' title='bbox 334 2804 470 2860; x_wconf 81' lang='grc' dir='ltr'>ὥστε</span> <span class='ocrx_word' id='word_1_334' title='bbox 523 2806 808 2859; x_wconf 84' lang='grc' dir='ltr'>θεάσασθαι</span> <span class='ocrx_word' id='word_1_335' title='bbox 867 2802 918 2858; x_wconf 71' lang='grc' dir='ltr'>ἓν</span> <span class='ocrx_word' id='word_1_336' title='bbox 979 2804 1114 2878; x_wconf 83' lang='grc' dir='ltr'>αὐτῇ</span> <span class='ocrx_word' id='word_1_337' title='bbox 1163 2804 1230 2858; x_wconf 83' lang='grc' dir='ltr'>τὰ</span> <span class='ocrx_word' id='word_1_338' title='bbox 1281 2805 1548 2879; x_wconf 70' lang='grc' dir='ltr'>ιῗρημένα</span> <span class='ocrx_word' id='word_1_339' title='bbox 1594 2802 1795 2872; x_wconf 80' lang='grc' dir='ltr'>ταύτης</span> <span class='ocrx_word' id='word_1_340' title='bbox 1826 2823 1987 2855; x_wconf 89' lang='grc' dir='ltr'>πνευ-</span> 
     </span>
    </p>
   </div>
   <div class='ocr_carea' id='block_1_47' title="bbox 339 2889 1983 2968">
    <p class='ocr_par' dir='ltr' id='par_1_47' title="bbox 339 2889 1983 2968">
     <span class='ocr_line' id='line_1_48' title="bbox 339 2889 1983 2968; baseline -0.002 -19"><span class='ocrx_word' id='word_1_341' title='bbox 339 2895 537 2967; x_wconf 86' lang='grc' dir='ltr'>ματικᾶ</span> <span class='ocrx_word' id='word_1_342' title='bbox 565 2892 770 2965; x_wconf 84' lang='grc' dir='ltr'>κάλλη,</span> <span class='ocrx_word' id='word_1_343' title='bbox 804 2892 892 2948; x_wconf 83' lang='grc' dir='ltr'>καί</span> <span class='ocrx_word' id='word_1_344' title='bbox 924 2889 1285 2963; x_wconf 73' lang='grc' dir='ltr'>συναναϐῆναι</span> <span class='ocrx_word' id='word_1_345' title='bbox 1316 2893 1484 2968; x_wconf 78' lang='grc' dir='ltr'>ταύτῃ</span> <span class='ocrx_word' id='word_1_346' title='bbox 1537 2890 1625 2947; x_wconf 73' lang='grc' dir='ltr'>διὰ</span> <span class='ocrx_word' id='word_1_347' title='bbox 1676 2894 1983 2965; x_wconf 73' lang='grc' dir='ltr'>μιμήσεως·</span> 
     </span>
    </p>
   </div>
   <div class='ocr_carea' id='block_1_48' title="bbox 334 2979 1987 3059">
    <p class='ocr_par' dir='ltr' id='par_1_48' title="bbox 334 2979 1987 3059">
     <span class='ocr_line' id='line_1_49' title="bbox 334 2979 1987 3059; baseline -0.002 -21"><span class='ocrx_word' id='word_1_348' title='bbox 334 2985 466 3059; x_wconf 82' lang='grc' dir='ltr'>πρὸς</span> <span class='ocrx_word' id='word_1_349' title='bbox 521 2984 720 3046; x_wconf 86' lang='grc' dir='ltr'>ταύτας</span> <span class='ocrx_word' id='word_1_350' title='bbox 780 2984 914 3054; x_wconf 76' lang='grc' dir='ltr'>αὐτή</span> <span class='ocrx_word' id='word_1_351' title='bbox 994 3001 1150 3059; x_wconf 76' lang='grc' dir='ltr'>φησι·</span> <span class='ocrx_word' id='word_1_352' title='bbox 1205 2983 1347 3057; x_wconf 86' lang='grc' dir='ltr'>Ἐγὼ</span> <span class='ocrx_word' id='word_1_353' title='bbox 1405 2987 1485 3054; x_wconf 76' lang='grc' dir='ltr'>τῷ</span> <span class='ocrx_word' id='word_1_354' title='bbox 1531 2979 1808 3059; x_wconf 78' lang='grc' dir='ltr'>ἀδελφιδῷ</span> <span class='ocrx_word' id='word_1_355' title='bbox 1860 3001 1987 3053; x_wconf 80' lang='grc' dir='ltr'>μου,</span> 
     </span>
    </p>
   </div>
   <div class='ocr_carea' id='block_1_49' title="bbox 338 3069 1989 3150">
    <p class='ocr_par' dir='ltr' id='par_1_49' title="bbox 338 3069 1989 3150">
     <span class='ocr_line' id='line_1_50' title="bbox 338 3069 1989 3150; baseline -0.002 -23"><span class='ocrx_word' id='word_1_356' title='bbox 338 3074 429 3127; x_wconf 78' lang='grc' dir='ltr'>καὶ</span> <span class='ocrx_word' id='word_1_357' title='bbox 489 3072 570 3127; x_wconf 69' lang='grc' dir='ltr'>ἆπ⁹</span> <span class='ocrx_word' id='word_1_358' title='bbox 630 3073 728 3146; x_wconf 75' lang='grc' dir='ltr'>ὲμὶ</span> <span class='ocrx_word' id='word_1_359' title='bbox 779 3075 813 3142; x_wconf 84' lang='grc' dir='ltr'>ἡ</span> <span class='ocrx_word' id='word_1_360' title='bbox 869 3072 1169 3150; x_wconf 70' lang='grc' dir='ltr'>ἐπιστροφὴ</span> <span class='ocrx_word' id='word_1_361' title='bbox 1229 3071 1413 3128; x_wconf 75' lang='grc' dir='ltr'>αὐτοῦ.</span> <span class='ocrx_word' id='word_1_362' title='bbox 1448 3069 1694 3142; x_wconf 73' lang='grc' dir='ltr'>Δηλαδή,</span> <span class='ocrx_word' id='word_1_363' title='bbox 1730 3070 1880 3139; x_wconf 79' lang='grc' dir='ltr'>Αύτή</span> <span class='ocrx_word' id='word_1_364' title='bbox 1911 3074 1989 3141; x_wconf 76' lang='grc' dir='ltr'>τῷ</span> 
     </span>
    </p>
   </div>
   <div class='ocr_carea' id='block_1_50' title="bbox 338 3158 1987 3237">
    <p class='ocr_par' dir='ltr' id='par_1_50' title="bbox 338 3158 1987 3237">
     <span class='ocr_line' id='line_1_51' title="bbox 338 3158 1987 3237; baseline -0.004 -21"><span class='ocrx_word' id='word_1_365' title='bbox 338 3163 603 3237; x_wconf 84' lang='grc' dir='ltr'>ἀγαπητῳ</span> <span class='ocrx_word' id='word_1_366' title='bbox 668 3184 774 3234; x_wconf 91' lang='grc' dir='ltr'>μου</span> <span class='ocrx_word' id='word_1_367' title='bbox 832 3160 967 3233; x_wconf 78' lang='grc' dir='ltr'>ὅλην</span> <span class='ocrx_word' id='word_1_368' title='bbox 1028 3160 1269 3234; x_wconf 73' lang='grc' dir='ltr'>ἰμαυτήν</span> <span class='ocrx_word' id='word_1_369' title='bbox 1328 3159 1616 3233; x_wconf 70' lang='grc' dir='ltr'>ἀνεθέμην,</span> <span class='ocrx_word' id='word_1_370' title='bbox 1671 3159 1760 3214; x_wconf 84' lang='grc' dir='ltr'>καὶ</span> <span class='ocrx_word' id='word_1_371' title='bbox 1809 3158 1987 3233; x_wconf 82' lang='grc' dir='ltr'>χωρὶς</span> 
     </span>
    </p>
   </div>
   <div class='ocr_carea' id='block_1_51' title="bbox 2095 1918 3742 1992">
    <p class='ocr_par' dir='ltr' id='par_1_51' title="bbox 2095 1918 3742 1992">
     <span class='ocr_line' id='line_1_52' title="bbox 2095 1918 3742 1992; baseline 0 -19"><span class='ocrx_word' id='word_1_372' title='bbox 2095 1924 2232 1973; x_wconf 91' lang='lat' dir='ltr'>sunt</span> <span class='ocrx_word' id='word_1_373' title='bbox 2264 1924 2320 1973; x_wconf 87' lang='lat' dir='ltr'>et</span> <span class='ocrx_word' id='word_1_374' title='bbox 2351 1920 2416 1973; x_wconf 91' lang='lat' dir='ltr'>ad</span> <span class='ocrx_word' id='word_1_375' title='bbox 2444 1920 2910 1992; x_wconf 84' lang='lat' dir='ltr'>cognoscendum</span> <span class='ocrx_word' id='word_1_376' title='bbox 2944 1918 3230 1984; x_wconf 76' lang='lat' dir='ltr'>difﬁcilia,</span> <span class='ocrx_word' id='word_1_377' title='bbox 3265 1920 3333 1973; x_wconf 93' lang='lat' dir='ltr'>ad</span> <span class='ocrx_word' id='word_1_378' title='bbox 3368 1935 3532 1974; x_wconf 89' lang='lat' dir='ltr'>esum</span> <span class='ocrx_word' id='word_1_379' title='bbox 3564 1922 3621 1974; x_wconf 92' lang='lat' dir='ltr'>et</span> <span class='ocrx_word' id='word_1_380' title='bbox 3654 1918 3742 1973; x_wconf 90' lang='lat' dir='ltr'>ci-</span> 
     </span>
    </p>
   </div>
   <div class='ocr_carea' id='block_1_52' title="bbox 2092 2005 3742 2079">
    <p class='ocr_par' dir='ltr' id='par_1_52' title="bbox 2092 2005 3742 2079">
     <span class='ocr_line' id='line_1_53' title="bbox 2092 2005 3742 2079; baseline 0.001 -19"><span class='ocrx_word' id='word_1_381' title='bbox 2092 2006 2231 2060; x_wconf 90' lang='lat' dir='ltr'>bum</span> <span class='ocrx_word' id='word_1_382' title='bbox 2269 2006 2592 2075; x_wconf 81' lang='lat' dir='ltr'>spiritalem</span> <span class='ocrx_word' id='word_1_383' title='bbox 2617 2008 2942 2079; x_wconf 81' lang='lat' dir='ltr'>frangimus</span> <span class='ocrx_word' id='word_1_384' title='bbox 2966 2012 3020 2061; x_wconf 88' lang='lat' dir='ltr'>et</span> <span class='ocrx_word' id='word_1_385' title='bbox 3043 2006 3366 2060; x_wconf 86' lang='lat' dir='ltr'>mollimus.</span> <span class='ocrx_word' id='word_1_386' title='bbox 3392 2006 3536 2060; x_wconf 86' lang='lat' dir='ltr'>Cum</span> <span class='ocrx_word' id='word_1_387' title='bbox 3561 2005 3742 2077; x_wconf 84' lang='lat' dir='ltr'>igitur</span> 
     </span>
    </p>
   </div>
   <div class='ocr_carea' id='block_1_53' title="bbox 2094 2094 3743 2167">
    <p class='ocr_par' dir='ltr' id='par_1_53' title="bbox 2094 2094 3743 2167">
     <span class='ocr_line' id='line_1_54' title="bbox 2094 2094 3743 2167; baseline 0.001 -18"><span class='ocrx_word' id='word_1_388' title='bbox 2094 2095 2517 2167; x_wconf 86' lang='lat' dir='ltr'>discipularum</span> <span class='ocrx_word' id='word_1_389' title='bbox 2551 2095 2871 2151; x_wconf 88' lang='lat' dir='ltr'>multitudo</span> <span class='ocrx_word' id='word_1_390' title='bbox 2903 2114 2935 2149; x_wconf 90' lang='lat' dir='ltr'>a</span> <span class='ocrx_word' id='word_1_391' title='bbox 2970 2096 3245 2165; x_wconf 80' lang='lat' dir='ltr'>magistra</span> <span class='ocrx_word' id='word_1_392' title='bbox 3277 2094 3622 2167; x_wconf 84' lang='lat' dir='ltr'>ﬂagitasset,</span> <span class='ocrx_word' id='word_1_393' title='bbox 3676 2098 3743 2151; x_wconf 81' lang='lat' dir='ltr'>ut</span> 
     </span>
    </p>
   </div>
   <div class='ocr_carea' id='block_1_54' title="bbox 2098 2183 3744 2257">
    <p class='ocr_par' dir='ltr' id='par_1_54' title="bbox 2098 2183 3744 2257">
     <span class='ocr_line' id='line_1_55' title="bbox 2098 2183 3744 2257; baseline 0 -18"><span class='ocrx_word' id='word_1_394' title='bbox 2098 2186 2168 2239; x_wconf 86' lang='lat' dir='ltr'>ab</span> <span class='ocrx_word' id='word_1_395' title='bbox 2202 2202 2413 2240; x_wconf 88' lang='lat' dir='ltr'>arcana</span> <span class='ocrx_word' id='word_1_396' title='bbox 2440 2184 2953 2257; x_wconf 84' lang='lat' dir='ltr'>contemplationis</span> <span class='ocrx_word' id='word_1_397' title='bbox 2988 2184 3297 2239; x_wconf 81' lang='lat' dir='ltr'>altitudine</span> <span class='ocrx_word' id='word_1_398' title='bbox 3329 2201 3457 2240; x_wconf 85' lang='lat' dir='ltr'>sese</span> <span class='ocrx_word' id='word_1_399' title='bbox 3488 2183 3607 2241; x_wconf 91' lang='lat' dir='ltr'>illis</span> <span class='ocrx_word' id='word_1_400' title='bbox 3641 2200 3744 2256; x_wconf 91' lang='lat' dir='ltr'>per</span> 
     </span>
    </p>
   </div>
   <div class='ocr_carea' id='block_1_55' title="bbox 2098 2273 3742 2345">
    <p class='ocr_par' dir='ltr' id='par_1_55' title="bbox 2098 2273 3742 2345">
     <span class='ocr_line' id='line_1_56' title="bbox 2098 2273 3742 2345; baseline 0.001 -17"><span class='ocrx_word' id='word_1_401' title='bbox 2098 2273 2375 2329; x_wconf 87' lang='lat' dir='ltr'>moralem</span> <span class='ocrx_word' id='word_1_402' title='bbox 2400 2273 2830 2345; x_wconf 82' lang='lat' dir='ltr'>philosophiam</span> <span class='ocrx_word' id='word_1_403' title='bbox 2857 2273 3171 2328; x_wconf 86' lang='lat' dir='ltr'>demittcns</span> <span class='ocrx_word' id='word_1_404' title='bbox 3200 2274 3742 2344; x_wconf 86' lang='lat' dir='ltr'>etaccommodans,</span> 
     </span>
    </p>
   </div>
   <div class='ocr_carea' id='block_1_56' title="bbox 2094 2362 3734 2434">
    <p class='ocr_par' dir='ltr' id='par_1_56' title="bbox 2094 2362 3734 2434">
     <span class='ocr_line' id='line_1_57' title="bbox 2094 2362 3734 2434; baseline 0 -17"><span class='ocrx_word' id='word_1_405' title='bbox 2094 2363 2173 2417; x_wconf 86' lang='lat' dir='ltr'>ita</span> <span class='ocrx_word' id='word_1_406' title='bbox 2205 2367 2583 2429; x_wconf 84' lang='lat' dir='ltr'>converteret,</span> <span class='ocrx_word' id='word_1_407' title='bbox 2620 2367 2681 2417; x_wconf 93' lang='lat' dir='ltr'>ut</span> <span class='ocrx_word' id='word_1_408' title='bbox 2725 2362 3020 2434; x_wconf 84' lang='lat' dir='ltr'>spiritales</span> <span class='ocrx_word' id='word_1_409' title='bbox 3076 2364 3205 2432; x_wconf 82' lang='lat' dir='ltr'>ejus</span> <span class='ocrx_word' id='word_1_410' title='bbox 3264 2362 3734 2433; x_wconf 74' lang='lat' dir='ltr'>pulchritudines</span> 
     </span>
    </p>
   </div>
   <div class='ocr_carea' id='block_1_57' title="bbox 2096 2452 3743 2523">
    <p class='ocr_par' dir='ltr' id='par_1_57' title="bbox 2096 2452 3743 2523">
     <span class='ocr_line' id='line_1_58' title="bbox 2096 2452 3743 2523; baseline 0.001 -18"><span class='ocrx_word' id='word_1_411' title='bbox 2096 2468 2222 2523; x_wconf 68' lang='lat' dir='ltr'>quis</span> <span class='ocrx_word' id='word_1_412' title='bbox 2255 2452 2418 2505; x_wconf 71' lang='lat' dir='ltr'>dictae</span> <span class='ocrx_word' id='word_1_413' title='bbox 2449 2456 2606 2521; x_wconf 88' lang='lat' dir='ltr'>sunt,</span> <span class='ocrx_word' id='word_1_414' title='bbox 2633 2453 2691 2506; x_wconf 91' lang='lat' dir='ltr'>in</span> <span class='ocrx_word' id='word_1_415' title='bbox 2726 2452 2824 2507; x_wconf 90' lang='lat' dir='ltr'>illa</span> <span class='ocrx_word' id='word_1_416' title='bbox 2856 2456 3093 2523; x_wconf 87' lang='lat' dir='ltr'>possent</span> <span class='ocrx_word' id='word_1_417' title='bbox 3118 2452 3349 2516; x_wconf 82' lang='lat' dir='ltr'>intueri,</span> <span class='ocrx_word' id='word_1_418' title='bbox 3375 2456 3430 2506; x_wconf 88' lang='lat' dir='ltr'>et</span> <span class='ocrx_word' id='word_1_419' title='bbox 3455 2468 3586 2505; x_wconf 90' lang='lat' dir='ltr'>cum</span> <span class='ocrx_word' id='word_1_420' title='bbox 3612 2452 3743 2521; x_wconf 84' lang='lat' dir='ltr'>ipsa</span> 
     </span>
    </p>
   </div>
   <div class='ocr_carea' id='block_1_58' title="bbox 2096 2537 3743 2611">
    <p class='ocr_par' dir='ltr' id='par_1_58' title="bbox 2096 2537 3743 2611">
     <span class='ocr_line' id='line_1_59' title="bbox 2096 2537 3743 2611; baseline -0.001 -18"><span class='ocrx_word' id='word_1_421' title='bbox 2096 2538 2271 2593; x_wconf 88' lang='lat' dir='ltr'>simul</span> <span class='ocrx_word' id='word_1_422' title='bbox 2327 2555 2429 2611; x_wconf 86' lang='lat' dir='ltr'>per</span> <span class='ocrx_word' id='word_1_423' title='bbox 2473 2540 2861 2594; x_wconf 71' lang='lat' dir='ltr'>imitationem</span> <span class='ocrx_word' id='word_1_424' title='bbox 2924 2539 3365 2607; x_wconf 76' lang='lat' dir='ltr'>conscenderet,</span> <span class='ocrx_word' id='word_1_425' title='bbox 3426 2538 3493 2592; x_wconf 85' lang='lat' dir='ltr'>ad</span> <span class='ocrx_word' id='word_1_426' title='bbox 3530 2554 3629 2593; x_wconf 88' lang='lat' dir='ltr'>eas</span> <span class='ocrx_word' id='word_1_427' title='bbox 3660 2537 3743 2592; x_wconf 88' lang='lat' dir='ltr'>ita</span> 
     </span>
    </p>
   </div>
   <div class='ocr_carea' id='block_1_59' title="bbox 2098 2627 3742 2700">
    <p class='ocr_par' dir='ltr' id='par_1_59' title="bbox 2098 2627 3742 2700">
     <span class='ocr_line' id='line_1_60' title="bbox 2098 2627 3742 2700; baseline -0.001 -17"><span class='ocrx_word' id='word_1_428' title='bbox 2098 2628 2450 2700; x_wconf 82' lang='lat' dir='ltr'>respondet:</span> <span class='ocrx_word' id='word_1_429' title='bbox 2515 2629 2621 2695; x_wconf 84' lang='lat' dir='ltr'>Ego</span> <span class='ocrx_word' id='word_1_430' title='bbox 2670 2630 2854 2699; x_wconf 80' lang='lat' dir='ltr'>nepoti</span> <span class='ocrx_word' id='word_1_431' title='bbox 2909 2644 3049 2694; x_wconf 81' lang='lat' dir='ltr'>meo,</span> <span class='ocrx_word' id='word_1_432' title='bbox 3102 2636 3162 2684; x_wconf 79' lang='lat' dir='ltr'>et</span> <span class='ocrx_word' id='word_1_433' title='bbox 3208 2627 3289 2681; x_wconf 88' lang='lat' dir='ltr'>ad</span> <span class='ocrx_word' id='word_1_434' title='bbox 3329 2643 3416 2683; x_wconf 91' lang='lat' dir='ltr'>me</span> <span class='ocrx_word' id='word_1_435' title='bbox 3460 2630 3742 2683; x_wconf 76' lang='lat' dir='ltr'>conversio</span> 
     </span>
    </p>
   </div>
   <div class='ocr_carea' id='block_1_60' title="bbox 2095 2715 3745 2789">
    <p class='ocr_par' dir='ltr' id='par_1_60' title="bbox 2095 2715 3745 2789">
     <span class='ocr_line' id='line_1_61' title="bbox 2095 2715 3745 2789; baseline -0.001 -17"><span class='ocrx_word' id='word_1_436' title='bbox 2095 2718 2231 2789; x_wconf 88' lang='lat' dir='ltr'>ejus.</span> <span class='ocrx_word' id='word_1_437' title='bbox 2268 2722 2377 2787; x_wconf 76' lang='lat' dir='ltr'>Ego</span> <span class='ocrx_word' id='word_1_438' title='bbox 2409 2733 2500 2771; x_wconf 89' lang='lat' dir='ltr'>me</span> <span class='ocrx_word' id='word_1_439' title='bbox 2530 2722 2711 2772; x_wconf 89' lang='lat' dir='ltr'>totam</span> <span class='ocrx_word' id='word_1_440' title='bbox 2746 2716 2956 2772; x_wconf 86' lang='lat' dir='ltr'>dilecto</span> <span class='ocrx_word' id='word_1_441' title='bbox 2991 2732 3115 2771; x_wconf 90' lang='lat' dir='ltr'>meo</span> <span class='ocrx_word' id='word_1_442' title='bbox 3149 2716 3447 2771; x_wconf 89' lang='lat' dir='ltr'>dedicavi:</span> <span class='ocrx_word' id='word_1_443' title='bbox 3505 2720 3562 2769; x_wconf 87' lang='lat' dir='ltr'>et</span> <span class='ocrx_word' id='word_1_444' title='bbox 3617 2715 3745 2771; x_wconf 90' lang='lat' dir='ltr'>sine</span> 
     </span>
    </p>
   </div>
   <div class='ocr_carea' id='block_1_61' title="bbox 2096 2804 3743 2877">
    <p class='ocr_par' dir='ltr' id='par_1_61' title="bbox 2096 2804 3743 2877">
     <span class='ocr_line' id='line_1_62' title="bbox 2096 2804 3743 2877; baseline 0 -18"><span class='ocrx_word' id='word_1_445' title='bbox 2096 2804 2225 2876; x_wconf 89' lang='lat' dir='ltr'>ipso</span> <span class='ocrx_word' id='word_1_446' title='bbox 2258 2805 2403 2859; x_wconf 89' lang='lat' dir='ltr'>nihil</span> <span class='ocrx_word' id='word_1_447' title='bbox 2440 2806 2625 2861; x_wconf 85' lang='lat' dir='ltr'>facere</span> <span class='ocrx_word' id='word_1_448' title='bbox 2658 2805 2960 2860; x_wconf 89' lang='lat' dir='ltr'>constitui.</span> <span class='ocrx_word' id='word_1_449' title='bbox 2996 2805 3362 2877; x_wconf 85' lang='lat' dir='ltr'>Quapropter</span> <span class='ocrx_word' id='word_1_450' title='bbox 3417 2804 3542 2876; x_wconf 91' lang='lat' dir='ltr'>ipse</span> <span class='ocrx_word' id='word_1_451' title='bbox 3602 2821 3743 2876; x_wconf 90' lang='lat' dir='ltr'>quo-</span> 
     </span>
    </p>
   </div>
   <div class='ocr_carea' id='block_1_62' title="bbox 2099 2893 3743 2966">
    <p class='ocr_par' dir='ltr' id='par_1_62' title="bbox 2099 2893 3743 2966">
     <span class='ocr_line' id='line_1_63' title="bbox 2099 2893 3743 2966; baseline 0 -18"><span class='ocrx_word' id='word_1_452' title='bbox 2099 2911 2210 2965; x_wconf 89' lang='lat' dir='ltr'>que</span> <span class='ocrx_word' id='word_1_453' title='bbox 2243 2896 2312 2949; x_wconf 82' lang='lat' dir='ltr'>ad</span> <span class='ocrx_word' id='word_1_454' title='bbox 2349 2910 2439 2948; x_wconf 92' lang='lat' dir='ltr'>me</span> <span class='ocrx_word' id='word_1_455' title='bbox 2467 2894 2549 2949; x_wconf 87' lang='lat' dir='ltr'>sic</span> <span class='ocrx_word' id='word_1_456' title='bbox 2573 2894 2840 2950; x_wconf 72' lang='lat' dir='ltr'>alfectam</span> <span class='ocrx_word' id='word_1_457' title='bbox 2874 2910 2936 2949; x_wconf 90' lang='lat' dir='ltr'>se</span> <span class='ocrx_word' id='word_1_458' title='bbox 2968 2894 3239 2963; x_wconf 84' lang='lat' dir='ltr'>demittit,</span> <span class='ocrx_word' id='word_1_459' title='bbox 3275 2911 3306 2947; x_wconf 89' lang='lat' dir='ltr'>a</span> <span class='ocrx_word' id='word_1_460' title='bbox 3338 2894 3572 2966; x_wconf 90' lang='lat' dir='ltr'>propria</span> <span class='ocrx_word' id='word_1_461' title='bbox 3619 2893 3743 2964; x_wconf 83' lang='lat' dir='ltr'>glo-</span> 
     </span>
    </p>
   </div>
   <div class='ocr_carea' id='block_1_63' title="bbox 2099 2982 3741 3053">
    <p class='ocr_par' dir='ltr' id='par_1_63' title="bbox 2099 2982 3741 3053">
     <span class='ocr_line' id='line_1_64' title="bbox 2099 2982 3741 3053; baseline 0 -16"><span class='ocrx_word' id='word_1_462' title='bbox 2099 2983 2184 3038; x_wconf 88' lang='lat' dir='ltr'>ria</span> <span class='ocrx_word' id='word_1_463' title='bbox 2218 2983 2297 3037; x_wconf 87' lang='lat' dir='ltr'>ita</span> <span class='ocrx_word' id='word_1_464' title='bbox 2319 3000 2380 3038; x_wconf 92' lang='lat' dir='ltr'>se</span> <span class='ocrx_word' id='word_1_465' title='bbox 2411 2989 2753 3039; x_wconf 84' lang='lat' dir='ltr'>convertens</span> <span class='ocrx_word' id='word_1_466' title='bbox 2782 3001 2796 3053; x_wconf 87' lang='lat'><strong>;</strong></span> <span class='ocrx_word' id='word_1_467' title='bbox 2830 2988 2893 3038; x_wconf 92' lang='lat' dir='ltr'>ut</span> <span class='ocrx_word' id='word_1_468' title='bbox 2924 3000 3055 3038; x_wconf 77' lang='lat' dir='ltr'>cum</span> <span class='ocrx_word' id='word_1_469' title='bbox 3092 2982 3404 3038; x_wconf 87' lang='lat' dir='ltr'>invisibilis</span> <span class='ocrx_word' id='word_1_470' title='bbox 3438 2983 3534 3050; x_wconf 86' lang='lat' dir='ltr'>sit,</span> <span class='ocrx_word' id='word_1_471' title='bbox 3568 2983 3638 3038; x_wconf 85' lang='lat' dir='ltr'>ab</span> <span class='ocrx_word' id='word_1_472' title='bbox 3664 2982 3741 3037; x_wconf 88' lang='lat' dir='ltr'>iis</span> 
     </span>
    </p>
   </div>
   <div class='ocr_carea' id='block_1_64' title="bbox 2099 3071 3739 3144">
    <p class='ocr_par' dir='ltr' id='par_1_64' title="bbox 2099 3071 3739 3144">
     <span class='ocr_line' id='line_1_65' title="bbox 2099 3071 3739 3144; baseline 0.001 -19"><span class='ocrx_word' id='word_1_473' title='bbox 2099 3071 2198 3142; x_wconf 89' lang='lat' dir='ltr'>qui</span> <span class='ocrx_word' id='word_1_474' title='bbox 2226 3071 2416 3127; x_wconf 90' lang='lat' dir='ltr'>videre</span> <span class='ocrx_word' id='word_1_475' title='bbox 2475 3071 2643 3126; x_wconf 88' lang='lat' dir='ltr'>illum</span> <span class='ocrx_word' id='word_1_476' title='bbox 2701 3073 2947 3144; x_wconf 91' lang='lat' dir='ltr'>cupiunt</span> <span class='ocrx_word' id='word_1_477' title='bbox 3006 3071 3289 3135; x_wconf 88' lang='lat' dir='ltr'>videatur.</span> <span class='ocrx_word' id='word_1_478' title='bbox 3347 3071 3563 3126; x_wconf 88' lang='lat' dir='ltr'>Verum</span> <span class='ocrx_word' id='word_1_479' title='bbox 3624 3088 3739 3127; x_wconf 91' lang='lat' dir='ltr'>non</span> 
     </span>
    </p>
   </div>
   <div class='ocr_carea' id='block_1_65' title="bbox 2098 3162 3738 3234">
    <p class='ocr_par' dir='ltr' id='par_1_65' title="bbox 2098 3162 3738 3234">
     <span class='ocr_line' id='line_1_66' title="bbox 2098 3162 3738 3234; baseline 0.001 -19"><span class='ocrx_word' id='word_1_480' title='bbox 2098 3163 2311 3234; x_wconf 86' lang='lat' dir='ltr'>patior,</span> <span class='ocrx_word' id='word_1_481' title='bbox 2363 3166 2428 3217; x_wconf 92' lang='lat' dir='ltr'>ut</span> <span class='ocrx_word' id='word_1_482' title='bbox 2481 3162 2606 3231; x_wconf 84' lang='lat' dir='ltr'>ipsa</span> <span class='ocrx_word' id='word_1_483' title='bbox 2655 3162 2780 3217; x_wconf 88' lang='lat' dir='ltr'>sola</span> <span class='ocrx_word' id='word_1_484' title='bbox 2839 3163 3000 3216; x_wconf 85' lang='lat' dir='ltr'>fruar</span> <span class='ocrx_word' id='word_1_485' title='bbox 3056 3162 3245 3233; x_wconf 87' lang='lat' dir='ltr'>ipsius</span> <span class='ocrx_word' id='word_1_486' title='bbox 3277 3163 3738 3232; x_wconf 86' lang='lat' dir='ltr'>conjunctione;</span> 
     </span>
    </p>
   </div>
   <div class='ocr_carea' id='block_1_66' title="bbox 332 3234 1988 3325">
    <p class='ocr_par' dir='ltr' id='par_1_66' title="bbox 332 3246 1985 3325">
     <span class='ocr_line' id='line_1_67' title="bbox 332 3246 1985 3325; baseline -0.002 -20"><span class='ocrx_word' id='word_1_487' title='bbox 332 3249 497 3306; x_wconf 72' lang='grc' dir='ltr'>αὐτοῦ</span> <span class='ocrx_word' id='word_1_488' title='bbox 557 3249 709 3306; x_wconf 74' lang='grc' dir='ltr'>οὐδὶν</span> <span class='ocrx_word' id='word_1_489' title='bbox 770 3255 945 3305; x_wconf 85' lang='grc' dir='ltr'>ποιεῖν</span> <span class='ocrx_word' id='word_1_490' title='bbox 1008 3248 1303 3325; x_wconf 84' lang='grc' dir='ltr'>βούλομαι·</span> <span class='ocrx_word' id='word_1_491' title='bbox 1337 3250 1425 3304; x_wconf 85' lang='grc' dir='ltr'>καὶ</span> <span class='ocrx_word' id='word_1_492' title='bbox 1457 3249 1538 3303; x_wconf 70' lang='grc' dir='ltr'>ἐπ’</span> <span class='ocrx_word' id='word_1_493' title='bbox 1587 3247 1683 3321; x_wconf 72' lang='grc' dir='ltr'>ἐμὶ</span> <span class='ocrx_word' id='word_1_494' title='bbox 1712 3250 1809 3316; x_wconf 73' lang='grc' dir='ltr'>τὴν</span> <span class='ocrx_word' id='word_1_495' title='bbox 1843 3246 1985 3301; x_wconf 78' lang='grc' dir='ltr'>οὕτω</span> 
     </span>
    </p>
   </div>
   <div class='ocr_carea' id='block_1_67' title="bbox 2101 3234 3745 3325">
    <p class='ocr_par' dir='ltr' id='par_1_67' title="bbox 2101 3250 3745 3322">
     <span class='ocr_line' id='line_1_68' title="bbox 2101 3250 3745 3322; baseline 0 -16"><span class='ocrx_word' id='word_1_496' title='bbox 2101 3251 2192 3306; x_wconf 90' lang='lat' dir='ltr'>sed</span> <span class='ocrx_word' id='word_1_497' title='bbox 2228 3250 2421 3322; x_wconf 91' lang='lat' dir='ltr'>cupio,</span> <span class='ocrx_word' id='word_1_498' title='bbox 2455 3255 2518 3314; x_wconf 81' lang='lat' dir='ltr'>ut,</span> <span class='ocrx_word' id='word_1_499' title='bbox 2549 3250 2727 3305; x_wconf 90' lang='lat' dir='ltr'>etiam</span> <span class='ocrx_word' id='word_1_500' title='bbox 2758 3250 2842 3304; x_wconf 90' lang='lat' dir='ltr'>illi</span> <span class='ocrx_word' id='word_1_501' title='bbox 2876 3250 2973 3321; x_wconf 88' lang='lat' dir='ltr'>qui</span> <span class='ocrx_word' id='word_1_502' title='bbox 3027 3258 3161 3305; x_wconf 77' lang='lat' dir='ltr'>sunt</span> <span class='ocrx_word' id='word_1_503' title='bbox 3225 3250 3416 3304; x_wconf 86' lang='lat' dir='ltr'>adhuc</span> <span class='ocrx_word' id='word_1_504' title='bbox 3472 3250 3745 3321; x_wconf 82' lang='lat' dir='ltr'>imperfe-</span> 
     </span>
    </p>
   </div>
   <div class='ocr_carea' id='block_1_68' title="bbox 336 3334 1987 3418">
    <p class='ocr_par' dir='ltr' id='par_1_68' title="bbox 336 3334 1987 3418">
     <span class='ocr_line' id='line_1_69' title="bbox 336 3334 1987 3418; baseline -0.004 -23"><span class='ocrx_word' id='word_1_505' title='bbox 336 3344 639 3418; x_wconf 74' lang='grc' dir='ltr'>φρονοῦσαν</span> <span class='ocrx_word' id='word_1_506' title='bbox 690 3347 724 3409; x_wconf 87' lang='grc' dir='ltr'>ἧ</span> <span class='ocrx_word' id='word_1_507' title='bbox 783 3340 948 3394; x_wconf 76' lang='grc' dir='ltr'>αὐτοῦ</span> <span class='ocrx_word' id='word_1_508' title='bbox 1007 3334 1404 3415; x_wconf 77' lang='grc' dir='ltr'>συγκατάϐασις</span> <span class='ocrx_word' id='word_1_509' title='bbox 1453 3338 1679 3413; x_wconf 79' lang='grc' dir='ltr'>γίνεται,</span> <span class='ocrx_word' id='word_1_510' title='bbox 1737 3335 1987 3410; x_wconf 61' lang='grc' dir='ltr'>ἐπιστρὲ-</span> 
     </span>
    </p>
   </div>
   <div class='ocr_carea' id='block_1_69' title="bbox 338 3424 1986 3508">
    <p class='ocr_par' dir='ltr' id='par_1_69' title="bbox 338 3424 1986 3508">
     <span class='ocr_line' id='line_1_70' title="bbox 338 3424 1986 3508; baseline -0.004 -24"><span class='ocrx_word' id='word_1_511' title='bbox 338 3450 535 3508; x_wconf 80' lang='grc' dir='ltr'>ιροντος</span> <span class='ocrx_word' id='word_1_512' title='bbox 584 3430 689 3483; x_wconf 85' lang='grc' dir='ltr'>ἀπὸ</span> <span class='ocrx_word' id='word_1_513' title='bbox 744 3436 844 3498; x_wconf 80' lang='grc' dir='ltr'>τῆς</span> <span class='ocrx_word' id='word_1_514' title='bbox 905 3427 1041 3490; x_wconf 70' lang='grc' dir='ltr'>ἰδίας</span> <span class='ocrx_word' id='word_1_515' title='bbox 1100 3435 1406 3502; x_wconf 77' lang='grc' dir='ltr'>περιωπῆς,</span> <span class='ocrx_word' id='word_1_516' title='bbox 1467 3426 1616 3491; x_wconf 82' lang='grc' dir='ltr'>ὅπως</span> <span class='ocrx_word' id='word_1_517' title='bbox 1671 3428 1697 3481; x_wconf 90' lang='lat'>6</span> <span class='ocrx_word' id='word_1_518' title='bbox 1756 3424 1986 3501; x_wconf 87' lang='grc' dir='ltr'>ἀόρατος</span> 
     </span>
    </p>
   </div>
   <div class='ocr_carea' id='block_1_70' title="bbox 2097 3338 3747 3411">
    <p class='ocr_par' dir='ltr' id='par_1_70' title="bbox 2097 3338 3747 3411">
     <span class='ocr_line' id='line_1_71' title="bbox 2097 3338 3747 3411; baseline 0.001 -16"><span class='ocrx_word' id='word_1_519' title='bbox 2097 3340 2195 3405; x_wconf 89' lang='lat' dir='ltr'>cti,</span> <span class='ocrx_word' id='word_1_520' title='bbox 2226 3339 2472 3395; x_wconf 90' lang='lat' dir='ltr'>salutem</span> <span class='ocrx_word' id='word_1_521' title='bbox 2506 3340 2578 3395; x_wconf 88' lang='lat' dir='ltr'>ab</span> <span class='ocrx_word' id='word_1_522' title='bbox 2613 3356 2678 3395; x_wconf 92' lang='lat' dir='ltr'>eo</span> <span class='ocrx_word' id='word_1_523' title='bbox 2703 3345 3161 3411; x_wconf 85' lang='lat' dir='ltr'>consequantur.</span> <span class='ocrx_word' id='word_1_524' title='bbox 3188 3339 3433 3394; x_wconf 88' lang='lat' dir='ltr'>Proinde</span> <span class='ocrx_word' id='word_1_525' title='bbox 3456 3338 3666 3408; x_wconf 87' lang='lat' dir='ltr'>clamo,</span> <span class='ocrx_word' id='word_1_526' title='bbox 3689 3344 3747 3396; x_wconf 89' lang='lat' dir='ltr'>et</span> 
     </span>
    </p>
   </div>
   <div class='ocr_carea' id='block_1_71' title="bbox 2097 3429 2284 3483">
    <p class='ocr_par' dir='ltr' id='par_1_71' title="bbox 2097 3429 2284 3483">
     <span class='ocr_line' id='line_1_72' title="bbox 2097 3429 2284 3483; baseline 0.005 -1"><span class='ocrx_word' id='word_1_527' title='bbox 2097 3429 2284 3483; x_wconf 87' lang='lat' dir='ltr'>dicto:</span> 
     </span>
    </p>
   </div>
   <div class='ocr_carea' id='block_1_72' title="bbox 336 3514 3743 3594">
    <p class='ocr_par' dir='ltr' id='par_1_72' title="bbox 336 3514 3743 3594">
     <span class='ocr_line' id='line_1_73' title="bbox 336 3514 3743 3594; baseline -0.001 -21"><span class='ocrx_word' id='word_1_528' title='bbox 336 3519 519 3594; x_wconf 84' lang='grc' dir='ltr'>ὁρῲτο</span> <span class='ocrx_word' id='word_1_529' title='bbox 539 3524 657 3580; x_wconf 80' lang='grc' dir='ltr'>τοῖς</span> <span class='ocrx_word' id='word_1_530' title='bbox 693 3517 1055 3593; x_wconf 67' lang='grc' dir='ltr'>βουλομένοις</span> <span class='ocrx_word' id='word_1_531' title='bbox 1085 3522 1275 3572; x_wconf 76' lang='grc' dir='ltr'>τοῦτον</span> <span class='ocrx_word' id='word_1_532' title='bbox 1311 3519 1455 3593; x_wconf 82' lang='grc' dir='ltr'>ὁρᾷν.</span> <span class='ocrx_word' id='word_1_533' title='bbox 1488 3514 1645 3573; x_wconf 85' lang='grc' dir='ltr'>Ἀλλ’</span> <span class='ocrx_word' id='word_1_534' title='bbox 1678 3515 1776 3570; x_wconf 80' lang='grc' dir='ltr'>οὐκ</span> <span class='ocrx_word' id='word_1_535' title='bbox 1804 3515 2071 3589; x_wconf 68' lang='grc' dir='ltr'>ἀνὲχομαι</span> <span class='ocrx_word' id='word_1_536' title='bbox 2105 3516 2269 3588; x_wconf 87' lang='grc' dir='ltr'>μόνον</span> <span class='ocrx_word' id='word_1_537' title='bbox 2294 3522 2393 3584; x_wconf 78' lang='grc' dir='ltr'>τῆς</span> <span class='ocrx_word' id='word_1_538' title='bbox 2422 3517 2569 3591; x_wconf 70' lang='grc' dir='ltr'>ἱερᾶς</span> <span class='ocrx_word' id='word_1_539' title='bbox 2600 3514 2762 3570; x_wconf 69' lang='grc' dir='ltr'>αὐτοῦ</span> <span class='ocrx_word' id='word_1_540' title='bbox 2793 3515 3091 3571; x_wconf 78' lang='grc' dir='ltr'>ἀπολαύειν</span> <span class='ocrx_word' id='word_1_541' title='bbox 3125 3515 3432 3578; x_wconf 77' lang='grc' dir='ltr'>κοινωνίας·</span> <span class='ocrx_word' id='word_1_542' title='bbox 3470 3515 3743 3590; x_wconf 83' lang='grc' dir='ltr'>βούλομαι</span> 
     </span>
    </p>
   </div>
   <div class='ocr_carea' id='block_1_73' title="bbox 332 3603 2533 3682">
    <p class='ocr_par' dir='ltr' id='par_1_73' title="bbox 332 3603 2533 3682">
     <span class='ocr_line' id='line_1_74' title="bbox 332 3603 2533 3682; baseline -0.002 -19"><span class='ocrx_word' id='word_1_543' title='bbox 332 3605 390 3663; x_wconf 73' lang='grc' dir='ltr'>δὶ</span> <span class='ocrx_word' id='word_1_544' title='bbox 422 3606 513 3661; x_wconf 82' lang='grc' dir='ltr'>καὶ</span> <span class='ocrx_word' id='word_1_545' title='bbox 544 3606 674 3668; x_wconf 73' lang='grc' dir='ltr'>τοὺς</span> <span class='ocrx_word' id='word_1_546' title='bbox 704 3605 913 3669; x_wconf 75' lang='grc' dir='ltr'>ἀτελεῖς</span> <span class='ocrx_word' id='word_1_547' title='bbox 948 3605 1047 3672; x_wconf 76' lang='grc' dir='ltr'>ἔτι,</span> <span class='ocrx_word' id='word_1_548' title='bbox 1079 3608 1204 3681; x_wconf 85' lang='grc' dir='ltr'>παρ’</span> <span class='ocrx_word' id='word_1_549' title='bbox 1235 3606 1398 3660; x_wconf 76' lang='grc' dir='ltr'>αὐτοῦ</span> <span class='ocrx_word' id='word_1_550' title='bbox 1430 3605 1703 3682; x_wconf 80' lang='grc' dir='ltr'>σωτηρίας</span> <span class='ocrx_word' id='word_1_551' title='bbox 1732 3608 1940 3678; x_wconf 73' lang='grc' dir='ltr'>τυχεῖν.</span> <span class='ocrx_word' id='word_1_552' title='bbox 1976 3603 2068 3658; x_wconf 85' lang='grc' dir='ltr'>Διὸ</span> <span class='ocrx_word' id='word_1_553' title='bbox 2103 3605 2215 3679; x_wconf 88' lang='grc' dir='ltr'>βοῶ</span> <span class='ocrx_word' id='word_1_554' title='bbox 2246 3604 2334 3659; x_wconf 73' lang='grc' dir='ltr'>καὶ</span> <span class='ocrx_word' id='word_1_555' title='bbox 2368 3603 2533 3680; x_wconf 79' lang='grc' dir='ltr'>λέγω.</span> 
     </span>
    </p>
   </div>
   <div class='ocr_carea' id='block_1_74' title="bbox 398 3713 1422 3795">
    <p class='ocr_par' dir='ltr' id='par_1_74' title="bbox 398 3713 1422 3795">
     <span class='ocr_line' id='line_1_75' title="bbox 398 3713 1422 3795; baseline -0.002 -22"><span class='ocrx_word' id='word_1_556' title='bbox 398 3714 585 3785; x_wconf 69' lang='grc' dir='ltr'>Έλθὶ,</span> <span class='ocrx_word' id='word_1_557' title='bbox 612 3713 869 3795; x_wconf 76' lang='grc' dir='ltr'>ἀδελφιδὲ</span> <span class='ocrx_word' id='word_1_558' title='bbox 908 3736 1033 3789; x_wconf 88' lang='grc' dir='ltr'>μου,</span> <span class='ocrx_word' id='word_1_559' title='bbox 1066 3714 1156 3769; x_wconf 81' lang='grc' dir='ltr'>καὶ</span> <span class='ocrx_word' id='word_1_560' title='bbox 1185 3714 1251 3771; x_wconf 81' lang='grc' dir='ltr'>τά</span> <span class='ocrx_word' id='word_1_561' title='bbox 1282 3714 1422 3786; x_wconf 78' lang='grc' dir='ltr'>ἑξῆς.</span> 
     </span>
    </p>
   </div>
   <div class='ocr_carea' id='block_1_75' title="bbox 899 4240 1432 4318">
    <p class='ocr_par' dir='ltr' id='par_1_75' title="bbox 899 4240 1432 4318">
     <span class='ocr_line' id='line_1_76' title="bbox 899 4240 1432 4318; baseline -0.004 -20"><span class='ocrx_word' id='word_1_562' title='bbox 899 4244 1023 4299; x_wconf 90' lang='grc' dir='ltr'>Τῶν</span> <span class='ocrx_word' id='word_1_563' title='bbox 1072 4241 1121 4318; x_wconf 82' lang='grc' dir='ltr'>γ’</span> <span class='ocrx_word' id='word_1_564' title='bbox 1160 4240 1432 4315; x_wconf 76' lang='grc' dir='ltr'>Πατέρων.</span> 
     </span>
    </p>
   </div>
   <div class='ocr_carea' id='block_1_76' title="bbox 409 4350 1997 4427">
    <p class='ocr_par' dir='ltr' id='par_1_76' title="bbox 409 4350 1997 4427">
     <span class='ocr_line' id='line_1_77' title="bbox 409 4350 1997 4427; baseline -0.003 -19"><span class='ocrx_word' id='word_1_565' title='bbox 409 4352 565 4427; x_wconf 70' lang='grc' dir='ltr'>Λέγει</span> <span class='ocrx_word' id='word_1_566' title='bbox 598 4352 690 4407; x_wconf 73' lang='grc' dir='ltr'>οὗν</span> <span class='ocrx_word' id='word_1_567' title='bbox 740 4352 774 4421; x_wconf 81' lang='grc' dir='ltr'>ἠ</span> <span class='ocrx_word' id='word_1_568' title='bbox 807 4350 992 4427; x_wconf 69' lang='grc' dir='ltr'>νύμφη</span> <span class='ocrx_word' id='word_1_569' title='bbox 1027 4350 1162 4426; x_wconf 82' lang='grc' dir='ltr'>πρὸς</span> <span class='ocrx_word' id='word_1_570' title='bbox 1194 4351 1290 4412; x_wconf 80' lang='grc' dir='ltr'>τὰς</span> <span class='ocrx_word' id='word_1_571' title='bbox 1338 4350 1801 4422; x_wconf 78' lang='grc' dir='ltr'>μαθητιυομένας·</span> <span class='ocrx_word' id='word_1_572' title='bbox 1862 4358 1997 4406; x_wconf 83' lang='grc' dir='ltr'>Λοι-</span> 
     </span>
    </p>
   </div>
   <div class='ocr_carea' id='block_1_77' title="bbox 336 4436 1999 4518">
    <p class='ocr_par' dir='ltr' id='par_1_77' title="bbox 336 4436 1999 4518">
     <span class='ocr_line' id='line_1_78' title="bbox 336 4436 1999 4518; baseline -0.002 -20"><span class='ocrx_word' id='word_1_573' title='bbox 336 4443 439 4498; x_wconf 82' lang='grc' dir='ltr'>πὸν</span> <span class='ocrx_word' id='word_1_574' title='bbox 471 4446 550 4514; x_wconf 83' lang='grc' dir='ltr'>τῷ</span> <span class='ocrx_word' id='word_1_575' title='bbox 601 4442 825 4518; x_wconf 79' lang='grc' dir='ltr'>νυμφίῳ</span> <span class='ocrx_word' id='word_1_576' title='bbox 876 4462 981 4513; x_wconf 90' lang='grc' dir='ltr'>μου</span> <span class='ocrx_word' id='word_1_577' title='bbox 1030 4440 1120 4495; x_wconf 86' lang='grc' dir='ltr'>καὶ</span> <span class='ocrx_word' id='word_1_578' title='bbox 1184 4441 1285 4511; x_wconf 72' lang='grc' dir='ltr'>τὴν</span> <span class='ocrx_word' id='word_1_579' title='bbox 1336 4436 1547 4509; x_wconf 69' lang='grc' dir='ltr'>α’ίτησιν</span> <span class='ocrx_word' id='word_1_580' title='bbox 1601 4438 1754 4511; x_wconf 80' lang='grc' dir='ltr'>ὑμῶν</span> <span class='ocrx_word' id='word_1_581' title='bbox 1814 4439 1999 4516; x_wconf 67' lang='grc' dir='ltr'>ἀναφέ-</span> 
     </span>
    </p>
   </div>
   <div class='ocr_carea' id='block_1_78' title="bbox 340 4525 1996 4608">
    <p class='ocr_par' dir='ltr' id='par_1_78' title="bbox 340 4525 1996 4608">
     <span class='ocr_line' id='line_1_79' title="bbox 340 4525 1996 4608; baseline -0.003 -22"><span class='ocrx_word' id='word_1_582' title='bbox 340 4530 508 4605; x_wconf 79' lang='grc' dir='ltr'>ρουσά</span> <span class='ocrx_word' id='word_1_583' title='bbox 584 4549 748 4608; x_wconf 76' lang='grc' dir='ltr'>φημι·</span> <span class='ocrx_word' id='word_1_584' title='bbox 810 4528 990 4597; x_wconf 75' lang='grc' dir='ltr'>Ἐλθὲ,</span> <span class='ocrx_word' id='word_1_585' title='bbox 1050 4525 1305 4605; x_wconf 78' lang='grc' dir='ltr'>ἀδελφιδὲ</span> <span class='ocrx_word' id='word_1_586' title='bbox 1367 4550 1493 4600; x_wconf 78' lang='grc' dir='ltr'>μου,</span> <span class='ocrx_word' id='word_1_587' title='bbox 1556 4526 1857 4601; x_wconf 70' lang='grc' dir='ltr'>ἐξέλθωμεν</span> <span class='ocrx_word' id='word_1_588' title='bbox 1918 4528 1996 4590; x_wconf 84' lang='grc' dir='ltr'>εἷς</span> 
     </span>
    </p>
   </div>
   <div class='ocr_carea' id='block_1_79' title="bbox 2174 3713 3754 3785">
    <p class='ocr_par' dir='ltr' id='par_1_79' title="bbox 2174 3713 3754 3785">
     <span class='ocr_line' id='line_1_80' title="bbox 2174 3713 3754 3785; baseline 0 -16"><span class='ocrx_word' id='word_1_589' title='bbox 2174 3715 2321 3780; x_wconf 83' lang='lat' dir='ltr'>Veni,</span> <span class='ocrx_word' id='word_1_590' title='bbox 2346 3729 2509 3785; x_wconf 81' lang='lat' dir='ltr'>nepos</span> <span class='ocrx_word' id='word_1_591' title='bbox 2534 3714 2633 3781; x_wconf 87' lang='lat' dir='ltr'>mi,</span> <span class='ocrx_word' id='word_1_592' title='bbox 2657 3713 3012 3782; x_wconf 80' lang='lat' dir='ltr'>egrediamur</span> <span class='ocrx_word' id='word_1_593' title='bbox 3026 3714 3084 3769; x_wconf 87' lang='lat' dir='ltr'>in</span> <span class='ocrx_word' id='word_1_594' title='bbox 3106 3731 3323 3785; x_wconf 84' lang='lat' dir='ltr'>agrum,</span> <span class='ocrx_word' id='word_1_595' title='bbox 3347 3731 3754 3771; x_wconf 83' lang='lat' dir='ltr'>commoremur</span> 
     </span>
    </p>
   </div>
   <div class='ocr_carea' id='block_1_80' title="bbox 2097 3760 3758 3855">
    <p class='ocr_par' dir='ltr' id='par_1_80' title="bbox 2097 3760 3758 3855">
     <span class='ocr_line' id='line_1_81' title="bbox 2097 3760 3758 3855; baseline 0.002 -17"><span class='ocrx_word' id='word_1_596' title='bbox 2097 3786 2155 3838; x_wconf 88' lang='lat' dir='ltr'>in</span> <span class='ocrx_word' id='word_1_597' title='bbox 2182 3760 2347 3850; x_wconf 74' lang='grc' dir='ltr'>υίιιίὲ,</span> <span class='ocrx_word' id='word_1_598' title='bbox 2380 3760 2543 3840; x_wconf 60' lang='lat' dir='ltr'>niane</span> <span class='ocrx_word' id='word_1_599' title='bbox 2579 3760 2870 3855; x_wconf 52' lang='lat' dir='ltr'>surgamus</span> <span class='ocrx_word' id='word_1_600' title='bbox 2899 3786 2967 3840; x_wconf 85' lang='lat' dir='ltr'>ad</span> <span class='ocrx_word' id='word_1_601' title='bbox 2987 3760 3200 3855; x_wconf 48' lang='lat' dir='ltr'>uineaas,</span> <span class='ocrx_word' id='word_1_602' title='bbox 3227 3760 3513 3841; x_wconf 65' lang='lat' dir='ltr'>videamus</span> <span class='ocrx_word' id='word_1_603' title='bbox 3528 3805 3601 3841; x_wconf 90' lang='lat' dir='ltr'>an</span> <span class='ocrx_word' id='word_1_604' title='bbox 3624 3787 3758 3842; x_wconf 88' lang='lat' dir='ltr'>vitis</span> 
     </span>
    </p>
   </div>
   <div class='ocr_carea' id='block_1_81' title="bbox 2097 3858 3755 3927">
    <p class='ocr_par' dir='ltr' id='par_1_81' title="bbox 2097 3858 3755 3927">
     <span class='ocr_line' id='line_1_82' title="bbox 2097 3858 3755 3927; baseline 0.001 -16"><span class='ocrx_word' id='word_1_605' title='bbox 2097 3858 2375 3925; x_wconf 85' lang='lat' dir='ltr'>ﬂoruerit,</span> <span class='ocrx_word' id='word_1_606' title='bbox 2436 3874 2507 3910; x_wconf 89' lang='lat' dir='ltr'>an</span> <span class='ocrx_word' id='word_1_607' title='bbox 2562 3858 2817 3925; x_wconf 85' lang='lat' dir='ltr'>ﬂoruerit</span> <span class='ocrx_word' id='word_1_608' title='bbox 2874 3872 3116 3927; x_wconf 81' lang='lat' dir='ltr'>germen,</span> <span class='ocrx_word' id='word_1_609' title='bbox 3170 3874 3243 3911; x_wconf 88' lang='lat' dir='ltr'>an</span> <span class='ocrx_word' id='word_1_610' title='bbox 3271 3858 3562 3926; x_wconf 83' lang='lat' dir='ltr'>ﬂoruermt</span> <span class='ocrx_word' id='word_1_611' title='bbox 3603 3859 3755 3912; x_wconf 85' lang='lat' dir='ltr'>mala</span> 
     </span>
    </p>
   </div>
   <div class='ocr_carea' id='block_1_82' title="bbox 2095 3928 3755 4000">
    <p class='ocr_par' dir='ltr' id='par_1_82' title="bbox 2095 3928 3755 4000">
     <span class='ocr_line' id='line_1_83' title="bbox 2095 3928 3755 4000; baseline 0.001 -18"><span class='ocrx_word' id='word_1_612' title='bbox 2095 3931 2321 3997; x_wconf 83' lang='lat' dir='ltr'>punica.</span> <span class='ocrx_word' id='word_1_613' title='bbox 2356 3929 2477 3983; x_wconf 85' lang='lat' dir='ltr'>Ittic</span> <span class='ocrx_word' id='word_1_614' title='bbox 2505 3928 2642 3982; x_wconf 87' lang='lat' dir='ltr'>dabo</span> <span class='ocrx_word' id='word_1_615' title='bbox 2672 3929 2777 3982; x_wconf 87' lang='lat' dir='ltr'>tibi</span> <span class='ocrx_word' id='word_1_616' title='bbox 2806 3928 2979 3982; x_wconf 86' lang='lat' dir='ltr'>ubera</span> <span class='ocrx_word' id='word_1_617' title='bbox 3009 3944 3151 3983; x_wconf 89' lang='lat' dir='ltr'>mea.</span> <span class='ocrx_word' id='word_1_618' title='bbox 3212 3931 3603 4000; x_wconf 74' lang='lat' dir='ltr'>Mandragorae</span> <span class='ocrx_word' id='word_1_619' title='bbox 3660 3931 3755 3984; x_wconf 85' lang='lat' dir='ltr'>de-</span> 
     </span>
    </p>
   </div>
   <div class='ocr_carea' id='block_1_83' title="bbox 2099 3999 3755 4069">
    <p class='ocr_par' dir='ltr' id='par_1_83' title="bbox 2099 3999 3755 4069">
     <span class='ocr_line' id='line_1_84' title="bbox 2099 3999 3755 4069; baseline 0.001 -16"><span class='ocrx_word' id='word_1_620' title='bbox 2099 3999 2298 4055; x_wconf 86' lang='lat' dir='ltr'>derunt</span> <span class='ocrx_word' id='word_1_621' title='bbox 2339 4000 2581 4064; x_wconf 86' lang='lat' dir='ltr'>odorem,</span> <span class='ocrx_word' id='word_1_622' title='bbox 2644 4009 2695 4055; x_wconf 86' lang='lat' dir='ltr'>ct</span> <span class='ocrx_word' id='word_1_623' title='bbox 2751 4002 2811 4053; x_wconf 85' lang='lat' dir='ltr'>in</span> <span class='ocrx_word' id='word_1_624' title='bbox 2858 4001 3035 4069; x_wconf 82' lang='lat' dir='ltr'>portis</span> <span class='ocrx_word' id='word_1_625' title='bbox 3082 4002 3280 4054; x_wconf 86' lang='lat' dir='ltr'>nostris</span> <span class='ocrx_word' id='word_1_626' title='bbox 3332 3999 3520 4055; x_wconf 83' lang='lat' dir='ltr'>omnes</span> <span class='ocrx_word' id='word_1_627' title='bbox 3588 4016 3755 4055; x_wconf 80' lang='lat' dir='ltr'>nuces</span> 
     </span>
    </p>
   </div>
   <div class='ocr_carea' id='block_1_84' title="bbox 2100 4070 3752 4143">
    <p class='ocr_par' dir='ltr' id='par_1_84' title="bbox 2100 4070 3752 4143">
     <span class='ocr_line' id='line_1_85' title="bbox 2100 4070 3752 4143; baseline 0.001 -17"><span class='ocrx_word' id='word_1_628' title='bbox 2100 4088 2268 4126; x_wconf 87' lang='lat' dir='ltr'>novas</span> <span class='ocrx_word' id='word_1_629' title='bbox 2289 4086 2453 4141; x_wconf 87' lang='lat' dir='ltr'>super</span> <span class='ocrx_word' id='word_1_630' title='bbox 2482 4079 2687 4126; x_wconf 80' lang='lat' dir='ltr'>veteres</span> <span class='ocrx_word' id='word_1_631' title='bbox 2714 4087 2847 4142; x_wconf 87' lang='lat' dir='ltr'>quas</span> <span class='ocrx_word' id='word_1_632' title='bbox 2868 4070 3015 4127; x_wconf 85' lang='lat' dir='ltr'>dedit</span> <span class='ocrx_word' id='word_1_633' title='bbox 3048 4071 3194 4126; x_wconf 74' lang='lat' dir='ltr'>milii</span> <span class='ocrx_word' id='word_1_634' title='bbox 3222 4074 3400 4127; x_wconf 88' lang='lat' dir='ltr'>mater</span> <span class='ocrx_word' id='word_1_635' title='bbox 3428 4088 3752 4143; x_wconf 81' lang='lat' dir='ltr'>mea,nepos</span> 
     </span>
    </p>
   </div>
   <div class='ocr_carea' id='block_1_85' title="bbox 2100 4144 2608 4213">
    <p class='ocr_par' dir='ltr' id='par_1_85' title="bbox 2100 4144 2608 4213">
     <span class='ocr_line' id='line_1_86' title="bbox 2100 4144 2608 4213; baseline -0.006 -15"><span class='ocrx_word' id='word_1_636' title='bbox 2100 4160 2202 4213; x_wconf 78' lang='lat' dir='ltr'>mi,</span> <span class='ocrx_word' id='word_1_637' title='bbox 2234 4146 2449 4198; x_wconf 86' lang='lat' dir='ltr'>servavi</span> <span class='ocrx_word' id='word_1_638' title='bbox 2481 4144 2608 4198; x_wconf 87' lang='lat' dir='ltr'>tibi.</span> 
     </span>
    </p>
   </div>
   <div class='ocr_carea' id='block_1_86' title="bbox 2701 4249 3166 4304">
    <p class='ocr_par' dir='ltr' id='par_1_86' title="bbox 2701 4249 3166 4304">
     <span class='ocr_line' id='line_1_87' title="bbox 2701 4249 3166 4304; baseline 0 -2"><span class='ocrx_word' id='word_1_639' title='bbox 2701 4249 2881 4303; x_wconf 85' lang='lat' dir='ltr'>Trium</span> <span class='ocrx_word' id='word_1_640' title='bbox 2914 4250 3166 4304; x_wconf 86' lang='lat' dir='ltr'>Patrum.</span> 
     </span>
    </p>
   </div>
   <div class='ocr_carea' id='block_1_87' title="bbox 2179 4354 3764 4428">
    <p class='ocr_par' dir='ltr' id='par_1_87' title="bbox 2179 4354 3764 4428">
     <span class='ocr_line' id='line_1_88' title="bbox 2179 4354 3764 4428; baseline 0 -17"><span class='ocrx_word' id='word_1_641' title='bbox 2179 4362 2404 4428; x_wconf 88' lang='lat' dir='ltr'>Sponsa</span> <span class='ocrx_word' id='word_1_642' title='bbox 2436 4354 2619 4427; x_wconf 88' lang='lat' dir='ltr'>igitur</span> <span class='ocrx_word' id='word_1_643' title='bbox 2643 4356 2712 4410; x_wconf 90' lang='lat' dir='ltr'>ad</span> <span class='ocrx_word' id='word_1_644' title='bbox 2748 4354 3069 4426; x_wconf 78' lang='lat' dir='ltr'>discipulus</span> <span class='ocrx_word' id='word_1_645' title='bbox 3114 4355 3301 4412; x_wconf 88' lang='lat' dir='ltr'>dicit:</span> <span class='ocrx_word' id='word_1_646' title='bbox 3357 4357 3485 4412; x_wconf 86' lang='lat' dir='ltr'>Jam</span> <span class='ocrx_word' id='word_1_647' title='bbox 3548 4372 3764 4428; x_wconf 87' lang='lat' dir='ltr'>sponso</span> 
     </span>
    </p>
   </div>
   <div class='ocr_carea' id='block_1_88' title="bbox 2110 4444 3759 4516">
    <p class='ocr_par' dir='ltr' id='par_1_88' title="bbox 2110 4444 3759 4516">
     <span class='ocr_line' id='line_1_89' title="bbox 2110 4444 3759 4516; baseline 0 -17"><span class='ocrx_word' id='word_1_648' title='bbox 2110 4461 2237 4500; x_wconf 89' lang='lat' dir='ltr'>meo</span> <span class='ocrx_word' id='word_1_649' title='bbox 2272 4461 2471 4516; x_wconf 87' lang='lat' dir='ltr'>preces</span> <span class='ocrx_word' id='word_1_650' title='bbox 2504 4448 2731 4499; x_wconf 83' lang='lat' dir='ltr'>vestras</span> <span class='ocrx_word' id='word_1_651' title='bbox 2764 4460 3058 4515; x_wconf 85' lang='lat' dir='ltr'>exponens</span> <span class='ocrx_word' id='word_1_652' title='bbox 3082 4444 3212 4499; x_wconf 87' lang='lat' dir='ltr'>dico</span> <span class='ocrx_word' id='word_1_653' title='bbox 3240 4462 3253 4500; x_wconf 90' lang='lat'><strong>:</strong></span> <span class='ocrx_word' id='word_1_654' title='bbox 3292 4446 3441 4512; x_wconf 80' lang='lat' dir='ltr'>Veni,</span> <span class='ocrx_word' id='word_1_655' title='bbox 3472 4461 3637 4516; x_wconf 86' lang='lat' dir='ltr'>nepos</span> <span class='ocrx_word' id='word_1_656' title='bbox 3658 4446 3759 4512; x_wconf 89' lang='lat' dir='ltr'>mi,</span> 
     </span>
    </p>
   </div>
   <div class='ocr_carea' id='block_1_89' title="bbox 2107 4533 3767 4605">
    <p class='ocr_par' dir='ltr' id='par_1_89' title="bbox 2107 4533 3767 4605">
     <span class='ocr_line' id='line_1_90' title="bbox 2107 4533 3767 4605; baseline -0.002 -15"><span class='ocrx_word' id='word_1_657' title='bbox 2107 4534 2456 4605; x_wconf 68' lang='lat' dir='ltr'>egrediantur</span> <span class='ocrx_word' id='word_1_658' title='bbox 2488 4535 2544 4587; x_wconf 89' lang='lat' dir='ltr'>in</span> <span class='ocrx_word' id='word_1_659' title='bbox 2568 4549 2783 4603; x_wconf 84' lang='lat' dir='ltr'>agrum.</span> <span class='ocrx_word' id='word_1_660' title='bbox 2819 4537 2959 4603; x_wconf 82' lang='lat' dir='ltr'>Age,</span> <span class='ocrx_word' id='word_1_661' title='bbox 2993 4534 3205 4588; x_wconf 85' lang='lat' dir='ltr'>dilecte</span> <span class='ocrx_word' id='word_1_662' title='bbox 3238 4533 3339 4600; x_wconf 89' lang='lat' dir='ltr'>mi,</span> <span class='ocrx_word' id='word_1_663' title='bbox 3364 4550 3663 4601; x_wconf 80' lang='lat' dir='ltr'>exeamus,</span> <span class='ocrx_word' id='word_1_664' title='bbox 3709 4538 3767 4588; x_wconf 90' lang='lat' dir='ltr'>et</span> 
     </span>
    </p>
   </div>
   <div class='ocr_carea' id='block_1_90' title="bbox 338 4595 1988 4695">
    <p class='ocr_par' dir='ltr' id='par_1_90' title="bbox 338 4595 1988 4695">
     <span class='ocr_line' id='line_1_91' title="bbox 338 4595 1988 4695; baseline -0.002 -20"><span class='ocrx_word' id='word_1_665' title='bbox 338 4595 522 4695; x_wconf 77' lang='grc' dir='ltr'>ἀγρόν·</span> <span class='ocrx_word' id='word_1_666' title='bbox 587 4595 804 4686; x_wconf 40' lang='lat' dir='ltr'>bii-tow,</span> <span class='ocrx_word' id='word_1_667' title='bbox 863 4595 1051 4693; x_wconf 75' lang='grc' dir='ltr'>Δεῦρο,</span> <span class='ocrx_word' id='word_1_668' title='bbox 1115 4595 1524 4691; x_wconf 28' lang='lat' dir='ltr'>a’tyctrrntévpou,</span> <span class='ocrx_word' id='word_1_669' title='bbox 1557 4595 1859 4689; x_wconf 69' lang='grc' dir='ltr'>ἐξέλθωμεν</span> <span class='ocrx_word' id='word_1_670' title='bbox 1891 4615 1988 4691; x_wconf 80' lang='grc' dir='ltr'>ἐγώ</span> 
     </span>
    </p>
   </div>
   <div class='ocr_carea' id='block_1_91' title="bbox 2101 4595 3765 4695">
    <p class='ocr_par' dir='ltr' id='par_1_91' title="bbox 2110 4595 3765 4694">
     <span class='ocr_line' id='line_1_92' title="bbox 2110 4595 3765 4694; baseline -0.001 -15"><span class='ocrx_word' id='word_1_671' title='bbox 2110 4595 2215 4694; x_wconf 53' lang='lat' dir='ltr'>ego</span> <span class='ocrx_word' id='word_1_672' title='bbox 2248 4639 2378 4694; x_wconf 68' lang='lat' dir='ltr'>quas</span> <span class='ocrx_word' id='word_1_673' title='bbox 2411 4630 2465 4677; x_wconf 89' lang='lat' dir='ltr'>te</span> <span class='ocrx_word' id='word_1_674' title='bbox 2498 4595 2743 4693; x_wconf 77' lang='lat' dir='ltr'>mystice</span> <span class='ocrx_word' id='word_1_675' title='bbox 2774 4595 3157 4693; x_wconf 54' lang='lat' dir='ltr'>contemplor,</span> <span class='ocrx_word' id='word_1_676' title='bbox 3192 4628 3248 4677; x_wconf 81' lang='lat' dir='ltr'>et</span> <span class='ocrx_word' id='word_1_677' title='bbox 3278 4595 3342 4677; x_wconf 85' lang='lat' dir='ltr'>tu</span> <span class='ocrx_word' id='word_1_678' title='bbox 3376 4623 3475 4693; x_wconf 87' lang='lat' dir='ltr'>qui</span> <span class='ocrx_word' id='word_1_679' title='bbox 3508 4623 3590 4677; x_wconf 89' lang='lat' dir='ltr'>sic</span> <span class='ocrx_word' id='word_1_680' title='bbox 3614 4595 3765 4677; x_wconf 23' lang='lat' dir='ltr'>sime</span> 
     </span>
    </p>
   </div>
   <div class='ocr_carea' id='block_1_92' title="bbox 340 4704 2000 4782">
    <p class='ocr_par' dir='ltr' id='par_1_92' title="bbox 340 4704 2000 4782">
     <span class='ocr_line' id='line_1_93' title="bbox 340 4704 2000 4782; baseline -0.002 -17"><span class='ocrx_word' id='word_1_681' title='bbox 340 4731 399 4765; x_wconf 86' lang='grc' dir='ltr'>τε</span> <span class='ocrx_word' id='word_1_682' title='bbox 454 4710 488 4779; x_wconf 80' lang='grc' dir='ltr'>ἡ</span> <span class='ocrx_word' id='word_1_683' title='bbox 554 4712 827 4781; x_wconf 80' lang='grc' dir='ltr'>μυστικῶς</span> <span class='ocrx_word' id='word_1_684' title='bbox 887 4704 1166 4782; x_wconf 77' lang='grc' dir='ltr'>θεωροῦσά</span> <span class='ocrx_word' id='word_1_685' title='bbox 1219 4727 1298 4775; x_wconf 88' lang='grc' dir='ltr'>σε,</span> <span class='ocrx_word' id='word_1_686' title='bbox 1330 4706 1416 4760; x_wconf 80' lang='grc' dir='ltr'>καὶ</span> <span class='ocrx_word' id='word_1_687' title='bbox 1453 4705 1610 4766; x_wconf 83' lang='grc' dir='ltr'>αὐτὸς</span> <span class='ocrx_word' id='word_1_688' title='bbox 1643 4706 1670 4758; x_wconf 88' lang='lat'>6</span> <span class='ocrx_word' id='word_1_689' title='bbox 1703 4705 1875 4769; x_wconf 79' lang='grc' dir='ltr'>οὕτως</span> <span class='ocrx_word' id='word_1_690' title='bbox 1907 4727 2000 4780; x_wconf 91' lang='grc' dir='ltr'>μοι</span> 
     </span>
    </p>
   </div>
   <div class='ocr_carea' id='block_1_93' title="bbox 346 4795 2000 4873">
    <p class='ocr_par' dir='ltr' id='par_1_93' title="bbox 346 4795 2000 4873">
     <span class='ocr_line' id='line_1_94' title="bbox 346 4795 2000 4873; baseline -0.002 -20"><span class='ocrx_word' id='word_1_691' title='bbox 346 4797 751 4873; x_wconf 77' lang='grc' dir='ltr'>θεωρούμενος,</span> <span class='ocrx_word' id='word_1_692' title='bbox 807 4796 943 4871; x_wconf 84' lang='grc' dir='ltr'>πρὸς</span> <span class='ocrx_word' id='word_1_693' title='bbox 1001 4796 1093 4851; x_wconf 83' lang='grc' dir='ltr'>τὸν</span> <span class='ocrx_word' id='word_1_694' title='bbox 1148 4795 1315 4870; x_wconf 82' lang='grc' dir='ltr'>χορὸν</span> <span class='ocrx_word' id='word_1_695' title='bbox 1375 4799 1483 4848; x_wconf 88' lang='grc' dir='ltr'>τῶν</span> <span class='ocrx_word' id='word_1_696' title='bbox 1545 4796 2000 4867; x_wconf 78' lang='grc' dir='ltr'>μαθητευομὲνων</span> 
     </span>
    </p>
   </div>
   <div class='ocr_carea' id='block_1_94' title="bbox 356 4879 2005 4962">
    <p class='ocr_par' dir='ltr' id='par_1_94' title="bbox 356 4879 2005 4962">
     <span class='ocr_line' id='line_1_95' title="bbox 356 4879 2005 4962; baseline -0.002 -20"><span class='ocrx_word' id='word_1_697' title='bbox 356 4909 475 4960; x_wconf 85' lang='grc' dir='ltr'>μοι,</span> <span class='ocrx_word' id='word_1_698' title='bbox 510 4886 569 4942; x_wconf 77' lang='grc' dir='ltr'>δν</span> <span class='ocrx_word' id='word_1_699' title='bbox 624 4882 806 4962; x_wconf 80' lang='grc' dir='ltr'>ὥσπερ</span> <span class='ocrx_word' id='word_1_700' title='bbox 856 4884 1018 4961; x_wconf 85' lang='grc' dir='ltr'>ἀγρόν</span> <span class='ocrx_word' id='word_1_701' title='bbox 1056 4906 1177 4940; x_wconf 87' lang='grc' dir='ltr'>τινα</span> <span class='ocrx_word' id='word_1_702' title='bbox 1205 4879 1480 4958; x_wconf 76' lang='grc' dir='ltr'>τριϐόλων</span> <span class='ocrx_word' id='word_1_703' title='bbox 1504 4882 1593 4938; x_wconf 83' lang='grc' dir='ltr'>καὶ</span> <span class='ocrx_word' id='word_1_704' title='bbox 1626 4883 1867 4947; x_wconf 78' lang='grc' dir='ltr'>ἀκανθῶν</span> <span class='ocrx_word' id='word_1_705' title='bbox 1897 4890 2005 4939; x_wconf 88' lang='grc' dir='ltr'>τῶν</span> 
     </span>
    </p>
   </div>
   <div class='ocr_carea' id='block_1_95' title="bbox 349 4971 2004 5052">
    <p class='ocr_par' dir='ltr' id='par_1_95' title="bbox 349 4971 2004 5052">
     <span class='ocr_line' id='line_1_96' title="bbox 349 4971 2004 5052; baseline -0.003 -21"><span class='ocrx_word' id='word_1_706' title='bbox 349 4979 775 5052; x_wconf 85' lang='grc' dir='ltr'>συμπνιγουσῶν</span> <span class='ocrx_word' id='word_1_707' title='bbox 836 4975 1020 5042; x_wconf 80' lang='grc' dir='ltr'>αὐτὸν,</span> <span class='ocrx_word' id='word_1_708' title='bbox 1074 4977 1169 5028; x_wconf 78' lang='grc' dir='ltr'>τοῦ</span> <span class='ocrx_word' id='word_1_709' title='bbox 1201 4974 1322 5049; x_wconf 88' lang='grc' dir='ltr'>βιου</span> <span class='ocrx_word' id='word_1_710' title='bbox 1371 4976 1648 5048; x_wconf 78' lang='grc' dir='ltr'>μεριμνῶν</span> <span class='ocrx_word' id='word_1_711' title='bbox 1695 4973 1786 5027; x_wconf 84' lang='grc' dir='ltr'>καὶ</span> <span class='ocrx_word' id='word_1_712' title='bbox 1850 4971 2004 5048; x_wconf 87' lang='grc' dir='ltr'>λογι-</span> 
     </span>
    </p>
   </div>
   <div class='ocr_carea' id='block_1_96' title="bbox 349 5059 2004 5139">
    <p class='ocr_par' dir='ltr' id='par_1_96' title="bbox 349 5059 2004 5139">
     <span class='ocr_line' id='line_1_97' title="bbox 349 5059 2004 5139; baseline -0.003 -19"><span class='ocrx_word' id='word_1_713' title='bbox 349 5069 503 5138; x_wconf 83' lang='grc' dir='ltr'>σμῶν</span> <span class='ocrx_word' id='word_1_714' title='bbox 556 5064 838 5139; x_wconf 79' lang='grc' dir='ltr'>ἐμπαθῶν,</span> <span class='ocrx_word' id='word_1_715' title='bbox 911 5062 1223 5138; x_wconf 78' lang='grc' dir='ltr'>ἐξεκάθηρα·</span> <span class='ocrx_word' id='word_1_716' title='bbox 1284 5061 1587 5135; x_wconf 67' lang='grc' dir='ltr'>ἐξέλθωμεν</span> <span class='ocrx_word' id='word_1_717' title='bbox 1644 5059 1700 5116; x_wconf 67' lang='grc' dir='ltr'>δὲ</span> <span class='ocrx_word' id='word_1_718' title='bbox 1759 5062 2004 5136; x_wconf 83' lang='grc' dir='ltr'>φανερώ-</span> 
     </span>
    </p>
   </div>
   <div class='ocr_carea' id='block_1_97' title="bbox 350 5150 2001 5229">
    <p class='ocr_par' dir='ltr' id='par_1_97' title="bbox 350 5150 2001 5229">
     <span class='ocr_line' id='line_1_98' title="bbox 350 5150 2001 5229; baseline -0.002 -21"><span class='ocrx_word' id='word_1_719' title='bbox 350 5174 540 5217; x_wconf 86' lang='grc' dir='ltr'>σαντες</span> <span class='ocrx_word' id='word_1_720' title='bbox 600 5154 747 5225; x_wconf 81' lang='grc' dir='ltr'>αύτῷ</span> <span class='ocrx_word' id='word_1_721' title='bbox 804 5154 898 5222; x_wconf 76' lang='grc' dir='ltr'>τήν</span> <span class='ocrx_word' id='word_1_722' title='bbox 967 5153 1336 5224; x_wconf 71' lang='grc' dir='ltr'>πνευματικήν</span> <span class='ocrx_word' id='word_1_723' title='bbox 1398 5150 1679 5229; x_wconf 63' lang='grc' dir='ltr'>συνάφειαν</span> <span class='ocrx_word' id='word_1_724' title='bbox 1733 5152 1894 5224; x_wconf 67' lang='grc' dir='ltr'>ἡμῶν</span> <span class='ocrx_word' id='word_1_725' title='bbox 1950 5152 2001 5205; x_wconf 75' lang='grc' dir='ltr'>ὲν</span> 
     </span>
    </p>
   </div>
   <div class='ocr_carea' id='block_1_98' title="bbox 350 5237 2004 5318">
    <p class='ocr_par' dir='ltr' id='par_1_98' title="bbox 350 5237 2004 5318">
     <span class='ocr_line' id='line_1_99' title="bbox 350 5237 2004 5318; baseline -0.002 -20"><span class='ocrx_word' id='word_1_726' title='bbox 350 5248 467 5305; x_wconf 85' lang='grc' dir='ltr'>τοῖς</span> <span class='ocrx_word' id='word_1_727' title='bbox 526 5244 662 5298; x_wconf 80' lang='grc' dir='ltr'>κατὰ</span> <span class='ocrx_word' id='word_1_728' title='bbox 704 5244 895 5318; x_wconf 77' lang='grc' dir='ltr'>πρᾶξιν</span> <span class='ocrx_word' id='word_1_729' title='bbox 955 5242 1183 5318; x_wconf 90' lang='grc' dir='ltr'>τρόποις</span> <span class='ocrx_word' id='word_1_730' title='bbox 1232 5246 1341 5296; x_wconf 89' lang='grc' dir='ltr'>τῶν</span> <span class='ocrx_word' id='word_1_731' title='bbox 1371 5240 1597 5314; x_wconf 85' lang='grc' dir='ltr'>ἀρετῶν.</span> <span class='ocrx_word' id='word_1_732' title='bbox 1632 5240 1898 5310; x_wconf 76' lang='grc' dir='ltr'>Ἐξιόντις</span> <span class='ocrx_word' id='word_1_733' title='bbox 1937 5237 2004 5309; x_wconf 79' lang='grc' dir='ltr'>δ’,</span> 
     </span>
    </p>
   </div>
   <div class='ocr_carea' id='block_1_99' title="bbox 358 5328 2009 5407">
    <p class='ocr_par' dir='ltr' id='par_1_99' title="bbox 358 5328 2009 5407">
     <span class='ocr_line' id='line_1_100' title="bbox 358 5328 2009 5407; baseline -0.001 -21"><span class='ocrx_word' id='word_1_734' title='bbox 358 5332 432 5394; x_wconf 85' lang='grc' dir='ltr'>ὡς</span> <span class='ocrx_word' id='word_1_735' title='bbox 484 5331 697 5407; x_wconf 76' lang='grc' dir='ltr'>ε’ίρηται</span> <span class='ocrx_word' id='word_1_736' title='bbox 732 5376 746 5398; x_wconf 90' lang='grc'>,</span> <span class='ocrx_word' id='word_1_737' title='bbox 798 5330 1143 5405; x_wconf 80' lang='grc' dir='ltr'>αύλισθῶμεν</span> <span class='ocrx_word' id='word_1_738' title='bbox 1204 5329 1255 5385; x_wconf 84' lang='grc' dir='ltr'>ἐν</span> <span class='ocrx_word' id='word_1_739' title='bbox 1303 5331 1540 5402; x_wconf 85' lang='grc' dir='ltr'>κώμαις·</span> <span class='ocrx_word' id='word_1_740' title='bbox 1594 5328 1791 5405; x_wconf 70' lang='grc' dir='ltr'>ἤγουν,</span> <span class='ocrx_word' id='word_1_741' title='bbox 1844 5350 2009 5384; x_wconf 59' lang='grc' dir='ltr'>κατα.</span> 
     </span>
    </p>
   </div>
   <div class='ocr_carea' id='block_1_100' title="bbox 358 5418 2009 5496">
    <p class='ocr_par' dir='ltr' id='par_1_100' title="bbox 358 5418 2009 5496">
     <span class='ocr_line' id='line_1_101' title="bbox 358 5418 2009 5496; baseline -0.002 -19"><span class='ocrx_word' id='word_1_742' title='bbox 358 5418 733 5495; x_wconf 82' lang='grc' dir='ltr'>σκηδώσωμεν</span> <span class='ocrx_word' id='word_1_743' title='bbox 796 5420 847 5476; x_wconf 69' lang='grc' dir='ltr'>ἒν</span> <span class='ocrx_word' id='word_1_744' title='bbox 908 5424 1135 5496; x_wconf 78' lang='grc' dir='ltr'>ψυχαῖς,</span> <span class='ocrx_word' id='word_1_745' title='bbox 1193 5424 1273 5491; x_wconf 80' lang='grc' dir='ltr'>τῶ</span> <span class='ocrx_word' id='word_1_746' title='bbox 1332 5418 1559 5492; x_wconf 84' lang='grc' dir='ltr'>ὀνόματί</span> <span class='ocrx_word' id='word_1_747' title='bbox 1591 5440 1685 5472; x_wconf 85' lang='grc' dir='ltr'>σου</span> <span class='ocrx_word' id='word_1_748' title='bbox 1716 5420 1887 5480; x_wconf 88' lang='grc' dir='ltr'>πάσας</span> <span class='ocrx_word' id='word_1_749' title='bbox 1910 5420 2009 5481; x_wconf 82' lang='grc' dir='ltr'>τὰς</span> 
     </span>
    </p>
   </div>
   <div class='ocr_carea' id='block_1_101' title="bbox 354 5506 2011 5587">
    <p class='ocr_par' dir='ltr' id='par_1_101' title="bbox 354 5506 2011 5587">
     <span class='ocr_line' id='line_1_102' title="bbox 354 5506 2011 5587; baseline -0.004 -20"><span class='ocrx_word' id='word_1_750' title='bbox 354 5512 716 5587; x_wconf 71' lang='grc' dir='ltr'>θιωρητικᾶς,</span> <span class='ocrx_word' id='word_1_751' title='bbox 766 5510 989 5574; x_wconf 75' lang='grc' dir='ltr'>καὶτὰς</span> <span class='ocrx_word' id='word_1_752' title='bbox 1041 5510 1319 5585; x_wconf 76' lang='grc' dir='ltr'>ὀρεκτικᾶς</span> <span class='ocrx_word' id='word_1_753' title='bbox 1354 5506 1608 5582; x_wconf 85' lang='grc' dir='ltr'>δυνάμεις</span> <span class='ocrx_word' id='word_1_754' title='bbox 1663 5507 1859 5577; x_wconf 82' lang='grc' dir='ltr'>αὐτῶν,</span> <span class='ocrx_word' id='word_1_755' title='bbox 1919 5507 2011 5563; x_wconf 84' lang='grc' dir='ltr'>καὶ</span> 
     </span>
    </p>
   </div>
   <div class='ocr_carea' id='block_1_102' title="bbox 358 5596 2010 5674">
    <p class='ocr_par' dir='ltr' id='par_1_102' title="bbox 358 5596 2010 5674">
     <span class='ocr_line' id='line_1_103' title="bbox 358 5596 2010 5674; baseline -0.001 -20"><span class='ocrx_word' id='word_1_756' title='bbox 358 5600 455 5663; x_wconf 78' lang='grc' dir='ltr'>τὰς</span> <span class='ocrx_word' id='word_1_757' title='bbox 506 5600 785 5671; x_wconf 70' lang='grc' dir='ltr'>αἳσθήσεις</span> <span class='ocrx_word' id='word_1_758' title='bbox 830 5599 918 5654; x_wconf 78' lang='grc' dir='ltr'>ἐπὶ</span> <span class='ocrx_word' id='word_1_759' title='bbox 966 5600 1029 5654; x_wconf 90' lang='grc' dir='ltr'>τὸ</span> <span class='ocrx_word' id='word_1_760' title='bbox 1088 5598 1216 5654; x_wconf 77' lang='grc' dir='ltr'>αὖτό</span> <span class='ocrx_word' id='word_1_761' title='bbox 1274 5596 1771 5674; x_wconf 81' lang='grc' dir='ltr'>συναθροιζούσαις,</span> <span class='ocrx_word' id='word_1_762' title='bbox 1819 5600 2010 5673; x_wconf 77' lang='grc' dir='ltr'>οἴᾶπιρ</span> 
     </span>
    </p>
   </div>
   <div class='ocr_carea' id='block_1_103' title="bbox 363 5683 2010 5763">
    <p class='ocr_par' dir='ltr' id='par_1_103' title="bbox 363 5683 2010 5763">
     <span class='ocr_line' id='line_1_104' title="bbox 363 5683 2010 5763; baseline 0.001 -22"><span class='ocrx_word' id='word_1_763' title='bbox 363 5691 545 5763; x_wconf 86' lang='grc' dir='ltr'>κῶμαι</span> <span class='ocrx_word' id='word_1_764' title='bbox 588 5686 718 5750; x_wconf 83' lang='grc' dir='ltr'>τοὺς</span> <span class='ocrx_word' id='word_1_765' title='bbox 769 5686 1051 5751; x_wconf 73' lang='grc' dir='ltr'>οἰκοῦντας</span> <span class='ocrx_word' id='word_1_766' title='bbox 1096 5684 1276 5750; x_wconf 78' lang='grc' dir='ltr'>αὐτάς.</span> <span class='ocrx_word' id='word_1_767' title='bbox 1326 5684 1503 5749; x_wconf 79' lang='grc' dir='ltr'>Αὐτὸς</span> <span class='ocrx_word' id='word_1_768' title='bbox 1565 5686 1660 5759; x_wconf 76' lang='grc' dir='ltr'>μὶν</span> <span class='ocrx_word' id='word_1_769' title='bbox 1693 5683 2010 5762; x_wconf 71' lang='grc' dir='ltr'>οἷ’κητήριόν</span> 
     </span>
    </p>
   </div>
   <div class='ocr_carea' id='block_1_104' title="bbox 2112 4709 3762 4783">
    <p class='ocr_par' dir='ltr' id='par_1_104' title="bbox 2112 4709 3762 4783">
     <span class='ocr_line' id='line_1_105' title="bbox 2112 4709 3762 4783; baseline -0.002 -15"><span class='ocrx_word' id='word_1_770' title='bbox 2112 4709 2415 4783; x_wconf 86' lang='lat' dir='ltr'>spectaris,</span> <span class='ocrx_word' id='word_1_771' title='bbox 2443 4711 2515 4765; x_wconf 89' lang='lat' dir='ltr'>ad</span> <span class='ocrx_word' id='word_1_772' title='bbox 2548 4710 2792 4765; x_wconf 77' lang='lat' dir='ltr'>chorum</span> <span class='ocrx_word' id='word_1_773' title='bbox 2817 4710 3241 4782; x_wconf 88' lang='lat' dir='ltr'>discipularum</span> <span class='ocrx_word' id='word_1_774' title='bbox 3268 4726 3530 4765; x_wconf 88' lang='lat' dir='ltr'>mearum</span> <span class='ocrx_word' id='word_1_775' title='bbox 3554 4727 3565 4764; x_wconf 88' lang='lat'>:</span> <span class='ocrx_word' id='word_1_776' title='bbox 3590 4725 3762 4782; x_wconf 89' lang='lat' dir='ltr'>quem</span> 
     </span>
    </p>
   </div>
   <div class='ocr_carea' id='block_1_105' title="bbox 2112 4801 3765 4874">
    <p class='ocr_par' dir='ltr' id='par_1_105' title="bbox 2112 4801 3765 4874">
     <span class='ocr_line' id='line_1_106' title="bbox 2112 4801 3765 4874; baseline -0.002 -16"><span class='ocrx_word' id='word_1_777' title='bbox 2112 4807 2177 4858; x_wconf 91' lang='lat' dir='ltr'>ut</span> <span class='ocrx_word' id='word_1_778' title='bbox 2201 4819 2409 4874; x_wconf 82' lang='lat' dir='ltr'>agrum</span> <span class='ocrx_word' id='word_1_779' title='bbox 2434 4821 2467 4857; x_wconf 88' lang='lat' dir='ltr'>a</span> <span class='ocrx_word' id='word_1_780' title='bbox 2488 4802 2726 4856; x_wconf 88' lang='lat' dir='ltr'>tribulis</span> <span class='ocrx_word' id='word_1_781' title='bbox 2750 4807 2805 4857; x_wconf 87' lang='lat' dir='ltr'>et</span> <span class='ocrx_word' id='word_1_782' title='bbox 2827 4802 3038 4873; x_wconf 87' lang='lat' dir='ltr'>spinis,</span> <span class='ocrx_word' id='word_1_783' title='bbox 3064 4802 3242 4857; x_wconf 71' lang='lat' dir='ltr'>avitae</span> <span class='ocrx_word' id='word_1_784' title='bbox 3264 4801 3765 4856; x_wconf 86' lang='lat' dir='ltr'>sollicitudinibus</span> 
     </span>
    </p>
   </div>
   <div class='ocr_carea' id='block_1_106' title="bbox 2111 4889 3769 4963">
    <p class='ocr_par' dir='ltr' id='par_1_106' title="bbox 2111 4889 3769 4963">
     <span class='ocr_line' id='line_1_107' title="bbox 2111 4889 3769 4963; baseline -0.002 -16"><span class='ocrx_word' id='word_1_785' title='bbox 2111 4896 2168 4947; x_wconf 87' lang='lat' dir='ltr'>et</span> <span class='ocrx_word' id='word_1_786' title='bbox 2199 4891 2393 4963; x_wconf 88' lang='lat' dir='ltr'>pravis</span> <span class='ocrx_word' id='word_1_787' title='bbox 2426 4889 2882 4962; x_wconf 83' lang='lat' dir='ltr'>cogitationibus</span> <span class='ocrx_word' id='word_1_788' title='bbox 2911 4890 3106 4961; x_wconf 75' lang='lat' dir='ltr'>ipsum</span> <span class='ocrx_word' id='word_1_789' title='bbox 3141 4890 3598 4957; x_wconf 80' lang='lat' dir='ltr'>sult‘ocantibus,</span> <span class='ocrx_word' id='word_1_790' title='bbox 3633 4906 3769 4961; x_wconf 91' lang='lat' dir='ltr'>pur-</span> 
     </span>
    </p>
   </div>
   <div class='ocr_carea' id='block_1_107' title="bbox 2112 4978 3767 5053">
    <p class='ocr_par' dir='ltr' id='par_1_107' title="bbox 2112 4978 3767 5053">
     <span class='ocr_line' id='line_1_108' title="bbox 2112 4978 3767 5053; baseline -0.001 -18"><span class='ocrx_word' id='word_1_791' title='bbox 2112 4981 2263 5053; x_wconf 86' lang='lat' dir='ltr'>gavi.</span> <span class='ocrx_word' id='word_1_792' title='bbox 2296 4980 2683 5052; x_wconf 85' lang='lat' dir='ltr'>Egrediamur</span> <span class='ocrx_word' id='word_1_793' title='bbox 2707 4984 2900 5033; x_wconf 81' lang='lat' dir='ltr'>autem</span> <span class='ocrx_word' id='word_1_794' title='bbox 2927 4978 3305 5035; x_wconf 87' lang='lat' dir='ltr'>ostendentes</span> <span class='ocrx_word' id='word_1_795' title='bbox 3329 4978 3412 5033; x_wconf 89' lang='lat' dir='ltr'>illi</span> <span class='ocrx_word' id='word_1_796' title='bbox 3435 4978 3767 5050; x_wconf 85' lang='lat' dir='ltr'>spiritalem</span> 
     </span>
    </p>
   </div>
   <div class='ocr_carea' id='block_1_108' title="bbox 2115 5067 3774 5140">
    <p class='ocr_par' dir='ltr' id='par_1_108' title="bbox 2115 5067 3774 5140">
     <span class='ocr_line' id='line_1_109' title="bbox 2115 5067 3774 5140; baseline -0.001 -15"><span class='ocrx_word' id='word_1_797' title='bbox 2115 5068 2587 5140; x_wconf 89' lang='lat' dir='ltr'>conjunctionem</span> <span class='ocrx_word' id='word_1_798' title='bbox 2623 5072 2884 5122; x_wconf 87' lang='lat' dir='ltr'>nostram</span> <span class='ocrx_word' id='word_1_799' title='bbox 2920 5067 2977 5122; x_wconf 90' lang='lat' dir='ltr'>in</span> <span class='ocrx_word' id='word_1_800' title='bbox 3012 5067 3294 5122; x_wconf 84' lang='lat' dir='ltr'>virtutum</span> <span class='ocrx_word' id='word_1_801' title='bbox 3347 5068 3610 5124; x_wconf 84' lang='lat' dir='ltr'>moribus</span> <span class='ocrx_word' id='word_1_802' title='bbox 3671 5083 3774 5140; x_wconf 89' lang='lat' dir='ltr'>per</span> 
     </span>
    </p>
   </div>
   <div class='ocr_carea' id='block_1_109' title="bbox 2116 5156 3771 5228">
    <p class='ocr_par' dir='ltr' id='par_1_109' title="bbox 2116 5156 3771 5228">
     <span class='ocr_line' id='line_1_110' title="bbox 2116 5156 3771 5228; baseline -0.001 -15"><span class='ocrx_word' id='word_1_803' title='bbox 2116 5159 2404 5214; x_wconf 80' lang='lat' dir='ltr'>actionem</span> <span class='ocrx_word' id='word_1_804' title='bbox 2436 5157 2751 5227; x_wconf 83' lang='lat' dir='ltr'>expressis.</span> <span class='ocrx_word' id='word_1_805' title='bbox 2815 5156 3190 5228; x_wconf 85' lang='lat' dir='ltr'>Egredientes</span> <span class='ocrx_word' id='word_1_806' title='bbox 3242 5173 3396 5226; x_wconf 89' lang='lat' dir='ltr'>vero,</span> <span class='ocrx_word' id='word_1_807' title='bbox 3450 5161 3515 5213; x_wconf 92' lang='lat' dir='ltr'>ut</span> <span class='ocrx_word' id='word_1_808' title='bbox 3547 5157 3771 5213; x_wconf 89' lang='lat' dir='ltr'>dictum</span> 
     </span>
    </p>
   </div>
   <div class='ocr_carea' id='block_1_110' title="bbox 2116 5244 3777 5318">
    <p class='ocr_par' dir='ltr' id='par_1_110' title="bbox 2116 5244 3777 5318">
     <span class='ocr_line' id='line_1_111' title="bbox 2116 5244 3777 5318; baseline -0.001 -16"><span class='ocrx_word' id='word_1_809' title='bbox 2116 5252 2225 5313; x_wconf 87' lang='lat' dir='ltr'>est,</span> <span class='ocrx_word' id='word_1_810' title='bbox 2257 5262 2691 5301; x_wconf 87' lang='lat' dir='ltr'>commoremur</span> <span class='ocrx_word' id='word_1_811' title='bbox 2719 5245 2776 5299; x_wconf 91' lang='lat' dir='ltr'>in</span> <span class='ocrx_word' id='word_1_812' title='bbox 2808 5244 2985 5311; x_wconf 90' lang='lat' dir='ltr'>villis,</span> <span class='ocrx_word' id='word_1_813' title='bbox 3021 5244 3079 5299; x_wconf 92' lang='lat' dir='ltr'>in</span> <span class='ocrx_word' id='word_1_814' title='bbox 3112 5245 3425 5301; x_wconf 87' lang='lat' dir='ltr'>animabus</span> <span class='ocrx_word' id='word_1_815' title='bbox 3480 5263 3609 5318; x_wconf 60' lang='lat' dir='ltr'>qua</span> <span class='ocrx_word' id='word_1_816' title='bbox 3667 5262 3777 5301; x_wconf 87' lang='lat' dir='ltr'>no-</span> 
     </span>
    </p>
   </div>
   <div class='ocr_carea' id='block_1_111' title="bbox 2119 5334 3777 5407">
    <p class='ocr_par' dir='ltr' id='par_1_111' title="bbox 2119 5334 3777 5407">
     <span class='ocr_line' id='line_1_112' title="bbox 2119 5334 3777 5407; baseline 0 -17"><span class='ocrx_word' id='word_1_817' title='bbox 2119 5335 2260 5390; x_wconf 89' lang='lat' dir='ltr'>mini</span> <span class='ocrx_word' id='word_1_818' title='bbox 2293 5340 2415 5404; x_wconf 92' lang='lat' dir='ltr'>tuo,</span> <span class='ocrx_word' id='word_1_819' title='bbox 2451 5338 2514 5389; x_wconf 92' lang='lat' dir='ltr'>ut</span> <span class='ocrx_word' id='word_1_820' title='bbox 2544 5334 2693 5389; x_wconf 78' lang='lat' dir='ltr'>villae</span> <span class='ocrx_word' id='word_1_821' title='bbox 2727 5334 2947 5388; x_wconf 87' lang='lat' dir='ltr'>incolas</span> <span class='ocrx_word' id='word_1_822' title='bbox 2976 5350 3139 5402; x_wconf 90' lang='lat' dir='ltr'>suos,</span> <span class='ocrx_word' id='word_1_823' title='bbox 3172 5339 3416 5391; x_wconf 86' lang='lat' dir='ltr'>cunctas</span> <span class='ocrx_word' id='word_1_824' title='bbox 3443 5335 3777 5407; x_wconf 89' lang='lat' dir='ltr'>intelligen-</span> 
     </span>
    </p>
   </div>
   <div class='ocr_carea' id='block_1_112' title="bbox 2120 5422 3783 5497">
    <p class='ocr_par' dir='ltr' id='par_1_112' title="bbox 2120 5422 3783 5497">
     <span class='ocr_line' id='line_1_113' title="bbox 2120 5422 3783 5497; baseline 0 -18"><span class='ocrx_word' id='word_1_825' title='bbox 2120 5424 2178 5479; x_wconf 90' lang='lat' dir='ltr'>di</span> <span class='ocrx_word' id='word_1_826' title='bbox 2205 5423 2631 5497; x_wconf 87' lang='lat' dir='ltr'>appetendique</span> <span class='ocrx_word' id='word_1_827' title='bbox 2656 5422 2944 5493; x_wconf 86' lang='lat' dir='ltr'>potentias</span> <span class='ocrx_word' id='word_1_828' title='bbox 2969 5428 3022 5478; x_wconf 90' lang='lat' dir='ltr'>et</span> <span class='ocrx_word' id='word_1_829' title='bbox 3048 5440 3259 5479; x_wconf 89' lang='lat' dir='ltr'>sensus</span> <span class='ocrx_word' id='word_1_830' title='bbox 3285 5426 3342 5479; x_wconf 93' lang='lat' dir='ltr'>in</span> <span class='ocrx_word' id='word_1_831' title='bbox 3369 5442 3550 5480; x_wconf 91' lang='lat' dir='ltr'>unum</span> <span class='ocrx_word' id='word_1_832' title='bbox 3576 5440 3783 5497; x_wconf 77' lang='lat' dir='ltr'>cogen-</span> 
     </span>
    </p>
   </div>
   <div class='ocr_carea' id='block_1_113' title="bbox 2121 5512 3779 5584">
    <p class='ocr_par' dir='ltr' id='par_1_113' title="bbox 2121 5512 3779 5584">
     <span class='ocr_line' id='line_1_114' title="bbox 2121 5512 3779 5584; baseline -0.001 -16"><span class='ocrx_word' id='word_1_833' title='bbox 2121 5518 2211 5568; x_wconf 89' lang='lat' dir='ltr'>tes</span> <span class='ocrx_word' id='word_1_834' title='bbox 2244 5514 2615 5569; x_wconf 88' lang='lat' dir='ltr'>dedicarunt.</span> <span class='ocrx_word' id='word_1_835' title='bbox 2650 5512 2764 5565; x_wconf 89' lang='lat' dir='ltr'>Has</span> <span class='ocrx_word' id='word_1_836' title='bbox 2795 5516 2856 5566; x_wconf 91' lang='lat' dir='ltr'>tu</span> <span class='ocrx_word' id='word_1_837' title='bbox 2889 5512 3253 5568; x_wconf 90' lang='lat' dir='ltr'>domicilium</span> <span class='ocrx_word' id='word_1_838' title='bbox 3286 5513 3389 5568; x_wconf 89' lang='lat' dir='ltr'>tibi</span> <span class='ocrx_word' id='word_1_839' title='bbox 3446 5514 3504 5568; x_wconf 92' lang='lat' dir='ltr'>in</span> <span class='ocrx_word' id='word_1_840' title='bbox 3555 5513 3779 5584; x_wconf 85' lang='lat' dir='ltr'>Spiritu</span> 
     </span>
    </p>
   </div>
   <div class='ocr_carea' id='block_1_114' title="bbox 2124 5600 3778 5674">
    <p class='ocr_par' dir='ltr' id='par_1_114' title="bbox 2124 5600 3778 5674">
     <span class='ocr_line' id='line_1_115' title="bbox 2124 5600 3778 5674; baseline -0.001 -17"><span class='ocrx_word' id='word_1_841' title='bbox 2124 5606 2326 5658; x_wconf 85' lang='lat' dir='ltr'>sancto</span> <span class='ocrx_word' id='word_1_842' title='bbox 2357 5601 2703 5657; x_wconf 86' lang='lat' dir='ltr'>constitues.</span> <span class='ocrx_word' id='word_1_843' title='bbox 2738 5604 2853 5672; x_wconf 85' lang='lat' dir='ltr'>Ego</span> <span class='ocrx_word' id='word_1_844' title='bbox 2886 5607 3084 5656; x_wconf 88' lang='lat' dir='ltr'>autem</span> <span class='ocrx_word' id='word_1_845' title='bbox 3113 5600 3232 5657; x_wconf 89' lang='lat' dir='ltr'>illis</span> <span class='ocrx_word' id='word_1_846' title='bbox 3265 5619 3358 5657; x_wconf 90' lang='lat' dir='ltr'>me</span> <span class='ocrx_word' id='word_1_847' title='bbox 3389 5602 3605 5674; x_wconf 83' lang='lat' dir='ltr'>ipsam,</span> <span class='ocrx_word' id='word_1_848' title='bbox 3658 5617 3778 5672; x_wconf 90' lang='lat' dir='ltr'>quo</span> 
     </span>
    </p>
   </div>
   <div class='ocr_carea' id='block_1_115' title="bbox 2124 5689 3778 5769">
    <p class='ocr_par' dir='ltr' id='par_1_115' title="bbox 2124 5689 3778 5769">
     <span class='ocr_line' id='line_1_116' title="bbox 2124 5689 3778 5769; baseline -0.001 -21"><span class='ocrx_word' id='word_1_849' title='bbox 2124 5691 2231 5748; x_wconf 87' lang='lat' dir='ltr'>tibi</span> <span class='ocrx_word' id='word_1_850' title='bbox 2262 5690 2553 5765; x_wconf 78' lang='lat' dir='ltr'>placeant,</span> <span class='ocrx_word' id='word_1_851' title='bbox 2583 5689 2919 5764; x_wconf 84' lang='lat' dir='ltr'>exemplum</span> <span class='ocrx_word' id='word_1_852' title='bbox 2950 5691 3261 5763; x_wconf 79' lang='lat' dir='ltr'>praestabo.</span> <span class='ocrx_word' id='word_1_853' title='bbox 3302 5690 3459 5749; x_wconf 77' lang='lat' dir='ltr'>Mane</span> <span class='ocrx_word' id='word_1_854' title='bbox 3476 5705 3778 5769; x_wconf 82' lang='lat' dir='ltr'>surgamus</span> 
     </span>
    </p>
   </div>
  </div>
