4046 6144
284 358 403 419 675

1626 355 2049 417 MIGHAELIS
2092 354 2367 417 PSELLI

3590 354 3712 419 676

284 490 356 547 ad
382 491 574 547 vineas
595 507 614 546 :
635 494 698 546 tu
730 489 833 562 qui
862 506 925 547 es
942 489 1186 562 Justitiae
1219 488 1329 561 sol,
1361 489 1715 563 cognitionis
1742 489 1927 547 lucem

2044 508 2137 543 σου
2178 486 2229 543 ἐν
2283 488 2421 564 ἁγίῳ
2480 484 2751 561 Ηνεύματι
2798 486 2993 550 ταύτας
3049 486 3418 562 ποιούμενος,
3477 486 3587 564 ὶγὼ
3647 484 3709 545 δὶ

286 581 560 638 emittens
595 580 654 635 in
687 580 937 651 animas,
971 579 1238 636 laborum
1273 580 1527 635 fructum
1558 580 1811 635 ferentes
1836 597 1937 652 pa-

282 670 574 739 tientiam,
636 687 763 743 quas
822 670 993 742 quasi
1053 670 1256 725 botrus
1310 669 1553 739 quidam
1588 684 1690 739 per
1720 668 1936 725 multas

283 758 714 828 tribulationes,
733 759 933 815 vinum
953 758 1246 828 laeti/{cans
1265 773 1360 814 cor
1378 759 1625 814 hominis
1645 759 1690 793 7°
1728 757 1935 826 stillat,

286 853 525 921 propter
546 865 711 918 spem
741 850 951 904 futurae
978 848 1473 905 remunerationis
1506 864 1517 902 :
1582 864 1687 920 ego
1738 852 1934 903 autem

287 939 613 993 secundum
649 938 844 1009 ipsum
877 937 1019 994 solis
1053 942 1244 993 ortum
1273 936 1565 1009 patientiae
1590 954 1780 992 mores
1804 937 1936 993 illos

282 1027 599 1083 ostendens
630 1025 895 1099 exemplo
926 1044 1075 1082 meo.
1110 1027 1194 1082 Ita
1219 1042 1389 1098 porro
1412 1030 1723 1098 surgentes
1754 1024 1937 1080 videa-

283 1132 430 1182 mus,
465 1133 538 1171 an
568 1118 817 1186 ﬂoruerit
846 1118 1026 1185 vinea,
1061 1134 1132 1171 an
1160 1132 1381 1187 germen
1411 1117 1683 1186 ﬂoruerit,
1714 1131 1786 1169 an
1832 1115 1936 1184 ﬂo-

281 1206 502 1260 ruerint
530 1206 681 1260 mala
709 1206 951 1277 punica:
987 1204 1420 1276 conspiciamus
1450 1208 1575 1258 tum
1601 1204 1725 1274 ipse
1755 1202 1851 1273 qui
1877 1204 1934 1258 in

280 1292 624 1349 abscondito
655 1293 839 1359 vides,
862 1298 989 1349 tum
1017 1310 1122 1366 ego
1146 1310 1269 1366 qua:
1292 1294 1350 1348 in
1376 1291 1709 1361 manifesto,
1736 1295 1934 1346 utrum

281 1381 706 1453 discipularum
741 1401 775 1439 a
797 1400 889 1439 me
919 1384 1325 1438 institutarum
1363 1383 1507 1437 ﬁdes
1539 1382 1689 1452 (quae
1716 1385 1778 1435 ut
1798 1380 1937 1435 vitis

279 1471 335 1526 in
372 1471 668 1544 palmites,
702 1472 785 1527 sic
822 1472 949 1543 ipsa
982 1473 1040 1527 in
1071 1473 1261 1528 varias
1293 1472 1537 1526 virtutes
1563 1470 1932 1540 diffunditur)

280 1560 543 1615 ﬂoruerit
566 1560 727 1617 intus
761 1563 996 1634 quidem
1025 1579 1126 1633 per
1158 1561 1427 1616 habitum
1480 1577 1549 1616 ex
1606 1558 1934 1615 rationibus

279 1650 587 1719 virtutum,
619 1650 758 1706 foris
790 1656 987 1706 autem
1037 1668 1139 1723 per
1198 1650 1488 1706 actionem
1547 1667 1615 1705 ex
1672 1649 1935 1703 moribus

278 1743 451 1810 atque
474 1739 761 1795 institutis
794 1740 1081 1812 ipsarum.
1106 1740 1251 1795 Nam
1284 1739 1489 1794 animae
1523 1739 1630 1795 ﬂos
1661 1756 1729 1793 ex
1749 1739 1935 1794 virtu-

276 1831 405 1883 tum
458 1829 788 1885 rationibus
836 1830 1129 1902 germinat
1162 1846 1262 1900 per
1292 1846 1484 1885 mores
1543 1829 1808 1900 ipsarum
1868 1826 1927 1882 in

277 1932 452 1973 carne
478 1934 490 1974 :
508 1919 677 1989 cujus
696 1919 823 1975 ﬂdei
850 1920 956 1975 ﬂos
979 1923 1104 1974 tum
1122 1936 1395 1987 arcanus,
1414 1923 1538 1973 tum
1556 1918 1931 1987 manifestus,

279 2010 372 2062 est
426 2006 533 2064 flos
592 2008 885 2064 malorum
944 2009 1317 2080 punicorum,
1386 2025 1514 2079 quae
1570 2007 1933 2062 intrinsecus

280 2096 522 2168 quidem
570 2098 802 2153 dulcem
861 2098 1122 2153 fructum
1182 2096 1506 2168 continent,
1566 2095 1936 2151 extrinsecus

280 2191 479 2242 autem
510 2191 815 2243 austerum
850 2188 1123 2243 corticem
1160 2187 1493 2259 praeferunt.
1527 2185 1753 2241 Etenim
1798 2185 1933 2241 ﬁdei

279 2291 516 2347 quoque
534 2276 760 2333 fructus
790 2277 848 2332 in
873 2277 1100 2334 occulta
1118 2276 1356 2349 quidem
1384 2276 1592 2332 animae
1627 2273 1934 2330 affectione

281 2369 523 2437 propter
576 2366 759 2422 futuri
818 2366 1043 2438 praemii
1102 2382 1290 2439 spem,
1350 2364 1566 2421 laetitia!
1623 2365 1825 2433 affert;
1871 2364 1931 2419 in

277 2454 561 2511 exteriore
592 2458 1006 2527 autemicarnis
1036 2472 1213 2512 sensu
1249 2460 1484 2527 propter
1512 2454 1752 2511 virtutis
1771 2452 1933 2509 labo-

277 2559 372 2600 res
406 2544 624 2616 praebet
655 2546 1053 2601 acerbitatem.
1087 2546 1209 2601 Illic
1238 2545 1374 2600 dabo
1433 2544 1606 2600 ubera
1655 2559 1776 2598 mea
1809 2543 1926 2597 tibi.

277 2633 339 2687 In
393 2650 534 2706 agro
593 2633 862 2691 videlicet
916 2635 1015 2689 illo
1074 2650 1250 2705 quem
1310 2634 1453 2699 dixi,
1508 2631 1933 2703 discipularum

275 2736 567 2791 mearum,
601 2724 893 2795 proferam
936 2725 1043 2779 tibi
1102 2740 1319 2795 sponso
1351 2740 1502 2793 meo,
1553 2739 1729 2794 quam
1763 2719 1934 2775 insti-

272 2812 509 2867 tuendis
542 2812 658 2867 illis
690 2813 938 2869 adhibeo
971 2814 1300 2868 doctrinam
1336 2812 1609 2868 moralem
1666 2816 1722 2867 et
1755 2815 1930 2866 natu-

273 2900 479 2971 ralem,
511 2905 574 2956 ut
606 2918 706 2972 per
736 2901 887 2956 hanc
918 2902 1139 2957 ducens
1170 2917 1268 2957 eas
1308 2902 1379 2956 ad
1414 2899 1803 2969 disciplinam
1842 2917 1935 2955 ar-

273 3006 506 3055 canam,
526 2993 832 3046 ostendam
853 3008 1047 3047 rerum
1073 2993 1342 3046 daturam
1366 2995 1421 3046 te
1437 3007 1612 3046 suum
1629 2995 1929 3045 auctorem

280 3078 543 3135 indicare
575 3096 677 3151 per
704 3084 873 3136 notas
904 3081 1192 3153 quasdam
1226 3089 1285 3135 ul
1314 3079 1645 3145 veritatem,
1682 3096 1797 3134 non
1831 3095 1930 3134 au-

280 3173 399 3224 tem
449 3173 516 3224 ut
560 3171 733 3240 juxta
789 3170 1168 3241 prudentium
1217 3169 1549 3225 Graecorum
1592 3167 1924 3234 stultitiam,

2048 575 2285 651 ἰμαυτήν
2344 582 2659 655 παριστῶσα
2732 576 2951 643 ταύταις
3005 575 3355 656 παράδειγμα
3409 579 3545 655 πρὸς
3602 580 3702 649 σην

2047 666 2413 742 εὐαρέστησιν.
2498 666 2872 744 Ὀρθρίσωμεν
2950 665 3026 731 εἷς
3114 666 3462 741 ἀμπελῶνας·
3540 666 3701 730 αὐτὸς

2051 756 2146 828 μὶν
2207 756 2235 810 6
2295 753 2486 819 Ἥλιος
2537 762 2602 826 τῆ
2624 754 3042 830 ςδικαιοσύνης,
3076 755 3385 812 ἀνατέλλων
3415 760 3529 834 φῶς
3558 756 3703 834 γνώ-

2048 867 2182 908 σεως
2240 851 2363 909 ταῖς
2417 847 2896 924 καρποφορούσαις
2956 850 3161 923 ψυχαῖς
3206 846 3305 915 τὴν
3360 850 3468 901 τῶν
3523 846 3707 903 πόνων

2049 935 2361 1009 ὑπομονήν·
2420 936 2544 1005 ἥτις
2601 933 2676 998 ὥς
2724 957 2806 998 τις
2862 936 3056 1012 βότρυς
3088 933 3177 991 διὰ
3206 934 3429 992 πολΛῶν
3467 935 3705 1011 θλίψεων

2047 1024 2335 1095 ἀποστάζει
2369 1028 2460 1082 τὸν
2504 1025 2594 1083 διὰ
2636 1027 2735 1095 τὴν
2771 1025 2971 1082 ἐλπίδα
3015 1034 3115 1097 τῆς
3178 1025 3493 1100 μελλούσης
3554 1038 3711 1101 μισθ-

2048 1113 2343 1179 αποδοσίας
2399 1117 2749 1194 εὐφραντικὸν
2806 1119 2908 1187 τῆς
2964 1112 3187 1193 καρδίας
3244 1116 3416 1186 οἶνον,
3476 1116 3587 1193 ἐγὼ
3646 1113 3706 1172 δὲ

2045 1204 2181 1260 κατά
2244 1207 2342 1274 τήν
2427 1204 2703 1279 εἷρηνὲνην
2771 1204 3071 1276 ἀνατολὴν,
3128 1204 3257 1267 τοὺς
3311 1205 3551 1282 τρόπους
3606 1212 3711 1277 τῆς

2050 1292 2333 1367 ὑπομονῆς
2392 1294 2611 1357 ταύταις
2673 1291 3095 1351 ὑποδεικνύουσα
3145 1298 3224 1366 τῷ
3284 1294 3401 1351 κατ’
3455 1293 3553 1369 ἐμὲ
3599 1316 3708 1352 πα-

2050 1381 2389 1461 ραδείγματι.
2448 1386 2639 1451 Οὕτως
2686 1384 2744 1442 δὶ
2803 1386 3169 1463 ὀρθρίσαντες,
3199 1384 3431 1461 Ἳδωμεν
3462 1387 3508 1443 εἰ
3539 1385 3712 1458 ἤνθη-

2048 1494 2133 1528 σεν
2194 1476 2228 1545 ἡ
2290 1471 2536 1550 ἄμπελος
2572 1520 2585 1546 ,
2656 1474 2885 1547 ἤνηθσεν
2959 1478 2986 1531 ὁ
3045 1476 3378 1552 κυπρισμὸς,
3451 1473 3701 1548 ἤνθησαν

2046 1563 2100 1617 αἱ
2159 1562 2301 1639 ῥοαί·
2362 1562 2511 1635 ἤτοι,
2572 1566 2900 1640 Θεασώμεθα
2958 1564 3020 1620 σύ
3050 1587 3108 1620 τε
3165 1567 3193 1620 ὁ
3252 1564 3305 1620 ἐν
3358 1569 3438 1639 τῷ
3474 1568 3706 1642 κρυπτῷ

2051 1651 2291 1727 βλέπων,
2349 1655 2499 1732 κάγὼ
2555 1655 2589 1725 ἠ
2652 1654 2703 1709 ἂν
2755 1660 2835 1727 τῷ
2867 1659 3098 1730 φανερῷ,
3155 1654 3241 1710 ἐὰν
3274 1656 3308 1726 ἠ
3370 1654 3448 1718 εἷς
3502 1656 3560 1711 σὶ
3590 1658 3702 1712 τῶν

2050 1745 2506 1817 μαθητευομένων
2567 1766 2659 1818 μοι
2720 1744 2920 1815 πίστις,
2973 1744 3094 1815 ἥτις
3153 1745 3227 1806 εἷς
3280 1744 3375 1807 τὰς
3407 1742 3705 1823 διαφόρους

2045 1831 2255 1908 ἀρετὰς,
2317 1834 2391 1898 ὡς
2450 1834 2525 1889 εἷς
2579 1832 2839 1907 κλήματα
2895 1832 3141 1909 ἄμπελος
3175 1832 3482 1912 διαιρεῖτιοι,
3531 1833 3706 1906 ἤνθη-

2047 1942 2129 1975 σεν
2190 1921 2340 1985 ἐττός
2393 1944 2451 1977 τε
2497 1925 2617 1979 καθ’
2670 1922 2775 1995 ἕξιν
2833 1930 2949 1986 τοῖς
2982 1924 3171 1999 λόγοις
3198 1928 3306 1979 τῶν
3356 1925 3584 2000 ἀρετῶν,
3616 1921 3706 1979 καὶ

2046 2008 2198 2075 ἐκτὸς
2253 2014 2373 2066 κατ’
2444 2011 2710 2090 ἐνέργειαν
2768 2017 2884 2075 τοῖς
2936 2012 3163 2088 τρόποις
3222 2013 3426 2071 αὐτῶν.
3486 2014 3544 2071 Ὁ
3598 2013 3705 2089 γὰρ

2042 2100 2179 2154 κατὰ
2232 2100 2363 2163 τοὺς
2424 2098 2624 2177 λόγους
2680 2107 2792 2157 τῶν
2825 2102 3028 2176 ἀρετῶν
3092 2102 3352 2177 ἀνθισμὸς
3389 2108 3493 2172 τῆς
3523 2105 3711 2178 ψυχῆς

2042 2188 2288 2265 κυπρίζει
2346 2191 2482 2245 κατά
2536 2192 2662 2253 τοὺς
2718 2191 2956 2265 τρόπους
3015 2191 3191 2247 αὐτῶν
3251 2190 3301 2246 ἐν
3362 2191 3554 2267 σαρκί.
3602 2195 3704 2255 Ἲῐς

2041 2278 2277 2342 πίστεως
2308 2281 2370 2335 τὸ
2401 2278 2556 2351 δῆθεν
2594 2282 2851 2354 μυστικὸν
2905 2282 2997 2337 καὶ
3057 2282 3286 2360 φανερὸν
3316 2281 3496 2354 ἄνθος,
3553 2279 3699 2357 ῥοῶν

2043 2369 2183 2424 ἔστιν
2243 2367 2424 2431 ἄνθος·
2487 2368 2641 2445 α’ίπερ
2698 2370 2846 2435 ἐντὸς
2882 2371 2974 2444 μὶν
3035 2372 3098 2427 τὸ
3156 2369 3329 2448 γλυκὺ
3358 2374 3455 2424 τοῦ
3485 2371 3701 2447 καρποῦ

2041 2457 2446 2537 περιφέρουσιν,
2504 2458 2656 2523 ἐκτὸς
2717 2457 2774 2515 δὲ
2828 2460 2889 2515 τὸ
2943 2464 3039 2515 τοῦ
3073 2459 3313 2536 λιπύρου
3343 2459 3558 2534 πικρόν,
3593 2459 3702 2515 Καὶ

2040 2550 2141 2624 γὰρ
2200 2548 2291 2603 καὶ
2350 2550 2378 2603 6
2432 2556 2533 2619 τῆς
2588 2549 2819 2611 πίστεως
2876 2550 3082 2624 καρπὸς
3142 2550 3277 2604 κατά
3339 2548 3432 2621 μὶν
3457 2569 3698 2623 κεκρυμ-

2047 2639 2213 2711 μένην
2271 2644 2371 2707 τῆς
2432 2641 2616 2714 ψυχῆς
2690 2636 2948 2710 διάθεσιν,
3009 2638 3356 2714 εὐφραντικός
3415 2637 3548 2706 ἐστι,
3610 2635 3701 2692 διὰ

2042 2728 2139 2796 τὴν
2191 2733 2290 2797 τῆς
2345 2727 2659 2801 μελλούσης
2724 2725 3147 2802 μισθαποδοσίας
3197 2725 3414 2783 ἐλπίδα·
3472 2728 3611 2783 κατὰ
3642 2724 3700 2783 δὲ

2040 2817 2139 2885 τὴν
2200 2816 2349 2879 ἐκτὸς
2389 2824 2492 2887 τῆς
2552 2817 2749 2891 σαρκὸς
2809 2814 3098 2890 ὀδυνηρὸς,
3158 2815 3243 2871 διᾶ
3271 2818 3333 2872 τὸ
3363 2824 3464 2887 τῆς
3495 2816 3696 2894 ἀρετῆς

2043 2904 2320 2961 ἐπίπονον.
2368 2906 2513 2961 Ἐκεῖ
2569 2903 2728 2960 δώσω
2786 2904 2913 2969 τοὺς
2972 2904 3210 2978 μαστούς
3280 2926 3383 2978 μου
3415 2904 3519 2961 σοί.
3584 2917 3690 2977 Δη-

2043 2993 2249 3052 λονότι.
2308 2995 2393 3051 Ἐν
2460 2999 2540 3066 τῶ
2605 2994 2881 3070 εἰρημένῳ
2912 2994 3065 3070 ἀγρῷ
3092 2999 3199 3049 τῶν
3235 2995 3691 3069 μαθητευομένων

2046 3104 2138 3155 μοι
2196 3082 2449 3157 προσάξω
2510 3103 2595 3136 σοι
2659 3086 2739 3154 τῷ
2794 3082 3014 3160 νυμφίῳ
3067 3104 3169 3157 μου
3199 3083 3298 3151 τήν
3328 3083 3462 3158 πρὸς
3496 3084 3697 3148 ταύτας

2040 3172 2239 3240 ἠθικὴν
2288 3170 2378 3225 καὶ
2411 3171 2640 3248 φυσικὴν
2675 3166 3040 3226 διδασκαλίαν·
3099 3194 3224 3245 μου,
3259 3171 3332 3235 ὡς
3368 3169 3457 3226 διὰ
3484 3170 3695 3229 τούτων

281 3256 533 3313 naturali
566 3274 761 3313 rerum
795 3258 1126 3330 cognitione
1158 3259 1239 3314 sic
1262 3275 1361 3314 eas
1392 3257 1677 3324 imbuam,
1704 3260 1767 3310 ut
1797 3272 1925 3328 pro-

2039 3258 2200 3322 αὐτὰς
2251 3260 2385 3333 πρὸς
2423 3235 2542 3329 ιτὴν
2601 3259 2980 3335 μυσταγωγίαν
3016 3235 3246 3334 ἀνάξασα
3300 3260 3353 3316 ἰν
3410 3264 3489 3333 τῷ
3546 3262 3689 3317 ἀπο-

279 3346 373 3403 cul
406 3351 525 3403 ate
579 3348 827 3403 veritate
882 3348 1208 3404 discedant.
1270 3347 1490 3403 Etenim
1538 3346 1923 3417 mandragorae

276 3437 542 3493 dederunt
561 3438 1025 3493 odorem.Rerum
1047 3436 1263 3509 quippe
1282 3436 1647 3493 sensibilium
1674 3435 1920 3507 species,

277 3530 336 3581 et
351 3525 537 3597 ipsius
556 3527 859 3598 scripturae
880 3531 1025 3582 note:
1041 3526 1209 3597 quasi
1226 3527 1626 3597 mandragorae
1650 3525 1920 3596 quaedam

280 3615 522 3685 faciunt,
551 3619 616 3670 ut
648 3633 814 3671 mens
863 3634 966 3687 per
1014 3632 1250 3671 sensum
1299 3615 1418 3670 illis
1458 3614 1767 3681 inhaarens,
1803 3630 1920 3670 non

278 3709 473 3760 autem
508 3721 611 3776 per
635 3722 732 3761 eas
764 3706 834 3760 ad
876 3706 1175 3761 veritatem
1233 3704 1544 3777 vigilanter
1571 3704 1921 3773 ascendens,

278 3793 691 3863 obdormiscat,
740 3800 797 3850 et
854 3798 1089 3867 torpore
1134 3792 1314 3849 veluti
1364 3793 1580 3849 stolida
1628 3797 1917 3848 teneatur.

274 3882 661 3939 Praebuerunt
709 3885 943 3941 odorem
1004 3885 1299 3940 rationum
1353 3883 1616 3939 veritatis
1656 3883 1713 3937 in
1744 3882 1919 3938 rebus

275 3973 553 4029 omnibus
580 3974 933 4042 exhibentis,
968 3975 1016 4029 si
1078 3972 1422 4045 spiritaliter
1451 3972 1919 4028 considerantur.

275 4062 669 4127 Quamobrem
701 4067 754 4118 et
796 4065 857 4118 in
904 4064 1080 4135 portis
1137 4063 1344 4117 nostris
1374 4078 1557 4118 omne:
1587 4078 1767 4117 nuces.
1801 4061 1919 4115 Hoc

273 4150 453 4206 estin
486 4151 762 4207 sensibus
791 4153 938 4208 meis
993 4152 1115 4224 (qui
1172 4151 1353 4207 veluti
1413 4156 1589 4222 porta:
1651 4152 1917 4223 quaedam

276 4240 790 4311 educuntquidem
806 4242 983 4297 mead
1000 4253 1054 4296 te
1073 4245 1135 4297 ut
1158 4241 1630 4297 rerumomnium
1653 4256 1918 4312 causam,

274 4346 378 4401 per
398 4330 1000 4402 naturalemipsarum
1025 4332 1084 4385 in
1109 4330 1317 4403 spiritu
1342 4329 1917 4402 contemplationem,

272 4419 733 4490 inquirendum:
778 4420 1161 4475 introducunt
1204 4424 1399 4476 autem
1448 4425 1505 4474 te
1551 4420 1621 4475 ad
1674 4435 1767 4474 me
1818 4434 1922 4489 per

273 4508 489 4564 mentis
511 4508 929 4581 cognitionem)
952 4513 1233 4581 promptae
1256 4514 1395 4565 sunt
1420 4524 1627 4565 omnes
1648 4509 1707 4563 in
1740 4508 1916 4563 rebus

2033 3346 2197 3419 δεῖξαι
2245 3349 2345 3418 τὴν
2414 3352 2522 3403 τῶν
2580 3347 2727 3403 ὅλων
2771 3348 2926 3427 φύσιν
2978 3370 3034 3404 σε
3109 3349 3200 3404 τὸν
3259 3349 3459 3420 ταύτης
3506 3347 3681 3405 α’ίτιον

2030 3436 2403 3510 αἱνιττομένην
2466 3433 2822 3511 συμϐολικῶς
2906 3439 2982 3501 ὡς
3040 3436 3321 3510 ἀλήθειαν·
3402 3438 3491 3494 καὶ
3546 3436 3677 3514 οὐχὶ

2030 3527 2164 3582 κατὰ
2218 3527 2346 3590 τοὺς
2406 3527 2805 3605 ματαιόφρονας
2861 3525 3187 3597 Ἕλληνας,
3259 3528 3680 3605 παρασκευάζειν

2028 3616 2224 3679 ταύτας
2281 3620 2398 3679 ταῖς
2455 3621 2704 3691 φυσικαῖς
2764 3614 2992 3679 ἐννοίαις
3026 3616 3231 3693 μακράν
3286 3638 3382 3671 σου
3410 3619 3509 3682 τῆς
3538 3615 3678 3687 ἀλη-

2030 3706 2176 3767 Οείας
2234 3706 2545 3779 ἀπάγεσθαι.
2606 3706 2701 3760 Καὶ
2761 3704 2884 3781 γὰρ,
2940 3706 3011 3761 Αἱ
3073 3702 3435 3782 μανδραγόραι
3466 3703 3677 3762 ἔδωκαν

2030 3795 2229 3867 ὀσμήν.
2263 3795 2483 3858 Πάντως
2540 3796 2593 3849 αἱ
2643 3799 2749 3850 τῶν
2809 3795 3081 3866 αἰσθητῶν
3140 3795 3438 3873 ἐπιφάνειαι
3467 3798 3555 3851 καὶ
3614 3796 3683 3851 τὰ

2026 3890 2127 3953 τῆς
2178 3890 2395 3962 Γραφῆς
2451 3879 2725 3956 σύμϐολα,
2755 3885 2887 3957 ἅπερ
2918 3882 3010 3938 τὸν
3068 3884 3283 3946 τούτοις
3336 3886 3454 3939 κατ’
3485 3882 3681 3955 α’ίσθη-

2027 3994 2108 4027 σιν
2169 3971 2565 4045 ἐναπομὲνοντα
2606 3977 2754 4046 νοῦν,
2812 3972 2902 4027 καὶ
2967 3974 3042 4046 μὴ
3098 3971 3168 4028 δι’
3214 3973 3385 4028 αὐτῶν
3419 3975 3554 4049 πρὸς
3578 3974 3680 4043 τὴν

2030 4060 2285 4132 ἀλήθειαν
2346 4052 2724 4137 ἐγρηγορότως
2783 4056 3126 4116 διιοϐαίνοντα
3182 4068 3377 4139 ναρκᾷν
3424 4063 3515 4118 καὶ
3546 4061 3682 4133 ἠλι-

2030 4156 2169 4221 θιᾷν,
2228 4150 2301 4213 ὥς
2355 4171 2497 4213 τινες
2560 4148 2955 4228 μανδραγόραι,
3011 4153 3498 4227 παρασκευάζουσι.
3531 4154 3680 4229 Παρ-

2029 4241 2191 4315 ἐσχον
2266 4237 2488 4295 εὐωδίαν
2560 4244 2666 4294 τῶν
2725 4248 2825 4310 τῆς
2878 4240 2928 4294 ἰν
2982 4238 3137 4305 ὅλοις
3190 4239 3448 4313 ἀληθείας
3499 4238 3679 4319 λόγων

2028 4332 2407 4403 πνευματικῶς
2467 4329 2883 4403 θεωρουμένων.
2930 4332 3203 4394 Ἐντεῦθεν
3265 4326 3365 4400 δὶ,
3432 4331 3531 4386 Καὶ
3591 4330 3678 4386 ἐπὶ

2029 4419 2214 4493 θύραις
2267 4420 2428 4491 ἡμῶν
2489 4416 2661 4473 πάντα
2715 4418 2781 4473 τὰ
2836 4416 3130 4493 ἀκρόδρυα·
3164 4416 3365 4489 εἷ’τουν,
3396 4421 3673 4484 Ἑπὶταῖς

2028 4507 2306 4578 αἷσθήσεσί
2371 4528 2474 4580 μου
2533 4505 2731 4583 (α’ίπερ,
2793 4508 2866 4570 ὡς
2900 4508 3057 4582 Θύραι
3097 4509 3261 4580 τινὶς,
3296 4508 3544 4585 ἐξάγουσι
3580 4510 3677 4583 μὶν

274 4598 597 4669 procreatis
630 4598 816 4654 insitae
846 4599 1109 4655 veritatis
1155 4598 1430 4667 rationes,
1466 4614 1595 4670 quea
1633 4603 1917 4669 tanquam

2039 4596 2128 4670 ἐμὲ
2182 4598 2319 4672 πρὸς
2364 4598 2696 4667 ἀναζήτησίν
2753 4618 2870 4666 σου,
2930 4596 3005 4661 ὠς
3061 4598 3277 4653 πάντων
3328 4598 3529 4668 αἰτίου,
3592 4597 3682 4655 διὰ

274 4703 457 4743 nuces
492 4695 611 4743 tum
641 4704 744 4759 per
772 4688 1074 4760 scriptura:
1136 4692 1324 4755 notas,
1385 4692 1511 4742 tum
1572 4704 1674 4759 per
1726 4702 1922 4742 rerum

275 4776 649 4833 sensibilium
671 4776 893 4847 species
905 4778 1239 4833 Judtsorum
1258 4777 1709 4849 Graecorumque
1730 4775 1926 4831 stulti-

281 4865 422 4921 tiam
458 4866 1354 4938 nutriebant.Undenovassuper
1385 4871 1609 4936 veteres,
1636 4881 1801 4935 nepos
1821 4864 1922 4935 mi,

276 4957 515 5011 servavi.
571 4956 691 5011 Hoc
746 4960 855 5025 est,
911 4959 1174 5012 recentes
1247 4955 1612 5027 evangelicae
1669 4954 1927 5010 rationes

278 5044 489 5115 (gratia
514 5045 765 5115 Spiritus
797 5049 1132 5114 renovante)
1154 5061 1286 5100 cum
1312 5044 1569 5116 antiquis
1591 5044 1923 5100 Graecorum

274 5130 735 5205 Judaaorumque
792 5134 1135 5207 ignorantia":
1184 5139 1309 5189 tum
1369 5132 1739 5189 naturalibus
1796 5138 1921 5188 tum

276 5220 515 5292 scriptis
537 5222 864 5280 rationibus
876 5228 1241 5280 coacervatas
1254 5223 1476 5280 servavi
1495 5222 1600 5278 tibi
1618 5240 1630 5279 :
1647 5223 1923 5292 quoniam

276 5315 335 5366 et
359 5327 461 5380 per
490 5312 740 5383 scriptas
760 5312 891 5368 illas
928 5318 1176 5385 purgata
1208 5330 1339 5369 sum
1365 5329 1429 5368 ac
1456 5313 1720 5369 moribus
1750 5312 1925 5369 insti-

279 5402 429 5469 tuta,
460 5403 518 5454 et
547 5416 651 5471 per
677 5400 975 5457 naturales
999 5401 1353 5469 illuminata,
1372 5406 1437 5457 ut
1455 5419 1555 5475 per
1576 5418 1779 5458 eorum
1798 5419 1923 5472 quas

276 5491 433 5547 facta
458 5489 1269 5562 sunt,contemplationem,te
1282 5491 1651 5548 Conditorem
1665 5490 1926 5548 omnium

348 5698 395 5735 7'
420 5702 547 5756 Psa.
573 5715 694 5773 cm,
729 5700 817 5757 15.

2034 4692 2137 4755 τῆς
2196 4684 2401 4741 τούτων
2490 4692 2722 4764 φυσικῆς
2808 4685 2862 4741 ἐν
2918 4685 3185 4760 πνεύματι
3253 4688 3500 4763 θεωραίς·
3560 4687 3676 4743 sic-

2037 4776 2224 4850 άγουσι
2283 4772 2340 4829 δέ
2392 4795 2450 4829 σε
2477 4776 2613 4831 κατά
2640 4779 2838 4851 γνῶσιν
2899 4774 3037 4850 πρός
3087 4796 3155 4850 με
3211 4773 3300 4831 διὰ
3332 4777 3498 4850 μέσου
3536 4777 3680 4851 νοός)

2035 4863 2326 4941 κρόχειροί
2385 4862 2485 4919 εἷ’σι
2543 4862 2738 4927 πάντες
2770 4865 2823 4919 οἱ
2852 4870 2969 4927 τοῖς
2997 4885 3055 4920 τε
3086 4860 3388 4938 συμϐόλοις
3412 4872 3515 4936 τῆς
3547 4887 3682 4944 γρα-
3713 4920 3723 4932 ,

2037 4960 2164 5030 φῆς,
2194 4953 2284 5007 καὶ
2338 4958 2459 5016 ταῖς
2508 4951 2841 5031 ἐπιφανείαις
2899 4956 3009 5008 τῶν
3059 4951 3357 5024 αἰσθητῶν,
3390 4954 3547 5031 ἅπερ,
3605 4954 3684 5017 ὠς

2038 5040 2193 5118 δρύες
2271 5043 2435 5114 τινὲς,
2523 5040 2751 5119 ἀλογίαν
2826 5040 3134 5111 Ἰουδαϊκήν
3183 5042 3272 5098 καὶ
3349 5041 3685 5115 Ἑλληνικὴν

2036 5127 2281 5209 ἔτρεφον,
2366 5128 2867 5206 ἐγγεκεντρισμένοι
2941 5132 3038 5198 τῆς
3095 5130 3147 5184 ἒν
3212 5129 3369 5193 ὅλοις
3426 5129 3685 5202 ἀληθείας

2038 5218 2195 5295 λόγοι
2255 5220 2440 5289 Ὅθεν,
2492 5217 2599 5273 Νέα
2652 5217 2790 5293 πρὸς
2846 5215 3076 5286 παλαιὰ,
3110 5216 3365 5297 ἀδελφιδᾶ
3398 5240 3523 5293 μου,
3556 5219 3685 5291 ἐτήο

2037 5310 2177 5383 ρησά
2237 5329 2344 5364 σοι.
2396 5305 2644 5378 Δηλαδὴ,
2714 5305 2856 5369 Τοὺς
2916 5307 3200 5376 νεάζοντας
3259 5307 3344 5383 (τῇ
3385 5313 3687 5382 καινοποιῷ

2034 5402 2130 5453 τοῦ
2189 5397 2504 5472 Πνεύματος
2573 5397 2787 5473 χάριτι)
2844 5394 3238 5472 εὐαγγελικοὺς
3292 5396 3489 5474 λόγους
3548 5398 3685 5475 πρὸς

2033 5493 2150 5551 τοῖς
2204 5486 2593 5553 παλαιωθεῒσιν
2651 5485 2754 5542 ὑπὸ
2809 5492 2907 5556 τῆς
2963 5483 3295 5558 Ἑλληνικῆς
3334 5486 3423 5542 καὶ
3456 5483 3690 5544 Ἰοοδαῖο
