4046 6144
335 365 454 425 677

1377 368 1787 431 COMMENT.
1833 364 1915 426 ΙΝ
1959 362 2357 427 ΟΑΝΤΙΟΠΜ
2403 367 2705 427 CANTIC.

3626 374 3749 436 6'18

337 502 439 566 πῆς
488 496 713 572 ἀγνοίας
790 502 1039 578 φυσικοῖς
1092 500 1180 557 καὶ
1246 504 1513 576 γραπτοῖς
1577 521 1682 574 μου
1753 493 1977 575 ἰφύλαξά

2104 502 2987 572 auctoremquecognoscerem;
3034 506 3090 558 et
3146 503 3445 577 spiritales
3494 508 3750 578 perfecta

340 606 447 642 σοι·
482 594 600 651 τοῖς
665 589 757 663 μὲν
818 594 1081 664 γραπτοῖς
1131 596 1460 667 καθαρθεῖσα
1513 590 1606 645 καὶ
1637 590 1844 660 ἠθικῶς
1874 606 1995 642 παι-

337 673 614 751 δευθεῖσα,
640 682 759 741 τοῖς
788 676 850 733 δὲ
880 683 1128 756 φυσικοῖς
1181 681 1532 755 φωτισθεῖσα,
1562 678 1653 735 καὶ
1703 682 1800 734 τοῦ
1856 697 1992 731 παν-

2106 592 2283 659 atque
2306 588 2599 657 absoluta,
2635 595 2696 645 ut
2726 594 2781 646 te
2811 607 2945 646 cum
2969 592 3138 648 Patre
3168 597 3225 648 et
3247 594 3467 665 Spiritu
3494 598 3747 653 consub—

2103 677 2437 733 stantialem
2471 679 2879 752 intelligerem,
2912 686 2967 737 et
2996 682 3391 753 praedicarem.

336 766 427 828 τὸς
452 764 628 822 αἴτιόν
663 788 721 823 σε
749 765 841 826 διὰ
867 775 967 839 τῆς
997 772 1104 825 τῶν
1133 771 1433 845 γεγονότων
1468 769 1694 842 θεωρίας
1719 764 2032 838 κατιδοῦσα,
2062 766 2151 820 καὶ
2183 771 2301 828 τοῖς
2332 773 2719 841 πνευματικοῖς
2761 767 3112 825 τελειωθεῖσα
3149 771 3237 826 καὶ
3289 772 3622 849 θεολογοῦσά
3651 795 3747 829 σου

339 855 438 928 [τὸ]
476 856 612 928 μετὰ
638 858 849 930 Πατρὸς
878 857 970 912 καὶ
1004 857 1318 931 Πνεύματος
1352 857 1671 931 ὁμοούσιον.

910 967 1033 1022 Τῶν
1060 966 1107 1041 γ’
1138 967 1417 1043 Ῑιατέφων.

407 1051 498 1116 Τίς
555 1048 670 1125 δῴη
750 1074 830 1121 σε,
884 1052 1145 1133 ἀδελφιδί
1205 1075 1331 1129 μου,
1392 1052 1701 1125 θηλᾶζοντα
1759 1051 1996 1127 μαστοὺς

343 1141 550 1216 μητρός
609 1161 752 1216 μου;
804 1143 1035 1219 Ἤγουν,
1071 1142 1398 1219 Ἑπειδήπερ
1454 1166 1519 1217 με
1565 1147 1599 1214 ἡ
1644 1145 1833 1219 πρώτη
1897 1163 1992 1197 σου

336 1230 608 1304 παρουσία
664 1232 801 1308 πρὸς
852 1233 917 1287 τὸ
974 1232 1283 1288 ἀπολαῦσαί
1341 1255 1437 1288 σου
1494 1233 1846 1306 ἡτοίμασται,
1907 1232 1990 1293 τίς

340 1340 432 1393 μοι
487 1320 627 1375 κατὰ
684 1322 782 1390 τὴν
844 1319 1094 1397 δευτέραν
1150 1344 1245 1378 σου
1276 1323 1571 1399 παρουσίαν
1628 1324 1887 1399 παράσχῃ
1936 1342 1992 1375 σε

333 1408 423 1462 τὸν
456 1409 734 1485 ἀγαπητόν
771 1431 878 1483 μου
912 1413 1027 1485 μεθ’
1058 1414 1218 1485 ἡμῶν
1253 1414 1304 1467 έν
1353 1416 1423 1486 τῇ
1475 1416 1571 1466 τοῦ
1629 1412 1838 1483 Ηατρὸς
1892 1411 1989 1486 βα-

336 1497 515 1571 σιλείᾳ
546 1499 688 1573 (ἥτις
748 1499 891 1555 ἐστὶν
950 1503 983 1570 ἡ
1049 1504 1234 1576 μήτηρ
1266 1504 1426 1574 ἡμῶν
1485 1505 1593 1557 τῶν
1639 1504 1844 1555 πιστῶν
1878 1498 1989 1555 ἅνω

335 1586 725 1663 Ἰερουσαλὴμ)
808 1589 1032 1645 πίνοντα
1103 1591 1165 1645 τὸ
1248 1592 1433 1645 καινὸν
1510 1590 1686 1663 πόμα,
1756 1590 1874 1666 ῥέον
1936 1588 1988 1660 ἐξ

335 1676 503 1747 αὐτῆς
560 1677 641 1740 εἷς
692 1680 841 1751 ἡμᾶς
898 1679 1035 1734 κατὰ
1063 1680 1228 1755 χάριν
1262 1678 1499 1753 ἀμέσως,
1530 1679 1604 1741 ὠς
1652 1679 1715 1735 τὸ
1745 1679 1850 1733 ἀπὸ
1886 1700 1988 1753 μα-

337 1771 443 1835 ζῶν
501 1767 710 1842 μητρὸς
762 1768 910 1842 γάλα
968 1767 1046 1833 εἷς
1100 1769 1165 1823 τὰ
1214 1767 1413 1845 ἔκγονα
1448 1767 1671 1840 ταύτης,
1704 1769 1983 1833 κάντεῦθεν

2686 968 2871 1022 Trium
2900 970 3159 1025 Patrum.

2174 1052 2304 1120 Quis
2335 1052 2422 1108 det
2449 1057 2525 1122 te,
2545 1059 2866 1112 consobrine
2901 1061 2997 1127 mi,
3029 1062 3318 1131 augentem
3355 1060 3529 1116 ubera
3550 1062 3749 1117 matris

2100 1144 2283 1197 mem?
2312 1142 2598 1205 Quoniam
2635 1145 2794 1215 prior
2838 1147 3120 1202 adventus
3145 1156 3279 1203 tuus
3305 1164 3397 1203 me
3439 1150 3508 1204 ad
3544 1153 3600 1204 te
3625 1166 3750 1222 per-

2104 1227 2417 1287 truendum
2452 1234 2817 1304 praeparavit,
2843 1236 3042 1305 ecquis
3068 1237 3284 1291 tribuet
3314 1236 3458 1291 mihi
3489 1240 3746 1295 secundo

2100 1319 2349 1375 adventu
2410 1324 2509 1376 tuo
2569 1322 2847 1378 dilectum
2898 1340 3094 1381 meum
3128 1325 3433 1381 nobiscum
3463 1326 3521 1381 in
3558 1328 3743 1385 Patris

2101 1408 2260 1480 regia
2288 1410 2436 1480 (quae
2469 1410 2728 1466 ﬁdelium
2760 1420 2839 1467 est
2858 1423 3055 1477 mater,
3087 1417 3743 1489 supernaJcrusalem“)

2098 1513 2311 1552 novum
2348 1499 2644 1555 bibentem
2679 1502 2977 1572 poculum,
3001 1503 3153 1574 quod
3178 1520 3246 1559 ex
3267 1503 3473 1575 ipsain
3506 1522 3612 1561 nos
3642 1522 3745 1577 per

2098 1587 2345 1656 gratiam
2371 1587 2497 1645 sine
2520 1590 2710 1645 medio
2736 1591 2903 1661 quasi
2924 1591 3009 1645 iac
3041 1608 3109 1647 ex
3139 1594 3344 1647 matris
3379 1593 3660 1650 uberibus
3680 1595 3742 1651 in

2099 1675 2250 1731 filios
2282 1676 2469 1748 ipsius
2493 1678 2839 1750 ﬂuat,atque
2871 1681 2950 1735 ita
2974 1679 3223 1736 salutem
3248 1682 3580 1738 animarum
3608 1700 3743 1740 nos-

2097 1768 2324 1822 trarum
2355 1768 2597 1832 nutriat,
2660 1769 2953 1840 ﬁnemque
3012 1770 3147 1826 ﬁdei
3200 1773 3476 1842 praebeat,
3525 1789 3740 1845 nempe

330 1829 527 1934 τρέφον
567 1829 694 1927 ’τὴν
754 1829 863 1911 τῶν
923 1829 1116 1932 φυγῶν
1176 1829 1337 1931 ἡμῶν
1392 1829 1687 1931 σωτηρίαν,
1718 1858 1780 1913 τὸ
1827 1829 1977 1921 τέλος

2095 1855 2384 1912 bonorum
2417 1874 2541 1928 qua:
2574 1875 2754 1930 supra
2772 1865 3039 1914 naturam
3078 1864 3215 1915 sunt
3237 1862 3737 1933 communionem,

331 1948 434 2015 τῆς
465 1946 701 2008 πίστεως
732 1950 838 2001 τῶν
885 1947 1016 2023 ὑπὲρ
1077 1946 1231 2024 φύσιν
1282 1949 1380 2016 τὴν
1426 1948 1633 2021 μέθεξιν
1682 1949 1780 2017 τὴν
1838 1949 1983 2012 θείαν

330 2036 418 2089 καὶ
481 2035 799 2107 ἀνεννόητον
859 2033 1089 2107 ἡδονὴν,
1137 2039 1198 2105 ἢν
1256 2038 1419 2098 αὐτὸς
1475 2036 1722 2111 ἐμποιεῖν
1781 2038 1986 2116 πέφυκε

331 2123 486 2202 φύσει
516 2124 652 2180 κατὰ
682 2125 846 2201 χάριν
889 2131 1009 2187 τοῖς
1057 2126 1225 2197 ἀξίοις
1275 2124 1604 2200 ἐνούμενος;
1638 2124 1798 2183 Οὕτω
1853 2127 1981 2203 γὰρ,

330 2213 583 2285 Εὑροῦσά
651 2234 711 2268 σε
766 2210 868 2285 ἔξω
926 2212 1145 2293 φιλήσω
1206 2236 1282 2286 σε,
1345 2214 1434 2269 καί
1491 2236 1555 2290 γε
1615 2215 1713 2271 οὐκ
1773 2213 1983 2288 ἐξουδε-

330 2302 565 2357 νώσουσί
626 2319 733 2377 με’
787 2302 936 2377 ἤτοι,
988 2305 1317 2379 Ἐπιγνοῦσά
1375 2326 1432 2359 σε
1488 2305 1598 2381 οὐχ
1656 2304 1836 2380 ὥσπερ
1892 2309 1983 2361 νῦν

327 2391 465 2447 κατᾶ
494 2391 695 2462 πίστιν,
732 2390 879 2448 ἀλλὰ
907 2394 1022 2448 κατ’
1062 2392 1227 2462 εἶδος,
1260 2392 1312 2448 ἰν
1371 2397 1440 2468 τῇ
1495 2391 1595 2464 ἔξω
1642 2400 1740 2463 τῆς
1798 2395 1981 2464 θεϊγῆς

336 2501 432 2535 σου
481 2481 667 2544 οὐσίας
716 2481 957 2557 ἡμετέρᾳ
1013 2480 1166 2553 οὐσίᾳ
1204 2483 1304 2553 τήν
1347 2481 1642 2561 ἀφθαρσίαν
1692 2485 1851 2557 ἡμῖν,
1890 2483 1981 2538 καὶ

334 2571 434 2640 τήν
492 2570 747 2648 ἀτρεψίαν
807 2570 894 2626 ἐπὶ
950 2578 1049 2641 τῆς
1107 2579 1299 2642 κοινῆς
1349 2569 1695 2649 δωρούμενον
1755 2572 1980 2628 ἀναστάο

334 2680 493 2731 σεως,
527 2660 825 2717 ἀπολαύσω
857 2682 972 2733 σου,
1004 2660 1101 2717 κᾶν
1131 2666 1223 2716 νῦν
1278 2662 1425 2736 παρά
1471 2666 1577 2717 τῶν
1615 2662 1684 2717 τὰ
1736 2666 1834 2717 τοῦ
1886 2662 1979 2717 κό·

337 2770 478 2823 σμου
538 2749 880 2827 φρονούντων
932 2748 1373 2825 ἐξευτελίζωμαι,
1426 2751 1503 2813 ὠς
1556 2748 1645 2807 διά
1698 2752 1798 2822 τήν
1854 2752 1979 2829 περὶ

334 2839 393 2893 σὲ
446 2840 732 2894 κατάθεσιν
809 2838 984 2895 πάντα
1057 2845 1460 2919 περιφρονοῢσα
1529 2841 1598 2896 τὰ
1650 2840 1975 2918 πρόσκαιρα.

328 2927 417 2989 Τίς
448 2926 497 2983 δ’
528 2927 556 2983 ὁ
584 2928 789 3002 τρόπος
818 2934 919 2998 τῆς
950 2927 1302 2994 ἀπολαύσεως
1357 2927 1502 2984 ἔσται
1565 2951 1657 3002 μοι
1683 2949 1698 3001 ;
1731 2933 1834 2989 Καὶ
1873 2931 1975 3006 γὰρ

334 3014 736 3093 παραλήψομαί
810 3039 889 3089 σε,
976 3018 1167 3090 εἰσάξω
1248 3039 1306 3074 σε
1389 3018 1465 3083 εἷς
1541 3020 1684 3074 οἶκον
1767 3021 1975 3096 μητρός

334 3129 459 3181 μου,
517 3109 604 3167 καὶ
666 3108 744 3173 εἲς
799 3116 1043 3183 ταμιεῖον
1113 3117 1212 3181 τῆς
1266 3107 1653 3182 συλλαϐούσης
1716 3132 1802 3185 με.
1863 3114 1974 3169 Πο-

2095 1950 2151 2000 et
2181 1946 2435 2002 divinam
2466 1947 2627 2002 illam
2678 1952 2854 2020 atque
2902 1949 3304 2005 incredibilem
3354 1951 3738 2024 voluptatem,

2096 2051 2275 2107 quam
2308 2036 2433 2108 ipse
2474 2038 2823 2093 naturaliter
2871 2039 3163 2105 obtinens,
3211 2040 3407 2112 dignis
3455 2042 3736 2112 conjunc-

2091 2129 2189 2181 tus
2217 2141 2320 2197 per
2366 2126 2615 2199 gratiam
2680 2128 3062 2200 impertitur?
3121 2129 3213 2185 Sic
3263 2130 3420 2185 enim
3451 2132 3737 2188 inveniens

2092 2223 2142 2270 te
2166 2217 2305 2287 [oris
2335 2218 2639 2273 suaviabor
2666 2235 2685 2273 :
2734 2222 2785 2273 et
2822 2235 2982 2274 nemo
3026 2235 3159 2274 sane
3184 2236 3272 2275 me
3290 2224 3617 2277 contemnet.
3652 2221 3736 2278 Ita

2091 2320 2453 2376 cognoscens
2486 2310 2561 2375 te,
2604 2323 2722 2362 non
2772 2311 2835 2362 ut
2884 2324 3041 2362 nunc
3091 2324 3193 2379 per
3242 2308 3437 2379 ﬁdem,
3480 2311 3582 2365 sed
3634 2327 3739 2383 per

2094 2395 2568 2465 aspectum,foris
2591 2400 2753 2452 extra
2776 2396 3033 2452 divinam
3066 2397 3457 2454 substantiam
3489 2404 3652 2455 tuam
3676 2401 3736 2456 in

2092 2487 2291 2538 nostra
2321 2484 2655 2541 substantia
2692 2485 3191 2557 incorruptionem
3224 2486 3393 2543 nobis
3423 2492 3599 2559 atque
3620 2489 3738 2544 im-

2091 2572 2547 2629 mutabilitatem
2578 2574 2634 2628 in
2669 2575 2967 2630 communi
3002 2574 3414 2646 dilargientem
3447 2592 3735 2633 resurrec-

2089 2662 2269 2727 tione,
2321 2664 2693 2733 perfruamur
2721 2668 2809 2719 te:
2862 2668 2920 2719 et
2950 2680 3119 2719 nemo
3168 2664 3402 2735 quidem
3451 2666 3736 2737 despiciet

2089 2767 2199 2806 me.
2240 2752 2375 2807 licet
2404 2769 2561 2807 nunc
2583 2769 2615 2807 a
2648 2754 2851 2807 mundi
2884 2753 3253 2825 sapientibus
3285 2770 3550 2825 spernar,
3575 2752 3731 2825 quod

2086 2842 2326 2911 propter
2352 2855 2612 2895 amorem
2664 2844 2830 2895 tuum
2878 2841 3099 2895 caduca
3146 2846 3543 2895 contemnam.
3590 2840 3731 2905 Quis

2086 2934 2282 2983 autem
2315 2929 2426 2984 erit
2457 2929 2601 2984 mihi
2635 2928 2863 2984 fruendi
2897 2929 3157 2985 modus?
3205 2929 3625 3001 Apprehendam
3658 2933 3731 3000 te,

2086 3018 2427 3074 introducam
2456 3021 2592 3074 tein
2615 3019 2834 3074 domum
2858 3020 3063 3074 matris
3082 3034 3217 3074 mea!
3245 3027 3300 3074 ει
3330 3020 3391 3073 in
3418 3019 3731 3075 cubiculum

2084 3108 2199 3180 ejus
2230 3124 2347 3179 quae
2394 3109 2644 3175 concepit
2689 3125 2797 3162 me.
2849 3108 3001 3163 Dabo
3049 3108 3153 3162 tibi
3203 3109 3457 3179 poculum
3504 3108 3578 3163 de
3607 3108 3732 3165 vino

334 3201 435 3251 τιῶ
493 3218 552 3253 σε
608 3198 714 3255 ἀπὸ
771 3197 922 3255 οἴνου
997 3204 1095 3255 τοῦ
1182 3204 1505 3276 μυρεψικοῦ,
1566 3201 1670 3256 ἀπὸ
1734 3201 1973 3275 νάματος

2091 3199 2324 3264 condito,
2381 3196 2446 3253 de
2520 3197 2683 3252 latice
2739 3197 3014 3252 malorum
3077 3199 3405 3267 punicorum
3457 3212 3728 3253 nieorum.

332 3285 471 3361 ῥοῶν
509 3309 639 3360 μου.
686 3286 981 3359 Δηλονότι,
1008 3294 1115 3344 Σοῦ
1137 3290 1507 3367 χαριζομένου
1540 3311 1635 3364 μοι
1664 3291 1763 3360 τὴν
1789 3299 1980 3355 θέωσιν

340 3371 496 3432 λάϐω
530 3397 609 3445 σε,
640 3379 883 3441 ποθοῦσά
922 3399 1017 3433 σου
1071 3380 1170 3448 τὴν
1238 3378 1621 3455 λαμπρότητα·
1650 3380 1741 3435 καὶ
1795 3379 1846 3436 ἂν
1900 3385 1980 3453 τῷ

326 3464 533 3537 ταύτην
592 3468 873 3531 θεάσασθαι
931 3466 1203 3544 εἰσαγάγω
1263 3490 1321 3524 σε
1375 3469 1451 3532 εἰς
1509 3475 1656 3543 νοῦν,
1713 3470 1771 3532 ὃς
1830 3470 1976 3532 οἶκος

331 3551 425 3627 μέν
462 3552 575 3609 ἐστι
603 3561 702 3623 τῆς
745 3552 835 3609 διὰ
860 3559 958 3610 τοῦ
1021 3556 1393 3631 βαπτίσματος
1444 3558 1707 3628 τεκούσης
1768 3578 1855 3630 με,
1889 3559 1979 3612 οἷα

330 3642 563 3718 μητρὸς,
613 3648 711 3698 τοῦ
758 3643 1023 3713 παναγίου
1078 3644 1395 3718 Πνεύματος
1444 3647 1693 3722 χάριτος,
1723 3646 1797 3710 ὠς
1845 3647 1976 3701 ταύ-

319 3751 420 3802 της
482 3729 573 3789 διὰ
626 3734 689 3788 τὸ
748 3734 867 3789 καθ’
920 3733 1184 3807 ὁμοίωσιν
1240 3736 1857 3811 χωρητικός.Ταμιεῖον
1918 3733 1975 3790 δὲ

320 3819 490 3875 πάλιν
549 3822 745 3894 αὐτῆς,
802 3822 877 3884 ὡς
932 3822 1061 3886 τοὺς
1112 3824 1459 3900 ἀποκρύφους
1515 3825 1716 3896 ταύτης
1770 3828 1975 3895 θησαυ-

324 3908 456 3983 ροὺς
519 3907 608 3965 διὰ
637 3911 698 3966 τὸ
728 3913 844 3967 κατ’
876 3912 1058 3968 εἰκόνα
1115 3912 1259 3989 ἔχων
1319 3913 1614 3979 ἀποθέτους
1668 3915 1721 3969 ἐν
1776 3916 1970 3987 ἑαυτῷ.

323 4001 481 4063 ’Ἠτις
519 4020 587 4072 με
616 4000 778 4075 χάρις
827 3997 1086 4057 συνέλαϐε
1130 4000 1219 4057 διὰ
1272 4003 1524 4065 πίστεως.
1558 4005 1699 4079 Πρὸς
1756 4003 1971 4067 τούτοις

321 4084 379 4143 δὲ
435 4089 691 4164 προσάξω
750 4110 834 4145 σοι
888 4095 970 4163 τῷ
1027 4088 1254 4165 διψῶντι
1283 4094 1383 4162 τήν
1418 4092 1687 4168 σωτηρίαν
1724 4114 1849 4166 μου,
1896 4094 1969 4156 ὥς

319 4198 370 4232 τι
406 4177 584 4251 πόμαί
613 4180 713 4248 τήν
739 4199 799 4234 τε
832 4178 936 4234 ἀπὸ
966 4183 1067 4245 τῆς
1115 4181 1406 4243 συνθέσεως
1444 4186 1552 4236 τῶν
1604 4180 1656 4236 ἐν
1706 4183 1851 4258 πάσῃ
1898 4187 1968 4256 τῇ

318 4268 491 4324 κτίσει
522 4266 611 4323 καὶ
638 4271 708 4342 τῇ
740 4272 924 4347 Γραφῇ
957 4266 1229 4348 διαφόρων
1263 4267 1440 4345 λόγων
1491 4271 1810 4345 ἠρτημένην
1874 4294 1967 4345 μοι

322 4354 560 4426 ἅληστόν
630 4377 726 4412 σου
815 4356 888 4419 ὠς
962 4356 1217 4428 ἀληθείας
1284 4364 1480 4436 γνῶσιν
1515 4378 1528 4392 ⁸
1589 4359 1710 4431 ἥτις
1771 4362 1966 4436 οἷάπερ

320 4443 531 4515 εὐώδης
565 4445 707 4510 οἶνος
739 4443 1014 4521 ἱλαρύνων
1051 4445 1276 4524 καρδίαν
1322 4448 1597 4526 εὐφραίνει
1652 4452 1750 4513 τὰς
1801 4472 1967 4524 μετα-

322 4530 708 4608 λαμϐανούσας
764 4536 966 4608 ταύτης
1022 4538 1223 4614 ψυχὰς,
1275 4540 1361 4593 καὶ
1416 4541 1516 4609 τήν
1572 4540 1805 4603 ἀεννάως
1868 4562 2042 4644 μοιῡ

324 4620 380 4644 ΩἼ
409 4622 462 4644 Iv
672 4624 686 4643 9
746 4626 756 4643 Ι
887 4624 898 4643 Ι
1128 4626 1141 4644 Ἰ
1246 4628 1258 4644 9
1340 4630 1364 4644 Λ
1404 4633 1431 4643 ιν
1525 4636 1552 4644 .-
1709 4634 1730 4644 ν
1847 4624 1897 4644 ὀ

323 4620 629 4698 βλύζουσαν
659 4624 926 4700 ἀγάπησίν
958 4646 1076 4696 σου,
1108 4626 1183 4689 ὠς
1234 4628 1455 4703 ἀγαθοῦ,
1487 4636 1587 4698 τῆς
1638 4634 1734 4684 τοῦ
1792 4624 1963 4706 φόϐου

319 4732 415 4768 σου
447 4713 728 4788 ὑπεροχῆς
755 4715 844 4769 καὶ
872 4718 969 4770 τοῦ
1008 4714 1180 4771 πόθου
1236 4723 1338 4785 τῆς
1400 4725 1642 4793 μετοχῆς
1708 4740 1823 4787 σου,
1854 4724 1961 4775 τῶν

321 4798 477 4869 δίκην
538 4802 704 4879 ῥοιῶν
758 4806 838 4876 τῷ
888 4803 981 4876 μὲν
1043 4804 1320 4879 στυπτικῷ
1371 4808 1735 4883 στηριζόντων
1770 4829 1856 4883 με,
1888 4813 1966 4881 τῷ

320 4888 375 4947 δὶ
402 4890 746 4967 γλυκαίνοντι
777 4894 1171 4971 εὐφραινόντων
1209 4916 1295 4968 με.

884 5004 999 5055 Τῶν
1035 5002 1082 5077 γ’
1113 5004 1390 5077 Πατέρων.

389 5089 521 5146 Εἶτα
578 5088 718 5166 πρὸς
781 5089 878 5152 τὰς
962 5091 1404 5167 μαθητευομένας
1462 5091 1596 5167 αὐτῇ
1665 5094 1961 5173 στρέφουσα

318 5176 481 5233 πάλιν
510 5178 605 5234 τὸν
664 5178 827 5256 λόγον
855 5177 1096 5235 διδάσκει
1147 5186 1255 5236 τῶν
1306 5182 1628 5258 παράὐτῇς
1681 5184 1817 5259 πρὸς
1871 5186 1962 5240 τὸν

317 5267 551 5345 νυμφίον
581 5267 903 5344 εἰρημένων,
935 5270 1230 5342 φάσκουσαο

386 5355 683 5430 Εὐώνυμος
713 5356 881 5412 αὐτοῦ
914 5358 1015 5412 ὑπὸ
1044 5360 1145 5428 τὴν
1177 5359 1422 5438 κεφαλήν
1459 5383 1584 5435 μου.

384 5445 610 5521 Ἥγουν,
641 5442 933 5524 ἐπειδήπερ
964 5448 1020 5503 αἱ
1048 5452 1154 5503 τῶν
1201 5447 1623 5527 ὑποδεχομένων
1677 5453 1955 5509 κολάσεων

312 5532 442 5597 τοὺς
472 5532 525 5607 ἐξ
554 5533 837 5610 εὐωνύμου
891 5540 988 5593 τοῦ
1042 5537 1282 5620 νυμφίου
1330 5537 1574 5614 ἀπειλαὶ,
1604 5544 1696 5598 νῦν
1753 5542 1856 5600 ὑπὸ
1894 5543 1956 5600 τὸ

384 5714 652 5778 “ﬁdat.
680 5732 762 5793 ιν,
795 5717 888 5777 26.

2090 3287 2329 3359 Capiam
2363 3286 2539 3358 tequi
2574 3285 2720 3341 mihi
2771 3285 3136 3343 divinitatem
3184 3286 3475 3357 elargiris,
3516 3287 3731 3357 cupida

2089 3376 2421 3448 splendoris
2452 3381 2561 3443 tul,
2593 3376 2651 3430 in
2686 3391 2870 3447 eoque
2891 3374 3338 3447 contemplando
3359 3375 3725 3432 introducam

2087 3470 2143 3522 te
2166 3466 2225 3520 in
2258 3470 2513 3521 mentem
2534 3481 2661 3536 quae
2684 3466 2897 3520 domus
2922 3468 3011 3519 est
3033 3463 3229 3535 gratia:
3243 3463 3497 3535 Spiritus
3516 3465 3726 3537 sancti,

2087 3572 2122 3610 a
2151 3571 2265 3625 qua
2295 3559 2361 3610 ut
2389 3572 2423 3610 a
2448 3558 2630 3609 matre
2646 3570 2749 3626 per
2763 3553 3057 3624 baptisma
3077 3554 3273 3624 genita
3302 3558 3531 3622 sum,et
3550 3570 3730 3626 prop-

2086 3648 2177 3699 ter
2235 3643 2686 3699 similitudinem
2742 3642 2903 3698 illius
2970 3646 3061 3697 est
3116 3659 3317 3715 capax.
3376 3643 3727 3701 Cubiculum

2087 3737 2280 3788 autem
2315 3750 2553 3788 rursum
2585 3737 2673 3788 est
2703 3732 2914 3804 ipsius,
2948 3732 3227 3804 quoniam
3261 3737 3495 3803 propter
3525 3732 3730 3805 imagi-

2087 3839 2221 3878 nem
2252 3822 2561 3879 thesauros
2584 3824 2711 3893 ejus
2744 3822 2803 3876 in
2861 3839 2923 3877 se
2976 3823 3307 3877 reconditos
3356 3820 3549 3876 habet.
3591 3821 3728 3884 Quas

2084 3912 2323 3984 quidem
2358 3912 2547 3983 gratia
2576 3911 2841 3983 concepit
2872 3927 2964 3965 me
2994 3926 3098 3982 per
3128 3910 3324 3965 ﬁdem.
3357 3910 3443 3964 Ad
3477 3909 3599 3964 haec
3620 3908 3726 3964 tibi

2082 4001 2307 4058 sitienti
2339 4002 2589 4057 salutem
2638 4017 2853 4070 meam,
2882 4000 3051 4071 quasi
3098 3999 3374 4070 poculum
3426 3998 3724 4070 quoddam

2080 4091 2320 4147 offeram
2353 4095 2694 4162 perpetuam
2727 4089 2812 4145 tui
2844 4090 2943 4160 qui
2966 4088 3179 4144 veritas
3203 4105 3287 4159 es,
3309 4087 3723 4160 cognitionem,

2079 4198 2148 4237 ex
2177 4179 2605 4253 compositione
2636 4178 3002 4234 diversarum
3036 4177 3330 4233 rationum
3363 4194 3493 4249 quae
3522 4176 3579 4231 in
3606 4192 3725 4232 om-

2080 4269 2255 4326 nibus
2305 4268 2590 4324 creaturis
2652 4267 3072 4338 Scripturaque
3129 4271 3294 4337 sunt,
3368 4266 3723 4323 instructam

2078 4362 2134 4414 et
2162 4358 2592 4414 concinnatam.
2613 4360 2741 4410 Haec
2767 4355 2945 4425 enim,
2967 4360 3251 4427 tanquam
3280 4354 3483 4410 vinum
3515 4355 3722 4410 odora-

2076 4454 2205 4505 tum
2255 4448 2558 4505 lastiticans
2602 4463 2702 4503 cor
2760 4445 2962 4501 laetitia
3008 4446 3345 4518 conspergit
3388 4444 3644 4512 animas,
3693 4460 3726 4498 a

2076 4539 2291 4610 quibus
2321 4537 2661 4609 percipitur,
2694 4551 3127 4607 perennemque
3151 4535 3294 4589 mihi
3324 4532 3432 4603 tui,
3466 4538 3530 4587 ut
3560 4548 3724 4588 sum-

2076 4627 2158 4682 mi
2188 4627 2346 4697 boni,
2380 4642 2641 4681 amorem
2673 4624 2953 4695 infundit,
2986 4640 3054 4679 ex
3098 4622 3435 4696 praestantia
3485 4620 3723 4677 timoris

2073 4717 2160 4773 tui
2191 4723 2249 4773 et
2290 4714 2562 4772 desiderii
2621 4718 2678 4770 te
2736 4713 3109 4785 perfruendi:
3170 4727 3423 4784 quorum
3482 4709 3721 4782 quidem

2073 4812 2359 4878 tanquam
2391 4804 2679 4861 malorum
2713 4804 3060 4875 punicorum
3093 4801 3240 4858 alter
3271 4799 3588 4857 acerbitate
3618 4816 3726 4857 sua

2074 4912 2169 4953 me
2198 4893 2553 4968 comprimit,
2588 4893 2839 4949 alterum
2893 4892 3203 4948 dulcedine
3234 4890 3509 4947 oblectat.

2658 5001 2845 5055 Trium
2878 5004 3129 5055 Patrum.

2144 5095 2363 5151 Deinde
2384 5093 2455 5148 ad
2484 5090 2806 5162 discipulae
2829 5107 2968 5145 suas
2990 5104 3321 5145 sermonem
3355 5089 3726 5153 convertens,

2071 5201 2308 5242 causam
2342 5181 2599 5254 exponit,
2646 5179 3029 5252 quamobrem
3080 5195 3148 5234 ea
3186 5177 3394 5233 dixerit
3422 5177 3495 5233 ad
3545 5192 3724 5249 spon-

2072 5290 2206 5331 sum
2228 5288 2400 5328 suum
2428 5288 2441 5325 Ζ

2141 5368 2301 5421 Laeva
2330 5364 2446 5434 ejus
2470 5361 2569 5416 sub
2598 5362 2779 5432 capite
2799 5375 2939 5415 meo.

2137 5455 2284 5522 Quia
2301 5453 2500 5527 sponsi
2518 5450 3079 5508 communicationes
3093 5449 3515 5524 suppliciorum
3534 5463 3659 5520 qua:
3677 5462 3711 5502 a

2066 5547 2309 5605 sinistra
2330 5544 2458 5617 ejus
2476 5541 2831 5602 collocandis
2853 5538 3501 5614 impendent,nuncsub
3524 5551 3622 5610 car
3638 5535 3714 5591 itc
