4046 6144
308 356 426 415 679

1643 352 2067 417 MIGHAELIS
2113 353 2390 417 PSELLI

3603 361 3729 422 680

308 504 461 559 meo,
483 486 594 544 sub
625 488 819 543 mente
849 486 1114 543 videlicet
1144 504 1273 559 quae
1304 486 1511 543 animae
1543 503 1684 543 meae
1708 502 1845 557 pars
1868 489 1957 542 est

2081 483 2231 556 δίκην
2256 487 2502 559 κεφαλῆς
2554 488 2783 565 ἀρχικὸν
2837 480 2937 558 τῆς
2992 491 3176 565 ψυχῆς
3233 511 3337 563 μου
3394 488 3725 554 πάντωςτὸ

309 577 619 649 praecipua,
655 594 865 633 sensus
891 577 1254 647 subjiciunt:
1287 577 1505 633 idcirco
1528 578 1795 632 futurum
1822 592 1958 647 spe-

306 684 370 723 ro
402 672 465 721 ut
494 667 618 737 ejus
650 668 886 722 dextera
916 667 1230 737 (promissa
1252 667 1533 721 nimirum
1571 666 1733 737 regni
1758 664 1959 720 cmiss-

308 756 385 811 tis
419 757 570 811 bona
600 773 726 828 quae
759 774 790 811 a
822 756 1073 811 dexteris
1131 754 1501 811 collocandos
1558 756 1816 824 manent)
1868 770 1960 809 me

309 844 383 899 sit
415 844 808 917 complexum,
843 845 899 899 id
933 848 1040 913 est,
1071 844 1571 916 comprehensum
1631 861 1721 898 me
1774 846 1958 898 totam

307 932 366 988 in
401 933 595 989 futuro
628 933 864 1001 saeculo,
894 932 1186 987 inﬁnitam
1244 933 1451 987 animo:
1512 938 1568 989 et
1600 932 1823 1003 corpori
1858 930 1955 985 lae-

308 1023 501 1080 titiam
535 1025 819 1095 praebens.
855 1023 1138 1079 Universa
1164 1023 1339 1095 igitur
1369 1042 1495 1095 quae
1528 1024 1791 1095 exposita
1821 1025 1962 1077 sunt

308 1130 439 1168 cum
470 1112 643 1168 veluti
697 1112 983 1184 magistra
1012 1113 1276 1179 dixisset,
1312 1113 1669 1168 subintulit:

376 1204 640 1273 Adjuravi
667 1219 779 1269 vos,
803 1203 947 1271 ﬁliae
974 1204 1299 1270 Jerusalem,
1329 1219 1429 1274 per
1456 1206 1731 1274 potentias
1763 1205 1815 1257 et
1842 1204 1956 1272 for-

304 1292 565 1349 titudines
612 1294 764 1360 agri,
795 1295 845 1348 si
892 1294 1171 1348 suscitetis
1228 1302 1281 1348 et
1309 1296 1569 1348 excitetis
1613 1292 1955 1357 charitatem,

305 1382 479 1438 donec
509 1382 762 1439 voluerit.

377 1560 716 1616 Divinorum
775 1559 1187 1631 mysteriorum
1250 1560 1615 1630 expositione
1673 1563 1955 1629 tanquam

290 1660 685 1732 jurejurando
720 1675 819 1713 vos
852 1658 1219 1725 confirmavi,
1246 1657 1551 1729 discipulae
1578 1673 1874 1727 meamque;
1898 1659 1957 1710 in

304 1761 507 1813 sancto
540 1756 757 1827 Spiritu
782 1756 950 1811 video
983 1773 1115 1810 eum
1150 1756 1247 1826 qui
1281 1773 1386 1811 nos
1422 1756 1571 1811 Patri
1614 1772 1719 1811 suo
1750 1771 1959 1809 recon-

300 1845 523 1901 ciliavit
551 1862 565 1901 :
598 1847 739 1900 dum
771 1862 1010 1900 causam
1039 1845 1424 1915 ostendique:
1450 1861 1548 1915 per
1570 1843 1957 1899 intellectivas

304 1934 641 2004 activasque
702 1935 1011 2005 potentias,
1063 1950 1282 2004 perque
1340 1932 1713 1987 fortitudines
1763 1933 1819 1987 in
1854 1932 1962 1986 hoc

308 2023 530 2078 mundo
560 2022 843 2089 valentes,
875 2022 1094 2077 virtute
1152 2023 1420 2076 excitetis
1465 2026 1522 2076 et
1552 2022 1799 2076 scientia
1829 2038 1962 2077 sus-

307 2111 497 2167 citatis
530 2128 665 2166 eum
700 2112 753 2165 in
790 2111 953 2166 vobis
1011 2113 1171 2181 (nam
1230 2110 1488 2165 dormire
1532 2110 1785 2175 videtur,
1820 2110 1961 2163 dum

305 2202 608 2267 ignoratur
637 2201 793 2272 quod
826 2205 1053 2255 rectum
1094 2200 1434 2267 bonumque
1466 2204 1576 2267 est,
1608 2216 1712 2253 nec
1744 2216 1803 2253 re
1835 2199 1963 2269 ipsa

309 2289 630 2362 perﬁcitur)
661 2288 995 2359 qui'dilcxit
1026 2307 1131 2345 nos
1162 2296 1219 2343 et
1250 2306 1315 2344 se
1344 2288 1640 2359 ipsum,ut
1672 2305 1777 2343 nos
1806 2288 1960 2342 redi-

310 2385 516 2446 meret,
543 2380 757 2434 obtulit
782 2422 796 2447 ,
824 2380 1008 2434 donec
1038 2379 1298 2434 secundo
1339 2379 1591 2433 adventu
1625 2394 1732 2432 suo
1762 2376 1961 2431 volue-

309 2468 404 2536 rit,
441 2483 572 2539 quae
603 2485 710 2523 sua
737 2486 838 2539 per
870 2475 1143 2523 naturam
1190 2471 1330 2522 sunt
1373 2467 1628 2538 propria,
1662 2482 1730 2521 ea
1769 2466 1827 2520 in
1860 2483 1962 2521 no-

313 2557 405 2611 bis
437 2573 539 2628 per
563 2558 811 2628 gratiam
862 2557 1290 2627 accipientibus
1345 2556 1605 2626 exsequi.
1648 2554 1963 2626 Discipulae

315 2645 704 2701 admiratione
737 2662 802 2701 ac
834 2649 1072 2716 stupore
1104 2645 1285 2715 plenis
1316 2645 1387 2699 de
1418 2643 1701 2715 magistra
1731 2662 1743 2697 :

389 2825 518 2891 Quae
545 2828 641 2892 est,
664 2822 968 2893 inquiunt,
1030 2824 1160 2891 ista,
1217 2838 1344 2893 quae
1400 2822 1640 2878 ascendit
1678 2822 1961 2892 dealbata,

318 2914 521 2968 innixa
548 2928 715 2983 super
735 2916 988 2983 nepotem
1012 2915 1215 2967 suum?

385 3020 663 3084 Quaenam
696 3024 786 3072 est
816 3019 956 3083 haec,
990 3035 1115 3087 quae
1144 3024 1267 3072 tam
1326 3017 1509 3087 perite
1540 3019 1779 3081 doccns,
1816 3035 1847 3071 a
1880 3034 1964 3074 re-

260 3164 261 3169 η
315 3109 426 3164 bus
456 3106 686 3163 arcanis
718 3107 789 3161 ad
822 3108 1011 3177 magis
1039 3124 1283 3161 arcanas
1332 3108 1781 3178 reconditasque
1828 3123 1961 3178 pro-

312 3196 690 3267 grediturPab
704 3196 861 3251 omni
881 3201 1251 3266 peccatorum
1266 3196 1493 3250 macula
1514 3191 2014 3267 purgata,atqueﬁ

314 3285 516 3340 innixa
538 3286 731 3355 nepoti
766 3287 922 3338 suo?
957 3284 1219 3355 Sponsus
1269 3285 1451 3354 igitur
1492 3285 1965 3339 animadvertens

313 3390 544 3444 sponsae
577 3374 636 3426 in
679 3372 987 3443 discipulis
1011 3372 1393 3427 instituendis
1416 3372 1806 3441 diligentiam,
1841 3388 1966 3427 am-

313 3463 691 3533 plectensque
709 3462 870 3515 illius
893 3462 964 3515 ad
986 3462 1205 3514 bonum
1231 3461 1326 3515 sed
1342 3461 1968 3525 ulilatem,commonet

314 3567 444 3605 eam
476 3550 693 3621 prioris
752 3551 883 3603 vitae
917 3556 981 3603 ut
1012 3548 1311 3603 submisse
1352 3550 1421 3603 de
1478 3566 1539 3603 se
1590 3551 1826 3616 sentiat,
1861 3564 1966 3604 nec

313 3638 595 3693 laudibus
624 3636 775 3692 elata
805 3636 1027 3691 insidat
1056 3637 1114 3690 in
1137 3637 1533 3707 arrogantiam
1560 3653 1572 3690 :

391 3815 502 3871 Sub
521 3830 699 3886 pomo,
732 3815 1029 3885 inquiens,
1062 3816 1308 3870 excitavi
1327 3823 1395 3869 te.

390 3905 455 3958 ld
487 3910 597 3970 est,
619 3903 729 3959 sub
760 3905 933 3959 rebus
954 3904 1083 3959 istis
1106 3905 1423 3974 procreatis
1442 3920 1564 3972 quae
1589 3904 1785 3959 suavis
1810 3903 1969 3975 pomi

318 3994 507 4048 instar
536 4009 746 4048 sensus
769 4008 974 4048 omnes
997 3992 1376 4061 oblectant,te
1395 3993 1623 4047 desidia
1653 3993 1722 4046 ad
1747 3993 1967 4047 bonum

320 4081 803 4152 amplectendum
820 4082 1069 4137 inertem
1085 4084 1142 4135 et
1172 4096 1369 4135 rerum
1391 4082 1748 4137 caducarum
1774 4080 1968 4136 studio

320 4172 711 4243 consopitum,
736 4173 1001 4240 excitavi,
1026 4170 1405 4243 providentiae
1431 4171 1758 4242 judiciique
1788 4171 1968 4225 ratio-

321 4261 497 4315 nibus
528 4264 585 4314 et
614 4260 988 4315 sermonibus
1011 4259 1323 4331 impellens
1345 4261 1418 4314 ad
1452 4260 1809 4315 desiderium
1830 4258 1966 4330 mei,

316 4349 538 4405 etenim

395 4438 515 4494 Ittic
538 4439 757 4509 peperit
787 4447 837 4494 te
868 4440 1044 4493 mater
1070 4441 1195 4493 tua.
1235 4438 1358 4493 [ilic
1401 4440 1620 4508 peperit
1652 4450 1701 4493 te
1727 4440 1969 4508 genitrix

319 4530 436 4582 tua.

2068 576 2252 649 νοερὸν
2332 577 2696 631 ὑποτάσσουσι
2759 578 2821 632 τὸ
2881 578 3217 651 αἰσθητικὸν,
3270 576 3358 634 διὰ
3432 584 3596 635 τοῦτυ
3669 579 3721 636 ἂν

2070 661 2281 719 ἐλπίσιν
2330 665 2466 739 εἰμὶ,
2501 666 2582 721 ὅτι
2614 664 2703 721 καί
2735 669 2768 736 ἡ
2803 664 2948 737 δεξιὰ
3004 667 3168 723 αὐτοῦ
3210 667 3571 743 περιλήψεταί
3632 690 3721 743 με.

2073 752 2283 822 Εἴτουν,
2318 755 2399 812 Τὸ.
2458 753 2843 830 ὑποδεχόμενοι
2898 756 3021 819 τοὺς
3087 756 3147 812 ἐκ
3202 755 3389 828 δεξιῶν
3443 757 3724 835 ἐπηγγελ-

2075 842 2206 915 μένα
2235 843 2409 919 ἀγαθὰ
2437 852 2537 914 τῆς
2588 849 2684 899 τοῦ
2733 850 2867 901 Θεοῦ
2933 845 3231 922 βασιλείας,
3268 846 3404 918 ὅλην
3470 868 3538 919 με
3587 849 3725 904 κατὰ

2068 932 2160 985 τὸν
2197 930 2471 1005 μέλλοντα
2503 934 2669 989 αἰῶνα
2699 934 3003 1009 περιέξουσι
3055 936 3212 1010 ψυχῇ
3268 937 3355 990 καὶ
3410 938 3566 1011 σαρκὶ
3620 938 3721 1005 τήν

2069 1020 2364 1097 ἀπέραντον
2440 1022 2775 1101 εὐφροσύνην
2851 1025 3186 1100 παρέχοντα.
3266 1026 3446 1081 Πλντα
3517 1024 3575 1081 δὶ
3658 1026 3725 1080 τὰ

2071 1110 2328 1185 εἶρημένα
2354 1109 2759 1174 διδασκαλικῶς
2791 1112 3015 1168 εἰποῦσα
3048 1112 3254 1187 ἐπάγει·

2139 1202 2369 1275 ’Ὠρκισα
2456 1202 2616 1275 ὑμᾶς,
2675 1204 2961 1277 θυγατέρες
3023 1202 3411 1278 Ἰερουσαλὴμ,
3471 1204 3522 1258 ἐν
3604 1208 3725 1266 ταῖς

2070 1286 2329 1363 δυνάμεσι
2392 1291 2482 1345 καὶ
2563 1291 2614 1346 ἐν
2693 1297 2811 1354 ταῖς
2898 1290 3145 1368 ἶσχύσεσι
3223 1296 3320 1345 τοῦ
3387 1292 3575 1368 ἀγροῦ,
3634 1292 3723 1347 ἐὰν

2069 1377 2316 1455 ἐγείρητε
2371 1381 2461 1435 καὶ
2519 1380 2606 1436 ἐὰν
2665 1380 2968 1458 ἐξεγείρητε
3026 1384 3127 1452 την
3213 1381 3445 1458 ἀγάπην,
3503 1379 3605 1444 ἕως
3661 1381 3726 1438 ἃν

2069 1467 2300 1544 θελήσῃ-

2138 1561 2315 1631 Ἤτοι,
2370 1558 2879 1634 Κατησφαλισάμην
2941 1562 3101 1635 ὑμᾶς,
3157 1561 3230 1623 ὡς
3286 1559 3354 1616 δι’
3408 1556 3595 1636 ὅρκου,
3626 1567 3729 1630 τῆς

2065 1652 2172 1703 τῶν
2203 1648 2361 1712 θείων
2400 1650 2709 1724 μυστηρίων
2745 1650 3075 1725 ἐξηγήσεως,
3112 1650 3409 1726 μαθήτρια(
3446 1672 3572 1724 μου,
3624 1656 3726 1720 τῆς

2066 1737 2119 1793 ἐν
2176 1740 2313 1814 ἁγίῳ
2374 1741 2645 1813 Πνεύματι
2697 1741 2910 1813 ὁρώσης
2968 1743 3060 1797 τὸν
3119 1740 3531 1812 καταλλάξαντα
3577 1742 3728 1813 ἡμᾶς

1994 1833 2146 1937 Βτῷ
2203 1827 2327 1901 ἰδίῳ
2384 1831 2585 1905 Πατρίσ
2620 1829 2980 1904 ἀναδιδοὶξασα
3036 1832 3135 1900 τὴν
3192 1831 3386 1901 αἰτίαν,
3422 1828 3493 1885 δι’
3549 1832 3610 1900 ἣν
3671 1829 3727 1885 ἰν

2137 1923 2159 1933 ..
2253 1930 2270 1937 _
2559 1925 2580 1935 -
2759 1920 2771 1937 ς
2927 1926 2949 1936 ..
3336 1926 3359 1935 ..
3467 1919 3491 1937 μ
3578 1920 3588 1937 ι

2071 1923 2185 1980 ταῖς
2250 1925 2607 1994 θεωρητικαῖς
2684 1920 2774 1975 καὶ
2859 1926 2977 1982 ταῖς
3064 1926 3387 1997 πρακτικαῖς
3464 1919 3726 1994 δυνάμεσι

2071 2009 2157 2062 καὶ
2195 2008 2461 2082 ἶσχύσεσι,
2494 2014 2611 2071 ταῖς
2646 2009 2699 2064 ἐν
2748 2015 2830 2082 τῷ
2878 2010 3103 2085 παρόντι
3153 2010 3344 2083 κόσμῳ
3379 2007 3725 2082 δυναμέναις,

2052 2096 2321 2171 ,ἐγείρητε
2351 2099 2466 2151 κατ’
2502 2097 2695 2172 ἀρετὴν
2750 2100 2837 2153 καὶ
2887 2098 3185 2175 ἐξεγείρητε
3236 2100 3371 2155 κατὰ
3414 2104 3617 2174 γνῶσιν
3672 2098 3725 2154 ἐν

2078 2188 2226 2259 ὑμῖν,
2262 2183 2535 2241 καθεύδειν
2589 2185 2876 2258 δοκοῦντα,
2938 2187 3064 2243 ὅταν
3115 2188 3375 2265 ἀγνοῆται
3435 2189 3497 2242 τὸ
3556 2188 3725 2261 εὗθές,

2071 2276 2157 2329 καὶ
2198 2276 2272 2347 μὴ
2307 2278 2608 2350 πράττηται
2654 2277 2717 2330 τὸ
2771 2274 2962 2346 καλὸν,
2993 2278 3085 2333 τὸν
3142 2279 3495 2353 ἀγαπήσαντα
3547 2280 3723 2350 ἡμᾶς,

2069 2364 2159 2418 καὶ
2219 2362 2379 2418 δόντα
2437 2364 2622 2420 ἑαυτὸν
2681 2365 2879 2442 λύτρον
2918 2368 3051 2441 ὑπὲρ
3082 2370 3268 2441 ἡμῶν⁶
3299 2365 3403 2431 ἕως
3459 2365 3521 2421 ἂν
3568 2364 3726 2422 εὐδο-

2068 2453 2374 2527 κήσῃκατᾶ.
2418 2456 2517 2524 τήν
2559 2452 2806 2531 δευτέραν
2860 2456 3024 2512 αὐτοῦ
3082 2456 3382 2530 παρουσίαν
3440 2457 3605 2519 αὐτὸς
3659 2456 3731 2512 τὰ

2069 2543 2204 2597 κατὰ
2255 2542 2408 2621 φύσιν
2497 2543 2671 2598 οἰκεῖα
2758 2541 2885 2619 δρᾷν
2950 2544 3000 2600 ἐν
3056 2549 3190 2619 ἡμῖν
3258 2547 3532 2621 πάσχουσι
3589 2545 3729 2601 κατὰ

2070 2630 2230 2706 χάριν
2292 2630 2526 2685 αὐτά-αἱ
2585 2629 2643 2687 δὲ
2700 2628 2947 2707 θάμϐους
3006 2632 3382 2710 πληρωθεῖσαι
3443 2633 3567 2708 περὶ
3626 2641 3728 2706 τῆς

2072 2718 2402 2776 διδασκάλου
2434 2721 2583 2799 φασί’

2140 2826 2230 2888 Τίς
2262 2826 2395 2895 αὕτη
2430 2830 2464 2896 ἡ
2497 2824 2860 2883 ἀναϐαίνουσα
2892 2827 3409 2903 λελευκανθισμένη,
3444 2828 3723 2906 ἐπιστηρι-

2074 2916 2274 2988 ζομένη
2301 2916 2387 2970 ἐπὶ
2416 2916 2508 2970 τὸν
2543 2914 2834 2995 ἀδελφιδόν
2868 2917 3033 2987 αὐτῆς
3058 2938 3071 2989 ;

2060 3064 2067 3071 .
2144 3019 2391 3091 Δηλαδὴ,
2421 3022 2612 3077 Ὀποία
2644 3024 2877 3100 ὑπάρχει
2910 3024 3044 3095 αὕτη
3085 3029 3120 3094 ἡ
3168 3023 3568 3089 διδασκαλικῶς
3616 3027 3723 3081 ἀπὸ

2078 3111 2392 3185 μυστηρίων
2454 3110 2530 3173 εἴς
2596 3111 3103 3189 μυστηριωδέστιρα
3150 3109 3532 3186 ἀναϐαίνουσα,
3564 3136 3724 3170 κεκα-

2078 3198 2317 3273 θαρμένη
2379 3203 2577 3263 παντὸς
2637 3201 2809 3277 ῥύπου
2869 3203 3300 3278 ἁμαρτημάτων,
3354 3205 3443 3258 καὶ
3518 3203 3728 3278 ἐπερει-

2078 3286 2280 3360 δομένη
2337 3288 2426 3343 ἐπὶ
2481 3292 2571 3345 τὸν
2632 3288 2921 3369 ἀδελφιδὸν
2977 3292 3270 3360 αὐτῆς;“0
3319 3296 3450 3366 γοῦν
3500 3293 3731 3369 νυμφίος

2072 3380 2172 3443 τήν
2206 3376 2294 3431 ἐπὶ
2324 3384 2441 3439 ταῖς
2486 3381 2950 3451 μαθητευομέναις
3000 3383 3096 3448 τῆς
3147 3380 3366 3459 νύμφης
3413 3382 3555 3454 ὁρῶν
3609 3380 3729 3437 ἐπι-

2079 3461 2322 3533 μέλειαν,
2356 3465 2450 3519 καὶ
2482 3463 2891 3540 ἀποδεχόμενος
2923 3468 3022 3536 τὴν
3054 3468 3255 3539 ταύτης
3288 3469 3365 3531 εἰς
3412 3469 3473 3524 τὸ
3520 3470 3727 3543 ἀγαθὸν

2077 3549 2359 3628 διέγερσιν.
2421 3555 2821 3628 ἀναμιμνήσκει
2877 3556 3042 3627 αὐτὴν
3096 3562 3193 3612 τοῦ
3239 3560 3508 3634 προτέρου
3572 3559 3724 3633 βίου·

2077 3640 2214 3695 ὥστε
2248 3650 2674 3719 μετριοφρονεῖν,
2709 3645 2797 3698 καὶ
2834 3646 2908 3716 μὴ
2944 3643 3032 3699 διὰ
3059 3650 3166 3701 τῶν
3209 3646 3441 3703 έπαίνων
3490 3652 3571 3719 τῷ
3624 3655 3727 3719 τῆς

2077 3730 2309 3799 οἶλήσεως
2342 3731 2497 3795 πάθει
2530 3739 2858 3807 περιπεσεῖν.
2893 3735 2997 3789 Καί
3028 3757 3160 3813 φησι
3190 3738 3324 3813 πρὸς
3353 3736 3544 3808 αὐτήν·

2147 3820 2276 3873 Ὑπὸ
2304 3818 2483 3892 μῆλον
2517 3821 2769 3898 ἐξήγειρά
2797 3844 2873 3878 σε.

2149 3909 2375 3982 Ἥγουν,
2430 3911 2559 3963 Ὑπὸ
2629 3912 2754 3979 τὴν,
2804 3910 2959 3983 δίκην
3022 3912 3204 3985 μήλου
3257 3914 3576 3989 τέρποντος,
3631 3913 3730 3977 τὰς

2076 3994 2303 4060 πλείους
2355 4002 2462 4052 τῶν
2523 3998 2826 4070 αἰσθήσεων
2878 4001 3082 4064 ἀπάσας
3155 4002 3352 4065 ταύτας
3411 4002 3728 4080 εὖφραίνουυ

2079 4107 2171 4140 σαν
2201 4085 2464 4156 αἰσθητὴν
2511 4088 2686 4142 κτίσνν
2742 4087 3112 4160 καθευδούσης
3170 4096 3286 4157 σοῦ,
3342 4094 3411 4163 τῇ
3469 4093 3604 4168 πρὸς
3660 4091 3731 4147 τὰ

2075 4174 2221 4230 καλά
2282 4174 2518 4250 ῥᾳθυμίᾳ
2577 4174 2667 4231 διὰ
2719 4180 2821 4246 τήν
2879 4179 3014 4255 πρὸς
3060 4181 3127 4234 τὰ
3172 4179 3332 4235 ὑλικά
3382 4182 3589 4257 σχέσιν,
3640 4178 3728 4235 δι-

2077 4263 2269 4338 ήγειρά
2299 4285 2395 4318 σου
2424 4265 2486 4319 τὸ
2515 4266 2774 4340 φρόνημα
2803 4268 2941 4343 πρὸς
2968 4268 3136 4332 πόθον
3178 4267 3306 4341 ἐμὸν
3354 4265 3544 4343 λόγοις
3590 4288 3727 4344 προ-

2076 4352 2224 4413 νοίας
2253 4354 2342 4408 καὶ
2374 4354 2624 4426 κρίσεως,
2656 4361 2745 4410 καὶ
2776 4356 2899 4432 γὰρ.

2148 4442 2294 4497 Ἐκεῖ
2353 4439 2589 4512 ὠδίνησέ
2665 4463 2722 4498 σε
2792 4447 2975 4521 μήτηρ
3064 4466 3184 4502 σου.
3244 4443 3493 4516 Ὠδίνησέ
3561 4466 3617 4501 σε
3691 4448 3726 4516 ἡ

2075 4549 2304 4583 τεκουσα
2333 4550 2410 4587 σε.

389 4619 455 4671 In
488 4615 789 4671 affectione
817 4614 1043 4671 scilicet
1074 4632 1269 4670 rerum
1302 4616 1592 4670 ﬂuxarum
1625 4616 1888 4686 concepit
1917 4620 1964 4671 te

2153 4616 2444 4688 Δηλονότι,
2479 4620 2565 4674 ’Ev
2594 4623 2661 4693 τῇ
2695 4621 2875 4696 σχέσει
2907 4626 3015 4676 τῶν
3050 4620 3252 4677 ὑλικῶν
3298 4618 3621 4678 συνελάϐετό
3672 4644 3729 4678 σε

320 4706 513 4775 prima
543 4713 730 4760 mater
776 4712 878 4759 tua
934 4710 1048 4759 Eva
1077 4720 1366 4775 generalis
1400 4722 1530 4759 cum
1565 4704 1882 4775 voluptate,
1915 4707 1973 4758 et

320 4795 556 4864 pariens
577 4811 710 4849 cum
740 4794 958 4849 dolore.
1021 4793 1247 4856 Quibus
1295 4793 1724 4858 affectionibus,
1774 4809 1971 4848 rerum

321 4883 619 4953 fragilium
653 4882 945 4937 desiderio
978 4881 1310 4951 laborabas,
1333 4880 1694 4952 voluptatem
1719 4898 1971 4952 sequens

324 4972 700 5042 doloremque
731 4971 981 5042 fugiens,
1017 4971 1087 5025 ad
1125 4970 1440 5041 voluptatis
1497 4972 1672 5024 ﬁnem
1722 4970 1805 5025 ita
1836 4986 1972 5025 con-

308 5062 592 5125 tendens,
628 5067 690 5115 ut
719 5078 753 5116 a
774 5062 970 5117 dolore
1003 5061 1179 5116 velles
1211 5061 1509 5132 separari:
1545 5061 1699 5130 quod
1734 5062 1972 5132 quidem

310 5150 446 5203 .lieri
481 5150 640 5205 nullo
674 5152 844 5206 modo
873 5156 1083 5221 potest.
1117 5150 1369 5206 Proinde
1423 5151 1473 5203 si
1520 5150 1687 5220 cupis
1738 5152 1810 5203 ab
1842 5151 1972 5205 istis

321 5239 865 5309 perturbationibus
890 5256 1019 5294 esse
1050 5238 1254 5294 libera.
1274 5241 1421 5294 Pone
1437 5256 1523 5293 me
1544 5242 1603 5293 ut
1624 5240 1973 5309 signaculum

317 5344 479 5396 super
509 5342 602 5381 cor
629 5332 813 5393 tuum,
836 5336 896 5382 ut
925 5329 1277 5398 signaculum
1297 5345 1467 5399 super
1488 5328 1773 5384 brachium
1788 5336 1968 5384 tuum.

318 5416 383 5469 in
434 5430 525 5468 me
588 5413 869 5469 nimirum
920 5416 1238 5485 exemplari
1300 5426 1657 5487 permansio,
1713 5417 1972 5489 principe

320 5503 556 5575 quidem
595 5502 677 5556 tui
709 5509 872 5573 parte
901 5510 1092 5558 mente
1127 5520 1369 5560 servans
1400 5506 1716 5577 imaginem
1742 5524 1845 5579 per
1874 5524 1972 5563 ve-

319 5610 448 5649 ram
486 5591 1038 5662 contemplationem
1060 5598 1117 5647 et
1138 5593 1493 5647 desiderium
1521 5594 1634 5649 mei
1659 5612 1672 5649 :
1698 5596 1749 5650 vi
1774 5601 1969 5651 autem

324 5698 441 5756 qua
472 5682 543 5738 ad
579 5681 874 5755 agendum
896 5677 1073 5751 vales,
1107 5679 1557 5737 similitudinem
1597 5698 1839 5741 servans
1869 5700 1972 5758 per

2079 4709 2113 4775 ἡ
2146 4709 2452 4779 προμήτωρ
2516 4729 2611 4763 σου
2666 4708 2795 4779 Εὕα,
2827 4714 2895 4783 τῇ
2944 4714 3063 4765 καθ’
3110 4710 3315 4781 ἡδονὴν
3374 4712 3598 4787 γενέσει⁹
3637 4713 3727 4768 καὶ

2081 4795 2306 4850 ἀπέτεκέ
2353 4816 2411 4850 σε
2454 4801 2523 4870 τῇ
2572 4799 2689 4852 κατ’
2722 4796 2918 4867 ὀδύνην
2965 4804 3235 4871 γεννήσει.
3289 4803 3397 4876 Ὑφ’
3426 4803 3500 4856 ὧν
3560 4802 3729 4857 συνεί-

2085 4903 2190 4959 χου
2223 4888 2291 4957 τῇ
2323 4886 2659 4959 προσπαθείᾳ
2696 4892 2803 4941 τῶν
2854 4887 3150 4960 αἴσθητῶν,
3181 4890 3282 4957 τήν
3343 4890 3438 4963 μὲν
3493 4888 3562 4945 δι’
3592 4888 3730 4959 ἡδο·

2083 4975 2179 5042 νην
2214 4970 2502 5045 διώκουσα,
2533 4973 2766 5047 τήνίδὲ]
2798 4974 2865 5030 δι’
2897 4974 3095 5046 ὀδύνην
3125 4978 3423 5056 φεύγουσα’
3446 4980 3728 5035 κάντεῦθεν

2085 5061 2469 5139 φιλονεικοῦσα
2492 5070 2592 5132 τῆς
2626 5061 2831 5132 ἡδονῆς
2859 5065 2920 5119 τὸ
2950 5064 3131 5133 τέλος,
3159 5068 3258 5135 τὴν
3307 5064 3504 5137 ὀδύνην
3562 5070 3732 5146 φημὶ,

2084 5151 2285 5221 ταύτης
2344 5152 2713 5226 ἀποχωρίσαι,
2771 5154 2900 5228 ὅπερ
2961 5154 3368 5229 ἀμήχανον.Εξ
3429 5157 3521 5211 οὗν
3560 5155 3734 5233 βούλῃ

2087 5239 2356 5313 διαμένειν
2407 5248 2506 5309 τῆς
2581 5242 2839 5311 τοιαύτης
2890 5242 3132 5318 σχέσεως
3188 5243 3464 5319 ἐλευθέρα,
3513 5247 3610 5308 Θές
3666 5268 3733 5320 με

2085 5331 2160 5391 ὡς
2211 5326 2482 5407 σφραγῖδα
2550 5328 2635 5384 ἐπὶ
2699 5332 2798 5400 τήν
2867 5329 3087 5405 καρδίαν
3155 5355 3271 5404 σου,
3333 5334 3407 5397 ὡς
3467 5334 3733 5413 σφραγῖδα

2084 5416 2170 5471 ἐπὶ
2226 5419 2319 5472 τὸν
2384 5417 2652 5493 βραχίονα
2702 5436 2839 5474 σου⁶
2873 5419 3071 5488 εἰπουν,
3104 5422 3188 5477 Ἐν
3248 5421 3372 5496 ἰμοὶ
3427 5428 3505 5495 τῷ
3562 5424 3734 5499 ἀρχε-

2080 5506 2236 5579 τύπῳ
2302 5512 2510 5583 μεῖνον,
2540 5513 2783 5582 τηροῦσα
2828 5514 2909 5581 τῷ
2962 5510 3054 5583 μὶν
3096 5512 3324 5585 ἡγεμόνι
3381 5533 3477 5566 σου
3533 5517 3609 5585 νῷ
3666 5512 3732 5568 τὸ

2080 5596 2195 5651 κατ’
2228 5594 2409 5650 εἰκόνα
2439 5597 2558 5651 κατ’
2592 5597 2805 5669 ἀπλανῆ
2854 5599 3080 5673 θεωρίαν
3126 5600 3215 5655 καὶ
3264 5597 3495 5655 διάθεσιν
3552 5600 3688 5675 ἐμοῦ
3714 5622 3727 5637 ·

2077 5689 2147 5761 τῇ
2211 5682 2258 5740 δ’
2308 5682 2626 5763 ἑνεργητικῇ
2687 5708 2783 5745 σου
2841 5685 3089 5764 δυνάμει,
3142 5689 3204 5765 τὸ
3260 5691 3377 5758 καθ’
3436 5689 3730 5767 ὁμοίωσιν,
