4046 6144
277 359 382 419 681

1252 396 1253 399 η
1320 349 1732 411 COMMENT.
1774 350 1854 409 IN
1898 349 2309 412 CANTICUM
2352 350 2656 412 CANTIC.

3579 345 3699 407 682

274 488 412 543 κατά
470 484 660 562 πρᾶξιν
732 481 1094 555 ἀνυπόκριτον
1150 479 1243 535 καὶ
1299 477 1561 554 διάπυρον
1616 479 1934 555 ἀποτροπὴν

2056 481 2343 537 actionem
2369 482 2613 537 minime
2632 478 3425 550 simulatam,ardentemque
3446 478 3700 534 declina-

270 581 375 633 τοῦ
424 578 617 630 κακοῦ·
678 573 963 635 κάντεῦθεν
1024 573 1170 643 μενῶ
1222 567 1312 623 καὶ
1370 567 1530 629 αὐτὸς
1585 567 1635 622 ἦν
1692 568 1800 639 σοὶ,
1834 588 1939 644 φυ-

276 666 492 722 λάττων
557 661 630 724 ὥς
661 683 745 724 τις
777 659 1003 738 σφραγὶς
1030 663 1128 712 τοῦ
1161 656 1508 728 διανοητικοῦ
1558 678 1653 711 σου
1683 656 1781 724 τήν
1833 653 1939 725 ἕξιν

277 755 368 810 καὶ
427 755 528 823 τὴν
588 750 856 825 ἐνέργειαν
910 748 1147 810 ἀσύλους
1202 751 1270 821 τῇ
1329 745 1510 821 σχέσει
1565 751 1671 800 τῶν
1707 744 1936 813 ὐλικῶν,

279 842 362 898 ὅτι
444 841 695 916 κραταιά,
775 837 850 901 ὠς
921 838 1168 903 Θάνατος,
1248 836 1457 909 ἀγάπη,
1539 833 1802 909 σκληρὸς,
1863 833 1938 894 ὡς

278 930 440 1003 ᾅδης,
503 929 692 999 ζῆλος.
750 929 930 995 Ἤτοι,
991 925 1078 979 ἐὰν
1137 925 1189 979 ἐν
1248 928 1316 998 τῇ
1378 923 1484 997 ἐμῇ
1516 922 1715 997 ἀγάπῃ,
1740 923 1830 977 καὶ
1860 926 1939 993 τῷ

281 1019 350 1075 δι’
409 1019 579 1086 αὐτὴν
632 1015 787 1089 ζήλῳ
822 1020 1021 1088 μενεῖς,
1074 1017 1218 1087 μενῶ
1248 1014 1338 1067 καὶ
1369 1012 1528 1074 αὐτὸς
1578 1010 1629 1066 ἂν
1687 1011 1789 1065 σοί’
1848 1010 1936 1064 καὶ

281 1108 639 1187 φυλαχθήσῃ,
669 1107 742 1167 ὡς
776 1101 1011 1180 ἄρηται.
1044 1098 1372 1177 Ἐπειδηπερ
1404 1103 1438 1170 ἡ
1495 1102 1589 1173 μὲν
1636 1099 1801 1168 ὁλικὴ
1861 1098 1936 1161 εἷς

280 1199 380 1270 ἰμὶ
408 1195 590 1272 ἀγάπη
621 1194 821 1270 ἰσχυρά
847 1191 1014 1262 ἰστιν,
1077 1192 1150 1253 ὡς
1197 1196 1372 1245 πᾶσαν
1399 1189 1487 1244 ἰπὶ
1531 1189 1694 1243 κακὸν
1755 1189 1935 1263 ὁρμήν

278 1307 337 1341 τε
377 1284 468 1341 καὶ
512 1283 727 1352 κίνησιν
781 1279 1184 1351 καταπαύουσα,
1244 1277 1401 1349 δίκην
1452 1277 1702 1335 Θανάτου.
1760 1277 1821 1334 Ὀ
1880 1273 1938 1329 δὲ

285 1372 354 1429 δι’
410 1371 510 1445 ἐμὲ
536 1370 703 1441 ζῆλος
766 1366 1047 1432 ἀνένδοτος
1078 1373 1157 1441 τῷ
1184 1372 1361 1440 κακῷ,
1393 1367 1467 1431 ὡς
1497 1365 1732 1440 ἀλόγους
1764 1367 1938 1440 ὁρμὰς

282 1459 595 1534 δεσμεύων,
651 1458 741 1514 καὶ
804 1456 1099 1534 ἀπροίτους
1160 1458 1407 1532 κατέχων
1469 1455 1559 1510 οἷά
1619 1476 1715 1530 περ
1774 1450 1932 1525 ᾅδης.

281 1548 383 1607 Καὶ
462 1548 567 1625 γὰρ
638 1546 937 1624 περίπτερα
1006 1545 1192 1615 αὐτῆς,
1249 1544 1545 1620 περίπτερα
1599 1542 1791 1619 πυρὸς,
1846 1540 1934 1596 ἅν-

282 1650 473 1715 θρακες
519 1637 688 1711 πυρὸς
747 1634 953 1712 φλόγες
1011 1633 1199 1704 αὐτῆς.
1260 1631 1485 1705 Δηλαδὴ
1542 1632 1610 1687 τά
1664 1627 1793 1707 ἔργα
1836 1634 1934 1700 τῆς

281 1728 417 1803 πρὸς
476 1728 544 1800 μὶ
591 1724 837 1802 ἐμπόρου
903 1723 1112 1798 ἀγάπης
1143 1722 1512 1799 ἀναπτέρωσις
1539 1721 1740 1791 ταύτης
1771 1720 1931 1775 ἐστίν·

285 1816 634 1891 Δῦγαζούσης
676 1814 728 1868 ἐν
785 1817 864 1885 τῷ
919 1813 1058 1890 φωτὶ
1119 1820 1217 1882 τῆς
1250 1809 1510 1881 ἀληθείας
1540 1811 1676 1865 κατὰ
1707 1810 1933 1882 θεωρίαν

284 1905 375 1960 τὸν
428 1908 578 1972 νοῦν,
635 1902 725 1957 καὶ
783 1900 1147 1980 ἀφανιζούσης
1200 1902 1300 1969 τὴν
1356 1897 1592 1975 ἄγνοιαν·
1653 1899 1933 1961 κάντεῦθεν

284 1991 610 2062 δαπανώσης
651 1992 787 2046 κατά
830 1991 1022 2067 πρᾶξιν
1072 1994 1180 2044 τῶν
1231 1987 1466 2044 ἐντολῶν
1494 1994 1664 2043 πᾶσαν
1723 1985 1933 2055 κακίαν,

283 2082 397 2156 (οἷά
449 2101 551 2153 περ
600 2077 902 2151 εὔπρηστον
964 2078 1101 2150 ὕλην
1162 2077 1387 2155 φλόγες)
1443 2077 1534 2132 καὶ
1583 2074 1934 2146 ἐπιδιδοόσης

284 2171 360 2233 εἰς
394 2169 634 2240 αῧξησιν.
701 2168 897 2242 Διόπερ
940 2165 1085 2243 ὕδωρ
1140 2165 1285 2222 πολὺ
1345 2165 1406 2221 οὐ
1440 2163 1721 2235 δυνήσεται
1751 2159 1936 2219 σϐέσαι

280 2261 382 2328 τήν
457 2259 694 2335 ἀγάπην,
769 2256 858 2311 καὶ
934 2255 1179 2329 ποταμοὶ
1258 2254 1319 2309 οὐ
1389 2253 1781 2328 συγκλύσουσιν
1836 2252 1935 2306 αὐ-

281 2350 406 2419 τήν.
440 2349 648 2421 ’Ἡγουν
682 2347 736 2400 αἱ
764 2345 975 2421 ρἐυστι
1008 2346 1082 2406 ὠς
1114 2345 1325 2414 πλῆθος
1361 2341 1566 2398 ὑδάτων
1611 2342 1669 2398 ἐκ
1696 2347 1792 2398 τοῦ
1823 2362 1934 2417 χει-

289 2442 472 2510 μῶνος
518 2440 626 2490 τῶν
659 2434 924 2489 ἀκουσίων
959 2439 1274 2510 πειρασμῶν
1304 2432 1510 2489 πολλαὶ
1553 2431 1787 2506 θλίψεις,
1844 2430 1935 2486 καὶ

288 2528 345 2582 αἱ
374 2526 581 2581 τούτων
635 2522 1068 2595 ἀλλυπάλληλοι
1129 2522 1205 2586 ὠς
1256 2521 1503 2595 ποτάμια
1560 2521 1805 2598 ῥεύματα
1843 2520 1935 2575 ἐπ-

288 2614 518 2691 αγωγαὶ,
581 2611 632 2668 ἐν
691 2614 776 2674 αἶς
826 2613 891 2666 τὰ
944 2618 1045 2681 τῆς
1101 2610 1367 2685 πονηρίας
1427 2609 1709 2682 πνεύματα
1734 2609 1831 2676 τὴν
1863 2607 1938 2670 εἷς

289 2704 388 2777 ἐμὲ
432 2703 649 2778 ἀγάπην
706 2698 1024 2755 σπεύδουσιν
1070 2699 1105 2770 ἢ
1163 2700 1450 2774 ἐκριζῶσαι
1505 2699 1689 2754 τέλεον
1721 2697 1811 2752 διὰ
1845 2719 1936 2771 μι-

295 2790 528 2860 σοθείας,
588 2790 622 2858 ἢ
672 2788 979 2863 καταλύψαι
1025 2785 1112 2842 διὰ
1162 2786 1606 2861 μισανθρωπίας,
1658 2787 1721 2841 οὐ
1776 2784 1937 2857 δυνή-

294 2902 476 2936 σονται
539 2876 663 2934 οὕτε
715 2877 889 2948 πάντη
951 2872 1134 2931 σϐέσαι
1192 2876 1358 2945 αὐτὴν
1418 2873 1505 2930 διὰ
1562 2873 1937 2953 βλασφημίας,

292 2968 420 3023 οῦτε
481 2966 812 3023 κατακλύσαι
883 2966 974 3020 καὶ
1043 2965 1292 3042 ἀφανίσαι
1358 2962 1426 3019 δι’
1504 2963 1765 3041 ἀπραξίας
1829 2968 1936 3018 τῶν

295 3055 529 3112 ἐντολῶν
590 3076 714 3130 μου·
773 3053 929 3131 α’ίπερ
982 3051 1396 3109 ἀποδεικνύουσι
1457 3054 1550 3127 μὲν
1595 3055 1693 3123 τήν
1727 3053 1801 3115 εἰς
1843 3051 1940 3125 ἐμὲ

291 3146 525 3223 ἀγάπην,
582 3146 946 3222 συμφέρονται
1004 3142 1062 3199 δὲ
1120 3141 1194 3205 είς
1240 3143 1330 3197 τὸν
1376 3141 1631 3212 πλησίον.
1664 3140 1817 3211 Πλὴν
1852 3140 1938 3196 ἐὰν

289 3235 407 3309 δῴη
471 3237 605 3309 ἀνὴρ
662 3236 754 3289 τὸν
803 3233 975 3289 πάντα
1022 3232 1135 3308 βίον
1194 3231 1358 3286 αὐτοῦ
1407 3232 1458 3286 ἐν
1513 3236 1580 3305 τῇ
1614 3229 1816 3306 ἀγάπῃ,
1852 3230 1938 3301 ἐξ-
1970 3224 2012 3291 C

287 3322 577 3380 ουδενώσει
652 3320 1092 3394 ὲξουδενώσουσιν
1149 3320 1307 3375 αὐτόν
1344 3341 1356 3353 ·
1410 3317 1711 3390 δηλονότι,
1773 3318 1859 3373 ἐὰν
1917 3320 1944 3373 ὁ

291 3415 371 3487 μὴ
399 3417 467 3487 τῇ
488 3416 596 3467 τῶν
634 3411 979 3487 προσκαίρων
1014 3409 1191 3485 ἀπάτῃ
1216 3407 1665 3482 ἐκθηλυνόμενος,
1687 3408 1946 3483 παράσχῃ

294 3508 415 3565 τοῖς
478 3499 759 3575 δεομένοις
817 3500 989 3555 πάντα
1040 3499 1107 3554 τά
1159 3500 1475 3574 ὑπάρχοντα
1529 3497 1675 3571 αὐτῷ
1707 3495 1796 3553 διὰ
1844 3499 1942 3567 τήν

292 3590 435 3666 πρός
501 3611 567 3662 με
626 3588 860 3665 ἀγάπην,
920 3589 1230 3660 εὑτελισμῷ
1288 3585 1651 3642 εὐτελίσουσιν
1702 3586 1947 3642 αὐτὸν-αἱ

294 3679 668 3750 ἀντικείμεναι
701 3675 974 3750 δυνάμεις·
1024 3678 1239 3738 πάντως
1299 3678 1344 3748 ᾦ
1400 3677 1490 3730 τὸν
1529 3672 1655 3732 ’1ὼό
1692 3676 1823 3748 μετὰ
1844 3676 1944 3744 τήν

286 3768 575 3847 ἀφαίρεσιν
630 3766 827 3829 παντὸς
879 3770 976 3822 τοῦ
1036 3765 1297 3836 αἰσθητοῦ
1328 3764 1571 3820 πλούτου
1601 3766 1768 3820 αὐτοῦ
1800 3765 1950 3837 ἐξηυ-

287 3855 536 3927 τέλισαν,
602 3855 971 3927 ἐξαιτούμεναι
1023 3858 1213 3909 τοῦτον
1269 3855 1360 3909 ἀπ’
1419 3849 1555 3925 ἕμοῦ
1588 3856 1663 3916 εἰς
1696 3852 1944 3928 δοκίμιον

290 3951 402 4001 τῶν
464 3943 552 4001 διὰ
610 3945 806 4019 σαρκὸς
838 3941 1066 4013 ὀδυνῶν,
1121 3943 1210 3998 καὶ
1260 3942 1387 4007 τοὺς
1425 3941 1618 4020 φίλους
1652 3942 1814 3998 αὐτοῦ
1873 3944 1950 4006 εἷς

288 4035 493 4092 τούτου
548 4031 855 4106 ὀνειδισμὸν
906 4032 1295 4110 ἐπεγείρουσαι.
1357 4036 1537 4089 Ταῦτα
1585 4033 1763 4087 τοίνυν
1816 4031 1946 4103 σῦτή

291 4124 498 4193 εἰδυῖα,
557 4122 677 4179 ὅταν
744 4123 916 4184 πάσας
978 4143 1081 4194 μου
1164 4122 1258 4185 τὰς
1329 4120 1551 4183 ἐντολὰς
1602 4125 1801 4197 τηρῇς,
1860 4123 1946 4177 καὶ

293 4213 468 4284 ὀδύνη
523 4234 607 4268 σοι
665 4211 866 4286 ἐπέλθῃ
930 4212 1126 4287 σαρκὸς
1195 4211 1332 4265 κατά
1381 4212 1732 4286 συγχώρπσιν
1788 4210 1949 4283 ἐμήν,

290 4303 528 4380 γίνωσκε
553 4302 616 4356 τὸ
644 4305 892 4356 τοιοῦτον
925 4294 1328 4373 ἐπισυμόαίνειν
1363 4321 1469 4372 σοι,
1496 4297 1590 4354 ’ίνα
1625 4320 1720 4353 σου
1752 4302 1786 4368 ἡ
1815 4300 1950 4371 πρὸς

274 4392 395 4473 ’ἐμὲ
420 4389 603 4465 ἀγάπη
638 4396 768 4445 πᾶσι
801 4386 1109 4459 καταδηλος
1132 4387 1464 4464 γένηται,μὴ
1498 4386 1817 4459 ὶνδιδούσης
1837 4394 1953 4451 τοῖς

291 4485 646 4557 πειρασμοῖς,
676 4478 766 4533 καὶ
798 4478 926 4555 οὐχὶ
958 4475 1047 4532 διά
1094 4476 1157 4532 τὸ
1219 4478 1295 4550 μὴ
1358 4477 1492 4532 εἶναι
1549 4477 1803 4550 πρόνοιαν
1863 4477 1951 4532 ἐπὶ

292 4569 469 4626 πάντα
499 4566 812 4640 διήκουσαν.

378 4744 618 4825 Ἀδελφή
690 4748 850 4819 ἡμῶν
927 4746 1119 4821 μικρὰ,
1197 4743 1288 4799 καὶ
1365 4742 1601 4817 μαστοὺς
1662 4745 1765 4799 οὐκ
1812 4742 1950 4820 ἔχει.

299 4837 362 4891 Τί
430 4838 751 4908 ποιήσωμεν
826 4839 897 4911 τῇ
972 4831 1182 4909 ἀδελφῇ
1242 4835 1402 4906 ἡμῶν
1451 4832 1501 4888 ἐν
1557 4834 1739 4909 ἡμέρᾳ
1893 4831 1951 4888 ἂν

304 4925 530 4999 λαληθῇ
591 4925 643 4979 ἐν
704 4924 879 4999 αὐτῇς
932 4923 997 4979 Ei
1051 4924 1242 4999 τεῖχός
1293 4924 1453 4989 ἐστιν,
1510 4920 1953 4996 οἰκοδομήσομεν

301 5017 392 5071 ἱπ⁹
422 5014 589 5084 αὐτὴν
624 5012 872 5086 ἒπάλξεις
904 5015 1161 5089 ἀργυρᾶςσ
1195 5013 1285 5067 καὶ
1317 5013 1362 5066 εί
1394 5012 1526 5088 θύρα
1566 5011 1696 5080 ἐστὶ,
1733 5014 1955 5089 διαγρά-

304 5109 483 5178 ψομεν
519 5104 603 5158 ἐπ’
634 5104 800 5172 αὐτὴν
826 5100 1012 5157 σανίδα
1039 5099 1315 5176 κεδρίνην.

885 5215 1000 5265 Τῶν
1033 5212 1081 5286 γ’
1110 5208 1386 5285 ΙΙατὲρων.

379 5322 443 5377 Ἥ
487 5316 545 5374 δὲ
590 5317 777 5396 νύμφη
804 5322 900 5373 τοῦ
928 5322 1163 5391 Χριστοῦ
1194 5316 1493 5385 Ἐκκλησία
1536 5314 1644 5387 ἤδη
1712 5318 1804 5390 μὲν
1860 5319 1958 5385 τὴν

308 5411 510 5477 ἑαυτῆς
568 5408 695 5483 παρ’
746 5406 910 5461 αὐτοῦ
962 5401 1206 5461 λαϐοῦσα
1253 5404 1569 5484 ἀσφάλεια),
1619 5408 1859 5461 ποθοῦσα
1907 5408 1965 5461 δὶ

308 5499 400 5555 καὶ
443 5500 545 5567 τὴν
618 5494 709 5551 διὰ
762 5495 1141 5571 βαπτίσματος
1189 5495 1325 5550 κατά
1379 5499 1576 5571 γνῶσιν
1627 5496 1713 5549 καὶ
1768 5495 1962 5568 ἀρετὴν

310 5586 598 5643 τελείωσιν
645 5593 742 5656 τῆς
796 5590 904 5640 τῶν
935 5584 1367 5660 κατηχουμὲνων
1404 5584 1539 5658 αὐτῇ
1584 5582 1857 5639 Ἰουδαίων
1908 5606 1968 5639 τε

308 5677 405 5734 καὶ
462 5674 747 5746 Ἑλλήνων
800 5674 1146 5751 ὁμηγόρεως,
1206 5674 1331 5749 περὶ
1384 5673 1588 5745 ταύτης
1647 5674 1779 5752 φησὶ
1834 5674 1969 5750 πρὸς

639 5807 900 5864 ΡΑτξιοι..
950 5807 1062 5864 GR.
1107 5803 1348 5865 CXXII.

2047 569 2267 626 tionem
2298 591 2330 626 a
2360 570 2636 626 malo.Sic
2657 569 2814 626 enim
2846 570 2972 641 ipse
3005 568 3316 640 quoquein
3347 572 3403 623 te
3428 567 3702 623 manebo-

2050 667 2303 732 tuasque
2323 659 2930 731 utsignaculum,tum
2949 656 3313 728 intelligendi
3344 662 3469 711 tum
3493 658 3702 728 agendi

2050 749 2348 820 potentias
2384 756 2446 803 ut
2474 765 2668 803 rerum
2703 746 3001 819 fragilium
3044 752 3101 800 et
3155 747 3511 801 caducarum
3571 746 3703 801 affe-

2050 837 2347 891 ctionibus
2376 836 2634 908 integras
2687 836 3065 893 conservabo.
3125 836 3269 903 Quia
3301 835 3463 905 fortis
3483 839 3579 905 est,
3641 838 3702 889 ut

2047 942 2218 992 mors,
2251 926 2471 981 dilectio
2506 945 2518 993 ;
2553 926 2694 981 dura
2719 928 2865 981 sicut
2896 931 3170 998 infernus.
3219 924 3522 979 aemulatio.
3584 924 3702 979 Hoc

2048 1024 2152 1083 est,
2187 1015 2234 1069 si
2272 1015 2327 1068 in
2359 1014 2646 1070 charitate
2679 1031 2812 1070 mea
2832 1013 3254 1087 permanseris,
3287 1018 3346 1068 et
3394 1029 3500 1085 ego
3532 1011 3591 1068 in
3649 1018 3705 1067 te

2048 1104 2428 1176 permanebo,
2452 1108 2508 1158 et
2533 1103 2987 1170 conservaberis,
3035 1108 3099 1157 ut
3129 1102 3350 1157 dictum
3391 1104 3498 1158 est.
3550 1101 3697 1157 Nam

2049 1196 2279 1265 integra
2322 1198 2500 1263 atque
2533 1192 2787 1263 perfecta
2815 1209 2949 1262 erga
2969 1209 3058 1247 me
3090 1191 3346 1247 charitas
3381 1195 3495 1246 tam
3526 1189 3699 1245 fortis

2047 1290 2157 1348 est,
2189 1292 2272 1348 ut,
2308 1282 2517 1337 mortis
2540 1282 2746 1349 instar,
2776 1298 2981 1337 omnes
3026 1282 3098 1336 ad
3141 1280 3361 1337 malum
3410 1280 3699 1336 motiones

2047 1378 2221 1444 atque
2262 1372 2521 1444 impetus
2553 1373 2751 1427 sedet:
2786 1369 3081 1426 aemulatio
3104 1376 3298 1425 autem
3330 1374 3570 1442 propter
3607 1386 3700 1427 me

2049 1461 2201 1517 malo
2234 1478 2347 1516 non
2379 1460 2551 1529 cedit,
2586 1461 2686 1516 sed
2709 1466 2991 1531 tanquam
3026 1460 3297 1515 infernus
3350 1458 3560 1514 rationi
3615 1476 3703 1515 re-

2047 1558 2375 1623 pugnantes
2406 1556 2604 1607 motus
2648 1551 2850 1617 vincit,
2908 1551 3277 1623 vinctosque,
3310 1566 3381 1604 ne
3427 1549 3700 1621 progredi

2048 1641 2297 1712 possint,
2331 1645 2577 1696 coercet.
2608 1639 2724 1694 Alae
2752 1640 2906 1694 enim
2941 1641 3070 1710 ejus
3116 1639 3217 1694 ala
3249 1639 3404 1712 ignis
3428 1657 3445 1691 :
3499 1654 3696 1711 prunas

2045 1730 2221 1803 ignis,
2246 1729 2499 1784 ﬂammae
2521 1731 2672 1799 ejus.
2706 1729 2894 1800 Opera
2911 1730 3127 1800 quippe
3158 1728 3419 1784 ardentis
3446 1744 3585 1799 erga
3607 1744 3701 1782 me

2045 1818 2350 1875 cbaritatis
2382 1823 2523 1873 sunt
2551 1817 2733 1888 hujus
2792 1817 2917 1887 alae,
2967 1835 3094 1889 quae
3151 1817 3413 1873 illustrat
3470 1818 3528 1872 in
3572 1815 3699 1872 luce

2045 1906 2307 1963 veritatis
2360 1911 2618 1961 mentem
2674 1924 2778 1978 per
2850 1906 3426 1978 contemplationem,
3521 1909 3700 1976 atque

2047 1996 2394 2069 ignorantiae
2424 1996 2696 2052 tenebras
2726 1996 3055 2065 discutit,et
3079 2012 3182 2068 per
3208 1996 3499 2051 actionem
3524 1999 3699 2065 atque

2045 2103 2223 2158 opera
2245 2086 2658 2141 mandatorum
2690 2085 2981 2141 malitiam
3033 2101 3267 2141 omnem
3302 2089 3390 2153 (ut
3446 2084 3702 2140 ﬂammae

2047 2175 2356 2230 materiam
2388 2191 2638 2230 accensu
2672 2174 2925 2243 facilem)
2957 2174 3238 2241 absumit,
3271 2180 3329 2229 et
3378 2174 3705 2230 incremen-

2046 2269 2172 2317 tum
2205 2264 2486 2334 suggerit.
2521 2263 2911 2326 Quamobrem
2944 2280 3089 2331 aqua
3116 2264 3294 2318 multa
3340 2279 3454 2318 non
3501 2264 3701 2334 poterit

2046 2355 2399 2420 exstinguere
2461 2353 2805 2420 charitatem,
2865 2355 2917 2407 et
2972 2351 3216 2424 ﬂumina
3280 2367 3390 2406 non
3465 2351 3699 2406 obruent

2045 2442 2240 2512 ipsum.
2285 2441 2558 2495 Fluentes
2582 2438 2878 2505 nimirum,
2937 2444 3001 2495 ut
3059 2456 3349 2510 aquarum
3395 2440 3574 2510 copiis
3631 2454 3699 2493 ex

2047 2528 2430 2584 molestarum
2463 2528 2655 2584 hieme
2679 2528 3072 2583 tentationum
3116 2527 3313 2583 multis
3362 2526 3693 2583 tribulatio-

2046 2635 2173 2684 nes,
2196 2623 2252 2673 et
2281 2617 2380 2672 alii
2413 2634 2592 2688 super
2622 2616 2768 2672 alios
2816 2623 3103 2689 tanquam
3156 2615 3421 2672 ﬂuviales
3476 2614 3694 2671 ﬂuctus

2046 2707 2384 2778 ingruentes
2408 2722 2611 2761 earum
2629 2705 3133 2777 impetus,quibus
3155 2705 3428 2776 nequitiae
3458 2704 3704 2776 spiritus

2049 2797 2397 2851 charitatem
2432 2811 2571 2867 erga
2602 2811 2695 2850 me
2742 2800 3031 2850 conantur
3086 2798 3188 2849 aut
3241 2792 3524 2849 radicitus
3596 2809 3700 2864 per

2048 2885 2411 2956 impietatem
2433 2884 2491 2939 in
2523 2884 2709 2939 Deum
2768 2883 3032 2950 evellere,
3084 2888 3187 2938 aut
3245 2900 3346 2954 per
3390 2882 3588 2938 odium
3617 2880 3706 2953 εἰη

2049 2973 2383 3045 proximum
2398 2973 2778 3042 obruere;nec
2790 2976 3110 3044 potuerunt
3125 2972 3498 3044 exstinguere
3513 2971 3700 3041 ipsam

2052 3079 2155 3133 per
2186 3061 2640 3133 blasphemiam,
2668 3078 2773 3117 nec
2805 3061 3051 3117 obruere
3109 3068 3285 3131 atque
3333 3060 3562 3116 abolere
3606 3076 3709 3130 per

2052 3156 2455 3222 contemptum
2501 3150 2935 3217 mandatorum,
2986 3167 3115 3222 quas
3172 3148 3517 3205 charitatem
3573 3153 3702 3202 tum

2051 3257 2190 3311 erga
2220 3256 2314 3295 me
2343 3238 2804 3306 declarant,tum
2833 3239 3145 3303 perficiunt
3176 3255 3314 3310 erga
3349 3237 3703 3309 proximum,

2052 3331 2319 3384 Attamen
2351 3329 2401 3383 si
2427 3327 2636 3382 dederit
2663 3328 2824 3383 homo
2854 3344 3068 3383 omnem
3103 3329 3271 3383 vitam
3305 3343 3465 3382 suum
3494 3327 3554 3380 in
3573 3330 3707 3380 cha-

2054 3420 2242 3485 ritate,
2263 3417 2602 3488 despectione
2638 3418 2945 3486 despicient
3005 3433 3149 3471 eum.
3201 3416 3261 3472 Si
3316 3415 3450 3488 quis
3499 3430 3698 3469 rerum

2056 3507 2303 3562 istarum
2321 3505 2617 3577 fragilium
2637 3504 2945 3560 blanditiis
2958 3504 3201 3560 minime
3223 3504 3592 3560 eli'eminatus
3612 3511 3714 3558 aut

2058 3597 2362 3666 deceptus,
2396 3598 2637 3667 propter
2657 3611 2827 3650 suam
2860 3595 2919 3649 in
2971 3610 3065 3649 me
3107 3593 3454 3649 charitatem
3508 3591 3710 3648 omnia

2059 3685 2213 3739 bona
2242 3701 2352 3739 sua
2372 3682 2729 3755 pauperibus
2753 3683 3136 3751 distribuerit,
3208 3682 3553 3737 adversariae
3605 3698 3711 3752 po-

2058 3776 2303 3829 testates
2333 3789 2469 3827 cum
2503 3773 2999 3843 aspernabantur,
3033 3789 3100 3826 eo
3133 3770 3415 3825 nimirum
3448 3776 3706 3825 contem-

2058 3868 2159 3933 ptu
2184 3878 2299 3934 quo
2345 3861 2479 3932 Job,
2534 3861 2814 3917 omnibus
2867 3858 2951 3914 illi
3002 3859 3225 3915 divitiis
3274 3858 3590 3929 ademptis,
3631 3858 3714 3913 ita

2058 3953 2474 4023 despexerunt,
2508 3953 2573 4005 ut
2605 3966 2740 4005 eum
2774 3968 2808 4004 a
2831 3966 2923 4004 me
2945 3966 3046 4019 per
3077 3948 3271 4003 carnis
3328 3946 3554 4002 dolores
3613 3963 3712 4001 ex-

2059 4039 2409 4113 plorandum
2442 4038 2983 4111 ﬂagitantes,etiam
3006 4039 3228 4093 amicos
3250 4038 3380 4108 ejus
3410 4036 3484 4091 ad
3513 4035 3713 4107 ipsum

2060 4127 2433 4185 contumeliis
2454 4128 2784 4182 vexandum
2816 4126 3142 4181 incitarint.
3176 4125 3305 4181 Haec
3362 4130 3424 4180 tu
3484 4123 3712 4195 perspi-

2060 4219 2384 4284 ciens,cum
2417 4217 2614 4272 omnia
2635 4217 2913 4272 mandata
2935 4233 3065 4271 mea
3089 4215 3459 4283 custodieris,
3492 4219 3550 4269 et
3578 4231 3715 4285 per-

2062 4307 2245 4362 missu
2279 4324 2408 4361 meo
2439 4312 2495 4361 te
2522 4308 2716 4361 carnis
2740 4305 2906 4361 dolor
2954 4304 3250 4370 invaserit,
3296 4304 3488 4374 cogita
3518 4303 3574 4356 id
3607 4302 3714 4357 tibi

2063 4396 2424 4467 contingere,
2484 4412 2600 4450 non
2652 4396 2808 4466 quod
2870 4393 3235 4465 providentia
3292 4409 3409 4448 non
3467 4391 3546 4446 sit
3585 4407 3714 4460 quae

2063 4488 2277 4539 cuncta
2305 4485 2594 4555 gubernet
2625 4500 2690 4538 ac
2715 4484 3071 4549 moderetur,
3088 4483 3191 4537 sed
3217 4488 3280 4536 ut
3304 4487 3409 4536 tua
3439 4480 3716 4535 tentatio-

1982 4590 2029 4654 D
2063 4573 2237 4628 nibus
2271 4572 2513 4628 minime
2540 4571 2982 4626 succumbentis
3013 4587 3151 4642 erga
3182 4588 3276 4625 me
3307 4568 3566 4625 Charitas
3616 4568 3718 4621 liat

2061 4661 2339 4718 omnibus
2370 4660 2709 4716 manifesta.

2132 4750 2299 4807 Soror
2344 4757 2535 4804 nostra
2580 4766 2779 4819 parva.
2823 4758 2875 4804 et
2922 4750 3097 4805 ubera
3150 4764 3262 4804 non
3319 4746 3498 4802 habet.
3577 4745 3718 4812 Quid

2060 4840 2331 4910 faciemus
2360 4839 2537 4893 sorori
2568 4846 2768 4899 nostra;
2791 4842 2848 4891 in
2879 4837 2966 4892 die
2999 4840 3057 4892 in
3077 4855 3182 4909 qua
3219 4834 3447 4892 verbum
3499 4837 3716 4903 [actum

2061 4929 2232 4999 fuerit
2290 4928 2348 4982 in
2395 4942 2462 4982 ea
2491 4930 2516 4979 .9
2566 4927 2626 4983 Si
2689 4943 2884 4981 murus
2938 4935 3034 4994 est,
3099 4924 3504 4994 aediﬁcabimus
3551 4937 3719 4994 super

2064 5033 2182 5071 eam
2210 5016 2631 5087 propugnacula
2662 5020 2963 5084 argentea:
3004 5016 3059 5069 si
3104 5016 3309 5069 ostium
3366 5017 3462 5082 est,
3515 5012 3717 5068 descri-

2069 5106 2257 5160 bemus
2286 5122 2451 5177 super
2479 5122 2597 5161 cam
2630 5105 2877 5160 tabulam
2899 5104 3202 5160 cedrinam.

2683 5213 2877 5266 Trium
2918 5213 3147 5265 Patrum

2143 5319 2370 5388 Sponsa
2402 5317 2615 5372 Christi
2652 5317 2930 5382 Ecclesia,
2953 5334 3085 5372 cum
3113 5318 3234 5387 jam
3298 5331 3464 5372 suam
3531 5313 3721 5386 ipsius

2075 5408 2145 5463 ab
2178 5424 2243 5462 eo
2270 5406 2643 5461 securitatem
2675 5413 2830 5462 esset
2859 5412 3148 5473 assecuta,
3200 5409 3557 5478 cuperetque
3595 5407 3721 5458 tum

2075 5498 2412 5554 Judzeorum
2456 5500 2583 5551 tum
2617 5497 2879 5568 gentium
2905 5514 2937 5551 a
2968 5514 3031 5551 se
3061 5496 3424 5551 initiatorum
3462 5490 3723 5548 multitu-

2077 5587 2276 5643 dinem
2317 5602 2420 5658 per
2454 5586 2747 5657 baptisma
2776 5602 2844 5641 ex
2877 5585 3122 5641 scientia
3154 5590 3211 5640 et
3241 5584 3457 5639 virtute
3494 5582 3566 5637 ad
3591 5596 3724 5652 per-

2078 5676 2388 5733 factionem
2417 5675 2870 5747 pervenire,baec
2900 5677 2972 5731 de
3002 5675 3105 5731 illa
3135 5675 3205 5730 ad
3231 5686 3517 5745 sponsum
3547 5668 3725 5725 verba

3322 5802 3398 5860 22
