4040 6146
404 305 521 367 683

1735 302 2162 364 MIGHAELIS
2209 305 2476 365 PSELLl

3661 311 3756 370 684

403 442 578 498 facit:
609 446 780 498 Soror
799 445 992 494 nostra
1019 437 1212 510 parva,
1244 443 1298 494 et
1316 441 1484 494 ubera
1513 455 1622 495 non
1668 439 1849 495 habet.
1904 441 2028 503 Qua

2153 439 2354 493 αὐτόν·
2421 443 2482 495 Ἡ
2539 439 2749 518 ἁδελφή
2811 444 2970 514 ἡμῶν
3036 443 3206 517 μικρὰ
3261 444 3348 496 καὶ
3411 445 3625 517 μαστοὺς
3677 449 3756 503 obit

401 537 622 587 naturae
647 528 1036 586 similitudine
1067 545 1232 583 soror
1277 533 1368 584 est
1422 533 1643 594 nostra,
1701 528 2042 593 multitudo,

403 637 580 692 parva
627 619 818 672 adhuc
869 619 958 670 est
1013 620 1248 686 propter
1303 616 1752 684 infidelitatem;
1813 619 1869 670 et
1915 615 2044 668 ideo

401 709 656 764 rationes
687 711 744 762 et
775 721 966 760 mores
985 704 1083 772 qui
1116 722 1148 759 a
1177 712 1232 758 te
1264 721 1479 775 sponso
1531 711 1812 776 tauquam
1865 703 2046 758 ubera

401 798 774 860 exhibentur,
807 797 870 848 ut
900 792 1152 848 salutem
1177 810 1343 847 suam
1397 809 1465 847 ex
1511 793 1632 848 illis
1682 797 1874 864 sugat,
1929 808 2043 846 non

399 887 594 941 habet.
627 887 690 939 Et
719 883 847 955 quid
865 883 1132 952 faciemus
1155 885 1337 937 sorori
1365 888 1578 938 nostra?
1609 885 1666 936 in
1714 883 1803 936 die
1845 884 1902 935 in
1937 897 2047 951 qua

396 976 617 1030 verbum
636 976 839 1044 factum
857 973 1028 1042 fuerit
1060 973 1116 1026 in
1157 971 1438 1034 ea?Quid
1501 972 1572 1025 de
1623 971 1727 1026 hac
1773 987 1903 1040 quae
1939 986 2042 1024 no-

399 1071 518 1119 stra
546 1081 710 1119 soror
740 1062 974 1128 dicitur,
1009 1077 1073 1116 co
1107 1065 1372 1131 tempore
1429 1078 1693 1133 agemus,
1755 1077 1887 1114 cum
1944 1077 2045 1131 per

395 1155 567 1208 fidem
593 1151 840 1223 accipiet
871 1148 1344 1221 praedicationem
1381 1149 1580 1204 tuam?
1616 1149 1676 1203 Si
1694 1163 1887 1204 murus
1941 1152 2040 1218 est,

390 1241 788 1312 aediﬁcabimus
831 1255 999 1306 super
1044 1255 1164 1293 eam
1198 1238 1616 1309 propugnacula
1643 1245 1908 1307 argentea
1942 1255 1954 1292 :
1988 1243 2044 1292 et

390 1334 438 1386 si
466 1334 662 1388 ostium
705 1336 801 1398 est,
838 1328 1204 1382 describemus
1254 1343 1419 1398 super
1457 1328 1616 1381 illam
1665 1327 1906 1381 tabulam
1955 1343 2040 1381 ce-

390 1423 633 1476 drinam.
685 1417 746 1473 Si
799 1416 1078 1488 legalium
1133 1421 1560 1488 praeceptorum
1637 1417 2042 1471 observatione

389 1517 678 1580 tanquam
712 1523 918 1562 murus
957 1509 1253 1560 exstructa
1294 1510 1401 1576 est,
1451 1505 1820 1576 imponemus
1864 1522 2042 1576 super

392 1615 520 1654 eam
569 1595 746 1651 veluti
795 1593 1239 1667 propugnacula
1278 1598 1575 1666 argentea,
1633 1593 1929 1665 fulgentes
1979 1596 2038 1650 in

389 1686 564 1759 legali
591 1686 785 1740 littera
807 1684 1223 1755 mysteriorum
1243 1683 1688 1748 rationes.Quod
1714 1684 1762 1738 si
1785 1683 2040 1739 naturali

2157 522 2181 544 ν
2374 527 2397 550 ν
2609 533 2622 550 ν
2691 529 2714 548 α
2751 531 2765 549 ς
2851 531 2864 548 ι
3119 529 3140 550 .1.
3251 531 3263 552 ν
3422 535 3436 550 ι
3487 536 3500 554 -ρ
3561 540 3584 549 .-

2155 548 2292 602 εχει·
2346 550 2540 602 ειτουν,
2595 552 2628 600 η
2687 549 2775 585 οια
2804 551 2901 598 την
2933 531 3206 606 ὁμοφυιαν
3239 529 3442 601 αδελὼη
3473 556 3618 606 ημων
3648 557 3760 610 χρη-

2159 617 2454 688 ματίζουσα
2509 619 2722 689 πληθὺς
2795 619 2994 684 ἀτελὴς
3069 617 3147 674 ἔτι
3221 621 3310 674 διὰ
3377 623 3472 691 τήν
3539 624 3755 679 ἀπιστίαν

2157 705 2298 760 ἐστί·
2382 707 2472 761 καὶ
2550 705 2639 762 διὰ
2693 713 2854 762 τοῦτο
2911 707 3108 784 λόγους
3163 709 3252 762 καὶ
3309 710 3536 782 τρόπους
3589 714 3756 788 ἀρετῶν

2155 797 2630 872 προσφερομένους
2689 819 2770 851 σοι
2831 802 2909 868 τῷ
2961 797 3180 875 νυμφίῳ
3239 801 3328 853 οἶα
3371 801 3610 872 μαστοὺς,
3637 803 3696 855 ἶν’
3720 801 3760 856 ἐν

2153 883 2368 948 τούτοις
2424 885 2707 960 ἀπολαύσῃ
2734 893 2834 954 τῆς
2866 886 3141 960 σωτηρίας
3201 888 3392 956 αὐτῆς,
3425 889 3486 942 οὐ
3516 888 3753 959 κέκτηται.

2156 971 2252 1025 Καὶ
2307 974 2358 1027 τὶ
2417 976 2736 1047 ποιήσωμεν
2920 973 3128 1053 ἀδελφῇ
3193 979 3354 1048 ἡμῶν
3411 976 3462 1030 ἐν
3527 978 3758 1053 ἡμὲρᾳῇ

2155 1059 2214 1113 ἂν
2275 1059 2494 1135 λαληθῇ
2555 1061 2604 1115 ἐν
2667 1061 2836 1135 αὐτῇ;
2898 1061 3125 1133 Δηλαδὴ
3179 1065 3232 1118 τί
3267 1061 3664 1140 διαπραξώμεθα
3690 1065 3757 1120 ἐπὶ

2152 1153 2218 1222 τῇ
2280 1151 2542 1225 εἰρημένῃ
2605 1149 2812 1228 ἀδελφῇ
2870 1153 3030 1224 ἡμῶν
3065 1151 3117 1206 ἐν
3176 1152 3222 1224 ᾧ
3252 1158 3428 1226 καιρῷ
3455 1155 3514 1208 τὸ
3547 1155 3626 1208 σὸν
3651 1155 3759 1210 κατὰ

2153 1238 2331 1294 πίστιν
2408 1238 2762 1316 παραδέξεται
2839 1244 3152 1316 κήρυγμα;
3231 1243 3298 1296 Εἴ
3363 1243 3546 1318 τεῖχός
3613 1244 3757 1314 ἐστιν,

2837 1330 2973 1403 αὐτῇ
3058 1330 3308 1402 ἐπάλξεις
3381 1332 3630 1408 ἀργυρᾶς’
3687 1335 3756 1387 καὶ

2153 1327 2338 1382 οἰκοδο
2350 1332 2490 1401 μῆσο
2500 1351 2593 1402 μεν
2676 1329 2758 1384 ἐπ’

2172 1424 2198 1471 Τί
2283 1419 2416 1490 θύρα
2501 1419 2611 1474 ἐστὶ
2647 1463 2660 1488 ,
2750 1419 3116 1490 διαγράψομεν
3202 1421 3288 1476 ὑπ’
3374 1421 3536 1490 αὐτὴν
3605 1419 3758 1476 σανίδα

2151 1424 2198 1472 εἳ
2283 1419 2416 1491 θύρα
2501 1418 2660 1488 ἐστὶ,
2750 1418 3116 1494 δια-γράψομεν
3202 1421 3288 1476 ὑπ’

2149 1505 2420 1584 κεδρίνην.
2479 1513 2660 1578 ἽΙτοι,
2717 1509 2803 1563 ἐὰν
2864 1510 2958 1582 μὲν
3019 1515 3086 1583 τῇ
3154 1511 3342 1584 πράξει
3400 1516 3504 1566 τῶν
3547 1515 3758 1584 νομικῶν

2151 1593 2385 1650 ἐντολῶν
2460 1596 2836 1670 ὠκοὸόμηται,
2911 1597 3066 1668 δίκην
3133 1599 3392 1674 τείχους,
3467 1599 3756 1673 ἐπιθήσομεν

2151 1683 2232 1737 ἐπ’
2289 1687 2458 1755 αὐτὴν
2512 1685 2692 1761 ὥσπερ
2753 1684 2999 1756 ἐπάλξεις
3056 1687 3292 1764 ἀργυρᾶς
3348 1687 3474 1752 τους
3502 1687 3758 1762 τηλαυγεῖς

393 1774 880 1846 contemplatione
913 1789 1014 1845 per
1043 1788 1278 1828 sensum
1339 1777 1542 1844 aperta
1589 1778 1697 1845 est,
1757 1778 2028 1844 tanquam

2147 1773 2283 1828 κατὰ
2325 1780 2520 1850 γνῶσιν
2581 1775 2778 1851 λόγους
2835 1780 2943 1830 τῶν
3003 1776 3054 1830 ἐν
3110 1782 3188 1848 τῷ
3245 1783 3459 1850 νομικῷ
3511 1777 3754 1853 γράμματι

2263 1858 2292 1879 ρ
2315 1858 2351 1879 Ιχ
2530 1863 2614 1879 ’νηὶ
2711 1861 2752 1879 λι
2856 1867 2882 1878 συ
3023 1865 3034 1879 1
3126 1863 3146 1879 ο.
3182 1866 3204 1879 Λ
3535 1870 3560 1879 ε-
3594 1867 3614 1879 n
3721 1867 3730 1879 ι

393 1871 560 1938 porta
590 1863 946 1936 cognitionis
995 1862 1220 1917 aditum
1282 1863 1656 1933 patefaciens,
1717 1863 2040 1919 formemus

393 1954 452 2007 in
484 1969 551 2007 ea
581 1952 750 2023 quasi
780 1949 1039 2006 tabulam
1062 1949 1649 2018 cedrinam,mentem
1683 1967 1811 2022 qua:
1830 1966 2038 2006 sensus

393 2041 702 2098 contrahat
731 2040 1126 2110 imperfectos,
1156 2056 1403 2110 quaeque
1433 2041 1608 2095 fidem
1648 2056 1716 2095 ex
1762 2040 2039 2110 operibus

391 2131 704 2202 perfectam
738 2128 968 2194 habeat,
994 2133 1050 2183 et
1079 2127 1273 2199 gladio
1322 2129 1566 2197 spiritus
1613 2133 1879 2200 amputet
1908 2133 2036 2183 tum

389 2219 568 2274 falsas
628 2234 832 2274 omnes
899 2218 1228 2288 opiniones,
1288 2221 1418 2271 tum
1487 2218 1720 2272 virtutis
1774 2217 2036 2272 defectus

388 2313 564 2379 atque
587 2323 901 2375 excessus;
933 2307 1148 2377 quibus
1180 2323 1250 2360 ex
1289 2307 1466 2361 rebus
1507 2307 1922 2378 perfectionem
1975 2307 2034 2360 in

386 2403 444 2453 te
474 2396 630 2465 huic,
665 2413 838 2468 quam
863 2396 1002 2464 dixi,
1031 2395 1424 2451 multitudini.
1458 2400 1520 2450 tu
1553 2397 1792 2466 quidem
1824 2394 2035 2467 largie-

391 2487 472 2543 ris
505 2503 516 2540 :
552 2501 657 2558 ego
690 2490 886 2542 autem
922 2483 1292 2539 ministrabo.

981 2681 1164 2735 Trz‘um
1189 2685 1438 2735 Patrum.

465 2790 778 2848 Multitudo
801 2805 870 2844 ex
897 2788 1116 2843 Judaais
1148 2787 1218 2841 ad
1269 2786 1442 2841 fidem
1500 2791 1723 2855 vocata,
1773 2804 1905 2842 cum
1966 2789 2036 2844 de

393 2899 454 2938 se
473 2881 648 2935 verba
676 2877 777 2933 illa
815 2877 1015 2948 (Ubera
1045 2891 1154 2932 non
1203 2874 1420 2942 habeat,
1453 2880 1510 2930 et
1541 2893 1554 2930 :
1613 2877 1682 2930 Si
1710 2892 1902 2930 murus
1934 2877 2033 2946 est)

391 2989 424 3028 ει
457 2969 740 3041 magistra
769 2982 986 3038 sponsa
1017 2964 1132 3019 dici
1162 2963 1693 3034 animadvertisset,
1709 2965 1782 3019 ad
1817 2968 2037 3019 utrum-

391 3075 506 3131 que
567 3057 930 3128 respondens
979 3053 1342 3124 jactabunda
1394 3053 1852 3124 quodammodo,
1905 3055 2031 3123 Ego,

391 3147 602 3219 inquit,
635 3152 936 3206 murus;et
979 3143 1147 3197 ubera
1192 3159 1315 3196 mea
1372 3143 1514 3196 sicut
1563 3146 1756 3196 turres.
1829 3142 2034 3196 Murus

389 3254 522 3293 sum
554 3252 658 3307 ego
718 3233 888 3306 plane
945 3249 1013 3288 ex
1051 3231 1333 3287 Israelilis
1383 3231 1634 3285 conﬂata
1694 3230 2030 3296 multitudo,

393 3331 592 3397 utpote
648 3324 1000 3379 exaedificata
1051 3320 1326 3393 legalium
1385 3321 1798 3374 mandatorum
1866 3320 2040 3374 disci-

395 3415 592 3487 plina;
626 3412 796 3484 quale
827 3417 916 3466 est
945 3410 1088 3464 illud
1116 3427 1128 3463 :
1155 3411 1270 3464 Non
1300 3409 1654 3464 mmehaberis
1695 3409 1762 3480 '1,
1794 3413 1852 3462 et
1901 3408 2036 3463 reli-

397 3523 533 3576 qua.
594 3503 877 3558 Turribus
955 3505 1148 3556 autem
1224 3501 1497 3555 videntur
1560 3501 1782 3555 similes
1839 3501 2035 3571 ﬁgurae

396 3599 455 3650 et
479 3597 627 3648 notae
660 3590 1006 3662 illas‘legalis
1039 3589 1263 3658 litterae,
1300 3606 1426 3660 quas
1451 3589 1594 3643 mihi
1619 3589 1883 3652 .‘uberum
1921 3590 2038 3644 ins-

386 3688 482 3738 tar
511 3683 706 3738 cibum
739 3679 1067 3735 infantibus
1098 3683 1154 3732 et
1183 3679 1430 3734 rudibus
1489 3678 1817 3733 nutriendis
1858 3684 2034 3750 atque

385 3771 725 3828 imbuendis
769 3771 1044 3826 idoneum
1096 3767 1590 3823 subministrant:
1644 3783 1852 3838 meque
1897 3785 2032 3839 gen-

379 3863 530 3917 tium
615 3860 879 3915 moribus
964 3855 1480 3929 inexpugnabilem
1557 3857 1917 3912 custodiunt.
1965 3859 2032 3912 Et

379 3951 534 4007 enim
567 3967 664 4020 ego
693 3949 782 4020 fui
813 3966 868 4004 in
899 3947 1069 4004 oculis
1097 3947 1235 4017 ejus,
1283 3949 1443 4018 quasi
1492 3949 1768 4018 reperiens
1814 3963 2024 4016 pacem.

377 4041 496 4110 Ego
538 4039 793 4110 profecto
849 4036 1184 4092 visitatione
1241 4035 1440 4090 divina
1498 4037 1678 4107 digna
1725 4036 2024 4106 quondam

373 4129 479 4184 fui.
529 4131 599 4182 Ac
659 4126 896 4182 tametsi
953 4141 1144 4179 veram
1198 4141 1396 4194 pacem
1447 4141 1553 4178 nos
1591 4124 1819 4194 proprio
1877 4123 2024 4194 patri

372 4217 846 4274 reconciliantem
881 4231 997 4270 non
1041 4213 1268 4284 agnovi,
1293 4230 1422 4268 eam
1453 4221 1645 4268 tamen
1669 4230 1772 4284 per
1803 4215 2023 4283 figuras

369 4310 429 4364 in
465 4306 764 4380 pr0phetis
799 4305 1232 4360 didiceram.Ad
1267 4304 1416 4358 hanc
1448 4321 1686 4375 sponsa,
1712 4303 1794 4358 uti
1842 4302 2022 4372 magi-

366 4403 526 4454 stra:
560 4395 732 4464 Quid,
759 4395 971 4466 inquit,
998 4393 1164 4462 :mihi
1197 4397 1392 4448 vetera
1441 4391 1741 4464 {proponis
1773 4390 1795 4445 ?
1855 4394 2020 4448 Vinea

360 4489 476 4556 fuit
503 4486 864 4540 Sato-moniin
897 4483 1196 4538 Beetumon
1223 4499 1234 4536 :
1270 4480 1560 4552 spiritalis
1592 4481 1820 4535 scilicet
1852 4479 2016 4551 plan-

2711 1861 2752 1881 δι

2150 1858 2465 1936 συμϐόλων.
2529 1863 2650 1918 Ἐὰν
2708 1861 2763 1917 δὲ

2147 1951 2420 2021 ἤνοικται·
2483 1955 2571 2007 οἵα
2630 1953 2921 2028 εῗσαγωγὸς
2955 1955 3208 2028 γνώσεως
3269 1954 3422 2030 θύρα,
3471 1954 3757 2032 διαμορὲὧ’

2821 1867 2886 1936 τῇ
2919 1865 3034 1918 κατ’
3087 1863 3333 1934 αἶ’σθησιν
3371 1870 3563 1940 φυσικῇ
3593 1867 3757 1940 θεωρίᾳ

2149 2065 2242 2116 μεν
2305 2043 2354 2096 ἐν
2403 2043 2538 2117 αὐτῇ
2598 2044 2762 2098 οἷονεί
2822 2042 3010 2097 σανίδα
3065 2042 3338 2120 κεδρίνην,
3387 2047 3486 2113 τὴν
3515 2045 3757 2118 τὰςμερι-

2149 2131 2343 2202 ζούσας
2407 2133 2498 2186 τὸν
2567 2137 2690 2186 νοῦν
2755 2133 3034 2202 αἰσθήσεις
3111 2133 3526 2211 σοσφίγγουσαν,
3591 2133 3669 2188 καὶ
3719 2132 3756 2202 ἐξ

2145 2217 2313 2296 ἔργων
2341 2222 2438 2289 τήν
2476 2215 2764 2296 βεϐαίωσιν
2821 2219 3052 2295 ἔχουσαν
3111 2221 3293 2276 πίστιν
3337 2218 3757 2294 ἀποϐαλλομένην

2141 2313 2209 2382 τῇ
2267 2309 2510 2385 μαχαίρᾳ
2560 2314 2656 2364 τοῦ
2713 2309 3040 2382 πνεύματος,
3098 2315 3269 2364 πᾶσαν
3331 2333 3389 2366 τε
3417 2309 3563 2382 δόξαν
3608 2308 3750 2384 ψευδῆ

2143 2400 2232 2454 καὶ
2265 2401 2456 2475 ἀρετῆς
2488 2397 2735 2474 ἔλλειψιν
2765 2399 2853 2453 καὶ
2891 2394 3224 2472 ὑπερϐολήν.
3283 2401 3573 2464 Κάκθτεῦθεν
3598 2401 3684 2468 τήν
3709 2398 3748 2452 ἐν

2145 2489 2230 2543 σοὶ
2260 2486 2577 2558 τελειότητα
2606 2489 2769 2552 αὐτὸς
2801 2489 2894 2561 μὲν
2921 2493 2990 2562 τῇ
3013 2488 3272 2564 εἷ’ρημὲνῃ
3302 2487 3514 2560 πληθύι·
3541 2487 3754 2564 δωρήσπ

2145 2575 2249 2652 ἐγὼ
2281 2575 2327 2631 δ’
2358 2577 2710 2654 ὑπουργήσω.

2701 2686 2820 2738 Τῶν
2867 2685 2916 2758 γ’
2960 2684 3232 2758 Πατὲρων.

2215 2789 2362 2844 Ἐπεὶ
2393 2786 2451 2843 δὲ
2479 2787 2682 2858 ἤκουσε
2725 2793 2832 2844 τῶν
2877 2797 2976 2859 τῆς
3027 2787 3358 2846 διδασκάλου
3417 2792 3623 2870 νύμφης
3675 2789 3752 2864 ῥη-

2148 2879 2327 2948 μάτων
2400 2879 2433 2948 ἠ
2512 2877 2560 2950 ἐξ
2623 2875 2900 2933 Ἰουδαίων
2957 2877 3033 2940 εἷς
3091 2881 3270 2934 πίστιν
3329 2880 3748 2956 προσκαλουμὲνη

2145 2965 2432 3039 ὁμήγυρις,
2493 2965 2574 3018 ὅτι
2637 2985 2696 3020 τε
2779 2965 3034 3026 Macrob:
3085 2965 3182 3020 ούκ
3239 2963 3379 3041 ἔχει,
3439 2968 3525 3022 καὶ
3574 2967 3650 3038 τὸ,
3702 2963 3750 3020 Εἰ

2141 3052 2326 3127 τεῖχός
2381 3051 2512 3120 ἐστι,
2571 3053 2693 3126 περὶ
2748 3055 2919 3123 αὐτῆς
2965 3053 3274 3127 εἰρημένον,
3327 3057 3464 3132 πρὸς
3511 3054 3751 3130 ἀμφότερα

2143 3141 2308 3194 ταῦτα
2376 3143 2473 3209 τὴν
2553 3142 2834 3214 ἀπόκρισιν
2912 3143 3240 3216 ποιουμένη,
3309 3145 3510 3220 φησὶν,
3591 3139 3749 3197 ὠσανεὶ

2149 3227 2450 3284 δεικτικῶς·
2513 3231 2649 3305 Ἐγὼ
2705 3236 2912 3306 τεῖχος,
2939 3231 3026 3285 καὶ
3082 3232 3274 3302 μαστοί
3309 3255 3417 3305 μου
3465 3234 3534 3296 ὡς
3561 3232 3747 3305 πύργοι·

2146 3318 2359 3380 πάντως
2407 3321 2439 3388 ἠ
2499 3318 2548 3392 ἐξ
2593 3320 2811 3394 Ἰσραὴλ
2857 3326 3043 3394 τεῖχος
3095 3321 3188 3393 μέν
3223 3320 3340 3394 εἰμι
3387 3323 3460 3386 ὡς
3501 3318 3749 3394 ᾠκοδομη-

2151 3409 2283 3480 μὲνη
2333 3412 2401 3482 τῇ
2451 3406 2772 3480 διδασκαλίᾳ
2801 3413 2909 3463 τῶν
2939 3413 3180 3481 νομικῶν
3231 3409 3492 3480 ἐντολῶν,
3524 3413 3640 3477 τῶν,
3687 3405 3747 3462 Οὔ

2151 3497 2502 3571 μοιχεύσεις·
2569 3497 2658 3551 καὶ
2726 3498 2791 3552 τὰ
2851 3498 3001 3567 ἑξῆς.
3063 3496 3298 3573 Πύργοις
3357 3497 3413 3555 δὲ
3463 3498 3648 3554 ἐοίκασι
3695 3493 3750 3548 τὰ

2147 3582 2302 3655 δίκην
2356 3591 2573 3658 μαστῶν
2622 3583 2873 3656 νηπιώδη
2923 3587 3129 3664 τροφὴν
3179 3587 3268 3640 καὶ
3301 3587 3640 3664 εἰσαγωγικήν
3670 3603 3745 3656 μοι

2143 3674 2441 3747 κομίζοντα
2509 3669 2762 3747 σύμϐολα
2827 3679 2921 3729 τοῦ
2999 3679 3229 3748 νομικοῦ
3285 3675 3628 3752 γρειίμματος⁸
3685 3672 3744 3732 ὡς

2143 3763 2448 3837 ἄποροητόν
2508 3785 2572 3835 με
2619 3761 3104 3840 παραφυλάττοντα
3170 3770 3286 3826 τοῖς
3339 3766 3563 3829 ἐθνικοῖς
3609 3761 3742 3814 ἔθεσι.

2142 3852 2243 3908 Καὶ
2301 3853 2404 3927 γὰρ
2467 3852 2570 3926 ἐγὼ
2608 3849 2758 3924 ἤμην
2828 3852 2880 3905 ἒν
2931 3852 3238 3930 ὀφθαλμοῖς
3297 3853 3460 3908 αὐτοῦ
3517 3853 3582 3914 ὡς
3625 3846 3743 3924 εὑρί-

2139 3962 2339 3995 σκουοα
2399 3941 2638 4016 εἰρήνην.
2703 3943 2929 4014 ’“Ηγουν,
2981 3941 3112 4011 αὐτή
3169 3963 3301 3996 ποτε
3363 3944 3600 4016 ὑπῆρχον
3647 3937 3742 3991 ἐπι-

2139 4037 2344 4100 σκοπῆς
2404 4033 2546 4094 θείας
2599 4029 2916 4100 ἀξιουμένη,
2965 4031 3054 4084 καὶ
3107 4029 3202 4084 κᾶν
3265 4034 3344 4102 μὴ
3375 4031 3492 4086 τότε
3519 4028 3740 4103 ἐγνώκειν

2133 4120 2222 4174 τὸν
2277 4118 2688 4189 καταλλάξαντα
2735 4121 2883 4191 ἡμᾶς
2943 4123 3024 4190 τῷ
3055 4117 3178 4192 ἰδίῳ
3227 4120 3392 4195 πατρὶ
3448 4121 3542 4188 τὴν
3575 4115 3742 4184 ἀληθι-

2131 4211 2227 4278 νῆν
2277 4209 2519 4284 ε’ίρνενην,
2583 4206 2709 4262 ἀλλ’
2765 4207 2914 4279 ὅμως
2973 4207 3172 4277 ταύτην
3221 4209 3360 4263 κατὰ
3412 4207 3532 4268 τοὺς
3568 4203 3740 4258 τύπους

2132 4298 2182 4353 ἐν
2233 4304 2346 4360 τοῖς
2405 4299 2708 4374 προφήταις
2759 4296 3021 4370 ἐγνωκυῖα
3071 4295 3394 4372 ἐτύγχανον,
3454 4297 3586 4370 Πρὸς
3630 4289 3738 4346 ταύ-

2126 4409 2226 4456 την
2260 4385 2316 4441 δὲ
2349 4385 2746 4448 διδασκαλικῶς
2778 4387 2810 4455 ἡ
2845 4384 3029 4462 νύμφη
3074 4387 3228 4463 φησί,
3262 4387 3332 4442 Τί
3364 4407 3452 4459 μοι
3483 4377 3738 4456 προϐάλλῃ

2123 4478 2190 4530 τὰ
2237 4476 2480 4542 παλαιάς
2541 4475 2835 4548 Ἀμπελὼν
2879 4473 3108 4550 ἐγενήθη
3141 4480 3221 4546 τῷ
3253 4475 3524 4546 Σολομὼν
3555 4473 3600 4525 ἐν
3631 4471 3736 4524 Βεε-

359 4575 506 4630 tatio
558 4573 822 4629 fidelium
864 4570 1120 4626 Ecclesia
1169 4571 1320 4624 facta
1373 4574 1463 4624 est
1499 4571 1725 4640 paciﬁca
1780 4571 1900 4638 regi
1949 4570 2009 4622 in

2140 4567 2330 4638 ιαμώνο
2388 4563 2600 4635 δηλαδή
2635 4566 2972 4637 πνευματικὴ
3021 4564 3214 4640 φυτεία
3259 4571 3362 4633 τῆς
3409 4568 3511 4618 τῶν
3558 4561 3732 4614 πιστῶν

355 4665 716 4720 multitudine
739 4665 990 4732 gentium
1016 4678 1026 4716 :
1063 4661 1118 4714 id
1148 4661 1302 4715 enim
1333 4659 1624 4730 significat
1672 4660 2000 4714 Beelamon.

357 4755 608 4810 Tradidit
637 4756 856 4808 vineam
897 4749 1241 4806 custodibus:
1303 4749 1360 4803 id
1403 4753 1508 4814 est,
1565 4749 1858 4804 commisit
1909 4751 2006 4803 Ec-

355 4844 598 4900 clesiam
621 4839 902 4913 apostolis
925 4845 981 4894 et
1012 4837 1352 4893 doctoribus
1382 4837 1479 4908 qui
1528 4837 1838 4907 vigilanter
1877 4855 2003 4891 cus-

353 4932 590 4986 todiunt
618 4947 846 4997 eam,ne
876 4927 1044 4982 varia:
1079 4927 1358 4982 adversus
1399 4924 1560 4978 illam
1621 4925 1873 4980 haereses
1918 4925 2002 4979 in-

349 5024 656 5087 surgentes
679 5035 809 5072 eam
859 5019 1111 5083 vastent,
1147 5019 1320 5084 atque
1355 5013 1642 5068 unitatem
1702 5015 1890 5084 ipsius
1941 5015 1998 5069 in

347 5110 610 5165 diversas
659 5113 858 5163 secent
899 5107 1226 5178 opiniones.
1284 5106 1374 5158 Vir
1421 5105 1608 5175 afferet
1651 5121 1750 5176 pro
1812 5109 1999 5176 fructu

343 5200 460 5266 eius
489 5197 644 5250 mille
672 5199 982 5266 argenteos.
1021 5195 1074 5249 is
1139 5193 1421 5248 nimirum
1483 5192 1581 5262 qui
1633 5209 1700 5246 ex
1755 5210 1998 5247 numero

343 5285 760 5359 perfectorum,
788 5283 1098 5338 destructis
1122 5300 1246 5354 qua:
1290 5285 1450 5337 erant
1487 5281 1712 5352 parvuli
1765 5281 1825 5336 in
1867 5283 1999 5337 affe-

339 5375 520 5431 rendo
547 5373 638 5426 his
663 5389 675 5424 :
705 5373 775 5426 ab
811 5371 1208 5426 initiatoribus
1242 5371 1490 5440 Spiritali
1542 5371 1806 5426 Ecclesia:
1849 5373 1997 5427 fruc-

336 5461 810 5534 ctu,purgatione
834 5460 1056 5513 scilicet
1087 5465 1144 5514 et
1175 5461 1554 5530 perfectione,
1577 5460 1689 5514 fert
1711 5465 1994 5532 tanquam

408 5640 448 5672 ⁸¹
493 5635 674 5691 Exod.
713 5652 804 5688 xx.

2115 4654 2445 4724 Ἐκκλησίας
2521 4655 2708 4730 γέγονε
2773 4658 2851 4726 τῷ
2909 4653 3172 4728 εἷρηνικῷ
3247 4652 3460 4726 βασιλεῖ
3511 4650 3559 4704 ἐν
3611 4645 3732 4712 πλή-

2115 4746 2194 4797 θει
2279 4744 2466 4807 ἐθνῶν
2543 4741 2674 4815 ὅπερ
2747 4743 2808 4796 τὸ
2883 4740 3176 4814 Βεελαμὼν
3243 4745 3493 4817 παριστᾷ.
3551 4733 3732 4790 Ἔδωκε

2110 4834 2199 4887 τὸν
2278 4831 2578 4904 ἀμπελῶνα
2655 4837 2771 4892 τοῖς
2862 4835 3148 4906 τηροῦσιν.
3229 4829 3442 4898 Ε’ίτουν,
3517 4825 3730 4901 παρέσχε

2111 4925 2209 4990 τὴν
2281 4921 2604 4991 Ἐκκλησίαν
2675 4913 3040 4982 ἀποστόλοις’
3076 4922 3166 4974 καὶ
3227 4916 3585 4984 διδασκάλοις,
3631 4915 3728 4968 τοῖς

2112 5011 2422 5086 ἑγρηγόρως
2451 5009 2812 5089 φυλάττουσιν
2875 5008 3064 5078 αὐτὴν,
3117 5007 3210 5062 τίνα
3241 5010 3314 5081 μή
3349 5009 3410 5066 αἱ.
3449 5006 3558 5060 κάτ’
3583 5001 3726 5066 αὐτῆς

2112 5101 2520 5176 ἐπεγειρόμεναι
2579 5095 2904 5160 πολυειδεῖς
2979 5097 3209 5172 αἱρέσεις
3265 5097 3462 5166 ταύτην
3517 5089 3724 5147 καταλυ·

2113 5193 2410 5264 μῆνωνται·
2471 5191 2568 5257 τὴν
2629 5187 2854 5258 ἑνότητα
2899 5189 3070 5256 αὐτῆς
3103 5187 3178 5248 εἷς
3207 5184 3380 5246 ἄλλας
3405 5182 3554 5254 δόξας
3582 5197 3720 5234 κατα-

2113 5279 2415 5354 μερίσασαι.
2496 5279 2662 5352 Ἀνὴρ
2733 5275 2865 5331 ο³ίσει
2943 5277 2992 5330 ἐν
3067 5281 3258 5352 καρπῷ
3313 5273 3472 5328 aii-:03
3531 5267 3722 5344 χιλίους

2107 5369 2413 5444 ἁργυρίους.
2477 5367 2741 5438 Δηλονὸτι
2821 5364 2879 5427 ὅς
2945 5371 3052 5420 τῶν
3107 5365 3444 5436 τελουμένων
3501 5375 3722 5427 κατήρη-

2105 5458 2170 5512 τὰ
2227 5461 2321 5511 τοῦ
2353 5457 2552 5527 νηπίου
2585 5455 2634 5509 ἐν
2676 5459 2754 5526 τῷ
2803 5455 3198 5531 προφερομένῳ
3239 5449 3444 5510 τούτοις
3475 5445 3607 5516 παρᾶ
3631 5445 3720 5494 τῶν
