4046 6144
290 372 406 432 685

294 591 544 667 καθάρσει
602 587 746 667 φημὶ
806 586 897 642 καὶ
939 590 1008 661 τῇ
1066 586 1367 654 τελειώσει,
1401 584 1682 659 κομίζεται
1722 585 1807 640 οἶα
1836 605 1938 661 περ

292 680 512 756 χιλίους
569 675 860 753 ἀργυρίους
917 676 1015 744 τὴν
1079 673 1167 730 διὰ
1214 673 1588 751 καθαρότητος
1629 676 1719 729 καὶ
1772 695 1938 751 φωτι-

292 772 431 842 σμοῦ
479 765 822 835 τελειότητα,
878 765 1144 829 Ἀκούσας
1201 761 1258 818 δὲ
1315 765 1342 818 6
1391 764 1620 842 νυμφίος
1656 771 1754 833 τῆς
1803 764 1940 835 νύμ-

293 881 420 937 φης,
478 856 603 933 περὶ
665 854 829 910 αὐτοῦ
912 854 1047 929 πρὸς
1124 854 1218 917 τὰς
1274 852 1718 927 μαθητευομένας
1801 854 1939 925 αὐτῇ

295 946 584 1020 λεγούσης,
641 945 724 999 ὅτι
778 938 947 997 ἔδωκε
1015 942 1105 997 τὸν
1155 940 1453 1016 ἀμπελῶνα
1494 947 1612 1003 τοῖς
1658 946 1941 1016 τηροῦσιν,

291 1034 379 1091 ’ίνα
412 1036 488 1106 μὴ
533 1032 757 1104 δόξωσιν
790 1033 842 1087 οἱ
889 1030 1179 1093 ἀκούοντες
1220 1030 1574 1107 ἀφεστηκέναι
1621 1035 1812 1085 τοῦτον
1843 1036 1942 1097 τῆς

293 1129 388 1181 τοῦ
441 1121 771 1195 ἀμπελῶνος
817 1119 1158 1193 ἐπιμελείας,
1207 1118 1340 1198 φησί
1376 1121 1512 1193 πρὸς
1563 1119 1730 1190 αὐτήν
1763 1138 1775 1151 ⁸
1811 1119 1945 1191 ’Ἅμ-

296 1211 460 1275 πιλός
527 1232 632 1285 μου
689 1209 821 1284 ἐμὸς
890 1208 1120 1264 ἐνώπιόν
1191 1229 1318 1283 μου.
1372 1210 1597 1283 ”Ηγουν,
1652 1205 1747 1263 κᾶν
1796 1228 1941 1269 τινας

297 1301 540 1377 φύλακας
578 1307 679 1369 τῆς
728 1296 1054 1368 Ἑκκλησίας
1111 1300 1430 1369 κατέστησα,
1476 1295 1622 1352 ἀλλὰ
1670 1293 1944 1365 Δεσπότης

293 1390 492 1461 ταύτης
524 1389 628 1466 ἐγὼ
675 1389 764 1443 καὶ
812 1387 1083 1465 Νυμφίος,
1116 1387 1207 1442 καὶ
1237 1390 1272 1457 ἡ
1311 1387 1517 1441 τούτων
1548 1382 1758 1455 σπουδή
1792 1383 1841 1439 ἐν
1873 1388 1942 1457 τῇ

296 1480 401 1554 ἐμῇ
433 1478 705 1553 ἐπισκοπῇ
734 1477 913 1552 ἰσχύει
948 1497 959 1509 ·
998 1477 1049 1532 εἴ
1097 1478 1171 1550 μὴ
1225 1477 1324 1552 γάρ
1372 1475 1480 1550 ἐγὼ
1531 1473 1807 1552 φυλάσσω,
1868 1473 1942 1534 εἷς

300 1571 473 1644 μάτην
541 1569 892 1645 ἠγρύπνησεν
945 1567 973 1621 ὁ
1032 1565 1343 1635 φυλάσσων.
1400 1567 1464 1622 ἹΙ
1497 1562 1554 1619 δὲ
1584 1564 1787 1641 Νύμφη
1821 1565 1942 1618 ἀντ-

295 1658 696 1734 αποκρινομένη
729 1657 864 1733 πρὸς
886 1656 980 1711 τὸν
1005 1655 1279 1730 Νυμφίον,
1307 1652 1489 1733 φησίν·
1512 1655 1602 1727 (Οἱ
1631 1652 1813 1728 χίλιοί
1838 1674 1943 1720 σοι,

299 1747 594 1820 Σολομὼν,
640 1746 731 1801 καὶ
782 1746 835 1800 οἱ
886 1742 1155 1799 διακόσιοι
1205 1765 1321 1805 τοις
1376 1748 1604 1818 τηροῦσι
1663 1743 1755 1797 τὸν
1811 1763 1945 1817 καρ-

1333 365 1743 427 COMMENT.
1790 366 1868 425 IN
1914 365 2312 427 CANTICUM
2360 367 2671 427 CANTIC.

290 501 554 557 τελεστῶν
630 501 983 572 πνευματικῷ
1044 503 1143 566 τῆς
1200 494 1528 566 Ἐκκλησίας
1595 501 1810 571 καρπῷ,
1858 499 1926 569 τῇ
1959 501 2012 563 Α
2043 497 2198 552 m-ille

3578 374 3697 435 686

2297 503 2601 569 argenteos
2680 501 3047 573 purgationis
3126 508 3302 576 atque
3386 504 3689 563 illumina-

2048 586 2228 641 tionis
2308 587 2768 658 perfectionem.
2847 592 3100 647 Audiens
3183 592 3339 664 |vero
3426 595 3693 666 Sponsus

2050 677 2336 747 Sponsam
2372 678 2441 733 de
2484 694 2546 732 se
2576 678 2981 751 discipulabus
3031 680 3153 737 suis
3200 681 3512 753 dicentem,
3546 686 3702 754 quod

2048 765 2390 821 tradidisset
2435 766 2661 823 vineam
2715 769 3096 838 custodibus;
3133 787 3203 825 ne
3235 770 3382 825 forte
3432 776 3707 844 putarent

2051 854 2151 926 qui
2204 856 2541 926 audiebant,
2576 857 2909 913 deseruisse
2941 858 3110 913 illum
3144 859 3322 915 vineae
3370 877 3593 931 curam,
3628 862 3708 916 ait

2051 944 2123 998 ad
2155 960 2282 998 eam
2314 961 2327 999 :
2369 946 2531 1000 Vinea
2562 961 2682 1000 mea
2710 947 2853 1000 mihi
2881 963 3068 1002 coram
3098 964 3203 1006 me.
3231 947 3292 1003 Id
3326 953 3435 1020 est,
3468 950 3705 1005 tametsi

2053 1034 2339 1103 quosdam
2375 1035 2649 1090 custodes
2688 1036 2959 1092 Ecclesiae
3008 1037 3273 1103 adhibui,
3304 1043 3562 1094 attamen
3594 1039 3708 1094 Do-

2055 1122 2254 1177 minus
2301 1123 2429 1191 ejus
2486 1123 2611 1194 ipse
2668 1141 2801 1178 sum
2853 1129 3029 1197 atque
3080 1126 3377 1197 Sponsus;
3410 1131 3468 1182 et
3495 1127 3707 1183 horum

2054 1210 2391 1265 sollicitudo
2451 1227 2553 1282 per
2610 1228 2803 1268 meam
2844 1213 3001 1285 viget
3050 1213 3291 1270 tutelam
3327 1231 3340 1269 :
3376 1214 3490 1270 nisi
3550 1217 3707 1272 enim

2054 1316 2158 1371 ego
2208 1299 2556 1369 custodiero,
2595 1301 2813 1356 frustra
2862 1302 3065 1374 vigilat
3111 1305 3206 1374 qui
3262 1304 3604 1361 custodit".
3638 1308 3710 1361 At

2053 1395 2282 1461 Sponsa
2312 1390 2574 1446 vicissim
2602 1394 2969 1464 respondens
2991 1395 3060 1449 ad
3092 1397 3385 1465 Sponsum
3419 1396 3536 1450 ait:
3562 1397 3709 1452 Mille

2055 1482 2159 1542 lui,
2191 1480 2480 1543 Salomon;
2509 1489 2561 1536 et
2599 1483 2822 1538 ducenti
2866 1486 2935 1539 iis
2984 1485 3081 1554 qui
3126 1484 3440 1540 custodiunt
3468 1488 3712 1557 fructum

2053 1571 2187 1639 eius.
2222 1568 2505 1625 Videlicet
2539 1589 2551 1625 :
2589 1571 2865 1642 perfectio
2897 1573 3134 1644 quidem
3170 1591 3388 1629 munus
3421 1579 3510 1631 est
3540 1580 3711 1630 tuum

2057 1658 2157 1729 qui
2202 1659 2488 1729 perfectos
2522 1659 2730 1729 efficis,
2764 1678 2794 1715 ο
2829 1662 3065 1731 pacilice
3117 1679 3182 1717 ac
3232 1663 3393 1734 pacis
3442 1663 3714 1719 concilia-

2056 1748 2521 1803 torzrevocatio
2564 1754 2759 1805 autem
2815 1755 3022 1806 nostris
3083 1756 3303 1806 naturas
3363 1753 3434 1808 ad
3492 1757 3712 1808 statum

296 1837 392 1891 πὸν
430 1836 596 1891 αὐτοῦ
630 1854 641 1866 °
677 1833 824 1903 ἤτοι,
968 1835 1063 1906 μὲν
1125 1831 1407 1903 τελειότης
1459 1853 1552 1886 σου
1601 1836 1696 1886 τοῦ
1718 1829 1941 1886 τελειω-

358 1922 563 1936 _.-.
649 1922 660 1936 .
893 1922 913 1936 ς,
1085 1921 1095 1936 .
1346 1922 1361 1936 ι
1450 1920 1464 1936 ς
1717 1918 1946 1936 ...τευ

2065 1854 2234 1893 suum
2285 1838 2351 1892 ﬁt
2400 1854 2503 1909 per
2534 1840 2949 1896 mandatorum
3000 1846 3237 1897 tuorum
3288 1841 3715 1914 adimplemen-

295 1928 389 1979 τοῦ
420 1922 597 2001 δῶρόν
644 1922 809 1990 ἐστιν,
863 1921 1102 1998 ε”ρηνικέ
1156 1943 1216 1976 τε
1272 1922 1363 1976 καὶ
1422 1920 1753 1997 εἰρηνοποιᾶ.
1804 1922 1866 1977 Ἡ
1900 1918 1946 1975 δ’

297 2015 372 2077 εἷς
434 2014 628 2083 ἑαυτὴν
678 2020 777 2083 τῆς
837 2012 1047 2091 φύσεως
1115 2014 1275 2084 ἡμῶν
1341 2012 1797 2083 ἀποκατάστασις,
1858 2007 1947 2064 διά

296 2111 395 2172 τῆς
447 2108 556 2158 τῶν
618 2106 721 2156 σῶν
789 2099 1020 2157 ἐντολῶν
1066 2099 1337 2176 ἐργασίας,
1386 2100 1528 2177 ἤπερ
1588 2099 1726 2155 ἐστὶν
1783 2101 1943 2172 ἡμῶν

296 2201 395 2263 τῆς
427 2190 755 2261 Ἐκκλησίας
787 2190 992 2265 καρπὸς
1022 2196 1123 2259 τῆς
1154 2190 1292 2263 πρὸς
1315 2190 1617 2266 Νυμφίον.)

370 2281 473 2338 Καὶ
531 2282 558 2336 ὁ
611 2282 919 2354 καθήμενος
978 2277 1031 2333 ἐν
1079 2280 1279 2349 κήποις
1353 2279 1579 2354 (ἑταῖροι
1638 2276 1948 2354 προσέχον-

294 2375 405 2445 τες)
432 2375 533 2441 τῆς
578 2378 762 2450 φωνῆς
821 2391 918 2424 σου
975 2369 1261 2424 ἀκούτισόν
1323 2390 1408 2442 με.
1470 2368 1638 2442 Φύγε,
1694 2364 1949 2445 ἀδελφιδέ

303 2484 435 2535 μου,
483 2461 574 2516 καὶ
640 2460 946 2533 ὀμοιώθητι
1002 2462 1071 2531 τῇ
1126 2455 1347 2534 δορκάδι
1407 2455 1443 2526 ἤ
1496 2462 1575 2530 τῷ
1628 2452 1804 2532 νεϐρῷ
1840 2463 1946 2512 τῶν

300 2552 518 2629 ἐλάσσων
549 2549 637 2604 ἐπὶ
670 2550 773 2624 ἀρή
805 2548 1131 2625 ἀρωμάτων.

372 2644 463 2713 Τῷ
520 2639 737 2713 νυμφίῳ
792 2638 883 2693 καὶ
939 2641 1107 2692 ταῦτα
1164 2633 1635 2712 προσδιαλέγεται,
1666 2636 1756 2691 καὶ
1802 2636 1950 2710 λέγει

302 2728 548 2786 αὖτὸνέν
608 2730 810 2799 κήποις
867 2728 1155 2796 καθῆσθαι.
1216 2728 1398 2794 Κῆποι
1453 2724 1509 2780 δέ
1567 2725 1697 2780 εἰσιν
1739 2727 1791 2780 οἱ
1817 2727 1953 2780 θεῖοι

310 2820 449 2886 ναοὶ,
482 2819 535 2873 οἱ
563 2823 670 2873 τῶν
728 2814 1013 2892 μαρτύρων
1065 2814 1247 2886 σηκοὶ,
1297 2819 1404 2870 τῶν
1442 2816 1533 2870 τὸν
1584 2817 1796 2888 μονήρη
1835 2814 1950 2889 βίον

308 2909 740 2984 ἐπανῃρημένων
785 2907 853 2960 τά
921 2906 1257 2977 συστήματα.
1337 2906 1423 2960 Ἐν
1492 2903 1726 2971 τούτοις,
1786 2902 1951 2980 λέγει,

310 2999 444 3072 πρὸς
484 2995 704 3072 χιλίους
752 2991 1135 3061 ἀποτελοῦσιν,
1174 2995 1261 3047 καὶ
1314 2990 1617 3068 παρακαλεῖ
1656 2992 1812 3047 αὐτὸν
1875 2995 1950 3066 μή

317 3086 479 3159 μόνον
522 3092 641 3146 ταῖς
718 3081 1029 3160 ἀγγελικαὶς
1116 3079 1373 3155 δυνάμεσι
1441 3079 1953 3156 προσδιαλέγεσθαι,

311 3174 454 3231 ἀλλά
482 3174 568 3230 καὶ
598 3173 767 3242 αὐτὴν
815 3178 915 3241 τῆς
957 3169 1185 3242 ἡδίστης
1219 3171 1382 3225 αὐτοῦ
1440 3177 1623 3247 φωνῆς
1672 3169 1895 3240 ἀξιῶσαι
1938 3191 1951 3203 ’

307 3267 396 3319 καὶ
459 3264 536 3337 μὴ
607 3266 836 3336 περιιεῖν
922 3264 1191 3324 ποθοῦσαν
1278 3260 1368 3314 καὶ
1455 3257 1695 3333 διψῶσαν
1770 3241 2028 3332 Evtpu-C

308 3359 475 3428 φῆσαι
526 3351 690 3407 αὐτοῦ
745 3350 862 3412 τοῖς
942 3348 1152 3425 λόγοις.
1230 3347 1659 3424 Ηαράκελεύεται
1715 3345 1771 3402 δὲ
1810 3347 1957 3420 αὐτῷ

306 3448 494 3520 φυγεῖν
530 3459 541 3473 ·
583 3446 765 3519 φυγεῖν
812 3438 870 3494 δὲ
929 3438 1097 3506 τίνας,
1156 3437 1191 3507 ἤ
1248 3439 1345 3500 τάς
1392 3438 1632 3512 πννηράς
1660 3442 1765 3492 τῶι
1809 3437 1954 3513 αἳρε-

304 3536 471 3585 τικῶν
558 3528 891 3604 συμμορίας,
977 3528 1067 3583 καὶ
1138 3529 1235 3589 τὰς
1305 3527 1651 3599 ἠκονημένας
1696 3527 1833 3581 κατὰ
1859 3533 1959 3596 τῆς

306 3615 580 3681 εὐσεϐείας
629 3618 903 3693 γλώσσας.
980 3616 1220 3678 Ἐκείνας
1275 3616 1436 3691 αὖρὸν
1498 3614 1803 3690 παρακαλεῖ
1858 3639 1955 3692 φυ-

305 3710 471 3784 γόντα
549 3707 639 3762 καὶ
721 3703 1135 3782 βδελυξάμενον,
1217 3707 1557 3778 ἀμοιωθῆναι
1632 3703 1853 3778 δορκάδι
1919 3702 1955 3774 ἥ

304 3794 481 3874 νεϐρῷ
531 3795 769 3872 ἐλάφων,
832 3796 922 3851 καὶ
984 3790 1235 3865 διαϐῆναι
1286 3794 1372 3849 ἐπὶ
1415 3795 1482 3848 τά
1511 3789 1609 3866 ὅρη
1644 3799 1750 3849 τῶν
1811 3794 1955 3868 ἀρωο

311 3886 521 3960 μάτων,
571 3886 660 3940 καὶ
721 3883 1027 3960 διαφθεῖραι
1088 3885 1183 3948 μὲν
1235 3882 1422 3961 ἐλάφῳ
1452 3884 1846 3957 παραπλησίως
1892 3885 1960 3939 τά

307 3974 649 4047 πνευματικά
700 3980 802 4043 τῆς
857 3971 1129 4048 πονηρίας
1182 3971 1344 4047 θηρία
1377 3990 1391 4002 ’
1453 3970 1696 4047 προϊδεῖν
1757 3970 1814 4027 δὲ
1850 3977 1958 4027 τῶν

307 4063 523 4120 ἀδικίαν
598 4063 672 4125 εἷς
755 4063 817 4117 τὸ
898 4060 1032 4135 ὕψος
1106 4058 1420 4116 λαλούντων
1505 4063 1603 4130 τὴν
1693 4057 1958 4131 ἀσέϐειαν,

309 4153 487 4218 ἐλθεῖν
518 4149 575 4207 δὲ
629 4151 715 4207 επὶ
766 4153 834 4205 τά
891 4146 991 4226 ὅρη
1043 4154 1151 4204 τῶν
1196 4151 1523 4225 ἀρωμάτων,
1573 4155 1673 4204 τοῦ
1708 4150 1958 4224 ὑψηλοὺς

311 4244 407 4317 μὲν
464 4243 564 4311 τὴν
621 4239 882 4310 διάνοιαν,
934 4240 1025 4295 καὶ
1084 4237 1241 4309 δίκην
1295 4242 1438 4315 ὁρῶν
1488 4241 1847 4315 ὑπερέχοντας
1893 4241 1960 4294 τά

306 4331 493 4400 κοῖλα,
550 4330 778 4409 φύοντας
861 4326 918 4383 δὲ
1007 4327 1249 4402 καρποὺς
1327 4328 1633 4404 ἀρωμάτων
1703 4327 1955 4400 εὐοσμίαν

311 4420 578 4498 ἀφιέντας.
611 4420 700 4480 Ὠς
752 4416 1081 4492 δυναμένους
1131 4417 1304 4492 λέγειν
1355 4418 1493 4472 κατά
1536 4418 1628 4473 τὸν
1688 4418 1951 4495 μακάριον

312 4509 552 4578 Παῦλον,
640 4512 879 4581 Χριστοῦ
965 4504 1167 4561 εὐωδία
1237 4506 1418 4579 ἐσμέν.
1470 4507 1687 4561 Γένοιτο
1755 4505 1812 4562 δὲ
1871 4507 1959 4562 καὶ

2055 1931 2204 1995 tum,
2240 1927 2394 1999 quod
2458 1928 2651 2000 ipsum
2712 1929 2983 1984 nimirum
3027 1934 3118 1986 est
3161 1930 3388 1986 fructus
3444 1930 3715 1987 Ecclesia

2056 2019 2290 2082 nostras,
2324 2031 2452 2087 quae
2484 2017 2557 2071 ad
2590 2017 2881 2088 Sponsum
2914 2016 3186 2089 pertinet.

2132 2285 2236 2352 Qui
2292 2283 2441 2339 sedes
2501 2285 2563 2337 in
2618 2285 2791 2339 hortis
2848 2286 3040 2354 (amici
3096 2287 3466 2357 attendentes)
3526 2302 3711 2343 vocem

2055 2377 2209 2429 tuam
2256 2373 2453 2427 audire
2501 2389 2585 2426 me
2637 2375 2824 2445 facile.
2874 2379 3047 2443 Fuge,
3089 2375 3285 2431 dilecte
3333 2376 3431 2443 mi,
3482 2376 3714 2432 assimi-

2062 2466 2175 2519 lare
2202 2479 2415 2533 caprea
2455 2461 2754 2519 hinnulove
2793 2479 3073 2518 cervorum
3122 2480 3289 2531 super
3316 2469 3560 2522 montem
3587 2481 3715 2521 uro-

2061 2561 2297 2607 malum.

2131 2642 2216 2696 Ad
2247 2640 2541 2712 Sponsum
2583 2640 2705 2695 haec
2741 2641 2882 2696 item
2914 2640 3196 2711 loquitur,
3230 2658 3404 2714 quem
3436 2643 3494 2698 in
3528 2642 3717 2698 hortis

2064 2732 2263 2786 sedere
2327 2730 2489 2784 dicit.
2553 2729 2717 2784 Horti
2778 2735 2972 2785 autem
3030 2731 3227 2786 divina
3284 2736 3423 2786 sunt
3474 2730 3715 2803 templa,

2066 2823 2387 2891 martyrum
2468 2823 2885 2885 monumenta,
2960 2836 3162 2874 eorum
3234 2821 3333 2892 qui
3391 2820 3714 2876 solitariam

2065 2906 2314 2979 amplexi
2369 2896 2510 2962 sunt
2557 2907 2759 2978 vitam,
2793 2914 3135 2963 conventus.
3171 2912 3235 2965 In
3268 2910 3362 2964 his
3412 2908 3572 2965 mille
3624 2927 3715 2965 ar-

2064 3002 2305 3070 genteos
2362 3013 2465 3068 pro
2515 2996 2706 3051 fructu
2754 2996 2937 3052 vineze
2987 2998 3385 3066 efferentibus,
3420 2999 3715 3071 Sponsum

2066 3086 2278 3142 asserit
2334 3084 2648 3140 habitare:
2699 3092 2873 3156 atque
2932 3086 3100 3142 illum
3163 3090 3448 3156 obsecrat,
3486 3094 3548 3143 ut
3603 3105 3714 3143 non

2066 3175 2257 3230 solum
2308 3190 2441 3228 cum
2494 3172 2777 3245 angelicis
2825 3174 3142 3231 virtutibus
3194 3176 3585 3247 colloquatur,
3615 3177 3715 3233 sed

2067 3265 2322 3336 seipsam
2374 3278 2606 3334 quoque
2654 3279 2790 3317 voce
2847 3281 2956 3318 sua
3011 3264 3251 3335 dignam
3300 3266 3536 3335 efﬁciat,
3576 3282 3718 3321 neve

2066 3358 2403 3409 contemnat
2433 3368 2495 3406 se
2527 3368 2652 3423 quae
2705 3350 2993 3407 desiderio
3025 3352 3241 3424 sitique
3271 3354 3438 3408 ardet
3487 3354 3716 3409 fruendi

2066 3440 2438 3497 sermonibus
2496 3440 2706 3512 ipsius.
2743 3440 2880 3495 Orat
2938 3440 3134 3512 ipsum
3183 3449 3483 3514 praeterea,
3517 3447 3581 3498 ut
3628 3444 3719 3497 fu-

2066 3531 2205 3603 giat.
2240 3533 2395 3596 Quos
2438 3534 2633 3585 autem
2666 3530 2875 3601 fugiat,
2910 3529 3023 3586 nisi
3067 3548 3276 3603 pravos
3308 3531 3719 3589 haereticorum

2068 3624 2272 3686 ccetus,
2308 3622 2365 3674 et
2395 3623 2599 3674 acutas
2647 3619 2932 3674 adversus
2984 3620 3259 3691 pietatem
3312 3621 3588 3696 linguas?
3620 3620 3720 3677 His

2067 3708 2376 3765 declinatis
2407 3712 2463 3763 et
2507 3707 2740 3779 spretis,
2776 3708 3045 3764 hortatur
3095 3716 3157 3764 ut
3206 3728 3423 3782 capreae
3456 3715 3557 3767 aut
3588 3710 3719 3766 hin-

2068 3797 2207 3853 nulo
2255 3812 2557 3852 cervorum
2617 3795 2851 3862 similis,
2893 3796 3081 3868 fugiat
3138 3802 3311 3868 atque
3369 3797 3428 3851 in
3488 3803 3721 3854 montes

2069 3890 2396 3943 aromatum
2430 3885 2755 3955 _ascendat,
2796 3890 2854 3940 et
2910 3885 3144 3941 hinnuli
3207 3902 3366 3941 more
3423 3886 3720 3958 spiritales

2070 3975 2345 4047 nequitiae
2376 3975 2529 4029 feras
2574 3973 2868 4028 absumat.
2901 3974 3228 4044 Prospiciat
3271 3977 3467 4029 autem
3510 3974 3718 4048 impie-

2068 4070 2248 4123 tatem
2297 4079 2498 4119 eorum
2538 4063 2636 4134 qui
2682 4064 2742 4116 in
2792 4063 3031 4119 sublime
3091 4064 3394 4135 loquuntur
3440 4066 3719 4136 iniquita-

2069 4155 2355 4221 (cm33,et
2413 4153 2482 4206 ad
2544 4157 2775 4207 montes
2834 4156 3164 4207 aromatum
3213 4153 3431 4209 veniat.
3477 4155 3561 4210 Ad
3620 4172 3720 4212 eos

2069 4243 2352 4298 nimirum
2383 4241 2483 4313 qui
2534 4243 2661 4295 tum
2708 4239 2936 4295 excelsa
2968 4247 3164 4297 mente
3195 4245 3333 4296 sunt
3377 4242 3625 4314 praediti,
3657 4260 3724 4298 ac

2071 4331 2247 4387 voluti
2280 4334 2510 4385 montes
2553 4328 2707 4382 inter
2736 4328 2916 4383 valles
2947 4330 3238 4385 excellunt
3273 4347 3284 4385 :
3317 4335 3446 4386 tum
3497 4332 3722 4386 fructus

2072 4422 2264 4475 ferunt
2295 4421 2623 4474 aromatum
2664 4417 3044 4487 fragrantiam
3088 4418 3458 4487 redolentes;
3492 4423 3558 4474 ut
3585 4434 3721 4473 cum

2072 4510 2240 4564 beato
2298 4504 2479 4561 Paulo
2539 4505 2769 4576 possint
2818 4505 3056 4560 dicere:
3102 4506 3312 4562 Christi
3370 4507 3541 4562 bonus
3596 4507 3727 4561 odor

313 4599 460 4671 ἡμᾶς
491 4598 580 4652 καὶ
604 4597 907 4672 ἀρωμάτων
958 4597 1060 4672 ἀρη
1113 4598 1379 4670 γενέσθαι,
1435 4593 1526 4649 ’ίνα
1576 4601 1673 4651 τοῦ
1723 4597 1949 4672 νυμφίοι

2069 4597 2342 4653 sumus“.
2376 4595 2538 4650 Faxit
2594 4598 2791 4649 autem
2854 4598 3027 4661 Deus,
3061 4601 3124 4649 ut
3176 4613 3285 4650 nos
3338 4595 3478 4650 item
3538 4595 3726 4657 simus

315 4686 591 4760 δεξώμεθα
618 4687 685 4740 τά
732 4683 1054 4758 πηδήματα,
1106 4685 1195 4738 καὶ
1242 4685 1332 4739 τὸν
1370 4686 1710 4759 μακαρισμὸν
1761 4685 1960 4741 ἐκεῖνον

320 4775 663 4851 δρεψώμεθα.
724 4776 1013 4848 Μακάριος
1109 4773 1245 4849 ἀνὴρ
1321 4772 1386 4827 οὗ
1472 4773 1611 4828 ἐστιν
1669 4775 1959 4849 ἀντίληψις

316 4865 461 4937 αὐτῷ
544 4863 692 4939 παρὰ
746 4867 862 4933 σοῦ,
932 4864 986 4917 αἱ
1046 4857 1328 4924 ἀναϐάσεις
1386 4884 1480 4917 σου
1534 4862 1584 4917 ἐν
1645 4868 1711 4938 τῇ
1769 4863 1965 4941 καρδίᾳ

315 4955 505 5011 αὐτοῦ.

386 5137 433 5171 ⁸³
467 5134 622 5191 Psal.
654 5151 839 5204 cxxvx,
875 5136 924 5189 1.
1000 5134 1045 5169 ³³
1074 5133 1224 5189 Psal.
1259 5151 1430 5203 Lxxn,
1464 5136 1518 5188 8.

1594 5135 1639 5169 ⁸⁸
1670 5138 1716 5190 ΙΙ
1751 5138 1877 5192 Cor.
1913 5153 1976 5206 ιι,
2011 5137 2097 5191 15.

2074 4692 2305 4743 montes
2337 4687 2692 4751 aromatum,
2719 4683 2820 4754 qui
2850 4684 3061 4756 Sponsi
3095 4685 3281 4740 saltus
3305 4683 3724 4756 suscipiamus,

2072 4788 2128 4831 et
2181 4773 2608 4831 beatitudinem
2666 4772 2828 4826 illam
2887 4790 3297 4845 assequamur.
3361 4776 3565 4829 Beatus
3618 4775 3728 4841 vir,

2071 4866 2226 4937 cujus
2254 4870 2335 4921 est
2375 4864 2657 4919 auxilium
2686 4862 2780 4917 abs
2808 4866 2861 4918 te
2890 4880 2908 4916 :
2949 4863 3289 4920 ascensiones
3336 4867 3448 4920 tuae
3477 4862 3539 4919 in
3563 4863 3730 4919 corde

2072 4956 2192 5026 ejus
2215 4955 2282 5012 ⁸⁵.

2173 5136 2218 5171 ⁸⁸
2248 5136 2400 5191 Psal.
2436 5134 2737 5194 LXXXIII.6.
