4046 6144
305 404 424 464 687

605 563 670 571 ..ι’
679 562 776 570 -_—_—
783 560 1048 568 *σνς’-,Ἠ

311 562 600 574 -υ-..υ-

1647 391 2068 455 MICHAELIS
2116 391 2386 452 PSELLI

3608 388 3732 447 688

1063 550 3724 584 Μ

1327 689 1464 745 ΤΟΥ
1503 687 2070 743 ΠΑΝΣΟΦΩΤΑΤΟΥ
2111 689 2224 741 ΚΑΙ
2266 686 2698 742 ΤΙΜΙΩΤΑΤΟΥ

763 862 1696 1035 ΜΙΧΑΗΛ
1776 859 2251 1032 ΤΟΥ
2324 858 3282 1032 ΨΕΛΛΟΥ

1183 1157 1950 1256 ΔΙΔΑΣΚΑΛΙΑ
2021 1156 2848 1254 ΠΑΝΤΟΔΑΠΗ.

1421 1455 1956 1514 SAPIENTISSIMI
1996 1454 2087 1509 ET
2125 1454 2616 1512 CELEBERRIMI

839 1636 2166 1804 MICHAELIS

2347 1637 3192 1803 PSELLI

1281 1921 1426 2004 DE
1487 1918 2121 2008 OMNIFARIA
2196 1916 2769 2005 DOCTRINA

989 2098 1272 2158 CAPITA
1321 2099 1424 2158 ET
1468 2096 1980 2169 QUIES'I‘IONES
2025 2096 2123 2157 AC
2171 2066 2757 2160 RESPONSIONES
2803 2099 3055 2160 CXCIII.

1231 2257 1317 2311 AD
1355 2255 1767 2311 MICHAELEM
1815 2252 2063 2321 DUCAM,
2104 2255 2578 2311 IMPERATOREM
2619 2256 2812 2313 CPOL.

449 2409 532 2465 Ex
564 2409 910 2483 Apographo
943 2408 1477 2492 Lindenbrogianp,
1502 2409 1659 2492 quod
1694 2411 1889 2492 exstat
1912 2406 2236 2492 Hamlgurgi
2267 2407 2327 2464 in
2358 2408 2507 2492 B_i_bl.
2543 2411 2601 2467 S.
2635 2412 2898 2478 Joannis,
2924 2414 3118 2470 Grmce
3149 2417 3379 2488 primus
3409 2419 3592 2474 edidit

1331 2485 1387 2537 et
1418 2480 1618 2536 Latine
1648 2481 1818 2536 vertit
1856 2483 2024 2534 Jom.
2056 2480 2358 2537 Amemus
2392 2482 2701 2546 FABRICUS._

379 2801 431 2857 1.
465 2801 647 2858 Credo
678 2799 738 2854 in
772 2815 958 2854 unum
1004 2798 1257 2868 Patrem,
1292 2796 1651 2870 principium
1697 2796 1962 2852 omnium
1992 2798 2024 2864 Α

2145 2817 2198 2863 α,
2231 2796 2473 2851 Πιστεύω
2527 2797 2602 2860 εἷς
2649 2792 2738 2852 ἕνα
2790 2801 2998 2874 Πατέρα
3026 2804 3126 2872 τὴν
3167 2804 3384 2860 πάντων
3414 2806 3593 2883 ἀρχὴν
3632 2812 3729 2866 καὶ

309 2894 367 2947 et
397 2904 656 2957 causam,
689 2904 759 2943 ex
785 2886 943 2942 nullo
978 2887 1195 2942 factum
1229 2891 1284 2942 et
1316 2885 1508 2941 solum
1542 2902 1730 2942 causa:
1761 2901 1962 2957 exper-

312 2983 433 3036 tem
485 2981 659 3049 atque
708 2975 1084 3049 ingenitum:
1133 2980 1345 3031 natura
1392 2978 1624 3030 Patrem
1677 2974 1963 3047 unigeniti

311 3067 440 3126 Filii
472 3067 586 3134 sui,
621 3065 878 3138 Spiritus
930 3063 1118 3120 sancti
1166 3064 1530 3120 emissorem.
1564 3068 1629 3117 Et
1663 3063 1722 3118 in
1777 3081 1961 3118 unum

311 3155 525 3214 Filium
586 3154 996 3227 unigenitum,
1055 3153 1373 3209 Dominum
1433 3157 1700 3209 nostrum
1756 3152 1960 3208 Jesum

311 3247 631 3302 Christum.
666 3246 735 3300 Et
766 3244 824 3299 in
856 3243 1139 3315 Spiritum
1171 3248 1440 3298 sanctum
1488 3260 1608 3297 non
1660 3245 1862 3296 natum
1895 3259 1961 3297 ex

311 3335 501 3401 Patre,
538 3333 638 3389 sed
682 3350 752 3388 ex
794 3333 1046 3388 essentia
1093 3333 1218 3402 ejus
1272 3332 1705 3403 procedentem,
1739 3331 1958 3385 dictum

307 3425 664 3480 Advocatum
709 3426 911 3493 utpote
957 3421 1055 3493 qui
1109 3437 1276 3476 voces
1328 3437 1646 3492 precesque
1695 3420 1957 3475 omnium

306 3512 541 3584 excipit,
574 3527 676 3583 per
705 3509 902 3567 omnia
955 3508 1208 3564 similem
1261 3508 1416 3564 Patri
1466 3513 1521 3563 et
1575 3508 1732 3578 Filio,
1761 3510 1860 3580 qui
1894 3526 1962 3564 ex

309 3602 475 3656 Patre
506 3599 743 3671 quidem
795 3597 1080 3672 procedit,
1130 3600 1230 3653 sed
1284 3614 1386 3669 per
1435 3597 1644 3652 Filium
1681 3597 1873 3668 datur,
1907 3604 1963 3654 et

307 3690 381 3745 ab
411 3689 571 3745 omni
605 3693 871 3744 creatura
897 3688 974 3760 (1)
1007 3686 1312 3759 accipitur.
1345 3691 1566 3741 Harum
1610 3685 1784 3740 trium
1830 3704 1960 3758 per-

311 3794 592 3835 sonarum
655 3777 865 3845 Patris,
916 3775 1068 3843 Filii,
1115 3779 1172 3832 et
1226 3775 1478 3847 Spiritus
1532 3775 1717 3831 sancti
1776 3792 1958 3831 unum

308 3867 689 3941 principium,
743 3885 860 3922 una
918 3871 1007 3922 est
1065 3869 1298 3934 natura,
1348 3883 1466 3921 una
1514 3864 1812 3932 divinitas,
1847 3883 1963 3921 una

307 3959 518 4023 forma,
552 3973 670 4013 una
699 3955 959 4012 essentia
988 3958 1045 4011 et
1073 3953 1353 4027 potentia.

2075 2883 2270 2956 αἰτίαν,
2313 2885 2412 2940 οὐκ
2455 2880 2514 2941 ἔκ
2567 2908 2714 2949 τινος
2767 2890 3109 2963 γεννηθέντα,
3143 2891 3378 2949 ἀναίτιον
3571 2898 3731 2974 ἀγέν-

2073 2995 2234 3044 νητον
2291 2969 2478 3046 μόνον,
2527 2976 2847 3051 ὑπάρχοντα
2894 2979 3104 3053 Πατέρα
3136 3002 3288 3058 φύσει
3345 2989 3440 3038 τοῦ
3501 2969 3731 3064 μονογε-

2073 3067 2197 3124 νοῦς
2256 3064 2383 3117 Υἱοῦ
2416 3064 2602 3132 αὑτοῦ,
2638 3065 2729 3119 καὶ
2783 3061 3061 3140 προϐολέα
3111 3074 3208 3124 τοῦ
3263 3071 3420 3146 ἁγίου
3480 3061 3728 3150 Πνεύμα-

2072 3173 2186 3215 τος.
2222 3151 2324 3208 Καί
2357 3152 2432 3214 εἷς
2465 3150 2556 3208 ἕνα
2588 3155 2708 3208 Υἱὸν
2740 3155 2830 3210 τὸν
2869 3165 3160 3233 μονογενῆ,
3209 3161 3299 3215 τὸν
3333 3163 3526 3238 Κύριον
3561 3169 3722 3238 ἡμῶν

2073 3242 2279 3311 Ἰησοῦν
2335 3244 2587 3316 Χριστὸν.
2647 3245 2740 3298 Καὶ
2791 3245 2864 3306 εἷς
2903 3251 3116 3319 Πνεῦμα
3148 3249 3319 3322 ἅγιον,
3353 3251 3414 3306 ού
3447 3257 3723 3330 γεννώμε-

2071 3351 2161 3383 νον
2221 3330 2278 3384 ἐκ
2305 3335 2400 3384 τοῦ
2433 3333 2663 3405 Πατρὸς,
2714 3331 2844 3387 ἀλλ’
2891 3334 2949 3389 ἐκ
2996 3343 3096 3405 τῆς
3148 3337 3332 3402 οὐσίας
3360 3341 3524 3397 αὐτοῦ
3556 3345 3720 3402 ἐκπο-

2073 3418 2382 3491 ρευύμενον,
2443 3420 2802 3495 ΙΙαρπὶκλητον
2863 3422 3267 3497 ὀνομαζόμενον
3330 3429 3406 3490 ὡς
3456 3433 3548 3494 τὰς
3607 3440 3716 3488 τῶν

2073 3505 2215 3561 ὅλων
2268 3507 2638 3582 παρακλήαεις
2665 3507 2984 3586 δεχόμενον,
3023 3514 3158 3569 κατὰ
3185 3518 3384 3581 παντὸς
3415 3515 3604 3593 ὅμοιον
3636 3523 3719 3596 τῷ

2071 3597 2242 3683 ῌατρὶ
2290 3598 2378 3651 καὶ
2412 3598 2539 3670 Υἱῳ,
2600 3598 2658 3653 ἐκ
2700 3604 2795 3654 τοῦ
2846 3601 3056 3676 Πατρὸς
3121 3605 3216 3676 μὶν
3263 3606 3716 3683 ἐκπορευόμενον,

2072 3682 2142 3739 δι’
2173 3686 2298 3739 Υἱοῦ
2329 3683 2384 3740 δὲ
2430 3684 2848 3760 μεταδιδόμενον
2898 3691 2985 3744 καὶ
3023 3682 3578 3771 μεταλαμϐανόμενον
3615 3703 3718 3756 ὑπὸ

2070 3773 2250 3844 πάσης
2280 3773 2527 3836 κτίσὲως.
2588 3780 2804 3831 Τοῦτων
2856 3775 2913 3832 δὲ
2969 3785 3074 3834 τῶν
3132 3788 3300 3854 τριῶν
3345 3787 3717 3861 ὑποστάσεων,

2071 3863 2279 3952 Πατρὸς
2327 3861 2452 3952 Ϊὶοῦ
2519 3865 2607 3919 καὶ
2663 3865 2819 3941 ἁγίου
2878 3868 3216 3944 Πνεύματος,
3281 3875 3375 3946 μία
3413 3877 3584 3952 ἀρχὴ,
3623 3881 3720 3952 μία
3830 3919 3836 3927 .

2072 3950 2246 4028 φύσις,
2284 3951 2378 4024 μία
2434 3952 2646 4024 Θεότης,
2707 3954 2804 4026 μία
2864 3959 3071 4034 μορφὴ,
3137 3961 3234 4031 μία
3292 3950 3715 4022 οὐσίαηκαὶ

2069 4063 2248 4113 ναμις.

304 4155 358 4207 2.
395 4153 469 4208 De
499 4152 779 4208 vocabuli:
802 4149 1214 4230 quibusdamjn
1237 4152 1685 4230 garistianorum
1716 4151 1969 4220 dogmate
1996 4155 2024 4220 Ε

2076 4149 2139 4222 β’.
2200 4144 2329 4222 Περὶ
2393 4145 2672 4230 ὀνομάτῳν
2752 4153 2914 4230 τινῶν
2955 4147 3305 4230 λεγομένων
3364 4155 3416 4211 ἐν
3477 4164 3556 4230 τῷ
3610 4167 3717 4215 τῶν

883 4223 1149 4294 usurpari
1177 4221 1382 4278 solitis.

377 4311 646 4366 Essentia
679 4314 736 4364 et
775 4313 985 4365 natura
1040 4309 1098 4364 in
1150 4314 1355 4366 sancta
1383 4313 1439 4366 et
1471 4308 1960 4366 consubstantiali

303 4402 584 4459 Trinitate
607 4417 790 4456 unum
828 4399 1101 4470 idemque
1131 4399 1390 4468 denotat,
1414 4399 1586 4456 ambo
1615 4400 1770 4455 enim
1803 4420 1960 4458 com-

304 4492 508 4549 munia
547 4495 685 4546 sunt
733 4494 791 4545 et
839 4487 1213 4556 universalia,
1246 4491 1304 4544 et
1336 4489 1405 4544 de
1455 4488 1644 4544 tribus
1695 4493 1962 4562 personis

303 4583 604 4650 dicuntur,
637 4593 888 4651 quarum
920 4594 1036 4632 una
1079 4581 1284 4632 natura
1329 4582 1388 4632 et
1436 4595 1556 4633 una
1605 4578 1959 4652 substantia,

306 4687 425 4726 una
456 4670 665 4734 forma,
700 4684 818 4722 una
866 4666 1164 4736 divinitas,
1193 4683 1311 4722 una
1355 4667 1564 4739 gratia,
1597 4685 1708 4724 una
1742 4669 1962 4741 paritas

305 4764 364 4817 et
416 4757 742 4830 aequalitas,
793 4772 909 4811 una
967 4753 1174 4826 gloria,
1227 4771 1345 4810 una
1401 4756 1690 4812 confessio
1740 4761 1798 4813 et
1846 4776 1962 4815 una

307 4848 590 4920 potentia.

378 4934 722 5010 Hypostasis
761 4938 817 4989 et
865 4948 1116 5004 persona
1146 4931 1420 4988 similiter
1466 4949 1649 4988 unum
1699 4939 1756 4991 et
1802 4935 1958 4993 idem

305 5026 676 5099 significant;
711 5040 844 5078 nam
875 5023 955 5078 ita
978 5023 1165 5090 Pater,
1191 5039 1244 5076 v.
1269 5039 1346 5091 κη
1371 5022 1708 5094 hypostasis
1738 5031 1796 5080 et
1826 5042 1961 5098 per-

304 5131 450 5171 sona
498 5119 604 5178 est,
640 5113 973 5186 hypostasis
1004 5116 1058 5166 et
1101 5127 1349 5182 persona
1402 5111 1599 5180 Filius,
1627 5113 1959 5185 hypostasis

301 5206 358 5259 et
407 5217 652 5273 persona
685 5201 937 5272 Spiritus
989 5203 1251 5255 sanctus.
1286 5199 1559 5255 Gloriﬁca
1609 5201 1790 5274 igitur
1841 5210 1958 5260 tres

295 5307 585 5364 personas
643 5290 760 5344 sive
819 5289 1194 5361 hypostases,
1247 5306 1422 5345 unam
1488 5307 1620 5346 vero
1682 5298 1954 5349 naturam

301 5380 641 5437 earumdem
684 5383 860 5450 atque
901 5378 1239 5434 essentiam.
1272 5379 1465 5434 Sancti
1499 5380 1716 5453 quippe
1760 5382 1956 5438 Patres

299 5487 405 5544 pro
459 5486 576 5525 uno
624 5468 947 5539 eodemque
997 5473 1225 5537 ponunt
1278 5468 1558 5524 vocabula
1607 5472 1872 5527 essentiae
1898 5477 1956 5528 et

2583 4220 2916 4292 Χριστιανῶν
2950 4219 3201 4295 δόγματι.

2142 4306 2307 4361 Ούσία
2332 4306 2422 4361 καὶ
2454 4328 2610 4381 φυσις
2640 4307 2725 4362 ἐπὶ
2765 4316 2863 4378 τῆς
2908 4312 3066 4385 ἁγίας
3101 4314 3189 4367 καὶ
3223 4315 3528 4388 ὁμοοπσίου
3555 4328 3717 4395 Τριά-

2073 4396 2166 4459 δος
2195 4397 2256 4450 τὸ
2282 4395 2432 4465 αὐτὸ,
2473 4395 2752 4473 ἀμφότερα
2796 4399 2895 4472 γὰρ
2943 4402 3099 4456 κοινὰ
3154 4403 3245 4457 καὶ
3303 4407 3592 4480 ωθολικά,
3627 4413 3717 4466 καὶ

2069 4486 2204 4542 κατὰ
2230 4489 2395 4560 τριῶν
2427 4483 2769 4540 ὐποστάσεων
2823 4486 3110 4564 λεγόμενα.
3160 4493 3375 4548 Τούτων
3415 4498 3509 4568 μία
3535 4499 3715 4576 φύσις,

2069 4575 2158 4630 καὶ
2193 4573 2344 4629 οὐσία
2377 4573 2494 4646 μία,
2537 4575 2624 4628 καὶ
2685 4577 2783 4648 μία
2843 4575 3166 4648 ἐκτύπωσις,
3233 4582 3330 4652 μία
3374 4573 3584 4652 θεότης,
3620 4591 3718 4660 μία

2069 4665 2251 4739 χάρις,
2289 4662 2384 4736 μία
2413 4661 2611 4732 ἰσότης,
2666 4663 2762 4736 μία
2817 4661 2964 4734 δόξα,
3002 4667 3096 4741 μίά
3141 4667 3432 4748 ὁμολογία,
3481 4675 3570 4728 καὶ
3616 4677 3716 4748 μία

2071 4751 2321 4826 δύναμις.

2138 4930 2458 4993 ’Υπόστασις
2518 4929 2686 4985 πάλιν
2745 4932 2837 4985 καὶ
2896 4935 3187 5008 πρόσωπον
3242 4939 3305 4992 τὸ
3362 4939 3530 4996 αὐτό·
3599 4945 3710 4999 οἷον

2071 5019 2362 5081 ὑπόστασις
2421 5019 2509 5074 καὶ
2567 5019 2862 5095 πρόσωπον
2923 5023 2950 5076 ὁ
3010 5027 3218 5097 Πατὴρ,
3280 5028 3572 5093 ὑπόστασις
3623 5035 3713 5088 καὶ

2067 5112 2358 5188 πρόσωπον
2392 5109 2418 5163 ὁ
2451 5109 2594 5178 Υἱὸς,
2640 5109 2928 5172 ὑπόστασις
2961 5111 3048 5166 καὶ
3080 5135 3373 5189 προσωπον
3401 5119 3462 5173 τὸ
3497 5125 3713 5194 Πνεῦμα

2065 5203 2126 5257 τὸ
2188 5198 2360 5275 ἅγιον.
2397 5197 2593 5271 Δόξαζε
2626 5198 2716 5252 οὗν
2763 5199 2884 5272 τρία
2924 5201 3211 5274 πρόσωπα.
3246 5203 3370 5274 ἦτοι
3394 5215 3539 5283 τρεῖς
3573 5209 3711 5264 ὕπο-

2069 5290 2295 5358 στάσεις,
2351 5287 2474 5360 μίαν
2538 5284 2594 5341 δὲ
2650 5297 2806 5364 φύσιν
2850 5294 2958 5343 τῶν
3018 5289 3192 5346 αὐτῶν
3237 5295 3325 5348 καὶ
3383 5297 3594 5354 οὐσίαν,
3644 5301 3712 5356 Οἱ

2067 5382 2156 5435 οὖν
2215 5377 2361 5452 ἅγιοι
2419 5377 2654 5452 Πατὲρες
2708 5375 2794 5430 ἐπὶ
2849 5382 2944 5432 τοῦ
3010 5381 3181 5434 αὐτοῦ
3231 5383 3482 5440 τάττουσι
3517 5388 3579 5441 ύὸ
3610 5395 3711 5458 τῆς

2067 5470 2250 5531 οὐσίας
2280 5465 2370 5520 καὶ
2404 5464 2614 5542 φύσεως
2644 5465 2730 5519 καὶ
2792 5474 3010 5541 μορφῆς
3062 5466 3255 5543 ὄνομα.
3295 5473 3391 5528 Καὶ
3423 5473 3586 5529 πάλιν
3621 5477 3706 5532 ἐπὶ

1891 5598 2121 5654 NOT/E.

377 5695 450 5767 (1)
482 5690 830 5750 Hominibus
861 5694 1022 5762 puta,
1056 5695 1120 5746 ut
1150 5691 1326 5747 Marc.
1361 5708 1476 5761 xv1,
1512 5695 1577 5748 15
1605 5711 1618 5750 :
1652 5599 2024 5767 xnpagmlfeg

2076 5599 2121 5652 Ξ.

2076 5691 2380 5771 ἒύαγγὲλιον
2409 5691 2553 5764 πάσῃ
2584 5693 2652 5762 τῇ
2685 5690 2874 5745 κτίσει.
