4040 6146
336 332 461 394 689

337 559 685 629 χαρακτῆρα.
722 555 842 611 Μία
885 556 974 609 οὗν
1024 556 1236 627 θεότης,
1288 558 1385 629 μία
1443 557 1618 634 φύσις,
1656 556 1750 630 μία
1807 555 1987 627 οὐσία,

338 642 440 716 μία
474 645 682 722 μορφή.
716 644 814 698 Καὶ
847 644 1012 700 πάλιν
1062 646 1187 720 τρία
1236 646 1524 722 πρόσωπα,
1555 653 1699 724 τρεῖς
1760 646 1987 702 ὑποστά-

336 753 473 806 σεις,
532 732 623 788 καὶ
676 738 825 807 τρεῖς
883 742 1251 811 χαρακτῆρες,
1303 743 1448 812 τρεῖς
1508 734 1794 807 ἰδιότητες.
1837 736 1989 793 Ἐστι

332 818 390 876 δὲ
424 819 635 893 ἰδιότης
669 821 756 877 ἰπὶ
812 824 905 896 μὲν
955 827 1052 877 τοῦ
1107 824 1403 899 11ατρὸς,ἠ
1453 824 1764 901 ἀγεννησία,
1798 824 1885 879 ἀπὶ
1935 820 1992 880 δὲ

320 915 426 966 τοῦ
487 911 632 977 ficii,
665 913 699 981 ἡ
732 909 1002 986 γὶννητις,
1050 908 1137 966 ἐπὶ
1199 909 1256 967 δὲ
1296 916 1398 967 τοῦ
1447 910 1600 989 ἆγίου
1653 912 1988 986 Πνεὺματος»

328 1002 363 1069 ἡ
400 999 750 1076 ἐκπόρευσις.

831 1091 898 1164 γ’.
926 1089 1057 1165 Περὶ
1089 1087 1490 1146 ἰνυποστάτων.

408 1248 654 1326 Πρόσιχε
681 1254 761 1320 τῷ
795 1249 1026 1324 ὀνόματι
1057 1249 1258 1323 τούτῳ,
1293 1248 1533 1305 δὲσποτά
1593 1272 1719 1323 μου,
1743 1250 1991 1322 πολυσή-

344 1360 546 1411 μαντον
576 1340 681 1415 γάρ
730 1339 863 1407 ἐστι,
897 1341 959 1395 τὸ
1009 1338 1067 1396 δὶ
1115 1341 1320 1417 κυρίως
1368 1341 1499 1396 αὐτὸ
1558 1340 1989 1415 σημαινόμενον,

334 1424 773 1486 δυσκολώτατον.
810 1431 1034 1505 Λέγεται
1085 1429 1179 1484 οὗν
1223 1428 1574 1496 ἐνυπόστατα,
1624 1436 1771 1485 πᾶσα
1816 1429 1991 1505 ὕπαρ-

346 1516 427 1588 ξις
487 1514 595 1573 εἷ’τε
652 1521 939 1593 σωματικὴ
994 1517 1099 1574 εἶ’τε
1147 1520 1490 1592 ἀσωματική,
1522 1520 1641 1574 καθ’
1680 1520 1710 1575 ’ὁ
1760 1520 1994 1597 ὑφέστη-

333 1626 447 1671 κεν,
483 1606 622 1661 ὥστε
649 1609 784 1662 κατὰ
809 1611 999 1663 τοῦτον
1025 1608 1115 1662 τὸν
1150 1606 1314 1683 λόγον
1348 1605 1523 1670 εἷ’ποις
1573 1608 1860 1682 ἀνθρώπου
1903 1604 1995 1662 καὶ

340 1695 403 1749 τὸ
433 1700 637 1770 χρῶμα
675 1698 763 1751 καῖ
793 1698 893 1767 τήν
929 1696 1114 1752 οὐσίαν
1162 1692 1543 1767 ἐνυπόστατον,
1574 1696 1776 1773 κυρίως
1827 1694 1885 1752 δὲ
1931 1696 1994 1752 τὸ

1520 339 1622 400 DE
1666 339 2096 401 OMNIFARIA
2148 340 2570 402 DOCTHINA.

333 468 437 518 τοῦ
467 463 633 520 αὑτοῦ
680 466 743 520 τὸ
782 467 1074 540 πρόσωπον
1126 466 1216 522 καὶ
1265 469 1362 538 τὴν
1414 463 1697 523 ὑπόστασιν
1747 468 1836 523 καὶ
1892 469 1977 523 τὸν

2100 474 2321 526 naturae
2385 476 2443 527 et
2500 472 2699 527 formis
2751 489 2765 528 :

3630 344 3750 407 690

2826 490 2892 528 ac
2946 472 3205 529 vicissim
3266 474 3420 530 idem
3479 472 3595 530 illis
3660 479 3751 532 est

2099 576 2370 633 persona,
2430 560 2733 617 character
2760 566 2818 617 et
2861 561 3216 634 hypostasis.
3248 561 3377 618 Una
3422 562 3619 635 itaque
3664 557 3757 620 cst

2099 650 2399 721 Divinitas,
2455 669 2571 707 una
2631 658 2883 707 natura:
2922 669 3034 707 una
3079 651 3350 723 essentia,
3388 669 3505 708 una
3551 652 3759 708 forma.

2098 740 2213 795 Nec
2247 741 2444 796 minus
2471 746 2589 797 trcs
2621 745 2757 797 sunt
2780 758 3062 813 personae,
3083 746 3204 798 tres
3233 741 3599 815 hypostases,
3636 746 3757 797 tres

2098 829 2499 902 proprietates.
2532 830 2635 885 Est
2687 833 2883 886 autem
2917 829 3243 903 proprietas
3292 829 3483 888 Patris
3513 829 3751 903 quidem

2104 918 2260 989 quod
2302 917 2381 973 sit
2406 918 2724 991 ingenitus,
2759 918 2885 974 Filii
2919 920 3074 992 quid
3106 919 3340 993 genitus
3369 923 3460 977 est
3487 937 3521 977 a
3552 918 3743 985 Patre,

2097 1006 2358 1078 Spiritus
2393 1008 2577 1064 sancti
2608 1009 2765 1079 quod
2796 1008 3077 1081 procedit.

2099 1096 2151 1153 3.
2188 1097 2262 1151 De
2287 1094 2665 1169 enhypostati:
2710 1099 3275 1224 sive_quaelpersonae
3314 1099 3430 1155 sive
3473 1097 3762 1172 hypostasi

2829 1185 2994 1224 msun
3029 1210 3042 1224 .

2829 1185 3016 1224 meum
3029 1210 3042 1225 .

2177 1257 2450 1322 Attende,
2484 1257 2721 1313 domine
2752 1257 2854 1324 mi,
2887 1257 3025 1313 huic
3063 1257 3346 1313 vocabulo
3379 1254 3761 1311 ἔνυποστάτουο

2104 1344 2275 1416 plura
2299 1345 2453 1400 enim
2489 1345 2808 1418 significat,
2841 1350 2898 1401 et
2927 1346 3065 1418 quid
3102 1349 3333 1418 proprie
3364 1347 3619 1414 denotet,
3644 1340 3775 1402 non-

2105 1434 2248 1489 adeo
2281 1434 2443 1489 dictu
2478 1435 2648 1490 facile
2692 1438 2800 1490 est.
2834 1434 3122 1490 Dicuntur
3148 1433 3301 1490 enim
3353 1434 3549 1491 inesse
3577 1434 3760 1507 hypo-

2105 1522 2245 1577 stasi
2281 1539 2641 1594 quiscunque
2671 1540 2763 1579 res
2802 1524 2923 1579 sive
2954 1522 3288 1596 corporales
3318 1524 3438 1578 sive
3491 1524 3758 1595 incorpo-

2106 1613 2256 1667 rales
2288 1617 2556 1683 respectu
2582 1615 2709 1684 ejus
2741 1614 2796 1667 in
2824 1630 2938 1685 quo
2962 1618 3120 1683 sunt,
3146 1629 3261 1684 quo
3288 1629 3466 1669 sensu
3499 1612 3759 1668 hominis

2105 1706 2161 1755 et
2192 1700 2351 1757 color
2377 1706 2435 1756 et
2462 1703 2721 1758 essentia
2770 1702 2965 1758 inesse
3013 1701 3314 1774 hypostasi
3364 1701 3594 1768 dicitur,
3621 1718 3757 1774 pro-

339 1785 435 1856 μὶν
468 1789 674 1860 χρῶτια
704 1785 1182 1861 ἕτεροϋπόστατον.
1224 1785 1335 1842 Οὐκ
1381 1781 1495 1862 ἔχει
1544 1786 1644 1862 γὰρ
1695 1783 1837 1841 ἲδίαν
1886 1785 1977 1840 ὕπ-

412 1875 430 1891 ..
553 1870 711 1891 ,μη
831 1875 843 1891 ,
1021 1874 1047 1891 η
1099 1875 1110 1891 .
1366 1876 1429 1891 η.
1466 1872 1510 1891 η
1613 1874 1627 1891 ,
1681 1874 1692 1891 .
1896 1874 1907 1891 ,

2105 1788 2229 1860 prie
2270 1798 2461 1845 tamen
2513 1789 2671 1845 color
2699 1790 2773 1845 ab
2804 1790 2986 1846 altero
3036 1791 3210 1845 habet
3255 1791 3407 1861 quod
3456 1789 3751 1856 subsistit,

336 1875 509 1946 αρξιν,
543 1870 669 1929 ἀλλ’
694 1873 746 1928 ἐν
777 1875 989 1946 σώματι
1019 1874 1328 1952 ὕφὲστηκεν.
1366 1876 1430 1932 Ἣ
1463 1872 1520 1929 δὲ
1573 1874 1729 1930 οὐσία
1783 1874 1985 1951 κυρίως

326 1960 787 2026 ὑπόστασις,ἀλλ’
811 1964 909 2019 οὐκ
941 1963 1322 2026 ἐνυπόστατος.
1340 1961 1497 2020 Ἀλλ’
1526 1963 1679 2036 ὅμως
1705 1983 1987 2039 καταχρη-

328 2055 536 2114 στικῶς
579 2049 824 2126 λέγονται
868 2052 957 2108 καὶ
987 2057 1152 2107 ταῦτα
1185 2052 1535 2109 ἐνυπόστοτα.
1572 2051 1741 2107 Πάλιν
1775 2051 1985 2129 λέγεται

328 2139 692 2196 ἑνυπόστατον
726 2142 754 2196 ὁ
784 2143 904 2206 καθ’
934 2140 1071 2196 ὅλου
1116 2140 1424 2214 ἅνθρωπος,
1451 2142 1583 2217 ὅπερ
1629 2140 1985 2214 ὀνομάζουσιν

326 2230 379 2283 οἱ
413 2224 513 2299 ἔξω
547 2228 844 2306 φιλόσοφοι
878 2228 1258 2287 εἲδικώτατον.
1288 2230 1677 2294 Ἐνυπόστατος
1728 2227 1785 2285 δὲ
1831 2229 1987 2306 λὲγε-

306 2338 405 2373 ται
456 2319 484 2373 ὁ
542 2320 661 2373 καθ’
695 2316 830 2374 ὅλου
900 2316 1204 2395 ἅνθρωπος,
1252 2320 1325 2382 ὡς
1381 2319 1432 2373 ἐν
1491 2325 1610 2383 ταῖς
1667 2320 1984 2374 ὑποστάσεσι

317 2406 736 2482 θεωρούμενος,
771 2411 910 2475 οἷον,
945 2408 996 2461 ἐν
1040 2407 1121 2481 τῷ
1170 2407 1357 2483 Πέτρῳ
1403 2408 1493 2463 καὶ
1523 2413 1601 2480 τῷ
1643 2407 1847 2481 Παύλῳ
1896 2422 1985 2475 καὶ

314 2500 441 2549 τοῖς
473 2493 698 2556 λοιποῖς
731 2501 979 2572 μερικοῖς
1011 2496 1340 2573 ἀνθρώποις.
1370 2495 1501 2571 Τρία
1534 2494 1625 2550 οὖν
1670 2501 1834 2550 ταῦτα
1885 2502 1984 2551 τοῦ

316 2583 689 2640 ἐνυποστάτου
721 2584 992 2661 λεγόμενα
1021 2585 1397 2659 σημαινόμενα
1434 2586 1500 2639 οὐ
1543 2584 1682 2640 πάνυ
1741 2582 1983 2639 δύσκολα

324 2672 406 2735 εἷς
435 2672 765 2746 κατάληψιν.
799 2674 928 2750 Περὶ
971 2678 1068 2728 τοῦ
1115 2675 1377 2750 τετάρτου
1420 2677 1518 2729 τοῦ
1566 2670 1981 2750 δυσκολωτὲρου

321 2759 515 2840 ἐφεξῆς
546 2761 775 2836 ἰροῦμεν
787 2807 799 2819 .
890 2749 908 2812 .-

824 2940 886 2998 δ’.
921 2940 1052 3016 Περὶ
1084 2940 1474 2998 ἑνυποστάτου.

407 3030 798 3088 Ἐνυπόστατόν
853 3030 963 3086 ἔστι
1019 3031 1081 3086 τὸ
1138 3027 1296 3103 ἄλλῳ
1353 3028 1597 3106 διαφόρῳ
1665 3028 1801 3084 κατᾶ
1876 3030 1973 3099 τήν

2100 1895 2212 1932 non
2264 1877 2419 1933 enim
2472 1880 2688 1951 gaudet
2733 1878 2859 1952 ipse
2908 1879 3294 1935 subsistentia
3349 1878 3606 1951 propria,
3646 1879 3747 1933 sed

2097 1966 2370 2023 subsistit
2398 1967 2456 2022 in
2486 1984 2724 2041 corpore
2756 1985 2768 2022 :
2794 1968 3053 2023 essentia
3074 1983 3207 2023 vero
3238 1966 3471 2040 proprie
3498 1966 3628 2039 ipsa
3658 1972 3750 2022 est

2096 2055 2450 2128 bypostasis,
2483 2072 2598 2111 non
2648 2073 2782 2112 vero
2828 2056 2983 2112 inest
3027 2056 3349 2129 hypostasi.
3378 2058 3645 2111 Attamen
3681 2060 3742 2111 et

2096 2143 2217 2199 haec
2250 2145 2710 2201 subsistentibus
2740 2145 2934 2201 inesse
2963 2146 3257 2201 dicuntur.
3290 2144 3564 2202 Vicissim
3596 2144 3742 2201 dici-

2094 2236 2193 2286 tur
2236 2234 2409 2287 etiam
2470 2234 2663 2289 inesse
2719 2234 3181 2289 subsistentibus
3237 2233 3414 2289 homo
3471 2232 3744 2289 universe

2095 2321 2519 2385 consideratus,
2590 2339 2762 2392 quem
2824 2323 3153 2394 philosophi
3208 2321 3431 2377 externi
3486 2322 3741 2395 speciem

2094 2410 2580 2481 specialissimam
2615 2412 2892 2465 vocitant.
2919 2411 3114 2466 Inesse
3141 2414 3334 2465 autem
3368 2409 3744 2466 subsistenti-

2093 2498 2205 2553 bus
2236 2500 2358 2553 sive
2397 2498 2717 2553 individuis
2750 2498 2983 2565 dicitur,
3017 2500 3167 2568 quod
3217 2498 3275 2553 in
3321 2498 3441 2553 illis
3468 2500 3741 2554 observa-

2092 2594 2204 2652 tur,
2238 2604 2292 2641 v.
2324 2605 2359 2656 g
2410 2587 2468 2641 in
2503 2587 2689 2654 Petro,
2721 2586 2900 2642 Paulo
2931 2591 2989 2642 et
3019 2587 3150 2642 aliis
3200 2586 3452 2657 singulis
3480 2586 3739 2642 homini-

2089 2675 2219 2730 bus.
2249 2676 2385 2731 Tria
2417 2675 2536 2731 haec
2567 2674 2894 2747 significata
2925 2677 3021 2729 τοῦ
3050 2672 3412 2729 ἐνυποστάτου
3445 2691 3558 2731 non
3594 2675 3738 2731 adeo

2088 2762 2353 2819 difﬁcilia
2394 2763 2823 2835 comprehensa
2857 2768 3015 2832 sunt,
3048 2765 3120 2820 de
3151 2768 3362 2837 quarto
3409 2762 3737 2820 difficiliore

2079 2852 2204 2923 jam
2236 2868 2367 2907 sum
2401 2851 2689 2907 dicturus.

2230 2941 2281 2995 4.
2315 2941 2387 2995 De
2431 2941 2819 3013 Enhypostato,
2851 2941 2968 2997 sive
3000 2942 3376 3012 personaliter
3403 2942 3590 2997 unico.

2157 3029 2625 3101 Enhypostatum
2655 3028 2800 3084 illud
2823 3029 2944 3085 sive
2964 3029 3349 3101 personaliter
3366 3029 3600 3086 unitum
3623 3033 3732 3099 est,

325 3118 511 3175 οὐσίαν
544 3120 619 3184 sic;
650 3121 765 3184 ἑνὸς
812 3121 1061 3176 σῦστασιδ
1107 3120 1405 3196 προσώπου
1446 3118 1534 3173 καὶ
1590 3123 1715 3190 μιᾶς
1767 3118 1974 3193 γένεσιν

2092 3118 2238 3188 quod
2274 3122 2496 3173 naturas
2528 3117 2695 3173 alteri
2734 3118 2991 3175 essentia
3022 3118 3310 3174 diﬁerenti
3357 3118 3418 3173 in
3468 3132 3735 3190 personas

327 3210 672 3272 ὑποστασεως
749 3211 1097 3285 συγκείμενον
1176 3209 1265 3264 καὶ
1346 3208 1828 3285 συνυφιστάμενον,
1892 3208 1967 3279 μὴ

2092 3206 2180 3260 uni
2192 3223 2259 3261 us
2286 3207 2404 3261 sive
2436 3205 2819 3278 hypostaseos
2850 3206 3328 3261 constitutionem
3353 3211 3413 3262 et
3440 3206 3731 3277 composi-

322 3297 574 3375 μέντοιγε
644 3298 735 3353 καὶ
810 3298 930 3361 καθ’
988 3298 1145 3352 ἑαυτὸ
1218 3295 1644 3373 γνωριζόμενον.
1704 3294 1966 3371 Πρόσεχε,

315 3384 555 3441 δὲσποτά
599 3407 725 3459 μου,
757 3391 839 3459 τῷ
889 3388 1104 3463 ὁρισμῷ
1154 3390 1251 3441 τοῦ
1310 3385 1691 3447 ἐνυποστάτου,
1726 3385 1787 3440 Ἥ
1847 3384 1969 3459 ἁγία

310 3473 583 3543 καθολική
633 3475 929 3543 Ἐκκλησία
990 3475 1078 3529 ἰπὶ
1125 3480 1227 3543 τῆς
1285 3473 1603 3545 οἰκονομίας
1655 3472 1778 3545 μίαν
1836 3472 1968 3527 ὑπό-

313 3585 502 3618 στασιν
555 3561 868 3638 δογματίζει
924 3565 1015 3618 καὶ
1074 3560 1169 3617 δύο
1238 3562 1442 3637 φύσεις.
1492 3563 1808 3617 Ὑπόστασιν
1874 3563 1965 3617 τὸν

314 3648 665 3729 σερκωθέντα
720 3653 865 3718 Υἱὸν,
908 3652 1091 3726 φύσεις
1134 3649 1193 3706 δὲ
1255 3652 1485 3719 θεότητα
1534 3650 1624 3705 καὶ
1685 3651 1967 3724 ἀνθρωπό-

311 3762 477 3809 τητα.
510 3742 579 3795 Τὸ
612 3738 703 3795 οὖν
738 3744 897 3813 σῶμα
923 3741 984 3795 τὸ
1030 3738 1280 3815 ἔμψυχον
1337 3739 1428 3794 καὶ
1478 3733 1681 3807 ἔννουν,
1712 3740 1741 3792 ὃ
1798 3758 1965 3813 προσ-

317 3824 548 3884 ελάϐετο
608 3829 635 3883 ὁ
695 3827 889 3903 Κύριος
947 3831 1110 3901 ἡμῶν
1148 3831 1358 3898 Ἰησοῦς
1408 3828 1658 3901 Χριστὸς,
1692 3826 1754 3883 οὗ
1810 3825 1972 3883 καλεῖ

319 3918 640 3986 ὑπόστασιν,
684 3916 775 3972 ’ἕνα
829 3919 904 3990 μὴ
956 3918 1147 3994 εὑρεθῇ
1197 3916 1425 3993 λέγουσα
1471 3915 1567 3972 δύο
1628 3919 1967 3989 ὑποστάσεις,

318 4008 456 4082 ὅπερ
504 4005 761 4083 ἐφλυάρει
808 4006 1105 4082 Νοστόριας
1148 4008 1175 4061 ὅ
1224 4006 1516 4082 αἱρετικός,
1550 4005 1677 4062 ἀλλ’
1713 4006 1967 4079 ὀνομάζει

317 4093 704 4164 ἐνυπόστατον,
740 4095 814 4157 ὡς
842 4096 894 4149 ἒν
944 4099 1012 4169 τῇ
1056 4099 1153 4150 τοῦ
1200 4096 1330 4149 Υῖοῦ
1381 4093 1666 4149 ὑποστάσει
1720 4095 1784 4150 τὸ
1835 4095 1967 4149 εἶναι

315 4183 410 4239 καὶ
441 4184 504 4239 τὸ
537 4184 831 4253 ὑποστῆναι
864 4178 1033 4238 λαϐὸν
1064 4183 1153 4237 καὶ
1191 4181 1318 4256 μηδ’
1350 4183 1423 4245 ὡς
1474 4183 1525 4238 ἐν
1758 4182 1969 4261 ὀφθαλ-

321 4277 432 4347 μοῦ
463 4273 832 4347 προϋποστάν.
869 4272 1040 4335 Αὐτὸς
1070 4272 1171 4348 γάρ
1205 4273 1233 4326 ὁ
1272 4272 1503 4347 Χριστὸς
1552 4271 1650 4345 μία
1702 4269 1775 4325 ὢν
1836 4272 1967 4327 ὑπό-

316 4381 528 4434 στασις,
589 4358 803 4435 μᾶλλον
863 4357 940 4429 δὲ,
982 4358 1075 4415 ’ίνα
1132 4360 1450 4438 σαφέστερον
1510 4359 1667 4429 ι”πω,
1727 4359 1886 4423 αὐτὸς
1938 4362 1967 4416 ὁ

316 4450 444 4511 Υἱὸς
470 4453 567 4504 τοῦ
601 4453 734 4504 Θεοῦ
767 4447 864 4522 μία
895 4446 968 4503 ὢν
1003 4447 1291 4511 ὑπόστασις
1337 4455 1439 4517 τῆς
1496 4449 1655 4524 ἁγίας
1706 4445 1965 4525 Τριάδος,

2078 3294 2297 3350 tionem
2350 3294 2612 3349 additum
2665 3298 2756 3349 est
2786 3298 2843 3348 et
2880 3293 3169 3365 coexistit,
3202 3309 3309 3349 nec
3358 3309 3460 3364 per
3508 3310 3570 3349 se
3613 3293 3734 3349 sive

2079 3382 2324 3438 seorsim
2377 3382 2700 3437 subsistere
2751 3382 3146 3452 cognoscitur.
3196 3381 3465 3450 Attende,
3496 3382 3732 3437 domine

2077 3472 2177 3537 mi,
2212 3470 2538 3525 deﬁnitioni
2573 3470 2966 3543 enhypostati.
2992 3474 3207 3526 Sancta
3237 3469 3493 3525 Ecclesia
3523 3469 3728 3524 catho-

2075 3559 2190 3615 lica
2214 3560 2269 3614 in
2296 3560 2700 3614 incarnatione
2723 3558 2939 3614 Christi
2970 3576 3150 3615 unam
3174 3575 3484 3632 personam
3506 3562 3562 3615 et
3582 3559 3731 3614 duas

2078 3653 2320 3703 naturas
2350 3648 2538 3704 docet.
2582 3651 2920 3717 Personam,
2957 3647 3167 3704 Filium
3198 3651 3591 3713 incarnatum,
3624 3664 3730 3703 na-

2075 3741 2243 3793 turas
2292 3753 2450 3801 vero,
2494 3736 2858 3792 divinitatem
2914 3741 2971 3792 et
3018 3736 3472 3793 humanitatem.
3507 3736 3730 3809 Corpus

2077 3826 2261 3897 igitur
2290 3826 2487 3881 anima
2536 3829 2593 3880 et
2638 3829 2833 3880 mente
2880 3825 3188 3897 praeditum
3240 3826 3396 3897 quod
3446 3826 3728 3882 Dominus

2078 3920 2279 3971 noster
2306 3914 2479 3970 Jesus
2508 3914 2777 3970 Christus
2808 3914 3153 3986 assumpsit,
3182 3930 3296 3969 non
3327 3919 3494 3969 vocat
3524 3931 3728 3986 perso-

2078 3994 2237 4069 nant,
2262 4020 2333 4059 ne
2359 4002 2696 4058 inveniatur
2718 4003 2868 4058 duas
2899 4019 3110 4075 ponere
3137 4019 3438 4075 personas,
3460 4010 3523 4059 ut
3545 4002 3727 4061 hare-

2075 4094 2234 4149 ticus
2272 4092 2574 4148 Nestorius
2610 4096 2867 4163 nugatus
2898 4096 3010 4161 est,
3034 4093 3134 4148 sed
3166 4098 3331 4148 vocat
3371 4092 3729 4165 enbyposta-

2076 4186 2226 4251 tum,
2251 4181 2370 4237 sive
2397 4181 2630 4235 unitum
2663 4180 2956 4253 personati
2979 4180 3224 4247 ratione,
3253 4185 3456 4254 utpote
3481 4183 3635 4253 quod
3666 4182 3727 4238 in

2077 4270 2203 4326 Filii
2237 4286 2488 4342 persona
2529 4274 2586 4325 et
2627 4274 2692 4325 ut
2720 4270 2817 4339 sit,
2848 4274 2906 4325 et
2935 4275 2999 4325 ut
3029 4269 3318 4326 subsistat
3346 4272 3587 4344 accepit,
3623 4287 3729 4328 nec

2078 4376 2182 4431 per
2211 4363 2574 4415 momentum
2609 4361 2778 4414 antea
2810 4358 3096 4413 substitit.
3125 4358 3252 4414 Sive
3281 4360 3483 4431 potius
3506 4364 3571 4415 ut
3599 4376 3728 4431 per-

2077 4447 2280 4520 spicue
2310 4446 2500 4519 magis
2522 4447 2736 4513 dicam,
2764 4445 2947 4503 Filius
2976 4446 3104 4519 ipse
3133 4447 3234 4503 Dei
3260 4464 3393 4504 cum
3425 4452 3582 4505 esset
3610 4465 3729 4504 una

317 4539 515 4613 γὲγονε
572 4537 662 4593 καὶ
709 4542 791 4611 τῷ
850 4536 1086 4611 σώματι,
1126 4538 1172 4610 ᾧ
1224 4532 1617 4607 προσελάϐετο,
1655 4536 1966 4606 ὑπόστασις,

2092 4552 2146 4592 3x
2176 4535 2443 4607 personis
2492 4534 2882 4591 sanctissima:
2927 4535 3254 4604 Trinitatis,
3286 4536 3462 4599 etiam
3513 4553 3727 4610 corpus

320 4626 461 4682 ὥστε
515 4627 577 4681 τὸ
634 4630 795 4701 σῶμα
850 4631 946 4681 τοῦ
1012 4627 1212 4703 Κυρίου
1266 4625 1623 4682 ὲνυπόστατον
1683 4627 1801 4701 μὲν,
1861 4625 1969 4701 οὐχ

321 4716 613 4781 ὑπόστασις
643 4713 719 4771 δέ.

854 4896 911 4953 ε’.
945 4894 1074 4970 Περὶ
1109 4893 1426 4969 ὁμοουσίου.

388 4982 694 5057 Ὀμοοόσια
742 4980 955 5059 λέγεται
1004 4982 1105 5039 ὅσα
1162 4989 1282 5048 ταῖς
1349 4985 1442 5056 μὲν
1514 4980 1832 5037 ὑποστάσεσι
1886 4979 1967 5037 δι-

321 5073 559 5149 ῄρηνται
589 5072 681 5127 ἀπ’
712 5070 1001 5144 ἀλλήλων,
1031 5076 1099 5147 τῇ
1132 5070 1189 5128 δὶ
1229 5072 1385 5145 οὐσίᾳ
1421 5071 1677 5141 ἥνωνται.
1707 5072 1837 5128 Οἴον
1864 5070 1969 5147 ἐγὼ

318 5161 409 5217 καὶ
443 5160 503 5215 σὺ
537 5161 626 5216 καὶ
656 5163 852 5223 πάντες
895 5162 946 5215 οἳ
996 5160 1129 5216 κατᾶ
1180 5160 1344 5237 μέρος
1402 5158 1701 5236 ἄνθρωποι,
1738 5161 1970 5215 ὑποστά-

321 5272 430 5313 σεις
461 5250 620 5323 ἐσμὲν
650 5247 979 5326 ἓιῃρημὲναι
1010 5249 1103 5304 ἀπ’
1135 5248 1423 5320 ἀλλήλων,
1462 5250 1564 5304 ὑπὸ
1596 5245 1652 5304 δὲ
1700 5248 1826 5322 μίαν
1880 5250 1970 5303 οὖ-

323 5340 437 5394 σίαν
471 5339 794 5416 ἀναγόμενοι
843 5339 979 5395 κατᾶ
1005 5339 1097 5394 τὸν
1128 5340 1310 5394 κοινὸν
1343 5336 1505 5414 λόγον
1537 5346 1636 5409 τῆς
1683 5339 1968 5417 ἀνθρωπό-

321 5449 510 5499 τητος·
543 5428 681 5483 κατᾶ
705 5432 837 5503 γοῦν
866 5428 957 5483 τὸν
994 5426 1154 5504 λόγον
1197 5426 1389 5484 τοῦτόν
1447 5428 1602 5503 ἐσμεν
1660 5428 1970 5503 ὁμοούσιοι.

324 5521 370 5575 Ο
400 5517 591 5591 Ηατήρ
623 5514 715 5571 οὖν
746 5515 838 5572 καὶ
871 5517 899 5571 ὁ
928 5516 1053 5579 Υἱὸς
1108 5517 1198 5573 καὶ
1244 5517 1309 5573 τὸ
1366 5518 1516 5594 ἅγιον
1572 5519 1813 5592 Πνεῦμα,
1838 5519 1975 5573 κατὰ

330 5606 428 5681 μὶν
458 5604 554 5668 τὰς
586 5605 904 5667 ὑποστάσεις
962 5601 1271 5680 διῄρηνται*
1305 5602 1479 5669 ἄλλος
1525 5607 1627 5683 γὰρ
1685 5607 1715 5662 ὁ
1760 5607 1971 5681 Πατὴρ,

680 5694 709 5750 ὁ
761 5693 907 5768 Υἱὸς,
937 5692 1028 5750 καὶ
1089 5690 1262 5758 ἄλλος
1302 5694 1368 5751 τὸ
1408 5698 1630 5769 Πνεῦμα
1681 5695 1746 5751 τὸ
1802 5695 1970 5769 ἅγιον·

2077 4625 2232 4695 quod
2283 4624 2606 4696 assumpsit
2651 4623 2710 4679 in
2765 4641 3075 4696 personam
3133 4641 3303 4681 suam
3358 4625 3640 4697 suscepit,
3663 4631 3730 4683 ut

2077 4730 2290 4786 corpus
2319 4712 2551 4769 Domini
2596 4730 2861 4786 personas
2891 4714 3129 4786 quidem
3180 4714 3413 4771 unitum
3460 4718 3634 4785 esset,
3667 4719 3728 4772 at

2075 4817 2327 4875 persona
2356 4819 2473 4858 non
2505 4807 2680 4859 esset.

2557 4896 2628 4970 5.⁴
2653 4900 2732 4951 De
2758 4896 3237 4953 consubstantiali.

2148 4984 2688 5042 Consuhstantialia
2710 4985 3005 5054 dicuntur,
3020 5001 3385 5057 quaecunque
3406 4985 3726 5043 subsisten-

2077 5074 2219 5131 tiam
2254 5074 2491 5146 quidem
2533 5074 2750 5130 habent
2794 5078 3145 5145 separatam,
3181 5074 3567 5131 subsistentia
3594 5092 3727 5133 vero

2079 5162 2377 5218 communi
2416 5163 2767 5233 junguntur.
2801 5163 2894 5218 Sic
2933 5178 3036 5231 ego
3067 5168 3122 5218 et
3153 5168 3213 5217 tu
3266 5167 3323 5218 et
3374 5163 3590 5237 singuli
3624 5173 3728 5223 h0-

2078 5251 2292 5320 mines,
2326 5268 2588 5323 persona;
2621 5251 2866 5306 invicem
2898 5251 3190 5307 distinctae
3223 5269 3451 5322 sumus,
3487 5255 3585 5310 sed
3618 5256 3731 5310 sub

2080 5357 2199 5396 una
2245 5340 2579 5395 substantia
2609 5344 2664 5394 et
2701 5339 3002 5394 communi
3057 5340 3444 5398 humanitatis
3494 5342 3731 5401 notione

2081 5428 2664 5501 comprehendimur;
2699 5444 2884 5498 eoque
2921 5434 3188 5501 respectu
3235 5446 3444 5487 sumus
3473 5434 3731 5489 consub-

2081 5516 2409 5575 stantiales.
2432 5517 2719 5574 Eumdem
2749 5516 2810 5573 in
2834 5519 3073 5573 modum
3106 5518 3294 5587 Pater,
3321 5518 3502 5577 Filius
3521 5525 3579 5577 et
3599 5523 3731 5595 Spi-

2080 5608 2233 5664 ritus
2263 5610 2505 5664 sanctus
2535 5605 2802 5679 personis
2825 5604 3061 5679 quidem
3093 5607 3353 5664 distincti
3383 5598 3544 5677 sunt,
3576 5610 3729 5667 alius

2083 5694 2240 5753 enim
2268 5700 2359 5754 est
2384 5695 2577 5766 Pater,
2608 5695 2759 5754 alius
2802 5695 3007 5767 Filius,
3037 5701 3095 5755 et
3124 5695 3279 5754 alius
3305 5695 3558 5769 Spiritus
3584 5714 3727 5756 san-
