4046 6144
326 327 443 388 693

332 568 489 621 μασιν
525 544 891 612 ὑποστατικῆν
924 540 1189 618 διαφορὰν
1218 534 1464 615 ἔχουσιν.

535 816 597 868 0'.
634 811 763 888 Περὶ
798 816 1060 886 σχετικῆς
1091 808 1334 871 ἑνώσεως
1374 807 1459 862 καὶ
1495 803 1776 882 διαφορᾶς.

401 904 644 979 Σχετική
675 899 866 963 ἓνωσίς
898 899 1007 954 ἐστι
1041 898 1234 974 φιλικὴ
1281 894 1537 967 διάθεσις,
1565 897 1599 965 ἢ
1657 891 1982 966 θελημσὶτων

331 993 669 1065 ὁμονοητική
703 990 950 1063 ὁμόνοια.
989 990 1055 1046 Οἱ
1085 992 1212 1063 γοῦν
1261 986 1442 1065 φιλίαν
1503 985 1641 1060 πρὸς
1696 980 1982 1051 ἀλλήλους

330 1081 574 1158 ἔχοντες,
618 1080 754 1135 κατά
805 1080 867 1134 τὸ
925 1076 1065 1141 εἶδος
1123 1084 1225 1146 τῆς
1284 1075 1467 1153 φιλίας
1528 1073 1776 1147 λέγονται
1832 1067 1977 1146 ἔχειν

331 1172 592 1246 σχετικὴν
615 1166 830 1225 ἕνωσιν.
865 1169 919 1222 '0
950 1171 1076 1243 γοῦν
1110 1164 1376 1237 θεήλατος
1423 1162 1713 1237 Νεστόριος
1763 1162 1791 1215 6
1839 1161 1978 1235 uipe-

329 1260 481 1322 τικὸς
534 1268 609 1332 μὴ
672 1257 975 1333 δεχόμενος
1022 1258 1084 1311 τὸ
1139 1253 1590 1324 ἐκκλησιαστικὸν
1642 1248 1838 1327 δόγμα,
1895 1248 1977 1304 ὅτι

329 1349 487 1411 αὐτὸς
544 1350 571 1403 6
615 1348 743 1410 Θεὸς
787 1346 996 1423 ἐγένετο
1046 1347 1327 1420 ἅνθρωπος
1358 1344 1442 1398 καὶ
1494 1342 1681 1411 ἡνώθη
1713 1338 1781 1413 τῇ
1840 1340 1978 1410 ἡμε-

326 1436 455 1509 τέρᾳ
517 1434 696 1513 φύσει,
756 1435 854 1503 τὴν
937 1435 1031 1507 μὶν
1113 1434 1232 1496 καθ’
1295 1431 1580 1487 ὑπόστασιν
1661 1429 1976 1502 ἀπηρνεῖτο,

328 1524 581 1602 ἐφλυάρει
638 1523 696 1579 δὲ
754 1522 837 1578 ὅτι
896 1525 930 1591 ἡ
989 1522 1114 1597 ἁγία
1162 1521 1348 1596 Μαρία
1378 1518 1659 1594 ἐγέννησεν
1692 1514 1976 1591 ἄνθρωπον

328 1612 513 1688 ψιλὸν,
552 1614 688 1687 πρὸς
717 1613 774 1668 ὃν
819 1614 960 1687 εἶχεν
995 1613 1022 1666 6
1054 1612 1182 1673 Θεὸς
1216 1610 1266 1680 ἐξ
1311 1609 1483 1679 αὐτῆς
1530 1614 1632 1677 τῆς
1679 1607 1980 1682 γεννήσεως

331 1702 556 1781 φιλικὴν
630 1701 886 1769 διάθεσιν,
928 1702 1016 1756 καὶ
1095 1698 1377 1774 ὡμολόγει
1443 1699 1536 1773 μὶν
1602 1691 1815 1764 ἕνωσιν,
1872 1693 1981 1768 οὐχ

333 1794 697 1861 ὑποστατικὴν
733 1789 808 1864 δὲ,
838 1790 985 1850 ἀλλά
1015 1790 1298 1864 σχετικὴν,
1331 1787 1449 1844 ὅθεν
1484 1787 1545 1843 οὐ
1581 1787 1705 1861 μίαν
1741 1784 1977 1840 ὑπόστα-

331 1904 410 1937 σιν
471 1883 499 1937 ὁ
561 1879 800 1942 δείλαιος
856 1877 1231 1955 ἐδογμάτιζεν,
1266 1875 1412 1933 ἀλλά
1470 1875 1589 1947 δύο,
1644 1873 1979 1951 διῃρημένοις

337 1972 427 2044 μὲν
460 1969 732 2041 ἀλλήλων
765 1969 852 2024 καὶ
882 1969 1017 2023 κατά
1039 1969 1136 2036 τὴν
1170 1966 1351 2021 οὐσίαν
1394 1965 1484 2021 καὶ
1526 1965 1661 2021 κατά
1699 1966 1798 2034 τὴν
1849 1962 1980 2020 ὑπό-

335 2081 543 2129 στασιν,
574 2057 863 2130 ἡνωμένας
897 2055 954 2112 δὲ
983 2054 1261 2127 ἀλλήλαις
1314 2055 1451 2111 κατά
1492 2053 1703 2133 φιλίαν,
1729 2052 1765 2122 ἢ
1819 2057 1984 2108 ταῦτα

339 2146 588 2225 βουλίαν,
623 2146 657 2216 ἢ
696 2147 982 2221 γνωμικήν
1016 2142 1274 2214 διάθεσιν,
1307 2142 1343 2212 ἢ
1376 2144 1477 2198 ὅσα
1503 2146 1728 2198 τοιαῦτα
1769 2140 1984 2216 ἐληρώ-

330 2235 407 2293 δει
446 2237 681 2298 ἐκεῖνος.

749 2326 799 2381 ι’.
829 2324 959 2399 Περὶ
990 2330 1088 2393 τῆς
1120 2322 1277 2397 ἁγίας
1317 2318 1570 2398 Τριάδος.

400 2419 463 2471 Ἠ
498 2415 627 2490 ἁγία
682 2413 773 2469 καὶ
820 2413 1091 2481 καθολική
1125 2410 1433 2480 Ἐκκλησία
1481 2410 1573 2465 τὸν
1636 2410 1849 2484 Πατέρα
1907 2407 1992 2464 δο-

331 2506 582 2580 γματίζει
638 2503 953 2578 ἀγέννητον,
1000 2503 1091 2557 τὸν
1154 2500 1211 2556 δὲ
1279 2500 1402 2555 Υἰὸν
1466 2500 1726 2575 γεννητὸν
1785 2498 1844 2553 ἐκ
1893 2502 1991 2553 τοῦ

340 2595 567 2670 Πατρὸς,
627 2594 718 2649 καὶ
773 2593 836 2648 τὸ
894 2595 1116 2664 Πνεῦμα
1172 2590 1494 2664 ἐκπορευτὸν
1546 2588 1606 2643 ἐκ
1664 2589 1840 2661 μόνου
1899 2592 1995 2642 τοῦ

342 2684 570 2760 Πατρὸς,
605 2680 732 2737 ἀλλ’
765 2681 896 2757 οὐχὶ
925 2680 1016 2735 καὶ
1049 2678 1109 2735 ἐκ
1143 2684 1241 2734 τοῦ
1271 2680 1421 2735 Υἱοῦ.
1452 2678 1741 2751 Ὀνομάζει
1794 2674 1851 2731 δὲ
1898 2677 1992 2736 τὸν

337 2775 454 2828 ι’ἱὸν
513 2771 692 2847 Λόγον
762 2776 860 2826 τοῦ
935 2769 1145 2845 Πατρὸς
1201 2766 1289 2823 καί
1364 2766 1717 2843 ἀπαύγασμα,
1772 2763 1862 2821 διὰ
1934 2767 1996 2821 τὸ

336 2861 460 2917 ἄνευ
510 2858 854 2932 συνδυασμοῦ
911 2859 1157 2926 ἀπαθῶς,
1211 2855 1480 2932 ἂγρόνως,
1527 2841 1877 2930 ἀρῥεόστως,
1906 2841 1997 2932 καξ

341 2949 666 3024 ἀχωρίστως
707 2915 1055 3024 γεγεννῆσθαι
1207 2915 1304 3000 τόῦ
1356 2915 1591 3018 Πατρόςί
1617 2915 1742 2998 Ῠὶὸν
1806 2915 1876 2998 δέ
1910 2915 1999 2998 καὶ

342 3046 662 3114 χαρακτῆρα
714 3044 816 3106 τῆς
873 3042 1141 3112 πατρικῆς
1188 3036 1557 3102 ὑποστάσεως,
1590 3031 1679 3089 διὰ
1736 3034 1798 3087 τὸ
1828 3032 2000 3092 τέλει,

349 3148 407 3181 ον
439 3128 527 3181 καὶ
557 3126 911 3183 ἐνυπόστατον
943 3123 1035 3180 καὶ
1065 3125 1203 3179 κατά
1234 3122 1406 3177 πάντα
1450 3121 1642 3195 ὅμοιον
1692 3127 1771 3194 τῷ
1829 3119 1997 3196 Πατρί

336 3216 466 3271 εἶναι
500 3214 645 3285 πλήν
693 3218 792 3283 τῆς
847 3214 1183 3291 ἀγεννησίας.
1220 3215 1493 3286 Μονογενῆ
1555 3209 1631 3279 δὲ,
1683 3210 1765 3266 ὅτι
1830 3212 1996 3283 μόνος

342 3306 401 3360 ἐκ
449 3310 549 3359 τοῦ
582 3305 789 3380 Πατρὸς
819 3303 1106 3379 ἐγεννήθη.
1144 3302 1205 3356 Εἰ
1254 3302 1353 3375 γὰρ
1411 3300 1500 3355 καὶ
1553 3300 1615 3354 τὸ
1676 3304 1892 3372 Πνεῦμα
1938 3300 2000 3354 16

345 3396 498 3469 ἅγιον
532 3394 593 3449 ἐκ
626 3395 796 3468 μόνου
826 3398 923 3448 τοῦ
962 3393 1168 3468 Πατρὸς
1215 3391 1586 3466 ἐκπορεύεται,
1617 3388 1743 3446 ἀλλ’
1777 3388 1839 3443 οὐ
1888 3410 2004 3464 γεν-

343 3489 551 3554 νητῶς,
586 3483 645 3539 ἀ)
660 3483 712 3539 λ’
735 3484 1093 3559 ἐκπορευτῶς.
1120 3481 1336 3543 ’Ἄλλος
1371 3479 1428 3536 δὲ
1473 3481 1676 3554 τρόπος
1728 3479 2005 3554 ὑπάρξεως

351 3573 539 3634 οὗτος.
573 3573 634 3627 Ἠ
666 3570 728 3628 ὂὶ
750 3574 998 3647 γέννησις
1028 3571 1120 3626 καὶ
1159 3573 1192 3639 ἡ
1228 3568 1567 3646 ἐκπόρευσις,
1600 3568 1673 3631 ὡς
1727 3566 1784 3623 δὲ
1828 3567 1917 3622 καὶ

333 3660 623 3735 ἀγεννησία
652 3660 714 3715 οὗ
744 3660 999 3733 σημαίνει
1031 3658 1222 3720 οὐσίας
1280 3656 1565 3735 διαφορὰν,
1598 3654 1727 3711 οὐδὲ
1768 3655 2002 3730 ἀξίωμα,

352 3748 499 3805 ἀλλὰ
529 3749 732 3824 τρόπον
766 3749 1063 3824 ὑπάρξεως.

747 3839 833 3894 ια’.
869 3837 999 3913 Περὶ
1027 3844 1127 3905 τῆς
1159 3835 1311 3912 ἁγίας
1348 3833 1608 3910 Τριάδος.

426 3928 487 3984 Ὀ
539 3926 632 4000 μὲν
686 3927 872 4003 Πατὴρ
934 3926 1120 4002 ἄρτιος
1177 3925 1267 3979 καὶ
1324 3924 1634 4000 ἀγέννητος,
1668 3924 1733 3980 οὑ
1790 3926 1892 4000 γὰρ
1947 3923 2007 3980 ἔκ

354 4037 522 4087 τινος,
554 4012 681 4070 ἀλλ’
713 4015 765 4086 ἐξ
796 4017 988 4070 ἑαυτοῦ
1014 4016 1078 4070 τὸ
1111 4015 1243 4069 εἶναι
1274 4012 1412 4088 ἔχει.
1445 4015 1506 4070 Ὁ
1549 4010 1606 4068 δὲ
1653 4014 1773 4074 Υἱὸς
1821 4012 1881 4068 ἐκ
1909 4018 2004 4069 τοῦ

359 4105 569 4179 Πατρὸς
600 4108 898 4180 γεννητῶς.
930 4102 1000 4157 Τὸ
1046 4100 1104 4157 δὲ
1154 4105 1372 4174 Πνεῦμα
1411 4102 1475 4155 τὸ
1527 4102 1699 4177 ἅγιον,
1732 4102 1821 4156 καὶ
1876 4101 2005 4157 αὐτὸ

364 4194 464 4266 μὲν
522 4192 581 4249 ἐκ
633 4198 730 4248 τοῦ
790 4193 999 4267 Πατρὸς
1060 4190 1252 4264 μόνου,
1285 4188 1410 4245 ἀλλ’
1439 4189 1796 4265 ἐκπορευτῶς.
1856 4192 2006 4264 Ἅμα

361 4279 420 4337 δὲ
463 4281 554 4336 καὶ
602 4284 637 4350 ἡ
681 4284 779 4336 τοῦ
809 4282 938 4336 Υἱοῦ
970 4279 1029 4334 ἐκ
1056 4284 1152 4334 τοῦ
1184 4279 1392 4355 Πατρὸς
1429 4278 1695 4354 γέννησις,
1725 4279 1815 4334 καὶ
1843 4281 1878 4349 ἠ
1908 4284 2004 4334 τοῦ

357 4370 514 4445 ἁγίου
561 4370 876 4443 Πνεόματος
922 4369 1261 4439 ὲκπόρευσις.
1311 4368 1408 4430 Τίς
1456 4366 1513 4423 δὲ
1553 4369 1580 4422 6
1628 4368 1832 4443 τρόπος
1888 4366 2003 4423 δια-

362 4464 534 4533 φορᾶς
560 4460 860 4535 γεννήσεως
907 4455 998 4514 καί
1041 4455 1430 4533 ἐκπορεόσεως,
1465 4457 1565 4511 οὐκ
1611 4454 1748 4512 οἶδεν
1805 4455 1999 4520 οὐδείς.

364 4547 715 4625 Διαφέρουσιν
749 4548 842 4602 οὗν
892 4547 948 4601 αἱ
998 4546 1318 4608 ὑποστάσεις
1366 4544 1555 4619 μόναις
1599 4550 1717 4608 ταῖς
1779 4546 2008 4602 ὑποστα-

348 4642 526 4698 τικαῖς
560 4634 851 4707 ἰδιότησιν,
880 4632 1005 4706 ἤτοι
1045 4638 1113 4708 τῇ
1161 4633 1453 4709 ἀγεννησίᾳ
1493 4633 1583 4688 καὶ
1629 4638 1698 4709 τῇ
1753 4637 1996 4708 γεννήσει

352 4725 441 4780 καὶ
470 4729 540 4791 τῆ
592 4724 928 4801 ἇκπορεόσει,
963 4721 1281 4799 ἀδιαιρετως
1327 4721 1415 4777 καὶ
1467 4727 1633 4777 ταῦτα
1681 4720 1996 4798 διαιρούμε-

349 4836 454 4872 ναι.
483 4816 747 4872 Ἒκαστον
792 4811 850 4868 δὲ
896 4817 1003 4867 τῶν
1054 4816 1223 4885 τριῶν
1273 4812 1583 4886 προσώπων
1632 4811 1842 4868 τελείαν
1883 4808 1998 4889 ἔχει

356 4902 672 4960 ὑπόστασιν.
716 4903 805 4959 Ἐν
871 4902 974 4976 γὰρ
1029 4898 1174 4975 τρισὶ
1229 4896 1463 4960 τελείαις
1523 4900 1843 4956 ὑποστάσεσι
1905 4901 2001 4976 μία

350 4989 502 5060 ἁπλῆ
537 4989 699 5045 οὐσία
752 4986 1097 5066 ὑπερτέλειος
1138 4988 1228 5042 καὶ
1273 4985 1613 5064 προτέλειος.
1645 4989 2000 5066 Παράκλητον

354 5077 410 5135 δὲ
436 5080 529 5134 καὶ
555 5080 617 5134 τὸ
648 5083 868 5151 Πνεῦμα
910 5077 1001 5133 καὶ
1058 5076 1151 5132 τὸν
1208 5076 1331 5131 Υἱὸν
1393 5075 1755 5151 ὀνομάζομεν,
1784 5078 1860 5142 ὡς
1910 5080 2004 5142 τὰς

347 5172 455 5224 τῶν
488 5167 633 5224 ὅλων
672 5164 1047 5244 παρακλήσεις
1077 5162 1398 5240 δεχόμενον.
1431 5165 1507 5223 Τὸ
1559 5167 1741 5240 μέντοι
1786 5172 2006 5242 Πνεῦμα

354 5256 413 5312 ὲκ
438 5262 537 5313 τοῦ
572 5257 781 5333 Πατρός
815 5277 990 5334 φαμεν
1024 5252 1428 5329 ἐκπορεύεσθαι,
1470 5253 1541 5310 δι’
1571 5257 1698 5312 Υἱοῦ
1728 5255 1783 5312 δέ
1844 5279 2005 5333 μετα-

360 5344 603 5402 δίδοσθαι
637 5349 736 5402 (2i.

396 5349 603 5411 ίδοσθαι

1507 320 1608 380 DE
1650 312 2093 379 OMNIFARIA
2139 305 2565 370 DOCTRINA.

329 459 385 513 οἱ
417 455 609 511 λοιποὶ
643 454 775 510 κατᾶ
817 454 984 529 μέρος
1013 450 1286 526 ἅνθρωποι
1316 454 1435 512 τοῖς
1490 448 1766 509 τοιούτοις
1823 442 1976 499 ἰδιώ-

2108 443 2228 508 :ris,
2260 439 2413 496 cutis
2443 432 2714 500 candida,

3620 286 3742 347 694

2748 428 2896 484 nihil
2941 428 2999 481 in
3039 425 3257 495 lingum
3288 436 3397 476 usu
3446 420 3505 474 et
3551 416 3742 473 elocu-

2093 504 2251 586 tione
2281 527 2427 584 vitii.
2461 521 2730 581 Similem
2776 517 2837 572 iu
2888 514 3130 570 modum
3163 515 3221 566 et
3250 505 3469 579 singuli
3501 504 3599 561 alii
3631 504 3736 560 ho-

2093 621 2281 676 mines
2340 610 2797 688 proprietatibus
2857 600 3171 675 ejusmodi,
3230 596 3388 653 velut
3446 592 3718 668 personal

2092 705 2421 764 dilfurentia
2450 698 2918 770 distinguuntur.

2357 796 2409 847 9.
2445 794 2518 847 De
2548 788 2786 844 relatan
2816 784 3020 839 unione
3047 789 3100 835 et
3133 774 3472 849 diﬂerentz’a.

2163 883 2416 941 Relativa
2449 879 2583 935 unio
2612 881 2670 932 et
2695 874 2885 930 amica
2914 875 2971 926 et
3002 865 3376 924 consentiens
3406 860 3741 917 animorum

2090 973 2574 1041 voluntatumque
2623 960 3000 1034 conspiratio.
3034 957 3141 1024 Qui
3192 955 3374 1028 igitur
3424 948 3738 1008 amicitiam

2087 1063 2336 1119 invicem
2387 1058 2605 1127 colunt,
2655 1052 2880 1109 ratione
2926 1049 3107 1118 hujus
3157 1042 3452 1110 amicitiae,
3503 1034 3742 1094 relative

2088 1152 2306 1207 unione
2328 1147 2521 1221 juncti
2552 1160 2680 1201 esse
2710 1142 3006 1197 dicuntur.
3045 1132 3348 1193 Nestorius
3378 1130 3581 1199 itaque
3620 1124 3737 1180 hee-

2089 1241 2305 1298 reticus
2347 1257 2379 1293 a
2412 1235 2579 1293 furiis
2606 1234 2863 1306 agitatus
2895 1246 3025 1284 cum
3061 1227 3355 1295 respueret
3385 1212 3735 1275 ecclesiasti-

2087 1348 2222 1387 cum
2272 1330 2487 1399 dogma
2536 1324 2690 1396 quod
2738 1320 2996 1377 afﬁrmat
3042 1315 3222 1371 Deum
3273 1312 3469 1383 ipsum
3520 1306 3737 1360 factum

2087 1436 2212 1477 esse
2274 1416 2575 1473 hominem
2635 1416 2691 1467 et
2746 1412 2967 1464 naturae
3021 1408 3230 1458 nostra:
3290 1398 3543 1460 unitum,
3575 1394 3738 1450 illam

2088 1511 2365 1567 unionem
2418 1501 2786 1579 personalem
2836 1495 3089 1569 negavit,
3124 1498 3180 1548 et
3209 1493 3465 1561 nugatus
3516 1490 3604 1542 est
3631 1485 3738 1543 ho-

2090 1602 2309 1656 minem
2359 1598 2584 1653 nudum
2636 1597 2842 1648 natum
2875 1603 3003 1642 esse
3033 1603 3064 1641 e
3095 1587 3298 1639 sancta
3328 1578 3529 1646 Maria,
3563 1591 3737 1648 quem

2088 1693 2162 1747 ab
2191 1692 2321 1762 ipsa
2353 1701 2539 1759 usque
2588 1681 2889 1738 nativitate
2927 1678 3074 1731 Deus
3122 1686 3320 1727 amore
3350 1670 3506 1723 esset
3540 1680 3735 1736 prose-

2089 1784 2307 1837 cutus:
2350 1778 2608 1845 adeoque
2659 1770 2961 1825 confcssus
3006 1763 3240 1835 quidem
3300 1762 3391 1814 est
3432 1755 3731 1826 unionem,

2094 1888 2206 1927 non
2239 1862 2607 1940 personalem
2660 1863 2882 1923 autem,
2912 1854 3015 1910 sed
3063 1850 3385 1916 relativum,
3418 1845 3574 1901 unde
3616 1859 3733 1899 non

2092 1977 2271 2018 unam
2302 1970 2614 2031 personam
2668 1951 2846 2007 miser
2893 1946 2990 2001 ille
3038 1941 3258 2010 docuit,
3288 1939 3388 1995 sed
3441 1938 3610 2000 duas,
3641 1951 3734 1989 es-

2092 2050 2281 2108 sentia
2309 2053 2365 2104 et
2395 2059 2645 2119 persona
2688 2038 2937 2094 invicem
2979 2032 3310 2095 distinctas,
3336 2028 3576 2099 junctae
3604 2038 3734 2078 vero

2094 2156 2292 2196 amore
2320 2142 2377 2193 et
2401 2136 2604 2192 eadem
2634 2128 2880 2187 volendo
2911 2141 2976 2182 ac
3007 2120 3335 2184 sentiendo,
3367 2121 3424 2173 et
3453 2131 3577 2187 qua:
3611 2112 3739 2185 plu-

2097 2249 2162 2287 ra
2193 2225 2601 2301 hujuscemodi
2634 2221 2733 2276 ille
2763 2216 3054 2275 deliravit.

2483 2316 2568 2370 l0.
2604 2314 2675 2367 De
2700 2308 3043 2365 sanctissima
3075 2302 3363 2363 Trinitate.

2173 2410 2388 2465 Sancta
2417 2410 2473 2460 et
2506 2400 2793 2459 catholica
2831 2393 3088 2451 Ecclesia
3114 2392 3343 2446 Patrem
3377 2387 3546 2442 docet
3577 2383 3745 2455 inge-

2104 2501 2315 2557 nitum,
2348 2494 2557 2550 Filium
2607 2487 2871 2560 genitum
2922 2499 2991 2537 ex
3046 2481 3227 2546 Patre,
3261 2480 3318 2531 et
3363 2473 3647 2546 Spiritum
3681 2487 3750 2526 ex

2106 2587 2228 2643 solo
2260 2582 2672 2657 procedentem
2720 2577 2906 2640 Patre,
2939 2587 3049 2625 non
3082 2586 3150 2625 ex
3181 2565 3346 2634 Filio,
3379 2578 3550 2635 quem
3582 2564 3750 2616 vocat

2112 2649 2346 2731 Verbum
2394 2669 2578 2726 Patris
2624 2669 2678 2723 et
2724 2660 3093 2733 splendorem,
3130 2657 3269 2727 quia
3315 2654 3441 2709 sine
3478 2649 3750 2715 coitione,

2109 2760 2577 2835 impassibiliter,
2609 2769 2714 2811 nec
2755 2753 2815 2807 in
2848 2756 3131 2820 tempore,
3164 2749 3219 2800 et
3266 2742 3393 2798 sine
3421 2739 3651 2797 deﬂuxu
3688 2753 3754 2794 ac

2109 2850 2479 2925 separatione
2534 2849 2706 2902 natus
2764 2845 2854 2898 est
2908 2855 2976 2896 ex
3029 2832 3457 2900 Patre,Filium
3511 2843 3647 2883 vero
3701 2832 3757 2881 et

2108 2918 2477 2998 characterem
2522 2945 2777 3003 personae
2826 2928 3041 2992 Patris,
3075 2922 3213 2995 quia
3244 2919 3535 2992 perfectus
3582 2918 3671 2969 est
3699 2918 3759 2969 et

2112 3032 2405 3105 propriam
2437 3040 2747 3095 personam
2768 3022 3027 3089 habet,et
3057 3031 3159 3088 per
3191 3011 3389 3068 omnia
3419 3007 3632 3063 similis
3664 3011 3756 3061 est

2112 3095 2287 3191 Patri,
2345 3117 2456 3174 nisi
2513 3115 2667 3186 quod
2722 3110 2822 3166 ille
2880 3112 2969 3163 est
3024 3102 3344 3175 ingenitus,
3407 3095 3757 3167 Unigenilum

2111 3182 2309 3274 etiam,
2366 3182 2718 3279 quod—solus
2749 3217 2819 3256 ex
2865 3197 3036 3251 Patre
3085 3196 3259 3279 natus
3309 3191 3416 3243 est.
3448 3186 3593 3241 Nam
3625 3182 3762 3238 licet

2111 3273 2635 3373 Spiritus-sanctus
2665 3303 2896 3363 quoque
2926 3303 2995 3341 ex
3032 3275 3155 3339 solo
3189 3280 3353 3334 Patre
3384 3273 3670 3349 procedit,
3704 3275 3764 3326 at

2119 3407 2232 3445 non
2265 3404 2366 3460 per
2396 3379 2828 3456 generationem
2882 3374 2982 3431 sed
3016 3388 3117 3443 per
3149 3363 3606 3441 processionem,
3637 3376 3763 3432 qua:

2112 3478 2228 3534 alia
2256 3457 2345 3532 est
2392 3467 2711 3531 exsistendi
2762 3463 2930 3521 ratio.
2964 3457 3272 3518 Generatio
3321 3457 3519 3510 autem
3553 3457 3609 3506 et
3640 3465 3764 3521 pro-

2114 3564 2300 3622 cessio
2330 3556 2830 3635 quemadmodum
2866 3551 3041 3607 etiam
3072 3548 3161 3620 (ut
3189 3546 3271 3601 ita
3300 3538 3766 3611 dicam)ingene-

2114 3629 2378 3710 rabilitas
2434 3665 2551 3706 non
2607 3642 2874 3702 essentia:
2929 3640 3169 3695 denotat
3221 3629 3614 3690 diti'erentiam
3664 3629 3766 3680 aut

2114 3743 2483 3816 dignitatem,
2518 3737 2619 3793 sed
2655 3734 2894 3789 modum
2927 3725 3269 3785 exsistendi.

2488 3828 2575 3881 11.
2612 3830 2690 3881 De
2718 3819 3066 3877 sanctissima
3102 3814 3390 3870 Trinitate.

2186 3925 2354 3977 Pater
2383 3916 2619 3990 quidem
2669 3909 2961 3983 perfectus
2992 3909 3051 3960 et
3099 3899 3422 3973 ingenitus,
3456 3910 3570 3949 non
3602 3890 3759 3949 enim

2113 4028 2183 4068 ex
2207 4010 2321 4066 alio
2354 3983 2453 4063 sed
2486 4021 2555 4059 ex
2584 4001 2779 4071 seipse
2813 3997 2986 4051 habet
3016 3991 3171 4064 quod
3206 3992 3313 4044 est.
3349 3983 3531 4041 Filius
3560 3986 3761 4038 autem

2114 4119 2147 4156 a
2181 4102 2343 4155 Patre
2378 4112 2479 4168 per
2507 4069 2967 4164 generationem,
3000 4086 3056 4137 et
3083 4077 3334 4151 Spiritus
3365 4074 3607 4130 sanctus
3637 4069 3763 4141 ipse

2112 4189 2290 4246 etiam
2322 4202 2390 4242 ex
2418 4181 2542 4238 solo
2574 4179 2763 4245 Patre,
2796 4173 2896 4229 sed
2932 4187 3035 4243 per
3086 4163 3543 4241 processionem.
3574 4156 3764 4214 Simul

2110 4295 2243 4336 vero
2274 4278 2331 4332 et
2377 4270 2595 4346 pariter
2641 4282 2708 4322 ex
2753 4264 2924 4319 Patre
2970 4264 3029 4314 et
3076 4256 3312 4330 genitus
3359 4254 3449 4307 est
3495 4246 3677 4303 Filius
3707 4247 3765 4300 et

2111 4333 2663 4439 Spiritus‘sanctus
2720 4348 3025 4425 processit.
3059 4349 3193 4413 Quae
3248 4355 3422 4415 porro
3470 4337 3549 4392 sit
3599 4333 3767 4389 diﬂ‘e-

2111 4456 2310 4513 rentiaa
2340 4452 2496 4507 inter
2543 4440 2982 4520 generationem
3012 4453 3077 4492 ac
3124 4430 3557 4507 processionem
3591 4423 3766 4492 ratio,

2037 4549 2087 4613 Ι)
2117 4562 2289 4604 nemo
2321 4557 2474 4599 unus
2504 4527 2705 4593 'novit.
2750 4530 3037 4588 Differunt
3085 4524 3265 4597 igitur
3316 4533 3577 4592 personis
3624 4510 3768 4569 solis

2110 4632 2520 4711 personalibus
2543 4608 3565 4698 preprietatibus,ingenerabilitate,
3586 4617 3764 4676 gene-

2108 4728 2334 4782 ratione
2365 4725 2421 4777 et
2468 4715 2862 4791 processione,
2897 4715 3073 4781 atque
3123 4699 3482 4759 indistinctis
3511 4693 3761 4749 invicem

2101 4807 2192 4874 ita
2213 4833 2247 4871 a
2269 4830 2331 4870 se
2357 4787 3118 4879 distinguunturﬂuzelibet
3139 4797 3337 4851 autem
3360 4787 3541 4845 trium
3568 4797 3762 4879 perso-

2111 4919 2322 4962 narum
2380 4899 2695 4973 perfectam
2745 4886 3091 4965 hypostasin
3145 4883 3268 4940 sive
3314 4870 3762 4934 subsistentiam

2112 4994 2289 5051 habet
2320 5009 2333 5048 :
2366 4963 2578 5060 hisque
2631 4963 2823 5039 tribus
2871 4974 3146 5051 perfectis
3194 4963 3617 5043 hypostasibus
3651 4966 3769 5015 una

2113 5080 2364 5154 simplex
2386 5075 2906 5145 essentia,omnem
2932 5060 3387 5136 supergrediens
3411 5057 3587 5125 atque
3600 5052 3766 5105 ante-

2115 5138 2332 5229 cellens
2362 5138 2801 5240 perfectionem,
2835 5156 3083 5213 constat.
3118 5146 3485 5206 Paracletum
3519 5138 3777 5209 denique

2115 5275 2393 5318 vocamus
2425 5260 2481 5311 et
2510 5252 2721 5309 Filium
2753 5252 2811 5304 et
2842 5243 3125 5316 Spiritum
3163 5240 3434 5295 sanctum
3467 5229 3605 5303 quia
3624 5230 3778 5283 uter'

2117 5367 2232 5421 que
2272 5346 2538 5404 omnium
2590 5337 2954 5415 precationes
2985 5330 3214 5402 excipit.
3268 5328 3335 5383 Et
3386 5321 3677 5416 Spiritum
3708 5331 3777 5371 ex

2121 5440 2289 5495 Patre
2320 5435 2688 5492 afﬁrmamus
2716 5423 3049 5500 procedere,
3083 5436 3116 5475 a
3145 5415 3290 5473 Filio
3320 5417 3517 5470 autem
3550 5402 3698 5463 dari.

430 5623 504 5707 (2)
536 5622 660 5680 Huc
692 5642 881 5707 usque
912 5624 1090 5707 editio
1114 5621 1250 5681 Joh.
1284 5623 1616 5697 chgelini,
1646 5630 1923 5699 Augustin
1954 5538 2403 5685 1:]?nrﬁicoruiii
2455 5622 2522 5676 A.
2556 5614 2715 5682 1611,
2746 5612 2806 5668 in
2838 5610 2872 5665 8
2903 5625 2990 5665 vo.
3024 5608 3159 5673 Quae
3209 5603 3559 5675 sequuntur,
3609 5604 3766 5646 nunc

359 5701 623 5767 primum
652 5701 960 5768 prodeunt.
