4046 6144
301 348 417 408 695

447 480 533 535 12.
569 481 642 536 De
671 483 888 538 ratione
916 481 1430 538 communicationis
1461 481 1686 534 idioma!
1697 495 1806 532 um.

377 571 646 638 Attende,
681 572 914 627 domine
943 570 1368 641 mi,vocabulis
1398 587 1410 632 ;
1443 568 1608 623 valde
1627 567 1780 620 enim
1804 565 1954 620 diffi-

303 657 431 710 cilis
465 673 556 712 res
589 663 676 712 est
705 664 762 714 et
795 660 1159 714 necessaria:
1194 659 1578 730 quamohrem
1610 662 1666 710 et
1689 656 1956 726 pluribus

307 763 338 800 a
371 763 462 800 me
493 747 596 800 tibi
631 753 922 818 quantum
950 749 1040 804 fas
1075 749 1184 802 erit
1218 753 1546 818 exponetur
1597 747 1754 800 Scire
1785 761 1956 816 opor-

305 835 736 906 tet,imperator
765 837 1207 908 augustissime,
1243 835 1398 906 quod
1437 835 1672 906 quando
1705 834 1955 887 dicimus

307 923 666 979 divinitatem
726 931 781 980 et
837 926 1290 988 humanitatem,
1341 928 1520 978 totam
1555 923 1630 994 (3)
1689 927 1954 976 naturam

307 1013 712 1082 signiﬁcamus
746 1014 1069 1068 divinitatis
1094 1019 1149 1068 et
1176 1019 1356 1068 totam
1393 1017 1660 1066 naturam
1689 1011 1958 1066 humani-

309 1101 468 1156 tatis.
504 1103 742 1164 Quando
793 1107 986 1156 autem
1041 1102 1292 1156 dicimus
1321 1102 1506 1156 Deum
1550 1106 1606 1154 et
1637 1101 1956 1166 hominem,

305 1205 419 1243 non
445 1205 673 1262 semper
695 1191 952 1262 inlegras
976 1193 1324 1246 denotamus
1348 1195 1609 1258 naturas,
1644 1189 1744 1244 sed
1767 1205 1956 1259 quan-

301 1279 490 1349 doque
521 1281 692 1334 etiam
715 1280 1057 1352 hypostasin
1092 1284 1146 1335 et
1179 1295 1510 1350 personam.
1533 1279 1588 1332 Si
1623 1277 1957 1350 igitursim-

303 1367 533 1437 pliciter
563 1369 775 1432 dicam,
811 1368 976 1423 Credo
1003 1371 1060 1422 in
1095 1371 1408 1434 Deum,nec
1443 1367 1762 1438 quidquam
1795 1365 1952 1419 aliud

305 1456 732 1525 addam,totam
759 1456 1080 1527 signiﬁcavi
1103 1458 1554 1511 deitatem.Cum
1578 1461 1772 1509 autem
1798 1455 1954 1508 dico:

304 1545 444 1598 Deus
467 1545 628 1599 homo
657 1547 839 1614 [hctus
860 1551 956 1612 est,
991 1563 1105 1600 non
1139 1546 1417 1600 deitatem
1449 1551 1630 1598 totam
1665 1544 1956 1612 signiﬁco,

307 1634 404 1687 sed
440 1638 668 1688 tantum
707 1635 936 1688 Filium.
967 1639 1044 1689 Ac
1077 1635 1338 1688 vicissim
1369 1633 1416 1688 si
1447 1635 1660 1698 dicam,
1705 1638 1849 1686 Deus
1869 1635 1956 1686 ho-

301 1723 470 1776 minis
502 1739 670 1777 causa.
699 1740 922 1778 carnem
951 1725 1157 1788 induit,
1191 1729 1380 1777 totum
1415 1723 1734 1794 signiticavi
1771 1739 1956 1791 genus

305 1810 657 1867 humanum.
689 1814 832 1868 Cum
867 1811 1061 1866 autem
1097 1813 1224 1868 dico
1259 1829 1271 1865 :
1307 1814 1470 1867 Homo
1500 1821 1616 1868 erat
1645 1827 1707 1865 tn
1736 1812 1957 1881 regione
1987 1841 2036 1905 Β

300 1899 574 1964 Ausitz’de,
611 1900 800 1956 solum
850 1902 1062 1956 .lobum
1113 1901 1316 1956 innuo.
1353 1901 1676 1972 Diligenter
1725 1902 1958 1955 attende

305 1987 442 2044 huic
475 1989 750 2044 doctrinaa
783 1990 1487 2061 capiti.Quandoquidem
1523 1991 1704 2060 igitur
1733 1989 1960 2044 Domini

305 2079 490 2131 nostri
515 2081 654 2132 Jesu
680 2077 896 2132 Christi
919 2081 1066 2133 duas
1093 2079 1442 2133 confitemur
1472 2083 1729 2142 naturas,
1749 2077 1951 2131 divini-

305 2167 484 2220 tatem
517 2167 1224 2233 ethumanitatem,unam
1251 2166 1625 2236 agnoscimus
1649 2183 1954 2236 personam

304 2270 372 2308 ex
406 2255 670 2325 utrisque
699 2257 1106 2326 compositam.
1142 2259 1284 2312 Cum
1323 2271 1491 2326 porro
1521 2255 1680 2324 ipsas
1713 2261 1955 2310 naturas

301 2343 1140 2412 consideramus,divinitatem
1157 2344 1655 2398 ethumanitatem
1679 2344 1954 2399 dicimus.

301 2430 442 2484 Cum
476 2447 605 2486 vero
647 2433 1032 2503 compositam
1087 2449 1154 2486 ex
1206 2433 1434 2486 naturis
1485 2433 1847 2502 hypostasin,
1884 2434 1954 2486 ab

299 2523 550 2590 utraque
571 2519 868 2575 Christum
891 2537 1170 2575 vocamus
1191 2527 1364 2574 Deum
1390 2527 1444 2576 et
1469 2521 1764 2576 hominem
1781 2525 1956 2592 atque

307 2613 487 2662 Deum
507 2610 1328 2679 carneindutum.Aliquaudo
1355 2615 1550 2664 autem
1573 2610 1758 2664 Deum
1783 2611 1956 2664 modo

304 2701 364 2752 et
395 2697 602 2752 Filium
637 2699 893 2752 hominis
925 2699 1312 2768 appellamus.
1345 2705 1400 2750 et
1433 2715 1536 2754 nec
1571 2703 1750 2752 Deum
1785 2700 1956 2753 modo

303 2801 438 2840 cum
471 2785 748 2850 dicimus,
781 2787 1160 2858 sejungimus
1191 2789 1263 2842 ab
1297 2787 1553 2855 homine,
1587 2803 1692 2842 nec
1721 2788 1957 2856 quando

301 2873 512 2928 Filium
527 2891 802 2929 vocamus
818 2875 1232 2942 hominisenm
1255 2875 1412 2929 aDeo
1429 2876 1955 2946 separamuszidem

303 2961 459 3017 enim
493 2967 548 3017 et
581 2968 730 3018 Deus
759 2964 985 3034 integer
1032 2969 1088 3018 et
1118 2965 1344 3035 integer
1375 2965 1546 3019 homo
1579 2971 1684 3018 est.
1720 2971 1794 3020 At
1823 2981 1954 3018 cum

307 3049 562 3105 dicimus
585 3051 1001 3116 deitatem,non
1029 3069 1144 3106 una
1173 3053 1548 3106 nominamus
1573 3053 1957 3108 humanitatis

307 3139 719 3208 proprietates:
749 3157 938 3210 neque
961 3143 1114 3194 enim
1140 3143 1508 3196 afﬁrmamus
1527 3143 1802 3196 deitatem
1827 3159 1956 3198 esse

1639 339 2064 406 MICHAELIS
2105 341 2382 402 PSELLI

1983 477 2030 541 A

3597 339 3723 402 696

2329 471 2418 544 ιβ’.
2457 471 2584 543 Περὶ
2615 475 2710 524 τοῦ
2741 469 2942 544 τρόπου
2973 472 3072 533 τῆς
3105 465 3448 530 ἀντιδόσεως.

2141 561 2406 635 Πρόσεχε,
2441 557 2671 614 δέσποτά
2709 579 2834 632 μου,
2866 563 2946 630 τῷ
2995 557 3245 630 ὀνόματι,
3279 555 3400 612 λίαν
3445 557 3548 632 γάρ
3605 558 3720 614 ἔστι

2065 650 2154 703 καὶ
2207 647 2621 704 δυσκολώτατον
2665 650 2754 703 καὶ
2803 647 3246 723 ἀναγκαιότατον,
3309 647 3428 702 ὅθεν
3485 648 3574 702 καὶ
3629 647 3724 703 διὰ

2067 739 2336 794 πλειόνων
2375 760 2454 792 σοι
2489 740 2624 792 κατά
2660 739 2820 813 βατὸν
2855 737 3174 812 ῥηθήσεται.
3205 734 3442 814 Ὀφείλει
3495 735 3720 806 εἰδέναι,

2065 827 2305 882 Θειότατε
2349 825 2594 902 βασιλεῦ,
2628 825 2710 881 ὅτι
2745 825 2866 880 ὅταν
2905 826 2999 897 μὲν
3050 825 3300 899 λέγωμεν
3353 821 3579 896 θεότητα
3625 825 3720 880 καὶ

2067 917 2479 990 ἀνθρωπότητα,
2515 915 2649 984 ὅλην
2681 918 2779 985 τὴν
2834 914 2991 992 φύσιν
3045 911 3322 986 δηλοῦμεν
3371 921 3471 984 τῆς
3525 915 3720 984 θεότη-

2064 1027 2179 1072 τος,
2214 1005 2302 1059 καὶ
2337 1003 2470 1074 ὃλην
2507 1006 2604 1073 τήν
2640 1003 2794 1081 φύσιν
2826 1003 2923 1070 τῆς
2967 1003 3406 1079 ἆνθρωπότητος.
3440 1007 3600 1058 Ὅταν
3660 1002 3722 1058 δὲ

2068 1093 2311 1168 λέγωμεν
2347 1095 2476 1148 Θεὸν
2507 1094 2596 1148 καὶ
2627 1095 2933 1169 ἄνθρωπον,
2969 1091 3030 1146 οὑ
3077 1093 3308 1146 πάντοτε
3359 1095 3452 1155 τὰς
3513 1092 3720 1160 ὁλότη-

2065 1204 2160 1244 τας
2212 1181 2488 1256 δηλοῦμεν
2539 1186 2644 1236 τῶν
2691 1182 2924 1256 φύσεων,
2967 1179 3094 1236 ἀλλ’
3145 1179 3284 1236 ἔστιν
3337 1183 3425 1236 ὅτε
3476 1181 3566 1236 καὶ
3622 1183 3722 1243 τὰς

2069 1273 2386 1334 ὑποστάσεις
2443 1273 2531 1325 καὶ
2584 1271 2650 1325 τὰ
2697 1271 2963 1344 πρόσωπα
3025 1273 3188 1326 ’Ὅταν
3250 1271 3346 1342 μὶν
3421 1269 3510 1324 οὖν
3579 1269 3720 1324 εἷ’πω

2068 1360 2166 1416 ἀπ)
2185 1366 2257 1422 ὧς
2301 1361 2492 1426 οὕτως,
2527 1359 2772 1414 Πιστεύω
2823 1359 2898 1421 εἷς
2949 1359 3096 1422 Θεὸν,
3133 1357 3301 1431 μηδὲν
3351 1357 3492 1412 ἄλλο
3552 1379 3720 1432 προσ-

2069 1449 2199 1512 θεὶς,
2234 1449 2369 1519 ὅλην
2427 1447 2680 1518 ἐδήλωσα
2733 1451 2834 1516 τήν
2889 1450 3138 1515 Θεότητα.
3167 1451 3330 1505 ’Όταν
3367 1445 3422 1502 δὲ
3461 1447 3620 1514 εἷ’πω,
3653 1449 3718 1504 Ὀ

2067 1541 2196 1602 Θεὸς
2255 1539 2465 1612 ἐγένετο
2525 1535 2831 1613 ἅνθρωπος,
2887 1538 2948 1590 οὗ
2999 1539 3098 1604 τῆν
3159 1537 3386 1606 θεότητα
3445 1537 3715 1610 ἐσήμανα,

2067 1627 2212 1683 ἀλλὰ
2269 1627 2434 1698 μόνον
2466 1628 2528 1681 τὸ
2559 1631 2654 1680 τοῦ
2713 1629 2840 1680 Υἱοῦ
2893 1624 3080 1698 ὄνομα.
3131 1627 3234 1682 Καὶ
3285 1625 3470 1698 πάλιν,
3515 1627 3560 1680 εἰ
3623 1627 3722 1700 μὲν

2067 1715 2224 1780 εἴπω,
2285 1719 2341 1772 ⁸0
2399 1717 2526 1776 Θεὸς
2585 1714 2673 1770 διὰ
2727 1718 2817 1770 τὸν
2879 1719 3160 1790 ἀνθρωπον
3219 1715 3522 1790 ἐσαρκώθη,
3575 1715 3718 1786 ὅλην

2065 1805 2318 1875 ἐδήλωσα
2347 1806 2447 1873 τὴν
2481 1805 2891 1879 ἀνθρωπόττ,τα.
2927 1806 3050 1860 Ἐὰν
3100 1802 3158 1858 δὶ
3207 1803 3360 1872 ε”πω,
3393 1807 3720 1880 ’Ἄνθρωπος

2065 1896 2132 1962 ἦν
2171 1895 2222 1948 έν
2256 1899 2323 1966 τῇ
2356 1895 2514 1969 ’χώρᾳ
2543 1896 2612 1963 τῇ
2641 1892 2910 1965 Αόσίτιδι,
2947 1894 3107 1966 μόνον
3137 1893 3229 1947 τὸν
3263 1889 3386 1949 Ἰὼϐ
3437 1889 3717 1962 ἐδήλωσα.

2069 1985 2312 2057 Ηρόσεχε
2341 1987 2418 2055 τῷ
2471 1981 2707 2056 δόγματι
2752 1977 3007 2056 ἀκριϐῶς.
3045 1983 3190 2038 Ἐπεὶ
3243 1981 3334 2036 οῦν
3377 1987 3473 2037 τοῦ
3513 1982 3720 2056 Κυρίου

2069 2075 2247 2140 Ἰησοῦ
2297 2074 2532 2146 Χριστοῦ
2593 2069 2687 2124 δύο
2751 2072 2844 2142 μὲν
2903 2073 2998 2130 τὰς
3051 2071 3235 2144 φύσεις
3303 2069 3722 2146 ὁμολογοῦμεν,

2067 2163 2295 2230 θεότητα
2351 2161 2438 2214 καὶ
2489 2159 2900 2234 ἀνθρωπότητα,
2956 2159 3079 2230 μίαν
3137 2157 3194 2214 δὲ
3247 2159 3558 2230 ὑπόστασιν,
3591 2161 3718 2213 σύν-

2067 2249 2296 2320 θετον
2329 2251 2672 2326 ἀμφοτέρων.
2706 2251 2869 2306 ’Όταν
2901 2248 2994 2320 μὲν
3042 2247 3130 2302 οὖν
3174 2248 3335 2310 αὑτὰς
3383 2249 3478 2309 τὰς
3527 2247 3718 2325 φύσεις

2065 2340 2418 2414 ἀναθρῶμεν,
2483 2339 2712 2406 Osric-qm
2789 2339 2878 2390 καὶ
2960 2338 3354 2409 ἁνθρωπότητα
3449 2336 3712 2412 λέγομεν.

2063 2431 2230 2484 ’Ὀταν
2265 2427 2320 2482 δὲ
2371 2427 2429 2481 ἐκ
2474 2432 2580 2480 τῶν
2643 2427 2849 2502 φύσεων
2913 2429 3244 2480 συντεθεῖσαν
3307 2425 3595 2480 ὑπόστασιν
3659 2427 3721 2482 ἐκ

2063 2521 2159 2572 τοῦ
2219 2515 2648 2592 συναμφοτέρου,
2711 2517 2940 2590 Χριστὸν
2997 2515 3360 2588 ὀνομάζομεν,
3419 2516 3508 2570 καὶ
3581 2517 3715 2571 Θεὸν

2065 2608 2150 2660 καὶ
2187 2604 2491 2678 ἄνθρωπον,
2525 2605 2612 2658 καὶ
2665 2605 2792 2660 Θεὸν
2843 2604 3274 2677 σεσαρκωμένον,
3307 2606 3440 2659 ποτὶ
3483 2603 3540 2659 δὲ
3583 2606 3714 2660 Θεὸν

2071 2695 2229 2766 μόνον
2261 2695 2350 2748 καὶ
2385 2695 2506 2747 Υὶὸν
2559 2693 2866 2764 ἀνθρώπου.
2903 2693 2998 2747 Καὶ
3057 2691 3179 2748 οὔτε
3227 2694 3355 2748 Θεὸν
3405 2696 3568 2768 μόνον
3630 2694 3718 2750 λέ-

2065 2804 2250 2860 γοντες
2279 2783 2595 2858 χωρίζομεν
2631 2782 2791 2836 αὑτὸν
2837 2786 2934 2836 τοῦ
2981 2782 3294 2857 ἀνθρώπου,
3331 2780 3456 2838 οὔτε
3505 2785 3716 2857 ἀνθρώ-

2067 2895 2170 2928 που
2203 2873 2324 2926 Υἱὸν
2354 2870 2812 2943 κατονομνέζοντες
2845 2871 3158 2947 χωρίζομεν
3201 2876 3298 2926 τοῦ
3351 2877 3484 2926 Θεοῦ
3511 2893 3522 2906 ·
3559 2875 3586 2927 ὸ
3619 2873 3714 2928 αὑ-

2064 2963 2155 3024 τὸς
2187 2961 2288 3035 γάρ
2317 2961 2456 3015 ἐστιν
2486 2958 2616 3020 ὅλος
2649 2963 2775 3022 Θεὸς
2817 2963 2906 3014 καὶ
2957 2959 3086 3021 ὅλος
3133 2959 3436 3034 ἄνθρωπος.
3471 2963 3714 3030 Θεότητα

2071 3051 2164 3124 μὲν
2196 3051 2294 3125 γὰρ
2329 3048 2599 3124 λέγοντες,
2630 3049 2689 3104 οὐ
2717 3051 3164 3121 κατονομαζομεν
3194 3049 3329 3123 αὐτῇ
3362 3051 3426 3104 τὰ
3471 3059 3574 3120 τῆς
3617 3051 3713 3104 ἀν-

2070 3141 2422 3213 θρωπόττ,τος
2455 3135 2746 3208 ἰδιώματα.
2781 3137 2856 3194 Οὐ
2887 3139 2989 3212 γάρ
3039 3159 3211 3215 φαμεν
3260 3139 3488 3209 θεότητα
3529 3151 3714 3210 παθη-

307 3227 646 3297 passibilem
683 3229 766 3282 vel
823 3237 1097 3284 creatam.
1137 3230 1233 3284 Uti
1288 3247 1392 3284 nec
1425 3231 1682 3285 vicissim
1717 3234 1953 3300 quando

2069 3207 2164 3298 τίῆν
2297 3207 2538 3296 πτιστήν.
2575 3207 2714 3282 Οὐδὲ
2769 3207 2935 3281 πάλιν
2963 3207 2970 3210 ὴ
2997 3207 3238 3300 λέγοντες
3294 3207 3712 3302 ἀνθρωπότητα,

301 3317 555 3370 dicimus
589 3317 1155 3384 humanitatem,sub
1191 3335 1256 3372 ea
1285 3317 1672 3386 intelligimus
1699 3323 1952 3390 proprie-

300 3411 452 3460 tates
484 3405 829 3474 divinitatis,
857 3423 1044 3475 neque
1062 3407 1216 3460 enim
1247 3409 1670 3462 humanitatem
1697 3411 1952 3464 afﬁrma-

305 3509 436 3546 mus
467 3509 597 3546 esse
647 3493 986 3548 increatam.
1020 3495 1129 3548 Sed
1178 3497 1330 3548 circa
1361 3511 1618 3565 personae
1667 3496 1952 3552 unitatem

301 3580 470 3634 aliter
499 3597 591 3634 res
641 3597 702 3635 se
735 3582 928 3634 habet.
965 3585 1258 3636 Audacter
1297 3583 1590 3654 siquidem
1641 3587 1952 3654 separatim

301 3671 654 3724 conﬁtemur
672 3670 964 3724 Christum
993 3673 1408 3736 l)eum,iterum
1431 3673 1746 3742 separatim
1773 3675 1956 3728 homi-

303 3773 458 3822 nem,
495 3773 600 3810 nec
663 3759 862 3812 minus
920 3763 1268 3813 conﬁtemur
1327 3765 1660 3832 utrumque.
1697 3763 1840 3816 Nam
1903 3769 1960 3817 et

305 3845 487 3900 Deum
522 3847 758 3916 quando
791 3847 1067 3910 dicimus,
1093 3848 1392 3902 hominem
1425 3850 1957 3922 subintelligimus,

303 3939 359 3987 et
382 3935 620 4004 quando
647 3935 902 3989 dicimus
927 3937 1248 3998 hominem,
1280 3939 1634 3994 conﬁtemur
1653 3945 1858 3995 Deum.
1893 3943 1961 3995 Et

302 4023 574 4076 eumdem
607 4023 860 4078 dicimus
887 4029 1060 4078 Deum
1091 4025 1766 4096 passibilem,quatenus
1785 4029 1959 4086 homo

299 4117 409 4174 est,
440 4117 494 4163 et
527 4127 770 4179 puerum
806 4115 1280 4166 anteszecularem
1329 4121 1385 4166 et
1431 4117 1698 4186 principii
1754 4135 1957 4187 exper-

301 4203 418 4252 tem
452 4203 744 4268 quatenus
777 4207 866 4253 est
916 4201 1085 4254 Deus.
1123 4207 1304 4271 Atque
1339 4205 1453 4255 hanc
1489 4207 1594 4256 l'ert
1628 4207 1960 4260 communi-

303 4286 550 4342 cationis
581 4287 936 4343 idiomatum
989 4291 1158 4356 ratio,
1192 4293 1396 4360 quavis
1448 4299 1656 4346 natura
1709 4309 1842 4348 cum
1877 4295 1960 4349 al-

299 4379 422 4429 tera
455 4375 842 4446 proprietates
872 4393 1012 4433 suas
1045 4383 1519 4434 communicante
1563 4387 1797 4451 propter
1832 4399 1958 4452 per-

299 4479 456 4518 sonae
475 4463 868 4534 identitatem,
893 4466 1197 4521 etillarum
1225 4475 1492 4522 mutuam
1523 4469 1670 4522 inter
1691 4487 1754 4523 se
1785 4477 1852 4525 ut
1880 4471 1965 4525 ita

2067 3323 2296 3388 νοοῦμεν
2336 3317 2418 3370 ἐπ’
2447 3315 2614 3379 αὐτῆς
2645 3318 2710 3370 τὰ
2733 3323 2833 3384 τῆς
2863 3317 3118 3384 θεότητος
3161 3315 3451 3389 ἰδιώματα.
3485 3318 3561 3374 Οὑ
3609 3321 3712 3394 γάρ

2069 3427 2240 3484 φαμεν
2275 3405 2670 3477 ἀνθρωπότητα
2701 3402 2968 3460 ἇῖκτιστον.
3001 3406 3122 3459 Ἐπὶ
3157 3404 3212 3460 δὲ
3249 3413 3349 3474 τῆς
3399 3413 3522 3478 μιᾶς
3575 3408 3711 3462 ὑπο-

2063 3498 2301 3554 στάσεως
2347 3493 2452 3568 οὐχ
2483 3491 2677 3555 οὕτως.
2713 3493 2889 3548 Ἀλλὰ
2939 3493 3281 3569 θαρῥούντως
3328 3493 3706 3568 ὁμολογοῦμεν

2061 3585 2152 3638 καὶ
2189 3583 2368 3656 μόνως
2399 3582 2526 3635 Θεὸν
2559 3581 2647 3636 καὶ
2697 3581 2874 3652 μόνως
2919 3581 3224 3656 ἄνθρωπον,
3255 3583 3344 3636 καὶ
3393 3582 3454 3636 τὸ
3505 3603 3709 3654 συναμ-

2067 3672 2290 3749 φότερον
2352 3669 2599 3744 Χριστόν.
2635 3669 2814 3725 Ἀλλὰ
2855 3671 2944 3724 καὶ
2995 3672 3123 3726 Θεὸν
3175 3671 3425 3746 λέγοντες
3473 3671 3564 3726 καὶ
3617 3673 3714 3726 ἆν-

2067 3763 2285 3833 Θρωπον
2343 3764 2600 3831 νοοῦμεν,
2642 3760 2731 3813 καὶ
2791 3757 3076 3833 ἄνθρωπον
3141 3759 3387 3834 λέγοντες
3447 3761 3536 3815 καὶ
3587 3762 3718 3816 Θεὸν

2069 3847 2481 3923 ὁμολογοῦμεν,
2529 3847 2618 3902 καὶ
2667 3848 2758 3900 τὸν
2823 3847 2983 3902 αὑτὸν
3030 3848 3261 3922 λέγομεν
3308 3849 3398 3903 καὶ
3439 3850 3529 3904 τὸν
3588 3850 3719 3904 Θεὸν

2065 3939 2332 4005 παθητὸν,
2365 3939 2481 3990 καθ’
2539 3937 2568 3990 '6
2617 3933 2924 4010 ἅνθρωπος,
2973 3937 3063 3990 καὶ
3119 3934 3335 3991 παιδίον
3387 3939 3720 4013 προαιώνιον

2067 4027 2157 4082 καὶ
2215 4025 2480 4100 ἄναρχον,
2507 4029 2623 4088 καθ’
2657 4027 2684 4079 ὃ
2719 4025 2869 4088 Θεός.
2905 4025 3006 4082 Καὶ
3063 4025 3221 4087 οὗτός
3281 4027 3422 4081 ἐστιν
3463 4029 3491 4082 ὁ
3521 4027 3725 4102 τρόπος

2072 4113 2396 4174 ἀντιδόσεως
2449 4114 2698 4188 ἑκατέρας
2760 4113 2969 4190 φύσεως
3015 4111 3396 4184 ἀντιδιδούσης
3444 4119 3512 4189 τῇ
3571 4115 3728 4190 ἑτέρᾳ

2069 4206 2135 4258 τὰ
2178 4201 2286 4257 ἴδια
2321 4201 2412 4256 διὰ
2441 4204 2538 4270 τὴν
2577 4210 2680 4270 τῆς
2735 4204 3080 4264 ὑποστάσεως
3124 4203 3451 4274 ταυτότητα,
3479 4205 3568 4260 καὶ
3625 4207 3726 4274 τὴν

2071 4292 2146 4354 εἷς
2181 4289 2402 4360 ἁλληλα
2435 4291 2613 4346 αὐτῶν
2653 4291 3056 4367 περιχώρησιν.
3085 4297 3279 4359 Τοῦτο,
3312 4290 3546 4348 δέσποτά
3596 4315 3724 4366 μου,

2071 4380 2280 4450 πλάνην
2319 4379 2540 4452 ἐμποιεῖ
2575 4377 2794 4449 πολλὴν
2843 4385 2958 4442 τοῖς
3009 4382 3324 4456 αἱρετικοῖς,
3361 4383 3437 4455 μὴ
3491 4380 3724 4455 δυναμέ-

2071 4489 2189 4530 νοις
2221 4466 2514 4542 διαγνῶναι
2545 4469 2608 4522 τὸ
2641 4469 2805 4540 βάθος
2837 4475 2936 4537 τῆς
2978 4469 3322 4542 οἰκονομίας.

305 4551 496 4607 dicam
532 4555 1016 4625 permeationem.
1047 4559 1106 4610 ln
1139 4557 1270 4623 hoc,
1305 4558 1380 4611 mi
1415 4559 1674 4624 domine,
1710 4561 1896 4614 multa
1927 4566 2125 4618 errant
2153 4559 2427 4627 haeretici,
2461 4561 2600 4614 dum
2631 4561 2967 4616 meonomiae
2997 4561 3054 4614 in
3086 4561 3318 4616 Christo
3349 4561 3716 4632 profundita-

299 4645 420 4696 tem
451 4642 794 4714 dignoscere
826 4651 1144 4716 nequeunt.

773 4751 855 4805 13.
895 4753 964 4806 De
997 4753 1192 4808 divina
1231 4755 1456 4808 unione.

379 4842 560 4894 Nosse
591 4841 794 4907 debes,
827 4843 1062 4896 domine
1095 4843 1172 4896 mi
1205 4848 1380 4914 atque
1431 4847 1772 4914 imperator,
1805 4846 1956 4915 quod

308 4933 516 4982 natura
537 4929 733 4984 divina
761 4929 988 5000 integra
1007 4934 1096 4985 est
1118 4931 1174 4984 in
1204 4931 1466 5001 qualibet.
1507 4949 1756 5004 persona
1777 4933 1958 4988 deita-

304 5015 402 5083 tis,
435 5015 663 5088 integra
695 5019 752 5072 in
785 5019 976 5084 Patre,
1007 5019 1064 5072 in
1101 5019 1242 5074 Filio
1273 5019 1525 5092 integra,
1562 5025 1618 5076 et
1647 5021 1872 5092 integra
1897 5022 1956 5076 in

302 5103 524 5172 Spiritu
559 5109 930 5163 sancto.Cum
959 5110 1156 5180 itaque
1183 5109 1522 5164 incarnatus
1547 5115 1725 5164 estex
1759 5115 1960 5165 sancta

300 5191 799 5258 Trinitate,Filius
833 5212 1040 5266 nempe
1077 5197 1191 5262 Dei,
1219 5197 1509 5268 integram
1545 5215 1610 5252 ac
1643 5198 1952 5269 perfectam

303 5279 586 5335 docemus
611 5287 878 5338 naturam
915 5287 1150 5342 deitatis
1188 5287 1246 5340 in
1273 5304 1450 5342 unam
1482 5305 1792 5358 personam
1827 5288 1956 5342 uni-

304 5373 424 5423 tam
446 5385 574 5424 esse
609 5387 740 5424 cum
779 5371 1004 5444 integra
1038 5381 1250 5430 natura
1281 5375 1540 5432 humana
1575 5395 1586 5432 :
1614 5377 1950 5448 neutiquam

299 5474 432 5514 vero
457 5457 709 5514 dicimus
735 5465 848 5516 tres
867 5479 1146 5533 personas
1171 5469 1388 5522 sancta:
1418 5465 1653 5521 deitatis
1677 5465 1953 5521 omnibus

2461 4755 2544 4829 ιγ’.
2579 4753 2708 4829 Περὶ
2737 4761 2837 4824 τῆς
2869 4753 3011 4816 Θείας
3047 4753 3307 4817 ένὼσεως.

2136 4841 2406 4920 Ὀφείλεις
2459 4839 2678 4912 εἰδέναι,
2711 4839 2944 4896 δέσποτὰ
2995 4865 3098 4916 μου
3151 4841 3394 4919 βασιλεῦ,
3425 4843 3499 4904 ὡς
3545 4846 3579 4912 ἡ
3617 4851 3716 4914 τῆς

2069 4930 2324 5001 θεότητος
2377 4930 2534 5008 φύσις
2601 4935 2744 4984 πᾶσα
2784 4929 3010 4995 τελείως
3059 4931 3198 4986 ἐστὶν
3255 4931 3305 4986 ἐν
3362 4933 3554 5006 ἑκάστῃ
3607 4938 3714 4989 τῶν

2066 5021 2240 5089 αὐτῆς
2299 5021 2662 5086 ὑποστάσεων,
2719 5025 2862 5096 πᾷσα
2921 5018 2968 5074 ἐν
3029 5021 3222 5096 Πατρῖ,
3279 5027 3420 5074 πᾶσα
3475 5019 3526 5076 ἐν
3583 5023 3712 5093 Υἳῷ,

2065 5115 2210 5162 πᾶσα
2251 5109 2303 5162 ἐν
2333 5107 2469 5182 ἁγίῳ
2510 5107 2804 5181 Ilva-Spem.
2837 5107 2938 5162 Καῖ
2969 5107 3020 5163 έν
3053 5113 3121 5182 τῇ
3172 5108 3568 5184 ένανορωπῆσει
3625 5109 3716 5164 οῦν

2063 5202 2163 5250 τοῦ
2225 5197 2339 5256 ἑνὸς
2399 5205 2498 5266 τῆς
2559 5197 2714 5271 ἁγίας
2771 5195 2999 5272 Τριάδος
3057 5199 3184 5252 Υἱοῦ
3213 5202 3308 5252 τοῦ
3357 5203 3510 5266 Θεοῦ,
3545 5203 3715 5253 πᾶσαν

2063 5285 2154 5340 καὶ
2183 5285 2395 5340 τελείαν
2431 5283 2840 5361 δογματίζομτν
2867 5287 2965 5355 τὴν
2999 5285 3155 5364 φύσιν
3187 5293 3286 5356 τῆς
3350 5287 3604 5356 θεότητος
3663 5287 3710 5341 ἐν

2067 5379 2166 5447 μιᾷ
2210 5379 2319 5429 τῶν
2369 5377 2538 5444 αὐτῆς
2589 5374 2932 5430 ὑποστάσεων
2973 5375 3241 5441 ένωθῆναι
3297 5375 3440 5449 πάσῃ
3497 5379 3563 5450 τῇ
3623 5376 3713 5430 ἇν-

2064 5463 2310 5538 θρωπίνῃ
2340 5463 2514 5540 φύσει.
2548 5463 2620 5519 Οὐ
2673 5465 2782 5538 μὴν
2835 5464 3087 5542 Λέγομεν,
3120 5466 3202 5520 ὅτι
3263 5465 3316 5520 αἱ
3371 5469 3516 5540 τρεῖς
3576 5465 3708 5520 ὑπο-

1897 5607 2126 5664 NOTAE.

380 5717 458 5790 (3)
489 5717 526 5772 i.
561 5733 612 5773 ο.
645 5717 828 5774 Deum
863 5719 1152 5788 universe,
1181 5721 1368 5778 tribus
1393 5725 1758 5779 constantem
1787 5725 2078 5795 personis,
2111 5731 2166 5780 et
2195 5728 2378 5781 totum
2412 5741 2597 5800 genus
2623 5726 2974 5783 humanum.
