4040 6146
329 360 451 421 697

1509 372 1612 431 DE
1657 373 2094 434 OMNIFARIA
2145 377 2558 437 DOC'l‘BlNA.

3623 368 3743 427 698

331 489 545 550 στάσεις
574 495 675 558 τῆς
703 490 852 567 ἆγίας
882 492 1137 564 θεότητος
1195 497 1391 559 πάσαις
1440 504 1560 564 ταῖς
1612 506 1711 570 τῆς
1767 502 1969 577 ἀνθρώ-

2091 506 2358 576 personis
2389 506 2666 562 humanis
2693 505 2891 560 unitas
2915 521 3042 560 esse
3074 501 3476 574 personaliter,
3509 502 3744 569 integrae

329 579 577 648 πότητος
613 581 939 635 ὑποστάσεσι
987 585 1103 637 καθ’
1138 585 1425 641 ὑπόστασιν
1460 589 1772 657 ἡνώθησαν.
1837 590 1985 665 Πάσῃ

329 664 390 720 δὲ
445 671 512 740 τῇ
573 668 884 744 ἀνθρωπίνῃ
947 672 1102 744 φύσει
1160 675 1332 750 φαμὲν
1387 675 1649 745 ἰνωθῆναι
1684 684 1854 732 πᾶσαν
1888 664 1983 748 τὴν

327 763 432 825 τῆς
490 757 745 828 θεότητος
797 758 1000 814 οὐσίαν.
1056 764 1184 817 Κατ’
1240 762 1431 819 ούδὲνα
1454 766 1554 842 γὰρ
1610 765 1772 841 λόγον
1815 789 1984 822 κεκοι-

328 848 574 916 νώνηκεν
626 848 654 901 6
687 851 872 923 Πατὴρ
901 851 990 904 καὶ
1040 851 1102 906 τὸ
1154 858 1372 926 Πνεῦμα
1397 856 1457 908 τὸ
1488 854 1642 931 ἄγιον
1673 861 1742 930 τῇ
1775 859 1986 931 σαρκώ-

328 958 410 991 σει
435 943 532 992 τοῦ
563 944 696 993 Θεοῦ
731 940 919 1014 Δόγου,
981 941 1024 996 εἰ
1079 944 1154 1015 μὴ
1185 946 1301 999 κατ’
1357 943 1609 1001 εὐδοκίαν
1649 947 1739 1002 καὶ
1777 947 1982 1022 βούλη-

331 1047 438 1082 σιν.
502 1032 652 1082 Πᾶσα
708 1029 797 1082 οὖν
853 1033 888 1099 ἡ
941 1031 1096 1108 φύσις
1156 1034 1220 1087 οὐ
1279 1036 1414 1089 κατὰ
1467 1041 1644 1109 μερῶν
1705 1036 1756 1090 ἐν
1787 1040 1854 1101 τῆ
1885 1042 1982 1092 τοῦ

327 1117 573 1190 Χριστοῦ
605 1117 894 1174 ὑποστάσει
928 1127 1257 1198 συνεργεῖται
1289 1127 1367 1196 τῷ
1396 1128 1531 1197 Θεῷ.

786 1221 829 1278 δ’
995 1227 1008 1246 \
1087 1227 1110 1262 Ἰ
1297 1230 1311 1249 ν
1467 1229 1477 1248 Ι

767 1246 780 1278 ι
838 1271 848 1282 .
883 1231 1010 1300 Περι
1046 1249 1254 1302 φάσεως
1287 1241 1563 1292 απαθειας.

404 1328 674 1407 ὐφείλεις
729 1331 1027 1406 ὁμολογεῖν
1074 1333 1155 1388 ὅτι
1215 1338 1248 1404 ἡ
1307 1337 1464 1411 φύσις
1493 1340 1589 1390 τοῦ
1617 1338 1796 1412 Λόγου
1828 1337 1980 1412 ἐσαρ-

324 1419 480 1487 κώΟη
539 1419 664 1488 ἤτοι
717 1421 905 1491 ἠνώθη
941 1422 1117 1497 σαρκί.
1153 1423 1228 1479 Οὐ
1285 1425 1357 1496 μὴ
1394 1423 1474 1478 ὅτι
1509 1428 1542 1494 ἡ
1578 1425 1734 1503 φύσις
1764 1426 1859 1482 τοῦ
1883 1428 1982 1482 Λό-

322 1529 430 1582 γου
474 1503 633 1562 ἔπαθε
666 1510 844 1583 σαρκὶ,
875 1509 1000 1565 ἀλλ’
1033 1512 1114 1566 δτι
1175 1514 1202 1566 6
1234 1513 1462 1588 Χριστὸς
1494 1511 1655 1569 ἔπαθε
1687 1516 1861 1591 σαρκί·
1898 1515 1978 1570 ὅτι

330 1597 425 1668 μὲν
487 1598 586 1672 γὰρ
649 1599 676 1651 ὁ
735 1600 864 1662 Θεὸς
917 1598 1197 1675 ἅνθρωπος
1246 1603 1453 1676 γέγονε,
1513 1603 1600 1657 καὶ
1636 1606 1919 1678 ἄνθρωπος
1953 1607 1978 1659 6

326 1686 458 1747 Θεὸς
519 1685 921 1762 ὁμολογοῦμεν.
971 1690 1065 1743 Καὶ
1120 1689 1201 1744 ὅτι
1262 1693 1295 1758 ἡ
1349 1690 1539 1761 θεότης
1572 1693 1755 1762 ἧνώθη
1788 1697 1854 1766 τῇ
1887 1693 1976 1747 ἀν-

326 1775 643 1849 θρωπότητι
677 1776 726 1830 ἒν
784 1782 880 1849 μιᾷ
933 1783 1041 1832 τῶν
1099 1777 1265 1848 αὐτῆς
1326 1781 1689 1852 ὑποστάσεων,
1727 1784 1977 1854 μεμαθή-

2098 611 2230 648 vero
2251 599 2388 650 natu
2400 613 2474 650 rae
2497 595 2766 650 humanae
2782 594 3066 664 integram
3088 590 3329 645 Deitatis
3355 588 3745 643 substantiam

2099 683 2324 739 unitam
2358 700 2485 740 esse
2519 685 2904 740 affirmamus.
2940 680 3110 736 Nulla
3140 680 3295 735 enim
3330 680 3552 732 ratione
3582 677 3751 731 Pater

2097 777 2151 825 et
2194 773 2446 844 Spiritus
2481 777 2721 828 sanctus
2752 788 2887 828 cum
2933 768 3334 825 incarnatione
3383 765 3554 820 Verbi
3587 782 3743 820 com-

2097 862 2435 928 municavit,
2472 863 2584 917 nisi
2645 860 3064 933 complacendo
3116 864 3172 913 et
3217 856 3482 912 volendo.
3517 857 3749 926 Integra

2094 950 2272 1021 igitur
2303 941 2532 1021 natura,
2566 969 2668 1006 nec
2703 968 2834 1022 pars
2864 952 2992 1021 ejus
3023 953 3252 1003 tantum
3283 946 3340 1000 in
3371 944 3587 1001 Christi
3619 960 3747 1016 per-

2097 1056 2240 1095 sona
2271 1046 2544 1112 operatur
2573 1041 2770 1096 divina
2800 1038 3155 1110 operatione.

2336 1238 2420 1291 14.
2455 1238 2527 1291 De
2555 1241 2774 1291 natura:
2803 1235 3005 1290 divinae
3036 1231 3501 1304 impossibilitate.

2167 1343 2458 1398 Fateberis
2491 1344 2693 1414 utique
2724 1350 2995 1396 naturam
3029 1339 3198 1394 Verbi
3230 1338 3594 1392 incarnatam
3617 1336 3740 1391 sive

2093 1435 2252 1486 carui
2287 1436 2512 1486 unitam
2546 1433 2826 1487 esse.Non
2860 1431 2989 1484 ideo
3024 1437 3231 1482 natura
3257 1425 3431 1480 Verbi
3455 1442 3628 1497 passa
3651 1430 3742 1479 est

2093 1520 2148 1573 in
2183 1536 2376 1590 carne,
2411 1523 2508 1575 sed
2544 1520 2814 1574 Christus
2852 1523 2906 1574 in
2944 1534 3116 1572 carne
3149 1531 3357 1587 passus
3386 1518 3474 1568 est
3507 1530 3519 1567 :
3555 1518 3735 1568 Deum

2091 1609 2244 1663 enim
2298 1608 2595 1662 hominem
2647 1616 2703 1662 et
2748 1608 3044 1661 hominem
3101 1607 3279 1659 Deum
3332 1605 3548 1656 factum
3609 1617 3739 1655 esse

2091 1697 2796 1752 coniiteniur.Didicimus
2821 1711 3054 1766 quoque
3077 1693 3441 1747 divinitatem
3467 1707 3594 1745 esse
3619 1691 3743 1744 uni-

2089 1791 2206 1840 tum
2245 1787 2596 1841 humanitati
2651 1787 2708 1840 in
2768 1803 2883 1839 una
2931 1799 3180 1856 persona
3213 1781 3471 1834 humana
3506 1797 3518 1834 :
3555 1779 3737 1833 deita-

322 1884 518 1936 καμεν,
579 1862 660 1919 ὅτι
720 1863 776 1920 δὲ
826 1869 859 1936 ἡ
893 1868 1083 1937 θεότης
1133 1869 1416 1943 ἅνθρωπος
1459 1869 1698 1944 γέγονεν,
1739 1872 1772 1940 ἢ
1817 1871 1969 1943 ἐνην-

2086 1880 2199 1929 tein
2231 1880 2429 1930 autem
2462 1877 2762 1929 hominem
2796 1890 2923 1929 esse
2966 1873 3198 1932 factam,
3230 1868 3312 1923 vel
3349 1869 3736 1934 incarnatam,

325 1953 637 2024 θοώπησεν,
701 1952 957 2027 οὐδαμῶς
1020 1957 1364 2030 ἀκηκόαμεν.
1419 1959 1568 2012 Ἐπεὶ
1629 1957 1683 2013 δὲ
1741 1961 1828 2013 οὗν
1887 1957 1981 2016 δύο

329 2040 516 2117 φῦσεις
587 2047 685 2096 τοῦ
746 2048 997 2118 Χριστοῦ,
1064 2042 1158 2098 δύο
1210 2045 1373 2099 αὖτοῦ
1430 2047 1515 2100 καὶ
1575 2047 1639 2100 τὰ
1697 2048 1982 2121 θελήματα

323 2131 547 2192 πάντως
597 2132 664 2184 τὰ
721 2133 936 2209 summi,
971 2133 1058 2186 καὶ
1120 2133 1407 2203 Θελητικὸς
1440 2135 1579 2189 ἐστιν
1612 2136 1639 2189 6
1672 2135 1830 2198 αὐτὸς
1862 2139 1985 2192 κατ’

317 2216 489 2295 ἄμφω
517 2223 626 2274 τῶν
675 2219 838 2274 αὑτοῦ
892 2221 1123 2298 φύσεων.
1173 2223 1287 2289 Τὴν
1326 2222 1425 2298 γὰρ
1461 2228 1699 2299 φυσικῶς
1750 2225 1976 2300 ἐνυπάρ-

319 2326 534 2382 χουσαν
594 2311 730 2382 ἡμῖν
762 2308 1055 2380 θελητικήν
1086 2308 1312 2383 δύναμιν
1348 2306 1592 2368 ἀνέλαϐε.
1629 2313 1731 2367 Δύο
1764 2311 1853 2368 οὖν
1886 2317 1974 2368 καὶ

314 2396 416 2457 τὰς
440 2393 708 2472 ἐνεργείας
741 2399 908 2452 αὐτοῦ
937 2419 1126 2476 φαμεν·
1163 2401 1281 2474 εἶχε
1314 2402 1408 2472 μὲν
1440 2401 1566 2474 γὰρ,
1605 2401 1678 2463 ὡς
1717 2402 1810 2474 μεν
1845 2410 1974 2465 Θεος

319 2484 414 2537 καὶ
440 2489 518 2556 τῷ
575 2488 742 2560 Πατρῖ
774 2487 1089 2560 ὁμοούσιος,
1121 2490 1218 2558 τὴν
1252 2489 1392 2542 θείαν
1429 2489 1712 2565 ἐνέργειαν,
1770 2493 1857 2544 καὶ
1902 2493 1973 2553 ὡς

321 2571 609 2650 ἄνθρωπος
642 2575 934 2650 γενόμενος
983 2577 1071 2631 καὶ
1122 2579 1256 2650 ἡμῖν
1291 2577 1605 2652 ὁμοούσιος,
1637 2587 1734 2648 τῆς
1763 2580 1969 2656 ἀνθρω-

319 2661 484 2734 πίνης
514 2664 721 2741 φύσεως
754 2666 850 2734 τὴν
881 2664 1169 2742 ἐνέργειαν.

920 2847 999 2901 ιε’.
1035 2846 1132 2908 Τίς
1167 2847 1194 2901 ὁ
1222 2846 1369 2910 Θεός.

393 2930 530 2988 Οὔτε
560 2935 587 2988 6
619 2932 844 3010 οὐρανὸς
877 2932 1159 3003 Θεὸς,οὕτε
1189 2938 1216 2990 6
1247 2934 1430 3007 ἥλιος,
1456 2931 1577 2990 οὔτε
1609 2933 1749 2990 ἄλλο
1780 2957 1828 2990 τι
1858 2941 1964 2991 τῶν

321 3020 637 3094 ὁρωμένων,
672 3019 796 3077 ἀλλ’
830 3021 955 3077 οὑδὶ
986 3024 1013 3078 6
1044 3021 1424 3097 πολυτίμητος
1453 3024 1543 3078 καὶ
1574 3023 1966 3100 πολυθρύλλη-

315 3129 413 3170 τος
469 3114 608 3172 νοῦς·
643 3108 772 3165 οὐδὲ
801 3109 916 3165 ῗδὲα
967 3134 1050 3174 τις
1109 3113 1244 3167 κατὰ
1274 3111 1536 3170 Πλάτωνα
1577 3115 1825 3189 χωριστή
1860 3135 1965 3169 σω-

318 3199 526 3270 μάτων,
587 3199 712 3255 ἀλλ’
773 3197 897 3254 οὐδὲ
955 3201 1110 3278 φᾶσις
1166 3202 1312 3266 ὅλως
1343 3203 1650 3278 ἐγκόσμιος,
1685 3200 1808 3258 ἀλλ’
1843 3201 1966 3258 οὐδὲ

318 3288 456 3356 ζωὴ,
518 3285 642 3342 οὑδὲ
698 3293 833 3366 φῶς,
893 3288 991 3343 οὐκ
1041 3290 1425 3362 ἀσωματότης,
1487 3291 1585 3345 οὐκ
1613 3289 1795 3362 ἀϋλία,
1848 3291 1969 3346 οὕτε

317 3375 564 3447 αἰσθήσει
623 3378 810 3440 θεατὸς
869 3379 991 3432 οὒτε
1047 3384 1123 3450 νῷ
1181 3380 1411 3450 ληπτός·
1475 3379 1616 3435 ἀλλά
1665 3402 1747 3442 τις
1816 3381 1967 3451 ἑτέρα

316 3463 476 3542 φύσις
525 3466 954 3542 ἀνεξερεύνητος,
991 3468 1080 3522 καὶ
1116 3469 1277 3522 αὐτοῦ
1328 3467 1579 3541 δύναμις,
1611 3469 1645 3538 ἢ
1692 3490 1748 3523 τε
1798 3490 1962 3546 φρου-

316 3555 518 3627 ρητική
573 3555 608 3624 ἢ
664 3576 724 3609 τε
785 3557 1146 3631 ζωογόνος,ἦ
1193 3579 1252 3612 τε
1278 3559 1612 3633 ἀναγωγικὴ,
1654 3558 1743 3612 καὶ
1776 3556 1966 3620 ἁπλῶς

315 3649 485 3697 πᾶσαι
556 3645 610 3698 αἱ
683 3642 937 3717 δυνάμεις
1016 3646 1178 3700 αὐτοῦ
1248 3649 1460 3721 ἄπειροί
1538 3647 1638 3701 εἷ’σι
1697 3648 1786 3702 καὶ
1847 3647 1963 3702 ἀνέ-

311 3729 582 3802 κληπτοι,
635 3732 724 3788 καὶ
771 3733 932 3796 αὐτὸς
964 3735 1186 3810 ἄπειρος
1217 3736 1305 3790 καὶ
1336 3737 1472 3790 κατὰ
1502 3737 1678 3812 ἀρχὴν
1710 3737 1799 3790 καὶ
1831 3737 1964 3792 κατᾶ

307 3819 494 3883 τέλος,
556 3821 655 3876 Καὶ
712 3823 773 3876 τὸ
836 3823 928 3894 μὲν
964 3820 1073 3877 ἅνω
1117 3825 1282 3878 αὐτοῦ
1313 3822 1549 3899 ἄναρχον
1614 3825 1962 3897 ὀνομάζεται,

308 3911 374 3964 τὸ
408 3907 464 3964 δὲ
488 3911 635 3964 κάτω
666 3910 1045 3982 ἀτελεύτητον,
1068 3914 1128 3966 τὸ
1163 3911 1218 3967 δὲ
1247 3913 1455 3986 ξύμπαν
1491 3913 1734 3970 αἶ’ώνιον.
1770 3915 1959 3970 Ἀπει-

312 4023 408 4078 ρος
441 4001 530 4056 οὖν
556 4005 654 4072 τὴν
690 4001 914 4076 δύναμιν
943 4006 970 4058 6
1003 4005 1156 4073 Θεὸς,
1191 4003 1434 4080 ἄναρχός
1461 4027 1519 4060 τε
1549 4006 1638 4060 καὶ
1670 4005 1962 4076 ἆτελεύση-

303 4111 400 4151 τος
430 4091 518 4144 καὶ
549 4090 790 4153 αἰώνιος.
825 4094 999 4147 Τοῦτο
1033 4090 1090 4146 δὲ
1137 4093 1228 4146 καὶ
1273 4095 1300 4148 6
1341 4093 1611 4169 Θεολόγος
1657 4094 1960 4170 Γρηγόριος

305 4182 388 4250 τῷ
417 4175 531 4234 ὄντι
564 4177 896 4256 θεολογικῶς
931 4178 1247 4257 διορίζεται.

387 4377 472 4438 ις’.
509 4379 632 4438 Πῶς
664 4372 776 4430 οἶδε
807 4377 936 4438 Θεὸς
967 4375 1034 4431 τὰ
1073 4371 1528 4450 μεταϐαλλόμενα
1571 4379 1886 4453 πράγματα.

385 4534 503 4610 Οὐχ
532 4535 606 4598 ὡς
638 4535 754 4612 ἔχει
786 4537 851 4590 τὰ
879 4537 1175 4612 πράγματα
1208 4536 1456 4612 γινώσκει
1517 4538 1544 4591 ὁ
1598 4540 1725 4600 Θεὸς
1772 4543 1957 4610 ταῦτα,

2095 1971 2192 2018 aut
2235 1965 2494 2019 humana
2538 1965 2806 2018 indutam
2856 1969 3068 2016 natura
3113 1958 3454 2028 neutiquam
3507 1955 3740 2010 audivi-

2093 2070 2245 2107 mus.
2276 2058 2416 2107 Cum
2452 2070 2582 2108 vero
2611 2053 2738 2106 duae
2773 2049 3122 2106 sintChristi
3155 2046 3574 2112 naturae,etiam
3607 2046 3736 2098 duae

2090 2151 2227 2197 sunt
2260 2144 2388 2212 ejus
2437 2142 2736 2197 naturales
2784 2141 3132 2203 voluntates,
3165 2142 3220 2191 et
3264 2137 3387 2206 ipse
3439 2133 3737 2188 voluntate

2088 2233 2303 2303 gaudet
2332 2233 2657 2288 secundum
2694 2237 3007 2300 utramque
3041 2236 3336 2292 naturam,
3359 2225 3647 2296 siquidem
3679 2228 3736 2278 et

2087 2309 2422 2376 facultatem
2473 2319 2726 2388 volendi,
2768 2337 2893 2390 quae
2945 2318 3114 2372 nobis
3167 2313 3506 2369 naturaliter
3559 2314 3732 2380 inest,

2084 2409 2428 2480 assumpsit.
2479 2408 2746 2480 Duplices
2795 2409 2973 2478 igitur
3023 2413 3082 2460 et
3125 2402 3493 2476 Operationes
3542 2401 3731 2472 ipsius

2081 2515 2208 2552 esse
2239 2497 2624 2552 ullirmamus.
2646 2497 2718 2552 Ut
2747 2497 2900 2551 Deus
2931 2494 3087 2550 enirn
3118 2499 3176 2548 et
3207 2490 3730 2547 consubstantialis

2081 2587 2236 2641 Patri
2269 2585 2463 2641 divina
2494 2587 2709 2658 gaudet
2740 2583 3205 2656 Operatione,sed
3237 2587 3522 2652 tanquam
3555 2579 3728 2633 homo

2078 2677 2266 2732 tactus
2298 2681 2352 2732 et
2384 2674 2906 2731 consubstantialis
2940 2672 3416 2739 nobis,humanas
3434 2669 3726 2740 Operatio-

2079 2766 2172 2821 nis
2199 2781 2312 2820 non
2345 2769 2434 2820 est
2462 2781 2688 2836 expers.

2683 2852 2770 2907 45.
2804 2853 2934 2919 Quis
2963 2853 3117 2906 Deus.

2149 2944 2343 3014 Neque
2389 2943 2600 2998 caelum
2638 2944 2807 3010 Deus,
2842 2957 2946 2995 nec
2997 2939 3106 3002 sol,
3141 2955 3326 3009 neque
3358 2935 3517 2992 aliud
3551 2937 3722 3008 quid-

2079 3048 2256 3103 quam
2289 3049 2491 3087 eorum
2525 3049 2651 3102 qua;
2684 3029 3144 3096 cernuntur,sed
3178 3042 3366 3098 neque
3396 3025 3721 3081 honoratis—

2078 3122 2228 3174 sima
2259 3137 2324 3174 ac
2372 3119 2834 3174 celebratissima
2885 3117 3190 3171 hominum
3248 3115 3489 3169 vocibus
3538 3129 3725 3179 mens,

2081 3225 2267 3278 neque
2311 3209 2440 3264 idea
2471 3225 2502 3262 a
2534 3208 2899 3278 corporibus,
2932 3215 2994 3260 ut
3048 3207 3215 3258 docet
3247 3204 3428 3270 Plato,
3461 3209 3730 3272 separata

2081 3315 2144 3352 ac
2178 3299 2461 3367 sejuncta,
2495 3313 2684 3367 neque
2725 3301 2936 3350 natura
2985 3293 3211 3359 mundi,
3248 3308 3433 3362 neque
3483 3292 3600 3345 vita
3631 3295 3732 3344 aut

2078 3385 2493 3458 lumen,neque
2525 3384 3068 3456 incorporalitas,ut
3097 3382 3180 3436 ita
3208 3381 3482 3444 dicam,et
3514 3379 3726 3433 imma-

2076 3475 2382 3532 terialitas.
2417 3477 2616 3546 Neque
2649 3492 2827 3530 sensu
2860 3473 3111 3528 visibilis
3145 3487 3333 3541 neque
3375 3476 3568 3524 mente
3599 3487 3729 3540 per-

2075 3565 2365 3636 ceptibilis
2397 3572 2506 3634 est,
2539 3567 2639 3620 sed
2690 3563 2805 3618 alia
2849 3559 3376 3632 imperscrutabilis
3406 3563 3638 3623 natura,
3673 3563 3730 3612 et

2077 3655 2334 3724 potentia
2363 3655 2514 3724 ejus,
2550 3651 2947 3708 conservatrix
2977 3650 3283 3719 datrixque
3330 3648 3460 3702 vitis
3494 3659 3548 3700 et
3595 3664 3726 3716 pro-

2076 3743 2324 3809 ductrix,
2356 3749 2413 3797 et
2444 3743 2623 3798 semel
2659 3748 2721 3796 ut
2755 3742 2968 3809 dicam,
2999 3755 3203 3794 omnes
3251 3736 3441 3807 ipsius
3486 3733 3729 3789 faculta-

2073 3834 2160 3885 tes
2192 3831 2431 3886 inlinitaa
2463 3837 2604 3886 sunt
2634 3836 2692 3886 et
2724 3829 2997 3900 principii
3033 3827 3255 3882 ratione
3286 3835 3339 3879 et
3368 3824 3522 3878 linis.
3548 3825 3730 3892 Atque

2074 3918 2236 3974 illius
2268 3919 2504 3990 quidem
2539 3924 2809 3990 respectu
2841 3917 2969 3973 sine
3016 3914 3300 3987 principio
3331 3928 3458 3967 esse
3491 3911 3725 3977 dicitur,

2074 4009 2297 4062 ratione
2329 4007 2506 4078 hujus
2538 4025 2669 4062 vero
2703 4006 2827 4062 sine
2860 4007 2994 4073 ﬁne,
3027 4005 3135 4058 hoc
3167 4008 3255 4057 est
3293 4000 3532 4056 omnino
3564 4005 3724 4053 azter-

2074 4114 2206 4152 nus.
2262 4096 2496 4150 lnfinita
2554 4096 2736 4166 igitur
2787 4097 3076 4165 potestate
3125 4093 3302 4155 Deus,
3353 4096 3409 4144 et
3455 4088 3725 4160 principii

2072 4185 2328 4255 ﬁnisque
2358 4201 2561 4255 expers
2593 4193 2646 4238 et
2692 4189 2943 4238 eternus
2975 4186 3064 4236 est
3096 4197 3110 4236 :
3141 4181 3292 4251 quod
3329 4184 3385 4234 et
3415 4177 3727 4249 Gregorius

2072 4273 2404 4344 Theologus
2435 4289 2565 4326 vere
2594 4271 2917 4342 theologice
2949 4269 3164 4324 docuit.

2216 4381 2302 4433 16.
2339 4379 2611 4446 Quomodo
2639 4379 2865 4449 praescit
2895 4378 3031 4431 Deus
3060 4392 3144 4431 res
3173 4375 3581 4430 mutationibus

2741 4451 3009 4504 obnoxias
3031 4452 3055 4501 γ

2141 4542 2266 4592 Non
2301 4538 2505 4609 quales
2536 4542 2675 4593 sunt
2707 4553 2801 4592 res
2832 4536 2933 4591 tali
2954 4535 3284 4606 cognitione
3305 4532 3604 4604 cognoscit
3626 4549 3724 4588 eas

425 4631 438 4649 τ
515 4625 528 4644 ν
629 4623 654 4645 »ι
845 4626 858 4645 ν
907 4627 922 4644 \
1115 4628 1129 4648 ι
1222 4628 1234 4647 ν
1509 4629 1521 4646 1
1774 4628 1786 4643 κ
1919 4629 1930 4646 ι

312 4622 422 4680 ἀλλ
497 4647 569 4688 ως
629 4647 769 4681 εστιν
803 4647 961 4690 αυτος
1012 4647 1110 4681 κατ
1181 4627 1386 4682 ουσίαν.
1423 4629 1553 4684 Οἷον
1600 4626 1701 4682 εἰσι
1730 4649 1796 4682 τα
1825 4648 1960 4698 πρα-

2086 4627 2227 4682 Deus
2251 4647 2264 4696 ;
2290 4628 2388 4682 sed
2421 4626 2577 4698 quali
2599 4627 2724 4696 ipse
2744 4631 2832 4682 est
2854 4625 3130 4681 essentia.
3155 4624 3340 4691 Sic,v.
3364 4638 3446 4693 g.,
3470 4637 3562 4676 res
3585 4626 3725 4676 sunt

311 4733 496 4787 γματα
575 4717 838 4788 μεριστὰ,
899 4716 926 4770 6
985 4713 1042 4770 δὲ
1099 4716 1227 4778 Θεὸς
1285 4716 1599 4790 ἀμέριστος·
1653 4715 1962 4792 ἀμερίστως

288 4802 404 4864 ,οὖν
465 4801 577 4858 οἶδε
624 4806 690 4858 τὰ
742 4805 987 4877 μεριστά.
1020 4805 1126 4860 Καὶ
1157 4806 1322 4860 πάλιν
1353 4807 1421 4860 τὰ
1445 4806 1740 4881 πράγματα
1769 4803 1962 4860 ἀλλοι-

311 4891 423 4946 ωτᾶ
465 4893 553 4946 καὶ
609 4889 946 4966 μεταϐλητὰ,
981 4895 1009 4948 6
1037 4891 1094 4948 δὶ
1120 4895 1248 4956 Θεὸς
1298 4893 1666 4956 ἀναλλοίωτος
1707 4893 1799 4949 καὶ
1831 4895 1962 4967 ἀμε-

306 4975 606 5050 τάϐλητος·
657 4979 1030 5044 ἀναλλοίωτος
1065 4981 1154 5037 οὖν
1199 4981 1310 5038 οῗδε
1330 4983 1397 5038 τὰ
1444 4981 1748 5051 ἀλλοιωτὰ,
1780 4983 1964 5038 καὶτὰ

313 5064 632 5141 μεταϐλητὰ
689 5066 1104 5144 ἀμεταϐλήτως.
1157 5071 1342 5136 Οὕτως
1368 5071 1456 5126 και>
1506 5073 1572 5126 τὰ
1630 5073 1732 5127 ὑπὸ
1759 5067 1961 5147 χρόνον

309 5157 546 5219 αἷωνίως
605 5156 738 5227 οἶδε,
784 5160 872 5213 καὶ
919 5160 983 5213 τὰ
1012 5157 1344 5235 ἐνδεχόμενα
1389 5161 1716 5236 ἀναγκαίως,
1761 5160 1850 5214 καὶ
1898 5160 1962 5214 τὰ

314 5249 596 5318 σωματικᾶ
645 5248 968 5321 ἀσωμάτως·
1030 5247 1181 5305 Ἀλλ’
1240 5249 1338 5304 οὐκ
1402 5247 1588 5319 ἐπειδὴ
1638 5251 1890 5324 γινώσκει
1933 5251 1961 5303 6

311 5336 439 5397 Θεὸς
470 5336 773 5408 ἀσωμάτως
817 5338 880 5391 τὸ
918 5336 1098 5410 σῶμα,
1151 5337 1444 5409 ἠλλοιώθη
1498 5338 1665 5394 ἐκεῖνο
1705 5338 1794 5393 καὶ
1829 5339 1963 5393 ἀσώ-

319 5444 486 5496 ματον
515 5427 747 5500 γέγονεν.
811 5423 966 5482 Ἀλλ’
1019 5429 1052 5494 ἡ
1109 5427 1201 5499 μὲν
1251 5432 1346 5481 τοῦ
1391 5431 1524 5482 Θεοῦ
1570 5431 1771 5503 γνῶσις
1829 5427 1964 5482 κατὰ

315 5513 412 5581 τήν
473 5510 614 5568 ἷδίαν
667 5513 890 5588 ὕπαρξιν
940 5514 1192 5590 γινώσκει
1249 5515 1316 5571 τὰ
1344 5517 1660 5591 πράγματα.
1715 5514 1964 5572 Ἐκείνων

319 5599 376 5655 δὶ
403 5599 628 5657 ’ἑκαστον
671 5603 817 5676 μὲνει
866 5601 998 5670 ὅπερ
1025 5601 1156 5660 ἐστί.
1188 5606 1329 5674 Πρὸς
1357 5609 1482 5680 γοῦν
1511 5603 1640 5668 τοὺς
1690 5605 1963 5680 ἀποροῦν-

315 5709 410 5752 τας
449 5691 536 5746 καὶ
573 5690 827 5768 λέγοντας
856 5690 902 5747 εἶ
943 5687 1066 5766 ᾔδει
1118 5693 1146 5749 6
1178 5694 1307 5758 Θεὸς
1353 5694 1444 5750 τὸν
1475 5689 1656 5768 Ἀδὰμ
1703 5693 1770 5750 τὰ
1821 5689 1961 5748 ἐντε-

2074 4715 2339 4786 partibus
2361 4714 2684 4770 divisibiles
2710 4735 2724 4784 ;
2758 4715 2913 4770 Deus
2940 4714 3195 4785 partium
3219 4718 3276 4766 et
3299 4709 3606 4766 divisionis
3635 4726 3727 4764 ex-

2041 4876 2045 4880 .
2074 4821 2206 4876 pers
2231 4821 2242 4858 :
2270 4821 2360 4859 res
2383 4807 2581 4875 itaque
2605 4804 2873 4874 partibus
2899 4801 3222 4857 divisibiles
3260 4796 3607 4870 impartibili
3631 4814 3725 4851 ra-

2073 4893 2231 4948 tione
2261 4892 2763 4964 cognoscit.Porro
2795 4906 2886 4946 res
2919 4895 3058 4946 sunt
3090 4885 3416 4945 alterationi
3447 4889 3504 4941 et
3532 4889 3725 4941 muta~

2073 4981 2217 5037 tioni
2253 4979 2551 5048 obnoxiae;
2588 4985 2738 5036 Deus
2773 4979 3157 5034 inalterabilis
3184 4983 3239 5032 et
3271 4975 3424 5032 haud
3463 4973 3723 5029 mutabi-

2072 5070 2145 5126 lis
2181 5088 2191 5125 :
2230 5070 2536 5126 mutabilia
2588 5069 2771 5141 igitur
2801 5075 2856 5124 et
2888 5065 3219 5122 alterabilia
3251 5066 3554 5137 cognoscit
3583 5064 3724 5118 inal-

2072 5159 2395 5214 terabiliter
2441 5164 2497 5214 et
2528 5157 2996 5212 immutabiliter.
3029 5155 3111 5209 lta
3160 5155 3334 5210 etiam
3370 5171 3459 5208 res
3493 5157 3719 5223 tempo-

2074 5249 2259 5303 rarias
2316 5253 2531 5302 aeterna
2588 5247 2889 5319 cognoscit
2947 5246 3225 5311 ratione;
3286 5259 3534 5314 corpora
3581 5241 3719 5296 item

2071 5337 2295 5392 ratione
2354 5335 2877 5407 incorporali.Non
2938 5340 3132 5389 autem
3191 5333 3321 5387 ideo
3370 5329 3510 5401 quia
3567 5330 3721 5385 Deus

2072 5441 2316 5496 corpora
2345 5423 2696 5495 incorporali
2745 5422 2967 5478 ratione
2997 5421 3316 5493 cognoscit,
3346 5420 3474 5475 ideo
3507 5435 3720 5490 corpus

2073 5520 2358 5587 mutatur,
2411 5515 2592 5586 ﬁtque
2648 5512 3034 5586 incorporale.
3095 5513 3205 5569 Sed
3271 5514 3420 5568 Deus
3476 5509 3716 5580 quidem

2073 5605 2312 5662 scientia
2332 5621 2439 5662 sua
2457 5621 2550 5661 res
2572 5621 2674 5676 pro
2698 5603 2905 5660 divinis
2927 5603 3193 5660 essentia:
3227 5601 3451 5657 ratione
3473 5613 3717 5669 cognos-

2073 5693 2194 5763 cit;
2226 5693 2464 5751 illarum
2513 5698 2707 5751 autem
2758 5691 3033 5766 quaslibet
3073 5691 3230 5764 quod
3262 5693 3352 5746 est
3381 5689 3599 5744 manet.
3628 5683 3714 5738 Ad
