4046 6144
333 333 452 392 699

1673 339 1718 392 M
1733 335 2088 396 ICllAELIS
2133 335 2400 396 PSELLI

3627 335 3742 392 700

335 465 441 520 hos
465 466 646 536 igitur
661 468 762 537 qui
785 474 1020 522 movent
1041 470 1309 535 dubium,
1329 473 1716 540 quaeruntque
1749 467 1798 522 si
1829 468 1983 521 Deus

2099 465 2338 536 ταλμένα
2369 459 2695 537 παραϐῆναι,
2749 469 2868 526 πῶς
2915 465 3058 528 εἰκος
3114 467 3178 533 ἦν
3239 465 3440 520 ἐκεῖνον
3503 463 3748 539 γενέσθα’

335 555 986 625 ργωεοὶνθι-ἱῐΑὰειῐιιυῐιι
1007 559 1280 612 mandata
1303 575 1430 614 esse
1449 565 1978 630 transgressurum,

335 645 627 714 quomodo
661 645 784 699 fieri
837 647 1092 716 potuerit
1124 651 1188 701 ut
1239 649 1496 702 Adamus
1528 665 1640 700 non
1675 644 1984 717 peccaret?

335 734 495 798 Quod
523 734 678 788 enim
705 739 854 788 Deus
899 736 1210 806 pra‘scivit,
1241 737 1296 790 id
1327 735 1718 807 protoplastus
1739 751 1981 805 quomo-

335 823 406 876 do
431 822 1004 892 potuitevi'tare‘?,Ad
1029 825 1138 878 hoc
1180 825 1426 880 dubium
1469 825 1524 878 in
1570 831 1840 896 promptu
1876 823 1982 878 tibi

335 911 414 964 sit
443 912 816 982 respondere,
851 913 1004 982 quod
1037 913 1270 984 propria
1311 913 1464 968 Deus
1501 913 1714 968 virtute
1743 911 1898 968 novit
1927 916 1983 966 et

337 1017 464 1070 qua
489 1006 628 1054 sunt
650 1006 707 1054 et
740 1018 867 1071 qua;
894 1003 1087 1056 futura
1109 1009 1270 1068 sunt,
1305 1021 1410 1058 nec
1453 1007 1755 1058 mutantur
1785 1007 1982 1058 tamen

337 1105 450 1152 res,
483 1089 593 1144 etsi
627 1088 722 1144 ille
755 1091 1098 1160 perfectiora
1129 1093 1260 1146 illas
1295 1093 1518 1148 ratione
1556 1093 1685 1147 scit.
1720 1091 1986 1156 Quando-

332 1177 564 1246 quidem
601 1178 780 1244 igitur
809 1179 1334 1236 sciebatAdamum
1369 1183 1550 1236 fuisse
1569 1180 1982 1252 prolapsurum

327 1266 392 1322 in
426 1273 753 1338 peccatum,
791 1271 918 1339 ejus
954 1272 1214 1342 cognitio
1247 1289 1360 1326 non
1395 1273 1504 1326 fuit
1553 1272 1774 1326 homini
1805 1289 1984 1326 causa

331 1357 632 1426 peccandi.
665 1358 790 1428 Non
841 1360 996 1413 enim
1031 1361 1250 1430 eripuit
1299 1361 1346 1414 ei
1399 1360 1872 1431 aequilibritatem
1908 1361 1980 1414 ad

332 1445 716 1515 cpinandum,
750 1451 808 1503 et
843 1447 980 1501 boni
1029 1449 1078 1502 si
1111 1448 1281 1502 vellet
1309 1447 1560 1520 eligendi
1595 1448 1928 1502 facultatem
1965 1465 1977 1501 :

333 1535 434 1589 sed
459 1535 613 1589 Deus
635 1537 872 1606 quidem
899 1537 1266 1609 sciebatquid
1293 1539 1554 1593 futurum
1577 1538 1980 1604 esset,Adamo

332 1627 526 1678 autem
561 1641 675 1679 non
700 1631 900 1696 erepta
939 1631 1060 1680 erat
1092 1627 1274 1682 animi
1308 1629 1376 1682 ad
1413 1629 1630 1682 bonum
1659 1627 1978 1682 inclinandi

333 1713 608 1783 potentia.
633 1713 698 1767 Et
721 1715 981 1769 Adamus
1011 1717 1244 1786 quidem
1268 1717 1336 1770 ad
1362 1717 1652 1771 contraria
1673 1716 1978 1771 indeﬁnito

335 1803 506 1856 modo
531 1819 591 1856 se
613 1801 904 1858 habebat:
955 1803 1110 1859 Deus
1133 1810 1326 1860 autem
1348 1805 1717 1860 indefinitum
1741 1806 1979 1860 deﬁnita
2017 1839 2057 1902 Β

333 1891 721 1960 cognoscebat
754 1893 999 1948 ratione.
1035 1893 1190 1948 Sicut
1221 1894 1376 1949 enim
1409 1912 1621 1966 corpus
1653 1896 1980 1967 incorpora-

331 1979 483 2050 liter,
517 1981 602 2035 sic
631 1986 686 2035 et
719 1981 1092 2038 indeﬁnitum
1128 1985 1363 2040 definite
1395 1986 1574 2041 novit.

369 2089 455 2142 17.
491 2089 774 2156 Quodnam
799 2093 1048 2161 primum
1077 2094 1426 2154 elementum,
1460 2111 1492 2148 (ι
1525 2110 1629 2164 quo
1661 2094 1928 2148 mundum

847 2165 1072 2218 condere
1103 2167 1262 2234 erepit
1294 2171 1434 2219 Deus
1451 2169 1474 2218 ἱ)

403 2248 628 2320 Moyses
678 2251 938 2321 quidem,
973 2253 1072 2322 qui
1109 2255 1287 2308 Deum
1333 2254 1497 2319 vidit,
1529 2254 1672 2308 cmlo
1723 2253 1898 2308 simul
1931 2258 1984 2308 ct

330 2341 496 2392 terra:
529 2340 784 2410 primum
823 2343 1012 2396 locum
1037 2344 1298 2412 assignat
1325 2343 1380 2397 in
1408 2344 1609 2397 mundi
1633 2343 1982 2412 originibus.

335 2427 494 2481 Inter
524 2427 854 2484 Graecorum
910 2449 1043 2486 vero
1095 2433 1395 2503 sapientes
1423 2433 1520 2486 alii
1572 2431 1730 2486 aliud
1765 2431 1986 2502 opinati

335 2520 495 2570 sunt.
529 2516 808 2572 Nonnulli
862 2519 1016 2573 enim
1069 2525 1284 2574 terram
1339 2523 1654 2592 prait'crunt
1703 2525 1983 2590 tanquam

335 2611 600 2660 centrum
627 2606 830 2662 circuli
854 2609 1131 2672 coalestis,
1168 2611 1320 2680 quod
1347 2611 1525 2664 etiam
1563 2611 1618 2663 in
1655 2609 1826 2678 plano
1861 2626 1987 2662 cen-

337 2699 492 2748 trum
527 2694 605 2748 sit
637 2697 856 2750 circulo
891 2693 1053 2768 prius
1083 2704 1138 2752 et
1169 2698 1614 2770 antiquiiis.Alii
1649 2699 1982 2753 universum

339 2784 628 2837 mundum
659 2785 1032 2856 distinguunt
1061 2787 1118 2840 in
1151 2793 1405 2857 quatuor
1424 2785 1792 2856 elcmenta,et
1821 2787 1982 2858 quin-

335 2874 460 2922 tum
491 2869 804 2926 zethereum
823 2889 1006 2944 genus
1038 2875 1333 2944 corporis:
1362 2880 1732 2946 quatuorque
1757 2875 1852 2929 illa
1876 2877 1984 2930 sub

341 2961 552 3012 mitiore
585 2959 892 3030 disposita,
927 2961 1389 3031 pulcherrimum
1435 2981 1566 3018 vero
1599 2963 1859 3018 aetherem
1895 2982 1988 3018 na-

342 3053 482 3102 tura:
515 3047 725 3102 ccelum
766 3050 1021 3121 primum
1073 3053 1338 3107 omnium
1391 3054 1605 3108 factum
1653 3070 1780 3108 esse
1835 3055 1987 3108 afﬁr-

347 3141 530 3190 mant.
563 3139 668 3201 Qui
702 3156 837 3194 vero
863 3140 1078 3196 factum
1116 3143 1401 3198 mundum
1434 3143 1589 3198 haud
1621 3144 1866 3198 obscure
1893 3160 1986 3196 ne-

2095 555 2471 626 ἀναμάρτητον
2500 571 2512 622 ;
2543 555 2610 610 u0
2641 553 2741 628 γὰρ
2775 553 3058 626 ἐγίνωσκεν
3085 555 3112 607 6
3143 555 3294 620 Θεὸς,
3317 558 3434 616 πῶς
3465 555 3492 607 6
3525 553 3740 628 πρωτό-

2092 642 2330 704 τ;λαστος
2384 639 2677 720 ὑπερϐῆναι
2737 641 2972 712 ἠδύνατο
3004 687 3014 699 .
3051 645 3190 718 Πρὸς
3245 647 3372 718 γοῦν
3416 641 3542 702 τοὺς
3585 646 3745 696 τοῦτο

2092 733 2426 808 ἀποροῦντας
2477 733 2772 806 ἀποκρίνου
2817 731 2990 800 εὐθὺς,
3052 729 3134 786 ὅτι
3195 733 3222 785 6
3282 733 3409 792 Θεὸς
3457 731 3592 784 κατά
3647 731 3744 798 τὴν

2094 819 2232 875 ἰδίαν
2288 820 2536 891 ἰδιότητα
2597 819 2708 876 οἶδε
2758 824 2845 875 καὶ
2877 821 2942 876 τὶ
2991 822 3255 896 γενόμενα
3306 820 3394 874 καὶ
3423 819 3489 874 τὰ
3517 819 3744 893 γενησό-

2095 931 2246 977 μενα.
2311 911 2408 964 Καὶ
2465 908 2628 964 πάλιν
2692 910 2790 964 οὐκ
2847 909 3168 964 ἀλλοιοῦται
3225 910 3292 964 τὰ
3321 909 3639 984 πράγματα,
3699 907 3745 962 εἰ

2093 1001 2290 1062 ἐκεῖνος
2349 999 2672 1074 κρειττόνως
2736 999 2872 1054 αὐτὰ
2929 998 3228 1054 ἐπίσταταιο
3279 996 3501 1066 Ἐπειδή
3561 996 3749 1052 τοίνυν

2091 1091 2360 1159 ἠπίστατο
2421 1089 2502 1144 ὅτι
2561 1095 2799 1143 πεσεῖται
2863 1089 2965 1142 ὑπὸ
3025 1089 3122 1156 τὴν
3184 1083 3744 1165 ἀμαρτὶανὸἈδάμ,

2093 1178 2200 1253 οὔχ
2245 1181 2278 1248 ἡ
2333 1183 2530 1254 γνῶσις
2561 1178 2724 1232 ῖλιύπτοὓ
2751 1177 2897 1232 αἶτία
2927 1181 3022 1246 τῆς
3075 1178 3337 1252 ἁμαρτίας
3366 1181 3443 1248 τῷ
3473 1175 3747 1250 ἀνθρώπῳ

2093 1267 2321 1342 ἐγένετο.
2379 1267 2454 1324 Οὔ
2511 1268 2614 1342 γὰρ
2671 1265 2921 1341 ἀφείλετο
2972 1265 3135 1320 αὐτοῦ
3165 1267 3265 1334 τὴν
3296 1265 3612 1341 ἰσορροπίαν
3647 1271 3749 1332 τῆς

2089 1359 2313 1430 γνώμης
2359 1357 2448 1410 καὶ
2495 1358 2593 1426 τὴν
2643 1361 2736 1410 τοῦ
2783 1355 2956 1410 καλοῦ
2991 1353 3215 1428 αἳρεσιν,
3261 1353 3408 1429 εἴπερ
3455 1349 3742 1416 ἐϐούλετο,

2089 1445 2212 1501 ἀλλ’
2245 1447 2272 1500 ὁ
2325 1445 2418 1518 μὶν
2453 1445 2581 1506 Θεὸς
2633 1444 2898 1513 ἠπίστατο
2943 1443 3006 1498 τὸ
3035 1444 3310 1516 ἐσόμενον,
3342 1447 3422 1514 τῷ
3455 1441 3512 1498 ὃὶ
3562 1439 3746 1515 ’Λδάμ

2091 1535 2189 1590 ουκ
2236 1534 2480 1613 ἀφῃρέθη
2533 1537 2566 1603 ἠ
2601 1533 2688 1588 ἐπὶ
2717 1533 2778 1588 τὸ
2808 1531 2973 1588 καλὸν
3005 1533 3176 1609 ὁρμή.
3239 1533 3334 1587 Καὶ
3369 1534 3396 1587 6
3433 1533 3526 1605 μὲν
3563 1530 3746 1604 Ἀδὰμ

2089 1625 2340 1697 ἀόριστον
2392 1625 2508 1698 εἶχε
2549 1625 2647 1692 τήν
2694 1621 2781 1677 ἐπὶ
2822 1624 2890 1676 τὰ
2933 1623 3144 1677 ἐναντία
3189 1621 3389 1697 ῥοπὴν,
3443 1621 3470 1676 6
3503 1619 3560 1675 δὲ
3611 1621 3742 1682 Θεός

2089 1715 2407 1786 ὡρισμένως
2449 1712 2706 1786 ἐγίνωσκε
2752 1713 2814 1766 τὸ
2855 1711 3129 1786 ἀόριστον.
3185 1712 3270 1772 Ὡς
3329 1711 3433 1786 γὰρ
3472 1710 3534 1764 τὸ
3583 1715 3746 1781 σῶμα

2089 1803 2393 1874 ἀσωμάτως
2461 1799 2626 1870 οἶδεν,
2690 1801 2831 1856 οὕτω
2893 1803 2985 1875 μέν
3041 1801 3133 1855 καὶ
3186 1800 3246 1855 τὸ
3287 1799 3535 1873 ἀόριστον
3569 1799 3744 1875 ὡρισ-

2092 1893 2286 1966 μένως.

2094 2091 2174 2160 ιζ’.
2221 2091 2358 2144 ’Δπὸ
2401 2088 2562 2142 ποίου
2601 2089 2820 2162 πρώτου
2873 2086 3150 2161 στοιχείου
3189 2086 3387 2161 ἤρξατο
3415 2086 3507 2141 τὸν
3536 2084 3752 2159 κόσμον

2695 2165 2868 2214 ποιεῖν
2915 2161 2940 2213 6
2983 2160 3132 2220 Θεός.

2167 2253 2406 2319 Μωυσῆς
2462 2250 2556 2321 μὲν
2613 2250 2639 2303 ὁ
2693 2248 2928 2318 οεόπτης
2977 2249 3193 2324 οὖρανῷ
3247 2247 3358 2320 ἅμα
3405 2247 3496 2301 καῖ
3549 2249 3622 2320 ⁸ίῇ
3681 2247 3757 2300 τά

2093 2335 2352 2412 πρεσϐεῖα
2405 2335 2592 2392 δίδωσι
2641 2345 2738 2407 τῆς
2789 2342 2889 2393 τοῦ
2938 2336 3148 2409 κόσμου
3199 2337 3478 2412 γενέσεως.
3511 2337 3632 2390 Τῶν
3697 2331 3758 2388 δὲ

2093 2431 2220 2504 παρ’
2247 2427 2488 2499 Ἕλλησι
2521 2431 2698 2506 σοφῶν
2729 2425 2890 2482 ἄλλοι
2915 2424 3103 2487 ἅλλῶς
3135 2426 3411 2497 ᾠήθησαν.
3437 2426 3502 2482 Οἱ
3531 2425 3623 2496 μὶν
3649 2424 3756 2500 γὰρ

2094 2519 2190 2587 τὴν
2241 2525 2344 2594 γῆν
2389 2523 2604 2592 πρῶτον
2665 2517 2999 2590 παράγουσιν
3056 2515 3129 2577 ὡς
3159 2515 3379 2590 κέντρον
3439 2518 3534 2568 τοῦ
3585 2513 3755 2586 οὖρα-

2093 2609 2212 2662 νίου
2260 2606 2488 2674 κύκλου,
2525 2605 2640 2660 ἐπεὶ
2681 2607 2768 2660 καὶ
2817 2609 2914 2659 τοῦ
2975 2601 3230 2659 ἐπιπέδου
3279 2602 3484 2659 κύκλου
3531 2624 3588 2657 τν
3638 2601 3756 2656 κέν-

2095 2718 2219 2772 τρον
2271 2691 2658 2772 πρεσϐύτερον.
2709 2698 2924 2769 ¹Ἐτεροι
2968 2691 3024 2748 δὲ
3071 2693 3148 2756 εἷς
3191 2694 3258 2748 τά
3315 2693 3544 2768 τέσσαρα
3603 2712 3755 2746 στοι-

2095 2791 2222 2860 γεῖα
2273 2786 2360 2839 καὶ
2405 2785 2466 2838 τὸ
2516 2785 2763 2856 πέμπτον
2799 2787 2956 2856 σῶμα
2985 2782 3048 2836 τὸ
3077 2782 3313 2857 αἰθέριον
3343 2781 3434 2836 τὸν
3467 2781 3756 2852 σύμπαντα

2099 2873 2430 2950 διαιροῦντες
2495 2873 2702 2946 κόσμον
2779 2872 2868 2927 καὶ
2919 2871 2983 2926 τὸ
3039 2873 3426 2947 τετράστοιχον
3489 2870 3594 2924 ὑπὸ
3653 2873 3752 2924 τοῦ

2096 2962 2310 3039 αἰθέρος
2345 2961 2663 3026 διοικεῖσθαι
2712 2963 3045 3034 νομίζοντες.
3105 2961 3175 3015 Τὸ
3232 2957 3532 3015 κάλλιστον
3569 2956 3626 3013 δὲ
3653 2963 3751 3014 τοῦ

2096 3053 2306 3128 αἷθέρος
2393 3053 2419 3106 ὁ
2501 3051 2750 3128 οὐρανὸς,
2829 3050 2885 3105 ὃν
2963 3053 3180 3124 πρῶτον
3250 3048 3457 3104 τούτων
3532 3050 3755 3122 γεγενῆ-

2099 3141 2218 3206 σθαί
2278 3163 2456 3219 φασιν.
2515 3143 2671 3198 "Ocni
2731 3139 2789 3194 δὲ
2834 3141 3125 3214 ἀγέννητον
3173 3139 3264 3194 τὸν
3323 3137 3529 3211 κόσμον
3565 3141 3752 3214 σαφῶς

337 3231 498 3296 gant,
533 3227 868 3284 universum
901 3231 1076 3284 simul
1110 3231 1398 3286 exsistens
1430 3237 1816 3303 congruenter
1848 3249 1983 3303 pro—

2099 3233 2434 3309 ἀπεφήναντο
2493 3233 2633 3303 ὁμοῦ
2688 3231 2750 3284 τὸ
2797 3235 2898 3284 πᾶν
2973 3229 3102 3284 εἶναι
3157 3225 3476 3290 ἀκολούθως
3536 3227 3752 3287 ἑαυτοῖς

337 3317 477 3386 prize
510 3317 767 3387 opinioni
816 3324 1103 3374 statuunt.
1139 3322 1248 3376 Eas
1302 3327 1496 3376 autem
1547 3321 1738 3392 potius
1786 3323 1982 3376 existi-

339 3421 500 3460 mare
556 3407 746 3477 primo
797 3408 920 3463 loco
969 3411 1186 3463 factum
1247 3410 1481 3478 cmlum,
1517 3415 1717 3480 utpote
1773 3427 1984 3481 corpus

341 3495 736 3565 praestantius,
788 3502 842 3551 et
890 3500 1044 3568 quod
1093 3503 1300 3554 caetera
1349 3499 1760 3571 complectitur
1811 3505 1986 3570 atque

341 3583 803 3654 comprehendit.

483 3691 569 3746 18.
606 3691 752 3746 Unde
783 3691 1034 3748 homines
1065 3697 1340 3750 notionem
1373 3697 1472 3750 Dei
1499 3698 1847 3767 acceperint?

413 3777 720 3833 Notionem
785 3780 881 3834 Dei
937 3781 1266 3837 hauserunt
1339 3783 1607 3840 homines
1665 3802 1732 3840 ex
1785 3786 1988 3839 ordine

340 3881 635 3933 rerum,ex
665 3871 888 3923 natura:
915 3870 1238 3942 aequalibus
1264 3871 1514 3943 legibus,
1540 3889 1606 3927 ex
1625 3873 1989 3944 providentia

341 3955 412 4010 ad
445 3957 642 4010 omnia
693 3958 1074 4028 pertingente.
1109 3961 1448 4032 Magnorum
1504 3963 1660 4016 enim
1695 3961 1986 4016 luminum

342 4047 506 4098 ortus
532 4051 588 4098 et
619 4062 864 4102 occasus
897 4047 1102 4102 iisdem
1135 4045 1502 4120 temporibus
1530 4051 1734 4105 eodem
1762 4067 1990 4122 semper

343 4149 404 4186 se
435 4131 659 4188 habens
693 4137 888 4202 modo,
925 4141 980 4191 et
1010 4153 1220 4193 cursus
1265 4138 1526 4193 siderum
1567 4141 1834 4194 eamdem
1866 4157 1986 4195 ser-

339 4225 542 4276 vantes
593 4223 898 4290 rationem,
933 4230 989 4280 et
1035 4227 1471 4282 circumrotatio
1515 4227 1642 4282 θα)ιί
1688 4227 1990 4283 circularis

340 4311 542 4365 omnia
589 4311 868 4384 colligens
920 4332 986 4370 ac
1037 4316 1466 4386 constringens,
1500 4317 1732 4388 aliaque
1771 4335 1896 4389 quae
1929 4318 1988 4372 in

340 4398 471 4454 aliis
503 4402 846 4470 corporibus
878 4403 1263 4458 consimiliter
1293 4421 1353 4459 se
1401 4404 1639 4470 habent,
1673 4407 1991 4476 praedicant

340 4505 466 4544 esse
490 4491 804 4560 quemdam
840 4492 940 4562 qui
975 4493 1230 4548 universi
1261 4511 1458 4548 curam
1493 4495 1642 4565 gerit
1673 4494 1840 4566 eique
1861 4511 1988 4566 pro-

2097 3319 2339 3396 λέγουσι.
2401 3325 2490 3374 Δεῖ
2521 3317 2576 3374 δὲ
2621 3317 2832 3392 μᾶλλον
2889 3315 3092 3382 Oisc-ean
3121 3317 3212 3371 τὸν
3269 3316 3496 3387 οὐρανὸν
3523 3320 3744 3390 πρῶτον

2094 3417 2434 3484 γεγενῆσθαι,
2487 3410 2560 3470 ὡς
2614 3409 2702 3464 καὶ
2758 3412 3000 3483 κρεῖττον
3057 3411 3216 3478 σῶμα
3263 3407 3350 3460 καὶ
3401 3409 3505 3458 τῶν
3557 3402 3747 3458 ἄλλων

2095 3497 2514 3574 περιληπτικόν.

2313 3696 2383 3764 ιη’
2419 3693 2583 3757 Πόθεν
2619 3691 2823 3747 ἔννοιαν
2859 3691 3018 3767 ἔσχον
3053 3696 3186 3747 Θεοῦ
3217 3689 3532 3766 amomum;

2165 3787 2414 3840 "Evvomv
2467 3781 2596 3857 ἔσχε
2639 3786 2772 3836 Θεοῦ
2823 3782 3104 3856 ἄνθρωπος
3149 3780 3254 3834 ἀπὸ
3301 3784 3401 3843 τῆς
3431 3784 3538 3833 τῶν
3575 3775 3748 3834 ὅντων

2095 3874 2313 3944 τάξεως,
2367 3873 2471 3926 ἀπὸ
2519 3879 2617 3941 τῆς
2671 3871 2952 3943 ἰσονομίας
2982 3876 3089 3924 τῶν
3144 3871 3372 3945 φύσεων.
3407 3869 3514 3923 ἀπὸ
3545 3875 3645 3938 τῆς
3677 3869 3752 3928 εἰς

2094 3963 2162 4016 τὰ
2203 3962 2376 4016 πάντα
2417 3960 2730 4030 διοικοόσης
2759 3959 3037 4034 προνοίας.
3071 3961 3140 4014 ⁸Ἠ
3197 3979 3254 4012 τε
3279 3958 3381 4032 γὰρ
3436 3962 3544 4011 τῶν
3581 3956 3750 4032 μεγά-

2099 4050 2208 4106 λων
2243 4053 2545 4126 φωσττςρων
2599 4045 2837 4118 ἀνατολὴ
2870 4049 2959 4102 καὶ
2992 4045 3138 4108 δόσις
3183 4047 3232 4101 ἐν
3265 4053 3382 4109 τοῖς
3413 4047 3598 4108 αὐτοῖς
3627 4066 3746 4099 και-

2099 4161 2216 4215 ροις
2249 4140 2330 4193 ἀεὶ
2381 4138 2588 4212 ὁμοίως
2631 4133 2853 4212 ἔχουσα,
2899 4137 2988 4191 καὶ
3044 4138 3096 4190 οἱ
3124 4141 3230 4190 τῶν
3280 4135 3515 4210 ἀστέρων
3551 4131 3752 4208 δρόμοι

2096 4230 2198 4297 τήν
2266 4228 2571 4297 ταυτότητα
2635 4227 2920 4295 σώζοντες,
2968 4225 3059 4279 καὶ
3110 4227 3143 4294 ἡ
3190 4229 3286 4278 τοῦ
3327 4224 3559 4296 οὐρανοῦ
3603 4243 3752 4298 περι-

2099 4317 2240 4394 φορά
2286 4318 2373 4371 καὶ
2424 4313 2674 4390 περίοδος
2717 4313 3051 4389 κυκλοτερὴς
3109 4315 3281 4368 πάντα
3335 4313 3634 4387 σφίγγουσα
3663 4310 3752 4365 καὶ

2099 4403 2410 4474 συνδέουσα,
2458 4405 2548 4458 καὶ
2577 4405 2626 4458 τ’
2676 4401 2820 4458 ἄλλα
2867 4402 3126 4463 ὡσαύτως
3158 4399 3358 4476 ἔχοντα
3389 4403 3440 4455 ἐν
3471 4399 3748 4470 ἀλλήλοις

2098 4496 2336 4567 σώμασι,
2372 4496 2684 4570 προνοητήν
2716 4513 2836 4548 τινα
2865 4497 2961 4546 τοῦ
3011 4491 3214 4552 παντὸς
3265 4491 3397 4544 εἶναι
3447 4487 3746 4564 ἀνακηρύτ-

335 4578 516 4632 videt.
546 4577 602 4632 Si
644 4581 798 4633 enim
851 4581 993 4635 forte
1049 4585 1102 4635 et
1152 4599 1288 4636 casu
1342 4581 1600 4637 mundus
1648 4583 1983 4648 coaluisset,

2099 4605 2296 4638 τουσιν.
2345 4581 2411 4638 Ei
2439 4583 2538 4656 γὰρ
2569 4581 2772 4655 τυχαία
2819 4579 2908 4634 καὶ
2959 4580 3272 4652 αὐτόματος
3304 4579 3372 4647 ἦν
3417 4581 3452 4646 ἡ
3493 4581 3590 4632 τοῦ
3621 4576 3748 4630 κόσ-

339 4671 534 4737 partes
580 4669 708 4736 ejus
742 4669 866 4722 sine
899 4669 1101 4724 ordine
1131 4675 1184 4724 et
1217 4671 1440 4726 ratione
1463 4671 1752 4728 ferrentur
1785 4689 1797 4728 :
1833 4689 1988 4727 nunc

335 4771 472 4810 vero
507 4762 700 4810 motus
737 4756 990 4812 universi
1023 4763 1180 4812 certo
1214 4775 1456 4814 numero
1482 4765 1536 4814 et
1585 4761 1786 4816 ordine
1818 4779 1986 4816 cons-

335 4844 574 4912 titutus,
607 4849 666 4899 et
699 4846 852 4916 quod
906 4846 1052 4900 nihil
1086 4847 1212 4903 sine
1241 4848 1462 4904 ratione
1493 4847 1579 4904 vel
1611 4855 1874 4905 movetur
1895 4851 1986 4905 vel

337 4932 608 5003 quiescit,
642 4935 738 4988 sed
793 4936 992 4990 omnia
1051 4937 1218 4991 facile
1273 4954 1340 4991 ac
1387 4939 1688 4993 commode
1747 4939 1867 5011 regi
1927 4957 1988 4994 se

339 5021 668 5093 patiuntur,
703 5025 884 5079 Deum
922 5025 1092 5080 nobis
1125 5025 1378 5080 universi
1415 5027 1689 5082 factorem
1723 5029 1986 5084 condito-

340 5125 582 5182 remque
615 5113 1043 5170 demonstrant.

579 5219 664 5272 19.
699 5221 970 5277 Pluresne
998 5224 1110 5277 sint
1141 5223 1331 5292 angeli
1357 5239 1431 5278 an
1463 5222 1710 5278 homines
1735 5227 1760 5276 .9

407 5305 718 5362 Pauciores
742 5311 1121 5366 multitudine
1143 5316 1284 5366 sunt
1303 5311 1492 5382 angeli
1507 5329 1684 5383 quam
1699 5313 1984 5369 homines.

337 5393 480 5448 Vide
513 5393 668 5448 enim
703 5401 994 5466 quomodo
1027 5401 1258 5454 numeri
1289 5417 1493 5456 omnes
1512 5417 1626 5472 quo
1659 5403 1986 5473 propriores

341 5487 480 5538 sunt
519 5483 746 5554 unario,
779 5502 844 5541 eo
878 5486 1134 5542 minores
1179 5493 1316 5543 sunt
1356 5491 1618 5546 numeris
1649 5489 1882 5562 longius
1913 5493 1984 5546 ab

338 5571 438 5627 illo
462 5571 946 5632 distantibus.Uti
969 5575 1257 5644 binarius,
1280 5579 1575 5634 ternarius
1597 5583 1654 5634 et
1672 5585 1985 5650 quaterna-

339 5661 464 5716 rius
497 5660 754 5720 minores
805 5669 944 5720 sunt
1001 5665 1292 5722 vicenario
1349 5668 1406 5722 et
1461 5665 1794 5724 tricenario.
1824 5668 1988 5726 Sicut

2101 4693 2206 4744 μου
2253 4669 2573 4744 σόμπλεξις,
2629 4670 2696 4738 ἦν
2749 4667 2806 4722 ἂν
2855 4667 2946 4722 καὶ
2975 4667 3206 4742 τὰμέρη
3256 4671 3352 4720 τοῦ
3382 4665 3593 4738 κόσμου
3623 4665 3744 4718 ἀτά-

2097 4781 2238 4822 κτως
2270 4761 2357 4814 καὶ
2413 4757 2627 4834 ἀλόγως
2661 4757 2952 4834 φερόμενα.
2995 4761 3101 4810 Νὖν
3153 4753 3211 4809 δῖε
3245 4757 3280 4824 ἡ
3339 4750 3603 4828 εῧρυθμος
3651 4755 3745 4806 τοῦ

2097 4849 2296 4910 παντὸς
2345 4848 2582 4916 κίνησις,
2617 4847 2706 4900 καὶ
2750 4847 2810 4900 τὸ
2859 4841 3028 4918 μηδὲν
3077 4843 3294 4917 ἀλόγως
3407 4843 3507 4910 τήν
3539 4841 3748 4911 κίνησιν

2098 4932 2244 5012 ἔχειν
2279 4937 2434 5006 ἣτὴν
2469 4933 2726 5010 ἡσυχίαν,
2761 4932 2908 4990 ἀλλά
2953 4935 3127 4988 πάντα
3171 4931 3463 5007 εὑαγώγως
3493 4933 3740 5004 ἡνιοχεῖ-

2097 5029 2236 5094 σθαι,
2286 5027 2376 5080 τὸν
2431 5025 2560 5080 Θεὸν
2593 5028 2729 5098 ἡμῖν
2761 5020 3100 5077 ἀναδείκνυσι
3133 5021 3371 5090 ποιητὴν
3401 5023 3497 5074 τοῦ
3527 5019 3742 5078 παντὸς.

2206 5223 2289 5279 ιθ’.
2329 5220 2560 5297 Πότερον
2595 5220 2820 5282 πλείους
2851 5219 2903 5272 οἱ
2934 5216 3158 5293 ἄγγελοι
3192 5216 3226 5284 ἢ
3261 5217 3310 5270 οἳ
3345 5217 3643 5290 ἄνθρωποι.

2168 5309 2464 5372 Ἐλάττους
2495 5315 2600 5364 τῶν
2649 5310 2948 5384 ἀνθρώπων
2995 5307 3130 5362 κατά
3176 5305 3237 5360 τὸ
3279 5308 3491 5374 πλῆθος
3523 5305 3576 5359 οἳ
3605 5303 3746 5376 ἅγγε-

2097 5399 2208 5456 λοι.
2275 5399 2477 5455 Σκόπει
2539 5399 2666 5474 γὰρ,
2704 5399 2786 5452 δτι
2833 5396 3028 5458 πάντες
3087 5395 3139 5448 οἱ
3169 5393 3393 5470 ἀριθμοὶ
3427 5394 3479 5448 οἱ
3507 5387 3742 5462 πλησιά-

2099 5493 2276 5557 ζοντες
2307 5491 2373 5562 τῇ
2429 5485 2646 5562 μονάδι,
2679 5485 2937 5548 ἐλάττους
2989 5483 3092 5539 sict
3143 5483 3278 5538 κατά
3323 5482 3384 5536 τὸ
3415 5481 3581 5537 ποσὸν
3637 5481 3737 5534 τῶν

2093 5576 2456 5654 πορῥωτέρων
2491 5578 2758 5652 ἀριθμῶν.
2809 5577 2939 5632 Οῖον
2971 5575 3006 5642 ἡ
3037 5569 3188 5642 δυὰς,
3233 5575 3268 5642 ἡ
3297 5571 3451 5648 τριὰς
3480 5571 3570 5627 καὶ
3600 5571 3634 5640 ἠ
3662 5587 3739 5622 τε·

2095 5665 2227 5743 τράς
2256 5663 2600 5742 ἐλαττότεραί
2649 5665 2752 5722 εἱσι
2793 5667 2900 5720 τῶν
2933 5659 3102 5718 εἴκοσι
3127 5660 3217 5718 καὶ
3273 5659 3582 5740 τριάκοντα.
3614 5662 3733 5714 ’Ὠσ-
