4046 6144
357 309 470 370 ’701

1543 316 1644 376 DE
1687 314 2126 376 OMNIFABIA
2173 314 2589 374 DOCTBINA.

3643 311 3766 372 ’102

358 460 457 514 περ
492 437 584 495 οῦν
629 442 682 496 οἱ
731 440 1010 517 ἐγγύτεροι
1063 448 1162 512 τῆς
1221 441 1405 505 ἒνάδος
1469 444 1691 520 ἀριθμοὶ
1748 442 1983 500 ἐλάττου.

2118 445 2299 518 igitur
2357 445 2657 518 prapiores
2735 444 2942 499 unario
2995 445 3223 499 numeri
3292 449 3435 499 sunt
3484 446 3761 511 minores,

358 529 516 596 εἷσῖν,
548 531 600 584 οἱ
645 529 702 585 δὲ
744 530 1101 606 πορῥωτὲρω,
1160 530 1400 600 πλείους,
1446 534 1617 595 οὕτως
1650 535 1703 588 οἱ
1736 533 2007 609 ἐγγῦτεροι

355 624 451 674 τοῦ
485 619 598 680 ἐνὸς
655 621 742 674 καὶ
801 620 972 692 μόνου
1020 626 1177 692 Θεοῦ,
1227 616 1451 677 ἔλαττον
1502 621 1691 697 ἔχουσι
1748 624 1810 677 τὸ
1842 624 2006 677 ποσὸν

394 708 408 729 ν
446 706 496 737 M_
618 708 631 727 ν
655 708 668 725 ο
1176 712 1188 733 θ
1322 710 1335 731 ι
1686 717 1713 728 ~
1851 716 1877 727 ~
1921 709 1946 728 ν

359 729 410 762 οι
442 726 498 763 0:.
528 729 886 785 πορρωτερω,
935 707 1122 767 πλέον.
1195 713 1490 787 Εγγυτεροι
1537 709 1594 766 δὲ
1621 733 1717 767 του
1750 718 1881 767 Osos
1912 734 2009 787 αγ-

354 796 531 871 γελοι,
594 796 961 874 ἀρχάγγελοι,
1028 801 1116 854 καὶ
1176 801 1231 853 αἱ
1307 800 1671 874 περικείμεναι
1732 798 2006 873 δυνάμεις,

356 886 689 962 πορρωτέρω
725 885 782 942 δὲ
834 889 886 949 οἱ
938 889 1237 965 ἅνθρωποι.
1286 891 1446 945 Ὥστε
1500 888 1725 952 πλείους
1769 889 1865 944 εἶσὶ
1899 896 2005 944 τῶν

357 974 609 1051 ἀγγέλων
641 976 693 1030 οἱ
748 974 1049 1052 ἅνθρωποι,
1108 973 1227 1042 ὅθεν
1271 980 1359 1034 καὶ
1413 979 1464 1033 οἱ
1498 979 1593 1051 μὲν
1624 976 1850 1053 ἄγγελοι
1895 976 2003 1048 ἤδη

355 1065 489 1120 κατᾶ
515 1065 609 1119 τὸν
665 1065 897 1138 ἀριθμὸν
942 1065 1384 1142 ἐπερατώθησαν,
1415 1074 1531 1130 τοῖς
1588 1065 1645 1123 δὲ
1703 1069 2005 1141 ἀνθρώποις

358 1153 431 1215 εἷς
460 1154 522 1208 τὸ
556 1150 780 1227 ἄπειρον
827 1161 1117 1231 προχεῖται
1170 1159 1204 1226 ἡ
1257 1178 1534 1231 γεννησις.
1585 1157 1915 1227 Σταθγςσεται
1950 1156 2006 1210 δὲ

356 1242 488 1312 αὖτὴ
521 1242 658 1298 κατὰ
693 1244 784 1298 τὸν
817 1251 916 1313 τῆς
946 1245 1252 1310 συντελείας
1284 1248 1492 1323 καιρόν.

987 1442 1054 1508 κ’,
1091 1442 1217 1516 Περῖ
1242 1446 1357 1497 νοῦ.

418 1527 494 1583 Οὔ
527 1533 632 1589 πᾶς
690 1532 818 1592 νοῦς
879 1528 1162 1604 μετέχεται
1225 1532 1325 1586 ὑπὸ
1373 1531 1552 1602 πάσης
1600 1535 1803 1607 ψυχῆς.
1850 1534 1910 1590 Ὀ
1943 1531 1998 1588 δὲ

348 1622 565 1689 πρῶτος
596 1622 721 1678 νοῦς
758 1618 845 1671 ὑπ’
894 1616 1152 1690 οὐδεμιᾶς
1202 1623 1390 1695 ψυχῆς
1452 1622 1705 1694 μεθεκτός
1740 1622 1901 1677 ἐστιν.
1936 1625 1996 1680 Ὀ

347 1706 445 1779 γὰρ
483 1706 616 1774 ὑπὲρ
648 1708 822 1762 πὰντα
849 1708 915 1762 τὰ
968 1704 1099 1762 ὄντα
1140 1714 1266 1771 νοῦς
1314 1712 1406 1764 καὶ
1452 1732 1665 1765 παντων
1714 1719 1994 1789 Δημιουρ-

2125 533 2357 605 longius
2388 551 2519 590 vero
2554 535 2765 590 remoti
2798 535 3049 604 majores
3081 537 3136 587 et
3175 533 3635 596 numerosiores,
3682 532 3766 587 sic

2122 640 2251 695 quae
2272 624 2374 678 uni
2414 628 2470 679 et
2491 624 2598 679 soli
2631 624 2745 679 Deo
2770 623 3042 695 prepiora
3072 626 3231 690 sunt,
3264 622 3468 677 eadem
3488 620 3764 693 pauciora

2119 728 2350 784 quoque
2383 718 2559 780 sunt;
2593 730 2720 784 qua:
2744 730 2878 767 vero
2902 712 3135 783 longius
3164 711 3409 777 distant,
3432 709 3602 781 plura
3626 714 3764 766 sunt

2120 818 2387 858 numero.
2408 801 2710 873 Propiores
2734 806 2925 857 autem
2948 802 3062 856 Deo
3101 805 3239 855 sunt
3265 799 3478 871 angeli,
3510 798 3764 854 archan-

2117 891 2251 962 geli,
2284 896 2339 946 ct
2369 892 2462 946 his
2495 891 2767 962 proximae
2801 894 3172 962 protestates.
3230 888 3489 961 Longius
3538 887 3611 943 ab
3663 887 3763 944 illo

2119 981 2333 1036 absunt
2362 981 2652 1036 homines.
2688 981 2875 1053 Igitur
2905 980 3100 1052 plures
3124 985 3265 1034 sunt
3286 978 3557 1034 homines
3581 994 3760 1049 quam

2116 1069 2327 1142 angeli,
2361 1071 2517 1125 unde
2547 1075 2603 1124 et
2632 1069 2973 1142 angelorum
2997 1069 3419 1138 numerusjam
3442 1073 3532 1123 est
3553 1066 3759 1122 ﬁnitus

2115 1164 2172 1214 et
2203 1159 2702 1230 circumscriptus,
2736 1159 3043 1214 hominum
3084 1174 3217 1213 vero
3243 1157 3538 1229 generatio
3572 1158 3631 1210 in
3664 1157 3757 1211 in-

2116 1248 2344 1303 finitum
2380 1248 2721 1315 effunditur,
2757 1265 2886 1320 quae
2917 1253 3111 1303 tamen
3146 1254 3200 1302 et
3229 1248 3358 1319 ipsa
3402 1246 3753 1323 sisteturﬁn

2114 1337 2459 1394 saeculorum
2492 1337 3019 1394 consummatione.

2714 1445 2805 1499 20.
2841 1446 2913 1498 De
2944 1452 3145 1499 mente.

2180 1538 2306 1589 Non
2340 1533 2616 1605 quaelibet
2646 1551 2812 1589 mens
2836 1535 2907 1588 ab
2930 1534 3128 1588 anima
3151 1547 3500 1603 quacunque
3522 1531 3752 1603 partici-

2110 1628 2299 1693 patur.
2335 1623 2680 1694 Principalis
2714 1641 2876 1678 mens
2908 1640 2940 1677 a
2971 1622 3134 1677 nulla
3164 1621 3364 1676 anima
3410 1619 3752 1692 participari

2107 1718 2318 1784 potest.
2352 1714 2486 1776 Qua;
2520 1714 2674 1768 enim
2700 1713 2974 1768 omnibus
2998 1713 3172 1767 rebus
3195 1728 3361 1767 mens
3387 1711 3754 1783 praestantior

347 1795 461 1867 γὸς,
499 1798 618 1855 πῶς
648 1793 707 1849 ἂν
768 1796 870 1849 ὑπὸ
928 1800 1114 1871 ψυχῆς
1164 1798 1522 1873 μετασχεοείη
1573 1801 1764 1867 τινός;
1810 1803 1983 1871 Ηασης

2104 1807 2217 1869 est,
2248 1809 2303 1855 et
2332 1801 2593 1858 omnium
2612 1803 2821 1874 opifex,
2847 1802 3138 1873 quomodo
3162 1801 3233 1855 ab
3255 1801 3451 1854 anima
3473 1797 3591 1853 ulla
3617 1816 3752 1871 par-

346 1883 445 1958 γᾶρ
478 1889 668 1959 νοερᾶς
695 1883 943 1954 πληθύος
973 1886 1063 1940 καὶ
1106 1891 1201 1941 τοῦ
1249 1886 1498 1958 πλήθους
1538 1894 1644 1944 τῶν
1676 1895 1814 1944 νοῶν
1839 1893 1990 1965 ἡγεῖ-

342 1972 429 2025 ταί
478 1993 562 2033 τις
602 1977 750 2033 νοῦς.
806 1974 909 2029 Καὶ
966 1974 1259 2047 ἀμεθεκτος
1318 1978 1406 2030 καὶ
1455 1982 1672 2049 πρῶτος
1731 1979 1827 2050 μὲν
1866 1979 1990 2041 νοῦς

345 2061 503 2123 οὗτος
536 2058 649 2116 ἔστι
703 2063 794 2116 καὶ
852 2064 1196 2136 ἆνομάζεται.
1257 2066 1408 2122 Μετὰ
1465 2064 1521 2121 δὲ
1568 2068 1658 2122 τὸν
1692 2067 1988 2139 ἆμέθεκτον

340 2155 491 2218 νοῦν,
553 2152 581 2206 6
644 2153 901 2224 μεθεκτὸς
966 2154 1084 2226 μὲν,
1145 2154 1251 2229 οὐχ
1307 2156 1335 2209 6
1380 2155 1667 2231 ἐγκόσμιος
1700 2155 1775 2225 δὲ,
1810 2156 1990 2213 ἀλλ’ὁ

344 2240 714 2316 ὑπερκόσμιος
744 2242 834 2296 καὶ
879 2244 1151 2317 χωριστὸς
1196 2249 1293 2299 τοῦ
1341 2244 1571 2318 κόσμου,
1614 2249 1731 2301 εἶτα
1778 2248 1805 2301 6
1837 2248 1990 2322 ἐγκό-

339 2350 525 2402 σμιος,
586 2330 732 2385 Ἐπεὶ
766 2334 902 2385 κατὰ
928 2331 1054 2397 τοὺς
1090 2338 1198 2388 τῶν
1242 2333 1525 2404 Ἑλλήνων
1560 2334 1756 2410 λόγους
1782 2336 1870 2392 καὶ
1895 2338 1989 2392 αὖ·

334 2419 425 2480 τὸς
455 2420 484 2473 6
535 2420 743 2491 κόσμος
793 2417 1045 2496 ἔμψυχος
1096 2420 1209 2493 ἅμα
1258 2423 1348 2477 καὶ
1397 2420 1578 2485 ἔννους
1630 2425 1761 2481 ἐστί.
1816 2426 1911 2481 Καὶ

337 2507 628 2582 ἒγκόσμιος
675 2511 829 2584 ψυχή
866 2511 968 2563 οὐκ
1014 2510 1169 2574 εὐθὺς
1222 2511 1438 2588 μετέχει
1485 2518 1582 2567 τοῦ
1618 2515 1986 2589 ὑπερκοσμῖου

337 2595 480 2661 νοὸς,
506 2593 654 2650 ἀλλὰ
683 2597 916 2671 πρώτως
943 2602 1040 2653 τοῦ
1088 2598 1404 2675 ἐγκοσμίου.
1432 2605 1618 2658 Ἔστιν
1650 2604 1740 2657 οἷν
1771 2607 1806 2674 ἡ
1836 2607 1984 2678 τάξις

335 2684 739 2758 καὶὸἆριθμὸς
794 2688 883 2741 καὶ
933 2689 1001 2742 τὰ
1057 2689 1297 2761 ὀνόματα
1354 2689 1546 2751 οὕτως.
1591 2694 1649 2749 Ὀ
1689 2692 1985 2766 ἀμέοεκτος

335 2777 481 2845 νοῦς,
516 2775 543 2828 ὁ
577 2774 959 2851 ὑπερκόσμιος,
992 2778 1081 2832 καὶ
1115 2779 1142 2832 ὁ
1173 2778 1483 2855 ἐγκόσμιος.

885 3050 985 3098 κα’.
1020 3045 1136 3098 Ἔτι
1164 3045 1286 3119 περὶ
1317 3051 1433 3103 νοῦ.

412 3132 521 3188 Πᾶς
549 3132 677 3189 νοῦς
735 3129 919 3183 ἑαυτὸν
980 3135 1114 3186 νοεῖ.
1177 3130 1331 3186 ’Δλλ’
1384 3134 1411 3186 6
1460 3139 1679 3209 πρῶτος
1710 3140 1835 3198 νοῦς
1892 3139 1981 3192 καὶ

338 3216 369 3269 ἀ
418 3216 438 3257 ἑ
542 3239 571 3250 _
689 3219 701 3237 ε
784 3218 835 3251 ’⁸
994 3218 1006 3238 1
1229 3220 1241 3238 ν
1286 3222 1300 3239 κ
1403 3222 1415 3239 1
1526 3221 1534 3239 Ι
1835 3226 1849 3244 \
1931 3228 1944 3245 ἱ

376 3228 633 3288 μνθεχςος
689 3239 875 3272 εαυιον
938 3240 1121 3291 μονον.
1176 3218 1312 3275 Oud:
1358 3243 1457 3297 γαρ
1508 3222 1626 3299 ἔχει
1669 3246 1721 3279 τι
1751 3247 1857 3301 προ
1884 3248 1979 3281 αυ-

334 3301 453 3373 τοῦ,
506 3302 598 3359 ’ἱνα
656 3304 827 3361 ἐκεῖνο
885 3309 1079 3382 νοήσῃ.
1130 3310 1205 3362 Τὰ
1255 3307 1313 3363 δὲ
1369 3312 1485 3381 μετ’
1543 3312 1703 3366 αὐτὸν
1764 3315 1867 3369 οὐκ
1922 3313 1980 3368 ἂν

334 3394 595 3462 νοήσειεν.
676 3392 832 3451 Ἀλλ’
906 3391 1022 3472 ἔχει
1087 3397 1293 3452 τούτων
1353 3400 1454 3467 τὴν
1507 3404 1700 3470 νοῆσιν
1750 3403 1982 3476 ἀνοησίᾳ

334 3482 599 3556 κρείττονι
657 3485 912 3554 νοήσεως.
973 3484 1071 3540 Καὶ
1132 3484 1296 3558 ἔστιν,
1357 3489 1440 3543 ὅτι
1488 3491 1646 3554 οὗτος
1685 3497 1834 3564 νοῦς,
1858 3498 1982 3556 νοῦς

333 3569 444 3642 ἅμα
474 3570 565 3626 καὶ
623 3572 839 3642 νοητόν.
891 3577 1033 3638 Νοῦς
1091 3575 1184 3647 μὲν
1247 3577 1321 3638 ὡς
1365 3582 1501 3631 νοῶν
1531 3578 1739 3649 ἑαυτὸν,
1782 3581 1977 3652 νοητὸν

334 3656 409 3729 δὲ,
444 3660 518 3721 ὡς
552 3659 849 3734 νοούμενον
884 3662 969 3739 ὑφ’
1024 3663 1236 3720 ἑαυτοῦ.
1296 3669 1356 3721 Ὀ
1410 3663 1466 3721 δὲ
1518 3668 1652 3740 μετᾶ
1705 3669 1795 3725 τὸν
1846 3670 1976 3745 ape.

314 3748 523 3803 ,θεκτον
559 3749 813 3821 μεθεκτὸς
871 3755 993 3811 νοῦς
1051 3751 1237 3806 ἑαυτόν
1284 3774 1342 3807 τε
1400 3754 1515 3827 ἅμα
1568 3762 1703 3825 νοεῖ,
1751 3757 1840 3813 καὶ
1887 3759 1978 3815 τὸν

332 3838 436 3910 πρὸ
463 3836 629 3891 αὐτοῦ
658 3842 805 3892 νοῦν.
870 3844 978 3900 Πᾶς
1037 3840 1140 3915 γὰρ
1186 3846 1311 3903 νοῦς
1359 3840 1396 3911 ἤ
1447 3842 1631 3899 ἑαυτὸν
1682 3852 1813 3914 νοεῖ,
1855 3845 1979 3917 ἤτὸ

335 3925 465 3998 ὑπὲρ
499 3925 709 3995 ἑαυτὸν,
741 3926 777 3995 ἤ
807 3927 870 3981 τὸ
920 3928 1288 4000 μεθ’,ἒαυτόν.
1342 3929 1498 3988 Ἀλλ’
1549 3932 1598 3987 εἷ’
1640 3935 1731 4007 μὲν
1764 3937 1825 3990 τὸ
1864 3939 1978 4007 μεθ’

332 4013 515 4067 ἑαυτὸν
567 4021 701 4083 νοεῖ,
763 4016 899 4071 κατὰ
956 4017 1017 4071 τὸ
1075 4023 1263 4093 χεῖρον
1317 4018 1643 4099 ἐπιστρέφει.
1706 4022 1767 4079 Εἴ
1811 4022 1867 4079 δὲ
1915 4026 1978 4079 τὸ

329 4101 458 4177 ὑπὲρ
509 4103 696 4157 ἑαυτὸν
747 4110 881 4176 νοεῖ,
934 4105 978 4159 εἰ
1029 4106 1121 4178 μὲν
1175 4105 1266 4161 διὰ
1305 4116 1404 4177 τῆς
1458 4108 1646 4166 ἐαυτοῦ
1703 4114 1975 4187 γνώσεως,

329 4189 515 4245 ἑαυτὸν
565 4192 677 4264 ἅμα
725 4193 941 4248 κάκεῖνο
998 4194 1281 4269 γνώσεται.
1358 4198 1424 4255 El
1486 4196 1543 4253 δὲ
1591 4199 1765 4256 ἐκεῖνο
1810 4203 1974 4274 μόνον

328 4279 512 4335 ἱαυτὸν
558 4279 813 4355 ἀγνοήσει
857 4286 983 4345 νοῦς
1036 4278 1132 4338 ὤν.
1186 4284 1360 4341 Ἃλλά
1412 4288 1472 4342 τὸ
1515 4288 1622 4365 πρὸ
1668 4291 1858 4346 ἑαυτοῦ
1889 4313 1975 4367 γι-

328 4368 569 4436 νώσκων,
598 4370 863 4442 γνώσεται
909 4371 1000 4426 καὶ
1053 4372 1259 4430 ἑαυτόν.
1309 4376 1489 4431 Ἔστιν
1537 4375 1641 4450 ἄρα
1683 4378 1773 4433 καὶ
1815 4379 1865 4434 ἐν
1897 4386 1977 4453 τῷ

2104 1890 2379 1963 ticipetur
2399 1893 2425 1945 ?
2455 1891 2661 1946 Omnis
2679 1891 2833 1945 enim
2858 1889 3248 1962 intelligibilis
3274 1887 3671 1944 multitudinis
3694 1890 3751 1942 et

2106 1979 2504 2035 multiludinis
2537 1980 2823 2035 mentium
2858 1980 3133 2052 princeps
3163 1983 3249 2034 est
3281 1995 3445 2034 mens
3479 1977 3746 2048 quaedam

2103 2069 2326 2125 nullius
2349 2069 2559 2126 animm
2578 2069 2889 2142 particeps.
2916 2073 3104 2140 Atque
3126 2069 3248 2123 haec
3272 2067 3459 2139 prima
3474 2082 3640 2121 mens
3659 2070 3750 2122 est

2101 2164 2157 2214 ct
2188 2159 2547 2215 nominatur.
2580 2164 2721 2216 Post
2750 2158 3141 2213 bancnullius
3165 2157 3511 2228 participem
3534 2155 3742 2211 animm

2101 2248 2363 2305 succedit
2384 2265 2551 2306 mens
2565 2266 2678 2303 non
2696 2250 2996 2304 mundana
3013 2246 3380 2319 quidem,sed
3395 2262 3750 2317 supramun‘

2099 2338 2253 2392 dana
2282 2342 2338 2392 et
2386 2354 2418 2392 a
2467 2338 2688 2392 mundo
2738 2337 3104 2408 separabilis.
3151 2335 3371 2391 Deinde
3418 2335 3753 2403 mundana,

2100 2443 2257 2493 nam,
2292 2426 2614 2481 secundum
2649 2426 2980 2481 Graecorum
3011 2424 3385 2492 sententiam,
3418 2424 3544 2495 ipse
3563 2423 3739 2478 etiam

2100 2517 2358 2571 mundus
2390 2516 2587 2571 anima
2616 2533 2678 2571 ac
2712 2521 2908 2571 mente
2939 2515 3221 2586 praeditus
3266 2518 3373 2568 est.
3428 2513 3496 2567 Et
3545 2512 3742 2566 anima

2099 2604 2302 2659 mundi
2336 2595 2451 2660 non
2484 2604 2683 2660 statim
2717 2604 2977 2661 continet
3006 2603 3552 2674 supramundanam
3577 2615 3742 2654 men-

2093 2698 2234 2762 tem,
2259 2695 2361 2751 sed
2386 2694 2575 2765 primo
2597 2695 2982 2749 mundanam.
3006 2694 3158 2749 Ordo
3180 2692 3359 2765 igitur
3384 2696 3441 2747 et
3458 2705 3742 2747 numerus

2096 2785 2270 2853 atque
2305 2781 2543 2837 nomina
2574 2782 2657 2837 sic
2687 2799 2749 2837 se
2769 2781 2988 2837 habent
3012 2798 3025 2835 :
3053 2798 3218 2836 mens
3241 2781 3409 2851 cujus
3430 2777 3594 2835 nulla
3611 2778 3740 2833 ani-

2096 2887 2194 2924 ma
2222 2887 2459 2941 compos
2492 2874 2548 2925 et
2577 2870 2868 2942 particeps
2900 2870 3021 2924 fieri
3052 2874 3261 2940 potest,
3296 2874 3420 2923 tum
3455 2884 3623 2923 mens
3645 2884 3735 2922 suv

2096 2960 2506 3030 pramundana
2538 2976 2604 3013 ac
2635 2959 2886 3031 denique
2919 2960 3237 3013 mundana.

2591 3049 2680 3103 21.
2716 3050 2919 3103 Iterum
2948 3048 3012 3102 de
3041 3053 3238 3102 mente.

2164 3136 2368 3192 Omnis
2401 3153 2567 3191 mens
2597 3137 2851 3207 seipsam
2885 3135 3178 3207 intelligit.
3215 3136 3325 3190 Sed
3354 3137 3541 3206 prima
3574 3152 3740 3192 mens

2094 3242 2217 3296 quae
2249 3243 2282 3280 a
2312 3224 2472 3279 nullo
2504 3226 2906 3296 participatur,
2932 3241 2994 3279 se
3020 3224 3296 3294 intelligit
3318 3223 3740 3295 solam.Ncque

2095 3314 2248 3369 enim
2283 3315 2460 3368 habet
2492 3313 2711 3383 aliquid
2743 3330 2805 3369 se
2839 3315 3023 3385 prius,
3056 3313 3211 3384 quod
3247 3312 3556 3383 intelligat.
3607 3314 3740 3376 Quae

2093 3421 2224 3459 vero
2258 3407 2389 3475 post
2420 3407 2578 3469 sunt,
2606 3420 2719 3457 non
2754 3403 2991 3474 quidem
3023 3401 3391 3472 intellexerit,
3417 3402 3520 3457 sed
3554 3401 3730 3457 habet

2093 3510 2293 3548 eorum
2329 3492 2718 3564 cognitionem
2754 3492 2883 3548 sine
2928 3491 3339 3565 intelligentia,
3398 3508 3503 3563 per
3550 3508 3737 3564 genus

2092 3583 2481 3653 perceptionis
2505 3583 2659 3653 quod
2684 3581 3049 3655 intelligendi
3071 3587 3200 3638 actu
3231 3587 3319 3638 est
3340 3583 3735 3654 praestantius.

2090 3675 2166 3726 Ac
2198 3688 2367 3727 mens
2398 3673 2532 3726 talis
2568 3670 2902 3727 intellectus
2933 3671 3113 3727 simul
3144 3676 3233 3727 est
3264 3676 3321 3727 et
3344 3669 3732 3741 intelligibile.

2093 3762 2429 3817 Intellectus
2453 3762 2712 3832 quidem,
2738 3765 3027 3833 quatenus
3051 3778 3111 3816 se
3134 3760 3738 3833 ipseintelligil,intel-

2090 3849 2315 3922 ligibile
2346 3868 2502 3919 vero,
2536 3855 2827 3922 quatenus
2879 3868 2912 3906 a
2954 3850 3147 3922 seipso
3198 3849 3571 3921 intelligitur.
3603 3852 3736 3915 Quae

2089 3938 2224 3994 hinc
2242 3943 2369 4011 post
2392 3939 2944 4010 imparticipabilem
2962 3945 3215 3994 mentem
3245 3955 3411 3993 mens
3433 3938 3742 4009 participa-

2089 4028 2225 4083 bilis
2246 4028 2787 4099 succedit,scipsam
2813 4023 2991 4085 simul
3015 4026 3289 4098 intelligit
3314 4032 3369 4082 et
3390 4026 3551 4082 illam
3578 4029 3735 4097 prio—

2089 4133 2209 4171 rem
2244 4134 2306 4171 ee
2339 4118 2467 4187 ipsa
2497 4123 2774 4172 mentem.
2808 4118 3013 4172 Omnis
3045 4116 3205 4171 enim
3239 4131 3407 4171 mens
3436 4114 3524 4170 vel
3556 4114 3734 4170 intel-

2087 4205 2218 4277 ligit
2248 4207 2530 4277 seipsam,
2562 4206 2647 4261 vel
2681 4207 2834 4278 quod
2861 4224 3038 4277 supra
3069 4223 3151 4277 se,
3185 4206 3270 4260 vel
3305 4205 3461 4277 quod
3494 4206 3647 4260 infra
3669 4221 3735 4259 ac

2087 4299 2218 4366 post
2248 4311 2308 4350 se
2336 4300 2444 4349 est.
2478 4297 2545 4350 At
2576 4296 2812 4366 quando
2845 4294 2954 4349 hoc
2986 4295 3141 4366 quod
3174 4294 3328 4350 infra
3354 4309 3414 4350 se
3445 4298 3534 4350 est
3558 4292 3731 4348 intel-

2087 4383 2319 4455 ligit,ad
2353 4382 2609 4438 deterius
2641 4399 2702 4437 se
2725 4383 3027 4438 convertit.
3062 4384 3305 4447 Quando
3335 4387 3533 4438 autem
3558 4381 3731 4437 intel-

325 4461 398 4529 νῷ
424 4458 649 4528 νοητὸν,
680 4459 770 4513 καὶ
804 4457 854 4513 ἐν
885 4465 963 4531 τῷ
1009 4466 1195 4535 νοητῷ
1223 4469 1370 4533 νοῦς,
1402 4465 1491 4520 καὶ
1524 4467 1552 4521 6
1589 4467 1683 4540 μὶν
1714 4466 1974 4525 ὀλιλιιώτε·

477 4548 490 4565 Ι
534 4544 579 4565 δι
800 4547 812 4561 ⁸

2108 4472 2212 4543 igit
2234 4472 2290 4525 id
2314 4472 2468 4543 quod
2494 4488 2672 4542 supra
2693 4488 2755 4527 se
2775 4476 3068 4542 est,atqne
3096 4487 3199 4543 per
3216 4471 3510 4543 suiipsius
3527 4470 3732 4542 cogni-

326 4566 435 4620 ρος,
470 4548 498 4601 6
532 4544 590 4601 δὲ
614 4547 1002 4624 μερικώτερος.

2084 4560 2323 4625 tionem,
2356 4559 2610 4631 seipsam
2644 4559 2861 4631 pariter
2889 4565 2946 4614 et
2975 4559 3123 4615 illud
3155 4564 3495 4631 cognoscet:
3528 4559 3577 4614 si
3600 4575 3730 4614 vero

326 4636 466 4691 illud
503 4636 720 4709 solum,
754 4639 1009 4711 seipsam
1042 4641 1337 4712 ignorabit
1368 4651 1621 4702 'nentem
1652 4664 1802 4703 esse.
1835 4648 1946 4703 Sed
1981 4648 2185 4720 utique
2216 4648 2356 4703 dum
2388 4648 2444 4702 id
2479 4648 2630 4718 quod
2665 4665 2728 4704 se
2758 4649 2923 4720 prius
2967 4656 3055 4704 est
3103 4649 3422 4720 cognoscit,
3482 4663 3728 4719 cognos-

327 4733 414 4781 cet
444 4727 621 4782 etiam
650 4743 712 4782 se
744 4728 953 4798 ipsam.
990 4729 1088 4783 Est
1121 4730 1301 4802 igitur
1328 4737 1385 4788 et
1414 4733 1472 4789 in
1509 4741 1701 4792 mente
1731 4736 2119 4809 intelligibile,
2155 4742 2212 4792 et
2240 4737 2299 4791 in
2332 4736 2680 4809 intelligibili
2713 4754 2881 4793 mens
2913 4739 3032 4794 sive
3063 4737 3399 4793 intellectus
3422 4736 3725 4792 alius'uni-

323 4813 622 4882 versatior,
656 4815 1068 4887 particularior
1090 4818 1266 4875 alius.

866 4921 973 4995 κβ’,
1004 4922 1122 4977 "Eu
1155 4924 1278 4999 περὶ
1303 4930 1417 4983 νοῦ.

389 5008 503 5069 Πᾶς
541 5011 664 5069 νοῦς
693 5007 781 5063 καὶ
820 5016 917 5078 τῆν
973 5009 1159 5066 οὐσίαν
1189 5014 1278 5069 καὶ
1319 5018 1420 5085 τὴν
1474 5015 1701 5091 δύναμιν
1746 5019 1835 5073 καὶ
1862 5020 1961 5089 τὴν

321 5094 607 5171 ἐνέργειαν,
638 5097 834 5152 αἰώτια
888 5095 1027 5173 ἔχει.
1074 5098 1218 5172 Ὄλη
1269 5124 1333 5178 γε
1361 5107 1474 5177 ἅμα
1505 5106 1648 5162 ὲστίν
1707 5110 1742 5177 ἡ
1802 5109 1963 5163 οὐσία

324 5188 418 5238 τοῦ
458 5189 556 5239 νοῦ
587 5185 674 5240 καὶ
733 5183 858 5241 οὔτε
914 5185 1127 5258 αὔξεται
1178 5188 1301 5248 οὔτε
1358 5195 1726 5271 μεγεθύνεται,
1759 5194 1883 5253 οὐδὲ
1933 5198 1961 5252 ὃ

323 5275 563 5349 σήμερον
616 5272 727 5329 ἔστι
782 5275 913 5350 χθὲς
972 5275 1072 5332 οὐκ
1126 5281 1215 5347 ἦν.
1267 5282 1364 5337 Καὶ
1407 5286 1441 5353 ἡ
1474 5284 1661 5355 νόησις
1708 5284 1767 5341 δὲ
1797 5286 1961 5342 αὐτοῦ

318 5362 479 5435 ὁμοία
513 5362 622 5417 ἐστὶ
652 5366 722 5436 τῇ
763 5364 938 5436 οὐσίᾳ.
1000 5363 1357 5443 ηληρεστάτη
1410 5373 1512 5449 γὰρ
1562 5374 1652 5428 καὶ
1710 5374 1839 5445 ὅλη,
1871 5377 1961 5430 καὶ

317 5452 456 5523 ὁμοῦ
486 5452 662 5507 πάντα
705 5458 840 5522 νοεῖ,
873 5453 962 5507 καὶ
995 5451 1118 5510 οὕτε
1143 5459 1206 5512 τὸ
1256 5459 1638 5535 παρεληλυθὸς
1685 5462 1804 5538 ὁρᾷ,
1840 5460 1962 5520 οὔτε

314 5539 373 5594 τὸ
399 5538 607 5613 μέλλον
635 5542 708 5603 ὡς
756 5541 1014 5615 ἐσόμενον
1073 5543 1238 5617 οἶδεν,
1289 5548 1416 5605 ἀλλ’
1473 5548 1524 5605 ἐν
1585 5556 1663 5624 τῷ
1708 5549 1959 5607 ἐνεστῶτι

317 5628 486 5685 πάντα
515 5626 681 5701 οἶδεν,
733 5629 795 5685 οὗ
839 5632 1182 5707 κινούμενος,
1224 5637 1286 5693 οὗ
1333 5636 1816 5718 συλλογιζόμενος,
1849 5641 1960 5718 οὐχ

2577 4934 2667 4991 22.
2700 4938 2907 4990 Iterum
2937 4934 3002 4989 de
3023 4937 3223 4989 mente.

2146 5024 2308 5078 Mens
2329 5023 2669 5091 essentiam,
2686 5024 3008 5095 potentiam
3023 5028 3080 5079 et
3093 5022 3491 5095 operationem
3506 5025 3724 5078 aeterna

2073 5111 2270 5167 habet.
2300 5112 2575 5170 Essentia
2596 5112 2812 5167 mentis
2842 5112 3019 5166 simul
3051 5117 3168 5168 tota
3197 5115 3308 5182 est,
3332 5127 3524 5184 neque
3546 5127 3721 5183 auge-

2071 5205 2169 5255 tur
2199 5217 2385 5270 neque
2408 5200 2466 5255 in
2492 5200 2774 5271 majorem
2800 5200 3269 5272 magnitudinem
3297 5200 3721 5272 crescit,neque

2072 5289 2226 5359 quod
2251 5288 2422 5344 bodie
2444 5292 2533 5344 est
2556 5288 2683 5343 beri
2705 5306 2818 5344 non
2843 5294 2989 5356 erat,
3022 5295 3078 5346 et
3124 5290 3443 5348 intellectio
3467 5291 3595 5361 ejus
3626 5307 3719 5345 es-

2071 5378 2261 5433 sentia
2290 5382 2381 5433 est
2409 5376 2641 5433 similis.
2667 5376 3015 5434 Plenissime
3035 5380 3193 5435 enim
3220 5383 3278 5436 et
3300 5386 3424 5436 tota
3443 5378 3720 5447 intelligit

2071 5471 2129 5521 et
2160 5482 2362 5522 omnes
2383 5483 2477 5522 res
2508 5465 2709 5534 simul,
2741 5469 2800 5522 et
2830 5483 2934 5522 nec
2957 5469 3247 5540 praeterita
3267 5473 3549 5541 tanquam
3576 5485 3716 5540 prte-

2067 5555 2262 5626 terita,
2289 5571 2479 5628 neque
2508 5554 2706 5610 futura
2737 5560 3016 5628 tanquam
3049 5558 3246 5615 futura
3265 5558 3585 5630 cognoscit,
3610 5555 3712 5611 sed

2070 5645 2269 5701 omnia
2298 5644 2578 5717 intelligit
2604 5648 2887 5717 tanquam
2919 5648 3267 5719 praesentia:
3298 5664 3413 5703 non
3446 5650 3714 5701 movetur
