4046 6144
307 331 426 388 703

1651 332 2072 394 MICHAELIS
2115 333 2390 394 PSELLl

3605 326 3728 383 704

261 451 264 454 ’
311 478 501 533 neque
535 477 714 516 unum
749 477 814 516 ex
849 461 962 516 alio
994 461 1216 534 colligit
1249 479 1436 534 neque
1469 469 1532 518 ut
1561 465 1757 518 anima
1799 465 1956 535 ponit

2076 464 2256 540 ὥσπερ
2287 466 2320 532 ἡ
2355 465 2510 539 ψυχὴ
2561 465 2850 539 προτάσεις
2905 461 3072 523 τιθεὶς
3131 460 3220 514 καὶ
3273 457 3482 533 ἐπάγων
3519 477 3723 529 συμπε-

309 551 646 622 praemissas
679 567 746 604 ex
786 550 1002 621 quibus
1035 552 1276 606 inducat
1304 551 1734 610 conclusiones.
1757 553 1854 606 sed
1883 554 1960 607 si-

310 642 432 696 mul
457 642 564 696 scit
585 641 800 696 omnia.
822 643 964 698 Cum
995 644 1147 698 enim
1175 643 1496 698 immobilis
1521 644 1618 710 sit,
1643 661 1791 698 necn
1814 649 1960 698 tem-

311 747 452 802 pore
485 737 882 800 mensuratur,
928 750 1114 803 neque
1159 733 1350 804 quoad
1405 734 1720 788 essentiam
1774 749 1962 805 neque

309 821 498 891 quoad
533 820 924 890 operationes.
981 821 1141 886 Quod
1195 822 1240 876 si
1299 821 1480 892 igitur
1529 823 1786 877 essentia
1833 823 1960 892 ejus

311 914 528 962 aeterna
558 913 615 962 et
645 915 858 963 aeterna
889 903 976 964 est
1010 910 1286 980 operatio,
1340 910 1514 965 etiam
1565 912 1756 966 media
1809 913 1962 966 inter

306 997 415 1051 has
449 995 713 1068 potentia
742 1001 1017 1052 aeternam
1055 998 1498 1054 subsistentiam
1533 1000 1739 1054 sortita
1777 1004 1884 1056 est.

914 1113 1008 1168 23.
1051 1113 1121 1168 De
1151 1117 1351 1169 mente.

381 1218 583 1272 Omnis
615 1236 782 1274 mens
813 1225 904 1275 est
923 1221 1256 1276 substantia
1278 1227 1473 1293 partes
1499 1221 1690 1277 nullas
1713 1222 1956 1278 habens.

307 1307 468 1370 Quod
503 1307 658 1362 enim
690 1313 844 1362 caret
877 1309 1306 1380 magnitudine,
1349 1327 1539 1381 neque
1588 1316 1677 1366 est
1725 1327 1956 1380 corpus,

309 1411 412 1449 nec
440 1401 726 1463 movetur,
755 1397 994 1451 omnino
1023 1400 1196 1452 etiam
1227 1399 1283 1452 in
1310 1409 1505 1470 partes
1529 1399 1706 1453 dividi
1735 1400 1954 1470 nequit.

307 1485 602 1554 Quidquid
635 1485 784 1538 enim
829 1487 886 1539 in
953 1492 1144 1556 partes
1192 1488 1494 1554 dividitur,
1547 1487 1825 1542 dividitur
1871 1487 1958 1542 vel

307 1573 732 1644 magnitudinis
783 1573 866 1628 vel
925 1576 1327 1630 multitudinis
1379 1578 1620 1630 ratione.
1671 1577 1954 1640 Quoniam

307 1677 442 1714 vero
475 1677 642 1716 mens
665 1663 823 1716 omni
858 1665 1030 1717 modo
1082 1664 1458 1734 sempiterna,
1511 1673 1566 1718 et
1617 1655 1958 1734 Corporibus

305 1749 616 1805 sublimior
645 1755 752 1819 est,
791 1759 984 1822 partes
1012 1751 1186 1807 etiam
1219 1753 1413 1808 nullas
1443 1755 1638 1808 habet.
1677 1753 1836 1808 Unde
1857 1770 1956 1808 ve-

2073 553 2344 625 ράσματα,
2401 550 2527 608 ἀλλ’
2559 552 2610 606 ἐν
2653 557 2732 624 τῷ
2789 551 2866 606 ivi
2918 550 3090 604 πάντα
3149 547 3524 620 ἐπιστάμενος.
3569 545 3719 602 ’Λκί-

2073 662 2230 712 νητος
2279 642 2380 718 γὰρ
2425 639 2520 708 ὢν,
2577 642 2678 695 οὐκ
2735 640 2794 694 ἂν
2851 641 2954 694 ὑπὸ
3013 639 3216 713 χρόνου
3275 641 3543 711 μετρεῖτο,
3601 629 3722 686 οὕτε

2071 730 2204 784 κατὰ
2262 733 2359 798 τήν
2426 730 2632 802 οὐσίαν,
2687 727 2808 784 οὔτε
2851 730 2986 784 κατά
3028 729 3126 797 τὴν
3177 726 3461 802 ἐνέργειαν.
3519 723 3578 778 Εἰ
3633 721 3723 776 οὖν

2071 820 2156 873 κτιῖ
2187 821 2220 889 ἡ
2273 819 2428 874 obsta
2474 819 2672 874 τούτου
2722 819 2945 880 αἳώνιος
2993 817 3080 872 καὶ
3139 819 3173 886 ἡ
3231 813 3484 889 ἐνέργεια,
3545 811 3636 866 καὶ
3681 813 3716 880 ἡ

2076 911 2211 978 μὲση
2255 908 2462 964 τούτων
2523 910 2654 963 οὖσα
2705 906 2935 980 δύναμις
2993 903 3214 961 αἰωνίαν
3272 906 3370 972 τήν
3429 903 3722 958 ὑπόστασιν

2071 995 2447 1068 ἐκληρώσατο.

2685 1113 2784 1189 κγ’.
2815 1109 2944 1184 Περὶ
2975 1115 3094 1168 νοῦ.

2141 1225 2248 1282 ne;
2278 1225 2404 1281 νοῦς
2437 1218 2595 1273 cocta
2643 1217 2787 1272 ἐστὶν
2847 1217 3157 1290 ἀμέριστος.
3204 1214 3274 1268 Τὸ
3331 1213 3436 1287 γὰρ
3491 1213 3564 1284 μὴ
3599 1207 3719 1284 ἔχει

2073 1310 2316 1383 μέγεοος,
2347 1309 2410 1361 τὸ
2445 1309 2518 1380 μή
2573 1308 2631 1361 ’ὸν
2679 1311 2861 1378 σῶμα,
2909 1305 2973 1358 τὸ
3033 1305 3106 1376 μή
3159 1301 3476 1374 κινούμενον
3508 1301 3722 1360 πάντως

2067 1397 2156 1451 καὶ
2209 1399 2520 1470 ἀμέριστον.
2579 1402 2687 1450 Πᾶν
2723 1395 2824 1468 γὰρ
2882 1395 2944 1448 τὸ
2999 1392 3355 1466 μεριζόμενον
3407 1389 3441 1459 ἤ
3491 1388 3720 1444 κατὰτὸ

2072 1489 2297 1559 μέγεθος
2327 1483 2684 1560 μιρίζεται,ἤ
2743 1484 2879 1538 κατὰ
2927 1483 2990 1536 τὸ
3047 1479 3278 1550 πλῆθος.
3331 1479 3398 1533 Εἴ
3449 1475 3506 1532 δὲ
3536 1478 3563 1530 ὁ
3595 1481 3721 1537 νοῦς

2066 1576 2202 1628 κατά
2231 1577 2404 1628 πάντα
2453 1573 2674 1634 αῗώνιος
2721 1571 2810 1626 καὶ
2859 1570 3141 1649 ἐφπὲκεινα
3185 1567 3475 1640 σωμάτων,
3525 1564 3722 1638 ἀμερι-

2066 1685 2187 1726 στος
2218 1661 2320 1738 ἄρα
2343 1663 2472 1718 ἐστί.
2537 1663 2704 1726 Πόθεν
2761 1659 2858 1728 δέ;
2921 1660 3004 1714 ὅτι
3065 1660 3354 1732 ἀσώματος
3401 1659 3428 1710 ὁ
3459 1655 3720 1722 νοῦς,ὅτι

2067 1753 2250 1806 ἑαυτὸν
2285 1759 2417 1822 νοεῖ,
2469 1753 2556 1806 καὶ
2605 1753 2740 1824 πρὸς
2799 1749 2984 1804 ἐαυτὸν
3045 1746 3373 1824 ἐπιστρέφει,
3403 1751 3562 1816 σῶμα
3609 1744 3718 1817 γὰρ

305 1853 370 1892 ro
402 1845 634 1894 constat
665 1847 918 1895 mentem
955 1859 1068 1896 non
1097 1858 1225 1897 esse
1257 1845 1516 1913 corpus?
1558 1843 1842 1908 Quoniam
1893 1859 1956 1896 se

2075 1841 2220 1896 ιύτὸν
2255 1840 2405 1896 οὐδὲν
2437 1847 2570 1898 νοεῖ.
2605 1841 2768 1896 Πόθεν
2791 1837 2848 1894 δὲ
2867 1835 3060 1908 δῆλον,
3091 1835 3174 1892 ὅτι
3206 1835 3425 1891 αἰώνιον
3463 1835 3622 1904 ;”Ὀτι
3649 1833 3716 1886 οὐ

305 1926 432 1994 ipsa
453 1927 748 1998 intelligit,
775 1935 950 1998 atque
971 1929 1028 1984 in
1053 1948 1116 1985 se
1137 1931 1321 2001 ipsam
1349 1931 1682 1986 reflectitur.
1729 1937 1950 2001 Corpus

304 2014 460 2068 enim
493 2016 754 2088 seipsum
785 2017 1059 2088 intelligit
1083 2019 1330 2073 nullum.
1353 2017 1514 2074 Unde
1536 2035 1706 2090 porro
1723 2021 1950 2073 constat

304 2107 578 2159 aeternam
613 2122 739 2160 esse
767 2111 1016 2160 mentem
1047 2107 1072 2161 ?
1105 2107 1384 2174 Quoniam
1413 2107 1798 2180 intelligentia
1819 2109 1948 2178 ejus

307 2208 422 2246 non
441 2194 906 2264 partibusdivisa
927 2203 1035 2261 est,
1058 2201 1156 2250 sed
1183 2197 1678 2268 quemadmodum
1695 2197 1951 2252 essentia

303 2279 364 2333 in
390 2283 630 2351 perenni
655 2283 959 2338 identitate
983 2285 1416 2340 manet.0mnia
1441 2303 1606 2356 porro
1629 2286 1949 2340 subsistere

291 2371 444 2422 .facit
469 2387 653 2438 mens,
692 2389 802 2432 non
843 2373 1267 2444 qualiscunque
1298 2373 1550 2444 quidem,
1575 2375 1674 2429 sed
1709 2375 1809 2429 illa
1839 2374 1948 2428 ini-

309 2461 731 2530 participabilis
765 2469 820 2516 et
845 2463 1102 2517 effectrix
1136 2464 1362 2518 mundi.
1395 2465 1549 2518 Facit
1583 2471 1778 2519 autem
1810 2467 1946 2518 sub-

305 2549 510 2604 sistere
541 2549 597 2604 in
636 2551 842 2620 primis
877 2553 1110 2620 quidem
1139 2555 1372 2624 propria
1393 2560 1448 2608 et
1467 2553 1780 2607 mutationi
1805 2553 1950 2608 nulli

305 2640 575 2704 obnoxia,
629 2641 839 2695 deinde
894 2644 1070 2697 etiam
1133 2641 1442 2697 mutabilia
1475 2648 1530 2696 et
1579 2643 1952 2712 temporaria,

2070 1931 2340 2006 μερίζεται
2397 1933 2432 2000 ἡ
2491 1929 2678 2000 νόησις
2733 1927 2918 1999 αὐτοῦ,
2977 1923 3105 1981 ἀλλ’
3161 1924 3214 1980 ἐν
3259 1921 3552 1993 ταυτότητι
3591 1919 3704 1975 ἔστι

2067 2016 2324 2089 διηνεκεῖ,
2355 2017 2536 2095 ὥσπερ
2566 2021 2600 2088 ἡ
2635 2017 2810 2074 οὐσία.
2843 2019 2993 2074 Ἔστι
3026 2013 3082 2070 δὲ
3120 2016 3336 2069 πάντων
3377 2011 3704 2081 ὑποστάτης,

2064 2108 2194 2182 οὐχὶ
2247 2113 2350 2170 πᾶς
2407 2113 2552 2177 νοῦς,
2611 2107 2735 2163 ἀλλ’
2794 2107 2822 2160 ὁ
2881 2105 3176 2178 ἁμὲοεκτος
3228 2104 3316 2158 καὶ
3369 2099 3708 2174 δημιουργὸς

2064 2197 2295 2269 κόσμου.
2355 2195 2630 2274 Ὑφίστησι
2691 2193 2746 2250 δὲ
2807 2199 3096 2270 προσεχῶς
3169 2194 3262 2264 μὲν
3317 2191 3384 2247 τὰ
3451 2187 3562 2244 ἴδια
3617 2187 3710 2242 καὶ

2066 2281 2441 2357 ἀμετάϐλητα,
2495 2287 2606 2340 εἶτα
2637 2281 2702 2352 δὴ
2737 2283 2825 2338 καὶ
2865 2284 2930 2336 τὰ
2965 2277 3299 2353 μεταϐλητὰ,
3329 2279 3418 2334 καὶ
3450 2275 3709 2352 ἕγχρονα,

2067 2375 2173 2448 οὐχ
2205 2375 2285 2428 ὅτι
2317 2375 2384 2427 τὰ
2441 2375 2534 2444 μὶν
2593 2377 2784 2448 πρῶτα
2831 2376 2999 2438 ποιεῖ,
3049 2371 3116 2424 τὰ
3163 2368 3221 2423 δὲ
3251 2369 3464 2441 ὕστερα,
3500 2363 3626 2420 ἀλλ’
3657 2363 3711 2417 ἰν

2071 2467 2168 2534 μιᾷ
2195 2461 2339 2538 ῥοπῇ
2399 2460 2624 2518 ἅπαντα.
2658 2463 2870 2518 Ἐκεῖνα
2920 2458 2978 2513 δὶ
3033 2459 3170 2514 κατά
3210 2459 3306 2526 τὴν
3341 2457 3544 2511 ἑαυτῶν
3565 2453 3712 2522 τάξιν

2067 2553 2156 2606 καὶ
2217 2549 2468 2622 ἰδιότητα
2534 2551 2769 2626 πρόεισι,
2823 2549 2886 2604 τὸ
2965 2549 3059 2622 μὶν
3130 2547 3265 2602 κατὰ
3348 2547 3447 2614 τὴν
3523 2544 3712 2618 vei:in

2070 2639 2342 2711 ἰδιότητα,
2372 2642 2438 2695 τὰ
2469 2637 2528 2694 δὲ
2557 2639 2692 2693 κατά
2717 2639 2816 2707 τήν
2851 2637 3081 2712 φυσικὴν
3113 2635 3346 2704 κίνησιν.

309 2743 424 2781 non
460 2735 652 2782 tamen
687 2730 766 2783 ita
801 2737 858 2784 ut
893 2731 991 2785 illa
1016 2733 1178 2802 prius
1211 2732 1402 2796 faciat,
1435 2731 1558 2785 haec
1616 2731 1905 2800 posterius
1939 2749 1950 2785 :
1984 2731 2184 2786 omnia
2211 2731 2370 2786 enim
2401 2747 2518 2785 uno
2551 2729 2684 2784 facit
2719 2731 3040 2783 momento.
3071 2731 3186 2780 Suo
3217 2741 3388 2798 porro
3419 2722 3626 2779 ordine
3655 2725 3716 2776 et

312 2819 642 2871 secundum
679 2819 1090 2890 proprietatem
1123 2837 1289 2875 suam
1321 2819 1418 2874 illa
1451 2820 1798 2890 procedunt,
1829 2819 1944 2874 alia
1975 2821 2392 2891 proprietatem
2443 2817 2895 2888 intelligibilem,
2945 2816 3060 2871 alia
3107 2813 3434 2871 naturalem
3485 2817 3710 2867 motum

309 2909 631 2961 servantes.

736 3025 825 3080 24.
863 3029 940 3080 De
967 3025 1152 3080 eodem
1182 3032 1526 3094 argumento.

383 3127 548 3182 Mens
581 3129 1008 3200 participabilis
1032 3147 1157 3202 quae
1190 3137 1274 3186 est
1297 3140 1423 3203 post
1449 3132 1604 3187 illam
1631 3133 1954 3204 impertiri-

310 3217 588 3287 pabilem,
623 3218 798 3273 habet
829 3221 888 3274 in
922 3237 983 3276 se
1016 3222 1090 3290 (4)
1123 3223 1370 3290 primam
1409 3227 1658 3277 mentem
1689 3223 1960 3294 intelligi-

311 3307 508 3374 bilom,
545 3312 600 3360 et
622 3309 888 3363 omnium
923 3311 1268 3366 inferiorum
1303 3312 1732 3382 intelligibilem
1767 3311 1959 3384 cogni-

307 3397 528 3450 tionem
561 3397 768 3452 sortita
793 3401 899 3452 est.
936 3398 1079 3454 Nam
1115 3417 1217 3470 pro
1251 3417 1526 3456 mensura
1579 3401 1824 3472 propriae
1875 3417 1959 3454 cs-

309 3484 514 3539 sentia}
549 3491 604 3539 et
653 3487 844 3556 prima
895 3489 1070 3543 habet
1113 3495 1168 3544 et
1216 3496 1400 3544 semet
1446 3491 1745 3546 inferiora.
1797 3491 1958 3546 Unde

304 3572 852 3642 imparlicipabilem
886 3591 1118 3646 quoque
1151 3577 1312 3632 illam
1337 3583 1590 3633 mentem
1615 3579 1958 3650 intelligibi-

305 3658 440 3712 liter
471 3661 802 3730 cognoscit:
837 3661 974 3717 licet
1003 3664 1158 3718 enim
1191 3665 1290 3719 illa
1322 3666 1398 3722 sit
1429 3666 1956 3738 imparticipabilis,

309 3751 506 3802 tamen
541 3747 919 3806 inferioribus
978 3754 1079 3806 dat
1128 3755 1416 3824 quasdam
1467 3756 1783 3810 exis-tentias
1843 3775 1960 3811 sure

311 3837 652 3907 perspicuas
675 3839 1268 3908 significationes.Sed
1290 3847 1346 3896 et
1369 3843 1625 3898 animam
1647 3844 1766 3898 haec
1789 3845 1959 3898 intel-

308 3924 618 3994 ligibiliter
647 3929 1032 3998 cognoscit,et
1063 3947 1152 3984 res
1173 3931 1495 3996 naturales,
1523 3934 1818 4002 siquidem
1847 3951 1956 3988 non

308 4015 615 4084 cognoscit
648 4031 738 4070 res
782 4034 930 4086 quas
983 4019 1261 4090 intelligit
1309 4023 1636 4076 secundum
1691 4027 1960 4078 naturam

311 4118 426 4171 qua
455 4102 570 4156 illa:
600 4113 740 4158 sunt
771 4108 1044 4176 praeditas,
1081 4125 1269 4180 neque
1293 4111 1550 4166 deterius
1575 4111 1839 4178 meliora,
1862 4113 1960 4166 sed

311 4196 560 4260 utraque
591 4193 1058 4265 intelligibiliter.
1094 4197 1293 4268 Neque
1324 4199 1498 4253 rebus
1521 4216 1669 4270 quas
1693 4199 1964 4270 intelligit

309 4295 372 4333 se
403 4283 747 4346 conformat,
772 4286 1158 4354 praetentiori
1194 4287 1352 4342 enim
1387 4305 1502 4342 non
1536 4295 1748 4360 potest,
1780 4294 1835 4344 et
1862 4290 1962 4344 de-

311 4369 509 4424 teriori
543 4386 656 4424 non
691 4371 829 4426 vult.
865 4373 973 4428 Pro
1005 4392 1113 4430 sua
1155 4376 1336 4446 igitur
1383 4394 1562 4448 quam
1613 4378 1738 4449 ipsa
1791 4379 1965 4432 habet

312 4461 522 4512 natura
553 4462 612 4512 et
641 4460 944 4529 superiora
976 4479 1037 4516 se
1069 4469 1124 4518 et
1149 4465 1422 4520 inferiora
1447 4466 1743 4538 intelligit,
1773 4481 1962 4537 neque

313 4543 430 4599 ista
463 4544 520 4599 in
556 4563 640 4612 se,
674 4549 772 4602 sed
807 4549 1058 4606 istorum
1089 4551 1266 4607 habet
1293 4569 1524 4624 causas,
1557 4560 1732 4626 atque
1778 4561 1842 4609 ut
1871 4556 1958 4610 in-

309 4633 643 4706 telligibilia
673 4637 1127 4709 intelligibiliter
1157 4642 1240 4696 sic
1272 4646 1330 4696 et
1387 4643 1689 4699 sensibilis
1741 4643 1961 4700 intelli-

312 4721 573 4794 gibiliier
601 4725 658 4780 in
695 4743 756 4782 se
788 4727 979 4784 habet.

923 4863 1016 4918 25.
1049 4865 1123 4919 De
1153 4875 1352 4922 mente.

381 4968 596 5021 Omnes
627 4968 852 5039 species
893 4969 1319 5043 intelligibiles,
1357 4979 1421 5028 ut
1451 4973 1678 5039 animae,
1713 4979 1963 5044 mentes,

314 5051 527 5121 angeli,
562 5055 917 5122 archangeli,
949 5065 1266 5128 potestates
1289 5067 1340 5114 et
1369 5079 1495 5131 qua:
1545 5067 1684 5116 sunt
1705 5065 1833 5132 ejus
1863 5079 1964 5133 ge-

310 5139 468 5194 neris
494 5143 630 5210 alia,
655 5150 780 5199 tum
807 5149 862 5200 in
889 5147 1020 5202 aliis
1047 5148 1292 5203 invicem
1329 5153 1488 5217 sunt,
1511 5153 1636 5204 tum
1665 5150 1970 5219 quodlibet

313 5233 402 5283 est
425 5246 526 5298 per
549 5247 630 5298 se,
659 5247 846 5304 neque
873 5238 1026 5306 quod
1057 5239 1114 5292 in
1136 5238 1268 5294 aliis
1303 5239 1552 5294 invicem
1594 5243 1733 5294 sunt
1763 5241 1967 5294 confu-

315 5317 545 5372 sionem
579 5319 768 5390 aﬂ‘ert,
805 5341 996 5396 neque
1027 5329 1181 5398 quod
1214 5343 1318 5400 per
1348 5345 1410 5384 se
1441 5331 1583 5383 sunt
1613 5327 1863 5399 singula,
1891 5328 1971 5381 di-

2684 3019 2784 3080 κδ¹.
2821 3022 2946 3098 Περὶ
2969 3024 3084 3076 νοῦ.

2139 3134 2263 3188 ’Ότι
2292 3132 2318 3186 ὁ
2373 3132 2506 3204 μετά
2563 3131 2652 3184 τὸν
2699 3129 2994 3202 άμὲθεκτον
3045 3129 3192 3198 νοῦς,
3240 3123 3363 3194 ἤτοι
3396 3125 3424 3178 ὁ
3455 3123 3716 3196 μεθεκτὸς

2065 3222 2152 3276 κατ
2185 3223 2275 3275 τὸν
2327 3225 2544 3295 πρῶτον
2590 3223 2710 3272 νοῦν
2759 3218 2944 3294 νοερὸν
2997 3214 3112 3292 ἔχει
3159 3213 3211 3268 ἐν
3240 3215 3433 3286 ἑαυτῷ,
3465 3212 3554 3267 καὶ
3604 3217 3714 3266 τῶν

2070 3312 2185 3384 μετ’
2241 3309 2398 3364 αὖτὸν
2441 3308 2650 3362 πάντων
2699 3307 2884 3384 νοερᾶν
2935 3307 3034 3375 τήν
3087 3301 3296 3376 εἷ’δησιν
3327 3301 3710 3378 ἐκληρώσατο.

2069 3399 2218 3456 Κάτᾶ
2246 3400 2347 3473 γὰρ
2370 3399 2432 3453 τὸ
2461 3399 2655 3471 μέτρον
2711 3404 2808 3466 τῆς
2861 3393 3000 3454 ἰδίας
3063 3393 3249 3458 οὐσίας
3303 3392 3394 3446 καὶ
3435 3391 3500 3446 τά
3529 3395 3720 3464 πρῶτα

2069 3485 2182 3564 ἔχει
2215 3488 2304 3542 καὶ
2348 3487 2414 3542 τὰ
2467 3485 2660 3562 ὕστερα
2705 3487 2896 3557 ἑαυτῷ.
2949 3486 3106 3540 ’Όθεν
3153 3483 3240 3538 καὶ
3292 3483 3383 3536 τὸν
3413 3481 3716 3554 ἀμέθικτον

2069 3583 2191 3632 νοῦν
2224 3581 2426 3651 νοερῶς
2457 3581 2591 3631 νοεῖ.
2635 3574 2700 3628 Ei‘
2756 3575 2857 3650 γὰρ
2888 3573 2977 3628 καὶ
3007 3572 3326 3646 άμὲθεκτος,
3375 3570 3500 3626 ἀλλ’
3543 3568 3720 3646 ἐμφά-

2071 3687 2179 3729 σεις
2207 3666 2354 3726 τινὰς
2388 3661 2573 3718 δίδωσι
2604 3669 2720 3724 τοῖς
2763 3664 2877 3736 μετ’
2927 3661 3084 3716 αὐτὸν
3117 3669 3215 3730 τῆς
3248 3658 3384 3714 ἶδίας
3419 3659 3715 3733 ὑπάρξεως.

2073 3755 2172 3810 Καὶ
2203 3755 2302 3822 τήν
2336 3755 2519 3828 ψυχὴν
2547 3751 2604 3806 δὲ
2641 3750 2730 3806 καὶ
2763 3753 2827 3806 τὰ
2877 3751 3073 3829 φυσικὰ
3097 3753 3180 3804 οἷα
3215 3747 3281 3818 δὴ
3327 3753 3526 3822 νοερῶς
3552 3744 3716 3800 οἶδεν.

2071 3843 2147 3900 Οὐ
2179 3845 2279 3918 γὰρ
2313 3844 2386 3903 ὡς
2449 3838 2636 3917 ἔχουσι
2689 3840 2896 3918 φύσεως
2951 3840 3016 3893 τὰ
3061 3839 3351 3910 νοούμενα,
3375 3837 3551 3899 οὕτως
3580 3841 3720 3890 νοεῖ.

2070 3929 2207 3990 Οὔτε
2235 3934 2333 4006 γὰρ
2374 3931 2698 4006 κρειττόνως
2750 3927 2863 3983 οἶδε
2916 3928 2982 3982 τὰ
3017 3927 3260 4002 χείρονα,
3297 3925 3421 3980 οὕτε
3445 3924 3719 3998 χειρόνως

2069 4021 2135 4076 τὰ
2193 4020 2492 4097 κρείττονα,
2579 4018 2704 4074 ἀλλ’
2791 4017 3072 4094 ἀμφότερα
3145 4019 3368 4090 νοερῶς.
3430 4011 3571 4070 Οὐδὲ
3621 4012 3724 4086 γὰρ

2073 4105 2522 4182 συμμεταϐάλλει
2579 4113 2698 4168 τοῖς
2755 4105 3093 4178 νοουμένοις.
3153 4105 3293 4175 Πρὸς
3358 4103 3451 4174 μὲν
3501 4102 3602 4176 γὰρ
3660 4099 3724 4154 τὸ

2071 4205 2316 4273 κρεῖττον
2351 4197 2413 4252 οὐ
2447 4195 2687 4264 δύναται,
2731 4197 2868 4272 πρὸς
2920 4193 2977 4249 δὲ
3031 4195 3094 4249 τὸ
3125 4199 3311 4268 χεῖρον
3348 4191 3408 4246 οὗ
3445 4189 3724 4266 βούλεται.

2073 4289 2162 4349 Ὡς
2195 4286 2285 4342 οὖν
2319 4283 2434 4362 ἔχει
2471 4286 2700 4361 φύσεως,
2761 4283 2905 4339 οὕτω
2961 4284 3049 4338 καὶ
3089 4283 3157 4337 τὰ
3213 4281 3344 4356 ὑπὲρ
3389 4279 3549 4334 αὐτὸν
3591 4284 3723 4346 νοεῖ,

2073 4375 2270 4430 καὶτὰ
2325 4376 2440 4448 μετ’
2496 4373 2674 4430 αὐτόν.
2731 4373 2803 4427 Οὐ
2865 4373 2961 4446 μὲν
3021 4371 3198 4426 ἐκεῖνα
3247 4365 3362 4444 ἔχει
3417 4367 3468 4422 ἐν
3529 4369 3724 4438 ἐαυτῷ,

2073 4464 2218 4521 ἀλλὰ
2245 4464 2338 4526 τὰς
2395 4463 2613 4518 ἐκείνων
2673 4462 2868 4524 αἰτίας.
2927 4461 3034 4517 Καὶ
3091 4462 3162 4522 ὡς
3214 4459 3280 4512 τὰ
3325 4457 3494 4529 νοητὰ
3524 4461 3727 4532 νοερῶς

2071 4553 2212 4628 ἔχει,
2251 4551 2393 4607 οὕτω
2423 4553 2514 4608 καὶ
2537 4551 2604 4607 τὰ
2631 4551 2860 4621 αἰσθητᾶ
2878 4555 3099 4626 νοερῶς.

2643 4886 2652 4894 ο
2689 4867 2784 4915 κε’.
2819 4861 2952 4936 Περὶ
2983 4863 3100 4916 νοῦ.

2145 4971 2326 5024 Πάντα
2355 4969 2418 5023 τά
2448 4969 2609 5040 νοερά
2640 4965 2783 5040 εἶ’ὂη,
2849 4970 2961 5023 οἷον
3023 4968 3220 5042 ψυχαὶ,
3281 4965 3420 5030 νόες,
3479 4963 3731 5040 ἄγγελοι,

2077 5056 2443 5134 ἀρχάγγελοι,
2517 5055 2794 5130 δυνάμεις,
2889 5056 2979 5111 καὶ
3049 5055 3148 5110 ὅσα
3223 5059 3468 5122 τοιαῦτα,
3535 5053 3624 5107 καὶ
3681 5052 3735 5107 ἐν

2079 5146 2354 5217 ἀλλήλοις
2412 5145 2540 5216 cici,
2603 5147 2694 5200 καὶ
2769 5147 2889 5208 καθ’
2941 5146 3098 5199 ἑαυτὸ
3151 5143 3392 5198 ἕκαστον.
3455 5143 3550 5196 Καὶ
3611 5139 3736 5196 οὕτε

2077 5237 2141 5292 τὸ
2173 5235 2226 5291 ἓν
2258 5233 2534 5304 ἀλλήλοις
2583 5234 2842 5309 σύγχυσιν
2903 5231 3042 5308 ἔχει,
3103 5231 3224 5287 οὔτε
3279 5237 3359 5302 τῷ
3413 5233 3531 5294 καθ’
3575 5232 3735 5285 tauro

2080 5329 2216 5381 εἶναι
2275 5323 2494 5380 ἕκαστον
2589 5323 2854 5398 μερισμὸν
2935 5317 3296 5396 λαμϐάνουσι.
3371 5323 3546 5390 Φοιτᾷ
3599 5322 3731 5393 γοῦν

1909 5495 2144 5553 ΝΟΤᾸΕ.

379 5633 453 5702 (4)
491 5637 607 5690 Hoc
639 5637 751 5704 est,
783 5638 1082 5708 cognoscit
1111 5643 1288 5710 atque
1319 5640 1608 5713 intelligit
1639 5641 1802 5700 illam
1833 5659 1937 5714 pro
1963 5657 2070 5699 suo
2092 5639 2357 5698 modulo.
