4040 6146
279 381 402 441 705

1458 366 1563 428 DE
1605 352 2045 424 OMNIFARIA
2093 351 2486 413 DOGTRINA
2503 395 2517 410 .

3578 350 3698 410 706

274 512 455 567 πάντα
494 505 583 562 διὰ
613 504 848 572 πάντων,
877 503 968 558 καὶ
1012 502 1063 557 ἐν
1116 501 1293 573 ἑαυτῷ
1349 498 1489 553 ἐστιν
1545 492 1796 550 ἓκασταν.

2076 482 2357 539 ’ἰείουθω.
2387 481 2598 539 Omnia
2628 481 2810 553 igitur
2840 496 2942 552 per
2987 480 3188 537 omnia
3230 485 3557 554 permeant,
3591 498 3697 538 nec

283 601 381 673 μέν
445 598 691 671 σώματα,
747 595 864 649 καθ’
919 589 1080 646 ὶαυτά
1127 588 1237 644 ἑστι
1285 584 1532 655 ἕκαστον,
1590 582 1681 637 καὶ
1740 576 1803 632 οὗ
1863 570 1931 673 δι’

282 662 555 759 διλλήλων
612 662 800 763 φονιτᾷν
852 679 1070 736 δύναται
1129 676 1219 734 διὰ
1272 678 1370 747 τὴν
1433 662 1936 768 παγυμὲρειανζγτὰ

283 775 344 832 δὲ
400 754 660 849 ἀσώματοι
715 774 802 827 καὶ
858 770 1020 846 νοερὰ
1071 766 1189 839 εἷ’δη
1240 767 1393 831 ἑκτὸς
1438 761 1755 839 παχύτητος
1812 754 1937 849 ξντα

282 867 377 921 καὶ
467 842 744 939 μεγέθους,
803 859 871 915 δι’
931 842 1196 929 άλλήλων
1284 859 1534 932 φοιτῶσι.
1612 848 1709 904 Καὶ
1783 842 1937 939 aitet:

283 933 571 1031 ἀσῦγχξυτοι
634 933 900 1025 μένουσιν.
952 950 1039 1005 ’Ev
1091 944 1366 1017 ἀλλήλοις
1421 947 1546 1031 γοῦν
1607 939 1707 994 εἶσι
1763 933 1940 1031 πάντα

282 1046 356 1101 τΞι
384 1022 544 1118 ν’όέρά
587 1022 704 1111 εἷίδη
755 1039 1080 1112 ἠνωμὲνως,
1113 1035 1203 1090 καὶ
1243 1034 1421 1110 χωρὶς
1474 1029 1697 1087 ἕκαστον
1760 1022 1937 1079 διακε-

282 1129 630 1209 κριμμὲνως,
690 1128 872 1204 ὥσπερ
949 1125 1014 1195 δὴ
1092 1124 1182 1180 καὶ
1231 1124 1298 1178 τά
1351 1122 1679 1198 θεωρήματα
1734 1113 1786 1168 ἐν
1843 1113 1944 1184 μιᾶ

285 1225 470 1298 ψυχῇ-

908 1329 1005 1386 κς¹.
1041 1319 1171 1394 Ηερὶ
1200 1324 1296 1374 νοῦ
1312 1362 1324 1375 .

368 1420 480 1481 ΙΙᾶς
506 1421 632 1479 νοῦς
659 1412 883 1488 πλήρης
911 1410 1023 1466 ἐστὶ
1051 1413 1159 1465 τῶν
1206 1408 1364 1463 θείων
1409 1403 1594 1478 εἲδῶν,
1625 1407 1765 1472 οἷον,
1805 1402 1946 1477 ἀγα-

290 1507 547 1577 θότητος,
610 1503 918 1573 ὁσιότητος,
970 1497 1337 1568 δικαιοσύνης,
1366 1494 1720 1564 ταυτότητος,
1754 1491 1945 1565 ὁμοιό-

285 1616 461 1666 τητος
503 1593 593 1649 καὶ
650 1595 759 1647 τῶν
812 1591 1046 1659 λοιπῶν,
1079 1585 1204 1642 ἀλλ’
1267 1587 1295 1641 6
1355 1585 1448 1658 μὲν
1509 1582 1778 1659 θειότερος
1825 1584 1946 1642 νοῦς

292 1682 646 1759 ὁλικωτὲρων
708 1679 819 1737 ἐστὶ
873 1677 1210 1755 περιεκτικὸς
1269 1671 1453 1742 εἰδῶν,
1501 1674 1529 1727 6
1588 1670 1646 1726 δὶ
1698 1670 1948 1759 ταπεινό-

286 1795 455 1849 τερος
494 1755 873 1846 μερικωτὲρων
900 1788 912 1801 ο
948 1768 999 1821 ei
1056 1765 1149 1838 μὶν
1193 1765 1294 1840 γάρ
1342 1762 1597 1837 ἀνωτέρω
1647 1758 1816 1849 θείαις
1863 1755 1950 1849 δυ-

2044 571 2242 628 minus
2276 572 2741 643 unumquodque
2766 574 2855 625 est
2886 586 2991 641 per
3012 573 3174 625 se.At
3202 569 3357 626 enim
3384 587 3695 642 corporum

2044 659 2339 732 quodlibet
2374 676 2474 732 per
2505 677 2568 715 se
2597 665 2710 727 est,
2745 676 2847 715 nec
2896 677 3002 732 per
3047 661 3160 716 alia
3210 665 3405 732 potest
3436 660 3508 716 ob
3540 677 3698 738 cras-

2046 750 2236 805 sitiem
2270 766 2591 821 permeare.
2626 750 2668 804 E
2699 748 2989 804 contrario
3017 749 3410 821 incorporalia
3439 755 3496 805 et
3527 750 3701 806 intel-

2047 838 2291 912 ligibilia
2322 842 2525 911 utpote
2554 838 2844 894 crassitiei
2867 844 2924 893 et
2953 839 3383 910 magnitudinis
3413 839 3700 912 expertia,

2050 928 2293 984 invicem
2326 945 2388 983 se
2418 932 2818 1001 permeant,ac
2842 926 3228 984 nihilominus
3257 928 3569 985 inconfusa
3600 946 3704 1001 per

2051 1017 2537 1072 manent.0mnes
2566 1017 2748 1089 igitur
2779 1016 3002 1088 species
3036 1016 3439 1090 intelligibiles
3470 1017 3584 1074 sibi
3612 1018 3700 1072 in-

2051 1106 2233 1163 vicem
2265 1105 2471 1161 insunt
2497 1112 2673 1178 atque
2705 1107 2871 1162 unita
2900 1112 3175 1175 sunt,nec
3209 1107 3406 1163 minus
3430 1112 3703 1180 separata

2053 1199 2194 1251 sunt
2222 1211 2285 1251 ac
2317 1194 2634 1266 disjuncta,
2669 1195 2823 1252 sicut
2853 1194 2910 1250 in
2943 1195 3143 1252 anima
3173 1197 3577 1270 cogitationes.

2565 1303 2658 1357 26.
2688 1303 2874 1359 Adhuc
2897 1305 2964 1360 de
3000 1313 3200 1360 mente.

2126 1390 2331 1447 Omnis
2365 1407 2531 1447 mens
2561 1392 2777 1448 divinis
2809 1393 2984 1465 plena
3014 1398 3104 1449 est
3129 1393 3372 1463 ideis,ut
3400 1393 3706 1461 bonitatis,

2057 1480 2405 1548 sanctitatis,
2431 1482 2703 1553 justitiaa,
2733 1483 3079 1551 identitatis,
3112 1483 3522 1539 similitudinis
3545 1489 3710 1539 caete-

2058 1570 2299 1640 risque:
2334 1577 2394 1625 at
2421 1570 2673 1626 divinior
2716 1588 2883 1628 mens
2933 1572 3280 1643 integriores
3326 1572 3489 1628 ideas
3518 1573 3705 1628 couti-

2061 1667 2178 1728 net,
2209 1658 2469 1715 vicissim
2503 1676 2619 1731 quo
2650 1660 2891 1716 inferior
2920 1666 3028 1732 est,
3061 1677 3128 1716 eo
3160 1647 3419 1717 minores
3466 1660 3708 1717 illarum

2062 1758 2272 1820 partes.
2298 1749 2642 1820 Superiores
2672 1750 2829 1805 enim
2864 1751 3187 1820 majoribus
3218 1749 3433 1805 divinis
3465 1749 3710 1805 faculta-

294 1836 504 1936 VipSO‘t‘
553 1836 797 1936 .196)de
854 1836 1293 1931 μείζοσιν,οἷ-δὲ
1328 1852 1625 1925 κατώτεροι
1674 1847 1952 1919 πληθυνό-

2076 1836 2222 1893 '.ibus
2251 1843 2517 1907 utuntur,
2550 1838 2855 1894 inferiores
2888 1854 3019 1894 vero
3051 1846 3277 1894 mentes
3337 1840 3477 1893 dum
3506 1838 3712 1893 multi-

294 1973 480 2027 μενοι,
528 1948 739 2024 μᾶλλον
798 1945 1084 2002 ἐλαττοῦσι
1140 1943 1236 2005 τὰς
1293 1938 1568 2015 δννάμεις,
1619 1938 1678 2001 ’ὰς
1729 1936 1946 2027 ἔχουσι.

287 2024 378 2098 Τὰ
432 2040 536 2117 γὰρ
592 2042 674 2110 τῷ
730 2037 804 2091 ἑνὶ
868 2034 1253 2111 συγγενέστεραι
1307 2029 1665 2117 ἐλαττότεραν
1692 2028 1788 2101 μὲν
1834 2024 1950 2117 Δεῗσι

283 2129 377 2203 τῷ
401 2115 624 2200 πλήθει,
658 2131 767 2182 τῶν
800 2125 892 2203 ὐφ’
923 2123 1108 2191 ἑαυτὰ,
1140 2125 1209 2195 τῇ
1265 2118 1487 2191 δυνάμει
1546 2115 1604 2172 δὶ
1651 2115 1950 2191 ὑπεραίρει.

284 2221 374 2274 Τά
432 2218 489 2274 δὲ
541 2222 638 2272 τοῦ
695 2215 811 2277 ἑνὸς
846 2212 1207 2289 ποῤῥωτέρω,
1247 2204 1483 2282 ἔμπαλιν
1514 2211 1593 2279 τῷ
1653 2206 1745 2278 μὲν
1796 2208 1954 2276 ποσῷ

287 2303 784 2380 πληθυντικώτερά
868 2302 992 2371 εἶσι,
1051 2304 1121 2373 τῇ
1201 2297 1259 2353 δὲ
1327 2295 1547 2370 δυνάμει
1607 2294 1951 2366 ἐλαττότερα.

294 2404 415 2453 Πᾶν
452 2397 547 2470 μὲν
580 2394 680 2471 γὰρ
711 2393 774 2447 τὸ
805 2389 1220 2461 πληθυνόμενον
1283 2386 1604 2442 ἐλαττοῦται
1662 2385 1799 2439 κατὰ
1852 2383 1953 2450 τὴν

299 2484 554 2558 δύναμιν,
589 2488 695 2537 πᾶν
728 2478 785 2535 δὲ
811 2479 874 2534 τὸ
903 2477 1188 2548 ἑνούμενον
1217 2480 1286 2549 τῇ
1352 2475 1447 2547 μὲν
1504 2471 1727 2545 δυνάμει
1789 2491 1953 2545 μεγα-

303 2575 547 2642 λύνεται,
593 2570 911 2627 ἰλαττοῦται
964 2565 1022 2622 δὲ
1075 2566 1212 2621 κατὰ
1263 2564 1362 2632 τήν
1416 2561 1711 2629 ποσότητα·
1771 2563 1801 2629 ἡ
1865 2559 1959 2632 μὶν

299 2664 408 2738 γάρ
439 2659 626 2723 ἓνωσις
661 2658 1093 2732 δυναμικωτὲρα,
1137 2657 1172 2723 ἡ
1235 2651 1293 2707 δὲ
1340 2651 1597 2726 διαίρεσις
1655 2649 1959 2720 πληθυντι-

307 2754 546 2827 κωτὲρα.
578 2749 675 2806 Καὶ
706 2751 741 2818 ἡ
779 2768 875 2821 μεν
922 2742 1113 2807 ἓνωσις
1160 2742 1396 2797 ἐλάττων
1455 2740 1589 2796 κατά
1632 2741 1730 2808 τὴν
1788 2738 1958 2793 ποσό-

308 2825 475 2913 τητα,
533 2841 568 2910 ἡ
628 2836 686 2893 δὲ
731 2834 991 2910 διαίρεσις
1039 2832 1386 2907 ἀσθενέστερα
1439 2829 1575 2885 κατὰ
1629 2829 1727 2897 τὴν
1800 2825 1959 2883 δύνα-

369 2953 436 2988 ιν.

320 2954 436 3005 μιν.

876 3013 974 3080 κζ’.
1008 3009 1136 3079 Περὶ
1169 3012 1375 3084 ψυχῆς.

389 3105 576 3183 Τρίτον
609 3103 719 3160 ἐστὶ
748 3103 812 3157 τὸ
842 3101 1012 3163 πάθος
1039 3106 1138 3168 τῆς
1169 3100 1373 3173 ψυχῆς,
1407 3094 1505 3149 Καὶ
1534 3095 1597 3149 τὸ
1653 3096 1745 3168 μὲν
1793 3095 1960 3167 ἀκρό-

298 3218 472 3253 τατον
503 3195 696 3263 αὐτῆς,
738 3192 801 3246 τὸ
830 3196 945 3252 τοῖς
995 3192 1216 3258 νοητοῖς
1257 3185 1563 3257 ἡνωμένον,
1597 3184 1783 3252 νόησις
1839 3183 1977 3251 ὠνό,
2002 3219 2047 3287 C

309 3306 532 3361 μασται.
562 3285 632 3337 Τὸ
664 3281 721 3337 δὲ
770 3280 997 3355 ἔσχατον
1048 3279 1109 3330 τὸ
1155 3279 1262 3330 τῶν
1310 3274 1582 3343 αἰσθητῶν
1638 3274 1960 3345 γνωστικὸν,

310 3359 404 3431 διὰ
464 3371 631 3446 μέσης
690 3378 787 3439 τῆς
828 3374 1016 3437 κοινῆς
1076 3365 1378 3434 αἰσθήσεως
1436 3359 1561 3431 δόξα
1616 3360 1851 3435 λέγεται.
1893 3363 1963 3417 Τὸ

314 3463 376 3520 δὲ
409 3463 569 3536 μέσον
619 3461 681 3515 τὸ
736 3458 933 3514 ἀνιέναι
992 3454 1081 3510 καὶ
1128 3452 1364 3508 κατιέναι
1420 3450 1676 3527 πεφυκὸς,
1729 3447 1962 3507 διάνοια.

315 3552 424 3612 Καὶ
487 3549 652 3625 μέχρι
716 3548 810 3620 μὲν
864 3546 1095 3612 τούτων,
1158 3543 1185 3596 6
1258 3537 1560 3616 ἅνθρωπος,
1620 3536 1744 3607 ἤτοι
1816 3538 1964 3610 νοῦς,

316 3640 555 3711 διάνοια,
587 3636 734 3708 δόξα,
772 3634 906 3708 μετᾶ
958 3631 1015 3688 δὲ
1068 3635 1235 3687 ταῦτα
1288 3628 1510 3684 εἶναιτὸ
1545 3631 1703 3697 ζῶον.
1745 3630 1811 3684 Ἠ
1871 3630 1965 3703 μὶν

310 3730 417 3808 γὰρ
448 3724 848 3785 πολυποίκιλος
876 3722 1055 3798 φύσις,
1088 3723 1123 3790 ἡ
1152 3717 1209 3774 δὲ
1236 3719 1525 3808 τῆςῗθείας
1578 3715 1773 3808 μοίρας
1805 3717 1971 3808 ὑπάρ-

310 3804 515 3895 θέουσα,
547 3820 581 3886 ἡ
618 3815 710 3890 μὲν
742 3834 802 3888 γε
859 3810 1119 3884 ἐπιθυμίαι
1167 3805 1544 3895 πολυκέφαλον
1591 3805 1802 3895 θηρίον,
1838 3807 1865 3860 6
1914 3804 1971 3861 δὲ

312 3893 491 3982 θυμὸς
551 3900 885 3973 λεοντώδης,
917 3902 944 3956 6
999 3897 1055 3955 δὲ
1107 3897 1275 3973 λόγος
1317 3897 1345 3950 6
1394 3894 1608 3965 ἀληθὴς
1665 3893 1968 3970 ἅνθρωπος.

318 3997 469 4053 Ἐστῖ
530 3995 588 4049 δὲ
633 3993 832 4048 τούτου
871 3989 960 4045 καὶ
1006 3986 1174 4049 ἄλλος
1224 3985 1494 4060 θειότερος
1543 3982 1824 4058 ἄνθρωπος
1879 3985 1972 4038 καὶ

321 4083 707 4157 ἀληθέστερος,
766 4081 794 4135 ὁ
851 4079 1060 4151 νοερὸς,
1125 4076 1182 4131 ὃν
1243 4072 1629 4147 αὖτάνθρωπον
1702 4092 1970 4148 προσαγο-

326 4173 572 4253 ρεύουσιν
624 4172 675 4226 οἱ
727 4174 830 4225 τῶν
888 4165 1044 4223 εῗδῶν
1104 4164 1526 4243 φιλοθεάμονες.
1558 4159 1754 4236 Τρίτον
1802 4159 1892 4215 οὖν
1944 4161 1971 4214 ὁ

324 4246 634 4339 δὶνθρωπος,
665 4259 693 4313 ὁ
730 4258 825 4331 μὲν
857 4255 1043 4331 νοερὸς
1071 4252 1162 4308 καὶ
1212 4248 1524 4325 μονοειδὴς,
1557 4250 1585 4303 6
1643 4246 1701 4304 δὲ
1753 4246 1973 4325 λογικὸς

319 4336 436 4408 καὶ.
471 4347 735 4425 τριμερὴς
789 4346 878 4401 καὶ
927 4340 1280 4420 τριδ·3ναμος,
1315 4341 1342 4394 6
1402 4337 1459 4394 δὲ
1509 4336 1827 4409 αἷσθητικὸς
1882 4336 1972 4392 καὶ

323 4437 623 4507 πολυειδὴς
652 4437 739 4492 καὶ
774 4430 1140 4494 παντοδαπός.
1171 4431 1241 4485 Τὸ
1274 4428 1332 4485 δὲ
1371 4425 1733 4503 λογιζόμενον
1782 4425 1872 4482 καὶ
1911 4426 1973 4480 τὸ

327 4531 565 4604 θεωροῦν
597 4529 760 4599 ἡμεῖς
816 4523 1000 4596 ἐσμεν⁸
1026 4524 1189 4594 ἡμεῖς
1245 4517 1346 4593 γὰρ
1404 4516 1495 4571 καὶ
1548 4517 1700 4592 ψυχὴ
1754 4517 1971 4574 ταυτόν.

897 4808 1001 4878 κη’.
1035 4804 1167 4882 Περὶ
1197 4807 1405 4878 ψυχῆς.

398 4906 520 4961 Τῶν
552 4901 677 4974 παρ’
701 4897 941 4967 ’Ἕλλησι
975 4898 1154 4973 σοφῶν
1201 4893 1298 4960 τήν
1352 4891 1561 4966 ψυχὴν,
1594 4887 1822 4943 Πλάτων
1882 4886 1976 4959 μὲν
2032 4952 2036 4956 _

326 4993 418 5047 καὶ
468 4987 882 5063 Ἀριστοτέλης,
944 4984 1019 5046 ὡς
1099 4983 1317 5057 ὀργάνῳ
1391 4978 1519 5055 φασὶ
1608 4984 1846 5053 χρῆσθαι
1900 4980 1979 5046 τῷ

327 5080 563 5154 σώματι.
625 5082 715 5132 Δεῖ
783 5075 906 5150 γὰρ,
975 5071 1136 5143 φησὶν
1199 5066 1610 5146 ’Λριστοτὲλης,
1659 5068 1789 5154 Δτήν
1882 5064 1976 5137 μὶν

327 5152 528 5245 τεχνην
606 5172 845 5242 χρῆσθαι
926 5167 1039 5223 τοῖς
1116 5160 1394 5235 ὀργάνοις,
1468 5158 1569 5225 τήν
1605 5243 1612 5245 Δ
1653 5152 1710 5245 δὲ
1792 5154 1977 5245 ψυχῂν

329 5243 427 5330 τῷή
472 5258 705 5330 σώματι.
760 5254 823 5307 Οἱ
899 5249 955 5306 δὲ
1028 5249 1086 5304 ἐκ
1160 5246 1465 5323 Περιπάτου
1540 5243 1982 5330 φιλόσοφοιᾼὼς

328 5327 518 5403 ἔνυλον
554 5327 693 5406 εἶδος
750 5339 1061 5415 μιγνύουσιν
1111 5337 1277 5404 αὐτὴν
1319 5336 1399 5407 τῷ
1446 5333 1661 5407 σώματι
1715 5333 1805 5386 καὶ
1863 5327 1980 5385 δια-

327 5436 644 5492 πλέκουσιν.
689 5432 751 5486 Οὶ
801 5427 859 5484 δὶ
908 5427 1029 5504 περὶ
1077 5423 1361 5494 Κλεάνθην
1410 5423 1499 5477 καὶ
1563 5425 1721 5493 σῶμα
1782 5417 1984 5489 ταύτην

331 5523 742 5602 ἀποφαίνονται,
799 5516 1102 5590 δυναμένην
1166 5514 1349 5588 μέντοι
1406 5512 1468 5587 γε
1524 5529 1658 5564 ποτε
1725 5508 1817 5563 καὶ
1886 5511 1983 5562 τοῦ

333 5595 660 5689 φαινομένου
708 5606 1040 5684 χωρίζεσθαι
1089 5604 1361 5677 σώματος.
1414 5598 1698 5660 Πλωτῖνος
1744 5595 1805 5689 δὲ
1850 5616 1985 5689 φησι

339 5688 416 5777 μὴ
449 5700 833 5777 ἀναγκάζεσθαι
866 5693 1114 5771 δέχεσθαι
1169 5693 1271 5764 τήν
1331 5691 1516 5767 ψυχὴν
1566 5689 1633 5745 τά
1684 5688 1829 5758 πάθη
1886 5688 1984 5740 τοῦ

2061 1924 2374 1997 plicantur,
2408 1926 2790 1983 facultatibus
2817 1944 2962 1999 quas
2992 1928 3210 1983 habent
3239 1931 3489 1983 utuntur
3516 1927 3705 1983 imbe-

2063 2013 2410 2069 cillioribus.
2441 2017 2575 2080 Quae
2606 2016 2761 2071 enim
2797 2016 3005 2071 unitati
3040 2016 3305 2087 proxima
3336 2014 3708 2086 sunt,multi-

2063 2104 2262 2159 tudine
2295 2104 2532 2175 quidem
2560 2105 2633 2160 ab
2658 2105 3032 2161 inferioribus
3062 2107 3397 2174 vincuntur,
3448 2104 3710 2176 potentia

2063 2198 2257 2246 autem
2291 2198 2587 2264 praestant.
2637 2193 2907 2249 Vicissim
2954 2212 3081 2266 qua
3107 2196 3180 2250 ab
3204 2194 3427 2249 unitate
3475 2193 3712 2264 longius

2064 2281 2365 2347 recedunt,
2401 2298 2644 2338 numero
2675 2282 2975 2354 plura,sed
3006 2283 3266 2354 potentia
3295 2284 3524 2338 minora
3545 2287 3709 2338 sunt.

2065 2371 2362 2444 Quidquid
2402 2371 2558 2426 enim
2625 2371 2685 2425 in
2754 2372 3200 2427 multitudinem
3254 2371 3401 2440 abit,
3451 2372 3716 2443 potentia

2067 2463 2375 2530 minuitur,
2425 2460 2526 2516 sed
2574 2461 2730 2531 quod
2777 2462 2993 2527 unitur,
3042 2461 3305 2532 potentia
3352 2466 3599 2531 augetur
3647 2476 3715 2515 ac

2067 2552 2295 2618 crescit,
2328 2551 2462 2606 licet
2490 2565 2735 2605 numero
2767 2548 3291 2604 minuatur.Unitio
3323 2549 3480 2603 enim
3515 2548 3713 2604 valen-

2067 2645 2181 2699 tior
2226 2646 2335 2708 est,
2384 2637 2596 2695 divisio
2640 2636 3041 2692 multitudinis
3088 2637 3464 2709 procreatrix.
3518 2636 3714 2691 Unitio

2070 2732 2261 2787 minor
2292 2744 2558 2796 numero,
2586 2727 2795 2783 divisio
2827 2728 3084 2798 potentia
3110 2725 3421 2781 inﬁrmior.

2673 2994 2762 3047 27.
2791 2992 2866 3047 De
2894 2993 3108 3047 anima.

2140 3087 2283 3141 Tres
2313 3088 2455 3140 sunt
2499 3083 2706 3139 animas
2755 3082 3081 3153 passiones.
3126 3081 3322 3136 Prima
3368 3080 3608 3151 quidem
3658 3083 3718 3134 et

2082 3192 2318 3233 summa
2343 3169 2944 3244 quaintelligibilibus
2960 3170 3359 3241 conjungitur,
3383 3168 3718 3238 intelligen-

2084 3267 2166 3322 tia
2186 3262 2535 3335 appellatur.
2559 3260 2766 3315 Inﬁma
2788 3276 2906 3330 qua
2936 3275 3030 3313 res
3061 3257 3305 3313 sensiles
3341 3274 3444 3328 per
3484 3273 3726 3311 sensum

2074 3366 2449 3410 communem
2503 3347 2938 3420 cognoscimus,
2989 3346 3204 3401 dicitur
3242 3345 3459 3415 opinio.
3511 3344 3726 3415 Media,

2075 3460 2202 3515 quae
2225 3439 2593 3497 ascendendo
2616 3440 2674 3492 et
2692 3435 3101 3492 descendendo
3124 3434 3397 3505 colligere
3430 3441 3565 3504 apta
3588 3438 3727 3488 nata

2077 3530 2377 3600 est.Atque
2390 3528 2566 3583 homo
2581 3525 2818 3595 quidem
2833 3521 3731 3593 hactenus,mens,ratiocinatio,

2077 3620 2272 3694 epinio
2306 3636 2318 3674 :
2352 3617 2510 3689 quod
2541 3618 2811 3686 superest
2843 3611 3063 3668 animal
3092 3616 3204 3679 est,
3238 3615 3451 3666 natura
3477 3609 3640 3668 varia
3661 3627 3729 3665 ac

2078 3707 2404 3780 multiplex.
2437 3722 2573 3776 pars
2605 3702 2815 3757 divinat
2847 3701 3022 3756 sortis
3052 3698 3368 3772 particeps,
3406 3715 3540 3770 pars
3587 3715 3726 3754 cen-

2080 3796 2438 3870 cupiscentia
2472 3792 2782 3862 multiceps
2817 3790 3027 3854 bestia,
3059 3795 3118 3844 et
3149 3787 3236 3843 ira
3265 3787 3456 3859 qualis
3486 3791 3576 3842 est
3606 3786 3727 3842 leo-

2081 3905 2223 3944 num
2256 3903 2269 3940 :
2304 3884 2405 3940 scd
2437 3898 2608 3937 verus
2642 3879 2816 3935 homo
2850 3879 2994 3934 ratio
3025 3882 3133 3933 est.
3180 3875 3427 3931 Exsistit
3468 3892 3640 3947 porro
3673 3877 3730 3930 et

2081 3976 2232 4033 alius
2260 3974 2436 4029 homo
2468 3968 2717 4025 divinior
2750 3968 3076 4038 veriorque,
3108 3963 3517 4036 intelligibilis,
3553 3979 3728 4035 quem

2082 4063 2468 4135 αὐτάνθρωπον
2511 4058 2910 4131 ipshominem
2942 4056 3064 4111 sive
3095 4054 3285 4110 ideam
3335 4052 3594 4108 hominis
3624 4068 3722 4107 vo-

2081 4158 2216 4209 cant
2245 4151 2345 4223 qui
2370 4151 2631 4205 idearum
2662 4164 2728 4202 ac
2748 4146 3075 4217 specierum
3108 4141 3606 4214 contemplatione
3631 4141 3728 4197 ob-

2080 4243 2392 4298 lectantur.
2425 4235 2655 4309 Triplex
2682 4235 2863 4307 igitur
2894 4235 3068 4288 homo
3101 4233 3293 4299 datur,
3329 4247 3485 4286 unus
3516 4230 3735 4286 intelli-

2082 4329 2419 4404 gibilis,iste
2451 4331 2506 4382 et
2528 4324 2737 4379 unicus
2767 4339 2833 4377 ac
2855 4321 3142 4392 simplex;
3176 4320 3323 4375 alter
3344 4319 3733 4386 rationabilis,

2082 4420 2272 4475 tribus
2308 4413 2684 4472 facultatibus
2741 4427 2806 4466 ac
2840 4409 3014 4465 veluti
3074 4410 3342 4481 partibus
3400 4412 3684 4464 constans
3721 4423 3733 4461 :

2082 4507 2289 4562 tertius
2332 4501 2634 4560 sensibilis
2681 4504 2739 4556 et
2782 4497 3088 4570 multiplex
3136 4496 3471 4569 variusque.
3516 4500 3736 4550 Sumus

2004 4589 2051 4653 D
2083 4601 2281 4653 autem
2310 4592 2369 4648 id
2403 4592 2557 4664 quod
2602 4589 2827 4646 ratione
2875 4591 2933 4643 et
2979 4587 3445 4644 consideratione
3498 4584 3731 4640 utitur:

2085 4684 2284 4742 anima
2312 4681 2469 4738 enim
2500 4680 2788 4751 cujusque
2817 4676 2869 4733 is
2900 4680 2990 4732 est
3020 4676 3297 4749 quisque.

2678 4788 2767 4841 28.
2804 4789 2884 4840 De
2913 4786 3124 4839 anima.

2160 4883 2315 4937 Inter
2344 4877 2575 4935 Graeciaa
2606 4875 2900 4948 sapientes
2932 4874 3090 4929 Plato
3119 4877 3177 4927 et
3201 4868 3542 4927 Aristoteles
3573 4868 3743 4925 aiunt

2089 4971 2347 5027 animam
2392 4983 2634 5039 corpore
2693 4966 2776 5019 uti
2826 4970 3108 5033 tanquam
3167 4962 3584 5015 instrumento.
3638 4958 3742 5012 Ars

2087 5062 2257 5128 enim,
2287 5058 2479 5127 inquit
2506 5051 3483 5122 Aristoteles,inslrumcntis,anima
3511 5064 3743 5119 corpore

2090 5149 2319 5218 indiget.
2353 5152 2420 5200 At
2464 5141 2831 5214 Peripatetici
2888 5138 3223 5212 pbiIOSOphi
3265 5139 3550 5207 animam,
3582 5137 3744 5194 velut

2091 5240 2339 5294 formam
2373 5232 2648 5301 materiae,
2678 5231 3056 5286 inhaerentem
3083 5227 3310 5301 corpori
3343 5227 3652 5300 implicant
3675 5243 3742 5282 ac

2091 5324 2464 5399 permiscent.
2498 5319 2809 5376 Cleanthes
2857 5323 2914 5374 et
2953 5317 3212 5373 animam
3268 5315 3478 5373 statuit
3527 5332 3742 5388 corpus

2092 5432 2241 5483 esse,
2277 5416 2475 5483 utpote
2504 5426 2632 5481 quae
2664 5408 2852 5480 possit
2883 5424 2916 5463 a
2946 5423 3186 5479 corpore
3218 5408 3373 5479 quod
3404 5405 3593 5462 oculis
3616 5422 3739 5461 cer-

2092 5505 2253 5561 nitur
2285 5497 2545 5572 separari
2577 5514 2642 5553 ac
2672 5497 2961 5553 secedere.
2995 5496 3263 5551 Plotinus
3295 5500 3470 5567 negat
3502 5510 3744 5551 necesse

2093 5610 2222 5651 esse
2252 5595 2318 5646 ut
2344 5589 2543 5645 anima
2573 5586 2834 5659 corporis
2863 5586 3241 5658 passionibus
3270 5584 3582 5653 afﬁciatur,
3604 5600 3742 5639 nam

2095 5698 2201 5739 nec
2231 5679 2515 5738 artiﬁcem
2550 5694 2616 5733 ea
2647 5693 2773 5749 qua-
2802 5675 3215 5732 instrumentis
3242 5673 3364 5730 suis
3394 5671 3745 5742 contingunt
