4046 6144
329 359 440 418 707

1660 347 2088 407 MICHAELIS
2132 349 2406 410 PSELLI

3617 355 3742 414 708

323 503 584 561 unquam
619 477 1407 556 persentiscere.Necessario
1439 482 1636 533 autem
1669 477 1754 533 uti
1787 476 1946 533 sensi

2087 478 2362 550 σώματος,
2395 479 2508 534 ἐπεὶ
2547 477 2686 553 μηδὲ
2714 484 2971 558 τεχνίτης
3009 485 3075 538 τὰ
3121 485 3266 554 πάθη
3317 489 3427 539 τῶν
3485 484 3734 560 ὀργάνων

325 582 434 634 bus
465 571 898 632 animam.Nam
931 573 994 624 ut
1025 584 1126 641 per
1157 585 1367 638 corpus
1393 573 1689 638 operetur,
1725 583 1966 622 sensum

322 669 536 723 habere
568 661 992 724 auxiliatorem,
1033 663 1096 712 ut
1127 675 1228 729 per
1267 656 1434 710 illum
1469 662 1707 712 externa
1755 672 1970 728 cogno-

319 764 463 814 seat.
499 750 982 821 Quandoquidem
1017 747 1196 818 igitur
1225 745 1613 817 incorporalis
1645 745 1843 800 anima
1859 749 1966 813 est,

321 847 624 920 passiones
647 839 906 912 corporis
936 838 1007 892 ad
1027 853 1154 891 eam
1187 853 1301 891 non
1337 836 1666 907 pertingant
1691 853 1702 902 ;
1738 836 1892 906 quod
1919 835 1966 889 si

319 937 678 1009 pertingant,
710 947 826 985 non
859 926 1172 984 essentiam
1204 926 1331 996 ejus
1363 924 1640 995 afﬁciant,
1667 941 1866 980 verum
1892 924 1968 979 fa-

317 1027 566 1083 cultates
598 1027 652 1079 et
685 1018 1070 1092 operatioues.

919 1197 1008 1250 29.
1041 1195 1113 1249 De
1142 1195 1354 1248 (mima.

386 1297 519 1362 Qum
553 1291 896 1352 miscentur,
945 1284 1030 1339 vel
1083 1283 1163 1337 ita
1213 1281 1537 1336 miscentur
1595 1280 1748 1336 inter
1781 1297 1864 1348 se,
1899 1285 1964 1334 ut

313 1383 775 1447 confundantur,
835 1372 1340 1445 quemadmodum
1399 1369 1701 1439 humores,
1743 1368 1840 1440 vel
1901 1375 1964 1422 ut

313 1474 486 1530 modo
513 1467 892 1540 implicentur
925 1465 1128 1517 mutuo
1171 1477 1236 1514 ac
1276 1463 1599 1531 permeent,
1635 1457 1718 1513 uti
1779 1474 1876 1512 aer
1910 1463 1964 1511 et

311 1565 430 1630 lux;
467 1562 514 1616 si
548 1559 680 1630 quis
714 1572 842 1628 quae
889 1550 1124 1622 singula
1167 1549 1518 1616 consideret,
1549 1548 1652 1604 illa
1681 1549 1834 1619 quad
1867 1563 1960 1602 es-

311 1651 558 1708 sentiam
593 1645 894 1706 distincta,
936 1637 1373 1710 operationibus
1419 1634 1702 1707 permista
1753 1634 1952 1704 depre-

309 1743 545 1798 hendet.
581 1737 726 1790 Hinc
761 1728 1101 1787 Aristoteles
1136 1725 1431 1796 duplicem
1485 1725 1648 1797 ponit
1698 1723 1954 1778 animam

2083 565 2384 638 ὑποδέξαιτ⁹
2417 571 2475 623 ἄν
2509 591 2658 626 ποτε.
2695 571 2952 642 Αἷλσθήσει
2985 571 3043 626 δὲ
3073 574 3312 648 χρῆσθαί
3343 595 3502 651 φησιν
3566 575 3736 648 ἀναγ-

2079 661 2255 722 καῖον,
2315 658 2377 712 τὸ
2462 660 2566 734 γὰρ
2653 657 2741 714 διὰ
2817 663 3067 732 σώματος
3129 661 3402 738 ἐνεργοῦν,
3460 659 3577 738 ἔχει
3634 665 3732 732 τὴν

2079 742 2346 814 αἶ’σθησιν,
2377 744 2465 801 τἕνα
2497 745 2565 801 δι’
2599 747 2765 817 αὐτῆς
2803 751 3040 824 γινώσκῃ
3067 751 3136 804 τὰ
3181 746 3392 821 ἔξωθεν.
3429 752 3492 808 Εἰ
3555 751 3646 806 οὗν
3697 755 3732 822 ἡ

2078 836 2230 908 ψυχὴ
2285 835 2598 908 ἀσώματος,
2629 838 2698 892 τὰ
2755 838 2898 908 πάθη
2959 844 3055 894 τοῦ
3105 841 3358 913 σώματος
3417 841 3478 896 οὐ
3539 838 3731 912 διαϐή-

2080 944 2224 978 σεται
2262 923 2342 978 ἐπ’
2375 926 2564 996 αὗτήν.
2597 927 2658 981 Ei
2695 925 2752 982 δὲ
2801 928 2889 982 καὶ
2943 925 3183 1006 ἔρχεται,
3218 929 3316 984 οὐκ
3363 931 3436 992 εἰς
3482 931 3582 999 τὴν
3643 931 3736 985 οὐ-

2079 1013 2192 1066 σίαν
2255 1013 2421 1082 αὐτῆς
2479 1014 2720 1090 ἔρχεται,
2773 1015 2899 1072 ἀλλ’
2933 1017 3010 1080 εἷς
3057 1019 3152 1080 τὰς
3206 1015 3460 1092 δυνάμεις
3507 1021 3594 1074 καὶ
3641 1020 3736 1084 τὰς

2077 1101 2259 1176 ἐνεργε
2271 1102 2347 1165 ἷας
2359 1148 2371 1160 .

2647 1196 2741 1252 κο’.
2785 1196 2914 1270 Περὶ
2953 1199 3158 1272 ψυχῆς.

2143 1281 2406 1357 Μίγνυται
2463 1284 2530 1338 τὰ
2610 1284 2914 1359 μιγνύμενα
2970 1287 3004 1356 ἢ
3073 1287 3370 1362 κιρνάμενα
3453 1287 3728 1358 ἀλλήλοις

2075 1371 2254 1445 ὥσπερ
2285 1373 2350 1425 τὰ
2385 1372 2538 1448 ὑγρὰ,
2571 1372 2606 1442 ἢ
2641 1371 3044 1447 διαπλεκὸμενα
3099 1375 3280 1452 ὥσπερ
3311 1377 3340 1431 ὃ
3370 1399 3428 1431 τε
3483 1377 3586 1452 ἀὴρ
3637 1379 3728 1432 καὶ

2069 1460 2132 1513 τὸ
2165 1465 2298 1537 φῶς.
2331 1461 2394 1514 Εἰ
2437 1460 2494 1516 δὲ
2553 1462 2780 1540 ἐφάπτοι
2811 1464 2873 1518 τὸ
2935 1465 3122 1537 μόνον,
3155 1469 3222 1540 τῇ
3280 1467 3372 1538 μὶν
3433 1465 3588 1538 οὐσίᾳ
3635 1489 3730 1522 κε-

2071 1550 2362 1623 χώρισται,
2395 1557 2514 1612 ταῖς
2565 1550 2622 1606 δὲ
2678 1552 2966 1629 ἐνεργείαις
2999 1555 3281 1626 μέμικται.
3337 1555 3434 1609 Καὶ
3479 1559 3726 1629 Ἀριστο-

2071 1637 2234 1708 τὲλης
2293 1637 2380 1694 διὰ
2431 1645 2592 1694 τοῦτο
2649 1643 2748 1710 τὴν
2810 1644 2994 1718 ψυχὴν
3029 1649 3178 1697 ποιεῖ
3226 1641 3562 1712 διττὴν,τὴν
3629 1647 3726 1718 μὲν

2071 1729 2511 1803 κεχωρισμένην,
2569 1731 2668 1799 τὴν
2740 1728 2796 1784 δὲ
2853 1729 2902 1785 ἐν
2984 1733 3196 1804 σώματι
3271 1733 3369 1800 τήν
3432 1733 3723 1788 ὑπόστασιν

308 1831 484 1887 aliam
505 1819 1036 1898 separatam,aliam
1069 1833 1196 1888 qua:
1227 1816 1287 1870 in
1318 1829 1558 1886 corpore
1590 1812 1950 1868 subsistit.Al

2073 1815 2330 1889 ἔχουσαν,
2351 1817 2502 1886 Πλὴν
2523 1817 2628 1894 οὐχ
2658 1821 2692 1888 ἡ
2723 1821 2876 1895 ψυχὴ
2911 1819 3215 1876 αἶ’σΘάνεται
3249 1823 3283 1891 ἡ
3317 1821 3368 1874 ἐν
3399 1826 3477 1892 τῷ
3510 1823 3724 1896 σώματι

307 1937 422 1976 non
455 1917 636 1974 sentit
665 1912 864 1970 anima
898 1926 958 1966 se
989 1906 1218 1979 corpori
1249 1921 1378 1961 esse
1429 1903 1794 1976 permistam,
1853 1902 1950 1955 sed

305 2025 516 2080 corpus
546 2005 892 2060 animatum.
942 1999 1166 2069 Corpus
1212 1995 1366 2049 enim
1418 1993 1625 2048 animae
1674 1989 1958 2048 beneﬁcio

305 2100 482 2155 habet
519 2095 674 2167 quod
722 2091 904 2146 sentit
949 2087 1312 2160 appetitque,
1365 2089 1542 2155 atque
1591 2080 1840 2137 aliarum
1871 2083 1960 2134 est

305 2187 676 2244 aifectionum
707 2181 1020 2252 particeps.
1051 2178 1252 2246 Itaque
1279 2173 1437 2230 Plato
1467 2169 1807 2240 statuitipsi
1837 2168 1957 2222 ani-

305 2295 412 2332 maa
461 2291 590 2330 esse
645 2287 838 2326 veram
891 2265 1310 2339 propriamque
1354 2260 1748 2317 substantiam
1783 2275 1796 2312 :
1831 2273 1957 2328 quae

301 2368 458 2421 enim
490 2364 548 2418 in
580 2360 693 2416 alio
739 2355 1010 2414 subsistit
1061 2355 1271 2416 forma,
1322 2351 1394 2406 ab
1447 2351 1652 2406 eodem
1703 2347 1958 2419 qualitas

301 2451 658 2522 essentialis,
694 2465 808 2505 non
841 2443 1174 2502 substantia
1205 2441 1552 2514 appellatur.

799 2557 890 2611 30.
925 2553 1110 2608 Adhuc
1149 2551 1214 2605 de
1243 2551 1456 2604 anima.

373 2650 554 2706 Aliter
585 2646 883 2720 physicus,
916 2642 1087 2696 aliter
1117 2639 1458 2694 dialecticus
1517 2635 1776 2690 animam
1811 2635 1954 2688 deﬁ-

305 2741 496 2796 niunt.
551 2737 835 2808 Physicus
895 2731 1102 2787 animae
1166 2726 1561 2784 substantiam
1621 2725 1958 2780 considerat

305 2833 600 2897 quatenus
625 2839 738 2877 non
764 2825 852 2875 est
878 2837 910 2873 a
931 2831 1169 2888 corpore
1192 2819 1493 2886 separata:
1522 2817 1742 2866 natura;
1771 2811 1953 2880 siqui-

307 2917 438 2971 dem
473 2911 778 2968 scientiam
811 2907 1131 2979 professus,
1165 2903 1452 2975 spectabit
1507 2901 1762 2956 animam
1795 2899 1950 2954 haud

308 3005 634 3076 sejunctam
667 3017 699 3054 a
721 3001 1042 3069 corpore,et
1062 2997 1354 3065 quatenus
1385 2991 1536 3045 haud
1563 2989 1952 3060 sejunctajest.

311 3091 660 3148 Dialecticus
685 3105 820 3143 vero
843 3085 1019 3141 etiam
1055 3081 1309 3138 rationes
1339 3079 1606 3135 essentize
1627 3077 1784 3132 illius
1807 3077 1862 3130 in
1893 3093 1954 3132 se

305 3187 599 3254 Spectatas
633 3175 942 3249 expendit;
975 3182 1028 3228 ct
1069 3169 1524 3226 mathematicus
1577 3168 1872 3222 abstracta
1921 3183 1954 3220 a

303 3229 1001 3343 Ξέἶῆἆξὲοᾌιὲἶηριαιὶη·
1033 3279 1046 3316 :
1083 3263 1180 3316 sed
1219 3261 1442 3330 primus
1471 3257 1857 3329 philosophus
1881 3255 1950 3310 de
1982 3229 2023 3294 δ

302 3357 737 3432 separabilitate
761 3355 888 3409 vitae
920 3353 990 3407 ab
1025 3352 1222 3406 anima
1254 3355 1344 3404 est
1369 3347 1950 3408 sollicitus.Qu:erere

303 3450 581 3504 nimirum
616 3448 843 3516 oportet
873 3459 1014 3496 num
1051 3438 1384 3495 substantia
1415 3437 1489 3492 sit
1517 3435 1714 3489 anima
1747 3449 1948 3498 necne,

300 3545 354 3593 et
387 3535 720 3608 potentiane
753 3549 824 3586 an
857 3537 990 3584 actu
1023 3527 1356 3582 substantia
1383 3525 1506 3579 sit?
1535 3529 1726 3594 Atque
1749 3527 1948 3576 utrum

299 3641 508 3696 corpus
540 3621 716 3691 sit,an
749 3615 1234 3688 incorporalis,an
1269 3620 1583 3683 utrumque
1609 3617 1630 3666 Ρ
1656 3611 1946 3674 Quodam-

305 3715 473 3768 modo
505 3712 681 3767 etiam
716 3725 782 3764 ex
812 3707 882 3761 iis
915 3723 1040 3776 qua:
1065 3704 1271 3759 animae
1304 3703 1520 3758 adsunt
1549 3699 1946 3756 substantiam

298 3805 426 3876 ejus
455 3799 780 3872 intelligere
811 3798 898 3852 fas
931 3799 1037 3850 cst.
1073 3797 1353 3850 Caeterum
1386 3790 1503 3845 vita
1533 3793 1734 3844 nostra
1767 3787 1942 3842 ratio-

297 3891 532 3958 nabilis,
567 3907 744 3961 quam
777 3891 1033 3943 mentem
1063 3879 1404 3939 Aristoteles
1429 3879 1815 3952 appellat,pro
1839 3893 1946 3932 sua

296 3983 368 4037 ad
400 3997 611 4051 corpus
645 3977 1021 4034 inclinatione
1052 3979 1108 4030 et
1139 3969 1484 4045 separabilis
1516 3973 1606 4025 est
1635 3971 1692 4023 et
1719 3967 1944 4038 insepa-

295 4072 519 4126 rabilis.

892 4157 978 4210 31.
1013 4155 1087 4210 De
1117 4154 1336 4207 anima.

369 4248 574 4302 Anima
622 4263 748 4318 qua:
795 4245 1050 4316 seipsam
1105 4239 1408 4312 cognoscit
1438 4242 1495 4294 et
1541 4237 1694 4308 quod
1749 4235 1944 4290 divina

295 4337 508 4410 gaudet
523 4333 1100 4407 prmrogativaﬂonge
1117 4332 1296 4385 distat
1321 4345 1354 4383 a
1373 4331 1584 4382 natura
1606 4341 1941 4395 corporum,

297 4425 694 4496 omnibusque
731 4427 970 4495 prrestat
1001 4419 1349 4475 seminibus.
1393 4415 1572 4472 Multo
1605 4415 1782 4470 etiam
1807 4419 1942 4467 ante

293 4517 415 4571 haec
447 4515 518 4570 ab
551 4513 826 4568 omnibus
857 4509 1204 4582 corporibus
1235 4507 1517 4562 distincta
1547 4509 1657 4568 est,
1683 4503 1938 4574 atquein

2070 1905 2200 1960 οὖσα
2251 1905 2398 1982 εἷ’περ
2453 1909 2706 1984 κέκραται
2755 1914 2833 1981 τῷ
2885 1909 3118 1982 σώματι,
3151 1909 3298 1965 ἀλλὰ
3351 1912 3412 1965 τὸ
3471 1905 3723 1987 ἔμψυχον

2069 1999 2247 2066 σῶμα.
2280 1996 2349 2050 Τὸ
2405 1996 2506 2072 γὰρ
2567 2001 2726 2070 σῶμα
2783 1996 2872 2052 διὰ
2909 2001 3010 2068 τήν
3067 2000 3254 2074 ψυχὴν
3289 2000 3596 2070 αἰσθητικὸν
3631 2001 3723 2074 γὲ-

2067 2085 2328 2157 γονε,καῖ
2375 2087 2650 2158 ὀρεκτικὸν
2683 2088 2772 2142 καὶ
2803 2091 2911 2142 τῶν
2967 2085 3152 2143 ἄλλων
3213 2094 3399 2152 παθῶν
3453 2087 3722 2147 δεντικόν.

2067 2175 2292 2230 Πλάτων
2323 2174 2380 2230 δὲ
2407 2177 2506 2245 τὴν
2567 2177 2834 2248 ἀληθινὴν
2883 2177 3064 2232 οὐσίαν
3126 2185 3226 2247 τῆς
3277 2181 3463 2253 ψυχῆς
3523 2181 3722 2250 ἑαυτῆς

2068 2285 2227 2339 φησιν
2285 2266 2436 2322 εἶναι,
2472 2267 2547 2322 Τὸ
2589 2268 2688 2340 γὰρ
2751 2266 2801 2320 ἐν
2866 2264 3023 2339 ἄλλῳ
3079 2269 3178 2334 τήν
3243 2267 3528 2322 ὑπόστασιν
3591 2267 3724 2344 ἔγον

2069 2351 2231 2422 εἶδος,
2265 2355 2532 2424 ποιότητα
2563 2354 2802 2426 οὐσιώδη
2838 2355 3017 2412 καλεῖ.
3053 2355 3182 2412 ἀλλ’
3209 2355 3308 2412 οὐκ
3337 2356 3544 2413 οὐσίαν.
3642 2333 3658 2345 ἱ

2649 2548 2717 2606 λ’.
2751 2551 2880 2624 Περῖ
2913 2554 3064 2626 ψυχῆ
3079 2573 3120 2612 ς.

2137 2639 2418 2716 Διαφὸρως
2451 2641 2688 2713 ὁρίζεται
2737 2640 2835 2708 τὴν
2869 2641 3055 2715 ψυχὴν
3107 2641 3134 2694 ὁ
3175 2643 3396 2718 φυσικὸς
3448 2643 3539 2697 καὶ
3599 2641 3719 2698 δια-

2065 2724 2359 2790 λεκτικός·
2423 2729 2450 2782 ὁ
2509 2729 2600 2801 μὲν
2663 2730 2764 2802 γὰρ
2825 2730 3047 2806 φυσικὸς
3105 2725 3559 2803 ἀντιλαμϐάνεται
3615 2739 3716 2802 τῆς

2063 2819 2307 2890 ψυχικῆς
2354 2817 2564 2888 οὐσίας,
2597 2818 2824 2872 καθόσον
2887 2817 2998 2872 ἐστὶ
3057 2818 3322 2891 σωμάτων
3379 2819 3714 2896 ἀχώριστος.

2061 2909 2114 2956 ‘O
2163 2909 2287 2978 γοῦν
2350 2903 2680 2982 φυσιολόγος
2769 2905 3195 2979 ἐπιστημονικὸς
3273 2905 3389 2980 ὢν,
3437 2909 3526 2963 καὶ
3609 2913 3713 2983 γὰρ

2063 2993 2370 3068 ἀχώριστον
2407 2991 2602 3050 εἶ’σεται
2661 2995 2750 3050 καὶ
2810 2993 2958 3057 ὅπως
3018 2995 3348 3070 ἀχώριστον.
3391 2998 3448 3049 '0
3481 2995 3538 3051 δὲ
3597 2995 3712 3052 δια·

2067 3083 2312 3145 λεκτικὸς
2377 3083 2468 3138 καὶ
2541 3083 2669 3148 τοὺς
2734 3081 3018 3146 οὐσιώδεις
3079 3084 3275 3160 Λόγους
3332 3087 3451 3140 καθ’
3494 3086 3716 3148 ἑαυτοὺς

2064 3171 2218 3234 ὄντας
2303 3171 2528 3228 ἐπινοεῖ.
2573 3175 2634 3230 Ὁ
2691 3173 2748 3228 δὲ
2835 3175 3214 3246 μαθηματικὸς
3273 3173 3322 3247 ἐξ
3383 3175 3716 3253 ἀφαιρέσεως

2061 3261 2266 3315 τούτων
2322 3261 2732 3316 ἐπεσκέπτεταυ
2779 3263 2806 3316 ὁ
2867 3260 2924 3316 δὲ
2969 3267 3185 3338 πρῶτος
3241 3261 3542 3339 φιλόσοφος
3589 3266 3712 3341 περὶ

2058 3357 2158 3420 τῆς
2214 3355 2552 3426 χωριστικῆς
2625 3357 2769 3421 ζωῆς
2835 3359 2936 3420 τῆς
3013 3355 3198 3426 ψυχῆς
3253 3354 3710 3428 πραγματεύεται.

2060 3448 2149 3496 Δεῖ
2207 3439 2264 3496 δὲ
2323 3447 2502 3512 ζητεῖν
2561 3441 2790 3517 πότερον
2839 3441 2995 3496 οὐσία
3043 3445 3077 3511 ἡ
3137 3444 3298 3517 ψυχὴ
3344 3443 3380 3511 ἢ
3429 3440 3638 3500 milia?
3671 3445 3710 3513 ἢ

2059 3531 2216 3585 οὐσία
2261 3528 2508 3603 δυνάμει,
2540 3533 2575 3602 ἢ
2636 3530 2894 3606 ἐνεργείᾳ.
2931 3532 3028 3586 Καὶ
3091 3535 3250 3603 σῶμα
3304 3533 3338 3601 ἢ
3402 3533 3712 3604 ἀσώματος,

2057 3621 2090 3689 ἢ
2125 3619 2288 3698 ἄμφω
2313 3621 2516 3694 τρόπον
2545 3622 2686 3689 τινὰ,
2723 3621 2812 3674 καὶ
2847 3621 2904 3675 ἐκ
2925 3625 3029 3674 τῶν
3069 3621 3423 3696 ὑπαρχόντων
3451 3625 3519 3696 τῇ
3553 3625 3710 3698 ψυχῇ

2055 3709 2154 3776 τήν
2187 3710 2374 3762 οὐσίαν
2407 3709 2576 3778 αὐτῆς
2621 3709 2840 3765 ἐννοεῖν.
2875 3710 2936 3763 Ἡ
2996 3707 3052 3763 δὲ
3107 3708 3306 3784 λογικὴ
3367 3711 3527 3782 ἡμῶν
3593 3713 3706 3780 ζωὴ

2057 3798 2118 3865 ἣν
2166 3797 2552 3873 προσαγορεύει
2609 3803 2730 3852 νοῦν
2780 3797 3184 3874 Ἀριστοτέλης,
3220 3797 3270 3852 ἐν
3329 3802 3396 3870 τῇ
3455 3799 3592 3872 πρὸς
3645 3799 3710 3854 τὸ

2055 3891 2214 3959 σῶμα
2258 3887 2428 3942 νεύσει
2460 3889 2707 3962 χωριστή
2739 3909 2798 3943 τε
2829 3889 2939 3960 ἅμα
2971 3889 3080 3942 εστῖ
3111 3887 3200 3942 καὶ
3233 3888 3564 3964 ἀχώριστος.

2613 4153 2714 4210 λα’.
2759 4155 2888 4229 Περὶ
2931 4157 3136 4230 ψυχῆς.

2125 4246 2290 4318 Ψυχὴ
2326 4243 2517 4309 ἑαυτὴν
2577 4247 2800 4317 γνοῦσα,
2833 4243 2922 4296 καὶ
2979 4241 3059 4296 ὅτι
3102 4243 3242 4296 Θεῖον
3297 4237 3412 4318 ἔχει
3472 4242 3708 4316 ἀξίωμα,

2051 4332 2241 4408 πόρῥω
2303 4333 2396 4404 μὲν
2457 4335 2554 4400 τῆς
2623 4331 2832 4408 φύσεως
2905 4329 3141 4386 ἵσταται.
3197 4331 3418 4386 Πάντων
3483 4329 3538 4386 δὲ
3594 4337 3706 4388 τῶν

2052 4420 2372 4497 σπερμάτων
2431 4420 2680 4495 προέχει.
2747 4418 2895 4475 Πολῦ
2957 4417 3014 4474 δέ
3071 4441 3120 4474 τι
3181 4419 3388 4474 τούτων
3441 4421 3704 4496 πρότερον

2052 4511 2262 4564 πάντων
2321 4508 2586 4581 σωμάτων
2636 4509 2994 4583 κεχώρισται,
3053 4509 3142 4562 καὶ
3217 4507 3298 4584 ἐφ’
3356 4510 3518 4581 ἑαυτῇ
3575 4505 3706 4582 ἕδρᾳ

295 4605 529 4677 propria
561 4605 698 4659 sede
728 4619 906 4673 supra
938 4615 1142 4655 omnes
1175 4596 1470 4652 naturales
1513 4613 1578 4650 ac
1627 4594 1941 4650 seminales

2069 4597 2160 4653 ἱνω
2219 4619 2322 4652 που
2375 4595 2655 4670 καθημένη
2711 4598 2816 4650 τῶν
2879 4600 3120 4674 φυσικῶν
3181 4595 3358 4668 λόγων
3427 4597 3516 4650 καὶ
3592 4601 3702 4650 τῶν

293 4693 821 4760 rationes,dixerim
843 4691 1018 4745 etiam
1045 4689 1232 4759 ipsius
1253 4686 1506 4742 universi
1529 4683 1946 4740 collocata.Ne-

293 4807 405 4860 que
433 4787 589 4842 enim
611 4803 678 4840 ex
710 4783 1038 4838 deﬂuxione
1085 4781 1344 4834 siderum
1375 4779 1432 4832 in
1491 4793 1734 4848 corpora
1761 4776 1938 4840 venit,

295 4893 482 4949 neque
529 4873 781 4928 naturali
855 4872 976 4926 sive
1025 4867 1314 4939 corporali
1381 4883 1540 4921 more
1607 4869 1940 4936 generatur,

295 4983 478 5036 neque
509 4963 827 5020 seminales
869 4960 1126 5016 rationes
1157 4973 1285 5013 eam
1317 4958 1374 5012 in
1407 4973 1618 5027 corpus
1649 4952 1944 5026 ejaculant

295 5055 394 5109 sed
427 5071 458 5108 a
489 5053 604 5107 Deo
656 5053 910 5122 desuper
957 5047 1280 5104 descendit.
1313 5047 1448 5109 Quae
1497 5061 1629 5098 vero
1683 5043 1940 5114 seipsam

293 5141 742 5212 ignorat,neque
773 5141 886 5196 scit
917 5139 1148 5194 cceleste
1175 5153 1348 5192 suum
1377 5151 1563 5206 genus
1595 5149 1726 5188 esse
1756 5149 1821 5188 ac
1844 5149 1942 5188 no-

295 5230 736 5301 bile,1iberaque
767 5228 1102 5284 conditione
1133 5243 1192 5281 se
1221 5224 1522 5281 conditam
1555 5239 1619 5278 ac
1647 5221 1938 5277 constitu-

293 5325 436 5386 tam,
463 5317 565 5372 illa
594 5317 874 5386 mancipii
899 5315 958 5370 in
991 5331 1212 5370 morem
1243 5311 1468 5385 corpori
1493 5309 1938 5380 inservit,liber-

293 5417 594 5480 tatemquo
627 5407 814 5480 perdit
850 5425 862 5460 ι
896 5411 952 5461 et
985 5405 1446 5477 magnusipsius
1471 5403 1676 5459 oculus
1708 5419 1741 5457 a
1771 5407 1938 5456 natu-

293 5497 400 5552 rali
433 5497 720 5552 velamine
745 5493 1017 5550 obruitur
1045 5498 1148 5547 aut
1175 5493 1580 5563 exstinguitur.

540 5606 628 5658 3'2.
663 5605 805 5659 Num
835 5618 1026 5656 amma
1057 5601 1113 5654 in
1140 5601 1396 5671 angelum
1423 5603 1686 5654 mutetur.

365 5697 498 5760 Qua-
531 5693 774 5750 diversis
807 5707 910 5762 per
939 5687 1256 5744 essentiam
1287 5689 1598 5758 generibus
1629 5687 1756 5742 vitae
1789 5705 1936 5760 pre-

2055 4690 2454 4762 σπερματικῶν,
2492 4685 2659 4738 εἰπεῖν
2716 4681 2772 4738 δὲ
2827 4685 2916 4738 καὶ
2977 4682 3140 4739 αἰ)τοῦ
3197 4687 3292 4738 τοῦ
3351 4683 3570 4745 παντός.
3625 4682 3701 4740 Οὗ

2051 4777 2148 4851 γὰρ
2177 4776 2281 4830 ἀπὸ
2311 4783 2410 4844 τῆς
2439 4779 2544 4829 τῶν
2579 4771 2784 4850 ἄστρων
2821 4773 3118 4850 ἀπορροίας
3147 4779 3228 4846 τῷ
3275 4775 3486 4846 σώματι
3535 4793 3702 4847 παρα-

2051 4865 2274 4940 γίνεται,
2327 4861 2448 4917 οὔτε
2533 4861 2638 4916 ἀπὸ
2723 4861 2932 4939 φύσεως
3017 4861 3091 4922 εἷς
3171 4860 3370 4936 γένεσιν
3453 4857 3699 4936 ἔρχεται,

2053 4952 2175 5009 οὔτε
2225 4950 2528 5024 σωματικοὶ
2597 4950 2753 5025 λόγοι
2815 4952 3012 5020 ταύτην
3073 4951 3148 5012 εἰς
3205 4951 3268 5004 τὸ
3298 4955 3458 5022 σῶμα
3491 4949 3704 5020 ἆξακον-

2051 5045 2306 5114 τίζουσιν,
2365 5039 2490 5096 ἀλλ’
2533 5040 2728 5104 ἄνωθεν
2789 5041 2895 5096 ἀπὸ
2955 5045 3088 5096 Θεοῦ
3143 5039 3402 5096 κάτεισιν.
3461 5041 3704 5114 Ἀγνοή-

2053 5154 2184 5187 σασα
2229 5129 2286 5186 δὲ
2317 5129 2648 5200 ὲαυτῆν,καὶ
2710 5128 2793 5183 ὅτι
2845 5137 2944 5198 τῆς
3000 5130 3197 5183 ἄνωθεν
3263 5127 3532 5204 εὐγενείας
3593 5126 3703 5181 ἐστὶ

2049 5223 2134 5277 καὶ
2198 5219 2452 5294 ἐλευθέρα
2497 5217 2850 5288 καθέστηκεν,
2896 5216 3288 5293 δουλοπρεπῶς
3349 5217 3560 5286 θητεύει
3621 5221 3700 5288 τῷ

2052 5312 2288 5384 σώματι,
2321 5308 2405 5363 καὶ
2455 5309 2553 5376 τὴν
2606 5307 2914 5384 ἐλευθερίαν
2961 5303 3288 5364 ἀπόλλυσιν.
3323 5307 3420 5362 Καὶ
3471 5307 3498 5362 ὁ
3533 5303 3700 5380 μέγας

2050 5403 2219 5469 αὐτῆς
2253 5398 2536 5476 ὀφθαλμὸς
2575 5397 2676 5451 ὑπὸ
2722 5397 2819 5452 τοῦ
2849 5401 3075 5475 φυσικοῦ
3121 5393 3484 5470 καλύμματος
3532 5415 3698 5450 κατα-

2051 5491 2347 5566 χώννυται,
2379 5487 2414 5556 ἢ
2446 5480 2858 5542 ἀποσϐέννυται.

2437 5591 2502 5646 Ei
2539 5587 2870 5664 μεταϐἀνιλει
2901 5593 3054 5666 ψυχή
3089 5589 3166 5654 εἷς
3193 5587 3446 5667 ἄγγελον.

2117 5687 2194 5744 Οὐ
2265 5677 2596 5758 μεταϐάλλει
2653 5681 2720 5737 τὰ
2775 5683 2892 5738 κατ’
2949 5679 3140 5736 οὐσίαν
3211 5678 3366 5757 ἕτερα
3423 5677 3540 5749 εἷ’δη
3592 5684 3693 5746 τῆς
