4046 6144
273 365 389 424 ’709

1448 355 1549 415 DE
1593 350 2037 417 OMNIFARIA
2081 348 2501 410 DOCTttINA.

3559 348 3680 408 ’110

276 496 416 564 ζωῆς
447 491 523 555 εἲς
573 489 816 561 ἄλληλα.
849 490 925 547 Οὖ
981 488 1080 565 γάρ
1140 486 1279 542 ἐστιν
1338 487 1505 559 ὅμοια
1557 484 1625 539 τὰ
1681 481 1914 557 γεννητᾶ

2056 480 2150 535 {ita
2179 482 2320 535 sunt
2349 495 2465 534 non
2496 464 2649 533 inter
2677 493 2739 533 se
2768 476 3020 533 invicem
3051 481 3682 552 permutantur,neque

273 583 360 639 καὶ
395 576 709 656 μεταϐλητὰ
736 584 851 641 τοῖς
895 572 1285 650 ἀμεταϐόλοις.
1319 573 1496 631 Ἀλλὰ
1543 573 1696 648 ψυχὴ
1757 572 1918 646 ἄγγε-

277 690 371 734 Λος
433 669 592 743 μὶνῆ
626 664 968 745 ἀρχάγγελος
1020 665 1263 742 γενέσθαι
1303 664 1363 719 οὗ
1426 661 1670 729 δύναται,
1728 664 1918 733 μιμεῖ-

274 783 358 818 ται
417 758 475 816 δὲ
531 759 654 813 ὅσον
706 757 848 818 sino;
901 758 998 818 τὰς
1056 754 1321 831 ἐνεργείας
1374 753 1570 808 αὐτῶν.
1630 750 1735 806 Καὶ
1783 748 1921 822 πρὸς

273 853 338 907 tit
369 848 702 925 ὑπερέχοντα
746 846 870 922 γένη
931 842 1351 912 ἀπεικονίζεται,
1384 842 1500 896 ἐπεὶ
1545 842 1636 895 καὶ
1696 839 1811 894 κατ’
1847 836 1921 891 εἷ-

272 943 404 997 κόνα
436 942 570 994 Θεοῦ
616 939 919 1013 γεγένηται,
951 937 986 1005 ἡ
1037 932 1095 989 δὲ
1153 933 1311 989 εἰκὼν
1370 931 1636 1005 ὁμοίωσιν
1689 927 1807 1004 ἔχει
1861 927 1922 981 τὸ

275 1027 633 1105 παράδειγμα.
672 1027 731 1082 Εἰ
764 1023 820 1080 δὲ
852 1027 1138 1097 ὁμοιοῦται
1171 1026 1308 1095 Θεῷ,
1327 1019 1528 1093 πολλῷ
1562 1017 1776 1092 μᾶλλον
1801 1021 1921 1076 ταῖς

279 1116 659 1193 ὑποόεστέραις
719 1114 1023 1187 δυνάμεσιν.
1082 1111 1181 1166 Καὶ
1232 1117 1376 1166 πᾶσα
1437 1111 1530 1183 μὲν
1602 1108 1756 1183 ψυχὴ
1809 1105 1925 1160 κατ’

280 1208 461 1265 εἰκόνα
514 1204 808 1275 πεποίηται
867 1207 1021 1272 Θεοῦ,
1077 1201 1137 1256 οὗ
1195 1206 1339 1255 πᾶσα
1393 1196 1450 1253 δὲ
1517 1193 1633 1273 ἔχει
1686 1197 1748 1250 τὸ
1806 1194 1925 1257 καθ’

280 1295 566 1370 ὁμοίωσιν.
601 1294 679 1350 Τὸ
714 1294 809 1367 μὲν
838 1295 942 1367 γὰρ
974 1292 1090 1347 κατ’
1122 1290 1323 1361 εἰκόνα,
1355 1287 1582 1359 δύναμίς
1632 1285 1741 1339 ἐστι
1792 1285 1929 1356 πρὸς

280 1390 376 1456 τὴν
408 1390 515 1441 τῶν
543 1383 726 1439 καλῶν
759 1382 1027 1458 ἐργασίαν,
1060 1380 1151 1435 καὶ
1203 1382 1318 1434 οἷον
1366 1380 1511 1452 ἀρχή
1561 1397 1667 1446 τις,
1703 1374 1925 1451 ἀφορμὴ

280 1481 385 1533 τῶν
473 1475 688 1549 ἀγαθῶν
772 1470 1043 1547 πράξεων,
1092 1469 1183 1524 καὶ
1259 1469 1373 1522 οἷον
1441 1463 1765 1541 σκιαγραφία
1818 1466 1926 1516 τῶν

281 1567 507 1640 ἀρετῶν.
571 1564 642 1617 Τὸ
701 1559 759 1616 δὲ
814 1563 934 1624 καθ’
987 1559 1250 1632 ὁμοίωσιν
1311 1555 1551 1630 ἐνεργείᾳ
1607 1552 1745 1609 ἐστὶν
1798 1551 1930 1605 αὐτὸ

280 1651 437 1717 τὲλος
495 1651 587 1707 καὶ
643 1647 1019 1724 ἀπηρτισμένη
1055 1645 1338 1703 εἰκών.οὐ
1370 1646 1566 1706 πάντες
1621 1640 1678 1697 δὲ
1721 1640 1929 1714 ὁμοίως

280 1744 340 1798 τὸ
369 1743 485 1798 καθ’
516 1739 782 1815 ὁμοίωσιν
828 1732 1057 1812 ἔχομεν,
1085 1734 1215 1792 ἀλλ’
1253 1735 1305 1789 οἱ
1363 1735 1456 1806 μὲν
1503 1729 1739 1806 μᾶλλον,
1774 1730 1825 1784 οἱ
1875 1725 1932 1782 δὲ

291 1832 513 1889 ἔλαττον
526 1876 537 1888 .

2028 568 2186 623 enim
2229 565 2557 631 mutabilia,
2599 581 2846 637 quaeque
2892 569 3265 636 generantur,
3297 571 3438 623 sunt
3465 567 3687 625 similia

2029 655 2146 710 illis
2179 671 2306 726 quae
2337 652 2562 709 nullam
2585 652 2966 708 mutationem
2999 653 3533 725 recipiunt.Anima
3549 673 3682 712 vero

2031 743 2274 816 angelus
2307 742 2542 815 quidem
2574 740 2662 797 vel
2692 740 3079 814 archangelus
3109 741 3235 797 fieri
3261 743 3687 816 nequit,quan-

2032 838 2157 887 tum
2180 836 2378 887 tamen
2410 830 2497 886 fas
2530 837 2636 900 est,
2668 846 2871 885 eorum
2907 830 3177 885 imitatur
3203 830 3484 901 actiones,
3516 838 3687 903 atque

2035 919 2542 994 praestantioribus
2563 919 2879 991 generibus
2904 935 2964 974 se
2992 919 3612 993 assimilat,siquidem
3635 927 3692 979 et

2036 1014 2187 1065 facta
2215 1013 2305 1065 est
2333 1010 2405 1063 ad
2430 1008 2749 1079 imaginem
2772 1006 2874 1062 Dei
2910 1025 2923 1062 :
2959 1008 3153 1079 imago
3176 1025 3346 1080 porro
3380 1011 3450 1065 ad
3474 1010 3690 1066 simili-

2036 1098 2304 1153 tudinem
2339 1096 2674 1168 exemplum
2701 1095 2811 1152 sibi
2847 1097 3024 1151 habet
3055 1098 3618 1169 propositum.Quod
3639 1101 3689 1157 si

2036 1193 2152 1247 Deo
2186 1190 2573 1253 assimilatur,
2606 1188 2792 1244 multo
2826 1189 3014 1261 magis
3044 1190 3118 1246 iis
3151 1207 3278 1261 quae
3322 1191 3476 1247 infra
3505 1193 3689 1249 Deum

2038 1285 2178 1337 sunt
2208 1279 2691 1353 potestatibus.Et
2720 1278 2915 1334 omnis
2948 1278 3187 1351 quidem
3220 1280 3419 1337 anima
3447 1283 3518 1337 ad
3542 1283 3690 1338 ima-

2038 1372 2232 1442 ginem
2267 1369 2421 1424 facta
2449 1373 2559 1434 est,
2594 1372 2654 1422 ut
2686 1384 2819 1423 vero
2851 1367 3302 1424 similitudinem
3334 1370 3507 1427 etiam
3540 1373 3690 1428 refe-

2041 1464 2150 1525 rat,
2185 1475 2297 1514 non
2326 1457 2501 1513 habet
2532 1457 2726 1513 omnis
2769 1457 2985 1513 anima.
3020 1458 3105 1512 Ad
3155 1457 3473 1530 imaginem
3532 1463 3690 1517 enim

2043 1549 2250 1602 factam
2284 1562 2432 1614 esse,
2470 1545 2761 1614 significat
2795 1545 3129 1601 facultatem
3149 1546 3398 1619 pulchra
3427 1553 3484 1604 et
3511 1550 3692 1606 hone-

2041 1643 2134 1693 sta
2164 1638 2315 1691 facta
2345 1634 2579 1703 edendi,
2612 1641 2668 1690 et
2696 1634 3053 1707 principium
3079 1640 3257 1708 atque
3276 1654 3482 1694 ansam
3513 1640 3696 1696 bona-

2046 1743 2171 1781 rum
2205 1726 2501 1782 actionum
2535 1725 2974 1796 quamdamque
3003 1727 3440 1793 vero,eli'ectum
3472 1728 3696 1799 ipsum,

2043 1814 2298 1871 virtutis.
2331 1816 2416 1871 Ad
2449 1813 2898 1870 similitudinem
2947 1831 3102 1883 vero,
3153 1816 3427 1873 effectum
3470 1819 3695 1889 ipsum,

287 1930 342 1979 et
373 1925 551 1978 finem
584 1925 759 1993 atque
788 1919 1105 1992 imaginem
1138 1916 1454 1990 perfectam
1486 1918 1544 1969 et
1574 1910 1924 1969 absolutam.
1957 1905 2155 1976 Neque
2186 1921 2319 1961 vero
2351 1920 2557 1960 omnes
2588 1902 2891 1975 aequaliter
2934 1902 3079 1959 illud
3125 1905 3196 1960 ad
3243 1906 3697 1963 similitudinem

288 2014 597 2081 habemus,
631 2010 731 2067 sed
753 2009 851 2065 alii
883 2007 1095 2080 magis,
1129 2006 1225 2062 alii
1259 2006 1478 2061 miuns.

744 2094 850 2171 λγ’.
883 2095 946 2150 Ei.
978 2091 1216 2169 ἄναρχος
1244 2095 1279 2162 ἡ
1312 2092 1489 2166 ψυχή.

373 2187 490 2246 Οὐκ
519 2183 657 2242 ἔστιν
691 2186 839 2261 ἀρχὴ
861 2185 977 2239 καθ’
1008 2184 1201 2251 ἑαυτὴν
1251 2184 1286 2250 ἡ
1337 2180 1517 2256 ψυχὴ,
1548 2175 1672 2233 οὐδὲ
1719 2173 1942 2250 ἀγέννη-

299 2298 390 2339 τος
424 2277 548 2331 οὗτε
586 2275 660 2337 ὡς
718 2260 842 2327 ἄνευ
899 2271 1082 2345 ἑτέρας
1141 2269 1313 2333 αἰτίας
1359 2268 1493 2337 αὕτη
1548 2266 1653 2341 πρὸ
1701 2267 1807 2318 τῶν
1852 2260 1944 2317 ἅλ-

303 2367 414 2422 λων
464 2366 805 2440 ὑπάρχουσα.
836 2361 931 2422 Τίς
966 2359 1022 2416 δὲ
1050 2362 1084 2430 ἠ
1118 2358 1304 2427 αἰτία,
1339 2358 1425 2435 ἀφ’
1473 2360 1539 2425 ἧς
1586 2355 1810 2431 πρώτης
1869 2350 1943 2406 εἷ’-

304 2476 486 2533 ρηται,
545 2452 700 2509 παντί
754 2473 814 2528 γε
852 2455 1012 2506 τοῦτο
1070 2449 1253 2525 σαφὲς,
1313 2446 1386 2509 ὡς
1443 2448 1478 2515 ἡ
1551 2441 1944 2516 δημιουργικὴ,

299 2545 447 2619 ἀρχὴ
482 2543 584 2619 γὰρ
615 2540 749 2612 αὕτη
793 2541 970 2608 πάσης
1000 2545 1100 2608 τῆς
1127 2542 1235 2591 τῶν
1286 2533 1455 2590 ὄντων
1515 2533 1942 2609 ἀπογεννήσεως.

298 2634 395 2696 Τίς
428 2631 486 2687 δὲ
514 2634 550 2701 ἡ
578 2627 811 2707 πρόοδος
842 2629 1045 2696 αὐτῆς;
1080 2625 1185 2683 Καὶ
1223 2628 1341 2687 πῶς
1386 2620 1661 2697 προῆλθεν
1689 2640 1703 2690 ;
1752 2621 1946 2690 ’Ἡμεῖς

305 2723 398 2795 μὶν
428 2720 848 2791 οὗσιοποιοῦμεν
909 2716 1078 2785 αὐτὴν
1137 2714 1243 2770 ἀπὸ
1298 2717 1394 2768 τοῦ
1451 2711 1843 2789 ἐμφυσήματος
1899 2706 1944 2778 ᾧ

302 2813 624 2890 ἐνεφύσησεν
654 2808 730 2873 εἷς
755 2810 846 2863 τὸν
897 2810 1110 2882 πρῶτον
1157 2801 1437 2879 ἄνθρωπον
1489 2803 1517 2855 6
1551 2800 1698 2863 Θεός.
1730 2795 1942 2867 Ἕλλη·

301 2888 489 2964 νεςνδὶ
541 2898 937 2972 ποικιλώτερον
988 2896 1111 2970 περὶ
1166 2895 1362 2949 τούτου
1429 2890 1705 2962 διεξίασιν,
1764 2888 1944 2962 ὥσπερ

306 2992 374 3059 δὴ
403 2991 492 3045 καὶ
523 2990 645 3063 περὶ
676 2994 784 3044 τῶν
812 2985 1024 3058 ἄλλων,
1057 2984 1138 3040 ὅτι
1171 2982 1261 3038 διὰ
1295 2982 1465 3056 μόνην
1497 2982 1595 3050 τὴν
1627 2978 1947 3048 τελειότητα

310 3080 568 3154 ἀπογεννᾷ
616 3079 683 3133 τὰ
724 3077 1075 3151 παραγόμενα
1106 3075 1132 3129 6
1164 3072 1312 3135 Θεός.
1347 3073 1444 3129 Καὶ
1487 3069 1579 3124 ⁹ίνα
1619 3070 1681 3124 τὸ
1738 3067 1947 3140 ξύμπαν

306 3166 515 3223 τέλειον
572 3166 850 3240 ἀποδείξῃ,
895 3166 1036 3238 ὁμοῦ
1089 3164 1182 3236 μὲν
1241 3162 1416 3216 πάντα
1471 3158 1721 3235 παράγει.
1778 3159 1942 3213 Ἕκα-

308 3278 430 3311 στον
462 3255 518 3312 δὲ
546 3257 681 3311 κατὰ
701 3257 801 3325 τήν
835 3252 973 3308 ἷδίαν
1014 3253 1161 3322 τάξιν
1192 3249 1457 3326 πρόεισιν.
1500 3249 1574 3305 Τὸ
1622 3247 1679 3301 ’ὸν
1712 3245 1801 3319 ἀφ’
1830 3246 1946 3298 εαυ-

303 3353 420 3416 τοῦ,
453 3350 488 3417 ἡ
524 3347 660 3419 ζωὴ,
692 3347 796 3400 ἀπὸ
826 3349 920 3399 τοῦ
952 3339 1129 3410 ὄντος,
1163 3343 1191 3396 6
1221 3344 1346 3402 νοῦς
1378 3340 1482 3394 ἀπὸ
1540 3345 1637 3407 τῆς
1699 3341 1866 3404 ζωῆς,
1906 3337 1941 3404 ἡ

304 3438 458 3512 ψυχή
520 3436 625 3491 ἀπὸ
681 3440 776 3489 τοῦ
835 3431 1180 3508 δημιουργοῦ
1225 3433 1341 3485 νοῦ.
1371 3435 1489 3483 Ἔτι
1548 3426 1662 3495 οῦν,
1693 3425 1872 3503 φασὶν,
1905 3426 1940 3493 ἡ
1971 3456 2017 3520 C

303 3527 455 3603 ψυχὴ
489 3529 584 3581 νοῦ
612 3526 871 3600 γέννημα,
904 3524 1139 3596 ἄχρονος
1167 3518 1218 3590 ἐξ
1249 3517 1411 3573 αὐτοῦ
1441 3519 1727 3594 προϊοῦσα.

467 3717 569 3776 λδ’.
596 3712 1003 3793 Ἀκριϐἑστερον
1031 3715 1156 3790 περὶ
1187 3718 1436 3790 ψυχικῶν
1472 3709 1772 3785 δυνάμεων.

379 3811 445 3867 Οἳ
483 3810 574 3883 μὲν
608 3805 810 3862 πολλοὶ
842 3810 948 3861 τῶν
971 3804 1286 3885 φιλοσόφων
1319 3801 1509 3866 ἁπλῶς
1534 3801 1656 3856 οῦτε
1696 3797 1951 3874 δυνάμεις

307 3902 494 3973 ψυχῆς
528 3896 873 3969 ὀνομάζουσι.
911 3897 1032 3969 Χρὴ
1093 3891 1148 3947 δὲ.
1204 3892 1377 3953 οὕτως
1435 3889 1684 3966 διαιρεῖν,
1720 3889 1791 3951 ὣς
1847 3889 1948 3943 εἰσι

305 3988 491 4062 νοεραὶ
523 3984 779 4058 δυνάμεις
815 3988 915 4050 τῆς
962 3987 1167 4059 ψυχῆς,
1199 3983 1253 4036 αἱ
1316 3981 1411 4054 μὲν
1468 3980 1669 4055 νοεραὶ,
1727 3978 1816 4033 καὶ
1876 3978 1950 4039 εἷς

307 4078 397 4131 τὸν
430 4075 709 4149 κρείττονα
738 4074 1062 4149 ἀναγόμεναι
1093 4079 1192 4142 τῆς
1224 4073 1409 4146 ψυχῆς
1444 4070 1535 4124 τὸν
1586 4067 1751 4124 ἄϋλον
1801 4071 1946 4122 νοῦν·

309 4168 364 4221 αἱ
423 4163 482 4220 δὲ
536 4162 918 4239 πληρούμεναι
976 4161 1139 4216 αὐτοῦ
1186 4164 1282 4215 τοῦ
1312 4163 1407 4214 νοῦ
1435 4159 1532 4227 τήν
1567 4159 1775 4233 ψυχὴν,
1806 4154 1952 4219 ὅστις

309 4254 360 4325 ἐξ
390 4251 570 4308 ἀϊδίου
628 4251 763 4325 αὐτῇ
797 4250 1151 4325 συνυπάρχειο
1184 4250 1238 4303 αἱ
1287 4245 1345 4303 δὶ
1403 4246 1677 4321 ὁρίζουσαι
1706 4246 1802 4307 τὰς
1856 4242 1951 4299 δυ-

307 4341 497 4414 νάμεις
526 4347 628 4409 τῆς
647 4343 832 4414 ψυχῆς
883 4336 1028 4399 ὅλως
1085 4336 1175 4391 καὶ
1233 4333 1606 4390 διατάττουσαι
1662 4333 1798 4388 κατὰ
1851 4334 1948 4402 τὴν

306 4450 497 4506 νοεραν
541 4428 750 4498 νόησιν,
785 4429 838 4481 αἱ
871 4424 927 4481 δὲ
977 4424 1492 4499 διαθεσμοθετοῦσαι
1551 4422 1731 4497 ὥσπερ
1789 4421 1951 4495 νόμοι

306 4520 448 4580 τινὶς
480 4514 722 4592 ἔμψυχοι
772 4516 837 4569 τὰ
892 4513 1110 4590 δεότερα
1165 4521 1265 4584 τῆς
1322 4518 1466 4583 ζωῆς
1523 4510 1640 4583 εἷ’δη
1695 4512 1828 4584 μετὰ
1863 4511 1954 4565 τὸν

307 4611 454 4661 νοῦν·
488 4607 575 4661 καὶ
635 4606 690 4661 αἱ
748 4606 840 4678 μὲν
900 4601 1251 4680 ἀγαθοειδεῖς·
1285 4604 1339 4658 αἱ
1398 4600 1455 4658 δὲ
1495 4607 1575 4675 τῷ
1631 4600 1784 4673 καλῷ
1814 4602 1955 4656 ἀπο-

310 4693 725 4770 σεμνυνόμεναι.
786 4688 1115 4768 Ἰάμϐλιχος
1171 4689 1228 4747 δὲ
1276 4692 1304 4747 6
1361 4690 1661 4769 φιλόσοφος
1711 4689 1954 4765 περιττό·

308 4804 463 4859 τερος
490 4788 589 4838 τοῦ
637 4780 852 4844 δέοντος
913 4781 1010 4852 ὣν,
1041 4780 1261 4855 κατάγει
1316 4783 1418 4850 τήν
1477 4779 1707 4854 λογικὴν
1768 4780 1952 4854 ψυχὴν

313 4875 542 4929 ἀπὸτοῦ
584 4877 718 4928 Θεοῦ
773 4869 903 4948 ἄχρι
960 4878 1058 4940 τῆς
1112 4873 1234 4946 γῆς,
1266 4871 1357 4924 καὶ
1404 4869 1455 4923 ἐν
1512 4869 1704 4943 ἑκάστῃ
1772 4866 1953 4943 μερίδι

308 4967 409 5015 τοῦ
438 4961 634 5022 παντὸς
667 4957 924 5015 ἀλλάττει
950 4960 1045 5020 τὰς
1095 4955 1350 5030 δυνάμεις
1408 4956 1598 5024 αὐτῆς,
1631 4957 1721 5011 καὶ
1780 4954 1953 5019 ἄλλας

315 5050 410 5123 μὶν
467 5048 634 5119 αὐτῆς
685 5048 737 5103 ἐν
797 5047 1009 5122 οὐρανῷ
1063 5047 1288 5115 τίθεται,
1345 5044 1520 5108 ἄλλοις
1598 5043 1654 5100 δὲ
1714 5047 1770 5100 ἐν
1840 5051 1953 5101 τοῖς

310 5138 630 5214 στοιχείοις,
664 5136 842 5201 ἄλλας
872 5135 928 5192 δὲ
959 5135 1011 5191 ἐν
1043 5140 1122 5209 τῷ
1152 5141 1322 5211 παχεῖ
1352 5136 1587 5208 σώματι.

437 5253 533 5309 λε’.
566 5257 689 5315 Πῶς
721 5254 748 5307 ὀ
786 5253 1012 5327 Πλάτων
1044 5252 1313 5327 γεννητὴν
1339 5252 1487 5327 ’ὁμοῦ
1517 5252 1616 5320 τὴν
1645 5253 1829 5327 ψυχήν

735 5325 824 5380 καὶ
859 5322 1115 5388 ἀθάνατον
1143 5322 1517 5399 ἀποφαίνεται.

380 5421 692 5498 Ἀγὲννητον
730 5423 824 5495 μὲν
842 5423 941 5490 τήν
966 5423 1152 5496 ψυχὴν
1175 5423 1202 5476 6
1229 5420 1452 5476 Πλάτων
1478 5417 1644 5475 οἶέται
1669 5418 1812 5489 δι’ἣν
1838 5421 1955 5496 ἔχει

311 5512 496 5567 οὐσίαν
529 5510 618 5566 καὶ
653 5512 821 5580 ζωὴν,
854 5510 914 5565 οὐ
946 5513 1048 5585 γάρ
1086 5510 1190 5565 ὑπὸ
1239 5509 1466 5584 χρόνον,
1500 5507 1624 5563 οὐδὲ
1676 5510 1750 5582 μὴ
1803 5511 1954 5578 οὖσα,

310 5602 466 5677 φησὶ,
496 5598 801 5675 γεγένηται.
835 5601 985 5656 Ἐπεί
1018 5597 1076 5654 δὲ
1106 5598 1206 5653 οὐκ
1230 5597 1348 5673 ἔχει
1399 5595 1620 5675 ἄπειρον
1676 5602 1771 5653 τοῦ
1824 5600 1957 5654 εἶναι

314 5687 566 5763 δύναμιν,
591 5687 718 5744 ἀλλ’
747 5689 828 5744 ἀεὶ
882 5687 1099 5765 δέχεται
1128 5687 1329 5759 ταύτην
1381 5689 1487 5743 ἀπὸ
1540 5691 1651 5744 τῶν
1712 5689 1957 5766 ὑπερκει-

2303 2081 2392 2136 33.
2427 2081 2567 2135 Num
2589 2082 2862 2152 principii
2890 2097 3083 2152 expers
3111 2083 3185 2137 sit
3214 2084 3428 2137 anima.

2123 2171 2248 2225 Non
2283 2174 2373 2225 est
2403 2170 2529 2240 ipsa
2562 2169 2673 2225 sibi
2707 2169 3060 2241 principium
3096 2171 3293 2227 anima
3323 2188 3512 2245 neque
3541 2172 3701 2246 inge-

2055 2260 2398 2330 nita,neque
2429 2258 2574 2313 citra
2601 2257 2779 2313 aliam
2813 2274 3051 2314 causam
3086 2277 3203 2331 prie
3225 2260 3357 2317 aliis
3388 2262 3699 2320 exsistens.

2055 2349 2187 2412 Quae
2218 2364 2388 2418 porro
2421 2346 2608 2418 prima
2639 2348 2767 2418 ejus
2793 2363 2974 2402 causa
3004 2347 3101 2415 sit,
3154 2348 3372 2403 nemini
3440 2366 3556 2405 non
3615 2355 3706 2406 est

2056 2436 2457 2509 perSpicuum,
2511 2435 3024 2506 creatrix‘ncmpe
3082 2435 3185 2491 illa
3245 2454 3370 2508 qua:
3430 2439 3699 2495 omnium

2053 2544 2249 2584 rerum
2280 2526 2675 2600 generationis
2703 2529 2793 2581 est
2823 2526 3200 2598 principium.
3236 2528 3377 2595 Quis
3407 2546 3541 2586 vero
3570 2532 3700 2601 ejus

2055 2635 2423 2691 progressus,
2472 2622 2531 2674 et
2574 2618 2869 2689 quomodo
2920 2618 3249 2689 processit?
3295 2619 3410 2674 Nos
3463 2621 3702 2692 quidem

2053 2706 2455 2763 substantiam
2489 2706 2616 2776 ejus
2649 2706 2971 2778 repetimus
3002 2708 3072 2761 ab
3133 2706 3549 2778 insufﬂatione,
3584 2727 3704 2781 qua

2055 2796 2207 2852 Deus
2239 2796 2298 2850 in
2331 2794 2591 2867 primum
2626 2794 2922 2849 hominem
2950 2792 3110 2850 illam
3134 2795 3704 2867 inspiravit.Ethnici

2055 2890 2250 2939 autem
2281 2883 2441 2939 varia
2470 2883 2801 2938 subtilitate
2832 2883 2940 2938 hac
2972 2884 3044 2938 de
3074 2899 3135 2938 re
3163 2884 3244 2939 uti
3273 2885 3448 2940 etiam
3480 2887 3550 2941 de
3571 2886 3703 2942 aliis

2054 2974 2379 3045 disputant,
2410 2972 2689 3042 aiuntqus
2723 2988 2826 3043 per
2852 2971 3039 3027 solam
3088 2973 3501 3044 perfectionem
3532 2992 3702 3031 suam

2060 3066 2237 3119 Deum
2270 3061 2470 3118 omnia
2500 3078 2627 3133 quae
2659 3062 3067 3133 producuntur
3100 3079 3421 3133 procreare,
3447 3070 3622 3136 atque
3641 3069 3705 3121 ut

2058 3153 2397 3208 universum
2448 3152 2769 3223 perfectum
2820 3151 3102 3222 absolvat,
3154 3154 3354 3208 omnia
3404 3170 3705 3224 procreare

2056 3242 2360 3313 simul,ita
2390 3245 2456 3296 ut
2499 3241 2968 3312 unumquodque
3021 3243 3345 3297 secundum
3398 3244 3702 3315 proprium

2055 3330 2320 3384 ordinem
2350 3328 2626 3400 procedat
2657 3344 2669 3383 :
2704 3343 2809 3381 ens
2841 3343 2875 3381 a
2926 3327 3141 3398 seipso,
3191 3328 3309 3383 vita
3368 3329 3438 3383 ab
3488 3334 3640 3397 ente,
3673 3347 3707 3384 a

2054 3418 2172 3474 vita
2205 3433 2435 3486 mens,a
2464 3416 2770 3487 demiurgo
2801 3414 2921 3471 sive
2947 3418 3331 3488 procreatrice
3366 3422 3557 3474 mente
3579 3418 3704 3474 ani-

2058 3524 2173 3562 ma.
2208 3507 2388 3562 Aiunt
2419 3506 2598 3578 igitur
2628 3507 2885 3561 animam
2928 3522 3056 3561 esse
3107 3507 3444 3579 progeniem
3489 3509 3707 3564 mentis

2056 3597 2183 3652 sine
2213 3601 2477 3668 tempore
2505 3611 2574 3650 ex
2603 3594 2703 3649 illa
2731 3595 3074 3667 profectam.

2288 3704 2376 3758 34.
2411 3703 2734 3758 Accuralius
2764 3701 2829 3757 de
2850 3704 3062 3759 anima:
3089 3704 3474 3773 facultatibus.

2130 3792 2296 3847 Multi
2313 3791 2730 3863 pbi1030phoru
2743 3808 2794 3844 m
2810 3790 2919 3845 sim
2932 3790 3159 3862 pliciter
3180 3809 3248 3846 ne
3265 3793 3504 3863 quidem
3526 3793 3708 3849 facul-

2057 3887 2208 3938 tates
2239 3882 2450 3937 animae
2474 3879 2908 3952 appellantJias
2939 3897 3073 3935 vero
3104 3886 3194 3935 est
3226 3880 3305 3934 ita
3323 3881 3708 3953 distinguere,

2058 3974 2213 4046 quod
2264 3970 2549 4027 mentales
2600 3969 2808 4025 animae
2861 3969 3167 4025 facultates
3217 3975 3378 4039 sunt,
3431 3970 3549 4027 sive
3581 3988 3713 4043 quae

2060 4065 2259 4134 utpote
2291 4060 2573 4116 mentales
2606 4062 2861 4114 mentem
2896 4058 3107 4114 animae
3136 4058 3591 4116 immaterialem
3615 4063 3710 4118 ad-

2060 4153 2282 4207 ducunt
2310 4150 2382 4204 ad
2414 4147 2841 4221 praestantiora,
2872 4148 2994 4202 sive
3044 4164 3171 4218 quae
3203 4148 3465 4205 animam
3516 4155 3713 4206 mente

2061 4257 2189 4313 quae
2214 4239 2286 4295 ab
2315 4243 2527 4294 aeterno
2558 4236 2643 4290 illi
2675 4236 2976 4291 coexsistit
3007 4235 3254 4307 replent,
3307 4237 3426 4293 sive
3457 4257 3585 4309 quae
3613 4240 3711 4295 de-

2058 4332 2381 4387 terminant
2411 4328 2621 4384 animae
2666 4327 2974 4382 facultates
3006 4328 3266 4399 integras
3297 4335 3353 4384 et
3383 4332 3710 4386 secundum

2062 4421 2373 4479 mentalem
2395 4419 2758 4475 intellectum
2774 4418 3244 4489 disponunt,sive
3260 4428 3538 4490 tanquam
3553 4423 3711 4495 leges

2062 4512 2329 4583 quaedam
2355 4508 2625 4564 animatae
2648 4507 2912 4575 dirigunt
2932 4508 3222 4563 secundas
3247 4508 3375 4564 vitae
3400 4513 3530 4581 post
3554 4527 3709 4567 men-

2061 4606 2181 4656 tem
2212 4597 2640 4669 species,atque
2662 4595 2801 4651 boni
2832 4595 3135 4652 honestive
3164 4598 3360 4653 studio
3392 4604 3531 4654 sunt
3552 4616 3714 4654 exor-

2066 4694 2233 4744 natae.
2265 4684 2635 4742 Jamblichus
2664 4701 2798 4739 vero
2832 4684 3245 4758 philosophus,
3281 4688 3521 4742 modum
3563 4705 3711 4759 quo-

2066 4777 2378 4834 dammodo
2427 4776 2731 4842 excedens,
2787 4776 3047 4831 animam
3106 4776 3449 4832 rationalem
3506 4795 3541 4833 a
3595 4778 3711 4833 Deo

2069 4884 2255 4939 usque
2286 4866 2522 4920 deducit
2551 4864 2611 4919 in
2640 4868 2882 4932 terram,
2914 4869 2972 4920 et
3005 4864 3062 4919 in
3102 4864 3364 4935 qualibet
3392 4869 3552 4937 parte
3578 4867 3712 4921 uni-

2061 4957 2212 5013 versi
2245 4955 2391 5010 alias
2421 4954 2471 5010 ei
2506 4953 2812 5009 facultates
2840 4954 3071 5009 tribuit.
3102 4953 3262 5009 Alias
3290 4954 3474 5025 igitur
3521 4956 3573 5010 ei
3620 4972 3714 5010 as-

2062 5048 2233 5104 cribit
2265 5049 2319 5102 in
2354 5045 2518 5117 coelo,
2548 5046 2608 5100 in
2638 5045 2943 5101 elementis
2994 5045 3164 5113 alias,
3197 5045 3344 5101 alias
3376 5046 3631 5120 denique
3655 5047 3712 5101 in

2068 5137 2285 5193 crassis
2316 5134 2682 5206 corporibus.

2061 5255 2150 5309 35.
2185 5252 2457 5321 Quomodo
2486 5252 2643 5305 Plato
2693 5251 2867 5305 simul
2904 5250 3337 5323 docetqanimam
3384 5259 3438 5307 et
3464 5263 3715 5323 genitam

2540 5337 2682 5376 -e.sse
2712 5325 2763 5375 et
2792 5321 3171 5378 immortalem
3192 5323 3220 5377 ?

2138 5421 2463 5494 Ingenitam
2480 5435 2547 5490 eq
2558 5418 2914 5474 uideniPlato
2934 5420 3185 5474 animam
3201 5422 3476 5492 opinatur
3492 5421 3719 5477 ratione

2067 5512 2335 5570 essentiae
2366 5527 2483 5581 qua
2513 5509 2730 5579 gaudet
2752 5513 2807 5565 et
2837 5510 2966 5564 vitae
2996 5528 3008 5576 ;
3045 5527 3159 5565 non
3185 5511 3342 5566 enim
3374 5512 3432 5566 in
3455 5517 3719 5583 tempore

2067 5608 2125 5658 et
2156 5610 2467 5673 postquam
2502 5615 2617 5654 non
2650 5598 2971 5653 exstitisset
3003 5600 3213 5654 factam
3263 5617 3392 5656 esse
3442 5601 3715 5656 affirmat.

2068 5692 2366 5755 Quatenus
2396 5692 2592 5745 autem
2624 5704 2739 5744 non
2799 5688 2972 5744 habet
3028 5688 3319 5744 infinitam
3368 5689 3600 5745 essendi
3630 5689 3715 5742 fa-
