4046 6144
300 317 412 374 711

1680 312 2102 376 MICHAELIS
2145 316 2239 376 PS
2249 319 2421 380 ELLI

3597 333 3716 392 712

299 445 599 516 cultatem,
630 445 732 501 sed
764 461 892 500 eam
924 461 1158 515 semper
1187 461 1220 498 a
1246 443 1650 514 superioribus
1679 445 1934 500 essentii:

2073 444 2246 516 μένων
2304 449 2521 524 οὐσιῶν,
2561 455 2695 508 κατά
2747 453 2908 512 τοῦτο
2965 459 3201 532 γενητὴν
3259 457 3591 534 δογματίζει.
3641 461 3712 516 Τὸ

301 533 533 607 accipit,
565 533 672 588 hac
705 532 928 587 ratione
958 532 1126 586 docet
1155 547 1282 585 eam
1316 531 1573 602 genitam
1608 547 1755 586 esse.
1791 531 1955 594 Quod

299 625 454 678 enim
487 628 576 678 est
607 621 1036 694 (5),ingenitum
1058 625 1164 687 est;
1190 619 1474 690 quidquid
1500 636 1632 674 vero
1658 621 1839 688 ﬁt,est
1857 636 1952 692 ge-

299 711 726 768 nitum.Anima
743 711 920 776 igitur
941 711 1299 780 sempiterna
1319 715 1407 764 est
1440 709 1663 764 ratione
1687 713 1955 764 essentiae

297 805 565 874 vitaeque,
616 808 672 857 et
709 803 878 876 juxta
927 801 1076 854 hanc
1125 801 1522 854 conditionem
1576 805 1835 856 aeterna:
1889 801 1954 854 ﬁt

299 899 516 953 autem.
549 895 838 962 quatenus
883 889 1180 943 inﬁnitam
1229 890 1547 944 essentiam
1607 906 1722 944 non
1775 889 1949 960 capit,

298 985 396 1037 sed
423 985 674 1051 desuper
703 980 878 1034 habet
924 985 986 1034 ut
1040 979 1272 1034 infinita
1325 979 1424 1046 sit,
1483 984 1540 1034 et
1589 979 1948 1034 destinatam

295 1077 453 1126 tenet
484 1066 1140 1124 immortalitatem.Non
1173 1066 1330 1122 enim
1363 1084 1611 1138 corpora
1634 1067 1826 1122 solum
1853 1083 1948 1138 ge-

297 1163 600 1227 nerantur,
631 1157 730 1210 sed
765 1156 942 1210 etiam
977 1155 1390 1225 animae,prout
1419 1163 1470 1209 et
1495 1155 1632 1226 ipsae
1663 1156 1949 1227 temporis

297 1249 608 1322 participes
639 1251 797 1302 sunt.
827 1245 1030 1300 Omnis
1064 1245 1355 1316 siquidem
1389 1249 1582 1299 motus
1613 1251 1670 1299 et
1701 1245 1948 1300 mutatio

293 1345 529 1410 tempus
561 1337 672 1394 sibi
704 1336 880 1390 habet
910 1335 1273 1404 adjunctum.
1325 1333 1470 1388 Nam
1505 1339 1560 1388 et
1611 1333 1776 1388 Plato
1811 1337 1948 1388 ante

293 1428 552 1482 animam
585 1425 752 1496 ponit
782 1423 975 1478 adhuc
1006 1427 1234 1477 mentes
1265 1423 1785 1490 intramundanas,
1824 1427 1882 1476 et
1913 1439 1944 1476 a

296 1531 538 1586 corpore
605 1514 952 1578 abstractas,
1000 1517 1058 1566 et
1107 1512 1366 1566 divinam
1420 1511 1654 1566 illarum
1709 1511 1942 1566 seriem.

296 1625 385 1678 36.
441 1623 630 1692 Qualis
685 1621 1002 1676 animarum
1065 1621 1346 1728 genegratz'o
1404 1620 1706 1674 secundum
1755 1619 1944 1674 Plato-

1041 1708 1164 1728 mm

1041 1708 1196 1746 nemi

363 1783 582 1837 Anima:
615 1781 732 1835 alia
761 1781 1033 1848 esseutia,
1069 1780 1182 1835 alia
1221 1783 1309 1834 est
1340 1780 1608 1846 facultas,
1663 1779 1774 1834 alia
1806 1795 1936 1848 ope-

294 1873 460 1928 ratio.
494 1873 638 1927 Tres
670 1871 852 1943 igitur
883 1871 968 1924 hae
1017 1871 1240 1942 species
1273 1887 1338 1924 ac
1381 1870 1496 1926 tria
1547 1869 1720 1924 veluti
1753 1868 1942 1940 capita

293 1960 709 2029 generationis.
747 1959 869 2014 Alia
898 1959 1100 2014 itidem
1135 1961 1262 2030 ejus
1295 1963 1384 2013 est
1415 1957 1772 2024 substantia,
1827 1955 1942 2011 alia

291 2049 677 2114 harmonia,et
707 2047 820 2102 alia
851 2047 1103 2118 denique
1135 2048 1359 2116 species
1395 2063 1516 2115 qua:
1549 2062 1616 2101 ex
1647 2045 1736 2098 his
1759 2042 1940 2098 resul-

289 2145 377 2192 tat
407 2155 472 2193 ac
507 2137 826 2208 perficitur.
856 2136 1002 2190 Nam
1035 2143 1092 2190 et
1123 2136 1276 2206 ignis
1294 2135 1400 2189 alia
1429 2135 1686 2190 essentia
1717 2139 1806 2188 est
1827 2149 1940 2204 qua

289 2231 398 2290 est,
432 2225 546 2280 alia
577 2224 840 2293 facultas,
887 2224 1128 2278 etfectus
1161 2224 1312 2278 alius
1362 2241 1477 2294 quo
1529 2223 1650 2278 haec
1700 2222 1935 2294 quidem

290 2315 574 2369 rationem
607 2313 838 2368 essendi
873 2313 1002 2380 ejus
1042 2313 1415 2382 determinat,
1449 2311 1754 2366 harmonia
1803 2327 1936 2366 vero

287 2403 659 2458 essentialem
684 2403 812 2472 ejus
829 2407 1059 2473 coaptat
1078 2401 1538 2466 multitudinem,
1556 2401 1780 2472 species
1799 2417 1934 2456 vero

288 2509 358 2547 ex
387 2493 618 2546 duobus
651 2491 768 2546 illis
799 2491 863 2544 ﬁt
893 2491 1480 2560 emergitque.Prima
1501 2491 1678 2560 igitur
1698 2496 1788 2545 est
1810 2490 1932 2544 ani-

288 2601 394 2638 mae
427 2583 776 2646 substantia,
809 2583 990 2638 altera
1020 2584 1348 2648 harmonia,
1377 2583 1550 2638 tertia
1568 2582 1935 2652 idea,qunrta

288 2673 558 2738 facultas,
594 2674 800 2742 quinta
829 2673 1109 2742 operatio,
1141 2678 1304 2727 sexta
1334 2674 1586 2742 denique
1615 2677 1670 2728 et
1729 2671 1934 2726 ultima

286 2779 412 2834 quae
443 2780 512 2817 ex
543 2763 634 2816 his
667 2751 912 2816 resultat
943 2762 1126 2816 forma
1157 2778 1222 2816 ac
1247 2762 1492 2833 species.

285 2961 374 3016 37.
424 2963 613 3031 Quare
657 2962 850 3014 anima
899 2959 1084 3014 media
1128 2959 1203 3014 sit
1247 2962 1393 3014 inter
1437 2959 1725 3030 partibilia
1775 2967 1937 3030 atque

913 3033 1306 3102 impartibilia.

361 3119 819 3192 lnlelligibilium
869 3137 1061 3174 rerum
1119 3121 1499 3192 proprietates
1529 3119 1932 3190 hujuscemodi

290 3217 430 3266 sunt
465 3231 476 3277 ;
513 3217 576 3264 ut
605 3211 832 3264 sitvere
863 3225 987 3270 ens,
1037 3215 1339 3274 aeternum,
1385 3209 1704 3280 perfectum
1758 3214 1934 3280 atque

289 3299 404 3354 alia
454 3298 801 3354 consimilia.
863 3303 928 3352 At
978 3298 1352 3352 sensibilium
1399 3297 1522 3352 alia:
1569 3297 1742 3352 variae
1791 3302 1932 3352 sunt

287 3387 876 3458 proprietates,veluti
901 3387 1052 3457 quod
1076 3388 1404 3440 secundum
1421 3386 1738 3440 essentiam
1761 3402 1928 3440 suam

285 3478 405 3532 sint
435 3479 492 3531 in
535 3483 818 3545 tempore,
871 3475 1170 3540 partibilia
1215 3480 1274 3528 et
1316 3475 1558 3530 alterius
1605 3474 1930 3542 indigentia

283 3573 339 3620 et
371 3567 540 3636 plura
572 3566 748 3632 hujus
779 3563 1146 3632 generis.llis
1179 3565 1436 3616 succedit
1469 3564 1616 3633 quod
1653 3581 1764 3616 non
1797 3579 1928 3617 vere

283 3671 388 3710 ens
421 3660 528 3720 est,
563 3655 663 3707 sed
698 3651 952 3706 essentia
979 3651 1216 3722 quidem
1247 3657 1336 3706 est
1362 3657 1665 3718 aaternum,
1720 3669 1927 3722 opera-

281 3745 510 3797 tionum
536 3759 670 3796 vero
704 3745 969 3809 respectu
1021 3740 1199 3794 habet
1231 3745 1295 3794 ut
1341 3741 1415 3795 sit
1447 3742 1505 3794 in
1557 3745 1838 3813 tempore,
1872 3747 1928 3795 et

280 3847 406 3902 qua:
442 3833 530 3886 bis
561 3834 700 3884 sunt
727 3833 1141 3884 consentanea.
1175 3833 1364 3898 Atque
1395 3829 1475 3882 ita
1515 3828 1709 3884 anima
1739 3846 1927 3900 neque

275 3937 406 3975 vere
437 3937 539 3974 ens
580 3925 690 3982 est.
727 3933 916 3988 neque
965 3934 1095 3972 vere
1148 3935 1262 3971 non
1315 3935 1459 3982 ens;
1493 3919 1622 3972 ideo
1670 3919 1922 3972 mediam

278 4009 440 4064 illam
473 4025 602 4063 esse
623 4007 877 4063 dicimus
914 4007 1068 4061 inter
1084 4011 1298 4062 aeterna
1317 4013 1375 4062 et
1395 4006 1928 4078 sensibilia,utpote

279 4116 392 4152 non
427 4114 570 4169 pure
598 4097 974 4151 exsistentem
998 4101 1295 4165 (sternam,
1329 4113 1434 4151 nec
1463 4097 1705 4152 omnino
1737 4097 1924 4152 sensi-

279 4187 478 4250 bilem,
512 4187 610 4240 sed
646 4203 714 4240 ex
742 4185 1006 4255 utrisque
1027 4185 1259 4239 mistam
1294 4203 1360 4239 ac
1389 4185 1564 4240 veluti
1598 4203 1664 4240 ex
1696 4187 1926 4241 duobus

274 4277 552 4330 extremis
583 4279 988 4345 temperatam.
1023 4275 1180 4337 Quod
1219 4274 1266 4327 si
1299 4291 1432 4328 vere
1476 4291 1579 4330 ens
1609 4279 1784 4340 esset,
1815 4275 1925 4328 im-

275 4363 566 4438 partibilis
595 4369 781 4430 esset;
814 4363 862 4416 si
893 4368 1096 4416 contra
1127 4380 1259 4417 vero
1291 4368 1444 4418 esset
1476 4381 1590 4418 non
1623 4380 1747 4432 ens,
1777 4369 1929 4419 esset

275 4452 587 4526 partibilis.
621 4451 1114 4522 Quandoquidem
1185 4459 1377 4506 autem
1439 4469 1550 4506 non
1607 4469 1743 4507 vere
1798 4470 1923 4520 ens,

281 4542 475 4598 media
504 4547 590 4597 est
615 4543 767 4596 inter
797 4539 1215 4610 impartibilem
1247 4539 1720 4613 partibilemqne.

275 4651 362 4705 38.
425 4651 498 4704 De
549 4649 706 4720 cujus
756 4649 966 4704 anima
1012 4648 1376 4720 generatione
1431 4650 1543 4720 agit
1599 4651 1658 4703 in
1721 4651 1926 4706 Timaeo

1001 4719 1159 4774 Plato
1173 4718 1201 4772 ?
1467 4718 1476 4720 ⁷
1725 4757 1728 4760 -

343 4811 423 4865 De
455 4807 830 4882 generatione
860 4807 1070 4861 animre
1119 4807 1378 4862 universi
1421 4807 1584 4863 Plato
1615 4809 1674 4863 in
1707 4811 1924 4866 Timaeo

271 4905 504 4967 tractat,
559 4907 625 4955 ut
653 4901 886 4953 videtur
929 4897 1278 4968 philosopho
1337 4897 1534 4954 Proclo
1569 4916 1580 4952 :
1617 4899 1716 4954 illa
1768 4901 1920 4956 enim

275 4991 452 5044 habet
499 4995 564 5044 ut
606 4995 662 5044 et
711 4987 1088 5042 indivisibilis
1143 4987 1220 5040 sit
1266 4991 1322 5041 et
1365 4987 1697 5054 divisibilis,
1733 4991 1926 5044 media

275 5095 484 5148 nempe
506 5079 792 5133 exsistens
813 5077 967 5131 inter
989 5080 1242 5130 mentem
1267 5076 1468 5129 mundi
1493 5079 1549 5130 et
1569 5077 1920 5134 divisibilem

274 5185 377 5239 per
407 5183 649 5236 corpora
679 5165 1614 5228 substantiam.0uemadmodum
1635 5167 1788 5221 enim
1819 5185 1923 5223 nos

277 5255 594 5326 apostolico
645 5255 898 5309 sermoni
951 5253 1233 5308 habentes
1287 5253 1487 5318 fidem,
1555 5255 1924 5328 principatus

276 5347 563 5417 quosdam
617 5358 682 5398 ac
726 5347 1068 5412 potestates,
1121 5349 1178 5398 et
1222 5343 1673 5416 dominationes,
1725 5351 1782 5401 et
1813 5347 1922 5402 alia

1955 4557 2003 4622 D

2073 538 2166 610 μὲν
2193 538 2294 614 γὰρ
2326 539 2383 594 ὃν
2419 543 2700 616 ἀγένητον.
2735 551 2844 600 Πᾶν
2886 543 2944 601 δὲ
3002 548 3062 602 τὸ
3120 549 3404 624 γινόμενον
3462 551 3710 626 γενητόν.

2068 628 2178 682 ’Δεῖ
2214 630 2307 702 μὲν
2341 629 2431 686 οὖν
2464 631 2603 688 ἐστιν
2637 636 2670 704 ἡ
2705 637 2857 710 ψυχή
2906 637 3040 692 κατὰ
3084 642 3183 708 τήν
3235 638 3414 694 οὐσίαν
3464 643 3550 696 καὶ
3610 643 3710 710 τήν

2069 719 2234 788 ζωήν,
2269 720 2355 774 καὶ
2391 718 2479 776 διὰ
2507 722 2706 793 ταύτην
2739 725 2838 792 τήν
2873 725 3119 780 ὑπόθεσιν
3172 727 3415 791 αἰώνιος·
3449 731 3706 805 γινομὲντ,

2065 806 2120 862 δὲ
2155 809 2226 870 ὡς
2265 809 2338 882 μή
2373 809 2638 884 δυναμένη
2674 811 2916 886 δέξασθαι
2948 816 3045 883 τὴν
3101 815 3344 892 ἀπειρίαν
3397 823 3494 872 τοῦ
3553 820 3709 886 εἶναι,

2062 897 2185 953 ἀλλ’
2245 899 2446 962 ἄνωθεν
2507 899 2930 977 ἀπειροουμένη,
2971 905 3057 958 καὶ
3110 904 3502 978 ἔπινοουμένην
3569 907 3709 982 αὐτῇ

2059 989 2159 1054 τὴν
2193 987 2476 1050 ἀθανασίαν
2509 987 2731 1064 ἔχουσα.
2765 991 2840 1050 Οὐ
2887 993 2988 1068 γὰρ
3051 993 3138 1048 ἐπὶ
3193 996 3458 1067 σωμάτων
3525 997 3708 1069 μόνων

2058 1079 2091 1146 ἡ
2127 1077 2355 1151 γένεσις,
2389 1075 2534 1132 ἀλλά
2563 1078 2650 1134 καὶ
2686 1079 2772 1134 ἐπὶ
2831 1084 3048 1156 ψυχῶν,
3075 1084 3304 1138 καθόσον
3365 1084 3520 1139 αὐταὶ
3577 1084 3705 1162 χρό-

2055 1187 2150 1220 νου
2216 1165 2531 1242 μετὲχουσι.
2585 1175 2734 1223 Πᾶσα
2781 1171 2880 1245 γάρ
2926 1167 3256 1243 μεταϐατική
3315 1172 3526 1242 κίνησις
3584 1197 3710 1230 συν-

2057 1257 2370 1333 εζευγμένον
2419 1253 2535 1333 ἔχει
2563 1258 2654 1312 τὸν
2689 1259 2916 1334 χρόνον.
2951 1263 3010 1318 Ὀ
3037 1261 3139 1337 γάρ
3180 1283 3264 1318 τοι
3313 1263 3540 1318 Πλάτων
3599 1267 3708 1334 πρὸ

2053 1353 2152 1414 τῆς
2183 1348 2367 1419 ψυχῆς
2409 1346 2536 1408 τοὺς
2565 1352 2689 1410 νοῦς
2735 1346 2810 1403 ἔτι
2863 1348 2990 1412 τοὺς
3053 1351 3378 1427 ὶγκοσμίους
3430 1352 3520 1406 καὶ
3577 1353 3708 1416 τοὺς

2057 1437 2344 1512 άσχέτους,
2377 1438 2465 1492 καὶ
2495 1438 2588 1492 τὸν
2624 1445 2766 1502 θεῖον
2801 1437 3098 1514 διάκοσμον
3132 1443 3366 1512 τίθησιν.

2365 1635 2465 1699 λς’.
2499 1635 2594 1697 Τὶς
2625 1639 2659 1705 ἡ
2692 1633 3018 1706 Πλατωνικὴ
3059 1639 3393 1714 ψυχογονία.

2119 1798 2224 1864 Τῆς
2253 1799 2440 1870 ψυχῆς
2473 1793 2618 1866 ἄλλ-ἠ
2659 1797 2751 1870 μὲν
2851 1797 3028 1868 οὐσία,
3065 1795 3210 1869 ἄλλη
3247 1797 3304 1854 δὲ
3353 1803 3386 1868 ἡ
3449 1797 3704 1873 δύναμις,

2052 1881 2196 1954 ἄλλη
2277 1881 2333 1938 δὲ
2403 1886 2434 1952 ἡ
2492 1883 2746 1960 ἐνέργεια.
2807 1891 2914 1956 Τῆς
2992 1887 3082 1941 οὖν
3154 1889 3490 1962 ψυχογονίας
3573 1889 3704 1961 τρία

2051 1975 2316 2045 πρόσωπα
2344 1977 2510 2027 ταῦτα
2533 1975 2620 2028 καὶ
2653 1973 2942 2050 κεφάλαια.
2977 1977 3074 2030 Καὶ
3121 1974 3265 2048 ἄλλη
3323 1978 3416 2050 μὲν
3468 1977 3604 2049 αὖτῇ
3665 1981 3701 2046 ἡ

2051 2061 2295 2139 ὕπαρξις,
2329 2059 2471 2132 ἄλλη
2509 2061 2565 2117 δὶ
2595 2066 2628 2132 ἡ
2665 2065 2918 2138 ἁρμονία,
2951 2062 3092 2120 ἄλλο
3143 2063 3201 2120 δὲ
3256 2068 3317 2120 τὸ
3377 2063 3522 2128 εἶδος
3553 2067 3613 2120 τὸ
3645 2067 3707 2121 ἐκ

2046 2151 2253 2207 τούτων
2306 2149 2768 2223 ἀποτελούμενον.
2831 2153 2928 2208 Καὶ
2991 2153 3090 2229 γὰρ
3176 2159 3271 2208 τοῦ
3322 2155 3490 2228 πυρὸς
3553 2153 3698 2225 ἄλλη

2053 2241 2145 2313 μὶν
2179 2242 2214 2308 ἡ
2239 2239 2414 2308 οὐσία,
2446 2241 2565 2294 καθ’
2693 2237 2857 2312 ἔστιν,
2891 2239 3036 2311 ἄλλη
3069 2240 3125 2296 δὲ
3169 2245 3202 2311 ἡ
3264 2239 3512 2316 δύναμις,
3548 2241 3698 2311 ἄλλη

2048 2329 2436 2405 δὶὴἐνέργεια
2491 2332 2607 2384 καθ’
2638 2331 2697 2400 ἣν
2757 2331 2824 2385 τὰ
2876 2333 2968 2404 μὶν
3017 2333 3280 2408 ξηραίνει,
3339 2334 3404 2389 τὰ
3461 2332 3517 2388 δὲ
3575 2335 3697 2410 θερ-

2134 2419 2144 2440 Ι
2362 2419 2375 2440 \
2520 2419 2536 2438 κ
2637 2418 2662 2438 (Γ
2924 2420 2938 2440 κ
3220 2421 3232 2442 Ι
3280 2426 3308 2437 ~
3513 2422 3523 2440 Ι

2050 2441 2246 2493 μαινει.
2281 2421 2443 2488 Καιὴ
2481 2439 2574 2492 μεν
2635 2420 2857 2490 υπαρξις
2885 2441 2947 2474 το
2990 2421 3120 2476 εἶναι
3175 2443 3311 2487 αυτη
3361 2422 3697 2497 ἀφοριζεται»

2044 2513 2078 2578 ἡ
2113 2507 2170 2563 δὲ
2203 2507 2437 2582 ἁρμονία
2459 2507 2521 2562 τὸ
2553 2505 2811 2569 οὐσιῶδες
2837 2509 3005 2578 αὐτῆς
3030 2508 3244 2578 πλῆθος
3265 2511 3510 2584 ἁρμόζει.
3535 2507 3700 2574 Εἶδος

2045 2595 2102 2652 δὲ
2135 2597 2242 2650 ἐστι
2275 2595 2335 2649 τὸ
2369 2593 2426 2649 ἐκ
2453 2594 2669 2649 τούτοιν
2697 2601 2812 2649 τοῖν
2843 2593 2990 2650 δυοῖν
3011 2595 3471 2670 ἀποτελοῦμενυν,
3491 2599 3692 2672 Πρώτη

2049 2689 2142 2760 μὲν
2173 2685 2260 2742 οὖν
2299 2685 2464 2755 αὐτῆς
2511 2683 2755 2759 ὕπαρξις.
2791 2686 3016 2761 Δευτέρα
3063 2689 3098 2758 ἡ
3150 2689 3402 2762 ἁρμονία.
3433 2689 3603 2762 Τρίτη
3657 2694 3690 2760 ἡ

2045 2774 2180 2831 ἰδέα.
2213 2775 2448 2850 Τετάρτη
2508 2777 2542 2843 ἡ
2604 2771 2854 2848 δύναμις.
2885 2777 3112 2848 Πὲμπτη
3165 2781 3198 2848 ἡ
3251 2777 3504 2856 ἐνέργεια,
3535 2776 3690 2836 ἕκτον

2043 2866 2132 2920 καὶ
2163 2863 2473 2920 τελευταῖον
2505 2864 2568 2918 τὸ
2599 2861 2658 2918 lx
2694 2863 2901 2918 τούτων
2935 2863 3093 2930 εἶδος.

2045 2973 2146 3042 λζ’.
2180 2971 2277 3027 Διὰ
2304 2971 2356 3027 τί
2385 2974 2421 3042 ἠ
2453 2973 2607 3047 ψυχὴ
2643 2973 2792 3051 μέση.
2821 2977 2926 3028 τῶν
2965 2979 3229 3051 μεριστῶν
3263 2975 3351 3031 καὶ
3386 2976 3691 3050 ἀμερίστων

2735 3043 2990 3118 λέγεταιξ

2113 3137 2234 3192 Τῶν
2297 3133 2389 3206 μὲν
2448 3137 2657 3202 νοητῶν
2716 3131 2986 3207 ἰδιώματα
3033 3139 3218 3202 ταῦτα,
3267 3137 3328 3190 τὸ
3387 3133 3554 3198 ὅντως
3612 3135 3692 3204 ὃν,

2039 3223 2101 3278 τὸ
2133 3223 2371 3286 αἰώνιον,
2404 3222 2465 3276 τὸ
2497 3221 2580 3275 τὲ)
2599 3243 2731 3290 ειον,
2751 3223 2842 3277 καὶ
2871 3219 3025 3298 ἕτερα
3053 3227 3468 3300 τοιουτότροπα.
3489 3229 3610 3284 Τῶν
3639 3224 3695 3281 δὲ

2039 3313 2310 3382 αἰσθητῶν
2343 3308 2500 3381 ἕτερα
2531 3311 2660 3365 ἅττα
2687 3312 2754 3366 τὰ
2805 3309 3097 3384 ἰδιώματα.
3131 3314 3200 3367 Τὸ
3249 3311 3508 3390 ἔγχρονον
3557 3317 3693 3370 κατὰ

2037 3403 2134 3469 τήν
2190 3398 2398 3466 οὐσίαν,
2465 3399 2527 3453 τὸ
2585 3400 2858 3476 μεριστὸν,
2918 3403 2980 3456 τὸ
3029 3398 3204 3458 ἄλλου
3265 3401 3542 3478 προσθεὶς,
3595 3404 3687 3458 καὶ

2039 3489 2136 3544 ὅσα
2193 3493 2436 3544 τοιαῦτα.
2473 3489 2618 3544 Μετὰ
2671 3486 2728 3543 δὲ
2777 3488 2981 3544 τοῦτων
3017 3489 3124 3544 ἐστῖ
3155 3491 3216 3545 τὸ
3250 3493 3351 3546 οὐκ
3379 3487 3543 3553 ὅντως
3605 3493 3685 3562 ὃν,

3269 3582 3362 3642 τὰς
3417 3581 3682 3656 ἐνεργείας

2038 3666 2091 3722 ἐν
2150 3666 2356 3742 χρόνῳ,
2403 3667 2492 3720 καὶ
2547 3666 2614 3720 τὰ
2661 3667 2876 3728 τούτοις
2938 3665 3228 3732 ἀκόλουθα.
3265 3671 3323 3724 ἹΙ
3381 3668 3472 3723 οὖν
3527 3671 3681 3745 ψυχὴ

2038 3753 2162 3810 οὔτε
2192 3752 2361 3819 ὅντως
2391 3751 2445 3808 ὅν
2489 3755 2656 3824 ἐστιν,
2689 3753 2812 3809 οῧτὲ
2870 3751 3036 3821 ὅντως
3097 3759 3172 3830 μὴ
3235 3759 3317 3829 ὃν,
3377 3756 3464 3813 διὰ
3519 3765 3686 3814 ταῦτα

3164 3578 3205 3598 '5‘

2035 3579 2097 3632 τὸ
2155 3583 2272 3632 κατ“
2303 3577 2482 3631 οὐσίαν
2549 3577 2642 3650 μὲν
2700 3577 3108 3644 αῗώνιον,κατᾶι
3161 3578 3216 3634 δὲ

2040 3848 2207 3918 μέσην
2255 3846 2353 3913 τὴν
2404 3846 2587 3919 ψυχήν
2633 3865 2803 3923 φαμεν
2858 3847 2964 3900 τῶν
3024 3867 3080 3900 τε
3137 3847 3371 3901 αἰωνίων
3425 3847 3512 3902 καέ
3573 3853 3681 3903 τῶν

2037 3933 2330 4004 αἷσθητῶν,
2391 3930 2514 3987 οὔτε
2571 3941 2820 4008 καθαρῶς
2889 3934 3110 3989 αἰωνίαν
3168 3936 3328 3989 οὖσαν
3390 3932 3514 3991 οὔτε
3576 3937 3684 4008 μὴν

2035 4022 2274 4099 ἐναργῶς
2333 4022 2620 4094 αἰσθητὴν,
2649 4020 2776 4078 ἀλλ’
2829 4023 2880 4094 ἐξ
2939 4025 3262 4101 ἀμφοτέρων
3323 4027 3545 4098 μικτήν,
3595 4025 3688 4080 καὶ

2037 4115 2149 4168 οἷον
2209 4111 2268 4166 ἐκ
2323 4117 2430 4166 τῶν
2491 4111 2805 4187 ἂκροτῆτων
2860 4115 3280 4188 κεραννυμένην.
3325 4115 3426 4170 Καὶ
3485 4114 3536 4169 εἷ’
3591 4117 3686 4187 μὲν

2035 4203 2099 4270 ἦν
2131 4198 2319 4268 ὅντως,
2353 4199 2434 4270 ὃν,
2467 4201 2534 4268 ἦν
2563 4199 2622 4254 ἂν
2673 4202 2982 4276 ἀμέριστος,
3021 4201 3068 4255 εἶ’
3127 4200 3184 4256 δὲ
3240 4199 3406 4264 ὅντως
3467 4205 3543 4275 μὴ
3605 4201 3688 4270 ὃν,

2036 4291 2102 4360 ἦν
2154 4289 2211 4345 ἂν
2278 4292 2525 4366 μεριστή.
2571 4291 2718 4346 Ἐπεὶ
2777 4287 2824 4344 δ’
2886 4292 2962 4363 μὴ
3016 4287 3188 4354 ὅντως
3243 4289 3298 4346 ὅν
3351 4293 3484 4362 ἔστι,
3548 4293 3685 4364 μέση

2036 4379 2175 4434 ἐστὶν
2209 4379 2501 4454 ἀμερίστου
2532 4379 2622 4434 καὶ
2657 4385 2935 4455 μεριστοῦ.

2161 4647 2268 4718 λη’.
2303 4645 2470 4702 Ποίαν
2502 4649 2686 4723 ψυχὴν
2720 4649 2748 4701 ὁ
2781 4645 3004 4704 Πλάτων
3039 4647 3092 4702 ἐν
3119 4647 3334 4720 Τιμαίῳ
3363 4653 3557 4722 γεννᾷ;

2105 4811 2216 4878 Τὴν
2243 4813 2340 4863 τοῦ
2369 4809 2569 4870 παντὸς
2603 4809 2784 4883 ψυχὴν
2837 4809 2865 4861 ὁ
2913 4806 3144 4864 Πλάτων
3194 4807 3330 4862 κατᾶ
3375 4809 3464 4862 τὸν
3526 4807 3684 4884 φιλό-

2035 4919 2198 4972 σοφον
2249 4895 2496 4973 Πρόκλον
2542 4895 2592 4951 ἐν
2637 4901 2704 4970 τῇ
2760 4901 2855 4951 τοῦ
2897 4895 3128 4968 Τιμαίου
3171 4893 3350 4972 βίϐλῳ
3380 4903 3558 4971 γεννᾷ,
3593 4899 3684 4952 καῖ

2033 4985 2166 5056 αὕτη
2218 4987 2319 5061 γὰρ
2367 4987 2427 5040 τὸ
2487 4985 2774 5060 ἀμέριστον
2837 4981 2954 5060 ἔχει
3011 4987 3097 5040 καὶ
3157 4987 3218 5040 τὸ
3277 4987 3550 5062 μεριστόν.
3585 4989 3682 5042 Καὶ

2042 5081 2176 5154 μέση
2238 5075 2344 5130 ἐστῖ
2396 5080 2492 5130 τοῦ
2531 5097 2588 5128 τε
2637 5075 2934 5150 ἐγκοσμίου
2965 5079 3081 5142 νοῦ,
3109 5075 3196 5129 καὶ
3229 5083 3326 5145 τῆς
3383 5078 3506 5152 περὶ
3565 5083 3680 5138 τοῖς

2036 5170 2252 5240 σώμασι
2305 5171 2562 5240 μεριστῆς
2615 5164 2818 5226 οὐσίας.
2869 5167 3072 5238 Ὥσπερ
3129 5165 3229 5240 γὰρ
3283 5165 3446 5236 ἡμεῖς
3503 5165 3554 5218 οἱ
3601 5165 3682 5238 τῷ

2034 5255 2384 5326 ἀποστολικῷ
2416 5253 2569 5329 λόγῳ
2602 5253 2860 5320 ἑπόμενοι
2891 5252 3064 5327 ἀρχάς
3097 5275 3243 5314 τινας
3281 5255 3366 5307 καὶ
3403 5250 3678 5326 δυνάμεις,

2031 5347 2118 5402 καὶ
2151 5343 2478 5421 κυριότητας
2510 5343 2600 5398 καὶ
2633 5340 2776 5398 ἄλλα
2801 5347 3024 5397 τοιαῦτα
3054 5341 3087 5411 ἢ
3125 5343 3344 5416 μείζονα
3364 5344 3397 5412 ἢ
3425 5341 3682 5398 ἐλάττονα

1851 5499 2086 5557 ΝΟΤίΕ.

348 5641 423 5712 (5)
453 5645 754 5708 Tanquam
789 5634 849 5686 τὸ
879 5634 1073 5688 αὐτοὸν
1103 5635 1190 5692 vel
1223 5634 1391 5698 όντως
1417 5657 1504 5704 ον,
1531 5641 1684 5710 quod
1718 5647 1808 5698 est
1838 5659 1934 5715 per

2065 5659 2131 5700 ac
2164 5657 2416 5713 semper.
