4040 6146
310 334 429 393 713

1502 336 1599 394 DE
1644 333 2080 395 OMNIFARIA
2130 333 2546 394 DOCTlthA.

3607 338 3726 397 7H

315 469 477 538 μέσον
534 473 694 546 ἡμῶν
750 468 841 522 καὶ
900 469 1032 522 Θεοῦ
1086 462 1358 539 τιθὲαμεν,
1396 463 1537 519 οὕτω
1588 461 1654 532 δὴ
1704 463 1792 518 καὶ
1851 467 1957 519 τῶν

2083 464 2365 535 ejusmodi
2397 464 2516 521 sive
2549 465 2799 535 minora,
2824 464 3002 521 Deum
3026 465 3179 521 inter
3210 469 3266 522 et
3295 470 3527 523 nosmet
3557 467 3729 539 poni-

310 558 567 631 ἐλλήνων
632 561 683 615 οἱ
744 557 885 628 δῆοα
926 554 1225 632 σοφώτεροι
1286 552 1442 608 ἑνάδα
1472 554 1591 608 τινὰ
1625 552 1964 627 ἐξῃρημένην

309 647 695 724 ἐδογμάτισαν,
753 646 843 701 καὶ
896 644 1031 719 μετά
1087 648 1252 698 ταῦτα
1310 639 1454 715 ὄντα,
1512 641 1601 696 καὶ
1665 646 1837 710 ζῶντα
1874 642 1963 696 καὶ

306 738 538 793 νοοῦντά
566 758 707 806 τινα,
741 737 851 791 εἶτα
886 733 1286 808 ὑπερκοσμίους
1328 737 1471 801 νοῦς,
1505 730 1591 786 καὶ
1628 728 1778 793 αὖθις
1811 729 1965 807 ἐγκο-

306 828 526 901 σμίους·
561 828 647 881 καὶ
688 824 821 899 μετά
876 822 1105 883 τούτους
1148 822 1246 889 τὴν
1278 820 1413 891 ὅλην
1460 821 1670 895 ψυχὴν,
1704 820 1793 875 καὶ
1834 820 1968 893 μετά

302 916 506 987 ταύτην
536 917 635 985 τὴν
686 915 782 970 τοῦ
828 911 1050 974 παντός·
1101 911 1191 964 καὶ
1248 909 1404 971 τέλος
1432 911 1527 972 τὰς
1566 906 1813 985 μερικοὶς.
1868 910 1962 963 Καὶ

303 1005 398 1060 τὸν
451 1004 686 1080 ψυχικὸν
721 1001 771 1058 ἐν
803 1001 971 1075 ταύτῃ
1003 997 1390 1075 συμπληροῦσι
1433 997 1751 1072 διάκοσμον.

454 1199 556 1265 λθ’.
610 1201 778 1255 Πόσαι
810 1200 866 1252 αἱ
895 1205 994 1268 τῆς
1025 1200 1210 1272 ψυχῆς
1242 1194 1497 1269 δυνάμεις
1525 1196 1615 1249 καὶ
1646 1194 1782 1257 τίνες
1808 1214 1821 1263 ;

385 1298 496 1361 Σῆς
542 1293 726 1365 ψυχῆς
777 1290 811 1358 ἡ
866 1288 963 1361 μὲν
1010 1285 1366 1356 ἀντιλεπτική
1427 1284 1506 1346 τίς
1562 1283 1675 1339 ἔστι
1713 1281 1967 1376 δύναμις.

305 1382 427 1436 καθ’
479 1382 539 1449 ἣν
584 1384 692 1434 τῶν
727 1373 891 1433 ὄντων
937 1370 1420 1449 ἀντιλαμϐάνεται·
1474 1376 1508 1443 ἡ
1572 1370 1627 1427 δὲ
1660 1370 1966 1455 «cantauit;

299 1470 423 1534 καθ’
475 1470 535 1538 ἣν
591 1466 881 1531 διατίθεται
961 1465 1178 1526 οἰκείως
1253 1464 1343 1519 καὶ
1401 1460 1753 1538 ἀλλοτρίως·
1816 1465 1850 1532 ἡ
1913 1459 1970 1517 δὲ

298 1559 605 1634 πρακτικὴ,
657 1558 772 1611 καθ’
830 1557 891 1624 ἣν
941 1555 1079 1629 πρὸς
1110 1555 1203 1616 τὰς
1250 1552 1468 1628 πράξεις
1496 1552 1757 1614 ἑκουσίως
1794 1553 1968 1627 ὁρμᾷ.

307 1648 409 1703 Καὶ
438 1652 546 1702 τῶν
599 1644 880 1719 δυνάμεων
929 1643 1136 1699 τούτων
1191 1639 1357 1698 ἄλλαι
1407 1642 1499 1714 μὲι
1562 1640 1828 1695 ἀπόλυτοί
1860 1639 1962 1695 εἶσι

303 1740 397 1793 καὶ
460 1740 634 1812 μόνης
679 1744 778 1806 τῆς
807 1740 1013 1811 ψυχῆς,
1051 1732 1215 1790 ἄλλαι
1245 1731 1301 1788 δὲ
1332 1739 1429 1803 τῆς
1462 1735 1648 1807 ψυχῆς
1681 1731 1771 1785 καὶ
1807 1731 1966 1805 αὐγο-

306 1826 507 1883 ιιόἐσιν
560 1826 891 1901 ἐποχοῦνται
945 1826 1181 1896 σώμασι,
1230 1824 1368 1884 τινες
1405 1819 1461 1876 δὲ
1491 1820 1757 1893 πνεύματι
1791 1819 1965 1892 ἐνύλῳ
2000 1847 2042 1911 Β

310 1919 802 1996 συνυφεστήκασιν,
860 1915 914 1968 αἱ
975 1912 1031 1968 ὂὶ
1087 1912 1395 1968 τελευταῖαι
1429 1910 1502 1973 εἷς
1551 1910 1613 1964 τὸ
1671 1906 1966 1984 ὀστρεῶδες

308 2012 473 2079 σῶμα
546 2004 1001 2061 ἁποτελευτῶσιν.
1083 2004 1145 2058 ’Π
1205 2000 1261 2057 δὲ
1320 2002 1650 2076 φανταστικὴ
1714 1997 1963 2072 δύναμις,

307 2097 448 2170 πρὸς
498 2096 670 2158 πασας
716 2093 811 2156 τὰς
863 2090 1118 2166 δυνάμεις
1176 2098 1277 2161 τῆς
1335 2094 1520 2166 ψυχῆς
1576 2088 1970 2183 παραπίφυκε,

301 2186 397 2240 καὶ
459 2186 573 2239 οἷον
632 2183 948 2257 ἐκμάττεται
1003 2179 1227 2251 ταύτην,
1291 2179 1530 2253 καὶξταῖς
1568 2178 1662 2250 μὶν
1695 2176 1968 2253 κρείττοσί

298 2274 401 2338 τὰς
464 2270 850 2348 ὑποδεεστέρας
910 2270 1209 2339 ἀποτυποῖ,
1266 2274 1384 2330 ταῖς
1443 2265 1501 2323 δὶ
1560 2264 1968 2339 ὑποδεεστέραις

299 2366 402 2427 τὰς
453 2364 785 2436 κρείττονας,
847 2359 1298 2431 ’Λποτυπουμὲνη
1330 2358 1429 2433 γὰρ
1460 2358 1554 2418 τὰς
1584 2356 1774 2430 νοερὰς
1807 2352 1966 2409 δυνά-

311 2475 434 2527 μεις
461 2457 531 2526 τῇ
566 2450 776 2522 διανοίᾳ
803 2449 999 2510 ταύτας
1029 2446 1491 2526 ἐπισφραγίζεται,
1526 2446 1615 2500 καὶ
1648 2446 1800 2509 αὖθις
1832 2444 1970 2498 ἀπο-

306 2543 626 2617 ματτομὲνη
649 2541 718 2595 τὰ
738 2539 1100 2612 διανοήματα,
1129 2541 1210 2608 τῷ
1239 2540 1318 2607 νῷ
1348 2540 1515 2590 ταῦτα
1542 2533 1965 2610 ἐγκατατίοεται.

876 2630 948 2701 μ’,
974 2627 1033 2680 Τί
1066 2625 1174 2681 ἐστι
1208 2624 1402 2702 (puum;

384 2722 552 2782 Φῦσις
610 2719 721 2774 ἐστὶ
773 2715 1023 2791 δύναμις,
1076 2714 1388 2793 ὀφθαλμοῖς
1445 2713 1538 2787 μὶν
1592 2711 1857 2781 ἀθέατος,
1889 2715 1967 2782 νῷ

313 2808 372 2866 δὶ
429 2810 707 2885 θεωρητὴ,
782 2812 898 2868 τοῖς
964 2805 1209 2877 σώμασιν
1283 2800 1761 2876 ἐγκατεσπαρμένη
1823 2800 1968 2875 παρὰ

312 2904 471 2968 Θεοῦ,
532 2898 679 2974 ἀρχὴ
737 2898 1002 2966 κινήσεως
1060 2894 1146 2948 καὶ
1186 2892 1442 2967 ἠρεμίας.
1504 2888 1653 2959 Αῧτή
1687 2890 1791 2965 γὰρ
1825 2888 1964 2943 ἐστιν

314 2992 353 3059 ἡ
411 2992 631 3043 κινοῦσα
695 2987 763 3042 τὰ
827 2985 1024 3063 φυσικά
1080 2983 1327 3055 σώματα,
1386 2980 1476 3035 καὶ
1539 2981 1687 3044 αὖθις
1738 2980 1963 3053 ἠρεμεῖν

315 3082 565 3134 ποιοῦσα.
626 3077 808 3131 Πάντα
855 3073 957 3150 γὰρ
1014 3072 1080 3127 τὰ
1121 3071 1370 3143 σώματα,
1425 3072 1538 3124 οἷον
1596 3069 1664 3123 τὰ
1722 3072 1968 3141 στοιχεῖα

313 3168 403 3223 καὶ
452 3168 517 3221 τά
572 3164 631 3221 ἐκ
674 3163 881 3219 τούτων
935 3160 1279 3235 συγκείμενα,
1314 3158 1363 3213 εἷ’
1418 3158 1506 3213 καὶ
1566 3158 1668 3212 ὑπὸ
1718 3160 1851 3211 Θεοῦ
1878 3155 1964 3209 καὶ

2077 572 2232 623 mus,
2257 556 2340 611 sic
2372 561 2429 610 et
2458 555 2884 627 sapientissimi
2918 554 3137 627 quique
3167 559 3499 611 Graecorum
3534 563 3729 612 unita-

2076 647 2192 699 tem
2242 644 2517 699 eximiam
2550 644 2867 716 quamdam
2902 648 3253 712 statuerunt,
3288 649 3531 716 postque
3578 644 3729 700 hanc

2074 733 2252 801 entia,
2316 738 2374 789 et
2429 733 2685 789 viventia
2740 740 2917 805 atque
2977 733 3363 806 intelligentia
3422 734 3729 805 nonnulla,

2076 822 2285 876 deinde
2320 824 2837 894 supramundanas
2869 826 2924 877 et
2954 822 3447 879 intramundanas
3480 828 3727 894 mentes,

2077 916 2132 965 et
2165 916 2294 982 post
2343 911 2449 966 has
2502 912 2759 967 animam
2793 912 3212 980 omnimodam,
3251 920 3422 983 atque
3453 912 3731 985 deinceps

2078 1000 2335 1055 animam
2370 1001 2649 1069 universi,
2681 1006 2736 1057 et
2766 1002 3021 1073 denique
3062 1001 3444 1072 particulares
3478 1002 3729 1058 animas.

2076 1088 2169 1144 Sic
2200 1090 2341 1145 ordo
2374 1094 2429 1145 et
2459 1090 2639 1145 series
2671 1091 3000 1145 animarum
3028 1090 3145 1146 illis
3179 1091 3526 1163 completur.

2220 1198 2309 1251 39.
2345 1198 2481 1265 Quot
2509 1207 2561 1253 et
2586 1214 2852 1269 quwnam
2880 1200 2991 1253 sint
3022 1200 3230 1255 anima:
3257 1199 3590 1270 facultates?

2149 1288 2371 1341 Animae
2405 1287 2519 1342 alia
2546 1286 2794 1343 facultas
2816 1292 2904 1343 est
2926 1290 3273 1360 perceptrix,
3300 1306 3401 1360 per
3427 1304 3603 1360 quam
3635 1304 3730 1344 res

2079 1376 2352 1447 percipit;
2386 1375 2499 1431 alia
2529 1376 2785 1446 passiva,
2820 1394 2934 1447 qua
2966 1378 3052 1432 vel
3084 1382 3475 1449 congruenter
3506 1382 3727 1432 naturas

2078 1482 2196 1520 sua!
2230 1465 2317 1520 vel
2350 1464 2671 1536 injucundo
2706 1467 2877 1522 modo
2908 1467 3195 1535 afﬁcitur;
3228 1467 3342 1523 alia
3372 1467 3577 1538 activa,
3613 1484 3730 1538 qua

2079 1558 2287 1626 sponte
2321 1554 2504 1609 fertur
2534 1555 2603 1610 ad
2647 1555 2926 1611 actiones.
2961 1556 3179 1611 Harum
3225 1556 3571 1612 facultatum
3603 1556 3730 1612 alia

2078 1649 2217 1698 sunt
2249 1643 2525 1699 absoluta:
2557 1649 2613 1699 ct
2644 1646 2713 1699 ad
2746 1647 2932 1700 solam
2966 1647 3262 1716 pertinent
3291 1646 3570 1715 animam,
3603 1645 3728 1700 aliae

2079 1732 2254 1788 etiam
2281 1732 2487 1787 animae
2510 1733 2722 1790 lucidis
2750 1734 2956 1789 insunt
2979 1736 3340 1807 corporibus,
3366 1734 3491 1791 alia:
3514 1734 3730 1806 pariter

2080 1821 2136 1876 in
2172 1821 2380 1893 spiritu
2415 1824 2703 1879 materiali
2736 1824 3015 1891 existunt,
3048 1829 3353 1896 postremae
3391 1824 3729 1897 pertingunt

2076 1911 2144 1964 ad
2181 1910 2368 1981 ipsam
2404 1917 2614 1967 testam
2662 1930 2843 1983 usque
2891 1914 3073 1969 crassi
3124 1914 3404 1986 corporis.
3438 1913 3726 1970 Omnibus

2076 2006 2271 2055 autem
2305 2000 2512 2054 anima:
2546 2000 2925 2057 facultatibus
2956 2004 3333 2075 superaddita
3360 2008 3449 2059 est
3479 2002 3725 2059 facultas

2077 2087 2471 2159 imaginatrix,
2494 2106 2619 2160 quae
2643 2090 2818 2145 veluti
2842 2092 3115 2161 exprimit
3144 2091 3275 2146 illas
3298 2110 3363 2147 ac
3395 2093 3727 2165 consignat,

2076 2180 2132 2232 et
2174 2178 2679 2248 priestantioribns
2712 2179 3026 2235 deteriores
3057 2185 3111 2235 et
3158 2181 3546 2236 deterioribus
3577 2199 3730 2255 prae-

2078 2266 2392 2320 stantiores
2419 2265 2673 2321 detineat
2704 2284 2768 2322 ac
2801 2268 3096 2325 describit.
3134 2269 3539 2341 Intelligibiles
3570 2272 3729 2327 enim

2079 2354 2389 2410 facultates
2417 2373 2543 2410 cum
2578 2356 2824 2426 effingit,
2859 2356 3195 2427 cogitationi
3244 2358 3378 2414 illas
3420 2359 3731 2431 imprimit,

2079 2449 2136 2498 et
2175 2443 2430 2499 vicissim
2464 2461 2596 2500 cum
2630 2445 2898 2500 eil‘ormat
2925 2445 3331 2517 cogitationes,
3354 2448 3605 2520 imponit
3634 2465 3735 2506 eas

2081 2532 2288 2589 menti.

2579 2623 2667 2676 40.
2703 2622 2843 2690 Quid
2876 2626 2953 2678 est
2984 2627 3234 2679 natura?

2150 2710 2370 2766 Natura
2400 2715 2488 2766 est
2529 2711 2773 2766 facultas
2824 2730 2938 2767 non
2986 2712 3287 2769 oculorum
3318 2714 3734 2787 conspicienda

2078 2800 2222 2863 acie,
2255 2800 2357 2855 sed
2387 2812 2579 2857 mente
2612 2801 3083 2873 contemplanda,
3118 2802 3456 2874 corporibus
3487 2803 3731 2859 insemi-

2078 2896 2217 2945 nata
2247 2907 2279 2944 a
2308 2888 2446 2961 Deo,
2481 2894 2675 2945 motus
2721 2890 3057 2961 quietisque
3099 2891 3479 2964 principium.
3511 2892 3731 2950 Natura

2078 2978 2294 3051 quippe
2326 2984 2415 3034 est
2445 2996 2570 3049 quas
2604 2995 2847 3050 corpora
2898 2980 3186 3035 naturalia
3238 2986 3449 3049 movet,
3482 2981 3727 3038 iterum-

2076 3084 2185 3138 que
2245 3068 2383 3123 facit
2438 3067 2755 3138 quiescere.
2804 3068 3058 3140 Corpora
3116 3069 3274 3124 enim
3334 3070 3629 3142 quaelibet,
3665 3076 3729 3127 ut

2078 3156 2363 3211 elementa
2396 3162 2451 3211 et
2482 3174 2607 3227 qua:
2640 3174 2707 3210 ex
2740 3156 2830 3211 bis
2856 3158 3179 3229 composita
3201 3164 3360 3227 sunt,
3384 3159 3518 3214 licet
3548 3177 3581 3215 a
3616 3162 3727 3216 Deo

314 3217 403 3223 ηπ-
575 3217 631 3221 --ν
687 3217 730 3219 η
788 3217 842 3219 _,
1014 3217 1024 3235 ,
1126 3217 1135 3233 ι
1267 3217 1278 3227 ,

306 3258 410 3325 τὴν
465 3255 676 3324 κίνησιν
727 3252 816 3308 καὶ
871 3252 970 3319 τήν
1026 3249 1260 3325 ἡσυχίαν
1319 3246 1457 3323 ἔχει,
1492 3245 1635 3302 ἀλλᾶ
1674 3249 1965 3320 προσεχῶς

2083 3252 2305 3300 motum
2337 3250 2393 3301 et
2417 3245 2671 3317 quietem
2695 3246 2933 3313 habent,
2963 3251 3157 3301 tamen
3185 3247 3445 3317 proxime
3468 3266 3499 3304 a
3524 3254 3733 3305 natura

313 3346 419 3401 ὑπὸ
477 3343 686 3422 φύσεως
740 3347 989 3397 κινεῖται.
1043 3335 1234 3393 Πολλᾶ
1268 3336 1363 3408 μὶν
1392 3335 1494 3411 γάρ
1530 3334 1630 3389 τίσι
1664 3335 1729 3389 τα
1755 3338 1969 3391 κινοῦν,

304 3456 377 3490 τα
432 3434 499 3489 τὰ
562 3432 809 3505 σώματα,
844 3429 1119 3503 πρῶτονὸ
1163 3427 1319 3495 Θεὸς,
1378 3426 1489 3479 εἶτα
1549 3426 1575 3479 ὁ
1617 3428 1763 3491 νοῦς,
1791 3424 1901 3478 εἶτα
1932 3425 1966 3493 ἠ

306 3520 695 3598 ψυχή.Ἀλλά
722 3519 1032 3576 τελευταῖον
1071 3520 1105 3587 ἡ
1168 3515 1342 3594 φύσις,
1394 3517 1509 3570 οἷον
1570 3509 1793 3590 ὄργανόν
1855 3512 1963 3567 ἐστι

302 3617 407 3669 τοῦ
461 3609 615 3668 Θεοῦ.
648 3611 752 3667 Τὸν
806 3609 898 3682 μὶν
959 3608 1059 3684 γὰρ
1093 3604 1370 3680 ἄνθρωπον
1403 3603 1492 3659 καὶ
1544 3603 1610 3658 τὰ
1652 3600 1824 3677 ἄλογα
1858 3605 1968 3671 ζῶα

305 3707 451 3757 κινεῖ
498 3701 585 3755 καὶ
635 3702 670 3769 ἡ
705 3699 857 3773 ψυχὴ
908 3697 995 3751 καὶ
1042 3698 1077 3765 ἡ
1110 3694 1285 3772 φύσις.
1337 3694 1411 3747 Τὰ
1438 3690 1494 3747 δὲ
1528 3693 1753 3765 σώματα
1782 3690 1871 3746 καὶ
1899 3690 1967 3745 τὰ

307 3790 462 3845 ἀπλᾶ
501 3789 591 3843 καὶ
623 3788 691 3843 τὰ
737 3787 978 3853 σύνθετα,
1035 3784 1170 3859 μόνη
1204 3784 1238 3851 ἡ
1272 3782 1427 3860 φῦσις
1457 3786 1614 3849 κινεῖ,
1648 3780 1736 3835 καὶ
1795 3778 1959 3835 πάλιν

310 3879 495 3950 ἵστησι
521 3885 621 3947 τῆς
653 3878 915 3947 κινήσεως
927 3917 939 3930 .

314 3995 423 4063 μα’.
454 3986 544 4048 Τίς
572 3988 606 4055 ἡ
640 3982 899 4060 διαίρεσις
946 3986 1053 4063 τῶν
1102 3985 1299 4063 κοινῶν
1334 3978 1613 4054 ἐνεργειῶν
1648 3984 1747 4047 τῆς
1778 3981 1963 4053 ψυχῆς

898 4056 1032 4127 πρὸς
1063 4054 1124 4108 τὸ
1155 4057 1352 4124 σῶμα;

383 4150 504 4205 Τῶν
535 4146 813 4221 ἐνεργειῶν
868 4145 922 4197 αἱ
975 4143 1068 4215 μὶν
1125 4142 1385 4217 ἄρχονται
1419 4138 1525 4193 ἀπὸ
1557 4141 1744 4213 ψυχῆς
1778 4133 1958 4211 ὥσπερ

306 4239 365 4295 αἱ
386 4235 664 4310 κρείττους
693 4235 781 4289 καὶ
814 4232 1174 4306 προέχουσαι,
1206 4230 1259 4283 αἱ
1309 4226 1366 4282 δὲ
1416 4227 1519 4281 ἀπὸ
1571 4230 1665 4280 τοῦ
1694 4227 1958 4298 ,τώματος

308 4326 690 4403 ἀνεγείρονται,
736 4321 859 4377 ὅταν
909 4318 1041 4394 διψῇ
1096 4320 1188 4393 μὲν
1242 4319 1461 4391 ἤπεινῇ
1505 4315 1539 4385 ἢ
1574 4314 1719 4392 ῥιγῇ,
1753 4316 1960 4385 ἢτινος

308 4415 487 4473 ἄλλου
537 4412 788 4469 τοιούτου
820 4409 1003 4482 δέηται
1030 4412 1063 4478 ἡ
1112 4408 1265 4482 ψυχὴ
1298 4404 1355 4461 δε
1382 4407 1444 4460 τὸ
1501 4404 1737 4468 ἐντεῦθεν
1795 4404 1959 4479 πορί-

314 4512 402 4576 ζοι
452 4505 521 4559 τά
567 4500 885 4558 ἐλλείποντα
936 4503 1017 4571 τῷ
1055 4498 1289 4570 σώματι.
1324 4494 1495 4552 Πάλιν
1529 4494 1705 4549 τοίνυν
1735 4494 1801 4548 ti
1863 4493 1958 4567 μὶν

2084 3339 2408 3389 moventur.
2449 3333 2620 3388 Plura
2667 3334 2823 3389 enim
2876 3340 3015 3390 sunt
3047 3353 3171 3406 quae
3205 3352 3417 3408 corpus
3450 3342 3685 3394 movent
3717 3356 3731 3395 :

2079 3425 2233 3480 Deus
2264 3424 2547 3496 primum,
2581 3429 2706 3479 tum
2754 3440 2943 3491 mens,
2978 3425 3187 3480 deinde
3238 3427 3453 3496 anima,
3487 3427 3737 3498 denique

2079 3518 2292 3569 natura
2361 3518 2642 3585 tanquam
2703 3513 2803 3567 Dei
2876 3513 3359 3571 instrumentum.
3421 3516 3730 3573 Hominem

2077 3602 2290 3658 etenim
2316 3607 2371 3656 et
2398 3602 2602 3656 brutas
2627 3602 2954 3657 animantes
2982 3603 3177 3658 anima
3197 3609 3253 3659 et
3276 3609 3486 3660 natura
3516 3608 3734 3661 movet.

2075 3692 2328 3762 Corpora
2363 3697 2482 3746 tum
2515 3690 2809 3762 simplicia
2853 3699 2978 3747 tum
3034 3692 3359 3764 composita
3393 3710 3425 3750 a
3458 3694 3581 3750 sola
3615 3711 3741 3751 mo-

2073 3784 2280 3836 ventur
2310 3783 2545 3850 natura,
2570 3796 2696 3851 quas
2730 3781 2940 3835 iterum
2971 3798 3208 3853 quoque
3241 3787 3466 3839 motum
3501 3799 3743 3840 eorum-

2072 3872 2202 3926 dem
2232 3870 2411 3926 sistit.

2108 3979 2195 4035 41.
2230 3977 2505 4047 Quomodo
2534 3977 2956 4048 distinguuntur
2996 3994 3313 4034 commune:
3364 3982 3709 4049 operatione:

2594 4051 2802 4106 animae
2831 4054 2880 4105 et
2911 4051 3153 4120 corporis
3179 4055 3196 4103 !

2142 4138 2558 4210 Operationum
2592 4137 2716 4193 alite
2749 4138 3105 4211 principium
3148 4138 3369 4195 habent
3401 4140 3473 4195 ab
3505 4139 3705 4197 anima

2071 4232 2135 4283 ut
2168 4227 2421 4299 potiores
2451 4230 2506 4282 et
2546 4226 2980 4298 praestantiores
3011 4245 3022 4283 :
3058 4226 3180 4283 aliae
3241 4246 3272 4282 a
3305 4245 3543 4301 corpore
3576 4230 3732 4286 exci-

2071 4322 2291 4385 tantur,
2327 4316 2561 4389 quando
2595 4315 2742 4382 silit,
2777 4315 2861 4371 vel
2908 4317 3093 4372 esurit
3126 4320 3227 4373 aut
3261 4317 3452 4390 friget,
3489 4325 3588 4374 aut
3618 4319 3736 4375 alia

2072 4406 2364 4477 ejusmodi
2406 4422 2465 4460 re
2519 4405 2760 4477 indiget,
2797 4407 2951 4462 unde
3003 4406 3203 4463 anima
3257 4406 3370 4479 ipsi
3402 4408 3736 4465 desiderata

2071 4494 2432 4566 suppeditat.
2452 4493 2729 4550 Vicissim
2755 4511 2966 4567 corpus
2994 4497 3297 4557 passiones
3324 4498 3501 4553 sentit
3523 4498 3735 4554 animm

310 4592 409 4650 τοῦ
469 4589 723 4665 σώματός
782 4588 896 4643 ἐστι
953 4588 1249 4659 παθήματα
1309 4581 1378 4638 δι’
1429 4582 1621 4652 αὐτὴν,
1664 4581 1843 4657 ὥσπερ
1900 4581 1962 4636 τὸ

2083 4601 2270 4650 causa,
2304 4588 2368 4638 ut
2418 4583 2729 4654 erubescit,
2763 4586 2997 4656 quando
3029 4585 3232 4640 anima
3284 4585 3507 4657 aliquid
3564 4592 3736 4659 turpe

314 4682 588 4759 ἐρυθριᾷν,
646 4676 783 4733 διότι
915 4676 1067 4751 ψυχὴ
1100 4672 1328 4749 αἰσχρόν
1357 4694 1407 4727 τι
1457 4668 1651 4746 ἔκρινε.
1684 4673 1759 4725 Τὰ
1786 4668 1841 4759 δὶ
1867 4677 1965 4740 τῆς

314 4758 501 4847 ψυχῆς
537 4766 624 4823 διὰ
652 4768 714 4822 τὸ
747 4770 928 4838 σῶμα,
985 4763 1166 4839 ὥσπερ
1214 4764 1267 4816 αἱ
1297 4759 1495 4831 ἡδοναὶ
1551 4759 1640 4814 καὶ
1696 4761 1749 4814 αἱ
1800 4758 1967 4814 λύπαι

317 4844 533 4928 διάὴτήν
559 4858 654 4913 τοῦ
684 4857 937 4928 σώματος
964 4853 1167 4930 γὲνισιν
1210 4852 1333 4925 περῖ
1367 4852 1466 4918 τὴν
1515 4852 1699 4924 ψυχὴν
1755 4844 1966 4903 διαϐαί-

312 4970 516 5004 νουσιν.
547 4948 627 5002 Τὰ
657 4943 713 5000 δὲ
759 4944 873 4998 ἐπεὶ
924 4946 1175 4997 κοινωνεῖ
1226 4940 1277 5010 ἐξ
1333 4937 1474 5009 ἴσου,
1536 4938 1717 5013 ὥσπερ
1750 4935 1816 5006 δὴ
1876 4937 1965 4992 καὶ

310 5039 377 5095 τὸ
404 5036 653 5115 φέρεσθαι
700 5035 836 5088 κατά
889 5032 1078 5088 τόπον.
1109 5030 1180 5084 Τὸ
1234 5028 1457 5103 μὶνγᾶιρ
1519 5022 1819 5099 διαμείϐειν
1877 5023 1969 5079 τό·

314 5148 415 5183 πον
450 5123 586 5180 ίδιόν
619 5122 728 5179 ἐστι
761 5122 1032 5195 σώματος·
1066 5120 1127 5173 τὸ
1178 5115 1235 5172 δὶ
1277 5123 1445 5172 κινεῖν
1476 5117 1610 5171 κατὰ
1639 5118 1737 5186 τήν
1772 5115 1969 5194 φορὰν,

315 5221 502 5292 ψυχῆς
530 5215 766 5289 ὑπάρχει
799 5210 1064 5286 ἐνάργεια.

390 5322 499 5398 μβ’.
536 5320 674 5375 Πότε
705 5319 739 5388 ἠ
770 5318 923 5392 ψυχὴ
954 5320 1033 5388 τῶ
1082 5314 1366 5388 κυουμένῳ
1399 5313 1612 5369 ἑνοῦται
1646 5312 1893 5386 σώματι;

387 5413 449 5470 Ὀ
510 5410 603 5483 μὲν
656 5408 754 5475 τὴν
818 5403 1106 5479 Θεολογίαν
1173 5403 1334 5478 μέγας
1395 5404 1703 5479 Γρηγόριος
1760 5402 1970 5479 ἀσαφής

316 5501 393 5557 ἰτι
447 5500 570 5575 περὶ
628 5501 788 5552 τοῦτο
837 5495 899 5549 τὸ
958 5494 1144 5567 μὶρος,
1205 5492 1295 5546 καὶ
1350 5490 1448 5547 οὐκ
1478 5489 1537 5545 ἂν
1572 5488 1770 5567 ῥᾳδίως
1806 5491 1967 5545 αὐτὸν

318 5590 497 5667 εὕροις
554 5585 726 5659 ταύτῃ
780 5584 815 5652 ἢ
866 5582 1038 5656 ἐκείνῃ
1084 5580 1473 5657 προσκείμενον
1525 5585 1631 5636 τῶν
1681 5578 1873 5653 δοξῶν.
1907 5581 1969 5639 Ὁ

322 5679 378 5737 δὲ
438 5679 582 5745 θείος
662 5672 964 5752 Γρηγόριος
1018 5673 1046 5727 ὁ
1095 5670 1337 5733 Νυσσιὺς
1394 5670 1484 5726 καὶ
1548 5671 1576 5726 ὁ
1636 5668 1810 5735 πολὺς
1866 5669 1967 5739 τήν

643 5806 905 5867 Peraea.
954 5802 1063 5864 Gn.
1110 5799 1342 5863 CXXII.

2073 4673 2380 4745 judicavit.
2418 4672 2623 4728 Anima
2655 4672 2857 4729 itidem
2910 4674 3167 4729 afficitur
3215 4678 3449 4745 propter
3494 4692 3731 4746 corpus,

2078 4764 2275 4833 itaque
2306 4760 2639 4834 voluptates
2673 4779 2737 4818 ac
2769 4760 2998 4819 dolores
3030 4779 3098 4818 ex
3120 4764 3378 4834 corporis
3401 4764 3733 4820 conditione

2079 4852 2138 4907 in
2184 4851 2439 4907 animam
2493 4855 2824 4921 penetrant.
2861 4853 2936 4907 De
2987 4852 3117 4909 aliis
3169 4852 3607 4924 Operationibus
3667 4870 3734 4908 ex

2081 4957 2248 5011 aequo
2298 4940 2654 5012 participant
2705 4946 2971 5012 utraque,
3006 4944 3069 4995 ut
3107 4941 3343 5011 quando
3393 4942 3463 4997 de
3515 4941 3641 4998 loco
3674 4942 3735 4999 in

2080 5030 2273 5085 locum
2306 5029 2481 5086 homo
2515 5034 2797 5085 movetur.
2827 5030 2973 5085 Nam
3009 5035 3236 5085 mutare
3266 5030 3481 5099 locum,
3507 5033 3732 5104 corpori

2082 5118 2383 5192 proprium
2416 5124 2523 5187 est,
2560 5120 2660 5175 sed
2705 5136 2935 5175 movere
2969 5124 3026 5175 et
3058 5118 3378 5192 impellere,
3413 5122 3622 5178 animae
3648 5127 3738 5179 est

2080 5207 2364 5280 operatio.

2221 5315 2308 5369 42.
2345 5314 2571 5383 Quando
2603 5316 2792 5370 anima
2837 5318 3089 5372 nascenti
3117 5318 3335 5388 corpori
3362 5323 3597 5375 unitur.’

2153 5404 2405 5475 Magnus
2455 5403 2783 5476 Thcologus
2818 5405 3134 5478 Gregorius
3169 5406 3275 5463 hac
3328 5409 3387 5463 in
3440 5416 3602 5482 parte
3634 5412 3738 5467 ob-

2081 5510 2290 5549 scurus
2322 5498 2431 5560 est,
2466 5510 2570 5549 nec
2617 5494 2784 5551 facile
2835 5512 2969 5551 eum
3019 5497 3428 5568 deprehendas
3480 5500 3617 5555 huic
3651 5513 3736 5568 ve]

2080 5582 2163 5638 illi
2197 5581 2457 5653 opinioni
2501 5582 2817 5641 adhaerere.
2846 5586 2917 5640 At
2961 5586 3119 5642 enim
3152 5588 3388 5643 divinus
3422 5590 3736 5659 Gregorius

2080 5671 2401 5744 Nyssenus,
2432 5677 2489 5729 et
2538 5672 2825 5730 Maximus
2877 5675 3128 5749 insignis
3174 5676 3268 5732 ille
3319 5678 3617 5733 confessor
3668 5696 3737 5737 ae

3334 5804 3411 5862 23
