4046 6144
321 347 440 405 ’715

1664 344 2085 405 MICHAELIS
2132 343 2399 404 PSELLI

3616 355 3735 415 7l6

326 475 715 550 philosophus
747 477 1003 534 animam
1029 493 1134 533 nec
1165 477 1552 549 antiquiorem
1582 493 1841 550 corpore,
1875 495 1941 534 ne

2091 473 2397 550 ὁμολογίαν
2431 475 2522 531 καὶ
2552 477 2650 546 τήν
2684 476 3006 556 φιλοσοφίαν
3049 477 3298 553 Μάξιμος
3349 477 3470 536 οὔτε
3512 480 3740 558 πρεσϐυ-

325 567 715 639 postgenitam
765 572 1054 639 statuunt,
1087 569 1188 624 sed
1242 567 1420 623 simul
1468 584 1604 623 cum
1659 568 1980 639 dejectione

324 657 569 713 seminis
613 658 684 712 ad
735 657 993 713 animam
1043 657 1484 729 suscipiendam
1535 658 1676 729 apti,
1708 658 1978 713 eamdem

323 746 649 802 subsistere
671 746 1386 802 afﬁrmant.Ethnicorum
1411 751 1602 803 autem
1628 747 1824 802 eximii
1850 752 1980 819 post

318 836 640 906 perfectum
678 836 939 893 naturale
967 837 1430 892 instrumentum
1463 837 1582 893 sive
1607 853 1819 909 corpus
1851 853 1979 908 pro-

319 929 700 997 gnatumquc,
726 927 987 981 animam
1013 925 1095 980 illi
1117 927 1284 982 aiunt
1306 926 1656 998 ingenerari.
1679 927 1747 981 Et
1768 943 1976 998 quam-

321 1014 422 1069 diu
456 1013 604 1070 uteri
637 1015 873 1087 quidem
925 1015 1115 1070 adhuc
1149 1016 1446 1072 radicibus
1494 1016 1733 1089 embryo
1766 1016 1976 1072 afﬁxus

321 1103 517 1172 bzeret,
551 1104 878 1160 naturalem
922 1103 1006 1160 illi
1039 1104 1298 1161 animam
1332 1106 1621 1175 tribuunt,
1655 1107 1975 1177 egredienti

319 1197 518 1248 autem
571 1194 939 1266 rationalem,
973 1199 1030 1251 et
1060 1196 1410 1266 procedente
1442 1199 1704 1268 tempore
1755 1195 1973 1252 intelli-

318 1287 576 1355 gentem.

583 1392 673 1446 43.
710 1393 983 1460 Quomodo
1013 1394 1204 1449 am'ma
1231 1396 1429 1450 unitur
1452 1395 1714 1466 corpori?

386 1481 657 1538 Insinuat
686 1499 748 1538 se
779 1483 1009 1556 corpori
1041 1483 1239 1540 anima
1281 1483 1434 1540 sicut
1481 1485 1568 1541 sol
1617 1485 1813 1542 oriens
1847 1501 1969 1542 mo-

317 1575 515 1626 mento
567 1572 766 1628 omnia
811 1573 942 1629 luce
989 1573 1289 1646 complet:
1334 1591 1472 1630 nam
1527 1576 1609 1630 sic
1657 1579 1715 1631 et
1771 1574 1969 1630 anima

315 1676 531 1733 corpus
563 1662 763 1718 statim
816 1663 1083 1719 accendit
1129 1665 1199 1719 ad
1247 1665 1426 1720 vitam
1461 1669 1516 1721 et
1543 1664 1817 1734 viviﬁcat,
1852 1682 1966 1736 quo

315 1750 444 1821 ipso
473 1755 529 1806 et
557 1750 704 1807 illud
736 1752 984 1825 indiget,
1017 1757 1081 1808 ut
1110 1769 1244 1809 cum
1277 1771 1344 1810 ea
1375 1755 1530 1810 uniri
1563 1755 1769 1827 possit.
1803 1755 1967 1811 Sicut

2087 563 2243 641 τέραν
2275 567 2372 634 τήν
2402 569 2586 642 ψυχὴν
2615 571 2712 622 τοῦ
2767 569 3044 642 σώματος,
3105 565 3229 623 οὔτε
3291 575 3737 650 μετα-(ενεστὲραν

2087 655 2362 727 τιθὲασιν,
2424 654 2548 711 ἀλλ’
2608 657 2747 730 ὁμοῦ
2804 662 2873 732 τῇ
2931 653 3212 733 καταϐολῇ
3271 664 3368 714 τοῦ
3426 661 3735 736 σπέρματος

2088 741 2399 815 ἐπιτηδείου
2449 746 2583 819 πρὸς
2616 744 2898 822 ὑποδοχὴν
2945 751 3130 824 ψυχῆς
3183 749 3575 826 τυγχάνοντος,
3607 752 3735 806 ταύ-

2085 853 2184 903 την
2246 833 2612 912 ὑφιστάνουσι.
2674 839 2792 894 Τῶν
2854 835 2912 892 δὲ
2979 835 3263 909 Ἑλλήνων
3317 840 3368 893 οἱ
3423 841 3732 918 πρόκριτοι,

2090 923 2224 994 μετά
2277 925 2374 993 τήν
2435 925 2717 982 τελείωσιν
2774 931 2871 981 τοῦ
2929 933 3158 1002 φυσικοῦ
3219 928 3448 1006 ὀργάνου
3505 932 3594 986 καὶ
3632 933 3733 1001 τήν

2087 1012 2386 1083 ἀποκύησιν
2443 1014 2660 1086 τούτου,
2722 1013 3059 1093 ἐνσπείρουσι
3113 1019 3311 1089 ταύτην
3364 1024 3444 1092 τῷ
3492 1020 3730 1094 σώματι,

2083 1099 2229 1170 πλὴν
2281 1101 2370 1157 ὅτε
2421 1103 2516 1176 μὲν
2575 1098 2768 1159 ἔσωθεν
2815 1104 3342 1182 ῇκατερῥιζωμένον
3373 1109 3434 1162 τὸ
3467 1104 3728 1182 ἔμϐρυον,

2083 1190 2180 1258 τήν
2215 1193 2442 1267 φυσικὴν
2474 1194 2658 1268 ψυχὴν
2692 1192 2866 1267 τούτῳ
2921 1192 3180 1265 διδόασιν,
3213 1195 3482 1267 ἐξελθόντι
3526 1195 3584 1253 δὲ
3627 1200 3727 1268 τήν

2084 1277 2336 1356 λογικὴν,
2365 1281 2455 1336 καὶ
2488 1283 2735 1358 προϊόντι
2765 1284 2864 1352 τὴν
2891 1283 3098 1360 νοεράν.

2323 1389 2428 1463 μί,
2466 1393 2589 1451 lli);
2621 1387 2831 1444 ἑνοῦται
2865 1393 2942 1462 τῷ
2973 1391 3184 1464 σώματι
3216 1393 3249 1462 ἡ
3283 1394 3436 1469 ψυχή
3465 1413 3478 1463 ς

2151 1475 2486 1552 Είσκρίνεται
2543 1482 2622 1550 τῷ
2677 1479 2887 1552 σώματι
2937 1481 2971 1548 ἡ
3017 1481 3170 1555 ψυχὴ
3205 1480 3384 1558 ὥσπερ
3417 1481 3452 1552 ἢ
3485 1481 3725 1553 ἀνατολὴ

2076 1570 2174 1620 τοῦ
2225 1564 2390 1636 ἡλίου
2443 1566 2616 1622 πάντα
2664 1568 2908 1644 ἀνθρόως
2960 1567 3316 1643 ἐμπίμπλησι
3372 1576 3468 1626 τοῦ
3523 1572 3722 1648 φωτός.

2079 1655 2179 1712 Καὶ
2238 1655 2338 1732 γὰρ
2385 1656 2475 1711 καὶ
2507 1659 2644 1728 αὐτή
2698 1657 2911 1731 ἀθρόως
2944 1658 3153 1732 ἐξάπτει
3207 1661 3270 1715 τὸ
3327 1665 3486 1734 σῶμα
3516 1662 3593 1724 εἰς
3622 1663 3723 1732 τὴν

2078 1747 2246 1814 ζωήν,
2304 1746 2392 1800 καὶ
2458 1750 2736 1820 ζωοποιεῖ,
2786 1751 2949 1802 τοῦτο
3009 1747 3333 1820 ἐπιτηδείως
3391 1746 3519 1826 ἕχον
3588 1752 3726 1826 πρὸς

316 1856 490 1911 porro
520 1841 700 1908 nervi,
733 1840 967 1914 longius
1012 1842 1244 1898 etiamsi
1296 1845 1535 1911 absunt,
1569 1861 1686 1900 una
1732 1861 1937 1901 moven

2072 1835 2171 1903 τὴν
2230 1829 2414 1889 ἕνωσιν
2473 1836 2694 1907 ταύτης.
2746 1838 2945 1909 ’Ὠσπερ
3007 1836 3181 1894 οὖναὶ
3235 1839 3414 1914 νευραὶ
3447 1841 3500 1893 αἱ
3526 1860 3721 1918 συνηρ-

314 1933 433 2000 tur,
487 1934 544 1984 et
592 1931 746 1986 sicut
793 1931 1025 2003 Naphta
1078 1948 1257 2002 quam
1317 1938 1524 1988 vocant
1580 1933 1966 1990 transilientis

305 2018 462 2090 ignis
506 2020 625 2074 vim
678 2021 954 2092 concipit,
990 2021 1182 2076 medio
1213 2039 1342 2078 aere
1401 2039 1518 2078 non
1576 2023 1962 2096 inﬂammato,

305 2107 389 2162 sie
420 2111 477 2163 et
508 2124 722 2181 corpus
753 2109 825 2164 ab
858 2110 1056 2165 anima
1099 2113 1290 2166 totum
1336 2113 1531 2168 statim
1565 2111 1960 2182 illuminatur,

304 2214 493 2270 neque
519 2203 745 2270 oportet
774 2200 1150 2257 indivisibilis
1172 2201 1302 2260 vitae
1324 2206 1380 2258 et
1409 2203 1706 2259 facultatis
1739 2204 1958 2260 divisas

299 2285 761 2344 illuminationes
783 2289 870 2345 vel
899 2290 1378 2362 participationes
1405 2292 1788 2348 comminisci.
1809 2294 1955 2349 Con-

300 2376 436 2431 ferri
469 2381 664 2433 autem
692 2377 812 2434 haec
843 2384 1034 2451 potest
1063 2395 1198 2436 cum
1223 2381 1670 2454 participatione
1692 2383 1766 2455 (6)
1800 2383 1953 2439 entis

300 2481 426 2536 qua:
471 2466 528 2522 in
577 2483 638 2523 re
696 2468 853 2524 ﬂuxa
909 2469 1276 2528 observatur.
1311 2472 1818 2537 Quemadmodum
1871 2472 1952 2528 rei

298 2556 467 2610 ﬂuxae
497 2556 655 2612 enim
688 2573 792 2613 ens
842 2559 1011 2614 adest
1043 2559 1170 2615 sine
1199 2564 1484 2632 tempore,
1519 2562 1601 2617 sic
1650 2566 1704 2618 et
1755 2562 1952 2619 anima

298 2643 424 2701 sine
449 2650 713 2718 tempore
739 2647 905 2703 adest
935 2649 1185 2720 corpori.

688 2753 776 2806 44.
808 2753 884 2808 De
911 2755 1111 2809 anima
1149 2753 1558 2810 irrationabili.

369 2842 630 2906 Quatuor
683 2841 845 2897 hisce
903 2842 1236 2898 Graecorum
1297 2842 1633 2916 philosophi
1687 2846 1947 2902 animam

295 2929 759 2986 irrationabilem
794 2931 1085 2987 definiunt
1118 2948 1130 2988 :
1165 2934 1449 3004 appetitu,
1483 2950 1594 3004 quo
1633 2933 1948 3007 voluptatis

294 3034 503 3074 sumus
535 3037 601 3074 ac
627 3018 844 3076 doloris
878 3020 1226 3092 participes;
1261 3020 1535 3093 opinione
1565 3039 1690 3094 quas
1725 3024 1946 3080 medias

292 3107 564 3180 designat
604 3109 858 3166 rationes
908 3111 1060 3166 inter
1106 3111 1333 3182 species
1380 3109 1651 3179 sensiles,
1683 3116 1739 3167 et
1768 3130 1946 3184 puras

2079 1925 2345 1998 μοσμὲναι
2393 1925 2480 1979 καὶ
2519 1925 2564 1979 εἰ
2619 1925 2807 2002 πόρρω
2863 1925 3086 2002 τύχοιεν
3118 1929 3292 2001 οὖσαι,
3323 1933 3718 2003 συγκινοῦνταιο

2075 2013 2164 2068 καὶ
2205 2015 2232 2067 ὁ
2279 2013 2616 2087 καλούμενος
2645 2015 2781 2092 1ξδθὸις
2809 2012 3024 2091 δέχεται
3081 2020 3176 2071 τοῦ
3232 2018 3403 2088 πυρὸς
3428 2021 3526 2088 τὴν
3559 2016 3718 2074 δύνα-

2077 2125 2166 2176 μιν
2199 2108 2295 2159 τοῦ
2326 2103 2519 2177 μεταξὺ
2550 2105 2705 2181 ἀέρος
2746 2106 2821 2178 μή
2861 2105 3226 2182 πυρουμένου,
3261 2105 3402 2162 οὕτω
3435 2104 3500 2178 δὴ
3533 2109 3622 2163 καὶ
3651 2109 3716 2164 τὸ

2071 2197 2231 2266 σῶμα
2284 2193 2494 2267 ἀθρόως
2551 2192 2890 2267 ἐλλάμπεται
2950 2196 3051 2250 ὑπὸ
3107 2203 3205 2266 τῆς
3264 2200 3470 2272 ψυχῆς,
3517 2199 3605 2252 καὶ
3651 2199 3714 2253 οὐ

2067 2279 2148 2336 δεῖ
2203 2290 2302 2353 τῆς
2357 2283 2648 2358 ἀμερίστου
2706 2289 2850 2354 ζωῆς
2905 2285 2994 2340 καὶ
3055 2283 3334 2360 δυνάμεως
3377 2285 3716 2362 διῃρημένας

2064 2371 2296 2427 ἐπινοεῖν
2328 2373 2423 2435 τὰς
2448 2371 2774 2448 ἐλλάμψεις,
2806 2374 2955 2445 ἤτάς
2989 2375 3635 2450 μετοχὰς.Ἀπεικαστέον
3656 2375 3714 2433 δὲ

2063 2461 2229 2530 αὐτὴν
2249 2465 2317 2536 τῇ
2348 2466 2443 2517 τοῦ
2476 2459 2630 2525 ὄντος
2666 2467 2878 2539 μετοχῇ
2932 2465 3006 2526 εἰς
3034 2465 3096 2520 τὸ
3142 2465 3452 2541 γινόμενον.
3506 2469 3711 2543 Ὠσπερ

2059 2552 2160 2625 γὰρ
2190 2551 2252 2604 τὸ
2284 2549 2340 2604 ὅν
2371 2550 2624 2626 ἀχρὸνως
2660 2556 2739 2624 τῷ
2786 2553 3059 2628 γινομέκῳ
3096 2553 3367 2630 πάρεστιν,
3400 2554 3573 2619 οὕτως
3618 2556 3706 2611 καὶ

2063 2638 2199 2709 αύτὴ
2232 2639 2484 2716 ἀχρόνως
2514 2639 2736 2715 πάρεστι
2766 2645 2845 2714 τῷ
2877 2643 3110 2716 σώματι.

2521 2745 2626 2821 μδ’.
2659 2749 2791 2824 Περὶ
2822 2747 3025 2825 ἀλόγου
3056 2753 3264 2826 ψυχῆς.

2132 2836 2218 2892 Ἐν
2270 2834 2520 2912 τέσσαρσι
2569 2837 2785 2902 τούτοις
2829 2839 2976 2913 παρ”
3013 2839 3278 2910 Ἕλλησιν
3313 2841 3366 2895 οἱ
3415 2839 3704 2921 φιλοσοφί-

2060 2946 2241 2988 σαντες
2289 2927 2387 2995 τὴν
2438 2923 2635 3002 ἄλογον
2685 2929 2870 3003 ψυχὴν
2925 2927 3296 3006 ἀφορίζουσιν
3347 2928 3397 2984 ἐν
3427 2933 3494 3004 τῇ
3550 2930 3704 3006 ὀρεκ-

2055 3017 2203 3089 τικῇ,
2262 3016 2381 3070 καθ’
2433 3017 2492 3085 ἢν
2542 3013 2748 3087 ἡδονῆς
2793 3017 2883 3071 καὶ
2933 3015 3113 3088 λύπης
3167 3015 3496 3094 μετέχομεν·
3527 3018 3579 3074 ἐν
3632 3025 3703 3096 τῇ

2058 3101 2368 3178 δοξαστικῇ,
2417 3103 2538 3174 ἥτις
2566 3104 2691 3168 τοὺς
2741 3105 2938 3179 μέσους
2977 3105 3175 3183 λόγους
3219 3105 3310 3162 καὶ
3346 3109 3540 3180 μεταξῦ
3589 3115 3698 3164 τῶν

292 3199 468 3268 atque
501 3213 534 3252 ο.
566 3198 807 3254 materia
837 3198 1162 3254 abstractas
1196 3199 1450 3255 rationes
1485 3217 1498 3254 :
1533 3201 1820 3257 sentiendi
1857 3203 1938 3257 fa-

2059 3191 2325 3265 αἱσῦητῶν
2382 3191 2538 3250 εἰδῶν
2567 3198 2793 3250 καὶτῶν
2841 3193 3022 3250 ἆύλων
3071 3196 3161 3251 καὶ
3209 3198 3458 3272 καθαρῶν
3519 3197 3702 3274 λόγων

289 3285 527 3357 cultate,
579 3305 703 3358 quis
760 3287 1015 3344 externis
1072 3288 1382 3360 speciebus
1439 3288 1823 3362 assimilatur,
1871 3308 1937 3347 ac

291 3376 588 3447 prasentii
617 3381 874 3445 externa,
910 3377 1271 3433 salutariane
1327 3378 1448 3433 sint
1499 3395 1572 3434 an
1631 3379 1878 3435 exitiosa
1921 3397 1934 3435 :

286 3469 500 3520 natura
529 3466 800 3537 denique,
836 3483 963 3537 qum
1004 3467 1234 3537 prOprie
1265 3471 1354 3522 est
1383 3484 1560 3524 causa
1607 3469 1938 3538 generatio-

287 3554 378 3609 nis
427 3558 484 3608 et
541 3555 801 3625 proxime
856 3555 1201 3626 corporibus
1255 3556 1530 3625 adhaeret,
1582 3564 1937 3630 generetque

282 3641 384 3696 illa
429 3646 486 3696 et
535 3642 671 3698 facit
719 3647 783 3698 ut
830 3648 1116 3709 crescant,
1150 3644 1554 3715 gubernatque
1603 3663 1668 3701 ac
1714 3647 1933 3720 dirigit.

281 3729 385 3784 His
434 3735 683 3801 quatuor
739 3733 914 3788 rebus
965 3733 1234 3789 nonnulli
1293 3733 1778 3807 philosophorum
1839 3755 1936 3794 es-

281 3820 529 3875 sentiam
563 3820 774 3878 animaa
825 3823 1243 3879 irrationabilis
1275 3825 1594 3880 consistere
1644 3831 1931 3894 statuunt,

279 3926 345 3964 ac
384 3909 560 3966 veluti
609 3911 919 3967 insititiam
971 3929 1098 3969 esse
1149 3913 1419 3968 rationali
1469 3915 1677 3971 animae
1725 3934 1932 3990 corpo-

276 3998 439 4069 rique
488 3998 665 4054 simul
725 4001 1030 4057 inductam
1084 4017 1097 4056 :
1147 4001 1284 4057 huic
1335 4019 1569 4075 quoque
1627 4007 1929 4062 irrationa-

273 4087 378 4142 bili
408 4087 617 4144 animae
670 4089 992 4163 injungunt
1040 4107 1259 4148 munus
1309 4093 1765 4151 administrandi
1799 4113 1928 4153 cor-

271 4192 451 4248 poris.

400 4285 487 4341 45.
523 4286 666 4354 Quid
692 4288 945 4344 voluntas
975 4293 1027 4344 et
1057 4291 1418 4346 ratiocinium
1443 4294 1803 4362 practicum?

337 4390 620 4448 Voluntas
649 4394 720 4449 ad
758 4394 1263 4452 ratiocinatoriam
1296 4396 1505 4452 animae
1537 4403 1761 4469 partem
1795 4417 1921 4471 per-

260 4481 429 4548 tinet,
462 4487 653 4538 movet
683 4483 840 4539 enim
892 4485 1216 4556 appetitum
1269 4487 1328 4542 in
1380 4503 1503 4542 rem
1554 4488 1915 4545 desiderabi-

2055 3282 2374 3361 ἀφώρισται·
2436 3281 2487 3337 ἐν
2541 3288 2610 3357 τῇ
2668 3283 2998 3360 αἰσθητικῇ,
3056 3283 3180 3356 ἥτις
3229 3289 3365 3362 πρὸς
3429 3288 3497 3341 τὰ
3548 3289 3704 3352 ἐκτὸς

2049 3369 2166 3442 εἷ’δη
2199 3371 2504 3445 ὡμοίωται,
2546 3372 2636 3428 καὶ
2682 3372 3093 3450 προαισθάνεται
3137 3375 3205 3429 τὰ
3234 3370 3457 3446 ἔξσωθεν
3512 3379 3691 3447 σωτή-

2050 3480 2139 3536 ρια
2201 3462 2289 3516 καὶ
2353 3459 2610 3536 ὀλέθρια·
2661 3461 2712 3517 ἐν
2770 3467 2838 3528 τῇ
2883 3468 3106 3541 φυσικῇ,
3155 3463 3277 3533 ἥτις
3336 3462 3442 3519 ἔστι
3495 3465 3701 3540 κυρίως

2045 3551 2459 3626 γενεσιουργὸς,
2515 3551 2605 3606 καὶ
2665 3551 3033 3625 συμπλέκεται
3091 3559 3381 3629 προσεχῶς
3428 3559 3543 3616 τοῖς
3588 3554 3699 3608 σώ-

2049 3660 2198 3711 μασι,
2284 3645 2530 3715 γεννᾶται
2589 3641 2726 3697 αὐτά
2798 3641 2888 3698 καὶ
2973 3639 3116 3714 αὔξει
3183 3645 3272 3698 καὶ
3354 3641 3553 3699 διοικεῖ
3597 3644 3696 3699 καὶ

2043 3728 2374 3784 κατευθύνει.
2427 3731 2515 3785 Ἐκ
2544 3731 2749 3786 τούτων
2781 3729 2846 3800 δὴ
2897 3736 3002 3786 τῶν
3054 3744 3325 3808 τεσσάρων
3358 3736 3454 3804 τὴν
3489 3732 3691 3812 ἄλογον

2043 3820 2226 3893 ψυχὴν
2303 3813 2435 3874 ἔνιοι
2505 3824 2611 3874 τῶν
2700 3820 3015 3899 φιλοσόφων
3091 3823 3445 3886 οὐσιὼσαντες
3513 3823 3693 3899 ἐγκεν-

2038 3909 2311 3982 τρίζουσιν
2346 3909 2457 3963 οἷον
2509 3912 2578 3983 τῇ
2613 3907 2808 3985 λογικῇ
2839 3909 3011 3987 ψυχῇ,
3070 3911 3161 3966 καὶ
3213 3916 3294 3984 τῷ
3324 3914 3537 3986 σώματι
3572 3935 3689 3967 συν.

2039 3999 2319 4074 εισάγουσι
2355 4045 2366 4057 .
2423 3999 2528 4068 Τήν
2591 3997 2648 4054 δὲ
2715 3999 2919 4076 ἄλογον
2977 4000 3287 4075 οἰκονομεῖν
3341 4002 3405 4057 τὰ
3459 4003 3687 4077 σώματα

2039 4088 2436 4165 ἐπιτρέπουσιν.

2039 4288 2138 4360 με’.
2189 4287 2283 4348 Τίς
2333 4288 2366 4355 ἠ
2416 4282 2681 4362 βούλησις
2732 4283 2821 4340 καὶ
2868 4283 2951 4348 τίς
2983 4285 3010 4340 ὁ
3041 4286 3334 4361 πρακτικὸς
3365 4284 3674 4364 λογισμός;

2103 4399 2161 4447 Ἡ
2196 4391 2462 4468 βούλησις
2513 4392 2638 4468 περὶ
2691 4391 2753 4447 τὸ
2807 4389 3115 4467 λογιστικὸν
3169 4394 3362 4470 μόριον
3412 4393 3524 4450 ἐστὶ
3579 4403 3682 4466 τῆς

2032 4485 2238 4559 ψυχῆς.
2301 4488 2446 4538 Κινεῖ
2505 4482 2599 4556 μὲν
2647 4480 2747 4557 γὰρ
2808 4483 2908 4550 τὴν
2967 4477 3138 4557 ὄρεξιν
3193 4483 3329 4557 πρὸς
3381 4484 3445 4539 τὸ
3495 4485 3681 4562 ἐφετὸν

261 4571 398 4641 lem,
451 4590 630 4644 quam
681 4574 819 4646 quia
876 4592 990 4631 non
1041 4575 1168 4630 sine
1227 4577 1532 4634 ratiocinio
1585 4579 1920 4666 deligimus,

2061 4575 2149 4628 mi
2217 4570 2273 4627 δὲ
2296 4572 2492 4628 τούτου
2549 4571 2647 4626 οὐκ
2698 4569 2820 4626 ἄνευ
2879 4568 3150 4647 λογισμοῦ
3180 4571 3676 4647 προαιρούμεθα,ἡ

259 4659 382 4716 haec
441 4663 592 4718 actio
651 4663 907 4736 impetus
964 4664 1284 4722 voluntatis
1345 4667 1696 4739 appellatur,
1738 4671 1838 4742 qui
1890 4659 1923 4728 εί

255 4751 562 4808 ratiocinio
593 4752 720 4825 ipso
752 4758 844 4810 est
866 4754 1155 4812 diversus.
1181 4756 1280 4812 Est
1311 4761 1504 4813 autem
1541 4759 1912 4816 ratiocinium

254 4841 602 4910 practicum,
645 4850 780 4915 post
830 4844 1156 4916 appetitum
1209 4846 1288 4900 rei
1337 4847 1745 4905 desiderabilis
1776 4867 1910 4906 cum

251 4929 477 4986 ratione
534 4937 804 5005 suscepta
861 4933 1014 4989 aetio
1073 4937 1130 4988 et
1189 4935 1471 5005 operatio.
1511 4936 1682 4992 Noris
1740 4955 1910 5009 porro

248 5017 460 5073 animae
491 5037 732 5092 corpore
770 5022 975 5078 solutae
1006 5025 1062 5076 et
1093 5024 1320 5094 corpori
1356 5024 1549 5080 adhuc
1579 5026 1906 5097 conjunctae

245 5121 363 5160 non
396 5123 579 5163 unum
632 5109 908 5183 idemque
941 5111 1345 5166 ratiocinium.
1380 5113 1697 5177 Quibusvis
1748 5116 1905 5172 enim

243 5195 751 5264 prmstantioribus
800 5199 999 5254 anima
1031 5215 1092 5254 se
1139 5199 1453 5271 assimilat,
1489 5206 1602 5257 Deo
1653 5205 1902 5259 archan-

242 5282 410 5354 gelis,
470 5283 693 5355 angelis
751 5291 808 5342 et
864 5288 1087 5343 caeteris
1149 5290 1572 5361 potentatibus,
1633 5293 1790 5349 unde
1846 5299 1904 5351 et

240 5387 416 5442 opera
442 5371 572 5440 ejus
616 5373 744 5443 jam
775 5375 994 5442 divina,
1022 5377 1149 5447 jam
1201 5379 1484 5451 humana,
1513 5381 1634 5451 jam
1668 5387 1898 5441 contra-

2013 5199 2312 5274 κρείττοσιν
2372 5199 2657 5273 ἀφοιοῦται
2726 5198 2759 5266 ἠ

2011 5289 2261 5366 ἀγγέλοις
2308 5288 2398 5343 καὶ
2448 5292 2565 5351 ταῖς
2613 5285 2839 5348 λοιπαῖς
2891 5283 3172 5361 δυνάμεσι,
3233 5284 3322 5342 διὰ
3364 5292 3524 5344 τοῦτο
3573 5289 3668 5344 καὶ

2007 5382 2075 5436 τὰ
2126 5374 2254 5454 ἔργα
2282 5378 2468 5445 αὐτοῦ,
2501 5375 2566 5430 τὰ
2597 5374 2690 5449 μὲν
2723 5375 2868 5442 θεῖα,
2926 5377 2993 5430 τὰ
3046 5372 3103 5430 δὲ
3146 5373 3478 5452 ἀνθρώπινα,
3510 5378 3578 5433 τὰ
3608 5373 3668 5432 δὲ

2031 4664 2146 4719 κατ’
2223 4662 2352 4718 αὐτὸ
2429 4661 2664 4738 ἐνέργεια
2741 4659 3066 4736 βουλευτική
3146 4662 3293 4735 ὁρμή
3357 4661 3680 4736 ὠνομάσθη,

2033 4751 2186 4827 ἐτὲρα
2242 4749 2372 4806 οὖσα
2429 4755 2526 4806 τοῦ
2577 4750 2872 4826 λογισμοῦ.
2938 4751 3240 4821 Πρακτικὸς
3288 4749 3344 4806 δέ
3376 4751 3487 4807 ἐστι
3519 4752 3680 4828 λογι-

2025 4841 2185 4914 σμὸς,
2227 4843 2262 4910 ἡ
2320 4840 2453 4913 μετὰ
2502 4841 2602 4909 τήν
2657 4836 2828 4913 ὄρεξιν
2868 4839 2965 4894 τοῦ
2999 4838 3189 4918 ἐφετοῦ
3238 4840 3373 4914 μετὰ
3404 4840 3678 4916 λογισμοῦ

2021 4930 2208 5006 πρᾶξίς
2262 4951 2320 4984 τε
2370 4929 2458 4984 καὶ
2513 4927 2770 5004 ἐνέργεια.
2831 4931 3008 4985 Τοῦτο
3041 4927 3098 4984 δέ
3157 4951 3242 4984 σοι
3272 4927 3430 5000 ἔστω,
3465 4930 3548 4985 ὅτι
3581 4935 3678 5004 ψυ·

2021 5024 2130 5095 χῆς
2189 5017 2554 5089 ἀπολυθείσης
2611 5019 2865 5090 σώματος
2921 5018 3012 5072 καὶ
3069 5016 3146 5074 ἔτι
3205 5019 3483 5093 παρούσης
3511 5019 3566 5074 ἐν
3594 5025 3676 5092 τῷ

2019 5111 2230 5183 σώματι
2298 5108 2399 5164 οὐκ
2453 5107 2612 5170 αὐτός
2661 5105 2771 5162 ἐστι
2813 5103 3098 5182 λογισμός.
3155 5105 3372 5165 Ἐπεὶδὲ
3395 5115 3523 5164 πᾶσι
3553 5114 3673 5173 τοῖς

2838 5197 3016 5271 ψυχὴ,
3073 5202 3213 5270 Θεῷ,
3269 5197 3668 5274 ἀρχαγγέλοις,

1832 5511 2070 5569 ΝΟΤίΕ.

306 5607 381 5679 (6)
414 5605 680 5679 Intellige
705 5611 783 5679 rut
832 5624 1012 5679 supra
1043 5609 1103 5663 τὸ
1135 5608 1300 5672 ὂντως
1334 5606 1414 5677 ὄν,
1447 5630 1550 5668 ens
1600 5619 1884 5674 :eternum

235 5678 543 5735 ao'stabile
576 5695 589 5734 :
623 5678 717 5734 cui
757 5678 1072 5750 opponitur
1116 5683 1176 5734 τό
1218 5681 1498 5755 γινόμενον
1543 5689 1696 5755 quod
1727 5689 1794 5744 fit
1823 5695 1880 5746 et

1998 5619 2280 5681 nascitur,
2333 5630 2399 5669 ac
2458 5609 2883 5667 mutationibus
2931 5613 3021 5666 est
3070 5609 3430 5684 obnoxium,
3487 5615 3663 5686 atque

1993 5695 2137 5750 adeo
2170 5686 2397 5744 Platoni
2430 5688 2681 5755 negatur
2711 5697 2840 5739 esse
2870 5698 3073 5739 verum
3099 5698 3232 5739 ens.
