4040 6146
325 356 441 414 717

325 481 573 550 ἐναντία,
636 480 730 536 ’ἕνα
817 482 893 554 μὴ
962 480 1029 537 τὰ
1107 479 1347 554 ὀνόματα
1425 479 1568 559 λέγω
1605 501 1618 516 ο

324 571 476 629 ϐάνει
534 573 636 650 γὰρ
682 573 777 634 τὰς
832 570 1123 646 ἐνεργείας,
1158 572 1296 646 πρὸς
1347 571 1380 625 ἃ
1421 568 1689 646 λαμϐάνει
1744 575 1833 630 καὶ
1883 575 1982 644 τήν

324 664 621 738 ὁμοίωσιν.

579 771 682 845 pq’.
716 769 848 846 Περὶ
877 769 1246 845 προαιρέσεως
1273 770 1361 824 καὶ
1397 774 1709 848 προσοχῆς.

395 860 564 917 Μέσαι
599 857 850 934 δυνάμεις
882 859 984 914 sic?
1015 866 1113 928 τῆς
1145 861 1331 934 ψυχῆς
1381 863 1636 936 προσοχή
1688 860 1782 916 καὶ
1843 880 1979 934 προ-

328 949 553 1026 αίρεσις.
585 947 743 1004 Ἀλλ’
790 950 825 1017 ἡ
889 948 985 1021 μὲν
1041 947 1356 1023 προαίρεσις
1413 952 1624 1026 ἡγεῖται
1675 954 1782 1004 τῶν
1838 947 1981 1025 πρά-

327 1040 485 1111 ξεων,
520 1036 637 1114 ἔχει
695 1034 752 1093 δὶ
807 1037 897 1092 καὶ
956 1037 1122 1112 λόγον
1180 1035 1231 1092 έν
1283 1039 1328 1110 ᾧ
1371 1039 1540 1111 κρίνει
1589 1041 1656 1093 τὰ
1685 1037 1846 1108 καλὰ,
1887 1034 1978 1092 καὶ

327 1123 505 1202 ὅρεξιν
552 1128 655 1196 τὴν
715 1124 1005 1204 ἐφιεμένην
1055 1130 1161 1181 τῶν
1206 1125 1422 1183 οἷ’κείων
1469 1128 1558 1183 καὶ
1613 1129 1849 1203 ἀγαθῶν,
1882 1129 1971 1182 καὶ

336 1217 436 1285 τήν
496 1215 911 1290 ἆναπληροῦσαν
980 1213 1061 1270 ἀεὶ
1104 1216 1172 1270 τὰ
1219 1213 1568 1273 ἐλλείποντα.
1628 1215 1982 1294 Ἀμφοτέρων

334 1306 426 1360 οῦν
457 1310 554 1360 τοῦ
585 1303 868 1382 λόγουκαὶ
909 1311 1011 1375 τῆς
1060 1304 1287 1378 ὀρέξεως
1341 1305 1649 1361 συνίσταται
1707 1309 1742 1376 ἡ
1787 1305 1982 1380 προαί-

335 1415 505 1469 ρεσις.
540 1395 799 1470 Προσοχή
835 1391 891 1449 δὲ
923 1393 1032 1448 ἐστὶ
1069 1395 1188 1458 καθ’
1216 1395 1277 1463 ἢν
1337 1396 1684 1471 προσέχομεν
1731 1400 1847 1457 τοῖς
1897 1391 1984 1470 ἔρ-

324 1505 447 1560 γοις
523 1486 606 1547 οἷς
676 1483 981 1560 πράττομεν
1053 1484 1142 1539 καὶ
1215 1489 1333 1547 τοῖς
1421 1483 1606 1560 λόγοις
1675 1486 1756 1548 οἷς
1813 1484 1976 1560 λέγο-

323 1593 444 1648 μεν·
479 1572 615 1646 αὕτη
664 1573 768 1650 γὰρ
817 1575 949 1630 ποτὲ
1010 1575 1106 1648 μὶν
1160 1575 1227 1630 τά
1279 1578 1379 1645 τῆς
1436 1578 1622 1652 ψυχῆς
1679 1573 1787 1647 ἤθη
1851 1576 1978 1631 ἂνα-

328 1669 609 1719 σκοπεῖται
658 1662 776 1718 τίνα
817 1685 876 1719 τε
923 1662 1033 1719 ἐστὶ
1082 1665 1168 1720 καὶ
1215 1669 1334 1727 πῶς
1383 1659 1500 1740 ἔχει
1550 1666 1686 1741 πρὸς
1733 1662 1978 1737 ἄλληλαο

330 1753 466 1809 ποτὶ
497 1751 554 1809 δὶ
583 1753 648 1808 αὗ
677 1754 740 1809 τὸ
773 1757 909 1823 ζῶον
945 1758 1138 1831 θεωρεῖ
1164 1754 1216 1809 τί
1255 1755 1477 1829 πράττει
1534 1755 1625 1811 καὶ
1682 1761 1757 1825 πῆ
1818 1776 1989 1831 παρα-

1505 353 1603 411 DE
1647 353 2083 415 OMNIFAllIA
2139 353 2562 416 DOCTRINA.

1701 480 1983 558 μεταλαμ-
2013 491 2067 558 Α
2099 485 2206 553 ria,
2236 490 2302 542 ut
2351 487 2694 545 nominibus
2741 487 3090 544 abstineam.
3124 487 3349 553 Quibus
3400 491 3558 549 enim
3603 493 3753 551 assi-

3635 363 3753 423 718

2091 575 2258 631 milat
2317 594 2414 649 se,
2466 575 2703 634 illorum
2753 581 2809 634 et
2858 593 3037 650 opera
3090 578 3328 635 asciscit
3383 584 3560 654 atque
3615 582 3749 639 imi-

2089 667 2272 722 tatur.

2460 773 2546 829 46.
2582 775 2654 830 De
2682 774 2942 830 electione
2970 782 3025 830 et
3054 778 3374 832 attentione.

2162 860 2364 916 Medias
2398 867 2539 918 sunt
2569 862 2750 918 animi
2802 863 3105 920 facultates
3156 865 3400 920 attentio
3433 869 3490 922 et
3520 865 3745 939 electio,

2092 949 2192 1004 sed
2225 949 2428 1006 electio
2478 952 2739 1007 actiones
2772 953 2991 1026 dirigit,
3027 955 3330 1026 utiturque
3377 955 3602 1012 ratione
3631 973 3750 1028 qua

2103 1039 2238 1110 quid
2271 1039 2586 1111 pulchrum
2619 1041 2695 1097 sit
2718 1042 2966 1111 judicat,
3000 1047 3056 1098 et
3084 1045 3345 1116 appetitu
3380 1045 3751 1102 desiderante

2096 1144 2164 1183 ea
2193 1145 2319 1200 quas
2351 1131 2732 1202 congruentia
2753 1131 2864 1186 sibi
2890 1137 3030 1186 sunt
3056 1136 3112 1187 et
3140 1133 3313 1198 bona,
3338 1149 3466 1205 quas
3494 1151 3626 1190 vero
3655 1135 3752 1190 de-

2097 1217 2322 1287 ﬁciunt,
2346 1235 2580 1290 semper
2627 1219 2903 1276 studente
2934 1220 3228 1292 supplere.
3263 1221 3522 1295 Utroque
3571 1223 3754 1296 igitur

2096 1303 2296 1361 electio
2333 1312 2581 1376 constat,
2606 1308 2832 1364 ratione
2861 1313 2918 1364 et
2947 1309 3231 1381 appetitu.
3265 1311 3520 1367 Attentio
3553 1318 3752 1370 autem

2097 1398 2187 1449 est
2215 1411 2333 1466 qua
2375 1397 2742 1453 attendimus
2771 1399 2841 1453 ad
2876 1397 3135 1454 actiones
3164 1415 3313 1470 quas
3366 1400 3750 1473 suscipimus,

2096 1488 2153 1538 et
2184 1484 2255 1538 ad
2287 1486 2463 1541 verba
2501 1503 2626 1556 quae
2671 1485 2988 1559 loquimur.
3023 1487 3153 1542 Hec
3186 1489 3538 1561 quandoque
3569 1489 3754 1546 animi

2097 1589 2290 1628 mores
2320 1573 2678 1646 speculatur,
2712 1575 2914 1645 quales
2958 1577 3074 1632 sint
3102 1581 3160 1632 et
3189 1578 3481 1649 quomodo
3508 1578 3659 1635 inter
3689 1596 3754 1636 se

2096 1667 2428 1734 congruant
2458 1680 2472 1718 :
2508 1665 2634 1736 jam
2682 1664 2936 1721 animale
2965 1665 3317 1737 considerat,
3343 1670 3399 1722 et
3431 1668 3572 1740 quid
3604 1668 3753 1726 illud

2098 1757 2252 1824 agat,
2286 1752 2456 1808 ubive
2515 1758 2714 1825 peccet
2751 1756 2839 1810 vel
2897 1754 3119 1827 aliquid
3175 1757 3428 1813 omittat.
3461 1757 3752 1816 Caeterum

333 1837 535 1917 ϐαίνει³
565 1841 654 1898 καὶ
685 1841 736 1898 τί
775 1840 1041 1900 ἐλλείπει.
1074 1842 1222 1898 Μέσα
1253 1841 1311 1898 δέ
1352 1843 1455 1898 εἶσι
1501 1844 1682 1899 καὶτᾶ
1729 1848 1835 1899 τῶν
1890 1865 1973 1919 μα·

2099 1841 2277 1897 medii
2307 1843 2540 1913 generis
2569 1843 2747 1899 etiam
2796 1849 2938 1900 sunt
2987 1844 3413 1902 mathematicae
3467 1849 3752 1905 exercita-

337 1934 599 2007 θημάτων
655 1932 962 2006 ἀσκήματα,
1021 1933 1110 1988 καὶ
1164 1933 1232 1988 τὰ
1284 1937 1393 1988 τῶν
1465 1938 1806 2009 καθαρτικῶν
1863 1935 1982 2010 ἀρε-

317 2026 432 2077 τῶν
490 2019 918 2096 ἐπιτηδεύματα.
973 2021 1124 2079 Μέσα
1177 2019 1234 2077 δὲ
1303 2020 1549 2099 λέγονται
1616 2024 1690 2087 ὡς
1771 2023 1968 2099 μεταξὺ

319 2110 547 2185 κείμενα
569 2115 678 2166 τῶν
705 2114 909 2188 νοερῶν
942 2109 1125 2186 λόγων
1155 2111 1244 2166 καὶ
1274 2116 1381 2166 τῶν
1417 2109 1774 2183 δοξαστικῶν.

333 2219 442 2294 μζ.
478 2217 717 2295 Πότερον
748 2220 784 2288 ἡ
819 2217 973 2294 ψυχὴ
1009 2216 1202 2295 λύεται
1248 2218 1356 2273 ἀπὸ
1391 2223 1488 2274 τοῦ
1536 2220 1814 2295 σώματος,
1846 2221 1881 2292 ἢ
1911 2221 1975 2276 τὸ

809 2291 968 2364 σῶμα
999 2291 1103 2345 ἀπὸ
1133 2297 1232 2360 τῆς
1266 2295 1450 2367 ψυχῆς
1483 2311 1498 2361 ;

390 2379 512 2437 Ἐπὶ
578 2380 674 2454 μὶν
730 2383 827 2434 τοῦ
887 2383 1114 2458 φυσικοῦ
1173 2381 1424 2450 θανάτου,
1456 2381 1517 2435 τὸ
1573 2385 1732 2456 σῶμα
1783 2379 1976 2457 λύεται

317 2469 429 2524 ἀπὸ
457 2475 558 2540 τῆς
589 2472 801 2545 ψυχῆς,
833 2467 920 2524 ἐπὶ
952 2466 1010 2524 δὲ
1037 2473 1133 2524 τοῦ
1164 2473 1362 2540 νοητοῦ
1408 2471 1443 2539 ἡ
1493 2471 1646 2546 ψυχή
1707 2470 1812 2525 ἀπὸ
1867 2475 1965 2526 τοῦ

314 2558 596 2632 σώματος.
629 2561 692 2612 Ἥ
756 2558 849 2631 μέν
909 2559 1012 2634 γὰρ
1067 2558 1223 2637 φύσις
1282 2556 1440 2629 ἔδησε
1469 2559 1530 2614 τὸ
1580 2564 1740 2633 σῶμα
1796 2558 1847 2614 ἐν
1898 2563 1966 2634 τῇ

314 2650 496 2724 ψυχῇ.
528 2646 596 2703 Εἴ
637 2648 730 2721 μὲν
762 2647 862 2724 γὰρ
892 2647 1176 2722 κατείχετο
1205 2649 1267 2703 τὸ
1299 2652 1458 2722 σῶμα
1489 2649 1593 2703 ὑπὸ
1621 2656 1721 2718 τῆς
1763 2651 1974 2724 ψυχῆς⁹

316 2737 383 2792 οὒ
432 2733 723 2793 διαλέλυτο
783 2737 866 2794 ἄν.
925 2739 1082 2801 ’Όθεν
1142 2737 1193 2791 ἐν
1250 2742 1331 2810 τῷ
1389 2736 1598 2812 θανάτῳ
1656 2737 1844 2793 λύεται
1907 2739 1972 2794 τὸ

317 2831 482 2900 σῶμα
515 2827 618 2881 ἀπὸ
647 2833 748 2896 τῆς
776 2829 985 2902 ψυχῆς.
1018 2828 1079 2882 Ἠ
1111 2823 1168 2881 δέ
1197 2830 1351 2902 ψυχή
1401 2822 1588 2898 ἔδησεν
1647 2828 1840 2896 έαυτήν
1888 2832 1970 2900 τῷ

327 2915 542 2988 σώματι
577 2913 666 2970 διὰ
693 2920 802 2971 τῶν
832 2920 1040 2980 παθῶν.
1071 2917 1135 2972 Ἦ
1168 2915 1258 2971 οῦν
1292 2919 1443 2992 ψυχὴ
1478 2917 1676 2986 ἑαυτὴν
1708 2916 1827 2973 λόει
1868 2917 1975 2972 ἀπὸ

321 3004 424 3058 τοῦ
454 3005 725 3078 σώματος.
758 3004 872 3063 Καὶ
903 3008 939 3075 ἡ
975 3007 1068 3079 μέν
1103 3007 1256 3081 ψυχὴ
1319 3005 1456 3079 μέση
1513 3005 1622 3061 ἐστὶ
1685 3009 1780 3076 τῆς
1840 3006 1978 3079 ἀμε-

322 3093 515 3168 ρίστου
571 3095 656 3148 καὶ
713 3101 815 3164 τῆς
877 3101 1138 3170 μεριστῆς
1196 3094 1403 3157 οὐσίας.
1444 3092 1578 3150 Οῦτε
1642 3096 1744 3172 γὰρ
1804 3097 1976 3151 καθα-

319 3185 436 3256 ρῶς
468 3179 604 3236 ἐστιν
637 3181 931 3256 ἀμέριστος
980 3184 1008 3238 ὁ
1054 3187 1202 3250 νοῦς,
1235 3179 1359 3238 οὔτε
1414 3183 1586 3254 πάντη
1649 3184 1883 3260 ἀμερής,
1911 3185 1974 3239 τὸ

318 3274 482 3343 σῶμα
515 3268 573 3325 δὲ
615 3269 788 3342 πάντη
847 3272 1121 3347 μεριστόν.
1155 3271 1257 3328 Καὶ
1313 3273 1368 3326 αἱ
1424 3271 1714 3344 ποιότητες
1766 3273 1856 3329 καὶ
1907 3274 1975 3328 τὰ

315 3352 485 3414 ἔνυλα
546 3356 664 3430 εἶ’δη
717 3357 841 3434 περὶ
883 3360 945 3414 τὸ
993 3365 1152 3433 σῶμα
1204 3361 1450 3436 μεριστὰ,
1496 3361 1587 3416 καὶ
1645 3360 1819 3416 πάντα
1881 3362 1975 3436 μὶν

316 3447 374 3502 ἐν
402 3453 582 3506 πᾶσιν.
617 3447 778 3504 Ἀλλ’
809 3449 836 3503 ὁ
869 3449 965 3522 μὶν
1012 3454 1144 3514 νοῦς
1185 3454 1387 3527 νοερῶς
1438 3444 1554 3526 ἔχει
1602 3449 1793 3508 πάντα.
1826 3452 1887 3507 Ἡ
1919 3450 1976 3507 δέ

314 3538 473 3613 ψυχὴ
532 3535 796 3612 λογικῶς.
853 3538 924 3592 Τὸ
983 3535 1041 3593 δέ
1099 3538 1260 3616 φυτὸν
1338 3544 1740 3615 σπερματικῶς,
1796 3541 1859 3595 τὸ
1917 3537 1975 3595 δὲ

314 3630 482 3699 σῶμα
511 3627 578 3681 τὰ
607 3623 810 3682 εἷ’δωλα
840 3624 956 3703 ἔχει
984 3632 1091 3683 τῶν
1125 3624 1318 3698 ὄντων,
1344 3629 1371 3682 ὁ
1395 3627 1453 3684 δὲ
1481 3630 1610 3693 Θεὸς
1643 3629 1974 3701 ἀνεννοήτως

313 3715 409 3770 καὶ
442 3715 800 3792 ὑπερουσίως.

881 3807 994 3880 μη’.
1028 3806 1158 3883 Περὶ
1189 3806 1415 3882 ἀρετῶν.

396 3896 558 3968 Τρεῖς
589 3897 761 3969 τάξεις
794 3893 898 3950 εἷσὶ
953 3899 1060 3951 τῶν
1114 3895 1340 3970 ἀρετῶν.
1374 3897 1442 3952 Αἱ
1504 3897 1598 3970 μὲν
1647 3895 1749 3973 γὰρ
1801 3895 1975 3952 αὐτῶν

294 3988 570 4057 κοσμοῦσι
619 3986 711 4040 τὸν
764 3981 1048 4061 ἄνθρωπον
1079 3986 1112 4054 ἦ
1144 3986 1245 4055 τὴν
1292 3989 1389 4040 τοῦ
1439 3986 1692 4060 σώματος
1753 3987 1964 4062 ψυχὴν,

300 4072 362 4127 αἱ
393 4070 451 4128 δὲ
489 4073 808 4149 καθαίρουσι
851 4075 951 4143 τήν
1008 4075 1192 4151 ψυχὴν
1254 4074 1358 4129 ἀπὸ
1414 4072 1512 4130 τοῦ
1571 4075 1846 4149 σώματος,
1880 4075 1971 4130 καὶ

302 4163 687 4241 ἐπιστρέφουσι
746 4164 884 4240 πρὸς
944 4165 1162 4235 ἑαυτὴν,
1223 4163 1422 4228 α’ίτινες
1485 4165 1575 4220 καὶ
1643 4166 2004 4241 καθαρτικαὶο

307 4251 632 4312 καλοῦνται.
683 4253 752 4311 Αἱ
808 4251 866 4309 δὲ
927 4253 1152 4317 τελείως
1201 4260 1546 4329 καθαρθεῖσαι
1602 4255 1702 4323 τήν
1757 4255 1974 4331 ψυχὴν,

315 4341 735 4418 ἁπασχολοῦσιν
769 4342 844 4406 εἷς
886 4343 1114 4420 θεωρίαν
1164 4348 1269 4399 τῶν
1318 4348 1554 4416 νοητῶν,
1587 4342 1787 4409 αἳτινες
1844 4356 1974 4409 θεω-

319 4431 543 4507 ρητικαὶ
629 4432 720 4488 καὶ
801 4433 984 4508 νοεραὶ
1065 4432 1446 4508 ὀνομάζονται.
1508 4435 1608 4491 Καὶ
1669 4431 1813 4506 ἄλλη
1877 4435 1970 4508 μέν

307 4519 472 4595 ἀρετή
507 4525 666 4591 Θεοῦ,
699 4519 846 4594 ἄλλη
884 4520 946 4578 δὲ
979 4521 1231 4600 ἀγγέλου,
1264 4519 1410 4594 ἄλλη
1446 4519 1503 4578 δὲ
1535 4524 1849 4598 ἀνθρώπου.
1886 4525 1976 4588 Ὠς

2094 1929 2306 2002 tiones,
2338 1935 2395 1986 et
2442 1933 2847 2004 purgatorium
2888 1934 3173 1990 virtutum
3228 1935 3512 2008 studium,
3546 1937 3755 1993 dicun-

2091 2025 2306 2092 turque
2340 2021 2516 2077 medii
2547 2023 2799 2094 generis,
2833 2023 2974 2094 quia
3014 2023 3208 2080 media
3237 2023 3358 2081 haec
3390 2025 3582 2097 posita
3613 2031 3757 2083 sunt

2092 2108 2246 2166 inter
2275 2109 2678 2183 intelligibiles
2707 2116 2762 2168 et
2793 2111 3120 2184 opinabiles
3153 2113 3432 2171 rationes.

2234 2217 2324 2271 47.
2359 2215 2546 2274 Utrum
2575 2233 2770 2289 corpus
2804 2219 3016 2294 anima,
3049 2237 3120 2274 an
3161 2221 3353 2276 anima
3381 2237 3614 2294 corpore

2777 2291 3028 2345 solvatur
3049 2293 3074 2342 γ

2165 2375 2428 2433 Naturali
2459 2381 2645 2434 morte
2676 2395 2890 2450 corpus
2931 2379 3002 2434 ab
3057 2378 3274 2449 anima,
3309 2381 3409 2437 sed
3443 2386 3628 2439 morte
3659 2383 3753 2439 in-

2091 2464 2386 2538 telligibili
2437 2466 2635 2523 anima
2681 2467 2924 2524 solvitur
2956 2486 2989 2524 a
3027 2483 3290 2541 corpore.
3321 2470 3545 2528 Natura
3591 2471 3750 2531 enim

2093 2571 2306 2626 corpus
2358 2555 2566 2610 animae
2607 2555 2889 2627 alligavit.
2921 2561 3051 2613 Jam
3085 2559 3132 2613 si
3164 2575 3378 2631 corpus
3428 2561 3500 2617 ab
3549 2561 3749 2620 animo.

2091 2647 2412 2710 teneretur,
2448 2659 2560 2697 non
2585 2643 2925 2700 solveretur.
2956 2644 3215 2700 Solvitur
3244 2645 3445 2718 itaque
3474 2647 3533 2702 in
3560 2653 3752 2705 morte

2093 2732 2166 2787 ab
2187 2731 2386 2788 anima
2408 2749 2642 2804 corpus.
2662 2735 2733 2788 At
2753 2734 2905 2789 enim
2928 2733 3125 2789 anima
3147 2751 3211 2790 se
3234 2734 3492 2807 alligavit
3515 2737 3751 2810 corpori

2094 2837 2193 2892 per
2225 2821 2486 2891 allectus,
2513 2821 2918 2894 animajgitur
2947 2823 3123 2878 etiam
3154 2824 3410 2895 seipsam
3443 2842 3477 2880 a
3507 2841 3751 2898 corpore

2093 2910 2266 2966 solvit
2296 2927 2360 2966 ac
2393 2911 2623 2966 liberat.
2653 2915 2721 2968 Et
2758 2911 2956 2968 anima
2987 2911 3224 2982 quidem
3257 2913 3449 2970 media
3476 2919 3567 2971 est
3593 2915 3752 2973 inter

2093 2999 2410 3056 essentiam
2436 3001 2514 3055 im
2527 3000 2857 3072 partibilem
2882 3001 3357 3075 partibilemque,
3380 3020 3567 3076 neque
3590 3005 3748 3063 enim

2094 3105 2262 3145 mens
2319 3105 2461 3161 pure
2519 3088 2920 3160 impartibilis,
2954 3107 3142 3162 neque
3199 3092 3458 3162 partium
3507 3095 3747 3151 omnino

2093 3194 2298 3250 expers
2328 3183 2440 3244 est,
2473 3195 2684 3250 corpus
2735 3183 2928 3235 autem
2960 3181 3200 3235 omnino
3232 3186 3320 3236 est
3351 3181 3643 3252 partibile.
3679 3184 3746 3240 Et

2087 3267 2399 3338 qualitates
2429 3268 2774 3341 speciesque
2821 3267 3152 3325 materiales
3183 3268 3243 3324 in
3283 3287 3525 3342 corpore
3560 3273 3741 3344 parti-

2081 3357 2228 3413 biles
2276 3362 2420 3413 sunt
2452 3359 2668 3430 quaevis
2709 3358 2767 3413 in
2799 3357 3183 3429 quibuslibet.
3218 3359 3329 3414 Sed
3379 3375 3547 3416 mens
3576 3378 3739 3434 quaa-

2081 3464 2314 3520 cunque
2344 3448 2539 3517 hzbet,
2564 3449 2741 3504 habet
2765 3448 3143 3520 intelligibili,
3168 3450 3367 3506 anima
3397 3451 3738 3508 rationabili

2081 3540 2328 3606 ratione,
2386 3538 2588 3610 planta
2634 3555 2768 3595 vero
2819 3539 3206 3595 seminaliter.
3239 3539 3462 3612 Corpus
3514 3542 3742 3599 entium

2080 3629 2353 3684 umbram
2382 3629 2820 3700 imaginemque
2851 3628 3044 3696 refert,
3070 3629 3224 3685 Deus
3247 3645 3380 3686 vero
3405 3647 3586 3702 supra
3615 3649 3737 3690 om-

2079 3733 2212 3774 nem
2245 3717 2608 3774 intellectum
2645 3722 2701 3773 et
2739 3717 3056 3774 essentiam
3087 3723 3178 3773 est
3207 3719 3589 3776 constitutus.

2639 3807 2722 3861 48.
2759 3808 2832 3862 De
2862 3809 3182 3862 virtutibus.

2150 3897 2291 3954 Tres
2331 3901 2473 3953 sunt
2519 3897 2752 3953 ordines
2785 3897 3084 3952 virtutum.
3119 3897 3260 3952 Alia:
3312 3903 3597 3954 exornant
3628 3899 3738 3956 ho-

2081 3987 2301 4044 minem
2345 3988 2466 4042 sive
2514 3986 2774 4043 animam
2805 3986 3031 4058 corpori
3075 3986 3367 4055 junctam.
3403 3984 3546 4044 Aliae
3595 4005 3734 4061 pur-

2083 4083 2225 4150 gant
2262 4077 2520 4134 animam
2553 4097 2586 4133 a
2614 4094 2874 4150 corpore,
2906 4083 2964 4132 et
2993 4077 3052 4132 in
3085 4077 3339 4149 seipsam
3394 4079 3600 4135 reverti
3633 4081 3735 4137 do-

2083 4171 2237 4234 cent,
2270 4172 2668 4238 vocanturque
2715 4167 3084 4239 purgatoriaz.
3125 4167 3267 4221 Aliae
3318 4169 3566 4238 perfecte
3597 4187 3737 4242 pur-

2083 4263 2277 4330 gatam
2310 4261 2566 4315 animam
2598 4258 2842 4314 trahunt
2872 4259 2943 4312 ad
2987 4256 3541 4327 contemplationem
3573 4261 3739 4316 intel-

2080 4347 2418 4420 ligibilium,
2450 4353 2508 4404 et
2557 4348 2834 4404 dicuntur
2878 4347 3210 4403 theoreticzs
3247 4353 3421 4420 atque
3469 4349 3732 4406 intellec-

2081 4436 2290 4494 tuales.
2324 4437 2453 4494 Alia
2483 4455 2655 4509 porro
2705 4436 2892 4493 virtus
2939 4441 3028 4492 est
3075 4436 3197 4504 Dei,
3233 4438 3420 4509 angeli
3455 4439 3589 4510 alia,
3621 4439 3737 4496 alia

2081 4525 2361 4582 hominis.
2393 4526 2465 4582 Ut
2496 4525 2650 4581 enim
2681 4525 2948 4581 essentia:
2980 4530 3120 4581 sunt
3150 4527 3411 4597 diversae,
3445 4528 3528 4583 ita
3557 4529 3733 4586 etiam

306 4610 414 4684 γὰρ
445 4611 500 4664 αἱ
534 4610 714 4666 οὐσίαι
761 4611 939 4666 αὐτῶν
989 4608 1263 4689 διάφοροι,
1310 4611 1457 4667 οὕτω
1506 4613 1596 4667 καὶ
1647 4613 1700 4667 αἱ
1759 4611 1964 4690 ἀρεταί.

2093 4615 2343 4671 rirtutes.
2369 4620 2555 4686 Atque
2584 4614 2784 4670 anima
2813 4615 3047 4686 pr0prie
3073 4620 3163 4671 est
3194 4615 3526 4687 diciturque
3558 4617 3735 4673 ratio-

313 4697 418 4754 Καὶ
469 4699 623 4774 ψυχὴ
681 4699 778 4772 μὶν
825 4699 1028 4772 κυρίως
1057 4703 1091 4768 ἡ
1126 4699 1326 4776 λογική
1363 4699 1473 4756 ἐστί
1501 4723 1561 4756 τε
1615 4702 1706 4757 καὶ
1764 4700 1972 4775 ὀνομά-

316 4791 482 4857 ζεται,
512 4789 576 4842 τὸ
607 4785 665 4842 δὲ
702 4789 834 4863 ὑπὲρ
883 4791 980 4859 τήν
1030 4791 1238 4865 ψυχὴν,
1271 4794 1420 4853 νοῦς.
1451 4791 1521 4845 Τὸ
1573 4788 1630 4846 δὲ
1687 4792 1822 4865 μετᾶ
1867 4793 1966 4861 τὴν

314 4873 549 4951 λογικὴν
591 4879 801 4953 ψυχήν,
844 4876 1044 4954 ἄλογος
1092 4881 1272 4956 ψυχὴ,
1320 4879 1410 4935 καὶ
1469 4878 1699 4936 εἷ’δωλον
1759 4883 1966 4957 ψυχῆς.

312 4968 520 5032 Πάσαις
581 4966 638 5024 δὲ
677 4975 796 5033 ταῖς
840 4975 950 5026 τῶν
993 4969 1240 5048 ἀγγέλων
1288 4971 1495 5043 τάξεσιν
1541 4974 1576 5042 ἡ
1608 4971 1771 5049 ἀρετὴ
1831 4993 1968 5045 συμ-

310 5055 578 5131 πρόεισιν,
613 5056 814 5123 ἄνωθεν
875 5060 980 5114 ἀπὸ
1037 5065 1143 5115 τῶν
1210 5062 1475 5137 σεραφεῖμ
1527 5063 1843 5138 ἀρχομένη.
1903 5063 1966 5120 Ὀ

307 5145 410 5222 γὰρ
442 5146 574 5209 Θεὸς
622 5147 712 5202 καὶ
744 5147 991 5204 ἐπέκεινα
1021 5148 1216 5225 ἀρετῆς
1244 5150 1334 5205 καὶ
1363 5151 1565 5214 παντὸς
1626 5151 1825 5226 ἀγαθοῦ
1875 5150 1966 5206 καὶ

308 5235 492 5307 πάσης
521 5233 898 5310 τελειότητος.

870 5353 975 5420 μθ’.
1009 5344 1140 5421 Περὶ
1174 5346 1401 5420 ἀρετῶν.

380 5435 472 5507 Ἓξ
507 5433 638 5490 εἰσὶν
678 5436 730 5491 οἱ
759 5440 869 5492 τῶν
901 5436 1105 5513 ἀρετῶν
1161 5435 1383 5511 βαθμοί.
1416 5441 1570 5492 ’Ἐστι
1618 5437 1719 5512 γὰρ
1775 5438 1810 5507 ἡ
1869 5436 1962 5511 μέν

313 5543 399 5586 τις
443 5525 643 5602 φυσική
703 5525 894 5600 ἀρετὴ,
925 5524 1047 5596 ἥτις
1077 5525 1164 5581 καὶ
1199 5523 1251 5580 ἐν
1285 5524 1503 5600 θηρίοις
1544 5525 1868 5600 εὑρίσκεται.
1901 5527 1964 5584 Ἥ

318 5607 375 5667 δὲ
403 5612 595 5682 ἠθικὴ,
627 5614 687 5683 ἣν
722 5607 852 5668 ἔνιοι
883 5613 973 5669 καὶ
1002 5615 1109 5670 τῶν
1147 5609 1484 5669 ἀπαιδεύτων
1537 5610 1778 5689 ἔχουσιν.
1812 5615 1877 5672 Ἠ
1910 5612 1966 5671 ὃὶ

317 5700 577 5773 πολιτικὴ
612 5705 647 5773 ἡ
679 5703 815 5778 μετᾶ
844 5699 1010 5780 λόγου
1039 5703 1134 5758 καὶ
1174 5704 1490 5780 φρονήσεως
1535 5701 1962 5781 κατορθουμένη.

2085 4704 2319 4775 nabilia,
2342 4708 2400 4759 et
2428 4705 2583 4776 quod
2615 4721 2794 4775 supra
2815 4703 3070 4759 animam
3106 4708 3214 4771 est,
3242 4722 3408 4759 mens
3439 4709 3528 4760 est
3559 4709 3733 4777 atque

2078 4792 2430 4849 intellectus.
2467 4793 2623 4848 Infra
2653 4793 2911 4848 animam
2947 4792 3350 4848 rationabilem
3385 4798 3472 4848 est
3504 4794 3734 4850 irratio-

2080 4881 2295 4938 nabilis
2332 4881 2549 4947 anima,
2584 4883 2911 4953 animisque
2947 4881 3136 4952 imago
3167 4881 3288 4936 sive
3333 4881 3577 4937 idolum.
3611 4889 3730 4938 An-

2078 4969 2343 5041 gelorum
2375 4969 2682 5025 ordinibus
2713 4969 3161 5039 quibuscunque
3192 4969 3263 5022 ab
3289 4968 3595 5040 Seraphim
3630 4985 3730 5025 uso

2079 5077 2191 5130 que
2250 5059 2654 5115 descendendo
2711 5058 2954 5112 virtutes
3014 5073 3130 5112 suae
3188 5061 3538 5130 congruunt.
3574 5058 3729 5116 Deus

2077 5149 2256 5205 etiam
2305 5165 2485 5220 supra
2513 5148 2786 5202 virtutem
2819 5150 2876 5202 et
2905 5146 3125 5202 bonum
3158 5162 3332 5203 omne
3373 5152 3549 5219 atque
3599 5164 3728 5220 per-

2077 5237 2326 5294 fectione
2355 5236 2515 5292 omni
2547 5240 2637 5292 est
2666 5235 2956 5307 superior.

2627 5345 2715 5397 49.
2747 5344 2820 5398 De
2851 5343 3170 5398 virtutibus.

2146 5435 2258 5490 Sex
2315 5437 2451 5488 sunt
2491 5433 2776 5487 virtutum
2834 5434 3072 5504 gradus.
3105 5431 3250 5487 Nam
3311 5433 3482 5489 datur
3540 5434 3726 5491 virtus

2074 5524 2337 5599 physica,
2371 5521 2564 5595 qualis
2597 5527 2652 5577 et
2697 5523 2754 5577 in
2788 5522 2990 5578 bestiis
3024 5523 3327 5594 reperitur,
3353 5527 3480 5578 tum
3511 5524 3724 5591 ethice,

2075 5632 2202 5687 quas
2232 5613 2403 5669 etiam
2437 5617 2527 5668 est
2558 5611 2616 5667 in
2649 5611 2992 5670 hominibus
3041 5611 3203 5668 nulla
3233 5612 3500 5668 doctrina
3528 5613 3725 5667 imbu-

2073 5705 2182 5774 tis;
2217 5707 2393 5776 atque
2426 5701 2682 5776 politica,
2707 5717 2835 5775 quae
2860 5703 3082 5760 ratione
3114 5707 3170 5759 et
3200 5701 3510 5776 prudentia
3542 5701 3728 5758 utitur
