4046 6144
298 319 416 381 719

1636 309 2056 374 MICHAELIS
2102 312 2376 384 PSELLI

3598 333 3718 393 720

299 454 371 508 ad
406 455 559 507 recte
610 451 936 523 agendum;
973 449 1330 520 purgatoria,
1365 466 1490 520 quae
1522 450 1592 504 ab
1652 451 1955 506 affectibus

2072 451 2131 504 Ἠ
2189 451 2245 509 δὲ
2300 463 2621 536 καθαρτικὴ,
2653 465 2688 532 ἡ
2746 464 3074 540 καθαίρουσα
3127 465 3219 518 τὸν
3275 464 3555 540 ἄνθρωπον
3611 466 3716 522 ἀπὸ

295 542 579 614 omnibus
611 539 908 596 hominem
933 539 1173 607 liberat;
1205 539 1522 594 theoretica
1545 555 1674 610 qua)
1705 545 1959 594 mentem

303 633 762 702 contemplatur,
799 634 858 682 et
887 629 1216 698 Theurgica
1247 629 1522 700 denique,
1555 645 1683 700 qua:
1714 629 1771 683 id
1805 629 1960 701 quod

294 714 362 792 'in
399 721 600 775 anima
647 724 848 774 nostra
888 718 1154 773 divinum
1205 719 1458 773 maxime
1506 724 1595 774 est
1641 720 1874 789 excitat,
1907 723 1965 774 et

303 814 418 865 Deo
466 809 579 880 ipsi
631 809 782 866 unit.
819 807 1199 877 divinumque
1247 808 1306 860 in
1356 807 1556 862 anima
1602 809 1858 863 furorem
1905 812 1962 862 et

301 900 781 954 enthusiasmum
807 902 1016 951 movet.
1045 895 1269 950 Dantur
1292 897 1470 951 etiam
1497 913 1676 968 supra
1699 897 1805 951 has
1835 896 1960 950 aliae

300 988 678 1043 sublimiores
709 987 978 1053 virtutes,
1012 1002 1139 1056 quis
1167 992 1307 1040 sunt
1337 991 1680 1041 caeterarum
1713 987 1959 1040 islarum

304 1076 591 1148 exempla,
624 1091 870 1146 quaeque
918 1091 1151 1129 omnem
1205 1075 1602 1129 substantiam
1651 1090 1960 1147 supergre-

304 1166 568 1236 diuntur,
604 1181 788 1235 neque
835 1168 976 1219 sunt
1015 1163 1363 1228 accidentia,
1394 1165 1479 1218 uti
1531 1163 1745 1219 accidit
1791 1164 1960 1219 nobis

303 1259 544 1311 caateras
573 1254 822 1309 virtutes
863 1255 1089 1322 adesse,
1123 1268 1324 1308 verum
1373 1258 1513 1308 sunt
1557 1251 1959 1325 intelligibiles

301 1350 359 1401 et
390 1341 995 1416 supersubstantiales
1027 1341 1315 1398 essentia.

855 1454 946 1506 50.
980 1453 1054 1507 De
1082 1452 1404 1507 virtutibus.

371 1547 514 1602 Tres
574 1547 714 1599 sunt
760 1542 1005 1596 virtutes
1052 1557 1180 1611 quae
1238 1541 1540 1596 hominem
1599 1540 1953 1612 perficiunt:

302 1636 588 1693 sanctitas
618 1634 734 1688 Deo
783 1631 1009 1704 operari
1061 1631 1326 1696 studens,
1360 1630 1656 1700 vitamque
1696 1630 1957 1686 hominis

303 1725 543 1779 Numini
577 1736 959 1787 consecrans;
995 1718 1180 1773 altera
1215 1719 1470 1788 justitia,
1503 1736 1630 1790 quae
1664 1719 1956 1773 inferiori-

2070 546 2267 609 παντὸς
2329 552 2556 613 πάθους.
2602 554 2666 609 Ἠ
2721 550 2778 608 δὲ
2835 553 3143 628 θεωρητικὴ
3202 557 3236 622 ἡ
3293 555 3568 629 θεωροῦσα
3623 556 3714 610 τὸν

2070 640 2220 690 νοῦν.
2283 639 2343 691 Ἠ
2401 638 2458 694 δὲ
2508 643 2798 718 θεουργική
2860 645 2895 711 ἠ
2954 643 3017 697 τὸ
3074 644 3348 698 θειότατον
3407 647 3567 716 ἡμῶν
3617 647 3716 713 τῆς

2069 728 2258 800 ψυχῆς
2291 729 2631 805 ἀνεγείρουσα
2677 732 2765 786 καὶ
2826 732 2974 804 αύτῷ
3031 731 3280 802 ἐνίζουσα
3334 739 3414 806 τῷ
3454 739 3593 806 Θεῷ,
3625 736 3712 790 καὶ

2067 814 2165 895 ’τήν
2201 816 2346 877 θείαν
2378 817 2662 894 ἐνεργοῦσα
2697 820 2907 893 μανίαν.
2940 820 3060 876 Είσὶ
3094 819 3151 876 δὲ
3179 821 3267 876 καὶ
3319 821 3563 877 ἰπὲκεινα
3590 825 3717 880 τού-

2069 922 2176 956 των
2205 900 2382 979 ἕτεραι
2433 907 2638 980 ἀρεταὶ,
2673 909 2725 962 αἱ
2783 910 2877 982 μὲν
2925 910 3091 966 οἱονεὶ
3151 908 3561 986 παραδείγματα
3606 917 3714 967 τῶν

2073 989 2285 1046 λοιπῶν
2345 995 2571 1071 ἀρετῶν,
2606 997 2659 1052 αἱ
2720 995 2776 1052 δὲ
2835 999 2965 1070 ὑπὲρ
3025 1004 3196 1054 πᾶσαν
3247 999 3449 1056 οὐσίαν.
3509 1000 3716 1064 Α’ίτινες

2071 1081 2135 1133 ού
2227 1079 2612 1155 συμϐεϐηκότα
2691 1086 2826 1142 εἰσὶν
2930 1086 3110 1163 ὥσπερ
3214 1084 3712 1163 ἑπισυμϐεϐήκασιν

2069 1171 2205 1241 ἡμῖν
2235 1173 2289 1225 αἱ
2341 1170 2532 1230 λοιπαῖ
2565 1177 2771 1252 ἀρεταὶ,
2804 1176 2932 1233 ἀλλ’
2962 1177 3137 1232 οὐσίαι
3194 1180 3368 1250 νοεραὶ
3427 1179 3513 1233 καὶ
3580 1180 3714 1255 ὑπερ

2112 1258 2124 1277 .

2071 1279 2266 1317 ουσιοι.

2571 1447 2634 1502 ν’.
2666 1448 2783 1502 Ἔτι
2813 1445 2939 1521 περί
2968 1446 3194 1522 ἀρετῶν.

2139 1533 2302 1604 Τρεῖς
2358 1532 2489 1587 εἰσιν
2547 1535 2601 1588 αἱ
2660 1535 2843 1606 ἀρεταὶ
2903 1537 2958 1590 αἱ
3005 1535 3310 1593 τελειοῦσαί
3355 1539 3446 1593 τὸν
3498 1536 3714 1612 ἅνθρω-

2066 1640 2187 1674 πον·
2224 1620 2698 1698 ὁσιότης,ἡπρὸς
2753 1625 2845 1680 τὸν
2905 1627 3032 1681 Θεὸν
3093 1626 3322 1704 ἐνεργεῖν
3383 1625 3710 1698 σπεύδουσα,

2067 1711 2180 1763 οἷον
2215 1712 2247 1778 ἡ
2282 1711 2582 1785 ἀφοσιοῦσα
2608 1716 2707 1783 τήν
2740 1719 2836 1768 τοῦ
2888 1715 3174 1790 ἀνθρώπου
3237 1717 3379 1785 ζωῆν
3436 1721 3515 1788 τῷ
3571 1723 3711 1791 Θεῷο

303 1817 415 1868 bus
459 1813 789 1884 prospicere
839 1808 1090 1879 satagit;
1143 1813 1199 1862 et
1247 1810 1419 1862 tertia
1467 1809 1799 1879 prudentia,
1832 1826 1955 1877 qua

2072 1796 2312 1874 δεύτερον
2345 1799 2657 1872 δικαιοσύνη
2689 1805 2723 1872 ἠ
2764 1805 2863 1871 τὴν
2893 1804 3151 1880 πρόνοιαν
3206 1810 3315 1860 τῶν
3371 1803 3713 1862 καταδεεστέ-

289 1906 550 1968 conatur
597 1905 865 1971 respectu
899 1897 1083 1952 nostri
1133 1897 1322 1966 ipsius
1351 1898 1531 1951 vitam
1564 1897 1960 1966 intelligenter

304 1992 631 2046 instituere.
665 1988 917 2043 Unimur
967 1987 1149 2056 igitur
1188 2003 1291 2056 per
1335 1987 1707 2041 sanctitatem
1755 1987 1870 2041 Deo
1902 1991 1960 2041 et

306 2082 430 2147 uni,
463 2096 564 2152 per
599 2077 896 2149 justitiam
947 2075 1066 2130 illis
1121 2077 1220 2146 qui
1266 2075 1556 2130 inferioris
1605 2076 1958 2130 conditionis

303 2175 444 2224 sunt
503 2167 899 2240 providemus,
949 2168 1005 2218 et
1062 2180 1163 2233 per
1206 2163 1577 2234 prudentiam
1627 2164 1959 2235 cognitione

303 2275 418 2314 non
451 2257 676 2328 vulgari
711 2254 1058 2309 imbuimur.
1093 2255 1246 2323 Aque
1277 2253 1471 2308 ethica
1500 2252 1687 2308 virtus
1719 2253 1957 2323 quidem

301 2367 335 2404 a
374 2345 687 2418 prudentia
735 2342 1147 2414 proﬁciscitur,
1181 2357 1370 2411 neque
1419 2347 1616 2396 tamen
1667 2359 1769 2412 per
1819 2358 1955 2412 pru-

299 2437 560 2492 dentiam
591 2438 886 2504 operatur,
912 2431 1013 2486 sed
1038 2436 1414 2501 comparatur
1446 2446 1548 2499 per
1574 2447 1747 2484 usum
1783 2429 1957 2503 longo

301 2533 585 2596 tempore.
618 2523 902 2578 Caeterum
935 2527 1056 2576 tam
1089 2521 1287 2575 divina
1336 2527 1426 2575 est
1458 2527 1667 2576 natura
1698 2521 1957 2592 virtutis,

297 2620 363 2670 ut
393 2631 497 2685 per
547 2613 743 2667 omnia
792 2611 951 2664 entia
999 2610 1295 2680 pervadat.
1330 2608 1514 2663 Datur
1564 2610 1721 2665 enim
1772 2610 1960 2666 virtus

318 2701 794 2775 supraccelestis,
863 2697 1271 2770 coalestisque,
1333 2698 1838 2768 supramundialis
1923 2716 1954 2754 e

297 2791 621 2860 mundana,
654 2787 926 2844 mentalis
957 2793 1013 2841 et
1041 2789 1267 2854 animae,
1299 2786 1560 2857 angelica
1593 2786 1731 2843 item
1761 2793 1964 2859 atquct

302 2883 584 2938 humana.
619 2879 800 2934 Datur
850 2875 1026 2932 etiam
1079 2877 1207 2930 fons
1257 2875 1562 2942 virtutum,
1594 2892 1770 2946 quem
1818 2881 1962 2931 tunc

305 2985 724 3041 assequemur,
782 2966 1015 3036 quando
1083 2963 1413 3036 cognitione
1483 2963 1718 3036 partiali
1777 2966 1960 3021 missa

302 3061 476 3126 facta,
507 3055 997 3130 perfectissimam
1020 3053 1292 3108 virtutem
1327 3059 1459 3108 actu
1490 3057 1547 3108 et
1575 3069 1748 3124 opere
1769 3054 1957 3126 expri-

307 3165 554 3205 memus.

789 3237 880 3292 51.
912 3234 1098 3290 Adhuc
1141 3233 1207 3288 de
1234 3235 1460 3288 virtute.

370 3328 711 3385 Aristoteles
735 3324 1121 3398 philosophus
1143 3328 1399 3392 quatuor
1426 3320 1729 3392 generales
1758 3337 1959 3377 nume-

301 3427 391 3475 rat
429 3420 673 3473 virtutes
710 3433 721 3472 :
758 3413 1158 3487 prudentiam,
1183 3411 1503 3480 justitiam,
1550 3410 1956 3465 fortitudinem

296 3516 353 3566 et
384 3507 865 3579 temperantiam.
901 3504 971 3557 Et
1004 3501 1374 3572 prudentiam
1408 3499 1643 3570 quidem
1679 3499 1854 3554 rel'ert
1885 3499 1955 3553 ad

299 3597 689 3661 intellectum,
723 3601 961 3647 caeteras
993 3607 1123 3644 vero
1157 3594 1272 3643 tres
1321 3588 1392 3642 ad
1444 3587 1785 3658 passibilem
1819 3588 1956 3642 ell‘e-

299 3687 610 3756 ctibusque
641 3682 955 3737 obnoxiam
998 3678 1205 3734 animae
1239 3682 1486 3748 partem.
1519 3677 1708 3746 Atque
1740 3677 1820 3731 ita
1853 3691 1958 3732 nec

303 3775 676 3849 prudentiam
720 3770 984 3843 passibili
1035 3767 1184 3839 parti
1239 3765 1468 3832 tribuit,
1503 3782 1692 3835 neque
1723 3772 1957 3820 caeteras

297 3875 419 3922 tres
473 3867 719 3918 virtutes
768 3861 828 3914 in
877 3859 1180 3913 intellectu
1242 3854 1506 3910 collocat.
1539 3854 1701 3909 Plato
1758 3859 1954 3909 autem

302 3961 557 4028 quatuor
585 3954 870 4006 virtutum
898 3947 1203 4003 constituit
1224 3944 1477 4012 ordines,
1502 3961 1532 3998 e
1563 3943 1779 4014 quibus
1811 3945 1956 3999 alias

301 4049 468 4099 vocat
501 4041 767 4112 politicas
789 4056 914 4108 quae
949 4035 1167 4091 homini
1203 4034 1260 4087 in
1285 4033 1401 4087 vita
1420 4033 1678 4087 versanti
1708 4037 1957 4103 possunt

303 4149 432 4186 esse
464 4133 807 4185 ornamento
837 4143 850 4180 :
887 4123 1256 4197 purgatorias
1295 4121 1466 4188 alias,
1492 4120 1756 4192 aliasque
1789 4122 1953 4176 theo-

303 4221 536 4276 reticas.
569 4217 770 4273 Furori
801 4221 995 4271 autem
1029 4211 1291 4284 proxima
1321 4210 1503 4265 virtus
1535 4227 1567 4263 a
1596 4209 1835 4265 Platone
1867 4211 1953 4265 di-

303 4312 456 4368 citur
485 4327 614 4383 quae
644 4310 759 4364 Deo
793 4308 1050 4378 agitante
1091 4309 1179 4358 est
1214 4301 1497 4356 instincta
1527 4299 1952 4368 enthusiasmo,

299 4404 680 4471 animamque
710 4398 846 4454 facit
869 4395 1022 4450 circa
1043 4391 1240 4447 divina
1263 4390 1558 4454 exardere,
1583 4393 1639 4443 et
1658 4387 1950 4456 bacchari,

300 4496 583 4562 tanquam
616 4487 789 4560 plena
832 4482 1219 4540 commotione
1249 4480 1444 4534 divina
1473 4483 1528 4533 et
1558 4477 1855 4550 limphatie
1887 4496 1951 4533 ac

2069 1908 2183 1962 ριον
2212 1894 2462 1945 ποιοῦσα·
2495 1891 2756 1968 φρόνησις
2785 1895 2820 1962 ἡ
2852 1894 2988 1966 πρὸς
3019 1897 3166 1966 ἡμᾶς
3197 1893 3391 1957 αὐτοὺς
3422 1895 3519 1962 τὴν
3565 1899 3710 1965 ζωὴν

2065 1979 2254 2052 γοερὰν
2303 1979 2692 2056 ἀπεργάζεσθαι
2757 1981 3089 2056 βουλομένη.
3143 1984 3246 2039 Καὶ
3299 1985 3400 2059 γὰρ
3456 1983 3719 2057 ἐνούμεθα

2066 2067 2202 2121 κατὰ
2249 2070 2349 2136 τήν
2409 2069 2666 2140 ὁσιότητα
2717 2072 2852 2145 πρὸς
2904 2072 2994 2126 τὸν
3038 2074 3166 2128 Θεὸν
3198 2072 3286 2128 καὶ
3314 2074 3376 2128 τὸ
3406 2073 3481 2142 ἓν,
3514 2095 3715 2149 προνο-

2069 2163 2233 2229 οῦμεν
2261 2157 2316 2213 δὶ
2346 2164 2452 2214 τῶν
2497 2158 2801 2216 ἐλαττόνων
2847 2163 2983 2218 κατὰ
3030 2165 3090 2218 τὸ
3141 2162 3371 2220 δίκαιον.
3405 2169 3608 2220 Γνῶσιν
3660 2163 3718 2221 δὶ

2069 2246 2304 2322 ἄῤῥητον
2338 2245 2540 2323 ἔχομεν
2573 2251 2710 2304 κατὰ
2745 2252 2843 2320 τὴν
2879 2247 3162 2325 φρόνησιν,
3195 2255 3255 2308 Ἡ
3309 2252 3491 2327 μέντοι
3549 2255 3715 2324 ἠθική

2069 2337 2231 2410 ἀρετὴ
2284 2337 2389 2392 ἀπὸ
2438 2341 2754 2416 φρονήσεως
2788 2341 2881 2414 μὶν
2914 2341 3181 2416 πρόεισιν,
3217 2341 3277 2397 οὐ
3339 2343 3523 2415 μέντοι
3586 2344 3719 2416 μετά

2069 2425 2384 2499 φρονήσεως
2446 2427 2666 2503 ἐνεργεῖ,
2724 2428 2870 2485 ἀλλὰ
2913 2426 3078 2505 τριϐῇ
3160 2430 3368 2506 χρονίῳ
3428 2431 3715 2508 ἐγγίνεται.

2069 2517 2254 2585 Διήκει
2304 2513 2360 2570 δὲ
2413 2519 2448 2586 ἡ
2506 2525 2606 2588 τῆς
2658 2518 2852 2594 ἀρετῆς
2935 2520 3151 2590 θειότης
3209 2517 3296 2574 διὰ
3355 2523 3565 2576 πάντων
3607 2526 3714 2576 τῶν

2071 2599 2261 2661 ὄντων.
2323 2607 2472 2660 Ἐστι
2517 2609 2616 2681 γὰρ
2670 2607 2758 2662 καὶ
2819 2609 3211 2686 ὑπερουράνιος
3253 2611 3416 2686 ἀρετὴ
3470 2611 3560 2665 καὶ
3629 2612 3715 2666 ού-

2071 2697 2288 2769 ράνιος’
2330 2693 2420 2749 καί
2475 2696 2838 2771 ὑπερκόσμιος
2893 2697 2981 2753 καὶ
3038 2699 3352 2773 ἐγκόσμιος,
3410 2699 3498 2754 καὶ
3555 2700 3716 2776 νοερὰ

2067 2785 2154 2838 καὶ
2187 2786 2422 2858 ψυχικὴ,
2453 2784 2542 2839 καὶ
2595 2784 2860 2860 ἁγγελική
2909 2786 2998 2842 καὶ
3042 2787 3381 2862 ἀνθρωπική.
3417 2795 3568 2844 ’Ἐστι
3625 2789 3714 2845 καὶ

2067 2874 2218 2947 πηγὴ
2277 2875 2502 2948 ἀρετῶν,
2559 2877 2625 2943 ἧς
2677 2877 2800 2931 τότε
2865 2873 3378 2951 καταλαμϐάνομεν,
3433 2878 3557 2934 ὅταν
3614 2879 3713 2948 τήν

2072 2963 2330 3036 μεριστὴν
2407 2963 2629 3040 ἀφέντες
2704 2964 2916 3035 νόησιν,
2992 2965 3358 3039 τελειωτάτην
3428 2967 3711 3040 σύμπασαν

2068 3053 2261 3128 ἀρετὴν
2297 3051 2677 3127 ἐνεργήσομεν.

2554 3241 2650 3290 va‘.
2685 3236 2802 3290 Ἔτι
2841 3235 2965 3310 περὶ
2997 3237 3220 3312 ἀρετῶν.

2140 3320 2524 3394 Ἀριστοτέλης
2555 3325 2647 3396 μὲν
2682 3325 2709 3378 ὁ
2742 3322 3045 3402 φιλόσοφος
3095 3325 3352 3401 τέσσαρας
3379 3327 3593 3401 γενικὰς
3643 3325 3718 3400 ἰξ-

2067 3412 2288 3486 αριθμεῖ
2332 3412 2542 3482 ἀρετὰς·
2580 3413 2867 3488 φρόνησιν,
2920 3410 3289 3484 δικαιοσύνην,
3328 3413 3570 3491 ἀνδρείαν
3623 3416 3715 3470 καὶ

2068 3499 2445 3572 σωφροσύνην.
2509 3501 2605 3555 Καὶ
2690 3503 2786 3569 τήν
2879 3503 2972 3574 μὲν
3057 3502 3317 3580 φρόνησιν
3374 3504 3549 3558 τάττει
3613 3504 3716 3558 ὑπὸ

2065 3591 2162 3657 τὴν
2199 3585 2459 3643 διάνοιαν’
2490 3589 2585 3651 τὰς
2620 3587 2676 3644 δὲ
2708 3589 2903 3652 λοιπὰς
2949 3597 3095 3666 τρεῖς
3148 3592 3251 3646 ὑπὸ
3306 3592 3367 3647 τὸ
3418 3593 3717 3662 παθητικὸν

2067 3679 2164 3745 τῆς
2208 3678 2415 3752 ψυχης.
2449 3678 2554 3734 Καὶ
2588 3679 2710 3733 οὑτε
2749 3682 2849 3749 τὴν
2899 3678 3157 3757 φρόνησιν
3211 3679 3262 3735 ἐν
3309 3686 3387 3753 τῷ
3427 3688 3716 3754 παθητικῷ

2071 3768 2221 3842 μὲρει
2253 3769 2589 3835 κατατάττει,
2624 3765 2746 3822 οὔτε
2768 3769 2863 3830 τὰς
2906 3774 3052 3844 τρεῖς
3108 3769 3299 3843 ἀρετὰς
3359 3769 3408 3824 ἐν
3468 3774 3537 3844 τῇ
3601 3768 3716 3825 δια-

2065 3857 2185 3928 νοίᾳ
2232 3857 2454 3912 τίθεται.
2488 3859 2550 3913 Ὀ
2603 3854 2660 3912 δὲ
2710 3855 2939 3912 Πλάτων
2971 3858 3230 3932 τέσσαρας
3280 3858 3453 3930 τάξεις
3510 3858 3713 3934 ἀρετῶν

2064 3946 2424 4015 ποιεῖται,καὶ
2453 3945 2547 4008 τὰς
2583 3948 2676 4018 μὶν
2711 3947 2968 4019 ὀνομάζει
2997 3945 3445 4018 πολιτικὰς,δσαι
3473 3954 3713 4020 κοσμοῦν

2065 4058 2116 4090 σι
2145 4037 2236 4090 τὸν
2259 4035 2310 4090 ἐν
2345 4041 2422 4108 τῷ
2457 4036 2560 4110 βίῳ
2588 4034 3015 4109 πολιτευόμενον
3048 4034 3354 4111 ἄνθρωπον·
3389 4037 3454 4091 τὰ
3502 4035 3558 4091 δὲ
3588 4050 3716 4101 κοθ-

2064 4125 2308 4200 αρτικάς,
2340 4125 2435 4188 τὰς
2491 4122 2548 4178 δὶ
2589 4124 2946 4200 θεωρητικάς.
2979 4125 3187 4194 Μανική
3251 4122 3308 4180 δὲ
3360 4126 3522 4201 ἀρετή
3567 4124 3720 4200 λέγε-

2063 4236 2146 4269 ται
2181 4217 2214 4284 ἡ
2251 4214 2662 4288 θεοφορουμένη
2713 4213 2801 4268 καὶ
2852 4212 3202 4284 ἐνθουσιῶσα,
3235 4214 3322 4269 καὶ
3370 4215 3468 4283 τὴν
3529 4217 3715 4290 ψυχῆν

2063 4304 2186 4380 περὶ
2219 4303 2279 4358 τὸ
2311 4305 2450 4358 θεῖον
2483 4299 2946 4378 ἀναϐακχεύουσα,
2979 4303 3069 4357 καὶ
3103 4306 3217 4357 οἷον
3251 4302 3548 4377 ἐνθεασμοῦ
3575 4305 3720 4375 πλήη

2065 4415 2162 4468 ρης
2214 4392 2302 4448 καὶ
2360 4387 2826 4468 κορυϐαντιάσεως
2881 4390 3163 4468 γινομένη.
3224 4393 3280 4446 Ὀ
3343 4393 3528 4466 μέντοι
3587 4395 3715 4456 Θεὸς

2060 4481 2254 4558 ἀρετῆς
2284 4480 2394 4536 ἐστι
2429 4480 2646 4554 μείζων,
2680 4479 2741 4535 ού
2778 4481 2943 4554 μόνον
2993 4487 3090 4551 τῆς
3151 4480 3224 4543 ὡς
3266 4478 3424 4553 ἕξεως
3471 4481 3560 4537 καὶ
3612 4489 3717 4553 τῆς

298 4581 561 4636 fanatica:
594 4579 798 4633 instar.
832 4575 985 4630 Dcus
1019 4589 1187 4644 porro
1217 4570 1434 4624 virtute
1470 4569 1656 4639 major
1686 4574 1794 4632 est,
1832 4584 1948 4622 non

2072 4571 2382 4650 κύτοφυοῦς,
2412 4569 2556 4627 ἀλλὰ
2580 4570 2667 4625 καὶ
2699 4576 2798 4640 τῆς
2829 4569 3182 4644 αὖτοαρετῆς.

298 4671 470 4726 modo
503 4667 603 4724 illa
634 4684 757 4738 quae
806 4668 894 4720 est
943 4661 1200 4731 habitus,
1234 4663 1289 4714 et
1321 4656 1551 4729 qualem
1587 4662 1798 4712 natura
1841 4657 1950 4711 fert

299 4759 636 4827 hominum,
669 4756 768 4812 sed
800 4754 977 4810 etiam
1009 4751 1138 4823 ipsa
1168 4753 1378 4804 aeterna
1409 4747 1538 4801 idea
1567 4745 1820 4800 virtutis.

795 4864 890 4916 52.
923 4859 1114 4914 Adhuc
1141 4857 1204 4911 de
1235 4857 1452 4911 virtute.

371 4958 495 5012 Non
531 4972 648 5011 una
676 4953 996 5020 eademque
1049 4962 1294 5002 numero
1343 4948 1432 4999 est
1480 4941 1626 4997 ratio
1677 4959 1795 5013 qua
1841 4941 1956 4996 Deo

305 5044 727 5109 assimilamur,
745 5041 844 5097 sed
866 5040 1096 5094 diversa
1120 5052 1186 5091 ac
1209 5031 1532 5103 multiplex.
1549 5031 1962 5086 Assimilamur

301 5134 455 5188 enim
490 5133 603 5203 ipsi
653 5149 754 5202 per
792 5130 1039 5184 virtutes
1070 5123 1362 5197 politicas,
1397 5122 1497 5176 sed
1529 5118 1736 5175 exilius
1786 5125 1961 5191 atque

306 5222 616 5278 obscurius
666 5236 679 5275 :
729 5217 1133 5274 assimilamur
1188 5213 1377 5268 eidem
1433 5228 1533 5282 per
1591 5210 1963 5281 purgatorias

296 5305 697 5380 virtutes,§ed
729 5307 1064 5378 expressius
1098 5322 1110 5358 :
1145 5300 1550 5358 assimilamur
1579 5315 1684 5370 per
1718 5299 1960 5355 virtutes

300 5399 656 5470 theoreticas
714 5397 1047 5450 etiamnum
1102 5390 1504 5463 splendidius;
1559 5386 1962 5443 assimilamur

295 5493 473 5549 etiam
507 5505 610 5561 per
641 5485 997 5555 theurgicas,
1033 5491 1206 5552 atque
1239 5480 1356 5534 haec
1385 5479 1623 5533 demum
1661 5476 1957 5548 perfectis-

296 5582 449 5641 sima
505 5583 595 5634 cst
654 5570 1024 5631 assimilatio.
1081 5575 1339 5639 Purgare
1397 5567 1554 5621 enim
1615 5567 1866 5636 animas,
1898 5565 1954 5621 ei

301 5673 459 5735 entia
491 5659 881 5735 contemplari
929 5675 1044 5714 non
1077 5657 1320 5713 omnino
1368 5655 1565 5711 simile
1618 5653 1845 5726 aliquid
1877 5655 1963 5714 De

2559 4841 2659 4915 νβ’.
2699 4840 2818 4895 Ἔτι
2849 4839 2972 4912 περὶ
3007 4837 3210 4914 ἀρετῶν

2134 4936 2249 4989 Ὃτι
2311 4932 2405 4987 οὖν
2462 4928 2570 4986 ἔστι
2635 4928 2731 5003 μῖσι
2787 4927 2876 4983 καὶ
2926 4930 2960 4997 ἡ
3012 4927 3148 4995 αὐτή
3207 4926 3340 4982 κατά
3395 4926 3628 5002 ἀριθμὸν
3679 4931 3715 4999 ἡ

2067 5028 2203 5101 πρὸς
2230 5023 2322 5078 τὸν
2354 5022 2480 5076 Θεὸν
2521 5019 2805 5092 ὁμοίωσις,
2840 5015 2986 5072 ἀλλὰ
3036 5015 3309 5095 διάφορος.
3345 5019 3716 5091 Ὁμοιούμεοα

2070 5116 2172 5190 γὰρ
2206 5113 2356 5184 αὐτῷ
2403 5111 2536 5165 κατὰ
2578 5109 2673 5170 τὰς
2720 5106 3007 5170 πολιτικὰς
3055 5106 3265 5182 ἀρετὰς,
3300 5105 3425 5162 ἀλλ’
3475 5105 3720 5183 ἀμυδρό-

2074 5224 2227 5278 τερον
2310 5201 2397 5255 mi
2480 5195 2886 5272 σκιωδὲστερον.
2945 5195 3311 5270 Ὀμοιούμεθα
3365 5196 3544 5269 τούτῳ
3628 5197 3721 5252 καὶ

2076 5292 2210 5347 κατὰ
2265 5290 2359 5351 τὰς
2440 5286 2785 5363 καθαρτικάς,
2844 5283 2971 5340 ἀλλ’
3027 5283 3404 5362 ἐκτυπότερον.
3455 5285 3721 5359 Ὀμοιού-

2080 5393 2215 5454 μεθα
2247 5378 2302 5435 δὲ
2332 5378 2420 5433 καὶ
2472 5378 2608 5432 κατὰ
2656 5377 2751 5437 τὰς
2798 5374 3156 5448 θεωρητικὰς,
3190 5373 3314 5432 ἀλλ’
3347 5372 3424 5430 ἔτι
3463 5373 3720 5451 λαμπρό-

2070 5491 2246 5546 τερον.
2295 5466 2668 5541 Ὀμοιούμεθα
2713 5463 2802 5519 καὶ
2858 5463 2994 5518 κατὰ
3043 5465 3139 5526 τὰς
3190 5463 3527 5538 θεουργικάς,
3578 5463 3716 5535 αὕτη

2066 5558 2196 5635 γοῦν
2255 5558 2396 5613 ἐστιν
2424 5559 2460 5626 ἡ
2488 5554 2807 5624 τελειοτάτη
2866 5551 3150 5627 ὁμοίωσις.
3181 5554 3250 5609 Τὸ
3303 5554 3399 5627 μὶν
3445 5552 3546 5629 γὰρ
3593 5555 3720 5608 καθα

2067 5649 2306 5727 αἴρεσθαι
2353 5646 2450 5711 τὰς
2502 5645 2682 5722 ψυχὰς
2739 5642 2829 5700 καὶ
2883 5644 3105 5720 θεωρεῖν
3135 5643 3202 5700 τὰ
3231 5637 3355 5699 ὄντα
3385 5642 3448 5699 υύ
3478 5642 3619 5699 πάνυ
3662 5662 3718 5699 τι
