4040 6146
349 321 467 384 ’121

1531 319 1632 379 DE
1673 317 2114 380 OMNIFABIA
2160 318 2578 384 DOGTRINA.

3661 326 3785 385 722

349 452 548 526 ὅμοιον
633 457 712 526 τῷ
778 434 916 525 Θεῷ,
985 451 1185 514 ἐκεῖνος
1241 451 1340 527 γὰρ
1404 451 1534 527 ὑπὲρ
1591 451 1849 525 κάθαρσιν
1905 447 1986 502 κα]

2110 455 2215 519 est,
2247 451 2374 524 ipse
2423 455 2581 510 enim
2629 455 2977 528 purgatione
3031 460 3087 510 et
3133 455 3648 528 contemplatione
3694 473 3784 525 est

353 542 580 618 θεωρίαν
614 542 746 600 ἐστί.
777 543 846 598 Τὸ
880 541 936 598 ’δὲ
991 539 1241 596 δύνασθαι
1274 544 1542 596 θεοποιεῖν
1572 538 1877 615 ἄνθρωπον,
1908 538 1998 594 καὶ

348 637 453 699 τῆς
503 628 642 701 ὕλης
669 629 890 706 ἐξάγειν,
923 630 1011 684 καὶ
1049 630 1158 685 τῶν
1208 634 1392 694 παθῶν
1445 627 1828 696 ἀπαλλάττειν,
1864 629 2001 682 ὥστε

355 718 610 783 δύνασθαι
660 719 748 775 καὶ
806 719 966 776 αὐτὸν
1025 721 1301 796 θεουργεῖν
1357 716 1538 794 ἕτερον
1575 766 1589 791 ,
1644 717 1805 772 τοῦτό
1864 716 2002 772 ἐστιν

353 812 389 881 ἡ
442 808 758 881 τελειοτάτη
824 810 1113 882 ὁμοίωσις.
1193 810 1254 865 Ὀ
1310 807 1508 885 ἐξάγων
1570 807 1694 882 γὰρ,
1751 807 1912 884 φησὶν
1973 807 2001 860 6

351 898 484 960 Θεός
541 897 590 952 ἐν
644 896 1022 972 Εὐαγγελίοις,
1085 894 1228 968 ἄξιον
1291 897 1340 971 ἐξ
1399 897 1637 967 ἀναξίου,
1697 897 1770 959 ὡς
1829 895 2002 967 στόμα

353 1009 461 1061 μου
508 984 674 1044 ἔσται.
732 989 892 1063 Ὁρᾷς
951 988 1099 1050 ὅπως
1157 985 1207 1041 ἐν
1242 991 1309 1060 τῇ
1367 985 1618 1062 θεουργίᾳ
1647 985 1746 1054 τήν
1803 981 2004 1053 ἀληθε-

351 1076 550 1148 στάτην
613 1078 842 1132 τέθεικεν
897 1075 1241 1149 ἐξομοίωσιν.
1299 1073 1454 1131 Ἀλλ’
1485 1077 1646 1148 ἡμεῖς
1704 1074 2001 1148 ἀγαπῶμεν

351 1165 403 1221 εἴ
454 1165 543 1220 καὶ
595 1171 822 1240 κοσμεῖν
863 1164 1084 1228 ἑαυτοὺς
1119 1162 1208 1220 διὰ
1231 1169 1340 1219 τῶν
1388 1163 1691 1220 πολιτικῶν
1733 1160 2004 1236 δυνάμεθα

351 1256 575 1331 ἀρετῶν.

839 1440 935 1510 νγ’.
975 1435 1095 1491 Ἔτι
1127 1432 1249 1507 περὶ
1281 1432 1508 1508 ἀρετῶν.

423 1522 650 1581 Πλάτων
686 1525 713 1578 6
748 1521 1052 1600 φιλόσοφος
1103 1526 1318 1598 πρῶτον
1380 1521 1474 1594 μὲν
1535 1517 1622 1575 διὰ
1651 1523 1751 1585 τῆς
1781 1516 1999 1574 πολιτι-

345 1617 446 1685 κῆς
499 1615 694 1688 ἀρετῆς
747 1614 929 1688 ἀνάγει
975 1612 1066 1666 τὸν
1119 1608 1399 1686 ἄνθρωπον
1447 1609 1523 1672 εἷς
1576 1610 1726 1678 Θεὸν,
1779 1609 1854 1670 ὡς
1911 1607 2000 1662 καὶ

345 1703 551 1775 ταύτης
584 1703 872 1776 ἐξομοιοῦν
917 1699 1217 1774 δυναμένης
1249 1700 1310 1755 τὸ
1343 1705 1495 1756 Θεῖον
1547 1701 1683 1754 κατὰ
1730 1698 1792 1753 τὸ
1841 1695 1999 1752 δυνα-

2109 543 2396 612 snperior.
2435 547 2506 598 At
2555 562 2726 617 posse
2775 561 2844 599 ex
2889 545 3129 600 homine
3180 545 3368 600 facere
3417 545 3626 614 Deum,
3659 552 3716 601 et
3748 567 3779 603 a

2110 633 2355 688 materia
2402 634 2766 703 abstrahere,
2799 633 3233 704 atl‘ectuumque
3265 634 3505 689 reddere
3557 651 3772 705 exper-

2109 724 2250 788 tem,
2289 727 2352 776 ut
2380 723 2568 794 possit
2613 730 2669 778 et
2716 724 2841 794 ipse
2875 721 3021 778 alios
3052 722 3302 778 Numine
3357 722 3621 794 implere,
3651 723 3777 778 haec

2111 812 2542 882 perfectissima
2593 819 2682 866 est
2736 830 2868 867 cum
2924 811 3022 866 illo
3074 811 3422 867 similitudo.
3476 813 3571 866 Ait
3619 813 3774 869 enim

2114 900 2268 955 Deus
2301 902 2376 972 (7)
2438 902 2494 955 in
2549 901 2878 973 Evangeliis
2913 917 2923 955 :
2960 903 3066 969 Qui
3114 902 3380 956 eduxerit
3426 900 3660 974 dignum
3707 919 3779 958 ex

2116 988 2366 1059 indigno,
2391 992 2559 1060 quasi
2590 1006 2646 1046 es
2678 1007 2861 1046 meum
2893 993 3012 1046 erit.
3034 990 3209 1045 Vides
3232 991 3526 1058 quomodo
3557 989 3777 1047 Theur-

2116 1078 2210 1149 gia
2242 1078 2363 1133 sive
2394 1079 2582 1134 virtus
2617 1079 2762 1135 alios
2796 1080 3048 1135 Numine
3090 1079 3374 1152 implendi
3406 1081 3775 1136 verissimam

2114 1168 2280 1239 ponit
2338 1185 2471 1223 cum
2531 1169 2646 1224 Deo
2722 1168 3198 1225 similitudinem.
3260 1172 3541 1226 Caeterum
3604 1171 3775 1226 nobis

2113 1256 2328 1328 egregii
2385 1257 2673 1323 videmur,
2709 1257 2759 1312 si
2810 1259 2982 1313 modo
3037 1255 3289 1326 politieis
3344 1275 3449 1315 nos
3491 1275 3773 1317 exornare

2113 1346 2431 1402 virtutibus
2463 1346 2785 1418 possimus.

2605 1437 2698 1490 53.
2733 1435 2930 1492 Adhuc
2956 1436 3023 1492 de
3053 1437 3273 1492 virtute.

2189 1523 2577 1597 Philosophus
2610 1525 2774 1582 Plato
2807 1525 3062 1599 primum
3111 1542 3214 1597 per
3253 1524 3551 1597 politicam
3581 1526 3762 1583 virtu~

2111 1617 2229 1668 tem
2262 1613 2562 1669 hominem
2597 1615 2837 1670 adducit
2864 1615 2934 1670 ad
2966 1615 3176 1685 Deum,
3209 1615 3365 1686 quod
3397 1619 3454 1669 et
3484 1614 3584 1670 illa
3616 1633 3762 1688 quo-

2112 1703 2641 1774 dammodoipossit
2667 1703 2919 1758 divinam
2945 1702 3396 1758 similitudinem
3425 1703 3661 1773 referre;
3691 1705 3762 1761 ab

343 1788 463 1850 τόν.
498 1793 632 1850 Ἀπὸ
665 1790 722 1847 δὲ
751 1791 954 1861 ταύτης
999 1790 1178 1866 ἀνάγει
1233 1788 1322 1845 διὰ
1342 1796 1440 1858 τῆς
1471 1795 1802 1864 καθαρτικῆς
1858 1791 1986 1856 ζωῆς

2111 1791 2220 1847 hac
2252 1808 2354 1864 per
2383 1792 2751 1864 purgativam
2785 1792 2958 1848 vitam
2994 1792 3261 1864 perducit
3290 1792 3361 1847 ad
3398 1793 3763 1866 contempla—

344 1883 423 1946 εἷς
482 1883 582 1952 τὴν
641 1880 890 1957 θεωρίαν.
948 1877 1170 1948 Ἐπειδή
1201 1880 1325 1955 γὰρ,
1379 1879 1566 1956 φησὶν,
1599 1879 1626 1933 6
1657 1877 1786 1939 Θεὸς
1813 1875 1996 1946 διττὴν

343 1967 460 2049 ἔχει
503 1972 601 2040 τὴν
659 1970 950 2046 ἐνέργειαν,
1007 1971 1107 2039 τὴν
1156 1970 1274 2033 καθ’
1309 1972 1370 2038 ἣν
1404 1969 1453 2022 ἐν
1485 1968 1684 2043 θεωρίᾳ
1711 1972 1818 2022 τῶν
1851 1966 1995 2023 ’ὀλων

343 2061 480 2131 ἐστὶ,
538 2061 644 2136 πρὸ
702 2059 882 2130 πάσης
923 2059 1150 2120 κτίσεως
1181 2057 1307 2121 τοὺς
1341 2056 1537 2133 λόγους
1573 2056 1748 2112 αὐτῶν
1779 2056 1995 2112 ἐπιστά-

345 2171 530 2225 μενος,
578 2151 677 2220 τὴν
731 2146 809 2217 δὲ,
859 2149 974 2202 καθ’
1031 2148 1091 2216 ἣν
1146 2151 1254 2202 τῶν
1314 2145 1580 2223 χειρόνων
1613 2151 1847 2200 ποιεῖται
1895 2148 1994 2214 τήν

341 2239 625 2316 πρόνοιαν·
682 2235 772 2293 διὰ
799 2241 966 2293 ταῦτα
993 2236 1084 2292 καὶ
1117 2238 1144 2292 6
1176 2238 1458 2313 ἄνθρωπος
1509 2236 1849 2310 μιμούμενος
1902 2235 1992 2290 τὸν

342 2329 496 2397 Θεὸν,
553 2327 605 2383 ἰν
669 2327 763 2401 μὲν
820 2332 941 2390 ταῖς
972 2326 1285 2388 πολιτικαῖς
1345 2326 1560 2400 ἀρεταῖς
1620 2325 1994 2402 ἐπιστρέφεται

339 2418 480 2495 πρὸς
509 2417 576 2472 τὰ
605 2413 754 2488 τῇδε,
807 2415 895 2470 καὶ
948 2420 1145 2490 κοσμεῖ
1197 2415 1324 2479 τοὺς
1366 2411 1813 2489 καταδεεστέρους
1878 2419 1995 2474 τοῖς

347 2507 761 2582 μετριοπάθειαν
827 2504 1116 2580 φερούσαις
1169 2505 1402 2582 ἀρεταῖς.
1458 2509 1545 2556 Ἐν
1609 2500 1665 2557 δὲ
1722 2507 1799 2573 τῷ
1856 2504 1991 2556 θεω-

343 2599 454 2669 ρεῖν
489 2589 708 2662 ἀναϐὰς,
745 2594 843 2668 ὁρᾷ
871 2592 1000 2656 τοὺς
1032 2591 1234 2668 λόγους
1267 2591 1516 2647 ἀπάντων
1558 2589 1683 2653 τοὺς
1715 2591 1991 2668 φυσικοὺς,

338 2684 468 2747 τοὺς
519 2681 813 2758 ψυχικοὺς,
863 2683 988 2747 τοὺς
1027 2681 1267 2758 νοεροὺς,
1298 2681 1427 2745 τοὺς
1459 2682 1768 2758 ὑπερφυεῖς,
1793 2681 1882 2734 καὶ
1913 2681 1992 2755 γι-

337 2793 484 2828 νεται
516 2772 738 2847 δργανον
768 2775 866 2827 τοῦ
897 2775 1053 2843 Θεοῦ,
1086 2770 1227 2844 ὁμοῦ
1250 2791 1307 2825 τε
1333 2769 1471 2845 πρὸς
1505 2767 1702 2824 ἐκεῖνον
1731 2769 1988 2844 ὁρῶν,καὲ

335 2865 444 2916 τῶν
480 2857 610 2934 τῇδε
640 2859 966 2932 ποιούμενος
1023 2860 1303 2935 πρόνοιαν.
1358 2856 1510 2927 Πλὴν
1561 2855 1745 2920 ἄλλως
1788 2858 1991 2934 ἐνεργεῖ

335 2951 433 3014 τὰς
459 2948 710 3011 τοιαύτας
745 2950 935 3025 ἀρετὰς
985 2948 1037 3004 ἐν
1079 2949 1292 3022 σώματι
1323 2949 1454 3004 οῦσα
1478 2949 1656 3024 ψυχὴ,
1688 2945 1872 3010 ἄλλως
1933 2945 1988 3001 δὲ

341 3037 717 3113 ἀπαλλαγεῖσα
744 3043 841 3093 τοῦ
873 3039 1150 3112 σώματος.

801 3125 896 3184 νδ’.
930 3129 1050 3184 "Eu
1080 3127 1203 3203 περὶ
1237 3129 1462 3201 ἀρετῶν.

407 3219 471 3274 Ὴ
505 3218 598 3291 μὶν
649 3218 807 3274 οὐσία
857 3219 947 3273 καὶ
981 3215 1110 3272 αὐτό
1158 3218 1221 3272 τὸ
1272 3217 1405 3271 εἶναι
1437 3215 1542 3272 ἀπὸ
1571 3219 1666 3270 τοῦ
1696 3219 1792 3272 νοῦ
1820 3220 1984 3270 πᾶσιυ

337 3308 525 3387 ἐφήκει
557 3308 646 3364 καὶ
672 3314 769 3364 τοῦ
827 3305 1004 3378 ὄντος,
1036 3310 1070 3378 ἡ
1106 3305 1160 3363 δὲ
1192 3305 1280 3362 διὰ
1307 3312 1413 3362 τῶν
1448 3309 1648 3382 ἀρετῶν
1680 3303 1982 3378 τελειότης,

337 3399 442 3453 ἀπὸ
471 3403 568 3453 τοῦ
620 3396 752 3455 Θεοῦ
799 3396 1172 3473 παραγίνεται.
1222 3399 1425 3472 ’Ὥσπερ
1457 3398 1559 3472 γὰρ
1593 3395 1650 3450 ἐκ
1678 3401 1773 3452 τοῦ
1830 3398 1982 3472 πρώ-

333 3508 441 3549 τως
469 3482 620 3549 ὄντος
677 3488 739 3542 τὸ
799 3488 878 3554 δν,
941 3485 1112 3550 οὕτως
1143 3484 1202 3541 ἔκ
1253 3489 1348 3540 τοῦ
1402 3486 1636 3560 πρώτως
1668 3485 1872 3561 ἀγαθοῦ
1921 3487 1982 3541 τὸ

334 3575 556 3650 ἀγαθόν.
617 3574 848 3633 Μᾶλλον
900 3573 956 3630 δὲ
998 3575 1087 3631 καὶ
1119 3579 1152 3645 ἡ
1205 3575 1357 3630 οὐσία
1385 3576 1472 3630 καὶ
1531 3577 1565 3645 ἡ
1600 3574 1762 3650 ἀρετὴ
1796 3575 1854 3630 ἐκ
1885 3580 1981 3629 τοῦ

331 3669 490 3721 Θεοῦ.
545 3662 706 3720 Ἀλλ’
763 3667 797 3734 ἡ
837 3664 930 3737 μὲν
961 3663 1114 3719 οὐσία
1162 3663 1298 3718 κατᾶ
1325 3665 1422 3733 τήν
1456 3664 1623 3718 αὐτοῦ
1657 3661 1911 3736 πρόοδον·
1944 3667 1978 3734 ἡ

325 3753 426 3828 γὰρ
483 3753 636 3808 οὐσία
694 3757 853 3808 πᾶσιν
906 3754 1010 3808 ἀπὸ
1068 3757 1164 3808 τοῦ
1196 3757 1328 3808 Θεοῦ
1386 3752 1648 3829 πρόεισιν·
1701 3755 1735 3822 ἡ
1783 3750 1839 3807 δὲ
1893 3775 1979 3808 τε·

328 3840 549 3912 λειότης
624 3841 759 3896 κατὰ
828 3843 927 3912 τὴν
1001 3842 1138 3917 πρὸς
1209 3841 1367 3896 αὐτὸν
1447 3839 1818 3919 ἐπιστροφήν.
1902 3843 1979 3899 Οὑ

326 3927 545 3985 δύναται
576 3930 680 4005 γὰρ
718 3928 1074 4000 τελειωθῆναι
1113 3931 1230 3984 κατ’
1253 3929 1448 4005 ἀρετὴν
1483 3929 1788 4004 ἄνθρωπος,
1824 3929 1872 3984 εἷ
1901 3932 1976 4003 μὴ

320 4027 420 4088 τήν
468 4019 799 4097 ἐπιστροφὴν
847 4019 986 4096 πρὸς
1035 4019 1126 4074 τὸν
1177 4020 1306 4074 Θεὸν
1337 4017 1598 4093 ἐνεργοίη.
1627 4022 1829 4094 Ὥσπερ
1876 4021 1976 4095 γὰρ

323 4109 397 4165 ὡς
453 4110 588 4183 πρὸς
621 4105 970 4183 παράδειγμα
1022 4112 1323 4186 ζωγραφῶν
1375 4109 1476 4162 οὐκ
1524 4105 1581 4162 ἂν
1644 4106 1832 4171 ἄλλως
1875 4112 1976 4177 τὴν

320 4196 686 4272 προκειμένην
745 4196 1078 4273 ἀρχετυπίαν
1129 4191 1347 4251 λάϐοιεν
1405 4201 1486 4268 τῷ
1547 4199 1868 4270 μιμήματι,
1931 4197 1978 4252 εἷ’

325 4287 402 4358 μὴ
457 4290 701 4361 συνεχῶς
729 4287 864 4359 πρὸς
892 4285 1057 4354 αὐτὴν
1117 4283 1449 4364 ἐπιστρὲφοι,
1510 4283 1650 4339 οὕτω
1701 4287 1787 4340 καὶ
1819 4287 1846 4340 6
1876 4288 1974 4355 τὴν

319 4374 515 4450 ἀρετὴν
569 4375 624 4429 iv
685 4375 858 4447 ὲαυτῷ
934 4378 1277 4450 σκιαγραφῶν
1337 4375 1370 4444 ἢ
1428 4373 1515 4428 καὶ
1573 4375 1972 4448 περιχρωννὺς,

319 4462 424 4518 οὐκ
477 4463 534 4518 ἂν
591 4461 778 4525 ἄλλως
837 4461 1095 4533 δυνηθείη
1160 4462 1558 4535 ἰξομοιωθῆναι
1616 4468 1752 4535 Θεῷ,
1813 4464 1858 4518 εἰ
1893 4465 1967 4536 μὴ

2109 1880 2350 1936 tionem.
2383 1880 2684 1952 Siquidem
2721 1881 2956 1952 duplex,
2993 1884 3054 1935 ut
3085 1883 3166 1936 ait
3209 1881 3326 1948 ille,
3360 1885 3526 1936 actus
3557 1882 3614 1937 in
3653 1885 3762 1940 Deo

2109 1975 2197 2025 est
2231 1987 2243 2025 :
2280 1986 2434 2025 unus
2486 1974 2776 2042 quatenus
2819 1970 2874 2025 in
2911 1969 3404 2042 contemplatione
3455 1971 3761 2029 universas

2109 2065 2244 2116 ante
2276 2076 2508 2115 omnem
2562 2076 2683 2115 rem
2718 2064 2969 2114 creatam
3020 2059 3275 2114 rationes
3308 2059 3572 2116 omnium
3605 2061 3766 2116 novit

2107 2166 2173 2204 ac
2205 2154 2538 2220 perspectas
2578 2149 2777 2216 habet,
2809 2152 2864 2203 et
2897 2148 3039 2204 alter
3067 2166 3178 2220 quo
3213 2148 3495 2220 prospicit
3523 2149 3763 2206 inferio-

2106 2239 2290 2294 ribus.
2324 2239 2633 2310 PrOpterea
2667 2242 2721 2293 et
2750 2238 2926 2293 homo
2967 2239 3151 2293 Deum
3195 2237 3460 2294 imitatus
3507 2239 3759 2310 politicis

2102 2328 2423 2383 virtutibus
2457 2344 2546 2383 res
2577 2326 2756 2397 hujus
2788 2327 2919 2382 vitae
2951 2331 3139 2394 curat,
3171 2330 3347 2397 atque
3380 2344 3483 2398 per
3511 2329 3758 2386 virtutes

2105 2417 2417 2473 affectuum
2478 2416 2897 2475 moderatrices
2948 2433 3117 2487 opem
3166 2416 3276 2470 fert
3327 2417 3752 2476 inferioribus:

2103 2506 2595 2579 contemplatione
2623 2509 2818 2561 autem
2852 2507 3174 2561 ascendens
3195 2505 3460 2560 omnium
3497 2509 3752 2564 rationes

2102 2596 2381 2669 perspicit
2412 2595 2532 2651 sive
2564 2593 2881 2664 naturales,
2908 2594 3027 2650 sive
3060 2595 3412 2661 animarum,
3436 2594 3555 2650 sive
3587 2612 3748 2651 men—

2099 2686 2250 2742 tales
2299 2701 2365 2740 ac
2413 2683 2914 2756 supernaturales,
2963 2691 3134 2754 atque
3179 2683 3247 2738 ﬁt
3289 2683 3748 2741 instrumentum

2099 2775 2223 2844 Dei,
2257 2775 2326 2829 ad
2364 2790 2536 2845 quem
2571 2773 2746 2828 simul
2794 2772 2976 2828 aciem
3013 2771 3234 2844 dirigit.
3269 2772 3337 2826 Et
3368 2773 3543 2828 rebus
3576 2774 3751 2843 hujus

2097 2864 2224 2920 vita:
2256 2864 2619 2936 prOSpiciens
2650 2862 2868 2929 anima,
2900 2861 3069 2916 aliter
3114 2864 3299 2916 tamen
3334 2861 3607 2918 virtutem
3641 2863 3751 2917 hu-

2089 2953 2356 3024 jusmodi
2407 2956 2634 3007 exercet
2683 2953 2823 3010 dum
2884 2951 2942 3005 in
3005 2967 3246 3022 corpore
3298 2953 3406 3020 est,
3470 2951 3753 3024 aliterque

2098 3043 2333 3115 quando
2366 3047 2454 3098 est
2486 3041 2746 3112 corporis
2779 3039 3026 3096 vinculis
3059 3040 3274 3096 soluta.

2549 3131 2638 3187 54.
2677 3129 2858 3184 Adhuc
2887 3130 2952 3184 de
2985 3129 3298 3184 virtutibus.

2018 3189 2059 3256 Ο
2168 3220 2458 3290 Essentia,
2484 3224 2540 3275 et
2574 3220 2766 3291 ipsum
2796 3219 2906 3274 hoc
2927 3219 3080 3289 quod
3111 3217 3250 3288 sint,
3277 3235 3308 3273 ει
3339 3223 3533 3274 mente
3563 3220 3748 3275 omni-

2095 3311 2206 3366 bus
2238 3311 2441 3365 datum
2475 3313 2582 3377 est,
2606 3312 2663 3364 et
2685 3307 2754 3362 ab
2782 3312 2916 3362 ente
2939 3323 2951 3361 :
2977 3307 3078 3362 sed
3100 3307 3380 3361 virtutum
3406 3307 3679 3379 perfectio
3712 3327 3744 3364 a

2093 3400 2210 3456 Deo
2260 3397 2667 3472 proﬁciscitur.
2721 3396 2884 3452 Sicut
2931 3395 3084 3452 enim
3137 3412 3204 3450 ex
3251 3395 3559 3467 principali
3609 3402 3740 3454 ente

2093 3506 2218 3559 ens,
2253 3489 2335 3544 sic
2366 3505 2432 3544 ex
2463 3485 2770 3559 principali
2818 3486 2970 3541 bono
3002 3489 3090 3540 est
3119 3487 3357 3541 bonum.
3391 3486 3495 3541 Vel
3544 3487 3741 3558 potius

2090 3583 2147 3634 et
2180 3579 2435 3634 essentia
2466 3582 2522 3632 et
2549 3577 2738 3631 virtus
2770 3593 2837 3631 ex
2879 3576 2994 3631 Deo
3034 3580 3194 3642 sunt,
3228 3575 3328 3631 sed
3358 3576 3614 3632 essentia
3648 3595 3738 3633 ra-

2091 3668 2246 3723 tione
2280 3666 2548 3738 originis,
2579 3665 2828 3721 essentia
2879 3666 3034 3720 enim
3085 3664 3362 3721 omnibus
3394 3682 3426 3721 a
3457 3666 3573 3721 Deo
3606 3683 3737 3738 pro-

2091 3758 2277 3823 ﬂuxit,
2312 3756 2589 3828 perfectio
2623 3760 2818 3811 autem
2852 3756 2909 3810 in
2944 3755 3174 3826 virtute,
3204 3761 3470 3827 respectu
3501 3772 3738 3812 conver-

2089 3844 2274 3899 sionis
2307 3844 2377 3899 ad
2415 3844 2616 3898 Deum.
2651 3843 2845 3912 Neque
2889 3842 3043 3897 enim
3093 3843 3291 3914 perfici
3323 3842 3533 3898 virtute
3563 3844 3739 3901 homo

2087 3933 2323 4006 poterit,
2360 3932 2474 3988 nisi
2505 3933 2574 3987 ad
2608 3932 2791 3987 Deum
2838 3936 3169 3986 convertere
3219 3949 3280 3987 se
3327 3930 3616 3988 instituat.
3648 3934 3739 3989 Si-

2088 4021 2325 4093 quidem
2388 4025 2445 4076 et
2498 4021 2686 4092 pictor
2743 4019 3073 4091 exemplum
3135 4036 3522 4091 expressurus
3589 4039 3737 4077 nun-

2085 4128 2260 4182 quam
2319 4109 2647 4165 imitatione
2706 4109 3004 4181 archetypi
3070 4110 3436 4180 assequitur,
3495 4110 3609 4167 nisi
3668 4114 3736 4168 ad

2084 4198 2230 4254 illud
2284 4199 2521 4254 assidue
2573 4215 2633 4254 se
2664 4198 3025 4253 conveiterit.
3065 4197 3160 4252 Sic
3210 4199 3310 4270 qui
3359 4198 3632 4256 virtutem
3678 4201 3738 4256 in

2084 4304 2147 4344 se
2197 4288 2324 4360 ipso
2365 4287 2606 4342 voluerit
2661 4287 3031 4354 adumbrare,
3067 4291 3168 4340 aut
3217 4287 3511 4342 coloribus
3561 4289 3738 4343 veluti

2083 4378 2431 4443 describere,
2459 4394 2573 4431 non
2608 4376 2775 4431 aliter
2796 4377 2910 4431 Deo
2943 4375 3262 4430 assimilari
3297 4378 3532 4448 poterit,
3557 4393 3732 4448 quam

2081 4467 2129 4522 si
2165 4467 2233 4520 ad
2267 4483 2400 4521 eum
2443 4466 2808 4520 continenter
2857 4482 2917 4521 se
2967 4469 3282 4535 convertat,
3317 4470 3372 4520 et
3420 4466 3736 4521 scientiﬁca

318 4552 455 4627 πρὸς
485 4552 684 4607 ἰκεῖνον
720 4550 985 4624 διηνεκῶς
1017 4549 1346 4629 ἐπιστρέφει,
1376 4551 1466 4606 καὶ
1499 4549 1586 4606 διὰ
1614 4555 1708 4605 τοῦ
1740 4551 1964 4622 ἐπιστη-

2101 4555 2299 4609 ὀιίοηο
2331 4553 2936 4625 contrmplationeque
2968 4553 3217 4626 exempli
3246 4553 3306 4608 in
3335 4554 3529 4627 seipso
3563 4570 3733 4609 accu-

323 4645 548 4714 μονικοῦ
579 4639 772 4718 λόγου,
805 4641 896 4696 καὶ
923 4648 1024 4710 τῆς
1043 4645 1140 4696 τοῦ
1171 4638 1606 4717 παραδείγματος
1631 4641 1881 4715 θεωρίας,
1913 4641 1964 4696 ὲν

320 4729 496 4802 ἑαυτῷ
527 4725 944 4806 ἐξακριϐώσεται
974 4730 1034 4784 τὸ
1067 4729 1447 4806 πρωτότυπον.

817 4821 908 4875 νε’.
939 4820 1057 4875 Ἔτι
1089 4820 1208 4886 περὶ
1245 4819 1471 4894 ἀρετῶν.

389 4908 446 4961 Ὀ
527 4907 623 4981 μὶν
683 4903 826 4984 ἔχων
903 4909 1002 4976 τὴν
1065 4908 1384 4985 θεουργικήν
1440 4908 1635 4984 ἀρετὴν
1694 4907 1973 4984 θεοπάτωρ

316 4997 783 5070 κατονομάζεται·
843 4993 1030 5066 ἐπειδὴ
1088 4998 1189 5071 γὰρ
1271 4995 1424 5060 θεοὺς
1469 4996 1597 5059 τοὺς
1658 4997 1974 5070 ἀνθρώπους

318 5082 476 5145 οὗτος
532 5086 839 5160 ἐργάζεται,
899 5083 987 5140 διὰ
1039 5090 1207 5140 ταῦτα
1265 5085 1546 5161 θεοπάτωρ
1606 5085 1876 5143 καλεῖται.
1916 5090 1974 5145 Ὀ

317 5169 373 5228 δὶ
419 5172 562 5249 ἔχων
621 5176 722 5244 τὴν
771 5175 1110 5250 θεωρητικὴν
1142 5175 1359 5246 ἀρετὴν,
1411 5176 1551 5237 θεῖος
1610 5175 1973 5246 ὀνομάζεται’

316 5262 344 5316 6
378 5259 435 5316 δὲ
480 5261 623 5339 ἔχων
673 5264 771 5331 τὴν
816 5265 1147 5340 καθαρτικὴν
1182 5260 1486 5337 δαιμόνιος’
1523 5265 1549 5317 6
1601 5261 1657 5318 6‘s
1704 5262 1847 5340 ἔχων
1877 5271 1977 5334 τήν

315 5349 638 5423 πολιτικὴν,
692 5352 1015 5416 σπουδαῖος.
1051 5353 1342 5428 Θεοπάτωρ
1375 5349 1432 5406 δὶ
1456 5352 1700 5408 καλεῖται
1733 5354 1760 5408 6
1792 5355 1974 5430 θεουρ-

2084 4648 2208 4700 rate
2239 4642 2558 4698 meditetur
2591 4647 2983 4714 prototypnm.

2530 4822 2620 4876 55.
2655 4821 2844 4877 Adhuc
2873 4822 2938 4875 de
2966 4821 3285 4877 virtutibus.

2153 4909 2544 4983 'l‘heurgicam
2576 4913 2854 4965 virtutem
2908 4909 3006 4980 qui
3059 4909 3234 4965 habet
3281 4912 3449 4981 pater
3499 4909 3734 4966 divinus

2084 4999 2436 5072 appellatur,
2457 4999 2732 5070 quoniam
2768 4999 2922 5054 enim
2946 5015 3010 5053 ex
3045 4998 3386 5054 hominibus
3412 4999 3549 5054 facit
3573 5000 3734 5064 deos,

2084 5091 2184 5146 illo
2230 5090 2387 5144 venit
2437 5090 2688 5144 nomine.
2723 5089 2826 5152 Qui
2877 5087 3366 5158 contemplatoria
3413 5087 3591 5159 pollet
3618 5087 3735 5142 vir-

2084 5185 2228 5247 tute,
2255 5179 2412 5233 hunc
2444 5178 2707 5233 divinum
2741 5181 2966 5243 vocant,
2992 5177 3075 5231 uti
3101 5175 3453 5232 daemonium
3476 5177 3570 5248 qui
3595 5194 3733 5249 pur-

2086 5268 2332 5342 gatoria,
2355 5270 2452 5323 sed
2486 5267 2586 5337 qui
2619 5266 2857 5338 politica
2877 5271 2965 5321 est
2995 5267 3294 5338 praeditus,
3317 5267 3493 5323 homo
3513 5267 3734 5338 probus

2087 5357 2624 5428 dicitur.Theurg‘o
2683 5355 2962 5411 tribuitur
3018 5356 3202 5428 patris
3251 5351 3434 5412 divini
3493 5373 3730 5426 nomen,

1903 5481 2138 5537 NOT/E.

385 5583 463 5656 (7)
487 5583 875 5662 Jeremimuxv,
911 5587 1014 5643 19:
1050 5583 1147 5638 Καὶ
1180 5581 1266 5640 ἐὰν
1301 5581 1563 5658 ὶξαγάγῃς
1585 5581 1772 5656 τίμιον
1806 5585 1972 5658 (ἀξιον

2125 5586 2307 5660 τίμιον
2343 5588 2668 5646 Constitut.
2708 5587 2966 5660 Apostol.
3001 5588 3068 5657 ΙΙ,
3101 5590 3194 5662 56)
3241 5588 3346 5642 ἀπὸ
3391 5585 3623 5656 ἀναξίου,
3656 5586 3731 5647 ὡς

313 5654 375 5710 τὸ
392 5650 584 5729 ’στόμα
618 5674 725 5730 μου
757 5650 874 5730 ἔσῃ.
