4046 6144
254 314 374 372 ’123

1645 310 2070 373 MIGHAELlS
2115 312 2385 372 PSELLl

3566 319 3683 381 724

261 441 543 516 quoniam
574 440 754 498 veluti
807 448 1045 513 generat
1093 441 1349 498 animam
1406 441 1698 513 ejusmodi
1747 458 1924 513 quam

2058 442 2162 517 τὸς,
2213 440 2302 496 καὶ
2336 438 2425 497 διὰ
2444 441 2505 496 τὸ
2530 448 2631 512 τῆς
2662 445 2848 519 ψυχῆς
2878 444 3012 501 εἶναι
3041 447 3245 523 πατὴρ,
3298 447 3355 502 ὃν
3401 448 3529 503 Θεὸν
3588 469 3682 504 κα-

264 530 769 604 contemplatoria:
804 531 1040 588 virtutis
1072 548 1251 587 causa
1304 534 1484 586 Deum
1533 530 1926 603 appellamus.

263 622 506 693 Oportet
536 621 719 693 igitur
745 621 845 692 qui
879 637 979 691 per
1002 620 1490 676 assimilationem
1520 622 1590 676 ad
1615 621 1798 676 Deum
1825 620 1928 675 ad-

264 710 400 767 duci
433 710 592 779 velit,
628 710 885 782 primum
919 710 1218 765 hominem
1261 711 1510 781 probum
1546 710 1692 781 ﬁeri,
1719 711 1933 767 deinde

268 801 651 867 dmmonium,
682 803 806 853 tum
860 799 1126 853 divinum
1184 805 1434 871 patrem.
1469 802 1548 854 Ac
1592 800 1933 873 contingere

267 893 460 962 potest
490 889 833 960 aliquando,
860 893 923 942 ut
953 889 1285 942 dasmonius
1315 893 1374 943 et
1400 888 1620 959 probus
1653 889 1827 945 homo
1860 890 1931 944 ad

271 978 558 1036 malitiam
591 982 649 1034 et
678 977 887 1033 vitium
937 978 1238 1046 deﬂectat;
1270 978 1415 1033 forte
1445 982 1501 1033 et
1531 978 1761 1033 divinus
1814 979 1934 1034 sive

273 1067 607 1124 theoreticm
638 1066 872 1121 virtutis
903 1083 1161 1138 compos.
1196 1069 1267 1121 At
1309 1067 1593 1139 theurgus
1623 1069 1743 1123 sive
1774 1073 1938 1140 pater

272 1158 507 1214 divinus
540 1161 598 1212 et
627 1160 791 1211 totus
823 1160 984 1210 extra
1014 1172 1075 1210 se
1108 1156 1164 1210 in
1208 1156 1323 1212 Deo
1357 1157 1607 1228 positus,
1634 1173 1936 1230 nunquam

274 1249 465 1319 potest
508 1245 579 1301 ad
616 1244 971 1301 contrariam
1004 1244 1210 1299 virtuti
1259 1245 1513 1316 speciem
1563 1244 1768 1314 dilabi,
1800 1262 1936 1302 cum

276 1338 436 1392 totus
467 1338 633 1392 extra
664 1350 725 1390 se
756 1338 812 1389 et
842 1334 998 1389 Deus
1031 1335 1468 1404 quodammodo
1499 1336 1691 1391 factus
1723 1335 1820 1392 sit.

731 1478 822 1533 56.
856 1478 1045 1533 Adhuc
1073 1478 1137 1533 de
1164 1478 1486 1533 virtutibus.

348 1594 486 1651 Tria
515 1593 638 1650 hac
670 1595 983 1650 animabus
1028 1593 1233 1649 insunt
1273 1594 1544 1664 facultas,
1578 1594 1795 1667 passio,
1831 1595 1937 1651 ha-

276 1685 456 1740 bitus.
482 1684 796 1740 Passiones
820 1684 1055 1755 quidem
1082 1688 1222 1738 sunt
1243 1684 1557 1755 cupiditas,
1589 1684 1695 1754 ira,
1722 1690 1937 1756 metus,

288 1773 533 1839 invidia,
558 1774 934 1844 confidentia,
976 1773 1284 1844 gaudium,
1316 1790 1482 1829 amor
1528 1774 1749 1845 odium,
1784 1774 1939 1829 desi—

282 1863 534 1931 dcrium,
568 1861 890 1930 aemulatio,
925 1861 1354 1917 misericordia.
1389 1863 1658 1919 Facultas
1690 1880 1821 1919 vero
1852 1866 1942 1919 est

285 1969 403 2024 qua
446 1952 752 2023 passiones
801 1952 946 2007 istas
995 1952 1212 2008 sentire
1261 1968 1599 2023 possumus,
1628 1953 1802 2008 irasci
1850 1953 1939 2008 vel

283 2042 478 2097 dolere
526 2040 614 2097 vel
675 2040 961 2098 misereri.
1009 2041 1256 2097 Habitus
1314 2041 1591 2114 deniqne,
1625 2060 1738 2113 quo
1796 2044 1942 2098 bene

281 2129 369 2186 vel
422 2129 572 2186 male
616 2147 722 2186 nos
753 2132 825 2186 ad
875 2131 1182 2202 passiones
1231 2131 1515 2203 gerimus,
1550 2135 1616 2186 ut
1663 2132 1722 2187 in
1773 2131 1860 2186 ira
1890 2130 1940 2187 si

279 2220 685 2276 vehementius
720 2219 805 2275 vel
860 2219 1171 2276 remissius
1204 2222 1368 2291 justo
1419 2220 1752 2292 irascimur,
1787 2221 1940 2277 male

280 2310 535 2381 agimus,
568 2313 743 2380 atque
775 2309 855 2365 ita
908 2309 966 2363 in
1008 2308 1256 2365 caeteris.
1290 2308 1551 2364 Virtutes
1584 2309 1784 2380 itaque
1835 2326 1946 2366 nec

278 2400 585 2473 passiones
632 2404 771 2454 sunt
822 2416 927 2455 nec
981 2400 1311 2465 facultates,
1348 2402 1450 2456 sed
1507 2401 1770 2473 habitus,
1822 2418 1945 2458 non

278 2491 435 2547 enim
465 2507 499 2545 a
528 2490 911 2563 passionibus
970 2491 1229 2546 dicimur
1273 2490 1411 2546 boni
1443 2490 1529 2546 vel
1561 2492 1746 2563 pravi,
1781 2492 1882 2547 sed
1915 2509 1949 2547 a

290 2579 611 2635 virtutibus
644 2597 710 2636 ac
739 2579 896 2635 vitiis
947 2580 1029 2634 ita
1076 2597 1512 2651 nuncupamur.
1544 2584 1622 2637 Ac
1670 2581 1947 2637 timemus

283 2669 521 2743 quidem
552 2669 639 2725 vel
697 2668 1011 2724 irascimur
1062 2671 1190 2725 sine
1244 2671 1579 2743 proposito;
1614 2676 1671 2726 at
1700 2672 1950 2727 virtutes

284 2776 349 2815 ex
383 2760 682 2832 proposito
716 2764 878 2825 sunt,
915 2764 1017 2816 aut
1049 2778 1164 2817 non
1204 2761 1331 2816 sine
1376 2761 1695 2832 proposito.
1730 2764 1775 2817 A
1808 2779 1947 2834 pas-

287 2849 556 2906 sionibus
586 2849 764 2905 etiam
796 2850 1012 2906 moveri
1046 2850 1337 2905 dicimur:
1373 2867 1405 2905 a
1436 2851 1594 2907 vitiis
1625 2855 1821 2907 autem
1859 2851 1947 2908 vel

287 2938 608 2994 virtutibus
660 2955 774 2994 non
827 2937 1083 2994 dicimur
1130 2939 1372 3006 moveri,
1405 2940 1506 2996 sed
1558 2939 1667 2996 hoc
1697 2940 1785 2996 vel
1835 2941 1947 2998 alio

299 3030 474 3083 modo
506 3029 829 3100 comparati
863 3044 1013 3085 esse.

736 3169 825 3225 57.
861 3169 1053 3225 Adhuc
1082 3167 1146 3225 de
1176 3167 1492 3225 virtutibus.

362 3284 666 3342 Fortitudo
698 3289 787 3341 est
820 3283 1194 3341 mediocritas
1234 3284 1385 3340 inter
1427 3301 1730 3341 excessum
1763 3286 1947 3342 auda-

295 3375 396 3431 ciae
454 3380 511 3431 et
559 3374 854 3431 defectum
905 3391 937 3429 a
985 3374 1323 3435 timiditate.
1356 3378 1741 3445 versaturque
1798 3375 1951 3432 circa

291 3466 534 3521 timores
589 3480 655 3519 ac
715 3462 1017 3518 ﬁduciam.
1052 3462 1474 3533 Tcmperantiae
1533 3479 1807 3518 excessus
1864 3470 1953 3520 est

290 3553 547 3619 luxuria,
578 3553 839 3608 defectus
892 3556 1117 3623 stupor,
1148 3550 1324 3605 liceat
1362 3550 1520 3605 enim
1553 3550 1662 3606 hoc
1712 3553 1951 3609 nomine

295 3642 461 3698 illum
496 3640 809 3713 appellare.
845 3640 1007 3697 Circa
1049 3639 1419 3712 largitionem
1456 3641 1740 3696 bonorum
1770 3646 1825 3696 et
1855 3659 1948 3697 ac-

297 3730 625 3798 ceptionem
688 3728 1061 3785 mediocritas
1116 3733 1207 3785 est
1261 3714 1613 3798 liberalitas,
1674 3746 1950 3787 excessus

296 3820 579 3893 profusio,
638 3820 758 3876 sive
816 3819 1137 3892 prodigalis
1196 3818 1442 3886 abusus,
1494 3819 1757 3875 defectus
1816 3837 1950 3877 vero

296 3909 664 3965 illiberalitas
696 3909 814 3964 sive
845 3907 1026 3962 nimia
1052 3907 1434 3978 parcimonia.
1469 3908 1530 3962 In
1564 3910 1797 3981 magnis
1828 3911 1947 3982 opi-

293 3996 403 4052 bus
428 3996 885 4051 mediocritatem
913 4000 1169 4050 sectatur
1191 3996 1650 4067 magnificentia,
1674 4014 1950 4053 excessus

293 4089 383 4141 est
413 4085 471 4140 in
506 4085 688 4140 nimio
722 4084 1052 4157 splendore,
1087 4084 1353 4139 defectus
1394 4085 1619 4141 sordes.
1653 4085 1815 4141 Circa
1846 4087 1948 4142 ho-

294 4190 465 4229 nores
497 4173 777 4245 petendos
810 4173 1035 4228 excedit
1064 4173 1435 4243 ambitiosus,
1464 4173 1522 4228 in
1556 4174 1786 4230 defectu
1819 4192 1949 4247 pec-

293 4267 387 4317 cat
419 4261 655 4317 honoris
687 4266 1075 4334 contemptor,
1102 4262 1478 4319 medioeritas
1501 4268 1660 4318 caret
1691 4266 1948 4337 nomine,

295 4353 492 4409 multae
525 4355 682 4409 enim
713 4370 806 4410 res
858 4358 997 4410 sunt
1028 4370 1155 4425 quae
1189 4371 1401 4411 nomen
1454 4355 1759 4427 proprium
1813 4373 1948 4414 nec-

295 4444 435 4500 dum
475 4442 878 4499 obtinuerunt.

747 4560 839 4615 58.
874 4558 1056 4615 Adhuc
1085 4559 1150 4614 de
1182 4560 1495 4615 virtutibus.

368 4678 532 4733 Circa
562 4675 1083 4732 mansuetudinem
1119 4692 1248 4746 quae
1272 4675 1737 4732 mediocritatem
1759 4676 1951 4733 obser-

295 4772 410 4834 vat,
435 4782 709 4823 excessus
743 4770 832 4821 est
862 4764 1188 4831 iracundia,
1218 4766 1477 4819 defectus
1522 4764 1813 4821 lentitudo
1852 4767 1949 4821 iraa

297 4872 521 4927 expers.
561 4856 728 4912 Circa
777 4871 979 4910 verum
1026 4853 1449 4909 mediocritatis
1498 4855 1816 4911 observans
1862 4860 1952 4911 est

294 4960 484 5012 verax,
536 4949 590 5000 et
642 4944 1020 4999 mediocritas
1070 4943 1183 4997 dici
1235 4948 1426 5014 potest
1475 4944 1782 5011 veracitas,
1822 4944 1949 5015 ejus

293 5037 489 5087 autem
524 5032 821 5087 simulatio
854 5049 956 5104 per
981 5047 1282 5087 excessum
1319 5036 1404 5086 est
1436 5032 1726 5102 gloriatio,
1760 5036 1816 5088 et
1848 5033 1949 5105 qui

292 5120 452 5175 illam
486 5127 745 5176 sectatur
776 5121 1109 5195 gloriosus:
1138 5138 1238 5192 per
1267 5122 1557 5175 defectum
1591 5122 1799 5189 ironia,
1825 5123 1949 5193 qui-

293 5226 407 5280 que
439 5226 506 5263 ea
554 5211 743 5265 utitur
790 5212 849 5267 in
896 5212 1158 5266 oratione
1209 5210 1633 5266 dissimulator.
1686 5212 1948 5281 Cumque

294 5301 410 5354 duo
434 5300 742 5354 suavitatis
767 5301 884 5355 sint
907 5318 1139 5373 genera,
1161 5301 1409 5356 alterum
1438 5302 1492 5354 in
1514 5303 1683 5371 jocis,
1700 5302 1944 5357 alterum

295 5389 356 5443 in
386 5388 640 5457 vita,qui
678 5390 758 5444 ita
792 5397 854 5445 ut
886 5409 989 5462 par
1019 5398 1107 5447 est
1129 5393 1183 5446 in
1209 5393 1675 5461 vitajucundum
1702 5410 1761 5447 se
1782 5392 1945 5447 exhi-

297 5479 414 5549 bet,
474 5478 701 5531 amicus
752 5480 1064 5547 dieitur,et
1114 5481 1482 5535 mediocritas
1533 5482 1811 5551 amicitia,
1846 5483 1945 5552 qui

298 5567 526 5624 excedit
554 5567 838 5636 adulator,
865 5571 963 5640 qui
995 5586 1126 5625 vero
1155 5570 1348 5625 deticit
1398 5587 1666 5626 morosus
1698 5588 1763 5627 ac
1791 5572 1943 5625 dilﬁ-

301 5658 449 5717 citis.
475 5657 841 5713 Amocnitatis
872 5660 929 5713 in
956 5661 1106 5730 jocis
1152 5660 1527 5716 mediocritas
1558 5666 1647 5717 est
1677 5661 1732 5716 in
1768 5662 1942 5718 urba-

2041 530 2245 605 λοῢμεν
2282 529 2372 587 διὰ
2398 533 2499 601 τὴν
2556 534 2894 608 θεωρητικὴν
2926 535 3145 612 ἀρετήν.
3180 542 3273 591 Δεῖ
3302 537 3393 592 οὗν
3421 537 3514 593 τὸν
3558 538 3686 594 ἀνα-

2038 622 2271 696 γόμενον
2332 620 2410 685 εἷς
2466 626 2601 677 Θεοῦ
2661 622 2981 696 ἐξομοίωσιν
3040 630 3231 699 πρῶτα
3262 626 3356 697 μὶν
3395 625 3682 684 σπουδαῖον

2040 710 2306 788 γενέσθαι,
2363 712 2475 766 εἶτα
2534 709 2837 786 δαιμόνιον,
2872 715 2986 769 εἶτα
3042 721 3208 785 θεῖον,
3258 717 3349 771 καὶ
3379 716 3538 779 τέλος
3570 730 3686 782 θεο-

2042 802 2275 876 πάτορα.
2344 801 2401 855 Ὀ
2456 800 2549 874 μὲν
2586 799 2676 856 οὖν
2708 799 2989 876 δαιμόνιος
3021 804 3111 859 καὶ
3143 806 3170 859 6
3203 803 3495 871 σπουδαῖος
3526 829 3689 881 μετα-

2042 884 2278 961 ϐληθείη
2313 888 2370 944 ἃν
2420 890 2510 945 καὶ
2562 891 2637 953 εἷς
2666 892 2854 947 κακίαν
2882 894 3034 948 ποτέ·
3062 892 3196 957 ’ίσως
3249 892 3306 950 δὲ
3334 897 3423 952 καὶ
3455 897 3484 951 6
3526 903 3688 965 θεῖος,

2042 978 2167 1048 ἦτοι
2203 980 2231 1033 6
2290 980 2646 1054 θεωρητικός.
2698 982 2758 1039 Ὁ
2804 979 2862 1037 δὲ
2892 984 3149 1059 θεουργὸς
3197 982 3322 1054 ἤτοι
3353 986 3380 1040 6
3411 987 3691 1061 θεοπάτωρ

2045 1068 2201 1138 ὁτῆς
2248 1070 2395 1131 θείας
2454 1070 2598 1133 ὅλως
2656 1069 2954 1137 ἐκστάσεως
3005 1074 3243 1149 γεγονὼς
3301 1074 3399 1130 οὐκ
3453 1074 3512 1129 ἂν
3563 1096 3696 1131 ποτε

2050 1158 2299 1230 μεταθείη
2332 1160 2469 1235 πρὸς
2515 1161 2578 1215 τὸ
2626 1158 2863 1216 ἐναντίον
2896 1160 3037 1225 εἶδος
3061 1170 3163 1234 τῆς
3193 1163 3386 1240 ἀρετῆς
3416 1162 3514 1238 ἔξω
3567 1167 3693 1221 ἑαυ-

2044 1250 2140 1301 τοῦ
2172 1247 2264 1318 ὥν,
2298 1247 2386 1303 καὶ
2420 1249 2547 1312 Θεὸς
2580 1249 2824 1327 ἀτεχνῶς
2851 1253 3110 1329 γεγονώς.

2536 1484 2634 1548 νς’.
2681 1486 2801 1541 Ἔτι
2834 1484 2957 1561 περὶ
2988 1487 3214 1560 ἀρετῶν.

2117 1594 2249 1670 Τρία
2304 1599 2472 1651 ταῦτα
2532 1595 2664 1651 εἰσὶν
2725 1597 2776 1653 ἐν
2807 1604 2925 1661 ταῖς
2954 1601 3182 1674 ψυχαῖς,
3228 1597 3478 1673 δύναμις,
3510 1601 3703 1670 πάθος,

2046 1680 2175 1754 ἕξις.
2236 1684 2336 1739 Καὶ
2394 1683 2566 1750 πάθος
2626 1686 2720 1760 μέν
2753 1688 2915 1756 ἐστιν,
2975 1687 3254 1761 ἐπιθυμία,
3313 1689 3468 1763 ὀργή,
3510 1685 3704 1769 φόϐος,

1972 1822 2017 1887 Β
2051 1774 2266 1887 ξρηθόνος,
2322 1774 2537 1883 θάρσος,
2586 1777 2756 1887 ςγρικρᾶι,
2817 1776 2994 1852 φιλία,
3058 1779 3232 1852 μίσος,
3266 1781 3457 1848 πόθος,
3510 1779 3703 1850 ζῆλος,

2050 1859 2224 1925 ἕλεος.
2286 1863 2525 1937 Δύναμις
2583 1862 2640 1920 δέ
2670 1865 2778 1921 ἐστι
2810 1868 2928 1930 καθ’
2958 1868 3017 1936 ἣν
3052 1870 3341 1937 παθητικοὶ
3377 1867 3582 1924 τούτων
3613 1891 3703 1944 γι-

2050 1953 2275 2025 νόμεθα,
2332 1955 2445 2007 οἷον
2493 1955 2613 2019 καθ’
2642 1956 2708 2025 ἢν
2756 1953 2972 2010 δυνατοὶ
3034 1956 3347 2033 ὀργισθῆναι
3377 1956 3412 2026 ἢ
3445 1955 3700 2029 λυπηθῆ-

2050 2062 2137 2095 ναι
2185 2040 2220 2111 ἢ
2270 2040 2513 2112 ἐλεῆσαι.
2570 2044 2716 2115 Ἓξις
2766 2042 2843 2115 δὲ,
2892 2047 3010 2100 καθ’
3042 2047 3101 2115 ἣν
3137 2047 3272 2122 πρὸς
3300 2046 3366 2101 τὰ
3394 2048 3539 2117 πάθη
3568 2040 3700 2122 ἕχο-

2056 2151 2151 2205 μεν
2201 2129 2387 2194 καλῶς
2417 2132 2452 2201 ἢ
2486 2138 2685 2195 κακῶς.
2721 2135 2843 2189 Οῖον
2894 2133 3031 2209 πρὸς
3088 2135 3150 2190 τὸ
3182 2135 3497 2210 ὀργισθῆναι
3526 2135 3571 2190 εἷ
3608 2137 3703 2209 μὲν

2052 2218 2302 2297 σφοδρῶς
2358 2220 2395 2291 ἢ
2454 2222 2769 2295 ἀνειμένως,
2828 2229 3006 2287 κακῶς
3068 2214 3290 2299 ἔχομενξ
3350 2226 3594 2297 Ὁμοίως
3650 2225 3709 2282 δὲ

2055 2312 2191 2387 πρὸς
2238 2310 2305 2365 τὰ
2361 2308 2524 2369 ἄλλα.
2583 2314 2652 2368 Αἱ
2686 2311 2775 2367 οὖν
2812 2313 2990 2388 ἀρεταὶ
3026 2312 3148 2369 οὔτε
3196 2316 3340 2384 πάθη
3375 2314 3530 2384 εἷ’σὶν,
3586 2312 3711 2370 οὔτε

2058 2398 2337 2472 δυνάμεις,
2372 2398 2501 2456 ἀλλ’
2558 2397 2711 2472 ἕξεις.
2750 2401 2827 2459 Οὐ
2868 2403 2969 2479 γὰρ
3002 2402 3270 2478 λεγόμεθα
3298 2404 3434 2459 κατά
3463 2407 3530 2460 τὰ
3558 2405 3701 2476 πάθη

2057 2488 2342 2545 σπουδαῖοι
2373 2489 2409 2560 ἢ
2442 2489 2662 2568 φαῦλοιο
2717 2494 2854 2547 κατὰ
2885 2489 2941 2548 δὲ
2988 2493 3082 2555 τὰς
3116 2494 3303 2568 ἂρετάς
3335 2495 3424 2549 καὶ
3462 2494 3556 2559 τάς
3606 2516 3709 2549 κα-

2054 2580 2199 2648 κίας,
2256 2577 2531 2654 λεγόμεθα
2589 2579 2873 2636 σπουδαῖοι
2936 2582 3025 2636 καὶ
3085 2581 3304 2659 φαῦλοι.
3366 2585 3467 2638 Καὶ
3498 2579 3705 2661 φοϐού-

2062 2671 2194 2743 μεθα
2227 2668 2319 2742 μέν
2378 2669 2411 2739 ἢ
2467 2669 2795 2745 ὀργιζόμεθα
2845 2672 3239 2747 ἀπροαιρέτως.
3290 2674 3354 2728 Αἱ
3404 2670 3461 2728 δέ
3517 2673 3703 2747 ἀρεταὶ

2055 2756 2399 2833 προαιρέσεις
2474 2761 2633 2829 τινες,
2695 2759 2729 2829 ἢ
2800 2760 2898 2815 οὐκ
2963 2759 3085 2815 ἄνευ
3141 2761 3537 2838 προαιρέσεως.
3595 2762 3702 2818 Καὶ

2057 2849 2192 2903 κατά
2224 2848 2317 2921 μὶν
2368 2849 2434 2903 τά
2482 2850 2627 2919 πάθη
2662 2856 2925 2914 κινεῖσθαι
2989 2848 3282 2925 λεγόμεθα,
3324 2852 3462 2906 κατά
3490 2850 3547 2907 δὲ
3602 2852 3697 2915 τὰς

2058 2937 2252 3001 κακίας
2310 2936 2401 2992 καὶ
2447 2939 2543 3000 τὰς
2592 2938 2781 3015 ἀρετὰς
2842 2939 2902 2993 οὐ
2960 2942 3245 3011 κινεῖσθαι,
3305 2939 3449 2996 ἀλλά
3496 2938 3703 2998 διοικεῖ-

2060 3026 2180 3090 σθαί
2210 3047 2349 3089 πως.

2550 3172 2645 3240 νζ’.
2679 3171 2798 3227 Ἔτι
2829 3170 2953 3246 περὶ
2984 3171 3207 3247 ἀρετῶν.

2130 3285 2252 3342 Ὀτι
2308 3285 2342 3354 ἡ
2402 3285 2495 3359 μὲν
2530 3282 2743 3358 ἀνδρεία
2804 3282 3038 3359 μεσότης
3071 3286 3234 3356 ἐστὶν,
3286 3286 3360 3350 ὡς
3394 3288 3485 3361 μὲν
3546 3290 3708 3365 ὑπερ-

2060 3368 2235 3444 ϐολῆς
2279 3378 2375 3429 τοῦ
2427 3376 2676 3447 θράσους,
2734 3376 2813 3438 ὡς
2870 3373 2927 3430 δέ
2984 3375 3281 3450 ἐλλείψεως
3328 3384 3425 3447 τῆς
3475 3375 3707 3448 δειλίας,

2057 3464 2147 3519 καὶ
2198 3464 2309 3519 ἐστι
2360 3464 2485 3540 περὶ
2544 3461 2749 3544 φόϐους
2807 3466 2893 3521 καὶ
2937 3465 3129 3542 θάῤῥη.
3191 3469 3299 3539 Τῆς
3330 3465 3387 3522 δὲ
3425 3466 3705 3546 σωφροσύ-

2057 3574 2173 3624 νης,
2237 3549 2516 3629 ὑπερϐολή
2566 3555 2659 3628 μὲν
2709 3557 2743 3625 ἡ
2797 3554 3082 3627 ἀκολασία,
3140 3551 3383 3630 ἔλλειψις
3418 3553 3531 3626 δὶὴ
3564 3557 3711 3612 ἀναι-

2062 3644 2279 3713 σθησία,
2326 3643 2561 3718 λεγέσθω
2610 3643 2709 3720 γὰρ
2764 3645 2956 3707 οὕτως.
3009 3644 3135 3721 Περῖ
3192 3642 3339 3700 δόσιν
3400 3646 3707 3722 χρημάτων

2058 3732 2147 3787 καὶ
2181 3731 2370 3806 λῆψιν,
2425 3731 2658 3805 μεσότης
2709 3733 2802 3806 μὶν
2834 3737 2868 3803 ἡ
2904 3732 3301 3809 ἐλευθεριότης,
3338 3730 3617 3808 ὑπερϐολὴ
3650 3733 3707 3791 δὲ

2058 3823 2094 3891 ἡ
2151 3821 2375 3893 ἀσωτία,
2426 3820 2550 3892 ἤτοι
2590 3820 2802 3899 ἆφειδία
2849 3826 2947 3892 τῆς
2976 3825 3252 3899 χρήσεως,
3304 3822 3551 3899 ἔλλειψις
3584 3822 3641 3879 δὲ
3670 3825 3704 3895 ἥ

2059 3908 2408 3987 ἀνελευθερία
2455 3911 2581 3981 ἦτοι
2619 3910 2907 3992 φειδωλία.
2958 3912 3087 3988 Περὶ
3149 3911 3204 3968 δὲ
3256 3914 3560 3990 χρημάτων
3612 3935 3707 3986 με-

2061 4001 2223 4069 σότης
2278 4002 2370 4073 μὲν
2430 4003 2463 4071 ἡ
2524 4001 2982 4076 μεγαλοπρέπεια,
3019 3997 3298 4075 ὑπερϐολὴ
3342 4001 3453 4073 δὲὴ
3488 4004 3708 4079 ἀπειρο-

2058 4088 2243 4159 καλία,
2290 4087 2535 4165 ἔλλειψις
2586 4090 2643 4146 δέ
2696 4093 2731 4162 ἠ
2786 4094 3200 4168 μικροπρέπεια.
3261 4094 3392 4169 Περὶ
3426 4091 3483 4148 δὲ
3534 4088 3708 4169 ὄρεξιν

2056 4186 2248 4252 τιμῆς,
2281 4181 2308 4234 6
2340 4181 2432 4254 μὶν
2466 4176 2825 4256 ὑπερϐάλλων
2878 4187 2996 4246 ταῖς
3026 4182 3250 4256 ὀρέξεσι,
3312 4181 3629 4260 φιλότιμος,
3682 4182 3710 4236 6

2061 4267 2117 4323 δὲ
2168 4268 2438 4324 ἐλλείπων
2500 4269 2879 4349 ἀφιλότιμος,
2946 4273 2973 4324 6
3034 4267 3090 4325 δὲ
3151 4270 3337 4343 μέσος,
3397 4270 3707 4343 ἀνώνυμος.

2060 4356 2252 4413 Πολλὰ
2279 4360 2379 4435 γάρ
2412 4358 2513 4414 εἶσι
2544 4361 2839 4436 πράγματα
2870 4356 3043 4433 ὄνομα
3089 4358 3275 4435 κύριον
3328 4361 3495 4432 μήπω
3544 4356 3712 4435 ἐσχη-

2058 4469 2211 4502 κοτα.

2540 4564 2643 4634 νη’.
2678 4566 2797 4621 Ἔτι
2832 4564 2954 4640 περὶ
2989 4564 3215 4639 ἀρετῶν.

2130 4680 2256 4751 Περὶ
2290 4681 2388 4749 τήν
2422 4677 2705 4754 πραότητα
2739 4679 3009 4752 μεσότητα
3069 4680 3251 4751 οὖσαν,
3306 4680 3339 4750 ἡ
3389 4679 3484 4753 μὲν
3548 4681 3708 4754 ὑπερ-

2059 4764 2343 4823 ϐάλλουσα
2398 4769 2579 4840 κακία,
2640 4767 2938 4845 ὀργιλότης
2986 4770 3019 4839 ἡ
3054 4766 3111 4824 δὲ
3141 4767 3473 4824 ἐλλείπουσα
3503 4769 3707 4846 ἀοργη-

2059 4860 2166 4915 σία.
2232 4858 2362 4932 Περὶ
2392 4856 2449 4913 δὲ
2503 4859 2565 4913 τὸ
2617 4856 2840 4927 ἀληθὲς,
2898 4860 2925 4914 ὁ
2962 4859 3056 4931 μὶν
3092 4858 3252 4933 μέσος
3286 4855 3522 4929 ἀληθής,
3551 4858 3641 4914 καὶ
3671 4860 3707 4929 ἠ

2062 4946 2295 5021 μεσότης
2329 4946 2559 5019 ἀλήθεια
2617 4945 2882 5023 λεγέσθω,
2933 4950 2967 5019 ἠ
3021 4946 3079 5002 δὲ
3129 4948 3578 5025 προσποίησις,ἠ
3613 4949 3712 5020 μὲν

2059 5036 2146 5092 ἐπὶ
2176 5038 2238 5092 τὸ
2283 5042 2468 5109 μεῖζον
2518 5035 2796 5107 ἀλαζονία,
2828 5038 2916 5093 καὶ
2966 5039 2994 5093 6
3050 5035 3195 5114 ἔχων
3231 5038 3398 5106 αὐτὴν
3428 5036 3707 5108 ἀλαζών·ἠ

2059 5124 2116 5181 ὃὶ
2146 5126 2232 5181 ἐπὶ
2264 5128 2325 5181 τὸ
2357 5125 2576 5181 ἔλαττον
2634 5126 2899 5198 εἰρωνεία·
2946 5127 3036 5182 καὶ
3087 5128 3115 5182 6
3150 5126 3294 5203 ἔχων
3322 5128 3491 5197 αὐτὴν
3525 5127 3708 5202 εἷ’ρων⁹

2058 5215 2206 5271 Ἐπεὶ
2241 5213 2297 5271 δέ
2330 5214 2427 5270 δύο
2459 5214 2725 5285 ἡδῦτητες
2770 5216 2925 5284 εἰσὶν,
2983 5219 3016 5287 ἡ
3087 5217 3181 5289 μὶν
3242 5216 3293 5272 ἐν
3350 5214 3558 5288 παιδίᾷ,
3591 5218 3623 5287 ἡ
3660 5214 3719 5272 δὶ

2057 5306 2107 5360 ἐν
2140 5310 2216 5377 τῷ
2269 5306 2392 5380 βίῳ,
2423 5307 2451 5359 6
2506 5307 2598 5378 μὲν
2633 5308 2706 5368 ὡς
2738 5304 2820 5361 δεῖ
2848 5304 2982 5376 ἡδὺς
3037 5304 3131 5374 ὢν,
3193 5306 3355 5382 φίλος
3387 5306 3474 5361 καὶ
3518 5308 3551 5376 ἡ
3591 5328 3714 5379 μεσ-

2057 5395 2184 5461 ότης
2236 5394 2409 5472 φιλία·
2468 5396 2495 5450 6
2555 5393 2611 5450 δὲ
2645 5391 3005 5471 ὑπερϐάλλων
3055 5395 3241 5467 κόλαξ,
3287 5397 3313 5450 ὁ
3346 5394 3403 5450 δὲ
3433 5394 3707 5451 ἐλλείπων

2056 5483 2267 5559 δύσερίς
2312 5506 2396 5548 τις
2442 5485 2528 5539 καὶ
2588 5482 2876 5546 δύσκολος.
2909 5492 3015 5555 Τῆς
3050 5484 3107 5541 δέ
3132 5486 3183 5541 έν
3215 5484 3404 5557 παιδιᾷ
3434 5483 3708 5555 ἠδύτητος

2052 5575 2085 5644 ἠ
2133 5575 2225 5647 μὲν
2282 5574 2535 5648 μεσότης,
2570 5574 2920 5648 εὐτραπελία,
2951 5576 2985 5647 ἡ
3020 5573 3077 5632 δὲ
3109 5571 3415 5652 ὑπερϐολὴ,
3448 5574 3703 5651 βωμολο-

2056 5663 2175 5739 χία,
2228 5665 2262 5734 ἠ
2316 5660 2373 5719 δὲ
2397 5660 2646 5740 ἔλλειψις
2679 5664 2949 5741 ἀγροικία.
2983 5666 3082 5721 Καὶ
3126 5668 3154 5722 6
3182 5665 3277 5742 μὶν
3309 5663 3562 5738 αἰδήμων
3600 5668 3698 5739 μέ-
