4040 6146
320 319 444 379 ’725

1508 318 1610 376 DE
1658 312 2099 377 OMNIFARIA
2141 306 2561 370 DOCTRINA.

3635 295 3751 355 726

316 473 435 521 σος,
472 453 499 508 6
569 450 625 508 δὲ
680 447 1043 528 ὑπερϐάλλων
1104 448 1480 527 ἀναίσχυντος,
1514 449 1541 505 ὁ
1588 446 1647 505 δὲ
1675 447 1968 519 ἐλλείπων,

2107 445 2287 514 nitate,
2321 457 2596 500 excessus
2644 439 2704 495 in
2753 435 3130 502 scurrilitate,
3163 433 3224 488 in
3274 430 3600 488 rusticitate
3651 430 3750 485 de-

309 540 599 614 καταπλὴξ
637 543 664 597 6
697 541 871 598 πάντα
901 539 1160 615 αἰδούμεν
1181 562 1264 602 ος.

572 835 669 891 νθ’.
698 827 823 884 Τίνι
846 824 1095 901 διαφέρει
1132 825 1283 899 ἀρχὴ
1316 825 1406 879 καὶ
1429 829 1701 900 στοιχεῖον
1734 843 1748 893 ;

395 919 457 975 Ἡ
498 918 590 991 μὲν
627 918 776 992 ἀρχὴ
809 916 911 971 οὐκ
952 911 1071 991 ἔχει
1117 936 1167 968 τι
1218 916 1486 989 πρότερον
1550 915 1767 983 ἑαυτῆς,
1805 912 1985 988 ὥσπερ

326 1010 363 1077 ἡ
398 1005 506 1077 ίίλη
538 1007 628 1061 καὶ
663 1008 726 1061 τὸ
773 1003 937 1067 εἶδος.
971 1006 1049 1061 Τὸ
1094 1002 1151 1059 δὲ
1202 1010 1479 1080 στοιχεῖον
1523 1003 1776 1067 σύνθετον
1811 1001 1868 1057 ὃν
1899 1002 1985 1056 καὶ

325 1097 674 1172 συγκείμενον
702 1096 751 1168 ἐξ
784 1093 924 1166 ὕλης
973 1095 1062 1150 καὶ
1101 1093 1303 1163 εἷ’δους,
1350 1096 1531 1170 ἀρχὴν
1573 1092 1689 1170 ἔχει
1718 1096 1815 1162 τήν
1850 1091 1989 1163 ὕλην

324 1188 417 1242 καὶ
447 1187 509 1242 τὸ
542 1184 683 1248 εἶδος
705 1180 849 1240 ’ἔστι
886 1182 945 1240 δὲ
984 1187 1011 1254 ἢ
1046 1183 1157 1255 ὕλη
1194 1189 1418 1259 πρᾶγμα
1438 1185 1751 1257 ἀσώματον,
1776 1181 1989 1245 ἄποιον,

330 1274 484 1350 λόγῳ
538 1274 686 1348 μόνῳ
764 1273 1228 1350 ὶρμηνευόμενον,
1286 1273 1536 1344 αἰσθήσει
1608 1270 1664 1327 δὲ
1726 1274 1801 1345 μή
1857 1274 1993 1326 ὑπο-

324 1364 601 1436 κείμενον.
662 1361 811 1434 Αὕτη
872 1364 961 1418 οὖν
1022 1364 1056 1433 ἠ
1111 1360 1219 1433 ὕλη
1283 1363 1388 1417 ὑπὸ
1453 1364 1669 1439 μορφῆς
1716 1382 1864 1423 τινος
1906 1356 1993 1415 καὶ

329 1456 624 1528 σχήματος
664 1452 1002 1525 τυπουμένη,
1057 1451 1189 1528 ὅπερ
1239 1450 1350 1506 ἐστὶ
1401 1451 1462 1505 τὸ
1513 1448 1679 1519 εἶδος,
1711 1455 2000 1523 σωματοῦ-

332 1564 444 1598 ται.
503 1542 604 1597 Καὶ
649 1547 866 1618 πρῶτον
925 1543 1020 1615 μὲν
1073 1542 1283 1616 γίνεται
1346 1546 1618 1615 στοιχεῖον
1659 1537 1695 1609 ἤ
1743 1540 1928 1614 αἰθὴρ,
1960 1537 1995 1608 ἤ

327 1637 437 1707 πῦρ
469 1629 505 1701 ἤ
541 1629 767 1707 ὕδωρ,ἤ
796 1631 902 1704 ἀὴρ
957 1629 992 1700 ἤ
1034 1634 1129 1705 γῆ.
1173 1636 1405 1686 Ἔπειτα
1442 1629 1657 1684 τούτων
1702 1633 1812 1684 τῶν
1850 1644 1996 1683 στοι·

326 1723 499 1798 χείων
554 1719 984 1793 συμπλακέντων
1021 1719 1296 1790 ἀλλήλοις
1339 1718 1540 1795 γίνεται
1592 1724 1757 1791 σῶμα
1805 1718 1996 1798 σύνθεῖ

340 1785 369 1798 v‘
502 1809 526 1829 Ἰ
560 1808 581 1829 ’4
628 1785 638 1793 .
849 1807 875 1831 )'
914 1806 937 1827 ν
1157 1785 1166 1790 -
1249 1808 1262 1827 \
1354 1785 1364 1795 ι
1408 1809 1423 1826 κ
1502 1806 1527 1825 Ἰ
1679 1785 1721 1825 -\
1794 1809 1807 1825 κ
1883 1805 1936 1826 7"
1978 1785 2001 1825 ς

340 1832 463 1881 τον,
491 1832 524 1880 η
558 1812 809 1885 εμψυχον
838 1832 872 1879 η
908 1812 1144 1885 αψυχον,
1176 1830 1265 1864 και
1297 1810 1331 1879 ἡ
1368 1830 1461 1881 μεν
1500 1807 1605 1877 υλη
1634 1829 1724 1863 και
1754 1829 1816 1862 το
1858 1822 1972 1862 ειοο

337 1896 770 1976 ἀρχοειδέστερα
795 1904 902 1954 τῶν
937 1899 1226 1975 στοιχείων
1259 1898 1383 1966 εἶσὶ,
1413 1899 1482 1954 τὰ
1513 1896 1570 1953 δὶ
1601 1903 1847 1973 στοιχεῖα
1882 1902 1991 1952 τῶν

328 1988 527 2045 ἄλλων
573 1988 841 2062 σωμάτων
881 1985 1365 2065 στοιχειωδέστερα
1398 2006 1411 2019 ⁸
1459 1988 1636 2064 ἀρχὴν
1667 1984 1724 2042 δὲ
1754 1985 1989 2061 λὲγομεν

329 2080 432 2149 τὴν
462 2078 627 2150 ὕλην,
659 2079 770 2155 οὐχ
799 2080 884 2133 ὅτι
929 2077 1030 2133 οὑκ
1076 2073 1191 2153 ἔχει
1251 2076 1392 2133 ἄλλο
1446 2078 1735 2154 ὑπὲρτερον
1774 2078 1991 2150 ἑαυτῆς,

337 2168 487 2226 ἀλλὰ
515 2169 691 2225 ὅτιτά
723 2171 951 2245 σώματα
983 2170 1072 2225 ὑπ’
1102 2171 1269 2240 αὐτὴν
1304 2169 1552 2248 ἀνάγεται
1575 2173 1884 2246 προσεχῶς.

725 2438 784 2509 ξ’.
824 2440 959 2515 Περὶ
987 2442 1096 2494 τῶν
1125 2439 1337 2515 ἀρχῶν,
1367 2437 1419 2494 τί
1455 2436 1608 2494 εἷ’σιν.

403 2530 582 2604 Ἀρχή
613 2532 721 2584 τῶν
778 2523 952 2583 ὄντων
1005 2528 1197 2603 πρώτη
1272 2529 1365 2601 μὶν
1423 2529 1512 2582 καὶ
1572 2525 1905 2603 ὐπεράρχιος
1963 2526 1990 2579 6

326 2618 480 2683 Θεός.
540 2619 692 2675 Μετὰ
752 2615 810 2673 δὲ
868 2617 996 2673 Θεὸν
1078 2616 1283 2673 πολλαὶ
1356 2618 1522 2693 ἀρχαὶ
1590 2622 1698 2672 τῶν
1749 2620 1988 2693 φυσικῶν

329 2707 663 2784 πραγμάτων
725 2706 852 2765 εἶσί.
920 2707 1019 2762 Καὶ
1067 2712 1176 2762 τῶν
1235 2708 1330 2780 μὲν
1391 2707 1678 2783 στοιχείων
1738 2705 1902 2781 ἀρχαὶ
1953 2706 1986 2775 ἠ

336 2796 441 2868 ὕλη
475 2797 565 2853 καὶ
594 2797 656 2852 τὸ
681 2795 820 2859 εἶδος
851 2795 1065 2873 εἴρηται
1094 2816 1106 2829 ·
1161 2802 1270 2852 τῶν
1320 2795 1376 2852 δὲ
1420 2797 1676 2851 συνθέτων
1719 2797 1986 2867 σωμάτων

330 2886 466 2942 αὑτά
528 2887 619 2941 καὶ
672 2886 821 2942 ἀπλᾶ
869 2891 1147 2963 στοιχεῖα.
1210 2886 1367 2944 Ἀλλ’
1422 2889 1473 2941 οἱ
1531 2887 1623 2960 μὲν
1674 2883 1835 2940 ἄλλοι
1879 2888 1987 2938 τῶν

336 2976 656 3054 φιλοσόφων
689 2973 1033 3053 διῃρέθησαν.
1088 2978 1186 3031 Καὶ
1232 2981 1350 3041 τοῖς
1399 2976 1492 3049 μὶν
1540 2973 1713 3046 ἔδοξεν
1747 2974 1895 3049 ἀρχὴ
1927 2974 1989 3028 τὸ

343 3069 475 3140 πῦρ,
528 3062 614 3120 διά
666 3067 767 3135 τὴν
830 3063 1055 3139 δύναμιν
1106 3066 1197 3120 καὶ
1243 3067 1305 3120 τὸ
1354 3063 1758 3120 καταναλίσκειν
1818 3062 1991 3117 πάντα

335 3152 413 3217 ε’ίς
455 3153 582 3209 αὐτό
616 3173 630 3186 ·
663 3160 779 3217 τοῖς
812 3152 869 3210 δὲ
899 3156 927 3210 6
966 3154 1093 3228 ἀὴρ,
1121 3152 1208 3210 διὰ
1226 3155 1323 3223 τὴν
1351 3159 1459 3209 τῶν
1489 3153 1639 3223 ζώων
1676 3153 1948 3221 ἀναπνοήν
1970 3169 1983 3186 ·

2094 530 2800 604 fectungediocritatem
2854 526 3058 583 itidem
3091 522 3233 580 colit
3284 521 3513 593 pudens
3551 520 3750 588 homo,

2095 625 2325 682 excedit
2356 621 2695 695 impudens,
2723 616 2921 674 deﬁcit
2952 614 3199 688 pavidus
3230 616 3288 667 et
3319 610 3421 683 qui
3454 623 3755 680 nunquam

2096 732 2212 772 non
2244 714 2467 786 pudore
2500 712 2919 768 commovetur.

2095 824 2187 879 59.
2223 819 2494 891 Quomodo
2524 819 2795 889 differunt
2823 813 3168 885 principium
3201 811 3363 880 atque
3392 806 3761 863 elementum?

2170 910 2529 981 Principium
2562 906 2707 963 nihil
2752 905 2925 960 habet
2957 902 3150 973 seipse
3201 899 3385 970 prius,
3421 900 3485 952 ut
3517 893 3765 951 materia

2099 1007 2157 1060 et
2186 1003 2375 1058 forma
2405 1016 2418 1056 :
2456 1004 2515 1054 at
2548 997 2904 1053 elementum
2937 990 3331 1063 compositum
3365 1003 3429 1043 ac
3460 999 3766 1055 coagmen-

2100 1096 2288 1148 tatum
2322 1095 2409 1145 est
2440 1106 2505 1144 ex
2561 1085 2807 1142 materia
2854 1087 2910 1139 et
2953 1082 3161 1149 forma,
3196 1075 3590 1150 principiique
3638 1073 3764 1128 loco

2100 1183 2280 1238 habet
2309 1178 2617 1235 materiam
2646 1181 2704 1230 et
2735 1175 3008 1229 formam.
3032 1171 3134 1224 Est
3164 1171 3359 1223 autem
3394 1163 3640 1220 materia
3671 1179 3764 1218 res

2102 1268 2512 1341 incorporalis,
2539 1281 2744 1337 expers
2777 1261 3153 1334 qualitatum,
3181 1257 3305 1312 sola
3335 1254 3559 1310 ratione
3590 1251 3768 1323 expli-

2104 1361 2314 1425 canda,
2337 1356 2611 1413 sensibus
2639 1357 2833 1410 autem
2858 1349 3101 1406 minime
3124 1345 3312 1402 obvia.
3337 1343 3482 1399 Huic
3509 1341 3767 1397 materiae

2106 1449 2333 1522 species
2366 1447 2632 1518 quaadam
2678 1448 2854 1513 atque
2886 1442 3074 1510 ﬁgura
3126 1441 3409 1505 tanquam
3447 1434 3633 1487 forma
3662 1446 3771 1484 sua

2107 1520 2496 1612 imprimitur,
2533 1539 2709 1605 atque
2739 1532 2824 1587 ita
2854 1531 2919 1584 ﬁt
2950 1544 3188 1599 corpus,
3221 1530 3278 1580 et
3309 1522 3498 1595 primo
3529 1520 3768 1591 quidem

2108 1628 2490 1694 elementum,
2522 1623 2611 1679 vel
2643 1621 2842 1689 aether,
2876 1617 2965 1673 vel
2997 1616 3175 1687 ignis,
3208 1612 3294 1668 vel
3327 1628 3499 1682 aqua,
3526 1608 3617 1664 vel
3647 1625 3765 1675 aer,

2109 1719 2200 1774 vel
2231 1723 2403 1772 terra.
2428 1713 2648 1771 Deinde
2677 1706 3148 1766 coalescentibus
3178 1703 3341 1758 hisce
3367 1698 3671 1756 elementis
3703 1698 3768 1751 iit

2109 1824 2323 1879 corpus
2355 1803 2771 1876 compositum,
2806 1799 2927 1855 sive
2962 1794 3291 1851 animatum
3323 1791 3442 1846 sive
3471 1787 3762 1844 inanima-

2082 1878 2254 1969 .tum.
2286 1901 2366 1951 Ac
2399 1894 2642 1951 materia
2672 1897 2729 1946 et
2760 1891 2949 1945 forma
2979 1884 3219 1955 quidem
3256 1880 3445 1953 magis
3476 1878 3763 1934 rationem

2103 1985 2375 2058 principii
2422 1984 2641 2039 habent
2689 1994 2863 2051 quam
2917 1975 3239 2039 elementa;
3284 1970 3572 2027 elementa
3617 1982 3752 2022 vero

2103 2076 2293 2149 magis
2349 2090 2526 2145 quam
2589 2070 2704 2126 alia
2761 2082 3021 2138 corpora.
3082 2064 3371 2119 Craterum
3443 2056 3752 2113 materiam

2101 2144 2383 2239 principii
2408 2161 2645 2218 nomine
2671 2169 3108 2229 nuncupamus,
3134 2168 3251 2207 non
3280 2149 3437 2220 quod
3471 2144 3619 2203 nihil
3650 2145 3754 2200 ha-

2100 2235 2200 2311 bet
2232 2251 2503 2327 principii
2550 2264 2732 2320 supra
2762 2262 2845 2317 se,
2879 2244 2980 2300 sed
3014 2242 3168 2313 quod
3208 2254 3454 2312 corpora
3494 2235 3758 2308 proxime

2102 2345 2213 2400 sub
2244 2341 2345 2397 illa
2376 2338 2843 2396 constituuntur.

2490 2430 2580 2483 60.
2615 2428 2688 2482 De
2713 2425 3035 2498 principiis,
3068 2421 3202 2492 quid
3231 2420 3367 2473 sint.

2174 2520 2535 2592 Principium
2568 2533 2761 2572 rerum
2798 2514 3056 2586 primum
3087 2514 3143 2567 et
3172 2524 3352 2580 super
3377 2504 3575 2562 omnia
3608 2501 3763 2575 prin-

2099 2615 2251 2686 cipia
2298 2612 2558 2685 positum
2590 2613 2680 2664 est
2720 2612 2893 2671 Deus,
2928 2607 3061 2676 post
3090 2608 3272 2657 Deum
3321 2596 3510 2652 multa
3559 2608 3758 2649 rerum

2101 2703 2460 2761 naturalium
2496 2704 2635 2755 sunt
2678 2695 2985 2769 principia.
3018 2696 3090 2748 Ac
3140 2690 3560 2747 elementorum
3591 2684 3757 2756 prin~

2100 2795 2254 2866 cipia
2286 2791 2588 2847 materiam
2639 2804 2769 2843 esse
2802 2802 2869 2841 ac
2903 2786 3149 2839 formam
3194 2781 3321 2851 jam
3372 2777 3593 2832 dictum
3646 2776 3754 2827 est.

2099 2882 2569 2955 Composilorum
2600 2895 2734 2933 vero
2780 2889 3093 2946 corporum
3126 2868 3418 2942 principia
3459 2869 3599 2920 sunt
3628 2862 3759 2933 ipsa

2100 2951 2394 3044 simplicia
2436 2969 2750 3032 elementa,
2782 2965 2852 3020 de
2885 2963 3100 3035 quibus
3157 2954 3496 3031 philosophi
3549 2952 3647 3008 alii
3694 2951 3754 3006 in

2100 3063 2327 3118 diversa
2374 3059 2663 3113 abierunt.
2698 3056 2841 3110 Nam
2894 3050 3247 3123 quibusdam
3293 3045 3445 3115 ignis
3476 3042 3641 3097 visus
3668 3044 3758 3096 est

2099 3167 2227 3207 esse
2257 3146 2631 3220 principium,
2659 3147 2893 3215 propter
2924 3137 3265 3203 efﬁcaciam,
3290 3138 3347 3189 et
3370 3132 3526 3205 quod
3559 3128 3757 3185 omnia

330 3249 446 3307 τοῖς
478 3241 536 3299 δὶ
562 3245 625 3299 τὸ
656 3243 803 3320 ὕδωρ
854 3241 944 3299 διὰ
988 3246 1088 3312 τήν
1135 3243 1365 3319 γόνιμον
1417 3243 1596 3318 φύσιν.
1628 3242 1743 3296 Τισὶ
1782 3239 1840 3295 δὲ
1865 3238 1986 3295 τού-

2107 3241 2161 3295 in
2193 3238 2362 3293 illum
2394 3236 2909 3292 consummuntur.
2944 3227 3090 3282 Aliis
3121 3242 3237 3294 aer,
3273 3221 3551 3295 quoniam
3583 3218 3753 3273 illum

330 3355 438 3388 τιον
471 3335 558 3387 καὶ
592 3335 624 3402 ἡ
659 3340 729 3409 γῆ
764 3334 911 3409 ἀρχὴ
972 3330 1139 3404 ἔδοξε,
1189 3330 1277 3387 διὰ
1322 3333 1383 3386 τὸ
1442 3331 1617 3387 πλείω
1672 3336 1779 3386 τῶν
1828 3328 1979 3399 ζώων

334 3422 438 3477 ὑπὸ
468 3426 571 3488 τῆς
626 3429 728 3499 γῆς
780 3424 1084 3497 γεννᾶσθαι,
1144 3422 1233 3477 καὶ
1283 3420 1358 3484 εἷς
1404 3421 1569 3491 αὐτὴν
1616 3419 1937 3483 ἀναλύεσθαι
1967 3435 1981 3452 ·

331 3513 547 3587 Ἕτεροι
581 3508 637 3566 δὲ
667 3512 804 3567 αὐτά
859 3512 924 3567 τὰ
965 3513 1197 3588 τέσσαρα
1258 3517 1504 3587 στοιχεῖα
1551 3511 1725 3587 ἀρχὰς
1752 3514 1858 3565 τῶν
1893 3504 1983 3562 ὅν-

334 3622 442 3655 των
479 3600 840 3675 ἀπεφήναντο.
874 3600 1103 3656 Πλάτων
1161 3598 1219 3655 δὲ
1250 3600 1422 3677 ἀρχὰς
1471 3598 1676 3675 εἴρηκε,
1709 3599 1799 3653 τὸν
1832 3598 1985 3665 Θεὸν,

341 3691 416 3753 ώς
450 3690 655 3764 πατέρα
695 3690 786 3745 καὶ
831 3692 1091 3761 ποιητὴν,
1136 3692 1233 3761 τὴν
1278 3688 1333 3745 ὕ)
1350 3712 1413 3761 ην
1447 3690 1521 3752 ὡς
1553 3687 1856 3765 δεχομένην
1885 3689 1984 3754 τὴν

342 3778 734 3857 δημιουργίαν,
776 3779 865 3835 καὶ
910 3782 1009 3850 τήν
1058 3777 1199 3835 ἰδέαν
1237 3801 1249 3814 ·
1286 3778 1431 3834 ἱδὲαν
1479 3777 1535 3835 δὶ
1567 3778 1708 3854 λέγει
1759 3775 1984 3834 Πλάτων

336 3872 439 3940 τὴν
472 3870 694 3940 πρώτην
728 3864 932 3924 ἔννοιαν
964 3874 1060 3924 τοῦ
1109 3874 1263 3939 Θεοῦ,
1315 3869 1404 3924 καὶ
1452 3870 1551 3938 τὴν
1584 3868 1821 3945 ἄρῥητον
1848 3867 1987 3923 ἐκεί-

336 3982 434 4030 νην
471 3958 765 4036 φανταφίαν
816 3960 906 4014 καὶ
952 3958 1317 4028 ἀνατύπωσιν,
1366 3960 1483 4013 καθ’
1534 3956 1600 4028 ἤν
1651 3959 1741 4013 τὸν
1782 3957 1985 4030 κόσμον

337 4047 432 4119 ὲδη
444 4047 799 4125 μιούργησεν.

937 4246 1031 4318 ξα’.
1066 4244 1195 4320 Περὶ
1236 4244 1338 4315 ὕλη
1352 4267 1396 4307 ς.

431 4333 570 4404 ’Ύλη
594 4333 701 4389 ἐστῖ
732 4338 959 4411 πρᾶγμα
1006 4335 1120 4388 οἷον
1172 4332 1339 4389 εἰπεῖν
1389 4333 1577 4406 ἄϋλον,
1610 4333 1856 4405 αἰσθήσει
1895 4336 1987 4407 μὶν

349 4423 683 4498 ἀθεώρητον,
727 4421 934 4495 διανοίᾳ
982 4420 1037 4479 δὲ
1100 4425 1240 4497 μόνῃ
1286 4423 1517 4493 ληπτόν.
1552 4427 1741 4500 Χεῖρον
1774 4423 1989 4479 πάντων

340 4536 450 4569 των
499 4509 691 4582 ὄντων,
750 4514 1020 4592 ἄμορφον,
1085 4510 1338 4587 ἀνείδεον,
1386 4513 1781 4583 ἀδιατύπωτον,
1837 4513 1992 4569 οὐσία

2092 3329 2384 3399 respirant
2426 3321 2728 3380 animalia.
2762 3318 2906 3374 Aliis
2938 3333 3091 3387 aqua
3136 3318 3374 3385 propter
3404 3306 3751 3365 seminalem

2093 3422 2390 3474 naturam.
2419 3411 2729 3469 Nonnullis
2760 3410 2973 3465 horum
3000 3404 3177 3461 etiam
3206 3408 3362 3458 terra
3395 3396 3753 3471 principium

2091 3508 2221 3563 visa
2250 3508 2357 3570 est,
2383 3501 2663 3575 quoniam
2695 3499 2867 3572 plura
2890 3494 3172 3551 animalia
3198 3508 3266 3547 ex
3295 3489 3397 3545 illa
3427 3490 3755 3543 nascuntur

2095 3600 2152 3653 et
2181 3596 2241 3651 in
2272 3594 2435 3649 illam
2462 3592 2674 3647 iterum
2709 3586 3102 3643 resolvuntur.
3129 3580 3336 3637 Coeteri
3361 3580 3613 3650 quatuor
3642 3575 3754 3629 ista

2096 3702 2293 3742 rerum
2348 3698 2478 3738 esse
2530 3678 2817 3751 principia
2869 3675 3223 3731 statuerunt.
3257 3669 3419 3724 Plato
3467 3664 3752 3738 principia

2096 3791 2226 3831 esse
2256 3772 2491 3828 docuit:
2522 3774 2727 3833 Deum,
2753 3772 3039 3837 tanquam
3071 3765 3296 3833 patrem
3329 3762 3387 3813 et
3417 3759 3746 3821 auctorem;

2100 3864 2426 3928 materiam,
2462 3863 2527 3915 ut
2558 3876 2685 3930 quae
2713 3852 3023 3911 creationis
3055 3867 3204 3923 opus
3234 3850 3295 3903 in
3326 3864 3388 3902 se
3418 3843 3679 3915 recipiat,
3695 3845 3752 3898 et

2098 3952 2497 4009 ideam.Vocat
2521 3953 2714 4003 autem
2739 3946 2929 3999 ideam
2957 3940 3204 4013 primam
3227 3934 3665 4006 conceptionem
3688 3932 3748 3985 in

2100 4047 2232 4109 Deo,
2248 4046 2305 4097 et
2325 4036 2680 4094 ineliabilem
2706 4031 3184 4105 imaginationem
3206 4030 3381 4097 atque
3402 4021 3753 4080 efformatio-

2099 4148 2254 4201 nem,
2280 4127 2604 4186 secundum
2639 4140 2814 4197 quam
2848 4120 3137 4177 mundum
3170 4116 3305 4172 fecit
3334 4130 3400 4170 ac
3429 4110 3712 4170 condidit.

2684 4232 2773 4285 61.
2808 4233 2881 4286 De
2911 4227 3167 4282 materia.

2171 4325 2413 4383 Materia
2442 4327 2531 4379 est
2563 4339 2675 4387 res,
2710 4325 2774 4375 ut
2802 4321 2881 4374 ita
2914 4317 3125 4381 dicam,
3158 4308 3590 4378 immaterialis,
3624 4322 3749 4378 quae

2100 4433 2278 4473 sensu
2310 4432 2425 4470 non
2459 4409 2896 4482 comprehendi,
2931 4407 3032 4462 sed
3071 4404 3197 4461 sola
3234 4399 3588 4472 cogitatione
3616 4412 3749 4469 per-

2102 4506 2212 4576 cipi
2276 4506 2485 4576 potest.
2543 4500 2818 4555 Omnium
2874 4496 3098 4552 entium
3164 4496 3567 4564 postremum,
3624 4485 3750 4540 sine

343 4601 593 4665 ἀνούσιος
653 4604 741 4659 καὶ
792 4600 1020 4678 ὔμαρςις
1077 4602 1430 4679 ἀνύπαρκτος.
1465 4606 1587 4661 Ἐὰν
1646 4574 1987 4680 γὰρ’ἀνέλῃς

2107 4595 2314 4663 forma,
2345 4591 2472 4647 sine
2520 4590 2732 4660 specie,
2766 4588 2893 4643 sine
2942 4586 3145 4656 ﬁgura,
3179 4579 3435 4637 essentia
3480 4574 3751 4632 essentia:

344 4693 518 4767 τυχὸν
552 4692 657 4747 ἀπὸ
686 4696 791 4747 τῶν
822 4695 1089 4765 σωμάτων
1135 4693 1230 4755 τὰς
1260 4689 1588 4764 ποσότητας,
1627 4694 1723 4757 τὰς
1758 4694 1993 4766 σ’χὲσεις,

343 4781 438 4843 τὰς
470 4776 623 4853 ἔξεις,
655 4780 753 4844 τὰς
782 4782 1008 4857 τροπὰς,
1060 4784 1156 4845 τὰς
1203 4785 1461 4855 κινήσεις,
1511 4784 1607 4846 τὰς
1640 4780 1991 4850 ἀλλοιώσεις,

343 4870 437 4931 τὰς
473 4865 812 4941 μεταϐολάς,
864 4876 967 4925 πᾶν
1016 4865 1196 4947 ἕτερον
1245 4871 1423 4926 ὁτιουν
1475 4872 1538 4926 τὸ
1593 4869 1993 4942 καταλειπόμε-

343 4978 435 5014 νον
464 4955 571 5028 ὕλη
607 4956 778 5017 ἐστίν.
824 4960 947 5016 Ἐὰν
1003 4961 1106 5035 γὰρ
1158 4957 1352 5034 ἀνέλῃς
1408 4958 1514 5015 ἀπὸ
1570 4964 1667 5014 τοῦ
1698 4960 1867 5034 πυρὸς
1895 4960 1992 5027 τήν

348 5046 664 5123 θερμότητα
719 5048 810 5102 καὶ
858 5049 955 5117 τὴν
1000 5047 1296 5123 ξηρότητα,
1328 5048 1418 5103 καὶ
1450 5048 1554 5104 ἀπὸ
1582 5052 1680 5103 τοῦ
1711 5049 1866 5123 ἀέρος
1896 5048 1992 5115 τήν

347 5135 663 5211 Θερμότητα
710 5138 801 5192 καὶ
846 5139 945 5207 τὴν
1014 5136 1304 5213 ὑγρότητα,
1362 5136 1451 5192 καὶ
1508 5138 1614 5193 ἀπὸ
1651 5142 1747 5193 τοῦ
1806 5135 1999 5199 ὕδατος

346 5227 447 5295 τὴν
478 5225 805 5301 ψυχρότητα
834 5228 923 5282 καὶ
968 5228 1068 5297 τήν
1115 5225 1404 5303 ὑγρότητα,
1436 5229 1498 5282 τὸ
1529 5225 1758 5303 ἔσχατον
1791 5226 1993 5282 τούτων

351 5312 709 5392 ὑπολειφθὲν,
742 5314 846 5387 ὕλη
874 5314 1038 5372 ἐστίν.

1070 5405 1196 5480 Ηερὶ
1231 5405 1441 5462 αἰτιῶν.

424 5492 613 5555 Αἷτίας
646 5495 673 5548 6
727 5493 821 5567 μὲν
870 5492 1258 5570 Ἀριστοτᾶλης
1304 5495 1562 5567 τέσσαρας
1605 5492 1937 5569 δογματίζει,
1972 5494 1999 5548 6

356 5579 415 5637 δὲ
446 5580 677 5639 Πλάτων
721 5580 793 5656 ἔξ.
830 5585 979 5640 Ἐστι
1018 5582 1075 5639 δὲ
1105 5582 1251 5638 αἰτία
1272 5583 1462 5657 πρώτη
1493 5583 1585 5656 μὲν
1619 5587 1653 5653 ἡ
1687 5584 1948 5654 ποιητική
1985 5603 1997 5616 ·

359 5670 540 5745 ὥσπερ
590 5675 690 5738 τῆς
735 5670 926 5744 κλίνης
980 5676 1196 5747 πρῶτον
1255 5671 1425 5729 αἴτιον
1480 5674 1508 5728 6
1555 5671 1896 5745 κλινοποιὸς,
1930 5672 2003 5737 ὡς

2105 4699 2309 4756 expers
2340 4686 2397 4737 et
2430 4678 2764 4735 substantia
2792 4677 2918 4733 sine
2949 4672 3303 4730 substantia.
3334 4668 3390 4723 Si
3421 4667 3579 4724 enim
3614 4665 3749 4720 abs-

2103 4755 2303 4830 trahas
2354 4789 2388 4827 a
2434 4785 2675 4841 corpore
2731 4766 3069 4839 qualitates,
3112 4761 3447 4826 relationes,
3489 4755 3749 4821 habitus,

2106 4866 2332 4933 modos,
2401 4866 2617 4931 motus,
2687 4858 3083 4925 alterationes,
3150 4850 3527 4914 mutationes,
3594 4845 3753 4901 aliud

2107 4955 2521 5027 quodcunque,
2556 4950 2709 5021 quod
2760 4944 3111 5003 remanserit
3157 4938 3402 4997 materia
3448 4940 3555 4993 est.
3589 4936 3674 4991 Ita
3704 4933 3756 4989 si

2106 5023 2177 5101 ab
2206 5044 2343 5115 igne
2370 5023 2423 5098 vi
2454 5057 2509 5113 g.
2545 5036 2897 5096 abstraxeris
2930 5034 3182 5090 calorem
3210 5034 3268 5086 et
3297 5027 3653 5096 ariditatem,
3686 5023 3758 5079 ab

2107 5148 2240 5190 aere
2286 5132 2538 5188 calorem
2591 5134 2647 5185 et
2692 5124 3132 5192 humiditatem,
3166 5121 3236 5177 ab
3285 5135 3443 5191 aqua
3487 5116 3672 5188 frigus
3704 5118 3761 5169 et

2107 5222 2547 5289 humiditatem,
2581 5222 2942 5291 postremum
2993 5211 3151 5284 quod
3203 5210 3473 5282 superest
3515 5202 3762 5262 materia

2110 5317 2217 5370 est.

2712 5398 2802 5452 62.
2838 5396 2910 5451 De
2952 5392 3152 5449 causis.

2182 5492 2399 5546 Causas
2446 5487 2794 5544 Aristoteles
2851 5487 3107 5556 quatuor
3164 5478 3363 5543 tradit,
3414 5476 3578 5533 Plato
3636 5489 3757 5531 sex.

2112 5581 2305 5637 Prima
2336 5583 2424 5637 est
2455 5595 2633 5634 causa
2664 5576 2943 5644 efﬁciens,
2979 5576 3044 5627 ut
3081 5570 3214 5625 lecti
3245 5568 3433 5640 prima
3462 5580 3640 5621 causa
3667 5566 3760 5618 est

2112 5671 2210 5744 qui
2260 5687 2394 5727 eum
2454 5668 2708 5741 conﬁcit,
2740 5668 2987 5739 ejusque
3041 5665 3133 5719 est
3189 5662 3409 5717 auctor.
3442 5650 3756 5713 Materialis
