4040 6146
347 339 464 398 727

1677 332 1915 392 MICIIA
1934 330 2103 391 ELIS
2150 331 2420 390 PSELLI

3632 335 3734 394 728

352 485 528 526 causa
562 467 697 523 lecti
744 470 834 523 est
878 465 1128 539 lignum,
1163 466 1292 522 sine
1324 463 1567 521 materia
1612 463 1768 520 enim
1803 462 2004 518 nullus

2126 462 2360 532 ποιητὴς
2391 459 2611 533 ταότης.
2643 459 2855 517 Ύλικὸν
2909 459 2966 518 δὲ
3008 460 3179 518 αἵτιον
3223 469 3322 533 τῆς
3352 460 3548 532 κλίνης
3578 463 3634 518 τὸ
3663 463 3737 533 Εὖ·

355 561 545 615 lrctus
603 557 797 630 perﬁci
856 562 1068 629 potest.
1122 555 1406 612 Formalis
1436 560 1491 610 et
1532 555 1665 610 lecti
1718 554 1908 625 ﬁgura
1952 557 2009 607 et

359 650 510 704 idea.
546 647 762 702 Finalis
811 647 1085 718 denique,
1119 650 1182 700 ut
1213 645 1481 700 homines
1530 645 1588 698 in
1621 643 1718 698 illo
1752 643 2008 714 quietcm

360 736 696 809 capiant,ob
717 735 867 790 hanc
891 736 1102 806 quippe
1125 751 1364 789 causam
1389 733 1602 788 lectum
1631 732 2006 786 fabricamus.

363 828 459 881 Hae
489 830 628 880 sunt
649 833 902 896 quatuor
932 839 1117 878 causae
1142 840 1288 895 quas
1321 824 1476 878 novit
1501 821 1860 876 Aristoteles.
1886 820 2010 875 Illis

357 918 506 970 duas
536 913 680 968 alias
709 912 870 967 addit
902 911 1097 966 Plato:
1132 911 1664 979 instrumentalem,
1691 915 1754 964 ut
1787 926 2007 964 serram

357 1009 415 1060 et
441 1003 762 1067 terebrum,
796 1017 1044 1072 quorum
1078 1018 1184 1072 ope
1233 1001 1446 1056 lectum
1491 1000 1922 1072 componimus,
1955 1004 2011 1053 et

355 1091 767 1164 exemplarem,
799 1107 927 1162 quas
960 1091 1175 1160 duplex
1219 1096 1327 1158 est,
1361 1090 1446 1145 vel
1481 1090 1843 1144 extrinsecus
1876 1104 2011 1160 pro-

356 1181 566 1255 posita,
607 1181 675 1236 ad
729 1196 906 1252 quam
955 1180 1163 1234 artifex
1217 1180 1464 1252 quilibet
1517 1180 1651 1234 facit
1702 1178 1842 1234 artis
1893 1194 2010 1232 suis

356 1288 524 1342 opus,
556 1269 642 1326 vel
678 1286 805 1341 quas
846 1286 914 1324 ex
945 1274 1138 1325 mente
1183 1275 1239 1324 et
1287 1269 1637 1341 cogitatione
1685 1269 2014 1324 conforma-

357 1361 579 1417 tionem
610 1359 843 1431 accipit.

967 1537 1056 1592 63.
1091 1537 1164 1592 De
1193 1537 1409 1608 ﬁguris.

436 1627 646 1698 Figura
677 1630 764 1681 est
794 1625 1050 1697 qualitas
1076 1643 1190 1698 qua
1223 1627 1773 1682 mathematicorum
1808 1643 2009 1699 corpo-

364 1733 495 1772 rum
528 1715 866 1786 superﬁcies
895 1715 1266 1771 describitur.
1295 1716 1772 1772 Mathematicum
1801 1733 2012 1788 corpus

2117 547 2216 604 λον
2250 573 2259 583 ·
2300 549 2418 605 ἄνευ
2447 551 2547 627 γὰρ
2582 551 2720 621 ὕλης
2755 551 2854 606 οὐκ
2907 551 2964 606 ἂν
3005 552 3217 629 γένοιτο
3245 551 3430 623 κλίνη.
3459 549 3664 607 Εῐδικὸν
3691 551 3739 608 Si

2117 647 2310 715 σχῆμα
2351 639 2550 710 ταύτης
2599 641 2688 695 καὶ
2729 645 2762 711 ἡ
2824 639 2957 696 ἰδέα.
3003 641 3234 699 Τελικὸν
3293 640 3349 696 δὲ
3411 645 3443 711 ἡ
3497 642 3546 696 ἐν
3594 643 3739 716 ταότῃ

2115 734 2224 783 τῶν
2276 729 2576 805 ἀνθρώπων
2623 730 2940 801 ἀνάπαυσις,
2993 728 3078 785 διὰ
3123 732 3322 801 ταύτην
3375 732 3478 806 γάρ
3537 732 3630 798 τὴν
3669 731 3739 786 al-

2115 817 2232 872 τίαν
2265 821 2361 886 τὴν
2421 819 2617 887 κλίνην
2676 819 3086 894 ἐξεργαζόμεθα.
3136 821 3192 873 Ὀ
3238 820 3336 892 μὲν
3377 818 3741 894 Ἀριστοτὲλης

2116 906 2212 968 τὰς
2270 909 2529 983 τέσσαρας
2584 909 2777 970 ταύτας
2848 909 3024 970 αττίας
3098 906 3259 964 οἶδεν.
3314 914 3375 966 '0
3427 906 3483 962 δὲ
3539 907 3740 964 Πλάτων

2120 996 2302 1066 ἑτέρας
2332 994 2426 1052 δύο
2459 999 2809 1072 προστίθησι,
2833 999 2931 1068 τὴν
2978 999 3290 1074 ὀργανικὴν,
3333 1000 3450 1053 οἷον
3491 999 3580 1052 τὸν
3611 998 3744 1072 πρίο-

2117 1106 2205 1156 να,
2235 1083 2271 1155 ἤ
2303 1087 2366 1141 τὸ
2396 1085 2663 1162 τέρετρον,
2715 1085 2785 1142 δι’
2816 1089 2889 1141 ὧν
2938 1089 3037 1156 τὴν
3085 1087 3273 1157 κλίνην
3330 1091 3594 1160 ποιοῦμεν
3626 1106 3638 1119 ·
3668 1086 3744 1140 καὶ

2119 1177 2182 1230 τὸ
2239 1174 2733 1252 παραδειγματικόν
2767 1197 2779 1209 ·
2838 1175 3000 1232 τοῦτο
3059 1175 3117 1232 δὶ
3172 1175 3349 1232 διττόν
3385 1177 3550 1246 ἐστιν,
3596 1176 3742 1251 ἡγὰρ

2121 1262 2312 1336 ἔξωθεν
2343 1260 2596 1332 ἔκκειται,
2647 1265 2737 1321 καὶ
2787 1267 2923 1338 πρὸς
2979 1267 3158 1322 εἰκόνα
3205 1273 3310 1330 πᾶς
3335 1266 3589 1342 τεχνίτης
3617 1271 3746 1320 ποιεῖ

2119 1355 2180 1410 τὸ
2208 1355 2678 1431 τεχνιτευόμενον,
2706 1358 2741 1426 ἡ
2797 1353 2855 1410 δὲ
2895 1355 2946 1411 ἐν
2994 1359 3063 1423 τῇ
3123 1353 3333 1428 διανοίᾳ
3365 1350 3630 1430 λαμϐάνει
3656 1355 3742 1423 τήν

2120 1443 2481 1502 ἀνατύπωσιν.

2637 1535 2732 1610 ξγ’.
2759 1533 2890 1612 Περὶ
2921 1535 3249 1611 σχημάτων.

2194 1625 2403 1700 Σχῆμά
2435 1622 2546 1680 ἐστι
2596 1625 2824 1695 ποιότης
2871 1629 2978 1680 τῶν
3035 1627 3436 1698 μαθηματικῶν
3497 1622 3742 1696 σωμάτων

2121 1713 2557 1788 ἆποπεράτωσις.
2626 1714 3015 1788 Μαθηματικὸν
3091 1711 3148 1769 δὲ
3209 1714 3372 1787 σῶμά
3430 1711 3570 1768 ἔστιν
3623 1709 3742 1765 ἅπαν

361 1805 575 1860 dicitur
603 1821 776 1860 omne
809 1805 996 1877 ﬁgura
1026 1809 1181 1860 certa
1214 1805 1544 1876 praeditum,
1574 1812 1637 1862 ut
1668 1808 2005 1874 rotundum,

2126 1803 2180 1858 τὸ
2213 1801 2713 1879 ἔσχηματισμένον,
2747 1806 2863 1858 οἷον
2910 1805 2971 1859 τὸ
3020 1802 3344 1880 στογγόλον,
3389 1804 3454 1857 τὸ
3478 1801 3741 1878 τρίγωνον,

359 1893 742 1966 triangulare,
759 1895 1133 1966 quadratum,
1147 1896 1674 1968 quinquangulare,
1688 1897 2004 1969 etIsimilia.

360 1985 620 2048 Quatuor
649 2000 820 2054 porro
851 1982 1138 2039 elementa
1189 1986 1448 2040 rotundae
1500 1986 1700 2058 ﬁgurae
1729 2002 1857 2042 esse
1888 1990 2010 2041 tra-

357 2073 526 2128 dunt.
554 2072 713 2128 Plato
744 2077 802 2128 et
831 2075 1081 2128 rotunda
1104 2074 1317 2146 facitl‘et
1341 2075 1599 2130 diversas
1623 2075 1768 2131 alias
1793 2075 2010 2148 ﬁguras

359 2161 475 2217 illis
505 2161 918 2234 circumponit.
948 2162 1095 2217 Nam
1128 2167 1342 2218 terram
1376 2164 1446 2219 ob
1481 2165 1708 2219 ﬁrmam
1743 2170 1797 2220 et
1828 2165 2010 2220 stabi-

359 2251 473 2306 lem
507 2267 676 2306 suam
712 2252 1098 2324 naturamIait
1129 2253 1341 2308 referre
1375 2255 1618 2325 ﬁguram
1654 2253 1808 2322 cubi,
1833 2253 2010 2327 siqui-

363 2341 498 2395 dem
527 2344 583 2395 et
614 2341 800 2396 cubus
837 2340 1041 2397 ﬁrmus
1090 2357 1152 2397 ac
1199 2343 1428 2398 stabilis
1458 2348 1566 2398 est.
1602 2346 1818 2414 Ignem,
1864 2359 2011 2414 quo-

288 2503 296 2507 _
365 2429 524 2484 niam
557 2445 792 2484 sursum
825 2431 1088 2486 tenditet
1116 2431 1174 2486 in
1207 2437 1442 2488 acutum
1471 2433 1777 2489 desinitex
1811 2432 2013 2489 latiore

364 2519 515 2585 basi,
549 2518 714 2591 ponit
742 2535 870 2576 esse
910 2521 1219 2592 praeditum
1275 2523 1462 2594 ﬁgura
1510 2522 1878 2595 pyramidali,
1910 2540 2012 2578 va-

366 2607 572 2680 riaque
592 2608 707 2663 alia
734 2625 865 2664 eum
897 2609 953 2664 in
981 2612 1220 2666 modum
1249 2612 1510 2684 disputat
1554 2613 1664 2670 Sed
1687 2616 1743 2668 et
1765 2613 2016 2668 rotunda

363 2697 567 2752 eadem
599 2697 884 2753 elementa
915 2716 1042 2754 esse
1073 2700 1298 2767 statuit,
1334 2702 1487 2772 quod
1523 2701 1729 2757 malum
1763 2702 2014 2757 circum-

365 2784 652 2841 rotatione
685 2802 792 2841 sua
819 2787 1190 2858 superﬁciem
1224 2789 1488 2860 ipsorum
1519 2789 1696 2845 veluti
1728 2790 2012 2856 detornat,

369 2873 802 2945 rotundamque
831 2875 1025 2930 efﬁcit.

932 2983 1131 3055 6450i:
1157 2985 1452 3042 coloribus.

439 3068 608 3126 Color
637 3077 723 3126 est
756 3071 1007 3142 qualitas
1041 3073 1286 3131 visibilis
1329 3076 1388 3131 in
1419 3091 1727 3149 corporum
1763 3078 2014 3151 superﬁ-

370 3158 476 3215 cie.
511 3161 578 3214 At
607 3159 768 3215 Plato
801 3177 947 3216 novo
979 3163 1152 3217 modo
1192 3163 1448 3220 colorum
1496 3166 1784 3223 rationem
1829 3168 2015 3240 expli-

371 3252 464 3302 cat
499 3264 511 3302 :
547 3247 628 3302 ait
655 3248 808 3303 enim
860 3251 931 3304 ab
981 3252 1222 3321 objectis
1267 3255 1611 3324 corporibus
1643 3261 1698 3309 et
1727 3256 1798 3311 ab
1829 3255 2016 3312 oculis

371 3336 694 3392 videntium
733 3339 968 3395 el'ﬁuvia
1015 3343 1283 3411 quaedam
1329 3343 1538 3413 emitti,
1574 3364 1702 3415 quas
1733 3346 1791 3400 in
1825 3347 2017 3401 medio

373 3425 680 3481 intervallo
746 3429 1065 3484 constituta
1130 3431 1355 3500 species
1421 3434 1682 3488 colorum
1741 3436 2016 3490 efﬁciant.

375 3519 575 3586 Neque
607 3532 738 3570 vero
760 3518 1036 3573 omnibus
1065 3518 1286 3575 colores
1315 3523 1518 3576 eodem
1545 3524 1717 3578 modo
1741 3541 2023 3595 apparere

373 3602 751 3658 observatum
783 3611 891 3674 est,
925 3607 1025 3661 sed
1063 3625 1165 3677 pro
1197 3608 1443 3664 diversis
1473 3613 1835 3667 cernentium
1868 3620 2020 3668 tem-

376 3691 665 3760 peraturis
715 3693 891 3749 etiam
950 3695 1172 3752 colores
1228 3715 1446 3764 rerum,
1480 3717 1610 3770 quis
1667 3703 1919 3757 olI'erunt
1959 3719 2022 3758 se

369 3780 578 3847 oculis,
613 3781 827 3837 diversi
878 3784 1168 3852 videntur,
1204 3787 1287 3840 uti
1335 3787 1405 3841 iis
1456 3789 1557 3858 qui
1610 3791 1813 3846 morbo
1863 3792 2020 3862 regio

371 3866 660 3938 laborant,
695 3871 839 3926 ﬂava
887 3889 1018 3943 quae
1067 3879 1334 3942 cernunt,
1389 3885 1693 3950 apparent,
1746 3880 1836 3935 his
1886 3897 2021 3936 vero

369 3958 584 4027 quibus
633 3959 859 4031 pupilla
908 3964 1120 4017 rubore
1171 3965 1385 4020 intecta
1434 3973 1544 4030 est,
1597 3968 1797 4037 rubra,
1843 3974 2020 4040 atque

369 4045 579 4101 iterum
612 4049 926 4105 albicantia
961 4052 1077 4105 illis
1109 4055 1208 4123 qui
1243 4055 1440 4110 album
1475 4055 1783 4112 humorem
1833 4074 2016 4112 mem-

370 4134 572 4190 branis
617 4138 920 4194 oculorum
979 4141 1272 4199 suﬁ'usum
1331 4143 1568 4216 habent,
1617 4145 1866 4216 aliisque
1915 4163 2018 4218 pro

369 4220 600 4278 diversa
629 4229 1027 4298 temperatura
1057 4230 1247 4285 aliter.

711 4333 800 4388 65.
834 4335 903 4390 De
935 4338 1190 4392 mz'sti'one
1217 4345 1270 4392 et
1295 4341 1672 4409 permixtione.

2115 1894 2178 1948 τὸ
2208 1892 2567 1969 τετράγωνον,
2615 1895 2678 1948 τὸ
2725 1895 3090 1968 πεντάγωνον,
3139 1893 3228 1948 καὶ
3269 1892 3370 1948 ὅσα
3395 1895 3629 1949 τοιαῦτα.
3681 1889 3744 1944 Τὰ

2115 1983 2294 2038 τοίνυν
2365 1981 2597 2059 τέσσαρα
2663 1989 2911 2058 στοιχεῖα
2993 1989 3258 2061 περιφερῆ
3351 1979 3740 2057 δογματίζουσι.

2119 2073 2343 2128 Πκάτων
2374 2070 2431 2127 δὶ
2477 2073 2562 2127 καὶ
2623 2079 2888 2149 περιφερῆ
2948 2072 3034 2128 καὶ
3089 2071 3142 2127 ἐν
3203 2069 3492 2150 διαφόροις
3542 2069 3742 2125 πλάττει

2120 2164 2370 2237 σχήμασι
2403 2182 2414 2194 ·
2448 2162 2546 2230 τὴν
2585 2162 2677 2235 μὲν
2726 2163 2827 2237 γάρ
2871 2169 2974 2236 γῆν
3007 2159 3094 2216 διὰ
3129 2162 3190 2216 τὸ
3240 2159 3556 2234 εὖέδραστον
3585 2157 3744 2213 καὶτὸ

2125 2246 2360 2328 βεϐηκὸς
2419 2252 2609 2322 αὐτῆς,
2659 2246 2914 2320 κυϐοειδῆ
2978 2250 3121 2328 λέγει
3156 2270 3168 2282 ·
3225 2249 3442 2326 ἑδραῖος
3481 2249 3576 2324 γὰρ
3613 2246 3742 2302 καὶὸ

2119 2335 2307 2403 κύϐος.
2331 2342 2400 2396 Τὸ
2454 2341 2509 2396 Et
2558 2345 2663 2414 πῦρ
2719 2339 2808 2396 διὰ
2863 2342 2925 2396 τὸ
2972 2338 3076 2395 ἄνω
3108 2341 3361 2416 φέρεσθαι
3410 2339 3501 2394 καὶ
3558 2337 3628 2400 εἷς
3664 2335 3740 2406 όξῦ

2122 2427 2420 2505 ἀπολήγειν
2477 2430 2581 2485 ἀπὸ
2638 2429 2900 2492 πλατείας
2969 2428 3192 2505 βάσεως,
3257 2423 3616 2503 πυραμοειδὶς
3667 2424 3738 2478 τί·

2121 2519 2270 2589 θησι,
2329 2518 2417 2573 καὶ
2448 2521 2514 2574 τὰ
2558 2518 2744 2576 πολλᾶ
2793 2519 2989 2594 ἑτέρως
3047 2519 3406 2595 χρηματίζει.
3443 2512 3741 2592 Στρογγῦλα

2123 2603 2181 2663 δὶ
2239 2606 2391 2672 αὖθις
2416 2613 2582 2664 ταῦτα
2610 2608 2839 2677 τίθεται,
2865 2607 3004 2664 διότι
3037 2610 3065 2664 ὁ
3097 2607 3322 2682 οὐρανὸς
3353 2603 3738 2682 κυκλοφερόμε-

2121 2718 2212 2759 νος
2232 2698 2599 2774 περιτορνεόει
2628 2700 2727 2768 τὴν
2758 2697 2966 2754 τούτων
2991 2697 3325 2775 ἐπιφάνειαν.

2636 2985 2730 3059 ξδ’.
2763 2986 2892 3062 Περὶ
2925 2987 3264 3062 χρωμάτων.

2196 3077 2403 3150 Χρῶμά
2457 3076 2598 3134 ἐστιν
2656 3078 2825 3151 ὁρατά
2890 3076 3122 3144 ποιότης
3171 3078 3270 3140 τῆς
3326 3079 3435 3129 τῶν
3503 3070 3740 3143 σωμάτων

2129 3164 2460 3244 ἐπιφανείας,
2536 3167 2597 3223 Ὀ
2643 3164 2700 3221 δὲ
2759 3186 2820 3240 γε
2879 3164 3106 3220 Πλάτων
3163 3163 3353 3218 καινὸν
3408 3182 3526 3218 τινα
3566 3157 3740 3233 τρόπον

2130 3253 2473 3330 διερμηνεόει
2517 3255 2641 3330 περὶ
2699 3256 3036 3330 χρωμάτων.
3097 3255 3251 3328 Λὲγει
3303 3250 3364 3307 δὶ
3409 3251 3489 3306 ὅτι
3536 3250 3616 3303 καὶ
3654 3244 3740 3299 ἀπὸ

2125 3349 2234 3400 τῶν
2288 3345 2658 3416 ὑποκειμένων
2705 3343 2970 3416 σωμάτων
3011 3344 3099 3397 καὶ
3145 3343 3251 3396 ἀπὸ
3299 3342 3552 3416 ὁρώνυων
3582 3333 3738 3408 ὀμμά-

2127 3454 2233 3488 των
2267 3433 2556 3508 άπόρροιαί
2587 3455 2725 3495 τινες
2767 3433 3095 3505 πὲμπονται,
3146 3430 3341 3492 αἶ’τινες
3381 3430 3431 3485 ἰν
3463 3429 3538 3500 τῷ
3573 3421 3738 3499 μεταξὺ

2127 3527 2224 3577 τοῦ
2256 3519 2624 3594 διαστήματος
2668 3521 2952 3597 γενόμεναι
3000 3521 3094 3582 τὰς
3141 3517 3282 3581 ίδὲας
3321 3524 3432 3574 τῶν
3465 3513 3741 3592 χρωμάτων

2129 3617 2404 3668 ποιοῦσιν.
2440 3612 2516 3668 Οὐ
2548 3617 2677 3666 πᾶσι
2736 3607 2792 3665 δὲ
2840 3611 2995 3688 φασὶν
3039 3610 3249 3682 ὁμοίως
3305 3609 3375 3663 τὰ
3417 3606 3546 3662 αὐτὰ
3586 3600 3740 3678 φαῐνι-

2131 3703 2248 3756 σθαι
2290 3701 2583 3775 χρώματα,
2643 3697 2789 3754 ἀλλὰ
2855 3699 2989 3772 πρὸς
3041 3699 3136 3762 τὰς
3207 3695 3502 3771 διαφόρους
3555 3690 3741 3764 κράσεις

2127 3795 2235 3844 τῶν
2285 3791 2532 3866 ὁρώντων
2581 3789 2669 3843 καὶ
2723 3787 3017 3865 ὁρωμένων
3047 3787 3142 3849 τὰς
3184 3787 3356 3861 χρόας
3392 3781 3739 3858 μεταχρώννυ·

2131 3891 2250 3943 σθαι
2289 3899 2301 3912 ο
2353 3885 2469 3943 τοῖς
2509 3879 2602 3951 μὲν
2662 3879 2766 3955 γάρ
2821 3877 3148 3951 ἰκτεριῶσιν,
3209 3876 3371 3950 ὠχρὰ.
3426 3875 3490 3929 τὰ
3519 3871 3740 3955 ὁρώμενα

2131 3970 2371 4045 φαίνεται
2408 3987 2419 3999 ·
2453 3975 2569 4031 τοῖς
2623 3966 2679 4024 δὲ
2725 3969 2824 4036 τὴν
2857 3968 3029 4041 κόρην
3067 3967 3259 4038 ξανθὴν
3293 3961 3505 4041 ἔχουσι,
3560 3954 3698 4029 ξανθά
3724 3971 3735 3984 ⁸

2126 4065 2242 4120 τοῖς
2275 4059 2494 4135 φλέγμα
2519 4059 2640 4132 περὶ
2698 4057 2824 4120 τοὺς
2870 4056 3066 4130 ὑμένας
3108 4061 3215 4110 τῶν
3263 4055 3560 4129 ὀφθαλμῶν
3585 4045 3737 4146 ςέχοίι-

2126 4167 2227 4215 σιν,
2267 4145 2542 4202 ὑπόλευκα
2576 4169 2586 4180 ·
2621 4147 2708 4200 καὶ
2740 4143 2934 4206 ἀλλοις
2979 4143 3186 4212 ἄλλως,
3215 4144 3348 4198 κατὰ
3388 4143 3482 4210 τήν
3508 4138 3732 4213 διαφοράν

2122 4240 2232 4290 τῶν
2257 4236 2494 4312 κράσεων
2506 4277 2518 4292 .

2509 4345 2593 4414 ξε’.
2629 4344 2758 4417 Περὶ
2795 4343 2989 4415 μίξεως
3014 4342 3103 4396 καὶ
3134 4341 3399 4416 κράσεωςο

437 4419 632 4476 Mistio
676 4427 767 4476 est
811 4424 950 4478 unio
999 4441 1310 4496 corporum
1370 4444 1470 4496 per
1515 4429 2011 4499 conjunctionem,

363 4509 560 4579 qualis
588 4517 679 4566 est
707 4512 818 4567 olei
851 4519 907 4567 et
937 4530 1118 4585 aquae.
1155 4515 1349 4582 Neque
1379 4517 1535 4571 enim
1581 4523 1702 4572 tota
1753 4518 1908 4574 inter
1950 4535 2012 4574 se

362 4599 536 4653 ambo
569 4601 1016 4670 permiscentur,
1050 4604 1150 4658 sed
1185 4610 1436 4659 summis
1471 4607 1640 4660 modo
1673 4607 2008 4678 superﬁcie-

365 4687 474 4741 bus
497 4687 853 4760 junguntur.
892 4691 1139 4746 Inferior
1170 4694 1324 4746 enim
1377 4694 1483 4749 olei
1534 4695 1875 4766 superﬁcies
1907 4696 2018 4749 mi-

353 4781 559 4831 scetur
602 4778 722 4834 sive
772 4781 978 4836 unitur
1024 4781 1309 4853 superiori
1345 4783 1674 4855 superﬁciei
1726 4799 1911 4854 aquae.
1946 4778 2019 4838 Αῑ

362 4867 666 4937 permistio
696 4874 805 4937 est,
829 4871 1062 4942 quando
1103 4871 1268 4927 unita
1315 4888 1555 4944 corpora
1603 4878 1720 4928 tota
1751 4874 1834 4929 sic
1867 4874 2018 4928 invi‘

356 4971 479 5010 cem
526 4957 972 5029 permiscentur,
998 4964 1062 5014 ut
1091 4977 1243 5032 aqua
1273 4966 1330 5015 et
1357 4961 1572 5016 vinum.
1604 4965 1806 5033 Itaque
1837 4963 2013 5019 mista

357 5058 600 5115 corpora
633 5063 699 5102 ex
752 5054 913 5120 parte
943 5049 1176 5120 quidem
1231 5051 1540 5119 uniuntur,
1575 5051 1884 5108 inronfusa
1925 5060 2010 5112 ta-

359 5147 489 5187 men
529 5143 767 5192 mancnt
802 5156 814 5194 :
848 5141 1126 5212 permista
1160 5145 1355 5196 autem
1401 5145 1708 5212 penetrant
1738 5141 2007 5220 invicem,

356 5223 754 5298 scinduntque
788 5245 852 5283 ac
885 5230 1260 5300 scinduntur,
1285 5236 1340 5286 et
1375 5234 1522 5288 inter
1553 5248 1613 5289 se
1644 5232 2008 5290 confundun-

357 5319 469 5368 tur.
508 5313 652 5369 Unio
684 5321 878 5373 autem
923 5319 1020 5374 Dei
1055 5337 1187 5375 cum
1237 5326 1437 5377 nostra.
1477 5328 1687 5378 natura
1719 5329 1773 5379 et
1808 5327 2004 5382 mistio

358 5407 466 5469 est,
501 5404 639 5474 quia
700 5405 824 5460 sine
879 5409 1223 5464 confusione
1285 5411 1366 5478 ﬁt,
1418 5415 1474 5466 et
1533 5416 1618 5466 est
1676 5414 1999 5484 permistio,

357 5497 588 5564 propter
643 5494 992 5550 idiomatum
1052 5500 1668 5558 communicationem.
1719 5503 1999 5561 Caaterum

354 5599 570 5636 nevum
604 5583 770 5649 illud,
801 5600 932 5638 cum
964 5592 1268 5658 assumpta
1298 5594 1529 5659 natura,
1560 5608 1746 5664 genus
1779 5594 1999 5653 mistio-

351 5671 444 5725 nis
477 5678 583 5739 est,
615 5677 671 5728 et
702 5671 848 5728 mira
880 5689 945 5727 ac
977 5673 1292 5744 singularis
1324 5679 1648 5749 permistio.

2193 4434 2252 4487 Ἠ
2292 4434 2385 4504 μὶν
2423 4433 2562 4506 μίξις
2613 4431 2796 4494 ἕνωσίς
2845 4432 2954 4486 ἐστι
2994 4433 3261 4504 σωμάτων
3288 4431 3424 4485 κατὰ
3451 4422 3728 4506 παράθεσιινν

2122 4521 2196 4582 ὡς
2248 4503 2330 4576 ἐπὶ
2363 4520 2547 4577 ἐλαίου
2579 4521 2668 4577 καὶ
2702 4519 2912 4584 ὕδατος.
2948 4519 3020 4574 Οὐ
3050 4521 3150 4595 γὰρ
3183 4516 3252 4573 δι’
3283 4517 3416 4573 ὅλου
3446 4509 3598 4568 ταῦτά
3630 4503 3727 4576 κίρ-

2119 4631 2272 4665 ναται
2305 4609 2450 4667 ἀλλὰ
2498 4613 2632 4666 κατὰ
2677 4613 2773 4674 τὰς
2827 4612 2994 4684 ἁκρας
3045 4607 3353 4687 ἐπιφανείας
3403 4605 3569 4662 αὐτῶν
3605 4596 3728 4692 ἔνου-ἶ

2126 4720 2237 4756 ται.
2292 4702 2353 4755 ἹΙ
2383 4701 2482 4776 γὰρ
2536 4702 2684 4754 κάτω
2731 4699 3011 4778 ἐπιφάνεια
3056 4701 3152 4752 τοῦ
3201 4695 3386 4752 ἐλαίου
3420 4693 3723 4778 μίγνυταιτῒξ

2126 4787 2237 4843 ἄνω
2269 4789 2548 4868 ἐπιφανείᾳ
2601 4795 2698 4844 τοῦ
2750 4788 2964 4851 ὕδατος.
3026 4795 3220 4862 Κρᾶσις
3265 4783 3322 4841 δὲ
3369 4782 3502 4839 ἐστὶν
3535 4777 3642 4875 όταν
3670 4766 3723 4875 τνᾶ

2125 4861 2388 4952 ἑνούμενά
2431 4861 2656 4953 σώματα
2707 4877 2777 4934 δι’
2828 4861 3094 4949 ἀλλήλων
3125 4877 3418 4951 ἀνακραθῇν
3451 4870 3520 4931 ὡς
3551 4861 3628 4920 ἐπὶ
3655 4861 3720 4962 οῖ’

2121 4987 2214 5021 νου
2245 4970 2328 5023 καὶ
2381 4966 2595 5031 ὕδατος.
2641 4969 2738 5022 Καὶ
2786 4970 2852 5024 τὰ
2899 4968 2994 5041 μὲν
3063 4965 3364 5042 μιγνῦμενα
3421 4960 3626 5030 σώματα
3675 4964 3721 4999 εκ

2125 5057 2320 5132 μέρους
2353 5058 2445 5131 μὲν
2482 5058 2712 5126 ἑνοῦται,
2750 5057 3027 5132 ἆσῦγχυτα
3061 5053 3118 5110 δὲ
3156 5056 3297 5128 μὲνει
3333 5073 3344 5087 ·
3384 5051 3447 5106 τά
3475 5045 3527 5102 δὶ
3553 5057 3717 5132 mpm!"

2118 5145 2318 5218 νύμενα
2377 5145 2448 5201 δι’
2504 5146 2766 5218 ἀλλήλων
2832 5149 2924 5220 μὶν
2985 5143 3162 5216 διήκει
3208 5121 3716 5215 καὶτὲμνει,καὶτέο

2123 5257 2308 5308 μνεται
2369 5237 2456 5291 καὶ
2515 5237 2857 5313 συγκέχυται.
2891 5237 2952 5292 Ἦ
3016 5233 3073 5289 δὲ
3115 5238 3210 5289 τοῦ
3265 5236 3395 5289 Θεοῦ
3435 5225 3560 5299 πρὸς
3589 5221 3712 5289 ἧμας

2115 5323 2308 5388 ἓνωσις
2332 5326 2420 5381 καὶ
2458 5327 2601 5399 μίξις
2653 5322 2763 5380 ἔστι
2815 5323 2901 5379 διὰ
2956 5325 3018 5378 τὸ
3070 5323 3396 5398 ἀσῦγχυτον,
3442 5313 3709 5406 καῖκρατξί

2115 5412 2202 5468 διά
2231 5413 2322 5468 τόν
2357 5415 2555 5486 τρόπον
2588 5422 2686 5484 τῆς
2738 5410 3078 5474 ἀντιδόσεως.
3109 5414 3290 5468 ’Έστιν
3323 5408 3410 5464 οὖν
3436 5404 3571 5470 αὐτῷ
3597 5407 3711 5486 πτοξῖ

2110 5505 2170 5558 τὸ
2203 5504 2566 5578 πρόσλημμα,
2601 5503 2688 5558 καὶ
2793 5501 2933 5576 μίξις
2964 5503 3145 5572 καινὴ,
3177 5499 3265 5556 καὶ
3295 5501 3328 5570 ἡ
3360 5499 3532 5572 κρᾶσις
3558 5479 3703 5557 παρά·

2108 5590 2281 5666 δοξος,
