4046 6144
361 334 474 394 729

711 465 805 537 ξς’.
839 465 970 544 Περὶ
1009 465 1268 542 γενέσεως
1299 466 1388 521 καὶ
1420 468 1644 542 φθορᾶς.

426 553 640 618 Γένεσις
668 555 1078 631 λέγεταιήἆπὸ
1133 561 1231 610 τοῦ
1293 556 1370 629 μὴ
1416 551 1569 618 ὄντος
1631 554 1706 616 εἷς
1760 555 1821 609 τὸ
1877 558 2008 610 εἶναι

369 638 671 716 μεταϐολή.
733 645 938 699 Γένεσιν
999 641 1055 699 δέ
1108 665 1248 705 τινες
1299 644 1388 697 καὶ
1420 645 1517 712 τήν
1551 642 1760 712 κίνησιν
1797 641 2009 716 ὠνομά-

357 752 502 802 κασι,
552 732 687 796 καθό
718 754 872 811 φασιν
909 734 1011 788 ὑπὸ
1037 734 1242 808 γένεσιν
1277 732 1410 788 εἶναι
1443 733 1534 788 τὸν
1585 732 1818 805 κόσμον,
1868 728 2012 787 τοῦτ’

359 821 522 894 ἔστιν,
583 822 687 877 ὑπὸ
743 822 976 892 κίνησιν.
1033 824 1222 898 Φθορᾶ
1247 820 1304 877 δὲ
1334 821 1473 876 ἐστιν
1507 824 1540 890 ἡ
1576 822 1680 876 ἀπὸ
1726 825 1823 876 τοῦ
1855 816 2008 884 ὄντος

359 911 436 974 εἷς
465 911 529 966 τὸ
576 913 652 984 μὴ
715 912 845 966 εἶναι
900 907 1202 985 μεταϐολή.
1254 915 1365 968 ΙΙᾶν
1425 910 1514 965 οὖν
1547 911 1607 965 τὸ
1639 912 1744 965 ἀπὸ
1799 915 1895 966 τοῦ
1934 914 2007 984 μὴ

365 1002 492 1055 εἶναι
543 1001 855 1077 γενόμενον,
907 1003 998 1056 καὶ
1048 1001 1154 1056 ἀπὸ
1200 1005 1300 1054 τοῦ
1331 1001 1572 1074 γενέσθαι
1632 999 2007 1078 φθειρόμενον,

364 1090 465 1145 ὑπὸ
524 1089 728 1166 γὲνεσιν
763 1091 872 1146 ἐστὶ
915 1091 1004 1145 καὶ
1065 1087 1286 1169 φθοράν.
1342 1090 1491 1147 Κατὰ
1536 1093 1662 1165 γοῦν
1719 1089 1810 1144 τὸν
1871 1091 2009 1162 ἡμὲ-

356 1199 510 1254 τερον
561 1175 724 1254 λόγον
775 1180 866 1234 καὶ
916 1185 996 1252 τῷ
1034 1181 1227 1253 κόσμῳ
1269 1180 1471 1255 γένεσις
1516 1175 1722 1232 ἕπεται·
1782 1181 1845 1246 ἦν
1904 1179 2006 1253 γάρ

358 1268 444 1323 ὅτε
494 1268 594 1323 οὐκ
622 1270 710 1337 ἧν,
761 1269 850 1323 καὶ
899 1265 1042 1324 ἔσται
1090 1267 1177 1323 ὅτε
1236 1269 1339 1322 οὐκ
1390 1264 1556 1324 ἔσται.
1616 1265 1850 1339 Αῧξησις
1915 1268 2010 1341 μὶν

389 1355 416 1379 Ὺ
575 1357 588 1374 ἱ
631 1355 728 1413 ’λλ
771 1358 784 1412 ί
1047 1358 1061 1378 \
1213 1358 1226 1373 \
1356 1357 1371 1378 \
1483 1357 1496 1369 ⁸
1750 1379 1758 1394 ‘
1840 1357 1853 1376 9
1964 1361 1973 1376 1

358 1378 446 1413 ουν
501 1379 590 1412 και
621 1379 652 1412 α
735 1379 761 1412 ο
793 1379 925 1421 ωσις
974 1379 1062 1412 και
1097 1378 1237 1436 φορα
1285 1379 1371 1413 και
1404 1360 1438 1423 ἡ
1472 1358 1577 1412 απὸ
1606 1358 1779 1412 τόπου
1812 1378 1884 1418 εις
1916 1379 2006 1411 το-

356 1468 471 1501 πων
521 1441 812 1520 μετάϐασις
866 1449 1107 1517 κινήσεις
1159 1445 1283 1503 εἶσί.
1334 1447 1540 1508 Γὲνεσις
1586 1443 1643 1501 δὲ
1683 1447 1771 1500 καὶ
1834 1447 2009 1522 φθορὰ

358 1537 459 1590 οὐκ
491 1535 595 1590 εἶσὶ
639 1537 903 1606 κινήσεις,
955 1535 1168 1613 ἁθρόως
1216 1536 1315 1610 γάρ
1358 1535 1421 1591 τὸ
1470 1537 1758 1611 γενόμενον
1790 1535 2005 1610 γέγονε,

357 1625 444 1680 καὶ
469 1625 532 1680 τὸ
565 1625 760 1704 φθαρὶν
814 1621 1096 1704 ἔφθαρται.

892 1803 983 1874 ξζῖ
1020 1802 1149 1878 Περῖ
1179 1803 1472 1877 σωμάτων.

429 1891 601 1964 Σῶμά
654 1891 769 1947 ἐστι
830 1892 892 1947 τὸ
949 1891 1154 1955 πλάτος
1188 1887 1314 1967 ἕχον
1371 1891 1458 1946 καὶ
1497 1899 1673 1965 μῆκος
1699 1892 1788 1946 καὶ
1825 1891 2006 1967 βάθος.

357 1980 454 2038 Καὶ
486 1978 597 2035 ἔστι
654 1989 829 2055 μῆκος
866 1983 958 2054 μὲν
993 1981 1159 2057 λόγου
1209 1982 1393 2056 χάριν,
1424 1980 1488 2035 τὸ
1519 1979 1624 2035 ἀπὸ
1655 1981 1897 2058 γεφαλῆς
1932 1981 2008 2042 εἷς

352 2068 514 2124 πόδα’
578 2069 787 2132 πλάτος
840 2068 897 2125 6‘s
925 2072 986 2126 16
1028 2071 1134 2125 ἀπὸ
1178 2079 1278 2141 τῆς
1312 2069 1484 2141 δεξιᾶς
1537 2070 1726 2146 χειρὸς
1773 2070 1849 2131 εἷς
1906 2071 2004 2140 τὴν

354 2159 663 2234 ἀριστερὰν,
695 2162 729 2232 ἢ
760 2161 822 2216 16
867 2159 1150 2215 ἀνάπαλινο
1211 2161 1374 2236 βάθος
1398 2158 1454 2215 δὲ
1482 2162 1545 2215 τὸ
1577 2161 1681 2214 ἀπὸ
1714 2164 1819 2214 τῶν
1852 2160 2005 2235 στὲρ-

352 2269 458 2302 νων
492 2246 580 2302 ἐπὶ
617 2249 684 2303 15.
712 2253 877 2318 νῶτα,
911 2247 946 2317 ἢ
979 2249 1040 2303 τὸ
1085 2244 1344 2322 ἔμπαλιν.
1376 2251 1484 2305 ,[Ιᾶν
1544 2249 1570 2303 ἒ
1614 2253 1769 2320 σῶμα
1800 2248 1835 2317 ἢ
1871 2247 2007 2323 βαρὺ

354 2337 391 2406 ἢ
449 2337 655 2415 κοῦφόν
717 2337 845 2394 ἐστι.
896 2337 992 2392 Καὶ
1043 2339 1105 2392 τὸ
1137 2339 1232 2410 μὲν
1288 2337 1422 2414 βαρὺ
1471 2339 1619 2392 κάτω
1646 2340 1887 2415 φέρεται,
1945 2337 2008 2391 τὸ

356 2425 415 2481 δὶ
441 2431 642 2505 κοῦφον
675 2428 787 2483 ἄνω
845 2426 1084 2504 φέρεται.
1139 2428 1308 2484 Τόπο·
1348 2425 1406 2482 δὲ
1435 2432 1542 2482 τῶν
1575 2427 1842 2500 σωμάτιον
1903 2430 2008 2480 τῶν

361 2516 454 2588 μὲν
513 2515 756 2592 κούφων,
813 2518 840 2571 6
893 2515 1004 2571 ἅνω
1059 2521 1154 2572 το⁷3
1213 2516 1414 2579 παντὸς
1462 2517 1654 2580 τόπος·
1682 2520 1790 2571 τῶν
1821 2513 1877 2570 δὲ
1912 2517 2008 2590 βα-

358 2603 491 2680 ρέων
525 2605 553 2660 6
600 2606 769 2663 κάτω.
830 2605 926 2660 Καί
957 2601 1293 2683 κουφότατον
1352 2607 1447 2680 μὶν
1475 2606 1536 2660 16
1577 2609 1706 2680 πῦρ,
1742 2605 1815 2666 ὡς
1847 2610 2004 2658 πᾶσιν

363 2692 718 2764 ζπιπολάζον·
797 2694 1094 2770 βαρύτατον
1144 2692 1202 2750 δὲ
1251 2701 1343 2769 vn“,
1389 2696 1464 2757 ὡς
1521 2700 1651 2749 πᾶσι
1711 2694 2005 2766 ὑποκείμε-

356 2804 467 2838 νον.
528 2789 637 2838 Πᾶν
700 2781 756 2839 6‘s
807 2789 985 2858 σῶμα,
1020 2785 1072 2839 ἐν
1131 2785 1225 2857 μὶν
1287 2789 1366 2856 τῷ
1414 2782 1601 2856 οἰκείῳ
1629 2784 1784 2856 τόπῳ
1814 2783 2004 2851 ἑστὼς,

357 2871 478 2927 οὔτε
512 2871 648 2948 βαρὺ
707 2869 830 2927 οὕτε
879 2877 1104 2951 κοῦφον·
1160 2870 1249 2928 ὅτε
1300 2871 1355 2928 δὲ
1411 2874 1620 2948 ἀποστῇ
1651 2878 1756 2928 τῶν
1793 2872 2003 2927 οἷ’κείων

356 2962 558 3033 τόπων,
606 2963 693 3017 καὶ
752 2960 942 3034 μὲλλει
973 2963 1110 3037 πρὸς
1140 2962 1336 3024 αὐτοὺς
1386 2963 1620 3032 ἀπιέναι,
1679 2961 1802 3017 τότε
1837 2963 1871 3033 ἢ
1909 2962 2003 3038 βα-

363 3049 566 3122 ρύτητα
593 3048 707 3127 ἔχει
742 3051 777 3120 ἢ
808 3052 1140 3130 κουφότητα.

868 3160 968 3229 ξη’.
998 3158 1127 3234 Περὶ
1159 3156 1488 3233 ἐλαχίστων.

426 3244 725 3323 Ἐλάχιστα
777 3250 930 3323 φασὶν
992 3249 1043 3302 οἱ
1104 3245 1398 3325 φιλόσοφοι
1450 3244 1698 3316 σωμάτιά
1753 3266 1873 3300 τινα
1931 3247 2004 3300 ὧν

355 3335 452 3390 οὐκ
495 3331 635 3391 ἔστιν
683 3335 842 3412 ἕτερα
892 3335 1392 3413 σμικρομερέστερα
1422 3380 1434 3393 .
1505 3335 1606 3392 Καὶ
1665 3333 2004 3398 ὑποτίθενται

354 3425 531 3502 ἀμερῆ
591 3447 709 3480 τινα
748 3425 874 3496 ἤτοι
933 3432 1278 3500 σμικρομερῆ
1333 3424 1420 3480 καὶ
1480 3421 1669 3499 ἅογκα,
1719 3421 1843 3492 ἤτοι
1877 3445 2005 3497 σμι-

356 3515 689 3590 κρομεγὲθη,
750 3515 924 3590 ἀρχὰς
979 3520 1088 3570 τῶν
1145 3511 1332 3570 ὄντῶν·
1397 3514 1569 3589 ἀρχὰς
1616 3511 1673 3568 δὲ
1705 3513 2008 3580 05110215:-

354 3605 469 3675 κάς,
524 3601 651 3659 ἀλλ’
713 3601 925 3666 ὑλικὰς.
986 3606 1210 3678 Λέγεται
1267 3602 1431 3659 πάλιν
1495 3602 1782 3678 ἐλάχιστον
1840 3603 2005 3678 ἑτέρῳ

357 3692 532 3767 Λόγῳ,
589 3696 707 3747 οἷον
759 3693 1113 3766 ἀριθμητικοὶ
1175 3692 1427 3769 λέγουσιν
1487 3691 1759 3768 ἀριθμοὺς
1808 3690 2006 3747 διπλα-

352 3782 501 3843 σίους
549 3781 638 3836 καί
669 3781 1020 3856 τριπλασίους
1071 3784 1162 3837 καὶ
1193 3783 1408 3858 ἒτὲρους
1435 3781 1738 3849 τοιούτους,
1774 3784 1888 3836 οἷον
1925 3779 2007 3835 δι-

356 3869 610 3940 πλάσιος,
643 3867 810 3947 λόγου
842 3875 1027 3946 χάριν,
1084 3872 1110 3924 ὁ
1169 3870 1312 3926 ὀκτὼ
1361 3874 1458 3924 10-3
1483 3871 1734 3943 τέσσαρα,
1777 3869 1864 3923 καὶ
1897 3874 2002 3924 τῶν

356 3957 452 4013 δύο
511 3959 538 4014 6
590 3958 839 4035 τέσσαρα,
873 3959 962 4014 καὶ
993 3963 1088 4014 τοῦ
1146 3960 1262 4020 ἑνὸς
1297 3960 1322 4014 6
1355 3956 1478 4027 δύο,
1528 3963 1622 4012 τοῦ
1654 3955 1712 4012 δὲ
1741 3955 1836 4012 δύο
1867 3958 2003 4034 πρὸς

353 4048 416 4102 τὸ
468 4044 520 4102 ἕν
553 4044 842 4102 διπλασίου
893 4047 1066 4122 λόγου
1097 4047 1196 4102 οὐκ
1228 4046 1336 4102 ἔστι
1390 4044 1774 4121 ὑποδεέστερος
1801 4043 2001 4123 ἕτερος.

347 4132 682 4210 Ἐλάχιστος
729 4137 818 4191 οὗν
868 4134 1191 4206 διπλάσιος,
1248 4138 1276 4191 ὁ
1336 4135 1431 4191 δύο
1481 4137 1614 4212 πρὸς
1661 4136 1723 4190 τὸ
1771 4132 1864 4189 ἕν·
1915 4135 2005 4190 καὶ

359 4223 650 4300 ἰλάχιστος
709 4224 1054 4301 τριπλάσιος,
1117 4227 1142 4280 6
1201 4226 1323 4301 τρία
1373 4226 1512 4300 πρὸς
1565 4226 1626 4279 τὸ
1669 4223 1748 4281 ἓν.
1782 4223 2003 4301 Λέγεται

351 4313 644 4389 ἐλάχιστον
690 4315 778 4370 καὶ
834 4315 895 4369 τὸ
949 4316 1065 4370 κατ’
1125 4313 1441 4387 εὐτελισμὸν
1499 4313 1810 4389 γενόμενον,
1863 4313 2006 4369 ἀλλὰ

347 4404 551 4479 κυρίως
611 4402 899 4480 ἐλάχιστον
956 4405 1094 4459 κατὰ
1151 4402 1513 4482 φιλοσόφους,
1553 4402 1617 4458 τὸ
1663 4400 2001 4479 βραχύτατον

353 4492 628 4565 σωμάτιον
658 4493 1001 4566 ὀνομάζεται·

741 4689 831 4759 ἔθ’.
880 4689 1012 4764 Περὶ
1044 4686 1304 4768 διαφορᾶς
1336 4689 1605 4765 γνώσεως.

420 4777 618 4853 Πρώτη
672 4777 782 4832 ἐστὶ
826 4779 916 4833 καὶ
953 4777 1265 4852 ὑψηλοτέρα
1295 4783 1402 4832 τῶν
1430 4779 1679 4853 γνώσεων
1709 4779 1928 4832 ἁπασῶν
1960 4780 1994 4847 ἡ

341 4866 441 4937 τῆς
489 4866 771 4941 προνοίας,
804 4866 928 4936 ἥτις
959 4866 1098 4922 ἐστὶν
1136 4865 1366 4942 ἐνέργεια
1390 4871 1487 4921 τοῦ
1519 4869 1673 4924 Θεοῦ.
1703 4868 1765 4923 Ὁ
1818 4867 1994 4922 τοίνυν

342 4955 474 5016 Θεὸς
517 4955 649 5029 ὑπὲρ
696 4956 872 5010 πάντα
901 4957 967 5010 τὰ
1024 4952 1150 5012 ὄντα
1206 4957 1296 5010 καὶ
1345 4956 1475 5030 ὑπὲρ
1533 4955 1690 5010 αὐτὸν
1751 4957 1842 5010 τὸν
1872 4955 1994 5010 νοῦν

341 5041 486 5120 ἔχων
534 5047 634 5115 τήν
694 5042 947 5118 δύναμιν,
994 5045 1084 5100 καὶ
1142 5045 1346 5119 κυρίως
1402 5042 1455 5099 ἓν
1520 5045 1806 5121 ὑπάρχων,
1848 5045 1997 5118 αὐτῷ

340 5128 398 5186 δὲ
427 5132 507 5203 τῷ
537 5132 615 5187 lvi
667 5133 821 5207 μόνῳ
879 5139 1136 5209 προνοεῖν
1198 5134 1414 5210 λέγεται
1472 5131 1708 5189 πάντων.
1770 5135 1998 5210 Δευτὲρα

339 5219 398 5276 δὲ
429 5221 540 5277 ἐστὶ
588 5227 787 5298 γνῶσις
839 5226 872 5292 ἡ
927 5225 1086 5299 νοερά
1117 5224 1281 5279 αὐτοῦ
1311 5228 1405 5278 τοῦ
1434 5222 1714 5285 παντελῶς
1743 5229 1838 5278 τοῦ
1883 5223 1995 5279 ὁλι-

334 5313 445 5372 κῶς
496 5312 565 5365 τὰ
594 5309 766 5366 πάντα
792 5318 1071 5375 νοοῦττος.
1125 5314 1295 5389 Τρίτη
1363 5314 1477 5381 μετ’
1534 5313 1701 5381 αὐτὴν
1734 5318 1928 5388 γνῶσις
1959 5316 1992 5384 ἡ

333 5404 432 5468 τῆς
474 5399 705 5475 λογικῆς
736 5405 895 5474 ἡμῶν
947 5405 1153 5477 ψυχῆς,
1200 5401 1322 5470 ἥτις
1355 5399 1641 5476 διαιρεῖται
1703 5401 1778 5464 εἷς
1840 5399 1994 5472 δόξαν

335 5487 424 5542 καὶ
485 5487 818 5562 ἐπιστήμην.
880 5489 1038 5546 Ἀλλ’
1095 5493 1131 5561 ἡ
1191 5491 1283 5564 μὶν
1318 5487 1443 5562 δόξα
1497 5495 1605 5545 τῶν
1651 5490 1992 5563 κινουμένων

331 5577 444 5633 ἐστὶ
500 5582 726 5654 γνῶσις,
782 5576 909 5649 ἤτοι
965 5584 1068 5635 τῶν
1141 5575 1728 5654 μεταϐαλλομένων,ἠ
1793 5577 1848 5634 δί
1878 5580 1994 5635 ἐπι.

326 5666 540 5739 στήμη,
586 5670 694 5723 τῶν
753 5667 1053 5741 ἀκινήτων,
1089 5673 1224 5744 οἷον,
1273 5673 1461 5744 ψυχῆς
1515 5669 1605 5725 καὶ
1637 5673 1732 5725 νοῦ
1762 5669 1991 5727 καὶτῶν

1535 335 1638 396 DE
1682 333 2122 395 OMNIFARIA
2169 332 2593 393 DOCTR‘NA.

2037 468 2091 534 A

2040 1833 2087 1898 Β

2419 467 2506 520 66.
2541 467 2615 522 De
2643 467 2997 536 generatione
3021 473 3073 523 et
3103 472 3470 541 corruptione.

2194 555 2500 610 Generatio
2533 555 2749 610 dicitur
2782 557 3030 612 mutatio
3063 574 3095 612 a
3127 575 3240 613 non
3271 576 3400 614 esse
3431 561 3500 615 ad
3535 577 3661 617 esse
3683 579 3694 617 :
3715 568 3773 618 et

2122 648 2258 698 sunt
2316 645 2414 716 qui
2466 647 2902 716 generationem
2953 646 3129 702 etiam
3180 653 3405 703 motum
3455 649 3772 722 appellant,

2121 748 2236 802 quo
2267 750 2446 788 sensu
2496 734 2784 788 mundum
2834 737 3217 806 generationi,
3270 737 3377 792 hoc
3425 742 3514 793 est
3563 741 3768 808 motui,

2121 821 2288 876 aiunt
2317 839 2443 877 esse
2476 823 2816 877 obnoxium.
2840 825 3145 896 Corruptio
3177 831 3378 881 contra
3407 833 3496 882 est
3528 829 3772 884 mutatio

2120 911 2192 965 ab
2224 928 2351 966 esse
2382 912 2453 966 ad
2502 929 2615 966 non
2668 929 2817 968 esse.
2875 913 3168 985 Quidquid
3222 915 3422 987 igitur,
3476 934 3607 972 cum
3655 935 3769 974 non

2120 1005 2275 1055 esset
2307 1001 2454 1068 1it,et
2484 1017 2616 1056 cum
2652 1001 2864 1057 existat
2896 1003 3307 1074 corrumpitur,
3327 1006 3689 1076 generationi
3719 1013 3777 1061 et

2120 1089 2479 1160 corruptioni
2513 1090 2728 1145 dicitur
2759 1092 3085 1161 subjacere.
3121 1093 3199 1147 Ex
3228 1099 3429 1149 nostra
3459 1096 3602 1150 adeo
3635 1111 3760 1151 seu.

2117 1178 2300 1232 tentia
2350 1179 2420 1232 ad
2455 1181 2744 1234 mundum
2777 1181 2951 1234 etiam
2987 1182 3284 1252 generatio
3317 1183 3569 1254 pertinet
3601 1200 3612 1237 :
3647 1188 3772 1240 erat

2118 1266 2275 1321 enim
2307 1269 2542 1338 quando
2577 1284 2686 1323 non
2735 1272 2877 1337 erat,
2929 1272 2986 1322 et
3031 1270 3141 1324 erit
3190 1272 3421 1340 quando
3473 1288 3590 1327 non
3639 1273 3770 1329 erit.

2117 1357 2396 1411 Caeterum
2431 1357 2828 1429 augmentatio
2861 1357 3098 1429 quidem
3133 1375 3198 1414 ac
3233 1361 3482 1415 mutatio
3512 1365 3568 1416 et
3589 1361 3772 1434 agita-

2116 1445 2200 1500 tio
2223 1445 2369 1499 etde
2396 1445 2520 1501 loco
2545 1446 2601 1500 in
2630 1446 2821 1502 locum
2847 1447 3154 1503 translatio
3179 1453 3372 1504 motus
3397 1453 3558 1520 sunt,
3592 1467 3768 1523 gene-

2118 1533 2265 1588 ratio
2289 1538 2486 1590 autem
2511 1539 2566 1589 et
2586 1536 2882 1606 corruptio
2908 1554 3023 1592 non
3047 1541 3184 1591 sunt
3215 1543 3436 1609 motus,
3470 1540 3770 1595 continen-

2121 1626 2207 1677 ter
2235 1623 2392 1678 enim
2426 1640 2492 1680 ac
2523 1623 2700 1678 simul
2733 1625 2800 1679 ﬁt
2829 1627 2982 1696 quod
3013 1626 3159 1696 fit,et
3182 1628 3582 1700 corrumpitur
3614 1629 3768 1700 quod

2119 1712 2538 1784 corrumpitur.

2661 1803 2752 1857 67.
2791 1805 2861 1859 De
2887 1806 3228 1872 corporibus.

2189 1893 2410 1962 Corpus
2441 1895 2530 1947 ost
2574 1895 2728 1964 quod
2780 1893 2954 1948 habet
3003 1893 3396 1964 latitudinem,
3449 1894 3772 1967 longitudi-

2120 1995 2250 2034 nem
2311 1986 2368 2034 et
2426 1983 2911 2052 profunditatem.
2953 1983 3280 2053 Longitudo
3340 1983 3560 2039 dicitur
3611 1987 3770 2042 verbi

2118 2069 2304 2142 gratia
2334 2087 2366 2124 a
2395 2072 2586 2142 capite
2617 2073 2684 2125 ad
2722 2073 2920 2142 pedes,
2966 2071 3213 2128 latitudo
3259 2089 3291 2127 a
3343 2089 3518 2128 manu
3568 2075 3769 2130 dextra

2118 2159 2188 2212 ad
2222 2160 2525 2213 sinistram
2561 2163 2660 2214 aut
2704 2161 2986 2227 vicissim,
3037 2161 3407 2232 profunditas
3457 2180 3490 2217 ιι
3540 2168 3771 2235 pectore

2118 2248 2186 2303 ad
2234 2252 2466 2318 tergum
2500 2253 2600 2304 aut
2630 2250 2754 2304 vice
2780 2266 2967 2306 versa.
3003 2251 3186 2306 Omne
3219 2267 3430 2322 corpus
3462 2268 3634 2323 grave
3668 2259 3772 2309 aut

2118 2336 2241 2391 leve
2271 2342 2378 2392 est.
2417 2337 2602 2392 Grave
2654 2338 2925 2393 deorsum
2982 2342 3186 2406 fertur,
3233 2340 3352 2395 leve
3406 2342 3597 2396 tendit
3641 2358 3770 2397 sur-

2119 2443 2274 2481 sum.
2314 2427 2455 2482 Loca
2508 2444 2842 2498 corporum,
2895 2429 3108 2484 levium
3164 2431 3401 2502 quidem
3455 2447 3769 2502 supremus

2118 2515 2408 2584 omnium,
2461 2516 2726 2589 gravium
2788 2517 3048 2572 infimus.
3113 2525 3193 2570 An
3254 2518 3619 2575 levissimum
3680 2525 3771 2576 est

2117 2605 2293 2676 ignis,
2331 2605 2429 2677 qui
2467 2607 2651 2661 fertur
2685 2623 2864 2678 super
2885 2607 3078 2662 omnia
3111 2623 3387 2679 corpora;
3435 2612 3590 2664 terra
3636 2625 3768 2681 gra-

2117 2695 2447 2763 vissimum,
2501 2695 2774 2750 omnibus
2824 2695 3158 2767 subjacens.
3211 2698 3282 2751 At
3329 2714 3544 2770 corpus
3597 2714 3770 2754 omne

2116 2784 2174 2838 in
2208 2784 2462 2839 naturali
2511 2801 2618 2840 suo
2668 2785 3055 2840 constitutum
3107 2785 3226 2839 loco
3283 2803 3388 2842 nec
3438 2803 3613 2859 grave
3661 2804 3767 2843 nec

2115 2872 2238 2928 leve
2269 2879 2378 2938 est,
2420 2874 2656 2946 quando
2685 2877 2897 2929 ’autem
2941 2893 2974 2930 a
3021 2873 3272 2929 naturali
3325 2876 3450 2932 loco
3501 2877 3668 2933 abest
3716 2881 3772 2933 et

2115 2962 2185 3015 ad
2213 2978 2348 3016 eum
2382 2962 2589 3028 tendit,
2623 2966 2765 3017 tunc
2794 2963 2881 3018 vel
2914 2964 3192 3033 gravitate
3219 2965 3529 3037 praeditum
3563 2969 3652 3021 est
3679 2965 3767 3020 vel

2113 3049 2372 3107 levitate.

2461 3159 2551 3214 68.
2588 3160 2660 3213 Dc
2685 3161 3036 3231 parvissimis
3063 3163 3419 3234 corpusculis.

2065 3209 2076 3230 ,
2465 3205 2551 3214 --.
2588 3205 2655 3213 ν-
2685 3205 2773 3231 ιη..
2797 3205 3034 3216 nm...“
3064 3205 3419 3234 “Tum...”

2036 3205 2078 3270 (⁴
2188 3245 2540 3302 Parvissima
2572 3249 2690 3303 sive
2721 3248 2966 3304 minima
2998 3249 3330 3322 philosophi
3380 3255 3592 3305 vocant
3641 3268 3764 3306 cor-

2116 3335 2359 3407 puscula
2391 3336 2656 3406 quaedam
2689 3337 2906 3408 quibus
2934 3338 3095 3393 nulla
3127 3338 3241 3394 alia
3284 3339 3552 3411 parviora
3603 3355 3768 3411 repe-
3832 3383 3836 3387 .

2116 3426 2370 3493 riuntur,
2405 3431 2868 3498 supponuntque
2898 3426 2999 3482 illa
3049 3444 3178 3483 esse
3222 3428 3282 3482 in
3329 3427 3524 3483 nullas
3569 3433 3769 3500 partes

2115 3512 2450 3583 divisibilia,
2499 3514 2900 3570 minutissima
2952 3521 3008 3572 ct
3057 3518 3208 3572 mole
3257 3518 3558 3588 destituta,
3593 3522 3767 3588 atque

2114 3603 2338 3670 exsilia,
2367 3605 2649 3676 principia
2680 3621 3134 3677 corporum,non
3166 3607 3480 3662 efﬁcientia
3509 3609 3610 3663 sed
3646 3624 3766 3663 ma-

2113 3692 2361 3748 terialia.
2396 3693 2620 3748 Dicitur
2638 3699 2694 3749 et
2716 3693 2829 3750 alio
2856 3712 3030 3750 sensu
3059 3695 3473 3766 parvissimum
3500 3697 3623 3751 sive
3657 3695 3766 3750 mi-

2117 3781 2343 3836 nimum
2379 3783 2532 3854 apud
2567 3783 3232 3855 arithmeticos,quando
3262 3788 3334 3841 de
3364 3786 3627 3840 numeris
3657 3785 3764 3840 du-

2116 3869 2367 3940 plicibus
2399 3870 2487 3927 vel
2513 3871 2845 3944 triplicibus
2876 3877 2976 3926 aut
3007 3873 3137 3928 aliis
3171 3873 3461 3944 ejusmodi
3496 3878 3770 3944 tractant,

2113 3960 2270 4015 verbi
2306 3959 2493 4032 gratia
2524 3965 2651 4014 octo
2685 3966 2826 4015 sunt
2851 3961 3097 4033 duplum
3131 3963 3771 4035 quaternarii,quatuor

2113 4047 2346 4116 binarii,
2385 4048 2498 4103 duo
2529 4048 2742 4104 unarii.
2777 4049 2903 4104 Non
2937 4052 3110 4105 datur
3140 4053 3271 4104 vero
3305 4051 3453 4106 alius
3488 4068 3770 4108 numerus

2114 4137 2331 4209 duplus
2362 4137 2513 4192 infra
2541 4137 2856 4209 binarium,
2893 4139 3177 4194 minimus
3209 4139 3390 4211 igitur
3418 4141 3634 4212 duplus
3681 4150 3771 4196 est

2115 4226 2376 4282 binarius
2407 4232 2668 4298 respectu
2708 4227 2974 4296 unitatis,
3009 4229 3092 4284 uti
3123 4230 3415 4285 ternarias
3455 4235 3544 4285 est
3593 4230 3766 4284 mini-

2115 4333 2248 4371 mus
2279 4315 2491 4388 triplus
2523 4317 2590 4372 ad
2627 4318 2893 4372 eamdem
2929 4319 3467 4374 unitatem.Dicitur
3498 4324 3554 4374 ct
3589 4319 3763 4373 mini-

2115 4421 2276 4460 mum
2311 4406 2465 4476 quod
2500 4406 2571 4460 ad
2608 4405 2952 4462 tenuitatem
2983 4409 3283 4463 redactum
3317 4413 3424 4477 est,
3452 4409 3550 4462 sed
3587 4424 3763 4478 pecu-

2112 4493 2240 4548 liari
2275 4495 2498 4548 ratione
2523 4493 2884 4567 philosophis
2908 4497 3323 4567 parvissimum
3348 4496 3765 4568 corpusculum

2028 4578 2073 4640 D
2109 4584 2192 4638 ita
2225 4583 2583 4638 nominatur.

2374 4688 2464 4742 60.
2501 4693 2579 4744 De
2611 4691 2782 4745 variis
2811 4692 3107 4761 generibus
3136 4692 3484 4762 cognitionis.

2179 4777 2376 4832 Prima.
2423 4782 2480 4833 et
2539 4778 2852 4835 sublimior
2899 4780 3306 4853 cognitionum
3359 4780 3624 4835 omnium
3677 4786 3768 4836 est

2109 4866 2627 4939 providentia,quaa
2660 4873 2747 4925 est
2777 4870 2926 4925 actio
2953 4871 3230 4925 Uei.Deus
3262 4868 3557 4941 siquidem
3591 4887 3770 4941 super

2108 4957 2308 5012 ouuiia
2339 4975 2466 5028 quae
2500 4961 2726 5013 suntet
2757 4975 2934 5030 super
2969 4960 3156 5031 ipsam
3194 4964 3450 5014 mentem
3503 4959 3768 5029 potentia

2109 5045 2354 5117 pollens,
2384 5051 2439 5100 et
2488 5048 2719 5118 proprie
2763 5064 2948 5103 unum
2997 5048 3307 5115 exsistens,
3339 5047 3450 5102 hoc
3482 5046 3610 5118 ἱρεό
3642 5048 3766 5104 solo

2107 5151 2223 5190 uno
2254 5135 2528 5191 omnibus
2561 5137 2848 5206 providet.
2887 5136 3083 5192 Altera
3113 5136 3368 5209 cognitio
3400 5139 3488 5191 est
3528 5135 3764 5192 intelle-

2106 5225 2468 5295 ctualis,qua
2511 5241 2674 5280 mens
2701 5241 2982 5297 suprema
3016 5225 3284 5282 universe
3314 5225 3512 5281 omnia
3544 5224 3760 5280 intelli-

2105 5313 2204 5383 git.
2239 5313 2430 5369 Tertia
2461 5318 2592 5385 post
2623 5314 2773 5369 hanc
2799 5319 2888 5370 est
2914 5315 3167 5387 cognitio
3201 5315 3258 5369 in
3287 5315 3486 5370 anima
3533 5320 3760 5383 nostra,

2104 5420 2226 5474 quae
2259 5403 2315 5457 in
2349 5402 2683 5474 opinionem
2715 5410 2771 5459 et
2800 5405 3106 5460 scientiam
3139 5404 3637 5477 distinguitur.Ex
3669 5405 3765 5459 his

2105 5493 2303 5564 opinio
2325 5497 2416 5547 est
2433 5493 2686 5563 cognitio
2703 5510 2897 5550 rerum
2917 5494 3222 5551 mobilium
3239 5493 3760 5565 mutabiliumque:

2104 5581 2351 5639 scientia
2423 5581 2842 5652 immobilium,
2898 5588 2960 5640 ut
3016 5585 3245 5655 animae,
3297 5583 3534 5652 mentis,
3585 5586 3764 5653 atque

2105 5672 2354 5730 aliorum
2387 5672 2700 5744 ejusmodi.
2726 5675 2942 5742 Quarta
2974 5677 3028 5730 et
3059 5678 3356 5747 postrema
3385 5669 3640 5742 cognitio
3671 5686 3734 5725 es
