4046 6144
279 293 388 354 731

1606 300 2036 363 MICHAELIS
2083 302 2354 366 PSELLI

3570 315 3693 376 732

274 424 694 481 irrationabilis
723 424 929 482 animae
963 432 1174 484 nostra
1206 430 1462 489 sensatio
1493 435 1566 505 et,
1587 430 1921 506 phantasia,

2039 432 2322 493 τοιούτων.
2353 434 2588 510 Τετάρτη
2609 442 2807 514 γνῶσις
2840 439 2928 495 καὶ
2959 437 3259 515 τελευταία,
3282 443 3318 512 ἡ
3349 448 3451 514 τῆς
3481 442 3687 521 ἀλόγου

274 532 366 571 res
388 515 773 588 particulares
804 518 1281 590 apprehendens.

271 734 360 788 70.
398 732 668 801 Quomodo
698 745 1199 812 semper__operante
1222 739 1347 812 Deo,
1396 755 1506 795 non
1555 754 1766 812 semper
1809 740 1926 808 eius

778 807 1071 862 reddimur
1094 811 1414 880 participes.

345 894 622 960 Quamvis
657 896 805 949 Deus
837 912 1068 966 semper
1089 899 1550 968 operatur,illius
1580 904 1777 956 tamen
1811 918 1926 957 non

275 1000 507 1055 semper
536 983 817 1055 paticipes
849 986 1151 1042 reddimur
1182 993 1418 1060 prepter
1438 995 1698 1045 nostram
1724 992 1928 1062 inepti-

274 1074 541 1131 tudinem
575 1076 644 1127 ad
678 1090 811 1128 cum
846 1076 1268 1147 recipiendum.
1293 1078 1452 1133 Sicut
1482 1080 1638 1135 enim
1672 1080 1794 1137 sole
1827 1099 1928 1153 per

276 1162 576 1218 meridiem
613 1162 741 1218 luce
772 1165 970 1219 omnia
1000 1164 1279 1236 implente
1311 1185 1425 1223 non
1458 1186 1659 1226 omnes
1691 1172 1747 1225 in
1796 1187 1926 1226 cum

273 1250 491 1307 intueri
524 1256 790 1321 possunt,
824 1253 925 1307 sed
961 1254 1060 1325 qui
1091 1256 1263 1311 ﬁrma
1294 1257 1597 1314 oculorum
1629 1260 1751 1315 acie
1780 1277 1925 1333 gau-

274 1342 436 1407 dent,
469 1340 551 1396 ita
581 1358 684 1396 nec
716 1341 815 1397 Dei
849 1344 1161 1415 participes
1188 1346 1311 1401 ﬁeri
1342 1364 1542 1404 omnes
1574 1356 1816 1421 queunt,
1858 1350 1928 1405 li-

275 1434 366 1486 cet
386 1428 482 1484 ille
506 1430 714 1501 quovis
738 1430 859 1485 sole
883 1430 1343 1501 splendidiorem
1368 1436 1559 1492 lucem
1586 1439 1926 1513 intelligibi-

274 1520 391 1576 lem
423 1518 733 1590 exerit,sed
766 1524 996 1576 tantum
1030 1522 1113 1577 illi
1147 1526 1247 1596 qui
1280 1525 1735 1585 intellectualem
1768 1548 1930 1588 men-

274 1610 352 1666 tis
385 1608 622 1663 oculum
655 1613 974 1681 purgatum
1008 1612 1065 1667 in
1099 1614 1297 1671 anima
1328 1633 1435 1672 sua
1467 1623 1698 1690 gerunt.
1729 1624 1837 1678 Sed
1871 1628 1930 1679 et

276 1699 413 1771 ipsa
442 1714 590 1769 pura
621 1713 787 1753 mens
819 1701 1029 1770 saepius
1060 1702 1117 1757 in
1151 1706 1523 1778 percipiendo
1550 1709 1745 1766 divino
1775 1711 1927 1767 labo-

2035 524 2244 598 ψυχῆς,
2280 524 2527 596 αἴσθησις
2555 530 2647 583 καὶ
2674 531 2708 599 ἡ
2739 530 3021 606 φαντασία,
3059 536 3297 608 μερικῶν
3352 536 3691 611 πραγμάτων

2035 610 2592 689 ἀντιλαμϐανόμεναι.

2035 740 2099 813 ρ’.
2134 743 2258 803 Πῶς
2290 742 2392 797 οὐκ
2421 742 2501 797 ἀεὶ
2532 745 2833 835 μετέχομεν
2859 750 2957 800 τοῦ
3012 752 3166 819 Θεοῦ,
3215 747 3295 803 ἀεὶ
3341 749 3691 827 ἀνεργοῦντος

2770 838 2955 874 αυτου.

2109 900 2179 955 Οὐ
2224 902 2525 979 μετέχομεν
2556 907 2635 961 ἀεὶ
2685 911 2780 961 τοῦ
2831 912 2987 976 Θεοῦ,
3040 910 3203 964 εἶκαὶ
3237 911 3317 965 ἀεὶ
3350 910 3555 986 ἐνεργεῖ
3606 914 3691 968 οῦ’

2035 1012 2127 1053 τος
2191 989 2280 1047 διὰ
2353 994 2451 1063 τήν
2520 995 2789 1071 ἡμετέραν
2861 996 3349 1070 ἀνεπιτηδειότητα
3402 1002 3538 1075 πρὸς
3590 1004 3689 1071 τὴν

2042 1084 2289 1157 μέθεξιν.
2370 1087 2570 1162 Ὠσπερ
2649 1091 2747 1165 γὰρ
2823 1100 2921 1150 τοῦ
2973 1091 3140 1162 ἡλίου
3191 1094 3253 1147 τὸ
3314 1089 3685 1169 μεσημϐρινὸν

2038 1175 2247 1231 ἅπαντα
2294 1173 2830 1256 καταλαμϐάνοντος,
2887 1184 2949 1239 οὗ
3005 1183 3198 1244 πάντες
3258 1182 3334 1244 εἷς
3389 1183 3548 1238 αὐτὸν
3602 1183 3687 1238 ἐν-

2039 1265 2291 1335 ατενίζειν
2353 1264 2624 1337 δύνανται,
2660 1270 2786 1329 ἀλλ’
2818 1276 2869 1329 οἱ
2901 1272 3207 1351 ἐρρωμένον
3256 1273 3347 1327 τὸν
3401 1272 3686 1350 ὀφθαλμὸν

2038 1352 2277 1431 ἔχοντες
2312 1356 2483 1419 οὕτως
2514 1358 2638 1414 οὐδὲ
2666 1366 2762 1416 τοῦ
2794 1368 2925 1418 Θεοῦ
2956 1364 3149 1425 πάντες
3204 1363 3450 1437 μετέχειν
3494 1361 3689 1417 δύναν-

2036 1465 2145 1517 ται,
2194 1444 2289 1501 κᾶν
2350 1445 2551 1510 ἐκεῖνος
2608 1450 2739 1527 ὑπὲρ
2789 1450 2953 1522 ἥλιον
3015 1453 3096 1507 ἀεὶ
3135 1450 3198 1506 τὸ
3232 1452 3428 1522 νοητὸν
3462 1456 3575 1530 φῶς
3606 1452 3688 1525 ἐξ·

2038 1534 2229 1607 απλοῖ,
2291 1536 2436 1594 ἀλλά
2494 1540 2652 1611 μόνοι
2711 1544 2761 1598 οἱ
2787 1544 2847 1599 τὸ
2878 1545 3062 1620 νοερὸν
3097 1539 3254 1616 ὄμμα
3282 1543 3687 1620 κεκαθαρμένον

2037 1626 2089 1681 ἐν
2144 1632 2213 1702 τῇ
2264 1630 2417 1703 ψυχῇ
2451 1631 2723 1707 φέροντες.
2758 1632 2970 1706 Κάμνδι
3014 1630 3071 1687 διε
3100 1631 3371 1695 πολλάκις
3404 1633 3493 1688 καὶ
3526 1632 3685 1695 αὐτὸς

2038 1718 2329 1792 ὁκαοαρὸς
2356 1723 2480 1781 νοῦς
2514 1722 2647 1796 πρὸς
2703 1725 2801 1793 τὴν
2855 1724 3144 1798 ἀντίληψιν
3200 1728 3307 1778 τῶν
3369 1723 3524 1786 θείων
3587 1724 3687 1780 αὖ·

275 1796 369 1847 rat
404 1790 732 1865 splendore,
768 1790 1044 1864 quoniam
1077 1810 1191 1850 non
1224 1796 1465 1853 omnino
1494 1798 1680 1856 libera
1709 1805 1767 1856 et
1815 1802 1922 1859 im-

2039 1810 2169 1881 γῶν,
2229 1805 2368 1862 διότι
2428 1806 2527 1861 οὐκ
2572 1805 2713 1865 ἔστιν
2767 1808 3047 1886 ἐλεύθερος
3082 1807 3206 1866 οὐδὲ
3235 1809 3568 1866 παντάπασιν
3599 1807 3687 1866 ἄϋ-

275 1881 618 1953 materialis,
651 1883 753 1939 sed
786 1884 1044 1939 materiae
1082 1888 1139 1940 et
1170 1887 1399 1958 corpori
1450 1892 1540 1945 est
1588 1892 1918 1963 conjuncta.

271 1969 393 2026 Erit
422 1975 646 2039 autem,
681 1972 914 2042 quando
946 1978 1075 2044 post
1106 1973 1460 2032 solutionem
1492 1995 1526 2034 a
1579 1996 1819 2052 corpore
1868 1986 1926 2038 et

271 2064 575 2130 speratam
607 2061 1063 2132 restitutionem,
1096 2062 1221 2119 sine
1251 2064 1689 2126 intermissione
1739 2069 1922 2128 aciem

272 2148 331 2203 in
364 2152 547 2205 Deum
580 2148 869 2206 intentam
902 2150 1160 2209 habebit.

564 2257 653 2313 Ἠ.
688 2260 830 2315 Num
860 2260 991 2331 quid
1020 2262 1081 2315 in
1110 2262 1322 2333 angelis
1348 2264 1419 2320 sit
1443 2266 1626 2322 mali?

338 2347 653 2418 Gregorius
684 2348 1013 2421 Theologus
1046 2350 1319 2408 Oratione
1347 2352 1407 2408 in
1454 2356 1671 2413 Christi
1717 2360 1921 2415 nativi-

268 2438 448 2491 tatem
481 2436 716 2507 angelos
749 2439 818 2493 ad
850 2438 1070 2495 malum
1104 2443 1321 2498 moveri
1356 2460 1527 2515 posse
1552 2452 1743 2520 negat.
1796 2449 1921 2506 Non

270 2524 554 2598 ignorans
586 2530 781 2582 tamen
816 2528 1137 2600 diabolum,
1173 2532 1416 2604 angelus
1447 2551 1579 2591 cum
1612 2543 1922 2606 esset,ma-

282 2613 404 2670 lum
438 2616 655 2671 factum
706 2632 856 2688 esse,
909 2619 1221 2676 difﬁculter
1269 2623 1477 2679 saltem
1525 2625 1659 2682 illos
1708 2631 1920 2685 moveri

285 2721 458 2775 posse
491 2705 701 2760 innuit.
738 2711 810 2761 At
856 2707 1240 2779 sapientiores
1281 2712 1633 2783 Graecorum,
1684 2718 1924 2790 angelos

280 2794 396 2850 Deo
424 2794 727 2865 proximos
759 2812 827 2851 ac
857 2796 1037 2853 veluti
1071 2798 1127 2852 in
1160 2799 1383 2857 foribus
1413 2804 1739 2863 divinitatis
1788 2824 1924 2863 con-

271 2883 511 2939 stitutos
544 2885 921 2957 arbitrantes,
954 2888 1092 2944 mali
1128 2890 1440 2964 parlicipes
1472 2893 1595 2950 ﬁeri
1627 2913 1800 2968 posse
1831 2898 1921 2954 in-

277 2971 720 3030 ﬁciantur.Cum
754 2976 909 3032 enim
944 2978 1163 3034 silentii
1194 2980 1375 3036 divini
1404 2984 1523 3039 sint
1551 2984 1920 3062 interpretes,

262 3061 662 3134 bonitatisque
694 3066 911 3135 nuntii,
944 3069 1258 3138 quomodo,
1292 3069 1597 3143 inquiunt,
1621 3076 1759 3131 mali
1794 3061 1922 3136 esse

2035 1893 2153 1967 λος,
2186 1895 2311 1952 ἀλλ’
2340 1892 2529 1960 ἕνυλος
2559 1899 2649 1954 καὶ
2704 1902 3037 1974 σωματικός.
3090 1902 3277 1957 Ἔσται
3312 1898 3370 1957 δὲ
3395 1899 3505 1972 ὅτε,
3555 1901 3689 1975 μετᾶ

2029 1985 2128 2055 τήν
2179 1990 2276 2040 τοῦ
2344 1987 2598 2061 σώματος
2680 1990 2944 2046 ἀπόλυσιν
3017 1990 3107 2046 καὶ
3163 1991 3263 2059 τὴν
3321 1989 3684 2065 ἐλπιζομένην

2031 2072 2488 2149 ἀποκατάστασιν,
2520 2074 2783 2150 διηνεκῶς
2815 2080 3042 2135 ἀτενίσει
3075 2084 3213 2153 Θεῷ.

2352 2274 2452 2332 οα’.
2484 2273 2549 2332 El
2580 2274 2690 2330 ἔστι
2721 2297 2772 2330 τι
2804 2275 2856 2331 ἐν
2886 2274 3141 2354 ἀγγέλοις
3170 2271 3360 2332 κακόν.

2103 2363 2159 2416 Ὀ
2221 2361 2313 2434 μὲν
2348 2360 2614 2439 Θεολόγος
2674 2365 2976 2441 Γρηγόριος
3037 2365 3089 2419 ἐν
3133 2370 3254 2426 τοῖς
3302 2368 3400 2419 τοῦ
3449 2365 3685 2441 Χριστοῦ

2032 2450 2332 2528 γενεθλίοις
2369 2450 2623 2528 βούλεται
2677 2456 2770 2527 μὶν
2809 2456 3100 2525 ἀκινήτους
3158 2454 3287 2509 εἶναι
3344 2452 3472 2516 τοὺς
3525 2453 3685 2529 ἀγγε-

2032 2540 2162 2604 λους
2196 2542 2331 2619 πρὸς
2377 2542 2439 2596 τὸ
2495 2542 2683 2599 κακόν.
2718 2542 2897 2609 Εἰδὼς
2928 2542 2985 2599 δὲ
3012 2544 3103 2599 τὸν
3137 2539 3421 2615 διάϐολον,
3452 2540 3682 2619 ἄγγελον

2038 2632 2130 2704 μὲν
2182 2627 2331 2700 ὄντα,
2390 2633 2555 2687 κακὸν
2610 2630 2667 2687 δὲ
2720 2634 3017 2709 γεγονότα,
3070 2631 3426 2704 δυσκινήτους
3486 2632 3681 2696 αὐτοὺς

2034 2722 2406 2801 ἀποφαίνεται.
2461 2724 2526 2779 Οἱ
2560 2721 2616 2778 δὲ
2646 2724 2947 2801 σοφώτεροι
2995 2728 3100 2779 τῶν
3136 2722 3419 2795 Ἑλλήνων
3452 2721 3503 2779 ἐν
3537 2744 3681 2799 προ-

2032 2810 2217 2883 θόροις
2269 2815 2365 2865 τοῦ
2415 2810 2548 2866 Θεοῦ
2604 2812 2731 2874 τοὺς
2790 2811 3059 2889 ἀγγέλους
3122 2813 3355 2875 ἑστῶτας
3414 2810 3680 2885 οἲόμενοι,

2034 2901 2344 2975 ἀμετόχους
2368 2899 2563 2963 αὐτοὺς
2592 2906 2689 2957 τοῦ
2740 2906 2908 2957 κακοῦ
2962 2922 3108 2980 φασι.
3157 2902 3298 2963 Τοὺς
3356 2902 3460 2977 γὰρ
3504 2900 3681 2976 ἀπαγ-

2030 2988 2329 3066 γέλλοντας
2360 2990 2458 3058 τὴν
2511 2991 2652 3054 θείαν
2686 2992 2865 3067 σιγήν,
2915 2991 3004 3046 καὶ
3048 2992 3110 3046 τὸ
3154 2990 3348 3067 ἀγαθὸν
3399 2990 3683 3069 ἐκφαίνον-

2031 3101 2147 3150 τας,
2205 3084 2323 3142 πῶς
2383 3079 2441 3135 ἃν
2502 3082 2661 3157 φασὶν
2721 3083 2855 3136 εἶναι
2912 3080 3147 3149 κακοόςς
3192 3081 3682 3157 Ἀφομοιοῦσιγάρ

265 3152 556 3222 possunt?
589 3153 931 3225 angelorum
964 3157 1181 3230 quippe
1212 3175 1401 3231 genus
1427 3163 1759 3221 assimilant
1780 3167 1918 3236 Deo,

2039 3168 2094 3224 τὸ
2125 3167 2409 3244 ἀγγελικὸν
2460 3152 2631 3248 φῦλον
2677 3174 2757 3242 τῷ
2781 3171 2896 3242 Θεῴ
2950 3170 3040 3247 ἀφ’
3098 3168 3160 3225 οὗ
3218 3152 3533 3244 ἐξηρτηται,
3589 3152 3682 3225 έῑνά

264 3257 295 3296 a
328 3257 441 3312 quo
475 3242 784 3315 dependet,
819 3248 882 3300 ut
913 3263 1016 3317 per
1044 3264 1253 3318 puram
1288 3250 1736 3310 similitudinem
1788 3274 1919 3327 pro-

263 3330 572 3402 prietatem
624 3333 752 3403 eius
807 3336 992 3405 possit
1051 3336 1392 3396 hominibus
1453 3347 1652 3399 notam
1712 3347 1918 3404 facere.

261 3420 518 3492 Angelos
548 3439 720 3494 porro
753 3429 961 3480 vocant
988 3425 1293 3484 universas
1325 3447 1452 3502 quas
1477 3433 1587 3488 sub
1618 3433 1732 3491 Deo
1762 3438 1924 3508 {sunt

262 3515 606 3581 potestates.

543 3602 634 3654 72.
667 3602 813 3659 Num
844 3604 1219 3676 incorporalia
1248 3610 1364 3665 sint
1392 3612 1451 3665 in
1483 3613 1596 3669 loco
1618 3614 1645 3668 ?

334 3689 561 3760 Corpus
590 3697 647 3746 et
678 3691 1044 3764 incorporale
1076 3696 1185 3752 sibi
1218 3707 1619 3771 opponuntur.
1652 3705 1709 3759 Si
1741 3706 1925 3779 igitur

263 3794 477 3850 corpus
507 3779 567 3834 in
598 3779 725 3837 loco
756 3787 864 3849 est,
899 3783 1267 3857 incorporale
1296 3806 1411 3845 non
1446 3797 1537 3848 est
1562 3793 1624 3850 in
1664 3796 1811 3853 loco.
1862 3785 1921 3854 Si

263 3868 419 3924 enim
452 3868 555 3924 uni
586 3871 993 3942 oppositorum
1016 3876 1127 3931 erit
1151 3895 1335 3935 unum
1360 3897 1391 3936 e
1412 3885 1742 3951 contrariis,
1756 3887 1923 3944 alteri

265 3956 515 4015 alterum
566 3959 699 4017 erit.
755 3963 957 4034 Itaque
1007 3965 1055 4020 si
1104 3970 1331 4039 corpori
1383 3974 1537 4042 quod
1569 3973 1921 4048 incorporali

266 4048 627 4105 contrarium
677 4055 766 4106 est
814 4054 1093 4125 competit
1134 4072 1265 4113 esse
1296 4059 1354 4114 in
1387 4059 1533 4131 loco,
1568 4064 1920 4139 incorporali

266 4141 559 4209 competet
590 4156 703 4195 non
737 4157 887 4197 esse.
923 4143 1069 4200 Nam
1103 4150 1157 4201 et
1189 4164 1315 4219 qum
1365 4153 1598 4224 proprie
1648 4156 1921 4230 incorpo-

263 4224 411 4281 ralia
441 4232 597 4297 sunt,
627 4231 1033 4299 praestantiora
1063 4244 1401 4309 sunl,quam
1436 4244 1501 4296 ut
1532 4242 1650 4299 sint
1680 4246 1739 4301 in
1770 4224 1918 4317 loco,

266 4331 457 4386 neque
487 4315 751 4374 localiter
775 4322 1120 4393 corporibus
1148 4332 1287 4382 sunt
1313 4332 1643 4401 praesentia,
1679 4338 1782 4392 sed
1835 4315 1919 4395 re;

266 4404 506 4475 latione,
541 4407 626 4462 uti
658 4408 859 4466 anima
887 4418 1020 4482 post
1066 4414 1416 4474 solutionem
1468 4438 1501 4476 a
1544 4440 1804 4497 corpore,
1869 4430 1918 4486 si

2034 3257 2123 3313 διὰ
2177 3261 2274 3329 τῆς
2305 3260 2634 3338 ἀκραιφνοῦς
2684 3261 3017 3334 ὁμοιότητος
3046 3258 3310 3337 ἐκφαίνειν
3343 3260 3509 3314 αὐτοῦ
3563 3264 3681 3321 τοῖς

2032 3353 2339 3427 ἀνθρώποις
2386 3352 2484 3419 τὴν
2539 3348 2789 3422 ἰδιότητα
2837 3348 3082 3421 δύνηται.
3129 3349 3431 3426 ’Λγγέλους
3490 3347 3548 3404 δὶ
3584 3349 3680 3412 τὰς

2035 3441 2169 3514 μετά
2199 3440 2326 3495 Θεὸν
2356 3441 2529 3502 πάσας
2561 3436 2817 3513 δυνάμεις
2845 3439 3332 3513 κατονομάζουσιν.

2412 3620 2513 3695 οβ’.
2548 3620 2607 3674 El
2642 3618 2694 3674 ἐν
2724 3617 2877 3693 τόπῳ
2904 3620 2972 3675 τὰ
3002 3619 3284 3693 ἀσώματα.

2104 3710 2350 3768 Ἐναντία
2380 3710 2481 3765 εἰσὶ
2520 3712 2581 3766 τὸ
2615 3715 2772 3785 σῶμα
2827 3712 2915 3765 καὶ
2975 3711 3037 3765 τὸ
3097 3709 3407 3783 ἀσώματον.
3462 3707 3529 3766 Ei‘
3583 3707 3675 3763 οῦν

2029 3801 2093 3856 τὸ
2151 3806 2310 3873 σῶμα
2368 3800 2418 3855 έν
2476 3799 2651 3873 τόπῳ,
2707 3802 2770 3856 τὸ
2827 3800 3115 3873 ἀσώματον
3174 3800 3274 3854 οὐκ
3303 3799 3352 3853 ἐν
3383 3800 3556 3871 τόπῳ.
3615 3796 3677 3853 Εἰ

2031 3890 2135 3967 γὰρ
2201 3895 2279 3962 τῷ
2333 3890 2555 3964 ἐναντίῳ
2609 3891 2671 3947 τὸ
2728 3890 2986 3962 ἐναντίον,
3059 3890 3147 3945 καὶ
3207 3894 3285 3961 τῷ
3335 3888 3562 3962 ἐνανκίῳ
3616 3888 3678 3943 τὸ

2031 3980 2291 4037 ἐνάντιον.
2326 3981 2475 4049 Οἷον,
2508 3980 2552 4035 εἰ
2582 3985 2662 4053 τῷ
2692 3979 2903 4053 σώματι
2934 3979 2996 4034 τὸ
3024 3979 3156 4033 εἶναι
3180 3977 3231 4034 ἐν
3253 3978 3427 4051 τόπῳ,
3461 3976 3678 4051 ἐναντίῳ

2032 4067 2146 4127 ὄντι
2169 4069 2249 4144 τῷ
2278 4070 2552 4144 ἀσωμάτῳ
2580 4072 2643 4126 τὸ
2680 4071 2754 4145 μή
2789 4071 2840 4124 ἒν
2868 4070 3021 4142 τόπῳ
3052 4070 3204 4126 εἶναι.
3233 4068 3315 4126 Τὰ
3345 4069 3448 4143 γὰρ
3478 4067 3680 4143 κυρίως

2033 4161 2332 4233 ἀσώματα,
2390 4161 2672 4238 κρεῖττόνα
2728 4161 2830 4214 εἶσι
2886 4158 3119 4231 τούτου,
3179 4159 3270 4213 καὶ
3321 4162 3564 4221 τοπικῶς
3618 4155 3677 4213 οὐ

2029 4252 2244 4320 πάρεισι
2294 4255 2414 4312 τοῖς
2470 4250 2708 4323 σώμασι,
2738 4253 2808 4324 τῇ
2840 4247 2897 4303 δὲ
2928 4250 3112 4324 σχέσει
3168 4246 3415 4323 πάρεισιν
3467 4247 3676 4309 αὐτοῖς·

2031 4338 2145 4394 οἶόν
2170 4361 2223 4394 τι
2256 4338 2421 4415 λέγω·
2477 4342 2512 4409 ἡ
2571 4340 2722 4415 ψυχὴ
2790 4339 2922 4412 μετά
2980 4336 3242 4393 ἀπόλυσιν
3300 4338 3398 4405 τὴν
3445 4335 3551 4391 ἀπὸ
3583 4340 3678 4392 τοῦ

2032 4428 2304 4502 σώματος,
2366 4428 2411 4483 εἷ
2472 4428 2565 4502 μὶν
2624 4432 2875 4502 καθαρῶς
2933 4426 3225 4503 ἀπαλλαγῇ
3287 4426 3377 4481 καὶ
3438 4426 3675 4497 ἀπαθῶς,

269 4510 436 4602 pu‘ra.
471 4500 528 4551 et
571 4498 879 4557 aifectibus
929 4501 1113 4559 libera
1143 4506 1501 4579 discesserit,
1534 4531 1647 4570 non
1680 4516 1922 4576 habebit

2039 4498 2129 4573 οὐκ
2176 4516 2293 4593 ἔχει
2351 4498 2534 4593 σχέσιν
2580 4518 2716 4593 πρὸς
2744 4498 2805 4573 τὸ
2860 4521 3018 4590 σῶμα
3052 4515 3083 4571 ὅ
3120 4498 3506 4572 ἀπολέλοιπεν·
3543 4515 3589 4570 εἰ
3621 4513 3679 4571 δὲ

269 4584 613 4642 relationem
637 4589 708 4644 ad
734 4605 948 4663 corpus
971 4595 1125 4664 quod
1151 4596 1468 4670 reliquit.Si
1490 4620 1624 4660 vero
1647 4608 1917 4665 allectum

268 4677 604 4745 servaverit,
630 4682 791 4734 amat
816 4680 872 4735 id
906 4682 1080 4739 etiam
1113 4684 1397 4757 solutum,
1430 4696 1489 4747 et
1518 4697 1733 4753 amoris
1766 4699 1918 4756 rela-

266 4764 427 4821 tione
454 4782 661 4824 versus
692 4767 835 4824 illud
868 4770 1136 4842 fertur,et
1165 4777 1501 4839 substantia
1544 4785 1780 4857 quidem
1830 4794 1919 4845 at-

268 4870 383 4925 que
414 4857 670 4913 essentia
700 4861 926 4932 corpori
958 4861 1321 4936 incorporale
1354 4886 1468 4926 non
1500 4877 1591 4930 est
1637 4892 1916 4950 praesens,

270 4944 479 5040 affectu
530 4950 729 5004 tamen
778 4952 1011 5021 quando
1052 4954 1178 5011 vult
1222 4957 1295 5012 ad
1352 4958 1497 5018 illud
1554 4944 1734 5022 veluti
1791 4944 1920 5040 pro;

272 5033 443 5104 repit;

672 5127 761 5183 73.
795 5128 937 5188 Nam
966 5135 1203 5191 materia
1230 5137 1308 5192 εει
1337 5137 1477 5196 bona
1495 5147 1522 5196 γ

340 5211 502 5269 Plato
525 5214 911 5290 philosophus
940 5220 997 5276 in
1032 5225 1228 5284 Timaeo
1259 5231 1563 5288 materiam
1592 5235 1751 5292 velut
1800 5253 1921 5295 ma-

267 5305 416 5356 trem
448 5307 504 5356 et
534 5305 820 5363 nutricem
851 5314 1245 5381 generationis
1273 5333 1467 5375 rerum
1513 5323 1916 5397 pulchrarum,

270 5406 630 5462 causamque
663 5395 878 5452 sociam
913 5403 1225 5460 creationis
1259 5409 1465 5465 mundi
1497 5414 1793 5485 praedicat;
1818 5395 1919 5472 sed

271 5479 369 5535 ubi
405 5478 633 5573 Iizlcates
663 5482 875 5573 hospes
906 5487 1322 5565 loquitur,ipsa
1353 5478 1530 5555 causa
1552 5478 1921 5573 essejdicitur

272 5569 725 5628 inordinationis
756 5573 813 5629 in
848 5576 1145 5634 universo.
1175 5584 1248 5637 At
1290 5586 1345 5640 in
1396 5587 1637 5646 Philebo
1682 5569 1919 5667 dialogo

270 5676 400 5719 eam
433 5677 467 5717 a
494 5660 611 5721 Deo
642 5668 933 5736 repetens,
969 5667 1230 5727 divinam
1262 5678 1319 5729 et
1347 5675 1508 5747 [quia
1552 5699 1585 5738 a
1630 5681 1746 5739 Deo
1792 5660 1920 5756 prve-

2031 4607 2308 4679 ἐμπαθώς,
2370 4607 2551 4682 ἀγαπᾷ
2603 4608 2736 4663 αὐτὸ
2787 4606 2877 4662 καὶ
2936 4604 3207 4675 διαλυθὲν,
3266 4608 3353 4661 καὶ
3404 4608 3439 4675 ἡ
3486 4607 3670 4681 ἀγάπη

2030 4699 2218 4772 σχέσις
2275 4696 2411 4772 πρὸς
2466 4696 2619 4767 αὐτὸ,
2670 4696 2760 4752 καὶ
2815 4697 3106 4752 ὑποστάσει
3168 4697 3261 4768 μὶν
3319 4698 3354 4765 ἡ
3413 4694 3570 4766 οὐσίᾳ
3612 4694 3675 4750 οὐ

2028 4784 2252 4859 πάρεστι
2281 4787 2344 4841 τὸ
2376 4784 2664 4860 ἀσώματον
2695 4791 2775 4859 τῷ
2805 4787 3041 4860 σώματι,
3077 4784 3225 4861 ῥέπει
3258 4781 3317 4840 δὲ
3364 4784 3500 4861 πρὸς
3545 4782 3675 4839 αὐτὸ

2028 4875 2153 4930 ’ὁταν
2186 4875 2476 4951 βούληται.

2526 5143 2626 5217 ογ’.
2677 5141 2740 5197 Εἰ
2778 5138 2945 5197 καλὸν
2979 5142 3013 5211 ἡ
3048 5138 3179 5210 ὕλη.

2100 5229 2325 5287 Πλάτων
2360 5232 2388 5287 ὁ
2420 5229 2720 5310 φιλόσοφος
2753 5232 2803 5286 ἐν
2868 5231 2960 5304 μὶν
2991 5235 3072 5303 τῷ
3100 5228 3321 5304 Τιμαίῳ
3354 5228 3566 5303 μητέρα
3588 5229 3679 5285 καὶ

2027 5320 2244 5391 τιθηνὸν
2302 5322 2401 5389 τῆς
2474 5325 2582 5376 τῶν
2660 5319 2844 5376 καλῶν
2917 5320 3198 5395 γενέσεως,
3254 5318 3343 5375 καὶ
3399 5318 3675 5376 συναιτίαν

2027 5418 2126 5480 τῆς
2181 5414 2277 5465 τοῦ
2325 5407 2536 5485 κόσμου
2612 5408 2975 5486 δημιουργίας
3034 5407 3199 5477 αὐτὴν
3274 5406 3623 5488 ἀποφαίνεται
3659 5426 3673 5442 ·

2030 5498 2081 5555 ἐν
2142 5496 2199 5554 δὲ
2258 5504 2375 5562 τοῖς
2429 5499 2525 5554 τοὺ
2588 5497 2842 5555 Ἐλεάτου
2869 5501 3019 5571 ξένου
3051 5497 3262 5572 λόγοις,
3294 5498 3473 5553 αἰτίαν
3503 5497 3671 5567 αὐτὴν

2030 5589 2173 5666 λέγει
2228 5596 2327 5658 τῆς
2383 5592 2478 5643 τοῦ
2535 5591 2734 5652 παντὸς
2785 5589 3025 5660 ἀταξίας.
3080 5589 3165 5645 Ἐν
3210 5584 3267 5642 δὲ
3319 5592 3399 5660 τῷ
3429 5585 3674 5663 διαλόγῳ

2026 5684 2106 5753 τῷ
2152 5677 2483 5753 καλουμένῳ
2517 5674 2773 5752 Φιλήϐῳ,
2835 5678 2939 5735 ἀπὸ
2996 5680 3129 5734 Θεοῦ
3175 5676 3265 5734 καὶ
3292 5675 3492 5748 ταύτην
3532 5697 3672 5754 παρ-
