4040 6146
305 315 431 377 733

1494 316 1595 375 DE
1641 314 2083 376 OMNIFARIA
2127 315 2548 375 DOCTllINA.

3610 310 3732 383 734

298 445 476 523 άγων,
526 443 704 511 ἔνθεον
764 446 931 517 αὐτὴν
979 448 1069 503 καὶ
1125 446 1321 523 ἀγαθὸν
1377 445 1465 502 διὰ
1516 448 1612 517 τήν
1676 447 1781 501 ἀπὸ
1830 449 1962 502 Θεοῦ

2096 454 2251 519 gnata
2282 452 2372 503 est
2405 448 2619 503 bonam
2652 447 2923 503 afﬁrmat.
2956 450 3175 502 Verum
3203 443 3443 499 Proclus
3476 441 3733 515 philoso-

300 537 543 614 γέννεσιν
605 536 979 614 ἀποφαίνεται.
1030 538 1282 611 Πρόκλος
1341 535 1397 591 δὲ
1449 539 1476 592 6
1518 533 1818 614 φιλόσοφος
1847 531 1969 589 οὕτε

299 626 504 703 ἀγαθὸν
567 626 734 695 αὐτὴν
794 625 963 681 οἷέται
998 624 1119 681 οὐτε
1177 626 1362 683 κακόν,
1423 628 1511 689 Ὡς
1544 626 1637 698 μὲν
1670 626 1771 700 γὰρ
1805 621 1967 699 ἔσχα-

302 737 399 771 τον
453 719 559 770 τῶν
621 712 790 771 ὄντων
851 716 939 770 καὶ
1002 715 1192 792 πόρρω
1221 721 1317 770 τοῦ
1376 715 1601 790 ἀγαθοῦ,
1636 714 1734 769 οὐκ
1766 714 1966 789 ἀγαθὸν

308 803 485 881 λέγει.
550 804 623 867 ὡς
684 802 742 860 δὲ
800 804 973 860 αἰτίαν
1044 804 1468 881 δημιουργικὴν,
1519 802 1714 865 ἕντοῖς
1749 805 1967 880 ἀγαθοῖς

306 894 747 970 ἀναγκαζόμενος
794 895 1017 961 τιθέναι,
1075 895 1241 967 μέσην
1297 894 1462 962 αὐτὴν
1495 897 1589 947 τοῦ
1620 893 1821 967 ἁγαθού
1879 890 1967 945 καὶ

308 989 413 1040 τοῦ
444 988 611 1040 κακοῦ
642 985 809 1047 τιθεὶς
843 986 1125 1058 ἀναγκαῖον
1155 982 1503 1056 ἐπονομάζει.
1542 982 1619 1037 Τὸ
1649 982 1749 1056 γὰρ
1794 978 1966 1042 ἐνδεὲς

310 1073 485 1143 αὐτῆς
512 1078 618 1128 τῶν
661 1072 895 1148 ἀγαθῶν,
948 1072 1219 1129 συντελεῖν
1254 1072 1400 1148 λέγει
1431 1070 1568 1146 πρὸς
1591 1072 1688 1141 τήν
1720 1075 1825 1125 τῶν
1858 1069 1968 1123 αἷσ-

318 1167 503 1233 θητῶν
534 1163 927 1237 δημιουργίαν,
958 1160 1089 1238 ὅπερ
1124 1162 1414 1236 ἀναγκαῖόν
1450 1160 1583 1216 ἐστι.

348 1276 448 1337 οδ’.
482 1278 612 1353 Περὶ
643 1286 743 1349 τῆς
792 1278 927 1352 πρὸς
959 1278 1022 1333 τὸ
1049 1282 1202 1333 Θεῖον
1232 1282 1339 1333 τῶν
1373 1278 1541 1332 ὅντων
1578 1275 1931 1351 ἐπιστροφῆς.

387 1380 503 1431 Τῶν
562 1376 709 1453 παρᾶ
765 1381 898 1431 Θεοῦ
944 1377 1048 1431 ἀπὸ
1105 1380 1201 1430 τοῦ
1264 1376 1339 1447 μὴ
1402 1371 1556 1439 ὄντος
1604 1374 1677 1435 εἰς
1716 1375 1777 1428 τὸ
1836 1374 1967 1427 εἶναι

318 1466 736 1541 παραχθέντων,
791 1466 861 1520 τὰ
919 1467 1013 1538 μὲν
1043 1459 1156 1519 ἔστι
1216 1466 1379 1538 μόνον
1410 1460 1558 1532 ὄντα,
1592 1465 1666 1527 ὡς
1693 1462 1760 1517 τὰ
1783 1459 1971 1536 ἄψυχα

318 1557 570 1628 σώματα,
626 1556 692 1609 τὰ
723 1552 779 1609 δὲ
804 1554 892 1609 καὶ
934 1550 1062 1610 ὅντα
1089 1554 1179 1609 καὶ
1241 1558 1433 1622 ζῶντα,
1483 1552 1573 1607 καὶ
1620 1556 1862 1624 νοοῦντα,
1897 1553 1969 1613 ὡς

314 1646 373 1701 αἱ
439 1644 613 1720 ψυχαὶ
672 1644 762 1699 καὶ
811 1646 863 1698 o't
895 1644 1036 1705 νόες.
1086 1646 1348 1698 Ἕκαστον
1409 1640 1501 1696 οὖν
1559 1643 1693 1717 πρὸς
1719 1642 1808 1695 τὸν
1843 1641 1969 1695 Θεὸν

316 1734 410 1812 ἀφ’
466 1732 527 1788 οὗ
578 1734 842 1808 παρήχθη
876 1734 1011 1787 κατὰ
1056 1734 1154 1801 τήν
1182 1730 1318 1787 ἰδίαν
1380 1728 1601 1805 ὕπαρξιν
1640 1729 1966 1808 ἐπιστρέφει,

2079 536 2231 608 phus
2281 553 2471 609 neque
2521 536 2734 592 bonam
2787 534 2947 589 illam
3000 538 3169 606 putat
3215 548 3404 603 neque
3454 531 3670 586 malam
3719 548 3733 587 :

2079 630 2371 696 quatenus
2403 626 2557 681 enim
2590 627 2814 681 entium
2847 625 3116 679 intimum
3147 622 3305 687 sit,et
3337 639 3369 676 a
3400 621 3551 675 bono
3585 621 3737 690 prin-

2079 715 2252 786 cipali
2286 715 2518 785 longius
2554 714 3029 777 rcmotum,haud
3050 712 3320 784 equidem
3346 712 3559 765 benam
3583 725 3731 765 esse:

2081 810 2372 876 quatenus
2401 822 2535 859 vero
2566 821 2803 858 causam
2837 802 3263 873 demiurgicam
3290 798 3620 854 necessario
3644 815 3732 851 ac-

2080 910 2315 949 censere
2350 894 2518 948 bonis
2551 894 2797 964 cogitur,
2830 892 3081 946 mediam
3132 906 3258 945 eam
3312 888 3462 942 inter
3515 888 3732 942 bonum

2080 984 2420 1055 malumque
2456 983 2620 1053 ponit
2641 987 2696 1036 et
2720 980 2978 1052 appellat
2996 976 3733 1035 necessitatem.Defectum

2077 1072 2233 1127 enim
2266 1072 2364 1143 qui
2397 1072 2452 1126 in
2488 1071 2586 1126 illa
2612 1076 2702 1126 est
2750 1071 3051 1137 bonitatis,
3086 1069 3349 1124 conferre
3398 1066 3479 1121 ait
3528 1067 3597 1121 ad
3635 1066 3713 1120 fa-

2079 1161 2281 1217 cienda
2313 1160 2571 1229 sensilia,
2607 1162 2761 1232 quod
2795 1161 2991 1231 ipsum
3024 1157 3394 1215 necessitatis
3425 1159 3533 1212 est.

2348 1278 2438 1331 74.
2472 1278 2545 1331 De
2566 1264 2815 1332 centium
2845 1276 3154 1331 reversione
3187 1274 3265 1330 ad
3292 1275 3482 1329 Deum.

2153 1377 2361 1431 Rerum
2394 1392 2541 1447 quas
2563 1375 2716 1430 Deus
2737 1391 2871 1430 cum
2906 1389 3022 1428 non
3046 1376 3243 1427 essent
3276 1371 3410 1426 fecit
3431 1368 3731 1436 exsistere,

2081 1466 2197 1523 alia
2213 1470 2352 1521 sunt
2374 1465 2785 1520 tantummodo
2815 1463 2994 1532 entia,
3019 1466 3084 1517 ut
3106 1476 3349 1532 corpora
3386 1458 3733 1525 inanimata,

2080 1554 2195 1611 alia
2224 1555 2381 1610 entia
2424 1558 2481 1609 et
2529 1553 2783 1609 viventia
2833 1569 3065 1624 quoque
3114 1555 3169 1606 et
3218 1548 3624 1620 intelligentia,
3671 1551 3737 1602 ut

2081 1644 2287 1700 anima:
2318 1660 2384 1699 ac
2415 1647 2658 1699 mentes.
2692 1643 2776 1697 Ad
2809 1642 2994 1697 Deum
3027 1641 3208 1713 igitur
3238 1656 3271 1694 a
3314 1655 3428 1711 quo
3479 1638 3738 1710 profecta

2081 1738 2222 1788 sunt
2252 1732 2490 1804 singula
2540 1748 2643 1803 pro
2690 1748 2809 1786 suae
2862 1731 3087 1786 ratione
3131 1727 3473 1785 substantia:
3521 1728 3735 1782 iterum

313 1824 379 1879 τὸ
443 1824 536 1895 μὲν
599 1827 733 1891 ζῶον
766 1823 857 1876 καὶ
889 1819 1146 1883 οὐσιῶδες
1202 1821 1289 1876 καὶ
1339 1820 1660 1897 γτωστικόν.
1711 1822 1973 1875 ’Έκαστον

2096 1822 2651 1887 :onvertuntur,sive
2678 1822 2893 1877 animal
2929 1822 3006 1876 sit
3032 1820 3250 1885 vivum,
3292 1820 3411 1875 sive
3460 1818 3736 1874 substan-

315 1912 422 1990 γὰρ
477 1912 550 1974 ὡς
604 1908 903 1984 προῆλθεν⁶
962 1909 1103 1965 οὕτω
1152 1910 1240 1965 καὶ
1298 1909 1676 1985 ὲπέστραπται.
1708 1911 1883 1965 Τοῦτο
1919 1905 1976 1962 δὲ

323 2001 389 2056 τὸ
422 1998 782 2079 φιλοσόφημα
811 1999 900 2055 καὶ
935 2000 962 2054 6
995 1998 1293 2077 φιλόσοφος
1335 1998 1585 2073 Πρόκλος
1619 1999 1669 2053 ἐν
1717 2003 1833 2059 τοῖς
1884 2017 1975 2051 κε-

326 2090 587 2168 φαλαίοις
619 2089 785 2144 αὐτοῦ
815 2087 996 2160 τίθησι
1045 2088 1133 2143 καὶ
1187 2085 1497 2163 διευκρινεῖ.
1556 2086 1653 2141 Καὶ
1695 2087 1800 2161 πρὸ
1845 2084 1977 2141 τού-

318 2200 420 2235 του
492 2180 521 2233 6
588 2178 1008 2255 Ἀρειοπαγίτης
1068 2176 1345 2240 Διονύσιος
1403 2177 1725 2255 σαφέστερον
1781 2174 1977 2231 τούτου

321 2263 622 2343 διακριϐοἷ,
654 2268 744 2323 καὶ
776 2267 915 2322 ἐστὶν
946 2269 973 2322 6
1007 2266 1173 2341 λόγος
1204 2270 1310 2320 τῶν
1336 2268 1475 2321 πάνυ
1498 2264 1975 2338 σπουδαζομένων,

327 2358 657 2436 σαφέστατός
688 2378 746 2413 τε
774 2356 863 2412 καὶ
897 2352 1279 2434 ἀκριϐέστατος
1312 2357 1409 2413 ὧν.

895 2535 985 2590 οε’.
1017 2534 1147 2608 Περῖ
1180 2534 1406 2609 χρόνου.

398 2629 459 2685 Ὀ
517 2627 719 2703 χρόνος
782 2623 1027 2687 ἐπινοίας
1100 2622 1441 2699 ἀνθρωπίνης
1498 2622 1606 2678 ἐστὶ
1663 2621 1844 2695 νόημα
1887 2620 1977 2675 καί

334 2712 529 2789 ὄνομα.
573 2713 796 2783 Ἐπειδή
849 2714 949 2789 γὰρ
998 2715 1091 2787 μὲν
1140 2713 1334 2767 αἰώνια
1366 2713 1446 2768 ἀεὶ
1478 2709 1607 2767 ὄντα
1631 2712 1720 2767 καὶ
1754 2710 1979 2781 ἀκίνητά

331 2806 442 2863 ἰστι
479 2849 492 2875 ,
551 2805 618 2860 τὰ
668 2803 724 2859 δὲ
785 2805 888 2859 ὑπὸ
944 2803 1154 2874 κίνησιν
1214 2802 1403 2878 ῥέοντα
1458 2803 1545 2859 καὶ
1600 2802 1974 2880 φθειρόμενα,

323 2896 454 2952 αὐτὸ
487 2893 553 2964 δὴ
576 2893 638 2949 τὸ
687 2892 879 2969 μέτρον
910 2899 1009 2962 τῆς
1038 2894 1302 2963 κινήσεως
1361 2887 1560 2968 χρόνον
1610 2891 1895 2965 ὠνόμασαν
1926 2892 1978 2945 οἱ

325 2986 643 3061 φιλόσοφοι.
703 2980 846 3040 Οὐδὲ
895 2983 998 3058 γὰρ
1046 2982 1417 3058 αὐθύπαρκτον
1448 2986 1675 3058 πρᾶγμα
1705 2983 1732 3036 6
1776 2981 1977 3057 χρόνος

332 3073 501 3141 ἱστὶν,
562 3069 683 3127 οὐδὲ
737 3076 897 3145 σῶμα
954 3073 1305 3149 φαινόμενον,
1365 3069 1489 3125 οὐδὲ
1554 3070 1840 3143 ἂσώματός
1896 3091 1977 3132 τις

2087 1914 2166 1969 tia
2194 1914 2625 1979 tantummodo,
2660 1912 2780 1967 sive
2812 1912 3124 1983 przeditum
3172 1907 3471 1965 intellectu
3522 1924 3588 1963 ac
3636 1923 3737 1962 co-

2087 2003 2847 2075 gnitione.Unumquodque
2870 2001 3027 2057 enim
3051 2001 3129 2055 uti
3147 1999 3430 2072 processit
3457 1997 3537 2053 ita
3558 1997 3737 2053 etiam

2087 2095 2259 2150 redit.
2319 2095 2479 2150 Hanc
2534 2093 3003 2166 philosophicam
3063 2090 3547 2164 propositionem,
3597 2090 3735 2145 Pro-

2086 2183 2217 2240 olus
2250 2200 2479 2255 quoque
2501 2183 2791 2255 capitibus
2815 2182 2940 2239 suis
2970 2181 3224 2238 inseruit
3254 2179 3741 2250 discussitque,et

2088 2278 2223 2330 ante
2252 2290 2383 2328 eum
2424 2272 2732 2344 Dionysius
2764 2272 3107 2343 AreOpagita
3137 2269 3453 2326 dilucidius
3473 2268 3651 2324 etiam
3683 2269 3743 2322 et

2089 2362 2417 2418 accuratius
2448 2360 2735 2433 exposuit,
2770 2360 3055 2432 singulari
3087 2359 3239 2415 enim
3273 2356 3740 2430 diligentia,per—

2088 2451 2398 2524 spicuitate
2428 2456 2483 2506 et
2513 2467 2655 2506 cura
2684 2450 2793 2505 hac
2826 2450 2896 2505 de
2928 2465 2987 2505 re
3019 2454 3108 2504 est
3138 2451 3594 2504 commentatus.

2670 2540 2760 2593 75.
2795 2541 2867 2594 De
2891 2547 3155 2609 tempore.

2162 2634 2419 2700 Tempus
2467 2646 2500 2683 a
2549 2628 2897 2698 cogitatione
2944 2628 3255 2684 hominum
3304 2625 3634 2698 concipitur
3686 2627 3744 2679 et

2090 2735 2305 2774 nomen
2339 2718 2583 2789 accepit.
2614 2721 2759 2774 Cum
2798 2718 2955 2773 enim
3006 2717 3128 2772 alia?
3180 2732 3271 2771 res
3328 2716 3447 2771 sint
3492 2720 3742 2780 aeternae,

2088 2826 2216 2881 quae
2240 2824 2474 2879 semper
2498 2808 2788 2863 exsistunt
2811 2812 3068 2877 suntque
3098 2804 3454 2873 immobiles,
3474 2803 3603 2860 aliae
3634 2803 3744 2858 sub

2089 2898 2346 2953 motione
2367 2896 2700 2953 constitutae
2723 2900 2781 2952 et
2804 2901 2968 2952 ﬂuxae
2992 2894 3543 2967 corruptibilesque,
3576 2908 3744 2949 men-

2091 2988 2451 3044 surationem
2472 2987 2748 3043 motionis
2763 2986 3093 3058 philosophi
3112 2990 3336 3057 tempus
3351 2983 3746 3057 appellarunt.

2089 3077 2289 3148 Neque
2312 3075 2467 3131 enim
2489 3093 2581 3131 res
2603 3092 2706 3147 per
2728 3091 2791 3130 se
2814 3074 3147 3131 subsistens
3170 3080 3404 3146 tempus
3426 3078 3535 3140 est,
3564 3089 3752 3144 neque

330 3162 642 3230 ὑπόστασις,
700 3162 880 3234 ὥσπερ
935 3160 1160 3239 ἡφύσις
1217 3160 1307 3215 καὶ
1366 3163 1399 3229 ἡ
1460 3162 1613 3235 ψυχὴ
1646 3160 1735 3214 καὶ
1767 3161 1973 3228 ὁνοῦς,

2096 3182 2309 3237 corpus
2337 3166 2492 3236 quod
2527 3164 2802 3221 sensibus
2834 3164 3054 3235 percipi
3105 3167 3317 3235 potest,
3367 3180 3557 3236 neque
3607 3163 3753 3219 sub-

321 3250 471 3308 ἆλλα
522 3256 750 3326 πρᾶγμα
804 3250 855 3305 ἐν
908 3249 1122 3320 ἐπινοίᾳ
1183 3271 1320 3323 μονῃ
1374 3249 1649 3323 κείμνεον.
1706 3251 1767 3307 Ἡ
1797 3248 1974 3304 τοίνυν

324 3342 479 3418 ψυχὴ
535 3340 789 3395 ὲνωθεῖσα
844 3344 922 3411 τῷ
977 3339 1271 3413 Κρείττονι.
1334 3338 1384 3393 ἐν
1434 3338 1513 3411 τῷ
1571 3338 1761 3393 ἑστῶτι
1820 3339 1973 3393 αἱῶνι

328 3430 495 3489 ὶστίν.
555 3429 846 3506 Ἀφειμένη
911 3425 967 3483 δὲ
1019 3433 1116 3482 τοῦ
1174 3427 1367 3489 αἰῶνος
1397 3426 1487 3483 καῖ
1517 3427 1639 3502 περί
1669 3448 1721 3481 τι
1755 3433 1983 3501 πρᾶγμα

321 3526 423 3589 τῆς
480 3517 739 3594 γενέσεως
776 3519 1045 3588 κινηθεῖα,
1108 3517 1293 3592 χώραν
1351 3520 1430 3588 τῷ
1484 3515 1674 3590 χρόνῳ
1734 3511 1977 3568 δίδωσιν’

330 3606 489 3664 οὐδὲν
550 3607 641 3661 οὗν
700 3603 880 3677 ἕτερόν
941 3605 1079 3662 ἐστιν
1149 3607 1176 3661 ὁ
1232 3606 1432 3682 χρόνος
1490 3604 1525 3674 ἢ
1584 3606 1778 3680 μέτρον
1823 3605 1977 3675 κινή-

328 3718 488 3761 σεως.

864 3881 960 3937 ος’.
994 3874 1120 3949 Περὶ
1155 3875 1444 3945 κινήσεως.

402 3961 841 4032 Δοσκατανόητόν
913 3982 964 4016 τι
1035 3968 1261 4037 πρᾶγμα
1329 3964 1363 4031 ἡ
1422 3962 1655 4031 κίνησις.
1720 3964 1869 4017 Ἐστι
1925 3957 1983 4014 δὲ

327 4051 468 4115 εἶδός
526 4074 579 4107 τι
649 4052 739 4107 καὶ
798 4051 1039 4127 ἐνέργεια
1093 4050 1414 4124 κινουμένου
1473 4051 1811 4127 πράγματος,
1863 4050 1979 4102 καθ’

338 4143 398 4198 6v
431 4142 632 4218 χρόνον
691 4147 942 4197 κινεῖται.
1001 4142 1133 4198 Οἷόν
1189 4162 1240 4195 τι
1301 4140 1470 4215 λέγω,
1530 4136 1641 4194 ἔστι
1670 4160 1721 4194 τι
1753 4146 1984 4215 πρᾶγμα

326 4230 711 4304 αὐξανόμενον,
741 4230 832 4285 καὶ
864 4227 1003 4285 ἄλλο
1058 4228 1483 4302 ἀλλοιούμενον,
1539 4230 1626 4284 καὶ
1660 4228 1800 4284 ἄλλο
1832 4229 1985 4307 φερό-

332 4339 514 4395 μενον·
569 4319 657 4375 καὶ
714 4324 810 4374 τοῦ
845 4320 939 4393 μὲν
999 4318 1364 4392 αὐξανομένου
1412 4317 1619 4388 κίνησις
1660 4321 1693 4388 ἡ
1738 4316 1981 4392 αὔξησις,

326 4413 425 4465 τοῦ
462 4407 518 4465 δὲ
548 4410 849 4488 φερομένοο
900 4411 933 4478 ἡ
993 4408 1152 4485 φορὰ,
1185 4409 1271 4461 καὶ
1306 4406 1453 4472 ὅλως
1479 4412 1578 4462 τοῦ
1622 4408 1916 4484 γενομένου
1946 4411 1981 4478 ἡ

328 4498 559 4575 γένεσις.
616 4502 798 4553 Ἔστιν
824 4498 915 4552 οὖν
950 4500 983 4566 ἡ
1016 4497 1252 4567 κίνησις,
1287 4493 1409 4551 οὔτε
1444 4496 1589 4572 ἀρχὴ
1634 4494 1755 4551 οὐτε
1802 4497 1983 4570 τέλος,

2094 3255 2317 3312 stantia
2351 3252 2760 3325 incorporalis,
2793 3256 2859 3307 ut
2889 3258 3118 3319 natura,
3152 3252 3369 3320 anima,
3405 3268 3570 3308 mens
3601 3268 3614 3306 :
3650 3251 3751 3305 sed

2093 3344 2313 3415 aliquid
2348 3343 2405 3397 in
2439 3342 2564 3399 sola
2595 3342 2849 3413 positum
2883 3342 3257 3414 cogitatione.
3291 3341 3532 3406 Quando
3575 3340 3754 3412 igitur

2092 3434 2293 3490 anima
2352 3438 2483 3502 Deo,
2529 3432 2831 3503 jungitur,
2885 3431 2946 3487 in
3001 3448 3118 3487 arvo
3174 3429 3371 3487 stabili
3433 3430 3756 3486 constituta

2093 3528 2214 3591 est;
2258 3538 2391 3577 cum
2440 3526 2635 3577 autem
2687 3537 2807 3577 aevo
2854 3520 3035 3576 veluti
3087 3519 3325 3587 emissa,
3376 3520 3447 3575 ad
3505 3535 3752 3592 genera—

2093 3612 2277 3668 tionis
2307 3610 2704 3667 conditionem
2739 3609 3232 3679 movetur,locum
3264 3609 3323 3665 in
3356 3626 3419 3665 se
3439 3609 3576 3666 facit
3606 3613 3758 3665 tem-

2095 3701 2511 3773 pori.Tempus
2541 3700 2720 3771 igitur
2750 3699 2898 3755 nihil
2931 3700 3090 3756 aliud
3124 3704 3214 3756 est
3238 3716 3417 3772 quam
3447 3715 3757 3755 mensura—

2092 3789 2174 3847 tio
2207 3789 2510 3846 motionis.

2724 3879 2814 3933 76.
2846 3879 2923 3933 De
2949 3881 3119 3933 motu.

2167 3970 2278 4025 Res
2329 3967 2587 4024 difﬁcilis
2635 3968 2923 4040 explicatu
2974 3973 3191 4023 motus.
3247 3968 3350 4023 Est
3402 3968 3559 4023 enim
3610 3967 3756 4024 ratio

2094 4059 2388 4132 quaedam,
2421 4062 2478 4113 et
2522 4058 2607 4113 rei
2654 4074 2781 4129 quae
2838 4061 3126 4127 movetur,
3181 4057 3332 4112 actio
3378 4073 3442 4113 eo
3493 4063 3756 4129 tempore

2096 4147 2250 4220 quod
2298 4150 2585 4201 movetur.
2635 4146 2726 4201 Uti
2779 4163 2830 4201 v.
2866 4162 2921 4216 g.
2952 4149 3041 4200 est
3073 4144 3297 4217 aliquid
3333 4147 3489 4216 quod
3521 4146 3752 4211 crescit,

2094 4237 2249 4309 quod
2284 4235 2738 4306 mutatur,quod
2774 4235 2960 4290 fertur
2991 4234 3110 4291 sive
3142 4235 3420 4307 agitatur;
3448 4240 3625 4307 atque
3658 4234 3755 4291 ille

2095 4325 2335 4397 quidem
2372 4329 2568 4380 motus
2599 4341 2713 4394 quo
2745 4324 2955 4379 crescit
3007 4322 3254 4395 aliquid,
3305 4324 3522 4379 dicitur
3566 4325 3754 4379 incre-

2096 4422 2383 4481 mentum,
2418 4414 2600 4469 motio
2632 4413 2713 4468 rei
2745 4413 2974 4485 agitatze
3020 4411 3161 4468 latio
3212 4414 3333 4469 sive
3381 4414 3645 4485 agitatio,
3695 4418 3755 4468 et

2098 4504 2367 4559 universe
2399 4502 2481 4558 rei
2516 4502 2811 4558 nascentis
2845 4502 3161 4573 generatio.
3196 4502 3393 4558 Motus
3426 4502 3606 4574 igitur
3651 4519 3757 4557 nec

330 4586 486 4644 ἀλλὰ
512 4588 573 4642 τὸ
610 4587 804 4661 μεταξὺ
857 4586 1082 4642 τούτων.
1112 4592 1217 4656 Τῆς
1276 4586 1378 4660 γὰρ
1413 4584 1829 4658 οἱκοδομήσεως
1865 4582 1976 4641 οὔτε

2101 4592 2455 4665 principium
2485 4596 2576 4646 est
2606 4608 2709 4646 nec
2744 4591 2897 4656 linis,
2937 4592 3035 4646 sed
3083 4590 3341 4646 medium
3392 4590 3543 4645 inter
3593 4596 3755 4645 utra-

331 4678 366 4747 ἡ
402 4677 547 4754 άρχὴ
607 4676 840 4749 κίνησις,
900 4672 1053 4731 οὔπω
1100 4676 1201 4752 γὰρ
1232 4676 1531 4746 κεκίνηται·
1566 4673 1689 4730 οὐτε
1718 4677 1777 4730 τὸ
1802 4673 1984 4747 τέλος,

333 4768 606 4821 πέπαυται
644 4767 745 4843 γὰρ
774 4767 835 4820 τὸ
869 4763 1232 4838 οἶκοδομηθέν
1259 4785 1272 4797 ·
1304 4765 1368 4820 τὸ
1401 4763 1457 4820 δὲ
1487 4764 1537 4819 ἐν
1577 4764 1723 4838 μέσῳ
1754 4764 1983 4831 τούτων,

334 4858 449 4911 οἷον
483 4857 517 4925 ὴ
551 4852 936 4928 οἷκοδόμησις,
969 4859 1129 4909 τοῦτο
1160 4853 1369 4925 κίνησίς
1402 4854 1565 4911 ἐστιν.
1599 4856 1763 4931 Ὃπερ
1799 4851 1864 4923 δὴ
1895 4852 1985 4907 καὶ

332 4942 695 5023 ἐνδελέχειαν.
725 4941 1107 5020 Ἀριστοτέλης
1132 4943 1439 5016 ὠνόμασεν.

892 5127 985 5192 οζ’.
1013 5123 1147 5197 Περὶ
1175 5122 1432 5197 ἀνάγκης.

407 5211 681 5288 Ἀνάγκην
743 5212 1099 5285 ὀνομάζουσιν
1132 5212 1183 5266 οἱ
1238 5209 1532 5289 φιλόσοφοι
1585 5209 1811 5286 δύναμίν
1870 5235 1990 5269 τινα

333 5303 734 5376 ἁναγκαστικήν
792 5306 888 5356 τοῦ
949 5300 1407 5373 ἀποτελέσματος’
1480 5302 1593 5358 οἷόν
1626 5325 1678 5358 τι
1729 5302 1893 5381 λέγω·
1954 5307 1989 5375 ἡ

336 5388 672 5465 ἀστρολογία
722 5394 831 5444 τῶν
906 5385 1111 5463 ἄστρων
1170 5389 1472 5464 σχημάτων
1538 5390 1847 5467 ἐξήρτηται,
1902 5394 1991 5447 καὶ

338 5480 448 5533 τῶν
513 5480 849 5553 ὑψωμάτων,
909 5478 999 5533 καὶ
1056 5484 1162 5533 τῶν
1220 5478 1450 5557 φάσεων,
1502 5482 1590 5535 καὶ
1648 5486 1754 5536 τῶν
1788 5480 1993 5537 οἰκοδε-

343 5574 558 5623 σποτῶν
608 5570 697 5623 καὶ
746 5574 855 5624 τῶν
904 5565 1112 5625 ἄλλων.
1172 5570 1334 5626 Ὅταν
1393 5569 1483 5624 οὖν
1516 5568 1794 5645 συνδράμῃ
1822 5572 1994 5628 πάντα

346 5658 482 5733 πρὸς
538 5659 598 5713 τὸ
656 5657 917 5733 γενέσθαι,
991 5658 1081 5713 καὶ
1144 5655 1312 5731 μηδέν
1370 5680 1424 5714 τι
1475 5660 1540 5728 ἦν
1576 5658 1891 5715 ἁντιπίπτον
1952 5663 1989 5731 ἢ

2102 4682 2315 4754 que.Ut
2345 4680 2403 4736 in
2436 4679 2818 4736 aediﬁcatione
2850 4698 2954 4735 nec
3008 4680 3364 4753 principium
3416 4685 3504 4735 est
3553 4680 3755 4749 motio,

2099 4772 2367 4827 nondum
2424 4770 2576 4826 enim
2628 4776 2929 4835 movetur;
2983 4785 3170 4840 neque
3218 4769 3379 4836 finis,
3418 4771 3546 4842 jam
3597 4770 3755 4825 enim

2098 4860 2275 4917 desiit
2307 4860 2615 4930 aediﬁcari;
2647 4860 2749 4916 sed
2783 4860 2975 4915 media
3004 4859 3063 4913 in
3096 4860 3214 4927 his,
3246 4859 3555 4915 aedificatio
3596 4875 3757 4914 nem-

2100 4967 2189 5023 pe,
2227 4950 2408 5006 motio
2443 4954 2551 5022 est,
2586 4966 2764 5023 quam
2799 4950 2972 5006 etiam
3023 4948 3427 5005 endelechiam
3474 4947 3758 5006 Aristoles

2099 5039 2484 5111 nuncupavit.

2648 5129 2737 5183 77.
2770 5129 2845 5184 De
2875 5129 3206 5184 necessitate.

2169 5217 2594 5273 Necessitatem
2661 5217 2995 5289 philosophi
3059 5216 3358 5289 appellant
3432 5219 3755 5290 potentiam

2102 5311 2362 5362 coactam
2410 5308 2482 5363 ad
2533 5309 2824 5376 eﬂectum,
2877 5308 2961 5363 uti
3007 5307 3323 5379 astrologia
3354 5308 3552 5363 omnia
3582 5310 3759 5364 refert

2104 5397 2175 5452 ad
2211 5400 2503 5452 astrorum
2538 5395 3208 5468 aspectus,a1titudines,
3242 5397 3756 5467 apparentias,do-

2105 5485 2329 5541 minum
2364 5486 2643 5558 geniturae
2676 5491 2732 5541 et
2764 5484 3001 5541 similia.
3038 5485 3096 5540 Si
3142 5484 3322 5556 igitur
3368 5485 3566 5541 omnia
3615 5502 3755 5540 con-

2105 5579 2343 5631 currant
2374 5580 2437 5631 ut
2468 5576 2569 5631 ﬁat
2597 5575 2818 5647 aliquid
2846 5574 2934 5631 vel
2966 5592 3081 5631 non
3132 5575 3254 5640 ﬁat,
3306 5591 3409 5630 nec
3456 5576 3533 5630 sit
3580 5576 3754 5645 quid-

2106 5680 2283 5737 quam
2317 5666 2635 5723 adversans
2664 5664 2753 5723 vel
2784 5666 3164 5737 contrarium,
3198 5664 3307 5723 hoc
3338 5666 3750 5723 necessitatem
