4046 6144
254 307 375 368 ’135

1587 309 2017 374 MICHAELIS
2063 309 2152 371 PS
2163 312 2331 372 ELLI

3548 307 3673 371 736

256 444 858 517 appellarunt,utpote
890 450 1043 518 quod
1077 450 1279 506 evitari
1314 457 1371 508 et
1400 451 1613 508 mutari
1638 451 1908 521 nequeat.

2037 446 2390 520 ὶντιιιείμενον
2453 446 2691 524 ἀνάγκην
2749 453 2909 504 τοῦτο
2960 449 3261 523 εἰρήκασιν,
3312 448 3387 511 ὡς
3440 448 3672 524 ἀπαραί-

256 533 437 605 Cujus
472 552 603 590 vero
630 537 1010 606 particularia
1044 545 1270 595 tantum
1296 542 1466 613 signa
1487 558 1549 597 se
1571 540 1914 604 offerunt,ut

260 623 383 678 ﬁeri
416 624 625 695 possit,
660 624 768 680 hoc
801 633 1085 683 vocarunt
1116 629 1480 701 contingens,
1522 628 1699 683 veluti
1754 626 1908 697 quod

258 712 446 782 possit
478 712 596 766 fieri
649 720 703 767 et
747 730 859 767 non
908 715 1111 784 possit.
1165 716 1400 788 PrOprie
1448 720 1641 771 autem
1691 715 1911 769 contin-

260 816 403 872 gens
435 806 523 856 est
553 818 645 857 res
678 802 789 857 sub
822 803 1060 859 arbitrio
1092 809 1289 860 nostro
1319 807 1530 876 posita,
1580 809 1638 859 et
1687 801 1911 875 aequale

258 907 324 945 ac
356 908 460 961 par
493 895 858 946 momentum
910 893 980 947 ad
1033 893 1376 949 alterutram
1430 900 1653 966 partem
1706 910 1907 949 secum

260 979 505 1034 habens.

899 1071 990 1125 78.
1026 1073 1101 1126 De
1128 1074 1264 1142 fato.

332 1158 453 1214 Fati
486 1159 738 1215 rationes
770 1160 818 1216 si
850 1162 983 1232 quis
1007 1165 1273 1217 accurate
1304 1160 1776 1233 intelligat,unde
1808 1162 1907 1218 de-

262 1249 532 1321 pendeat,
567 1266 812 1322 qumque
843 1252 971 1320 ejus
998 1250 1075 1305 sit
1109 1255 1337 1319 natura,
1370 1250 1689 1306 maximum
1722 1250 1907 1323 philo-

260 1337 480 1411 sophia
508 1342 730 1409 partem
766 1339 1367 1411 comprehendit;nam
1399 1357 1431 1394 a
1459 1339 1634 1412 vulgo
1675 1339 1909 1412 quidem

263 1427 674 1496 contemnitur,
699 1433 759 1483 at
787 1428 1171 1497 sapientiores
1203 1429 1311 1484 hoc
1342 1446 1554 1485 nomen
1580 1430 1912 1502 suspiciunt

263 1522 319 1573 et
351 1518 660 1573 mirantur.
696 1518 767 1573 Ut
796 1535 928 1574 vero
955 1518 1276 1590 generatim
1329 1520 1540 1589 die-am,
1588 1520 1773 1575 fatum
1823 1523 1914 1575 est

263 1610 478 1663 natura
508 1606 732 1675 mundi,
770 1624 897 1678 quae
944 1610 1137 1662 movet
1184 1624 1460 1680 corpora:
1515 1608 1911 1681 particulatim

265 1699 463 1752 autem
489 1699 577 1751 est
600 1695 845 1752 reﬂexus
870 1697 1114 1768 quidam
1146 1698 1345 1753 radius
1379 1697 1780 1769 providentiae,
1810 1716 1910 1753 cu-

2019 537 2181 606 τητόν
2242 558 2301 591 τε
2351 537 2439 591 καὶ
2500 538 2849 609 ἀμετάθετον.
2908 538 2978 592 Τὸ
3038 535 3095 592 δὲ
3152 536 3203 591 ἐν
3270 542 3511 612 μερικοῖς
3567 558 3674 606 ση-

2025 625 2199 698 μείοις
2239 628 2338 695 τὴν
2391 624 2618 699 δύναμιν
2650 622 2803 703 ἕχον,
2832 632 2993 683 τοῦτο
3052 625 3411 703 ἐνδεχόμενον
3461 628 3671 704 ἀπεφή-

2018 737 2198 786 ναντο,
2261 717 2335 780 ὡς
2394 714 2690 789 δυνάμενον
2743 717 2831 773 καὶ
2878 718 3122 792 γενέσθαι
3165 717 3253 771 καὶ
3298 718 3374 790 μὴ
3405 717 3670 793 γενέσθαι.

2021 804 2231 880 Κυρίως
2290 802 2347 859 δὲ
2393 801 2753 880 ἐνδεχόμενόν
2812 804 2943 877 ἐστι,
2992 806 3054 859 τὸ
3113 804 3215 859 ὑπὸ
3270 806 3369 872 τὴν
3402 805 3673 877 ἡμετέραν

2018 895 2329 971 προαίρεσιν
2364 895 2630 970 ’κείμενον
2661 896 2770 967 ξκαὶ
2819 896 2917 964 τήν
2960 894 3042 970 ἐφ’
3073 894 3294 967 ἑκάτερα
3321 895 3491 971 ῥοπὴν
3541 897 3671 966 ’ἰσην

2018 985 2104 1038 καὶ
2140 984 2330 1057 ὁμοίαν
2360 982 2681 1059 δεχόμενον.

2507 1076 2608 1144 οη’.
2653 1074 2783 1149 Περὶ
2825 1075 3125 1149 εἱμαρμένη
3138 1096 3184 1136 ς.

2091 1164 2196 1232 Τὴν
2244 1162 2582 1239 εἷ’μαρμὲνην
2638 1162 2691 1219 εἷ’
2746 1186 2829 1227 τις
2886 1165 3043 1240 γνοίη
3114 1163 3206 1219 σὺν
3260 1161 3528 1236 ἀκριϐείᾳ,
3582 1164 3677 1219 καὶ

2021 1251 2137 1308 ὅθεν
2197 1253 2286 1307 καὶ
2344 1254 2507 1308 ὁποία
2556 1256 2652 1323 τὴν
2711 1254 2889 1333 φύσιν,
2941 1252 3131 1329 μερίδα
3189 1255 3323 1331 πρὸς
3352 1254 3678 1332 φιλοσοφίαν

2025 1341 2278 1418 μεγίστην
2339 1342 2669 1421 παρείληφε,
2728 1344 2874 1420 παρὰ
2934 1345 3026 1417 μὲν
3074 1346 3173 1419 γὰρ
3231 1350 3347 1406 τοῖς
3411 1342 3676 1413 πολλοῖς,

2020 1434 2336 1506 ἀτιμάζεται
2394 1431 2659 1507 τοῦνομα,
2718 1435 2863 1508 παρᾶ
2921 1431 2978 1489 δὲ
3029 1440 3145 1496 τοῖς
3180 1433 3512 1512 σοφωτέροις
3547 1446 3676 1498 θαυ-

2025 1523 2268 1596 μάζεται.
2323 1525 2477 1580 Ἔστι
2511 1521 2568 1577 δὲ
2596 1527 2825 1599 γενικῶς
2860 1523 3050 1590 εἰπεῖν,
3084 1526 3117 1592 ἡ
3153 1523 3308 1598 φύσις
3338 1528 3433 1578 τοῦ
3463 1522 3677 1596 κόσμου

2020 1613 2055 1681 ἡ
2109 1616 2333 1667 κινοῦσα
2390 1614 2455 1665 τὰ
2513 1611 2759 1685 σώματα·
2822 1614 2956 1666 κατὰ
3010 1613 3173 1687 μὲρος
3204 1609 3262 1667 δὲ
3312 1609 3531 1686 δευτέρα
3588 1631 3675 1673 τις

2021 1701 2280 1775 προνοίας
2349 1697 2629 1774 ἓλλαμψις
2676 1702 2765 1756 καὶ
2826 1701 3129 1773 ἐπιστασία,
3189 1701 3255 1755 οὐ
3304 1702 3419 1756 καθ’
3468 1701 3677 1765 εὐθεῖαν

267 1784 536 1857 ratioque
569 1803 693 1857 quae
728 1803 844 1843 non
869 1786 1090 1843 directo
1122 1791 1284 1843 metu
1320 1788 1520 1857 utitur,
1557 1789 1641 1844 uti
1682 1787 1914 1860 proprie

2037 1792 2121 1859 τήν
2173 1793 2383 1860 κίνησιν
2415 1788 2639 1864 ἔχουσα,
2699 1789 2879 1864 ὥσπερ
2938 1793 2972 1860 ἡ
3032 1789 3236 1867 κυρίως
3267 1789 3376 1845 ἐστὶ
3418 1790 3670 1863 πρόνοια,

266 1876 423 1931 dicta
455 1875 839 1946 providentia,
876 1877 973 1932 sed
1011 1883 1266 1948 tempore
1299 1881 1353 1931 et
1383 1878 1506 1933 loco
1540 1878 1610 1933 ad
1644 1878 1912 1933 effectum

263 1964 510 2037 indiget,
546 1967 698 2020 unde
730 1971 785 2020 et
817 1982 1030 2022 nomen
1063 1967 1216 2038 apud
1251 1968 1478 2022 Graecos
1527 1966 1723 2035 habet,
1776 1966 1918 2022 dici-

263 2058 480 2125 turque
538 2054 843 2129 ειμαρμὲνη
916 2057 1085 2126 quasi
1152 2053 1407 2127 εἰρομένη
1476 2057 1596 2113 sive
1664 2073 1920 2112 connexa

267 2144 537 2215 quadam
572 2148 779 2199 natura
811 2148 867 2199 et
897 2144 1245 2216 complicata
1266 2162 1333 2200 ex
1356 2144 1922 2216 pluribus.Ineorpo-

266 2231 415 2287 rales
446 2232 625 2304 igitur
659 2250 750 2289 res
781 2234 890 2288 sub
924 2234 1049 2289 sola
1080 2239 1219 2290 sunt
1250 2234 1634 2306 providentia,
1678 2251 1921 2306 corpora

266 2326 463 2378 autem
497 2323 606 2377 sub
640 2324 1005 2395 providentia
1039 2330 1094 2379 et
1129 2324 1261 2379 fato.

732 2431 821 2484 79.
858 2432 927 2486 De
957 2433 1181 2501 fortuna
1212 2435 1266 2486 ct
1296 2448 1446 2487 casu.

342 2521 598 2576 Fortuna
658 2522 1053 2577 accuratiores
1113 2520 1444 2593 philosophi
1502 2539 1617 2577 non
1680 2538 1918 2593 accepe-

269 2614 426 2677 runt,
463 2614 526 2665 ut
557 2610 915 2681 quibusdam
952 2628 1298 2681 persuasum
1331 2618 1439 2680 est,
1464 2629 1566 2683 pro
1600 2628 1657 2667 re
1692 2611 1920 2667 irratio-

269 2699 451 2756 nabili
477 2700 603 2755 sine
630 2700 833 2755 ordine
860 2704 917 2755 et
944 2717 1114 2769 nexu,
1136 2701 1234 2755 sed
1268 2705 1599 2757 statuerunt
1620 2718 1745 2757 esse
1778 2718 1917 2756 con-

270 2789 633 2845 secutionem
665 2789 1031 2845 indeﬁnitam
1064 2789 1123 2844 in
1174 2791 1351 2845 rebus
1403 2808 1466 2845 ex
1520 2792 1816 2863 proposito
1866 2794 1922 2846 et

270 2883 507 2951 propter
539 2879 712 2934 ﬁnem
742 2879 992 2950 aliquem
1026 2879 1336 2951 susceptis.
1374 2879 1537 2934 Verbi
1570 2881 1757 2952 gratia
1786 2881 1924 2935 exiit

271 2968 486 3039 aliquis
519 2968 690 3023 domo
720 2968 952 3024 lavandi
996 2985 1193 3034 causa,
1249 2969 1355 3024 hoc
1405 2986 1473 3024 ex
1523 2969 1819 3041 proposito
1866 2974 1924 3025 et

272 3064 512 3130 propter
541 3058 799 3130 aliquem
833 3058 1006 3113 finem
1045 3058 1199 3128 fecit,
1234 3063 1298 3113 ut
1347 3076 1557 3131 nempe
1602 3058 1660 3114 in
1714 3059 1922 3114 balneo

2027 1878 2173 1936 ἀλλὰ
2237 1878 2467 1953 δεομένη
2550 1884 2746 1955 καιροῦ
2802 1879 2891 1935 καὶ
2948 1880 3118 1936 τόπου
3172 1880 3247 1941 εἰς
3304 1877 3676 1952 ἀποτέλεσμα,

2028 1970 2145 2026 ὅθεν
2200 1970 2291 2025 καὶ
2331 1970 2635 2045 εἱμαρμένη
2688 1968 2904 2045 λέγεται
2967 1971 3041 2032 ὡς
3100 1968 3355 2044 εἰρομένή
3400 1990 3481 2030 τις
3516 1966 3677 2043 φύσις

2028 2058 2116 2114 καὶ
2156 2055 2627 2132 συμπεπλεγμένη
2664 2056 2752 2112 διὰ
2782 2057 3030 2113 πολλῶν.
3054 2056 3133 2115 Τὰ
3168 2058 3260 2130 μὲν
3293 2053 3382 2110 οὖν
3416 2056 3679 2129 ἀσώματα

2030 2150 2132 2204 ὑπὸ
2163 2144 2416 2225 πρόνοιαν
2446 2148 2557 2204 ἐστὶ
2587 2149 2779 2223 μόνην·
2812 2150 2879 2204 τὰ
2909 2145 2967 2203 δὲ
2997 2148 3226 2221 σώματα
3260 2148 3360 2202 ὑπὸ
3414 2145 3674 2216 πρόνοιαν

2026 2239 2116 2295 καὶ
2151 2240 2512 2313 εἱμαρμένην.

2384 2437 2479 2493 οϐ’.
2514 2434 2642 2511 Περὶ
2671 2434 2847 2512 τύχης
2875 2435 2965 2489 καὶ
2997 2435 3330 2507 αὐτομάτου.

2098 2526 2207 2593 Τὴν
2234 2524 2412 2600 τύχην
2446 2523 2572 2598 οὐχ,
2627 2523 2700 2587 ὡς
2755 2523 3042 2597 νομίζουσί
3096 2543 3254 2591 τινες,
3286 2523 3337 2577 οἱ
3368 2515 3682 2595 ἀκριϐέστε-

2030 2635 2116 2690 ροι
2172 2619 2277 2668 τῶν
2334 2610 2651 2691 φιλοσόφων
2704 2610 2948 2683 ἐδέξαντο
2981 2615 3094 2667 οἷον
3152 2609 3347 2687 ἄλογόν
3379 2630 3498 2664 τινα
3520 2608 3678 2687 φύσιν

2028 2704 2115 2759 καὶ
2180 2704 2253 2776 μὴ
2312 2700 2542 2778 ἔχουσαν
2593 2701 2762 2772 τάξιν,
2821 2699 2959 2775 μηδὲ
2992 2702 3204 2774 εἱρμὸν,
3262 2698 3408 2755 ἁλλά
3436 2720 3679 2773 παρακο-

2031 2791 2289 2864 λούθημα
2344 2790 2545 2861 ταύτην
2606 2790 2857 2864 ἀόριστον
2919 2790 2970 2844 ἐν
3028 2795 3142 2851 τοῖς
3180 2787 3681 2864 κατὰπροαίρεσιν,

2029 2882 2118 2936 καὶ
2175 2878 2330 2935 ἕνεκά
2380 2902 2528 2942 τινος
2584 2880 2877 2956 γενομένην
2912 2877 3205 2954 ὡρίσαντο,
3268 2879 3397 2935 Οἷον
3431 2876 3682 2952 προελή-

2032 2970 2159 3027 λυθὲ
2182 2992 2265 3033 τις
2320 2968 2380 3025 ἐκ
2420 2977 2519 3039 τῆς
2568 2969 2739 3031 οἰκίας
2771 2968 3126 3042 λουσόμενος’
3170 2965 3303 3037 αὕτη
3361 2969 3395 3035 ἡ
3447 2962 3686 3041 πρόοδος

2032 3058 2090 3115 ἐκ
2140 3060 2507 3134 προαιρέσεως
2562 3060 2654 3113 καὶ
2718 3055 2872 3114 ἕνεκά
2939 3079 3087 3119 τινος
3146 3057 3483 3131 πράγματος,
3537 3055 3686 3110 τοῦτ’

270 3145 585 3202 lavaretur.
642 3151 710 3202 At
758 3163 1105 3218 progressus
1155 3147 1362 3202 incidit
1415 3148 1474 3202 in
1524 3148 1913 3205 thesaurum:

2037 3147 2173 3204 ἔστιν
2228 3154 2325 3204 τοῦ
2375 3147 2690 3204 λούσασθαι.
2743 3149 2873 3201 Εἶτα
2931 3145 3336 3222 προερχόμενος
3368 3141 3529 3219 ἔτυχε
3583 3154 3684 3213 θη-

271 3236 451 3308 hujus
485 3236 839 3291 inventionis
888 3253 1150 3303 causam,
1201 3239 1499 3293 fortunam
1547 3236 1919 3309 appellarunt

273 3326 588 3397 sapientes.
624 3326 796 3381 Casui
825 3344 958 3381 vero
992 3331 1105 3381 tam
1143 3328 1198 3381 in
1251 3326 1698 3382 rationabilibus
1742 3344 1917 3396 quam

270 3414 774 3471 irra‘tionabilibus
796 3415 988 3471 locum
1014 3433 1141 3471 esse
1166 3416 1464 3471 afﬁrmant
1485 3434 1496 3470 :
1514 3415 1570 3470 in
1605 3416 1920 3471 rationabi-

273 3503 430 3560 libus
463 3505 725 3575 quidem,
758 3510 822 3560 ut
855 3505 901 3559 si
932 3505 1106 3560 homo
1153 3504 1453 3560 cultellum
1497 3509 1705 3561 tenens
1752 3505 1920 3561 illum

276 3594 552 3648 manibus
580 3594 842 3649 excidere
872 3595 1147 3666 patietur,
1180 3595 1392 3665 illeque
1423 3599 1615 3650 rectus
1648 3595 1927 3666 infigatur

276 3687 476 3753 terras;
506 3682 566 3737 in
600 3682 1098 3738 irrationabilibus
1132 3700 1286 3751 vero,
1325 3688 1387 3738 ut
1420 3683 1466 3739 si
1499 3700 1683 3754 equus
1734 3685 1926 3739 domi-

277 3790 419 3828 num
451 3773 795 3840 excusserit,
829 3778 883 3828 et
914 3772 1003 3827 hic
1032 3790 1168 3828 casu
1204 3774 1454 3844 quodam
1490 3772 1707 3829 illaesus
1740 3774 1925 3830 abeat.

738 3882 826 3934 80.
862 3881 935 3936 De
964 3897 1071 3936 csuo
1102 3897 1165 3935 ac
1196 3886 1458 3951 tempore.

350 3973 519 4027 Entia
550 3972 809 4041 quaedam
844 3976 903 4025 et
926 3971 1318 4025 substantiam
1342 3974 1399 4025 et
1420 3974 1615 4025 actum
1648 3975 1931 4027 aeternum

276 4061 515 4130 habent,
547 4068 609 4115 ut
644 4077 831 4115 mens.
864 4059 1051 4130 Hujus
1083 4060 1239 4114 enim
1272 4065 1328 4113 et
1359 4059 1692 4114 substantia
1738 4060 1935 4114 nescia

278 4152 494 4206 mutari
528 4157 583 4205 et
615 4156 777 4205 actus
811 4149 1052 4203 minime
1084 4149 1464 4203 transitorius
1496 4155 1598 4203 aut
1628 4148 1934 4204 mutabilis

278 4240 572 4306 est,simul
606 4239 759 4294 enim
796 4240 849 4292 in
886 4256 947 4294 se
978 4239 1176 4293 omnia
1207 4255 1374 4293 mens
1404 4238 1685 4307 possidet.
1710 4242 1776 4292 At
1807 4247 1937 4294 cor‘

282 4331 439 4404 poris
466 4334 521 4384 et
554 4329 885 4384 substantia
914 4333 970 4382 et
1001 4327 1257 4398 operatio
1281 4328 1638 4398 temporaria
1685 4333 1791 4383 est.
1847 4327 1939 4382 Sic

279 4439 336 4476 v.
381 4437 436 4491 g.
486 4425 753 4474 nostrum
805 4435 1016 4487 corpus
1067 4417 1463 4471 substantiam
1519 4418 1937 4487 temporariam

1411 4510 1468 4560 et
1515 4506 1921 4576 operationem,

2045 4504 2132 4556 καὶ
2175 4499 2310 4556 κατᾶ
2371 4499 2561 4575 μικρὸν
2624 4497 2923 4567 αὐξάνεται,
2982 4495 3073 4549 καὶ
3131 4495 3231 4562 τὴν
3288 4493 3577 4568 ἐνέργειαν,
3636 4489 3699 4545 ού

286 4511 482 4569 habet.
512 4508 799 4580 paulatim
843 4507 999 4561 enim
1047 4510 1296 4576 augetur
1346 4522 1357 4558 :

289 4618 402 4656 non
425 4599 578 4654 enim
604 4596 781 4652 simul
800 4597 998 4651 omnia
1020 4594 1155 4666 agit.
1192 4601 1266 4648 At
1308 4594 1508 4649 anima
1537 4596 1933 4651 substantiam

285 4690 523 4760 quidem
556 4687 733 4742 habet
762 4690 1059 4750 aeternam,
1094 4698 1282 4755 neque
1315 4683 1471 4737 enim
1521 4684 1739 4739 sensim
1795 4690 1929 4739 nata

284 4785 392 4845 est,
428 4776 826 4848 operationem
860 4777 1055 4828 autem
1086 4772 1334 4843 tempori
1368 4772 1715 4843 subjectum,
1742 4790 1929 4844 neque

285 4867 440 4920 enim
475 4864 649 4920 simul
684 4863 880 4918 omnia
912 4862 1146 4930 cogitat,
1182 4862 1281 4915 sed
1317 4878 1384 4915 ex
1423 4878 1540 4916 una
1583 4861 1931 4933 cogitatione

284 4956 589 5009 descendit
617 4955 689 5008 ad
722 4952 916 5008 aliam.
962 4950 1100 5005 Tale
1149 4949 1320 5004 etiam
1369 4955 1459 5004 est
1506 4948 1738 5018 ccelum,
1792 4954 1930 5006 sub-

286 5043 503 5097 stantia
550 5041 831 5096 nimirum
882 5043 1187 5104 aeternum,
1238 5038 1337 5092 sed
1390 5037 1613 5094 ratione
1658 5039 1931 5096 motionis

286 5148 403 5186 suae
433 5131 685 5201 tempori
716 5136 772 5185 et
803 5132 997 5201 ipsum
1031 5128 1387 5197 subjectum.

720 5307 808 5360 81.
847 5312 920 5362 De
950 5309 1193 5378 quinque
1222 5308 1491 5361 sensibus.

358 5396 518 5452 Visio
549 5396 870 5466 ﬁt,quando
896 5413 965 5451 ex
986 5396 1172 5450 oculis
1205 5396 1523 5466 procedens
1553 5395 1650 5451 lux
1684 5397 1937 5452 occurrit

288 5486 501 5542 lumini
551 5503 584 5541 a
622 5483 972 5554 corporibus
998 5483 1141 5537 visis
1172 5485 1570 5554 promananti,
1595 5486 1751 5557 quod
1775 5485 1933 5541 Plato

2031 3243 2229 3314 σαυρῷο
2289 3238 2387 3305 τήν
2449 3235 2539 3291 οὖν
2576 3235 2748 3291 αἰτίαν
2801 3243 2900 3305 τῆς
2961 3234 3222 3310 εὑρέσεως
3278 3238 3379 3288 τοῦ
3411 3235 3686 3305 θησαυροῦ

2024 3328 2206 3402 τύχην
2266 3325 2551 3399 ὠνόμασαν
2616 3328 2668 3381 οἱ
2725 3325 2904 3401 σοφοί.
2961 3325 3031 3378 Τὸ
3092 3324 3348 3398 μέντοιγε
3377 3322 3684 3393 αὐτόματον

2029 3418 2118 3471 καὶ
2152 3416 2201 3470 ἐν
2260 3422 2377 3479 τοῖς
2437 3414 2687 3490 λογικοῖς
2740 3415 2827 3469 καὶ
2890 3413 2943 3469 ἐν
3002 3419 3115 3475 τοῖς
3175 3412 3397 3489 ἀλόγοις
3425 3408 3682 3466 τιθέασιν.

2032 3506 2118 3559 Ἐν
2186 3505 2278 3577 μὶν
2332 3508 2449 3565 τοῖς
2502 3502 2773 3577 λογικοῖς,
2832 3501 2957 3557 ὅταν
3016 3498 3365 3577 μαχαιρίδιον
3400 3497 3502 3554 ἀπό
3530 3518 3683 3559 τινος

2029 3597 2354 3668 κρατοῦντος
2386 3590 2733 3652 ἐκπεπτωκὸς
2789 3591 2905 3645 κατ’
2966 3589 3132 3665 ὀρθὸν
3198 3586 3467 3663 ἐμπαγείη
3498 3590 3567 3650 τῆ
3598 3588 3699 3661 γῇ·

2037 3682 2087 3736 ἐν
2124 3680 2182 3736 δὲ
2209 3687 2324 3743 τοῖς
2355 3680 2601 3755 ἀλόγοις,
2636 3681 2759 3734 ὅταν
2792 3700 2872 3741 τις
2897 3677 3069 3740 ’ίππος
3097 3679 3188 3733 τὸν
3240 3675 3505 3745 δεσπότην
3558 3676 3703 3729 ἁπο-

2040 3766 2250 3843 6αλὼν,
2284 3771 2388 3823 ἀπὸ
2412 3770 2754 3842 ταυτομάτου
2786 3765 3099 3836 διασωθείη.

2447 3878 2520 3930 π’.
2556 3877 2685 3951 Περῖ
2718 3875 2914 3936 αἰῶνος
2945 3874 3034 3928 καὶ
3066 3872 3296 3948 χρόνου.

2111 3970 2226 4020 Τῶν
2278 3962 2442 4020 ὄντων
2491 3966 2559 4019 τὰ
2612 3965 2704 4038 μὶν
2756 3963 2969 4031 καὶτὴν
2999 3960 3204 4032 οὐσίαν,
3265 3959 3355 4014 καὶ
3414 3960 3513 4027 τήν
3547 3957 3696 4032 ἐνέρ-

2040 4077 2185 4131 γειαν
2242 4052 2357 4129 ἔχει
2417 4054 2660 4123 αἶ’ώνιον,
2722 4056 2837 4107 οἷον
2891 4052 2919 4105 ὁ
2977 4054 3121 4111 νοῦς.
3164 4048 3368 4104 Τούτου
3400 4049 3502 4123 γὰρ
3535 4046 3625 4101 καὶ
3660 4047 3696 4115 ἡ

2045 4144 2201 4199 οὐσία
2276 4143 2549 4216 ἀκίνητος,
2616 4142 2704 4198 καὶ
2779 4144 2814 4211 ἡ
2876 4138 3116 4214 ἐνέργεια
3182 4132 3523 4211 ἁμετάϐατος
3571 4138 3695 4211 (7').

2042 4236 2216 4308 Ὀμοῦ
2263 4234 2363 4309 γὰρ
2420 4230 2535 4308 ἔχει
2595 4231 2647 4287 ἐν
2713 4230 2857 4302 αὐτῷ
2906 4228 3098 4284 πάντα.
3155 4229 3225 4282 Τὸ
3282 4225 3340 4282 δὲ
3392 4232 3551 4298 σῶμα
3607 4225 3701 4279 καὶ

2046 4324 2145 4391 τὴν
2207 4322 2394 4376 οὐσίαν
2464 4320 2729 4397 ἕγχρονον
2782 4317 2897 4394 ἔχει
2946 4318 3035 4372 καὶ
3089 4317 3188 4384 τήν
3248 4314 3533 4391 ἐνάργειαν.
3567 4315 3700 4370 Οἴον

2050 4413 2135 4467 καὶ
2196 4412 2259 4466 τὸ
2310 4412 2578 4485 ἡμέτερον
2606 4413 2765 4481 σῶμα
2791 4407 2877 4461 καὶ
2902 4407 3001 4474 τὴν
3036 4404 3219 4460 οὖσίατ
3264 4402 3526 4479 ἔγχρονον
3561 4400 3702 4477 ἔχει,

2045 4593 2150 4666 γὰρ
2182 4591 2321 4663 ὁμοῦ
2352 4586 2559 4662 ἐνεργεῖ
2588 4586 2782 4643 πάντα.
2835 4586 2897 4641 Ἡ
2955 4581 3013 4638 δὲ
3066 4584 3219 4659 ψυχὴ
3263 4583 3397 4636 κατὰ
3449 4581 3541 4653 μὲν
3600 4580 3702 4649 τὴν

2045 4679 2227 4735 οὐσίαν
2282 4676 2500 4738 αἰώνιός
2554 4675 2721 4745 ἐστιν,
2780 4670 3035 4749 οὐδὲγὰρ
3064 4671 3199 4726 κατᾶ
3235 4670 3428 4746 μικρὸν
3475 4669 3700 4744 γεγενη-

2037 4790 2145 4823 ται·
2199 4766 2334 4823 κατὰ
2392 4764 2449 4821 δὲ
2503 4767 2603 4835 τήν
2654 4765 2915 4840 ἐνέργειαν
2964 4763 3169 4837 χρόνου
3224 4760 3462 4835 μετέχει·
3503 4757 3564 4813 οὗ
3597 4756 3700 4834 γὰρ

2041 4861 2182 4932 ὁμοῦ
2241 4855 2359 4932 ἔχει
2416 4855 2589 4910 πάντα
2637 4854 2704 4908 τὰ
2750 4854 3003 4924 νοήματα
3060 4849 3111 4905 ἰν
3174 4851 3367 4921 ἑαυτῷ,
3422 4846 3547 4904 ἀλλ’
3606 4849 3679 4925 ἀφ

2041 4947 2224 5023 ἐτέρου
2310 4940 2609 5019 μεταϐαίνει
2688 4942 2764 5006 εἷς
2834 4938 3040 5016 ἕτερον.
3103 4939 3200 4993 Καὶ
3260 4939 3287 4993 ὁ
3348 4936 3578 5013 οὐρανὸς
3639 4933 3697 4991 δὶ

2038 5035 2285 5097 τοιοῦτός
2346 5033 2509 5103 ἔστιν,
2567 5033 2655 5089 καὶ
2715 5030 2935 5091 αἰώνιος
2992 5030 3087 5102 μὶν
3137 5026 3274 5083 κατὰ
3322 5028 3423 5096 τήν
3481 5024 3695 5095 οὐσίαν,

2039 5125 2175 5180 κατά
2252 5121 2310 5179 δὲ
2375 5124 2474 5192 τὴν
2547 5121 2754 5192 κίνησιν
2820 5120 2919 5174 ὑπὸ
2967 5118 3162 5194 χρόνον
3220 5115 3310 5171 καὶ
3370 5114 3531 5178 αὐτὸς
3581 5115 3698 5170 κεί-

2046 5236 2227 5289 μενος.

2388 5308 2494 5357 πα’.
2528 5300 2657 5377 Ηερὶ
2687 5304 2794 5355 τῶν
2828 5299 2987 5353 πέντε
3018 5296 3343 5367 αἰσθήσεων.

2111 5395 2171 5450 ῚΙ
2202 5394 2389 5469 ὅρασις
2419 5391 2628 5467 γίνεται
2658 5388 2780 5445 ὅταν
2813 5388 2875 5443 τὸ
2926 5386 3031 5441 ἀπὸ
3077 5390 3183 5440 τῶν
3233 5379 3533 5462 ὀφθαλμῶν
3584 5387 3701 5458 φῶς

2045 5479 2407 5561 ἐκφερόμενον
2490 5480 2792 5552 συναντήσῃ
2886 5480 2964 5548 τῷ
3046 5474 3150 5531 ἀπὸ
3233 5477 3338 5529 τῶν

1883 5592 2111 5649 NOTE.

362 5666 462 5739 (7‘)
494 5665 583 5722 Al.
614 5653 1016 5736 ἀμετάϐλητος.

3430 5473 3702 5544 σωμάτων
3780 5528 3785 5535 ,
