4046 6144
328 298 442 357 737

325 425 631 503 συρῥέοντι,
713 424 844 500 ὅπερ
899 424 928 478 ὁ
1009 421 1240 480 Πλάτων

329 515 630 589 Ἀκούομεν
681 515 759 586 τῷ
809 513 949 586 κενῷ
991 517 1072 585 τῷ
1131 511 1279 574 ἐντὸς
1336 516 1434 566 τοῦ
1456 511 1616 584 ὠτὸς,
1665 516 1825 566 τοῦτο
1872 511 1976 586 γὰρ

329 605 560 661 εἶναιτὸ
592 601 828 678 διηχοῦν
877 603 1012 657 κατά
1051 603 1150 670 τὴν
1195 605 1290 655 τοῦ
1339 599 1644 673 πνεύματος
1702 594 1979 673 ἐμϐολήν.

330 692 729 771 Ὀσφραίνομεν
763 688 819 746 δὲ
847 695 925 762 τῷ
975 691 1292 765 ἡγεμονικῷ
1337 693 1414 762 τῷ
1461 686 1577 743 ὅντι
1625 689 1675 744 ἐν
1724 693 1802 761 τῷ
1834 688 1982 762 ἐγκε-

332 785 516 859 φάλῳ,
579 780 794 836 ἕλκοντι
853 779 910 834 δὲ
983 777 1072 833 διὰ
1132 782 1241 833 τῶν
1291 779 1573 832 ἀναπνοῶν
1628 778 1722 840 τὰς
1786 777 1981 849 ὀσμάς.

335 871 571 945 Γεύομεν
609 868 665 924 δὲ
691 873 760 942 τῇ
814 869 1098 943 ἀραιοτητι
1145 870 1246 931 τῆς
1303 866 1558 942 γλώττης
1589 867 1676 922 καὶ
1705 870 1774 940 τῇ
1809 865 1982 938 μαλαο

334 961 548 1032 κότητι,
589 960 678 1014 καὶ
723 957 812 1013 διὰ
851 959 912 1012 τὸ
952 958 1236 1012 συνάπτειν
1283 957 1378 1018 τὰς
1435 957 1540 1011 ἀπὸ
1591 961 1687 1011 τοῦ
1733 957 1985 1028 σώματος

335 1051 411 1112 εἰς
446 1049 615 1118 αὐτὴν
671 1041 876 1126 φλέϐας
927 1048 1029 1116 τὴν
1086 1046 1266 1124 φύσιν.
1324 1047 1386 1102 Ἠ
1444 1043 1502 1100 δὲ
1561 1047 1714 1124 φωνὴ
1773 1045 1991 1118 πνεῦμά

337 1138 446 1194 ἐστὶ
481 1136 570 1192 διὰ
598 1141 694 1192 τοῦ
725 1137 1015 1208 στόματος,
1067 1136 1172 1189 ἀπὸ
1224 1133 1462 1196 διανοίας
1487 1136 1747 1210 ἠγμένον.
1778 1137 1990 1190 ’Ἀπτο-

341 1249 435 1302 μεν
474 1225 532 1282 δὲ
580 1225 698 1299 ὅλῳ
748 1229 826 1298 τῷ
879 1225 1114 1298 σώματι,
1176 1221 1314 1279 διότι
1369 1225 1810 1301 ἀποπερατώσεις
1864 1223 1990 1296 εἶσὶ,

339 1315 408 1372 δι’
439 1317 512 1371 ὧν
545 1315 869 1389 αἰσθάνομεν
898 1315 971 1368 ὧν
1003 1313 1302 1386 ἁπτόμεθα.

465 1432 578 1507 πβ’.
611 1429 678 1488 Εἴ
710 1428 909 1500 ἀληθὲς
937 1429 1000 1484 τὸ
1024 1424 1544 1507 καταϐασκαίνεσθαί
1579 1453 1730 1494 τινας
1767 1432 1867 1487 ὑπὸ

963 1507 1067 1556 τῶν
1105 1501 1383 1578 ὁρώντων.

415 1598 494 1657 Οὐ
551 1597 748 1673 ψεῦδος
807 1599 916 1655 ἔστι
1003 1600 1065 1654 τὸ
1148 1600 1639 1676 καταμαραίνεσθαί
1703 1623 1846 1664 τινας
1905 1603 1994 1657 καὶ

340 1683 859 1743 καταϐασκαίνεσθαι
938 1689 1042 1742 ὑπὸ
1114 1695 1215 1757 τῆς
1292 1693 1399 1742 τῶν
1482 1689 1734 1765 ὁρώντων
1795 1689 1994 1764 ὅψεως.

1502 292 1606 353 DE
1651 289 2090 352 OMNIFABIA
2136 289 2526 350 DOCTBINA
2545 334 2557 348 .

1330 421 1583 495 ὀνομάζει
1642 420 1977 496 συναύγειαν.
2009 473 2019 489 Α

2136 420 2408 495 »ναύγειαν
2441 419 2717 492 appellat,
2751 437 2855 474 nos
2891 419 3379 474 corradiationem
3430 419 3551 474 sive
3598 434 3734 474 con-

2087 527 2324 566 cursum
2359 510 2660 564 radiorum
2693 509 2884 564 dicere
2936 525 3270 580 possumus.
3321 507 3606 563 Audimus
3635 523 3740 580 per

3619 286 3736 347 ’738

2091 604 2396 656 cavitatem
2448 616 2711 668 vacuam,
2767 616 2892 670 quis
2926 599 2983 652 in
3027 615 3165 653 aure
3197 600 3304 662 est,
3336 598 3596 652 irruente
3618 597 3739 668 spi-

2093 692 2206 746 ritu
2243 690 3008 763 personantem.0|facimus
3035 695 3236 745 mente
3257 706 3382 760 qua:
3412 689 3468 743 in
3505 690 3741 745 cerebro

2094 781 2310 836 residet
2339 784 2396 835 et
2426 797 2529 852 per
2559 779 2855 852 spiracula
2889 781 3094 834 odores
3127 777 3389 833 attrahit.
3423 781 3744 833 Gustamus

2095 868 2242 924 raris
2276 873 2330 924 et
2363 869 2640 925 mollibus
2661 869 2873 941 linguae
2896 867 3668 941 partibus,quandoquidem
3689 871 3747 922 et

2094 975 2274 1013 venas
2299 959 2557 1030 corporis
2585 962 2793 1012 natura
2825 959 2893 1012 ad
2931 957 3090 1012 illam
3144 956 3436 1012 adnexuit.
3497 956 3619 1012 Vox
3659 958 3749 1011 est

2099 1046 2345 1118 spiritus
2379 1063 2481 1119 per
2504 1064 2568 1102 os
2615 1051 2809 1102 mente
2841 1051 3074 1101 auctore
3105 1046 3381 1102 emissus.
3417 1046 3745 1117 Tangimus

2099 1139 2220 1191 toto
2280 1153 2539 1207 corpore,
2591 1137 2808 1207 quippe
2863 1135 2958 1190 cui
3017 1135 3354 1206 superficies
3395 1147 3450 1190 et
3488 1139 3751 1190 extrema

2101 1229 2256 1293 sunt,
2286 1242 2389 1297 per
2419 1242 2545 1297 quas
2581 1226 2868 1280 sentimus
2911 1240 3044 1280 cum
3078 1224 3494 1296 contingimur.

2103 1435 2190 1490 82.
2216 1434 2566 1490 Numverum
2595 1433 2670 1487 sit
2723 1431 2938 1504 aliquos
2993 1447 3034 1487 α
3062 1430 3379 1487 videntibus
3425 1429 3752 1503 fascinari?

2176 1605 2298 1660 Non
2334 1608 2423 1660 est
2468 1602 2789 1658 mendaciis
2848 1601 3263 1658 ascribendum
3308 1603 3594 1674 quosdam
3629 1601 3754 1658 acie

2105 1695 2429 1749 videntium
2492 1699 2792 1747 contactos
2839 1708 3098 1746 marcere
3162 1697 3220 1746 et
3272 1691 3566 1746 fascinari.
3592 1690 3752 1746 Visio

348 1777 728 1843 Πολυκίνητος
761 1778 864 1851 γάρ
893 1778 926 1846 ἡ
979 1772 1100 1849 ὄψις
1161 1775 1292 1831 οὖσα
1340 1780 1473 1850 μετὰ
1501 1778 1807 1851 πνεύματος
1836 1779 2002 1849 αὐτὴν

2136 1785 2264 1837 :nim
2299 1800 2431 1836 cum
2467 1783 2672 1852 spiritu
2704 1798 2831 1835 eam
2857 1783 3158 1836 emittente
3189 1781 3425 1836 mobilis
3457 1780 3623 1836 valde
3643 1785 3752 1851 est,

351 1865 625 1944 ἀφιέντος.
674 1862 908 1938 Πυρώδη
968 1866 1056 1919 καὶ
1121 1867 1455 1939 θαυματικήν
1531 1888 1650 1921 τινα
1707 1865 2003 1942 διασπείρει

341 1951 596 2026 δύναμιν,
631 1953 769 2008 ὥστε
826 1951 1014 2008 πολλὰ
1059 1956 1146 2009 καὶ
1195 1957 1422 2030 πάσχειν
1469 1956 1557 2010 γαὶ
1601 1962 1777 2011 ποιεῖν
1812 1955 2006 2011 διἀὑ-

344 2051 446 2112 τῆς
474 2045 564 2097 τὸν
596 2040 904 2116 ἄνθρωπον.
958 2043 1063 2098 Καὶ
1116 2049 1221 2097 τῶν
1275 2045 1572 2118 ἐρωτικῶν,
1616 2045 1648 2100 ἃ
1679 2044 1744 2114 δὴ
1783 2048 2006 2122 μέγιστα

342 2133 434 2187 καὶ
495 2128 834 2210 σφοδρότατα
883 2134 1180 2204 παθήματα
1226 2137 1327 2206 τῇς
1382 2137 1568 2208 ψυχῆς
1622 2132 1786 2204 ἔστιν,
1822 2137 2000 2210 ἀρχὴν

340 2224 374 2292 ἡ
407 2220 534 2296 ὄψις
569 2219 866 2290 ἐνδίδωσιν,
920 2221 1058 2276 ὥστε
1107 2221 1217 2297 ῥεῖν
1261 2223 1350 2276 καὶ
1379 2219 1653 2287 λείϐεσθαι
1683 2225 1776 2278 τὸν
1810 2225 2004 2299 ἐρωτι-

336 2311 455 2381 κὸν,
490 2310 612 2366 ὅταν
663 2305 913 2385 ἐμϐλέπῃ
962 2317 1078 2374 τοῖς
1126 2311 1346 2386 ἀγαθοῖς
1393 2313 1484 2367 καὶ
1529 2314 1745 2375 καλοῖς.
1784 2316 1853 2370 Τὸ
1880 2317 2004 2391 γὰρ,

352 2397 440 2454 διὰ
495 2404 604 2455 τῶν
661 2399 925 2473 ὀμμάτων
985 2399 1264 2468 ἐκπίπτον,
1327 2399 1432 2455 εἷ’τε
1486 2406 1598 2475 φῶς
1648 2403 1754 2457 εἷ’τε
1803 2403 2007 2478 ῥεῦμαὸ

349 2489 475 2551 τοὺς
509 2488 743 2554 ἐρῶντας
795 2488 1008 2559 ἐκτήκει
1057 2489 1147 2544 καὶ
1196 2487 1494 2558 ἀπόλλυσι,
1536 2492 1761 2562 τοιαύτη
1795 2492 2000 2566 γίνεται

356 2575 596 2641 διάδοσις
639 2579 729 2632 καὶ
778 2575 1080 2648 ἀνάπληξις
1135 2579 1238 2634 ὑπὸ
1285 2586 1384 2648 τῆς
1433 2575 1632 2653 ὅψεως.
1666 2581 1734 2636 Αἱ
1764 2583 1865 2656 γὰρ
1897 2585 2004 2637 τῶν

369 2665 552 2721 καλῶν
585 2662 759 2739 ὄψεις,
796 2665 891 2720 κᾶν
943 2667 1087 2741 πάγο
1145 2667 1427 2743 πορῥωθεν
1483 2663 1876 2738 ἀντιϐλέπωσι,
1904 2675 2008 2746 πῦρ

359 2753 412 2810 ἒν
463 2762 585 2818 ταῖς
638 2760 744 2810 τῶν
804 2753 1080 2831 ἐρωτικῶν
1139 2759 1344 2831 ψυχαῖς
1403 2757 1717 2816 ἀνάπτουσι.
1790 2759 1891 2816 Καὶ
1949 2761 2012 2814 τὸ

359 2849 518 2918 σῶμα
549 2842 607 2898 δὲ
647 2849 756 2899 τῶν
803 2843 1090 2918 ἐρωμένων
1140 2845 1229 2900 καὶ
1281 2845 1572 2921 ὁρωμένων
1618 2845 1916 2923 βλάπτεται
1957 2847 2010 2904 ἐν

363 2939 483 2996 ταῖς
511 2933 787 2996 τοιαύταις
829 2935 1156 3012 ἀποφοραῖς.

699 3024 805 3098 πγ’.
840 3025 964 3095 ΙΙῷς
999 3024 1053 3078 αἱ
1085 3021 1387 3098 συλλήψεις
1417 3023 1680 3102 γίνονται.

453 3113 515 3169 Ἠ
539 3110 811 3186 σύλληψις
857 3117 964 3167 τῶν
1019 3112 1168 3182 ζώων
1210 3114 1436 3189 γίνεται,
1492 3117 1581 3169 καὶ
1633 3115 1869 3189 μάλιστα
1914 3120 1994 3172 τῶ

360 3200 680 3276 ἀνθρώπων,
730 3201 854 3256 ὅταν
939 3199 1273 3272 ἐπιτήδειος,
1319 3203 1408 3257 καὶ
1487 3203 1750 3279 ξηροτέρα
1810 3205 2020 3279 συμμέ-

363 3309 506 3364 τρως
560 3291 596 3360 ἡ
660 3291 840 3365 μήτρα
884 3311 1106 3367 γενηται
1184 3291 1319 3366 πρὸς
1387 3292 1487 3360 τήν
1545 3291 1868 3368 παραδοχὴν
1925 3298 2024 3348 τοῦ

364 3379 677 3453 σπέρματος
756 3380 864 3433 τῶν
959 3380 1314 3451 καταμηνίων
1382 3381 1890 3454 συνεπισπωμένων
1936 3383 2010 3438 ἀπ

376 3469 577 3532 παντᾶς
624 3463 791 3542 ὄγκου
845 3469 1007 3544 μέρος
1054 3490 1105 3522 τι
1151 3473 1249 3523 τοῦ
1306 3474 1541 3544 καθαροῦ
1589 3467 1844 3543 αἵματος.
1880 3479 2026 3545 Συμ-

365 3553 628 3612 ϐάλλεται
663 3555 719 3611 δὲ
766 3556 853 3612 καὶ
895 3559 957 3612 τὸ
1008 3556 1148 3627 θῆλυ
1208 3558 1343 3633 πρὸς
1389 3560 1488 3627 τήν
1547 3558 1740 3628 κύησιν
1786 3560 2032 3637 ἐξυγραι-

363 3647 570 3718 νομένη
629 3648 729 3715 τὴν
785 3648 990 3722 μήτραν
1050 3645 1102 3700 ἐν
1160 3653 1278 3708 ταῖς
1329 3647 1558 3720 μίξεσιν,
1592 3651 1626 3717 ἡ
1691 3647 1748 3703 δὲ
1800 3650 2028 3725 ὑγρασία

373 3734 511 3805 αὕτη
583 3734 890 3810 σπέρματος
951 3736 1044 3808 μὲν
1107 3735 1205 3790 οὐκ
1257 3731 1373 3812 ἔχει
1433 3735 1618 3812 λόγον,
1682 3741 1791 3793 οἷον
1835 3738 1892 3794 δὲ
1921 3740 2027 3810 ὕλη

368 3823 576 3899 γίνεται
645 3826 713 3896 τῇ
787 3819 1068 3898 καταϐολῇ
1115 3832 1216 3893 τῆς
1265 3824 1513 3900 ἀνδρείας
1569 3834 1755 3902 γονῆς.
1817 3831 1914 3882 Καὶ
1969 3830 2032 3884 τὸ

378 3912 474 3985 μὲν
546 3915 647 3966 τοῦ
706 3909 922 3988 ἄριἕενος
972 3914 1188 3986 σπέρμα
1256 3913 1330 3975 εἷς
1386 3915 1453 3969 τα
1509 3918 1840 3992 στερεώτερα
1894 3917 2030 3990 μέρη

369 4005 468 4055 τοῦ
523 4001 776 4074 σώματος
855 4001 1082 4077 ἐξαρκεῖ,
1162 4003 1272 4057 οἷον
1354 4003 1504 4073 ὀστᾶ,
1584 4005 1674 4059 καὶ
1733 4011 1895 4078 νεῦρα
1946 4004 2036 4061 καὶ

376 4084 585 4166 φλέϐας
628 4095 718 4144 καί
775 4089 1060 4166 ἀρτηρίας,
1112 4091 1202 4146 καὶ
1251 4091 1319 4145 τά
1363 4097 1605 4148 τοιαῦτα.
1654 4095 1795 4150 Ἀπὸ
1849 4093 1906 4148 δὲ
1941 4098 2039 4150 τοῦ

375 4177 602 4249 θήλεος,
655 4177 729 4240 εἷς
787 4179 855 4233 τὰ
911 4179 1174 4254 ὑγρότερα
1243 4180 1380 4256 μέρη
1435 4177 1535 4235 τοὸ
1585 4183 1872 4254 σώματος,
1904 4186 2043 4256 αἷμα

378 4265 525 4344 φημῖ
583 4268 671 4322 καὶ
725 4267 1036 4346 ἀμφοτέρας
1089 4269 1184 4331 τὰς
1235 4268 1436 4343 χολάς.
1491 4272 1564 4326 ’Ἠ
1616 4270 1832 4343 μᾶλλον
1865 4273 2043 4326 πάντα

379 4355 435 4425 ἐξ
469 4355 820 4430 ἀμφοτέρων,
857 4354 1004 4411 ἀλλὰ
1045 4358 1113 4412 τά
1169 4358 1264 4430 μὶν
1317 4363 1413 4412 τοῦ
1460 4356 1681 4434 ἄρῥενος
1715 4357 1876 4415 πλέον
1906 4358 2046 4436 ἔχει»

376 4445 446 4499 τὰ
477 4441 533 4499 δὲ
562 4449 659 4499 τοῦ
691 4444 890 4516 θήλεος
922 4444 1004 4500 ἐπ’
1029 4444 1280 4502 ἔλλατον.

532 4557 644 4618 πδ’.
675 4560 840 4638 Πόθεν
857 4558 1116 4638 ⁸γίνονται
1147 4565 1254 4638 τῶν
1288 4561 1492 4638 γονέων
1519 4562 1573 4638 αἶ
1605 4564 1894 4638 ὁμοιώσεις

696 4635 787 4686 καί
819 4631 1044 4708 αἶ”πρὺς
1077 4631 1311 4697 τούτους
1325 4631 1742 4709 ἀνομοιότητες.

461 4728 533 4783 Τὸ
580 4728 1010 4805 ἀποκρινόμενον
1071 4732 1311 4805 σπὲρμα,
1370 4731 1406 4801 ἤ
1466 4734 1570 4787 ἀπὸ
1622 4739 1720 4789 τοῦ
1750 4732 1966 4812 ἀνδρὸς,
2011 4731 2048 4805 ἤ

395 4817 504 4873 ἀπὸ
535 4819 633 4886 τῆς
663 4819 919 4892 γυναικός
951 4838 962 4850 ·
1018 4819 1081 4873 τὸ
1136 4820 1230 4892 μὶν
1293 4821 1400 4876 ἀπὸ
1455 4827 1551 4876 τοῦ
1595 4822 1812 4899 ἀνδρὸς,
1853 4823 2051 4900 λόγους

393 4905 649 4981 ἔχειτῶν
697 4905 749 4960 ἐν
808 4905 953 4978 αύτῴ
1003 4908 1149 4977 ἠθῶν
1207 4908 1297 4963 καὶ
1354 4911 1572 4986 τρόπων
1629 4912 1717 4967 καὶ
1765 4920 1864 4982 τῆς
1919 4934 2052 4990 μορ-

399 4998 527 5072 φῆς,
559 4995 650 5049 καὶ
681 4995 786 5049 ἀπὸ
823 4997 1033 5070 μητρὸς
1082 4994 1139 5051 δὲ
1190 4997 1448 5063 ὡσαύτως
1477 5020 1488 5032 ·
1524 5007 1686 5058 ’Όταν
1738 5001 1828 5056 οὖν
1887 5004 2054 5080 ἄμφω

398 5084 470 5138 τὰ
519 5085 803 5159 σπέρματα
880 5089 1182 5160 συγκραθῇ,
1239 5086 1288 5140 εἲ
1353 5089 1447 5159 μὲν
1506 5089 1590 5143 ἐπ’
1633 5088 1782 5164 τίσης,
1828 5087 1943 5167 ἔχει
1995 5093 2055 5147 τὸ

397 5173 732 5245 γεννώμενον
793 5171 912 5242 ἷ⁷σην
974 5175 1063 5228 καὶ
1121 5175 1258 5249 πρὸς
1321 5178 1383 5232 τὸ
1443 5177 1599 5255 ἄῤῥεν
1654 5181 1743 5235 καὶ
1801 5182 1937 5255 πρὸς
1995 5182 2056 5236 τὸ

402 5259 546 5335 θῇλυ
575 5263 673 5331 τὴν
709 5263 1035 5335 ὁμοιότητα.
1085 5267 1246 5320 Ὅταν
1299 5263 1356 5320 δὲ
1400 5269 1462 5322 τὸ
1509 5267 1665 5344 ἅῤῥεν
1717 5271 2058 5345 κατακρατή-

408 5372 480 5425 σῃ
511 5356 604 5405 τοῦ
654 5350 873 5422 θήλεος,
934 5357 1013 5425 τῷ
1073 5351 1250 5430 ἅρῥενι
1308 5357 1586 5430 παρόμοια
1641 5360 1708 5412 τά
1767 5358 2062 5433 τικτόμενα

408 5437 799 5496 ἀποτελεῖται·
863 5441 986 5496 ὅταν
1042 5440 1099 5497 δὲ
1153 5445 1214 5498 τὸ
1275 5443 1417 5514 θῆλυ
1473 5451 1568 5500 τοῦ
1611 5446 1856 5522 ἄρῥενος,
1911 5449 2062 5503 ἀπει-

409 5528 658 5601 κασμένα
704 5529 840 5604 πρός
893 5531 992 5598 τὴν
1043 5532 1272 5606 μητέρα.
1320 5534 1482 5590 Ὅταν
1535 5531 1591 5588 δὲ
1643 5537 1676 5604 ἡ
1710 5534 1761 5588 ἐν
1792 5541 1873 5608 τῷ
1903 5541 2064 5614 σπερ-

417 5638 551 5692 ματι
585 5618 848 5694 θερμασία
897 5617 1211 5696 ὶξατμισθῇ,
1263 5618 1438 5678 οὐδενὶ
1493 5627 1596 5679 τῶν
1647 5622 1849 5682 τοκέων
1889 5625 2063 5685 πλατ-

2113 1879 2171 1928 et
2203 1874 2394 1942 ignem
2429 1871 2854 1941 miriﬁcamque
2886 1872 3070 1940 spirat
3090 1870 3230 1936 vim,
3275 1876 3337 1924 ut
3367 1869 3553 1924 multa
3582 1870 3756 1924 homo

2116 1978 2218 2033 per
2242 1961 2401 2015 illam
2431 1961 2658 2015 efﬁcere
2691 1975 2794 2013 nec
2827 1961 3022 2013 minus
3047 1960 3194 2014 afﬁci
3229 1975 3294 2012 ac
3327 1959 3444 2029 pati
3480 1957 3762 2028 possit.Et

2115 2067 2279 2106 amor
2309 2049 2409 2120 qui
2441 2049 2684 2103 affectus
2715 2049 2898 2102 animi
2927 2055 3013 2102 est
3035 2049 3323 2103 maximus
3355 2064 3420 2102 ac
3448 2049 3758 2101 vehemen-

2115 2139 2644 2202 tissimus,initium
2676 2137 2831 2208 capit
2860 2154 2893 2191 a
2921 2144 3250 2207 conspectu,
3273 2137 3472 2206 itaque
3492 2139 3760 2191 amantes

2117 2228 2308 2282 ﬂuunt
2338 2226 2495 2281 velut
2524 2225 2941 2295 acliqueﬁunt,
2979 2227 3211 2296 quando
3238 2225 3512 2295 pulchros
3544 2240 3609 2279 ae
3641 2226 3758 2280 for-

2119 2332 2316 2370 mosos
2347 2314 2564 2378 vident,
2603 2330 2735 2367 nam
2769 2330 2890 2383 quas
2949 2329 3050 2383 per
3105 2313 3304 2367 oculos
3342 2313 3546 2368 incidit
3572 2314 3628 2366 in
3662 2329 3762 2368 eos

2119 2405 2220 2459 lux
2251 2404 2370 2458 sive
2402 2403 2606 2458 effusio
2640 2402 2936 2456 radiorum
2971 2408 3234 2456 amantes
3287 2403 3474 2472 perdit
3504 2401 3762 2471 facitque

2119 2493 2549 2554 contabescere,
2583 2497 2746 2544 tanta
2775 2495 2864 2544 est
2892 2507 2960 2544 ex
2988 2490 3114 2544 visu
3148 2489 3412 2544 alteratio
3443 2494 3501 2544 et
3531 2489 3768 2560 percul-

2120 2581 2386 2638 sio.Nam
2423 2581 2812 2635 formosorum
2846 2586 3194 2649 conspectus
3224 2579 3454 2634 etiamsi
3488 2579 3767 2647 elongin-

2121 2688 2237 2742 quo
2269 2670 2609 2740 respiciunt,
2644 2668 2840 2738 ignem
2875 2667 2928 2720 in
2964 2669 3292 2722 amantium
3326 2667 3539 2721 animis
3562 2683 3767 2722 acoen-

2122 2761 2289 2815 dunt.
2339 2759 2443 2814 Sed
2477 2765 2531 2813 et
2583 2774 2794 2827 corpus
2844 2760 3172 2811 amatorum
3204 2763 3771 2826 conspectorumque

2125 2865 2224 2920 per
2253 2847 2544 2919 ejusmodi
2578 2845 2873 2901 radiorum
2920 2845 3266 2900 emissiones
3289 2845 3564 2901 afﬁcitur.

2480 3025 2570 3079 83.
2606 3023 2829 3092 Quando
2855 3025 2998 3094 [eius
3027 3025 3369 3094 concipiatur
3388 3025 3414 3078 ‘I

2206 3115 2514 3186 Conceptio
2550 3113 2917 3183 animalium,
2950 3119 3006 3168 et
3026 3113 3332 3168 hominum
3385 3113 3636 3169 maxime
3686 3114 3774 3184 ﬁt,

2137 3205 2368 3276 quando
2401 3208 2600 3258 uterus
2631 3202 2981 3258 estidoneus
3011 3208 3068 3256 et
3122 3207 3442 3273 temperate
3480 3203 3672 3258 siccus
3703 3203 3776 3257 ad

2134 3293 2534 3365 recipiendum
2569 3308 2805 3347 semen:
2841 3291 3160 3346 menstruis
3197 3308 3265 3346 ex
3297 3292 3566 3345 universa
3583 3307 3780 3347 massa

2134 3388 2357 3455 partem
2394 3381 2522 3452 puri
2544 3379 2850 3450 sanguinis
2871 3379 3324 3434 attrahentibus.
3356 3379 3777 3434 Confertetiam

2135 3472 2355 3527 femina
2385 3471 2455 3525 ad
2488 3468 3260 3539 conceptionem,uterumin
3297 3484 3648 3540 congressus
3671 3467 3781 3522 hu-

2139 3561 2467 3626 mectando,
2495 3560 2590 3628 qui
2622 3565 2820 3612 tamen
2845 3557 3056 3612 humor
3081 3574 3196 3611 non
3228 3557 3403 3612 habet
3428 3556 3673 3611 seminis
3695 3573 3786 3611 ra-

2137 3650 2381 3719 tionem,
2405 3649 2504 3704 sed
2538 3646 3020 3702 velutmateriam
3082 3647 3301 3717 praebet
3349 3647 3576 3716 dejecto
3635 3643 3791 3699 virili

2141 3738 2370 3795 semini.
2403 3743 2595 3808 Atque
2625 3753 2817 3792 semen
2844 3736 2950 3790 viri
2983 3735 3343 3790 ﬁrmioribus
3366 3736 3627 3806 corporis
3657 3751 3790 3805 par-

2141 3829 2300 3883 tibus
2332 3825 2755 3896 componendis
2787 3825 3128 3892 insumitur,
3163 3830 3228 3878 ut
3269 3823 3526 3887 ossibus,
3579 3823 3792 3890 nervis,

2144 3916 2329 3984 venis,
2363 3914 2618 3984 arteriis,
2650 3919 2706 3968 et
2763 3915 3096 3969 similibus:
3133 3912 3359 3966 feminae
3400 3917 3594 3967 autem
3627 3911 3794 3966 debi-

2148 4005 2416 4070 lioribus,
2451 4004 2729 4074 sanguini
2764 4004 3042 4058 nimirum
3074 4007 3130 4055 et
3157 4001 3392 4071 utrique
3419 4001 3553 4056 bilis
3574 4000 3795 4071 generi.

2150 4100 2262 4150 Aut
2296 4096 2489 4166 potius
2521 4094 2720 4150 omnia
2760 4095 2880 4148 haec
2920 4110 2987 4148 ex
3017 4093 3278 4162 utrisque
3303 4091 3630 4146 seminibus
3659 4107 3803 4146 con-

2153 4190 2338 4251 stant,
2363 4184 2473 4239 nisi
2506 4185 2659 4254 quod
2695 4182 3027 4238 masculum
3073 4180 3391 4252 prespollet,
3448 4179 3800 4236 femininum

2158 4275 2359 4329 minus
2390 4274 2568 4328 habet
2590 4273 2840 4328 virtutis.

2146 4569 2234 4624 84.
2274 4567 2420 4625 Unde
2449 4567 2733 4638 contingat
2758 4565 2973 4638 similes,
3017 4566 3098 4621 vel
3138 4565 3438 4622 dissimiles
3481 4563 3806 4635 parentibus

2758 4641 2917 4693 nasci
2954 4637 3156 4693 liberos
3182 4638 3210 4692 ‘I

2229 4741 2534 4794 Excretum
2565 4753 2767 4792 semen
2796 4736 2887 4791 vel
2936 4753 2968 4790 a
3024 4735 3147 4790 viro
3195 4739 3307 4805 est,
3362 4733 3452 4790 vel
3507 4750 3540 4789 a
3569 4731 3807 4787 femina.

2162 4828 2309 4884 Illud
2352 4827 2458 4882 viri
2491 4825 2547 4881 in
2582 4843 2644 4881 se
2677 4826 2848 4881 habet
2877 4824 3132 4880 rationes
3166 4841 3395 4878 morum
3429 4827 3486 4877 et
3511 4821 3726 4876 indolis
3747 4836 3812 4876 ac

2163 4919 2362 4974 formae
2395 4917 2525 4985 viri,
2557 4921 2617 4971 et
2648 4917 2754 4970 hoc
2785 4913 3013 4970 feminae
3042 4914 3330 4969 similiter.
3361 4913 3603 4977 Quando
3635 4911 3816 4982 igitur

2164 5013 2415 5079 utraque
2438 5005 2891 5079 permiscentur,
2919 5004 2967 5058 si
2994 5002 3223 5074 quidem
3265 5002 3587 5074 (equaliter,
3619 5000 3816 5056 infans

2166 5098 2266 5169 qui
2327 5096 2586 5152 nascitur
2634 5111 2701 5149 cx
2753 5093 3058 5164 utriusque
3110 5092 3365 5163 parentis
3422 5089 3816 5147 similitudine

2167 5186 2467 5258 aequaliter
2499 5183 2889 5257 participabit.
2923 5182 2979 5236 Si
3035 5186 3228 5237 autem
3283 5181 3557 5236 feminino
3603 5179 3814 5237 semini

2170 5275 2534 5350 przevaluerit
2578 5271 2929 5341 masculum,
2955 5273 3103 5344 patri
3135 5270 3353 5327 similia
3382 5278 3730 5326 nascentur:
3765 5267 3816 5324 si

2172 5370 2374 5421 contra
2405 5363 2665 5419 masculo
2700 5361 3073 5430 femininum,
3126 5365 3372 5416 matrem
3426 5358 3818 5416 similitudine

2174 5455 2440 5510 referent.
2477 5452 2635 5518 Quod
2666 5451 2712 5506 si
2759 5449 2917 5505 calor
2966 5449 3064 5521 qui
3121 5455 3211 5505 est
3263 5450 3322 5504 in
3383 5449 3606 5505 semine
3636 5444 3820 5517 exspi-

2175 5543 2404 5611 raverit,
2442 5540 2631 5598 neutri
2683 5543 2992 5614 parentum
3029 5539 3490 5596 conformabitur
3529 5537 3682 5610 quod
3718 5550 3821 5588 na-

2175 5635 2377 5692 scitur.
2430 5631 2654 5706 Saepius
2701 5630 2880 5689 etiam
2937 5629 3152 5688 femina
3183 5630 3334 5686 inter
3371 5623 3818 5700 concipiendum
