4046 6144
297 361 416 422 739

1637 360 2057 423 MICHAELIS
2102 361 2375 428 PSELLI

3589 379 3709 440 ’740

286 499 455 555 hunc
481 497 571 554 vel
596 497 760 554 illam
817 497 1196 570 imaginante,
1244 497 1442 555 infans
1483 497 1533 554 ei
1565 498 1720 570 quod
1753 499 1923 553 matel

2051 493 2280 570 τόμενον
2343 500 2653 575 ὁμοιοῦται.
2717 500 2999 571 Ηολλάκις
3057 503 3116 562 δὲ
3171 507 3262 562 καὶ
3319 514 3418 578 τῆς
3455 513 3709 585 γυναικὸς

294 588 620 662 imaginata
649 592 738 644 est
767 587 1160 646 assimilatur.

590 751 596 758 ’
684 769 773 824 85.
805 767 1082 838 Quomodo
1126 769 1264 838 ﬁant
1291 767 1549 824 somnia?

364 858 556 915 Multae
588 863 728 915 sunt
755 875 950 914 causae
978 859 1366 914 somniorum.
1403 857 1531 913 Alia
1560 857 1716 913 enim
1767 856 1942 912 ratio-

295 949 480 1005 nabili
512 949 720 1004 animae
747 951 1184 1015 nostrae,mente
1217 947 1944 1016 mediante,immittuntur

296 1038 618 1106 divinitus;
668 1036 782 1092 alia
806 1041 948 1092 sunt
991 1035 1172 1092 veluti
1211 1037 1354 1093 echo
1385 1037 1652 1108 quaedam
1685 1052 1751 1091 ac
1783 1051 1937 1091 reso-

293 1127 496 1184 nantia
517 1127 861 1182 diurnarum
887 1126 1181 1182 actionum
1208 1146 1221 1194 ;
1248 1125 1363 1182 alia
1393 1143 1427 1182 a
1447 1124 1760 1197 phantasia
1779 1125 1941 1180 effor-

291 1220 551 1286 mantur,
611 1217 976 1288 imaginante
1033 1221 1092 1272 et
1140 1217 1419 1272 otl‘erente
1476 1215 1646 1270 nobis
1693 1214 1938 1270 diurnos

289 1323 540 1377 amores,
566 1305 657 1362 vel
690 1305 870 1361 alium
905 1306 1177 1361 affectum
1219 1305 1427 1361 animae
1471 1311 1702 1360 nostrae.
1755 1305 1883 1360 Alia
1906 1321 1938 1359 a

290 1401 544 1467 quatuor
563 1395 915 1451 humoribus
937 1395 1057 1451 sive
1085 1395 1570 1467 temperamentis
1591 1395 1937 1460 excitantur,

289 1486 446 1542 unde
476 1490 535 1542 et
573 1486 797 1542 colores
855 1484 1206 1540 humoribus
1266 1483 1384 1540 illis
1443 1482 1666 1540 similes
1699 1482 1935 1550 habent,

289 1592 415 1647 quae
437 1575 499 1630 in
527 1574 722 1646 quiete
750 1574 1045 1631 videntur.
1082 1573 1204 1629 Alia
1235 1574 1492 1645 produnt
1521 1589 1732 1629 causas
1763 1571 1936 1628 hahe-

287 1681 349 1720 re
369 1665 430 1720 in
464 1665 630 1721 nobis
672 1669 824 1720 artes
856 1681 1003 1737 quas
1034 1662 1372 1732 didicimus,
1403 1663 1494 1719 vel
1544 1663 1778 1735 negotia
1810 1679 1935 1734 quae

285 1760 632 1825 tractamus,
667 1756 821 1812 unde
877 1755 1227 1828 philosopho
1260 1755 1684 1828 philosophica,
1719 1753 1933 1810 rhetori

285 1844 596 1913 rhetorica,
622 1849 929 1916 geometrae
963 1845 1316 1916 geometrica
1337 1861 1400 1901 se
1431 1844 1683 1900 offerunt
1713 1845 1935 1899 insom-
1968 1874 2012 1939 Β

286 1934 404 1990 nia.
436 1934 561 1990 Non
595 1950 715 1988 una
737 1933 916 2004 igitur
945 1933 1308 1989 somniorum
1359 1949 1538 1989 causa
1585 1936 1696 1999 est,
1739 1931 1839 1987 sed
1872 1935 1937 1986 ut

286 2023 407 2079 dixi
435 2023 598 2080 varia
628 2039 694 2079 ac
718 2021 1045 2094 multiplex.

494 2114 584 2168 86.
617 2114 692 2167 De
721 2113 978 2181 sanitate,
1010 2112 1198 2168 morbo
1228 2112 1303 2184 (8)
1337 2117 1387 2168 et
1419 2119 1715 2168 senectute.

352 2202 632 2257 Sanitatis
663 2217 843 2256 causa
870 2205 926 2256 et
957 2202 1349 2256 conservatrix
1380 2206 1469 2256 est
1511 2201 1754 2274 aequalis
1783 2203 1934 2256 tem-

282 2296 563 2364 peratura
589 2290 821 2361 caloris,
854 2291 1108 2364 frigoris,
1141 2291 1512 2346 humiditatis
1545 2295 1601 2347 et
1630 2291 1931 2360 siccitatis,

284 2396 536 2451 quorum
569 2381 620 2436 si
647 2395 829 2436 unum
864 2380 1090 2435 caeteris
1119 2379 1698 2451 praevaleat,morbus
1726 2379 1930 2435 oritur.

277 2469 524 2524 Plurimi
557 2475 712 2525 certe
737 2469 924 2524 morbi
958 2485 1056 2540 per
1079 2467 1435 2524 anomaliam
1479 2469 1600 2524 sive
1654 2467 1936 2540 irregula-

277 2559 513 2614 ritatem
547 2557 838 2614 horumin
871 2573 1111 2630 corpore
1169 2556 1593 2613 elementorum
1644 2572 1932 2629 generan-

279 2651 398 2702 t-ur.
430 2648 778 2703 Inferuntur
807 2646 999 2702 morbi
1031 2648 1204 2702 etiam
1265 2647 1452 2701 nimia
1491 2646 1811 2718 repletione
1845 2645 1931 2702 vel

279 2736 568 2792 cruditate
627 2740 729 2792 aut
777 2735 1151 2807 corruptione
1205 2735 1492 2791 ciborum.
1533 2738 1606 2791 At
1661 2735 1932 2791 sanitatis

277 2825 636 2881 conciliatrix
667 2829 756 2880 est
779 2825 1051 2880 ordinata
1077 2824 1247 2880 dimta
1276 2829 1332 2880 et
1361 2825 1717 2896 tranquillus
1744 2829 1934 2881 sorte-
1965 2883 1967 2885 ,

278 2930 392 2986 que
417 2931 524 2970 sua
553 2918 863 2970 contentus
895 2913 1148 2968 animus.
1194 2914 1465 2969 Foetusin
1515 2919 1678 2970 utero
1713 2915 1929 2970 forma-

277 3009 376 3059 tur
403 3020 436 3059 a
457 3005 550 3059 die
581 3004 881 3060 tricesima
901 3007 1147 3071 sexta,et
1180 3004 1462 3059 membris
1489 3005 1779 3075 perfectus
1802 3021 1930 3061 esse

276 3092 482 3165 incipit
511 3111 544 3149 a
567 3092 1430 3167 quinquagesimaﬂuanquam
1463 3093 1845 3165 Hippocrates
1869 3094 1927 3150 in

277 3181 578 3251 masculis,
661 3185 817 3255 quod
901 3183 1213 3238 calidiores
1258 3182 1396 3250 sint,
1451 3183 1920 3239 articulationem

2055 585 2345 662 φάντασίας
2405 589 2455 644 ἐν
2512 597 2594 665 τῷ
2637 593 2836 648 τίκτειν
2886 589 3167 667 λαϐούσης
3223 595 3384 654 τοῦδε
3430 601 3464 672 ἢ
3514 599 3705 672 τῆσδε,

2053 677 2192 752 πρὸς
2219 679 2281 735 τὸ
2316 681 2610 760 φαντασθὲν
2645 682 2992 752 ἀπεικάζεται
3021 687 3084 740 τὸ
3104 689 3466 764 γεννώμενον.

2441 773 2542 829 πε’.
2575 777 2698 836 Ηῶς
2732 774 2783 828 οἱ
2816 769 3016 848 ὄνειροι
3048 774 3308 851 γίνονται.

2124 856 2338 913 ΠοΛλαὶ
2389 865 2498 914 τῶν
2559 861 2783 935 ὀνείρων
2839 863 2972 918 εῗσὶν
3028 863 3197 920 αἶ’τίαι
3260 886 3271 899 ·
3335 869 3386 923 οἱ
3449 868 3543 941 μὲν
3599 870 3701 945 γὰρ

2051 947 2229 1002 αὐτῶν
2262 947 2363 1003 eici
2400 951 2744 1006 θεόπνευστοι
2797 949 2995 1008 ἄνωθεν
3045 951 3136 1010 διὰ
3191 956 3355 1028 μέσου
3383 962 3481 1013 τοῦ
3511 963 3606 1013 νοῦ
3634 963 3701 1033 τῇ

2052 1033 2249 1112 λογικῆ
2281 1040 2437 1113 ψυχῇ
2483 1042 2643 1112 ἡμῶν
2695 1039 3062 1117 ἐγγινόμενοι,
3121 1045 3172 1098 οἱ
3231 1042 3288 1099 δὲ
3333 1049 3447 1102 οἷον
3479 1047 3703 1125 άπηχήο

2053 1147 2198 1197 ματα
2225 1125 2328 1216 εἰσί
2357 1132 2464 1183 τῶν
2509 1130 2784 1205 ἡμερινῶν
2840 1132 3106 1208 πρᾶξεων.
3159 1135 3225 1191 Οἱ
3273 1132 3330 1190 δὲ
3367 1136 3472 1191 ἀπὸ
3503 1159 3698 1216 φανταο

2047 1222 2236 1286 στικῆς
2310 1215 2660 1274 ἐντυποῦνται
2745 1217 3047 1294 δυνάμεως,
3135 1224 3508 1302 φανταζούσης
3562 1229 3698 1300 ἡμῖν

2045 1307 2171 1369 τοὸς
2230 1309 2530 1385 ἠμερινοὺς
2587 1308 2812 1386 ἔρωτας,
2873 1311 2909 1382 ἥ
2968 1311 3109 1370 ἄλλο
3154 1337 3207 1369 τι
3265 1318 3436 1381 πάθος
3491 1321 3696 1394 ψυχῆς.

2047 1398 2262 1472 Ἐτεροι
2298 1395 2356 1453 δὲ
2403 1400 2509 1454 ἀπὸ
2557 1404 2664 1455 τῶν
2731 1403 3002 1476 τεσσάρων
3061 1409 3260 1479 χυμῶν
3309 1405 3700 1482 ἀνεγείρονται,

2047 1481 2165 1548 ὅθεν
2223 1487 2317 1542 καὶ
2372 1488 2438 1542 τά
2488 1489 2762 1564 χρώματα
2834 1495 2940 1546 τῶν
2983 1491 3296 1568 ὁρωμένων,
3357 1495 3526 1569 ὅμοια
3580 1503 3700 1560 τοῖς

2045 1579 2150 1630 τῶν
2184 1581 2382 1652 χυμῶν
2415 1575 2625 1653 ἔχουσι.
2655 1580 2723 1636 Οἱ
2777 1576 2836 1635 δὲ
2876 1581 2972 1643 τὰς
3014 1581 3190 1645 αἰτίας
3220 1585 3356 1656 ἡμῖν
3385 1583 3696 1664 ἐκφαίνουσι

2043 1668 2150 1719 τῶν
2211 1670 2419 1742 τεχνῶν
2481 1667 2723 1723 καὶτῶν
2794 1667 3268 1746 ἐπιτηδευμάτων,
3324 1675 3450 1749 περὶ
3507 1673 3540 1729 ἄ
3593 1677 3695 1746 τήν

2044 1756 2416 1830 πραγματείαν
2467 1755 2692 1832 ἔχομεν.
2741 1761 3086 1838 Φιλοσοφικὰ
3139 1762 3230 1816 οὗν
3277 1767 3354 1835 τῷ
3403 1763 3691 1840 φιλοσόφῳ

2044 1844 2109 1898 τά
2168 1844 2434 1919 ὀνείρατα,
2486 1847 2574 1902 καὶ
2634 1852 2712 1918 τῷ
2764 1847 2956 1926 ῥήτορι
3005 1849 3071 1904 τὰ
3129 1849 3414 1926 ῥητορικά,
3471 1853 3561 1909 καὶ
3617 1859 3698 1928 τῷ

2045 1939 2332 2009 -ίεωμὲτρῃ
2381 1935 2449 1990 τὰ
2492 1940 2850 2012 γεωμετρικά.
2929 1939 3006 1995 Οὔ
3081 1940 3181 2013 μία
3238 1940 3329 1996 οὖν
3386 1940 3533 1998 αίτία
3585 1948 3693 1998 τῶν

2044 2021 2354 2098 ὀνειράτων,
2389 2022 2534 2079 ἀλλὰ
2562 2023 2791 2094 πολλαὶ,
2826 2026 2900 2088 ὡς
2926 2025 3158 2102 εἷ’ρηται.

2282 2113 2388 2174 πς’.
2423 2113 2552 2188 Περὶ
2588 2115 2782 2188 ὑγείας,
2811 2116 2900 2170 καὶ
2930 2115 3091 2172 νόσου
3122 2117 3212 2172 καὶ
3240 2121 3450 2194 γήρως,

2113 2195 2319 2272 Ὑγείας
2369 2195 2539 2253 αἴτιον
2600 2199 2691 2253 καὶ
2769 2203 3073 2258 συνεκτικὸν
3152 2206 3187 2275 ἡ
3245 2210 3352 2261 τῶν
3415 2204 3691 2281 δυνάμεων

2045 2283 2316 2359 ἰσονομία,
2375 2287 2734 2364 θερμότητος,
2794 2292 3153 2368 ψυςρότητος,
3218 2293 3536 2370 ὑγρότητος,
3597 2297 3692 2368 ξη-

2043 2375 2295 2449 ρότητος,
2366 2379 2524 2432 Ὅταν
2572 2375 2629 2432 δὲ
2685 2378 2889 2435 τούτων
2959 2376 3009 2435 ἓν
3065 2380 3528 2457 καταδυναστεύσῃ
3581 2390 3689 2441 τῶν

2041 2461 2252 2534 ἄλλων,
2286 2468 2320 2536 ἡ
2365 2467 2526 2529 νόσος
2570 2472 2797 2543 γίνεται.
2856 2470 2923 2526 Αἱ
2982 2468 3040 2526 δὲ
3095 2471 3348 2528 πλεῖσται
3375 2479 3484 2529 τῶν
3515 2475 3692 2532 νόσων

2042 2549 2111 2607 δι’
2142 2555 2460 2628 ἀνωμαλίαν
2483 2561 2589 2612 τῶν
2624 2557 2674 2611 ἐν
2711 2563 2791 2631 τῷ
2841 2560 3054 2633 σώματι
3105 2562 3394 2638 στοιχείων
3425 2586 3687 2637 γινονται.

2042 2643 2445 2720 Ἐπειτάγονται
2492 2643 2550 2700 δὲ
2595 2647 2645 2702 αἱ
2688 2648 2839 2704 νόσοι
2888 2654 2968 2722 τῷ
3017 2651 3251 2724 σώματι,
3284 2653 3372 2707 καὶ
3420 2649 3510 2708 διὰ
3537 2654 3690 2725 πλή-

2042 2745 2166 2797 θους
2219 2740 2458 2812 τροφῶν,
2515 2736 2604 2791 καὶ
2663 2734 2733 2792 δι’
2792 2739 3021 2813 ἄπεψίας
3078 2743 3168 2796 καὶ
3227 2744 3449 2820 φθορᾶς.
3508 2745 3569 2799 Ἥ
3627 2742 3687 2800 δὲ

2041 2823 2254 2896 εὐταξία
2283 2826 2369 2879 καὶ
2421 2827 2455 2894 ἡ
2509 2825 2798 2901 αὐτάρκεια
2849 2827 3025 2902 ὑγείας
3075 2833 3484 2905 περιποιητικά.
3534 2836 3691 2910 Μορ-

2042 2917 2232 2990 φοῦται
2282 2911 2338 2968 δὲ
2387 2916 2452 2968 τά
2511 2920 2622 2984 ζῶα
2679 2915 2732 2971 ἐν
2788 2917 2981 2992 γαστρὶ
3039 2914 3187 2993 ὄντα,
3248 2921 3352 2976 ἀπὸ
3409 2919 3571 2990 ἕκτης
3599 2924 3688 2979 καὶ

2037 3010 2362 3078 τριακοστῆς
2402 3005 2633 3080 ἡμέρας,
2692 3004 2995 3062 τελειοῦται
3056 3005 3112 3064 δὲ
3153 3015 3272 3074 τοῖς
3321 3011 3535 3084 μορίοις
3583 3013 3691 3068 ἀπὸ

2035 3099 2136 3160 τῆς
2194 3101 2588 3163 πεντηκοστῆς,
2653 3095 3018 3171 Ἱπποκράτης
3074 3096 3131 3153 δὲ
3176 3099 3260 3153 ἐπὶ
3317 3099 3411 3172 μὲν
3452 3105 3558 3156 τῶν
3593 3101 3692 3177 ἆρ-

2041 3179 2225 3257 ῥένων,
2279 3179 2367 3238 διὰ
2421 3184 2482 3238 τὸ
2531 3185 2834 3258 θερμότατα
2878 3189 3034 3259 εἶναι,
3088 3190 3189 3258 τὴν
3241 3185 3566 3266 διάρθρωσιν
3599 3191 3692 3266 γί-

276 3272 673 3328 membrorum
731 3287 764 3327 a
817 3272 1094 3327 vicesima
1154 3276 1316 3326 sexta
1346 3271 1440 3326 die
1487 3272 1611 3327 ﬁeri
1640 3273 1918 3344 afﬁrmat,

2042 3245 2048 3257 I
2214 3245 2224 3253 '
2541 3245 2551 3247 '
2591 3245 2599 3258 |
2629 3245 2639 3257 ο
3020 3245 3033 3259 Ι
3145 3245 3155 3258 ⁸
3334 3245 3344 3266 Ι
3374 3245 3411 3264 ’δ
3613 3245 3624 3266 Ι

2042 3282 2208 3335 θεσθαι
2267 3271 2372 3326 ἀπὸ
2418 3275 2516 3338 τῆς
2570 3269 2731 3344 ἕκτης
2808 3274 2898 3329 καὶ
2970 3276 3241 3348 εἰκοστῆς,
3302 3277 3389 3332 ἐπὶ
3460 3276 3517 3333 δὲ
3570 3285 3681 3335 τῶν

273 3359 524 3416 feminas
547 3366 741 3415 autem
774 3361 929 3416 intra
959 3361 1285 3417 secundum
1304 3376 1565 3416 mensem
1598 3361 1918 3432 articulari,

272 3448 428 3504 intra
449 3453 725 3522 quartum
762 3450 983 3521 perfici.

272 3556 360 3610 87.
397 3557 583 3624 Quare
612 3558 1078 3628 quijejunarunt,
1130 3558 1331 3630 sitiunt
1386 3559 1566 3628 magis
1596 3575 1762 3630 quam
1792 3575 1916 3615 esu-

956 3631 1113 3683 riunt
1135 3628 1163 3683 ‘I

345 3715 593 3773 Sitimus
642 3717 830 3789 magis
853 3719 1088 3788 quando
1113 3718 1481 3789 jejunamus,
1519 3735 1695 3790 quam
1737 3719 1918 3774 esuri-

269 3806 712 3878 mus,quoniam
730 3806 986 3863 calidum
1013 3808 1167 3878 quod
1200 3807 1258 3861 in
1275 3807 1443 3862 nobis
1473 3807 1916 3880 est,primoloco

268 3896 512 3967 quidem
562 3897 861 3952 consumit
894 3897 1046 3967 quod
1079 3913 1112 3950 a
1135 3895 1281 3952 cibis
1311 3901 1402 3951 est
1431 3897 1665 3969 reliqui,
1707 3899 1917 3954 deinde

207 3991 210 3994 “
266 3985 354 4041 vis
383 3984 484 4040 illa
503 3984 672 4057 ignea
698 3986 757 4040 in
810 3984 979 4040 nobis
1009 3985 1291 4040 convertit
1323 4001 1383 4041 se
1415 3986 1484 4040 ad
1520 3986 1707 4058 ipsam
1741 3992 1913 4043 natu-

267 4074 448 4130 ralem
480 4074 743 4146 corporis
774 4073 1211 4143 humidilatem,
1235 4092 1483 4147 eamque
1505 4076 1712 4146 quaerit
1734 4094 1797 4132 ac
1816 4077 1913 4133 de-

267 4161 478 4233 pascit.
498 4161 643 4217 Hinc
668 4162 845 4218 veluti
878 4162 936 4217 in
964 4162 1088 4218 luto
1119 4165 1386 4234 sequitur
1417 4165 1672 4235 siccitas,
1696 4170 1751 4220 et
1773 4171 1911 4238 potu

268 4250 454 4321 magis
482 4249 746 4322 indigere
777 4268 989 4323 corpus
1019 4252 1325 4324 contingit,
1359 4253 1544 4309 donec
1575 4254 1631 4308 in
1661 4255 1912 4310 bibenti-

263 4339 376 4395 bus
405 4340 784 4396 ciinﬁrmatus
816 4344 990 4412 atque
1021 4342 1231 4396 iterum
1263 4342 1415 4398 vires
1448 4343 1734 4414 recipiens
1757 4345 1914 4400 calor

261 4431 591 4502 appetitum
619 4430 878 4486 validum
912 4431 1026 4485 cibi
1061 4431 1306 4502 injiciat.
1337 4431 1604 4503 Namque
1653 4433 1909 4491 calidum

261 4520 321 4574 in
353 4520 520 4576 nobis
551 4520 679 4577 cibo
705 4520 955 4577 maxime
978 4520 1223 4592 indiget,
1249 4526 1312 4575 ut
1343 4520 1512 4577 facile
1541 4522 1716 4577 etiam
1749 4529 1910 4580 extra

2026 3358 2277 3430 θηλυκῶν
2309 3360 2360 3414 ἐν
2413 3361 2632 3434 διμήνῳ
2667 3365 2761 3436 μὲν
2817 3361 3222 3441 διαρθροῦσθαι,
3251 3364 3301 3421 ἐν
3350 3370 3682 3444 τετραμήνῳ

2028 3447 2085 3503 δὲ
2113 3449 2448 3505 τελειοῦσθαι
2482 3449 2651 3526 λέγει.

2176 3563 2280 3628 πζ¹.
2315 3559 2413 3613 Διὰ
2440 3557 2491 3614 τί
2521 3559 2573 3614 οἱ
2602 3560 2953 3630 νηστεῦοντες
2985 3558 3184 3638 διψῶσι
3221 3563 3460 3638 μᾶλλον,
3483 3571 3516 3636 ἧ

2709 3638 2962 3688 πεινῶσιν
2996 3655 3009 3705 ;

2097 3722 2348 3793 Διψῶμεν
2387 3720 2619 3796 μᾶλλον,
2679 3722 2802 3778 ὅταν
2857 3722 3259 3798 νηστεύσωμεν,
3308 3722 3344 3794 ἤ
3375 3729 3678 3798 πεινῶμεν,

2027 3806 2167 3864 διότι
2201 3810 2262 3864 τὸ
2303 3809 2354 3863 ἐν
2409 3813 2546 3883 ἡμῖν
2605 3812 2804 3888 Θερμὸν
2865 3810 3080 3888 πρῶτον
3138 3814 3232 3885 μὲν
3290 3808 3682 3870 καταϐόσκεται

2023 3898 2086 3952 τὸ
2132 3897 2181 3952 ἐν
2216 3899 2427 3973 σώματι
2477 3901 2779 3972 περισσεύει
2832 3910 3063 3978 τροφῆς,
3099 3904 3212 3957 εἶτα
3261 3902 3342 3958 ἐπ’
3375 3903 3542 3974 αὐτὴν
3581 3905 3680 3981 βα-

2027 3985 2157 4057 δίζει
2189 3989 2287 4057 τὴν
2340 3989 2616 4067 σύμφυτον
2678 3986 2878 4045 λιϐάδα
2933 3999 3033 4062 τῆς
3097 3992 3292 4066 σαρκὸς
3350 3995 3385 4062 ἡ
3443 3992 3494 4048 ἐν
3546 3995 3684 4067 ἡμῖν

2023 4075 2284 4146 πύρωσις,
2342 4079 2403 4133 τὸ
2460 4080 2675 4156 νοτερὸν
2745 4077 3038 4149 διώκουσα,
3125 4081 3216 4136 καὶ
3299 4081 3362 4136 τὸ
3435 4079 3678 4157 δίυγρον.

2026 4167 2322 4238 Γενομένης
2378 4169 2468 4222 οὗν
2516 4163 2696 4242 ὤσπερ
2776 4167 2826 4223 ἓν
2886 4169 3055 4242 πηλῷ
3131 4167 3455 4245 ξηρότητος,
3509 4175 3682 4226 ποτοῦ

2025 4254 2238 4327 μᾶλλον
2260 4257 2322 4312 τὸ
2362 4262 2522 4331 σῶμα
2569 4255 2772 4322 δεῖσθαι
2815 4257 3070 4335 πέφυκεν,
3119 4256 3282 4335 ἄχρις
3334 4259 3397 4314 οὗ
3440 4259 3678 4316 πιόντων

2022 4345 2360 4422 ἀναῤῥωσθὶν
2417 4347 2506 4401 καὶ
2556 4345 2781 4424 ἲσχύσαν
2830 4349 2892 4403 τὸ
2943 4349 3144 4422 θερμὸν
3201 4343 3497 4423 ἐμϐριθοῦς
3547 4369 3680 4424 τρο-

2021 4441 2126 4512 φῆς
2152 4431 2322 4509 ὄρεξιν
2376 4434 2690 4510 ἐργάσηται.
2740 4437 2814 4492 Τὸ
2857 4436 2958 4512 γὰρ
3011 4437 3062 4492 ἐν
3112 4439 3248 4511 ἡμῖν
3299 4435 3536 4510 μάλιστα
3568 4435 3679 4493 δεῖ·

2017 4544 2104 4577 ται
2157 4530 2368 4600 τροφῆς
2425 4526 2649 4601 θερμὸν,
2725 4524 2906 4602 ὥσπερ
2981 4525 3173 4600 ἀμέλει
3240 4525 3518 4602 βλέπομεν
3576 4523 3677 4597 ἔξω

259 4628 367 4667 nos
395 4611 705 4668 observare
727 4627 1047 4682 possumus
1071 4626 1174 4666 nec
1198 4627 1529 4677 aerem,nec
1551 4629 1787 4683 aquam,
1804 4631 1909 4670 nec

2042 4613 2159 4682 ιήτε
2202 4613 2350 4688 άὲρα,
2387 4615 2526 4686 μήτε
2557 4611 2729 4687 ὕδωρ,
2765 4617 2903 4688 μήτε
2933 4621 3037 4691 γῆν
3071 4615 3323 4694 ἐφιέμενα
3365 4618 3674 4690 τρέφεσθαι,

261 4707 474 4756 terram
538 4700 812 4756 alimento
850 4699 1102 4766 inhiare,
1161 4715 1268 4756 nec
1324 4701 1656 4773 propinqua
1712 4720 1914 4759 consu-

263 4806 443 4856 mere,
475 4789 578 4846 sed
607 4789 798 4845 solum
830 4789 1047 4860 ignem,
1108 4805 1291 4860 quare
1348 4794 1406 4845 et
1435 4806 1606 4846 senes
1640 4791 1916 4849 facillime

262 4879 456 4934 ferunt
479 4877 1106 4949 jejunium,siquidem
1140 4877 1321 4932 hebes
1343 4878 1470 4949 jam
1502 4885 1558 4934 et
1588 4880 1833 4952 exiguus
1856 4881 1914 4936 in

263 4967 381 5022 illis
410 4968 573 5023 calor
601 4972 708 5023 est.
736 4968 926 5023 Etiam
957 4965 1311 5021 animalibus
1343 4969 1632 5038 sanguine
1662 4969 1913 5026 destitu-

259 5057 354 5122 tis,
380 5056 520 5126 quia
552 5055 744 5112 calore
766 5073 881 5112 non
913 5071 1082 5126 seque
1114 5056 1574 5123 abundant,cibo
1605 5058 1803 5115 minus
1824 5063 1912 5116 est

259 5160 430 5217 opus.

742 5237 831 5289 88.
866 5237 941 5290 De
960 5237 1085 5292 caeli
1110 5237 1438 5292 substantia.

332 5321 497 5378 Plato
529 5321 918 5395 phiIOSOphus
941 5341 1009 5380 ex
1065 5329 1320 5396 quatuor
1377 5323 1683 5381 elementis
1715 5327 1910 5384 omnia

2029 4703 2168 4774 μήτε
2199 4701 2555 4758 ἀναλίσκοντα
2582 4703 2644 4758 τὸ
2677 4703 2998 4775 πλησιάζον,
3035 4705 3178 4760 ἀλλὰ
3221 4706 3384 4778 μόνον
3418 4705 3480 4760 τὸ
3521 4709 3623 4778 πῦρ
3658 4754 3672 4769 ,

2025 4790 2122 4844 Διὰ
2147 4795 2314 4846 ταῦτα
2343 4791 2431 4846 καὶ
2463 4791 2514 4845 oi
2557 4790 2805 4869 γὲροντες
2853 4791 3018 4868 ῥᾷστα
3055 4794 3306 4864 νηστείαν
3366 4795 3619 4869 φέρουσιν
3655 4812 3669 4828 ο

2025 4875 2212 4952 ἀμϐλὺ
2261 4881 2362 4955 γὰρ
2423 4879 2472 4934 ἐν
2532 4881 2719 4937 αὐτοῖς
2776 4881 2865 4936 καὶ
2930 4881 3121 4958 μικρὸν
3183 4880 3289 4952 ἤδη
3357 4883 3419 4936 τὸ
3473 4881 3672 4956 θερμόν

2023 4967 2152 5026 ἐστι.
2204 4970 2306 5024 Καὶ
2369 4971 2432 5024 τά
2487 4966 2690 5044 ἄναιμά
2732 4968 2788 5025 δὲ
2838 4975 2946 5026 τῶν
3009 4971 3158 5040 ζώων
3208 4977 3421 5050 τρρφῆς
3478 4971 3676 5042 ἥκιστα

2020 5055 2356 5133 προσδεῖται,
2392 5056 2458 5113 δι’
2487 5057 2691 5114 ἔνδειαν
2725 5061 3084 5136 Θερμὸτητος.

2325 5239 2437 5308 πη’.
2475 5237 2605 5314 Περὶ
2635 5246 2736 5310 τῆς
2765 5244 2863 5294 τοῦ
2895 5240 3127 5314 οὐρανοῦ
3160 5238 3362 5303 οὐσίας.

2091 5325 2319 5382 Πλάτων
2353 5328 2446 5402 μὲν
2480 5329 2507 5383 ὁ
2567 5327 2867 5407 φιλόσοφος
2925 5329 3030 5385 ἀπὸ
3059 5333 3164 5383 τῶν
3215 5329 3485 5405 τεσσάρων
3518 5349 3672 5383 στοι-

1838 5461 2071 5520 NOT/E.

323 5575 402 5647 (8)
428 5574 552 5629 Imo
581 5575 652 5629 de
685 5577 955 5647 tempore
978 5573 1342 5647 formationis
1393 5577 1545 5647 fetus
1601 5575 1660 5631 in
1709 5581 1897 5633 utero.

253 5645 398 5719 Nam
430 5645 1098 5719 de_senectute_quidem
1133 5646 1278 5719 nihil
1312 5649 1370 5700 in
1405 5646 1512 5702 hoc
1571 5649 1759 5719 capite
1789 5654 1900 5706 tra-

253 5718 435 5788 ditur,
465 5717 579 5774 nisi
636 5734 702 5773 eo
757 5715 994 5785 referas,
1055 5719 1209 5788 quod
1266 5717 1421 5771 bona
1449 5719 1620 5772 diaeta
1643 5715 1707 5773 et
1741 5725 1902 5778 tran-

2012 5578 2299 5653 quillitate
2328 5579 2508 5634 animi
2543 5583 2873 5638 conservari
2924 5581 3215 5653 integram
3247 5580 3668 5651 valetudinem,

2011 5656 2188 5722 atque
2213 5651 2356 5727 adeo
2390 5658 2750 5710 senectutem
2785 5653 3032 5710 feliciter
3055 5651 3269 5727 attingi
3315 5669 3504 5726 posse,
3534 5665 3666 5710 vere

2011 5739 2077 5780 ac
2110 5723 2428 5791 prudenter
2458 5730 2678 5780 monet.
