4056 6142
323 325 439 383 741

1513 324 1614 383 DE
1659 321 2098 384 OMNIFABIA
2146 323 2559 386 DOCTRINA.

3616 337 3736 396 ’742

318 451 491 527 ’χεὶων
549 453 724 507 πάντα
775 451 1028 508 πλάττων
1081 453 1148 508 τά
1201 451 1440 524 σύνθετα,
1475 453 1702 523 σώματα
1732 451 1960 507 3111:61th

2087 456 2354 512 efformat
2402 459 2727 530 composita
2785 475 3047 532 corpora,
3088 468 3267 535 atque
3323 465 3464 521 adeo
3523 467 3736 524 coelum

321 542 507 597 αὐτῶν
585 545 889 619 συγκεῖσθαι
963 541 1053 596 καὶ
1135 541 1229 597 τὸν
1312 540 1537 617 οὐρανὸν
1599 542 1974 619 ἀποφαίνεται.

315 635 588 687 Τοσοῦτον
643 629 740 702 δὲ,
795 631 969 709 φησὶ,
1025 631 1164 706 πρὸς
1221 631 1288 685 τὰ
1359 629 1503 686 ἄλλα
1556 632 1655 701 τήν
1715 629 1975 707 διαφορὰν

315 720 490 798 ἔχειν,
545 721 626 776 ὅτι
684 722 752 776 τὰ
814 721 908 794 μὲν
966 719 1052 774 ἐπὶ
1083 727 1186 797 γῆς
1219 720 1444 794 σώματα
1476 721 1580 775 ἀπὸ
1609 727 1708 791 τῆς
1742 720 1975 796 ἐσχάτης

318 810 545 889 μερίδος
603 815 708 867 τῶν
767 811 1058 886 στοιχείων
1124 810 1280 879 εἶναι,
1334 816 1434 880 τῆς
1493 811 1607 864 οἷον
1668 809 1976 886 παχυτέρας

311 903 406 957 καὶ
470 899 869 974 ὑλωδεστέρας,
927 900 1019 955 τὸν
1081 897 1139 953 δὲ
1197 899 1422 974 οὐρανὸν
1474 899 1581 954 ἀπὸ
1632 906 1732 969 τῆς
1763 899 1974 975 αὒγοει-

314 990 569 1065 δεστέρας
618 990 794 1046 αὐτῶν
859 990 1055 1066 μοίρας
1116 989 1440 1053 ούσιῶσθαι.
1497 989 1884 1064 Ἀριστοτέλης
1916 987 1974 1044 δὲ

309 1083 382 1136 τὰ
435 1081 530 1154 μὲν
577 1081 804 1148 τέσσαρα
837 1084 1083 1155 στοιχεῖα
1130 1080 1248 1134 κατ’
1299 1078 1502 1134 εὐθεῖαν
1555 1081 1813 1134 κινεῖσθαι
1872 1077 1971 1134 λα-

313 1164 451 1237 ϐὼν,
479 1170 570 1224 τὸν
606 1166 663 1224 δὲ
685 1168 911 1246 οὐρανὸν
973 1165 1160 1240 κύκλῳ
1213 1166 1484 1246 φέρεσθαι,
1544 1167 1649 1222 ἀπὸ
1699 1175 1798 1238 τῆς
1850 1165 1971 1223 δια-

311 1259 488 1336 φόρου
538 1261 805 1329 κινήσεως
838 1255 1094 1335 διάφορον
1131 1257 1274 1328 αὐτῷ
1325 1257 1415 1312 καὶ
1445 1257 1544 1326 τήν
1605 1257 1792 1312 οὐσίαν
1832 1257 1970 1334 πρὸς

307 1349 379 1404 τὰ
410 1353 657 1425 στοιχεῖα
689 1345 900 1404 δίδωσι.
952 1346 1050 1402 Καὶ
1107 1345 1198 1402 τόν
1226 1367 1284 1402 τε
1315 1345 1538 1423 οὐρανὸν
1580 1346 1670 1402 καὶ
1723 1347 1848 1409 τοὺς
1880 1346 1968 1402 ὑπ’

307 1437 473 1493 αὐτὸν
521 1435 746 1514 ἀστέρας
798 1436 889 1491 καὶ
945 1437 1115 1510 μέχρι
1164 1434 1403 1506 σελήνης
1433 1433 1618 1510 αἰθέρα
1639 1433 1820 1508 καλεῖ,
1878 1436 1966 1492 καὶ

306 1527 562 1602 πέμπτον
594 1531 754 1600 σῶμα
777 1527 1158 1599 κατονομάζει.

444 1652 549 1709 πθ’.
583 1642 676 1706 Εἷς
705 1645 908 1707 πόσους
931 1642 1167 1704 κύκλους
1200 1639 1489 1720 διαιρεῖται
1523 1641 1551 1696 ὁ
1584 1641 1830 1718 οὐρανός.

383 1744 482 1799 Τὸν
547 1741 772 1819 οὐρανὸν
825 1741 900 1806 εἰς
952 1739 1200 1802 πολλοὺς
1267 1738 1504 1802 κύκλους
1563 1740 1615 1794 οἱ
1673 1738 1965 1818 φιλόσοφοι

307 1831 668 1909 διῃρήκασιν,
730 1836 802 1886 ὢν
868 1831 1084 1906 πρῶτός
1137 1829 1277 1886 ἐστιν
1311 1831 1338 1885 6
1370 1830 1708 1905 ἱσημερινὸς,
1743 1830 1769 1883 6
1805 1831 1964 1903 μέσον
1998 1831 2044 1896 Β

303 1921 471 1978 αὐτὸν
531 1921 741 1995 τέμνων
799 1920 888 1974 καὶ
939 1916 1161 1994 διαιρῶν
1221 1920 1288 1974 τά
1334 1918 1487 1973 νότια
1536 1917 1722 1972 καὶτὰ
1756 1918 1962 1994 βόρεια.

304 2010 539 2086 Ἐφεξῆς
597 2007 654 2064 δὲ
708 2008 905 2064 τούτου
960 2009 1080 2063 κατ’
1139 2007 1305 2086 ἄμφω
1359 2009 1426 2062 τὰ
1481 2007 1644 2082 μέρη,
1699 2009 1834 2062 κατᾶ
1869 2009 1961 2081 μὲν

299 2101 374 2155 τὸ
425 2096 638 2169 δεξιὸν,
693 2098 898 2171 θερινὸν
973 2096 1176 2152 κύκλον
1247 2096 1337 2152 καὶ
1422 2098 1509 2152 τὸν
1573 2098 1822 2173 ἀρκτικὸν
1878 2119 1964 2152 τι⁹

304 2189 511 2254 οέασιν’
572 2188 708 2244 κατά
753 2186 809 2243 δὲ
856 2188 918 2243 τὸ
978 2187 1278 2265 ἀριστερόν,
1347 2188 1438 2242 τὸν
1492 2187 1670 2243 νότιον
1730 2187 1819 2243 καὶ
1870 2189 1961 2244 τὸν

301 2278 702 2354 ἀνταρκτικόν.
758 2280 982 2353 Ἕτερον
1044 2276 1197 2340 αὖθις
1257 2275 1460 2333 κύκλον
1520 2275 1818 2332 πλάττουσι
1871 2279 1960 2333 τὸν

305 2363 689 2444 μεσημϐρινὸν
750 2368 839 2422 τὸν
902 2367 1006 2421 ἀπὸ
1062 2371 1169 2422 τῶν
1228 2365 1506 2422 ἀνατολῶν
1567 2365 1640 2428 εἷς
1672 2363 1821 2421 δύσιν
1852 2367 1962 2422 κεί-

305 2478 473 2531 μενον
509 2501 524 2527 ,
582 2455 671 2512 καὶ
741 2455 1007 2530 τέμνοντα
1087 2457 1181 2530 μὲν
1240 2456 1368 2519 τοὺς
1428 2456 1748 2532 εἰρημένους
1807 2457 1965 2512 πέντε

299 2545 567 2620 κύκλους,
633 2544 826 2617 ἐπίσης
873 2543 1184 2623 διαιροῦντα
1217 2543 1274 2600 δὲ
1302 2547 1362 2600 τὸ
1422 2545 1553 2618 ἑῷον
1592 2544 1754 2622 μέρος
1781 2546 1871 2601 καὶ
1900 2548 1962 2602 τὸ

302 2635 584 2710 ἑσπέριον.
621 2637 814 2692 Ἕκτον
848 2636 1323 2711 προσονομάζουσι
1355 2635 1444 2689 τὸν
1471 2636 1745 2710 ὁρίζοντα,
1773 2636 1841 2689 τὰ
1867 2632 1961 2691 δύο

303 2724 648 2803 ἡμισφαίρια
679 2721 1090 2781 διαστέλλοντα.
1117 2719 1420 2798 Ἕϐδομον,
1452 2724 1544 2778 τὸν
1571 2721 1961 2800 ζωδιακὸν,ἀρ-

305 2815 548 2890 χύμενον
582 2813 687 2868 ἀπὸ
719 2818 814 2869 τοῦ
843 2815 1077 2887 θερινοῦ,
1111 2812 1200 2868 καὶ
1230 2812 1496 2888 τέμνοντα
1522 2814 1612 2868 τὸν
1648 2811 1960 2890 ἰσημερινὸν

304 2903 398 2958 καὶ
432 2903 672 2981 λήγοντα
700 2903 776 2966 εἷς
806 2903 898 2958 τὸν
925 2904 1128 2960 νότιον.

1192 3110 1219 3122 ~

309 3108 376 3184 ρ’.
412 3109 537 3186 Περὶ
573 3112 666 3164 τοῦ
694 3105 1022 3186 φαινομένου
1054 3105 1105 3161 έν
1152 3110 1232 3186 τῇ)
1276 3106 1492 3186 οὐρανῷ
1518 3106 1959 3186 ,γαλακτοειδοῦς

642 3177 967 3236 κύκλουκαὶ
998 3177 1298 3254 λεγομένου
1329 3177 1616 3252 Γαλαξίου.

375 3275 541 3347 Ὀπερ
604 3269 746 3326 ἐστὶν
805 3271 832 3326 ὁ
887 3271 1141 3343 κομήτης
1200 3268 1324 3343 περὶ
1381 3263 1472 3324 ἕνα
1520 3268 1744 3344 ἀστέρα,
1791 3271 1954 3326 τοῦτό

297 3360 443 3415 ἐστιν
499 3360 527 3414 ὁ
561 3358 826 3432 Γαλαξίας
855 3359 978 3436 περὶ
1011 3356 1138 3414 ὅλον
1197 3356 1418 3415 κύκλον.
1453 3359 1514 3414 Ἡ
1545 3358 1644 3434 γὰρ
1679 3358 1812 3428 αύτή
1844 3358 1950 3431 ὕλη

294 3449 560 3526 γαλαξίου
618 3449 708 3504 καὶ
767 3450 1038 3522 κομήτου,
1093 3449 1184 3502 καὶ
1243 3446 1357 3502 ἐπεὶ
1410 3447 1660 3522 μέγιστος
1691 3447 1893 3511 κύκλος
1926 3449 1954 3503 6

292 3536 562 3612 γαλαξίας
619 3537 842 3612 γίνεται,
905 3536 1094 3606 πολλὴ
1156 3537 1207 3608 ἐξ
1259 3537 1494 3614 ἀνάγκης
1535 3539 1570 3606 ἡ
1603 3533 1785 3610 ἔξαψις
1818 3559 1955 3610 συμ-

297 3622 498 3684 ϐαίνει.
541 3628 602 3683 Ὀ
662 3625 720 3682 δὲ
777 3626 980 3690 κύκλος
1004 3625 1167 3681 αὐτοῦ
1213 3621 1523 3698 συμϐάλλει
1581 3626 1716 3681 κατά
1759 3647 1817 3681 τε
1863 3627 1952 3681 τὸν

373 3718 394 3744 ν
663 3715 677 3733 ς
795 3715 806 3731 ι
914 3713 936 3733 α
971 3713 1024 3734 αι
1283 3716 1290 3733 ρ
1337 3737 1356 3746 _
1428 3713 1462 3746 χ
1517 3713 1540 3733 κ
1654 3716 1704 3746 ι,
1860 3715 1878 3736 ι
1922 3715 1934 3736 ρ

288 3715 530 3787 Τοςότην
590 3737 679 3770 και
727 3737 854 3778 τους
910 3729 1195 3788 οιουμους,
1257 3718 1390 3790 ἅπερ
1425 3735 1484 3770 εκ.
1513 3731 1807 3792 οιαμειρου
1830 3736 1952 3770 εισι.

292 3807 400 3860 Καὶ
455 3803 547 3859 ’ἱνα
603 3805 666 3860 τὸ
699 3805 858 3882 σαφὲς
888 3800 990 3880 ἔχῃ
1044 3807 1071 3859 ὁ
1112 3805 1499 3880 ἀναγινώσκων
1533 3805 1656 3878 περί
1685 3825 1744 3859 τε
1773 3807 1955 3878 κομή-

293 3916 397 3950 του
455 3895 544 3948 καὶ
604 3893 890 3965 Γαλαξίου,
947 3892 1284 3968 γινωσκέτω,
1331 3894 1412 3947 δτι
1468 3892 1622 3956 εὐθὺς
1688 3895 1820 3966 μετά
1856 3894 1954 3962 τὴν

295 3983 540 4054 σελήνην
600 3987 759 4057 σῶμα
789 3981 955 4051 ἐστὶν,
1007 3981 1066 4037 ού
1099 3984 1346 4058 καθαρῶς
1402 3983 1493 4055 μὲν
1525 3986 1652 4055 πῦρ,
1684 3980 1810 4037 ἀλλ’
1841 3985 1955 4037 οἷον

296 4069 584 4135 καπνῶδες
643 4073 734 4127 καὶ
795 4069 1089 4146 δυνάμενον
1154 4072 1257 4126 ὑπὸ
1315 4073 1583 4141 κινήσεως
1645 4070 1958 4148 ἐξαφθῆναι,

295 4165 425 4218 ὅταν
462 4163 555 4236 μέν
597 4163 871 4233 κινηθέντι
926 4162 1090 4235 μέρος
1135 4164 1232 4215 τοῦ
1264 4159 1678 4234 ὑπεκκαύματος
1733 4160 1958 4236 ἐξαφθῇ,

293 4252 388 4308 καὶ
450 4251 677 4325 ἐμπέσοι
728 4251 805 4314 εἰς
841 4251 1070 4326 μερικὴν
1101 4254 1333 4325 παχεῖαν
1390 4247 1526 4318 ὕλην
1557 4250 1648 4303 καὶ
1681 4247 1960 4330 ἐπισταίη⁹

294 4345 448 4395 ποιεῖ
501 4342 776 4414 κομήτην
839 4341 964 4395 ὅταν
1022 4337 1079 4394 δὲ
1136 4339 1211 4400 εἷς
1270 4338 1399 4393 ὅλον
1429 4337 1634 4393 κύκλον
1683 4335 1961 4414 διενεχθῇ,

297 4435 451 4485 ποιεῖ
504 4431 594 4485 τὸν
651 4429 938 4502 Γαλαξίαν.
999 4427 1254 4484 Φαίνεται
1314 4425 1370 4482 δὲ
1422 4427 1638 4494 λευκὸς,
1672 4424 1810 4482 διότι
1845 4431 1962 4483 οἷον

299 4518 646 4597 ὲξαιρρίζεται
701 4518 804 4574 ὑπὸ
878 4525 980 4588 τῆς
1035 4519 1298 4589 κινήσεως
1359 4519 1420 4571 τὸ
1489 4515 1811 4591 ὑπέκκαυμα
1869 4515 1961 4572 καὶ

303 4606 751 4664 ὑπολευκαίνεται
762 4651 774 4664 .

303 4716 403 4790 ρα’.
439 4715 568 4791 Περὶ
598 4719 704 4770 τῶν
738 4712 1075 4794 φαινομένων
1117 4711 1168 4767 ἐν
1197 4716 1278 4794 τξξ)
1308 4711 1517 4787 οὐρανῷ
1548 4709 1822 4792 διαφόρων
1855 4734 1955 4768 πυ-

873 4784 952 4862 ρ’ίν
961 4809 1033 4841 ων
1067 4784 1384 4863 φασμάτωνζ

371 4871 871 4955 Ἐκφλογρύμενοιη
903 4876 978 4939 ὡς
1018 4873 1335 4951 εἰρήκαμεν,
1392 4873 1457 4929 τὸ
1509 4873 1849 4948 ὑπέκκαυμα,
1908 4872 1957 4929 εἴ

299 4963 390 5019 καὶ
447 4959 587 5020 κατᾶ
645 4972 821 5039 μῆκος
884 4962 1050 5038 μόνον
1121 4962 1345 5042 ἐξαφθῇ,
1402 4962 1492 5017 καὶ
1550 4965 1756 5038 ποιήσῃ
1817 4963 1957 5017 ἀπο-

303 5053 774 5129 σπινθηρισμοὺς,
835 5055 889 5109 αἱ
947 5050 1243 5130 λεγόμεναι
1303 5053 1446 5128 αἶγες
1500 5051 1756 5127 γίνονται,
1812 5051 1956 5126 μαλ-

304 5137 424 5204 λοῖς
496 5141 598 5218 γὰρ
680 5141 996 5220 έκκρεμέσιν
1077 5143 1130 5196 οἱ
1207 5141 1708 5218 ἀποσπινθηρισμοὶ
1783 5141 1958 5197 ἐοίκα-

305 5249 406 5289 σιν.
450 5230 517 5285 Ei’
571 5229 628 5286 δὶ
683 5233 748 5287 οὐ
806 5233 1012 5304 ποιήσῃ
1041 5230 1546 5306 ἀποσπινθηρισμὸν
1586 5230 1650 5286 τὸ
1679 5230 1815 5286 κατά
1847 5238 1954 5305 μῆ-

303 5339 402 5383 κος
464 5318 705 5396 ἐξαφθὲν,
742 5319 908 5383 δαλὸς
941 5318 1030 5374 διὰ
1058 5320 1121 5374 τὸ
1177 5326 1372 5395 σχῆμα
1400 5323 1854 5392 κατονομάζεται.
1887 5321 1955 5378 Οἱ

305 5403 362 5462 δὲ
419 5409 739 5485 φαινόμενοι
794 5410 1084 5472 πίπτοντες
1141 5407 1355 5482 ἀστέρες
1390 5454 1404 5477 ,
1462 5406 1556 5470 οὕς
1642 5405 1954 5472 διάττοντας

303 5497 331 5552 ὁ
386 5498 772 5575 Ἀριστοτέλης
822 5497 1000 5568 καλεῖ,
1062 5496 1276 5573 σπέρμα
1325 5495 1435 5551 ἐστὶ
1495 5497 1688 5572 πυρὸς,
1717 5497 1954 5575 ἐξαφθεί-

304 5605 403 5658 σης
459 5587 596 5642 κατά
651 5610 702 5644 τι
764 5587 930 5665 μέρος
985 5593 1084 5657 τῆς
1135 5583 1456 5648 καπνώδους
1522 5585 1954 5662 ἀναθυμιάσεως,

299 5674 389 5730 καὶ
450 5676 588 5732 κατὰ
640 5675 880 5734 διάδοσιν
912 5720 928 5751 ,
984 5673 1220 5754 πλαγίαν
1276 5675 1656 5749 ποιησαμένης
1704 5673 1952 5748 κίνησιν·

2085 562 2314 618 quoque
2345 563 2412 602 ex
2444 546 2655 602 iisdem
2705 553 2972 606 constare
3001 551 3205 607 docet:
3255 557 3483 610 tantum
3509 556 3738 614 differre

2086 633 2147 690 in
2194 651 2282 701 eo,
2317 637 2471 707 quod
2504 653 2748 710 corpora
2775 639 3076 695 terrestria
3125 657 3190 699 ex
3225 643 3618 701 deterioribus
3672 663 3739 702 ac

2083 721 2262 778 veluti
2285 723 2672 781 crassioribus
2697 728 2954 799 etmagis
2985 730 3385 786 materialibus
3417 731 3737 789 elemento-

2086 827 2216 867 rum
2250 812 2516 884 partibus
2547 814 2874 886 composita
2906 817 3044 886 sint,
3098 819 3308 874 coelum
3349 837 3481 877 vero
3505 838 3571 877 cx
3603 823 3740 878 sub-

2083 909 2380 966 tilioribus
2438 917 2496 968 et
2551 912 2936 971 lucidioribus
2994 917 3388 974 substantiam
3423 920 3731 991 acceperit.

2081 998 2423 1056 Aristoteles
2480 1002 2621 1056 dum
2663 1003 2870 1068 sumit,
2929 1004 3212 1062 elementa
3269 1011 3520 1078 quatuor
3577 1012 3734 1064 recto

2082 1092 2245 1142 motu
2281 1089 2773 1163 ferri,cmlumque
2806 1093 3185 1160 circulari,ex
3214 1097 3445 1152 diversa
3474 1097 3732 1153 motione

2081 1177 2257 1233 etiam
2298 1179 2589 1236 diversam
2630 1198 2663 1236 a
2703 1184 2959 1253 quatuor
3006 1181 3304 1241 elementis
3334 1186 3730 1244 substantiam

2079 1273 2209 1344 ejus
2237 1275 2891 1350 concludit,ecslumque
2913 1284 2970 1335 et
2999 1279 3192 1336 sidera
3214 1283 3285 1337 ad
3317 1281 3514 1339 lunam
3540 1300 3729 1356 usque

2078 1364 2352 1420 aetherem
2382 1370 2441 1422 et
2471 1366 2743 1438 quintum
2775 1385 2987 1440 corpus
3020 1369 3300 1442 appellat.

2305 1665 2393 1720 89.
2425 1667 2488 1721 In
2517 1671 2646 1738 quot
2675 1668 2906 1723 circulos
2931 1669 3128 1724 caelum
3155 1668 3436 1727 dividatur
3463 1670 3492 1726 ?

2148 1761 2575 1836 leum_variis
2614 1766 2849 1822 circulis
2905 1767 3304 1824 distinxerunt
3363 1769 3722 1842 philosophi,

2077 1868 2328 1924 quorum
2361 1853 2588 1926 primus
2621 1860 2711 1911 est
2740 1862 3016 1927 aequator,
3053 1857 3151 1930 qui
3183 1857 3443 1914 medium
3475 1859 3622 1914 illud
3661 1861 3724 1916 in

2076 1943 2393 1998 australem
2425 1947 2482 1999 et
2537 1945 3047 2016 septentrionalem
3108 1951 3333 2018 partem
3376 1947 3604 2004 dividit.
3639 1949 3724 2004 Ab

2075 2029 2185 2086 hoc
2207 2031 2480 2104 deinceps
2511 2049 2579 2088 ex
2609 2038 2857 2105 utraque
2887 2037 3050 2106 parte
3081 2036 3152 2091 ad
3185 2037 3448 2092 dextram
3482 2037 3723 2109 quidem

2075 2121 2364 2190 tropicum
2398 2123 2662 2178 aestivum
2693 2127 2750 2178 et
2781 2123 3068 2180 circulum
3100 2126 3380 2181 arctieum
3414 2126 3726 2195 collocant,

2075 2209 2146 2263 ad
2170 2209 2412 2266 sinistra
2431 2211 2722 2283 tropicum
2772 2213 3114 2280 australem,
3143 2214 3547 2288 eirculumque
3596 2221 3726 2272 ant-

2075 2298 2379 2355 arcticum.
2411 2299 2606 2356 Alium
2639 2301 2856 2356 iterum
2887 2302 3177 2375 efﬁngunt
3229 2303 3513 2361 circulum
3546 2305 3725 2361 meri-

2074 2387 2338 2456 dianum,
2363 2389 2437 2445 ab
2467 2390 2688 2446 oriente
2719 2391 2791 2446 ad
2841 2391 3201 2448 occidentem
3256 2410 3446 2465 usque
3503 2395 3725 2466 pertin'

2072 2481 2303 2550 gentem
2335 2499 2348 2547 ;
2375 2484 2542 2550 atque
2565 2488 2790 2536 sextum
2814 2480 3096 2537 circulum
3119 2482 3511 2554 quinquejam
3536 2483 3724 2540 dictos

2071 2571 2392 2634 secantem,
2455 2570 2920 2642 matutinamque
2971 2587 3036 2625 ac
3065 2572 3458 2643 vespertinam
3497 2575 3722 2645 partem

2071 2657 2371 2728 mqualiter
2409 2658 2765 2714 dividentem
2825 2659 3190 2716 horizontem
3251 2662 3372 2717 sive
3429 2661 3724 2719 ﬁnitorem

2071 2745 2387 2818 appellant,
2444 2763 2561 2819 quo
2595 2748 2711 2804 duo
2769 2749 3185 2822 hemisphaeria
3215 2750 3675 2823 distinguuntur
3705 2769 3721 2821 ;

2071 2837 2385 2907 septimum
2414 2838 2666 2909 denique
2695 2838 2998 2895 zodiacum
3028 2839 3404 2912 incipientem
3437 2857 3471 2895 a
3499 2839 3722 2911 tropico

2069 2925 2288 2994 aestivo,
2320 2932 2734 3000 secantemque
2764 2934 3136 3000 cequatorem,
3169 2933 3344 3002 atque
3393 2930 3450 2986 in
3501 2929 3724 3003 tropico

2069 3015 2313 3069 australi
2347 3015 2737 3072 desinentem.

2219 3122 2309 3176 90.
2333 3124 2408 3178 De
2428 3121 2639 3178 circulo
2673 3122 2847 3178 lacteo
2878 3125 2938 3180 in
2969 3124 3123 3192 caelo,
3145 3125 3260 3180 sive
3283 3123 3543 3180 Galaxia.

2138 3284 2290 3349 Quod
2322 3289 2549 3340 cometa
2573 3288 2663 3340 est
2692 3283 2752 3339 in
2784 3301 2900 3340 una
2926 3284 3230 3355 stella,hoe
3261 3285 3499 3341 Galaxia
3529 3289 3619 3341 est
3651 3286 3712 3342 in

2062 3377 2182 3430 toto
2203 3373 2438 3430 circulo.
2474 3375 2688 3430 Eadem
2746 3375 2904 3430 enim
2937 3378 3174 3430 cometae
3207 3379 3265 3431 et
3311 3374 3482 3432 lactei
3513 3375 3719 3432 circuli

2064 3463 2418 3529 substantia,
2439 3481 2503 3519 ac
2533 3465 2672 3535 quia
2696 3464 2990 3520 maximus
3016 3471 3106 3520 est
3135 3465 3397 3520 circulus
3428 3465 3715 3536 Galaxias,

2067 3569 2302 3608 necesse
2320 3556 2696 3626 estmagnam
2713 3554 2791 3608 ibi
2814 3554 3154 3625 contingere
3169 3553 3714 3611 inﬂammationem.

2065 3641 2460 3714 Attingitvero
2474 3642 2728 3699 circulus
2759 3643 2871 3699 iste
2895 3643 3719 3716 Sagittarium,Geminosque,

2068 3732 2168 3803 qui
2200 3749 2230 3787 e
2259 3731 2546 3788 diametro
2580 3732 2691 3788 sibi
2723 3737 3120 3805 opponuntur.
3173 3736 3362 3804 Atque
3403 3737 3464 3788 ut
3493 3733 3716 3802 lectori,

2067 3820 2222 3892 quod
2247 3821 2317 3876 de
2348 3825 2574 3876 cometa
2602 3826 2658 3876 et
2715 3821 2952 3877 Galaxia
3011 3821 3148 3887 dixi,
3183 3823 3558 3893 perspicuum
3616 3823 3713 3893 sit,

2068 3909 2223 3963 norit
2253 3910 2363 3965 sub
2396 3910 2536 3965 luna
2565 3926 2693 3966 esse
2751 3927 2989 3982 corpus,
3031 3927 3144 3965 non
3204 3927 3416 3981 purum
3479 3911 3717 3982 quidem

2069 3998 2284 4070 ignem,
2335 3999 2434 4054 sed
2482 3998 2660 4054 veluti
2695 3999 2992 4071 fumigans
3042 3998 3276 4070 aliquod
3337 4003 3719 4071 aptumquea

2071 4089 2326 4143 motione
2359 4089 2660 4144 ﬂammam
2693 4089 3020 4159 concipere.
3072 4088 3313 4151 Quando
3343 4088 3524 4160 igitur
3581 4106 3717 4162 pars

2070 4177 2293 4248 agitata
2341 4177 2560 4233 fomitis
2583 4177 2741 4232 illius
2757 4177 3483 4251 succenditur,ineiditque
3507 4179 3566 4233 in
3592 4196 3716 4251 par-

2071 4267 2377 4322 tieularem
2411 4266 2715 4322 materiam
2749 4282 3009 4321 crassam
3042 4280 3292 4336 eamque
3321 4267 3717 4338 accenditgco-

2073 4359 2291 4410 metam
2317 4355 2455 4410 facit
2489 4381 2503 4423 ;
2534 4355 2768 4426 quando
2788 4360 2981 4410 autem
3008 4372 3108 4427 per
3136 4359 3316 4410 totum
3339 4355 3590 4411 infertur
3609 4356 3719 4410 eir-

2074 4443 2296 4510 culum,
2357 4444 2494 4499 facit
2550 4443 2874 4512 Galaxiam,
2925 4444 3028 4516 qui
3083 4444 3374 4499 candidus
3425 4449 3714 4517 apparet;

2075 4534 2353 4604 quoniam
2387 4551 2421 4590 a
2451 4533 2710 4590 motione
2741 4533 2923 4589 fomes
2946 4532 3043 4590 ille
3073 4532 3252 4589 veluti
3283 4538 3542 4606 spumat,
3576 4531 3719 4589 albi-

2067 4626 2293 4693 eatque.

2259 4712 2349 4768 91.
2383 4712 2460 4767 De
2491 4711 2622 4768 visis
2640 4712 2809 4767 variis
2849 4714 2908 4767 in
2936 4712 3068 4768 casto
3098 4711 3516 4784 apparentibus.

2136 4876 2466 4929 Succensus
2496 4877 2561 4928 ut
2587 4873 2702 4928 dixi
2727 4873 3262 4944 fomes,quando,in
3286 4872 3526 4945 longum
3543 4876 3715 4933 modo

2068 4963 2368 5018 flammam
2392 4961 3334 5034 eoneipit,emittitqucigniculos,
3369 4963 3714 5036 ﬁunteapraa

2068 5068 2215 5123 quas
2249 5055 2478 5121 vocant,
2509 5050 2666 5106 villis
2692 5051 2848 5107 enim
2866 5050 3334 5121 dependentibus
3366 5050 3450 5106 illi
3471 5052 3716 5124 igniculi

2069 5157 2182 5196 non
2202 5139 2518 5196 dissimiles
2532 5141 2757 5197 sunt.Si
2774 5157 2904 5196 vero
2922 5140 2978 5194 in
2993 5139 3232 5212 longum
3247 5142 3713 5198 suecensusnul-

2066 5229 2154 5285 las
2169 5229 2620 5286 scintillationes
2634 5229 2882 5299 emittat,
2899 5247 2932 5285 a
2946 5229 3059 5301 ﬁgu
3070 5247 3132 5285 ra
3147 5227 3442 5300 appellant
3461 5231 3711 5289 trabem.

2064 5321 2136 5375 At
2156 5335 2284 5390 qua:
2317 5319 2523 5374 cadere
2591 5318 2866 5374 videntur
2921 5319 3128 5387 stellae,
3161 5319 3560 5376 discurrentes
3589 5320 3712 5376 Ari-

2067 5407 2304 5465 stoteles
2327 5412 2511 5476 vocat,
2547 5424 2748 5465 semen
2781 5407 2842 5463 in
2871 5425 2934 5464 se
2966 5407 3120 5481 ignis
3162 5407 3400 5481 habent,
3429 5426 3714 5468 succense

2066 5515 2134 5554 ex
2164 5502 2326 5567 parte
2360 5496 2641 5570 fuliginea
2671 5514 2907 5569 vapore,
2941 5503 2998 5554 et
3029 5498 3166 5553 dum
3224 5503 3490 5571 augetur,
3522 5503 3715 5555 trans-

2063 5603 2292 5644 versam
2326 5586 2575 5643 facicnte
2601 5588 2940 5644 motionem.
2960 5586 3253 5660 Obliquus
3284 5592 3482 5645 autem
3514 5591 3714 5644 motus

2065 5676 2129 5730 ﬁt
2160 5678 2400 5747 propter
2429 5675 2605 5731 aliam
2637 5677 3142 5748 causam,quando
3164 5674 3445 5731 nimirum
3479 5675 3713 5745 refrige-
