4046 6144
323 305 442 364 ’743

1665 291 2084 354 MICHAELIS
2129 251 2414 362 PSELLII

3621 305 3739 366 74L

325 436 545 492 ratione
573 429 1116 502 trudente,obliqua
1140 429 1326 500 ﬁgura
1357 425 1793 483 redditur.Cum
1818 426 1973 480 enim

2095 429 2230 499 Δοξὴ
2291 427 2348 486 δὲ
2397 433 2604 506 γίνεται
2660 435 2694 504 ἡ
2763 432 2977 504 κίνησις
3031 430 3100 488 δι’
3145 431 3320 489 αίτίαν
3349 434 3555 508 ἑτέραν,
3616 437 3738 491 ὅταν

324 541 497 580 omne
523 525 774 592 desuper
801 521 1084 574 emissum
1119 516 1396 572 inferiora
1426 519 1605 586 petat,
1629 513 1784 585 ignis
1841 530 1974 569 vero

320 620 534 670 natura
556 612 768 667 habeat
787 615 850 664 ut
878 608 1081 662 tendat
1114 621 1368 672 sursum,
1397 603 1700 675 pressione
1735 607 1976 674 cogente

322 703 394 759 ad
425 701 703 758 inferiora
729 698 986 762 tendere,
1044 700 1102 751 et
1153 699 1365 750 natura
1415 693 1680 748 vicissim
1736 696 1979 764 cogente

323 809 559 848 sursum
585 789 1020 856 eniti,nascitur
1043 785 1218 839 mista
1239 784 1502 854 qumdam
1536 782 1710 837 veluti
1744 785 1801 836 et
1831 779 1977 835 obli-

327 898 444 955 qua
477 880 682 936 motio.

324 1078 412 1132 92.
452 1081 528 1132 De
555 1073 956 1146 apparentibus
986 1068 1678 1197 izzhcwtebsanguinolentz's
1707 1065 1976 1122 coloribus

977 1158 1006 1197 e
1095 1151 1196 1196 mtz
1237 1158 1317 1195 us.

977 1151 1026 1198 et
1057 1151 1317 1197 hiatwus.

395 1235 844 1309 Sanguinolenti
905 1232 1130 1288 colores
1184 1231 1242 1284 in
1302 1229 1446 1284 coelo
1507 1226 1975 1298 conspiciuntur,

324 1328 557 1396 quando
589 1326 777 1380 nubes
810 1325 979 1395 nigra
1008 1322 1078 1376 ad
1130 1321 1281 1375 latus
1313 1319 1634 1390 splendidae
1672 1317 1845 1372 nubis
1875 1333 1976 1370 ex-

323 1415 674 1484 stiterit,nec
705 1414 904 1468 minus
937 1410 1338 1483 quandoinfra
1355 1407 1723 1480 splendidam
1759 1405 1974 1460 nubem

324 1506 512 1560 nubes
545 1503 838 1576 nigricans
871 1500 1266 1570 colligitur.Ac
1290 1514 1424 1552 cum
1457 1496 1693 1568 quidem
1717 1495 1787 1550 ad
1820 1495 1976 1548 latus

324 1595 616 1658 consistit,
647 1600 788 1650 tunc
820 1593 1011 1647 visum
1044 1590 1182 1645 illud
1217 1589 1502 1660 contingit
1553 1603 1656 1659 per
1685 1586 1976 1641 retractio-

323 1701 458 1740 nem
491 1682 1027 1739 radiorum.Hiatus
1053 1696 1182 1734 vero
1205 1678 1324 1732 sive
1345 1677 1648 1732 chasmata
1672 1677 1976 1747 apparent,

323 1775 558 1846 quando
591 1773 753 1842 nigra
776 1771 1202 1843 splendidaque
1226 1770 1412 1822 nubes
1432 1767 1632 1821 eadem
1668 1764 1976 1835 superﬁcie

323 1863 446 1920 οωιὶ
478 1862 921 1924 consistunt,ita
954 1864 1016 1914 ut
1047 1859 1213 1929 nigra
1243 1856 1493 1910 interius
1523 1852 1974 1924 stel,splandida

323 1952 598 2007 exterius.
632 1951 796 2006 Tunc
829 1949 1044 2021 quippe
1087 1948 1251 2002 visus
1284 1949 1480 2000 uoster
1510 1943 1821 2015 splendida
1845 1958 1972 1996 ma-

323 2042 412 2112 gis
443 2044 763 2111 occupatus
792 2039 1137 2109 nigramque
1169 2035 1395 2090 tardius
1445 2031 1972 2104 comprehendens,

319 2129 552 2185 videtur
583 2127 695 2184 sibi
730 2127 950 2182 hiatum
983 2125 1355 2194 videre,quod
1378 2120 1970 2193 perimaginationem

319 2234 353 2274 a
386 2217 552 2289 nigro
585 2216 776 2272 colore
809 2217 1102 2285 ohjectam
1131 2213 1365 2268 accidit.

487 2323 576 2378 93.
619 2327 697 2377 De
722 2321 1110 2390 magnitudine
1157 2320 1311 2387 satis,
1347 2319 1499 2375 tunw
1528 2319 1580 2373 et
1611 2321 1791 2372 terra’.

391 2411 488 2468 Sol
520 2413 591 2468 ad
618 2416 833 2468 terram
869 2427 938 2466 ex
968 2409 1291 2464 Aristarchi
1327 2408 1406 2463 rei
1455 2407 1861 2463 astronomicae
1881 2422 1976 2478 pe-

321 2495 592 2556 ritissimi
626 2500 916 2568 sententia
949 2499 1226 2570 majorem
1253 2497 1533 2552 rationem
1567 2496 1768 2566 habet,
1793 2512 1970 2567 quam

323 2592 510 2646 sexies
537 2589 1065 2661 mille,octingenta
1095 2593 1151 2644 et
1167 2585 1632 2659 undesexaginta
1653 2585 1723 2640 ad
1746 2588 1970 2656 septem

325 2685 382 2736 et
411 2679 640 2750 viginti.
677 2680 1083 2750 Diameterque
1141 2677 1282 2732 solis
1315 2677 1384 2730 ad
1419 2680 1586 2730 terrae
1619 2674 1972 2728 diametrum

323 2769 606 2840 majorem
640 2768 816 2822 habet
845 2767 1128 2822 rationem
1155 2781 1330 2837 quam
1363 2764 1726 2835 undeviginti
1751 2763 1817 2816 ad
1838 2761 1970 2818 tria.

327 2861 612 2912 Praeterea
640 2856 925 2911 diamcter
949 2853 1087 2910 solis
1110 2856 1394 2909 diametro
1427 2853 1578 2907 lunas
1612 2852 1796 2922 major
1819 2849 1974 2922 plus-

325 2963 504 3017 quam
545 2945 946 3017 duodeviginti
977 2943 1224 3004 vicibus.
1253 2945 1319 2998 Et
1342 2941 1424 2998 sol
1468 2943 1536 2997 ad
1571 2941 1768 2996 lunam
1797 2941 1974 3010 majo-

323 3051 446 3090 rem
479 3034 658 3089 habet
690 3033 973 3088 rationem
1029 3048 1202 3104 quam
1229 3031 1545 3102 quinquies
1572 3029 1751 3101 mille,
1785 3030 1970 3084 octin-

325 3126 499 3198 genta
528 3127 586 3178 et
614 3123 850 3194 triginta
877 3123 992 3178 duo
1017 3123 1086 3176 ad
1113 3120 1458 3176 unumHazc
1483 3137 1595 3176 non
1625 3117 1973 3192 simpliciter

323 3214 403 3268 ita
433 3219 486 3267 et
517 3214 642 3267 sine
673 3213 1170 3268 demonstratione
1191 3211 1346 3283 apud
1397 3209 1718 3281 astrologos
1767 3224 1971 3281 propo-

325 3307 572 3368 nuntur,
606 3301 704 3357 sed
757 3301 1125 3373 geometricis
1156 3305 1212 3354 et
1232 3299 1576 3355 certissimis
1607 3299 1974 3354 demonstra-

323 3391 588 3448 tionibus
611 3391 978 3460 confirmata,
1003 3391 1074 3446 de
1103 3390 1321 3461 quibus
1341 3389 1532 3444 dicere
1565 3405 1675 3443 non
1708 3387 1872 3442 locus
1890 3391 1980 3442 est

325 3481 386 3537 in
428 3484 698 3552 praesenti
735 3507 748 3549 ;
787 3483 984 3552 itaque
1033 3481 1160 3547 tibi,
1223 3481 1542 3550 imperator
1587 3478 1975 3548 divinissime,

325 3573 755 3642 propositiones
793 3572 970 3626 hasce
988 3572 1114 3640 jam
1138 3571 1265 3624 sine
1295 3569 1795 3624 demonstratione
1826 3567 1976 3622 acci-

324 3675 460 3731 pere
492 3660 636 3715 satis
665 3659 862 3729 fuerit,
895 3659 1426 3716 demonstrationes
1459 3661 1653 3713 autem
1687 3657 1798 3712 alio
1825 3661 1976 3712 tem-

325 3764 462 3820 pore
495 3765 528 3804 a
557 3765 650 3804 me
683 3749 968 3820 requires.

841 3839 930 3893 94.
961 3839 1034 3894 De
1063 3838 1260 3909 eclipsi
1279 3837 1438 3893 satis.

408 3929 644 4000 Proprie
676 3927 838 3983 nulla
859 3932 949 3982 est
979 3927 1119 3983 solis
1149 3927 1410 3999 eclipsis,
1443 3942 1630 3998 neque
1669 3927 1824 3981 enim
1861 3943 1974 3981 un-

326 4037 498 4094 quam
531 4018 672 4075 solis
707 4017 902 4072 lumen
937 4017 1306 4085 obscuratur,
1341 4017 1438 4071 sed
1468 4016 1638 4072 modo
1671 4015 1840 4070 nobis
1883 4032 1974 4071 oc-

326 4107 676 4166 cultatur.ld
708 4123 839 4161 vero
868 4105 1098 4171 accidit,
1123 4105 1358 4172 quando
1393 4105 1450 4160 in
1487 4105 1655 4160 nodis
1688 4103 1974 4174 eclipticis

327 4199 468 4255 luna
497 4194 1061 4270 perpendiculariter
1089 4195 1242 4252 infra
1277 4195 1456 4250 solem
1511 4199 1792 4250 versatur.
1829 4197 1970 4248 Cum

325 4289 482 4344 enim
513 4287 654 4342 luna
683 4285 838 4340 intra
876 4301 983 4341 nos
1015 4285 1223 4353 simus,
1255 4284 1356 4339 illa
1400 4283 1587 4340 oculis
1620 4283 1838 4339 nostris
1878 4283 1972 4338 lu-

325 4395 458 4434 men
482 4375 620 4433 solis
650 4375 902 4431 occultat
933 4391 996 4430 ac
1017 4374 1290 4430 subducit
1314 4373 1596 4429 Caeterum
1630 4373 1971 4444 astronomi,

322 4485 536 4540 corpus
569 4465 722 4522 luna;
745 4463 1052 4520 duodecim
1086 4464 1288 4536 digitis
1324 4468 1754 4532 mensurantes,
1789 4463 1970 4516 inter-

2003 3166 2045 3234 Ο
2087 3131 2212 3194 ζονα
2271 3123 2437 3200 λόγον
2488 3119 2626 3200 ἔχει,

2126 3214 2139 3234 ν
2283 3213 2296 3228 ς
2349 3212 2418 3234 π-
2573 3209 2598 3224 υ

2092 515 2403 590 ὑποψύξεως
2435 521 2686 594 ὠθοῦσης
2713 523 2776 576 τὸ
2833 530 3028 598 σχῆμα
3083 524 3329 598 γένηται.
3365 521 3587 591 Ἐπειδὴ
3637 527 3740 601 γάρ

2085 611 2188 691 πᾶν
2247 609 2310 662 τὸ
2367 609 2561 666 ἄνωθεν
2624 613 3044 684 ἀκοντιζόμενον
3104 615 3251 666 κάτω
3287 613 3527 691 φέρεται,
3585 612 3740 688 φύσει

2088 690 2145 748 δὲ
2193 689 2308 770 ἔχει
2365 699 2426 754 τὸ
2472 698 2576 776 πῦρ
2608 701 2705 768 τήν
2739 699 2850 756 ἄνω
2882 702 3049 776 φορὰν
3085 689 3322 770 διώκειν,
3353 708 3452 772 τῆς
3487 701 3579 775 μὶν
3618 700 3742 766 θλί-

2088 785 2232 856 ψεως
2293 786 2379 842 ἐπὶ
2443 789 2511 842 τὰ
2581 789 2729 845 κάτω
2811 789 3143 866 βιαζομένης
3200 791 3470 868 φέρεσθαι,
3525 797 3626 860 τῆς
3685 789 3744 846 δὲ

2089 871 2298 948 φύσεως
2354 875 2441 931 ἐπὶ
2499 879 2566 932 τὰ
2623 876 2733 933 ἅνω
2790 878 3239 954 ἀναγκαζούσης,
3300 881 3412 933 οἷον
3463 879 3608 952 μίξις
3659 901 3744 942 τις

2088 961 2291 1036 γίνεται
2323 965 2412 1020 καὶ
2445 965 2578 1038 λοξή
2612 970 2646 1038 ἡ
2679 968 2912 1039 κίνησις.

2089 1054 2174 1129 ρβ’
2203 1056 2333 1130 Περὶ
2363 1062 2468 1112 τῶν
2503 1059 2846 1134 φαινομένων
2877 1057 2930 1112 ἐν
2961 1064 3040 1131 τῷ
3073 1059 3285 1134 οὐρανῷ
3308 1058 3623 1134 χρωμάτων
3657 1060 3743 1114 αἱ-

2547 1146 2812 1219 ματωδῶν
2845 1149 2933 1203 καὶ
2970 1149 3269 1223 χασμάτων
3281 1193 3291 1204 .

2160 1236 2452 1290 Φαίνονται
2501 1234 2791 1310 αἱματώδη
2825 1238 3099 1312 χρώματα
3129 1236 3286 1308 δῆθεν
3319 1237 3370 1292 ἐν
3397 1243 3479 1312 τῷ
3501 1237 3744 1314 οὐρανῷ,

2087 1322 2212 1378 ὅταν
2249 1322 2410 1399 μέγαν
2461 1325 2622 1403 νέφος
2672 1325 2747 1388 εἷς
2799 1326 2866 1380 τὰ
2916 1323 3122 1401 πλάγια
3170 1331 3268 1381 τοῦ
3311 1325 3569 1403 λαμπροῦ
3611 1349 3745 1404 τυγ-

2087 1415 2249 1488 χάνῃ·
2303 1415 2392 1469 καὶ
2427 1412 2590 1470 πάλιν
2639 1413 2763 1468 ὅταν
2795 1413 2951 1492 νέφος
2983 1414 3329 1492 μελάγχρουν
3357 1417 3611 1471 ὑποκάτω
3643 1421 3743 1471 τοῦ

2087 1503 2346 1575 λαμπροῦ
2379 1502 2696 1577 συναχθείη.
2731 1503 2886 1559 Ἀλλ’
2919 1503 2964 1558 εἶ
3003 1505 3096 1576 μὲν
3127 1504 3201 1566 εἷς
3229 1505 3293 1560 τὰ
3323 1503 3529 1580 πλάγια
3559 1501 3644 1575 εἷή
3677 1506 3744 1560 τὸ

2084 1592 2267 1669 νέφος,
2298 1591 2420 1646 τότε
2442 1589 2508 1660 δὴ
2549 1591 2684 1646 κατὰ
2716 1589 2998 1647 διάκλασιν
3059 1592 3238 1667 αὐγῶν
3271 1593 3472 1670 γίνεται
3533 1596 3567 1663 ἡ
3601 1592 3740 1669 δρα-

2087 1702 2186 1742 σις.
2231 1681 2492 1754 Χάσματα
2525 1677 2581 1735 δὲ
2612 1681 2876 1758 φαίνεται,
2911 1680 3035 1735 ὅταν
3067 1681 3128 1736 τὸ
3165 1681 3330 1753 μέλαν
3363 1684 3523 1760 νέφος
3553 1683 3738 1738 καὶτὸ

2006 1801 2054 1868 Β
2087 1770 2338 1844 λαμπρὸν
2399 1769 2450 1824 ἐν
2509 1774 2587 1841 τῷ
2617 1769 2763 1842 αὐτῷ
2822 1771 2950 1824 ὦσιν
2981 1769 3240 1844 ἐπιπέδῳ,
3283 1771 3461 1826 καὶτὸ
3495 1773 3588 1845 μὲν
3646 1772 3744 1845 μὲ-

2085 1859 2182 1913 λαν
2233 1853 2335 1912 ἔστι)
2367 1859 2724 1928 συνειστήκει,
2775 1859 2836 1913 τὸ
2890 1857 2946 1914 δὲ
2981 1857 3234 1934 λαμπρὸν
3279 1859 3398 1931 ἔξω.
3431 1865 3744 1930 Τηνικαῦτα

2085 1945 2204 2017 δὲὴ
2265 1945 2388 2020 ὄψις
2443 1951 2539 2000 τοῦ
2601 1948 2694 2019 μὲν
2755 1947 3015 2023 λαμπροῦ
3059 1946 3271 2020 μᾶλλον
3331 1945 3742 2023 ἀντιλαμϐανο-

2086 2035 2243 2108 μένη,
2301 2041 2402 2090 τοῦ
2433 2033 2491 2090 δὲ
2532 2033 2768 2108 μέλανος
2803 2034 3151 2113 βραδύτερον,
3184 2039 3373 2113 χάσμα
3405 2034 3555 2092 δοκεῖ
3583 2039 3740 2114 ὁρᾷν,

2081 2124 2212 2200 ὅπερ
2245 2127 2388 2200 παρᾶ
2415 2126 2513 2194 τὴν
2564 2125 2852 2203 φαντασίαν
2902 2131 2998 2180 τοῦ
3051 2126 3282 2199 μέλανος
3309 2126 3608 2202 χρώματος
3641 2126 3742 2201 γί-

2081 2235 2248 2271 νεται.

2207 2323 2303 2396 ρΥΙο
2335 2321 2462 2397 Περὶ
2494 2321 2748 2398 μεγέθους
2790 2321 2953 2392 ἡλίου
2983 2322 3072 2376 καὶ
3104 2319 3342 2394 σελήνης
3365 2323 3452 2376 καὶ
3486 2329 3607 2397 γῆς,

2153 2412 2208 2464 Ὃ
2260 2409 2422 2480 ἥλιος
2453 2411 2586 2486 πρὸς
2641 2413 2739 2481 τήν
2797 2414 2895 2487 γῆν
2947 2411 3080 2466 κατὰ
3131 2411 3221 2466 τὸν
3255 2411 3741 2487 ἀστρονομικὼτα-

2079 2521 2171 2554 τον
2231 2500 2616 2576 Ἀρίσταρχον,
2653 2497 2872 2572 μείζονα
2902 2497 3065 2573 λόγον
3121 2497 3238 2575 ἔχει
3338 2499 3396 2553 δν
3425 2500 3490 2552 τὰ
3523 2498 3738 2569 ἑξακο-

2081 2589 2242 2665 χίλια
2299 2588 2588 2642 ὀκτακόσια
2643 2590 2980 2658 πεντήκοντα
3039 2587 3224 2656 ἐννέα,
3286 2589 3424 2662 πρὸς
3477 2589 3544 2642 τὰ
3601 2587 3743 2642 ἑπτὰ

2081 2680 2170 2734 καὶ
2217 2674 2408 2734 εἶ’κοσι.
2459 2679 2522 2734 Ἣ
2552 2675 2608 2731 δὲ
2641 2674 2930 2753 διάμετρος
2961 2677 3124 2732 αὖτοῦ
3174 2678 3311 2751 πρὸς
3341 2685 3442 2747 τῆς
3469 2684 3572 2754 γῆς
3618 2673 3740 2732 διά-

2087 2789 2305 2842 μετρον,
2354 2768 2572 2840 μείζονα
2619 2767 2780 2843 λόγον
2836 2766 2972 2843 ἔχει,
3035 2769 3069 2837 ἢ
3105 2767 3162 2822 ὅν
3192 2769 3257 2823 τά
3290 2765 3571 2822 δεκαεννέα
3599 2768 3739 2844 πρὸς

2081 2857 2146 2912 τὰ
2191 2856 2334 2931 τρία.
2380 2855 2475 2910 Καὶ
2525 2855 2677 2920 αὖθις
2723 2859 2757 2926 ἡ
2819 2861 2914 2911 τοῦ
2967 2855 3131 2926 ἡλίου
3163 2854 3454 2932 διάμετρος
3483 2859 3581 2926 τῆς
3616 2853 3734 2910 δια-

2087 2944 2284 3021 μέτρου
2332 2952 2430 3014 τῆς
2473 2944 2732 3016 σελήνης,
2783 2946 2982 3018 μείζων
3041 2945 3180 3000 ἐστὶν
3338 2941 3740 3001 ὀκτωκαιδεκα-

2082 3033 2352 3092 πλασίων.
2413 3035 2516 3091 Καὶ
2575 3035 2740 3090 πάλιν
2775 3036 2802 3089 ὁ
2833 3033 2994 3104 ἥλιος
3043 3036 3180 3110 πρὸς
3211 3035 3309 3103 τὴν
3342 3033 3579 3104 σελήνην
3617 3034 3740 3107 μεί-

2688 3125 2722 3196 ﬁ
2755 3125 2812 3180 ’ὸν
2845 3124 2912 3179 τά
2970 3123 3147 3200 ,εωλβ
3197 3125 3334 3200 πρὸς
3359 3121 3438 3180 ἓν.
3469 3126 3654 3180 Ταῦτα
3685 3120 3744 3177 δὲ

2086 3214 2191 3289 οὐχ
2273 3212 2461 3275 ἁπλῶς
2539 3209 2710 3274 οὕτως
2779 3213 2870 3267 καὶ
2943 3211 3344 3274 ἀναποδείκτως
3416 3212 3567 3286 παρὰ
3621 3216 3740 3273 τοῖς

2086 3300 2444 3378 ἀστρολόγοις
2501 3301 2876 3378 προτείνεται,
2957 3299 3103 3357 ἀλλὰ
3163 3303 3298 3375 μετὰ
3353 3305 3738 3376 γεωμετρικῶν

2084 3391 2174 3446 καὶ
2231 3391 2688 3468 ἀναντιῤῥητικῶν
2739 3389 3086 3461 ἀποδείξεων.
3151 3393 3280 3465 Περὶ
3331 3391 3404 3445 ὧν
3439 3391 3502 3445 οὐ
3547 3390 3738 3465 καιρὸς

2085 3485 2171 3534 νῦν
2231 3479 2428 3556 λέγειν,
2481 3478 2627 3535 ἀλλὰ
2685 3478 2768 3551 τὺ,
2829 3479 3068 3534 (leuitate
3103 3478 3349 3555 βασιλεῦ,
3392 3481 3460 3534 τὰ
3488 3473 3740 3553 προϐλή-

2090 3589 2231 3642 ματα
2287 3567 2687 3632 ἀναποδείκτως
2737 3590 2795 3624 τε
2849 3570 2922 3631 ὡς
2973 3567 3281 3643 δεξάμενος,
3313 3569 3408 3632 τὰς
3439 3565 3740 3642 ἀποδείξεις

2085 3658 2303 3735 ὕστερον
2331 3657 2572 3730 ἐπιζήτει
2609 3679 2693 3730 με.

2499 3834 2596 3913 ρδ’.
2631 3837 2760 3913 Περὶ
2790 3834 3084 3910 ἐκλείψεως
3115 3835 3300 3906 ἡλίου.

2156 3926 2232 3984 Οὔ
2264 3929 2468 4002 κυρίως
2501 3920 2743 4000 ἔκλειψις
2793 3924 2880 3980 ἐπὶ
2909 3929 3006 3980 τοῦ
3061 3923 3221 3996 ἡλίου
3245 3923 3468 4000 γίνεται.
3503 3924 3580 3982 Οὐ
3635 3925 3739 4000 γὰρ

2085 4014 2323 4070 ἐκλείπει
2379 4015 2510 4070 ποτὲ
2559 4016 2620 4069 τὸ
2679 4013 2911 4084 ἡλιακὸν
2965 4019 3121 4084 φῶς,
3185 4012 3316 4069 ἀλλ’
3363 4013 3737 4085 ἐπισκότησις.

2082 4107 2480 4160 Ἐπισκοτεῖται
2561 4101 2637 4177 δὲ,
2712 4104 2836 4160 ὅταν
2911 4103 2964 4159 ἐν
3021 4111 3138 4167 τοῖς
3195 4102 3566 4169 ἐκλειπτικοῖς
3620 4125 3736 4158 συν-

2086 4191 2308 4267 δέσμοις
2355 4192 2488 4249 κατὰ
2539 4195 2762 4258 κάθετον
2811 4193 2958 4266 αὖτῷ
3007 4196 3042 4264 ἡ
3095 4191 3300 4264 σελήνη
3331 4194 3577 4270 γένηται.
3609 4192 3738 4248 Ὑπὸ

2081 4284 2284 4352 ταύτην
2333 4282 2432 4358 γάρ
2487 4281 2780 4337 οἷ’κοῦντων
2825 4285 3007 4356 ἡμῶν,
3071 4281 3365 4352 ἐπισκιάζει
3404 4288 3521 4346 τοῖς
3551 4281 3737 4356 ὄμμα-

2083 4393 2163 4426 σιν
2224 4373 2382 4444 ἡμῶν
2413 4372 2474 4425 τὸ
2507 4369 2735 4441 ἡλιακὸν
2762 4376 2897 4446 φῶς.
2931 4369 3081 4442 Πλὴν
3117 4369 3328 4426 δώδεκα
3352 4369 3645 4433 δακτῦλοις
3676 4371 3737 4426 τὸ

2084 4468 2242 4534 σῶμα
2313 4467 2412 4530 τῆς
2479 4459 2715 4531 σελήνης
2781 4457 3208 4536 διαμετροῦντος
3268 4461 3317 4514 οἱ
3378 4460 3734 4537 ἀστρονόμοι,

326 4539 464 4612 dum
501 4555 601 4611 toti
627 4553 788 4609 illius
813 4551 1060 4624 corpori,
1093 4552 1389 4608 interdum
1424 4551 1799 4624 paucioribus
1837 4551 1973 4623 digi-

2091 4549 2193 4603 ἔστι
2255 4549 2348 4622 μὲν
2406 4548 2492 4604 ὅτε
2521 4548 2601 4622 τῷ
2650 4548 2766 4622 ὅλῳ
2817 4555 2916 4619 τῆς
2946 4549 3183 4620 σελήνης
3212 4550 3424 4623 σώματι
3457 4551 3550 4611 τὰς
3579 4547 3738 4618 ἡλια-

322 4647 401 4702 tis
431 4645 629 4702 radios
651 4643 796 4699 solis
855 4641 1128 4713 intercipi
1169 4643 1503 4697 observant.
1550 4642 1793 4708 Quando
1821 4641 1976 4696 enim

323 4754 424 4809 per
454 4733 816 4806 superiorem
875 4731 1140 4803 apsidem
1201 4729 1323 4786 sive
1383 4735 1604 4803 partem
1637 4730 1838 4786 circuli
1886 4729 1978 4785 sui

325 4825 432 4880 soli
467 4823 788 4896 propiorem
825 4820 961 4876 luna
993 4821 1196 4889 fertur,
1232 4819 1442 4892 exigua
1501 4825 1664 4892 parte
1706 4837 1836 4875 eum
1873 4820 1975 4874 ob-

327 4915 601 4969 umbrare
625 4913 899 4976 videtun;
933 4925 1068 4964 cum
1107 4915 1304 4963 autem
1367 4908 1701 4964 inferiorem
1738 4909 1972 4980 transit,

326 5001 610 5070 siquidem
639 5005 781 5055 tunc
811 4999 1064 5054 maxima
1096 4997 1312 5054 nostris
1331 4997 1516 5053 oculis
1540 5002 1780 5070 apparet
1811 4997 1974 5069 luna,

325 5095 514 5146 totum
545 5089 801 5145 obstruit
832 5089 1038 5144 solem.

840 5195 929 5252 95.
965 5196 1036 5249 De
1069 5194 1264 5266 θείῳ.ςί
1293 5196 1456 5250 (tntae.

395 5283 768 5341 Deﬁcitluna
801 5285 1034 5355 quando
1067 5284 1122 5338 in
1187 5285 1454 5340 umbram
1515 5287 1680 5340 terra:
1741 5284 1969 5340 incidit.

324 5375 502 5429 Terra
531 5373 688 5426 enim
721 5391 750 5426 a
783 5372 906 5428 sole
965 5372 1302 5428 illuminata
1350 5375 1617 5429 umbram
1670 5375 1808 5430 facit
1855 5393 1966 5429 non

323 5461 973 5535 cylindril‘ormem,sivc
1003 5462 1195 5531 qualis
1229 5467 1316 5517 est
1338 5463 1528 5536 ﬁgura
1551 5463 1970 5533 columnze,sed

322 5570 448 5626 quae
482 5567 693 5606 conum
737 5550 929 5605 refert.
963 5555 1155 5604 Conus
1207 5569 1375 5620 porro
1427 5554 1548 5608 sive
1612 5554 1850 5608 trochus
1905 5571 1974 5610 ex

321 5641 526 5700 latiore
545 5639 672 5696 basi
696 5639 755 5693 in
781 5641 1014 5691 acutum
1040 5637 1279 5710 desinit,
1304 5639 1738 5714 talisqueterra:
1765 5643 1973 5700 umbra

2084 4637 2181 4700 κᾶς
2236 4637 2398 4714 αὐγάς
2449 4639 2938 4714 ἀντιφράττουσιν,
3003 4633 3114 4692 ἔστι
3195 4635 3254 4693 δὲ
3327 4637 3416 4693 ὅτε
3483 4635 3733 4693 ἐλάττοσι

2084 4726 2350 4784 κτοῦτων.
2407 4728 2536 4784 Ὃτε
2568 4728 2662 4799 μὲν
2723 4727 2826 4802 γὰρ
2853 4728 2950 4794 τήν
3007 4724 3356 4803 ὑψηλοτέραν
3389 4723 3557 4801 ἁψῖδα
3585 4729 3620 4795 ἡ
3646 4744 3734 4780 σε·

2087 4814 2228 4886 λήνη
2287 4814 2498 4892 φέρεται
2555 4816 2645 4870 καὶ
2701 4816 2802 4884 τήν
2854 4814 3162 4891 ἐγγίζουσαν
3217 4821 3295 4889 τῷ
3338 4811 3511 4888 ἡλίῳ,
3571 4813 3737 4890 ὀλίγῳ

2088 4903 2242 4982 ὣέρει
2294 4902 2446 4960 δοκεῖ
2499 4909 2688 4960 τοῦτον
2741 4903 3094 4974 ἐπισκιάζειν·
3158 4906 3280 4960 ὅταν
3336 4902 3393 4959 δὲ
3436 4905 3736 4978 κατώτερον

2086 4991 2494 5064 δίεισιτ,έπειδή
2531 4993 2826 5070 εὐμεγέθης
2855 4998 3150 5065 τηνικαῦτα
3169 4999 3286 5056 τοῖς
3313 4991 3556 5068 ὄμμασιν
3578 4994 3733 5068 ἡμῶν

2085 5083 2368 5157 ἐμπίπτει,
2402 5081 2610 5138 ἅπαντα
2635 5083 2727 5138 τὸν
2755 5081 2918 5153 ἥλιον
2951 5083 3348 5160 ἀντιφράττειν.

2471 5193 2570 5264 με’.
2609 5191 2738 5267 Περί
2767 5189 3058 5266 ἐκλείψεως
3094 5191 3353 5262 σελήνης.

2153 5278 2427 5336 Ἐκλεῖπει
2483 5283 2518 5349 ἡ
2579 5278 2782 5350 σελήνη
2847 5280 2922 5342 εἷς
2982 5281 3042 5334 τὸ
3105 5287 3205 5349 τῆς
3255 5288 3356 5355 γῆς
3397 5279 3734 5353 ἐμπίπτουσα

2083 5368 2333 5442 σκίασμα·
2387 5370 2731 5446 φωτιζομένη
2783 5369 2884 5444 γὰρ
2919 5371 3024 5424 οπὸ
3055 5375 3150 5424 τοῦ
3184 5368 3351 5440 ἡλίου
3398 5373 3432 5440 ἡ
3464 5377 3560 5443 γῆ,
3587 5365 3732 5421 σκιὰν

2081 5463 2248 5528 ποιεῖ,
2281 5456 2404 5514 ἀλλ’
2449 5458 2516 5512 οὐ
2563 5455 2941 5533 κυλινδρικήν,
3006 5461 3126 5513 οἷον
3182 5459 3240 5514 τὸ
3271 5463 3367 5514 τοῖ’)
3398 5459 3578 5521 κίονος
3629 5449 3736 5510 ἐστῖ

2085 5554 2296 5622 σχῆμα,
2327 5545 2474 5602 ἀλλὰ
2502 5547 2988 5616 κωνοειδῆ.Κὼνος
3023 5545 3081 5602 δὲ
3113 5550 3140 5602 ὁ
3174 5543 3464 5620 στρόϐιλος
3500 5545 3733 5624 λέγεται,

2083 5646 2230 5710 ὅστις
2291 5647 2396 5702 ἀπὸ
2420 5645 2680 5710 πλατείας
2733 5648 2942 5724 βάσεως
2994 5646 3074 5712 εἷς
3133 5647 3224 5720 ὀξὺ
3284 5647 3579 5724 ἀπολήγει.
3610 5651 3731 5701 Τοι-
