  <div class='ocr_page' id='page_1' title='image "/cluster/home/n/w/nwhite01/storage/ocr_20150623/122 pt.2/mdp.39015037401315/380.png"; bbox 0 0 4046 6144; ppageno 0'>
   <div class='ocr_carea' id='block_1_1' title="bbox 320 313 437 371">
    <p class='ocr_par' dir='ltr' id='par_1_1' title="bbox 320 313 437 371">
     <span class='ocr_line' id='line_1_1' title="bbox 320 313 437 371; baseline 0.017 -2"><span class='ocrx_word' id='word_1_1' title='bbox 320 313 437 371; x_wconf 74' lang='grc'>745</span> 
     </span>
    </p>
   </div>
   <div class='ocr_carea' id='block_1_2' title="bbox 1500 309 2548 375">
    <p class='ocr_par' dir='ltr' id='par_1_2' title="bbox 1500 309 2548 375">
     <span class='ocr_line' id='line_1_2' title="bbox 1500 309 2548 375; baseline 0.002 -3"><span class='ocrx_word' id='word_1_2' title='bbox 1500 311 1601 372; x_wconf 86' lang='lat' dir='ltr'>DE</span> <span class='ocrx_word' id='word_1_3' title='bbox 1646 309 2081 372; x_wconf 81' lang='lat' dir='ltr'>OMNIFARIA</span> <span class='ocrx_word' id='word_1_4' title='bbox 2130 312 2548 375; x_wconf 81' lang='lat' dir='ltr'>DOCTBINA.</span> 
     </span>
    </p>
   </div>
   <div class='ocr_carea' id='block_1_3' title="bbox 3611 323 3733 384">
    <p class='ocr_par' dir='ltr' id='par_1_3' title="bbox 3611 323 3733 384">
     <span class='ocr_line' id='line_1_3' title="bbox 3611 323 3733 384; baseline 0.016 -2"><span class='ocrx_word' id='word_1_5' title='bbox 3611 323 3733 384; x_wconf 75' lang='lat'>746</span> 
     </span>
    </p>
   </div>
   <div class='ocr_carea' id='block_1_4' title="bbox 320 437 1955 527">
    <p class='ocr_par' dir='ltr' id='par_1_4' title="bbox 320 437 1955 519">
     <span class='ocr_line' id='line_1_4' title="bbox 320 437 1955 519; baseline -0.001 -22"><span class='ocrx_word' id='word_1_6' title='bbox 320 439 454 514; x_wconf 75' lang='grc' dir='ltr'>αὕτη</span> <span class='ocrx_word' id='word_1_7' title='bbox 518 437 576 497; x_wconf 69' lang='grc' dir='ltr'>δὲ</span> <span class='ocrx_word' id='word_1_8' title='bbox 622 443 657 513; x_wconf 80' lang='grc' dir='ltr'><strong>ἡ</strong></span> <span class='ocrx_word' id='word_1_9' title='bbox 714 446 815 513; x_wconf 79' lang='grc' dir='ltr'>τῆς</span> <span class='ocrx_word' id='word_1_10' title='bbox 872 448 975 519; x_wconf 81' lang='grc' dir='ltr'>γῆς</span> <span class='ocrx_word' id='word_1_11' title='bbox 1026 441 1135 497; x_wconf 74' lang='grc' dir='ltr'>έστι</span> <span class='ocrx_word' id='word_1_12' title='bbox 1193 442 1336 499; x_wconf 75' lang='grc' dir='ltr'>σκιά.</span> <span class='ocrx_word' id='word_1_13' title='bbox 1398 439 1699 497; x_wconf 74' lang='grc' dir='ltr'>ΔιότιὸταΛ</span> <span class='ocrx_word' id='word_1_14' title='bbox 1726 462 1777 496; x_wconf 90' lang='grc' dir='ltr'>τι</span> <span class='ocrx_word' id='word_1_15' title='bbox 1813 443 1955 514; x_wconf 69' lang='grc' dir='ltr'>σῶμα</span> 
     </span>
    </p>
   </div>
   <div class='ocr_carea' id='block_1_5' title="bbox 2068 437 3733 527">
    <p class='ocr_par' dir='ltr' id='par_1_5' title="bbox 2086 444 3733 527">
     <span class='ocr_line' id='line_1_5' title="bbox 2086 444 3733 527; baseline 0.009 -29"><span class='ocrx_word' id='word_1_16' title='bbox 2086 447 2196 499; x_wconf 92' lang='lat' dir='ltr'>est.</span> <span class='ocrx_word' id='word_1_17' title='bbox 2230 444 2373 500; x_wconf 90' lang='lat' dir='ltr'>Nam</span> <span class='ocrx_word' id='word_1_18' title='bbox 2408 447 2643 518; x_wconf 80' lang='lat' dir='ltr'>quando</span> <span class='ocrx_word' id='word_1_19' title='bbox 2666 448 2735 504; x_wconf 91' lang='lat' dir='ltr'>ab</span> <span class='ocrx_word' id='word_1_20' title='bbox 2769 447 3011 521; x_wconf 72' lang='lat' dir='ltr'>aequalis</span> <span class='ocrx_word' id='word_1_21' title='bbox 3034 450 3460 523; x_wconf 80' lang='lat' dir='ltr'>magnitudinis</span> <span class='ocrx_word' id='word_1_22' title='bbox 3492 469 3733 527; x_wconf 88' lang='lat' dir='ltr'>corpore</span> 
     </span>
    </p>
   </div>
   <div class='ocr_carea' id='block_1_6' title="bbox 324 528 1967 610">
    <p class='ocr_par' dir='ltr' id='par_1_6' title="bbox 324 528 1967 610">
     <span class='ocr_line' id='line_1_6' title="bbox 324 528 1967 610; baseline -0.002 -23"><span class='ocrx_word' id='word_1_23' title='bbox 324 532 428 588; x_wconf 85' lang='grc' dir='ltr'>ὑπὸ</span> <span class='ocrx_word' id='word_1_24' title='bbox 488 531 835 609; x_wconf 82' lang='grc' dir='ltr'>ἷσομεγέθους</span> <span class='ocrx_word' id='word_1_25' title='bbox 906 530 1205 610; x_wconf 75' lang='grc' dir='ltr'>φωτίζηται</span> <span class='ocrx_word' id='word_1_26' title='bbox 1282 532 1572 607; x_wconf 86' lang='grc' dir='ltr'>σώματος,</span> <span class='ocrx_word' id='word_1_27' title='bbox 1643 528 1967 604; x_wconf 85' lang='grc' dir='ltr'>κυλινδρικὴ</span> 
     </span>
    </p>
   </div>
   <div class='ocr_carea' id='block_1_7' title="bbox 318 618 1966 697">
    <p class='ocr_par' dir='ltr' id='par_1_7' title="bbox 318 618 1966 697">
     <span class='ocr_line' id='line_1_7' title="bbox 318 618 1966 697; baseline -0.001 -21"><span class='ocrx_word' id='word_1_28' title='bbox 318 621 519 697; x_wconf 75' lang='grc' dir='ltr'>γίνεται</span> <span class='ocrx_word' id='word_1_29' title='bbox 574 624 608 692; x_wconf 82' lang='grc' dir='ltr'>ὴ</span> <span class='ocrx_word' id='word_1_30' title='bbox 670 622 812 677; x_wconf 84' lang='grc' dir='ltr'>σκιά·</span> <span class='ocrx_word' id='word_1_31' title='bbox 875 620 997 678; x_wconf 76' lang='grc' dir='ltr'>ὅταν</span> <span class='ocrx_word' id='word_1_32' title='bbox 1061 620 1118 677; x_wconf 71' lang='grc' dir='ltr'>δὲ</span> <span class='ocrx_word' id='word_1_33' title='bbox 1169 622 1269 677; x_wconf 87' lang='grc' dir='ltr'>ὑπὸ</span> <span class='ocrx_word' id='word_1_34' title='bbox 1325 622 1594 697; x_wconf 81' lang='grc' dir='ltr'>μείζονος,</span> <span class='ocrx_word' id='word_1_35' title='bbox 1642 618 1966 690; x_wconf 76' lang='grc' dir='ltr'>κωνοειδής.</span> 
     </span>
    </p>
   </div>
   <div class='ocr_carea' id='block_1_8' title="bbox 318 708 1964 790">
    <p class='ocr_par' dir='ltr' id='par_1_8' title="bbox 318 708 1964 790">
     <span class='ocr_line' id='line_1_8' title="bbox 318 708 1964 790; baseline -0.002 -23"><span class='ocrx_word' id='word_1_36' title='bbox 318 710 527 781; x_wconf 80' lang='grc' dir='ltr'>Μιίζων</span> <span class='ocrx_word' id='word_1_37' title='bbox 580 709 672 767; x_wconf 82' lang='grc' dir='ltr'>οῦν</span> <span class='ocrx_word' id='word_1_38' title='bbox 704 712 731 766; x_wconf 86' lang='grc' dir='ltr'>ὁ</span> <span class='ocrx_word' id='word_1_39' title='bbox 762 708 925 781; x_wconf 75' lang='grc' dir='ltr'>ἥλιος</span> <span class='ocrx_word' id='word_1_40' title='bbox 971 718 1070 780; x_wconf 77' lang='grc' dir='ltr'>τῆς</span> <span class='ocrx_word' id='word_1_41' title='bbox 1099 710 1199 786; x_wconf 67' lang='grc' dir='ltr'>γῆς</span> <span class='ocrx_word' id='word_1_42' title='bbox 1230 708 1327 781; x_wconf 79' lang='grc' dir='ltr'>ὢν,</span> <span class='ocrx_word' id='word_1_43' title='bbox 1373 711 1462 766; x_wconf 85' lang='grc' dir='ltr'>καὶ</span> <span class='ocrx_word' id='word_1_44' title='bbox 1493 709 1742 790; x_wconf 77' lang='grc' dir='ltr'>φωτίζων</span> <span class='ocrx_word' id='word_1_45' title='bbox 1779 710 1964 779; x_wconf 72' lang='grc' dir='ltr'>αὐτὴν,</span> 
     </span>
    </p>
   </div>
   <div class='ocr_carea' id='block_1_9' title="bbox 316 799 1964 875">
    <p class='ocr_par' dir='ltr' id='par_1_9' title="bbox 316 799 1964 875">
     <span class='ocr_line' id='line_1_9' title="bbox 316 799 1964 875; baseline -0.001 -19"><span class='ocrx_word' id='word_1_46' title='bbox 316 802 557 870; x_wconf 75' lang='grc' dir='ltr'>κωνικήν</span> <span class='ocrx_word' id='word_1_47' title='bbox 614 805 763 856; x_wconf 87' lang='grc' dir='ltr'>ποιεῖ</span> <span class='ocrx_word' id='word_1_48' title='bbox 808 801 906 869; x_wconf 79' lang='grc' dir='ltr'>τήν</span> <span class='ocrx_word' id='word_1_49' title='bbox 937 802 1111 856; x_wconf 84' lang='grc' dir='ltr'>σκιάν.</span> <span class='ocrx_word' id='word_1_50' title='bbox 1161 803 1320 856; x_wconf 89' lang='grc' dir='ltr'>Ὅταν</span> <span class='ocrx_word' id='word_1_51' title='bbox 1375 799 1464 855; x_wconf 77' lang='grc' dir='ltr'>οῦν</span> <span class='ocrx_word' id='word_1_52' title='bbox 1495 799 1570 862; x_wconf 77' lang='grc' dir='ltr'>εἷς</span> <span class='ocrx_word' id='word_1_53' title='bbox 1626 800 1689 857; x_wconf 88' lang='grc' dir='ltr'>τὸ</span> <span class='ocrx_word' id='word_1_54' title='bbox 1739 807 1839 870; x_wconf 79' lang='grc' dir='ltr'>τῆς</span> <span class='ocrx_word' id='word_1_55' title='bbox 1865 806 1964 875; x_wconf 80' lang='grc' dir='ltr'>γῆς</span> 
     </span>
    </p>
   </div>
   <div class='ocr_carea' id='block_1_10' title="bbox 319 888 1966 967">
    <p class='ocr_par' dir='ltr' id='par_1_10' title="bbox 319 888 1966 967">
     <span class='ocr_line' id='line_1_10' title="bbox 319 888 1966 967; baseline -0.002 -22"><span class='ocrx_word' id='word_1_56' title='bbox 319 891 556 964; x_wconf 81' lang='grc' dir='ltr'>σκίασμα</span> <span class='ocrx_word' id='word_1_57' title='bbox 612 892 646 961; x_wconf 82' lang='grc' dir='ltr'>ἠ</span> <span class='ocrx_word' id='word_1_58' title='bbox 708 890 910 961; x_wconf 78' lang='grc' dir='ltr'>σελήνη</span> <span class='ocrx_word' id='word_1_59' title='bbox 969 888 1203 965; x_wconf 77' lang='grc' dir='ltr'>ἐμπέσῃ,</span> <span class='ocrx_word' id='word_1_60' title='bbox 1264 890 1482 967; x_wconf 83' lang='grc' dir='ltr'>ἀμαυρᾶ</span> <span class='ocrx_word' id='word_1_61' title='bbox 1534 892 1669 963; x_wconf 76' lang='grc' dir='ltr'>ἡμῖν</span> <span class='ocrx_word' id='word_1_62' title='bbox 1725 888 1966 966; x_wconf 64' lang='grc' dir='ltr'>φαίθεται</span> 
     </span>
    </p>
   </div>
   <div class='ocr_carea' id='block_1_11' title="bbox 316 978 1964 1056">
    <p class='ocr_par' dir='ltr' id='par_1_11' title="bbox 316 978 1964 1056">
     <span class='ocr_line' id='line_1_11' title="bbox 316 978 1964 1056; baseline -0.002 -21"><span class='ocrx_word' id='word_1_63' title='bbox 316 980 405 1035; x_wconf 88' lang='grc' dir='ltr'>καὶ</span> <span class='ocrx_word' id='word_1_64' title='bbox 456 984 570 1036; x_wconf 84' lang='grc' dir='ltr'>οἷον</span> <span class='ocrx_word' id='word_1_65' title='bbox 628 978 972 1036; x_wconf 71' lang='grc' dir='ltr'>ἐκλείπουσα.</span> <span class='ocrx_word' id='word_1_66' title='bbox 1034 979 1137 1037; x_wconf 88' lang='grc' dir='ltr'>Καὶ</span> <span class='ocrx_word' id='word_1_67' title='bbox 1197 981 1319 1035; x_wconf 81' lang='grc' dir='ltr'>ὅταν</span> <span class='ocrx_word' id='word_1_68' title='bbox 1384 981 1476 1054; x_wconf 73' lang='grc' dir='ltr'>μὲν</span> <span class='ocrx_word' id='word_1_69' title='bbox 1536 980 1613 1043; x_wconf 79' lang='grc' dir='ltr'>εἷς</span> <span class='ocrx_word' id='word_1_70' title='bbox 1655 980 1753 1048; x_wconf 81' lang='grc' dir='ltr'>τὴν</span> <span class='ocrx_word' id='word_1_71' title='bbox 1816 979 1964 1056; x_wconf 81' lang='grc' dir='ltr'>ῥίζαν</span> 
     </span>
    </p>
   </div>
   <div class='ocr_carea' id='block_1_12' title="bbox 318 1067 1966 1146">
    <p class='ocr_par' dir='ltr' id='par_1_12' title="bbox 318 1067 1966 1146">
     <span class='ocr_line' id='line_1_12' title="bbox 318 1067 1966 1146; baseline -0.002 -21"><span class='ocrx_word' id='word_1_72' title='bbox 318 1070 526 1146; x_wconf 79' lang='grc' dir='ltr'>ἐμπέσῃ</span> <span class='ocrx_word' id='word_1_73' title='bbox 586 1076 684 1140; x_wconf 81' lang='grc' dir='ltr'>τῆς</span> <span class='ocrx_word' id='word_1_74' title='bbox 737 1074 910 1136; x_wconf 84' lang='grc' dir='ltr'>σκιᾶς,</span> <span class='ocrx_word' id='word_1_75' title='bbox 967 1069 1192 1131; x_wconf 72' lang='grc' dir='ltr'>τελείως</span> <span class='ocrx_word' id='word_1_76' title='bbox 1247 1067 1538 1126; x_wconf 80' lang='grc' dir='ltr'>έκλείπτει.</span> <span class='ocrx_word' id='word_1_77' title='bbox 1572 1072 1731 1124; x_wconf 85' lang='grc' dir='ltr'>Ὅταν</span> <span class='ocrx_word' id='word_1_78' title='bbox 1780 1068 1835 1122; x_wconf 74' lang='grc' dir='ltr'>δὲ</span> <span class='ocrx_word' id='word_1_79' title='bbox 1891 1068 1966 1130; x_wconf 72' lang='grc' dir='ltr'>εἷς</span> 
     </span>
    </p>
   </div>
   <div class='ocr_carea' id='block_1_13' title="bbox 314 1155 1963 1239">
    <p class='ocr_par' dir='ltr' id='par_1_13' title="bbox 314 1155 1963 1239">
     <span class='ocr_line' id='line_1_13' title="bbox 314 1155 1963 1239; baseline -0.003 -23"><span class='ocrx_word' id='word_1_80' title='bbox 314 1163 414 1231; x_wconf 77' lang='grc' dir='ltr'>τὴν</span> <span class='ocrx_word' id='word_1_81' title='bbox 487 1161 753 1239; x_wconf 73' lang='grc' dir='ltr'>κορυφὴν,</span> <span class='ocrx_word' id='word_1_82' title='bbox 821 1155 1182 1234; x_wconf 83' lang='grc' dir='ltr'>ἀμυδροτέρα,</span> <span class='ocrx_word' id='word_1_83' title='bbox 1263 1156 1401 1214; x_wconf 85' lang='grc' dir='ltr'><strong>διότι</strong></span> <span class='ocrx_word' id='word_1_84' title='bbox 1482 1165 1581 1229; x_wconf 79' lang='grc' dir='ltr'>τῆς</span> <span class='ocrx_word' id='word_1_85' title='bbox 1637 1155 1963 1220; x_wconf 85' lang='grc' dir='ltr'>κωνοειδοῦς</span> 
     </span>
    </p>
   </div>
   <div class='ocr_carea' id='block_1_14' title="bbox 316 1245 1962 1326">
    <p class='ocr_par' dir='ltr' id='par_1_14' title="bbox 316 1245 1962 1326">
     <span class='ocr_line' id='line_1_14' title="bbox 316 1245 1962 1326; baseline -0.002 -21"><span class='ocrx_word' id='word_1_86' title='bbox 316 1254 468 1315; x_wconf 82' lang='grc' dir='ltr'>σκιᾶς</span> <span class='ocrx_word' id='word_1_87' title='bbox 521 1251 555 1321; x_wconf 75' lang='grc' dir='ltr'>η</span> <span class='ocrx_word' id='word_1_88' title='bbox 612 1248 705 1324; x_wconf 74' lang='grc' dir='ltr'>μὲν</span> <span class='ocrx_word' id='word_1_89' title='bbox 771 1249 924 1325; x_wconf 73' lang='grc' dir='ltr'>βάσις</span> <span class='ocrx_word' id='word_1_90' title='bbox 984 1245 1313 1325; x_wconf 74' lang='grc' dir='ltr'>πλατυτέρα,</span> <span class='ocrx_word' id='word_1_91' title='bbox 1369 1246 1523 1318; x_wconf 72' lang='grc' dir='ltr'>ἡδὶ</span> <span class='ocrx_word' id='word_1_92' title='bbox 1552 1248 1766 1326; x_wconf 77' lang='grc' dir='ltr'>κορυφή</span> <span class='ocrx_word' id='word_1_93' title='bbox 1834 1248 1962 1323; x_wconf 76' lang='grc' dir='ltr'>βραο</span> 
     </span>
    </p>
   </div>
   <div class='ocr_carea' id='block_1_15' title="bbox 315 1342 536 1417">
    <p class='ocr_par' dir='ltr' id='par_1_15' title="bbox 315 1342 536 1417">
     <span class='ocr_line' id='line_1_15' title="bbox 315 1342 536 1417; baseline 0.005 -22"><span class='ocrx_word' id='word_1_94' title='bbox 315 1342 536 1417; x_wconf 87' lang='grc' dir='ltr'>χυτέρα.</span> 
     </span>
    </p>
   </div>
   <div class='ocr_carea' id='block_1_16' title="bbox 774 1426 1499 1507">
    <p class='ocr_par' dir='ltr' id='par_1_16' title="bbox 774 1426 1499 1507">
     <span class='ocr_line' id='line_1_16' title="bbox 774 1426 1499 1507; baseline -0.003 -21"><span class='ocrx_word' id='word_1_95' title='bbox 774 1429 877 1507; x_wconf 57' lang='lat' dir='ltr'>l-Lq&#39;.</span> <span class='ocrx_word' id='word_1_96' title='bbox 920 1426 984 1486; x_wconf 78' lang='grc' dir='ltr'><strong>Εἰ</strong></span> <span class='ocrx_word' id='word_1_97' title='bbox 1026 1428 1224 1504; x_wconf 88' lang='grc' dir='ltr'>θερμὸς</span> <span class='ocrx_word' id='word_1_98' title='bbox 1257 1428 1284 1481; x_wconf 86' lang='grc' dir='ltr'>ὁ</span> <span class='ocrx_word' id='word_1_99' title='bbox 1314 1426 1499 1497; x_wconf 72' lang='grc' dir='ltr'>ἥλιος.</span> 
     </span>
    </p>
   </div>
   <div class='ocr_carea' id='block_1_17' title="bbox 384 1514 1961 1592">
    <p class='ocr_par' dir='ltr' id='par_1_17' title="bbox 384 1514 1961 1592">
     <span class='ocr_line' id='line_1_17' title="bbox 384 1514 1961 1592; baseline -0.003 -18"><span class='ocrx_word' id='word_1_100' title='bbox 384 1517 612 1574; x_wconf 81' lang='grc' dir='ltr'>Πλάτων</span> <span class='ocrx_word' id='word_1_101' title='bbox 654 1520 746 1591; x_wconf 73' lang='grc' dir='ltr'>μὲν</span> <span class='ocrx_word' id='word_1_102' title='bbox 796 1521 934 1574; x_wconf 79' lang='grc' dir='ltr'>ἅπαν</span> <span class='ocrx_word' id='word_1_103' title='bbox 986 1520 1047 1573; x_wconf 88' lang='grc' dir='ltr'>τὸ</span> <span class='ocrx_word' id='word_1_104' title='bbox 1087 1518 1325 1592; x_wconf 78' lang='grc' dir='ltr'>αἰθέριον</span> <span class='ocrx_word' id='word_1_105' title='bbox 1384 1520 1543 1592; x_wconf 85' lang='grc' dir='ltr'>σῶμα</span> <span class='ocrx_word' id='word_1_106' title='bbox 1573 1514 1634 1572; x_wconf 80' lang='grc' dir='ltr'>ἐκ</span> <span class='ocrx_word' id='word_1_107' title='bbox 1656 1516 1826 1591; x_wconf 86' lang='grc' dir='ltr'>πυρὸς</span> <span class='ocrx_word' id='word_1_108' title='bbox 1873 1514 1961 1570; x_wconf 85' lang='grc' dir='ltr'>καὶ</span> 
     </span>
    </p>
   </div>
   <div class='ocr_carea' id='block_1_18' title="bbox 308 1605 1960 1684">
    <p class='ocr_par' dir='ltr' id='par_1_18' title="bbox 308 1605 1960 1684">
     <span class='ocr_line' id='line_1_18' title="bbox 308 1605 1960 1684; baseline -0.002 -21"><span class='ocrx_word' id='word_1_109' title='bbox 308 1615 413 1684; x_wconf 84' lang='grc' dir='ltr'>γῆς</span> <span class='ocrx_word' id='word_1_110' title='bbox 460 1608 549 1663; x_wconf 80' lang='grc' dir='ltr'>καὶ</span> <span class='ocrx_word' id='word_1_111' title='bbox 602 1612 707 1662; x_wconf 80' lang='grc' dir='ltr'>τῶν</span> <span class='ocrx_word' id='word_1_112' title='bbox 769 1606 963 1682; x_wconf 78' lang='grc' dir='ltr'>ἐτέρων</span> <span class='ocrx_word' id='word_1_113' title='bbox 1025 1605 1119 1661; x_wconf 83' lang='grc' dir='ltr'>δύο</span> <span class='ocrx_word' id='word_1_114' title='bbox 1183 1606 1469 1682; x_wconf 78' lang='grc' dir='ltr'>στοιχείων</span> <span class='ocrx_word' id='word_1_115' title='bbox 1525 1607 1960 1674; x_wconf 78' lang='grc' dir='ltr'>κατασκευάζων,</span> 
     </span>
    </p>
   </div>
   <div class='ocr_carea' id='block_1_19' title="bbox 309 1692 1963 1773">
    <p class='ocr_par' dir='ltr' id='par_1_19' title="bbox 309 1692 1963 1773">
     <span class='ocr_line' id='line_1_19' title="bbox 309 1692 1963 1773; baseline -0.002 -20"><span class='ocrx_word' id='word_1_116' title='bbox 309 1697 534 1760; x_wconf 78' lang='grc' dir='ltr'>εἰκότως</span> <span class='ocrx_word' id='word_1_117' title='bbox 592 1695 653 1751; x_wconf 72' lang='grc' dir='ltr'>ἂν</span> <span class='ocrx_word' id='word_1_118' title='bbox 711 1694 837 1771; x_wconf 78' lang='grc' dir='ltr'>εἷ’πῃ</span> <span class='ocrx_word' id='word_1_119' title='bbox 870 1698 1065 1773; x_wconf 84' lang='grc' dir='ltr'>θερμὸν</span> <span class='ocrx_word' id='word_1_120' title='bbox 1105 1696 1199 1751; x_wconf 82' lang='grc' dir='ltr'>τὸν</span> <span class='ocrx_word' id='word_1_121' title='bbox 1254 1694 1438 1764; x_wconf 69' lang='grc' dir='ltr'>ἥλιον·</span> <span class='ocrx_word' id='word_1_122' title='bbox 1488 1695 1873 1769; x_wconf 72' lang='grc' dir='ltr'>Ἀριστοτέλης</span> <span class='ocrx_word' id='word_1_123' title='bbox 1906 1692 1963 1749; x_wconf 74' lang='grc' dir='ltr'>δὲ</span> 
     </span>
    </p>
   </div>
   <div class='ocr_carea' id='block_1_20' title="bbox 2082 532 3732 614">
    <p class='ocr_par' dir='ltr' id='par_1_20' title="bbox 2082 532 3732 614">
     <span class='ocr_line' id='line_1_20' title="bbox 2082 532 3732 614; baseline 0.008 -26"><span class='ocrx_word' id='word_1_124' title='bbox 2082 532 2331 590; x_wconf 88' lang='lat' dir='ltr'>alterum</span> <span class='ocrx_word' id='word_1_125' title='bbox 2360 534 2757 608; x_wconf 89' lang='lat' dir='ltr'>illuminatur,</span> <span class='ocrx_word' id='word_1_126' title='bbox 2786 537 2990 595; x_wconf 87' lang='lat' dir='ltr'>umbra</span> <span class='ocrx_word' id='word_1_127' title='bbox 3013 539 3205 612; x_wconf 88' lang='lat' dir='ltr'>prodit</span> <span class='ocrx_word' id='word_1_128' title='bbox 3229 541 3568 614; x_wconf 81' lang='lat' dir='ltr'>cylindrica,</span> <span class='ocrx_word' id='word_1_129' title='bbox 3601 548 3660 600; x_wconf 85' lang='lat' dir='ltr'>at</span> <span class='ocrx_word' id='word_1_130' title='bbox 3682 544 3732 601; x_wconf 89' lang='lat' dir='ltr'>si</span> 
     </span>
    </p>
   </div>
   <div class='ocr_carea' id='block_1_21' title="bbox 2080 624 3730 703">
    <p class='ocr_par' dir='ltr' id='par_1_21' title="bbox 2080 624 3730 703">
     <span class='ocr_line' id='line_1_21' title="bbox 2080 624 3730 703; baseline 0.007 -25"><span class='ocrx_word' id='word_1_131' title='bbox 2080 638 2113 678; x_wconf 94' lang='lat' dir='ltr'>a</span> <span class='ocrx_word' id='word_1_132' title='bbox 2144 624 2382 694; x_wconf 85' lang='lat' dir='ltr'>majore,</span> <span class='ocrx_word' id='word_1_133' title='bbox 2443 626 2805 683; x_wconf 88' lang='lat' dir='ltr'>coniformis.</span> <span class='ocrx_word' id='word_1_134' title='bbox 2855 628 2987 685; x_wconf 88' lang='lat' dir='ltr'>Jam</span> <span class='ocrx_word' id='word_1_135' title='bbox 3047 631 3236 701; x_wconf 83' lang='lat' dir='ltr'>major</span> <span class='ocrx_word' id='word_1_136' title='bbox 3281 631 3486 703; x_wconf 81' lang='lat' dir='ltr'>utique</span> <span class='ocrx_word' id='word_1_137' title='bbox 3516 636 3606 689; x_wconf 87' lang='lat' dir='ltr'>est</span> <span class='ocrx_word' id='word_1_138' title='bbox 3643 633 3730 689; x_wconf 89' lang='lat' dir='ltr'>sol</span> 
     </span>
    </p>
   </div>
   <div class='ocr_carea' id='block_1_22' title="bbox 2077 713 3727 791">
    <p class='ocr_par' dir='ltr' id='par_1_22' title="bbox 2077 713 3727 791">
     <span class='ocr_line' id='line_1_22' title="bbox 2077 713 3727 791; baseline 0.007 -23"><span class='ocrx_word' id='word_1_139' title='bbox 2077 713 2306 785; x_wconf 85' lang='lat' dir='ltr'>tellure,</span> <span class='ocrx_word' id='word_1_140' title='bbox 2329 715 2508 787; x_wconf 84' lang='lat' dir='ltr'>igitur</span> <span class='ocrx_word' id='word_1_141' title='bbox 2529 718 2667 773; x_wconf 91' lang='lat' dir='ltr'>dum</span> <span class='ocrx_word' id='word_1_142' title='bbox 2693 734 2821 774; x_wconf 90' lang='lat' dir='ltr'>eam</span> <span class='ocrx_word' id='word_1_143' title='bbox 2845 717 3433 791; x_wconf 90' lang='lat' dir='ltr'>illuminat,conioam</span> <span class='ocrx_word' id='word_1_144' title='bbox 3457 722 3727 780; x_wconf 80' lang='lat' dir='ltr'>umbram</span> 
     </span>
    </p>
   </div>
   <div class='ocr_carea' id='block_1_23' title="bbox 2077 803 3724 878">
    <p class='ocr_par' dir='ltr' id='par_1_23' title="bbox 2077 803 3724 878">
     <span class='ocr_line' id='line_1_23' title="bbox 2077 803 3724 878; baseline 0.007 -21"><span class='ocrx_word' id='word_1_145' title='bbox 2077 803 2523 869; x_wconf 83' lang='lat' dir='ltr'>efﬁcit.Quando</span> <span class='ocrx_word' id='word_1_146' title='bbox 2547 805 2727 875; x_wconf 84' lang='lat' dir='ltr'>igitur</span> <span class='ocrx_word' id='word_1_147' title='bbox 2756 806 2815 860; x_wconf 93' lang='lat' dir='ltr'>in</span> <span class='ocrx_word' id='word_1_148' title='bbox 2846 811 3011 863; x_wconf 64' lang='lat' dir='ltr'>terra;</span> <span class='ocrx_word' id='word_1_149' title='bbox 3035 810 3304 865; x_wconf 84' lang='lat' dir='ltr'>umbram</span> <span class='ocrx_word' id='word_1_150' title='bbox 3335 810 3724 878; x_wconf 87' lang='lat' dir='ltr'>inciditluna,</span> 
     </span>
    </p>
   </div>
   <div class='ocr_carea' id='block_1_24' title="bbox 2077 892 3723 968">
    <p class='ocr_par' dir='ltr' id='par_1_24' title="bbox 2077 892 3723 968">
     <span class='ocr_line' id='line_1_24' title="bbox 2077 892 3723 968; baseline 0.007 -23"><span class='ocrx_word' id='word_1_151' title='bbox 2077 892 2327 947; x_wconf 88' lang='lat' dir='ltr'>obscura</span> <span class='ocrx_word' id='word_1_152' title='bbox 2358 894 2501 948; x_wconf 87' lang='lat' dir='ltr'>fitac</span> <span class='ocrx_word' id='word_1_153' title='bbox 2534 895 2711 951; x_wconf 91' lang='lat' dir='ltr'>veluti</span> <span class='ocrx_word' id='word_1_154' title='bbox 2733 896 3106 952; x_wconf 85' lang='lat' dir='ltr'>deﬁciens.Et</span> <span class='ocrx_word' id='word_1_155' title='bbox 3132 900 3365 968; x_wconf 86' lang='lat' dir='ltr'>quando</span> <span class='ocrx_word' id='word_1_156' title='bbox 3386 899 3442 955; x_wconf 87' lang='lat' dir='ltr'>in</span> <span class='ocrx_word' id='word_1_157' title='bbox 3464 900 3723 957; x_wconf 88' lang='lat' dir='ltr'>radicem</span> 
     </span>
    </p>
   </div>
   <div class='ocr_carea' id='block_1_25' title="bbox 2078 979 3718 1058">
    <p class='ocr_par' dir='ltr' id='par_1_25' title="bbox 2078 979 3718 1058">
     <span class='ocr_line' id='line_1_25' title="bbox 2078 979 3718 1058; baseline 0.007 -24"><span class='ocrx_word' id='word_1_158' title='bbox 2078 979 2197 1035; x_wconf 84' lang='lat' dir='ltr'>sive</span> <span class='ocrx_word' id='word_1_159' title='bbox 2229 981 2561 1039; x_wconf 81' lang='lat' dir='ltr'>inferiorem</span> <span class='ocrx_word' id='word_1_160' title='bbox 2596 986 2818 1040; x_wconf 81' lang='lat' dir='ltr'>umbrae</span> <span class='ocrx_word' id='word_1_161' title='bbox 2850 986 3055 1041; x_wconf 89' lang='lat' dir='ltr'>incidit</span> <span class='ocrx_word' id='word_1_162' title='bbox 3084 991 3331 1058; x_wconf 89' lang='lat' dir='ltr'>partem,</span> <span class='ocrx_word' id='word_1_163' title='bbox 3358 988 3552 1044; x_wconf 87' lang='lat' dir='ltr'>deﬁcit</span> <span class='ocrx_word' id='word_1_164' title='bbox 3574 994 3718 1046; x_wconf 90' lang='lat' dir='ltr'>tota.</span> 
     </span>
    </p>
   </div>
   <div class='ocr_carea' id='block_1_26' title="bbox 2074 1070 3722 1147">
    <p class='ocr_par' dir='ltr' id='par_1_26' title="bbox 2074 1070 3722 1147">
     <span class='ocr_line' id='line_1_26' title="bbox 2074 1070 3722 1147; baseline 0.007 -23"><span class='ocrx_word' id='word_1_165' title='bbox 2074 1070 2145 1124; x_wconf 90' lang='lat' dir='ltr'>At</span> <span class='ocrx_word' id='word_1_166' title='bbox 2177 1073 2409 1141; x_wconf 86' lang='lat' dir='ltr'>quando</span> <span class='ocrx_word' id='word_1_167' title='bbox 2468 1072 2523 1127; x_wconf 91' lang='lat' dir='ltr'>in</span> <span class='ocrx_word' id='word_1_168' title='bbox 2577 1079 2798 1145; x_wconf 90' lang='lat' dir='ltr'>partem</span> <span class='ocrx_word' id='word_1_169' title='bbox 2848 1092 3204 1147; x_wconf 84' lang='lat' dir='ltr'>supremam,</span> <span class='ocrx_word' id='word_1_170' title='bbox 3265 1081 3407 1133; x_wconf 90' lang='lat' dir='ltr'>tunc</span> <span class='ocrx_word' id='word_1_171' title='bbox 3454 1095 3568 1134; x_wconf 91' lang='lat' dir='ltr'>non</span> <span class='ocrx_word' id='word_1_172' title='bbox 3600 1082 3722 1136; x_wconf 90' lang='lat' dir='ltr'>tota</span> 
     </span>
    </p>
   </div>
   <div class='ocr_carea' id='block_1_27' title="bbox 2074 1160 3721 1234">
    <p class='ocr_par' dir='ltr' id='par_1_27' title="bbox 2074 1160 3721 1234">
     <span class='ocr_line' id='line_1_27' title="bbox 2074 1160 3721 1234; baseline 0.007 -21"><span class='ocrx_word' id='word_1_173' title='bbox 2074 1160 2423 1215; x_wconf 75' lang='lat' dir='ltr'>obscuratur</span> <span class='ocrx_word' id='word_1_174' title='bbox 2457 1206 2470 1229; x_wconf 91' lang='lat'>,</span> <span class='ocrx_word' id='word_1_175' title='bbox 2521 1163 2998 1234; x_wconf 86' lang='lat' dir='ltr'>quandoquidem</span> <span class='ocrx_word' id='word_1_176' title='bbox 3048 1165 3107 1219; x_wconf 91' lang='lat' dir='ltr'>in</span> <span class='ocrx_word' id='word_1_177' title='bbox 3157 1165 3462 1221; x_wconf 89' lang='lat' dir='ltr'>coniformi</span> <span class='ocrx_word' id='word_1_178' title='bbox 3512 1168 3721 1224; x_wconf 87' lang='lat' dir='ltr'>umbra</span> 
     </span>
    </p>
   </div>
   <div class='ocr_carea' id='block_1_28' title="bbox 2074 1247 3655 1329">
    <p class='ocr_par' dir='ltr' id='par_1_28' title="bbox 2074 1247 3655 1329">
     <span class='ocr_line' id='line_1_28' title="bbox 2074 1247 3655 1329; baseline 0.008 -27"><span class='ocrx_word' id='word_1_179' title='bbox 2074 1247 2234 1304; x_wconf 87' lang='lat' dir='ltr'>basis</span> <span class='ocrx_word' id='word_1_180' title='bbox 2264 1249 2456 1321; x_wconf 80' lang='lat' dir='ltr'>latior,</span> <span class='ocrx_word' id='word_1_181' title='bbox 2490 1252 2792 1324; x_wconf 84' lang='lat' dir='ltr'>fastigium</span> <span class='ocrx_word' id='word_1_182' title='bbox 2824 1254 3134 1325; x_wconf 87' lang='lat' dir='ltr'>angustius</span> <span class='ocrx_word' id='word_1_183' title='bbox 3164 1255 3514 1329; x_wconf 88' lang='lat' dir='ltr'>breviusque</span> <span class='ocrx_word' id='word_1_184' title='bbox 3545 1260 3655 1314; x_wconf 87' lang='lat' dir='ltr'>est.</span> 
     </span>
    </p>
   </div>
   <div class='ocr_carea' id='block_1_29' title="bbox 2515 1429 3277 1488">
    <p class='ocr_par' dir='ltr' id='par_1_29' title="bbox 2515 1429 3277 1488">
     <span class='ocr_line' id='line_1_29' title="bbox 2515 1429 3277 1488; baseline 0.003 -5"><span class='ocrx_word' id='word_1_185' title='bbox 2515 1429 2605 1485; x_wconf 87' lang='lat'>96.</span> <span class='ocrx_word' id='word_1_186' title='bbox 2638 1433 2782 1488; x_wconf 83' lang='lat' dir='ltr'>Num</span> <span class='ocrx_word' id='word_1_187' title='bbox 2811 1430 2891 1487; x_wconf 82' lang='lat' dir='ltr'>sol</span> <span class='ocrx_word' id='word_1_188' title='bbox 2920 1431 2992 1485; x_wconf 75' lang='lat' dir='ltr'>sit</span> <span class='ocrx_word' id='word_1_189' title='bbox 3021 1430 3232 1487; x_wconf 81' lang='lat' dir='ltr'>calidus</span> <span class='ocrx_word' id='word_1_190' title='bbox 3252 1434 3277 1485; x_wconf 72' lang='lat'>.9</span> 
     </span>
    </p>
   </div>
   <div class='ocr_carea' id='block_1_30' title="bbox 2143 1517 3721 1593">
    <p class='ocr_par' dir='ltr' id='par_1_30' title="bbox 2143 1517 3721 1593">
     <span class='ocr_line' id='line_1_30' title="bbox 2143 1517 3721 1593; baseline 0.005 -21"><span class='ocrx_word' id='word_1_191' title='bbox 2143 1517 2308 1574; x_wconf 83' lang='lat' dir='ltr'>Plato</span> <span class='ocrx_word' id='word_1_192' title='bbox 2338 1518 2437 1590; x_wconf 91' lang='lat' dir='ltr'>qui</span> <span class='ocrx_word' id='word_1_193' title='bbox 2469 1536 2642 1575; x_wconf 90' lang='lat' dir='ltr'>omne</span> <span class='ocrx_word' id='word_1_194' title='bbox 2674 1518 2905 1575; x_wconf 75' lang='lat' dir='ltr'>cmleste</span> <span class='ocrx_word' id='word_1_195' title='bbox 2936 1537 3147 1592; x_wconf 90' lang='lat' dir='ltr'>corpus</span> <span class='ocrx_word' id='word_1_196' title='bbox 3191 1537 3260 1576; x_wconf 82' lang='lat' dir='ltr'>ex</span> <span class='ocrx_word' id='word_1_197' title='bbox 3284 1520 3442 1593; x_wconf 87' lang='lat' dir='ltr'>igne,</span> <span class='ocrx_word' id='word_1_198' title='bbox 3481 1526 3636 1579; x_wconf 87' lang='lat' dir='ltr'>terra</span> <span class='ocrx_word' id='word_1_199' title='bbox 3664 1526 3721 1580; x_wconf 83' lang='lat' dir='ltr'>et</span> 
     </span>
    </p>
   </div>
   <div class='ocr_carea' id='block_1_31' title="bbox 2073 1608 3719 1682">
    <p class='ocr_par' dir='ltr' id='par_1_31' title="bbox 2073 1608 3719 1682">
     <span class='ocr_line' id='line_1_31' title="bbox 2073 1608 3719 1682; baseline 0.004 -19"><span class='ocrx_word' id='word_1_200' title='bbox 2073 1609 2305 1665; x_wconf 89' lang='lat' dir='ltr'>duobus</span> <span class='ocrx_word' id='word_1_201' title='bbox 2336 1610 2561 1665; x_wconf 69' lang='lat' dir='ltr'>cazteris</span> <span class='ocrx_word' id='word_1_202' title='bbox 2592 1608 2899 1666; x_wconf 89' lang='lat' dir='ltr'>elementis</span> <span class='ocrx_word' id='word_1_203' title='bbox 2945 1612 3264 1682; x_wconf 82' lang='lat' dir='ltr'>componit,</span> <span class='ocrx_word' id='word_1_204' title='bbox 3299 1612 3503 1668; x_wconf 89' lang='lat' dir='ltr'>merito</span> <span class='ocrx_word' id='word_1_205' title='bbox 3536 1614 3719 1670; x_wconf 88' lang='lat' dir='ltr'>solem</span> 
     </span>
    </p>
   </div>
   <div class='ocr_carea' id='block_1_32' title="bbox 2072 1698 3721 1775">
    <p class='ocr_par' dir='ltr' id='par_1_32' title="bbox 2072 1698 3721 1775">
     <span class='ocr_line' id='line_1_32' title="bbox 2072 1698 3721 1775; baseline 0.002 -20"><span class='ocrx_word' id='word_1_206' title='bbox 2072 1698 2329 1755; x_wconf 86' lang='lat' dir='ltr'>calidum</span> <span class='ocrx_word' id='word_1_207' title='bbox 2382 1699 2718 1754; x_wconf 80' lang='lat' dir='ltr'>afﬁrmavit.</span> <span class='ocrx_word' id='word_1_208' title='bbox 2777 1704 2849 1755; x_wconf 89' lang='lat' dir='ltr'>At</span> <span class='ocrx_word' id='word_1_209' title='bbox 2905 1699 3245 1756; x_wconf 86' lang='lat' dir='ltr'>Aristoteles</span> <span class='ocrx_word' id='word_1_210' title='bbox 3293 1700 3450 1757; x_wconf 85' lang='lat' dir='ltr'>aliud</span> <span class='ocrx_word' id='word_1_211' title='bbox 3510 1708 3721 1775; x_wconf 79' lang='lat' dir='ltr'>praeter</span> 
     </span>
    </p>
   </div>
   <div class='ocr_carea' id='block_1_33' title="bbox 307 1783 1955 1877">
    <p class='ocr_par' dir='ltr' id='par_1_33' title="bbox 307 1783 1955 1862">
     <span class='ocr_line' id='line_1_33' title="bbox 307 1783 1955 1862; baseline -0.002 -20"><span class='ocrx_word' id='word_1_212' title='bbox 307 1784 492 1862; x_wconf 74' lang='grc' dir='ltr'>ἕτερον</span> <span class='ocrx_word' id='word_1_213' title='bbox 551 1786 698 1862; x_wconf 87' lang='grc' dir='ltr'>παρά</span> <span class='ocrx_word' id='word_1_214' title='bbox 741 1786 809 1840; x_wconf 79' lang='grc' dir='ltr'>τὰ</span> <span class='ocrx_word' id='word_1_215' title='bbox 865 1790 1111 1861; x_wconf 83' lang='grc' dir='ltr'>στοιχεῖα</span> <span class='ocrx_word' id='word_1_216' title='bbox 1164 1784 1227 1838; x_wconf 88' lang='grc' dir='ltr'>τὸ</span> <span class='ocrx_word' id='word_1_217' title='bbox 1273 1789 1519 1839; x_wconf 88' lang='grc' dir='ltr'>τοιοῦτον</span> <span class='ocrx_word' id='word_1_218' title='bbox 1582 1789 1741 1857; x_wconf 78' lang='grc' dir='ltr'>σῶμα</span> <span class='ocrx_word' id='word_1_219' title='bbox 1768 1783 1955 1856; x_wconf 78' lang='grc' dir='ltr'>τιθεὶς,</span> 
     </span>
    </p>
   </div>
   <div class='ocr_carea' id='block_1_34' title="bbox 2068 1783 3715 1877">
    <p class='ocr_par' dir='ltr' id='par_1_34' title="bbox 2071 1788 3715 1861">
     <span class='ocr_line' id='line_1_34' title="bbox 2071 1788 3715 1861; baseline 0.005 -20"><span class='ocrx_word' id='word_1_220' title='bbox 2071 1788 2167 1842; x_wconf 85' lang='lat' dir='ltr'>illa</span> <span class='ocrx_word' id='word_1_221' title='bbox 2198 1788 2486 1843; x_wconf 87' lang='lat' dir='ltr'>elementa</span> <span class='ocrx_word' id='word_1_222' title='bbox 2530 1804 2742 1861; x_wconf 88' lang='lat' dir='ltr'>corpus</span> <span class='ocrx_word' id='word_1_223' title='bbox 2792 1789 2933 1843; x_wconf 86' lang='lat' dir='ltr'>ccelo</span> <span class='ocrx_word' id='word_1_224' title='bbox 2982 1790 3271 1855; x_wconf 87' lang='lat' dir='ltr'>tribuens,</span> <span class='ocrx_word' id='word_1_225' title='bbox 3321 1807 3426 1846; x_wconf 89' lang='lat' dir='ltr'>nec</span> <span class='ocrx_word' id='word_1_226' title='bbox 3456 1792 3715 1849; x_wconf 88' lang='lat' dir='ltr'>calidum</span> 
     </span>
    </p>
   </div>
   <div class='ocr_carea' id='block_1_35' title="bbox 311 1871 1959 1953">
    <p class='ocr_par' dir='ltr' id='par_1_35' title="bbox 311 1871 1959 1953">
     <span class='ocr_line' id='line_1_35' title="bbox 311 1871 1959 1953; baseline -0.003 -21"><span class='ocrx_word' id='word_1_227' title='bbox 311 1874 438 1932; x_wconf 64' lang='grc' dir='ltr'>οὔτε</span> <span class='ocrx_word' id='word_1_228' title='bbox 492 1876 689 1953; x_wconf 77' lang='grc' dir='ltr'>θερμὸν</span> <span class='ocrx_word' id='word_1_229' title='bbox 751 1873 892 1950; x_wconf 87' lang='grc' dir='ltr'>λέγει</span> <span class='ocrx_word' id='word_1_230' title='bbox 939 1874 1029 1929; x_wconf 85' lang='grc' dir='ltr'>τὸν</span> <span class='ocrx_word' id='word_1_231' title='bbox 1086 1873 1269 1946; x_wconf 72' lang='grc' dir='ltr'>ἥλιον,</span> <span class='ocrx_word' id='word_1_232' title='bbox 1304 1871 1415 1928; x_wconf 74' lang='grc' dir='ltr'>οὔτ’</span> <span class='ocrx_word' id='word_1_233' title='bbox 1473 1872 1649 1945; x_wconf 79' lang='grc' dir='ltr'>ἄλλην</span> <span class='ocrx_word' id='word_1_234' title='bbox 1691 1873 1959 1944; x_wconf 82' lang='grc' dir='ltr'>ποιότητα</span> 
     </span>
    </p>
   </div>
   <div class='ocr_carea' id='block_1_36' title="bbox 312 1959 1953 2042">
    <p class='ocr_par' dir='ltr' id='par_1_36' title="bbox 312 1959 1953 2042">
     <span class='ocr_line' id='line_1_36' title="bbox 312 1959 1953 2042; baseline -0.002 -21"><span class='ocrx_word' id='word_1_235' title='bbox 312 1964 534 2042; x_wconf 77' lang='grc' dir='ltr'>ἔχοντα.</span> <span class='ocrx_word' id='word_1_236' title='bbox 595 1962 756 2021; x_wconf 60' lang='grc' dir='ltr'>Εἴποι</span> <span class='ocrx_word' id='word_1_237' title='bbox 788 1960 833 2017; x_wconf 85' lang='grc' dir='ltr'>δ’</span> <span class='ocrx_word' id='word_1_238' title='bbox 864 1960 921 2017; x_wconf 80' lang='grc' dir='ltr'>ἂν</span> <span class='ocrx_word' id='word_1_239' title='bbox 953 1961 1325 2040; x_wconf 76' lang='grc' dir='ltr'>ἐρωτώμενος,</span> <span class='ocrx_word' id='word_1_240' title='bbox 1384 1967 1508 2024; x_wconf 81' lang='grc' dir='ltr'>Πῶς</span> <span class='ocrx_word' id='word_1_241' title='bbox 1545 1964 1619 2037; x_wconf 79' lang='grc' dir='ltr'>μὴ</span> <span class='ocrx_word' id='word_1_242' title='bbox 1650 1962 1847 2037; x_wconf 78' lang='grc' dir='ltr'>θερμὸς</span> <span class='ocrx_word' id='word_1_243' title='bbox 1882 1959 1953 2017; x_wconf 79' lang='grc' dir='ltr'>ὢν</span> 
     </span>
    </p>
   </div>
   <div class='ocr_carea' id='block_1_37' title="bbox 309 2050 1956 2131">
    <p class='ocr_par' dir='ltr' id='par_1_37' title="bbox 309 2050 1956 2131">
     <span class='ocr_line' id='line_1_37' title="bbox 309 2050 1956 2131; baseline -0.004 -20"><span class='ocrx_word' id='word_1_244' title='bbox 309 2052 628 2131; x_wconf 85' lang='grc' dir='ltr'>θερμαίνει;</span> <span class='ocrx_word' id='word_1_245' title='bbox 686 2055 806 2112; x_wconf 90' lang='grc' dir='ltr'>Ὃτι</span> <span class='ocrx_word' id='word_1_246' title='bbox 855 2053 1178 2127; x_wconf 73' lang='grc' dir='ltr'>κινούμενος</span> <span class='ocrx_word' id='word_1_247' title='bbox 1233 2053 1295 2107; x_wconf 83' lang='grc' dir='ltr'>τὸ</span> <span class='ocrx_word' id='word_1_248' title='bbox 1348 2050 1667 2126; x_wconf 76' lang='grc' dir='ltr'>ὑπέκκαυμα</span> <span class='ocrx_word' id='word_1_249' title='bbox 1695 2057 1842 2105; x_wconf 84' lang='grc' dir='ltr'>ποιεῖ</span> <span class='ocrx_word' id='word_1_250' title='bbox 1867 2052 1956 2106; x_wconf 80' lang='grc' dir='ltr'>καὶ</span> 
     </span>
    </p>
   </div>
   <div class='ocr_carea' id='block_1_38' title="bbox 306 2141 1955 2221">
    <p class='ocr_par' dir='ltr' id='par_1_38' title="bbox 306 2141 1955 2221">
     <span class='ocr_line' id='line_1_38' title="bbox 306 2141 1955 2221; baseline -0.003 -21"><span class='ocrx_word' id='word_1_251' title='bbox 306 2145 399 2200; x_wconf 83' lang='grc' dir='ltr'>τὸν</span> <span class='ocrx_word' id='word_1_252' title='bbox 453 2141 720 2221; x_wconf 87' lang='grc' dir='ltr'>περίγειον</span> <span class='ocrx_word' id='word_1_253' title='bbox 752 2141 900 2218; x_wconf 81' lang='grc' dir='ltr'>ἀέρα,</span> <span class='ocrx_word' id='word_1_254' title='bbox 962 2142 1241 2197; x_wconf 82' lang='grc' dir='ltr'>κάντεῦθεν</span> <span class='ocrx_word' id='word_1_255' title='bbox 1295 2142 1633 2216; x_wconf 77' lang='grc' dir='ltr'>θερμότητος</span> <span class='ocrx_word' id='word_1_256' title='bbox 1688 2147 1788 2211; x_wconf 81' lang='grc' dir='ltr'>τῆς</span> <span class='ocrx_word' id='word_1_257' title='bbox 1824 2142 1955 2195; x_wconf 90' lang='grc' dir='ltr'>ὑπο-</span> 
     </span>
    </p>
   </div>
   <div class='ocr_carea' id='block_1_39' title="bbox 307 2228 1955 2307">
    <p class='ocr_par' dir='ltr' id='par_1_39' title="bbox 307 2228 1955 2307">
     <span class='ocr_line' id='line_1_39' title="bbox 307 2228 1955 2307; baseline -0.002 -18"><span class='ocrx_word' id='word_1_258' title='bbox 307 2234 563 2307; x_wconf 75' lang='grc' dir='ltr'>κειμένης</span> <span class='ocrx_word' id='word_1_259' title='bbox 629 2233 945 2297; x_wconf 79' lang='grc' dir='ltr'>καθίσταται</span> <span class='ocrx_word' id='word_1_260' title='bbox 996 2229 1168 2296; x_wconf 70' lang='grc' dir='ltr'>α’ίτιος</span> <span class='ocrx_word' id='word_1_261' title='bbox 1200 2274 1215 2289; x_wconf 88' lang='grc'><strong>.</strong></span> <span class='ocrx_word' id='word_1_262' title='bbox 1270 2235 1373 2286; x_wconf 87' lang='grc' dir='ltr'>Τοῦ</span> <span class='ocrx_word' id='word_1_263' title='bbox 1428 2228 1485 2287; x_wconf 72' lang='grc' dir='ltr'>δὲ</span> <span class='ocrx_word' id='word_1_264' title='bbox 1545 2229 1955 2303; x_wconf 67' lang='grc' dir='ltr'>ὑπεκκαύματος</span> 
     </span>
    </p>
   </div>
   <div class='ocr_carea' id='block_1_40' title="bbox 307 2317 1958 2400">
    <p class='ocr_par' dir='ltr' id='par_1_40' title="bbox 307 2317 1958 2400">
     <span class='ocr_line' id='line_1_40' title="bbox 307 2317 1958 2400; baseline -0.003 -22"><span class='ocrx_word' id='word_1_265' title='bbox 307 2323 399 2378; x_wconf 82' lang='grc' dir='ltr'>καὶ</span> <span class='ocrx_word' id='word_1_266' title='bbox 452 2324 552 2392; x_wconf 79' lang='grc' dir='ltr'>τήν</span> <span class='ocrx_word' id='word_1_267' title='bbox 600 2323 757 2400; x_wconf 74' lang='grc' dir='ltr'>φύσιν</span> <span class='ocrx_word' id='word_1_268' title='bbox 807 2322 895 2376; x_wconf 87' lang='grc' dir='ltr'>καὶ</span> <span class='ocrx_word' id='word_1_269' title='bbox 954 2321 1015 2376; x_wconf 86' lang='grc' dir='ltr'>τὸ</span> <span class='ocrx_word' id='word_1_270' title='bbox 1078 2317 1271 2394; x_wconf 72' lang='grc' dir='ltr'>ὄνομα.</span> <span class='ocrx_word' id='word_1_271' title='bbox 1331 2322 1492 2383; x_wconf 80' lang='grc' dir='ltr'>αὐτὸς</span> <span class='ocrx_word' id='word_1_272' title='bbox 1521 2325 1736 2395; x_wconf 80' lang='grc' dir='ltr'>πρῶτος</span> <span class='ocrx_word' id='word_1_273' title='bbox 1772 2319 1958 2397; x_wconf 74' lang='grc' dir='ltr'>ἐφεῦρε</span> 
     </span>
    </p>
   </div>
   <div class='ocr_carea' id='block_1_41' title="bbox 307 2401 1957 2485">
    <p class='ocr_par' dir='ltr' id='par_1_41' title="bbox 307 2401 1957 2485">
     <span class='ocr_line' id='line_1_41' title="bbox 307 2401 1957 2485; baseline -0.002 -19"><span class='ocrx_word' id='word_1_274' title='bbox 307 2411 397 2466; x_wconf 86' lang='grc' dir='ltr'>καὶ</span> <span class='ocrx_word' id='word_1_275' title='bbox 446 2401 746 2485; x_wconf 83' lang='grc' dir='ltr'>ὠνόμασεν.</span> <span class='ocrx_word' id='word_1_276' title='bbox 808 2409 1153 2484; x_wconf 86' lang='grc' dir='ltr'>Ὑπέκκαυμα</span> <span class='ocrx_word' id='word_1_277' title='bbox 1213 2408 1304 2465; x_wconf 75' lang='grc' dir='ltr'>οὖν</span> <span class='ocrx_word' id='word_1_278' title='bbox 1368 2408 1515 2485; x_wconf 78' lang='grc' dir='ltr'>λέγει</span> <span class='ocrx_word' id='word_1_279' title='bbox 1564 2411 1661 2479; x_wconf 75' lang='grc' dir='ltr'>τὴν</span> <span class='ocrx_word' id='word_1_280' title='bbox 1717 2410 1957 2481; x_wconf 85' lang='grc' dir='ltr'>ἀναπεμ-</span> 
     </span>
    </p>
   </div>
   <div class='ocr_carea' id='block_1_42' title="bbox 309 2499 1954 2577">
    <p class='ocr_par' dir='ltr' id='par_1_42' title="bbox 309 2499 1954 2577">
     <span class='ocr_line' id='line_1_42' title="bbox 309 2499 1954 2577; baseline -0.002 -22"><span class='ocrx_word' id='word_1_281' title='bbox 309 2500 552 2575; x_wconf 86' lang='grc' dir='ltr'>πομένην</span> <span class='ocrx_word' id='word_1_282' title='bbox 607 2502 712 2555; x_wconf 84' lang='grc' dir='ltr'>ἀπὸ</span> <span class='ocrx_word' id='word_1_283' title='bbox 740 2506 839 2570; x_wconf 83' lang='grc' dir='ltr'>τῆς</span> <span class='ocrx_word' id='word_1_284' title='bbox 870 2502 970 2577; x_wconf 78' lang='grc' dir='ltr'>γῆς</span> <span class='ocrx_word' id='word_1_285' title='bbox 1003 2499 1355 2573; x_wconf 83' lang='grc' dir='ltr'>ἀναθυμίασιν</span> <span class='ocrx_word' id='word_1_286' title='bbox 1392 2500 1597 2575; x_wconf 76' lang='grc' dir='ltr'>θερμὴν</span> <span class='ocrx_word' id='word_1_287' title='bbox 1626 2499 1715 2553; x_wconf 86' lang='grc' dir='ltr'>καὶ</span> <span class='ocrx_word' id='word_1_288' title='bbox 1767 2499 1954 2574; x_wconf 80' lang='grc' dir='ltr'>ξηρὰν,</span> 
     </span>
    </p>
   </div>
   <div class='ocr_carea' id='block_1_43' title="bbox 309 2586 1956 2660">
    <p class='ocr_par' dir='ltr' id='par_1_43' title="bbox 309 2586 1956 2660">
     <span class='ocr_line' id='line_1_43' title="bbox 309 2586 1956 2660; baseline -0.003 -14"><span class='ocrx_word' id='word_1_289' title='bbox 309 2593 400 2646; x_wconf 79' lang='grc' dir='ltr'>καὶ</span> <span class='ocrx_word' id='word_1_290' title='bbox 458 2592 570 2645; x_wconf 81' lang='grc' dir='ltr'>οἷον</span> <span class='ocrx_word' id='word_1_291' title='bbox 608 2587 892 2660; x_wconf 86' lang='grc' dir='ltr'>καπνώδη.</span> <span class='ocrx_word' id='word_1_292' title='bbox 952 2589 1100 2660; x_wconf 75' lang='grc' dir='ltr'>Αὕτη</span> <span class='ocrx_word' id='word_1_293' title='bbox 1161 2587 1251 2644; x_wconf 78' lang='grc' dir='ltr'>οὖν</span> <span class='ocrx_word' id='word_1_294' title='bbox 1285 2589 1318 2659; x_wconf 81' lang='grc' dir='ltr'>ή</span> <span class='ocrx_word' id='word_1_295' title='bbox 1355 2586 1638 2659; x_wconf 85' lang='grc' dir='ltr'>κεπνώδης</span> <span class='ocrx_word' id='word_1_296' title='bbox 1666 2587 1956 2660; x_wconf 84' lang='grc' dir='ltr'>ἀναθυμία-</span> 
     </span>
    </p>
   </div>
   <div class='ocr_carea' id='block_1_44' title="bbox 311 2675 1952 2757">
    <p class='ocr_par' dir='ltr' id='par_1_44' title="bbox 311 2675 1952 2757">
     <span class='ocr_line' id='line_1_44' title="bbox 311 2675 1952 2757; baseline -0.002 -23"><span class='ocrx_word' id='word_1_297' title='bbox 311 2701 391 2742; x_wconf 84' lang='grc' dir='ltr'>σις</span> <span class='ocrx_word' id='word_1_298' title='bbox 439 2682 604 2757; x_wconf 77' lang='grc' dir='ltr'>μέχρι</span> <span class='ocrx_word' id='word_1_299' title='bbox 660 2687 761 2748; x_wconf 82' lang='grc' dir='ltr'>τῆς</span> <span class='ocrx_word' id='word_1_300' title='bbox 812 2678 1050 2749; x_wconf 82' lang='grc' dir='ltr'>σελήνης</span> <span class='ocrx_word' id='word_1_301' title='bbox 1106 2677 1413 2753; x_wconf 83' lang='grc' dir='ltr'>ἀναγομένη</span> <span class='ocrx_word' id='word_1_302' title='bbox 1476 2675 1565 2732; x_wconf 76' lang='grc' dir='ltr'>διὰ</span> <span class='ocrx_word' id='word_1_303' title='bbox 1620 2677 1952 2756; x_wconf 74' lang='grc' dir='ltr'>κουφότητα,</span> 
     </span>
    </p>
   </div>
   <div class='ocr_carea' id='block_1_45' title="bbox 312 2766 1948 2844">
    <p class='ocr_par' dir='ltr' id='par_1_45' title="bbox 312 2766 1948 2844">
     <span class='ocr_line' id='line_1_45' title="bbox 312 2766 1948 2844; baseline -0.002 -20"><span class='ocrx_word' id='word_1_304' title='bbox 312 2770 424 2825; x_wconf 75' lang='grc' dir='ltr'>εἶτα</span> <span class='ocrx_word' id='word_1_305' title='bbox 468 2771 762 2843; x_wconf 82' lang='grc' dir='ltr'>κινουμένη</span> <span class='ocrx_word' id='word_1_306' title='bbox 814 2767 949 2824; x_wconf 79' lang='grc' dir='ltr'>κατά</span> <span class='ocrx_word' id='word_1_307' title='bbox 1001 2766 1163 2844; x_wconf 86' lang='grc' dir='ltr'>μέρος</span> <span class='ocrx_word' id='word_1_308' title='bbox 1196 2767 1403 2839; x_wconf 75' lang='grc' dir='ltr'>ἐξάπτει</span> <span class='ocrx_word' id='word_1_309' title='bbox 1435 2767 1524 2822; x_wconf 82' lang='grc' dir='ltr'>καὶ</span> <span class='ocrx_word' id='word_1_310' title='bbox 1575 2768 1650 2829; x_wconf 81' lang='grc' dir='ltr'>ὡς</span> <span class='ocrx_word' id='word_1_311' title='bbox 1697 2772 1800 2841; x_wconf 83' lang='grc' dir='ltr'>πῦρ</span> <span class='ocrx_word' id='word_1_312' title='bbox 1834 2766 1948 2844; x_wconf 73' lang='grc' dir='ltr'>φαί-</span> 
     </span>
    </p>
   </div>
   <div class='ocr_carea' id='block_1_46' title="bbox 310 2855 1954 2933">
    <p class='ocr_par' dir='ltr' id='par_1_46' title="bbox 310 2855 1954 2933">
     <span class='ocr_line' id='line_1_46' title="bbox 310 2855 1954 2933; baseline -0.002 -20"><span class='ocrx_word' id='word_1_313' title='bbox 310 2880 473 2933; x_wconf 80' lang='grc' dir='ltr'>νεται,</span> <span class='ocrx_word' id='word_1_314' title='bbox 526 2858 615 2914; x_wconf 84' lang='grc' dir='ltr'>κσὶ</span> <span class='ocrx_word' id='word_1_315' title='bbox 650 2860 927 2933; x_wconf 78' lang='grc' dir='ltr'>θερμαίνει</span> <span class='ocrx_word' id='word_1_316' title='bbox 985 2859 1082 2927; x_wconf 70' lang='grc' dir='ltr'>τὴν</span> <span class='ocrx_word' id='word_1_317' title='bbox 1150 2858 1511 2931; x_wconf 72' lang='grc' dir='ltr'>ὑποκειμένην</span> <span class='ocrx_word' id='word_1_318' title='bbox 1574 2855 1774 2912; x_wconf 78' lang='grc' dir='ltr'>οὐσίαν.</span> <span class='ocrx_word' id='word_1_319' title='bbox 1834 2858 1954 2911; x_wconf 89' lang='grc' dir='ltr'>Ὅτι</span> 
     </span>
    </p>
   </div>
   <div class='ocr_carea' id='block_1_47' title="bbox 309 2944 1950 3024">
    <p class='ocr_par' dir='ltr' id='par_1_47' title="bbox 309 2944 1950 3024">
     <span class='ocr_line' id='line_1_47' title="bbox 309 2944 1950 3024; baseline -0.002 -21"><span class='ocrx_word' id='word_1_320' title='bbox 309 2947 365 3003; x_wconf 67' lang='grc' dir='ltr'>δὲ</span> <span class='ocrx_word' id='word_1_321' title='bbox 396 2950 432 3018; x_wconf 71' lang='grc' dir='ltr'>ἦ</span> <span class='ocrx_word' id='word_1_322' title='bbox 461 2947 670 3019; x_wconf 84' lang='grc' dir='ltr'>κίνησις</span> <span class='ocrx_word' id='word_1_323' title='bbox 702 2945 1011 3024; x_wconf 85' lang='grc' dir='ltr'>θερμότητα</span> <span class='ocrx_word' id='word_1_324' title='bbox 1040 2952 1207 3015; x_wconf 83' lang='grc' dir='ltr'>ποιεῖ,</span> <span class='ocrx_word' id='word_1_325' title='bbox 1243 2944 1504 3018; x_wconf 84' lang='grc' dir='ltr'>δηλοῦσιν</span> <span class='ocrx_word' id='word_1_326' title='bbox 1536 2947 1589 3001; x_wconf 75' lang='grc' dir='ltr'>αἱ</span> <span class='ocrx_word' id='word_1_327' title='bbox 1621 2944 1800 3009; x_wconf 84' lang='grc' dir='ltr'>ἀκίδες</span> <span class='ocrx_word' id='word_1_328' title='bbox 1842 2950 1950 3001; x_wconf 81' lang='grc' dir='ltr'>τῶν</span> 
     </span>
    </p>
   </div>
   <div class='ocr_carea' id='block_1_48' title="bbox 310 3035 1952 3114">
    <p class='ocr_par' dir='ltr' id='par_1_48' title="bbox 310 3035 1952 3114">
     <span class='ocr_line' id='line_1_48' title="bbox 310 3035 1952 3114; baseline -0.001 -23"><span class='ocrx_word' id='word_1_329' title='bbox 310 3036 509 3111; x_wconf 72' lang='grc' dir='ltr'>βελῶν*</span> <span class='ocrx_word' id='word_1_330' title='bbox 542 3040 607 3111; x_wconf 79' lang='grc' dir='ltr'>τῇ</span> <span class='ocrx_word' id='word_1_331' title='bbox 638 3036 736 3114; x_wconf 85' lang='grc' dir='ltr'>γάρ</span> <span class='ocrx_word' id='word_1_332' title='bbox 767 3038 977 3110; x_wconf 84' lang='grc' dir='ltr'>κινήσει</span> <span class='ocrx_word' id='word_1_333' title='bbox 1006 3035 1198 3092; x_wconf 79' lang='grc' dir='ltr'>λύουσι</span> <span class='ocrx_word' id='word_1_334' title='bbox 1228 3037 1318 3091; x_wconf 87' lang='grc' dir='ltr'>τὸν</span> <span class='ocrx_word' id='word_1_335' title='bbox 1371 3035 1711 3110; x_wconf 78' lang='grc' dir='ltr'>ἐπικείμενον</span> <span class='ocrx_word' id='word_1_336' title='bbox 1767 3035 1952 3097; x_wconf 80' lang='grc' dir='ltr'>αὐτοῖς</span> 
     </span>
    </p>
   </div>
   <div class='ocr_carea' id='block_1_49' title="bbox 311 3120 602 3198">
    <p class='ocr_par' dir='ltr' id='par_1_49' title="bbox 311 3120 602 3198">
     <span class='ocr_line' id='line_1_49' title="bbox 311 3120 602 3198; baseline 0.01 -18"><span class='ocrx_word' id='word_1_337' title='bbox 311 3120 602 3198; x_wconf 74' lang='grc' dir='ltr'>μόλιϐδον.</span> 
     </span>
    </p>
   </div>
   <div class='ocr_carea' id='block_1_50' title="bbox 668 3213 1572 3292">
    <p class='ocr_par' dir='ltr' id='par_1_50' title="bbox 668 3213 1572 3292">
     <span class='ocr_line' id='line_1_50' title="bbox 668 3213 1572 3292; baseline -0.003 -18"><span class='ocrx_word' id='word_1_338' title='bbox 668 3215 763 3292; x_wconf 46' lang='lat' dir='ltr'>HC.</span> <span class='ocrx_word' id='word_1_339' title='bbox 798 3215 897 3277; x_wconf 88' lang='grc' dir='ltr'>Τίς</span> <span class='ocrx_word' id='word_1_340' title='bbox 924 3215 959 3285; x_wconf 83' lang='grc' dir='ltr'>ἡ</span> <span class='ocrx_word' id='word_1_341' title='bbox 994 3213 1146 3270; x_wconf 83' lang='grc' dir='ltr'>οὐσία</span> <span class='ocrx_word' id='word_1_342' title='bbox 1174 3219 1278 3270; x_wconf 78' lang='grc' dir='ltr'>τῶν</span> <span class='ocrx_word' id='word_1_343' title='bbox 1314 3215 1572 3289; x_wconf 84' lang='grc' dir='ltr'>ἀστέρων.</span> 
     </span>
    </p>
   </div>
   <div class='ocr_carea' id='block_1_51' title="bbox 376 3303 1951 3380">
    <p class='ocr_par' dir='ltr' id='par_1_51' title="bbox 376 3303 1951 3380">
     <span class='ocr_line' id='line_1_51' title="bbox 376 3303 1951 3380; baseline -0.001 -19"><span class='ocrx_word' id='word_1_344' title='bbox 376 3303 600 3361; x_wconf 84' lang='grc' dir='ltr'>Ηάντων</span> <span class='ocrx_word' id='word_1_345' title='bbox 666 3310 771 3360; x_wconf 82' lang='grc' dir='ltr'>τῶν</span> <span class='ocrx_word' id='word_1_346' title='bbox 849 3306 1087 3380; x_wconf 82' lang='grc' dir='ltr'>ἀστέρων</span> <span class='ocrx_word' id='word_1_347' title='bbox 1158 3309 1264 3360; x_wconf 79' lang='grc' dir='ltr'>τῶν</span> <span class='ocrx_word' id='word_1_348' title='bbox 1323 3305 1382 3359; x_wconf 84' lang='grc' dir='ltr'>τέ</span> <span class='ocrx_word' id='word_1_349' title='bbox 1437 3326 1497 3380; x_wconf 90' lang='grc' dir='ltr'>γε</span> <span class='ocrx_word' id='word_1_350' title='bbox 1552 3303 1802 3360; x_wconf 82' lang='grc' dir='ltr'>ἀπλανῶν</span> <span class='ocrx_word' id='word_1_351' title='bbox 1862 3305 1951 3360; x_wconf 86' lang='grc' dir='ltr'>καὶ</span> 
     </span>
    </p>
   </div>
   <div class='ocr_carea' id='block_1_52' title="bbox 300 3392 1952 3471">
    <p class='ocr_par' dir='ltr' id='par_1_52' title="bbox 300 3392 1952 3471">
     <span class='ocr_line' id='line_1_52' title="bbox 300 3392 1952 3471; baseline 0.001 -23"><span class='ocrx_word' id='word_1_352' title='bbox 300 3393 591 3464; x_wconf 80' lang='grc' dir='ltr'>πλανητῶν</span> <span class='ocrx_word' id='word_1_353' title='bbox 650 3395 786 3449; x_wconf 75' lang='grc' dir='ltr'>κατὰ</span> <span class='ocrx_word' id='word_1_354' title='bbox 843 3396 933 3466; x_wconf 80' lang='grc' dir='ltr'>μὶν</span> <span class='ocrx_word' id='word_1_355' title='bbox 995 3394 1262 3450; x_wconf 85' lang='grc' dir='ltr'>Πλάτωνα</span> <span class='ocrx_word' id='word_1_356' title='bbox 1317 3392 1414 3467; x_wconf 88' lang='grc' dir='ltr'>μία</span> <span class='ocrx_word' id='word_1_357' title='bbox 1466 3393 1640 3462; x_wconf 77' lang='grc' dir='ltr'>οὐσία,</span> <span class='ocrx_word' id='word_1_358' title='bbox 1674 3396 1707 3464; x_wconf 77' lang='grc' dir='ltr'>ἡ</span> <span class='ocrx_word' id='word_1_359' title='bbox 1743 3392 1952 3471; x_wconf 83' lang='grc' dir='ltr'>διαυγε-</span> 
     </span>
    </p>
   </div>
   <div class='ocr_carea' id='block_1_53' title="bbox 304 3481 1952 3562">
    <p class='ocr_par' dir='ltr' id='par_1_53' title="bbox 304 3481 1952 3562">
     <span class='ocr_line' id='line_1_53' title="bbox 304 3481 1952 3562; baseline 0.001 -25"><span class='ocrx_word' id='word_1_360' title='bbox 304 3481 464 3557; x_wconf 78' lang='grc' dir='ltr'>στέρα</span> <span class='ocrx_word' id='word_1_361' title='bbox 510 3487 616 3538; x_wconf 83' lang='grc' dir='ltr'>τῶν</span> <span class='ocrx_word' id='word_1_362' title='bbox 669 3483 955 3558; x_wconf 83' lang='grc' dir='ltr'>στοιχείων</span> <span class='ocrx_word' id='word_1_363' title='bbox 1006 3484 1179 3557; x_wconf 78' lang='grc' dir='ltr'>μερὶς,</span> <span class='ocrx_word' id='word_1_364' title='bbox 1226 3482 1316 3537; x_wconf 81' lang='grc' dir='ltr'>καὶ</span> <span class='ocrx_word' id='word_1_365' title='bbox 1368 3484 1430 3538; x_wconf 79' lang='grc' dir='ltr'>τὸ</span> <span class='ocrx_word' id='word_1_366' title='bbox 1480 3485 1593 3538; x_wconf 77' lang='grc' dir='ltr'>οἷον</span> <span class='ocrx_word' id='word_1_367' title='bbox 1654 3483 1952 3562; x_wconf 72' lang='grc' dir='ltr'>έξάφρισμα</span> 
     </span>
    </p>
   </div>
   <div class='ocr_carea' id='block_1_54' title="bbox 297 3569 1949 3648">
    <p class='ocr_par' dir='ltr' id='par_1_54' title="bbox 297 3569 1949 3648">
     <span class='ocr_line' id='line_1_54' title="bbox 297 3569 1949 3648; baseline 0.001 -22"><span class='ocrx_word' id='word_1_368' title='bbox 297 3572 532 3642; x_wconf 72' lang='grc' dir='ltr'>τοὺτων,</span> <span class='ocrx_word' id='word_1_369' title='bbox 592 3571 727 3627; x_wconf 80' lang='grc' dir='ltr'>κατά</span> <span class='ocrx_word' id='word_1_370' title='bbox 784 3570 840 3627; x_wconf 78' lang='grc' dir='ltr'>δὲ</span> <span class='ocrx_word' id='word_1_371' title='bbox 895 3571 1284 3646; x_wconf 78' lang='grc' dir='ltr'>Ἀριστοτέλην</span> <span class='ocrx_word' id='word_1_372' title='bbox 1346 3574 1380 3643; x_wconf 83' lang='grc' dir='ltr'>ἡ</span> <span class='ocrx_word' id='word_1_373' title='bbox 1441 3569 1649 3628; x_wconf 79' lang='grc' dir='ltr'>ἐπίνοια</span> <span class='ocrx_word' id='word_1_374' title='bbox 1685 3577 1781 3628; x_wconf 84' lang='grc' dir='ltr'>τοῦ</span> <span class='ocrx_word' id='word_1_375' title='bbox 1810 3574 1949 3648; x_wconf 78' lang='grc' dir='ltr'>πέμ-</span> 
     </span>
    </p>
   </div>
   <div class='ocr_carea' id='block_1_55' title="bbox 300 3660 1949 3737">
    <p class='ocr_par' dir='ltr' id='par_1_55' title="bbox 300 3660 1949 3737">
     <span class='ocr_line' id='line_1_55' title="bbox 300 3660 1949 3737; baseline 0.001 -21"><span class='ocrx_word' id='word_1_376' title='bbox 300 3682 441 3716; x_wconf 86' lang='grc' dir='ltr'>πτου</span> <span class='ocrx_word' id='word_1_377' title='bbox 473 3662 746 3735; x_wconf 84' lang='grc' dir='ltr'>σώματος.</span> <span class='ocrx_word' id='word_1_378' title='bbox 804 3660 881 3719; x_wconf 83' lang='grc' dir='ltr'>Οὖ</span> <span class='ocrx_word' id='word_1_379' title='bbox 938 3662 1038 3737; x_wconf 71' lang='grc' dir='ltr'>γὰρ</span> <span class='ocrx_word' id='word_1_380' title='bbox 1099 3661 1411 3736; x_wconf 71' lang='grc' dir='ltr'>ἐξονομάζει</span> <span class='ocrx_word' id='word_1_381' title='bbox 1461 3664 1558 3733; x_wconf 75' lang='grc' dir='ltr'>τὴν</span> <span class='ocrx_word' id='word_1_382' title='bbox 1619 3661 1802 3718; x_wconf 76' lang='grc' dir='ltr'>οὐσίαν</span> <span class='ocrx_word' id='word_1_383' title='bbox 1858 3665 1949 3718; x_wconf 81' lang='grc' dir='ltr'>αὑ-</span> 
     </span>
    </p>
   </div>
   <div class='ocr_carea' id='block_1_56' title="bbox 291 3748 1950 3828">
    <p class='ocr_par' dir='ltr' id='par_1_56' title="bbox 291 3748 1950 3828">
     <span class='ocr_line' id='line_1_56' title="bbox 291 3748 1950 3828; baseline 0.001 -21"><span class='ocrx_word' id='word_1_384' title='bbox 291 3755 447 3820; x_wconf 80' lang='grc' dir='ltr'>τῶν,</span> <span class='ocrx_word' id='word_1_385' title='bbox 509 3748 654 3806; x_wconf 86' lang='grc' dir='ltr'>ἀλλά</span> <span class='ocrx_word' id='word_1_386' title='bbox 709 3751 800 3807; x_wconf 81' lang='grc' dir='ltr'>τὸν</span> <span class='ocrx_word' id='word_1_387' title='bbox 861 3752 1035 3807; x_wconf 82' lang='grc' dir='ltr'>πάντα</span> <span class='ocrx_word' id='word_1_388' title='bbox 1084 3750 1344 3828; x_wconf 81' lang='grc' dir='ltr'>οὐρανὸν,</span> <span class='ocrx_word' id='word_1_389' title='bbox 1402 3751 1491 3807; x_wconf 88' lang='grc' dir='ltr'>καὶ</span> <span class='ocrx_word' id='word_1_390' title='bbox 1546 3750 1671 3814; x_wconf 74' lang='grc' dir='ltr'>τοὺς</span> <span class='ocrx_word' id='word_1_391' title='bbox 1726 3752 1950 3828; x_wconf 81' lang='grc' dir='ltr'>ἀστέρας</span> 
     </span>
    </p>
   </div>
   <div class='ocr_carea' id='block_1_57' title="bbox 296 3838 1949 3919">
    <p class='ocr_par' dir='ltr' id='par_1_57' title="bbox 296 3838 1949 3919">
     <span class='ocr_line' id='line_1_57' title="bbox 296 3838 1949 3919; baseline 0.002 -24"><span class='ocrx_word' id='word_1_392' title='bbox 296 3841 537 3903; x_wconf 82' lang='grc' dir='ltr'>ἅπαντας</span> <span class='ocrx_word' id='word_1_393' title='bbox 587 3838 675 3895; x_wconf 79' lang='grc' dir='ltr'>διὰ</span> <span class='ocrx_word' id='word_1_394' title='bbox 703 3841 801 3910; x_wconf 75' lang='grc' dir='ltr'>τήν</span> <span class='ocrx_word' id='word_1_395' title='bbox 851 3840 1112 3919; x_wconf 78' lang='grc' dir='ltr'>διάφορον</span> <span class='ocrx_word' id='word_1_396' title='bbox 1158 3841 1369 3913; x_wconf 80' lang='grc' dir='ltr'>κίνησιν</span> <span class='ocrx_word' id='word_1_397' title='bbox 1420 3842 1557 3917; x_wconf 86' lang='grc' dir='ltr'>πρὸς</span> <span class='ocrx_word' id='word_1_398' title='bbox 1586 3840 1651 3896; x_wconf 76' lang='grc' dir='ltr'>τὰ</span> <span class='ocrx_word' id='word_1_399' title='bbox 1703 3848 1949 3918; x_wconf 83' lang='grc' dir='ltr'>στοιχεῖα</span> 
     </span>
    </p>
   </div>
   <div class='ocr_carea' id='block_1_58' title="bbox 291 3928 1951 4006">
    <p class='ocr_par' dir='ltr' id='par_1_58' title="bbox 291 3928 1951 4006">
     <span class='ocr_line' id='line_1_58' title="bbox 291 3928 1951 4006; baseline 0.001 -22"><span class='ocrx_word' id='word_1_400' title='bbox 291 3930 363 3984; x_wconf 78' lang='grc' dir='ltr'>τΞι</span> <span class='ocrx_word' id='word_1_401' title='bbox 408 3930 660 4006; x_wconf 82' lang='grc' dir='ltr'>τέσσαρα,</span> <span class='ocrx_word' id='word_1_402' title='bbox 718 3931 970 4005; x_wconf 79' lang='grc' dir='ltr'>πέμπτον</span> <span class='ocrx_word' id='word_1_403' title='bbox 1026 3936 1186 4004; x_wconf 81' lang='grc' dir='ltr'>σῶμα</span> <span class='ocrx_word' id='word_1_404' title='bbox 1224 3930 1402 3988; x_wconf 79' lang='grc' dir='ltr'>καλεῖ.</span> <span class='ocrx_word' id='word_1_405' title='bbox 1436 3934 1556 3988; x_wconf 76' lang='grc' dir='ltr'>Τῶν</span> <span class='ocrx_word' id='word_1_406' title='bbox 1592 3928 1648 3985; x_wconf 77' lang='grc' dir='ltr'>δὲ</span> <span class='ocrx_word' id='word_1_407' title='bbox 1699 3932 1951 4005; x_wconf 84' lang='grc' dir='ltr'>συμπάν-</span> 
     </span>
    </p>
   </div>
   <div class='ocr_carea' id='block_1_59' title="bbox 291 4017 1950 4096">
    <p class='ocr_par' dir='ltr' id='par_1_59' title="bbox 291 4017 1950 4096">
     <span class='ocr_line' id='line_1_59' title="bbox 291 4017 1950 4096; baseline 0.002 -24"><span class='ocrx_word' id='word_1_408' title='bbox 291 4039 404 4073; x_wconf 87' lang='grc' dir='ltr'>των</span> <span class='ocrx_word' id='word_1_409' title='bbox 457 4020 716 4095; x_wconf 79' lang='grc' dir='ltr'>ἀστέρων,</span> <span class='ocrx_word' id='word_1_410' title='bbox 768 4019 902 4075; x_wconf 82' lang='grc' dir='ltr'>έπτά</span> <span class='ocrx_word' id='word_1_411' title='bbox 936 4021 1098 4093; x_wconf 90' lang='grc' dir='ltr'>μόνον</span> <span class='ocrx_word' id='word_1_412' title='bbox 1134 4020 1264 4075; x_wconf 81' lang='grc' dir='ltr'>εἰσὶν</span> <span class='ocrx_word' id='word_1_413' title='bbox 1314 4021 1365 4075; x_wconf 77' lang='grc' dir='ltr'>οἱ</span> <span class='ocrx_word' id='word_1_414' title='bbox 1406 4017 1703 4089; x_wconf 81' lang='grc' dir='ltr'>πλανῆται,</span> <span class='ocrx_word' id='word_1_415' title='bbox 1748 4022 1950 4096; x_wconf 86' lang='grc' dir='ltr'>κυρίως</span> 
     </span>
    </p>
   </div>
   <div class='ocr_carea' id='block_1_60' title="bbox 294 4104 1947 4185">
    <p class='ocr_par' dir='ltr' id='par_1_60' title="bbox 294 4104 1947 4185">
     <span class='ocr_line' id='line_1_60' title="bbox 294 4104 1947 4185; baseline 0.001 -22"><span class='ocrx_word' id='word_1_416' title='bbox 294 4104 355 4163; x_wconf 73' lang='grc' dir='ltr'>δὲ</span> <span class='ocrx_word' id='word_1_417' title='bbox 412 4108 588 4178; x_wconf 88' lang='grc' dir='ltr'>πέντε,</span> <span class='ocrx_word' id='word_1_418' title='bbox 624 4110 651 4164; x_wconf 88' lang='grc' dir='ltr'>ὁ</span> <span class='ocrx_word' id='word_1_419' title='bbox 682 4108 785 4185; x_wconf 79' lang='grc' dir='ltr'>γὰρ</span> <span class='ocrx_word' id='word_1_420' title='bbox 815 4108 977 4179; x_wconf 65' lang='grc' dir='ltr'>¹ἥλιος</span> <span class='ocrx_word' id='word_1_421' title='bbox 1021 4110 1111 4164; x_wconf 82' lang='grc' dir='ltr'>καὶ</span> <span class='ocrx_word' id='word_1_422' title='bbox 1140 4112 1175 4179; x_wconf 80' lang='grc' dir='ltr'>ἡ</span> <span class='ocrx_word' id='word_1_423' title='bbox 1209 4110 1414 4180; x_wconf 74' lang='grc' dir='ltr'>σελήνη</span> <span class='ocrx_word' id='word_1_424' title='bbox 1449 4109 1509 4164; x_wconf 86' lang='grc' dir='ltr'>οὑ</span> <span class='ocrx_word' id='word_1_425' title='bbox 1553 4108 1947 4181; x_wconf 84' lang='grc' dir='ltr'>πεπλάνηνται,</span> 
     </span>
    </p>
   </div>
   <div class='ocr_carea' id='block_1_61' title="bbox 294 4194 1948 4271">
    <p class='ocr_par' dir='ltr' id='par_1_61' title="bbox 294 4194 1948 4271">
     <span class='ocr_line' id='line_1_61' title="bbox 294 4194 1948 4271; baseline 0.003 -21"><span class='ocrx_word' id='word_1_426' title='bbox 294 4194 428 4251; x_wconf 86' lang='grc' dir='ltr'>ἀλλ’</span> <span class='ocrx_word' id='word_1_427' title='bbox 458 4197 508 4252; x_wconf 73' lang='grc' dir='ltr'>οἱ</span> <span class='ocrx_word' id='word_1_428' title='bbox 540 4199 714 4268; x_wconf 83' lang='grc' dir='ltr'>πέντε,</span> <span class='ocrx_word' id='word_1_429' title='bbox 748 4195 838 4253; x_wconf 82' lang='grc' dir='ltr'>διὰ</span> <span class='ocrx_word' id='word_1_430' title='bbox 865 4200 928 4253; x_wconf 86' lang='grc' dir='ltr'>τὸ</span> <span class='ocrx_word' id='word_1_431' title='bbox 952 4196 1128 4253; x_wconf 84' lang='grc' dir='ltr'>δοκεῖν</span> <span class='ocrx_word' id='word_1_432' title='bbox 1161 4199 1426 4269; x_wconf 75' lang='grc' dir='ltr'>ἱστᾶσθαι,</span> <span class='ocrx_word' id='word_1_433' title='bbox 1460 4198 1550 4254; x_wconf 85' lang='grc' dir='ltr'>καὶ</span> <span class='ocrx_word' id='word_1_434' title='bbox 1576 4197 1948 4271; x_wconf 82' lang='grc' dir='ltr'>ὑποποδίζειν,</span> 
     </span>
    </p>
   </div>
   <div class='ocr_carea' id='block_1_62' title="bbox 295 4271 1017 4362">
    <p class='ocr_par' dir='ltr' id='par_1_62' title="bbox 295 4271 1017 4362">
     <span class='ocr_line' id='line_1_62' title="bbox 295 4271 1017 4362; baseline 0.006 -22"><span class='ocrx_word' id='word_1_435' title='bbox 295 4293 571 4358; x_wconf 70' lang='grc' dir='ltr'>πλανῆται</span> <span class='ocrx_word' id='word_1_436' title='bbox 603 4271 1017 4362; x_wconf 83' lang='grc' dir='ltr'>ὠνομάσθησαν.</span> 
     </span>
    </p>
   </div>
   <div class='ocr_carea' id='block_1_63' title="bbox 406 4481 1841 4564">
    <p class='ocr_par' dir='ltr' id='par_1_63' title="bbox 406 4481 1841 4564">
     <span class='ocr_line' id='line_1_63' title="bbox 406 4481 1841 4564; baseline 0.001 -23"><span class='ocrx_word' id='word_1_437' title='bbox 406 4482 515 4561; x_wconf 52' lang='grc' dir='ltr'>ῑιηῖ</span> <span class='ocrx_word' id='word_1_438' title='bbox 542 4481 677 4561; x_wconf 80' lang='grc' dir='ltr'>Περὶ</span> <span class='ocrx_word' id='word_1_439' title='bbox 704 4487 805 4551; x_wconf 81' lang='grc' dir='ltr'>τῆς</span> <span class='ocrx_word' id='word_1_440' title='bbox 827 4488 933 4542; x_wconf 78' lang='grc' dir='ltr'>τῶν</span> <span class='ocrx_word' id='word_1_441' title='bbox 969 4485 1206 4562; x_wconf 83' lang='grc' dir='ltr'>ἀστέρων</span> <span class='ocrx_word' id='word_1_442' title='bbox 1238 4489 1408 4564; x_wconf 78' lang='grc' dir='ltr'>φορᾶς</span> <span class='ocrx_word' id='word_1_443' title='bbox 1440 4485 1527 4541; x_wconf 82' lang='grc' dir='ltr'>καὶ</span> <span class='ocrx_word' id='word_1_444' title='bbox 1558 4486 1841 4558; x_wconf 81' lang='grc' dir='ltr'>κινήσεως.</span> 
     </span>
    </p>
   </div>
   <div class='ocr_carea' id='block_1_64' title="bbox 2067 1876 3715 1949">
    <p class='ocr_par' dir='ltr' id='par_1_64' title="bbox 2067 1876 3715 1949">
     <span class='ocr_line' id='line_1_64' title="bbox 2067 1876 3715 1949; baseline 0.003 -16"><span class='ocrx_word' id='word_1_445' title='bbox 2067 1893 2196 1933; x_wconf 86' lang='lat' dir='ltr'>esse</span> <span class='ocrx_word' id='word_1_446' title='bbox 2226 1893 2331 1932; x_wconf 91' lang='lat' dir='ltr'>nec</span> <span class='ocrx_word' id='word_1_447' title='bbox 2360 1876 2473 1931; x_wconf 78' lang='lat' dir='ltr'>alia</span> <span class='ocrx_word' id='word_1_448' title='bbox 2502 1876 2604 1931; x_wconf 85' lang='lat' dir='ltr'>tali</span> <span class='ocrx_word' id='word_1_449' title='bbox 2637 1877 2915 1949; x_wconf 86' lang='lat' dir='ltr'>qualitate</span> <span class='ocrx_word' id='word_1_450' title='bbox 2936 1878 3243 1949; x_wconf 73' lang='lat' dir='ltr'>prteditum</span> <span class='ocrx_word' id='word_1_451' title='bbox 3269 1879 3715 1949; x_wconf 81' lang='lat' dir='ltr'>afﬁrmat.Quod</span> 
     </span>
    </p>
   </div>
   <div class='ocr_carea' id='block_1_65' title="bbox 2067 1965 3714 2039">
    <p class='ocr_par' dir='ltr' id='par_1_65' title="bbox 2067 1965 3714 2039">
     <span class='ocr_line' id='line_1_65' title="bbox 2067 1965 3714 2039; baseline 0.001 -16"><span class='ocrx_word' id='word_1_452' title='bbox 2067 1967 2116 2023; x_wconf 92' lang='lat' dir='ltr'>si</span> <span class='ocrx_word' id='word_1_453' title='bbox 2154 1965 2364 2021; x_wconf 85' lang='lat' dir='ltr'>dixerit</span> <span class='ocrx_word' id='word_1_454' title='bbox 2392 1965 2628 2037; x_wconf 85' lang='lat' dir='ltr'>aliquis.</span> <span class='ocrx_word' id='word_1_455' title='bbox 2680 1966 2976 2030; x_wconf 90' lang='lat' dir='ltr'>Quomodo</span> <span class='ocrx_word' id='word_1_456' title='bbox 3008 1966 3208 2039; x_wconf 86' lang='lat' dir='ltr'>igitur,</span> <span class='ocrx_word' id='word_1_457' title='bbox 3242 1967 3290 2022; x_wconf 94' lang='lat' dir='ltr'>si</span> <span class='ocrx_word' id='word_1_458' title='bbox 3341 1968 3567 2025; x_wconf 88' lang='lat' dir='ltr'>calidus</span> <span class='ocrx_word' id='word_1_459' title='bbox 3598 1987 3714 2025; x_wconf 90' lang='lat' dir='ltr'>non</span> 
     </span>
    </p>
   </div>
   <div class='ocr_carea' id='block_1_66' title="bbox 2066 2056 3716 2129">
    <p class='ocr_par' dir='ltr' id='par_1_66' title="bbox 2066 2056 3716 2129">
     <span class='ocr_line' id='line_1_66' title="bbox 2066 2056 3716 2129; baseline 0.001 -16"><span class='ocrx_word' id='word_1_460' title='bbox 2066 2060 2171 2124; x_wconf 90' lang='lat' dir='ltr'>est,</span> <span class='ocrx_word' id='word_1_461' title='bbox 2208 2056 2521 2111; x_wconf 78' lang='lat' dir='ltr'>calefacit?</span> <span class='ocrx_word' id='word_1_462' title='bbox 2567 2056 2904 2129; x_wconf 87' lang='lat' dir='ltr'>respondet,</span> <span class='ocrx_word' id='word_1_463' title='bbox 2955 2057 3111 2128; x_wconf 91' lang='lat' dir='ltr'>quod</span> <span class='ocrx_word' id='word_1_464' title='bbox 3144 2057 3283 2112; x_wconf 91' lang='lat' dir='ltr'>dum</span> <span class='ocrx_word' id='word_1_465' title='bbox 3336 2062 3597 2115; x_wconf 83' lang='lat' dir='ltr'>movetur</span> <span class='ocrx_word' id='word_1_466' title='bbox 3628 2058 3716 2115; x_wconf 92' lang='lat' dir='ltr'>sol</span> 
     </span>
    </p>
   </div>
   <div class='ocr_carea' id='block_1_67' title="bbox 2068 2142 3715 2220">
    <p class='ocr_par' dir='ltr' id='par_1_67' title="bbox 2068 2142 3715 2220">
     <span class='ocr_line' id='line_1_67' title="bbox 2068 2142 3715 2220; baseline 0.002 -18"><span class='ocrx_word' id='word_1_467' title='bbox 2068 2145 2281 2202; x_wconf 85' lang='lat' dir='ltr'>excitat</span> <span class='ocrx_word' id='word_1_468' title='bbox 2310 2142 2647 2217; x_wconf 68' lang='grc' dir='ltr'>ὑπέκκαυμα,</span> <span class='ocrx_word' id='word_1_469' title='bbox 2677 2145 2796 2201; x_wconf 87' lang='lat' dir='ltr'>sive</span> <span class='ocrx_word' id='word_1_470' title='bbox 2820 2144 3166 2218; x_wconf 89' lang='lat' dir='ltr'>fuliginosos</span> <span class='ocrx_word' id='word_1_471' title='bbox 3197 2163 3461 2220; x_wconf 88' lang='lat' dir='ltr'>vapores,</span> <span class='ocrx_word' id='word_1_472' title='bbox 3494 2165 3715 2205; x_wconf 89' lang='lat' dir='ltr'>aerem-</span> 
     </span>
    </p>
   </div>
   <div class='ocr_carea' id='block_1_68' title="bbox 2066 2234 3719 2308">
    <p class='ocr_par' dir='ltr' id='par_1_68' title="bbox 2066 2234 3719 2308">
     <span class='ocr_line' id='line_1_68' title="bbox 2066 2234 3719 2308; baseline 0.002 -18"><span class='ocrx_word' id='word_1_473' title='bbox 2066 2252 2180 2308; x_wconf 91' lang='lat' dir='ltr'>que</span> <span class='ocrx_word' id='word_1_474' title='bbox 2212 2234 2465 2290; x_wconf 89' lang='lat' dir='ltr'>vicinum</span> <span class='ocrx_word' id='word_1_475' title='bbox 2500 2240 2687 2306; x_wconf 85' lang='lat' dir='ltr'>terrae,</span> <span class='ocrx_word' id='word_1_476' title='bbox 2715 2240 2890 2308; x_wconf 87' lang='lat' dir='ltr'>atque</span> <span class='ocrx_word' id='word_1_477' title='bbox 2938 2234 3076 2291; x_wconf 90' lang='lat' dir='ltr'>inde</span> <span class='ocrx_word' id='word_1_478' title='bbox 3106 2235 3317 2293; x_wconf 87' lang='lat' dir='ltr'>caloris</span> <span class='ocrx_word' id='word_1_479' title='bbox 3349 2237 3598 2308; x_wconf 88' lang='lat' dir='ltr'>subjecti</span> <span class='ocrx_word' id='word_1_480' title='bbox 3628 2243 3719 2294; x_wconf 90' lang='lat' dir='ltr'>est</span> 
     </span>
    </p>
   </div>
   <div class='ocr_carea' id='block_1_69' title="bbox 2066 2322 3716 2397">
    <p class='ocr_par' dir='ltr' id='par_1_69' title="bbox 2066 2322 3716 2397">
     <span class='ocr_line' id='line_1_69' title="bbox 2066 2322 3716 2397; baseline 0.002 -18"><span class='ocrx_word' id='word_1_481' title='bbox 2066 2329 2286 2380; x_wconf 88' lang='lat' dir='ltr'>auctor.</span> <span class='ocrx_word' id='word_1_482' title='bbox 2339 2322 2683 2397; x_wconf 79' lang='grc' dir='ltr'>Ὑπέκκαυμα</span> <span class='ocrx_word' id='word_1_483' title='bbox 2729 2324 2909 2380; x_wconf 88' lang='lat' dir='ltr'>veluti</span> <span class='ocrx_word' id='word_1_484' title='bbox 2961 2325 3222 2380; x_wconf 82' lang='lat' dir='ltr'>fomitem</span> <span class='ocrx_word' id='word_1_485' title='bbox 3272 2327 3521 2382; x_wconf 65' lang='lat' dir='ltr'>ﬂammae</span> <span class='ocrx_word' id='word_1_486' title='bbox 3578 2345 3716 2385; x_wconf 88' lang='lat' dir='ltr'>con-</span> 
     </span>
    </p>
   </div>
   <div class='ocr_carea' id='block_1_70' title="bbox 2065 2412 3720 2489">
    <p class='ocr_par' dir='ltr' id='par_1_70' title="bbox 2065 2412 3720 2489">
     <span class='ocr_line' id='line_1_70' title="bbox 2065 2412 3720 2489; baseline 0.001 -19"><span class='ocrx_word' id='word_1_487' title='bbox 2065 2414 2346 2486; x_wconf 59' lang='lat' dir='ltr'>cipiendis</span> <span class='ocrx_word' id='word_1_488' title='bbox 2378 2414 2606 2487; x_wconf 89' lang='lat' dir='ltr'>primus</span> <span class='ocrx_word' id='word_1_489' title='bbox 2639 2412 2783 2468; x_wconf 86' lang='lat' dir='ltr'>dixit</span> <span class='ocrx_word' id='word_1_490' title='bbox 2807 2419 2863 2468; x_wconf 91' lang='lat' dir='ltr'>et</span> <span class='ocrx_word' id='word_1_491' title='bbox 2908 2419 3181 2470; x_wconf 89' lang='lat' dir='ltr'>naturam</span> <span class='ocrx_word' id='word_1_492' title='bbox 3226 2416 3355 2486; x_wconf 90' lang='lat' dir='ltr'>ejus</span> <span class='ocrx_word' id='word_1_493' title='bbox 3408 2413 3720 2489; x_wconf 86' lang='lat' dir='ltr'>explicavit</span> 
     </span>
    </p>
   </div>
   <div class='ocr_carea' id='block_1_71' title="bbox 2064 2502 3719 2576">
    <p class='ocr_par' dir='ltr' id='par_1_71' title="bbox 2064 2502 3719 2576">
     <span class='ocr_line' id='line_1_71' title="bbox 2064 2502 3719 2576; baseline 0.002 -17"><span class='ocrx_word' id='word_1_494' title='bbox 2064 2505 2423 2571; x_wconf 83' lang='lat' dir='ltr'>Aristoteles,</span> <span class='ocrx_word' id='word_1_495' title='bbox 2462 2502 2799 2576; x_wconf 87' lang='lat' dir='ltr'>intelligens</span> <span class='ocrx_word' id='word_1_496' title='bbox 2838 2520 2940 2574; x_wconf 90' lang='lat' dir='ltr'>per</span> <span class='ocrx_word' id='word_1_497' title='bbox 2971 2502 3132 2559; x_wconf 90' lang='lat' dir='ltr'>illam</span> <span class='ocrx_word' id='word_1_498' title='bbox 3182 2520 3427 2576; x_wconf 86' lang='lat' dir='ltr'>vapores</span> <span class='ocrx_word' id='word_1_499' title='bbox 3464 2522 3533 2562; x_wconf 86' lang='lat' dir='ltr'>ex</span> <span class='ocrx_word' id='word_1_500' title='bbox 3564 2510 3719 2563; x_wconf 90' lang='lat' dir='ltr'>terra</span> 
     </span>
    </p>
   </div>
   <div class='ocr_carea' id='block_1_72' title="bbox 2064 2591 3714 2669">
    <p class='ocr_par' dir='ltr' id='par_1_72' title="bbox 2064 2591 3714 2669">
     <span class='ocr_line' id='line_1_72' title="bbox 2064 2591 3714 2669; baseline 0.003 -21"><span class='ocrx_word' id='word_1_501' title='bbox 2064 2594 2423 2666; x_wconf 87' lang='lat' dir='ltr'>prodeuntes</span> <span class='ocrx_word' id='word_1_502' title='bbox 2453 2591 2672 2648; x_wconf 88' lang='lat' dir='ltr'>calidos</span> <span class='ocrx_word' id='word_1_503' title='bbox 2703 2593 3003 2664; x_wconf 90' lang='lat' dir='ltr'>siccosque</span> <span class='ocrx_word' id='word_1_504' title='bbox 3034 2611 3099 2648; x_wconf 92' lang='lat' dir='ltr'>ac</span> <span class='ocrx_word' id='word_1_505' title='bbox 3131 2593 3307 2649; x_wconf 90' lang='lat' dir='ltr'>veluti</span> <span class='ocrx_word' id='word_1_506' title='bbox 3342 2594 3714 2669; x_wconf 85' lang='lat' dir='ltr'>fuliginosos,</span> 
     </span>
    </p>
   </div>
   <div class='ocr_carea' id='block_1_73' title="bbox 2065 2681 3717 2754">
    <p class='ocr_par' dir='ltr' id='par_1_73' title="bbox 2065 2681 3717 2754">
     <span class='ocr_line' id='line_1_73' title="bbox 2065 2681 3717 2754; baseline 0.001 -16"><span class='ocrx_word' id='word_1_507' title='bbox 2065 2683 2165 2754; x_wconf 91' lang='lat' dir='ltr'>qui</span> <span class='ocrx_word' id='word_1_508' title='bbox 2199 2683 2268 2738; x_wconf 91' lang='lat' dir='ltr'>ad</span> <span class='ocrx_word' id='word_1_509' title='bbox 2302 2681 2501 2737; x_wconf 92' lang='lat' dir='ltr'>lunam</span> <span class='ocrx_word' id='word_1_510' title='bbox 2537 2699 2724 2753; x_wconf 87' lang='lat' dir='ltr'>usque</span> <span class='ocrx_word' id='word_1_511' title='bbox 2748 2688 2981 2753; x_wconf 86' lang='lat' dir='ltr'>propter</span> <span class='ocrx_word' id='word_1_512' title='bbox 3002 2681 3292 2738; x_wconf 87' lang='lat' dir='ltr'>levitatem</span> <span class='ocrx_word' id='word_1_513' title='bbox 3318 2700 3488 2739; x_wconf 87' lang='lat' dir='ltr'>suam</span> <span class='ocrx_word' id='word_1_514' title='bbox 3519 2685 3717 2740; x_wconf 88' lang='lat' dir='ltr'>ferun-</span> 
     </span>
    </p>
   </div>
   <div class='ocr_carea' id='block_1_74' title="bbox 2063 2770 3717 2843">
    <p class='ocr_par' dir='ltr' id='par_1_74' title="bbox 2063 2770 3717 2843">
     <span class='ocr_line' id='line_1_74' title="bbox 2063 2770 3717 2843; baseline 0.001 -16"><span class='ocrx_word' id='word_1_515' title='bbox 2063 2777 2179 2841; x_wconf 90' lang='lat' dir='ltr'>tur,</span> <span class='ocrx_word' id='word_1_516' title='bbox 2204 2778 2380 2843; x_wconf 88' lang='lat' dir='ltr'>atque</span> <span class='ocrx_word' id='word_1_517' title='bbox 2408 2771 2546 2826; x_wconf 89' lang='lat' dir='ltr'>moti</span> <span class='ocrx_word' id='word_1_518' title='bbox 2569 2776 2625 2826; x_wconf 88' lang='lat' dir='ltr'>et</span> <span class='ocrx_word' id='word_1_519' title='bbox 2646 2770 2847 2843; x_wconf 87' lang='lat' dir='ltr'>agitati</span> <span class='ocrx_word' id='word_1_520' title='bbox 2881 2787 2946 2826; x_wconf 90' lang='lat' dir='ltr'>ex</span> <span class='ocrx_word' id='word_1_521' title='bbox 2980 2775 3147 2843; x_wconf 89' lang='lat' dir='ltr'>parte</span> <span class='ocrx_word' id='word_1_522' title='bbox 3177 2773 3635 2841; x_wconf 89' lang='lat' dir='ltr'>succenduntur,</span> <span class='ocrx_word' id='word_1_523' title='bbox 3660 2778 3717 2830; x_wconf 85' lang='lat' dir='ltr'>et</span> 
     </span>
    </p>
   </div>
   <div class='ocr_carea' id='block_1_75' title="bbox 2062 2860 3715 2932">
    <p class='ocr_par' dir='ltr' id='par_1_75' title="bbox 2062 2860 3715 2932">
     <span class='ocr_line' id='line_1_75' title="bbox 2062 2860 3715 2932; baseline 0.002 -17"><span class='ocrx_word' id='word_1_524' title='bbox 2062 2861 2216 2932; x_wconf 87' lang='lat' dir='ltr'>ignis</span> <span class='ocrx_word' id='word_1_525' title='bbox 2258 2861 2445 2915; x_wconf 89' lang='lat' dir='ltr'>instar</span> <span class='ocrx_word' id='word_1_526' title='bbox 2494 2863 2777 2931; x_wconf 85' lang='lat' dir='ltr'>apparent</span> <span class='ocrx_word' id='word_1_527' title='bbox 2829 2876 2896 2915; x_wconf 90' lang='lat' dir='ltr'>ac</span> <span class='ocrx_word' id='word_1_528' title='bbox 2943 2860 3269 2930; x_wconf 85' lang='lat' dir='ltr'>subjectam</span> <span class='ocrx_word' id='word_1_529' title='bbox 3319 2862 3715 2919; x_wconf 88' lang='lat' dir='ltr'>substantiam</span> 
     </span>
    </p>
   </div>
   <div class='ocr_carea' id='block_1_76' title="bbox 2064 2949 3715 3022">
    <p class='ocr_par' dir='ltr' id='par_1_76' title="bbox 2064 2949 3715 3022">
     <span class='ocr_line' id='line_1_76' title="bbox 2064 2949 3715 3022; baseline 0.001 -16"><span class='ocrx_word' id='word_1_530' title='bbox 2064 2950 2430 3006; x_wconf 85' lang='lat' dir='ltr'>calefeciunt.</span> <span class='ocrx_word' id='word_1_531' title='bbox 2461 2950 2620 3015; x_wconf 81' lang='lat' dir='ltr'>Quod</span> <span class='ocrx_word' id='word_1_532' title='bbox 2651 2965 2786 3004; x_wconf 89' lang='lat' dir='ltr'>vero</span> <span class='ocrx_word' id='word_1_533' title='bbox 2818 2953 3015 3005; x_wconf 90' lang='lat' dir='ltr'>motus</span> <span class='ocrx_word' id='word_1_534' title='bbox 3037 2949 3289 3005; x_wconf 87' lang='lat' dir='ltr'>calorem</span> <span class='ocrx_word' id='word_1_535' title='bbox 3319 2954 3582 3022; x_wconf 85' lang='lat' dir='ltr'>generet,</span> <span class='ocrx_word' id='word_1_536' title='bbox 3616 2952 3715 3007; x_wconf 90' lang='lat' dir='ltr'>do-</span> 
     </span>
    </p>
   </div>
   <div class='ocr_carea' id='block_1_77' title="bbox 2061 3038 3711 3110">
    <p class='ocr_par' dir='ltr' id='par_1_77' title="bbox 2061 3038 3711 3110">
     <span class='ocr_line' id='line_1_77' title="bbox 2061 3038 3711 3110; baseline 0.001 -14"><span class='ocrx_word' id='word_1_537' title='bbox 2061 3045 2193 3096; x_wconf 88' lang='lat' dir='ltr'>cent</span> <span class='ocrx_word' id='word_1_538' title='bbox 2212 3039 2299 3095; x_wconf 90' lang='lat' dir='ltr'>vel</span> <span class='ocrx_word' id='word_1_539' title='bbox 2332 3038 2679 3110; x_wconf 86' lang='lat' dir='ltr'>sagittarum</span> <span class='ocrx_word' id='word_1_540' title='bbox 2714 3038 3307 3110; x_wconf 84' lang='lat' dir='ltr'>cuspides,siquidem</span> <span class='ocrx_word' id='word_1_541' title='bbox 3342 3047 3536 3097; x_wconf 86' lang='lat' dir='ltr'>motus</span> <span class='ocrx_word' id='word_1_542' title='bbox 3562 3041 3711 3097; x_wconf 90' lang='lat' dir='ltr'>cele-</span> 
     </span>
    </p>
   </div>
   <div class='ocr_carea' id='block_1_78' title="bbox 2063 3126 3381 3200">
    <p class='ocr_par' dir='ltr' id='par_1_78' title="bbox 2063 3126 3381 3200">
     <span class='ocr_line' id='line_1_78' title="bbox 2063 3126 3381 3200; baseline -0.002 -15"><span class='ocrx_word' id='word_1_543' title='bbox 2063 3130 2235 3185; x_wconf 85' lang='lat' dir='ltr'>ritate</span> <span class='ocrx_word' id='word_1_544' title='bbox 2264 3128 2575 3200; x_wconf 86' lang='lat' dir='ltr'>plumbum</span> <span class='ocrx_word' id='word_1_545' title='bbox 2607 3126 2726 3181; x_wconf 86' lang='lat' dir='ltr'>illis</span> <span class='ocrx_word' id='word_1_546' title='bbox 2758 3126 3102 3197; x_wconf 89' lang='lat' dir='ltr'>impositum</span> <span class='ocrx_word' id='word_1_547' title='bbox 3136 3127 3381 3198; x_wconf 85' lang='lat' dir='ltr'>liqueﬁt.</span> 
     </span>
    </p>
   </div>
   <div class='ocr_carea' id='block_1_79' title="bbox 2336 3206 3448 3284">
    <p class='ocr_par' dir='ltr' id='par_1_79' title="bbox 2336 3206 3448 3284">
     <span class='ocr_line' id='line_1_79' title="bbox 2336 3206 3448 3284; baseline 0.004 -15"><span class='ocrx_word' id='word_1_548' title='bbox 2336 3218 2430 3273; x_wconf 84' lang='lat'>97.</span> <span class='ocrx_word' id='word_1_549' title='bbox 2472 3215 2661 3284; x_wconf 85' lang='lat' dir='ltr'>Qualis</span> <span class='ocrx_word' id='word_1_550' title='bbox 2690 3217 2763 3271; x_wconf 81' lang='lat' dir='ltr'>sit</span> <span class='ocrx_word' id='word_1_551' title='bbox 2791 3206 3065 3271; x_wconf 66' lang='lat' dir='ltr'>astrorurﬂ</span> <span class='ocrx_word' id='word_1_552' title='bbox 3090 3216 3399 3273; x_wconf 78' lang='lat' dir='ltr'>substantia</span> <span class='ocrx_word' id='word_1_553' title='bbox 3420 3217 3448 3272; x_wconf 85' lang='lat'><strong>?</strong></span> 
     </span>
    </p>
   </div>
   <div class='ocr_carea' id='block_1_80' title="bbox 2133 3305 3708 3380">
    <p class='ocr_par' dir='ltr' id='par_1_80' title="bbox 2133 3305 3708 3380">
     <span class='ocr_line' id='line_1_80' title="bbox 2133 3305 3708 3380; baseline 0.001 -18"><span class='ocrx_word' id='word_1_554' title='bbox 2133 3307 2410 3363; x_wconf 89' lang='lat' dir='ltr'>Omnium</span> <span class='ocrx_word' id='word_1_555' title='bbox 2445 3305 2703 3361; x_wconf 89' lang='lat' dir='ltr'>siderum</span> <span class='ocrx_word' id='word_1_556' title='bbox 2737 3305 3599 3380; x_wconf 87' lang='lat' dir='ltr'>inerrantium,crrantiumque</span> <span class='ocrx_word' id='word_1_557' title='bbox 3620 3325 3708 3365; x_wconf 84' lang='lat' dir='ltr'>se-</span> 
     </span>
    </p>
   </div>
   <div class='ocr_carea' id='block_1_81' title="bbox 2063 3395 3712 3470">
    <p class='ocr_par' dir='ltr' id='par_1_81' title="bbox 2063 3395 3712 3470">
     <span class='ocr_line' id='line_1_81' title="bbox 2063 3395 3712 3470; baseline -0.001 -16"><span class='ocrx_word' id='word_1_558' title='bbox 2063 3399 2317 3454; x_wconf 91' lang='lat' dir='ltr'>cundum</span> <span class='ocrx_word' id='word_1_559' title='bbox 2352 3395 2647 3451; x_wconf 82' lang='lat' dir='ltr'>Platonem</span> <span class='ocrx_word' id='word_1_560' title='bbox 2683 3412 2799 3451; x_wconf 89' lang='lat' dir='ltr'>una</span> <span class='ocrx_word' id='word_1_561' title='bbox 2831 3395 3162 3451; x_wconf 88' lang='lat' dir='ltr'>substantia</span> <span class='ocrx_word' id='word_1_562' title='bbox 3191 3399 3300 3467; x_wconf 89' lang='lat' dir='ltr'>est,</span> <span class='ocrx_word' id='word_1_563' title='bbox 3335 3413 3469 3469; x_wconf 89' lang='lat' dir='ltr'>pars</span> <span class='ocrx_word' id='word_1_564' title='bbox 3503 3413 3712 3470; x_wconf 90' lang='lat' dir='ltr'>nempe</span> 
     </span>
    </p>
   </div>
   <div class='ocr_carea' id='block_1_82' title="bbox 2062 3484 3712 3557">
    <p class='ocr_par' dir='ltr' id='par_1_82' title="bbox 2062 3484 3712 3557">
     <span class='ocr_line' id='line_1_82' title="bbox 2062 3484 3712 3557; baseline 0.001 -14"><span class='ocrx_word' id='word_1_565' title='bbox 2062 3487 2335 3543; x_wconf 90' lang='lat' dir='ltr'>subtilior</span> <span class='ocrx_word' id='word_1_566' title='bbox 2365 3484 2843 3557; x_wconf 88' lang='lat' dir='ltr'>splendidiorque</span> <span class='ocrx_word' id='word_1_567' title='bbox 2874 3489 3129 3557; x_wconf 86' lang='lat' dir='ltr'>quatuor</span> <span class='ocrx_word' id='word_1_568' title='bbox 3175 3485 3621 3555; x_wconf 89' lang='lat' dir='ltr'>elementorum,</span> <span class='ocrx_word' id='word_1_569' title='bbox 3653 3492 3712 3544; x_wconf 87' lang='lat' dir='ltr'>et</span> 
     </span>
    </p>
   </div>
   <div class='ocr_carea' id='block_1_83' title="bbox 2061 3574 3705 3648">
    <p class='ocr_par' dir='ltr' id='par_1_83' title="bbox 2061 3574 3705 3648">
     <span class='ocr_line' id='line_1_83' title="bbox 2061 3574 3705 3648; baseline 0 -16"><span class='ocrx_word' id='word_1_570' title='bbox 2061 3577 2295 3633; x_wconf 91' lang='lat' dir='ltr'>illorum</span> <span class='ocrx_word' id='word_1_571' title='bbox 2318 3574 2494 3631; x_wconf 88' lang='lat' dir='ltr'>veluti</span> <span class='ocrx_word' id='word_1_572' title='bbox 2519 3574 3254 3646; x_wconf 87' lang='lat' dir='ltr'>despumatio.Aristoteles</span> <span class='ocrx_word' id='word_1_573' title='bbox 3274 3593 3407 3632; x_wconf 89' lang='lat' dir='ltr'>vero</span> <span class='ocrx_word' id='word_1_574' title='bbox 3434 3576 3705 3648; x_wconf 90' lang='lat' dir='ltr'>quintum</span> 
     </span>
    </p>
   </div>
   <div class='ocr_carea' id='block_1_84' title="bbox 2061 3664 3705 3741">
    <p class='ocr_par' dir='ltr' id='par_1_84' title="bbox 2061 3664 3705 3741">
     <span class='ocr_line' id='line_1_84' title="bbox 2061 3664 3705 3741; baseline -0.001 -17"><span class='ocrx_word' id='word_1_575' title='bbox 2061 3668 2353 3741; x_wconf 91' lang='lat' dir='ltr'>quoddam</span> <span class='ocrx_word' id='word_1_576' title='bbox 2387 3683 2598 3737; x_wconf 92' lang='lat' dir='ltr'>corpus</span> <span class='ocrx_word' id='word_1_577' title='bbox 2631 3666 2700 3719; x_wconf 91' lang='lat' dir='ltr'>de</span> <span class='ocrx_word' id='word_1_578' title='bbox 2732 3664 2848 3719; x_wconf 90' lang='lat' dir='ltr'>illis</span> <span class='ocrx_word' id='word_1_579' title='bbox 2880 3664 3257 3736; x_wconf 80' lang='lat' dir='ltr'>cogitandum</span> <span class='ocrx_word' id='word_1_580' title='bbox 3292 3665 3705 3737; x_wconf 89' lang='lat' dir='ltr'>relinquit,ne-</span> 
     </span>
    </p>
   </div>
   <div class='ocr_carea' id='block_1_85' title="bbox 2059 3752 3705 3830">
    <p class='ocr_par' dir='ltr' id='par_1_85' title="bbox 2059 3752 3705 3830">
     <span class='ocr_line' id='line_1_85' title="bbox 2059 3752 3705 3830; baseline -0.001 -16"><span class='ocrx_word' id='word_1_581' title='bbox 2059 3775 2172 3830; x_wconf 91' lang='lat' dir='ltr'>que</span> <span class='ocrx_word' id='word_1_582' title='bbox 2202 3758 2356 3813; x_wconf 87' lang='lat' dir='ltr'>enim</span> <span class='ocrx_word' id='word_1_583' title='bbox 2391 3755 2654 3810; x_wconf 91' lang='lat' dir='ltr'>nominat</span> <span class='ocrx_word' id='word_1_584' title='bbox 2675 3771 2799 3825; x_wconf 64' lang='lat' dir='ltr'>quae</span> <span class='ocrx_word' id='word_1_585' title='bbox 2823 3753 2899 3808; x_wconf 89' lang='lat' dir='ltr'>sit</span> <span class='ocrx_word' id='word_1_586' title='bbox 2919 3752 3219 3808; x_wconf 84' lang='lat' dir='ltr'>stellarum</span> <span class='ocrx_word' id='word_1_587' title='bbox 3243 3755 3705 3828; x_wconf 87' lang='lat' dir='ltr'>substantia,sed</span> 
     </span>
    </p>
   </div>
   <div class='ocr_carea' id='block_1_86' title="bbox 2059 3842 3703 3914">
    <p class='ocr_par' dir='ltr' id='par_1_86' title="bbox 2059 3842 3703 3914">
     <span class='ocr_line' id='line_1_86' title="bbox 2059 3842 3703 3914; baseline -0.001 -12"><span class='ocrx_word' id='word_1_588' title='bbox 2059 3846 2269 3903; x_wconf 78' lang='lat' dir='ltr'>ccelum</span> <span class='ocrx_word' id='word_1_589' title='bbox 2302 3862 2475 3901; x_wconf 90' lang='lat' dir='ltr'>omne</span> <span class='ocrx_word' id='word_1_590' title='bbox 2497 3844 2884 3913; x_wconf 85' lang='lat' dir='ltr'>universaque</span> <span class='ocrx_word' id='word_1_591' title='bbox 2909 3842 3268 3914; x_wconf 89' lang='lat' dir='ltr'>sidera,quia</span> <span class='ocrx_word' id='word_1_592' title='bbox 3289 3844 3516 3899; x_wconf 90' lang='lat' dir='ltr'>diverso</span> <span class='ocrx_word' id='word_1_593' title='bbox 3540 3848 3703 3901; x_wconf 88' lang='lat' dir='ltr'>motu</span> 
     </span>
    </p>
   </div>
   <div class='ocr_carea' id='block_1_87' title="bbox 2058 3932 3709 4007">
    <p class='ocr_par' dir='ltr' id='par_1_87' title="bbox 2058 3932 3709 4007">
     <span class='ocr_line' id='line_1_87' title="bbox 2058 3932 3709 4007; baseline -0.001 -16"><span class='ocrx_word' id='word_1_594' title='bbox 2058 3953 2234 4007; x_wconf 91' lang='lat' dir='ltr'>quam</span> <span class='ocrx_word' id='word_1_595' title='bbox 2288 3934 2579 3990; x_wconf 89' lang='lat' dir='ltr'>elementa</span> <span class='ocrx_word' id='word_1_596' title='bbox 2627 3936 2879 4002; x_wconf 86' lang='lat' dir='ltr'>quatuor</span> <span class='ocrx_word' id='word_1_597' title='bbox 2928 3932 3170 4003; x_wconf 81' lang='lat' dir='ltr'>praedita</span> <span class='ocrx_word' id='word_1_598' title='bbox 3218 3936 3376 4000; x_wconf 89' lang='lat' dir='ltr'>sunt,</span> <span class='ocrx_word' id='word_1_599' title='bbox 3434 3934 3709 4004; x_wconf 91' lang='lat' dir='ltr'>quintum</span> 
     </span>
    </p>
   </div>
   <div class='ocr_carea' id='block_1_88' title="bbox 2060 4020 3706 4095">
    <p class='ocr_par' dir='ltr' id='par_1_88' title="bbox 2060 4020 3706 4095">
     <span class='ocr_line' id='line_1_88' title="bbox 2060 4020 3706 4095; baseline -0.001 -15"><span class='ocrx_word' id='word_1_600' title='bbox 2060 4040 2270 4094; x_wconf 89' lang='lat' dir='ltr'>corpus</span> <span class='ocrx_word' id='word_1_601' title='bbox 2302 4022 2577 4095; x_wconf 88' lang='lat' dir='ltr'>appellat.</span> <span class='ocrx_word' id='word_1_602' title='bbox 2609 4021 2689 4075; x_wconf 86' lang='lat' dir='ltr'>Ex</span> <span class='ocrx_word' id='word_1_603' title='bbox 2736 4020 3011 4075; x_wconf 90' lang='lat' dir='ltr'>omnibus</span> <span class='ocrx_word' id='word_1_604' title='bbox 3043 4036 3212 4091; x_wconf 90' lang='lat' dir='ltr'>porro</span> <span class='ocrx_word' id='word_1_605' title='bbox 3264 4020 3450 4077; x_wconf 86' lang='lat' dir='ltr'>stellis</span> <span class='ocrx_word' id='word_1_606' title='bbox 3482 4026 3706 4094; x_wconf 89' lang='lat' dir='ltr'>septem</span> 
     </span>
    </p>
   </div>
   <div class='ocr_carea' id='block_1_89' title="bbox 2059 4108 3711 4184">
    <p class='ocr_par' dir='ltr' id='par_1_89' title="bbox 2059 4108 3711 4184">
     <span class='ocr_line' id='line_1_89' title="bbox 2059 4108 3711 4184; baseline -0.001 -15"><span class='ocrx_word' id='word_1_607' title='bbox 2059 4112 2469 4169; x_wconf 88' lang='lat' dir='ltr'>tantummodo</span> <span class='ocrx_word' id='word_1_608' title='bbox 2504 4114 2640 4165; x_wconf 89' lang='lat' dir='ltr'>sunt</span> <span class='ocrx_word' id='word_1_609' title='bbox 2690 4108 2939 4180; x_wconf 58' lang='lat' dir='ltr'>planetes</span> <span class='ocrx_word' id='word_1_610' title='bbox 2970 4109 3089 4164; x_wconf 90' lang='lat' dir='ltr'>sive</span> <span class='ocrx_word' id='word_1_611' title='bbox 3136 4115 3422 4179; x_wconf 87' lang='lat' dir='ltr'>errantes,</span> <span class='ocrx_word' id='word_1_612' title='bbox 3452 4112 3540 4166; x_wconf 89' lang='lat' dir='ltr'>vel</span> <span class='ocrx_word' id='word_1_613' title='bbox 3573 4128 3711 4184; x_wconf 87' lang='lat' dir='ltr'>pro-</span> 
     </span>
    </p>
   </div>
   <div class='ocr_carea' id='block_1_90' title="bbox 2060 4196 3710 4275">
    <p class='ocr_par' dir='ltr' id='par_1_90' title="bbox 2060 4196 3710 4275">
     <span class='ocr_line' id='line_1_90' title="bbox 2060 4196 3710 4275; baseline 0.001 -19"><span class='ocrx_word' id='word_1_614' title='bbox 2060 4201 2185 4275; x_wconf 90' lang='lat' dir='ltr'>prie</span> <span class='ocrx_word' id='word_1_615' title='bbox 2219 4199 2479 4272; x_wconf 90' lang='lat' dir='ltr'>quinque</span> <span class='ocrx_word' id='word_1_616' title='bbox 2526 4198 2958 4265; x_wconf 88' lang='lat' dir='ltr'>tantummodo,</span> <span class='ocrx_word' id='word_1_617' title='bbox 2994 4196 3079 4252; x_wconf 89' lang='lat' dir='ltr'>sol</span> <span class='ocrx_word' id='word_1_618' title='bbox 3128 4197 3285 4252; x_wconf 88' lang='lat' dir='ltr'>enim</span> <span class='ocrx_word' id='word_1_619' title='bbox 3317 4201 3373 4254; x_wconf 90' lang='lat' dir='ltr'>et</span> <span class='ocrx_word' id='word_1_620' title='bbox 3420 4198 3562 4255; x_wconf 90' lang='lat' dir='ltr'>luna</span> <span class='ocrx_word' id='word_1_621' title='bbox 3592 4218 3710 4257; x_wconf 92' lang='lat' dir='ltr'>non</span> 
     </span>
    </p>
   </div>
   <div class='ocr_carea' id='block_1_91' title="bbox 2060 4286 3708 4361">
    <p class='ocr_par' dir='ltr' id='par_1_91' title="bbox 2060 4286 3708 4361">
     <span class='ocr_line' id='line_1_91' title="bbox 2060 4286 3708 4361; baseline -0.001 -14"><span class='ocrx_word' id='word_1_622' title='bbox 2060 4294 2279 4359; x_wconf 89' lang='lat' dir='ltr'>errant,</span> <span class='ocrx_word' id='word_1_623' title='bbox 2312 4294 2370 4344; x_wconf 93' lang='lat' dir='ltr'>at</span> <span class='ocrx_word' id='word_1_624' title='bbox 2394 4288 2479 4342; x_wconf 90' lang='lat' dir='ltr'>illi</span> <span class='ocrx_word' id='word_1_625' title='bbox 2503 4287 2765 4359; x_wconf 91' lang='lat' dir='ltr'>quinque</span> <span class='ocrx_word' id='word_1_626' title='bbox 2796 4286 2935 4358; x_wconf 87' lang='lat' dir='ltr'>quia</span> <span class='ocrx_word' id='word_1_627' title='bbox 2958 4286 3368 4357; x_wconf 84' lang='lat' dir='ltr'>videnturjam</span> <span class='ocrx_word' id='word_1_628' title='bbox 3399 4291 3557 4345; x_wconf 88' lang='lat' dir='ltr'>stare</span> <span class='ocrx_word' id='word_1_629' title='bbox 3580 4289 3708 4361; x_wconf 89' lang='lat' dir='ltr'>jam</span> 
     </span>
    </p>
   </div>
   <div class='ocr_carea' id='block_1_92' title="bbox 2062 4375 3067 4452">
    <p class='ocr_par' dir='ltr' id='par_1_92' title="bbox 2062 4375 3067 4452">
     <span class='ocr_line' id='line_1_92' title="bbox 2062 4375 3067 4452; baseline -0.008 -15"><span class='ocrx_word' id='word_1_630' title='bbox 2062 4378 2406 4452; x_wconf 78' lang='lat' dir='ltr'>retrogradi,</span> <span class='ocrx_word' id='word_1_631' title='bbox 2437 4378 2699 4433; x_wconf 88' lang='lat' dir='ltr'>errantes</span> <span class='ocrx_word' id='word_1_632' title='bbox 2731 4375 2873 4430; x_wconf 91' lang='lat' dir='ltr'>dicti</span> <span class='ocrx_word' id='word_1_633' title='bbox 2907 4379 3067 4431; x_wconf 90' lang='lat' dir='ltr'>sunt.</span> 
     </span>
    </p>
   </div>
   <div class='ocr_carea' id='block_1_93' title="bbox 2326 4481 3437 4539">
    <p class='ocr_par' dir='ltr' id='par_1_93' title="bbox 2326 4481 3437 4539">
     <span class='ocr_line' id='line_1_93' title="bbox 2326 4481 3437 4539; baseline 0.001 -1"><span class='ocrx_word' id='word_1_634' title='bbox 2326 4482 2415 4538; x_wconf 87' lang='lat'>98.</span> <span class='ocrx_word' id='word_1_635' title='bbox 2450 4487 2530 4539; x_wconf 77' lang='lat' dir='ltr'>De</span> <span class='ocrx_word' id='word_1_636' title='bbox 2556 4481 2857 4537; x_wconf 77' lang='lat' dir='ltr'>stellarum</span> <span class='ocrx_word' id='word_1_637' title='bbox 2887 4481 3166 4537; x_wconf 79' lang='lat' dir='ltr'>rotatione</span> <span class='ocrx_word' id='word_1_638' title='bbox 3195 4498 3262 4538; x_wconf 88' lang='lat' dir='ltr'>ac</span> <span class='ocrx_word' id='word_1_639' title='bbox 3289 4490 3437 4539; x_wconf 84' lang='lat' dir='ltr'>motu</span> 
     </span>
    </p>
   </div>
   <div class='ocr_carea' id='block_1_94' title="bbox 370 4553 1955 4669">
    <p class='ocr_par' dir='ltr' id='par_1_94' title="bbox 370 4553 1948 4669">
     <span class='ocr_line' id='line_1_94' title="bbox 370 4553 1948 4669; baseline 0.001 -22"><span class='ocrx_word' id='word_1_640' title='bbox 370 4553 441 4647; x_wconf 62' lang='lat' dir='ltr'>Ol:</span> <span class='ocrx_word' id='word_1_641' title='bbox 468 4553 475 4555; x_wconf 11' lang='grc' dir='ltr'><em>ἓ</em></span> <span class='ocrx_word' id='word_1_642' title='bbox 499 4592 593 4665; x_wconf 79' lang='grc' dir='ltr'>μὶν</span> <span class='ocrx_word' id='word_1_643' title='bbox 624 4553 634 4561; x_wconf 41' lang='lat'>&#39;</span> <span class='ocrx_word' id='word_1_644' title='bbox 669 4591 927 4655; x_wconf 85' lang='grc' dir='ltr'>ἀπλανεῖς</span> <span class='ocrx_word' id='word_1_645' title='bbox 998 4553 1215 4667; x_wconf 76' lang='grc' dir='ltr'>ἀστέρες</span> <span class='ocrx_word' id='word_1_646' title='bbox 1250 4553 1261 4564; x_wconf 51' lang='grc'><em>.</em></span> <span class='ocrx_word' id='word_1_647' title='bbox 1287 4553 1514 4655; x_wconf 76' lang='grc' dir='ltr'>ὁίπαντες</span> <span class='ocrx_word' id='word_1_648' title='bbox 1570 4592 1948 4669; x_wconf 79' lang='grc' dir='ltr'>ἐστηριγμένοι</span> 
     </span>
    </p>
   </div>
   <div class='ocr_carea' id='block_1_95' title="bbox 2068 4553 3709 4669">
    <p class='ocr_par' dir='ltr' id='par_1_95' title="bbox 2130 4589 3709 4661">
     <span class='ocr_line' id='line_1_95' title="bbox 2130 4589 3709 4661; baseline -0.002 -14"><span class='ocrx_word' id='word_1_649' title='bbox 2130 4590 2321 4648; x_wconf 64' lang='lat' dir='ltr'>Stellae</span> <span class='ocrx_word' id='word_1_650' title='bbox 2353 4590 2680 4645; x_wconf 87' lang='lat' dir='ltr'>inerrantes</span> <span class='ocrx_word' id='word_1_651' title='bbox 2712 4589 2991 4644; x_wconf 61' lang='lat' dir='ltr'>universa)</span> <span class='ocrx_word' id='word_1_652' title='bbox 3022 4590 3145 4645; x_wconf 71' lang='lat' dir='ltr'>fixae</span> <span class='ocrx_word' id='word_1_653' title='bbox 3177 4594 3341 4661; x_wconf 89' lang='lat' dir='ltr'>sunt,</span> <span class='ocrx_word' id='word_1_654' title='bbox 3375 4596 3438 4646; x_wconf 86' lang='lat' dir='ltr'>ut</span> <span class='ocrx_word' id='word_1_655' title='bbox 3472 4590 3554 4647; x_wconf 90' lang='lat' dir='ltr'>ait</span> <span class='ocrx_word' id='word_1_656' title='bbox 3581 4589 3709 4645; x_wconf 91' lang='lat' dir='ltr'>Ari-</span> 
     </span>
    </p>
   </div>
   <div class='ocr_carea' id='block_1_96' title="bbox 295 4676 1952 4760">
    <p class='ocr_par' dir='ltr' id='par_1_96' title="bbox 295 4676 1952 4760">
     <span class='ocr_line' id='line_1_96' title="bbox 295 4676 1952 4760; baseline 0.002 -26"><span class='ocrx_word' id='word_1_657' title='bbox 295 4676 471 4749; x_wconf 71' lang='grc' dir='ltr'>ὄντες,</span> <span class='ocrx_word' id='word_1_658' title='bbox 530 4681 604 4743; x_wconf 86' lang='grc' dir='ltr'>ὡς</span> <span class='ocrx_word' id='word_1_659' title='bbox 664 4681 1049 4756; x_wconf 70' lang='grc' dir='ltr'>Ἀριστοτέλης</span> <span class='ocrx_word' id='word_1_660' title='bbox 1082 4682 1239 4760; x_wconf 77' lang='grc' dir='ltr'>φησὶ,</span> <span class='ocrx_word' id='word_1_661' title='bbox 1271 4682 1360 4737; x_wconf 84' lang='grc' dir='ltr'>καὶ</span> <span class='ocrx_word' id='word_1_662' title='bbox 1391 4687 1471 4755; x_wconf 84' lang='grc' dir='ltr'>τῷ</span> <span class='ocrx_word' id='word_1_663' title='bbox 1512 4682 1722 4758; x_wconf 76' lang='grc' dir='ltr'>οὖρανῷ</span> <span class='ocrx_word' id='word_1_664' title='bbox 1754 4685 1952 4756; x_wconf 87' lang='grc' dir='ltr'>ἀμετα-</span> 
     </span>
    </p>
   </div>
   <div class='ocr_carea' id='block_1_97' title="bbox 295 4768 1953 4847">
    <p class='ocr_par' dir='ltr' id='par_1_97' title="bbox 295 4768 1953 4847">
     <span class='ocr_line' id='line_1_97' title="bbox 295 4768 1953 4847; baseline 0.002 -24"><span class='ocrx_word' id='word_1_665' title='bbox 295 4768 467 4830; x_wconf 84' lang='grc' dir='ltr'>Οέτως</span> <span class='ocrx_word' id='word_1_666' title='bbox 556 4770 998 4845; x_wconf 76' lang='grc' dir='ltr'>συγκινούμενοι,</span> <span class='ocrx_word' id='word_1_667' title='bbox 1083 4768 1378 4847; x_wconf 81' lang='grc' dir='ltr'>ἐπειδήπερ</span> <span class='ocrx_word' id='word_1_668' title='bbox 1463 4772 1619 4833; x_wconf 76' lang='grc' dir='ltr'>οὗτος</span> <span class='ocrx_word' id='word_1_669' title='bbox 1694 4771 1744 4841; x_wconf 71' lang='grc' dir='ltr'>ἐξ</span> <span class='ocrx_word' id='word_1_670' title='bbox 1822 4774 1953 4826; x_wconf 68' lang='grc' dir='ltr'>ἀναε-</span> 
     </span>
    </p>
   </div>
   <div class='ocr_carea' id='block_1_98' title="bbox 292 4855 1951 4935">
    <p class='ocr_par' dir='ltr' id='par_1_98' title="bbox 292 4855 1951 4935">
     <span class='ocr_line' id='line_1_98' title="bbox 292 4855 1951 4935; baseline 0.002 -24"><span class='ocrx_word' id='word_1_671' title='bbox 292 4856 476 4912; x_wconf 84' lang='grc' dir='ltr'>τολῶν</span> <span class='ocrx_word' id='word_1_672' title='bbox 525 4856 603 4920; x_wconf 76' lang='grc' dir='ltr'>εἷς</span> <span class='ocrx_word' id='word_1_673' title='bbox 663 4855 868 4932; x_wconf 71' lang='grc' dir='ltr'>δυσμὰς</span> <span class='ocrx_word' id='word_1_674' title='bbox 918 4860 1157 4935; x_wconf 75' lang='grc' dir='ltr'>φέρεται,</span> <span class='ocrx_word' id='word_1_675' title='bbox 1188 4862 1288 4929; x_wconf 74' lang='grc' dir='ltr'>τὴν</span> <span class='ocrx_word' id='word_1_676' title='bbox 1344 4861 1515 4930; x_wconf 71' lang='grc' dir='ltr'>αὐτὴν</span> <span class='ocrx_word' id='word_1_677' title='bbox 1574 4861 1662 4915; x_wconf 79' lang='grc' dir='ltr'>καὶ</span> <span class='ocrx_word' id='word_1_678' title='bbox 1697 4860 1951 4933; x_wconf 81' lang='grc' dir='ltr'>οῦτοιτῷ</span> 
     </span>
    </p>
   </div>
   <div class='ocr_carea' id='block_1_99' title="bbox 294 4946 1949 5023">
    <p class='ocr_par' dir='ltr' id='par_1_99' title="bbox 294 4946 1949 5023">
     <span class='ocr_line' id='line_1_99' title="bbox 294 4946 1949 5023; baseline 0.002 -22"><span class='ocrx_word' id='word_1_679' title='bbox 294 4946 513 5023; x_wconf 77' lang='grc' dir='ltr'>οὐρανῷ</span> <span class='ocrx_word' id='word_1_680' title='bbox 542 4951 814 5002; x_wconf 86' lang='grc' dir='ltr'>κινοῦνται</span> <span class='ocrx_word' id='word_1_681' title='bbox 865 4949 1101 5019; x_wconf 86' lang='grc' dir='ltr'>κίνησιν.</span> <span class='ocrx_word' id='word_1_682' title='bbox 1163 4950 1229 5006; x_wconf 74' lang='grc' dir='ltr'>Οἱ</span> <span class='ocrx_word' id='word_1_683' title='bbox 1289 4946 1347 5003; x_wconf 74' lang='grc' dir='ltr'>δὲ</span> <span class='ocrx_word' id='word_1_684' title='bbox 1391 4949 1663 5019; x_wconf 81' lang='grc' dir='ltr'>πλανῆται</span> <span class='ocrx_word' id='word_1_685' title='bbox 1716 4947 1805 5004; x_wconf 69' lang='grc' dir='ltr'>διὰ</span> <span class='ocrx_word' id='word_1_686' title='bbox 1850 4950 1949 5019; x_wconf 78' lang='grc' dir='ltr'>τὴν</span> 
     </span>
    </p>
   </div>
   <div class='ocr_carea' id='block_1_100' title="bbox 296 5036 1954 5118">
    <p class='ocr_par' dir='ltr' id='par_1_100' title="bbox 296 5036 1954 5118">
     <span class='ocr_line' id='line_1_100' title="bbox 296 5036 1954 5118; baseline 0.002 -28"><span class='ocrx_word' id='word_1_687' title='bbox 296 5036 568 5091; x_wconf 80' lang='grc' dir='ltr'>ἀντίθετον</span> <span class='ocrx_word' id='word_1_688' title='bbox 628 5038 919 5111; x_wconf 74' lang='grc' dir='ltr'>ἀντέρεισιν</span> <span class='ocrx_word' id='word_1_689' title='bbox 954 5038 1043 5093; x_wconf 81' lang='grc' dir='ltr'>καὶ</span> <span class='ocrx_word' id='word_1_690' title='bbox 1111 5036 1437 5112; x_wconf 73' lang='grc' dir='ltr'>ἰσόσταθμον</span> <span class='ocrx_word' id='word_1_691' title='bbox 1472 5039 1573 5093; x_wconf 88' lang='grc' dir='ltr'>ὑπὸ</span> <span class='ocrx_word' id='word_1_692' title='bbox 1622 5044 1762 5118; x_wconf 74' lang='grc' dir='ltr'>σοφῇ</span> <span class='ocrx_word' id='word_1_693' title='bbox 1822 5060 1954 5114; x_wconf 90' lang='grc' dir='ltr'>προ-</span> 
     </span>
    </p>
   </div>
   <div class='ocr_carea' id='block_1_101' title="bbox 295 5123 1948 5204">
    <p class='ocr_par' dir='ltr' id='par_1_101' title="bbox 295 5123 1948 5204">
     <span class='ocr_line' id='line_1_101' title="bbox 295 5123 1948 5204; baseline 0.002 -24"><span class='ocrx_word' id='word_1_694' title='bbox 295 5125 436 5195; x_wconf 88' lang='grc' dir='ltr'>νοίν,</span> <span class='ocrx_word' id='word_1_695' title='bbox 479 5123 572 5180; x_wconf 73' lang='grc' dir='ltr'>’ίνα</span> <span class='ocrx_word' id='word_1_696' title='bbox 602 5128 677 5199; x_wconf 80' lang='grc' dir='ltr'>μὴ</span> <span class='ocrx_word' id='word_1_697' title='bbox 712 5125 969 5204; x_wconf 71' lang='grc' dir='ltr'>σὺῥρηξις</span> <span class='ocrx_word' id='word_1_698' title='bbox 1032 5128 1133 5183; x_wconf 90' lang='grc' dir='ltr'>ὑπὸ</span> <span class='ocrx_word' id='word_1_699' title='bbox 1190 5132 1296 5184; x_wconf 82' lang='grc' dir='ltr'>τῶν</span> <span class='ocrx_word' id='word_1_700' title='bbox 1358 5128 1533 5183; x_wconf 79' lang='grc' dir='ltr'>αὐτῶν</span> <span class='ocrx_word' id='word_1_701' title='bbox 1590 5126 1948 5204; x_wconf 88' lang='grc' dir='ltr'>καταδρόμων</span> 
     </span>
    </p>
   </div>
   <div class='ocr_carea' id='block_1_102' title="bbox 295 5213 1953 5297">
    <p class='ocr_par' dir='ltr' id='par_1_102' title="bbox 295 5213 1953 5297">
     <span class='ocr_line' id='line_1_102' title="bbox 295 5213 1953 5297; baseline 0.002 -27"><span class='ocrx_word' id='word_1_702' title='bbox 295 5215 387 5270; x_wconf 86' lang='grc' dir='ltr'>καὶ</span> <span class='ocrx_word' id='word_1_703' title='bbox 435 5213 789 5289; x_wconf 78' lang='grc' dir='ltr'>κυλισμάτων</span> <span class='ocrx_word' id='word_1_704' title='bbox 840 5219 1083 5294; x_wconf 80' lang='grc' dir='ltr'>γένηται,</span> <span class='ocrx_word' id='word_1_705' title='bbox 1128 5217 1264 5273; x_wconf 88' lang='grc' dir='ltr'>κατά</span> <span class='ocrx_word' id='word_1_706' title='bbox 1319 5220 1418 5289; x_wconf 77' lang='grc' dir='ltr'>τήν</span> <span class='ocrx_word' id='word_1_707' title='bbox 1483 5216 1621 5285; x_wconf 79' lang='grc' dir='ltr'>ἰδίαν</span> <span class='ocrx_word' id='word_1_708' title='bbox 1669 5219 1760 5275; x_wconf 85' lang='grc' dir='ltr'>καὶ</span> <span class='ocrx_word' id='word_1_709' title='bbox 1792 5241 1953 5297; x_wconf 81' lang='grc' dir='ltr'>φυσι-</span> 
     </span>
    </p>
   </div>
   <div class='ocr_carea' id='block_1_103' title="bbox 298 5304 1952 5386">
    <p class='ocr_par' dir='ltr' id='par_1_103' title="bbox 298 5304 1952 5386">
     <span class='ocr_line' id='line_1_103' title="bbox 298 5304 1952 5386; baseline 0.002 -27"><span class='ocrx_word' id='word_1_710' title='bbox 298 5307 399 5374; x_wconf 71' lang='grc' dir='ltr'>κὴν</span> <span class='ocrx_word' id='word_1_711' title='bbox 460 5305 665 5376; x_wconf 87' lang='grc' dir='ltr'>κίνησιν</span> <span class='ocrx_word' id='word_1_712' title='bbox 736 5304 1041 5370; x_wconf 77' lang='grc' dir='ltr'>ἐκδόσεως</span> <span class='ocrx_word' id='word_1_713' title='bbox 1075 5307 1151 5370; x_wconf 74' lang='grc' dir='ltr'>εἷς</span> <span class='ocrx_word' id='word_1_714' title='bbox 1200 5306 1471 5378; x_wconf 72' lang='grc' dir='ltr'>ἀνατολὴν</span> <span class='ocrx_word' id='word_1_715' title='bbox 1532 5309 1804 5386; x_wconf 80' lang='grc' dir='ltr'>φέρονται.</span> <span class='ocrx_word' id='word_1_716' title='bbox 1862 5315 1952 5363; x_wconf 85' lang='grc' dir='ltr'>Κι-</span> 
     </span>
    </p>
   </div>
   <div class='ocr_carea' id='block_1_104' title="bbox 295 5392 1955 5469">
    <p class='ocr_par' dir='ltr' id='par_1_104' title="bbox 295 5392 1955 5469">
     <span class='ocr_line' id='line_1_104' title="bbox 295 5392 1955 5469; baseline 0.002 -20"><span class='ocrx_word' id='word_1_717' title='bbox 295 5399 516 5449; x_wconf 89' lang='grc' dir='ltr'>νοῦνται</span> <span class='ocrx_word' id='word_1_718' title='bbox 544 5392 602 5450; x_wconf 73' lang='grc' dir='ltr'>δὲ</span> <span class='ocrx_word' id='word_1_719' title='bbox 649 5395 739 5450; x_wconf 84' lang='grc' dir='ltr'>καὶ</span> <span class='ocrx_word' id='word_1_720' title='bbox 789 5396 839 5469; x_wconf 77' lang='grc' dir='ltr'>ἐξ</span> <span class='ocrx_word' id='word_1_721' title='bbox 894 5396 1172 5453; x_wconf 80' lang='grc' dir='ltr'>ἀνατολῶν</span> <span class='ocrx_word' id='word_1_722' title='bbox 1220 5397 1296 5460; x_wconf 75' lang='grc' dir='ltr'>εἷς</span> <span class='ocrx_word' id='word_1_723' title='bbox 1353 5395 1525 5465; x_wconf 83' lang='grc' dir='ltr'>δόσιν,</span> <span class='ocrx_word' id='word_1_724' title='bbox 1558 5396 1702 5452; x_wconf 79' lang='grc' dir='ltr'>ἀλλὰ</span> <span class='ocrx_word' id='word_1_725' title='bbox 1747 5402 1825 5469; x_wconf 80' lang='grc' dir='ltr'>τῷ</span> <span class='ocrx_word' id='word_1_726' title='bbox 1854 5400 1955 5453; x_wconf 83' lang='grc' dir='ltr'>οὑ-</span> 
     </span>
    </p>
   </div>
   <div class='ocr_carea' id='block_1_105' title="bbox 303 5485 1951 5564">
    <p class='ocr_par' dir='ltr' id='par_1_105' title="bbox 303 5485 1951 5564">
     <span class='ocr_line' id='line_1_105' title="bbox 303 5485 1951 5564; baseline 0.001 -25"><span class='ocrx_word' id='word_1_727' title='bbox 303 5488 450 5559; x_wconf 78' lang='grc' dir='ltr'>ρανῷ</span> <span class='ocrx_word' id='word_1_728' title='bbox 511 5486 1068 5564; x_wconf 72' lang='grc' dir='ltr'>συμπεριφερόμενοι·</span> <span class='ocrx_word' id='word_1_729' title='bbox 1132 5485 1250 5551; x_wconf 75' lang='grc' dir='ltr'>ὅθεν</span> <span class='ocrx_word' id='word_1_730' title='bbox 1311 5488 1339 5541; x_wconf 87' lang='grc' dir='ltr'>ὁ</span> <span class='ocrx_word' id='word_1_731' title='bbox 1368 5486 1530 5555; x_wconf 75' lang='grc' dir='ltr'>ἥλιος</span> <span class='ocrx_word' id='word_1_732' title='bbox 1561 5489 1696 5542; x_wconf 87' lang='grc' dir='ltr'>κατά</span> <span class='ocrx_word' id='word_1_733' title='bbox 1731 5488 1824 5560; x_wconf 78' lang='grc' dir='ltr'>μὶν</span> <span class='ocrx_word' id='word_1_734' title='bbox 1852 5489 1951 5558; x_wconf 79' lang='grc' dir='ltr'>τὴν</span> 
     </span>
    </p>
   </div>
   <div class='ocr_carea' id='block_1_106' title="bbox 300 5572 1954 5651">
    <p class='ocr_par' dir='ltr' id='par_1_106' title="bbox 300 5572 1954 5651">
     <span class='ocr_line' id='line_1_106' title="bbox 300 5572 1954 5651; baseline 0.002 -23"><span class='ocrx_word' id='word_1_735' title='bbox 300 5572 438 5629; x_wconf 72' lang='grc' dir='ltr'>ἰδίαν</span> <span class='ocrx_word' id='word_1_736' title='bbox 488 5573 726 5645; x_wconf 87' lang='grc' dir='ltr'>κίνησιν,</span> <span class='ocrx_word' id='word_1_737' title='bbox 774 5574 1035 5651; x_wconf 77' lang='grc' dir='ltr'>τέσσαρας</span> <span class='ocrx_word' id='word_1_738' title='bbox 1081 5576 1223 5647; x_wconf 84' lang='grc' dir='ltr'>ὥρας</span> <span class='ocrx_word' id='word_1_739' title='bbox 1279 5574 1489 5651; x_wconf 82' lang='grc' dir='ltr'>πλῆροι</span> <span class='ocrx_word' id='word_1_740' title='bbox 1539 5579 1635 5631; x_wconf 82' lang='grc' dir='ltr'>τοῦ</span> <span class='ocrx_word' id='word_1_741' title='bbox 1684 5574 1954 5649; x_wconf 75' lang='grc' dir='ltr'>ἐνιαυτοῦ,</span> 
     </span>
    </p>
   </div>
   <div class='ocr_carea' id='block_1_107' title="bbox 296 5661 1955 5749">
    <p class='ocr_par' dir='ltr' id='par_1_107' title="bbox 296 5661 1955 5749">
     <span class='ocr_line' id='line_1_107' title="bbox 296 5661 1955 5749; baseline 0.001 -29"><span class='ocrx_word' id='word_1_742' title='bbox 296 5667 390 5722; x_wconf 83' lang='grc' dir='ltr'>νῦν</span> <span class='ocrx_word' id='word_1_743' title='bbox 427 5663 523 5741; x_wconf 71' lang='grc' dir='ltr'>μὶν</span> <span class='ocrx_word' id='word_1_744' title='bbox 560 5663 891 5741; x_wconf 79' lang='grc' dir='ltr'>βόρειος,νῦν</span> <span class='ocrx_word' id='word_1_745' title='bbox 921 5661 979 5721; x_wconf 74' lang='grc' dir='ltr'>δὲ</span> <span class='ocrx_word' id='word_1_746' title='bbox 1006 5661 1187 5729; x_wconf 89' lang='grc' dir='ltr'>νότιος</span> <span class='ocrx_word' id='word_1_747' title='bbox 1210 5665 1554 5742; x_wconf 78' lang='grc' dir='ltr'>κινούμενος·</span> <span class='ocrx_word' id='word_1_748' title='bbox 1585 5665 1720 5732; x_wconf 84' lang='grc' dir='ltr'>καθὸ</span> <span class='ocrx_word' id='word_1_749' title='bbox 1748 5662 1804 5723; x_wconf 69' lang='grc' dir='ltr'>δὲ</span> <span class='ocrx_word' id='word_1_750' title='bbox 1837 5687 1955 5749; x_wconf 87' lang='grc' dir='ltr'>συγ-</span> 
     </span>
    </p>
   </div>
   <div class='ocr_carea' id='block_1_108' title="bbox 626 5794 1346 5860">
    <p class='ocr_par' dir='ltr' id='par_1_108' title="bbox 626 5794 1346 5860">
     <span class='ocr_line' id='line_1_108' title="bbox 626 5794 1346 5860; baseline 0.003 -3"><span class='ocrx_word' id='word_1_751' title='bbox 626 5796 892 5859; x_wconf 71' lang='grc' dir='ltr'>ΡΑτιιοι..</span> <span class='ocrx_word' id='word_1_752' title='bbox 942 5797 1054 5859; x_wconf 78' lang='lat' dir='ltr'>Ga.</span> <span class='ocrx_word' id='word_1_753' title='bbox 1102 5794 1346 5860; x_wconf 83' lang='lat' dir='ltr'>CXXII.</span> 
     </span>
    </p>
   </div>
   <div class='ocr_carea' id='block_1_109' title="bbox 2061 4679 3711 4751">
    <p class='ocr_par' dir='ltr' id='par_1_109' title="bbox 2061 4679 3711 4751">
     <span class='ocr_line' id='line_1_109' title="bbox 2061 4679 3711 4751; baseline -0.002 -12"><span class='ocrx_word' id='word_1_754' title='bbox 2061 4682 2320 4747; x_wconf 89' lang='lat' dir='ltr'>stoteles,</span> <span class='ocrx_word' id='word_1_755' title='bbox 2353 4686 2411 4736; x_wconf 89' lang='lat' dir='ltr'>et</span> <span class='ocrx_word' id='word_1_756' title='bbox 2438 4681 2564 4736; x_wconf 89' lang='lat' dir='ltr'>sine</span> <span class='ocrx_word' id='word_1_757' title='bbox 2594 4679 2716 4735; x_wconf 92' lang='lat' dir='ltr'>ulla</span> <span class='ocrx_word' id='word_1_758' title='bbox 2744 4680 3208 4751; x_wconf 89' lang='lat' dir='ltr'>transpositione</span> <span class='ocrx_word' id='word_1_759' title='bbox 3240 4697 3357 4736; x_wconf 87' lang='lat' dir='ltr'>una</span> <span class='ocrx_word' id='word_1_760' title='bbox 3400 4697 3533 4736; x_wconf 92' lang='lat' dir='ltr'>cum</span> <span class='ocrx_word' id='word_1_761' title='bbox 3566 4679 3711 4736; x_wconf 76' lang='lat' dir='ltr'>cmlo</span> 
     </span>
    </p>
   </div>
   <div class='ocr_carea' id='block_1_110' title="bbox 2061 4768 3709 4840">
    <p class='ocr_par' dir='ltr' id='par_1_110' title="bbox 2061 4768 3709 4840">
     <span class='ocr_line' id='line_1_110' title="bbox 2061 4768 3709 4840; baseline -0.004 -12"><span class='ocrx_word' id='word_1_762' title='bbox 2061 4776 2390 4836; x_wconf 85' lang='lat' dir='ltr'>moventur,</span> <span class='ocrx_word' id='word_1_763' title='bbox 2422 4769 2575 4840; x_wconf 90' lang='lat' dir='ltr'>quod</span> <span class='ocrx_word' id='word_1_764' title='bbox 2610 4785 2744 4823; x_wconf 92' lang='lat' dir='ltr'>cum</span> <span class='ocrx_word' id='word_1_765' title='bbox 2777 4768 2848 4823; x_wconf 91' lang='lat' dir='ltr'>ab</span> <span class='ocrx_word' id='word_1_766' title='bbox 2881 4768 3105 4824; x_wconf 88' lang='lat' dir='ltr'>oriente</span> <span class='ocrx_word' id='word_1_767' title='bbox 3137 4769 3358 4824; x_wconf 86' lang='lat' dir='ltr'>feratur</span> <span class='ocrx_word' id='word_1_768' title='bbox 3387 4785 3591 4825; x_wconf 89' lang='lat' dir='ltr'>versus</span> <span class='ocrx_word' id='word_1_769' title='bbox 3614 4785 3709 4824; x_wconf 88' lang='lat' dir='ltr'>oo-</span> 
     </span>
    </p>
   </div>
   <div class='ocr_carea' id='block_1_111' title="bbox 2062 4856 3712 4927">
    <p class='ocr_par' dir='ltr' id='par_1_111' title="bbox 2062 4856 3712 4927">
     <span class='ocr_line' id='line_1_111' title="bbox 2062 4856 3712 4927; baseline -0.004 -9"><span class='ocrx_word' id='word_1_770' title='bbox 2062 4863 2376 4927; x_wconf 90' lang='lat' dir='ltr'>cidentem,</span> <span class='ocrx_word' id='word_1_771' title='bbox 2426 4859 2628 4913; x_wconf 89' lang='lat' dir='ltr'>eadem</span> <span class='ocrx_word' id='word_1_772' title='bbox 2661 4868 2718 4913; x_wconf 85' lang='lat' dir='ltr'>et</span> <span class='ocrx_word' id='word_1_773' title='bbox 2764 4857 2874 4912; x_wconf 65' lang='lat' dir='ltr'>illae</span> <span class='ocrx_word' id='word_1_774' title='bbox 2924 4875 3057 4912; x_wconf 91' lang='lat' dir='ltr'>cum</span> <span class='ocrx_word' id='word_1_775' title='bbox 3113 4857 3255 4913; x_wconf 89' lang='lat' dir='ltr'>coelo</span> <span class='ocrx_word' id='word_1_776' title='bbox 3305 4856 3565 4913; x_wconf 88' lang='lat' dir='ltr'>motione</span> <span class='ocrx_word' id='word_1_777' title='bbox 3597 4857 3712 4913; x_wconf 88' lang='lat' dir='ltr'>cir-</span> 
     </span>
    </p>
   </div>
   <div class='ocr_carea' id='block_1_112' title="bbox 2063 4945 3716 5017">
    <p class='ocr_par' dir='ltr' id='par_1_112' title="bbox 2063 4945 3716 5017">
     <span class='ocr_line' id='line_1_112' title="bbox 2063 4945 3716 5017; baseline -0.003 -11"><span class='ocrx_word' id='word_1_778' title='bbox 2063 4952 2491 5007; x_wconf 87' lang='lat' dir='ltr'>cumferuntur.</span> <span class='ocrx_word' id='word_1_779' title='bbox 2526 4945 2775 5002; x_wconf 66' lang='lat' dir='ltr'>Planetaa</span> <span class='ocrx_word' id='word_1_780' title='bbox 2819 4963 2951 5001; x_wconf 88' lang='lat' dir='ltr'>vero</span> <span class='ocrx_word' id='word_1_781' title='bbox 2984 4952 3221 5017; x_wconf 90' lang='lat' dir='ltr'>propter</span> <span class='ocrx_word' id='word_1_782' title='bbox 3268 4946 3627 5002; x_wconf 88' lang='lat' dir='ltr'>contrarium</span> <span class='ocrx_word' id='word_1_783' title='bbox 3658 4950 3716 5001; x_wconf 87' lang='lat' dir='ltr'>et</span> 
     </span>
    </p>
   </div>
   <div class='ocr_carea' id='block_1_113' title="bbox 2062 5035 3717 5112">
    <p class='ocr_par' dir='ltr' id='par_1_113' title="bbox 2062 5035 3717 5112">
     <span class='ocr_line' id='line_1_113' title="bbox 2062 5035 3717 5112; baseline -0.002 -16"><span class='ocrx_word' id='word_1_784' title='bbox 2062 5039 2346 5112; x_wconf 85' lang='lat' dir='ltr'>aequalem</span> <span class='ocrx_word' id='word_1_785' title='bbox 2394 5036 2681 5103; x_wconf 84' lang='lat' dir='ltr'>renixum,</span> <span class='ocrx_word' id='word_1_786' title='bbox 2716 5053 2749 5090; x_wconf 91' lang='lat' dir='ltr'>a</span> <span class='ocrx_word' id='word_1_787' title='bbox 2801 5036 3052 5106; x_wconf 88' lang='lat' dir='ltr'>sapienti</span> <span class='ocrx_word' id='word_1_788' title='bbox 3101 5035 3485 5105; x_wconf 89' lang='lat' dir='ltr'>providentia,</span> <span class='ocrx_word' id='word_1_789' title='bbox 3541 5051 3614 5092; x_wconf 86' lang='lat' dir='ltr'>ne</span> <span class='ocrx_word' id='word_1_790' title='bbox 3645 5050 3717 5092; x_wconf 76' lang='lat' dir='ltr'>ex</span> 
     </span>
    </p>
   </div>
   <div class='ocr_carea' id='block_1_114' title="bbox 2063 5124 3715 5197">
    <p class='ocr_par' dir='ltr' id='par_1_114' title="bbox 2063 5124 3715 5197">
     <span class='ocr_line' id='line_1_114' title="bbox 2063 5124 3715 5197; baseline -0.004 -10"><span class='ocrx_word' id='word_1_791' title='bbox 2063 5127 2357 5187; x_wconf 90' lang='lat' dir='ltr'>consimili</span> <span class='ocrx_word' id='word_1_792' title='bbox 2389 5143 2565 5182; x_wconf 89' lang='lat' dir='ltr'>cursu</span> <span class='ocrx_word' id='word_1_793' title='bbox 2598 5129 2654 5181; x_wconf 90' lang='lat' dir='ltr'>et</span> <span class='ocrx_word' id='word_1_794' title='bbox 2683 5124 2976 5179; x_wconf 90' lang='lat' dir='ltr'>volutione</span> <span class='ocrx_word' id='word_1_795' title='bbox 3021 5124 3326 5179; x_wconf 85' lang='lat' dir='ltr'>conﬂictus</span> <span class='ocrx_word' id='word_1_796' title='bbox 3373 5129 3547 5195; x_wconf 89' lang='lat' dir='ltr'>esset,</span> <span class='ocrx_word' id='word_1_797' title='bbox 3580 5142 3715 5197; x_wconf 90' lang='lat' dir='ltr'>pro-</span> 
     </span>
    </p>
   </div>
   <div class='ocr_carea' id='block_1_115' title="bbox 2064 5214 3715 5293">
    <p class='ocr_par' dir='ltr' id='par_1_115' title="bbox 2064 5214 3715 5293">
     <span class='ocr_line' id='line_1_115' title="bbox 2064 5214 3715 5293; baseline -0.003 -18"><span class='ocrx_word' id='word_1_798' title='bbox 2064 5220 2189 5293; x_wconf 93' lang='lat' dir='ltr'>prio</span> <span class='ocrx_word' id='word_1_799' title='bbox 2223 5222 2275 5274; x_wconf 88' lang='lat' dir='ltr'>et</span> <span class='ocrx_word' id='word_1_800' title='bbox 2334 5215 2586 5271; x_wconf 90' lang='lat' dir='ltr'>naturali</span> <span class='ocrx_word' id='word_1_801' title='bbox 2644 5218 2805 5268; x_wconf 89' lang='lat' dir='ltr'>motu</span> <span class='ocrx_word' id='word_1_802' title='bbox 2865 5214 3133 5268; x_wconf 87' lang='lat' dir='ltr'>feruntur</span> <span class='ocrx_word' id='word_1_803' title='bbox 3191 5214 3261 5268; x_wconf 93' lang='lat' dir='ltr'>ab</span> <span class='ocrx_word' id='word_1_804' title='bbox 3321 5214 3623 5271; x_wconf 89' lang='lat' dir='ltr'>occidente</span> <span class='ocrx_word' id='word_1_805' title='bbox 3654 5214 3715 5270; x_wconf 90' lang='lat' dir='ltr'>in</span> 
     </span>
    </p>
   </div>
   <div class='ocr_carea' id='block_1_116' title="bbox 2065 5302 3719 5375">
    <p class='ocr_par' dir='ltr' id='par_1_116' title="bbox 2065 5302 3719 5375">
     <span class='ocr_line' id='line_1_116' title="bbox 2065 5302 3719 5375; baseline -0.004 -10"><span class='ocrx_word' id='word_1_806' title='bbox 2065 5310 2368 5366; x_wconf 90' lang='lat' dir='ltr'>orientem.</span> <span class='ocrx_word' id='word_1_807' title='bbox 2403 5306 2769 5375; x_wconf 87' lang='lat' dir='ltr'>Quamquam</span> <span class='ocrx_word' id='word_1_808' title='bbox 2802 5306 2858 5357; x_wconf 90' lang='lat' dir='ltr'>et</span> <span class='ocrx_word' id='word_1_809' title='bbox 2896 5302 3008 5374; x_wconf 91' lang='lat' dir='ltr'>ipsi</span> <span class='ocrx_word' id='word_1_810' title='bbox 3040 5319 3107 5357; x_wconf 84' lang='lat' dir='ltr'>ex</span> <span class='ocrx_word' id='word_1_811' title='bbox 3154 5302 3379 5359; x_wconf 89' lang='lat' dir='ltr'>oriente</span> <span class='ocrx_word' id='word_1_812' title='bbox 3410 5308 3719 5360; x_wconf 88' lang='lat' dir='ltr'>moventur</span> 
     </span>
    </p>
   </div>
   <div class='ocr_carea' id='block_1_117' title="bbox 2065 5391 3713 5466">
    <p class='ocr_par' dir='ltr' id='par_1_117' title="bbox 2065 5391 3713 5466">
     <span class='ocr_line' id='line_1_117' title="bbox 2065 5391 3713 5466; baseline -0.004 -12"><span class='ocrx_word' id='word_1_813' title='bbox 2065 5401 2124 5455; x_wconf 91' lang='lat' dir='ltr'>in</span> <span class='ocrx_word' id='word_1_814' title='bbox 2155 5397 2537 5464; x_wconf 89' lang='lat' dir='ltr'>occidentem,</span> <span class='ocrx_word' id='word_1_815' title='bbox 2588 5393 2687 5449; x_wconf 88' lang='lat' dir='ltr'>sed</span> <span class='ocrx_word' id='word_1_816' title='bbox 2722 5410 2840 5447; x_wconf 87' lang='lat' dir='ltr'>una</span> <span class='ocrx_word' id='word_1_817' title='bbox 2888 5408 3022 5447; x_wconf 89' lang='lat' dir='ltr'>cum</span> <span class='ocrx_word' id='word_1_818' title='bbox 3054 5391 3195 5448; x_wconf 67' lang='lat' dir='ltr'>coelo</span> <span class='ocrx_word' id='word_1_819' title='bbox 3238 5392 3713 5466; x_wconf 87' lang='lat' dir='ltr'>circumagitati:</span> 
     </span>
    </p>
   </div>
   <div class='ocr_carea' id='block_1_118' title="bbox 2064 5481 3716 5557">
    <p class='ocr_par' dir='ltr' id='par_1_118' title="bbox 2064 5481 3716 5557">
     <span class='ocr_line' id='line_1_118' title="bbox 2064 5481 3716 5557; baseline -0.005 -11"><span class='ocrx_word' id='word_1_820' title='bbox 2064 5490 2219 5546; x_wconf 91' lang='lat' dir='ltr'>unde</span> <span class='ocrx_word' id='word_1_821' title='bbox 2251 5485 2337 5542; x_wconf 91' lang='lat' dir='ltr'>sol</span> <span class='ocrx_word' id='word_1_822' title='bbox 2386 5483 2621 5557; x_wconf 87' lang='lat' dir='ltr'>propria</span> <span class='ocrx_word' id='word_1_823' title='bbox 2654 5481 2908 5537; x_wconf 89' lang='lat' dir='ltr'>motione</span> <span class='ocrx_word' id='word_1_824' title='bbox 2960 5486 3216 5553; x_wconf 92' lang='lat' dir='ltr'>quatuor</span> <span class='ocrx_word' id='word_1_825' title='bbox 3260 5484 3400 5540; x_wconf 91' lang='lat' dir='ltr'>anni</span> <span class='ocrx_word' id='word_1_826' title='bbox 3449 5489 3716 5555; x_wconf 90' lang='lat' dir='ltr'>tempora</span> 
     </span>
    </p>
   </div>
   <div class='ocr_carea' id='block_1_119' title="bbox 2063 5570 3719 5650">
    <p class='ocr_par' dir='ltr' id='par_1_119' title="bbox 2063 5570 3719 5650">
     <span class='ocr_line' id='line_1_119' title="bbox 2063 5570 3719 5650; baseline -0.005 -16"><span class='ocrx_word' id='word_1_827' title='bbox 2063 5576 2287 5650; x_wconf 89' lang='lat' dir='ltr'>implet,</span> <span class='ocrx_word' id='word_1_828' title='bbox 2334 5575 2459 5646; x_wconf 88' lang='lat' dir='ltr'>jam</span> <span class='ocrx_word' id='word_1_829' title='bbox 2505 5572 2564 5628; x_wconf 91' lang='lat' dir='ltr'>in</span> <span class='ocrx_word' id='word_1_830' title='bbox 2613 5570 3013 5644; x_wconf 88' lang='lat' dir='ltr'>septentrione</span> <span class='ocrx_word' id='word_1_831' title='bbox 3057 5571 3184 5644; x_wconf 90' lang='lat' dir='ltr'>jam</span> <span class='ocrx_word' id='word_1_832' title='bbox 3237 5573 3297 5630; x_wconf 89' lang='lat' dir='ltr'>in</span> <span class='ocrx_word' id='word_1_833' title='bbox 3348 5571 3719 5631; x_wconf 86' lang='lat' dir='ltr'>meridionali</span> 
     </span>
    </p>
   </div>
   <div class='ocr_carea' id='block_1_120' title="bbox 2062 5662 3715 5743">
    <p class='ocr_par' dir='ltr' id='par_1_120' title="bbox 2062 5662 3715 5743">
     <span class='ocr_line' id='line_1_120' title="bbox 2062 5662 3715 5743; baseline -0.005 -17"><span class='ocrx_word' id='word_1_834' title='bbox 2062 5671 2227 5743; x_wconf 87' lang='lat' dir='ltr'>parte</span> <span class='ocrx_word' id='word_1_835' title='bbox 2255 5663 2613 5723; x_wconf 87' lang='lat' dir='ltr'>constitutus</span> <span class='ocrx_word' id='word_1_836' title='bbox 2645 5688 2658 5734; x_wconf 82' lang='lat'><strong>;</strong></span> <span class='ocrx_word' id='word_1_837' title='bbox 2683 5664 2855 5736; x_wconf 88' lang='lat' dir='ltr'>prout</span> <span class='ocrx_word' id='word_1_838' title='bbox 2878 5677 3012 5719; x_wconf 91' lang='lat' dir='ltr'>vero</span> <span class='ocrx_word' id='word_1_839' title='bbox 3035 5667 3305 5720; x_wconf 89' lang='lat' dir='ltr'>movetur</span> <span class='ocrx_word' id='word_1_840' title='bbox 3326 5664 3530 5720; x_wconf 89' lang='lat' dir='ltr'>eodem</span> <span class='ocrx_word' id='word_1_841' title='bbox 3554 5662 3715 5718; x_wconf 84' lang='lat' dir='ltr'>motu</span> 
     </span>
    </p>
   </div>
   <div class='ocr_carea' id='block_1_121' title="bbox 3321 5792 3401 5852">
    <p class='ocr_par' dir='ltr' id='par_1_121' title="bbox 3321 5792 3401 5852">
     <span class='ocr_line' id='line_1_121' title="bbox 3321 5792 3401 5852; baseline -0.025 0"><span class='ocrx_word' id='word_1_842' title='bbox 3321 5792 3401 5852; x_wconf 80' lang='grc'>24</span> 
     </span>
    </p>
   </div>
  </div>
