4046 6144
348 264 467 322 ’747

1726 257 2143 321 MICHAELIS
2191 257 2458 318 PSELLI

3642 261 3752 322 748

345 412 483 452 cum
516 396 658 453 caelo
691 411 760 453 ex
809 396 1034 453 oriente
1063 396 1124 452 in
1173 396 1559 463 occidentem,
1593 395 1719 450 dies
1777 393 1912 450 facit
1943 397 1994 449 et

2110 395 2332 445 κινεῖται
2374 395 2452 462 τῷ
2481 389 2694 467 οὐρανῷ
2724 389 2775 461 ἒξ
2807 387 3084 461 ἀνατολῆς
3110 390 3185 454 εἷς
3225 389 3394 461 δύσιν,
3427 392 3638 470 ἡμέρας
3665 391 3752 448 καὶ

347 490 569 543 noctes.

717 593 807 648 99.
843 594 1040 662 Quales
1067 593 1266 663 ﬁgurae
1296 594 1630 650 stellarum?

416 686 562 738 Cum
611 683 971 755 multiplices
1022 683 1225 754 ﬁgurae
1275 683 1416 753 sint,
1468 686 1534 737 ut
1585 680 1998 752 triaugulares,

348 771 874 843 quadrangulares,
891 772 1128 838 cubicae,
1149 770 1539 844 pyramidales
1560 769 1802 841 aliaque
1817 769 2000 841 plani'

347 861 586 929 formes,
613 860 1005 931 pulcherrima
1028 867 1117 916 est
1139 860 1445 932 sphaerica.
1482 861 1682 930 Itaque
1703 858 1915 914 coelum
1942 863 2000 914 et

345 948 530 1004 stellae
560 964 764 1003 omnes
797 948 1085 1019 sphaerica
1135 950 1321 1020 iigura
1351 949 1604 1020 praedita:
1656 954 1818 1018 sunt,
1851 947 1998 1020 quod

347 1042 402 1092 et
434 1053 504 1093 ex
531 1037 685 1092 lunae
716 1037 1253 1092 illuminationibus
1286 1038 1663 1109 perspicuum
1697 1036 1998 1106 est.Siqui-

349 1128 481 1182 dem
509 1125 609 1181 illa
661 1125 732 1181 ob
764 1126 1180 1197 gibbositatem
1234 1143 1402 1182 suam
1438 1143 1550 1180 non
1584 1125 1762 1181 simul
1804 1131 1921 1180 tota
1966 1142 2000 1181 θ.

347 1214 490 1286 sole,
523 1215 624 1270 sed
659 1215 937 1286 paulatim
964 1216 1244 1271 crescenti
1278 1216 1502 1270 lumine
1531 1215 1999 1271 illustratur.Fas

349 1309 505 1360 certe
533 1310 657 1360 crat
688 1321 928 1376 corpore
968 1305 1206 1360 aetheria
1251 1305 1309 1360 in
1358 1304 1814 1376 pulcherrimam
1848 1304 1998 1376 figu-

351 1409 478 1448 ram
511 1393 719 1465 aptari,
749 1394 962 1448 mentis
985 1394 1183 1465 ﬁgurae
1210 1394 1435 1450 aemula.
1463 1394 1624 1449 Sicut
1653 1394 1807 1449 enim
1833 1411 2000 1449 mens

351 1483 410 1536 in
443 1499 505 1538 se
535 1483 876 1550 reﬂectitur,
927 1483 1011 1539 sic
1044 1489 1101 1539 et
1149 1485 1408 1539 :eterium
1470 1499 1682 1554 corpus
1729 1500 1762 1538 a
1806 1488 2001 1539 mente

348 1571 638 1627 directum
698 1575 754 1627 et
828 1573 899 1627 ad
957 1577 1212 1628 mentem
1294 1589 1641 1628 conversum
1700 1571 1760 1626 in
1816 1575 2004 1628 semet

346 1660 560 1733 vergit.

778 1860 900 1916 100.
933 1859 1014 1915 De
1042 1861 1234 1916 ordine
1259 1859 1579 1919 stellarum.

416 1952 558 2004 Cum
592 1949 653 2003 in
687 1949 803 2004 duo
835 1965 1050 2021 genera
1099 1949 1278 2004 stella:
1326 1950 1685 2018 dividantur,
1735 1947 2002 2003 inerran-

347 2038 496 2092 tium
546 2038 1011 2110 errantiumque,
1072 2039 1398 2093 inerrantes
1459 2037 1710 2109 planetis
1764 2036 2002 2100 altiores

344 2131 502 2194 sunt,
539 2143 654 2182 non
689 2131 884 2182 tamen
919 2128 1058 2199 ipsae
1091 2144 1297 2183 omnes
1330 2129 1387 2181 in
1419 2128 1622 2182 eadem
1675 2126 1801 2182 coeli
1834 2143 1968 2180 sum

341 2216 547 2272 mitate
597 2217 953 2282 constitutae,
1004 2219 1105 2271 sed
1157 2217 1284 2271 aliae
1341 2216 1473 2272 aliis
1505 2215 1899 2272 sublimiores.
1935 2217 2001 2271 At

337 2311 564 2376 septem
624 2306 872 2377 planetae
922 2307 1033 2362 sub
1082 2307 1481 2362 inerrantibus
1539 2307 1733 2361 locum
1782 2307 2000 2361 sortita

343 2399 502 2463 sunt,
533 2396 760 2466 primus
792 2395 1031 2466 quidem
1082 2396 1536 2467 Saturnus,post
1567 2396 1722 2450 hunc
1751 2397 1998 2466 Jupiter,

338 2483 476 2538 inde
510 2483 828 2552 Mars,hinc
851 2483 972 2552 Sol,
1007 2485 1283 2556 deinceps
1308 2488 1532 2549 Venus,
1556 2502 1619 2540 ac
1641 2485 1751 2540 sub
1776 2484 2000 2539 Venere

341 2571 686 2641 Mercurius,
719 2580 776 2628 et
807 2579 1106 2645 postrema
1130 2575 1458 2630 Luna.Post
1479 2573 1641 2629 illam
1669 2578 1999 2644 sequuntur

344 2667 597 2731 quatuor
627 2663 919 2718 elementa
967 2664 1037 2718 de
1083 2663 1299 2735 quibus
1347 2663 1486 2717 dixi.
1550 2663 1798 2717 Deiluita
1829 2677 1998 2734 porro

342 2751 598 2823 singulis
633 2752 883 2822 planetis
913 2757 1177 2823 tempora
1209 2769 1327 2808 suae
1380 2753 1670 2823 cujusque
1701 2751 1998 2822 motionis,

341 2839 756 2896 admirandum
780 2839 934 2895 inter
957 2857 1021 2896 se
1050 2847 1397 2897 concentum
1432 2841 1551 2896 sive
1585 2841 1998 2912 symphoniam

347 2927 590 2984 habent.

663 3111 785 3165 101.
823 3109 972 3166 Unde
1001 3112 1188 3166 lumen
1219 3109 1421 3166 habent
1461 3111 1637 3167 stellae
1658 3113 1684 3164 .9

408 3198 611 3270 Neque
641 3197 1032 3259 inerrantium
1061 3199 1183 3254 ulla
1203 3199 1730 3270 stellarum,neque
1753 3199 2001 3270 planetae

336 3303 564 3357 omnes,
600 3288 702 3342 sed
736 3287 862 3342 sola
891 3287 1033 3344 luna
1063 3306 1096 3344 a
1127 3288 1248 3344 sole
1305 3288 1694 3344 illuminatur.
1733 3290 1915 3358 Igitur
1945 3295 2003 3345 et

337 3396 472 3452 pars
503 3379 628 3449 ejus
657 3378 856 3434 lucida
886 3396 1119 3451 semper
1149 3380 1259 3435 soli
1285 3380 1530 3435 obversa
1560 3383 1865 3450 est,neque
1896 3397 2000 3435 un-

338 3485 518 3540 quam
552 3473 674 3523 tota
706 3473 863 3522 caret
894 3469 1036 3523 luna
1065 3469 1307 3536 lumine,
1344 3469 1443 3523 sed
1470 3485 1896 3540 usquequaque
1919 3470 2002 3524 di-

340 3557 521 3612 midia
552 3573 686 3628 pars
720 3558 849 3625 ejus
902 3557 1122 3611 lumine
1154 3558 1387 3628 gaudet.
1439 3557 1585 3612 Nam
1637 3557 1697 3611 in
1749 3559 1998 3629 conjun-

337 3646 529 3700 ctione
559 3645 680 3698 sive
713 3645 1011 3699 novilunio
1042 3647 1256 3716 gibbus
1307 3645 1477 3700 nobis
1526 3647 1809 3700 obversus
1841 3645 1995 3701 lucis

340 3738 430 3789 est
457 3749 685 3805 expers,
718 3737 775 3788 at
809 3733 1075 3804 superior
1098 3738 1161 3787 ut
1190 3734 1273 3788 ita
1295 3735 1486 3790 dicam
1511 3733 1761 3788 calvaria
1783 3734 2000 3789 illumi-

340 3829 481 3879 nata
509 3826 616 3878 est.
660 3825 724 3877 In
760 3821 1084 3892 plenilunio
1116 3822 1374 3878 vicissim
1412 3823 1892 3894 hemisphaerium
1925 3825 1994 3879 ad

342 3928 449 3966 nos
479 3927 724 3983 vergens
773 3915 959 3966 totum
1009 3916 1097 3966 est
1146 3911 1430 3975 lucidum,
1473 3912 1748 3982 superius
1797 3917 1994 3967 autem

339 3999 484 4055 illud
518 4016 721 4071 expers
781 3998 1043 4055 luminis.
1109 4001 1267 4055 Inter
1325 4001 1695 4056 novilunium
1751 4017 1886 4056 vero
1930 4018 2023 4058 ac,

337 4088 728 4159 plenilunium
761 4106 864 4160 pro
893 4089 1117 4144 ratione
1148 4107 1263 4160 qua
1294 4107 1327 4144 a
1357 4089 1477 4144 sole
1509 4089 1708 4149 distat.
1735 4089 1798 4143 fit
1824 4091 1996 4146 nobis

335 4175 423 4231 vel
457 4177 834 4236 cornieulata.
871 4178 959 4233 vel
1011 4178 1316 4234 dimidiata
1371 4177 1460 4233 vel
1494 4179 1858 4246 decrescens,
1893 4183 1997 4234 aut

335 4265 492 4321 enim
529 4267 730 4321 minus
762 4285 940 4339 quam
976 4267 1289 4322 dimidium
1325 4268 1453 4338 ejus
1486 4266 1876 4334 illuminatur,
1895 4271 1997 4322 aut

335 4355 671 4424 dimidium,
707 4361 809 4412 aut
839 4356 973 4428 plus
1003 4357 1270 4412 dimidio.

333 4556 456 4609 102.
491 4555 565 4610 De
590 4554 876 4610 stellarum
931 4555 1358 4625 signiﬁcatione,
1393 4557 1447 4609 et
1492 4555 1762 4626 quomodo
1815 4555 1989 4619 hiems

951 4633 1002 4682 et
1041 4631 1206 4683 azstas
1235 4627 1333 4697 ﬁat
1353 4631 1378 4680 γ

403 4715 767 4788 Signiﬁcatio
803 4715 980 4770 stellae
1025 4720 1133 4780 est,
1188 4716 1423 4786 quando
1481 4716 1675 4770 oriens
1725 4715 1812 4770 vel
1849 4734 1983 4772 cum

331 4804 454 4860 sole
484 4809 681 4860 exorta
712 4809 777 4859 ut
806 4804 988 4871 canis,
1035 4806 1121 4859 vel
1173 4805 1361 4872 orion,
1411 4810 1512 4860 aut
1565 4811 1831 4872 acturus,
1886 4810 1988 4861 aut

329 4893 443 4948 alia
472 4895 736 4964 quaedam
773 4895 1042 4962 lixarum,
1076 4909 1264 4948 aerem
1299 4898 1551 4964 quatuor
1582 4894 1717 4948 anni
1755 4899 1987 4965 tempo-

328 4983 492 5036 ribus
524 4983 746 5038 alterat.
797 4983 942 5037 Nam
977 4988 1032 5037 et
1081 4983 1308 5054 Moyses
1350 4982 1457 5036 hoc
1507 4982 1817 5037 subinnuit
1848 5001 1983 5039 cum

327 5070 445 5136 ait:
479 5071 655 5126 Erunt
688 5074 748 5126 in
805 5073 985 5143 signa,
1043 5077 1096 5126 et
1152 5074 1212 5125 in
1270 5081 1540 5140 (mnpora,
1587 5079 1642 5126 et
1695 5073 1750 5125 in
1785 5089 1981 5128 annos.

326 5159 506 5214 Stella
536 5161 826 5232 siquidem
871 5162 1163 5217 matutino
1207 5161 1292 5215 vel
1325 5161 1660 5232 vespertino
1711 5166 1839 5215 ortu
1876 5178 1983 5217 suo

326 5247 587 5319 aliquam
618 5267 686 5304 ex
720 5250 873 5305 aeris
904 5251 1309 5306 affectionibus
1341 5250 1749 5322 significatDe
1782 5254 1983 5305 aestate

327 5351 461 5392 vero
519 5342 576 5392 et
632 5339 825 5393 hieme
891 5346 1066 5410 atque
1123 5339 1343 5395 caeteris
1404 5338 1543 5393 anni
1616 5337 1982 5410 temporibus

332 5425 640 5482 sciendum
671 5429 940 5497 est,quod
974 5429 1208 5499 quando
1239 5428 1325 5484 sol
1361 5428 1529 5482 nobis
1561 5432 1650 5482 est
1682 5427 1980 5493 australis,

332 5519 389 5569 et
419 5530 598 5584 super
653 5514 842 5585 capite
906 5521 1101 5571 nostro
1158 5516 1361 5580 fertur,
1396 5516 1534 5571 facit
1589 5520 1847 5572 aestatem
1878 5533 1890 5583 ;
1925 5518 1982 5571 et

335 5601 572 5682 quando
606 5603 664 5658 in
695 5605 963 5658 austrum
995 5605 1138 5674 abit,
1169 5604 1398 5660 hiemen
1432 5605 1603 5675 facit;
1629 5606 1861 5678 quando
1883 5622 1980 5661 au-

2107 479 2304 542 νύκτας
2333 485 2500 536 ποιεῖ.

2341 586 2442 664 ιθθκ
2477 587 2704 642 Ποταπᾶ
2731 592 2839 643 τῶν
2869 587 3104 665 ἀστέρων
3136 589 3200 645 τὰ
3231 591 3518 665 σχήματα.

2182 675 2414 732 Πολλῶν
2477 673 2646 732 ὄντων
2709 676 3035 753 σχημάτων,
3096 680 3400 755 τριγώνων,
3431 695 3756 757 τετραγωνι-

2107 771 2240 837 κῶν,
2288 762 2551 837 κυϐικῶν,
2610 765 2990 844 πυραμοειδῶν
3041 769 3130 824 καὶ
3178 773 3286 824 τῶν
3338 769 3548 826 λοιπῶν
3603 771 3756 825 εὐθυ-

2109 861 2461 931 γραμμικῶν,
2519 855 2811 912 κάλλιστόν
2873 856 2982 913 ἐστι
3039 858 3102 913 τὸ
3160 857 3517 937 σφαιροειδές.
3549 861 3606 913 Ὁ
3643 859 3756 915 τοί-

2108 968 2197 1000 νυν
2233 945 2457 1020 οὐρανὸς
2499 947 2588 1000 καὶ
2636 948 2943 1020 σύμπαντες
2993 948 3044 1002 οἱ
3075 948 3294 1023 ἀστέρες
3324 954 3420 1004 τοῦ
3476 954 3757 1027 σφαιρικοῦ

2107 1038 2396 1110 σχήματος
2427 1031 2555 1089 ὅντα
2585 1035 2938 1111 τυγχάνουσι.
2976 1036 3079 1091 Καὶ
3111 1033 3282 1105 δῆλον
3339 1037 3445 1092 ἀπὸ
3503 1041 3610 1092 τῶν
3658 1045 3756 1108 τῆς

2110 1124 2344 1195 σελήνης
2401 1128 2719 1202 φωτισμῶν.
2782 1126 2879 1180 Διά
2906 1126 3006 1201 γὰρ
3046 1125 3108 1181 τὸ
3139 1125 3399 1200 κύρτωμα
3429 1125 3628 1198 ταύτης
3661 1126 3758 1182 οὐκ

2109 1213 2263 1277 εὐθὺς
2317 1212 2420 1284 ὅλη
2475 1213 2620 1289 παρὰ
2676 1217 2772 1268 τοῦ
2802 1212 2968 1284 ἡλίου
2999 1215 3308 1292 φωτίζεται,
3357 1213 3504 1271 ἀλλὰ
3532 1215 3668 1272 κατᾶ
3692 1217 3753 1272 τὸ

2113 1302 2290 1379 βραχὺ
2347 1304 2447 1372 τὴν
2507 1303 2725 1373 αὔξησιν
2760 1300 2976 1378 δέχεται
3034 1309 3130 1360 τοῦ
3157 1305 3358 1382 φωτός.
3388 1303 3537 1360 Ἔδει
3566 1306 3666 1382 γὰρ
3699 1305 3760 1360 τὸ

2109 1391 2350 1465 αῗοέριον
2410 1397 2566 1466 σῶμα
2621 1397 2700 1464 τῷ
2726 1390 3012 1467 καλλίστῳ
3040 1399 3148 1449 τῖον
3181 1394 3484 1469 σχημάτων
3526 1394 3760 1467 ἀποτορ-

2110 1482 2371 1545 νεύεσθαι.
2405 1483 2518 1537 Νοῦ
2544 1481 2642 1558 γὰρ
2679 1488 2925 1556 μιμεῖται
2953 1483 3016 1537 τὸ
3048 1490 3261 1558 σχῆμα.
3311 1485 3510 1559 Ὠσπερ
3561 1485 3588 1538 6
3635 1488 3760 1546 νοῦς

2112 1569 2414 1648 έπιστρέφει
2441 1571 2576 1643 πρὸς
2607 1571 2815 1644 ἑαυτὸν,
2849 1571 2992 1627 οὕτω
3025 1569 3091 1641 δὴ
3122 1571 3212 1627 καί
3240 1573 3301 1628 τὸ
3333 1573 3570 1649 αἰθέριον
3601 1578 3761 1647 σῶμα

2113 1658 2348 1714 συννεύει
2378 1660 2513 1736 πρὸς
2545 1658 2724 1734 ἑαυτὸ,
2757 1661 2860 1716 ὑπὸ
2908 1665 2999 1716 νοῦ
3038 1656 3472 1737 κυϐερνώμενον,
3504 1663 3592 1718 καὶ
3623 1665 3762 1738 πρὸς

2034 1769 2081 1833 Β
2108 1753 2232 1803 νοῦν
2268 1748 2745 1827 ἐπιστρεφόμενον.

2567 1859 2609 1934 ρ’
2649 1858 2780 1932 Περὶ
2809 1859 3010 1928 τάξεως
3042 1858 3302 1934 ἀστέρων.

2185 1946 2276 2008 Εἰς
2328 1944 2422 2001 δύο
2472 1946 2606 2022 μέρη
2654 1952 2761 2001 τῶν
2799 1948 3034 2022 ἀστέρων
3093 1946 3513 2022 διαιρουμένων,
3575 1949 3650 2011 εἷς
3700 1949 3762 2004 τὸ

2111 2033 2346 2096 ἀπλανὲς
2401 2034 2490 2090 καί
2546 2037 2608 2090 τὸ
2667 2035 3053 2110 πλανώμενον,
3114 2039 3165 2092 οἱ
3221 2039 3315 2110 μέν
3369 2037 3628 2100 ἀπλανεῖς
3667 2039 3767 2107 τήν

2116 2123 2454 2199 ὑψηλοτέραν
2511 2125 2655 2196 τάξιν
2712 2130 2819 2180 τῶν
2878 2125 3173 2197 πλανητῶν
3231 2125 3446 2202 έχουσι,
3480 2128 3582 2183 οὐκ
3611 2126 3662 2182 έν
3697 2131 3766 2202 τῇ

2110 2213 2244 2286 αὐτῇ
2303 2213 2586 2293 ἐπιφανείᾳ
2639 2219 2735 2269 τοῦ
2780 2215 3016 2290 αἰθερίου
3068 2217 3322 2289 σώματος
3378 2216 3623 2289 κείμενοι
3678 2217 3769 2272 καὶ

2109 2304 2422 2380 φερόμενοι,
2485 2302 2611 2359 ἀλλ’
2645 2305 2695 2356 οἳ
2735 2303 2826 2376 μὶν
2864 2302 3194 2381 ὑψηλότεροι
3227 2304 3402 2360 αὐτῶν
3437 2304 3591 2374 εἶσιν,
3625 2307 3678 2359 οἳ
3713 2302 3770 2360 δὲ

2108 2392 2502 2466 ταπεινότεροι.
2564 2393 2631 2449 Οἱ
2690 2391 2746 2446 δέ
2802 2393 2936 2448 έπτά
2987 2391 3261 2464 πλανῆται
3325 2395 3459 2468 μετά
3506 2392 3770 2457 ἀπλανεῖς

2107 2483 2422 2557 τετάχαται,
2485 2483 2558 2536 ὧν
2616 2483 2831 2558 πρῶτός
2889 2482 3028 2538 ἐστιν
3091 2485 3118 2536 6
3165 2487 3262 2538 τοῦ
3297 2483 3501 2559 Κρόνου
3535 2483 3769 2559 λεγόμε-

2109 2592 2200 2632 νος
2232 2571 2424 2642 ἀστὴρ,
2455 2572 2545 2625 καὶ
2582 2573 2716 2644 μετὰ
2741 2571 2932 2626 τοῦτον
2967 2573 2994 2626 6
3027 2576 3123 2626 τοῦ
3155 2572 3297 2643 Διὸς,
3329 2573 3418 2628 καὶ
3463 2573 3552 2628 ὑπ’
3602 2573 3766 2628 αὐτὸν

2109 2661 2136 2713 6
2162 2664 2257 2712 τοῦ
2287 2661 2622 2735 “Αρεος,εἶτα
2653 2662 2680 2715 6
2712 2659 3068 2734 ”Ηλιος,μιθ’
3096 2662 3152 2716 ’ὀν
3187 2660 3468 2740 Αφροδίτη
3502 2663 3587 2716 καὶ
3629 2661 3766 2736 μετά

2107 2747 2306 2818 ταύτην
2340 2751 2565 2824 Ἑρμῆς,
2596 2750 2684 2804 καὶ
2718 2748 3028 2805 τελευταῖον
3061 2753 3096 2820 ἡ
3151 2748 3392 2822 Σελήνη.
3427 2753 3561 2815 Μεθ’
3590 2753 3654 2821 ἣν
3699 2752 3766 2806 τὰ

2105 2838 2336 2912 τέσσαρα
2365 2843 2632 2913 στοιχεῖα,
2658 2838 2837 2914 ὥσπερ
2870 2838 3182 2916 εἰρήκαμεν.
3215 2841 3520 2914 Ὠρισμένοι
3551 2838 3608 2895 δὲ
3635 2839 3765 2895 τού-

2106 2947 2222 2988 τοις
2257 2925 2358 2980 εἰσῖ
2387 2928 2474 2981 καὶ
2507 2928 2557 2981 οὶ
2592 2927 2787 3002 χρόνοι
2818 2933 2925 2982 τῶν
2978 2931 3265 2999 κινήσεων,
3317 2929 3612 3002 θαυμασίαν
3661 2930 3762 2999 τὴν

2110 3015 2427 3090 συμφωνίαν
2462 3013 2707 3090 ἔχοντες.

2417 3105 2516 3177 ρα’.
2551 3104 2717 3158 Πόθεν
2750 3104 3074 3183 φωτίζονται
3110 3107 3161 3162 οἱ
3193 3105 3447 3183 ἀστέρες;

2183 3190 2254 3246 Ο”
2394 3198 2420 3207 ’³
2516 3194 2547 3247 ἀ
2593 3191 2623 3247 λ
2704 3198 2730 3208 ”
2841 3193 2855 3212 ’
2939 3196 2948 3214 ’
3165 3193 3268 3250 ’δ’
3426 3193 3480 3250 ’δ
3628 3197 3638 3214 ’

2227 3213 2315 3247 υτε
2355 3213 2461 3247 των
2550 3215 2588 3247 π
2632 3214 2772 3248 ανων
2831 3215 3067 3270 αστερων
3125 3217 3185 3250 ου
3226 3217 3325 3266 εις,
3386 3197 3510 3250 out
3569 3217 3768 3258 παντες

2111 3281 2161 3335 οἱ
2191 3279 2619 3352 πλανῆται,ἀλλ’
2651 3285 2685 3352 ἡ
2721 3281 2925 3353 σελήνη
2964 3283 3102 3356 μόνη
3136 3285 3282 3360 παρά
3318 3288 3417 3340 τοῦ
3444 3284 3611 3354 ἡλίου
3644 3306 3767 3363 φωο

2107 3370 2326 3438 τίζεται.
2377 3372 2474 3425 Διά
2519 3375 2680 3426 τοῦτο
2724 3373 2814 3427 καὶ
2863 3372 3270 3449 πεφωτισμένον
3327 3374 3410 3428 ἀεὶ
3447 3375 3608 3447 μέρος
3663 3374 3766 3429 αὐ-

2107 3463 2208 3520 τῆς
2242 3461 2374 3525 πρὸς
2405 3460 2498 3513 τὸν
2531 3457 2692 3528 ἥλιον
2753 3459 3012 3530 νένευκεν,
3075 3461 3172 3516 οὐκ
3203 3458 3311 3517 ἔστι
3349 3460 3406 3518 δὲ
3437 3462 3517 3517 ὅτι
3550 3462 3762 3540 ἀφώτι-

2109 3569 2230 3609 στος
2291 3548 2618 3604 παντάπασίν
2671 3547 2812 3604 ἐστιν
2841 3552 2874 3619 ἡ
2908 3547 3138 3622 σελήνη,
3196 3549 3324 3606 ἀλλ’
3372 3551 3452 3605 ἀεὶ
3485 3546 3763 3606 ένδέδυται

2109 3641 2223 3714 φῶς
2269 3635 2626 3709 ἡμισέληνον.
2691 3640 2778 3694 Ἐν
2844 3640 2936 3712 μέν
2994 3637 3083 3695 οὖν
3115 3645 3232 3703 ταῖς
3279 3639 3524 3702 συνόδοις
3556 3639 3764 3719 ἀφώτι-

2107 3747 2231 3780 στον
2294 3726 2386 3798 μέν
2446 3727 2554 3781 ἐστι
2584 3727 2647 3781 τὸ
2673 3728 2808 3803 πρὸς
2867 3731 3016 3800 ἡμᾶς
3054 3727 3219 3797 αὐτῆς
3248 3728 3536 3805 κύρτωμα,
3567 3751 3763 3807 πεφω-

2105 3815 2357 3888 τισμένον
2416 3813 2472 3870 δὲ
2521 3818 2584 3870 τὸ
2641 3813 2751 3870 ἅνω
2783 3813 3145 3893 φαλακρωμα.
3182 3819 3264 3872 Ἐν
3327 3815 3383 3872 δέ
3413 3823 3530 3879 ταῖς
3559 3840 3762 3874 πανσε-

2107 3901 2298 3974 λήνοις
2325 3905 2387 3958 τὸ
2448 3905 2540 3976 μέν
2601 3908 2753 3958 νεῦον
2815 3905 2950 3978 πρὸς
3009 3905 3158 3977 ἡμᾶς
3191 3905 3550 3982 ἡμισφαίριον
3586 3908 3760 3978 αὐτῆς

2107 3991 2338 4067 ὀλοφαές
2369 3992 2502 4063 ἐστι,
2557 3993 2620 4048 τὸ
2670 3991 2717 4047 δ’
2774 3991 2884 4047 ἅνω
2935 3993 3234 4067 ἡμίτομον,
3295 3995 3472 4071 φωτὸς
3501 3993 3758 4071 ἄμοιρον.

2106 4082 2318 4152 Μεταξὺ
2352 4079 2409 4136 δὲ
2429 4089 2529 4152 τῆς
2564 4079 2790 4137 συνόδου
2821 4082 2912 4137 καί
2961 4091 3060 4152 τῆς
3120 4082 3452 4154 σανσελήνου
3504 4086 3640 4140 κατά
3697 4087 3759 4141 τὸ

2111 4169 2302 4243 μέτρον
2355 4171 2456 4239 τῆς
2513 4171 2646 4246 πρὸς
2705 4173 2795 4226 τὸν
2855 4171 3017 4240 ἣλιον
3069 4169 3420 4242 διαστάσεως,
3457 4171 3757 4246 μηνοειδής

2103 4259 2324 4333 γίνεται,
2401 4260 2490 4314 καὶ
2570 4255 2890 4335 διχότομος,
2966 4260 3056 4315 καὶ
3131 4262 3489 4340 ἀμφίκυρτος,
3560 4263 3595 4332 ἢ
3651 4265 3755 4338 γὰρ

2105 4343 2328 4404 ἔλαττον
2384 4353 2481 4404 τοῦ
2521 4350 2766 4423 ἡμίσεως
2798 4348 3112 4428 φωτίζεται,
3144 4352 3180 4423 ἢ
3231 4351 3369 4406 κατὰ
3395 4352 3457 4406 τὸ
3484 4351 3683 4426 ἥμισυ,
3718 4351 3754 4422 ἢ

2101 4438 2238 4493 κατά
2265 4438 2327 4492 τὸ
2358 4436 2550 4497 πλέον.

2105 4545 2208 4618 ρβ’.
2239 4544 2368 4618 Περὶ
2400 4544 2764 4624 ἐπισημασίας
2799 4545 3057 4624 ἀστέρων,
3087 4547 3177 4601 καὶ
3223 4551 3338 4610 πῶς
3383 4545 3585 4624 γίνεται
3633 4564 3752 4621 χει-

2692 4618 2806 4690 μὼν
2839 4618 2935 4673 καῖ’
2964 4621 3120 4693 θέρος
3145 4641 3158 4689 ;

2165 4707 2537 4778 Ἐπισημασία
2595 4705 2734 4762 ἐστὶν
2774 4751 2787 4776 ,
2861 4706 2986 4762 ὅταν
3053 4706 3358 4763 έπιτέλλων
3435 4707 3605 4782 ἀστὴρ
3656 4704 3748 4760 καὶ

2095 4793 2506 4850 συνανατέλλων
2565 4800 2643 4867 τῷ
2699 4794 2850 4869 ἡλίῳ
2897 4796 3077 4872 ὥσπερ
3133 4799 3160 4852 6
3210 4796 3551 4870 καλούμενος
3579 4795 3748 4868 κύων,

2093 4884 2182 4938 καὶ
2241 4883 2445 4958 ὡρίων,
2503 4887 2594 4939 καὶ
2627 4885 2654 4939 6
2689 4886 3009 4960 ἀρκτοῦρος,
3043 4888 3077 4957 ἢ
3105 4883 3287 4962 ἕτερός
3318 4907 3402 4947 τις
3430 4890 3540 4941 τῶν
3574 4883 3750 4940 ἀπλα-

2094 4977 2222 5042 νῶν,
2285 4971 2570 5047 ἀλλοιώσῃ
2629 4973 2718 5027 τὸν
2771 4975 2922 5046 ἀέρα,
2970 4976 3107 5029 κατά
3164 4975 3293 5039 τοὺς
3319 4976 3584 5048 τέσσαρας
3624 4993 3751 5028 και-

2094 5061 2220 5133 ροὺς
2277 5067 2373 5115 τοῦ
2441 5061 2618 5124 ἔτους.
2679 5065 2856 5119 Τοῦτο
2914 5063 3016 5138 γὰρ
3079 5065 3321 5133 Μωυσῆς
3378 5063 3745 5118 ὐπαινίττεται

2095 5149 2290 5224 λέγων,
2346 5152 2596 5205 Ἔσονται
2652 5150 2730 5213 εἷς
2791 5157 3013 5226 σημεῖα,
3073 5153 3162 5208 καὶ
3222 5153 3296 5215 εἷς
3355 5151 3602 5228 καιροὺς,
3657 5147 3745 5204 καί

2093 5239 2167 5300 εἷς
2227 5239 2521 5302 ἐνιαυτούς.
2566 5240 3016 5313 Ἐπισημαίνεται
3050 5241 3152 5318 γάρ
3211 5263 3264 5297 τι
3323 5244 3350 5296 6
3407 5242 3579 5317 ἀστὴρ
3633 5243 3740 5294 τῶν

2089 5329 2212 5404 περὶ
2269 5334 2376 5384 τῶν
2432 5329 2560 5405 ἀέρα
2617 5331 2827 5403 παθών,
2889 5331 3026 5386 έώαν
3085 5331 3347 5402 ἐπιτολὴν
3395 5334 3431 5402 ἢ
3490 5328 3737 5404 ὶσπερίαν

2090 5419 2446 5492 ποιούμενος.
2488 5419 2618 5495 Περὶ
2674 5421 2855 5493 μέντοι
2911 5442 2976 5497 γε
3029 5422 3217 5496 θέρους
3246 5423 3282 5492 ἢ
3315 5425 3594 5498 χειμῶνος
3644 5417 3736 5473 καὶ

2087 5512 2195 5563 τῶν
2256 5507 2464 5564 λοιπῶν
2523 5509 2682 5585 ὡρῶν
2740 5510 2940 5579 ἰστέον,
2969 5511 3042 5573 ὡς
3071 5510 3194 5566 ὅταν
3230 5511 3322 5584 μέν
3357 5511 3384 5565 6
3415 5508 3581 5577 ἥλιος
3639 5507 3736 5584 βό-

2092 5618 2236 5678 ρειος
2284 5599 2421 5673 ἡμῖν
2449 5600 2688 5676 γένηται,
2737 5600 2828 5657 καὶ
2860 5600 2988 5680 ὑπὲρ
3040 5598 3281 5680 κεφαλῆς
3317 5604 3547 5672 κινοῖτο,
3580 5599 3736 5677 θέρος
