4056 6142
308 329 431 387 ’749

308 478 460 512 ποιει
495 475 507 487 ⁹

311 550 559 623 γάζεται,
616 547 708 600 καὶ
769 543 893 599 ὅταν
956 545 1047 617 μὲν
1099 543 1234 598 κατὰ
1279 543 1370 599 τὸν
1425 544 1575 618 κριὸν
1632 544 1695 598 τὸ
1767 540 1960 611 ζώδιον

313 638 562 711 γενηται,
622 633 908 710 ἴσημερίαν
979 637 1181 687 ποιεῖ’
1266 634 1391 687 ὅταν
1455 629 1512 687 δὲ
1567 632 1684 687 κατ’
1744 629 1967 705 ἅντικρυ

316 724 709 801 διαπορεύηται
752 726 859 778 τῶν
908 720 1132 797 χηλῶν,
1185 721 1505 799 μετοπώραν
1553 723 1645 777 καὶ
1674 721 1964 796 ἲσημερίαν

321 814 499 877 αὗθις.

323 941 424 1017 ργ’,
472 939 648 1000 Πόσος
707 936 916 1009 ἑκάστῳ
985 941 1093 991 τῶν
1163 933 1459 1017 πλανητῶν
1538 937 1565 990 6
1614 935 1815 1011 χρόνος
1869 940 1971 1003 τῆς

1001 1005 1259 1084 περιοδου
1294 1028 1307 1077 ;

395 1121 523 1179 Τοῖς
595 1114 894 1186 πλανηταις
949 1120 1078 1169 πᾶσι
1154 1114 1290 1169 κατᾶ
1365 1115 1464 1181 τὴν
1534 1113 1823 1187 ἀναλογίαν
1878 1116 1975 1167 τοῦ

325 1206 583 1282 μεγέθους
630 1210 735 1259 τῶν
790 1208 1029 1278 σφαιρῶν
1075 1203 1163 1257 καὶ
1206 1207 1304 1256 τοῦ
1360 1202 1559 1276 μέτρου
1602 1207 1712 1256 τῶν
1740 1201 1977 1256 ἀποστά-

324 1295 461 1351 σέων
494 1293 731 1369 χρόνους
783 1293 1123 1367 ὡρισμένους
1173 1291 1441 1368 ἀφώρισεν
1490 1292 1518 1344 6
1564 1291 1715 1359 Θεὸς,
1746 1295 1855 1345 τῶν
1891 1311 1980 1344 κι-

323 1386 556 1455 νήσεων.
603 1382 702 1437 Καὶ
735 1382 762 1435 6
822 1382 913 1454 μὲν
966 1381 1172 1455 Κρόνος
1229 1378 1320 1434 ἅτε
1369 1378 1707 1453 ὑψηλότερος
1737 1384 1843 1432 τῶν
1878 1380 1980 1433 ἅλ-

324 1472 463 1541 λων,
495 1472 583 1527 καὶ
620 1471 839 1545 μείζονα
868 1468 1070 1525 κύκλον
1122 1470 1551 1544 περιερχόμενος
1603 1466 1693 1522 διὰ
1719 1488 1980 1542 τριακον-

322 1562 539 1624 ταετίας
586 1562 685 1629 τὴν
747 1560 912 1614 αὑτοῦ⁹
966 1556 1219 1633 περίοδον
1280 1555 1573 1631 ἐκπληροῖ.
1625 1559 1686 1615 Ὁ
1738 1556 1794 1611 δὶ
1851 1556 1979 1618 Ζεὺς

328 1648 485 1714 εὐθὺς
522 1650 638 1721 μετ’
667 1646 827 1702 αὐτὸν
874 1643 946 1700 ὣν
1001 1643 1091 1699 διὰ
1141 1642 1519 1705 δωδεκαετίας.
1578 1647 1648 1700 "0
1698 1665 1759 1717 γε
1806 1646 1980 1718 ’Ἀρης

329 1737 424 1793 διὰ
455 1736 549 1793 δύο
580 1736 669 1791 καὶ
724 1735 968 1808 ἡμίσεως
1021 1733 1299 1789 ἐνιαυτῶν.
1332 1738 1420 1805 Τῷ
1479 1731 1535 1787 δὲ
1586 1733 1755 1805 Ἠλίῳ
1793 1733 1881 1787 καὶ
1912 1736 1981 1805 τῇ

1499 325 1599 385 DE
1644 322 2085 385 OMNlFARIA
2131 322 2546 382 DOCTRINA.

570 455 695 511 ὅταν
764 452 821 509 δὶ
867 453 1007 529 πρὸς
1058 453 1212 509 νότον
1269 452 1499 529 ἀπέλθῃ,
1560 458 1812 529 χειμῶνα
1871 452 1991 528 ἰριη

2110 469 2192 507 em
2252 456 2520 508 versatur
2587 453 2646 507 in
2721 452 2939 521 ariete,
3017 454 3430 523 aequinoctium
3509 456 3726 518 efﬁcit:

2074 543 2309 612 quando
2341 546 2536 597 autem
2589 559 2657 597 ex
2709 542 2951 598 adverso
3005 542 3233 614 positus
3280 546 3474 600 cancri
3532 546 3731 604 chelas

2075 631 2358 703 attigerit,
2412 636 2789 701 autumnum,
2840 631 3208 704 alterumque
3264 633 3430 690 aﬁ‘ert
3467 636 3731 707 mquino-

2078 719 2286 775 ctium.

3609 325 3729 386 750

2084 935 2205 989 103.
2237 935 2444 1002 Quanti
2491 937 2752 1007 temporis
2785 936 3053 1063 ᾕῖῗέἕὲιαξ
3099 938 3339 1009 singulis
3396 939 3635 1010 planetis
3663 942 3737 996 sit

2814 1017 2998 1064 ributa
3017 1017 3026 1062 ὲ

2154 1113 2417 1185 Singulis
2450 1113 2701 1185 planetis
2752 1119 2902 1169 Deus
2942 1118 3209 1187 tempora
3260 1117 3501 1173 deﬁnita
3530 1122 3741 1173 statuit

2088 1204 2434 1270 motionum,
2470 1204 2795 1257 secundum
2831 1204 3266 1274 proportionem
3308 1207 3738 1277 magnitudinis

2089 1294 2475 1363 sphaerarum,
2533 1299 2589 1348 et
2637 1310 2926 1349 mensurae
2988 1312 3104 1367 qua
3150 1297 3391 1352 distant.
3449 1298 3738 1355 Saturnus

2087 1381 2272 1452 igitur
2300 1386 2582 1452 tanquam
2616 1383 2842 1438 caeteris
2877 1384 3189 1439 sublimior
3228 1388 3285 1439 et
3309 1387 3592 1456 majorem
3640 1388 3739 1442 de-

2091 1471 2357 1526 scribens
2388 1470 2701 1541 circulum,
2734 1471 2972 1544 triginta
3009 1490 3296 1528 annorum
3331 1475 3522 1545 spatio
3553 1476 3743 1547 perio-

2090 1560 2231 1614 dum
2264 1576 2430 1614 suam
2464 1559 2657 1631 explet
2679 1564 2733 1615 et
2756 1560 3025 1617 absolvit.
3053 1561 3284 1633 Jupiter
3305 1563 3416 1635 ipsi
3440 1564 3744 1635 proximus

2092 1647 2262 1702 annis
2294 1649 2625 1704 duodecim.
2688 1650 2843 1705 Mars
2899 1651 3131 1705 duobus
3184 1657 3242 1706 et
3297 1652 3563 1708 dimidio.
3597 1652 3742 1722 Soli,

2091 1736 2417 1808 Venerique
2476 1754 2540 1792 ac
2594 1738 2882 1793 Mercurio
2942 1739 3183 1809 aqualis
3243 1740 3518 1810 periodus
3567 1741 3744 1798 unius

326 1825 627 1905 Ἀφροδίτῃ
656 1827 743 1880 καὶ
796 1829 875 1897 τῷ
924 1827 1104 1900 Ἐρμῇ
1166 1822 1465 1898 ῗσόδρομος
1517 1824 1550 1892 ἠ
1602 1820 1854 1896 περίοδος
1892 1822 1982 1876 καὶ

2110 1825 2229 1880 inni
2260 1831 2349 1881 est
2397 1826 2738 1882 constituta.
2774 1828 2939 1882 Luna
2988 1830 3398 1901 undetrigenta
3443 1831 3651 1886 diebus
3689 1834 3747 1886 et

324 1915 625 1977 ἐνιαύσιος.
669 1915 731 1970 Ἠ
793 1910 851 1967 δὲ
908 1911 1125 1982 Σέλήνη
1189 1909 1277 1965 διὰ
1330 1912 1410 1975 κθ’
1466 1914 1689 1985 ἡμερῶν
1738 1910 1873 1983 πρὸς
1912 1911 1981 1982 τῇ

325 2003 561 2081 ἡμισείᾳ
628 2003 1070 2058 ἀποκαθίσταται.
1150 2001 1217 2058 Ei
1302 1998 1358 2054 δέ
1438 2021 1520 2062 τις
1583 1999 1982 2073 μουσικώτερον

328 2096 494 2149 ἅπτοι
524 2094 615 2147 τὸν
662 2096 769 2146 τῶν
820 2090 1082 2146 τοιούτων
1129 2089 1384 2165 ἀριθμὸν,
1430 2090 1530 2157 τὴν
1576 2093 1673 2143 τοῦ
1713 2096 1987 2161 Δημιουρ-

327 2186 430 2258 γοῦ
489 2181 680 2259 σοφίαν
729 2178 1059 2252 θαυμάσεται
1129 2182 1246 2239 πῶς
1314 2178 1541 2238 ἅπαντες
1598 2178 1650 2231 οἱ
1700 2182 1807 2230 τῶν
1851 2197 1988 2248 συμ-

334 2275 554 2347 φωνιῶν
617 2269 772 2346 λόγοι
826 2267 879 2323 ἓν
926 2274 1042 2330 τοῖς
1088 2267 1361 2330 τοιούτοις
1404 2264 1777 2344 ἒμιραίνονται,
1821 2266 1849 2318 6
1901 2261 1991 2318 διὰ

331 2364 545 2432 πασῶν,
580 2360 608 2413 6
639 2356 728 2413 διὰ
754 2356 933 2424 πέντε,
965 2356 1055 2411 καὶ
1089 2354 1179 2411 διὰ
1205 2356 1501 2430 τεσσάρων.

879 2444 981 2519 ρδ’.
1017 2446 1144 2519 Περὶ
1177 2465 1242 2499 κο
1253 2446 1449 2517 μήτου.

411 2540 468 2591 '0
498 2538 749 2611 κομήτης
783 2535 833 2589 ἐν
879 2538 959 2606 τῷ
1010 2532 1381 2605 ὑπεκκαύματι
1418 2531 1620 2607 γίνεται
1651 2550 1663 2562 ’
1717 2528 1840 2585 ὅταν
1889 2531 1991 2606 γὰρ

343 2628 546 2705 ἐξαφθῇ
578 2648 629 2681 τι
675 2628 840 2701 μέρος
870 2627 969 2678 τοῦ
1019 2620 1431 2694 ὑπεκκαύματος
1483 2619 1571 2675 διὰ
1613 2620 1708 2688 τὴν
1758 2619 1991 2691 κίνησιν,

342 2719 416 2779 ὡς
467 2716 784 2790 εἰρήκαμεν,
846 2712 936 2767 καὶ
986 2715 1019 2781 ἡ
1060 2712 1152 2785 μὶν
1205 2710 1377 2781 λεπτή
1422 2710 1671 2765 σύστασις
1723 2707 1828 2779 ε’ίη,
1872 2706 1994 2763 δια-

341 2808 526 2883 τρὲχει
573 2804 729 2866 εὐθὺς
776 2803 838 2856 τὸ
897 2801 1113 2878 ἐξαφθὲν
1158 2800 1294 2854 κατά
1362 2796 1629 2868 διάδοσιν,
1670 2799 1759 2853 καὶ
1790 2799 1991 2871 γίνεται

343 2897 372 2949 ὁ
402 2894 737 2967 καλούμενος
796 2890 1027 2961 διᾴττων
1078 2889 1272 2964 ἀστήρ.
1306 2888 1369 2943 Ei
1409 2886 1466 2943 δὲ
1495 2887 1776 2963 παχυτέρα
1807 2887 1996 2960 εὑρεθῇ

343 2986 379 3052 ἡ
432 2980 564 3052 ὕλη,
610 2980 896 3056 κατὲχεται
946 2979 1117 3034 ἐκεῖσε
1167 2979 1229 3033 τὸ
1280 2976 1495 3051 σπέρμα
1541 2981 1637 3030 τοῦ
1684 2974 1996 3051 ἐξαφθέντος

343 3071 538 3145 πυρὸς,
572 3070 659 3124 καὶ
692 3074 838 3123 ποιεῖ
878 3069 970 3123 τὸν
1024 3069 1301 3139 κομήτην.
1352 3066 1471 3120 Ei’ai
1510 3062 1568 3119 δὲ
1595 3070 1702 3119 τῶν
1736 3068 1994 3135 κομητῶν

339 3162 411 3216 τὰ
460 3160 718 3233 σχήματα
784 3155 1037 3234 διάφορα,
1099 3153 1187 3209 διὰ
1233 3156 1333 3224 τὴν
1396 3152 1652 3231 διάφορον
1703 3159 1802 3221 τῆς
1860 3149 1998 3221 ὕλης

344 3246 551 3322 ἔξαψιν,
608 3250 677 3303 ’Ἠ
730 3248 828 3321 γὰρ
880 3247 1016 3301 κατὰ
1066 3251 1241 3318 μῆκος
1304 3244 1469 3315 μόνον
1527 3241 1669 3297 ἐστὶν
1718 3243 1752 3309 ἡ
1786 3238 1989 3313 ἔξαψις,

343 3337 665 3414 καὶγίνεται
698 3337 725 3390 ὁ
756 3334 1096 3407 καλούμενος
1153 3331 1311 3394 δοκός
1352 3351 1366 3364 ’
1436 3330 1470 3400 ἤ
1520 3331 1656 3385 κατὰ
1700 3336 1875 3402 μῆκος
1906 3329 1997 3383 καὶ

343 3426 575 3498 πλάτος,
630 3426 718 3479 καὶ
770 3423 1112 3478 ἀποτελεῖται
1165 3423 1192 3476 ὁ
1242 3419 1442 3496 κυρίως
1499 3417 1839 3492 καλούμενος
1905 3438 1999 3472 κο-

353 3519 555 3591 μήτης,
613 3512 648 3583 ἤ
721 3513 771 3568 ἓν
820 3514 990 3588 ,βάθει
1068 3511 1181 3587 ἔχει
1262 3512 1371 3565 οἷον
1450 3508 1997 3585 ἀποσπινθηρισμούς

339 3627 517 3676 τινας,
545 3604 635 3659 καὶ
694 3600 947 3657 καλεῖται
995 3600 1302 3677 πωγωνίας.
1355 3601 1504 3655 Ἐστι
1575 3596 1632 3653 δὲ
1678 3593 1833 3674 ἕτερα
1875 3597 1997 3652 όνό-

347 3716 490 3768 ματα
519 3698 627 3748 τῶν
660 3696 921 3765 κομητῶν
955 3690 1079 3765 περὶ
1110 3687 1182 3743 ὧν
1215 3688 1439 3763 ἐροῦμεν
1471 3687 1780 3764 προϊόντες.

342 3802 433 3877 ρε’.
525 3799 657 3875 Περὶ
741 3799 919 3869 ὑετοῦ,
994 3797 1091 3877 καὶ.
1134 3795 1446 3877 κχαλάζης,
1507 3815 1721 3871 χιονος,
1779 3795 2001 3869 πάχνης

1006 3869 1097 3923 καὶ
1130 3865 1345 3942 δρόσου.

420 3962 669 4035 Κομῆται
733 3959 828 4032 μὲν
883 3959 973 4013 καὶ
1046 3956 1325 4033 γαλαξίας,
1392 3955 1467 4010 ἔτι
1527 3953 1584 4010 δὶ
1640 3952 1850 4016 δοκίδες
1910 3955 2000 4008 καὶ

351 4050 679 4123 διᾴττοντες,
709 4048 800 4103 καὶ
829 4048 875 4102 τ’
924 4044 1071 4101 ἄλλα
1116 4047 1181 4099 τὰ
1233 4044 1514 4119 εἰρημένα,
1548 4044 1598 4099 ἐν
1628 4048 1696 4118 τῇ
1728 4040 2001 4097 καπνώδει

352 4140 593 4217 γίνονται
648 4135 1049 4211 ἀναθυμιάσει·
1124 4135 1275 4195 ὑετὸς
1347 4131 1405 4188 δὲ
1481 4132 1571 4187 καὶ
1636 4134 1854 4207 χάλαζα
1910 4129 2000 4185 καὶ

348 4229 490 4305 χιὼν
521 4229 609 4283 καὶ
658 4227 843 4303 πάχνη
890 4226 980 4279 καὶ
1028 4222 1220 4299 δρόσος
1272 4223 1322 4278 ἰν
1363 4226 1432 4296 τῇ
1464 4220 1703 4295 ἀτμώδει
1738 4222 2000 4298 ἀναφορᾷ,

354 4318 478 4387 ἥτις
512 4316 645 4390 μετὰ
687 4318 790 4385 τήν
838 4311 1100 4384 καπνώδη
1155 4310 1471 4389 διακέχυται
1532 4312 1665 4386 ὑγρὰ
1712 4312 1809 4380 τήν
1844 4308 1997 4388 φύσιν

352 4405 413 4462 ἐκ
465 4412 566 4475 τῆς
621 4411 752 4481 γῆς,
809 4404 900 4458 καὶ
958 4402 1093 4471 αύτή
1155 4400 1556 4478 ἀναφερομένη.
1605 4398 1753 4469 Αὕτη
1806 4400 1905 4474 γάρ
1963 4401 1997 4467 ἡ

353 4492 618 4568 ἀτμώδης
670 4491 1023 4565 ἀναθυμίασις
1073 4493 1107 4560 ἡ
1161 4491 1297 4565 ὑγρὰ
1343 4491 1431 4545 καὶ
1474 4490 1672 4563 θερμὴ,
1722 4486 1756 4556 ἤ
1804 4486 1999 4543 ἄλλοι·

356 4589 509 4639 οὖται
539 4584 629 4637 καὶ
693 4577 1092 4656 μεταϐάλλεται
1147 4580 1223 4642 εἲς
1283 4577 1452 4654 ὕδωρ,
1500 4578 1588 4632 καὶ
1645 4576 1691 4632 εἴ
1742 4577 1834 4650 μὲν
1859 4575 2001 4647 λαμ-

357 4673 620 4748 πρότερον
671 4669 952 4738 κατέλθοι,
1013 4670 1161 4723 ὑετὸν
1212 4674 1382 4739 ποιεῖ,
1428 4666 1477 4722 εἷ’
1533 4664 1590 4721 δὲ
1648 4667 1780 4721 κατὰ
1840 4664 2001 4739 μέρος

359 4760 583 4835 ἐνεχθῇ,
607 4758 811 4833 ψεκάδα
843 4778 854 4790 ·
885 4757 919 4828 ἤ
970 4761 1235 4832 πήγνυται
1301 4758 1479 4831 μόνως
1520 4758 1606 4811 xui
1641 4760 1788 4811 ποιεῖ
1816 4754 1999 4829 χιόνα,

360 4847 397 4918 ἤ
432 4844 828 4921 μεταϐάλλεται
876 4848 1164 4924 πρότερον,
1224 4850 1321 4911 εἴθ’
1381 4845 1550 4909 οὕτως
1605 4847 1866 4918 πήγνυται
1913 4843 2003 4896 καὶ

361 4937 565 5015 γίνεται
598 4938 832 5011 χάλαζα.
875 4936 945 4994 Εἴ·
989 4937 1084 5010 μὲν
1143 4935 1233 4991 οὖν
1284 4933 1391 4990 ἅνω
1440 4937 1705 5012 κουφισθῇ
1754 4935 1788 5001 ἠ
1822 4931 2007 5004 ἀτμὶς,

362 5030 533 5082 ταῦτα
589 5030 755 5080 ποιεῖ.
813 5025 878 5082 Ei
932 5023 989 5080 δὲ
1037 5025 1087 5080 ἐν
1136 5030 1215 5098 τῷ
1272 5024 1529 5101 περιγείῳ
1588 5020 1742 5093 σταίη
1799 5020 1915 5094 ἀέρι
1971 5017 2007 5089 ἥ

365 5116 659 5187 πήγνυται,
718 5111 805 5166 xui
850 5114 1054 5189 γίνεται
1106 5115 1133 5168 6
1184 5112 1444 5188 παγετός.
1492 5112 1553 5168 Ὁ
1604 5108 1661 5165 δὲ
1711 5106 2012 5186 Ἀριστοτὲ-

368 5201 473 5275 λης
503 5200 675 5258 αἴτιον
708 5202 913 5258 τούτων
947 5203 1195 5258 ἀπάντων
1224 5204 1321 5273 τὴν
1356 5203 1506 5277 ψυξιν
1539 5199 1708 5275 λέγει.

944 5474 1043 5548 pq’.
1084 5476 1219 5549 Περῖ
1254 5466 1448 5545 ἷίριδος.

438 5560 506 5621 Ἠ
532 5564 641 5638 ἶρις
690 5565 753 5619 τὸ
799 5562 1141 5636 καλούμενον
1190 5559 1341 5630 τόξον
1401 5555 1548 5635 παρὰ
1597 5561 1711 5619 τοῖς
1759 5554 2017 5628 πολλοῖς,

364 5650 440 5727 τῇ
492 5650 647 5730 φύσει
708 5653 803 5727 μὶν
860 5648 1219 5707 ἀνυπόστατόν
1269 5645 1403 5721 ἐστι,
1453 5647 1541 5703 καὶ
1590 5644 1873 5729 φάντασμα
1920 5646 2019 5717 τῆς

2096 1915 2363 1971 dimidia.
2397 1918 2560 1982 Quod
2592 1918 2639 1971 si
2672 1917 2802 1988 quis
2834 1919 3059 1973 musice
3091 1935 3369 1975 numeros
3402 1920 3575 1975 hosce
3605 1937 3744 1975 con-

2095 2005 2459 2071 sideraverit,
2492 2008 2843 2077 sapientiam
2868 2007 3195 2063 Conditoris
3226 2008 3748 2080 mirabitur,siqui-

2097 2095 2229 2149 dem
2262 2111 2466 2150 omnes
2498 2096 2753 2151 rationes
2785 2097 3154 2153 harmonicas
3185 2097 3243 2151 in
3277 2097 3393 2153 illis
3442 2100 3750 2155 observare

2098 2183 2251 2251 licet,
2287 2188 2571 2255 octavam,
2605 2185 2873 2256 quintam
2896 2189 3307 2257 quartamque.

2684 2450 2807 2504 104.
2842 2450 2913 2505 De
2941 2453 3164 2505 cometa.

2172 2541 2407 2593 Cometa
2437 2543 2751 2609 generatur
2783 2554 2849 2593 ex
2882 2538 3195 2608 fuliginosa
3225 2539 3469 2594 materia
3494 2557 3510 2609 ;
3534 2542 3753 2611 quanto

2103 2627 2259 2682 enim
2291 2644 2426 2697 pars
2458 2627 2637 2697 hujus
2671 2645 2772 2699 per
2803 2632 3053 2695 motum,
3088 2632 3151 2683 ut
3181 2623 3456 2696 diximus,
3510 2643 3752 2683 succen-

2104 2717 2281 2783 ditur,
2316 2721 2373 2771 et
2403 2716 2635 2771 tenuior
2668 2717 2767 2771 illa
2798 2733 3109 2788 compages
3141 2717 3315 2772 fuerit
3346 2732 3614 2786 accensa,
3634 2721 3753 2771 sta-

2103 2806 2208 2860 tim
2243 2805 2533 2877 procurrit
2588 2805 2859 2871 ulterius,
2918 2806 3102 2876 ﬁtque
3151 2804 3318 2860 stella
3376 2806 3591 2861 cadens
3635 2806 3756 2861 sive

2107 2912 2283 2965 quam
2343 2896 2768 2950 discurrentem
2828 2894 3145 2966 appellant.
3201 2895 3257 2949 Si
3315 2911 3447 2949 vero
3506 2895 3755 2950 materia

2106 2985 2283 3038 fuerit
2312 2985 2788 3049 crassior,semcn
2819 2984 2973 3054 ignis
3003 2983 3266 3039 succensi
3286 2984 3364 3037 ibi
3397 2984 3753 3053 continetur,

2106 3077 2163 3127 et
2191 3076 2479 3126 cometam
2504 3072 2703 3126 efﬁcit.
2752 3076 2900 3125 Sunt
2932 3077 2986 3125 et
3034 3071 3208 3124 varias
3240 3072 3438 3125 formae
3496 3076 3754 3126 cometa-

2106 3177 2237 3215 rum
2270 3166 2507 3231 propter
2544 3160 2996 3214 diversimodam
3030 3158 3287 3213 materiae
3320 3158 3478 3214 illius
3508 3175 3756 3214 succen-

2109 3251 2352 3304 sionem.
2387 3249 2532 3302 Nam
2564 3249 2831 3318 quaedam
2863 3248 2921 3301 in
2954 3245 3195 3317 longum
3247 3248 3420 3301 modo
3452 3248 3535 3313 ﬁt,
3568 3252 3627 3303 et
3654 3264 3759 3302 vo-

2110 3347 2244 3398 cant
2274 3341 2631 3407 trabem,aut
2660 3338 2719 3392 in
2748 3338 2985 3404 longum
3019 3341 3076 3390 et
3105 3336 3313 3402 latum,
3339 3338 3495 3393 unde
3524 3338 3758 3409 proprie

2109 3432 2301 3485 dictus
2331 3433 2561 3483 cometa
2618 3426 2899 3493 nascitur,
2933 3428 3035 3479 aut
3087 3425 3145 3480 iu
3180 3426 3538 3495 profundum
3580 3427 3760 3482 habet

2110 3520 2395 3592 quasdam
2426 3517 2602 3572 voluti
2633 3513 3181 3582 descintillationes,
3212 3520 3270 3570 et
3310 3520 3545 3571 vocatur
3577 3533 3757 3589 pogo-

2108 3610 2238 3663 nias
2269 3608 2387 3661 sive
2419 3606 2712 3660 barbatus.
2750 3602 2899 3657 Sunt
2923 3606 2977 3657 et
3008 3603 3131 3657 aliae
3156 3608 3514 3659 cometarum
3549 3606 3757 3677 appel-

2108 3696 2379 3766 lationes,
2414 3710 2558 3765 quas
2593 3688 2863 3747 sermone
2895 3693 3240 3762 procedente
3271 3692 3557 3749 dicemus.

2199 3804 2320 3858 105.
2354 3803 2426 3857 De
2447 3800 2660 3873 pluvia,
2692 3799 2985 3870 grandine,
3017 3800 3165 3871 nive,
3194 3801 3404 3871 pruina
3434 3809 3486 3857 et
3514 3817 3657 3857 rore.

2179 3965 2421 4019 Cometes
2454 3958 2691 4031 quidem
2738 3960 2791 4013 ef
2840 3958 3097 4014 circulus
3146 3958 3393 4025 lacteus,
3442 3962 3758 4033 trabesque

2110 4058 2165 4108 et
2191 4051 2367 4108 stellae
2400 4051 2671 4104 cadentes
2724 4047 2957 4119 aliaque
3001 4049 3070 4103 de
3102 4047 3317 4118 quibus
3358 4051 3481 4120 jam
3518 4051 3657 4117 dixi,
3690 4067 3760 4106 ex

2111 4140 2442 4212 fuliginosis
2500 4138 2813 4209 vaporibus
2873 4144 3235 4194 nascuntur.
3292 4139 3494 4196 Pluvia
3559 4145 3758 4197 autem

2109 4230 2472 4302 graudoque,
2521 4232 2578 4283 et
2611 4227 2707 4282 nix
2738 4244 2803 4281 ac
2856 4226 3067 4297 pruina
3107 4232 3164 4281 et
3208 4243 3302 4282 ros
3332 4244 3401 4283 ex
3446 4230 3761 4301 vaporibus

2108 4317 2519 4374 exhalantibus
2554 4317 2615 4370 ﬁt
2639 4320 2850 4370 natura
2880 4315 3613 4385 humidis,eﬂ‘undentibus
3636 4334 3763 4373 sese

2108 4413 2242 4479 post
2272 4406 2622 4476 {uliginosus
2655 4404 2808 4470 illos,
2842 4410 2899 4459 et
2950 4420 3018 4459 ex
3050 4410 3202 4460 terra
3230 4406 3379 4477 ipsis
3426 4408 3601 4461 etiam
3633 4424 3765 4462 sur-

2043 4568 2059 4572 ρ
2110 4514 2238 4553 sum
2274 4494 2747 4550 ascendentibus.
2773 4493 2867 4548 Hae
2895 4495 3045 4548 enim
3074 4494 3474 4551 exhalationes
3498 4512 3765 4566 vapores-

2040 4580 2072 4627 if
2111 4601 2223 4656 que
2256 4582 2481 4637 humidi
2516 4599 2581 4637 ac
2632 4581 2803 4637 calidi
2849 4588 2951 4637 aut
2996 4584 3051 4637 in
3088 4601 3301 4655 aquam
3358 4589 3665 4639 vertuntur
3708 4596 3768 4646 et

2111 4677 2437 4743 mutantur,
2473 4689 2595 4740 quze
2629 4672 2676 4727 si
2710 4673 3077 4742 conspectior
3108 4674 3445 4740 descendat,
3471 4674 3609 4728 facit
3632 4675 3765 4745 plu-

2110 4764 2287 4828 viam,
2323 4761 2371 4815 si
2408 4762 2742 4815 minutatim
2793 4761 3158 4829 demittatur,
3211 4778 3427 4831 rorem,
3460 4767 3562 4816 aut
3591 4763 3765 4817 modo

2116 4850 2866 4919 concrescunt,faciuntque
2899 4850 3106 4916 nivem,
3142 4855 3244 4904 aut
3273 4850 3332 4905 in
3365 4866 3577 4921 aquam
3604 4850 3766 4921 prius

2120 4942 2427 4994 mutantur
2477 4956 2542 4993 ac
2592 4937 2799 4992 deinde
2853 4939 3296 5010 congelascunt,
3349 4941 3504 4994 unde
3543 4940 3767 5011 grando

2122 5028 2409 5084 nascitur.
2447 5028 2572 5081 Haec
2602 5026 2753 5081 ﬁunt
2796 5028 3029 5097 quando
3078 5027 3310 5083 levitate
3342 5028 3479 5084 elati
3527 5044 3771 5100 vapores

2123 5117 2299 5173 altius
2332 5117 2725 5172 ascenderunt
2753 5132 2765 5183 ;
2800 5116 2847 5171 si
2880 5132 3012 5171 vero
3045 5117 3101 5171 in
3148 5117 3410 5188 proximo
3442 5122 3611 5174 terra
3641 5134 3773 5174 aere

2124 5205 2475 5273 subsistant,
2533 5205 2729 5275 ibique
2788 5204 3133 5275 congelent,
3190 5211 3506 5277 generatur
3562 5207 3776 5278 pruina

2125 5299 2409 5350 Caeterum
2441 5293 2786 5349 Aristoteles
2814 5292 3025 5349 horum
3075 5294 3340 5352 omnium
3380 5314 3620 5353 causam
3654 5300 3775 5353 sta-

2128 5383 2240 5440 tuit
2267 5400 2396 5440 esse
2422 5383 2632 5455 frigus.

2744 5471 2866 5526 106.
2898 5472 2973 5527 De
3003 5473 3163 5530 iride.

2200 5561 2308 5618 Iris
2338 5577 2512 5633 quem
2543 5559 2753 5634 vulgus
2783 5577 2983 5617 arcum
3014 5571 3200 5630 vocat,
3233 5567 3444 5621 natura
3474 5581 3590 5621 non
3633 5563 3777 5620 sub-

2130 5652 2307 5726 sistit,
2340 5652 2441 5709 sed
2472 5650 2815 5725 imaginatio
2847 5655 2936 5710 est
2966 5650 3318 5730 videntium,
3350 5654 3490 5711 dum
3521 5652 3670 5709 radii
3701 5650 3775 5709 ab
