4046 6144
279 316 391 373 751

1659 305 2081 369 MICHAELIS
2129 307 2403 369 PSELLI
2434 352 2447 363 .

3580 314 3704 372 752

282 444 467 501 oculis
500 444 556 499 in
608 444 769 501 illam
818 442 1087 498 incidunt
1136 458 1201 498 ac
1261 441 1471 497 deinde
1531 438 1925 511 refringuntur

2052 437 2267 513 ὁρώσης
2326 434 2523 514 ὅψεως,
2582 440 2811 496 ἀκτίνων
2872 441 2977 496 ἀπὸ
3034 444 3141 496 τῶν
3191 438 3489 519 ὀφθαλμῶν
3532 462 3705 518 προσ-

280 540 454 607 atque
485 535 562 590 ita
594 550 765 590 arcus
798 534 1067 603 figuram'
1104 532 1382 587 referunt.
1416 529 1564 585 Vere
1616 533 1810 584 autem
1844 544 1935 582 ar-

282 642 413 681 cum
442 628 821 696 repraesentat
851 623 1289 693 iris,nunquam
1318 621 1475 676 enim
1500 618 1807 685 circulum,
1834 616 1936 672 sed

284 732 512 787 semper
542 712 909 770 semicirculo
943 714 1228 766 minorem
1250 711 1623 780 majoremve.
1651 707 1721 762 Ut
1749 706 1936 778 pluri-

285 824 449 862 mum
482 824 515 861 a
544 805 685 874 sole,
717 804 907 858 rarius
927 804 1104 857 etiam
1132 821 1164 855 a
1192 803 1334 855 luna
1363 805 1627 871 apparet,
1658 805 1714 854 et
1743 800 1814 853 de
1845 798 1937 854 die

281 894 668 967 frequentius,
705 894 895 947 rarius
944 897 1157 945 noctu:
1197 889 1410 959 saepius
1463 905 1638 960 prope
1667 888 1935 943 horizon-

283 996 414 1055 tem,
449 983 649 1039 minus
680 982 1013 1051 frequenter
1043 980 1198 1033 circa
1222 977 1772 1032 meridianum.Non
1806 993 1934 1032 raro

282 1073 461 1132 simul
480 1074 594 1127 duo
613 1070 1057 1140 conspiciuntur
1074 1067 1485 1137 irides,estque
1510 1065 1761 1138 singulis
1779 1065 1939 1119 color

280 1162 512 1233 triplex.
567 1158 810 1213 Interior
856 1174 1003 1211 zona
1050 1155 1365 1227 puniceum
1416 1155 1606 1224 habet,
1641 1155 1823 1209 altera
1854 1152 1934 1207 vi-

281 1253 488 1319 ridem,
524 1247 694 1305 tertia
725 1246 971 1301 colorem
1026 1261 1296 1300 croceum
1350 1262 1415 1298 ac
1468 1244 1644 1298 veluti
1680 1244 1935 1315 subpur—

280 1355 549 1413 pureum,
582 1340 933 1407 constatque
965 1335 1067 1390 iris
1100 1332 1493 1404 inaequalibus
1521 1337 1577 1388 et
1631 1331 1936 1388 dissimili-

280 1434 391 1487 bus
424 1427 704 1485 nubibus.

849 1711 971 1766 107.
1006 1711 1078 1765 De
1118 1709 1335 1765 halone.

2046 533 2383 600 πιπτουσῶν,
2437 533 2552 585 εἶτα
2608 528 2673 601 δὴ
2731 531 3155 604 ἀνακλωμένων,
3198 532 3381 586 καὶτὸ
3415 535 3512 585 τοῦ
3542 531 3702 603 τόξου

2048 624 2244 692 σχῆμα
2275 618 2675 696 έμεαινουσῶνι
2713 622 2865 675 Ἔστι
2918 617 2975 675 δὶ
3027 620 3103 682 ὡς
3155 619 3377 692 ἀληθῶς
3402 619 3553 691 τόξον
3608 620 3702 677 ἄν-

2044 726 2229 782 τικρυς
2281 709 2414 763 κατὰ
2493 710 2556 763 τὸ
2636 717 2849 785 σχῆμα,
2937 707 3204 765 οὐδέποτε
3287 710 3391 786 γὰρ
3460 710 3698 788 φαίνεται

2044 794 2388 872 κυκλοτερὲς,
2424 796 2552 852 ἀλλ’
2584 796 2617 867 ἤ
2660 795 2882 853 ἔλαττον
2995 798 3159 854 πλέον
3188 800 3522 871 ἡμικύκλου.
3558 799 3700 855 Φαί-

2046 906 2191 939 νεται
2252 884 2310 940 δὲ
2365 888 2438 951 ὡς
2496 886 2583 941 ἐπὶ
2626 888 2687 941 τὸ
2737 887 2993 943 πλεῖστον
3056 890 3150 960 μὶν
3217 887 3324 943 ἀπὸ
3368 892 3464 943 τοῦ
3506 888 3698 960 ἡλίου,

2002 986 2003 989 “
2045 976 2285 1037 σπανίως
2319 973 2375 1029 δὲ
2421 977 2525 1031 ἀπὸ
2574 980 2674 1041 τῆς
2725 976 2980 1048 σελήνης,
3039 977 3127 1032 καὶ
3164 976 3399 1050 μάλιστα
3434 978 3526 1050 μὶν
3558 977 3698 1051 ἡμέ-

2048 1083 2163 1137 ρας,
2225 1066 2466 1127 σπανίως
2527 1063 2583 1120 δὲ
2639 1067 2851 1139 νυκτὸς,
2884 1067 2972 1121 καὶ
3021 1064 3276 1121 πλεῖστον
3332 1068 3425 1140 μὲν
3474 1067 3561 1121 ἐπὶ
3607 1069 3701 1123 τὸν

2048 1153 2320 1227 ὁρίζοντα,
2374 1154 2613 1217 σπανίως
2664 1153 2721 1210 δὲ
2768 1156 2893 1229 περὶ
2937 1156 3029 1209 τὸν
3067 1150 3441 1231 μεσημϐρινὸν
3473 1155 3698 1215 κύκλον.

2048 1241 2330 1305 Πολλάκις
2364 1241 2420 1298 δὲ
2450 1242 2501 1298 ἐν
2533 1250 2713 1317 ταυτῷ
2759 1245 2847 1299 καὶ
2887 1242 2981 1300 δύο
3015 1244 3293 1323 φαίνονται
3324 1242 3512 1321 ἴριδες.
3546 1248 3701 1304 Ἔστι

2048 1327 2105 1385 δὲ
2159 1337 2302 1385 πᾶσα
2357 1334 2467 1408 ἶρις
2516 1332 2798 1409 τρίχροος.
2874 1335 2939 1390 Ἡ
3016 1334 3110 1408 μὶν
3181 1335 3284 1410 γὰρ
3339 1334 3488 1398 ἐντὸς
3535 1335 3701 1406 αὐτῆς

2049 1419 2192 1489 ζώνη
2228 1424 2449 1498 φοινική
2486 1430 2499 1455 ⁸
2529 1425 2563 1491 ἡ
2617 1420 2673 1476 δὲ
2731 1420 2950 1495 δευτέρα
2997 1421 3281 1498 πράσινος,
3340 1425 3374 1493 ἡ
3438 1421 3495 1478 δὲ
3535 1424 3693 1497 τρίτη

2047 1509 2339 1587 ἀλουργὸς,
2370 1511 2459 1565 καὶ
2516 1514 2631 1567 οἷον
2686 1511 3096 1589 ὑποπόρφυρος.
3150 1514 3473 1569 Συνίσταται
3522 1511 3578 1569 δὲ
3608 1512 3699 1569 ἐπὶ

2046 1598 2363 1673 ἀνωμάλοις
2394 1599 2484 1656 καὶ
2518 1601 2939 1676 ἀνομοιομερέσι
2970 1602 3168 1680 νέφεσι.

2596 1714 2693 1783 ρζ.
2727 1710 2859 1783 Περὶ
2887 1716 2986 1779 τῆς
3018 1707 3158 1768 ἅλω.

352 1806 541 1862 Etiam
573 1804 729 1875 quod
760 1802 822 1856 in
854 1797 1164 1856 sublunari
1212 1798 1450 1868 regione
1482 1798 1724 1867 apparet
1766 1794 1919 1849 velut

2124 1798 2222 1851 Καὶ
2254 1798 2314 1852 τὸ
2345 1797 2448 1853 ὐπὸ
2489 1799 2587 1868 τήν
2640 1801 2876 1869 σελήνην
2908 1797 2963 1853 δὲ
3013 1799 3336 1879 φαινόμενον
3387 1801 3501 1855 οἷον
3532 1799 3682 1856 ἀλώ-

280 1899 610 1965 halonium,
643 1899 869 1951 tantum
900 1894 983 1947 ita
1026 1890 1275 1955 videtur,
1323 1904 1509 1956 neque
1541 1887 1936 1942 substantiam

280 1987 456 2044 habet
489 1984 806 2056 propriam,
840 1985 1111 2035 caaterum
1144 1977 1331 2031 multa
1360 1975 1445 2029 illi
1467 1981 1608 2029 sunt
1636 1974 1803 2029 iridis
1832 1992 1934 2029 na-

278 2082 422 2131 tura:
463 2071 773 2128 contraria.
825 2067 1207 2138 Frequentius
1262 2064 1417 2119 enim
1478 2063 1839 2134 conspicitur
1872 2068 1935 2118 ut

280 2163 532 2219 circulus
587 2160 897 2232 perfectus,
932 2157 1086 2211 haud
1136 2154 1220 2209 ita
1267 2170 1420 2224 saepe
1460 2152 1653 2207 minor
1693 2152 1930 2219 circulo,

280 2253 661 2321 crebriusque
693 2248 848 2304 circa
893 2245 1096 2301 lunam
1130 2259 1307 2314 quam
1352 2242 1506 2297 circa
1537 2241 1741 2307 solem,
1774 2248 1831 2297 et
1861 2244 1933 2297 de

278 2342 373 2396 die
395 2342 589 2395 minus
619 2339 952 2408 frequenter
974 2350 1148 2405 quam
1176 2334 1246 2387 de
1270 2336 1455 2399 nocte,
1488 2331 1931 2402 saepissimeque

279 2432 433 2486 circa
466 2429 879 2492 meridianum,
913 2430 971 2480 at
1003 2439 1180 2495 pr0pe
1232 2421 1597 2476 horizontem
1630 2428 1927 2476 rarenter:

278 2525 335 2575 et
365 2520 538 2575 unica
569 2534 799 2588 semper
855 2515 1153 2585 uniusque
1205 2510 1438 2579 coloris,
1472 2511 1749 2565 nimirum
1783 2510 1928 2565 albi-

278 2609 488 2677 cantis,
525 2625 589 2663 ac
616 2605 882 2662 consistit
902 2620 970 2659 ex
991 2603 1249 2658 nubibus
1268 2600 1593 2672 aequalibus
1615 2608 1667 2655 et
1708 2600 1929 2655 simila-

279 2699 464 2754 ribus.
488 2698 686 2753 Oritur
712 2703 767 2750 et
794 2695 922 2750 halo
946 2710 1013 2748 ex
1038 2692 1275 2747 visionis
1297 2690 1661 2745 refractione.
1690 2690 1931 2760 Oportet

282 2805 413 2843 vero
444 2788 502 2841 id
534 2785 690 2857 quod
720 2785 909 2839 visum
943 2780 1211 2851 refringit
1257 2796 1385 2835 esse
1416 2778 1555 2833 leave
1586 2794 1649 2833 ac
1682 2777 1927 2848 pelluci-

278 2879 440 2941 dum,
472 2881 539 2930 ut
589 2874 669 2928 ibi
729 2872 951 2941 species
999 2870 1250 2925 visibilis
1309 2874 1607 2939 appareat.
1641 2867 1925 2922 Caeterum

279 2964 511 3020 halonis
544 2976 779 3033 quoque
811 2960 1065 3015 circulus
1098 2964 1154 3013 et
1184 2957 1351 3011 iridis
1384 2956 1571 3025 ﬁgura
1600 2956 1926 3011 rationibus

276 3056 760 3111 demonstrantur
807 3048 1196 3121 geometricis,
1229 3062 1377 3118 quas
1425 3062 1575 3117 aegre
1606 3047 1927 3101 admittunt

276 3144 445 3217 regia:
479 3158 671 3199 aures.

865 3316 994 3371 408.
1036 3319 1113 3370 De
1139 3315 1329 3385 virgis.

351 3416 489 3480 Quae
519 3412 574 3466 in
605 3424 738 3466 acre
773 3408 1057 3478 apparent
1084 3408 1364 3472 tanquam
1394 3402 1788 3474 virgeameque
1810 3400 1929 3456 luci

278 3504 539 3560 adversm
570 3498 904 3554 consistunt
926 3495 1113 3548 instar
1140 3491 1524 3560 iridis,nequo
1549 3491 1928 3561 perpendicu«

276 3593 477 3647 lariler
507 3595 735 3645 exstant
758 3585 867 3640 sub
900 3583 1017 3649 illa,
1054 3586 1119 3635 ut
1150 3579 1304 3647 halo,
1328 3584 1673 3650 tantumque
1694 3582 1928 3653 conspi-

280 3682 517 3737 ciuntur
546 3679 617 3732 de
650 3676 763 3741 die,
798 3679 853 3729 et
884 3672 1036 3726 circa
1065 3670 1247 3732 solem
1282 3668 1473 3735 modo,
1507 3674 1564 3724 et
1593 3671 1747 3724 circa
1776 3670 1928 3725 hori-

280 3773 506 3825 zontem
544 3765 793 3820 maxime
824 3758 1268 3823 occidentalem,
1294 3756 1483 3810 rarius
1512 3756 1685 3812 etiam
1720 3759 1777 3812 in
1813 3775 1928 3812 me-

275 3858 525 3923 ridiano,
558 3856 825 3923 fiuntque
856 3868 923 3905 ex
955 3847 1347 3918 inaequalibus
1378 3852 1436 3900 et
1467 3846 1927 3904 dissimilaribus

275 3947 533 4002 nubibus
567 3943 807 4015 perinde
842 3944 905 3993 ut
936 3938 1057 3992 iris.
1096 3936 1321 3990 Habent
1351 3940 1408 3987 et
1446 3934 1583 4001 ipsae
1631 3935 1921 4005 triplicem

271 4031 742 4103 colorem,multa
771 4029 927 4085 enim
954 4026 1135 4096 virgis
1168 4031 1225 4079 et
1248 4023 1379 4077 iridi
1405 4024 1743 4078 communia
1763 4032 1921 4095 sunt,

269 4129 507 4195 excepta
540 4123 879 4191 figuraqquaz
921 4116 1055 4170 iridi
1107 4117 1195 4168 est
1238 4111 1613 4182 imperfectus
1645 4111 1919 4182 circulus,

269 4229 404 4269 cum
440 4212 609 4282 virgae
633 4211 752 4263 sint
774 4208 831 4261 in
857 4210 1075 4261 rectam
1110 4202 1321 4257 lineam
1347 4201 1923 4259 conformata2.Fiunt

268 4319 401 4358 vero
436 4317 537 4373 per
585 4297 1018 4360 retractionem,
1051 4293 1275 4347 visione
1302 4307 1372 4345 ex
1420 4306 1535 4344 una
1578 4290 1731 4344 nube
1764 4289 1920 4345 dela-

268 4393 438 4447 bente
468 4389 527 4443 in
560 4386 829 4451 alteram,
862 4388 1037 4453 atque
1068 4381 1203 4436 inde
1236 4380 1481 4434 refracta
1512 4378 1583 4432 ad
1616 4376 1789 4433 aliam
1814 4396 1919 4434 nu-

264 4482 394 4536 bem
453 4477 882 4533 candicantem.
942 4470 1181 4535 Quando
1228 4468 1425 4537 itaque
1462 4466 1805 4523 Aristoteles
1850 4469 1919 4524 de

2049 1907 2188 1959 νιον,
2241 1888 2357 1941 κατ’
2412 1882 2639 1962 ἔμφασίν
2702 1886 2866 1957 ἐστιν,
2899 1886 3025 1942 ἀλλ’
3083 1890 3146 1943 οὐ
3204 1889 3323 1952 καθ’
3382 1889 3693 1957 ὑπόστασιν,

2540 1973 2657 2051 ἔχει
2708 1984 2808 2045 τῆς
2888 1974 3085 2053 ἴριδος.
3146 1978 3269 2035 Ἐπὶ
3322 1979 3415 2051 μὲν
3474 1979 3573 2054 γὰρ
3628 1978 3692 2034 τὸ

2043 2063 2300 2120 πλεῖστον
2352 2064 2554 2128 κύκλος
2623 2064 2864 2144 φαίνεται
2920 2068 3152 2134 τέλειος,
3213 2068 3576 2143 σπανιώτερον
3638 2065 3696 2123 δὲ

2043 2151 2279 2208 ἐλάττων
2320 2154 2544 2211 κύκλου.
2591 2155 2690 2209 Καὶ
2733 2157 2857 2229 περὶ
2911 2155 3004 2228 μὲν
3037 2158 3134 2224 τὴν
3170 2154 3403 2225 σελήνην
3438 2155 3695 2229 μάλιστα,

2042 2237 2265 2298 ἔλαττον
2300 2240 2470 2297 δὲκαὶ
2520 2243 2643 2317 περὶ
2687 2244 2778 2298 τὸν
2829 2244 2989 2314 ’ἥλιον
3046 2244 3314 2319 φαίνεται,
3361 2246 3452 2298 καὶ
3502 2245 3696 2308 νυκτὸς

2047 2332 2139 2405 μὲν
2194 2331 2384 2399 πλέον,
2431 2329 2654 2387 ἔλαττον
2727 2331 2783 2387 δὲ
2826 2332 3056 2406 ἡμέρας.
3115 2337 3217 2391 Καὶ
3276 2334 3398 2408 περὶ
3463 2334 3558 2406 μὲν
3600 2336 3691 2389 τὸν

2045 2417 2418 2495 μεσημϐρινὸν
2447 2419 2648 2476 κύκλον
2682 2422 2755 2484 ὡς
2790 2420 2874 2476 ἐπὶ
2924 2422 2987 2477 τὸ
3037 2427 3316 2490 πλεῖσσον,
3352 2425 3591 2486 σπανίως
3635 2421 3692 2478 δὲ

2040 2510 2163 2585 περὶ
2193 2511 2281 2564 τὸν
2336 2511 2605 2585 ὁρίζοντα.
2650 2511 2753 2568 Καὶ
2806 2511 2903 2583 μία
2944 2512 3022 2565 ἀεὶ
3070 2512 3161 2566 καὶ
3196 2532 3526 2587 μονοχροος,
3559 2510 3689 2582 ἤτοι

2040 2596 2230 2669 λευκὴ,
2285 2600 2373 2654 καὶ
2420 2602 2727 2655 συνίσταται
2781 2599 2865 2655 ἐπὶ
2918 2600 3153 2673 ὁμαλοῖς
3192 2602 3279 2656 καὶ
3334 2601 3689 2677 ὁμοιομερέσι

2038 2689 2237 2765 νέφεσι.
2298 2687 2505 2743 Γίνεται
2566 2687 2623 2744 δὶ
2696 2690 2785 2743 καὶ
2862 2686 2996 2759 αὕτη
3075 2689 3125 2760 ἐξ
3185 2688 3528 2754 ἀνακλάσεως
3585 2697 3686 2760 τῆς

2038 2773 2235 2850 ὄψεως.
2279 2783 2371 2832 Δεῖ
2426 2775 2482 2831 δὲ
2532 2779 2593 2832 τὸ
2648 2773 2895 2847 ἔνοπτον,
2954 2779 3041 2853 ἀφ’
3094 2778 3156 2832 οὗ
3204 2777 3521 2848 ἀνακλᾶται,
3554 2780 3688 2835 εἶναι

2035 2866 2123 2921 καὶ
2180 2866 2327 2921 λεῖον
2384 2867 2472 2921 καὶ
2523 2864 2792 2944 δισφανὲς,
2845 2865 2938 2922 ’ίνα
3016 2866 3187 2923 ἐκεῖσε
3244 2868 3569 2947 ἐμφαίνηται
3626 2870 3689 2924 τὸ

2037 2953 2263 3011 ε’ίόωλον
2321 2959 2418 3010 τοῦ
2467 2956 2682 3031 ὁρατοῦ.
2740 2959 2888 3011 ’Ἐστι
2937 2954 2993 3011 δὲ
3045 2959 3080 3025 ἡ
3131 2953 3403 3028 ἀπόδειξις
3451 2958 3539 3013 καὶ
3586 2964 3684 3013 τοῦ

2032 3051 2131 3113 τῆς
2166 3043 2282 3099 ἅλω
2314 3043 2540 3115 κύκλου,
2586 3045 2673 3100 καὶ
2723 3050 2823 3100 τοῦ
2870 3053 2970 3116 τῆς
3012 3042 3195 3120 ’ίριδος
3236 3049 3524 3121 σχήματος
3550 3068 3681 3122 γεω-

2037 3136 2288 3209 μετρικὴ,
2348 3134 2437 3189 καὶ
2499 3131 2587 3189 διὰ
2639 3140 2799 3190 τοῦτο
2858 3135 2949 3190 καὶ
3006 3133 3363 3209 δυσπόριστος
3425 3135 3683 3212 βασιλικῇ

2038 3225 2200 3297 ἀκοῇ.

2044 1976 2109 2030 τά
2168 1975 2377 2030 ἀναντία
2430 1974 2487 2030 δὲ

2678 3315 2689 3332 Ι
2852 3314 2865 3331 \
2910 3311 2922 3330 9
2948 3308 3032 3335 θρα

2604 3334 2669 3389 ρη
2697 3358 2709 3371 .
2737 3320 2867 3388 Περι
2900 3333 3137 3390 ραοοων.

2155 3403 2169 3425 κ
2784 3397 2910 3423 νιρκ
3128 3403 3142 3423 κ
3243 3404 3257 3421 \
3596 3401 3620 3419 ν

2105 3407 2170 3459 Αι
2232 3401 2552 3476 φαινόμεναι
2609 3405 2723 3458 οἷον
2774 3422 2966 3479 ραοοοι
3016 3425 3153 3459 κατα
3205 3425 3294 3459 τον
3358 3403 3506 3478 ἀέρα,
3557 3425 3685 3460 ουτε

2035 3490 2357 3564 κατάντικρυ
2390 3493 2728 3546 συνίστανται
2776 3496 2870 3547 τοῦ
2922 3490 3202 3567 λαμπροῦ,
3249 3492 3427 3568 ὥσπερ
3457 3495 3490 3561 ἡ
3539 3490 3679 3567 Ἱρις,

2037 3578 2157 3633 οὔτε
2213 3581 2349 3634 κατὰ
2398 3582 2640 3649 κάθετον,
2703 3580 2884 3656 ὥσπερ
2940 3582 2975 3649 ἡ
3036 3578 3203 3643 ἄλως.
3266 3580 3561 3636 Φαίνονται
3621 3578 3682 3636 δὲ

2034 3670 2246 3743 ἡμέρας
2281 3668 2467 3741 μόνον,
2526 3670 2613 3723 καὶ
2663 3669 2787 3741 περὶ
2842 3669 2933 3724 τὸν
2983 3667 3145 3737 ἥλιον
3208 3669 3395 3742 μόνον,
3428 3670 3517 3724 καὶ
3560 3668 3683 3744 περὶ

2032 3757 2123 3812 τὸν
2157 3757 2408 3832 ὁρίζοντα
2462 3756 2696 3831 μάλιστα
2744 3760 2837 3813 τὸν
2885 3756 3129 3829 δυτικὸν,
3170 3754 3391 3815 ἔλαττον
3423 3756 3479 3814 δέ
3510 3760 3597 3814 καὶ
3629 3758 3684 3813 ἐν

2030 3851 2109 3918 τῷ
2143 3842 2521 3923 μεσημϐρινῷ,
2579 3846 2667 3901 καὶ
2718 3846 2807 3900 ἐπῖ
2858 3846 3190 3919 ἀνωμάλων,
3232 3847 3322 3902 καὶ
3354 3848 3682 3921 ἀνομοιομε-

2034 3940 2139 4011 ρῶν
2195 3940 2366 4013 νεφῶν
2424 3937 2601 4009 ὥσπερ
2659 3936 2745 3990 καὶ
2799 3938 2833 4005 ἡ
2895 3939 3023 4011 ἶρις.
3089 3937 3212 3993 Εἶ’σῖ
3268 3934 3325 3991 δὲ
3363 3936 3620 4012 τρίχροοι
3659 3955 3671 3970 ·

2032 4026 2222 4092 πολλή
2251 4026 2351 4099 γάρ
2386 4027 2699 4099 συγγέννεια
2728 4032 2848 4088 ταῖς
2888 4021 3108 4100 ῥάϐδοις
3145 4028 3235 4080 καὶ
3264 4030 3333 4100 τῇ
3368 4023 3497 4101 ξ’ριδι
3533 4023 3678 4093 πλὴν

2029 4118 2125 4168 τοῦ
2174 4117 2486 4189 σχήματος,
2514 4114 2593 4169 ὅτι
2628 4117 2661 4183 ἡ
2710 4114 2801 4185 μὲν
2853 4120 2961 4189 ἶρις
3004 4116 3448 4188 ἀποτετμημένος
3476 4113 3678 4176 κύκλος

2032 4203 2195 4271 ἐστὶν,
2256 4206 2309 4257 αἱ
2370 4201 2427 4257 δὲ
2480 4198 2671 4280 ῥάϐδοι
2702 4204 2820 4267 καθ’
2878 4203 3173 4278 εὐθυωρίαν
3203 4203 3469 4258 τέτανται.
3505 4204 3681 4258 Γίνον-

2027 4312 2115 4347 ται
2174 4290 2230 4347 Si;
2286 4294 2440 4348 αὗται
2494 4293 2630 4348 κατὰ
2696 4290 2985 4349 ἀνάκλασιν
3064 4292 3520 4369 προσπιπτούσης
3577 4300 3676 4363 τῆς

2029 4382 2225 4457 ὅψεως,
2280 4386 2384 4439 ἀπὸ
2444 4383 2635 4462 νέφους
2692 4383 2769 4448 εἷς
2823 4386 3010 4463 νέφος,
3068 4386 3314 4449 κάκεῖθεν
3349 4381 3680 4457 ἀνακλωμέ-

2027 4494 2124 4542 νης
2152 4475 2286 4545 πρὸς
2330 4471 2511 4547 ἕτερον
2560 4474 2717 4550 νέφος
2766 4472 2983 4531 λευκόν.
3030 4475 3192 4531 Ὀταν
3246 4472 3302 4528 δὲ
3359 4473 3495 4550 λέγῃ
3530 4478 3679 4545 Ἀρι-

261 4571 442 4643 virgis
473 4568 741 4640 loquens,
776 4564 857 4618 ait
888 4561 1124 4629 rel‘ringi
1158 4558 1442 4613 visionem
1476 4557 1532 4611 in
1583 4558 1726 4622 sole,
1759 4559 1921 4615 noris

2038 4559 2291 4632 στοτέλης
2321 4562 2444 4637 περὶ
2484 4567 2590 4617 τῶν
2644 4558 2881 4638 ῥάϐδων,
2914 4564 2995 4618 ὅτι
3030 4561 3111 4618 ἔπ’
3142 4561 3317 4618 αὐτῶν
3377 4561 3675 4617 ἀνακλᾶται

262 4660 668 4716 candicantem
697 4654 912 4709 nubem
954 4651 1067 4705 isto
1098 4649 1158 4703 in
1209 4647 1333 4702 loco
1366 4646 1603 4703 nomine
1652 4646 1794 4703 solis
1825 4649 1915 4704 in-

264 4749 382 4807 telli
392 4748 469 4821 gi.

816 4847 934 4904 109.
977 4848 1050 4901 Dc
1076 4844 1371 4915 parhelz‘is.

335 4945 520 5001 Multa
552 4946 691 4997 sunt
722 4936 1000 5013 parheliis
1036 4932 1374 4989 communia
1406 4948 1539 4986 cum
1571 4932 1912 5003 virgis,nam

259 5039 317 5090 et
345 5036 405 5090 hi
439 5052 540 5105 per
583 5038 983 5088 transversum
1047 5042 1078 5079 a
1111 5024 1239 5078 luce
1289 5022 1582 5087 oriuntur,
1615 5026 1672 5077 et
1720 5024 1790 5078 de
1822 5024 1914 5079 die

257 5123 651 5188 solummodo,
686 5137 789 5176 nec
822 5118 935 5173 nisi
970 5114 1122 5171 circa
1153 5111 1356 5178 solem,
1391 5114 1447 5163 et
1480 5111 1730 5165 maxime
1762 5112 1913 5167 circa

257 5210 679 5269 occidentalem
728 5208 1095 5263 horizontem
1154 5202 1239 5257 vel
1283 5199 1696 5257 meridianum.
1730 5201 1910 5258 Cante-

256 5318 384 5357 rum
408 5300 578 5370 virgae
604 5301 658 5353 in
684 5298 943 5352 nubibus
961 5291 1348 5364 inaequalibus
1368 5306 1432 5343 ac
1450 5288 1910 5348 diesimilaribus

255 5395 606 5463 generantur
639 5388 877 5459 perinde
911 5391 974 5439 ut
1007 5384 1206 5451 irides,
1241 5378 1485 5453 parlielii
1517 5385 1707 5433 autem
1742 5379 1909 5436 halo-

253 5480 347 5537 nis
394 5483 453 5533 in
516 5478 759 5532 modum
812 5476 867 5527 in
921 5471 1248 5543 aequalibus
1297 5486 1362 5525 ac
1406 5467 1789 5523 similaribus.
1830 5472 1909 5525 Ac

252 5574 426 5643 virgae
458 5566 694 5639 quidem
728 5562 943 5634 triplici
975 5560 1165 5616 colore
1208 5563 1349 5613 sunt
1398 5561 1463 5611 ut
1492 5556 1647 5612 halo.
1682 5557 1761 5613 De
1790 5558 1908 5615 illis

249 5676 384 5720 vero
418 5656 722 5717 sciendum
773 5650 1047 5725 est,quod
1079 5654 1219 5704 tunc
1268 5646 1537 5705 refractio
1571 5663 1600 5704 a
1656 5647 1811 5704 nube
1884 5653 1908 5705 t

2022 4654 2058 4721 ἡ
2116 4650 2236 4724 ὄψις
2263 4652 2397 4726 πρὸς
2423 4652 2515 4706 τὸν
2546 4648 2728 4720 ἥλιον,
2762 4656 2932 4726 γνῶθι
2965 4651 3046 4707 ὅτι
3078 4651 3240 4722 ἥλιον
3271 4656 3360 4707 νῦν
3393 4653 3454 4707 τὸ
3481 4650 3672 4707 λευκὸν

2022 4738 2181 4816 νέφος
2212 4738 2338 4795 ἐκάλ
2350 4760 2479 4796 εσεν.

2549 4849 2644 4923 ρΘ’.
2682 4846 2810 4921 Περὶ
2841 4846 3152 4920 παρηλίων.

2094 4934 2319 5005 Πολλὴν
2375 4940 2656 4991 κοινωνίαν
2718 4933 2937 5012 ἔχουσιν
2998 4938 3049 4991 οἱ
3103 4935 3368 5009 παρήλιοι
3398 4935 3536 5011 πρὸς
3575 4937 3673 5001 τὰς

2022 5020 2255 5102 ῥάϐδους
2287 5044 2299 5055 ·
2349 5024 2438 5079 καὶ
2484 5027 2582 5101 γάρ
2626 5027 2716 5082 καὶ
2768 5025 2916 5081 οὗτοι
2968 5026 3027 5081 ἐκ
3074 5024 3324 5101 πλαγίων
3369 5030 3467 5080 τοῦ
3520 5026 3671 5099 λαμ-

2019 5118 2159 5188 προῦ
2200 5113 2461 5188 γίνονται,
2513 5116 2599 5168 καὶ
2664 5116 2875 5191 ἡμέρας
2945 5116 3138 5189 μόνον,
3185 5115 3308 5190 περὶ
3365 5114 3455 5169 τὸν
3505 5112 3667 5182 ἥλιον

2024 5204 2209 5276 μόνον,
2243 5202 2331 5257 καὶ
2370 5202 2604 5275 μάλιστα
2650 5205 2773 5279 περὶ
2822 5205 2911 5259 τὸν
2964 5205 3214 5279 ὀριζοντα
3253 5204 3340 5258 τὸν
3378 5200 3603 5275 δυτιμὸν
3630 5201 3667 5273 ἤ

2016 5292 2107 5345 τὸν
2140 5312 2271 5364 μεση
2286 5286 2512 5364 μϐρινὸν
2538 5310 2550 5324 ⁸
2597 5291 2744 5361 πλὴν
2778 5294 2830 5347 αἱ
2867 5295 2959 5367 μὶν
3008 5289 3203 5369 ῥάϐδοι
3235 5293 3319 5347 ἐπὶ
3355 5291 3664 5365 ἀνωμάλων

2017 5381 2252 5456 γίνονται
2300 5386 2496 5452 νεφῶν,
2558 5382 2647 5435 καὶ
2700 5382 3137 5455 ἀνομοιομερῶν,
3195 5381 3374 5456 ὥσπερ
3406 5384 3441 5451 ἡ
3497 5382 3607 5457 ἶρις
3643 5400 3657 5415 ·

2019 5470 2068 5524 oi
2129 5467 2184 5524 δὲ
2239 5468 2503 5544 παρηλιοι
2564 5468 2651 5524 ἐπὶ
2711 5470 2934 5544 ὁμαλῶν
2993 5472 3083 5527 καὶ
3131 5471 3505 5544 ὁμοιομερῶν,
3556 5471 3664 5525 ὥσ-

2016 5580 2116 5636 περ
2168 5561 2203 5629 ἡ
2254 5556 2420 5619 ἄλως.
2473 5558 2579 5615 Καὶ
2657 5560 2711 5613 αἱ
2791 5562 2884 5633 μὶν
2955 5556 3146 5639 ῥάϐδοι
3211 5559 3464 5636 τρίχροοι
3521 5557 3663 5615 κατᾶ

2013 5650 2081 5708 τὰ
2133 5654 2232 5721 τῆς
2277 5645 2459 5728 τίριδος
2540 5649 2834 5729 χρώματα,
2908 5652 2959 5709 οἱ
3040 5648 3099 5709 δὶ
3166 5648 3436 5728 παρήλιοι
3490 5645 3659 5728 μονό-
