4046 6144
398 399 519 463 ’153

1579 400 1680 460 DE
1725 398 2171 463 OMNIFARIA
2217 397 2637 459 DOCTRINA.

3698 348 3818 456 734

400 550 585 607 χροοι,
637 531 729 584 καὶ
788 508 978 585 λευκοὶ
1007 509 1145 584 κατὰ
1171 527 1234 584 τὸ
1266 532 1475 604 χρῶμα
1502 535 1602 600 τῆς
1633 527 1770 587 ἅλω.
1805 529 1935 606 Περὶ
1991 529 2049 586 δὶ

2170 508 2234 588 ad
2262 530 2468 602 solem,
2509 540 2645 586 eum
2671 529 2857 586 nubes
2889 527 3128 584 densior
3155 529 3246 584 est
3285 528 3341 583 et
3372 525 3616 583 solidior
3637 543 3814 600 quam

393 617 505 675 τῶδ
537 617 828 696 παρηλίων
895 617 1067 673 ἐκεῖνο
1129 620 1242 694 χρὴ
1305 617 1522 688 ιῗδέναι,
1582 617 1729 691 ὅτιὴ
1763 619 2057 687 ἀνάκλασις

397 709 504 764 ἀπὸ
560 712 657 763 τοῦ
714 707 908 785 νέφους
959 706 1161 784 γίνεται
1195 709 1331 783 πρὸς
1362 709 1452 764 τὸν
1481 706 1665 779 ἥλιον,
1717 714 1812 765 τοῦ
1861 709 2054 788 νέφους

394 796 726 872 πυκνοτέρου
781 793 938 860 ὄντος
987 796 1080 852 καὶ
1122 798 1464 873 στερεμνίου,
1519 798 1665 875 παρὰ
1714 799 1776 854 τὸ
1830 797 1882 854 ἓν
1931 804 2050 862 ταῖς

397 883 638 964 ῥάϐδοις,
685 886 776 942 καὶ
801 886 1038 960 ὁμαλοῦ.
1095 887 1192 942 Διὰ
1220 889 1320 964 γὰρ
1352 892 1512 943 τοῦτο
1544 889 1633 943 καὶ
1683 887 1877 951 λευκὸς
1926 888 2046 967 φαί-

2165 622 2224 678 ln
2256 621 2458 694 virgis,
2489 620 2768 692 laevisque
2799 624 2856 674 et
2881 617 3143 692 aequalis,
3165 616 3548 690 quamobrem
3582 624 3633 672 et
3665 616 3818 674 albi-

2163 714 2330 768 cante
2353 711 2545 767 colore
2572 709 2876 784 parhelius
2897 706 3445 782 apparet,quoniam
3479 706 3550 763 ab
3573 705 3818 763 laevitate

2162 801 2263 858 illa
2295 819 2450 857 unus
2484 800 2760 872 idemque
2804 797 2961 855 color
3022 801 3313 867 servatur,
3345 801 3402 853 et
3459 812 3492 852 a
3523 796 3816 854 densitate

2160 890 2350 961 magis
2382 889 2731 961 faciliusque
2763 889 2923 944 visus
2957 886 3314 958 refringitur.

394 997 539 1033 νεται
572 979 601 1032 6
628 975 926 1053 παρήλιος,
959 974 1148 1046 ἐπειδὴ
1186 978 1291 1032 ἀπὸ
1319 982 1421 1032 τοῦ
1454 977 1669 1052 ὁμαλοῦ
1696 975 1751 1033 ἓν
1783 979 1872 1034 καὶ
1902 983 2062 1034 τοῦτο
2116 982 2321 1054 χρῶμα
2345 975 2688 1047 διασώζεται,
2720 976 2808 1032 καὶ
2843 976 2946 1031 ἀπὸ
2976 979 3074 1030 τοῦ
3105 979 3310 1029 πυκνοῦ
3344 971 3544 1050 ῥᾳδίως
3597 970 3810 1047 μᾶλλον

395 1067 486 1122 καὶ
519 1066 801 1140 συντόμως
836 1065 1131 1121 ἀνακλᾶται
1166 1068 1200 1137 ἡ
1237 1061 1383 1141 ὄψις,

966 1171 1059 1244 ρι’.
1091 1171 1222 1248 Περὶ
1254 1170 1489 1245 ἀνέμων.

467 1281 526 1336 Ὀ
583 1279 777 1352 ἄνεμος
835 1277 936 1333 οὐκ
987 1277 1126 1333 ἔστιν
1189 1279 1295 1354 ἀὴρ
1353 1278 1696 1353 κινούμενος,
1753 1279 2052 1342 ὡςἸππο-

331 1374 342 1382 ’
395 1367 606 1443 κράτησ
662 1368 690 1422 6
749 1371 903 1431 Κῶος
944 1367 1125 1442 ἰατρὸς
1189 1365 1379 1439 οἳεται,
1440 1367 1566 1424 ἀλλ’
1596 1367 1656 1423 ἐκ
1701 1375 1799 1438 τῆς
1830 1369 2048 1423 καπνώ-

397 1455 521 1519 δους
577 1455 719 1511 ἐστὶν
799 1455 1227 1528 ἀναθυμιάσεως.
1302 1457 1366 1513 Ἡ
1428 1457 1522 1529 μὶν
1583 1458 1688 1531 γαρ
1739 1461 1836 1512 τοῦ
1895 1458 2049 1532 ἀέρος

394 1545 604 1617 κίνησις
660 1544 887 1608 ἔκλυτος
957 1545 1190 1621 ὑπάρχει
1249 1545 1338 1600 καὶ
1397 1544 1638 1621 χαλαρὰ,
1672 1549 1706 1616 ἡ
1743 1543 1800 1600 δὲ
1829 1551 1926 1600 τοῦ
1959 1547 2048 1600 ἀν-

393 1634 573 1708 έμου,
633 1636 922 1710 τυραννική
981 1636 1072 1690 καὶ
1134 1634 1417 1710 βιαιοτάτῃ
1455 1678 1469 1703 ,
1548 1635 1624 1697 ὡς
1683 1632 1944 1706 δηλοῦσιν
1999 1636 2050 1690 οἱ

395 1723 633 1796 σεισμοὶ,
665 1726 716 1778 οἳ
746 1729 1021 1787 κινοῦντες
1060 1727 1161 1793 τὴν
1207 1728 1328 1800 γῆν,
1363 1722 1519 1778 οὐδὲν
1551 1724 1653 1799 γὰρ
1693 1722 1873 1798 ἕτερόν
1908 1723 2047 1779 ἐστιν

395 1814 424 1868 6
455 1813 703 1886 σεισμὸς,
766 1812 810 1868 εἰ
864 1815 940 1885 μή
1001 1813 1252 1887 ὑπόγειος
1308 1811 1528 1886 ἄνεμος.
1558 1812 1839 1888 Τεσσάρων
1875 1810 1931 1868 δὲ
1961 1808 2050 1867 ὅν-

2749 1172 2870 1228 110.
2904 1173 2980 1227 De
3016 1173 3214 1227 ventis.

2230 1278 2452 1334 Ventus
2484 1296 2599 1334 non
2632 1283 2722 1334 est
2743 1279 3000 1350 agitatus
3031 1280 3222 1346 aer,ut
3250 1277 3629 1348 Hippocrates
3663 1275 3814 1330 Cous

2160 1369 2422 1424 medicus
2490 1367 2604 1424 sibi
2660 1367 2979 1439 persuasit,
3038 1369 3142 1422 sed
3209 1383 3278 1422 ex
3353 1381 3567 1436 vapore
3641 1367 3815 1434 atque

2159 1457 2527 1514 exhalatione
2585 1462 2750 1512 terrae
2811 1456 3019 1512 oritur.
3088 1455 3254 1510 Aeris
3333 1454 3550 1525 quippe
3618 1458 3816 1508 motus

2159 1549 2478 1620 languidus
2500 1553 2589 1603 est
2611 1565 2676 1602 ac
2707 1547 3015 1614 remissus,
3042 1546 3197 1602 venti
3221 1544 3566 1617 tyrannicus
3599 1559 3666 1600 ac
3718 1560 3813 1600 ve-

2162 1637 2673 1704 hementissimus,
2709 1644 2772 1692 ut
2812 1638 3220 1692 demonstrant
3266 1638 3653 1701 terraemotus,
3715 1633 3817 1704 qui

2160 1725 2306 1781 nihil
2337 1726 2496 1781 aliud
2531 1732 2670 1781 sunt
2700 1743 2876 1797 quam
2901 1724 3271 1782 subterranei
3299 1724 3624 1780 venti.Cum
3656 1739 3811 1789 vero,

2163 1820 2227 1870 ut
2247 1814 2499 1870 breviter
2522 1815 2736 1880 dicam,
2764 1821 3017 1886 quatuor
3040 1816 3160 1870 sint
3192 1814 3346 1870 venti
3389 1812 3659 1870 catholici
3693 1813 3814 1868 sive

391 1925 522 1971 των,
583 1904 656 1965 ὡς
717 1904 999 1977 συντόμως
1054 1902 1246 1973 εἰπεῖν,
1301 1902 1608 1966 καθολικῶν
1666 1904 1898 1975 ἀνέμων,
1953 1903 2051 1956 ἀπ-

2170 1903 2585 1970 cardinales,ex
2607 1904 2701 1959 his
2721 1903 3078 1960 subsolanus
3109 1921 3176 1959 ac
3203 1903 3490 1975 zephyrus
3521 1919 3636 1957 non
3669 1901 3812 1957 adeo

395 1990 652 2062 ηλιώτης
731 1993 823 2066 μὲν
900 1991 991 2047 καὶ
1066 1992 1293 2068 ζέφυρος
1353 1991 1453 2046 οὐκ
1511 1991 1613 2045 εἶσὶ
1673 1989 2052 2067 σφοδρότατοι,

406 2081 607 2158 βορρἆ
664 2079 722 2136 δὲ
772 2081 863 2137 καὶ
917 2081 1072 2144 νότος
1122 2081 1596 2157 τυραννικώτερον
1651 2077 1788 2136 διότι
1845 2080 1896 2135 ἐν
1961 2079 2058 2154 μὶν

399 2175 480 2242 τῷ
543 2171 743 2246 βορείῳ
800 2171 889 2225 καὶ
943 2169 1110 2243 νοτίῳ
1159 2169 1341 2242 πόλῳ,
1402 2167 1546 2234 ἔνθεν
1607 2170 1634 2224 6
1682 2169 1882 2246 βορρᾶς
1912 2169 2058 2224 καὶὸ

399 2258 561 2321 νότος
620 2265 762 2331 πνεῖ,
827 2261 902 2332 μὴ
962 2257 1305 2334 γινόμενοςὸ
1365 2257 1528 2328 ἥλιος
1593 2259 1654 2313 οὐ
1689 2257 2061 2333 θερμαίνειτά

401 2347 573 2404 ἰκεῖσε
621 2348 825 2424 χωρία,
891 2345 1039 2403 ἀλλὰ
1102 2348 1248 2420 μένει
1278 2350 1483 2424 ψυχρὼ
1518 2349 1708 2423 ψυχρά
1738 2345 1794 2402 δὲ
1825 2343 1950 2402 ὄντα
1979 2347 2060 2402 ἀεὶ

403 2436 600 2511 ἔνικμά
658 2437 816 2505 εἰσιν,
878 2437 1017 2492 ὥστε
1073 2433 1298 2512 ὄμϐρων
1355 2436 1582 2492 πολλῶν
1625 2438 1931 2512 γενομένων
1975 2435 2061 2491 8τά

398 2529 502 2596 τὴν
558 2527 736 2601 ψύξιν.
798 2528 951 2596 Εἶτα,
999 2533 1100 2595 τῆς
1172 2533 1273 2602 γῆς
1352 2521 1656 2602 διαϐρόχου
1739 2527 2059 2602 γενομένης,

400 2613 587 2684 πολλή
661 2613 958 2686 καπνώδης
1031 2615 1387 2688 ἀναθυμίασις
1466 2612 1771 2683 ἐκδίδοται,
1829 2616 1917 2669 καὶ
1973 2613 2063 2669 διὰ

399 2709 583 2778 τοῦτο,
641 2702 872 2784 σφοδροὶ
927 2704 1120 2779 ἄνεμοι
1148 2705 1434 2780 ζγίνονται,
1491 2706 1519 2760 6
1563 2703 1763 2782 βορρᾶς
1795 2705 1882 2759 καὶ
1915 2705 1943 2759 6
1973 2704 2062 2760 νό-

402 2814 519 2856 τος.
580 2794 666 2851 Ἐν
728 2791 786 2848 δὲ
839 2799 955 2856 τοῖς
1026 2793 1369 2856 ἀνατολικοῖς
1409 2794 1499 2848 καὶ
1559 2790 1796 2855 δυτικοῖς
1827 2793 2062 2869 χωρίοις

407 2882 727 2956 κινούμενος
783 2884 810 2937 6
869 2881 1036 2952 ἥλιος
1084 2881 1182 2936 οὐκ
1213 2881 1273 2953 ἐᾷ
1315 2882 1468 2957 ψύξιν
1525 2881 1768 2958 γίνεσθαι
1818 2883 2062 2953 πολλὴν,

409 2966 555 3035 ἔνθεν
617 2968 673 3026 δὲ
729 2969 854 3027 οὔτε
908 2969 1084 3035 πολὺς
1143 2971 1294 3033 ὑετὸς
1349 2970 1571 3047 γίνεται,
1621 2969 1744 3027 οὔτε
1788 2975 1822 3043 ἠ
1867 2970 2060 3043 πολλῆ

414 3057 705 3131 καπνώδης
753 3060 1130 3134 ἀναθυμίασις,
1191 3059 1281 3115 ἅτε
1337 3067 1438 3130 τῆς
1473 3067 1575 3135 γῆς
1633 3063 1708 3133 μῆ
1770 3058 2063 3138 διαόρεχο-

417 3150 607 3223 μένης,
661 3149 748 3204 καὶ
799 3149 861 3205 οὐ
917 3150 1156 3224 γίνονται
1219 3147 1309 3204 διὰ
1365 3153 1528 3208 τοῦτο
1589 3150 1779 3224 ἄνεμοι
1837 3149 2064 3228 σφοδροὶ

411 3238 671 3302 ἐντεῦθεν.
719 3236 873 3309 Πλήν
926 3237 979 3294 ἐν
1043 3238 1138 3312 μὲν
1197 3243 1312 3300 τοῖς
1379 3238 1582 3302 νοτίοις
1623 3240 1805 3314 μέρεσι
1863 3239 2059 3295 πλεῖον

411 3327 506 3401 μέν
567 3328 705 3383 ἐστιν
765 3330 800 3399 ἡ
853 3334 946 3403 γῆ,
1006 3327 1105 3382 οὐκ
1161 3322 1380 3401 ἔνικμος
1439 3325 1516 3396 δὲ,
1575 3327 1625 3382 ἐν
1679 3334 1796 3392 τοῖς
1830 3329 2062 3404 βορείοις

408 3417 570 3494 ὀλίγη
635 3418 755 3492 μὶν,
813 3417 940 3474 ἀλλ’
989 3411 1231 3490 ἕνικμος.
1280 3417 1376 3472 Διά
1405 3417 1505 3493 γὰρ
1544 3417 1642 3486 τὴν
1672 3417 1826 3491 ψύξιν
1859 3413 2060 3494 ὄμϐροι

404 3505 658 3582 γίνονται,
709 3507 799 3562 καὶ
831 3505 921 3561 διὰ
965 3506 1028 3562 τὸ
1081 3500 1303 3580 ἕνικμον
1356 3513 1454 3576 τῆς
1482 3514 1583 3580 γῆς
1615 3504 1803 3576 πολλῆ
1854 3507 2061 3582 γίνεται

405 3599 441 3666 ἡ
493 3594 787 3668 καπνώδης
845 3595 1214 3670 ἀναθυμίασις,
1272 3593 1399 3650 ἀλλ’
1463 3595 1524 3650 οὐ
1587 3593 1676 3650 διὰ
1731 3596 1791 3650 τὸ
1849 3596 2062 3666 πλῆθος

405 3685 597 3756 αὐτῆς.
659 3687 844 3743 Ἔνθεν
902 3707 987 3741 τοι
1041 3684 1128 3740 καἲ
1186 3686 1238 3740 οἱ
1297 3683 1522 3764 σφοδροὶ
1573 3684 1762 3760 ἄνεμοι
1822 3686 1925 3741 απὸ
1956 3690 2062 3741 τῶν

403 3775 595 3831 νοτίων
661 3774 763 3830 εἶσὶ
816 3774 904 3830 καὶ
970 3779 1076 3831 τῶν
1137 3775 1397 3851 ἀρκτῴων
1461 3779 1662 3849 μερῶν,
1711 3775 1786 3839 ὡς
1839 3773 1896 3830 ἂν
1953 3776 2062 3831 ἐκεῖ

404 3864 702 3941 γινομένης
775 3862 998 3935 πολλῆς
1072 3862 1394 3927 καπνώδους
1481 3864 1914 3937 ἀναθυμιάσεως.
1975 3866 2059 3922 Ἐν

405 3953 512 4031 γὰρ
568 3957 636 4027 τῇ
695 3951 936 4026 ἀνατολῇ
996 3954 1083 4008 καὶ
1146 3951 1288 4008 δύσει
1324 3952 1385 4007 οὐ
1416 3952 1656 4029 γίνονται
1688 3950 1937 4029 σφοδροὶ,
1971 3955 2062 4008 ἅτε

403 4047 502 4100 τοῦ
559 4042 721 4113 ἡλίου
780 4039 1189 4105 ἐκδαπανῶντος
1247 4043 1347 4111 τήν
1383 4044 1554 4096 ἐκεῖσε
1608 4041 1903 4118 γενομένην
1936 4044 2059 4096 ἀνα-

405 4131 684 4204 θυμίασιν,
743 4132 834 4186 καὶ
883 4133 982 4186 οὐκ
1029 4130 1224 4192 ἐῶντος
1279 4132 1602 4200 ὑποστῆναι.
1651 4131 1952 4187 Καλοῦνται
2004 4130 2061 4186 δὲ

407 4221 462 4275 οἱ
515 4221 607 4283 μὲν
642 4221 747 4275 ἀπὸ
778 4227 879 4290 τῆς
908 4217 1106 4295 ἄρκτου
1144 4219 1351 4295 βορέαι,
1385 4221 1437 4275 o't
1469 4217 1526 4274 δέ
1552 4221 1657 4275 ἀπὸ
1693 4216 2058 4296 μεσημϐρίας,

405 4308 580 4367 νότοι.
627 4308 781 4367 Αΐτία
815 4306 871 4364 δέ
902 4309 1015 4363 ἐστι
1043 4316 1142 4378 τῆς
1191 4307 1356 4380 λοξῆς
1387 4312 1485 4363 τοῦ
1539 4308 1740 4381 ἀνέμου
1771 4311 2058 4382 κινήσεως,

405 4400 442 4469 ἠ
474 4403 572 4452 τοῦ
603 4400 803 4460 παντὸς
843 4395 1204 4473 κυκλοφορία,
1237 4398 1339 4467 τήν
1389 4395 1650 4468 καπνώδη
1704 4398 2058 4472 ἀναθυμίασιν

405 4485 645 4551 κάτωθεν
700 4487 956 4542 ἀνιοῦσαν
997 4486 1284 4559 πλανῶσα,
1332 4487 1421 4541 καὶ
1465 4483 1597 4560 τῇδε
1642 4486 1856 4542 κάκεῖσε
1907 4509 2062 4562 μεταο

409 4578 665 4657 φέρουσα.
719 4579 966 4632 Γίνονται
1002 4575 1059 4632 δὲ
1109 4578 1160 4632 οἱ
1197 4576 1401 4654 βόρειοι
1453 4576 1660 4648 ἐτησίαι
1693 4573 1880 4651 ἄνεμοι
1927 4579 2060 4652 μετά

2163 1992 2391 2048 incitati
2414 1999 2571 2064 sunt,
2595 1994 2697 2049 sed
2729 1993 3136 2049 violentissimi
3165 1993 3374 2048 boreas
3397 1996 3572 2063 atque
3593 1995 3809 2047 auster.

2166 2082 2452 2148 Quoniam
2508 2082 2787 2138 nimirum
2815 2083 2881 2136 ad
2934 2081 3453 2152 septentrionalem
3502 2083 3678 2150 atque
3709 2096 3810 2133 au-

2167 2171 2406 2226 stralem
2436 2171 2633 2242 polum
2681 2171 2778 2226 ubi
2821 2172 3027 2226 boreas
3077 2177 3132 2226 et
3179 2176 3378 2225 auster
3429 2170 3676 2240 spirant,
3727 2167 3814 2223 sol

2167 2259 2398 2331 longius
2431 2261 2642 2314 absens
2664 2257 2764 2314 illa
2792 2276 2908 2314 non
2940 2246 3225 2328 calefacit,
3248 2259 3331 2314 ita
3362 2263 3426 2313 ut
3450 2257 3660 2329 frigida
3691 2274 3815 2312 ma-

2169 2354 2383 2405 neant:
2421 2349 2748 2420 frigidaque
2771 2365 2904 2405 cum
2931 2350 3072 2418 sint,
3105 2365 3338 2418 semper
3386 2352 3525 2403 sunt
3555 2347 3820 2414 humida,

2169 2437 2460 2493 imbribus
2485 2437 2758 2509 plurimis
2789 2441 3026 2509 propter
3055 2436 3430 2508 frigiditatem
3476 2435 3557 2491 ibi
3607 2437 3819 2492 caden-

2168 2527 2349 2582 tibus.
2383 2526 2527 2581 Hinc
2562 2526 2840 2597 deinceps
2871 2529 3025 2580 terra
3057 2525 3391 2581 humectata
3418 2524 3632 2580 multos
3655 2526 3821 2581 emit-

2169 2615 2238 2670 tit
2269 2632 2510 2687 vapores
2541 2614 3080 2686 exhalationesque,
3115 2615 3270 2670 unde
3302 2615 3458 2670 venti
3507 2615 3818 2671 vehemen-

2165 2708 2254 2761 tes
2287 2710 2608 2761 nascuntur
2657 2705 2866 2760 boreas
2915 2708 3092 2776 atque
3155 2709 3374 2760 auster.
3437 2706 3507 2760 At
3557 2705 3716 2760 enim
3759 2705 3818 2759 in

2171 2794 2556 2852 orientalibus
2589 2799 2764 2867 atque
2802 2793 3264 2851 occidentalibus
3292 2794 3560 2866 partibus
3584 2810 3822 2849 versans

2172 2884 2258 2940 sol
2287 2901 2398 2940 non
2423 2884 2644 2957 patitur
2665 2883 2920 2940 multum
2951 2884 3137 2956 frigus
3163 2883 3308 2956 ﬁeri,
3329 2886 3484 2940 unde
3508 2899 3614 2940 nec
3639 2883 3821 2940 multa

2172 2974 2387 3047 pluvia,
2421 2990 2528 3030 nec
2587 2973 2754 3031 multi
2790 2990 3033 3046 vapores
3083 2976 3254 3044 atque
3304 2972 3703 3030 exhalationes
3751 2991 3820 3029 cx

2170 3068 2328 3120 terra
2357 3064 2568 3135 quippe
2601 3080 2713 3119 non
2749 3064 2891 3120 adeo
2923 3063 3283 3132 humectata,
3338 3064 3475 3119 hinc
3523 3081 3629 3120 nec
3659 3064 3817 3120 venti

2170 3154 2307 3209 inde
2355 3153 2672 3225 impetuosi
2720 3153 2968 3225 spirant.
3017 3156 3300 3208 Caeterum
3343 3155 3402 3208 in
3456 3153 3819 3210 australibus

2175 3242 2443 3315 partibus
2464 3241 2596 3313 plus
2627 3241 2865 3313 quidem
2898 3245 3062 3297 terras
3086 3243 3298 3311 est,sed
3326 3241 3523 3298 minus
3555 3242 3823 3313 humida,

2094 3301 2135 3368 C
2175 3301 2236 3386 at
2264 3330 2322 3384 in
2358 3301 2915 3400 septentrionalibus
2956 3347 3071 3386 non
3105 3301 3248 3385 adeo
3298 3329 3486 3386 multa
3514 3335 3603 3386 est
3649 3301 3824 3401 terra,

2171 3421 2267 3476 sed
2333 3421 2652 3474 admodum
2729 3420 2989 3475 humida.
3041 3425 3191 3474 Sane
3250 3438 3283 3475 a
3349 3420 3562 3491 frigore
3611 3420 3826 3474 imbres

2170 3510 2460 3577 oriuntur,
2495 3514 2552 3564 et
2585 3526 2617 3564 a
2648 3513 2814 3564 terrm
2846 3510 3195 3564 humiditate
3245 3526 3358 3564 non
3402 3509 3472 3564 ab
3523 3509 3828 3581 magnitu-

2171 3600 2304 3655 dine
2344 3599 2514 3654 multi
2569 3615 2812 3670 vapores
2865 3599 3179 3671 multaeque
3228 3598 3647 3654 exhalationes.
3677 3597 3825 3653 Hinc

2171 3691 2350 3745 etiam
2372 3689 2752 3743 vehementes
2782 3689 2934 3743 venti
2961 3706 3028 3744 ex
3085 3688 3442 3744 australibus
3465 3692 3522 3744 et
3572 3687 3825 3743 boreali-

2171 3778 2281 3834 bus
2325 3777 2570 3832 veniunt
2604 3777 2894 3850 partibus,
2943 3778 3094 3848 quod
3149 3778 3229 3832 ibi
3279 3778 3447 3832 multi
3479 3794 3724 3849 vapores
3756 3794 3823 3831 ex

2168 3870 2325 3923 terra
2355 3866 2648 3922 exhalant.
2684 3869 2746 3922 In
2807 3867 3025 3922 oriente
3049 3871 3238 3922 autem
3269 3871 3326 3921 et
3357 3866 3656 3922 occidente
3706 3883 3820 3921 non

2170 3955 2483 4012 suntventi
2506 3959 2628 4011 tam
2655 3955 2937 4027 immites,
2965 3956 3085 4012 sole
3111 3955 3393 4010 nimirum
3426 3971 3670 4026 vapores
3704 3955 3816 4010 ibi-

2170 4046 2302 4102 dem
2336 4045 2688 4117 prodeuntes
2720 4050 3105 4102 consumente
3144 4061 3249 4101 ncc
3273 4044 3647 4115 permittente
3677 4045 3815 4099 sub-

2170 4135 2396 4192 sistere.
2433 4139 2603 4190 Porro
2634 4139 2836 4192 ventos
2879 4136 2952 4191 ab
2983 4135 3383 4207 septentrione
3413 4133 3620 4190 ﬂantes
3650 4151 3821 4190 voca-

2171 4241 2304 4280 mus
2337 4225 2564 4295 boreas,
2602 4224 2673 4280 ab
2709 4224 2950 4280 meridie
2985 4229 3152 4280 notos
3203 4225 3322 4280 sive
3352 4227 3604 4280 austros.
3638 4229 3824 4280 Causa

2169 4313 2391 4386 obliqui
2415 4318 2722 4370 ventorum
2765 4318 2959 4370 motus
3022 4318 3111 4370 cst
3169 4313 3604 4370 circumrotatio
3666 4314 3824 4369 orbis

2170 4408 2484 4473 terrarum,
2525 4421 2650 4474 qua:
2674 4420 2918 4474 vapores
2949 4405 3224 4458 deorsum
3255 4403 3563 4458 tendentes
3593 4403 3829 4457 divertit

2169 4497 2228 4548 et
2249 4492 2362 4546 huc
2394 4491 2727 4562 atqueilluc
2785 4492 3084 4547 transfert.
3149 4493 3353 4547 Etesiis
3385 4491 3536 4547 venti
3577 4491 3824 4561 Septen-

2167 4580 2449 4637 trionales
2481 4581 2706 4651 spirant
2729 4586 2853 4651 post
2902 4581 3106 4652 viginti
3141 4581 3266 4635 dies
3299 4581 3370 4635 ab
3402 4580 3601 4635 aestivo
3632 4578 3825 4634 solsti-

408 4667 622 4744 ἡμέρας
676 4667 846 4721 εἴκοσι
903 4669 1002 4736 τῆς
1059 4668 1270 4741 θερινῆς
1326 4673 1560 4739 τροπῆς,
1620 4667 1752 4738 μετᾶ
1805 4668 1902 4737 τήν
1961 4666 2056 4723 τοῦ

2170 4670 2269 4736 tio,
2295 4675 2608 4740 ortumque
2640 4669 3088 4738 caniculaa,tune
3111 4670 3405 4741 siquidem
3439 4666 3650 4724 solutis
3683 4668 3826 4722 nivi-

407 4757 710 4832 κυνάστρου
768 4753 1051 4826 ἐπιτολήν.
1103 4759 1411 4825 Τηνικαῦτα
1439 4755 1540 4830 γάρ
1569 4761 1668 4824 τῆς
1702 4757 1887 4830 χιόνος
1938 4755 2063 4812 λυο-

413 4845 604 4917 μένης,
663 4843 903 4918 γίνοθται
961 4844 1118 4919 αὖραι
1176 4842 1384 4920 ψυχραὶ
1445 4842 1673 4917 βόρειοι,
1707 4841 1904 4907 α’ίτινες
1936 4844 2059 4917 ἐτη-

410 4932 519 4987 σίαι
570 4932 842 5008 λέγονται.
897 4931 1020 4989 Εῗσὶ
1076 4930 1133 4987 δὲ
1181 4933 1355 4987 νότιοι
1415 4931 1621 5002 ἐτησίαι
1683 4933 1758 4995 ὡς
1808 4934 1912 4988 ἀπὸ
1969 4940 2064 4990 τοῦ

407 5022 548 5098 πρὸς
598 5023 660 5077 τὸ
716 5028 818 5077 πᾶν
875 5021 1056 5077 νότου.
1092 5019 1216 5077 ἀλλ’
1247 5024 1386 5095 ἡμῖν
1417 5021 1819 5093 ἀνεπαίσθητοι.
1853 5023 1973 5080 Εἷ’σὶ
2012 5023 2067 5080 δὲ

405 5111 499 5167 καὶ
557 5111 661 5166 ἀπὸ
710 5115 807 5166 τοῦ
854 5112 970 5166 καθ’
1013 5113 1162 5184 ἡμᾶς
1213 5112 1370 5165 νότου
1420 5109 1627 5180 ἐτήσιοι
1660 5108 1871 5183 ἄνεμοι.
1906 5114 2066 5168 Οὗτοι

411 5199 472 5256 δὲ
507 5201 640 5274 μετά
660 5195 1042 5274 ἐϐδομήκοντα
1089 5199 1300 5273 ἡμέρας
1327 5198 1427 5269 τῆς
1480 5207 1805 5275 χειμερινῆς
1857 5209 2067 5276 τροπῆς

410 5287 674 5368 ἄρχονται
728 5296 904 5360 πνεῖν,
958 5294 1058 5344 τοῦ
1089 5288 1252 5361 ἡλίου
1284 5285 1440 5352 ὄντος
1473 5288 1522 5344 ἐν
1551 5290 1782 5366 Ἰχθύσι.
1833 5290 1928 5346 Καὶ
1959 5292 2065 5347 ἀπὸ

416 5382 512 5454 μὲν
535 5388 636 5450 τῆς
657 5381 978 5455 ἱσημερινῆς
1031 5377 1254 5450 δόσεως,
1306 5380 1486 5434 πνεῖὸ
1531 5381 1779 5458 ζέφυρος,
1839 5382 1942 5436 ἀπὸ
2010 5379 2068 5437 δὲ

409 5477 514 5540 τῆς
544 5468 876 5540 ἀνατολικῆς
908 5469 1198 5546 ἰσημερίας
1228 5474 1351 5524 πνεῖ
1378 5468 1726 5540 ἀπηλιώτης.
1779 5471 1881 5526 Καὶ
1914 5472 2066 5535 αὖθις

414 5560 646 5615 ἀπὸτοῦ
696 5560 954 5636 ἀρκτικοῦ
1007 5560 1100 5633 μὲν
1135 5556 1312 5614 πόλου
1359 5563 1483 5613 πνεῖ
1531 5559 1558 5612 ὀ
1607 5558 1924 5634 ἀπαρκτίας,
1958 5561 2064 5615 ἀπὸ

416 5647 475 5705 δὶ
527 5653 626 5704 τοῦ
670 5649 830 5704 νότου
889 5653 1012 5704 πνεῖ
1069 5649 1096 5703 6
1145 5647 1325 5711 νότος.
1379 5649 1473 5702 Καὶ
1509 5647 1670 5703 πάλιν
1705 5647 1808 5704 ἀπὸ
1845 5649 1936 5722 μὲν
1968 5656 2068 5719 τῆς

419 5740 637 5815 θερινῆς
680 5735 952 5810 ἀνατολῆς
985 5743 1109 5794 πνεῖ
1157 5740 1185 5794 6
1231 5737 1467 5806 καικίας,
1520 5737 1626 5793 ἀπὸ
1683 5735 1740 5794 δὲ
1790 5744 1890 5811 τῆς
1946 5759 2066 5815 χει-

2171 4759 2283 4814 bus
2307 4775 2458 4813 aurae
2491 4758 2713 4830 frigidae
2745 4758 2889 4814 ﬂant
2911 4759 3193 4824 boreales,
3219 4775 3367 4830 quas
3397 4758 3608 4813 etesias
3633 4757 3824 4829 appel-

2170 4847 2312 4902 lant.
2345 4848 2580 4918 Spirant
2609 4852 2667 4903 et
2696 4848 2982 4904 australes
3031 4848 3223 4903 etesia:
3265 4848 3336 4902 ab
3367 4846 3608 4902 australi
3659 4853 3823 4917 parte

2173 4937 2330 4992 orbis
2354 4942 2666 5003 terrarum,
2726 4938 2824 4993 sed
2861 4955 2958 4992 eas
3005 4955 3111 4992 nos
3142 4937 3437 5009 percipere
3466 4951 3581 4990 non
3610 4951 3824 5007 possu-

2175 5043 2328 5082 mus.
2391 5027 2642 5082 Veniunt
2691 5031 2887 5082 tamen
2946 5031 3000 5081 et
3046 5041 3115 5079 ex
3165 5030 3326 5096 parte
3377 5024 3622 5079 australi
3654 5023 3825 5080 nobis

2175 5115 2441 5186 propiore
2474 5116 2664 5170 ctesim
2698 5116 2981 5181 venti,sed
3017 5132 3143 5186 quas
3170 5119 3295 5185 post
3322 5115 3826 5186 septuagesimum

2175 5204 2327 5259 diem
2345 5223 2374 5259 τι
2391 5206 2601 5260 bruma
2618 5205 2735 5260 sive
2751 5205 2994 5260 hiberno
3014 5205 3266 5260 solstitio
3283 5203 3831 5279 incipiuntspirarc,

2176 5295 2411 5364 quando
2445 5294 2528 5349 sol
2556 5298 2644 5349 est
2696 5293 2754 5348 in
2787 5294 3074 5349 Piscibus.
3109 5294 3194 5348 Ab
3243 5293 3539 5349 occidente
3571 5295 3832 5366 aequino-

2177 5382 2332 5438 ctiali
2359 5384 2460 5438 flat
2489 5384 2879 5457 zephyrus,ab
2902 5384 3121 5440 oriente
3154 5382 3540 5456 aequinoctiali
3564 5385 3834 5440 subsola-

2178 5488 2334 5528 nus:
2379 5477 2554 5544 atque
2613 5491 2645 5528 a
2701 5475 3200 5546 septentrionibus
3251 5473 3370 5529 sive
3426 5473 3639 5529 arctico
3697 5473 3830 5546 polo

2178 5567 2491 5634 aparctias,
2525 5582 2557 5618 a
2591 5564 2832 5619 meridie
2864 5571 3081 5619 auster.
3134 5567 3218 5618 Ab
3278 5563 3499 5618 oriente
3531 5562 3824 5618 solstitiali

2177 5651 2374 5708 aestivo
2403 5654 2659 5723 caeciam,
2705 5672 2738 5709 a
2775 5654 3028 5709 brumali
3084 5669 3294 5708 occasu
3353 5652 3471 5706 liba
3520 5655 3744 5706 vocant.
3779 5653 3821 5704 A

2177 5741 2429 5799 brumali
2460 5743 2680 5800 oriente
2729 5744 2915 5817 spirat
2962 5759 3139 5800 eurus
3189 5741 3308 5798 sive
3357 5739 3689 5808 vulturnus,
3747 5739 3818 5792 ab
